  <div class='ocr_page' id='page_1' title='image "/cluster/home/n/w/nwhite01/storage/ocr_20150623/34/hvd.32044073501835/256.png"; bbox 0 0 4058 6194; ppageno 0'>
   <div class='ocr_carea' id='block_1_1' title="bbox 178 256 280 331">
    <p class='ocr_par' dir='ltr' id='par_1_1' title="bbox 178 256 280 331">
     <span class='ocr_line' id='line_1_1' title="bbox 178 256 280 331; baseline 0 -14"><span class='ocrx_word' id='word_1_1' title='bbox 178 256 280 331; x_wconf 65' lang='grc'><strong><em>493</em></strong></span> 
     </span>
    </p>
   </div>
   <div class='ocr_carea' id='block_1_2' title="bbox 1486 260 2279 344">
    <p class='ocr_par' dir='ltr' id='par_1_2' title="bbox 1486 260 2279 344">
     <span class='ocr_line' id='line_1_2' title="bbox 1486 260 2279 344; baseline -0.003 0"><span class='ocrx_word' id='word_1_2' title='bbox 1486 260 1834 344; x_wconf 56' lang='grc' dir='ltr'><strong><em>Ηρωῗνὲβς</em></strong></span> <span class='ocrx_word' id='word_1_3' title='bbox 1873 292 1949 341; x_wconf 48' lang='grc' dir='ltr'>τιν-κ</span> <span class='ocrx_word' id='word_1_4' title='bbox 1983 263 2158 343; x_wconf 66' lang='grc' dir='ltr'>ΗΟΜτ</span> <span class='ocrx_word' id='word_1_5' title='bbox 2198 265 2279 342; x_wconf 58' lang='lat' dir='ltr'><strong><em>Vt:</em></strong></span> 
     </span>
    </p>
   </div>
   <div class='ocr_carea' id='block_1_3' title="bbox 3435 279 3561 339">
    <p class='ocr_par' dir='ltr' id='par_1_3' title="bbox 3435 279 3561 339">
     <span class='ocr_line' id='line_1_3' title="bbox 3435 279 3561 339; baseline 0 0"><span class='ocrx_word' id='word_1_6' title='bbox 3435 279 3561 339; x_wconf 54' lang='grc'><strong><em>481</em></strong></span> 
     </span>
    </p>
   </div>
   <div class='ocr_carea' id='block_1_4' title="bbox 180 380 1797 475">
    <p class='ocr_par' dir='ltr' id='par_1_4' title="bbox 180 380 1777 459">
     <span class='ocr_line' id='line_1_4' title="bbox 180 380 1777 459; baseline 0.005 -26"><span class='ocrx_word' id='word_1_7' title='bbox 180 380 541 457; x_wconf 76' lang='grc' dir='ltr'>ἀπολύτρωσιν</span> <span class='ocrx_word' id='word_1_8' title='bbox 593 392 689 449; x_wconf 81' lang='grc' dir='ltr'>τῆς</span> <span class='ocrx_word' id='word_1_9' title='bbox 743 393 947 453; x_wconf 84' lang='grc' dir='ltr'>ιασεῶς,</span> <span class='ocrx_word' id='word_1_10' title='bbox 1010 387 1148 438; x_wconf 86' lang='grc' dir='ltr'>κατὰ</span> <span class='ocrx_word' id='word_1_11' title='bbox 1202 388 1290 438; x_wconf 91' lang='grc' dir='ltr'>τὸν</span> <span class='ocrx_word' id='word_1_12' title='bbox 1343 385 1501 440; x_wconf 85' lang='grc' dir='ltr'>αύτόν</span> <span class='ocrx_word' id='word_1_13' title='bbox 1553 386 1705 459; x_wconf 82' lang='grc' dir='ltr'>λόγον</span> <span class='ocrx_word' id='word_1_14' title='bbox 1764 405 1777 417; x_wconf 89' lang='grc'><strong>·</strong></span> 
     </span>
    </p>
   </div>
   <div class='ocr_carea' id='block_1_5' title="bbox 1913 380 3544 475">
    <p class='ocr_par' dir='ltr' id='par_1_5' title="bbox 1913 392 3544 475">
     <span class='ocr_line' id='line_1_5' title="bbox 1913 392 3544 475; baseline 0.01 -29"><span class='ocrx_word' id='word_1_15' title='bbox 1913 392 2283 459; x_wconf 78' lang='lat' dir='ltr'><strong><em>)erationem,</em></strong></span> <span class='ocrx_word' id='word_1_16' title='bbox 2299 395 2631 451; x_wconf 86' lang='lat' dir='ltr'><strong><em>secundum</em></strong></span> <span class='ocrx_word' id='word_1_17' title='bbox 2646 395 2803 452; x_wconf 92' lang='lat' dir='ltr'><strong><em>idem</em></strong></span> <span class='ocrx_word' id='word_1_18' title='bbox 2817 397 3071 455; x_wconf 89' lang='lat' dir='ltr'><strong><em>dictum:</em></strong></span> <span class='ocrx_word' id='word_1_19' title='bbox 3100 402 3334 469; x_wconf 85' lang='lat' dir='ltr'><strong><em>Quanto</em></strong></span> <span class='ocrx_word' id='word_1_20' title='bbox 3356 406 3544 475; x_wconf 86' lang='lat' dir='ltr'><strong><em>magis</em></strong></span> 
     </span>
    </p>
   </div>
   <div class='ocr_carea' id='block_1_6' title="bbox 181 473 1783 550">
    <p class='ocr_par' dir='ltr' id='par_1_6' title="bbox 181 473 1783 550">
     <span class='ocr_line' id='line_1_6' title="bbox 181 473 1783 550; baseline 0.004 -25"><span class='ocrx_word' id='word_1_21' title='bbox 181 478 366 543; x_wconf 80' lang='grc' dir='ltr'>Πόσῳ</span> <span class='ocrx_word' id='word_1_22' title='bbox 404 473 647 546; x_wconf 84' lang='grc' dir='ltr'>μᾶλλον</span> <span class='ocrx_word' id='word_1_23' title='bbox 686 476 713 527; x_wconf 94' lang='lat'><strong><em>6</em></strong></span> <span class='ocrx_word' id='word_1_24' title='bbox 754 475 1054 549; x_wconf 75' lang='grc' dir='ltr'>οὐράνιος</span> <span class='ocrx_word' id='word_1_25' title='bbox 1093 478 1315 550; x_wconf 78' lang='grc' dir='ltr'>Πάτὴρ</span> <span class='ocrx_word' id='word_1_26' title='bbox 1360 482 1512 537; x_wconf 79' lang='grc' dir='ltr'>ποιή</span> <span class='ocrx_word' id='word_1_27' title='bbox 1534 497 1634 531; x_wconf 85' lang='grc' dir='ltr'><strong><em>σει</em></strong></span> <span class='ocrx_word' id='word_1_28' title='bbox 1671 483 1783 538; x_wconf 72' lang='grc' dir='ltr'>τὴν</span> 
     </span>
    </p>
   </div>
   <div class='ocr_carea' id='block_1_7' title="bbox 180 558 1787 640">
    <p class='ocr_par' dir='ltr' id='par_1_7' title="bbox 180 558 1787 640">
     <span class='ocr_line' id='line_1_7' title="bbox 180 558 1787 640; baseline 0.005 -27"><span class='ocrx_word' id='word_1_29' title='bbox 180 558 526 620; x_wconf 77' lang='grc' dir='ltr'>ἰκδίκησιν</span> <span class='ocrx_word' id='word_1_30' title='bbox 563 571 681 615; x_wconf 84' lang='grc' dir='ltr'>τῶν</span> <span class='ocrx_word' id='word_1_31' title='bbox 739 562 1030 638; x_wconf 81' lang='grc' dir='ltr'>βοωντων</span> <span class='ocrx_word' id='word_1_32' title='bbox 1086 568 1239 637; x_wconf 89' lang='grc' dir='ltr'>πρὸς</span> <span class='ocrx_word' id='word_1_33' title='bbox 1300 569 1490 619; x_wconf 81' lang='grc' dir='ltr'>αὐτὸν</span> <span class='ocrx_word' id='word_1_34' title='bbox 1547 569 1787 640; x_wconf 84' lang='grc' dir='ltr'>ἡμέρας</span> 
     </span>
    </p>
   </div>
   <div class='ocr_carea' id='block_1_8' title="bbox 177 652 1785 729">
    <p class='ocr_par' dir='ltr' id='par_1_8' title="bbox 177 652 1785 729">
     <span class='ocr_line' id='line_1_8' title="bbox 177 652 1785 729; baseline 0.004 -28"><span class='ocrx_word' id='word_1_35' title='bbox 177 668 239 702; x_wconf 89' lang='grc' dir='ltr'><strong><em>τε</em></strong></span> <span class='ocrx_word' id='word_1_36' title='bbox 276 655 385 702; x_wconf 80' lang='grc' dir='ltr'>καὶ</span> <span class='ocrx_word' id='word_1_37' title='bbox 425 656 653 714; x_wconf 86' lang='grc' dir='ltr'>νυκτός</span> <span class='ocrx_word' id='word_1_38' title='bbox 679 671 695 723; x_wconf 84' lang='grc'>;</span> <span class='ocrx_word' id='word_1_39' title='bbox 722 657 812 705; x_wconf 80' lang='grc' dir='ltr'>καὶ</span> <span class='ocrx_word' id='word_1_40' title='bbox 834 652 1009 726; x_wconf 80' lang='grc' dir='ltr'>ἐπάγει</span> <span class='ocrx_word' id='word_1_41' title='bbox 1036 654 1218 725; x_wconf 78' lang='grc' dir='ltr'>λέγων,</span> <span class='ocrx_word' id='word_1_42' title='bbox 1260 656 1382 711; x_wconf 78' lang='grc' dir='ltr'><strong><em>Καὶ</em></strong></span> <span class='ocrx_word' id='word_1_43' title='bbox 1420 654 1576 727; x_wconf 80' lang='grc' dir='ltr'>λέγω</span> <span class='ocrx_word' id='word_1_44' title='bbox 1614 657 1785 729; x_wconf 80' lang='grc' dir='ltr'>ὑμῖν,</span> 
     </span>
    </p>
   </div>
   <div class='ocr_carea' id='block_1_9' title="bbox 177 738 1638 816">
    <p class='ocr_par' dir='ltr' id='par_1_9' title="bbox 177 738 1638 816">
     <span class='ocr_line' id='line_1_9' title="bbox 177 738 1638 816; baseline 0.006 -26"><span class='ocrx_word' id='word_1_45' title='bbox 177 744 445 797; x_wconf 74' lang='grc' dir='ltr'>ποιήσει</span> <span class='ocrx_word' id='word_1_46' title='bbox 484 744 595 799; x_wconf 80' lang='grc' dir='ltr'>τήν</span> <span class='ocrx_word' id='word_1_47' title='bbox 651 738 1001 801; x_wconf 73' lang='grc' dir='ltr'><strong><em>ἐκδίκησιν</em></strong></span> <span class='ocrx_word' id='word_1_48' title='bbox 1059 744 1264 796; x_wconf 88' lang='grc' dir='ltr'>αύτῶν</span> <span class='ocrx_word' id='word_1_49' title='bbox 1303 743 1360 796; x_wconf 82' lang='grc' dir='ltr'><strong><em>έν</em></strong></span> <span class='ocrx_word' id='word_1_50' title='bbox 1399 743 1597 816; x_wconf 81' lang='grc' dir='ltr'>τάχε”</span> <span class='ocrx_word' id='word_1_51' title='bbox 1625 762 1638 774; x_wconf 85' lang='grc'><em>’</em></span> 
     </span>
    </p>
   </div>
   <div class='ocr_carea' id='block_1_10' title="bbox 178 826 927 904">
    <p class='ocr_par' dir='ltr' id='par_1_10' title="bbox 178 826 927 904">
     <span class='ocr_line' id='line_1_10' title="bbox 178 826 927 904; baseline 0.007 -25"><span class='ocrx_word' id='word_1_52' title='bbox 178 827 330 880; x_wconf 74' lang='grc' dir='ltr'>πάλιν</span> <span class='ocrx_word' id='word_1_53' title='bbox 369 826 423 880; x_wconf 76' lang='grc' dir='ltr'>ἓν</span> <span class='ocrx_word' id='word_1_54' title='bbox 456 828 607 903; x_wconf 72' lang='grc' dir='ltr'>ἑτέρῳ</span> <span class='ocrx_word' id='word_1_55' title='bbox 638 836 880 904; x_wconf 84' lang='grc' dir='ltr'>παραινεῖ</span> <span class='ocrx_word' id='word_1_56' title='bbox 913 846 927 861; x_wconf 84' lang='grc'>⁹</span> 
     </span>
    </p>
   </div>
   <div class='ocr_carea' id='block_1_11' title="bbox 179 917 389 988">
    <p class='ocr_par' dir='ltr' id='par_1_11' title="bbox 179 917 389 988">
     <span class='ocr_line' id='line_1_11' title="bbox 179 917 389 988; baseline 0 -20"><span class='ocrx_word' id='word_1_57' title='bbox 179 917 323 988; x_wconf 80' lang='grc' dir='ltr'>ὑμῖν</span> <span class='ocrx_word' id='word_1_58' title='bbox 374 936 389 950; x_wconf 73' lang='grc' dir='ltr'><strong>ο</strong></span> 
     </span>
    </p>
   </div>
   <div class='ocr_carea' id='block_1_12' title="bbox 1698 765 1789 798">
    <p class='ocr_par' dir='ltr' id='par_1_12' title="bbox 1698 765 1789 798">
     <span class='ocr_line' id='line_1_12' title="bbox 1698 765 1789 798; baseline 0.011 -1"><span class='ocrx_word' id='word_1_59' title='bbox 1698 765 1789 798; x_wconf 88' lang='grc' dir='ltr'><strong><em>και</em></strong></span> 
     </span>
    </p>
   </div>
   <div class='ocr_carea' id='block_1_13' title="bbox 980 830 1790 891">
    <p class='ocr_par' dir='ltr' id='par_1_13' title="bbox 980 830 1790 891">
     <span class='ocr_line' id='line_1_13' title="bbox 980 830 1790 891; baseline -0.001 -5"><span class='ocrx_word' id='word_1_60' title='bbox 980 831 1237 886; x_wconf 84' lang='grc' dir='ltr'>Αἰτεῖτε</span> <span class='ocrx_word' id='word_1_61' title='bbox 1274 837 1381 885; x_wconf 84' lang='grc' dir='ltr'>καὶ</span> <span class='ocrx_word' id='word_1_62' title='bbox 1422 830 1790 891; x_wconf 74' lang='grc' dir='ltr'><strong><em>δοθήσεται</em></strong></span> 
     </span>
    </p>
   </div>
   <div class='ocr_carea' id='block_1_14' title="bbox 460 920 1790 994">
    <p class='ocr_par' dir='ltr' id='par_1_14' title="bbox 460 920 1790 994">
     <span class='ocr_line' id='line_1_14' title="bbox 460 920 1790 994; baseline 0.004 -24"><span class='ocrx_word' id='word_1_63' title='bbox 460 925 575 980; x_wconf 84' lang='grc' dir='ltr'>πᾶς</span> <span class='ocrx_word' id='word_1_64' title='bbox 640 922 761 994; x_wconf 81' lang='grc' dir='ltr'><strong><em>γὰρ</em></strong></span> <span class='ocrx_word' id='word_1_65' title='bbox 824 922 850 972; x_wconf 98' lang='lat'><strong><em>6</em></strong></span> <span class='ocrx_word' id='word_1_66' title='bbox 917 920 1111 973; x_wconf 88' lang='grc' dir='ltr'>αἰτῶν</span> <span class='ocrx_word' id='word_1_67' title='bbox 1178 920 1517 993; x_wconf 79' lang='grc' dir='ltr'>λαμϐάνει,</span> <span class='ocrx_word' id='word_1_68' title='bbox 1587 928 1696 975; x_wconf 78' lang='grc' dir='ltr'>καὶ</span> <span class='ocrx_word' id='word_1_69' title='bbox 1763 924 1790 975; x_wconf 89' lang='lat'><strong><em>6</em></strong></span> 
     </span>
    </p>
   </div>
   <div class='ocr_carea' id='block_1_15' title="bbox 180 1007 1793 1085">
    <p class='ocr_par' dir='ltr' id='par_1_15' title="bbox 180 1007 1793 1085">
     <span class='ocr_line' id='line_1_15' title="bbox 180 1007 1793 1085; baseline 0.004 -27"><span class='ocrx_word' id='word_1_70' title='bbox 180 1007 387 1067; x_wconf 78' lang='grc' dir='ltr'>ζητῶν</span> <span class='ocrx_word' id='word_1_71' title='bbox 449 1009 753 1083; x_wconf 89' lang='grc' dir='ltr'>εύρίσκει,</span> <span class='ocrx_word' id='word_1_72' title='bbox 796 1014 900 1062; x_wconf 76' lang='grc' dir='ltr'>καὶ</span> <span class='ocrx_word' id='word_1_73' title='bbox 950 1018 1032 1081; x_wconf 85' lang='grc' dir='ltr'>τῷ</span> <span class='ocrx_word' id='word_1_74' title='bbox 1070 1013 1381 1085; x_wconf 76' lang='grc' dir='ltr'>κρούοντι</span> <span class='ocrx_word' id='word_1_75' title='bbox 1443 1010 1793 1083; x_wconf 81' lang='grc' dir='ltr'>ἀνοιγήσε-</span> 
     </span>
    </p>
   </div>
   <div class='ocr_carea' id='block_1_16' title="bbox 180 1092 1789 1173">
    <p class='ocr_par' dir='ltr' id='par_1_16' title="bbox 180 1092 1789 1173">
     <span class='ocr_line' id='line_1_16' title="bbox 180 1092 1789 1173; baseline 0.003 -24"><span class='ocrx_word' id='word_1_76' title='bbox 180 1114 286 1149; x_wconf 88' lang='grc' dir='ltr'><strong><em>ται</em></strong></span> <span class='ocrx_word' id='word_1_77' title='bbox 343 1116 356 1128; x_wconf 93' lang='grc'><strong>·</strong></span> <span class='ocrx_word' id='word_1_78' title='bbox 418 1100 509 1149; x_wconf 83' lang='grc' dir='ltr'><strong><em>καὶ</em></strong></span> <span class='ocrx_word' id='word_1_79' title='bbox 565 1092 840 1161; x_wconf 82' lang='grc' dir='ltr'>διεξελθὼν</span> <span class='ocrx_word' id='word_1_80' title='bbox 895 1101 1141 1173; x_wconf 73' lang='grc' dir='ltr'>ἐπιφέρει,</span> <span class='ocrx_word' id='word_1_81' title='bbox 1219 1103 1406 1172; x_wconf 81' lang='grc' dir='ltr'>Πόσῳ</span> <span class='ocrx_word' id='word_1_82' title='bbox 1467 1099 1706 1173; x_wconf 86' lang='grc' dir='ltr'>μᾶλλον</span> <span class='ocrx_word' id='word_1_83' title='bbox 1764 1103 1789 1154; x_wconf 88' lang='lat'><strong><em>6</em></strong></span> 
     </span>
    </p>
   </div>
   <div class='ocr_carea' id='block_1_17' title="bbox 183 1185 1793 1261">
    <p class='ocr_par' dir='ltr' id='par_1_17' title="bbox 183 1185 1793 1261">
     <span class='ocr_line' id='line_1_17' title="bbox 183 1185 1793 1261; baseline 0.004 -24"><span class='ocrx_word' id='word_1_84' title='bbox 183 1188 397 1259; x_wconf 75' lang='grc' dir='ltr'>Πατὴρ</span> <span class='ocrx_word' id='word_1_85' title='bbox 437 1187 605 1257; x_wconf 76' lang='grc' dir='ltr'>ὑμῶν</span> <span class='ocrx_word' id='word_1_86' title='bbox 645 1187 671 1238; x_wconf 93' lang='lat'><strong><em>6</em></strong></span> <span class='ocrx_word' id='word_1_87' title='bbox 711 1188 1016 1260; x_wconf 70' lang='grc' dir='ltr'>οὐράνιος</span> <span class='ocrx_word' id='word_1_88' title='bbox 1056 1185 1259 1241; x_wconf 84' lang='grc' dir='ltr'>δώσει</span> <span class='ocrx_word' id='word_1_89' title='bbox 1300 1195 1562 1261; x_wconf 77' lang='grc' dir='ltr'><strong><em>Πνεῦμα</em></strong></span> <span class='ocrx_word' id='word_1_90' title='bbox 1599 1188 1793 1261; x_wconf 77' lang='grc' dir='ltr'>ἅγιον</span> 
     </span>
    </p>
   </div>
   <div class='ocr_carea' id='block_1_18' title="bbox 180 1274 1792 1349">
    <p class='ocr_par' dir='ltr' id='par_1_18' title="bbox 180 1274 1792 1349">
     <span class='ocr_line' id='line_1_18' title="bbox 180 1274 1792 1349; baseline 0.004 -25"><span class='ocrx_word' id='word_1_91' title='bbox 180 1280 320 1335; x_wconf 82' lang='grc' dir='ltr'>τοῖς</span> <span class='ocrx_word' id='word_1_92' title='bbox 358 1274 659 1328; x_wconf 82' lang='grc' dir='ltr'>αἰτοῦσιν</span> <span class='ocrx_word' id='word_1_93' title='bbox 691 1274 920 1330; x_wconf 77' lang='grc' dir='ltr'>αύτόνί</span> <span class='ocrx_word' id='word_1_94' title='bbox 953 1276 1148 1349; x_wconf 75' lang='grc' dir='ltr'>Ἀμην</span> <span class='ocrx_word' id='word_1_95' title='bbox 1182 1276 1343 1348; x_wconf 78' lang='grc' dir='ltr'>λέγω</span> <span class='ocrx_word' id='word_1_96' title='bbox 1382 1279 1553 1349; x_wconf 78' lang='grc' dir='ltr'>ὑμῖν,</span> <span class='ocrx_word' id='word_1_97' title='bbox 1594 1283 1645 1331; x_wconf 76' lang='grc' dir='ltr'><strong><em>εὶ</em></strong></span> <span class='ocrx_word' id='word_1_98' title='bbox 1683 1282 1792 1331; x_wconf 79' lang='grc' dir='ltr'>καὶ</span> 
     </span>
    </p>
   </div>
   <div class='ocr_carea' id='block_1_19' title="bbox 180 1357 1789 1438">
    <p class='ocr_par' dir='ltr' id='par_1_19' title="bbox 180 1357 1789 1438">
     <span class='ocr_line' id='line_1_19' title="bbox 180 1357 1789 1438; baseline 0.004 -26"><span class='ocrx_word' id='word_1_99' title='bbox 180 1357 398 1414; x_wconf 83' lang='grc' dir='ltr'>διὰτὸ</span> <span class='ocrx_word' id='word_1_100' title='bbox 459 1360 627 1416; x_wconf 88' lang='grc' dir='ltr'>εἰναι</span> <span class='ocrx_word' id='word_1_101' title='bbox 688 1363 873 1435; x_wconf 74' lang='grc' dir='ltr'>φίλον</span> <span class='ocrx_word' id='word_1_102' title='bbox 931 1364 1132 1418; x_wconf 78' lang='grc' dir='ltr'>αὐτοῦ</span> <span class='ocrx_word' id='word_1_103' title='bbox 1189 1369 1271 1438; x_wconf 81' lang='grc' dir='ltr'>μὴ</span> <span class='ocrx_word' id='word_1_104' title='bbox 1332 1361 1530 1419; x_wconf 83' lang='grc' dir='ltr'><strong><em>δὼσεὶ</em></strong></span> <span class='ocrx_word' id='word_1_105' title='bbox 1594 1365 1789 1437; x_wconf 79' lang='grc' dir='ltr'>αὐτῷ,</span> 
     </span>
    </p>
   </div>
   <div class='ocr_carea' id='block_1_20' title="bbox 176 1447 1791 1528">
    <p class='ocr_par' dir='ltr' id='par_1_20' title="bbox 176 1447 1791 1528">
     <span class='ocr_line' id='line_1_20' title="bbox 176 1447 1791 1528; baseline 0.002 -25"><span class='ocrx_word' id='word_1_106' title='bbox 176 1447 293 1503; x_wconf 77' lang='grc' dir='ltr'>διά</span> <span class='ocrx_word' id='word_1_107' title='bbox 353 1470 426 1523; x_wconf 90' lang='grc' dir='ltr'>γε</span> <span class='ocrx_word' id='word_1_108' title='bbox 487 1456 597 1510; x_wconf 78' lang='grc' dir='ltr'>τήν</span> <span class='ocrx_word' id='word_1_109' title='bbox 665 1449 1016 1507; x_wconf 81' lang='grc' dir='ltr'>ἀναίδειαν</span> <span class='ocrx_word' id='word_1_110' title='bbox 1090 1453 1279 1507; x_wconf 78' lang='grc' dir='ltr'>αὐτοῦ</span> <span class='ocrx_word' id='word_1_111' title='bbox 1347 1450 1554 1509; x_wconf 84' lang='grc' dir='ltr'>δώσει</span> <span class='ocrx_word' id='word_1_112' title='bbox 1618 1453 1791 1528; x_wconf 84' lang='grc' dir='ltr'>αυτῷ</span> 
     </span>
    </p>
   </div>
   <div class='ocr_carea' id='block_1_21' title="bbox 174 1538 989 1616">
    <p class='ocr_par' dir='ltr' id='par_1_21' title="bbox 174 1538 989 1616">
     <span class='ocr_line' id='line_1_21' title="bbox 174 1538 989 1616; baseline 0.005 -25"><span class='ocrx_word' id='word_1_113' title='bbox 174 1538 489 1605; x_wconf 72' lang='grc' dir='ltr'>ἀναστὰς,</span> <span class='ocrx_word' id='word_1_114' title='bbox 532 1542 684 1593; x_wconf 86' lang='grc' dir='ltr'>ὅσον</span> <span class='ocrx_word' id='word_1_115' title='bbox 722 1545 989 1616; x_wconf 72' lang='grc' dir='ltr'>χρῄζει.</span> 
     </span>
    </p>
   </div>
   <div class='ocr_carea' id='block_1_22' title="bbox 248 1644 1793 1723">
    <p class='ocr_par' dir='ltr' id='par_1_22' title="bbox 248 1644 1793 1723">
     <span class='ocr_line' id='line_1_22' title="bbox 248 1644 1793 1723; baseline 0.003 -24"><span class='ocrx_word' id='word_1_116' title='bbox 248 1645 350 1699; x_wconf 80' lang='lat' dir='ltr'><strong><em>KZ’</em></strong></span> <span class='ocrx_word' id='word_1_117' title='bbox 372 1644 629 1709; x_wconf 81' lang='grc' dir='ltr'>’Δναιδῶς</span> <span class='ocrx_word' id='word_1_118' title='bbox 654 1644 743 1700; x_wconf 81' lang='grc' dir='ltr'>οὖν</span> <span class='ocrx_word' id='word_1_119' title='bbox 764 1654 854 1701; x_wconf 84' lang='grc' dir='ltr'>καὶ</span> <span class='ocrx_word' id='word_1_120' title='bbox 880 1645 1250 1715; x_wconf 84' lang='grc' dir='ltr'>ἀδιαλείπτως,</span> <span class='ocrx_word' id='word_1_121' title='bbox 1279 1653 1368 1704; x_wconf 82' lang='grc' dir='ltr'>καὶ</span> <span class='ocrx_word' id='word_1_122' title='bbox 1390 1648 1793 1723; x_wconf 79' lang='grc' dir='ltr'>ἀπερικακήτως</span> 
     </span>
    </p>
   </div>
   <div class='ocr_carea' id='block_1_23' title="bbox 173 1735 1793 1813">
    <p class='ocr_par' dir='ltr' id='par_1_23' title="bbox 173 1735 1793 1813">
     <span class='ocr_line' id='line_1_23' title="bbox 173 1735 1793 1813; baseline 0.003 -26"><span class='ocrx_word' id='word_1_123' title='bbox 173 1735 337 1789; x_wconf 80' lang='grc' dir='ltr'>αἰτεῖν</span> <span class='ocrx_word' id='word_1_124' title='bbox 367 1738 513 1800; x_wconf 71' lang='grc' dir='ltr'>ἡμᾶς</span> <span class='ocrx_word' id='word_1_125' title='bbox 539 1741 633 1795; x_wconf 77' lang='grc' dir='ltr'>τὴν</span> <span class='ocrx_word' id='word_1_126' title='bbox 663 1739 787 1813; x_wconf 87' lang='grc' dir='ltr'>παρ’</span> <span class='ocrx_word' id='word_1_127' title='bbox 814 1738 975 1791; x_wconf 76' lang='grc' dir='ltr'>αὑτοῦ</span> <span class='ocrx_word' id='word_1_128' title='bbox 1000 1747 1097 1799; x_wconf 82' lang='grc' dir='ltr'>τῆς</span> <span class='ocrx_word' id='word_1_129' title='bbox 1123 1740 1344 1812; x_wconf 85' lang='grc' dir='ltr'>χάριτος</span> <span class='ocrx_word' id='word_1_130' title='bbox 1368 1738 1665 1811; x_wconf 66' lang='grc' dir='ltr'>ἀντίληψιν,</span> <span class='ocrx_word' id='word_1_131' title='bbox 1699 1735 1793 1792; x_wconf 81' lang='grc' dir='ltr'>διὰ</span> 
     </span>
    </p>
   </div>
   <div class='ocr_carea' id='block_1_24' title="bbox 172 1826 1793 1901">
    <p class='ocr_par' dir='ltr' id='par_1_24' title="bbox 172 1826 1793 1901">
     <span class='ocr_line' id='line_1_24' title="bbox 172 1826 1793 1901; baseline 0.002 -25"><span class='ocrx_word' id='word_1_132' title='bbox 172 1828 373 1877; x_wconf 81' lang='grc' dir='ltr'>τούτων</span> <span class='ocrx_word' id='word_1_133' title='bbox 403 1827 609 1878; x_wconf 83' lang='grc' dir='ltr'>πάντων</span> <span class='ocrx_word' id='word_1_134' title='bbox 637 1826 1010 1900; x_wconf 72' lang='grc' dir='ltr'>προετρέψατο.</span> <span class='ocrx_word' id='word_1_135' title='bbox 1051 1829 1145 1879; x_wconf 89' lang='grc' dir='ltr'>Διά</span> <span class='ocrx_word' id='word_1_136' title='bbox 1173 1829 1277 1901; x_wconf 79' lang='grc' dir='ltr'><strong><em>γὰρ</em></strong></span> <span class='ocrx_word' id='word_1_137' title='bbox 1311 1832 1431 1888; x_wconf 85' lang='grc' dir='ltr'>τούς</span> <span class='ocrx_word' id='word_1_138' title='bbox 1459 1827 1793 1901; x_wconf 84' lang='grc' dir='ltr'>ἁμαρτωλούς</span> 
     </span>
    </p>
   </div>
   <div class='ocr_carea' id='block_1_25' title="bbox 174 1910 1795 1988">
    <p class='ocr_par' dir='ltr' id='par_1_25' title="bbox 174 1910 1795 1988">
     <span class='ocr_line' id='line_1_25' title="bbox 174 1910 1795 1988; baseline 0.002 -24"><span class='ocrx_word' id='word_1_139' title='bbox 174 1910 349 1980; x_wconf 72' lang='grc' dir='ltr'>ἦλθεν,</span> <span class='ocrx_word' id='word_1_140' title='bbox 413 1915 497 1967; x_wconf 82' lang='grc' dir='ltr'>ἵνα</span> <span class='ocrx_word' id='word_1_141' title='bbox 562 1912 924 1987; x_wconf 69' lang='grc' dir='ltr'>ὶπιστρέψωσι</span> <span class='ocrx_word' id='word_1_142' title='bbox 989 1919 1119 1988; x_wconf 82' lang='grc' dir='ltr'>πρὸς</span> <span class='ocrx_word' id='word_1_143' title='bbox 1175 1915 1352 1982; x_wconf 76' lang='grc' dir='ltr'>αὐτὸν,</span> <span class='ocrx_word' id='word_1_144' title='bbox 1425 1922 1516 1970; x_wconf 84' lang='grc' dir='ltr'>καὶ</span> <span class='ocrx_word' id='word_1_145' title='bbox 1581 1916 1795 1975; x_wconf 88' lang='grc' dir='ltr'>ἰάσητοι</span> 
     </span>
    </p>
   </div>
   <div class='ocr_carea' id='block_1_26' title="bbox 170 2006 1795 2078">
    <p class='ocr_par' dir='ltr' id='par_1_26' title="bbox 170 2006 1795 2078">
     <span class='ocr_line' id='line_1_26' title="bbox 170 2006 1795 2078; baseline 0.002 -23"><span class='ocrx_word' id='word_1_146' title='bbox 170 2007 292 2063; x_wconf 68' lang='grc' dir='ltr'>τοὺς</span> <span class='ocrx_word' id='word_1_147' title='bbox 364 2006 706 2065; x_wconf 76' lang='grc' dir='ltr'>πιστεύοντας</span> <span class='ocrx_word' id='word_1_148' title='bbox 768 2006 909 2075; x_wconf 82' lang='grc' dir='ltr'>αὐτῷ</span> <span class='ocrx_word' id='word_1_149' title='bbox 941 2021 954 2035; x_wconf 91' lang='grc'><strong>·</strong></span> <span class='ocrx_word' id='word_1_150' title='bbox 1010 2010 1163 2077; x_wconf 88' lang='grc' dir='ltr'>μόνον</span> <span class='ocrx_word' id='word_1_151' title='bbox 1237 2006 1389 2078; x_wconf 79' lang='grc' dir='ltr'>ἡμεῖς</span> <span class='ocrx_word' id='word_1_152' title='bbox 1454 2014 1555 2058; x_wconf 86' lang='grc' dir='ltr'>τῶν</span> <span class='ocrx_word' id='word_1_153' title='bbox 1623 2014 1795 2063; x_wconf 81' lang='grc' dir='ltr'>κακῶν</span> 
     </span>
    </p>
   </div>
   <div class='ocr_carea' id='block_1_27' title="bbox 170 2100 1796 2176">
    <p class='ocr_par' dir='ltr' id='par_1_27' title="bbox 170 2100 1796 2176">
     <span class='ocr_line' id='line_1_27' title="bbox 170 2100 1796 2176; baseline 0.001 -23"><span class='ocrx_word' id='word_1_154' title='bbox 170 2100 487 2173; x_wconf 66' lang='grc' dir='ltr'>προλήψεων</span> <span class='ocrx_word' id='word_1_155' title='bbox 510 2100 891 2175; x_wconf 77' lang='grc' dir='ltr'>ἀποστήσωμεν</span> <span class='ocrx_word' id='word_1_156' title='bbox 912 2102 1146 2167; x_wconf 75' lang='grc' dir='ltr'>ἑαυτοὺς,</span> <span class='ocrx_word' id='word_1_157' title='bbox 1172 2104 1294 2156; x_wconf 87' lang='grc' dir='ltr'>ὅσον</span> <span class='ocrx_word' id='word_1_158' title='bbox 1315 2108 1372 2156; x_wconf 85' lang='grc' dir='ltr'>τό</span> <span class='ocrx_word' id='word_1_159' title='bbox 1400 2105 1449 2157; x_wconf 78' lang='grc' dir='ltr'><strong><em>ἰν</em></strong></span> <span class='ocrx_word' id='word_1_160' title='bbox 1476 2104 1601 2176; x_wconf 78' lang='grc' dir='ltr'>ἡμῖν</span> <span class='ocrx_word' id='word_1_161' title='bbox 1630 2100 1796 2156; x_wconf 83' lang='grc' dir='ltr'>δυνα-</span> 
     </span>
    </p>
   </div>
   <div class='ocr_carea' id='block_1_28' title="bbox 170 2188 1795 2264">
    <p class='ocr_par' dir='ltr' id='par_1_28' title="bbox 170 2188 1795 2264">
     <span class='ocr_line' id='line_1_28' title="bbox 170 2188 1795 2264; baseline 0.001 -23"><span class='ocrx_word' id='word_1_162' title='bbox 170 2194 286 2258; x_wconf 82' lang='grc' dir='ltr'>τὸν,</span> <span class='ocrx_word' id='word_1_163' title='bbox 312 2195 407 2242; x_wconf 75' lang='grc' dir='ltr'>καὶ</span> <span class='ocrx_word' id='word_1_164' title='bbox 458 2195 772 2264; x_wconf 81' lang='grc' dir='ltr'>μισήσωμεν</span> <span class='ocrx_word' id='word_1_165' title='bbox 803 2193 868 2244; x_wconf 84' lang='grc' dir='ltr'><strong><em>τὰ</em></strong></span> <span class='ocrx_word' id='word_1_166' title='bbox 896 2191 1067 2264; x_wconf 75' lang='grc' dir='ltr'>φαῦλα</span> <span class='ocrx_word' id='word_1_167' title='bbox 1113 2188 1531 2264; x_wconf 81' lang='grc' dir='ltr'>έπιτηδεύματα,</span> <span class='ocrx_word' id='word_1_168' title='bbox 1564 2198 1658 2245; x_wconf 80' lang='grc' dir='ltr'>καὶ</span> <span class='ocrx_word' id='word_1_169' title='bbox 1698 2195 1795 2256; x_wconf 82' lang='grc' dir='ltr'><strong><em>τὰς</em></strong></span> 
     </span>
    </p>
   </div>
   <div class='ocr_carea' id='block_1_29' title="bbox 167 2286 1794 2364">
    <p class='ocr_par' dir='ltr' id='par_1_29' title="bbox 167 2286 1794 2364">
     <span class='ocr_line' id='line_1_29' title="bbox 167 2286 1794 2364; baseline 0.002 -25"><span class='ocrx_word' id='word_1_170' title='bbox 167 2295 264 2340; x_wconf 81' lang='grc' dir='ltr'><strong><em>τοῦ</em></strong></span> <span class='ocrx_word' id='word_1_171' title='bbox 292 2293 502 2360; x_wconf 77' lang='grc' dir='ltr'>κόσμου</span> <span class='ocrx_word' id='word_1_172' title='bbox 551 2286 775 2356; x_wconf 82' lang='grc' dir='ltr'>ἀπάτας,</span> <span class='ocrx_word' id='word_1_173' title='bbox 816 2293 907 2343; x_wconf 83' lang='grc' dir='ltr'><strong><em>καὶ</em></strong></span> <span class='ocrx_word' id='word_1_174' title='bbox 938 2293 1059 2351; x_wconf 86' lang='grc' dir='ltr'>τοὺς</span> <span class='ocrx_word' id='word_1_175' title='bbox 1103 2294 1363 2364; x_wconf 84' lang='grc' dir='ltr'>πονηροὺς</span> <span class='ocrx_word' id='word_1_176' title='bbox 1400 2295 1490 2343; x_wconf 82' lang='grc' dir='ltr'><strong><em>καὶ</em></strong></span> <span class='ocrx_word' id='word_1_177' title='bbox 1527 2286 1794 2364; x_wconf 70' lang='grc' dir='ltr'><strong><em>ματαίους</em></strong></span> 
     </span>
    </p>
   </div>
   <div class='ocr_carea' id='block_1_30' title="bbox 167 2385 1792 2461">
    <p class='ocr_par' dir='ltr' id='par_1_30' title="bbox 167 2385 1792 2461">
     <span class='ocr_line' id='line_1_30' title="bbox 167 2385 1792 2461; baseline 0.004 -24"><span class='ocrx_word' id='word_1_178' title='bbox 167 2386 465 2458; x_wconf 75' lang='grc' dir='ltr'>λογισμοὺς</span> <span class='ocrx_word' id='word_1_179' title='bbox 496 2385 929 2461; x_wconf 77' lang='grc' dir='ltr'>ἀποστραφῶμεν,</span> <span class='ocrx_word' id='word_1_180' title='bbox 957 2392 1046 2441; x_wconf 80' lang='grc' dir='ltr'>καὶ</span> <span class='ocrx_word' id='word_1_181' title='bbox 1079 2389 1299 2441; x_wconf 87' lang='grc' dir='ltr'>πάντοτε</span> <span class='ocrx_word' id='word_1_182' title='bbox 1329 2391 1456 2458; x_wconf 87' lang='grc' dir='ltr'>πρὸς</span> <span class='ocrx_word' id='word_1_183' title='bbox 1487 2387 1644 2441; x_wconf 79' lang='grc' dir='ltr'>αὐτὸν</span> <span class='ocrx_word' id='word_1_184' title='bbox 1691 2390 1792 2446; x_wconf 81' lang='grc' dir='ltr'>ὅση</span> 
     </span>
    </p>
   </div>
   <div class='ocr_carea' id='block_1_31' title="bbox 169 2476 1794 2557">
    <p class='ocr_par' dir='ltr' id='par_1_31' title="bbox 169 2476 1794 2557">
     <span class='ocr_line' id='line_1_31' title="bbox 169 2476 1794 2557; baseline 0.002 -25"><span class='ocrx_word' id='word_1_185' title='bbox 169 2476 404 2552; x_wconf 69' lang='grc' dir='ltr'>δύναμις</span> <span class='ocrx_word' id='word_1_186' title='bbox 425 2482 897 2557; x_wconf 77' lang='grc' dir='ltr'>προσκολληθῶμεν</span> <span class='ocrx_word' id='word_1_187' title='bbox 923 2501 935 2514; x_wconf 81' lang='lat'>&#39;</span> <span class='ocrx_word' id='word_1_188' title='bbox 960 2489 1051 2538; x_wconf 81' lang='grc' dir='ltr'>καὶ</span> <span class='ocrx_word' id='word_1_189' title='bbox 1073 2484 1227 2546; x_wconf 82' lang='grc' dir='ltr'>αὐτὸς</span> <span class='ocrx_word' id='word_1_190' title='bbox 1246 2486 1424 2557; x_wconf 78' lang='grc' dir='ltr'>ἕτοιμο</span> <span class='ocrx_word' id='word_1_191' title='bbox 1438 2506 1459 2547; x_wconf 92' lang='grc' dir='ltr'><strong><em>ς</em></strong></span> <span class='ocrx_word' id='word_1_192' title='bbox 1478 2492 1643 2538; x_wconf 87' lang='grc' dir='ltr'>ποιεῖν</span> <span class='ocrx_word' id='word_1_193' title='bbox 1668 2486 1794 2557; x_wconf 76' lang='grc' dir='ltr'>ἡμῖν</span> 
     </span>
    </p>
   </div>
   <div class='ocr_carea' id='block_1_32' title="bbox 166 2579 1794 2656">
    <p class='ocr_par' dir='ltr' id='par_1_32' title="bbox 166 2579 1794 2656">
     <span class='ocr_line' id='line_1_32' title="bbox 166 2579 1794 2656; baseline 0.004 -26"><span class='ocrx_word' id='word_1_194' title='bbox 166 2582 267 2636; x_wconf 71' lang='grc' dir='ltr'>τὴν</span> <span class='ocrx_word' id='word_1_195' title='bbox 286 2580 412 2653; x_wconf 80' lang='grc' dir='ltr'>παρ’</span> <span class='ocrx_word' id='word_1_196' title='bbox 438 2579 602 2633; x_wconf 78' lang='grc' dir='ltr'>αὐτοῦ</span> <span class='ocrx_word' id='word_1_197' title='bbox 625 2581 893 2654; x_wconf 77' lang='grc' dir='ltr'>βοήθειαν.</span> <span class='ocrx_word' id='word_1_198' title='bbox 928 2582 1015 2645; x_wconf 84' lang='grc' dir='ltr'><strong><em>Εἰς</em></strong></span> <span class='ocrx_word' id='word_1_199' title='bbox 1036 2590 1187 2636; x_wconf 85' lang='grc' dir='ltr'>τοῦτο</span> <span class='ocrx_word' id='word_1_200' title='bbox 1208 2584 1309 2656; x_wconf 83' lang='grc' dir='ltr'><strong><em>γάρ</em></strong></span> <span class='ocrx_word' id='word_1_201' title='bbox 1340 2581 1481 2635; x_wconf 73' lang='grc' dir='ltr'>ἐστιν</span> <span class='ocrx_word' id='word_1_202' title='bbox 1507 2582 1675 2652; x_wconf 77' lang='grc' dir='ltr'>έλεῶν,</span> <span class='ocrx_word' id='word_1_203' title='bbox 1700 2602 1794 2651; x_wconf 63' lang='grc' dir='ltr'>καὶ</span> 
     </span>
    </p>
   </div>
   <div class='ocr_carea' id='block_1_33' title="bbox 170 2678 1794 2755">
    <p class='ocr_par' dir='ltr' id='par_1_33' title="bbox 170 2678 1794 2755">
     <span class='ocr_line' id='line_1_33' title="bbox 170 2678 1794 2755; baseline 0.003 -26"><span class='ocrx_word' id='word_1_204' title='bbox 170 2678 465 2742; x_wconf 74' lang='grc' dir='ltr'>ζωοποιῶν,</span> <span class='ocrx_word' id='word_1_205' title='bbox 504 2684 595 2732; x_wconf 82' lang='grc' dir='ltr'>καὶ</span> <span class='ocrx_word' id='word_1_206' title='bbox 639 2679 851 2751; x_wconf 80' lang='grc' dir='ltr'>ἰώμενος</span> <span class='ocrx_word' id='word_1_207' title='bbox 878 2683 942 2734; x_wconf 80' lang='grc' dir='ltr'>τὰ</span> <span class='ocrx_word' id='word_1_208' title='bbox 980 2679 1168 2735; x_wconf 77' lang='grc' dir='ltr'>ἀνίατα</span> <span class='ocrx_word' id='word_1_209' title='bbox 1194 2682 1362 2747; x_wconf 89' lang='grc' dir='ltr'>πάθη,</span> <span class='ocrx_word' id='word_1_210' title='bbox 1400 2686 1489 2734; x_wconf 81' lang='grc' dir='ltr'>καὶ.</span> <span class='ocrx_word' id='word_1_211' title='bbox 1527 2681 1794 2755; x_wconf 84' lang='grc' dir='ltr'>λύτρωσιν</span> 
     </span>
    </p>
   </div>
   <div class='ocr_carea' id='block_1_34' title="bbox 166 2776 1792 2853">
    <p class='ocr_par' dir='ltr' id='par_1_34' title="bbox 166 2776 1792 2853">
     <span class='ocr_line' id='line_1_34' title="bbox 166 2776 1792 2853; baseline 0.002 -25"><span class='ocrx_word' id='word_1_212' title='bbox 166 2784 331 2828; x_wconf 70' lang='grc' dir='ltr'>ποιῶν</span> <span class='ocrx_word' id='word_1_213' title='bbox 397 2783 513 2837; x_wconf 84' lang='grc' dir='ltr'>τοῖς</span> <span class='ocrx_word' id='word_1_214' title='bbox 594 2776 1010 2851; x_wconf 78' lang='grc' dir='ltr'>έπικαλουμένοις</span> <span class='ocrx_word' id='word_1_215' title='bbox 1062 2779 1216 2832; x_wconf 78' lang='grc' dir='ltr'>αὐτὸν</span> <span class='ocrx_word' id='word_1_216' title='bbox 1287 2783 1377 2831; x_wconf 81' lang='grc' dir='ltr'>καὶ</span> <span class='ocrx_word' id='word_1_217' title='bbox 1441 2781 1573 2853; x_wconf 86' lang='grc' dir='ltr'>πρὸς</span> <span class='ocrx_word' id='word_1_218' title='bbox 1632 2779 1792 2832; x_wconf 80' lang='grc' dir='ltr'>αὐτὸν</span> 
     </span>
    </p>
   </div>
   <div class='ocr_carea' id='block_1_35' title="bbox 168 2862 1794 2940">
    <p class='ocr_par' dir='ltr' id='par_1_35' title="bbox 168 2862 1794 2940">
     <span class='ocr_line' id='line_1_35' title="bbox 168 2862 1794 2940; baseline 0.002 -25"><span class='ocrx_word' id='word_1_219' title='bbox 168 2862 573 2937; x_wconf 65' lang='grc' dir='ltr'>ἐπιστρέφουσι,</span> <span class='ocrx_word' id='word_1_220' title='bbox 618 2868 799 2928; x_wconf 77' lang='grc' dir='ltr'>πάσης</span> <span class='ocrx_word' id='word_1_221' title='bbox 844 2876 1107 2940; x_wconf 75' lang='grc' dir='ltr'>κοσμικῆς</span> <span class='ocrx_word' id='word_1_222' title='bbox 1157 2867 1367 2939; x_wconf 83' lang='grc' dir='ltr'>ἀγάπης</span> <span class='ocrx_word' id='word_1_223' title='bbox 1417 2869 1517 2926; x_wconf 86' lang='grc' dir='ltr'>ὅση</span> <span class='ocrx_word' id='word_1_224' title='bbox 1564 2864 1794 2939; x_wconf 84' lang='grc' dir='ltr'>δύναμις</span> 
     </span>
    </p>
   </div>
   <div class='ocr_carea' id='block_1_36' title="bbox 167 2953 1794 3031">
    <p class='ocr_par' dir='ltr' id='par_1_36' title="bbox 167 2953 1794 3031">
     <span class='ocr_line' id='line_1_36' title="bbox 167 2953 1794 3031; baseline 0.002 -27"><span class='ocrx_word' id='word_1_225' title='bbox 167 2956 225 3004; x_wconf 73' lang='grc' dir='ltr'>ἑκ</span> <span class='ocrx_word' id='word_1_226' title='bbox 276 2953 568 3025; x_wconf 74' lang='grc' dir='ltr'>θελήματος</span> <span class='ocrx_word' id='word_1_227' title='bbox 612 2961 703 3008; x_wconf 77' lang='grc' dir='ltr'>καὶ</span> <span class='ocrx_word' id='word_1_228' title='bbox 761 2962 1108 3031; x_wconf 85' lang='grc' dir='ltr'>προαιρέσεως</span> <span class='ocrx_word' id='word_1_229' title='bbox 1152 2957 1516 3031; x_wconf 84' lang='grc' dir='ltr'>ἀναχωροῦσι,</span> <span class='ocrx_word' id='word_1_230' title='bbox 1567 2961 1657 3009; x_wconf 79' lang='grc' dir='ltr'>καὶ</span> <span class='ocrx_word' id='word_1_231' title='bbox 1700 2961 1794 3015; x_wconf 74' lang='grc' dir='ltr'>τὴν</span> 
     </span>
    </p>
   </div>
   <div class='ocr_carea' id='block_1_37' title="bbox 168 3038 1795 3119">
    <p class='ocr_par' dir='ltr' id='par_1_37' title="bbox 168 3038 1795 3119">
     <span class='ocr_line' id='line_1_37' title="bbox 168 3038 1795 3119; baseline 0.002 -25"><span class='ocrx_word' id='word_1_232' title='bbox 168 3038 415 3095; x_wconf 71' lang='grc' dir='ltr'>διάνοιαν</span> <span class='ocrx_word' id='word_1_233' title='bbox 445 3043 550 3096; x_wconf 78' lang='grc' dir='ltr'>ἀπὸ</span> <span class='ocrx_word' id='word_1_234' title='bbox 589 3052 691 3116; x_wconf 83' lang='grc' dir='ltr'>γῆς</span> <span class='ocrx_word' id='word_1_235' title='bbox 728 3045 961 3111; x_wconf 76' lang='grc' dir='ltr'>ἕλκουσι,</span> <span class='ocrx_word' id='word_1_236' title='bbox 992 3051 1082 3099; x_wconf 83' lang='grc' dir='ltr'>καὶ</span> <span class='ocrx_word' id='word_1_237' title='bbox 1127 3050 1258 3119; x_wconf 84' lang='grc' dir='ltr'>πρὸς</span> <span class='ocrx_word' id='word_1_238' title='bbox 1287 3046 1442 3099; x_wconf 77' lang='grc' dir='ltr'>αὐτὸν</span> <span class='ocrx_word' id='word_1_239' title='bbox 1488 3053 1551 3118; x_wconf 78' lang='grc' dir='ltr'>τῇ</span> <span class='ocrx_word' id='word_1_240' title='bbox 1608 3045 1795 3106; x_wconf 79' lang='grc' dir='ltr'>έπιζη-</span> 
     </span>
    </p>
   </div>
   <div class='ocr_carea' id='block_1_38' title="bbox 166 3143 1787 3218">
    <p class='ocr_par' dir='ltr' id='par_1_38' title="bbox 166 3143 1787 3218">
     <span class='ocr_line' id='line_1_38' title="bbox 166 3143 1787 3218; baseline 0.004 -26"><span class='ocrx_word' id='word_1_241' title='bbox 166 3145 325 3198; x_wconf 71' lang='grc' dir='ltr'>τήσει</span> <span class='ocrx_word' id='word_1_242' title='bbox 384 3146 479 3193; x_wconf 77' lang='grc' dir='ltr'>καὶ</span> <span class='ocrx_word' id='word_1_243' title='bbox 533 3144 848 3201; x_wconf 73' lang='grc' dir='ltr'>ἱπιποθήσει</span> <span class='ocrx_word' id='word_1_244' title='bbox 912 3143 1352 3218; x_wconf 76' lang='grc' dir='ltr'>ἀποκρεμαμένοις</span> <span class='ocrx_word' id='word_1_245' title='bbox 1382 3162 1396 3176; x_wconf 90' lang='grc'><strong>·</strong></span> <span class='ocrx_word' id='word_1_246' title='bbox 1471 3144 1497 3201; x_wconf 73' lang='grc' dir='ltr'>ἡ</span> <span class='ocrx_word' id='word_1_247' title='bbox 1567 3145 1787 3199; x_wconf 80' lang='grc' dir='ltr'>τοιαύτη</span> 
     </span>
    </p>
   </div>
   <div class='ocr_carea' id='block_1_39' title="bbox 167 3237 1795 3312">
    <p class='ocr_par' dir='ltr' id='par_1_39' title="bbox 167 3237 1795 3312">
     <span class='ocr_line' id='line_1_39' title="bbox 167 3237 1795 3312; baseline 0.001 -22"><span class='ocrx_word' id='word_1_248' title='bbox 167 3237 329 3309; x_wconf 68' lang='grc' dir='ltr'>’,ιυχή</span> <span class='ocrx_word' id='word_1_249' title='bbox 393 3246 489 3298; x_wconf 66' lang='grc' dir='ltr'>τῆς</span> <span class='ocrx_word' id='word_1_250' title='bbox 536 3240 658 3311; x_wconf 91' lang='grc' dir='ltr'>παρ’</span> <span class='ocrx_word' id='word_1_251' title='bbox 714 3240 877 3293; x_wconf 79' lang='grc' dir='ltr'>αὐτοῦ</span> <span class='ocrx_word' id='word_1_252' title='bbox 937 3240 1181 3312; x_wconf 77' lang='grc' dir='ltr'>βοηθείας</span> <span class='ocrx_word' id='word_1_253' title='bbox 1233 3239 1493 3307; x_wconf 82' lang='grc' dir='ltr'>ἀξιοῦται,</span> <span class='ocrx_word' id='word_1_254' title='bbox 1538 3242 1567 3299; x_wconf 84' lang='grc' dir='ltr'>ἡ</span> <span class='ocrx_word' id='word_1_255' title='bbox 1628 3241 1795 3293; x_wconf 90' lang='grc' dir='ltr'>πάντα</span> 
     </span>
    </p>
   </div>
   <div class='ocr_carea' id='block_1_40' title="bbox 170 3326 1795 3401">
    <p class='ocr_par' dir='ltr' id='par_1_40' title="bbox 170 3326 1795 3401">
     <span class='ocr_line' id='line_1_40' title="bbox 170 3326 1795 3401; baseline 0.001 -22"><span class='ocrx_word' id='word_1_256' title='bbox 170 3330 410 3399; x_wconf 79' lang='grc' dir='ltr'>περισσὰ</span> <span class='ocrx_word' id='word_1_257' title='bbox 458 3329 749 3399; x_wconf 73' lang='grc' dir='ltr'>ἡγουμένη,</span> <span class='ocrx_word' id='word_1_258' title='bbox 792 3334 883 3382; x_wconf 78' lang='grc' dir='ltr'>καὶ</span> <span class='ocrx_word' id='word_1_259' title='bbox 913 3328 997 3382; x_wconf 77' lang='grc' dir='ltr'>ἰπὶ</span> <span class='ocrx_word' id='word_1_260' title='bbox 1045 3326 1236 3401; x_wconf 82' lang='grc' dir='ltr'>μηδενὶ</span> <span class='ocrx_word' id='word_1_261' title='bbox 1279 3337 1372 3382; x_wconf 85' lang='grc' dir='ltr'><strong><em>τοῦ</em></strong></span> <span class='ocrx_word' id='word_1_262' title='bbox 1412 3332 1616 3401; x_wconf 83' lang='grc' dir='ltr'>κόσμου</span> <span class='ocrx_word' id='word_1_263' title='bbox 1667 3326 1795 3381; x_wconf 87' lang='grc' dir='ltr'>ἀνα-</span> 
     </span>
    </p>
   </div>
   <div class='ocr_carea' id='block_1_41' title="bbox 172 3423 1794 3498">
    <p class='ocr_par' dir='ltr' id='par_1_41' title="bbox 172 3423 1794 3498">
     <span class='ocr_line' id='line_1_41' title="bbox 172 3423 1794 3498; baseline 0.004 -25"><span class='ocrx_word' id='word_1_264' title='bbox 172 3442 450 3495; x_wconf 74' lang='grc' dir='ltr'>παυομενη</span> <span class='ocrx_word' id='word_1_265' title='bbox 499 3440 513 3453; x_wconf 89' lang='grc'><strong>·</strong></span> <span class='ocrx_word' id='word_1_266' title='bbox 550 3423 657 3477; x_wconf 81' lang='grc' dir='ltr'>ἀλλ’</span> <span class='ocrx_word' id='word_1_267' title='bbox 691 3426 763 3487; x_wconf 88' lang='grc' dir='ltr'><strong><em>εἰς</em></strong></span> <span class='ocrx_word' id='word_1_268' title='bbox 808 3431 899 3485; x_wconf 79' lang='grc' dir='ltr'>τὴν</span> <span class='ocrx_word' id='word_1_269' title='bbox 949 3426 1110 3479; x_wconf 78' lang='grc' dir='ltr'>αὐτοῦ</span> <span class='ocrx_word' id='word_1_270' title='bbox 1158 3426 1451 3479; x_wconf 75' lang='grc' dir='ltr'>ἀνάπαυσιν</span> <span class='ocrx_word' id='word_1_271' title='bbox 1510 3433 1606 3487; x_wconf 85' lang='grc' dir='ltr'>τῆς</span> <span class='ocrx_word' id='word_1_272' title='bbox 1658 3441 1794 3498; x_wconf 86' lang='grc' dir='ltr'>χρη·</span> 
     </span>
    </p>
   </div>
   <div class='ocr_carea' id='block_1_42' title="bbox 173 3511 1791 3591">
    <p class='ocr_par' dir='ltr' id='par_1_42' title="bbox 173 3511 1791 3591">
     <span class='ocr_line' id='line_1_42' title="bbox 173 3511 1791 3591; baseline 0.001 -26"><span class='ocrx_word' id='word_1_273' title='bbox 173 3519 442 3575; x_wconf 77' lang='grc' dir='ltr'>στοτητος</span> <span class='ocrx_word' id='word_1_274' title='bbox 509 3515 769 3574; x_wconf 68' lang='grc' dir='ltr'>ἀναπτῆναι</span> <span class='ocrx_word' id='word_1_275' title='bbox 824 3521 914 3569; x_wconf 76' lang='grc' dir='ltr'>καὶ</span> <span class='ocrx_word' id='word_1_276' title='bbox 972 3516 1319 3591; x_wconf 76' lang='grc' dir='ltr'>εὐφρανθῆναι</span> <span class='ocrx_word' id='word_1_277' title='bbox 1393 3511 1714 3587; x_wconf 77' lang='grc' dir='ltr'>έκδεχομένη</span> <span class='ocrx_word' id='word_1_278' title='bbox 1776 3530 1791 3547; x_wconf 81' lang='grc'><strong><em>⁸</em></strong></span> 
     </span>
    </p>
   </div>
   <div class='ocr_carea' id='block_1_43' title="bbox 173 3599 1795 3674">
    <p class='ocr_par' dir='ltr' id='par_1_43' title="bbox 173 3599 1795 3674">
     <span class='ocr_line' id='line_1_43' title="bbox 173 3599 1795 3674; baseline 0.002 -23"><span class='ocrx_word' id='word_1_279' title='bbox 173 3608 262 3655; x_wconf 77' lang='grc' dir='ltr'>καὶ</span> <span class='ocrx_word' id='word_1_280' title='bbox 302 3601 479 3664; x_wconf 77' lang='grc' dir='ltr'>οὕτως</span> <span class='ocrx_word' id='word_1_281' title='bbox 518 3599 614 3656; x_wconf 81' lang='grc' dir='ltr'>διὰ</span> <span class='ocrx_word' id='word_1_282' title='bbox 646 3611 740 3667; x_wconf 79' lang='grc' dir='ltr'>τῆς</span> <span class='ocrx_word' id='word_1_283' title='bbox 788 3608 1037 3668; x_wconf 80' lang='grc' dir='ltr'>τοιαύτης</span> <span class='ocrx_word' id='word_1_284' title='bbox 1076 3611 1300 3665; x_wconf 82' lang='grc' dir='ltr'>πίστεως</span> <span class='ocrx_word' id='word_1_285' title='bbox 1339 3606 1675 3674; x_wconf 73' lang='grc' dir='ltr'>ἓπιτυχοῦσα</span> <span class='ocrx_word' id='word_1_286' title='bbox 1705 3612 1795 3664; x_wconf 84' lang='grc' dir='ltr'>τῆς</span> 
     </span>
    </p>
   </div>
   <div class='ocr_carea' id='block_1_44' title="bbox 175 3689 1793 3769">
    <p class='ocr_par' dir='ltr' id='par_1_44' title="bbox 175 3689 1793 3769">
     <span class='ocr_line' id='line_1_44' title="bbox 175 3689 1793 3769; baseline 0.002 -28"><span class='ocrx_word' id='word_1_287' title='bbox 175 3689 495 3766; x_wconf 71' lang='grc' dir='ltr'>ἰπουρανίου</span> <span class='ocrx_word' id='word_1_288' title='bbox 566 3690 785 3769; x_wconf 83' lang='grc' dir='ltr'>δωρεᾶς,</span> <span class='ocrx_word' id='word_1_289' title='bbox 856 3699 945 3746; x_wconf 81' lang='grc' dir='ltr'>καὶ</span> <span class='ocrx_word' id='word_1_290' title='bbox 1004 3699 1098 3753; x_wconf 81' lang='grc' dir='ltr'>τὴν</span> <span class='ocrx_word' id='word_1_291' title='bbox 1169 3695 1450 3764; x_wconf 74' lang='grc' dir='ltr'>ἱπιθυμίαν</span> <span class='ocrx_word' id='word_1_292' title='bbox 1528 3692 1689 3753; x_wconf 77' lang='grc' dir='ltr'>αὐτῆς</span> <span class='ocrx_word' id='word_1_293' title='bbox 1745 3691 1793 3744; x_wconf 86' lang='grc' dir='ltr'><strong><em>έν</em></strong></span> 
     </span>
    </p>
   </div>
   <div class='ocr_carea' id='block_1_45' title="bbox 174 3778 1792 3857">
    <p class='ocr_par' dir='ltr' id='par_1_45' title="bbox 174 3778 1792 3857">
     <span class='ocr_line' id='line_1_45' title="bbox 174 3778 1792 3857; baseline 0.002 -28"><span class='ocrx_word' id='word_1_294' title='bbox 174 3780 513 3853; x_wconf 66' lang='grc' dir='ltr'>πληροφορίᾳ</span> <span class='ocrx_word' id='word_1_295' title='bbox 560 3778 655 3834; x_wconf 74' lang='grc' dir='ltr'><strong><em>δ’ιά</em></strong></span> <span class='ocrx_word' id='word_1_296' title='bbox 702 3792 792 3844; x_wconf 80' lang='grc' dir='ltr'>τῆς</span> <span class='ocrx_word' id='word_1_297' title='bbox 835 3785 1063 3857; x_wconf 85' lang='grc' dir='ltr'>χάριτος</span> <span class='ocrx_word' id='word_1_298' title='bbox 1112 3781 1485 3844; x_wconf 86' lang='grc' dir='ltr'>ἀναπαύσασα,</span> <span class='ocrx_word' id='word_1_299' title='bbox 1540 3785 1629 3834; x_wconf 87' lang='grc' dir='ltr'>καὶ</span> <span class='ocrx_word' id='word_1_300' title='bbox 1685 3781 1792 3833; x_wconf 86' lang='grc' dir='ltr'>λοι-</span> 
     </span>
    </p>
   </div>
   <div class='ocr_carea' id='block_1_46' title="bbox 178 3869 1795 3942">
    <p class='ocr_par' dir='ltr' id='par_1_46' title="bbox 178 3869 1795 3942">
     <span class='ocr_line' id='line_1_46' title="bbox 178 3869 1795 3942; baseline 0 -21"><span class='ocrx_word' id='word_1_301' title='bbox 178 3873 273 3921; x_wconf 75' lang='grc' dir='ltr'>πὸν</span> <span class='ocrx_word' id='word_1_302' title='bbox 328 3875 615 3941; x_wconf 75' lang='grc' dir='ltr'>συμφώνως</span> <span class='ocrx_word' id='word_1_303' title='bbox 661 3877 748 3925; x_wconf 71' lang='grc' dir='ltr'>καὶ</span> <span class='ocrx_word' id='word_1_304' title='bbox 794 3871 1091 3934; x_wconf 79' lang='grc' dir='ltr'>ἀκολούθως</span> <span class='ocrx_word' id='word_1_305' title='bbox 1122 3880 1194 3942; x_wconf 85' lang='grc' dir='ltr'>τῷ</span> <span class='ocrx_word' id='word_1_306' title='bbox 1235 3874 1495 3942; x_wconf 84' lang='grc' dir='ltr'>Πνεύματι</span> <span class='ocrx_word' id='word_1_307' title='bbox 1542 3877 1616 3941; x_wconf 85' lang='grc' dir='ltr'>τῷ</span> <span class='ocrx_word' id='word_1_308' title='bbox 1662 3869 1795 3941; x_wconf 81' lang='grc' dir='ltr'>ἁγίῳ</span> 
     </span>
    </p>
   </div>
   <div class='ocr_carea' id='block_1_47' title="bbox 181 3954 1796 4035">
    <p class='ocr_par' dir='ltr' id='par_1_47' title="bbox 181 3954 1796 4035">
     <span class='ocr_line' id='line_1_47' title="bbox 181 3954 1796 4035; baseline -0.001 -26"><span class='ocrx_word' id='word_1_309' title='bbox 181 3954 581 4024; x_wconf 73' lang='grc' dir='ltr'>διακονήσασα,</span> <span class='ocrx_word' id='word_1_310' title='bbox 633 3967 724 4014; x_wconf 85' lang='grc' dir='ltr'>καὶ</span> <span class='ocrx_word' id='word_1_311' title='bbox 794 3963 1053 4035; x_wconf 79' lang='grc' dir='ltr'>ὁσημέραι</span> <span class='ocrx_word' id='word_1_312' title='bbox 1107 3960 1180 4023; x_wconf 88' lang='grc' dir='ltr'><strong><em>εἰς</em></strong></span> <span class='ocrx_word' id='word_1_313' title='bbox 1243 3962 1302 4011; x_wconf 88' lang='grc' dir='ltr'>τὸ</span> <span class='ocrx_word' id='word_1_314' title='bbox 1356 3958 1552 4031; x_wconf 77' lang='grc' dir='ltr'>ἀγαθὸν</span> <span class='ocrx_word' id='word_1_315' title='bbox 1608 3961 1796 4029; x_wconf 86' lang='grc' dir='ltr'>προκό-</span> 
     </span>
    </p>
   </div>
   <div class='ocr_carea' id='block_1_48' title="bbox 181 4044 1789 4117">
    <p class='ocr_par' dir='ltr' id='par_1_48' title="bbox 181 4044 1789 4117">
     <span class='ocr_line' id='line_1_48' title="bbox 181 4044 1789 4117; baseline -0.001 -20"><span class='ocrx_word' id='word_1_316' title='bbox 181 4064 418 4112; x_wconf 78' lang='grc' dir='ltr'>πτουσα,</span> <span class='ocrx_word' id='word_1_317' title='bbox 451 4052 542 4100; x_wconf 76' lang='grc' dir='ltr'>καὶ</span> <span class='ocrx_word' id='word_1_318' title='bbox 573 4048 638 4109; x_wconf 84' lang='grc' dir='ltr'><strong><em>εἰς</em></strong></span> <span class='ocrx_word' id='word_1_319' title='bbox 667 4053 763 4107; x_wconf 72' lang='grc' dir='ltr'>τὴν</span> <span class='ocrx_word' id='word_1_320' title='bbox 792 4046 917 4102; x_wconf 77' lang='grc' dir='ltr'><strong><em>ὁδὸν</em></strong></span> <span class='ocrx_word' id='word_1_321' title='bbox 946 4056 1037 4109; x_wconf 85' lang='grc' dir='ltr'>τῆς</span> <span class='ocrx_word' id='word_1_322' title='bbox 1083 4044 1428 4108; x_wconf 80' lang='grc' dir='ltr'>δικαιοσύνης</span> <span class='ocrx_word' id='word_1_323' title='bbox 1475 4046 1789 4117; x_wconf 80' lang='grc' dir='ltr'>ἰμμένουσα,</span> 
     </span>
    </p>
   </div>
   <div class='ocr_carea' id='block_1_49' title="bbox 181 4132 1796 4210">
    <p class='ocr_par' dir='ltr' id='par_1_49' title="bbox 181 4132 1796 4210">
     <span class='ocr_line' id='line_1_49' title="bbox 181 4132 1796 4210; baseline 0.001 -24"><span class='ocrx_word' id='word_1_324' title='bbox 181 4141 270 4187; x_wconf 78' lang='grc' dir='ltr'>καὶ</span> <span class='ocrx_word' id='word_1_325' title='bbox 325 4135 398 4198; x_wconf 88' lang='grc' dir='ltr'><strong><em>εἰς</em></strong></span> <span class='ocrx_word' id='word_1_326' title='bbox 447 4140 506 4188; x_wconf 87' lang='grc' dir='ltr'>τὸ</span> <span class='ocrx_word' id='word_1_327' title='bbox 558 4138 700 4199; x_wconf 84' lang='grc' dir='ltr'>τέλος</span> <span class='ocrx_word' id='word_1_328' title='bbox 753 4140 1018 4210; x_wconf 77' lang='grc' dir='ltr'>ἄκαμπτος</span> <span class='ocrx_word' id='word_1_329' title='bbox 1064 4142 1154 4189; x_wconf 80' lang='grc' dir='ltr'><strong><em>καὶ</em></strong></span> <span class='ocrx_word' id='word_1_330' title='bbox 1206 4132 1574 4195; x_wconf 83' lang='grc' dir='ltr'>ἀσυνδύαστος</span> <span class='ocrx_word' id='word_1_331' title='bbox 1625 4132 1700 4195; x_wconf 87' lang='grc' dir='ltr'><strong><em>εἰς</em></strong></span> <span class='ocrx_word' id='word_1_332' title='bbox 1738 4136 1796 4185; x_wconf 86' lang='grc' dir='ltr'>τὸ</span> 
     </span>
    </p>
   </div>
   <div class='ocr_carea' id='block_1_50' title="bbox 182 4218 1797 4300">
    <p class='ocr_par' dir='ltr' id='par_1_50' title="bbox 182 4218 1797 4300">
     <span class='ocr_line' id='line_1_50' title="bbox 182 4218 1797 4300; baseline -0.001 -24"><span class='ocrx_word' id='word_1_333' title='bbox 182 4230 383 4286; x_wconf 70' lang='grc' dir='ltr'>κακίας</span> <span class='ocrx_word' id='word_1_334' title='bbox 427 4230 579 4299; x_wconf 84' lang='grc' dir='ltr'>μέρος</span> <span class='ocrx_word' id='word_1_335' title='bbox 625 4224 963 4300; x_wconf 83' lang='grc' dir='ltr'>διαμείνασα,</span> <span class='ocrx_word' id='word_1_336' title='bbox 1014 4231 1104 4278; x_wconf 79' lang='grc' dir='ltr'>καὶ</span> <span class='ocrx_word' id='word_1_337' title='bbox 1155 4230 1250 4284; x_wconf 77' lang='grc' dir='ltr'>τὴν</span> <span class='ocrx_word' id='word_1_338' title='bbox 1296 4228 1459 4297; x_wconf 89' lang='grc' dir='ltr'>χάριν</span> <span class='ocrx_word' id='word_1_339' title='bbox 1508 4222 1557 4275; x_wconf 80' lang='grc' dir='ltr'><strong><em>έν</em></strong></span> <span class='ocrx_word' id='word_1_340' title='bbox 1609 4218 1797 4294; x_wconf 84' lang='grc' dir='ltr'>μηδενὶ</span> 
     </span>
    </p>
   </div>
   <div class='ocr_carea' id='block_1_51' title="bbox 1897 481 3548 551">
    <p class='ocr_par' dir='ltr' id='par_1_51' title="bbox 1897 481 3548 551">
     <span class='ocr_line' id='line_1_51' title="bbox 1897 481 3548 551; baseline 0.01 -18"><span class='ocrx_word' id='word_1_341' title='bbox 1897 481 2078 536; x_wconf 84' lang='lat' dir='ltr'><strong><em>Pater</em></strong></span> <span class='ocrx_word' id='word_1_342' title='bbox 2088 482 2339 538; x_wconf 67' lang='lat' dir='ltr'><strong><em>calestis</em></strong></span> <span class='ocrx_word' id='word_1_343' title='bbox 2348 483 2528 549; x_wconf 79' lang='lat' dir='ltr'><strong><em>faciet</em></strong></span> <span class='ocrx_word' id='word_1_344' title='bbox 2545 484 2873 543; x_wconf 75' lang='lat' dir='ltr'><strong><em>vindictam</em></strong></span> <span class='ocrx_word' id='word_1_345' title='bbox 2888 489 3275 547; x_wconf 79' lang='lat' dir='ltr'><strong><em>clamantium</em></strong></span> <span class='ocrx_word' id='word_1_346' title='bbox 3289 492 3369 547; x_wconf 91' lang='lat' dir='ltr'><strong><em>ad</em></strong></span> <span class='ocrx_word' id='word_1_347' title='bbox 3380 508 3439 549; x_wconf 89' lang='lat' dir='ltr'><strong><em>se</em></strong></span> <span class='ocrx_word' id='word_1_348' title='bbox 3450 494 3548 551; x_wconf 90' lang='lat' dir='ltr'><strong><em>die</em></strong></span> 
     </span>
    </p>
   </div>
   <div class='ocr_carea' id='block_1_52' title="bbox 1895 570 3547 645">
    <p class='ocr_par' dir='ltr' id='par_1_52' title="bbox 1895 570 3547 645">
     <span class='ocr_line' id='line_1_52' title="bbox 1895 570 3547 645; baseline 0.008 -22"><span class='ocrx_word' id='word_1_349' title='bbox 1895 583 1966 623; x_wconf 88' lang='lat' dir='ltr'><strong><em>ac</em></strong></span> <span class='ocrx_word' id='word_1_350' title='bbox 1990 575 2159 625; x_wconf 87' lang='lat' dir='ltr'><strong><em>nocte</em></strong></span> <span class='ocrx_word' id='word_1_351' title='bbox 2186 570 2215 623; x_wconf 74' lang='lat' dir='ltr'><strong><em>i’</em></strong></span> <span class='ocrx_word' id='word_1_352' title='bbox 2243 572 2306 624; x_wconf 87' lang='lat' dir='ltr'><strong><em>Et</em></strong></span> <span class='ocrx_word' id='word_1_353' title='bbox 2332 570 2558 637; x_wconf 81' lang='lat' dir='ltr'><strong><em>subdit,</em></strong></span> <span class='ocrx_word' id='word_1_354' title='bbox 2582 573 2790 629; x_wconf 91' lang='lat' dir='ltr'><strong><em>dicens</em></strong></span> <span class='ocrx_word' id='word_1_355' title='bbox 2814 591 2826 628; x_wconf 92' lang='lat'><strong><em>:</em></strong></span> <span class='ocrx_word' id='word_1_356' title='bbox 2864 575 3035 633; x_wconf 88' lang='lat' dir='ltr'><strong><em>Certe</em></strong></span> <span class='ocrx_word' id='word_1_357' title='bbox 3059 579 3192 634; x_wconf 82' lang='lat' dir='ltr'><strong><em>dico</em></strong></span> <span class='ocrx_word' id='word_1_358' title='bbox 3220 579 3401 645; x_wconf 82' lang='lat' dir='ltr'><strong><em>vobis,</em></strong></span> <span class='ocrx_word' id='word_1_359' title='bbox 3430 581 3547 638; x_wconf 88' lang='lat' dir='ltr'><strong><em>cito</em></strong></span> 
     </span>
    </p>
   </div>
   <div class='ocr_carea' id='block_1_53' title="bbox 1893 656 3548 726">
    <p class='ocr_par' dir='ltr' id='par_1_53' title="bbox 1893 656 3548 726">
     <span class='ocr_line' id='line_1_53' title="bbox 1893 656 3548 726; baseline 0.008 -14"><span class='ocrx_word' id='word_1_360' title='bbox 1893 656 2076 726; x_wconf 80' lang='lat' dir='ltr'><strong><em>faciet</em></strong></span> <span class='ocrx_word' id='word_1_361' title='bbox 2098 657 2416 715; x_wconf 85' lang='lat' dir='ltr'><strong><em>vindictam</em></strong></span> <span class='ocrx_word' id='word_1_362' title='bbox 2438 660 2684 717; x_wconf 83' lang='lat' dir='ltr'><strong><em>illorum</em></strong></span> <span class='ocrx_word' id='word_1_363' title='bbox 2706 662 2776 716; x_wconf 69' lang='lat'><strong><em>‘9.</em></strong></span> <span class='ocrx_word' id='word_1_364' title='bbox 2803 666 2866 718; x_wconf 91' lang='lat' dir='ltr'><strong><em>Et</em></strong></span> <span class='ocrx_word' id='word_1_365' title='bbox 2892 681 3130 721; x_wconf 86' lang='lat' dir='ltr'><strong><em>rursum</em></strong></span> <span class='ocrx_word' id='word_1_366' title='bbox 3155 667 3296 723; x_wconf 82' lang='lat' dir='ltr'>alibi</span> <span class='ocrx_word' id='word_1_367' title='bbox 3326 669 3548 725; x_wconf 90' lang='lat' dir='ltr'><strong><em>adhor-</em></strong></span> 
     </span>
    </p>
   </div>
   <div class='ocr_carea' id='block_1_54' title="bbox 1898 747 3545 828">
    <p class='ocr_par' dir='ltr' id='par_1_54' title="bbox 1898 747 3545 828">
     <span class='ocr_line' id='line_1_54' title="bbox 1898 747 3545 828; baseline 0.008 -29"><span class='ocrx_word' id='word_1_368' title='bbox 1898 751 2055 800; x_wconf 80' lang='lat' dir='ltr'><strong>tatur</strong></span> <span class='ocrx_word' id='word_1_369' title='bbox 2082 762 2095 800; x_wconf 89' lang='lat'>:</span> <span class='ocrx_word' id='word_1_370' title='bbox 2119 747 2309 804; x_wconf 86' lang='lat' dir='ltr'><strong><em>Petite</em></strong></span> <span class='ocrx_word' id='word_1_371' title='bbox 2328 756 2379 804; x_wconf 91' lang='lat' dir='ltr'><strong><em>et</em></strong></span> <span class='ocrx_word' id='word_1_372' title='bbox 2398 750 2641 806; x_wconf 78' lang='lat' dir='ltr'><strong><em>dabitur</em></strong></span> <span class='ocrx_word' id='word_1_373' title='bbox 2654 751 2833 806; x_wconf 86' lang='lat' dir='ltr'><strong><em>vobis.</em></strong></span> <span class='ocrx_word' id='word_1_374' title='bbox 2851 753 3052 810; x_wconf 87' lang='lat' dir='ltr'><strong><em>Omnis</em></strong></span> <span class='ocrx_word' id='word_1_375' title='bbox 3077 756 3228 812; x_wconf 90' lang='lat' dir='ltr'><strong><em>enim</em></strong></span> <span class='ocrx_word' id='word_1_376' title='bbox 3251 758 3357 828; x_wconf 82' lang='lat' dir='ltr'><strong><em>qui</em></strong></span> <span class='ocrx_word' id='word_1_377' title='bbox 3376 758 3545 825; x_wconf 81' lang='lat' dir='ltr'><strong><em>petit,</em></strong></span> 
     </span>
    </p>
   </div>
   <div class='ocr_carea' id='block_1_55' title="bbox 1898 834 3544 912">
    <p class='ocr_par' dir='ltr' id='par_1_55' title="bbox 1898 834 3544 912">
     <span class='ocr_line' id='line_1_55' title="bbox 1898 834 3544 912; baseline 0.008 -24"><span class='ocrx_word' id='word_1_378' title='bbox 1898 834 2196 903; x_wconf 86' lang='lat' dir='ltr'><strong><em>accipit,et</em></strong></span> <span class='ocrx_word' id='word_1_379' title='bbox 2208 839 2313 907; x_wconf 88' lang='lat' dir='ltr'><strong><em>qui</em></strong></span> <span class='ocrx_word' id='word_1_380' title='bbox 2322 838 2556 908; x_wconf 60' lang='lat' dir='ltr'><strong><em>quarit,</em></strong></span> <span class='ocrx_word' id='word_1_381' title='bbox 2569 838 2874 901; x_wconf 83' lang='lat' dir='ltr'><strong><em>invenit,et</em></strong></span> <span class='ocrx_word' id='word_1_382' title='bbox 2886 842 3154 909; x_wconf 79' lang='lat' dir='ltr'><strong><em>pulsanti</em></strong></span> <span class='ocrx_word' id='word_1_383' title='bbox 3163 848 3472 912; x_wconf 81' lang='lat' dir='ltr'><strong><em>aperietur</em></strong></span> <span class='ocrx_word' id='word_1_384' title='bbox 3484 849 3544 901; x_wconf 79' lang='grc' dir='ltr'><strong><em>⁸ο.</em></strong></span> 
     </span>
    </p>
   </div>
   <div class='ocr_carea' id='block_1_56' title="bbox 1902 924 3549 1003">
    <p class='ocr_par' dir='ltr' id='par_1_56' title="bbox 1902 924 3549 1003">
     <span class='ocr_line' id='line_1_56' title="bbox 1902 924 3549 1003; baseline 0.009 -26"><span class='ocrx_word' id='word_1_385' title='bbox 1902 925 1963 977; x_wconf 88' lang='lat' dir='ltr'><strong><em>Et</em></strong></span> <span class='ocrx_word' id='word_1_386' title='bbox 1976 924 2223 995; x_wconf 85' lang='lat' dir='ltr'><strong><em>paulum</em></strong></span> <span class='ocrx_word' id='word_1_387' title='bbox 2244 941 2597 994; x_wconf 86' lang='lat' dir='ltr'><strong><em>progressus</em></strong></span> <span class='ocrx_word' id='word_1_388' title='bbox 2610 928 2743 998; x_wconf 87' lang='lat' dir='ltr'><strong><em>subj</em></strong></span> <span class='ocrx_word' id='word_1_389' title='bbox 2751 929 2874 987; x_wconf 88' lang='lat' dir='ltr'><strong><em>icit:</em></strong></span> <span class='ocrx_word' id='word_1_390' title='bbox 2902 930 3135 996; x_wconf 81' lang='lat' dir='ltr'><strong><em>Quanto</em></strong></span> <span class='ocrx_word' id='word_1_391' title='bbox 3150 936 3341 1003; x_wconf 84' lang='lat' dir='ltr'><strong><em>magis</em></strong></span> <span class='ocrx_word' id='word_1_392' title='bbox 3365 936 3549 992; x_wconf 86' lang='lat' dir='ltr'><strong><em>Pater</em></strong></span> 
     </span>
    </p>
   </div>
   <div class='ocr_carea' id='block_1_57' title="bbox 1900 1014 3547 1089">
    <p class='ocr_par' dir='ltr' id='par_1_57' title="bbox 1900 1014 3547 1089">
     <span class='ocr_line' id='line_1_57' title="bbox 1900 1014 3547 1089; baseline 0.008 -22"><span class='ocrx_word' id='word_1_393' title='bbox 1900 1016 2087 1068; x_wconf 83' lang='lat' dir='ltr'><strong><em>vester</em></strong></span> <span class='ocrx_word' id='word_1_394' title='bbox 2105 1014 2351 1069; x_wconf 64' lang='lat' dir='ltr'><strong><em>caelestis</em></strong></span> <span class='ocrx_word' id='word_1_395' title='bbox 2377 1016 2542 1070; x_wconf 86' lang='lat' dir='ltr'><strong><em>dabit</em></strong></span> <span class='ocrx_word' id='word_1_396' title='bbox 2566 1016 2858 1086; x_wconf 82' lang='lat' dir='ltr'><strong><em>Spiritum</em></strong></span> <span class='ocrx_word' id='word_1_397' title='bbox 2879 1026 3149 1076; x_wconf 85' lang='lat' dir='ltr'><strong><em>sanctum</em></strong></span> <span class='ocrx_word' id='word_1_398' title='bbox 3174 1024 3547 1089; x_wconf 80' lang='lat' dir='ltr'><strong><em>poscentibus</em></strong></span> 
     </span>
    </p>
   </div>
   <div class='ocr_carea' id='block_1_58' title="bbox 1899 1102 3550 1183">
    <p class='ocr_par' dir='ltr' id='par_1_58' title="bbox 1899 1102 3550 1183">
     <span class='ocr_line' id='line_1_58' title="bbox 1899 1102 3550 1183; baseline 0.008 -28"><span class='ocrx_word' id='word_1_399' title='bbox 1899 1116 2026 1156; x_wconf 88' lang='lat' dir='ltr'><strong><em>eum</em></strong></span> <span class='ocrx_word' id='word_1_400' title='bbox 2042 1102 2086 1136; x_wconf 73' lang='grc'>⁶¹</span> <span class='ocrx_word' id='word_1_401' title='bbox 2115 1102 2142 1157; x_wconf 87' lang='lat'><strong>?</strong></span> <span class='ocrx_word' id='word_1_402' title='bbox 2161 1104 2351 1158; x_wconf 87' lang='lat' dir='ltr'><strong><em>Amen</em></strong></span> <span class='ocrx_word' id='word_1_403' title='bbox 2367 1105 2498 1159; x_wconf 83' lang='lat' dir='ltr'><strong><em>dico</em></strong></span> <span class='ocrx_word' id='word_1_404' title='bbox 2514 1105 2695 1170; x_wconf 88' lang='lat' dir='ltr'><strong><em>vobis,</em></strong></span> <span class='ocrx_word' id='word_1_405' title='bbox 2723 1106 2830 1162; x_wconf 86' lang='lat' dir='ltr'><strong><em>etsi</em></strong></span> <span class='ocrx_word' id='word_1_406' title='bbox 2849 1123 2967 1162; x_wconf 88' lang='lat' dir='ltr'><strong><em>non</em></strong></span> <span class='ocrx_word' id='word_1_407' title='bbox 2993 1108 3284 1173; x_wconf 83' lang='lat' dir='ltr'><strong><em>dabititli,</em></strong></span> <span class='ocrx_word' id='word_1_408' title='bbox 3301 1125 3365 1166; x_wconf 91' lang='lat' dir='ltr'><strong><em>eo</em></strong></span> <span class='ocrx_word' id='word_1_409' title='bbox 3391 1113 3550 1183; x_wconf 87' lang='lat' dir='ltr'><strong><em>quod</em></strong></span> 
     </span>
    </p>
   </div>
   <div class='ocr_carea' id='block_1_59' title="bbox 1900 1190 3547 1268">
    <p class='ocr_par' dir='ltr' id='par_1_59' title="bbox 1900 1190 3547 1268">
     <span class='ocr_line' id='line_1_59' title="bbox 1900 1190 3547 1268; baseline 0.007 -25"><span class='ocrx_word' id='word_1_410' title='bbox 1900 1191 2126 1245; x_wconf 89' lang='lat' dir='ltr'><strong><em>amicus</em></strong></span> <span class='ocrx_word' id='word_1_411' title='bbox 2137 1190 2231 1257; x_wconf 91' lang='lat' dir='ltr'><strong><em>sit,</em></strong></span> <span class='ocrx_word' id='word_1_412' title='bbox 2252 1199 2497 1262; x_wconf 83' lang='lat' dir='ltr'><strong><em>propter</em></strong></span> <span class='ocrx_word' id='word_1_413' title='bbox 2514 1192 2947 1262; x_wconf 83' lang='lat' dir='ltr'><strong><em>impudentiam</em></strong></span> <span class='ocrx_word' id='word_1_414' title='bbox 2967 1201 3166 1252; x_wconf 88' lang='lat' dir='ltr'><strong><em>tamen</em></strong></span> <span class='ocrx_word' id='word_1_415' title='bbox 3182 1198 3305 1267; x_wconf 88' lang='lat' dir='ltr'><strong><em>ejus</em></strong></span> <span class='ocrx_word' id='word_1_416' title='bbox 3321 1205 3547 1268; x_wconf 84' lang='lat' dir='ltr'><strong><em>surget,</em></strong></span> 
     </span>
    </p>
   </div>
   <div class='ocr_carea' id='block_1_60' title="bbox 1900 1277 2948 1351">
    <p class='ocr_par' dir='ltr' id='par_1_60' title="bbox 1900 1277 2948 1351">
     <span class='ocr_line' id='line_1_60' title="bbox 1900 1277 2948 1351; baseline 0.008 -18"><span class='ocrx_word' id='word_1_417' title='bbox 1900 1282 1953 1334; x_wconf 90' lang='lat' dir='ltr'><strong><em>et</em></strong></span> <span class='ocrx_word' id='word_1_418' title='bbox 1977 1277 2139 1333; x_wconf 85' lang='lat' dir='ltr'><strong><em>dabit</em></strong></span> <span class='ocrx_word' id='word_1_419' title='bbox 2170 1288 2463 1351; x_wconf 86' lang='lat' dir='ltr'><strong><em>quantum</em></strong></span> <span class='ocrx_word' id='word_1_420' title='bbox 2493 1296 2640 1350; x_wconf 84' lang='lat' dir='ltr'><strong><em>opus</em></strong></span> <span class='ocrx_word' id='word_1_421' title='bbox 2674 1281 2851 1341; x_wconf 86' lang='lat' dir='ltr'><strong><em>habet</em></strong></span> <span class='ocrx_word' id='word_1_422' title='bbox 2878 1284 2948 1341; x_wconf 78' lang='grc'><strong><em>⁵³.</em></strong></span> 
     </span>
    </p>
   </div>
   <div class='ocr_carea' id='block_1_61' title="bbox 1973 1653 3554 1726">
    <p class='ocr_par' dir='ltr' id='par_1_61' title="bbox 1973 1653 3554 1726">
     <span class='ocr_line' id='line_1_61' title="bbox 1973 1653 3554 1726; baseline 0.003 -17"><span class='ocrx_word' id='word_1_423' title='bbox 1973 1654 2170 1709; x_wconf 85' lang='lat' dir='ltr'><strong><em>XXVII.</em></strong></span> <span class='ocrx_word' id='word_1_424' title='bbox 2225 1653 2468 1725; x_wconf 84' lang='lat' dir='ltr'><strong><em>Absque</em></strong></span> <span class='ocrx_word' id='word_1_425' title='bbox 2509 1655 2737 1725; x_wconf 86' lang='lat' dir='ltr'><strong><em>pudore</em></strong></span> <span class='ocrx_word' id='word_1_426' title='bbox 2790 1656 2987 1726; x_wconf 82' lang='lat' dir='ltr'><strong><em>igitur,</em></strong></span> <span class='ocrx_word' id='word_1_427' title='bbox 3038 1656 3446 1715; x_wconf 84' lang='lat' dir='ltr'><strong><em>indesinenter</em></strong></span> <span class='ocrx_word' id='word_1_428' title='bbox 3497 1662 3554 1714; x_wconf 88' lang='lat' dir='ltr'><strong><em>et</em></strong></span> 
     </span>
    </p>
   </div>
   <div class='ocr_carea' id='block_1_62' title="bbox 1826 1732 3554 1815">
    <p class='ocr_par' dir='ltr' id='par_1_62' title="bbox 1826 1732 3554 1815">
     <span class='ocr_line' id='line_1_62' title="bbox 1826 1732 3554 1815; baseline 0.005 -20"><span class='ocrx_word' id='word_1_429' title='bbox 1826 1732 1870 1786; x_wconf 89' lang='grc' dir='ltr'>Β</span> <span class='ocrx_word' id='word_1_430' title='bbox 1900 1741 2196 1796; x_wconf 83' lang='lat' dir='ltr'><strong><em>indefesse</em></strong></span> <span class='ocrx_word' id='word_1_431' title='bbox 2239 1749 2299 1797; x_wconf 90' lang='lat' dir='ltr'><strong><em>ut</em></strong></span> <span class='ocrx_word' id='word_1_432' title='bbox 2329 1747 2605 1814; x_wconf 77' lang='lat' dir='ltr'><strong><em>petamus</em></strong></span> <span class='ocrx_word' id='word_1_433' title='bbox 2655 1744 2733 1800; x_wconf 91' lang='lat' dir='ltr'><strong><em>ab</em></strong></span> <span class='ocrx_word' id='word_1_434' title='bbox 2763 1761 2834 1800; x_wconf 92' lang='lat' dir='ltr'><strong><em>eo</em></strong></span> <span class='ocrx_word' id='word_1_435' title='bbox 2865 1745 3093 1801; x_wconf 87' lang='lat' dir='ltr'><strong><em>donum</em></strong></span> <span class='ocrx_word' id='word_1_436' title='bbox 3125 1747 3349 1815; x_wconf 67' lang='lat' dir='ltr'><strong><em>gratiae,</em></strong></span> <span class='ocrx_word' id='word_1_437' title='bbox 3391 1746 3554 1804; x_wconf 87' lang='lat' dir='ltr'><strong><em>hisce</em></strong></span> 
     </span>
    </p>
   </div>
   <div class='ocr_carea' id='block_1_63' title="bbox 1900 1830 3552 1905">
    <p class='ocr_par' dir='ltr' id='par_1_63' title="bbox 1900 1830 3552 1905">
     <span class='ocr_line' id='line_1_63' title="bbox 1900 1830 3552 1905; baseline 0.004 -21"><span class='ocrx_word' id='word_1_438' title='bbox 1900 1830 2184 1884; x_wconf 90' lang='lat' dir='ltr'><strong><em>omnibus</em></strong></span> <span class='ocrx_word' id='word_1_439' title='bbox 2215 1832 2557 1887; x_wconf 76' lang='lat' dir='ltr'><strong><em>exhortatus</em></strong></span> <span class='ocrx_word' id='word_1_440' title='bbox 2596 1838 2700 1888; x_wconf 90' lang='lat' dir='ltr'><strong><em>est.</em></strong></span> <span class='ocrx_word' id='word_1_441' title='bbox 2742 1833 2987 1904; x_wconf 83' lang='lat' dir='ltr'><strong><em>Propter</em></strong></span> <span class='ocrx_word' id='word_1_442' title='bbox 3019 1840 3360 1905; x_wconf 87' lang='lat' dir='ltr'><strong><em>peccatores</em></strong></span> <span class='ocrx_word' id='word_1_443' title='bbox 3390 1835 3552 1891; x_wconf 89' lang='lat' dir='ltr'><strong><em>enim</em></strong></span> 
     </span>
    </p>
   </div>
   <div class='ocr_carea' id='block_1_64' title="bbox 1902 1918 3556 1987">
    <p class='ocr_par' dir='ltr' id='par_1_64' title="bbox 1902 1918 3556 1987">
     <span class='ocr_line' id='line_1_64' title="bbox 1902 1918 3556 1987; baseline 0.004 -16"><span class='ocrx_word' id='word_1_444' title='bbox 1902 1918 2082 1984; x_wconf 83' lang='lat' dir='ltr'><strong><em>venit,</em></strong></span> <span class='ocrx_word' id='word_1_445' title='bbox 2121 1925 2182 1974; x_wconf 90' lang='lat' dir='ltr'><strong><em>ut</em></strong></span> <span class='ocrx_word' id='word_1_446' title='bbox 2212 1926 2621 1975; x_wconf 83' lang='lat' dir='ltr'><strong><em>converterent</em></strong></span> <span class='ocrx_word' id='word_1_447' title='bbox 2654 1938 2714 1977; x_wconf 88' lang='lat' dir='ltr'><strong><em>se</em></strong></span> <span class='ocrx_word' id='word_1_448' title='bbox 2754 1922 2828 1977; x_wconf 92' lang='lat' dir='ltr'><strong><em>ad</em></strong></span> <span class='ocrx_word' id='word_1_449' title='bbox 2857 1921 3045 1987; x_wconf 90' lang='lat' dir='ltr'><strong><em>illum,</em></strong></span> <span class='ocrx_word' id='word_1_450' title='bbox 3077 1928 3132 1978; x_wconf 91' lang='lat' dir='ltr'><strong><em>et</em></strong></span> <span class='ocrx_word' id='word_1_451' title='bbox 3157 1928 3393 1978; x_wconf 87' lang='lat' dir='ltr'><strong><em>curaret</em></strong></span> <span class='ocrx_word' id='word_1_452' title='bbox 3429 1939 3556 1978; x_wconf 90' lang='lat' dir='ltr'><strong><em>cre-</em></strong></span> 
     </span>
    </p>
   </div>
   <div class='ocr_carea' id='block_1_65' title="bbox 1902 2006 3557 2081">
    <p class='ocr_par' dir='ltr' id='par_1_65' title="bbox 1902 2006 3557 2081">
     <span class='ocr_line' id='line_1_65' title="bbox 1902 2006 3557 2081; baseline 0.004 -20"><span class='ocrx_word' id='word_1_453' title='bbox 1902 2006 2109 2061; x_wconf 87' lang='lat' dir='ltr'><strong><em>dentes</em></strong></span> <span class='ocrx_word' id='word_1_454' title='bbox 2132 2008 2263 2078; x_wconf 87' lang='lat' dir='ltr'><strong><em>ipsi.</em></strong></span> <span class='ocrx_word' id='word_1_455' title='bbox 2292 2011 2461 2063; x_wconf 85' lang='lat' dir='ltr'><strong><em>Modo</em></strong></span> <span class='ocrx_word' id='word_1_456' title='bbox 2483 2024 2594 2063; x_wconf 92' lang='lat' dir='ltr'><strong><em>nos</em></strong></span> <span class='ocrx_word' id='word_1_457' title='bbox 2621 2009 2735 2080; x_wconf 89' lang='lat' dir='ltr'><strong><em>ipsi</em></strong></span> <span class='ocrx_word' id='word_1_458' title='bbox 2758 2025 2793 2065; x_wconf 91' lang='lat' dir='ltr'><strong><em>a</em></strong></span> <span class='ocrx_word' id='word_1_459' title='bbox 2819 2010 2993 2065; x_wconf 90' lang='lat' dir='ltr'><strong><em>malis</em></strong></span> <span class='ocrx_word' id='word_1_460' title='bbox 3020 2012 3557 2081; x_wconf 65' lang='lat' dir='ltr'><strong><em>praeoccupationi-</em></strong></span> 
     </span>
    </p>
   </div>
   <div class='ocr_carea' id='block_1_66' title="bbox 1904 2094 3553 2171">
    <p class='ocr_par' dir='ltr' id='par_1_66' title="bbox 1904 2094 3553 2171">
     <span class='ocr_line' id='line_1_66' title="bbox 1904 2094 3553 2171; baseline 0.004 -22"><span class='ocrx_word' id='word_1_461' title='bbox 1904 2094 2016 2150; x_wconf 91' lang='lat' dir='ltr'><strong><em>bus</em></strong></span> <span class='ocrx_word' id='word_1_462' title='bbox 2044 2095 2475 2163; x_wconf 83' lang='lat' dir='ltr'><strong><em>abstineamus,</em></strong></span> <span class='ocrx_word' id='word_1_463' title='bbox 2524 2108 2817 2170; x_wconf 89' lang='lat' dir='ltr'><strong><em>quantum</em></strong></span> <span class='ocrx_word' id='word_1_464' title='bbox 2844 2098 2903 2152; x_wconf 92' lang='lat' dir='ltr'><strong><em>in</em></strong></span> <span class='ocrx_word' id='word_1_465' title='bbox 2946 2098 3168 2154; x_wconf 87' lang='lat' dir='ltr'><strong><em>viribus</em></strong></span> <span class='ocrx_word' id='word_1_466' title='bbox 3199 2100 3418 2155; x_wconf 84' lang='lat' dir='ltr'><strong><em>nostris</em></strong></span> <span class='ocrx_word' id='word_1_467' title='bbox 3447 2106 3553 2171; x_wconf 90' lang='lat' dir='ltr'><strong><em>est,</em></strong></span> 
     </span>
    </p>
   </div>
   <div class='ocr_carea' id='block_1_67' title="bbox 1902 2183 3554 2257">
    <p class='ocr_par' dir='ltr' id='par_1_67' title="bbox 1902 2183 3554 2257">
     <span class='ocr_line' id='line_1_67' title="bbox 1902 2183 3554 2257; baseline 0.004 -19"><span class='ocrx_word' id='word_1_468' title='bbox 1902 2183 2113 2239; x_wconf 89' lang='lat' dir='ltr'><strong><em>etodio</em></strong></span> <span class='ocrx_word' id='word_1_469' title='bbox 2128 2201 2565 2257; x_wconf 67' lang='lat' dir='ltr'><strong><em>prosequamur</em></strong></span> <span class='ocrx_word' id='word_1_470' title='bbox 2576 2202 2761 2257; x_wconf 88' lang='lat' dir='ltr'><strong><em>opera</em></strong></span> <span class='ocrx_word' id='word_1_471' title='bbox 2781 2186 2958 2254; x_wconf 88' lang='lat' dir='ltr'><strong><em>mala,</em></strong></span> <span class='ocrx_word' id='word_1_472' title='bbox 2975 2192 3029 2243; x_wconf 90' lang='lat' dir='ltr'><strong><em>et</em></strong></span> <span class='ocrx_word' id='word_1_473' title='bbox 3052 2188 3258 2243; x_wconf 91' lang='lat' dir='ltr'><strong><em>mundi</em></strong></span> <span class='ocrx_word' id='word_1_474' title='bbox 3276 2188 3554 2245; x_wconf 82' lang='lat' dir='ltr'><strong><em>technam</em></strong></span> 
     </span>
    </p>
   </div>
   <div class='ocr_carea' id='block_1_68' title="bbox 1904 2274 3550 2345">
    <p class='ocr_par' dir='ltr' id='par_1_68' title="bbox 1904 2274 3550 2345">
     <span class='ocr_line' id='line_1_68' title="bbox 1904 2274 3550 2345; baseline 0.002 -17"><span class='ocrx_word' id='word_1_475' title='bbox 1904 2279 2082 2345; x_wconf 89' lang='lat' dir='ltr'><strong><em>atque</em></strong></span> <span class='ocrx_word' id='word_1_476' title='bbox 2108 2274 2419 2343; x_wconf 89' lang='lat' dir='ltr'><strong><em>improbos</em></strong></span> <span class='ocrx_word' id='word_1_477' title='bbox 2445 2290 2515 2329; x_wconf 90' lang='lat' dir='ltr'><strong><em>ac</em></strong></span> <span class='ocrx_word' id='word_1_478' title='bbox 2540 2290 2727 2330; x_wconf 89' lang='lat' dir='ltr'><strong><em>vanos</em></strong></span> <span class='ocrx_word' id='word_1_479' title='bbox 2750 2291 3060 2331; x_wconf 88' lang='lat' dir='ltr'><strong><em>sermones</em></strong></span> <span class='ocrx_word' id='word_1_480' title='bbox 3088 2276 3550 2344; x_wconf 89' lang='lat' dir='ltr'><strong><em>abhorreamus,</em></strong></span> 
     </span>
    </p>
   </div>
   <div class='ocr_carea' id='block_1_69' title="bbox 1902 2363 3558 2439">
    <p class='ocr_par' dir='ltr' id='par_1_69' title="bbox 1902 2363 3558 2439">
     <span class='ocr_line' id='line_1_69' title="bbox 1902 2363 3558 2439; baseline 0.003 -22"><span class='ocrx_word' id='word_1_481' title='bbox 1902 2369 1958 2417; x_wconf 90' lang='lat' dir='ltr'><strong><em>et</em></strong></span> <span class='ocrx_word' id='word_1_482' title='bbox 1990 2378 2094 2433; x_wconf 88' lang='lat' dir='ltr'><strong><em>per</em></strong></span> <span class='ocrx_word' id='word_1_483' title='bbox 2128 2363 2332 2419; x_wconf 87' lang='lat' dir='ltr'><strong><em>omnia</em></strong></span> <span class='ocrx_word' id='word_1_484' title='bbox 2371 2363 2443 2428; x_wconf 91' lang='lat' dir='ltr'><strong><em>ei,</em></strong></span> <span class='ocrx_word' id='word_1_485' title='bbox 2472 2370 2771 2436; x_wconf 90' lang='lat' dir='ltr'><strong><em>quantum</em></strong></span> <span class='ocrx_word' id='word_1_486' title='bbox 2799 2364 2927 2420; x_wconf 88' lang='lat' dir='ltr'><strong><em>ﬁeri</em></strong></span> <span class='ocrx_word' id='word_1_487' title='bbox 2974 2369 3188 2437; x_wconf 83' lang='lat' dir='ltr'><strong><em>potest,</em></strong></span> <span class='ocrx_word' id='word_1_488' title='bbox 3221 2366 3558 2439; x_wconf 85' lang='lat' dir='ltr'><strong><em>agglutine-</em></strong></span> 
     </span>
    </p>
   </div>
   <div class='ocr_carea' id='block_1_70' title="bbox 1903 2451 3554 2524">
    <p class='ocr_par' dir='ltr' id='par_1_70' title="bbox 1903 2451 3554 2524">
     <span class='ocr_line' id='line_1_70' title="bbox 1903 2451 3554 2524; baseline 0.003 -18"><span class='ocrx_word' id='word_1_489' title='bbox 1903 2468 2055 2506; x_wconf 90' lang='lat' dir='ltr'><strong><em>mur.</em></strong></span> <span class='ocrx_word' id='word_1_490' title='bbox 2076 2456 2202 2523; x_wconf 88' lang='lat' dir='ltr'><strong><em>Ipse</em></strong></span> <span class='ocrx_word' id='word_1_491' title='bbox 2231 2451 2478 2523; x_wconf 86' lang='lat' dir='ltr'><strong><em>quidem</em></strong></span> <span class='ocrx_word' id='word_1_492' title='bbox 2503 2458 2744 2524; x_wconf 88' lang='lat' dir='ltr'><strong><em>paratus</em></strong></span> <span class='ocrx_word' id='word_1_493' title='bbox 2765 2458 2855 2510; x_wconf 88' lang='lat' dir='ltr'><strong><em>est</em></strong></span> <span class='ocrx_word' id='word_1_494' title='bbox 2876 2453 3159 2510; x_wconf 85' lang='lat' dir='ltr'><strong><em>exhibere</em></strong></span> <span class='ocrx_word' id='word_1_495' title='bbox 3182 2455 3356 2511; x_wconf 90' lang='lat' dir='ltr'><strong><em>nobis</em></strong></span> <span class='ocrx_word' id='word_1_496' title='bbox 3379 2471 3554 2511; x_wconf 90' lang='lat' dir='ltr'><strong><em>suum</em></strong></span> 
     </span>
    </p>
   </div>
   <div class='ocr_carea' id='block_1_71' title="bbox 1901 2539 3558 2613">
    <p class='ocr_par' dir='ltr' id='par_1_71' title="bbox 1901 2539 3558 2613">
     <span class='ocr_line' id='line_1_71' title="bbox 1901 2539 3558 2613; baseline 0.002 -18"><span class='ocrx_word' id='word_1_497' title='bbox 1901 2539 2211 2595; x_wconf 83' lang='lat' dir='ltr'><strong><em>auxilium.</em></strong></span> <span class='ocrx_word' id='word_1_498' title='bbox 2236 2542 2549 2613; x_wconf 88' lang='lat' dir='ltr'><strong><em>Propterea</em></strong></span> <span class='ocrx_word' id='word_1_499' title='bbox 2570 2542 2730 2597; x_wconf 88' lang='lat' dir='ltr'><strong><em>enim</em></strong></span> <span class='ocrx_word' id='word_1_500' title='bbox 2762 2542 3096 2598; x_wconf 87' lang='lat' dir='ltr'><strong><em>misericors</em></strong></span> <span class='ocrx_word' id='word_1_501' title='bbox 3117 2548 3228 2612; x_wconf 89' lang='lat' dir='ltr'><strong><em>est,</em></strong></span> <span class='ocrx_word' id='word_1_502' title='bbox 3248 2542 3558 2599; x_wconf 86' lang='lat' dir='ltr'><strong><em>viviﬁcans</em></strong></span> 
     </span>
    </p>
   </div>
   <div class='ocr_carea' id='block_1_72' title="bbox 1902 2630 3559 2704">
    <p class='ocr_par' dir='ltr' id='par_1_72' title="bbox 1902 2630 3559 2704">
     <span class='ocr_line' id='line_1_72' title="bbox 1902 2630 3559 2704; baseline 0.003 -21"><span class='ocrx_word' id='word_1_503' title='bbox 1902 2636 1957 2684; x_wconf 92' lang='lat' dir='ltr'><strong><em>et</em></strong></span> <span class='ocrx_word' id='word_1_504' title='bbox 1984 2645 2208 2684; x_wconf 87' lang='lat' dir='ltr'><strong><em>sanans</em></strong></span> <span class='ocrx_word' id='word_1_505' title='bbox 2230 2630 2575 2686; x_wconf 75' lang='lat' dir='ltr'><strong><em>affectiones</em></strong></span> <span class='ocrx_word' id='word_1_506' title='bbox 2597 2631 2977 2697; x_wconf 88' lang='lat' dir='ltr'><strong><em>incurabiles,</em></strong></span> <span class='ocrx_word' id='word_1_507' title='bbox 3003 2637 3059 2688; x_wconf 90' lang='lat' dir='ltr'><strong><em>et</em></strong></span> <span class='ocrx_word' id='word_1_508' title='bbox 3081 2632 3559 2704; x_wconf 90' lang='lat' dir='ltr'><strong><em>redemptionem</em></strong></span> 
     </span>
    </p>
   </div>
   <div class='ocr_carea' id='block_1_73' title="bbox 1903 2716 3563 2793">
    <p class='ocr_par' dir='ltr' id='par_1_73' title="bbox 1903 2716 3563 2793">
     <span class='ocr_line' id='line_1_73' title="bbox 1903 2716 3563 2793; baseline 0.002 -20"><span class='ocrx_word' id='word_1_509' title='bbox 1903 2716 2127 2773; x_wconf 80' lang='lat' dir='ltr'><strong><em>faciens</em></strong></span> <span class='ocrx_word' id='word_1_510' title='bbox 2162 2718 2230 2772; x_wconf 88' lang='lat' dir='ltr'><strong><em>iis</em></strong></span> <span class='ocrx_word' id='word_1_511' title='bbox 2261 2720 2363 2790; x_wconf 88' lang='lat' dir='ltr'><strong><em>qui</em></strong></span> <span class='ocrx_word' id='word_1_512' title='bbox 2402 2719 2686 2774; x_wconf 89' lang='lat' dir='ltr'><strong><em>invocant</em></strong></span> <span class='ocrx_word' id='word_1_513' title='bbox 2714 2734 2874 2787; x_wconf 91' lang='lat' dir='ltr'><strong><em>eum,</em></strong></span> <span class='ocrx_word' id='word_1_514' title='bbox 2906 2726 2962 2776; x_wconf 90' lang='lat' dir='ltr'><strong><em>et</em></strong></span> <span class='ocrx_word' id='word_1_515' title='bbox 2998 2720 3101 2793; x_wconf 89' lang='lat' dir='ltr'><strong><em>qui</em></strong></span> <span class='ocrx_word' id='word_1_516' title='bbox 3132 2721 3209 2777; x_wconf 89' lang='lat' dir='ltr'><strong><em>ad</em></strong></span> <span class='ocrx_word' id='word_1_517' title='bbox 3243 2736 3383 2776; x_wconf 89' lang='lat' dir='ltr'><strong><em>cum</em></strong></span> <span class='ocrx_word' id='word_1_518' title='bbox 3416 2735 3563 2776; x_wconf 92' lang='lat' dir='ltr'><strong><em>con-</em></strong></span> 
     </span>
    </p>
   </div>
   <div class='ocr_carea' id='block_1_74' title="bbox 1904 2806 3564 2879">
    <p class='ocr_par' dir='ltr' id='par_1_74' title="bbox 1904 2806 3564 2879">
     <span class='ocr_line' id='line_1_74' title="bbox 1904 2806 3564 2879; baseline 0.002 -20"><span class='ocrx_word' id='word_1_519' title='bbox 1904 2806 2075 2871; x_wconf 87' lang='lat' dir='ltr'><strong><em>versi,</em></strong></span> <span class='ocrx_word' id='word_1_520' title='bbox 2100 2806 2177 2860; x_wconf 88' lang='lat' dir='ltr'><strong><em>ab</em></strong></span> <span class='ocrx_word' id='word_1_521' title='bbox 2200 2807 2362 2861; x_wconf 90' lang='lat' dir='ltr'><strong><em>omni</em></strong></span> <span class='ocrx_word' id='word_1_522' title='bbox 2390 2806 2704 2862; x_wconf 86' lang='lat' dir='ltr'><strong><em>dilectione</em></strong></span> <span class='ocrx_word' id='word_1_523' title='bbox 2725 2807 2955 2871; x_wconf 84' lang='lat' dir='ltr'><strong><em>mundi,</em></strong></span> <span class='ocrx_word' id='word_1_524' title='bbox 2983 2812 3280 2879; x_wconf 91' lang='lat' dir='ltr'><strong><em>quantum</em></strong></span> <span class='ocrx_word' id='word_1_525' title='bbox 3307 2807 3433 2862; x_wconf 83' lang='lat' dir='ltr'><strong><em>ﬁeri</em></strong></span> <span class='ocrx_word' id='word_1_526' title='bbox 3459 2822 3564 2879; x_wconf 89' lang='lat' dir='ltr'><strong><em>po-</em></strong></span> 
     </span>
    </p>
   </div>
   <div class='ocr_carea' id='block_1_75' title="bbox 1904 2893 3560 2967">
    <p class='ocr_par' dir='ltr' id='par_1_75' title="bbox 1904 2893 3560 2967">
     <span class='ocr_line' id='line_1_75' title="bbox 1904 2893 3560 2967; baseline 0.002 -20"><span class='ocrx_word' id='word_1_527' title='bbox 1904 2899 2031 2958; x_wconf 91' lang='lat' dir='ltr'><strong><em>test,</em></strong></span> <span class='ocrx_word' id='word_1_528' title='bbox 2052 2900 2265 2965; x_wconf 86' lang='lat' dir='ltr'><strong><em>sponte</em></strong></span> <span class='ocrx_word' id='word_1_529' title='bbox 2286 2899 2341 2949; x_wconf 90' lang='lat' dir='ltr'><strong><em>et</em></strong></span> <span class='ocrx_word' id='word_1_530' title='bbox 2360 2893 2691 2949; x_wconf 88' lang='lat' dir='ltr'><strong><em>voluntarie</em></strong></span> <span class='ocrx_word' id='word_1_531' title='bbox 2714 2895 3021 2961; x_wconf 89' lang='lat' dir='ltr'><strong><em>recedunt,</em></strong></span> <span class='ocrx_word' id='word_1_532' title='bbox 3044 2896 3269 2967; x_wconf 88' lang='lat' dir='ltr'><strong><em>quique</em></strong></span> <span class='ocrx_word' id='word_1_533' title='bbox 3297 2901 3560 2951; x_wconf 90' lang='lat' dir='ltr'><strong><em>mentem</em></strong></span> 
     </span>
    </p>
   </div>
   <div class='ocr_carea' id='block_1_76' title="bbox 1901 2982 3559 3040">
    <p class='ocr_par' dir='ltr' id='par_1_76' title="bbox 1901 2982 3559 3040">
     <span class='ocr_line' id='line_1_76' title="bbox 1901 2982 3559 3040; baseline 0.001 -3"><span class='ocrx_word' id='word_1_534' title='bbox 1901 2998 1937 3037; x_wconf 89' lang='lat' dir='ltr'><strong><em>a</em></strong></span> <span class='ocrx_word' id='word_1_535' title='bbox 1968 2984 2212 3038; x_wconf 77' lang='lat' dir='ltr'><strong><em>terrenis</em></strong></span> <span class='ocrx_word' id='word_1_536' title='bbox 2259 2982 2629 3038; x_wconf 85' lang='lat' dir='ltr'><strong><em>abstractam</em></strong></span> <span class='ocrx_word' id='word_1_537' title='bbox 2675 2982 2753 3038; x_wconf 90' lang='lat' dir='ltr'><strong><em>ad</em></strong></span> <span class='ocrx_word' id='word_1_538' title='bbox 2792 2998 2931 3038; x_wconf 90' lang='lat' dir='ltr'><strong><em>eum</em></strong></span> <span class='ocrx_word' id='word_1_539' title='bbox 2977 2991 3116 3039; x_wconf 90' lang='lat' dir='ltr'><strong><em>voto</em></strong></span> <span class='ocrx_word' id='word_1_540' title='bbox 3165 2988 3223 3040; x_wconf 92' lang='lat' dir='ltr'><strong><em>et</em></strong></span> <span class='ocrx_word' id='word_1_541' title='bbox 3258 2983 3559 3038; x_wconf 91' lang='lat' dir='ltr'><strong><em>desiderio</em></strong></span> 
     </span>
    </p>
   </div>
   <div class='ocr_carea' id='block_1_77' title="bbox 1832 3069 3561 3140">
    <p class='ocr_par' dir='ltr' id='par_1_77' title="bbox 1832 3069 3561 3140">
     <span class='ocr_line' id='line_1_77' title="bbox 1832 3069 3561 3140; baseline 0.001 -17"><span class='ocrx_word' id='word_1_542' title='bbox 1832 3080 1873 3134; x_wconf 69' lang='grc' dir='ltr'><strong>ρ</strong></span> <span class='ocrx_word' id='word_1_543' title='bbox 1902 3070 2298 3139; x_wconf 73' lang='lat' dir='ltr'><strong><em>suspendunt.</em></strong></span> <span class='ocrx_word' id='word_1_544' title='bbox 2352 3069 2659 3139; x_wconf 85' lang='lat' dir='ltr'><strong><em>Ejusmodi</em></strong></span> <span class='ocrx_word' id='word_1_545' title='bbox 2692 3070 2898 3125; x_wconf 90' lang='lat' dir='ltr'><strong><em>anima</em></strong></span> <span class='ocrx_word' id='word_1_546' title='bbox 2942 3071 3071 3140; x_wconf 90' lang='lat' dir='ltr'><strong><em>ejus</em></strong></span> <span class='ocrx_word' id='word_1_547' title='bbox 3112 3070 3335 3126; x_wconf 84' lang='lat' dir='ltr'><strong><em>auxilio</em></strong></span> <span class='ocrx_word' id='word_1_548' title='bbox 3375 3069 3561 3139; x_wconf 90' lang='lat' dir='ltr'><strong><em>digna</em></strong></span> 
     </span>
    </p>
   </div>
   <div class='ocr_carea' id='block_1_78' title="bbox 1902 3158 3559 3231">
    <p class='ocr_par' dir='ltr' id='par_1_78' title="bbox 1902 3158 3559 3231">
     <span class='ocr_line' id='line_1_78' title="bbox 1902 3158 3559 3231; baseline -0.002 -17"><span class='ocrx_word' id='word_1_549' title='bbox 1902 3158 2172 3223; x_wconf 89' lang='lat' dir='ltr'><strong><em>habetur,</em></strong></span> <span class='ocrx_word' id='word_1_550' title='bbox 2191 3174 2327 3229; x_wconf 71' lang='lat' dir='ltr'><strong><em>qute</em></strong></span> <span class='ocrx_word' id='word_1_551' title='bbox 2358 3159 2562 3215; x_wconf 88' lang='lat' dir='ltr'><strong><em>omnia</em></strong></span> <span class='ocrx_word' id='word_1_552' title='bbox 2588 3174 2697 3231; x_wconf 89' lang='lat' dir='ltr'><strong><em>pro</em></strong></span> <span class='ocrx_word' id='word_1_553' title='bbox 2725 3158 3044 3230; x_wconf 88' lang='lat' dir='ltr'><strong><em>superﬂuis</em></strong></span> <span class='ocrx_word' id='word_1_554' title='bbox 3070 3160 3393 3225; x_wconf 81' lang='lat' dir='ltr'><strong><em>existimat,</em></strong></span> <span class='ocrx_word' id='word_1_555' title='bbox 3424 3162 3479 3213; x_wconf 90' lang='lat' dir='ltr'><strong><em>et</em></strong></span> <span class='ocrx_word' id='word_1_556' title='bbox 3500 3158 3559 3213; x_wconf 92' lang='lat' dir='ltr'><strong><em>in</em></strong></span> 
     </span>
    </p>
   </div>
   <div class='ocr_carea' id='block_1_79' title="bbox 1902 3245 3564 3320">
    <p class='ocr_par' dir='ltr' id='par_1_79' title="bbox 1902 3245 3564 3320">
     <span class='ocr_line' id='line_1_79' title="bbox 1902 3245 3564 3320; baseline -0.001 -19"><span class='ocrx_word' id='word_1_557' title='bbox 1902 3245 2068 3302; x_wconf 90' lang='lat' dir='ltr'><strong><em>nulla</em></strong></span> <span class='ocrx_word' id='word_1_558' title='bbox 2086 3263 2148 3302; x_wconf 89' lang='lat' dir='ltr'><strong><em>re</em></strong></span> <span class='ocrx_word' id='word_1_559' title='bbox 2182 3247 2489 3304; x_wconf 88' lang='lat' dir='ltr'><strong><em>mundana</em></strong></span> <span class='ocrx_word' id='word_1_560' title='bbox 2521 3248 2882 3320; x_wconf 88' lang='lat' dir='ltr'><strong><em>acquiescit;</em></strong></span> <span class='ocrx_word' id='word_1_561' title='bbox 2918 3248 3025 3303; x_wconf 86' lang='lat' dir='ltr'><strong><em>sed</em></strong></span> <span class='ocrx_word' id='word_1_562' title='bbox 3055 3251 3359 3320; x_wconf 82' lang='lat' dir='ltr'><strong><em>exspectat</em></strong></span> <span class='ocrx_word' id='word_1_563' title='bbox 3384 3247 3443 3301; x_wconf 91' lang='lat' dir='ltr'><strong><em>in</em></strong></span> <span class='ocrx_word' id='word_1_564' title='bbox 3475 3261 3564 3301; x_wconf 86' lang='lat' dir='ltr'><strong><em>re-</em></strong></span> 
     </span>
    </p>
   </div>
   <div class='ocr_carea' id='block_1_80' title="bbox 1902 3335 3561 3409">
    <p class='ocr_par' dir='ltr' id='par_1_80' title="bbox 1902 3335 3561 3409">
     <span class='ocr_line' id='line_1_80' title="bbox 1902 3335 3561 3409; baseline 0 -20"><span class='ocrx_word' id='word_1_565' title='bbox 1902 3337 2039 3408; x_wconf 89' lang='lat' dir='ltr'><strong><em>quie</em></strong></span> <span class='ocrx_word' id='word_1_566' title='bbox 2091 3336 2474 3405; x_wconf 83' lang='lat' dir='ltr'><strong><em>benignitatis</em></strong></span> <span class='ocrx_word' id='word_1_567' title='bbox 2525 3336 2898 3409; x_wconf 88' lang='lat' dir='ltr'><strong><em>requiescere</em></strong></span> <span class='ocrx_word' id='word_1_568' title='bbox 2929 3342 2985 3393; x_wconf 89' lang='lat' dir='ltr'><strong><em>et</em></strong></span> <span class='ocrx_word' id='word_1_569' title='bbox 3028 3337 3337 3407; x_wconf 90' lang='lat' dir='ltr'><strong><em>gaudere:</em></strong></span> <span class='ocrx_word' id='word_1_570' title='bbox 3388 3341 3445 3390; x_wconf 89' lang='lat' dir='ltr'><strong><em>et</em></strong></span> <span class='ocrx_word' id='word_1_571' title='bbox 3476 3335 3561 3389; x_wconf 90' lang='lat' dir='ltr'><strong><em>sic</em></strong></span> 
     </span>
    </p>
   </div>
   <div class='ocr_carea' id='block_1_81' title="bbox 1904 3414 3559 3497">
    <p class='ocr_par' dir='ltr' id='par_1_81' title="bbox 1904 3414 3559 3497">
     <span class='ocr_line' id='line_1_81' title="bbox 1904 3414 3559 3497; baseline -0.002 -17"><span class='ocrx_word' id='word_1_572' title='bbox 1904 3441 2009 3496; x_wconf 88' lang='lat' dir='ltr'><strong><em>per</em></strong></span> <span class='ocrx_word' id='word_1_573' title='bbox 2058 3425 2406 3497; x_wconf 88' lang='lat' dir='ltr'><strong><em>hujusmodi</em></strong></span> <span class='ocrx_word' id='word_1_574' title='bbox 2443 3414 2622 3481; x_wconf 86' lang='lat' dir='ltr'><strong><em>ﬁdem</em></strong></span> <span class='ocrx_word' id='word_1_575' title='bbox 2668 3426 2903 3482; x_wconf 72' lang='lat' dir='ltr'><strong><em>caeleste</em></strong></span> <span class='ocrx_word' id='word_1_576' title='bbox 2934 3426 3163 3482; x_wconf 91' lang='lat' dir='ltr'><strong><em>donum</em></strong></span> <span class='ocrx_word' id='word_1_577' title='bbox 3212 3428 3559 3488; x_wconf 90' lang='lat' dir='ltr'><strong><em>consecuta,</em></strong></span> 
     </span>
    </p>
   </div>
   <div class='ocr_carea' id='block_1_82' title="bbox 1903 3512 3562 3587">
    <p class='ocr_par' dir='ltr' id='par_1_82' title="bbox 1903 3512 3562 3587">
     <span class='ocr_line' id='line_1_82' title="bbox 1903 3512 3562 3587; baseline -0.002 -18"><span class='ocrx_word' id='word_1_578' title='bbox 1903 3529 2081 3569; x_wconf 86' lang='lat' dir='ltr'><strong><em>omne</em></strong></span> <span class='ocrx_word' id='word_1_579' title='bbox 2115 3531 2294 3569; x_wconf 89' lang='lat' dir='ltr'><strong><em>suum</em></strong></span> <span class='ocrx_word' id='word_1_580' title='bbox 2324 3515 2689 3571; x_wconf 86' lang='lat' dir='ltr'><strong><em>desiderium</em></strong></span> <span class='ocrx_word' id='word_1_581' title='bbox 2721 3515 2780 3571; x_wconf 89' lang='lat' dir='ltr'><strong><em>in</em></strong></span> <span class='ocrx_word' id='word_1_582' title='bbox 2814 3515 2993 3587; x_wconf 89' lang='lat' dir='ltr'><strong><em>plena</em></strong></span> <span class='ocrx_word' id='word_1_583' title='bbox 3021 3514 3139 3571; x_wconf 85' lang='lat' dir='ltr'><strong><em>ﬁde</em></strong></span> <span class='ocrx_word' id='word_1_584' title='bbox 3171 3530 3276 3586; x_wconf 89' lang='lat' dir='ltr'><strong><em>per</em></strong></span> <span class='ocrx_word' id='word_1_585' title='bbox 3306 3512 3562 3584; x_wconf 78' lang='lat' dir='ltr'><strong><em>gratiam</em></strong></span> 
     </span>
    </p>
   </div>
   <div class='ocr_carea' id='block_1_83' title="bbox 1904 3600 3567 3677">
    <p class='ocr_par' dir='ltr' id='par_1_83' title="bbox 1904 3600 3567 3677">
     <span class='ocr_line' id='line_1_83' title="bbox 1904 3600 3567 3677; baseline -0.001 -20"><span class='ocrx_word' id='word_1_586' title='bbox 1904 3602 2173 3669; x_wconf 86' lang='lat' dir='ltr'><strong><em>collocat,</em></strong></span> <span class='ocrx_word' id='word_1_587' title='bbox 2206 3610 2263 3659; x_wconf 89' lang='lat' dir='ltr'><strong><em>et</em></strong></span> <span class='ocrx_word' id='word_1_588' title='bbox 2286 3604 2546 3677; x_wconf 88' lang='lat' dir='ltr'><strong><em>denique</em></strong></span> <span class='ocrx_word' id='word_1_589' title='bbox 2572 3620 2833 3675; x_wconf 89' lang='lat' dir='ltr'><strong><em>congrue</em></strong></span> <span class='ocrx_word' id='word_1_590' title='bbox 2861 3609 2916 3660; x_wconf 91' lang='lat' dir='ltr'><strong><em>et</em></strong></span> <span class='ocrx_word' id='word_1_591' title='bbox 2944 3604 3366 3660; x_wconf 89' lang='lat' dir='ltr'><strong><em>convenienter</em></strong></span> <span class='ocrx_word' id='word_1_592' title='bbox 3389 3600 3567 3673; x_wconf 85' lang='lat' dir='ltr'><strong><em>Spiri-</em></strong></span> 
     </span>
    </p>
   </div>
   <div class='ocr_carea' id='block_1_84' title="bbox 1903 3690 3563 3766">
    <p class='ocr_par' dir='ltr' id='par_1_84' title="bbox 1903 3690 3563 3766">
     <span class='ocr_line' id='line_1_84' title="bbox 1903 3690 3563 3766; baseline -0.002 -19"><span class='ocrx_word' id='word_1_593' title='bbox 1903 3692 1985 3747; x_wconf 83' lang='lat' dir='ltr'><strong><em>tui</em></strong></span> <span class='ocrx_word' id='word_1_594' title='bbox 2019 3699 2225 3748; x_wconf 90' lang='lat' dir='ltr'><strong><em>sancto</em></strong></span> <span class='ocrx_word' id='word_1_595' title='bbox 2250 3694 2562 3760; x_wconf 90' lang='lat' dir='ltr'><strong><em>ministrat,</em></strong></span> <span class='ocrx_word' id='word_1_596' title='bbox 2594 3694 2860 3766; x_wconf 90' lang='lat' dir='ltr'><strong><em>quotidie</em></strong></span> <span class='ocrx_word' id='word_1_597' title='bbox 2881 3693 3144 3749; x_wconf 89' lang='lat' dir='ltr'><strong><em>bonitate</em></strong></span> <span class='ocrx_word' id='word_1_598' title='bbox 3169 3692 3283 3762; x_wconf 71' lang='grc'>22</span> <span class='ocrx_word' id='word_1_599' title='bbox 3308 3690 3563 3763; x_wconf 83' lang='lat' dir='ltr'><strong><em>proﬁcit,</em></strong></span> 
     </span>
    </p>
   </div>
   <div class='ocr_carea' id='block_1_85' title="bbox 1903 3776 3566 3852">
    <p class='ocr_par' dir='ltr' id='par_1_85' title="bbox 1903 3776 3566 3852">
     <span class='ocr_line' id='line_1_85' title="bbox 1903 3776 3566 3852; baseline -0.002 -18"><span class='ocrx_word' id='word_1_600' title='bbox 1903 3780 2084 3851; x_wconf 90' lang='lat' dir='ltr'><strong><em>inque</em></strong></span> <span class='ocrx_word' id='word_1_601' title='bbox 2130 3781 2227 3837; x_wconf 87' lang='lat' dir='ltr'><strong><em>via</em></strong></span> <span class='ocrx_word' id='word_1_602' title='bbox 2256 3780 2500 3852; x_wconf 71' lang='lat' dir='ltr'><strong><em>justitite</em></strong></span> <span class='ocrx_word' id='word_1_603' title='bbox 2546 3796 2936 3852; x_wconf 88' lang='lat' dir='ltr'><strong><em>perseverans</em></strong></span> <span class='ocrx_word' id='word_1_604' title='bbox 2976 3781 3034 3835; x_wconf 91' lang='lat' dir='ltr'><strong><em>in</em></strong></span> <span class='ocrx_word' id='word_1_605' title='bbox 3078 3786 3454 3851; x_wconf 88' lang='lat' dir='ltr'><strong><em>perpetuum,</em></strong></span> <span class='ocrx_word' id='word_1_606' title='bbox 3487 3776 3566 3832; x_wconf 92' lang='lat' dir='ltr'><strong><em>ad</em></strong></span> 
     </span>
    </p>
   </div>
   <div class='ocr_carea' id='block_1_86' title="bbox 1904 3863 3564 3940">
    <p class='ocr_par' dir='ltr' id='par_1_86' title="bbox 1904 3863 3564 3940">
     <span class='ocr_line' id='line_1_86' title="bbox 1904 3863 3564 3940; baseline -0.002 -18"><span class='ocrx_word' id='word_1_607' title='bbox 1904 3868 2142 3923; x_wconf 59' lang='lat' dir='ltr'><strong><em>malitia</em></strong></span> <span class='ocrx_word' id='word_1_608' title='bbox 2167 3884 2388 3940; x_wconf 90' lang='lat' dir='ltr'><strong><em>genera</em></strong></span> <span class='ocrx_word' id='word_1_609' title='bbox 2408 3886 2526 3925; x_wconf 91' lang='lat' dir='ltr'><strong><em>non</em></strong></span> <span class='ocrx_word' id='word_1_610' title='bbox 2549 3868 2821 3937; x_wconf 88' lang='lat' dir='ltr'><strong><em>ﬂectitur,</em></strong></span> <span class='ocrx_word' id='word_1_611' title='bbox 2844 3884 2955 3923; x_wconf 91' lang='lat' dir='ltr'><strong><em>nec</em></strong></span> <span class='ocrx_word' id='word_1_612' title='bbox 2977 3867 3056 3924; x_wconf 90' lang='lat' dir='ltr'><strong><em>ad</em></strong></span> <span class='ocrx_word' id='word_1_613' title='bbox 3079 3867 3214 3922; x_wconf 90' lang='lat' dir='ltr'><strong><em>vitia</em></strong></span> <span class='ocrx_word' id='word_1_614' title='bbox 3236 3865 3357 3921; x_wconf 90' lang='lat' dir='ltr'><strong><em>ullo</em></strong></span> <span class='ocrx_word' id='word_1_615' title='bbox 3379 3863 3564 3920; x_wconf 92' lang='lat' dir='ltr'><strong><em>modo</em></strong></span> 
     </span>
    </p>
   </div>
   <div class='ocr_carea' id='block_1_87' title="bbox 1904 3951 3563 4029">
    <p class='ocr_par' dir='ltr' id='par_1_87' title="bbox 1904 3951 3563 4029">
     <span class='ocr_line' id='line_1_87' title="bbox 1904 3951 3563 4029; baseline -0.004 -18"><span class='ocrx_word' id='word_1_616' title='bbox 1904 3956 2184 4022; x_wconf 90' lang='lat' dir='ltr'><strong><em>declinat,</em></strong></span> <span class='ocrx_word' id='word_1_617' title='bbox 2216 3963 2395 4029; x_wconf 90' lang='lat' dir='ltr'><strong><em>atque</em></strong></span> <span class='ocrx_word' id='word_1_618' title='bbox 2426 3958 2681 4027; x_wconf 88' lang='lat' dir='ltr'><strong><em>gratiam</em></strong></span> <span class='ocrx_word' id='word_1_619' title='bbox 2711 3957 2771 4012; x_wconf 91' lang='lat' dir='ltr'><strong><em>in</em></strong></span> <span class='ocrx_word' id='word_1_620' title='bbox 2800 3955 2967 4012; x_wconf 92' lang='lat' dir='ltr'><strong><em>nulla</em></strong></span> <span class='ocrx_word' id='word_1_621' title='bbox 2995 3972 3057 4011; x_wconf 90' lang='lat' dir='ltr'><strong><em>re</em></strong></span> <span class='ocrx_word' id='word_1_622' title='bbox 3088 3953 3324 4011; x_wconf 90' lang='lat' dir='ltr'><strong><em>tristitia</em></strong></span> <span class='ocrx_word' id='word_1_623' title='bbox 3354 3951 3563 4019; x_wconf 82' lang='lat' dir='ltr'><strong><em>afﬁcit,</em></strong></span> 
     </span>
    </p>
   </div>
   <div class='ocr_carea' id='block_1_88' title="bbox 1905 4042 3566 4112">
    <p class='ocr_par' dir='ltr' id='par_1_88' title="bbox 1905 4042 3566 4112">
     <span class='ocr_line' id='line_1_88' title="bbox 1905 4042 3566 4112; baseline -0.002 -12"><span class='ocrx_word' id='word_1_624' title='bbox 1905 4050 1961 4100; x_wconf 91' lang='lat' dir='ltr'><strong><em>et</em></strong></span> <span class='ocrx_word' id='word_1_625' title='bbox 1990 4053 2211 4102; x_wconf 69' lang='lat' dir='ltr'><strong><em>aeterna</em></strong></span> <span class='ocrx_word' id='word_1_626' title='bbox 2243 4046 2434 4103; x_wconf 89' lang='lat' dir='ltr'><strong><em>salute</em></strong></span> <span class='ocrx_word' id='word_1_627' title='bbox 2465 4062 2603 4102; x_wconf 91' lang='lat' dir='ltr'><strong><em>cum</em></strong></span> <span class='ocrx_word' id='word_1_628' title='bbox 2642 4045 2925 4101; x_wconf 89' lang='lat' dir='ltr'><strong><em>omnibus</em></strong></span> <span class='ocrx_word' id='word_1_629' title='bbox 2964 4044 3184 4101; x_wconf 88' lang='lat' dir='ltr'><strong><em>sanctis</em></strong></span> <span class='ocrx_word' id='word_1_630' title='bbox 3214 4042 3398 4112; x_wconf 90' lang='lat' dir='ltr'><strong><em>digna</em></strong></span> <span class='ocrx_word' id='word_1_631' title='bbox 3423 4055 3566 4096; x_wconf 89' lang='lat' dir='ltr'><strong><em>cen-</em></strong></span> 
     </span>
    </p>
   </div>
   <div class='ocr_carea' id='block_1_89' title="bbox 1907 4131 3563 4201">
    <p class='ocr_par' dir='ltr' id='par_1_89' title="bbox 1907 4131 3563 4201">
     <span class='ocr_line' id='line_1_89' title="bbox 1907 4131 3563 4201; baseline -0.002 -14"><span class='ocrx_word' id='word_1_632' title='bbox 1907 4141 2088 4201; x_wconf 88' lang='lat' dir='ltr'><strong><em>setur,</em></strong></span> <span class='ocrx_word' id='word_1_633' title='bbox 2123 4135 2277 4190; x_wconf 90' lang='lat' dir='ltr'><strong><em>velut</em></strong></span> <span class='ocrx_word' id='word_1_634' title='bbox 2327 4136 2398 4192; x_wconf 91' lang='lat' dir='ltr'><strong><em>iis</em></strong></span> <span class='ocrx_word' id='word_1_635' title='bbox 2430 4134 2595 4191; x_wconf 90' lang='lat' dir='ltr'><strong><em>socia</em></strong></span> <span class='ocrx_word' id='word_1_636' title='bbox 2632 4140 2689 4190; x_wconf 90' lang='lat' dir='ltr'><strong><em>et</em></strong></span> <span class='ocrx_word' id='word_1_637' title='bbox 2735 4148 2939 4189; x_wconf 85' lang='lat' dir='ltr'><strong><em>comes</em></strong></span> <span class='ocrx_word' id='word_1_638' title='bbox 2984 4131 3315 4189; x_wconf 85' lang='lat' dir='ltr'><strong><em>imitatione</em></strong></span> <span class='ocrx_word' id='word_1_639' title='bbox 3354 4144 3563 4186; x_wconf 91' lang='lat' dir='ltr'><strong><em>eorum</em></strong></span> 
     </span>
    </p>
   </div>
   <div class='ocr_carea' id='block_1_90' title="bbox 1907 4222 2869 4280">
    <p class='ocr_par' dir='ltr' id='par_1_90' title="bbox 1907 4222 2869 4280">
     <span class='ocr_line' id='line_1_90' title="bbox 1907 4222 2869 4280; baseline 0 -3"><span class='ocrx_word' id='word_1_640' title='bbox 1907 4222 1965 4277; x_wconf 89' lang='lat' dir='ltr'><strong><em>in</em></strong></span> <span class='ocrx_word' id='word_1_641' title='bbox 1999 4225 2225 4280; x_wconf 90' lang='lat' dir='ltr'><strong><em>mundo</em></strong></span> <span class='ocrx_word' id='word_1_642' title='bbox 2256 4229 2628 4280; x_wconf 87' lang='lat' dir='ltr'><strong><em>conversata.</em></strong></span> <span class='ocrx_word' id='word_1_643' title='bbox 2659 4229 2869 4279; x_wconf 86' lang='lat' dir='ltr'><strong><em>Amen.</em></strong></span> 
     </span>
    </p>
   </div>
   <div class='ocr_carea' id='block_1_91' title="bbox 184 4307 3565 4389">
    <p class='ocr_par' dir='ltr' id='par_1_91' title="bbox 184 4307 3565 4389">
     <span class='ocr_line' id='line_1_91' title="bbox 184 4307 3565 4389; baseline -0.002 -24"><span class='ocrx_word' id='word_1_644' title='bbox 184 4314 485 4372; x_wconf 71' lang='grc' dir='ltr'>λυπήσασα</span> <span class='ocrx_word' id='word_1_645' title='bbox 511 4323 603 4376; x_wconf 79' lang='grc' dir='ltr'>τῆς</span> <span class='ocrx_word' id='word_1_646' title='bbox 627 4316 841 4369; x_wconf 86' lang='grc' dir='ltr'>αἰωνίου</span> <span class='ocrx_word' id='word_1_647' title='bbox 876 4320 1139 4389; x_wconf 81' lang='grc' dir='ltr'>σωτηρίας</span> <span class='ocrx_word' id='word_1_648' title='bbox 1173 4318 1266 4367; x_wconf 80' lang='grc' dir='ltr'>σὺν</span> <span class='ocrx_word' id='word_1_649' title='bbox 1292 4319 1427 4367; x_wconf 85' lang='grc' dir='ltr'>πᾶσι</span> <span class='ocrx_word' id='word_1_650' title='bbox 1480 4318 1589 4373; x_wconf 88' lang='grc' dir='ltr'>τοῖς</span> <span class='ocrx_word' id='word_1_651' title='bbox 1617 4311 1791 4383; x_wconf 78' lang='grc' dir='ltr'>ἁγίοις</span> <span class='ocrx_word' id='word_1_652' title='bbox 1819 4311 2162 4375; x_wconf 80' lang='grc' dir='ltr'>καταξιοῦται</span> <span class='ocrx_word' id='word_1_653' title='bbox 2192 4314 2283 4368; x_wconf 80' lang='grc' dir='ltr'>ἅτε</span> <span class='ocrx_word' id='word_1_654' title='bbox 2314 4311 2382 4374; x_wconf 79' lang='grc' dir='ltr'><strong><em>δὴ</em></strong></span> <span class='ocrx_word' id='word_1_655' title='bbox 2414 4316 2660 4376; x_wconf 90' lang='grc' dir='ltr'>κοινωνὸς</span> <span class='ocrx_word' id='word_1_656' title='bbox 2700 4316 2790 4365; x_wconf 77' lang='grc' dir='ltr'>καὶ</span> <span class='ocrx_word' id='word_1_657' title='bbox 2822 4307 3117 4385; x_wconf 84' lang='grc' dir='ltr'>σύνδρομος</span> <span class='ocrx_word' id='word_1_658' title='bbox 3161 4310 3299 4363; x_wconf 84' lang='grc' dir='ltr'><strong><em>κατά</em></strong></span> <span class='ocrx_word' id='word_1_659' title='bbox 3335 4310 3565 4380; x_wconf 86' lang='grc' dir='ltr'>μίμησιν</span> 
     </span>
    </p>
   </div>
   <div class='ocr_carea' id='block_1_92' title="bbox 186 4401 1316 4480">
    <p class='ocr_par' dir='ltr' id='par_1_92' title="bbox 186 4401 1316 4480">
     <span class='ocr_line' id='line_1_92' title="bbox 186 4401 1316 4480; baseline 0.002 -24"><span class='ocrx_word' id='word_1_660' title='bbox 186 4404 362 4456; x_wconf 60' lang='grc' dir='ltr'>αἰτῶν</span> <span class='ocrx_word' id='word_1_661' title='bbox 391 4402 441 4455; x_wconf 74' lang='grc' dir='ltr'>ἂν</span> <span class='ocrx_word' id='word_1_662' title='bbox 468 4408 651 4476; x_wconf 78' lang='grc' dir='ltr'>κόσμῳ</span> <span class='ocrx_word' id='word_1_663' title='bbox 681 4401 1093 4480; x_wconf 74' lang='grc' dir='ltr'>διαστραφεῖσα.</span> <span class='ocrx_word' id='word_1_664' title='bbox 1133 4403 1316 4476; x_wconf 81' lang='grc' dir='ltr'><strong><em>’Δμήν.</em></strong></span> 
     </span>
    </p>
   </div>
   <div class='ocr_carea' id='block_1_93' title="bbox 819 4509 1183 4566">
    <p class='ocr_par' dir='ltr' id='par_1_93' title="bbox 819 4509 1183 4566">
     <span class='ocr_line' id='line_1_93' title="bbox 819 4509 1183 4566; baseline 0 -2"><span class='ocrx_word' id='word_1_665' title='bbox 819 4512 1067 4566; x_wconf 81' lang='grc' dir='ltr'><strong><em>ΟΜΙΔῙΑ</em></strong></span> <span class='ocrx_word' id='word_1_666' title='bbox 1111 4509 1183 4565; x_wconf 83' lang='grc' dir='ltr'><strong><em>Ε’.</em></strong></span> 
     </span>
    </p>
   </div>
   <div class='ocr_carea' id='block_1_94' title="bbox 190 4597 1806 4672">
    <p class='ocr_par' dir='ltr' id='par_1_94' title="bbox 190 4597 1806 4672">
     <span class='ocr_line' id='line_1_94' title="bbox 190 4597 1806 4672; baseline -0.004 -19"><span class='ocrx_word' id='word_1_667' title='bbox 190 4597 404 4656; x_wconf 77' lang='grc' dir='ltr'>Πολλή</span> <span class='ocrx_word' id='word_1_668' title='bbox 466 4601 870 4672; x_wconf 81' lang='grc' dir='ltr'>μετάστασις</span> <span class='ocrx_word' id='word_1_669' title='bbox 924 4600 1161 4672; x_wconf 84' lang='grc' dir='ltr'>μεταξύ</span> <span class='ocrx_word' id='word_1_670' title='bbox 1218 4605 1335 4650; x_wconf 85' lang='grc' dir='ltr'>τῶν</span> <span class='ocrx_word' id='word_1_671' title='bbox 1392 4601 1806 4672; x_wconf 77' lang='grc' dir='ltr'>Χριστιανῶν</span> 
     </span>
    </p>
   </div>
   <div class='ocr_carea' id='block_1_95' title="bbox 261 4667 1809 4744">
    <p class='ocr_par' dir='ltr' id='par_1_95' title="bbox 261 4667 1809 4744">
     <span class='ocr_line' id='line_1_95' title="bbox 261 4667 1809 4744; baseline -0.003 -23"><span class='ocrx_word' id='word_1_672' title='bbox 261 4674 375 4722; x_wconf 82' lang='grc' dir='ltr'><strong><em>καί</em></strong></span> <span class='ocrx_word' id='word_1_673' title='bbox 414 4667 534 4724; x_wconf 70' lang='grc' dir='ltr'>τοῖιν</span> <span class='ocrx_word' id='word_1_674' title='bbox 586 4667 934 4744; x_wconf 80' lang='grc' dir='ltr'>ἀνθρώπων</span> <span class='ocrx_word' id='word_1_675' title='bbox 978 4679 1088 4724; x_wconf 88' lang='grc' dir='ltr'><strong><em>τοῦ</em></strong></span> <span class='ocrx_word' id='word_1_676' title='bbox 1127 4667 1672 4744; x_wconf 21' lang='grc' dir='ltr'>κόσμου’-τούτου.</span> <span class='ocrx_word' id='word_1_677' title='bbox 1734 4667 1809 4717; x_wconf 86' lang='grc' dir='ltr'><strong>Οἱ</strong></span> 
     </span>
    </p>
   </div>
   <div class='ocr_carea' id='block_1_96' title="bbox 263 4741 1805 4816">
    <p class='ocr_par' dir='ltr' id='par_1_96' title="bbox 263 4741 1805 4816">
     <span class='ocr_line' id='line_1_96' title="bbox 263 4741 1805 4816; baseline -0.004 -21"><span class='ocrx_word' id='word_1_678' title='bbox 263 4746 377 4814; x_wconf 78' lang='grc' dir='ltr'><strong><em>μεν</em></strong></span> <span class='ocrx_word' id='word_1_679' title='bbox 412 4748 557 4816; x_wconf 66' lang='grc' dir='ltr'><strong><em>⁸γόιρ</em></strong></span> <span class='ocrx_word' id='word_1_680' title='bbox 596 4741 846 4815; x_wconf 77' lang='grc' dir='ltr'>πνεῦμα</span> <span class='ocrx_word' id='word_1_681' title='bbox 900 4751 1012 4796; x_wconf 89' lang='grc' dir='ltr'><strong><em>τοῦ</em></strong></span> <span class='ocrx_word' id='word_1_682' title='bbox 1073 4749 1341 4816; x_wconf 57' lang='grc' dir='ltr'><strong><em>κόσμουΔ</em></strong></span> <span class='ocrx_word' id='word_1_683' title='bbox 1385 4741 1672 4816; x_wconf 69' lang='grc' dir='ltr'>ἔχοντες,</span> <span class='ocrx_word' id='word_1_684' title='bbox 1733 4744 1805 4816; x_wconf 60' lang='grc' dir='ltr'>τῇ</span> 
     </span>
    </p>
   </div>
   <div class='ocr_carea' id='block_1_97' title="bbox 266 4806 1810 4886">
    <p class='ocr_par' dir='ltr' id='par_1_97' title="bbox 266 4806 1810 4886">
     <span class='ocr_line' id='line_1_97' title="bbox 266 4806 1810 4886; baseline -0.003 -23"><span class='ocrx_word' id='word_1_685' title='bbox 266 4806 653 4886; x_wconf 47' lang='grc' dir='ltr'>Ξιμρδῖᾳᾟιαί</span> <span class='ocrx_word' id='word_1_686' title='bbox 694 4806 898 4886; x_wconf 26' lang='grc' dir='ltr'><strong><em>τῷᾼγῷ</em></strong></span> <span class='ocrx_word' id='word_1_687' title='bbox 936 4818 993 4867; x_wconf 74' lang='grc' dir='ltr'>ἓν</span> <span class='ocrx_word' id='word_1_688' title='bbox 1049 4806 1485 4886; x_wconf 57' lang='grc' dir='ltr'>τοίς’γηῖνοί’ς</span> <span class='ocrx_word' id='word_1_689' title='bbox 1539 4806 1810 4886; x_wconf 62' lang='grc' dir='ltr'>δεσμοῖς</span> 
     </span>
    </p>
   </div>
   <div class='ocr_carea' id='block_1_98' title="bbox 269 4881 1812 4954">
    <p class='ocr_par' dir='ltr' id='par_1_98' title="bbox 269 4881 1812 4954">
     <span class='ocr_line' id='line_1_98' title="bbox 269 4881 1812 4954; baseline -0.005 -17"><span class='ocrx_word' id='word_1_690' title='bbox 269 4881 575 4939; x_wconf 71' lang='grc' dir='ltr'>δέδενται</span> <span class='ocrx_word' id='word_1_691' title='bbox 616 4904 633 4918; x_wconf 88' lang='grc'><strong>·</strong></span> <span class='ocrx_word' id='word_1_692' title='bbox 673 4881 1017 4944; x_wconf 53' lang='grc' dir='ltr'>οἴδῖτήν</span> <span class='ocrx_word' id='word_1_693' title='bbox 1079 4884 1335 4954; x_wconf 85' lang='grc' dir='ltr'>ἀγάπην</span> <span class='ocrx_word' id='word_1_694' title='bbox 1385 4888 1495 4954; x_wconf 85' lang='grc' dir='ltr'><strong><em>τοῦ</em></strong></span> <span class='ocrx_word' id='word_1_695' title='bbox 1549 4884 1812 4951; x_wconf 76' lang='grc' dir='ltr'>ἰπουρα-</span> 
     </span>
    </p>
   </div>
   <div class='ocr_carea' id='block_1_99' title="bbox 268 4953 1811 5029">
    <p class='ocr_par' dir='ltr' id='par_1_99' title="bbox 268 4953 1811 5029">
     <span class='ocr_line' id='line_1_99' title="bbox 268 4953 1811 5029; baseline -0.004 -22"><span class='ocrx_word' id='word_1_696' title='bbox 268 4962 408 5009; x_wconf 86' lang='grc' dir='ltr'>νίου</span> <span class='ocrx_word' id='word_1_697' title='bbox 447 5027 455 5029; x_wconf 10' lang='grc' dir='ltr'><em>ᾗ</em></span> <span class='ocrx_word' id='word_1_698' title='bbox 488 4962 741 5029; x_wconf 84' lang='grc' dir='ltr'>Πατρός</span> <span class='ocrx_word' id='word_1_699' title='bbox 814 4953 1309 5029; x_wconf 31' lang='grc' dir='ltr'>ἄπιποθοῦσινη</span> <span class='ocrx_word' id='word_1_700' title='bbox 1353 4953 1551 5029; x_wconf 71' lang='grc' dir='ltr'>αὐτὸν</span> <span class='ocrx_word' id='word_1_701' title='bbox 1621 4954 1811 5024; x_wconf 86' lang='grc' dir='ltr'>μόνον</span> 
     </span>
    </p>
   </div>
   <div class='ocr_carea' id='block_1_100' title="bbox 271 5026 1809 5101">
    <p class='ocr_par' dir='ltr' id='par_1_100' title="bbox 271 5026 1809 5101">
     <span class='ocr_line' id='line_1_100' title="bbox 271 5026 1809 5101; baseline -0.003 -21"><span class='ocrx_word' id='word_1_702' title='bbox 271 5034 393 5101; x_wconf 82' lang='grc' dir='ltr'>πρὸ</span> <span class='ocrx_word' id='word_1_703' title='bbox 433 5026 772 5101; x_wconf 64' lang='grc' dir='ltr'>ὀφθαλμῶν</span> <span class='ocrx_word' id='word_1_704' title='bbox 827 5032 887 5082; x_wconf 77' lang='grc' dir='ltr'>ἑν</span> <span class='ocrx_word' id='word_1_705' title='bbox 924 5027 1127 5101; x_wconf 66' lang='grc' dir='ltr'>πολλῇ</span> <span class='ocrx_word' id='word_1_706' title='bbox 1170 5026 1489 5096; x_wconf 72' lang='grc' dir='ltr'>ἐπιθυμίᾳ</span> <span class='ocrx_word' id='word_1_707' title='bbox 1526 5026 1809 5094; x_wconf 74' lang='grc' dir='ltr'>έχοντες.</span> 
     </span>
    </p>
   </div>
   <div class='ocr_carea' id='block_1_101' title="bbox 275 5127 1814 5209">
    <p class='ocr_par' dir='ltr' id='par_1_101' title="bbox 275 5127 1814 5209">
     <span class='ocr_line' id='line_1_101' title="bbox 275 5127 1814 5209; baseline -0.003 -23"><span class='ocrx_word' id='word_1_708' title='bbox 275 5135 348 5188; x_wconf 81' lang='grc' dir='ltr'><strong><em>Δ’.</em></strong></span> <span class='ocrx_word' id='word_1_709' title='bbox 411 5134 470 5187; x_wconf 84' lang='grc' dir='ltr'><strong>Ὀ</strong></span> <span class='ocrx_word' id='word_1_710' title='bbox 524 5144 624 5187; x_wconf 81' lang='grc' dir='ltr'>τῶν</span> <span class='ocrx_word' id='word_1_711' title='bbox 680 5142 1010 5209; x_wconf 83' lang='grc' dir='ltr'>Χριστιανῶν</span> <span class='ocrx_word' id='word_1_712' title='bbox 1066 5137 1265 5204; x_wconf 82' lang='grc' dir='ltr'>κόσμος</span> <span class='ocrx_word' id='word_1_713' title='bbox 1320 5131 1491 5203; x_wconf 78' lang='grc' dir='ltr'>ἕτερός</span> <span class='ocrx_word' id='word_1_714' title='bbox 1544 5127 1675 5192; x_wconf 72' lang='grc' dir='ltr'>ἔστι,</span> <span class='ocrx_word' id='word_1_715' title='bbox 1720 5133 1814 5181; x_wconf 84' lang='grc' dir='ltr'>καὶ</span> 
     </span>
    </p>
   </div>
   <div class='ocr_carea' id='block_1_102' title="bbox 205 5216 1815 5295">
    <p class='ocr_par' dir='ltr' id='par_1_102' title="bbox 205 5216 1815 5295">
     <span class='ocr_line' id='line_1_102' title="bbox 205 5216 1815 5295; baseline -0.006 -19"><span class='ocrx_word' id='word_1_716' title='bbox 205 5219 471 5295; x_wconf 77' lang='grc' dir='ltr'>διαγωγή,</span> <span class='ocrx_word' id='word_1_717' title='bbox 531 5228 622 5277; x_wconf 80' lang='grc' dir='ltr'><strong><em>καὶ</em></strong></span> <span class='ocrx_word' id='word_1_718' title='bbox 686 5231 828 5291; x_wconf 90' lang='grc' dir='ltr'>νοῦς,</span> <span class='ocrx_word' id='word_1_719' title='bbox 885 5228 976 5275; x_wconf 83' lang='grc' dir='ltr'>καὶ</span> <span class='ocrx_word' id='word_1_720' title='bbox 1026 5222 1198 5294; x_wconf 84' lang='grc' dir='ltr'><strong><em>λόγος⁹</em></strong></span> <span class='ocrx_word' id='word_1_721' title='bbox 1260 5224 1350 5272; x_wconf 82' lang='grc' dir='ltr'>καὶ</span> <span class='ocrx_word' id='word_1_722' title='bbox 1405 5216 1596 5290; x_wconf 85' lang='grc' dir='ltr'>πρᾶξις</span> <span class='ocrx_word' id='word_1_723' title='bbox 1662 5216 1815 5289; x_wconf 82' lang='grc' dir='ltr'>έτέρα</span> 
     </span>
    </p>
   </div>
   <div class='ocr_carea' id='block_1_103' title="bbox 202 5308 1814 5385">
    <p class='ocr_par' dir='ltr' id='par_1_103' title="bbox 202 5308 1814 5385">
     <span class='ocr_line' id='line_1_103' title="bbox 202 5308 1814 5385; baseline -0.007 -18"><span class='ocrx_word' id='word_1_724' title='bbox 202 5315 480 5385; x_wconf 79' lang='grc' dir='ltr'>τυγχάνει,</span> <span class='ocrx_word' id='word_1_725' title='bbox 523 5318 611 5365; x_wconf 78' lang='grc' dir='ltr'>καὶ</span> <span class='ocrx_word' id='word_1_726' title='bbox 659 5315 689 5371; x_wconf 74' lang='grc' dir='ltr'>ἡ</span> <span class='ocrx_word' id='word_1_727' title='bbox 732 5320 834 5364; x_wconf 83' lang='grc' dir='ltr'>τῶν</span> <span class='ocrx_word' id='word_1_728' title='bbox 886 5311 1168 5385; x_wconf 74' lang='grc' dir='ltr'>ἀνθρώπων</span> <span class='ocrx_word' id='word_1_729' title='bbox 1221 5316 1315 5363; x_wconf 86' lang='grc' dir='ltr'><strong><em>τοῦ</em></strong></span> <span class='ocrx_word' id='word_1_730' title='bbox 1366 5313 1569 5379; x_wconf 87' lang='grc' dir='ltr'>κόσμου</span> <span class='ocrx_word' id='word_1_731' title='bbox 1629 5308 1814 5358; x_wconf 88' lang='grc' dir='ltr'>τούτου</span> 
     </span>
    </p>
   </div>
   <div class='ocr_carea' id='block_1_104' title="bbox 204 5393 1811 5473">
    <p class='ocr_par' dir='ltr' id='par_1_104' title="bbox 204 5393 1811 5473">
     <span class='ocr_line' id='line_1_104' title="bbox 204 5393 1811 5473; baseline -0.005 -20"><span class='ocrx_word' id='word_1_732' title='bbox 204 5396 470 5473; x_wconf 69' lang='grc' dir='ltr'>διαγωγὴ,</span> <span class='ocrx_word' id='word_1_733' title='bbox 535 5406 627 5455; x_wconf 91' lang='grc' dir='ltr'><strong><em>καί</em></strong></span> <span class='ocrx_word' id='word_1_734' title='bbox 682 5409 818 5467; x_wconf 87' lang='grc' dir='ltr'>νοῦς,</span> <span class='ocrx_word' id='word_1_735' title='bbox 876 5406 966 5454; x_wconf 83' lang='grc' dir='ltr'><strong><em>καὶ</em></strong></span> <span class='ocrx_word' id='word_1_736' title='bbox 1028 5400 1204 5471; x_wconf 87' lang='grc' dir='ltr'>λόγος,</span> <span class='ocrx_word' id='word_1_737' title='bbox 1262 5403 1353 5451; x_wconf 78' lang='grc' dir='ltr'>καὶ</span> <span class='ocrx_word' id='word_1_738' title='bbox 1402 5395 1592 5472; x_wconf 82' lang='grc' dir='ltr'>πρᾶξις</span> <span class='ocrx_word' id='word_1_739' title='bbox 1641 5393 1811 5466; x_wconf 83' lang='grc' dir='ltr'>έτέρα.</span> 
     </span>
    </p>
   </div>
   <div class='ocr_carea' id='block_1_105' title="bbox 206 5483 1817 5550">
    <p class='ocr_par' dir='ltr' id='par_1_105' title="bbox 206 5483 1817 5550">
     <span class='ocr_line' id='line_1_105' title="bbox 206 5483 1817 5550; baseline -0.006 -6"><span class='ocrx_word' id='word_1_740' title='bbox 206 5487 361 5544; x_wconf 76' lang='grc' dir='ltr'>Ἀλλο</span> <span class='ocrx_word' id='word_1_741' title='bbox 420 5497 473 5545; x_wconf 86' lang='grc' dir='ltr'><strong><em>τί</em></strong></span> <span class='ocrx_word' id='word_1_742' title='bbox 525 5490 657 5545; x_wconf 81' lang='grc' dir='ltr'>εἰσιν</span> <span class='ocrx_word' id='word_1_743' title='bbox 709 5490 891 5546; x_wconf 73' lang='grc' dir='ltr'>ἐκεῖνοι</span> <span class='ocrx_word' id='word_1_744' title='bbox 939 5495 1030 5543; x_wconf 79' lang='grc' dir='ltr'>καὶ</span> <span class='ocrx_word' id='word_1_745' title='bbox 1080 5488 1203 5542; x_wconf 78' lang='grc' dir='ltr'>ἄλλο</span> <span class='ocrx_word' id='word_1_746' title='bbox 1251 5491 1305 5540; x_wconf 89' lang='grc' dir='ltr'><strong><em>τί</em></strong></span> <span class='ocrx_word' id='word_1_747' title='bbox 1350 5486 1481 5540; x_wconf 84' lang='grc' dir='ltr'>εἰσιν</span> <span class='ocrx_word' id='word_1_748' title='bbox 1531 5483 1693 5550; x_wconf 80' lang='grc' dir='ltr'>οὗτοι,</span> <span class='ocrx_word' id='word_1_749' title='bbox 1727 5486 1817 5535; x_wconf 81' lang='grc' dir='ltr'>καὶ</span> 
     </span>
    </p>
   </div>
   <div class='ocr_carea' id='block_1_106' title="bbox 1840 4491 2946 4567">
    <p class='ocr_par' dir='ltr' id='par_1_106' title="bbox 1840 4491 2946 4567">
     <span class='ocr_line' id='line_1_106' title="bbox 1840 4491 2946 4567; baseline -0.011 6"><span class='ocrx_word' id='word_1_750' title='bbox 1840 4491 1886 4545; x_wconf 80' lang='grc' dir='ltr'><strong><em>Ῑ)</em></strong></span> <span class='ocrx_word' id='word_1_751' title='bbox 2552 4508 2843 4567; x_wconf 81' lang='lat' dir='ltr'><strong><em>HOMILIA</em></strong></span> <span class='ocrx_word' id='word_1_752' title='bbox 2882 4509 2946 4563; x_wconf 89' lang='lat' dir='ltr'><strong><em>v.</em></strong></span> 
     </span>
    </p>
   </div>
   <div class='ocr_carea' id='block_1_107' title="bbox 1922 4591 3572 4676">
    <p class='ocr_par' dir='ltr' id='par_1_107' title="bbox 1922 4591 3572 4676">
     <span class='ocr_line' id='line_1_107' title="bbox 1922 4591 3572 4676; baseline -0.006 -22"><span class='ocrx_word' id='word_1_753' title='bbox 1922 4599 2143 4669; x_wconf 82' lang='lat' dir='ltr'><strong><em>Magna</em></strong></span> <span class='ocrx_word' id='word_1_754' title='bbox 2156 4599 2497 4676; x_wconf 51' lang='lat' dir='ltr'><strong><em>diferentia</em></strong></span> <span class='ocrx_word' id='word_1_755' title='bbox 2510 4599 2667 4676; x_wconf 76' lang='lat' dir='ltr'><strong><em>inter</em></strong></span> <span class='ocrx_word' id='word_1_756' title='bbox 2681 4596 3048 4676; x_wconf 76' lang='lat' dir='ltr'><strong><em>Christianos</em></strong></span> <span class='ocrx_word' id='word_1_757' title='bbox 3062 4601 3113 4676; x_wconf 89' lang='lat' dir='ltr'><strong><em>et_</em></strong></span> <span class='ocrx_word' id='word_1_758' title='bbox 3125 4593 3380 4676; x_wconf 57' lang='lat' dir='ltr'><strong><em>flamines</em></strong></span> <span class='ocrx_word' id='word_1_759' title='bbox 3390 4592 3472 4676; x_wconf 63' lang='lat' dir='ltr'><strong><em>bu</em></strong></span> <span class='ocrx_word' id='word_1_760' title='bbox 3468 4591 3572 4660; x_wconf 87' lang='lat' dir='ltr'><strong><em>jus</em></strong></span> 
     </span>
    </p>
   </div>
   <div class='ocr_carea' id='block_1_108' title="bbox 1989 4666 3571 4745">
    <p class='ocr_par' dir='ltr' id='par_1_108' title="bbox 1989 4666 3571 4745">
     <span class='ocr_line' id='line_1_108' title="bbox 1989 4666 3571 4745; baseline -0.007 -17"><span class='ocrx_word' id='word_1_761' title='bbox 1989 4666 2310 4745; x_wconf 46' lang='lat' dir='ltr'><strong><em>saeculum</em></strong></span> <span class='ocrx_word' id='word_1_762' title='bbox 2323 4672 2475 4727; x_wconf 86' lang='lat' dir='ltr'><strong><em>enim</em></strong></span> <span class='ocrx_word' id='word_1_763' title='bbox 2490 4666 3184 4745; x_wconf 63' lang='lat' dir='ltr'><strong><em>spiritumundiprwditi</em></strong></span> <span class='ocrx_word' id='word_1_764' title='bbox 3195 4666 3571 4745; x_wconf 68' lang='lat' dir='ltr'><strong><em>animotenus</em></strong></span> 
     </span>
    </p>
   </div>
   <div class='ocr_carea' id='block_1_109' title="bbox 1989 4735 3574 4799">
    <p class='ocr_par' dir='ltr' id='par_1_109' title="bbox 1989 4735 3574 4799">
     <span class='ocr_line' id='line_1_109' title="bbox 1989 4735 3574 4799; baseline -0.007 -2"><span class='ocrx_word' id='word_1_765' title='bbox 1989 4758 2060 4798; x_wconf 80' lang='lat' dir='ltr'><strong><em>ac</em></strong></span> <span class='ocrx_word' id='word_1_766' title='bbox 2073 4743 2247 4799; x_wconf 82' lang='lat' dir='ltr'><strong><em>corde</em></strong></span> <span class='ocrx_word' id='word_1_767' title='bbox 2269 4735 2645 4799; x_wconf 77' lang='lat' dir='ltr'><strong><em>terrestribus</em></strong></span> <span class='ocrx_word' id='word_1_768' title='bbox 2661 4740 2914 4795; x_wconf 83' lang='lat' dir='ltr'><strong><em>vinculis</em></strong></span> <span class='ocrx_word' id='word_1_769' title='bbox 2931 4735 3116 4794; x_wconf 76' lang='lat' dir='ltr'><strong><em>vincti</em></strong></span> <span class='ocrx_word' id='word_1_770' title='bbox 3129 4740 3295 4791; x_wconf 88' lang='lat' dir='ltr'><strong><em>sunt:</em></strong></span> <span class='ocrx_word' id='word_1_771' title='bbox 3312 4735 3409 4789; x_wconf 87' lang='lat' dir='ltr'><strong><em>illi</em></strong></span> <span class='ocrx_word' id='word_1_772' title='bbox 3433 4747 3574 4788; x_wconf 88' lang='lat' dir='ltr'><strong><em>vero</em></strong></span> 
     </span>
    </p>
   </div>
   <div class='ocr_carea' id='block_1_110' title="bbox 1989 4803 3577 4875">
    <p class='ocr_par' dir='ltr' id='par_1_110' title="bbox 1989 4803 3577 4875">
     <span class='ocr_line' id='line_1_110' title="bbox 1989 4803 3577 4875; baseline -0.007 -7"><span class='ocrx_word' id='word_1_773' title='bbox 1989 4814 2297 4871; x_wconf 74' lang='lat' dir='ltr'><strong><em>dilectione</em></strong></span> <span class='ocrx_word' id='word_1_774' title='bbox 2308 4813 2547 4870; x_wconf 69' lang='lat' dir='ltr'><strong><em>caelestis</em></strong></span> <span class='ocrx_word' id='word_1_775' title='bbox 2560 4812 2757 4867; x_wconf 80' lang='lat' dir='ltr'><strong><em>Patris</em></strong></span> <span class='ocrx_word' id='word_1_776' title='bbox 2770 4809 3142 4875; x_wconf 87' lang='lat' dir='ltr'><strong><em>detenti,eum</em></strong></span> <span class='ocrx_word' id='word_1_777' title='bbox 3158 4808 3348 4863; x_wconf 88' lang='lat' dir='ltr'><strong><em>solum</em></strong></span> <span class='ocrx_word' id='word_1_778' title='bbox 3360 4803 3425 4861; x_wconf 88' lang='lat' dir='ltr'><strong><em>ob</em></strong></span> <span class='ocrx_word' id='word_1_779' title='bbox 3437 4816 3577 4860; x_wconf 72' lang='lat' dir='ltr'><strong><em>ocu-</em></strong></span> 
     </span>
    </p>
   </div>
   <div class='ocr_carea' id='block_1_111' title="bbox 1995 4881 2954 4942">
    <p class='ocr_par' dir='ltr' id='par_1_111' title="bbox 1995 4881 2954 4942">
     <span class='ocr_line' id='line_1_111' title="bbox 1995 4881 2954 4942; baseline -0.005 -1"><span class='ocrx_word' id='word_1_780' title='bbox 1995 4887 2079 4941; x_wconf 85' lang='lat' dir='ltr'><strong><em>los</em></strong></span> <span class='ocrx_word' id='word_1_781' title='bbox 2105 4888 2167 4941; x_wconf 89' lang='lat' dir='ltr'><strong><em>in</em></strong></span> <span class='ocrx_word' id='word_1_782' title='bbox 2207 4888 2370 4942; x_wconf 82' lang='lat' dir='ltr'><strong><em>omni</em></strong></span> <span class='ocrx_word' id='word_1_783' title='bbox 2395 4883 2684 4940; x_wconf 83' lang='lat' dir='ltr'><strong><em>desiderio</em></strong></span> <span class='ocrx_word' id='word_1_784' title='bbox 2715 4881 2954 4939; x_wconf 87' lang='lat' dir='ltr'><strong><em>habent.</em></strong></span> 
     </span>
    </p>
   </div>
   <div class='ocr_carea' id='block_1_112' title="bbox 1995 5100 3574 5173">
    <p class='ocr_par' dir='ltr' id='par_1_112' title="bbox 1995 5100 3574 5173">
     <span class='ocr_line' id='line_1_112' title="bbox 1995 5100 3574 5173; baseline -0.007 -3"><span class='ocrx_word' id='word_1_785' title='bbox 1995 5117 2035 5170; x_wconf 91' lang='grc' dir='ltr'><strong><em>Ι.</em></strong></span> <span class='ocrx_word' id='word_1_786' title='bbox 2070 5116 2231 5171; x_wconf 79' lang='lat' dir='ltr'><strong><em>Alius</em></strong></span> <span class='ocrx_word' id='word_1_787' title='bbox 2258 5119 2345 5171; x_wconf 85' lang='lat' dir='ltr'><strong><em>est</em></strong></span> <span class='ocrx_word' id='word_1_788' title='bbox 2389 5114 2856 5171; x_wconf 89' lang='lat' dir='ltr'><strong><em>Christianorum</em></strong></span> <span class='ocrx_word' id='word_1_789' title='bbox 2900 5107 3189 5173; x_wconf 83' lang='lat' dir='ltr'><strong><em>mundus,</em></strong></span> <span class='ocrx_word' id='word_1_790' title='bbox 3222 5102 3389 5163; x_wconf 87' lang='lat' dir='ltr'><strong><em>aliud</em></strong></span> <span class='ocrx_word' id='word_1_791' title='bbox 3435 5100 3574 5159; x_wconf 68' lang='lat' dir='ltr'><strong><em>vitm</em></strong></span> 
     </span>
    </p>
   </div>
   <div class='ocr_carea' id='block_1_113' title="bbox 1925 5194 3580 5269">
    <p class='ocr_par' dir='ltr' id='par_1_113' title="bbox 1925 5194 3580 5269">
     <span class='ocr_line' id='line_1_113' title="bbox 1925 5194 3580 5269; baseline -0.009 -8"><span class='ocrx_word' id='word_1_792' title='bbox 1925 5205 2277 5269; x_wconf 87' lang='lat' dir='ltr'><strong><em>institutum,</em></strong></span> <span class='ocrx_word' id='word_1_793' title='bbox 2298 5204 2414 5259; x_wconf 90' lang='lat' dir='ltr'><strong><em>alia</em></strong></span> <span class='ocrx_word' id='word_1_794' title='bbox 2434 5202 2624 5269; x_wconf 87' lang='lat' dir='ltr'><strong><em>mens,</em></strong></span> <span class='ocrx_word' id='word_1_795' title='bbox 2643 5201 2798 5257; x_wconf 87' lang='lat' dir='ltr'><strong><em>alius</em></strong></span> <span class='ocrx_word' id='word_1_796' title='bbox 2816 5213 3013 5256; x_wconf 84' lang='lat' dir='ltr'><strong><em>sermo</em></strong></span> <span class='ocrx_word' id='word_1_797' title='bbox 3029 5202 3209 5269; x_wconf 89' lang='lat' dir='ltr'><strong><em>atque</em></strong></span> <span class='ocrx_word' id='word_1_798' title='bbox 3225 5194 3342 5250; x_wconf 88' lang='lat' dir='ltr'><strong><em>alia</em></strong></span> <span class='ocrx_word' id='word_1_799' title='bbox 3359 5205 3546 5262; x_wconf 88' lang='lat' dir='ltr'><strong><em>opera</em></strong></span> <span class='ocrx_word' id='word_1_800' title='bbox 3563 5227 3580 5255; x_wconf 91' lang='lat'><strong><em>,</em></strong></span> 
     </span>
    </p>
   </div>
   <div class='ocr_carea' id='block_1_114' title="bbox 1924 5278 3576 5355">
    <p class='ocr_par' dir='ltr' id='par_1_114' title="bbox 1924 5278 3576 5355">
     <span class='ocr_line' id='line_1_114' title="bbox 1924 5278 3576 5355; baseline -0.01 -5"><span class='ocrx_word' id='word_1_801' title='bbox 1924 5300 1981 5350; x_wconf 88' lang='lat' dir='ltr'><strong><em>et</em></strong></span> <span class='ocrx_word' id='word_1_802' title='bbox 2004 5294 2167 5350; x_wconf 89' lang='lat' dir='ltr'><strong><em>aliud</em></strong></span> <span class='ocrx_word' id='word_1_803' title='bbox 2190 5300 2280 5349; x_wconf 88' lang='lat' dir='ltr'><strong><em>est</em></strong></span> <span class='ocrx_word' id='word_1_804' title='bbox 2301 5295 2430 5348; x_wconf 64' lang='lat' dir='ltr'><strong><em>vitas</em></strong></span> <span class='ocrx_word' id='word_1_805' title='bbox 2456 5291 2790 5347; x_wconf 89' lang='lat' dir='ltr'><strong><em>institutum</em></strong></span> <span class='ocrx_word' id='word_1_806' title='bbox 2812 5288 3127 5345; x_wconf 88' lang='lat' dir='ltr'><strong><em>hominum</em></strong></span> <span class='ocrx_word' id='word_1_807' title='bbox 3144 5283 3245 5355; x_wconf 89' lang='lat' dir='ltr'><strong><em>huj</em></strong></span> <span class='ocrx_word' id='word_1_808' title='bbox 3257 5298 3322 5338; x_wconf 88' lang='lat' dir='ltr'><strong><em>us</em></strong></span> <span class='ocrx_word' id='word_1_809' title='bbox 3340 5278 3576 5346; x_wconf 88' lang='lat' dir='ltr'><strong><em>mundi,</em></strong></span> 
     </span>
    </p>
   </div>
   <div class='ocr_carea' id='block_1_115' title="bbox 1926 5370 3581 5453">
    <p class='ocr_par' dir='ltr' id='par_1_115' title="bbox 1926 5370 3581 5453">
     <span class='ocr_line' id='line_1_115' title="bbox 1926 5370 3581 5453; baseline -0.009 -11"><span class='ocrx_word' id='word_1_810' title='bbox 1926 5384 2039 5442; x_wconf 85' lang='lat' dir='ltr'><strong><em>alia</em></strong></span> <span class='ocrx_word' id='word_1_811' title='bbox 2066 5399 2255 5447; x_wconf 87' lang='lat' dir='ltr'><strong><em>mens,</em></strong></span> <span class='ocrx_word' id='word_1_812' title='bbox 2273 5383 2422 5438; x_wconf 87' lang='lat' dir='ltr'><strong><em>alius</em></strong></span> <span class='ocrx_word' id='word_1_813' title='bbox 2440 5397 2659 5447; x_wconf 88' lang='lat' dir='ltr'><strong><em>sermo,</em></strong></span> <span class='ocrx_word' id='word_1_814' title='bbox 2676 5385 2857 5453; x_wconf 90' lang='lat' dir='ltr'><strong><em>atque</em></strong></span> <span class='ocrx_word' id='word_1_815' title='bbox 2875 5379 2992 5435; x_wconf 86' lang='lat' dir='ltr'><strong><em>alia</em></strong></span> <span class='ocrx_word' id='word_1_816' title='bbox 3012 5389 3224 5449; x_wconf 87' lang='lat' dir='ltr'><strong><em>opera:</em></strong></span> <span class='ocrx_word' id='word_1_817' title='bbox 3248 5370 3414 5429; x_wconf 89' lang='lat' dir='ltr'><strong><em>aliud</em></strong></span> <span class='ocrx_word' id='word_1_818' title='bbox 3440 5372 3581 5427; x_wconf 85' lang='lat' dir='ltr'><strong><em>sunt</em></strong></span> 
     </span>
    </p>
   </div>
   <div class='ocr_carea' id='block_1_116' title="bbox 1930 5461 3579 5547">
    <p class='ocr_par' dir='ltr' id='par_1_116' title="bbox 1930 5461 3579 5547">
     <span class='ocr_line' id='line_1_116' title="bbox 1930 5461 3579 5547; baseline -0.008 -16"><span class='ocrx_word' id='word_1_819' title='bbox 1930 5475 2031 5547; x_wconf 86' lang='lat' dir='ltr'><strong><em>illi,</em></strong></span> <span class='ocrx_word' id='word_1_820' title='bbox 2055 5481 2111 5530; x_wconf 90' lang='lat' dir='ltr'><strong><em>et</em></strong></span> <span class='ocrx_word' id='word_1_821' title='bbox 2136 5473 2301 5531; x_wconf 86' lang='lat' dir='ltr'><strong><em>aliud</em></strong></span> <span class='ocrx_word' id='word_1_822' title='bbox 2331 5477 2471 5530; x_wconf 84' lang='lat' dir='ltr'><strong><em>sunt</em></strong></span> <span class='ocrx_word' id='word_1_823' title='bbox 2484 5472 2545 5529; x_wconf 89' lang='lat' dir='ltr'><strong><em>hi</em></strong></span> <span class='ocrx_word' id='word_1_824' title='bbox 2573 5489 2587 5529; x_wconf 91' lang='lat'><strong>:</strong></span> <span class='ocrx_word' id='word_1_825' title='bbox 2616 5475 2672 5528; x_wconf 92' lang='lat' dir='ltr'><strong><em>et</em></strong></span> <span class='ocrx_word' id='word_1_826' title='bbox 2703 5484 2927 5541; x_wconf 86' lang='lat' dir='ltr'><strong><em>magna</em></strong></span> <span class='ocrx_word' id='word_1_827' title='bbox 2950 5463 3287 5525; x_wconf 78' lang='lat' dir='ltr'><strong><em>differentia</em></strong></span> <span class='ocrx_word' id='word_1_828' title='bbox 3314 5465 3406 5520; x_wconf 88' lang='lat' dir='ltr'><strong><em>est</em></strong></span> <span class='ocrx_word' id='word_1_829' title='bbox 3428 5461 3579 5520; x_wconf 89' lang='lat' dir='ltr'><strong><em>inter</em></strong></span> 
     </span>
    </p>
   </div>
   <div class='ocr_carea' id='block_1_117' title="bbox 305 5634 2252 5723">
    <p class='ocr_par' dir='ltr' id='par_1_117' title="bbox 305 5634 2252 5723">
     <span class='ocr_line' id='line_1_117' title="bbox 305 5634 2252 5723; baseline -0.011 -10"><span class='ocrx_word' id='word_1_830' title='bbox 305 5654 354 5687; x_wconf 83' lang='lat'>&quot;</span> <span class='ocrx_word' id='word_1_831' title='bbox 387 5655 527 5712; x_wconf 78' lang='lat' dir='ltr'><strong><em>Ltc.</em></strong></span> <span class='ocrx_word' id='word_1_832' title='bbox 554 5666 717 5723; x_wconf 72' lang='lat' dir='ltr'><strong><em>nm,</em></strong></span> <span class='ocrx_word' id='word_1_833' title='bbox 750 5658 801 5719; x_wconf 88' lang='lat'><strong><em>&#39;7,</em></strong></span> <span class='ocrx_word' id='word_1_834' title='bbox 835 5654 947 5707; x_wconf 70' lang='lat'><strong><em>8.&quot;</em></strong></span> <span class='ocrx_word' id='word_1_835' title='bbox 974 5648 1173 5711; x_wconf 76' lang='lat' dir='ltr'><strong><em>Matth.</em></strong></span> <span class='ocrx_word' id='word_1_836' title='bbox 1193 5662 1296 5715; x_wconf 85' lang='lat' dir='ltr'><strong><em>vn,</em></strong></span> <span class='ocrx_word' id='word_1_837' title='bbox 1323 5652 1380 5715; x_wconf 89' lang='lat'><strong><em>7,</em></strong></span> <span class='ocrx_word' id='word_1_838' title='bbox 1411 5647 1464 5704; x_wconf 86' lang='lat'><strong><em>8.</em></strong></span> <span class='ocrx_word' id='word_1_839' title='bbox 1496 5645 1540 5683; x_wconf 83' lang='grc'>⁸¹</span> <span class='ocrx_word' id='word_1_840' title='bbox 1573 5644 1710 5702; x_wconf 86' lang='lat' dir='ltr'><strong><em>Luc.</em></strong></span> <span class='ocrx_word' id='word_1_841' title='bbox 1736 5655 1820 5709; x_wconf 73' lang='grc' dir='ltr'>ιι,</span> <span class='ocrx_word' id='word_1_842' title='bbox 1844 5638 1963 5701; x_wconf 74' lang='lat'><strong><em>9.&quot;</em></strong></span> <span class='ocrx_word' id='word_1_843' title='bbox 1986 5634 2135 5709; x_wconf 79' lang='lat' dir='ltr'><strong><em>ibid.</em></strong></span> <span class='ocrx_word' id='word_1_844' title='bbox 2167 5634 2252 5693; x_wconf 84' lang='grc' dir='ltr'>ιο.</span> 
     </span>
    </p>
   </div>
  </div>
