4058 6194
542 274 652 335 195
1824 269 1890 332 S.
1929 268 2144 331 MAOAJ

2272 268 2584 327 EGYPTII
3752 274 3841 332 496

542 403 655 461 hos
684 407 739 459 et
764 402 919 460 illos.
961 401 1330 459 Habitatores
1362 399 1520 456 enim
1563 406 1753 467 terrae,
1786 403 1842 453 et
1868 398 1971 453 ﬁlii
2010 398 2144 469 hujt

2238 396 2267 449 Α
2300 395 2460 453 πολλὴ
2519 393 2803 455 διάστασις
2860 395 3050 465 μεταξὺ
3106 415 3300 447 τουτων
3349 395 3602 450 κάκείνων.
3654 401 3711 449 Οἱ
3755 403 3840 473 γὰρ

545 492 748 550 εωοιιιί
767 492 989 547 similes
1007 491 1455 546 suntfrumento
1478 490 1533 544 in
1550 490 1810 544 cribrum
1832 488 2009 556 hujus
2024 493 2147 541 terra

2300 492 2395 544 τῆς
2424 494 2520 555 γῆς
2562 485 2851 558 οἰκήτορες,
2898 491 2985 535 καὶ
3025 488 3090 537 τά
3132 490 3283 537 τέκνα
3329 493 3418 536 τοῦ
3463 485 3633 547 αἰῶνος
3667 491 3840 548 τούτου,

542 584 831 655 conjecto,
880 583 1105 653 quippe
1152 582 1253 652 qui
1304 583 1755 634 commoventur
1788 577 1962 632 ﬂuxis
2010 576 2144 645 hujt

2302 574 2506 625 ἐοίκασι
2559 579 2689 645 σίτῳ
2749 572 3045 645 βεϐλημένῳ
3095 575 3144 626 ἐν
3199 579 3345 644 σινίῳ
3396 582 3488 635 τῆς
3526 582 3620 645 γῆς
3667 579 3843 643 ταύτης,

545 672 755 728 mundi
800 669 1278 741 cogitationibus,
1327 674 1384 723 et
1414 667 1844 737 jactationibus
1896 672 2147 737 perpetu:

2306 664 2656 733 σινιαξόμενοι
2701 663 2748 714 ἐν
2794 662 3043 723 ἀστάτοις
3089 662 3358 733 λογισμοῖς
3394 671 3480 714 τοῦ
3526 669 3711 735 κόσμον
3748 669 3850 716 τού-

542 767 911 818 terrenarum
944 775 1165 818 rerum.
1205 756 1640 814 desideriorum
1674 772 1743 811 ac
1773 756 2069 810 variarum
2101 770 2144 807 Ct

2302 772 2415 821 του,
2474 758 2563 805 καὶ
2621 753 2761 823 σάλῳ
2828 751 3080 822 ἀπαύστῳ
3146 760 3245 804 τῶν
3304 755 3491 822 γηΐνων
3550 758 3844 825 πραγμάτων,

544 850 895 921 gitationum
917 863 1253 904 crassarum
1288 863 1299 901 :
1324 847 1586 916 jactante
1613 845 1850 899 animas
1874 845 2112 906 Satana,
2139 862 2146 892 ι

2303 844 2605 913 ὶπιθυμιῶν,
2681 848 2770 893 καὶ
2845 841 3180 893 πολυπλόκων
3255 840 3448 893 ἐννοιῶν
3521 841 3714 905 ὑλικῶν,
3778 846 3853 905 τὰς

544 939 841 996 cribrante
866 937 1081 1002 cribro,
1110 937 1223 991 hoc
1248 942 1353 999 est,
1387 934 1566 988 rebus
1592 934 1859 997 terrenis,
1893 947 2073 987 omne
2091 946 2146 1000 gi

2302 930 2490 1001 ψυχὰς
2546 928 2957 992 κλυδωνίζοντος
3010 936 3099 983 καὶ
3154 931 3473 992 σινιάζοντος
3539 938 3723 983 Σατανα
3780 928 3856 983 διὰ

543 1044 657 1084 nus
670 1028 1029 1089 humanum,
1049 1030 1291 1096 peccato
1308 1023 1637 1079 obnoxium
1663 1038 1697 1077 a
1717 1028 1979 1091 tempore
1993 1020 2145 1091 lapsi

2304 1027 2395 1071 τοῦ
2428 1025 2613 1083 σινίου,
2664 1024 2907 1072 τουτέστι
2954 1028 3051 1071 τῶν
3095 1022 3286 1090 γηΐνων
3336 1022 3658 1093 πραγμάτων,
3691 1026 3776 1070 πᾶν
3811 1022 3856 1071 τὸ

545 1117 708 1182 Adae,
762 1115 865 1187 qui
910 1120 1319 1182 transgressus
1376 1111 1747 1173 mandatum.
1803 1112 1860 1164 in
1914 1109 2147 1181 princip

2306 1107 2609 1179 ἁμαρτωλὸν
2656 1114 2797 1180 γένος
2827 1118 2927 1161 τῶν
2978 1108 3278 1180 ἀνθρώπων,
3314 1111 3412 1159 ἀπὸ
3456 1118 3546 1170 τῆς
3587 1116 3672 1159 τοῦ
3714 1105 3859 1179 Ἀδὰμ

553 1204 793 1261 malitia;
818 1207 1171 1273 potestatem
1203 1203 1382 1256 venit.
1416 1202 1543 1266 Qua
1569 1200 1661 1255 ille
1693 1204 1959 1270 accepta,
1992 1214 2155 1269 perpt

2307 1196 2608 1259 ἐκπτώσεως
2661 1197 2987 1269 παραϐάντος
3042 1202 3134 1255 τὴν
3196 1197 3399 1256 ἐντολὴν
3450 1216 3462 1228 ·
3518 1203 3603 1249 xui
3652 1199 3740 1249 ὑπὸ
3791 1200 3859 1249 τὸν

550 1294 667 1350 tuis
720 1292 999 1348 fraudum
1060 1296 1115 1347 et
1165 1289 1680 1363 perturbationum
1740 1287 2152 1357 cogitatiouiht

2306 1287 2543 1359 ἄρχοντα
2572 1295 2663 1346 τῆς
2712 1292 2961 1361 πονηρίας
2994 1292 3284 1358 γεγονότος,
3335 1286 3570 1346 λαϐόντος
3608 1287 3752 1339 αὐτοῦ
3785 1292 3861 1343 τὴν

547 1381 782 1446 cribrat,
815 1385 870 1435 et
899 1378 1126 1435 collidit
1164 1379 1361 1434 cribro
1391 1384 1558 1433 terrae
1588 1392 1800 1433 omnes
1829 1376 1982 1432 ﬁlios
2020 1376 2149 1446 hujt

2307 1373 2569 1440 ἕξουσίαν,
2633 1381 2722 1427 καὶ
2773 1375 2951 1427 λοιπὸν
3011 1375 3305 1436 ἀπαύστοις
3369 1376 3634 1448 λογισμοῖς
3694 1374 3864 1435 ἀπάτης

550 1469 773 1527 saeculi.
1261 1506 1277 1521 .
2306 1469 2396 1515 xui
2435 1463 2616 1517 κλόνου
2664 1466 2988 1527 σινιάζοντος
3041 1470 3129 1517 καὶ
3180 1468 3586 1538 προσκρούοντος
3630 1473 3695 1535 τῷ
3743 1468 3866 1534 σινίῳ

2306 1560 2398 1613 τῆς
2426 1560 2524 1623 γῆς
2552 1555 2748 1615 πάντας
2769 1557 2884 1614 τοὺς
2914 1556 3059 1615 υἱοὺς
3088 1562 3179 1606 τοῦ
3209 1554 3389 1615 αἰῶνος
3415 1557 3615 1608 τούτου.

624 1684 690 1738 Il.
743 1680 1267 1747 Quemadmodum
1314 1681 1471 1735 enim
1524 1679 1582 1734 in
1634 1678 1830 1735 cribro
1870 1678 2125 1733 triticum
2167 1693 2201 1732 a

2267 1719 2272 1762 ἰ
2382 1676 2427 1729 Β’
2464 1676 2665 1749 Ὠσπερ
2705 1680 2806 1749 γὰρ
2849 1676 2896 1729 ἐν
2937 1686 3009 1748 τῷ
3044 1684 3191 1750 σινίῳ
3233 1681 3258 1730 6
3300 1687 3439 1739 σῖτος
3478 1680 3574 1730 ὑπὸ
3613 1685 3695 1729 τοῦ
3733 1680 3869 1728 σινιά-

550 1772 848 1828 cribrante
873 1770 1152 1834 alliditur,
1186 1774 1242 1824 et
1267 1769 1324 1824 in
1354 1784 1424 1824 eo
1445 1769 1731 1836 agitatum
1758 1769 2034 1823 continue
2065 1782 2152 1820 co:

2314 1768 2488 1827 ζοντος
2543 1772 2884 1840 προσκόπτει,
2952 1772 3041 1819 καὶ
3094 1767 3141 1818 ἐν
3196 1768 3336 1838 αὐτῷ
3403 1768 3631 1828 ἀστάτως
3689 1765 3869 1817 σαλευό-

546 1861 824 1916 vertitur:
851 1861 937 1915 sic
958 1860 1238 1931 princeps
1260 1858 1497 1913 malitiae
1518 1857 1763 1912 terrenis
1783 1857 1962 1911 rebus
1980 1856 2148 1910 detin

2313 1874 2455 1927 μενος
2510 1861 2783 1930 στρέφεται
2812 1875 2823 1887 ⁸
2879 1856 3014 1908 οὕτω
3064 1853 3159 1908 διὰ
3210 1865 3308 1907 τῶν
3358 1859 3549 1927 γηίνων
3594 1857 3868 1929 πραγμάτων

546 1950 844 2011 homines,
868 1948 1057 2020 iisque
1070 1964 1171 2003 eos
1189 1948 1392 2017 agitat,
1415 1946 1733 2003 conturbat
1746 1962 1816 2001 ac
1832 1961 2146 2000 commove

2314 1947 2510 2006 πάντας
2576 1948 2693 2006 τοὺς
2760 1944 3061 2017 ἀνθρώπους
3136 1950 3355 2016 κατέχει
3423 1948 3447 1997 ό
3508 1954 3597 2006 τῆς
3658 1948 3868 2013 πονηρίας

548 2044 603 2096 et
625 2044 689 2094 ut
718 2038 1042 2093 allidantur
1062 2036 1523 2106 cogitationibus
1552 2038 1747 2100 vanis,
1776 2034 2150 2105 cupiditatibt

2316 2033 2517 2107 ἄρχων,
2556 2039 2644 2087 καὶ
2684 2031 2756 2085 δι’
2797 2036 2965 2086 αὐτῶν
3008 2035 3229 2099 σαλεύει,
3272 2041 3363 2087 καὶ
3404 2035 3579 2096 κλονεῖ,
3620 2040 3699 2085 καὶ
3736 2051 3870 2105 προσ-

554 2128 831 2199 turpibus
857 2142 926 2181 ac
964 2125 1218 2181 vinculis
1249 2126 1493 2180 terrenis
1520 2131 1575 2179 et
1616 2124 1962 2188 mundanis,
2007 2122 2156 2178 efﬁci

2316 2128 2522 2174 κόπτειν
2584 2131 2718 2175 ποιεῖ
2779 2120 3141 2195 διαλογισμοῖς
3192 2128 3456 2195 ματαίοις,
3518 2129 3603 2174 καὶ
3654 2123 3869 2193 αἰσχραῖς

548 2217 780 2287 absque
812 2215 932 2270 ulla
970 2214 1411 2271 intermissione
1442 2213 1773 2284 captivans,
1825 2212 2148 2283 perlurban

2316 2212 2620 2283 ἐπιθυμίαις
2657 2218 2745 2263 xui
2787 2208 3004 2284 δεσμοῖς
3042 2215 3242 2283 γηΐνοις
3280 2219 3373 2265 καὶ
3413 2220 3694 2283 κοσμικοῖς,
3733 2209 3867 2261 ἀστά-

547 2310 604 2361 et
641 2306 915 2359 inescans
941 2318 1121 2359 omne
1153 2318 1342 2373 genus
1371 2302 1513 2356 Adae
1543 2311 1790 2372 peccato
1820 2300 2149 2355 obnoxium

2314 2320 2410 2360 τως
2448 2300 2855 2371 αἰχμαλωτίζων
2904 2306 2992 2353 καὶ
3031 2302 3236 2365 κλονῶν,
3280 2308 3373 2354 xui
3416 2302 3658 2362 Δελεὰζων
3695 2307 3779 2351 πᾶν
3823 2302 3868 2349 τὸ

545 2391 1064 2465 quemadmodum
1091 2391 1378 2445 Dominus
1398 2390 1687 2460 apostolis
1706 2389 1965 2444 futuram
1992 2390 2147 2459 princ

2314 2390 2617 2461 ἁμαρτωλὸν
2661 2395 2807 2461 γένος
2852 2398 2942 2442 τοῦ
2975 2388 3171 2462 Ἀδὰμ,
3222 2394 3289 2453 ὡς
3323 2393 3350 2442 ό
3398 2394 3578 2461 Κύριος
3628 2396 3723 2449 τοῖς
3764 2387 3869 2438 ἀπο-

547 2484 642 2554 pis
668 2482 944 2553 nequitiae
966 2481 1251 2535 adversus
1264 2495 1365 2535 eos
1388 2480 1875 2533 insurrectionem
1898 2480 2144 2549 praedixi

2314 2478 2510 2537 στόλοις
2570 2484 2661 2536 τὴν
2718 2487 2809 2531 τοῦ
2862 2487 3090 2550 πονηροῦ
3140 2479 3254 2531 κατ’
3324 2481 3494 2532 αὐτῶν
3565 2480 3870 2530 ἐπανάστασιν

542 2570 851 2641 Expetivit
863 2568 1125 2625 Satanas
1141 2583 1239 2623 vos
1252 2567 1332 2623 ad
1344 2566 1733 2622 cribrandum
1746 2570 1898 2622 sicut
1913 2567 1995 2620 tri
2001 2568 2144 2622 ticur

2311 2567 2597 2639 μέλλουσαν
2652 2570 2863 2619 ἔσεσθαι
2914 2568 3178 2639 προέλεγεν
3213 2586 3223 2596 ·
3287 2569 3693 2641 Ἐξῃτήσατο
3737 2567 3870 2635 ὑμᾶς

546 2659 649 2716 sed
673 2674 778 2729 ego
810 2657 1022 2727 rogavi
1052 2658 1291 2713 Patrem
1324 2671 1537 2721 meum,
1570 2671 1643 2712 ne
1682 2656 1909 2723 deﬁciat
1934 2657 2080 2724 ﬁdes
2112 2672 2145 2711 υ

2311 2658 2336 2708 ὁ
2381 2662 2663 2718 Σατανᾶς
2705 2659 3009 2708 σινιάσαι
3066 2660 3142 2717 ὡς
3193 2662 3302 2709 τὸν
3363 2667 3540 2710 σῖτον
3574 2675 3585 2687 ·
3631 2656 3743 2707 ἀλλ’
3778 2657 3870 2722 ἐγὼ

545 2753 673 2804 stra
704 2748 773 2801 ⁸³.
803 2745 1061 2801 Verbum
1091 2746 1251 2799 enim
1283 2743 1429 2800 illud
1462 2745 1623 2815 quod
1654 2760 1689 2799 a
1721 2747 1992 2799 Creatore
2019 2745 2147 2800 Cain

2311 2742 2585 2805 ἐδεήθην
2638 2754 2747 2797 τοῦ
2802 2752 3051 2819 Πατρός
3099 2767 3237 2818 μου,
3295 2750 3403 2800 ἶνα
3453 2753 3535 2819 μὴ
3591 2746 3795 2815 ἐκλίπῃ
3847 2743 3868 2797 ἡ

548 2836 773 2891 dictum
808 2840 916 2899 est,
950 2839 1005 2889 et
1031 2834 1322 2888 sententia
1348 2832 1445 2888 illa
1481 2832 1679 2903 palam
1712 2832 1964 2904 prolata,
1994 2833 2147 2887 videl

2310 2841 2538 2897 πίστις
2582 2837 2771 2906 ὑμῶν.
2826 2834 2885 2887 Ὀ
2915 2838 3014 2909 γὰρ
3049 2845 3120 2906 τῷ
3152 2840 3281 2889 Κάίν
3310 2839 3415 2889 ὑπό
3446 2845 3536 2889 τοῦ
3584 2837 3874 2908 Δημιουργοῡ

545 2930 656 2989 cet,
688 2925 935 2981 Gemens
956 2938 1027 2979 ac
1050 2927 1302 2979 tremens
1328 2938 1508 2992 super
1530 2926 1748 2977 terram
1778 2922 2102 2991 agitaberis
2129 2924 2147 2957 ⁵

2308 2926 2483 2999 ῥηθεὶς
2512 2924 2682 2994 λόγος,
2706 2930 2796 2977 xui
2816 2927 2845 2983 ἠ
2878 2923 3137 2995 ἀπόφασις
3164 2926 3236 2986 εἰς
3261 2930 3322 2978 τὸ
3355 2930 3626 3000 προφανὲς,
3662 2928 3733 2985 τὸ,
3770 2922 3875 2972 Στέ-

541 3018 723 3085 typus
753 3017 808 3068 et
849 3012 1052 3082 imago
1081 3011 1316 3067 occulta
1362 3012 1633 3065 omnium
1676 3016 2057 3081 peccatorum
2092 3028 2143 3065 es

2310 3034 2447 3077 νων,
2494 3019 2601 3065 xui
2648 3018 2913 3087 τρέμων,
2960 3019 3073 3066 καὶ
3121 3020 3466 3086 σειόμενος
3512 3018 3619 3088 ἔσῃ
3662 3013 3755 3065 ἐπὶ
3788 3018 3880 3066 τῆς

543 3102 636 3158 Sic
667 3102 825 3157 enim
852 3116 1041 3170 genus
1071 3100 1233 3165 Adae,
1276 3116 1415 3155 cum
1446 3100 1716 3168 neglecto
1753 3099 1845 3154 Dei
1882 3107 2145 3171 praecept.

2309 3124 2341 3174 γ
2356 3110 2385 3161 ἤ
2407 3124 2448 3171 ς,
2493 3106 2648 3163 τύπος
2678 3108 2767 3155 καὶ
2798 3103 2943 3155 εἰκὼν
2966 3123 3168 3155 παντων
3191 3113 3291 3155 τῶν
3320 3105 3633 3177 ἁμαρτωλῶν
3656 3102 3874 3172 τνγχὰνει

538 3198 784 3264 peccato
827 3190 1159 3246 obnoxium
1208 3189 1428 3244 factum
1462 3193 1634 3253 esset,
1681 3188 1843 3243 illam
1876 3190 2135 3257 imagine

2309 3195 2443 3244 κατά
2490 3196 2547 3244 τὸ
2591 3196 2837 3264 κρυπτὸν.
2874 3192 3025 3245 Ούτω
3073 3197 3174 3264 γὰρ
3228 3192 3453 3247 ἐκπεσόν
3482 3202 3574 3255 τῆς
3620 3190 3802 3250 ἐντολῆς
3830 3190 3874 3238 τὸ

530 3280 785 3336 latenter
833 3280 891 3333 in
941 3294 1003 3333 se
1038 3278 1344 3348 possidere
1399 3277 1597 3347 cmpit,
1646 3277 1935 3343 agitatum
1994 3284 2132 3347 post

2308 3285 2452 3350 γένος
2508 3277 2700 3351 Ἀδὰμ,
2747 3286 2835 3333 xui
2886 3281 3190 3353 ἁμαρτωλὸν
3241 3286 3529 3345 καταστὰν,
3580 3281 3757 3337 ἐκείνην
3800 3281 3875 3333 τὴν

540 3368 838 3423 continuis
886 3366 1348 3436 cogitationibus
1398 3369 1593 3419 metus
1642 3369 1696 3419 et
1731 3365 1975 3427 timoris,
2019 3372 2142 3436 atqt

2309 3370 2479 3422 εἰκόνα
2508 3373 2643 3421 κατά
2669 3374 2724 3421 τὸ
2774 3375 3003 3442 κρυπτὸν
3047 3376 3315 3435 κέκτηται,
3367 3372 3694 3442 σαλευόμενον
3739 3367 3876 3419 ἀστά-

541 3455 740 3511 omnis
770 3453 1256 3524 perturbationis,
1287 3454 1463 3508 variis
1495 3452 1921 3523 cupiditatibus
1948 3460 2001 3508 et
2031 3454 2143 3508 volt

2308 3478 2412 3522 τοις
2459 3458 2733 3529 λογισμοῖς
2780 3456 2979 3522 δειλίας
3025 3480 3080 3512 τε
3126 3466 3215 3512 xui
3260 3460 3448 3533 φόϐου,
3483 3466 3569 3513 καὶ
3619 3462 3779 3518 πάσης
3806 3473 3877 3506 τα·

542 3542 827 3615 ptatibus,
869 3541 1135 3612 principe
1166 3540 1349 3611 hujus
1394 3540 1624 3605 mundi,
1657 3556 1899 3596 omnem
1931 3542 2144 3597 animal

2307 3554 2504 3618 ραχῆς⁹
2555 3545 2858 3617 ἐπιθυμίαις
2887 3553 2979 3600 xui
3010 3545 3229 3609 ἡδοναῖς
3270 3548 3629 3609 παντοδαπαῖς
3670 3552 3749 3599 xui
3776 3562 3875 3595 ποι-

540 3646 613 3687 ex
637 3632 754 3685 Deo
780 3644 901 3685 non
933 3634 1226 3695 renatam,
1258 3629 1376 3684 huc
1403 3628 1541 3684 illuc
1566 3628 1927 3700 impellente,
1957 3635 2013 3685 et
2042 3630 2142 3684 velt

2307 3634 2478 3697 κίλαις
2517 3643 2607 3688 τοῦ
2658 3638 2917 3709 ἄρχοντος
2965 3646 3054 3689 τοῦ
3103 3644 3308 3710 κόσμου
3362 3644 3550 3692 τούτου
3598 3645 3758 3690 πᾶσαν
3795 3633 3878 3704 ψυ-

540 3720 797 3776 triticum
824 3719 882 3774 in
914 3717 1109 3773 cribro
1130 3718 1418 3787 agitatum
1444 3717 1604 3773 assid
1617 3733 1687 3773 ue
1707 3719 2020 3773 hominum
2043 3736 2142 3790 cog

2307 3728 2414 3795 χὴν
2484 3720 2910 3790 κλυδωνίζοντος,
2980 3731 3073 3784 τὴν
3127 3732 3197 3798 μὴ
3266 3733 3639 3801 γεγεννημένην
3702 3724 3750 3777 ἐκ
3806 3728 3880 3773 τοῦ

536 3808 793 3865 tationes
834 3806 1246 3872 conturbante,
1289 3812 1471 3878 atque
1522 3807 1975 3863 seductionibus
2019 3808 2138 3878 huju

2309 3821 2462 3880 Θεοῦ,
2520 3820 2609 3866 καὶ
2664 3818 2729 3877 ὡς
2790 3823 2932 3867 σῖτον
2988 3815 3036 3868 ἐν
3090 3822 3238 3887 σινίῳ
3292 3824 3633 3892 στρεφόμενον
3680 3814 3881 3869 ἁστάτως

537 3896 772 3963 mundi,
801 3900 859 3952 et
886 3895 1316 3968 voluptatibus,
1350 3901 1406 3952 et
1446 3895 1759 3951 timoribus
1791 3913 1859 3951 ac
1888 3898 2139 3967 perturb;

2308 3908 2427 3965 τοὺς
2485 3912 2583 3955 τῶν
2656 3903 2936 3978 ἀνθρώπων
3006 3904 3289 3976 λογισμοὺς
3361 3908 3612 3968 ποικίλως
3666 3900 3881 3956 κλυδωνί-

538 3985 805 4043 tionibus
830 4002 1043 4042 omnes
1075 3985 1339 4055 agitante
1370 3990 1549 4056 atque
1578 3985 1903 4041 inescante.

2310 3992 2506 4057 ζοντος,
2572 3992 2619 4044 ἐν
2678 3992 2903 4055 ἀπάταις
2956 4002 3243 4065 κοσμικαῖς
3299 4001 3518 4069 σαρκὸς,
3568 4000 3653 4047 xui
3714 3990 3877 4065 φόϐοις,

2309 4086 2397 4133 xui
2430 4088 2691 4153 ταραχαῖς
2720 4083 2916 4143 πάντας
2951 4082 3286 4151 σαλεύοντος,
3330 4090 3423 4137 καὶ
3459 4082 3792 4144 δελεάζοντος.

610 4198 706 4251 Ill.
730 4197 936 4266 Itaque
964 4194 1608 4258 Dominus,ostendens
1641 4211 1745 4249 eos
1774 4196 2197 4267 quiillecebras

2381 4196 2451 4250 I".
2485 4199 2589 4251 Kui
2611 4200 2709 4269 γὰρ
2742 4199 2767 4249 6
2801 4200 2997 4271 Κύριος
3026 4203 3147 4261 τοὺς
3185 4208 3301 4262 ταῖς
3337 4200 3559 4261 ἀπάταις
3588 4204 3671 4252 xui
3700 4205 3797 4257 τοῖς
3825 4196 3885 4245 θε-

538 4288 594 4341 et
619 4283 987 4339 voluntatem
1010 4282 1299 4355 principis
1327 4298 1588 4354 nequam
1613 4290 1965 4355 sequuntur,
1992 4286 2140 4353 imag

2306 4285 2507 4356 λήμασι
2563 4294 2655 4338 τοῦ
2702 4295 2931 4358 πονηροῦ
2988 4287 3461 4351 ἐξακολουθοῦντας
3515 4288 3770 4352 δεικνύων,
3818 4285 3883 4334 ὅτι

536 4388 677 4429 nem
697 4370 1111 4427 Cainimalitias
1134 4376 1389 4439 gestare,
1406 4375 1464 4425 et
1485 4370 1926 4440 reprehendens
1948 4373 2130 4428 eosde

2306 4378 2398 4431 τὴν
2430 4373 2601 4426 εἰκόνα
2630 4383 2722 4427 τοῦ
2768 4378 2895 4428 Κάῖν
2941 4385 3032 4437 τῆς
3074 4384 3331 4450 πονηρίας
3373 4384 3638 4452 φέρουσιν,
3685 4376 3883 4445 ἐλέγχων

538 4460 684 4517 dixit
716 4479 729 4518 :
788 4461 917 4524 Vos,
947 4459 1047 4524 ait,
1081 4458 1379 4543 desideria
1423 4460 1621 4531 patris
1653 4460 1838 4516 vestri
1867 4462 2046 4516 vultis
2079 4464 2140 4532 2η

2306 4466 2488 4522 αύτούς
2513 4463 2673 4533 ἔλεγεν
2710 4482 2721 4494 ⁸
2766 4465 2987 4535 Ὑμεις,
3039 4472 3190 4537 φησὶ,
3242 4472 3352 4529 τὰς
3398 4471 3745 4539 ἐπιθυμίας
3792 4466 3886 4513 τοῦ

534 4550 758 4621 facere.
776 4548 889 4604 Ille
905 4548 1202 4604 homicida
1224 4557 1353 4605 erat
1366 4548 1441 4605 ab
1456 4548 1643 4615 initio,
1669 4554 1723 4605 et
1736 4549 1796 4604 in
1812 4550 2054 4607 veritate
2074 4568 2136 4607 nc

2308 4555 2556 4623 [ἰατρὸς
2604 4554 2772 4623 ὑμῶν
2821 4554 3034 4607 θέλετε
3073 4565 3283 4608 ποιεῖν
3318 4576 3331 4587 ο
3370 4559 3647 4617 Ἐκεῖνος
3685 4554 3886 4625 ἀνθρω-

535 4637 692 4695 stetit
709 4636 773 4690 ⁵⁵.
813 4637 1015 4709 Itaque
1048 4637 1392 4692 universum
1421 4651 1612 4706 genus
1640 4638 1782 4692 Adae
1813 4647 2055 4707 peccato
2085 4641 2137 4694 ol

2302 4647 2611 4703 ποκτόνος
2653 4638 2721 4697 ἦν
2764 4641 3093 4717 ἀπαρχῆς,
3137 4651 3244 4697 xui
3284 4647 3342 4697 ἐν
3375 4656 3447 4719 τῇ
3484 4647 3747 4714 ἀληθείᾳ
3782 4641 3886 4707 οὐχ

537 4726 808 4791 noxium,
863 4725 1429 4782 condemnationem
1474 4725 1637 4782 illam
1691 4726 1968 4782 latentem
2023 4730 2078 4783 in
2131 4749 2139 4781 ε

2302 4733 2592 4788 ἔστηκεν.
2659 4731 2821 4785 ’Ὥστε
2874 4740 2973 4785 πᾶν
3033 4734 3339 4805 ἁμαρτωλὸν
3394 4741 3536 4807 γένος
3593 4742 3680 4786 τοῦ
3735 4726 3886 4798 Ἀδὰμ

536 4816 736 4881 habet,
762 4813 1034 4871 videlicet
1057 4818 1349 4884 gementes
1370 4830 1441 4871 ac
1475 4819 1784 4871 trementes
1810 4817 1991 4880 eritis,
2018 4822 2138 4890 atqt

2302 4825 2393 4877 τήν
2428 4818 2718 4879 καταδίκην
2768 4820 2961 4879 ἐκείνην
2992 4826 3131 4875 κατὰ
3162 4829 3220 4875 τό
3253 4829 3488 4895 κρυπτὸν
3535 4829 3789 4884 κέκτηται,
3819 4820 3885 4877 τὸ,

537 4903 919 4975 agitabimini
930 4904 993 4959 in
1006 4904 1202 4960 cribro
1218 4908 1391 4959 terra
1404 4919 1439 4959 a
1456 4903 1684 4960 Satana
1698 4906 1787 4960 eri
1792 4905 1937 4961 bran
1947 4915 2019 4961 te.
2035 4907 2087 4961 Si
2097 4926 2124 4959 η
2136 4925 2139 4957 ι

2303 4914 2625 4969 Στίνοντες
2665 4916 2767 4961 xui
2811 4916 3156 4983 τρέμοντες
3196 4916 3435 4966 ἔσεσθε
3494 4922 3804 4985 σειόμενοι
3838 4906 3885 4956 ἐν

536 4994 695 5052 enim
715 4993 793 5049 ab
808 4992 1129 5049 unoAdam
1146 5008 1334 5061 genus
1347 4992 1661 5048 hominum
1681 5009 1859 5063 super
1875 5000 2025 5049 terra
2048 5014 2099 5049 In
2112 5015 2138 5048 ιι

2302 5007 2380 5069 τῷ
2424 5004 2605 5070 σινίῳ
2645 5008 2757 5061 τῆς
2792 5008 2924 5071 γῆς,
2960 5003 3077 5053 ὑπὸ
3118 5011 3227 5054 τοῦ
3272 5006 3689 5065 σινιάζοντος
3727 5009 3890 5053 Σατα-

536 5083 866 5155 tiplicatum
887 5087 973 5137 est
993 5097 1010 5146 ;
1036 5082 1114 5137 ita
1136 5097 1258 5136 una
1278 5080 1541 5151 pravitas
1559 5080 1939 5137 aﬂ'ectionum
1964 5085 2137 5138 unive

2302 5094 2393 5143 νᾶ.
2440 5087 2639 5160 Ὠσπερ
2684 5091 2784 5161 γὰρ
2834 5087 2886 5151 ἐξ
2916 5090 3025 5150 ἑνὸς
3074 5100 3164 5142 τοῦ
3207 5088 3384 5163 Ἀδὰμ
3421 5100 3521 5145 πᾶν
3563 5096 3618 5145 τὸ
3647 5095 3782 5161 γένος
3807 5095 3888 5139 τῶν

531 5188 667 5237 sum
693 5187 881 5244 genus
908 5170 1223 5226 hominum
1250 5169 1487 5230 invasit,
1515 5169 1767 5241 illosque
1798 5188 2007 5227 omnes
2038 5176 2133 5243 prii

2303 5177 2582 5250 ἀνθρώπων
2632 5180 2714 5228 ἐπὶ
2763 5186 2855 5237 τῆς
2904 5186 3002 5245 γῆς
3047 5180 3323 5250 ἓφηπλώθη
3356 5199 3368 5211 ·
3406 5184 3542 5234 οὕτω
3570 5187 3663 5253 μία
3710 5199 3784 5239 τις
3814 5196 3888 5227 κα-

530 5277 673 5334 ceps
705 5259 941 5316 malitiae
967 5257 1289 5327 continuis,
1310 5258 1548 5321 crassis,
1578 5260 1743 5315 vanis
1772 5276 1841 5315 ac
1872 5262 2123 5317 tumultu

2301 5270 2390 5317 κία
2422 5274 2519 5317 τῶν
2580 5269 2754 5318 παθῶν
2808 5267 2881 5329 εἰς
2911 5273 2965 5319 τὸ
3020 5268 3324 5341 ἁμαρτωλὸν
3376 5276 3524 5339 γένος
3572 5280 3666 5322 τῶν
3713 5268 3884 5338 ἀνθρὼ-

530 5350 609 5407 sis
639 5347 1101 5419 cogitationibus
1134 5352 1327 5417 potest
1352 5346 1635 5402 cribrare.
1673 5350 1815 5404 Nam
1851 5350 1997 5405 sicut
2032 5368 2132 5406 um

2302 5374 2408 5406 πων
2466 5352 2805 5424 ἕγκατέδυσε,
2847 5362 2937 5408 καὶ
2975 5360 3173 5419 πάντας
3216 5360 3240 5409 ὁ
3279 5368 3373 5418 τῆς
3414 5365 3604 5421 κακίας
3638 5361 3809 5428 ἄρχων
3843 5352 3882 5404 ἓν

531 5442 743 5496 ventus
772 5452 984 5495 omnes
1017 5436 1253 5509 plantas
1283 5451 1353 5491 ac
1386 5437 1621 5493 semina
1656 5442 1847 5509 potest
1878 5440 2101 5509 agitare

2306 5443 2577 5510 ἀστάτοις,
2618 5450 2706 5496 xui
2748 5444 2964 5512 ὑλικοίς,
3009 5452 3098 5499 xui
3137 5452 3407 5519 ματαίοις,
3446 5454 3535 5501 xui
3573 5442 3875 5523 ταραχώδεσ

601 5635 653 5673 ⁸³
676 5634 818 5690 Luc.
844 5648 987 5702 χιιι,
1015 5636 1105 5699 31,
1138 5632 1226 5689 32.
1303 5632 1353 5671 “
1385 5634 1530 5691 Gen.
1560 5648 1641 5701 iv,
1669 5634 1760 5689 12.
1838 5634 2090 5695 "-Joan.
2126 5647 2203 5695 vn

850 5648 987 5702 χιιι,
1015 5636 1105 5699 31,
1138 5632 1226 5689 32.
1303 5632 1353 5671 “
1385 5634 1530 5691 Gen.
1560 5648 1641 5701 iv,
1669 5634 1760 5689 12.
1838 5634 2090 5695 "-Joan.
2126 5628 2409 5708 νίψῃς..
2443 5667 2452 5675 .
