4058 6194
220 290 340 351 497

1521 291 1861 352 nouum.
1899 325 1972 339 —
2007 263 2188 355 non.
2222 299 2289 354 v.

3483 299 3608 364 ‘98.

220 419 493 491 λογισμοῖς
543 419 796 479 σινιάζειν
845 417 1076 492 ἐπαρκεῖ.
1117 415 1322 492 Ὠσπερ
1373 420 1474 490 γὰρ
1525 417 1599 480 εἷς
1642 419 1829 491 ἄνεμος

1942 426 2484 488 commovere;aut
2526 422 2710 480 veluti
2763 441 2898 482 uate
2944 426 3203 484 tenebrm
3247 429 3436 485 noctis
3478 445 3588 502 per

223 511 393 562 πάντα
447 511 514 560 τὰ
566 511 701 581 φυτὰ
754 515 844 560 καὶ
895 511 960 561 τὰ
1027 513 1303 581 σπέρματα
1368 507 1582 579 ἐπαρκεῖ
1637 507 1827 561 κλονεῖν

221 603 311 650 καὶ
351 602 508 650 σείειν
538 618 550 630 ·
609 601 638 654 ἦ
682 599 856 670 ὥσπερ
905 599 954 649 ἓν
1013 603 1200 658 σκότος
1238 605 1333 658 τῆς
1371 601 1553 657 νυκτός
1591 595 1674 648 ἐπὶ
1735 604 1828 649 πᾶ-

227 705 321 738 σαν
380 691 476 744 τὴν
520 685 825 756 οἰκουμένην
873 684 1208 758 ἒφαπλοῦται,
1259 684 1420 747 οὓτως
1474 686 1499 736 ό
1545 693 1639 747 τῆς
1673 705 1828 743 πονη-

222 781 338 848 ρίας
381 776 584 848 ἄρχων,
647 779 834 836 σκότος
875 793 928 825 τι
982 775 1186 842 λογικὸν
1243 778 1426 834 κακίας
1467 779 1553 826 καὶ
1606 776 1826 826 θανάτου

224 867 502 938 ὑπάρχων,
539 868 628 916 καὶ
670 865 858 934 ἄνεμός
913 882 991 926 τις
1048 868 1275 934 κρυπτὸς
1331 869 1420 915 καὶ
1472 864 1654 936 ἄγριος
1707 883 1828 934 τυγ-

221 957 422 1025 χάνων,
480 958 582 1004 πᾶν
647 957 706 1004 τὸ
760 951 844 1005 ἐπὶ
901 961 996 1014 τῆς
1047 960 1143 1024 γῆς
1194 957 1340 1022 γένος
1395 961 1494 1005 τῶν
1546 952 1827 1027 ἀνθρώπων

220 1039 550 1104 κλυδωνίζει,
608 1047 696 1093 καὶ
757 1045 1018 1116 περιφέρει
1075 1040 1323 1104 ἀστάτοις
1376 1041 1671 1114 λογισμοῖς,
1739 1047 1827 1094 καὶ

223 1129 523 1202 ἄπιθυμίαις
561 1136 766 1202 κόσμου
809 1126 1064 1191 δελεάζων
1099 1134 1192 1193 τὰς
1229 1127 1456 1202 καρδίας
1493 1140 1594 1183 τῶν
1634 1129 1828 1202 ἀνθρώ-

220 1240 347 1284 πων,
404 1225 494 1272 καὶ
555 1226 774 1280 σκότους
823 1219 1109 1290 ἀγνωσίας,
1167 1226 1451 1291 πηρώσεως
1510 1225 1599 1272 καὶ
1663 1219 1827 1280 λήθης

218 1309 553 1380 ἐμπίμπλησι
599 1314 777 1362 πᾶσαν
835 1309 1042 1380 ψυχὴν,
1099 1313 1194 1367 τὴν
1234 1314 1304 1380 μὴ
1355 1310 1544 1361 ἄνωθεν
1590 1329 1825 1380 γεγεννη-

1940 509 2276 564 universam
2335 517 2550 566 terram
2628 513 3140 585 multiplicantur:
3177 517 3259 572 ita
3315 522 3592 589 princeps

1940 598 2202 662 ωᾶιὶὶιιν,
2232 600 2334 671 qui
2367 606 2456 654 est
2487 601 2644 657 velut
2691 604 2970 660 tenebrae
2999 605 3321 662 rationales
3351 608 3591 663 malitias

1938 692 1994 740 et
2047 688 2277 752 mortis,
2311 704 2380 742 ac
2433 689 2592 743 velut
2647 697 2857 746 ventus
2887 693 3156 748 occultus
3213 702 3268 750 et
3313 697 3590 764 agrestis,

1938 791 2118 830 omne
2177 790 2365 843 genus
2397 777 2755 842 humanum,
2812 781 2976 852 quod
3021 787 3111 838 est
3136 799 3314 855 super
3345 790 3589 852 terram,

1938 864 2256 920 conturbat
2286 880 2355 919 ac
2385 865 2735 936 circumagit
2767 871 3064 924 continuis
3087 873 3584 941 cogitationibus:

1937 958 1993 1009 et
2025 953 2430 1024 voluptatibus
2457 957 2665 1010 mundi
2695 957 2920 1012 inescat
2949 959 3134 1014 corda
3179 960 3493 1018 hominum
3518 979 3589 1018 ac

1939 1043 2318 1099 tenebrarum
2346 1044 2704 1112 ignorantia,
2723 1047 2981 1102 caacitate
3004 1054 3059 1102 et
3078 1047 3374 1104 oblivione
3401 1051 3591 1122 replet

1935 1149 2179 1188 omnem
2193 1131 2462 1188 animam
2478 1134 2736 1204 desuper
2749 1151 2866 1189 non
2888 1141 3181 1201 renatam,
3199 1143 3375 1208 atque
3389 1144 3590 1194 mente

1937 1228 1992 1278 et
2045 1226 2248 1280 animo
2297 1225 2352 1278 in
2417 1222 2704 1278 saeculum
2737 1223 2901 1278 aliud
2946 1240 3064 1280 non
3104 1225 3491 1281 translatam:
3529 1233 3588 1283 ut

1938 1311 2165 1369 dictum
2197 1319 2319 1368 est:
2350 1313 2573 1368 Nostra
2615 1313 2983 1369 conversatio
3014 1316 3075 1368 in
3105 1315 3267 1370 cretis
3297 1321 3383 1370 est
3415 1316 3484 1366 ⁸⁸.

212 1403 394 1470 μένην,
454 1402 545 1450 καὶ
593 1406 666 1468 τῷ
716 1402 1009 1472 φρονήματι
1055 1402 1143 1449 καὶ
1189 1398 1261 1468 τῷ
1305 1405 1374 1468 νῷ
1417 1397 1465 1450 iv
1506 1397 1643 1469 ἄλλῳ
1685 1399 1831 1451 αἰῶνι
1869 1400 2320 1472 μεταϐεϐηκυῖαιν
2369 1404 2536 1462 καθὼς
2566 1405 2769 1474 εἴρηται
2797 1419 2808 1431 ⁸
2870 1401 3074 1474 Ἠμῶν
3141 1399 3213 1455 δε
3279 1407 3348 1456 τὸ
3413 1402 3588 1455 πολί-

212 1505 424 1559 τευμα
486 1486 546 1539 ἕν
606 1487 919 1559 οὐρανοῖς
985 1489 1294 1561 ὑπάρχει.

285 1613 357 1666 Δ’.
423 1611 505 1666 Ἐν
567 1615 734 1684 τούτῳ
799 1615 897 1685 γὰρ
952 1608 1291 1686 διαφέρουσιν
1342 1613 1392 1664 οἱ
1451 1611 1659 1674 ἀληθεῖς
1700 1621 1827 1686 Χρι-

213 1706 419 1753 στιανοὶ
469 1705 662 1762 παντὸς
699 1708 792 1754 τοῦ
833 1705 1008 1772 γένους
1044 1708 1143 1753 τῶν
1187 1699 1488 1775 ἀνθρώπων,
1536 1707 1624 1754 καὶ
1664 1701 1821 1761 πολλὴ

2008 1617 2094 1670 IV.
2120 1617 2181 1670 In
2205 1616 2320 1672 hoc
2346 1615 2504 1672 enim
2529 1614 2811 1671 differunt
2833 1615 2950 1670 veri
2980 1615 3291 1672 Christiani
3317 1616 3396 1672 ab
3417 1614 3592 1673 omni

1937 1719 2150 1774 genere
2174 1705 2528 1772 hominum;
2553 1711 2609 1761 et
2634 1721 2858 1774 magna
2887 1704 3591 1764 diﬂ‘erentiainterutros-

213 1787 506 1849 διάστασις
565 1789 756 1862 μεταξύ
817 1788 1112 1862 ἀμφοτέρων
1173 1791 1449 1861 τυγχάνει,
1504 1793 1573 1851 ὡς
1624 1790 1821 1863 προελέ-

1942 1809 2073 1866 que,
2107 1799 2170 1848 ut
2200 1794 2470 1865 praedixi,
2508 1799 2782 1849 versatur
2827 1795 2884 1848 in
2938 1809 3030 1858 eo,
3063 1794 3227 1866 quod
3269 1795 3508 1850 animus
3535 1801 3592 1852 et

205 1898 394 1949 γομεν,
456 1878 504 1930 ἐν
557 1886 628 1949 τῷ
685 1882 771 1931 τόν
832 1886 948 1931 νοῦν
1012 1883 1102 1930 καὶ
1162 1883 1255 1936 τὴν
1315 1875 1552 1931 διάνοιαν
1607 1882 1826 1932 πάντοτε

207 1966 258 2019 ἄν
317 1977 393 2037 τῷ
441 1967 664 2041 οὐρανίῳ
714 1973 1004 2040 φρονήματι
1041 1969 1342 2039 τυγχάνειν,
1393 1973 1482 2020 καὶ
1525 1971 1591 2020 τὰ
1642 1969 1828 2020 αἰώνια

211 2057 397 2126 ἀγαθὰ
456 2056 850 2128 ἐνοπτρίξεσθαι
917 2054 1010 2110 διά
1070 2061 1163 2114 τὴν
1214 2062 1498 2128 μετουσίαν
1565 2064 1656 2110 καὶ
1711 2077 1822 2129 μετο

212 2151 360 2216 οχὲν
416 2153 510 2198 τοῦ
559 2150 854 2216 Πνεύματος
907 2154 999 2199 τοῦ
1052 2146 1226 2215 ἁγίου,
1277 2154 1350 2216 τῷ
1396 2148 1586 2199 ἄνωθεν
1643 2147 1828 2208 αὐτοὺς

206 2240 271 2288 ix
337 2243 474 2288 Θεοῦ
534 2239 897 2307 γεγεννῆσθαι,
965 2241 1050 2287 καὶ
1099 2239 1249 2288 τέκνα
1314 2242 1446 2288 Θεοῦ
1503 2235 1552 2287 iv
1614 2234 1830 2308 ἀληθείᾳ

203 2330 306 2377 καὶ
364 2321 589 2396 δυνάμει
644 2327 884 2394 γενέσθαι
939 2323 1322 2392 κατηξιῶσθαι,
1377 2329 1464 2377 καὶ
1513 2325 1585 2387 εἰς
1639 2327 1828 2378 στάσιν

203 2419 305 2466 καὶ
355 2409 694 2486 ἑδραιότητα,
733 2419 823 2467 καὶ
872 2413 1156 2486 ἀταραξίαν
1210 2417 1300 2466 καὶ
1343 2417 1676 2467 κατάπαυσιν
1733 2416 1826 2467 αῦ-

204 2507 333 2564 τοῦς
402 2499 497 2554 διά
557 2502 752 2555 πολλῶν
819 2503 1026 2574 ἀγώνων
1087 2513 1178 2558 καὶ
1235 2510 1426 2570 κόπων,
1480 2509 1570 2556 καὶ
1625 2508 1828 2578 χρόνων

203 2597 617 2656 κατηντηκὲναι,
694 2597 881 2664 μηκέτι
959 2595 1348 2666 σινιαζομένους
1420 2602 1510 2646 καὶ
1584 2614 1828 2666 κυμαινο-

203 2688 400 2752 μένους
476 2680 525 2733 ἕν
589 2682 852 2747 ἀστάτοις,
930 2689 1018 2736 καὶ
1083 2689 1328 2756 ματαίοις
1390 2684 1666 2756 λογισμοῖς
1707 2702 1720 2714 ⁸
1781 2683 1830 2738 ἐν

205 2776 385 2842 τούτῳ
437 2772 540 2824 εἰσὶ
591 2775 804 2842 μείζους
860 2778 948 2824 καὶ
995 2778 1278 2846 κρείττονες
1329 2782 1419 2826 τοῦ
1463 2778 1686 2846 κόσμου,
1738 2769 1832 2825 διὰ

204 2866 263 2912 τό
320 2864 416 2912 τόν
469 2868 587 2911 νοῦν
636 2860 802 2911 αὐτῶν
854 2867 943 2914 καὶ
993 2866 1050 2914 τό
1106 2883 1348 2936 φρόνημα
1398 2871 1494 2923 τῆς
1551 2862 1735 2934 ψυχῆς
1783 2865 1831 2914 ἐν

203 2957 268 3020 τῇ
338 2956 436 2999 τοῦ
497 2956 730 3022 Χριστοῦ
782 2949 979 3024 εἰρήνῃ,
1029 2956 1116 3004 καὶ
1175 2951 1224 3004 ἐν
1278 2961 1338 3025 τῇ
1394 2960 1483 3004 τοῦ
1540 2954 1831 3022 Πνεῦματος

206 3038 397 3109 ἀγάπη
459 3041 783 3109 τυγχάνειν’
847 3041 1019 3113 ὥσπερ
1078 3045 1167 3094 καὶ
1221 3043 1246 3092 ό
1309 3044 1499 3113 Κύριος
1558 3045 1676 3113 περὶ
1731 3049 1832 3092 τῶν

1936 1882 2264 1938 intellectus
2317 1883 2786 1938 Christianorum
2847 1898 3086 1953 semper
3134 1883 3292 1938 circa
3319 1883 3587 1941 caelestes

1937 1974 2326 2042 cogitationes
2359 1980 2646 2035 versetur,
2697 1977 2754 2027 et
2785 1971 3049 2028 cmlestia
3082 1972 3242 2028 bona
3288 1973 3590 2030 intueatur

1937 2068 2178 2133 propter
2209 2063 2726 2134 participationem
2758 2061 3008 2133 Spiritus
3030 2062 3217 2116 sancti
3245 2080 3257 2126 ;
3290 2062 3453 2132 quod
3486 2064 3592 2119 de-

1938 2167 2120 2222 super
2143 2167 2211 2206 ex
2241 2153 2356 2206 Deo
2386 2151 2528 2215 nati,
2563 2155 2619 2206 et
2649 2157 2709 2206 ut
2740 2151 2889 2206 ﬁant
2913 2149 3013 2205 ﬁlii
3049 2151 3146 2205 Dei
3177 2152 3236 2204 in
3273 2151 3516 2207 veritate
3534 2156 3592 2208 et

1939 2240 2221 2310 potentia,
2251 2240 2417 2308 digni
2447 2239 2766 2294 existimati
2801 2239 2941 2304 sint,
2968 2245 3145 2310 atque
3177 2239 3254 2294 ad
3291 2244 3510 2295 statum
3535 2245 3593 2296 et

1939 2329 2340 2395 stabilitatem,
2369 2334 2425 2384 et
2448 2327 2931 2399 tranquillitatem
2955 2344 3026 2383 ac
3048 2329 3312 2399 requiem
3339 2344 3444 2400 per
3466 2345 3589 2385 ma-

1940 2431 2090 2485 gnos
2110 2417 2345 2472 labores
2365 2433 2434 2473 ac
2457 2417 2707 2472 sudores
2735 2415 2919 2471 multa
2952 2422 3085 2488 post
3109 2423 3382 2488 tempora
3406 2417 3589 2474 deve-

1940 2506 2152 2572 nerint,
2205 2505 2366 2561 nullo
2425 2506 2684 2577 amplius
2737 2505 2901 2560 cribo
2956 2505 3179 2575 agitati,
3238 2522 3432 2578 neque
3480 2505 3590 2561 ﬂu-

1940 2601 2207 2650 ctuantes
2235 2597 2290 2650 in
2321 2595 2565 2650 caducis
2588 2611 2658 2650 ac
2681 2595 2849 2649 vanis
2871 2595 3355 2663 cogitationibus.
3388 2598 3447 2650 ln
3468 2612 3590 2667 quo

1942 2684 2201 2754 majores
2232 2701 2301 2738 ac
2335 2683 2608 2739 meliores
2641 2689 2780 2738 sunt
2840 2683 3090 2748 mundo,
3123 2699 3194 2739 eo
3223 2683 3387 2754 quod
3430 2684 3593 2740 intel-

1940 2772 2125 2828 lectus
2156 2789 2386 2838 eorum,
2419 2779 2473 2828 et
2500 2773 2782 2844 cogitatio
2825 2773 3041 2828 animas
3079 2773 3136 2827 in
3179 2773 3391 2829 Christi
3421 2789 3590 2844 pace,

1941 2863 2192 2934 atquein
2212 2859 2523 2917 dilectione
2551 2862 2800 2931 Spiritus
2823 2867 3101 2924 versetur,
3133 2862 3280 2914 sicut
3306 2862 3591 2917 Dominus

1940 2950 2014 3005 de
2031 2951 2191 3005 hisce
2219 2966 2560 3005 sermonem
2605 2949 2856 3012 habens,
2887 2949 3070 3004 dixit:
3125 2951 3240 3004 Eos
3281 2951 3592 3007 transit'sse

1891 3079 1898 3107 ε
1939 3054 2015 3097 ea:
2037 3043 2224 3095 morte
2250 3039 2312 3095 in
2345 3041 2522 3095 vitam
2556 3041 2624 3091 ⁸⁷.
2659 3041 2782 3093 Non
2815 3038 2991 3106 igitur
3020 3039 3076 3092 in
3108 3038 3316 3107 ﬁguris
3341 3043 3446 3093 aut
3471 3038 3589 3094 for-

203 3130 465 3179 τοιούτων
521 3123 913 3201 διεξερχόμενος
965 3129 1103 3200 ἔλεγε
1158 3130 1562 3202 μεταϐεϐηκέναι
1630 3128 1681 3182 ix
1739 3135 1829 3182 τοῦ

1943 3128 2056 3184 mis
2082 3128 2472 3183 exterioribus
2493 3127 2804 3182 diversitas
2818 3126 3285 3184 Christianorum
3299 3127 3585 3182 consistit.

205 3217 447 3268 θανάτου
503 3216 571 3276 εἰς
627 3221 721 3274 τὴν
781 3221 937 3280 ζωήν.
999 3226 1286 3291 Τοιγαροῦν
1337 3220 1430 3272 οῦκ
1479 3219 1527 3272 ἕν
1578 3224 1831 3292 σχήμασι

202 3311 298 3357 καὶ
371 3307 556 3366 τύποις
620 3305 878 3378 ἑξωτίροις
936 3309 963 3365 ἡ
1018 3307 1288 3370 ἀλλοίωσις
1342 3317 1442 3361 τῶν
1501 3317 1829 3383 Χριστιανῶν

202 3397 474 3467 ὑπάρχει,
531 3396 600 3454 ὡς
651 3397 700 3446 οἱ
754 3395 929 3448 πολλοὶ
988 3395 1036 3448 ἓν
1080 3400 1248 3469 τούτῳ
1297 3402 1493 3450 οἴονται
1553 3395 1681 3451 εἶναι
1736 3402 1830 3456 τὴν

204 3480 479 3554 διαφορὰν
536 3488 626 3534 καὶ
673 3480 942 3556 διάκρισιν
993 3486 1186 3556 μεταξὺ
1235 3492 1326 3539 καὶ
1365 3487 1533 3538 αὐτῶν
1586 3489 1634 3539 ἑν
1691 3491 1830 3558 σχή-

204 3591 355 3643 μασι
401 3576 492 3623 καὶ
543 3574 724 3634 τύποις
752 3589 764 3601 ⁸
812 3579 901 3626 καὶ
955 3570 1071 3627 ἰδού
1125 3584 1195 3646 τῷ
1243 3584 1311 3646 νῷ
1358 3581 1447 3628 καὶ
1496 3583 1557 3648 τῇ
1619 3572 1831 3648 διανοίᾳ

204 3663 393 3731 ὅμοιοι
440 3669 509 3729 τῷ
557 3667 739 3732 κόσμῳ
787 3666 1135 3734 τυγχάνουσι.
1184 3669 1270 3718 τόν
1318 3669 1530 3738 σεισμόν
1574 3671 1662 3717 καὶ
1706 3664 1832 3716 ἀκα-

201 3754 511 3802 ταστασίαν
558 3760 655 3800 τῶν
703 3750 988 3823 λογισμῶν,
1032 3757 1121 3805 καὶ
1168 3753 1438 3820 ἀπιστίαν,
1494 3760 1582 3807 καὶ
1628 3758 1833 3826 σύγχυο

204 3860 316 3902 σιν,
374 3844 465 3890 καὶ
507 3845 770 3910 ταραχὴν,
820 3847 909 3892 καὶ
960 3838 1156 3894 δειλίαν
1200 3845 1270 3904 ὡς
1312 3845 1499 3905 πάντες
1551 3847 1599 3896 οἱ
1637 3845 1832 3914 ἄνθρω,

203 3949 298 3980 ποι
363 3929 589 3999 ἔχοντες.
650 3934 746 3981 Καὶ
803 3937 875 3999 τῷ
931 3934 1022 4002 μεν
1080 3937 1347 4004 σχήματι,
1397 3938 1486 3985 καὶ
1536 3941 1608 4004 τῷ
1659 3928 1831 3985 δοκεῖν

203 4026 303 4070 τοῦ
370 4021 575 4087 κόσμου
627 4014 960 4092 διαφέρουσι,
1007 4024 1098 4071 καί
1142 4039 1280 4072 τισιν
1336 4021 1602 4093 ἰξωτέροις
1648 4039 1834 4094 κατορ-

206 4108 432 4177 σώμασι
461 4126 474 4138 ·
525 4114 587 4178 τῇ
631 4102 692 4159 δε
729 4103 945 4180 καρδίᾳ,
995 4115 1086 4161 καὶ
1127 4117 1198 4180 τῷ
1246 4117 1335 4180 νῷ,
1385 4109 1433 4161 ἕν
1476 4118 1587 4172 τοῖς
1631 4113 1834 4182 γηίνοις

207 4192 442 4265 δεσμοῖς
496 4190 755 4261 δέδενται,
807 4193 1100 4249 ἀνάπαυσιν
1144 4199 1198 4249 ἐκ
1249 4206 1340 4250 τοῦ
1390 4206 1521 4251 Θεοῦ
1560 4204 1649 4251 καὶ
1697 4201 1834 4274 εἰρή-

204 4304 302 4340 νην
362 4287 458 4341 τὴν
506 4291 595 4336 τοῦ
651 4287 942 4356 Πνεύματος
992 4287 1232 4358 οὐράνιον
1293 4285 1340 4339 ἓν
1399 4296 1459 4361 τῇ
1514 4285 1713 4362 καρδίᾳ
1758 4293 1830 4361 μη

205 4376 560 4444 κεκτημένου
614 4371 722 4426 ἐπεὶ
768 4371 855 4426 οὖν
903 4375 998 4428 οῦκ
1045 4376 1310 4436 ἐζήτησαν
1352 4380 1494 4450 παρὰ
1537 4385 1691 4443 Θεοῦ,
1742 4383 1832 4432 καὶ

204 4463 309 4514 οῦκ
339 4460 650 4514 ἐπίστευσαν
675 4466 867 4515 τούτων
897 4464 1308 4527 καταξιωθῆναι.

285 4567 364 4620 E'.
422 4569 503 4621 Ἐν
547 4573 649 4640 γὰρ
698 4578 759 4643 τῇ
813 4577 906 4622 τοῦ
954 4575 1070 4634 νοός
1119 4571 1440 4625 ἀνακαινίσει
1487 4578 1576 4626 καὶ
1630 4581 1687 4647 τῇ
1732 4583 1832 4626 τῶν

207 4658 488 4729 λογισμῶν
556 4658 754 4730 εἰρήνη,
819 4665 907 4712 καὶ
965 4669 1026 4732 τῇ
1097 4669 1188 4713 τοῦ
1253 4667 1446 4734 Κυρίου
1501 4663 1680 4736 ἀγάπῃ
1741 4668 1832 4716 καὶ

209 4749 446 4819 οὐρανίῳ
517 4749 689 4820 ἔρωτι,
763 4750 793 4805 ἡ
871 4755 1020 4808 καινὴ
1095 4755 1271 4811 κτίσις
1336 4760 1435 4803 τῶν
1501 4759 1830 4823 Χριστιανῶν

209 4840 427 4888 πάντων
475 4835 755 4908 ἀνθρώπων
807 4845 899 4890 τοῦ
949 4844 1150 4911 κόσμου
1201 4836 1452 4913 διαρίρει.
1507 4844 1593 4892 Διό
1652 4846 1739 4894 καὶ
1797 4843 1827 4899 ἠ

209 4922 419 4982 illum;
476 4928 566 4972 τοῦ
620 4926 815 4993 Κυρίου
879 4927 1076 4994 γέγονε.
1144 4928 1336 4976 τούτων
1391 4933 1488 4976 τῶν
1554 4944 1832 4996 πνευματι-

209 5021 318 5062 κῶν
387 5011 596 5078 ἀγαθῶν
658 5011 983 5074 καταξιῶσαι
1045 5017 1157 5073 τοῦς
1219 5012 1424 5074 ἀληθῶς
1488 5017 1831 5076 πιστεύοντας

212 5101 286 5160 εἱς
342 5100 520 5152 αᾶτόν.
578 5107 906 5171 Χριστιανῶν
957 5105 1056 5173 γὰρ
1099 5104 1128 5160 ἡ
1183 5098 1334 5168 δόξα,
1386 5108 1474 5154 καὶ
1517 5107 1574 5155 τό
1627 5103 1827 5170 κάλλος,

213 5194 301 5240 καὶ
365 5190 393 5240 ὀ
442 5186 659 5249 πλοῦτος
706 5188 732 5239 ό
786 5189 1024 5259 οὐράνιος
1075 5188 1328 5253 ἀλαλητός
1383 5190 1515 5256 ἔστι,
1571 5197 1659 5244 καὶ
1699 5196 1830 5262 μετά

214 5284 395 5341 πόνου,
456 5282 545 5329 καὶ
605 5273 860 5349 ἱδρώτων,
919 5285 1009 5331 καὶ
1062 5276 1410 5351 δοκιμασιῶν,
1472 5285 1562 5332 καὶ
1619 5279 1828 5350 ἀγώνων

215 5366 416 5417 πολλῶν
448 5370 785 5438 ποριζόμενος
810 5384 822 5397 ⁸
864 5371 922 5420 τό
961 5365 1019 5421 δε
1049 5368 1182 5434 ὅλον,
1225 5371 1410 5444 χάριτι
1448 5374 1594 5425 Θεοῦ.
1633 5370 1689 5424 Εἰ
1725 5373 1826 5444 γάρ

220 5458 248 5512 ἡ
287 5463 382 5507 τοῦ
429 5455 651 5509 ἕπιλείου
696 5455 953 5529 βασιλέως
1001 5460 1092 5512 θέα
1129 5457 1424 5532 ἐπιθυμητή
1478 5462 1623 5534 παρά
1665 5465 1829 5512 πᾶσιν

294 5647 348 5686 ⁸⁸
377 5646 636 5724 Philipp.
664 5663 750 5722 ω,
841 5651 934 5709 20.
959 5649 1010 5694 ⁸³
1041 5649 1216 5710 toan.
1241 5663 1299 5718 ν.
1403 5688 1427 5708 .
1455 5692 1458 5695 -

1941 3217 2459 3291 quemadmodum
2490 3217 2548 3271 in
2582 3216 2696 3270 hoc
2721 3214 3064 3270 existimant
3086 3214 3255 3270 multi
3271 3216 3591 3271 consistere

1940 3307 2344 3363 diversitatem
2369 3321 2439 3361 ac
2459 3304 2855 3361 differentiam
2880 3305 3031 3360 inter
3051 3319 3170 3368 eos,
3194 3304 3252 3359 in
3276 3303 3590 3375 superﬁcie

1940 3413 2010 3452 ac
2040 3397 2269 3463 ﬁguris.
2293 3395 2522 3466 Quippe
2553 3395 2717 3466 quod
2751 3393 2896 3448 tales
2943 3399 3138 3449 mente
3165 3397 3343 3465 atque
3369 3393 3593 3462 cogita-

1943 3487 2098 3542 tione
2120 3485 2340 3540 similes
2371 3489 2507 3538 sunt
2533 3483 2781 3550 mundo,
2807 3499 2875 3537 ac
2907 3483 3310 3538 commotione
3333 3488 3389 3536 et
3411 3482 3589 3538 insta-

1939 3574 2164 3631 bilitate
2196 3572 2646 3642 cogitationum,
2675 3571 3102 3638 incredulitate,
3137 3569 3512 3638 confusione,
3536 3576 3596 3627 et

1940 3662 2390 3733 perturbatione
2422 3678 2491 3716 ac
2522 3668 2706 3729 metu,
2742 3667 2800 3715 ut
2833 3661 3027 3715 caeteri
3058 3676 3268 3715 omnes
3294 3660 3592 3725 homines,

1939 3753 2224 3809 laborent.
2259 3751 2321 3805 Et
2342 3751 2397 3804 hi
2426 3750 2670 3821 quidem
2694 3749 3006 3819 superﬁcie
3025 3752 3196 3802 tenus
3217 3765 3286 3803 ac
3310 3748 3594 3818 opinione

1941 3849 1995 3897 et
2027 3847 2269 3896 externo
2289 3838 2558 3910 quodam
2581 3844 2735 3891 recte
2758 3837 2937 3898 facto,
2962 3852 2997 3890 a
3017 3835 3245 3890 mundo
3265 3835 3548 3891 differunt
3575 3856 3588 3895 :

1942 3929 2045 3986 sed
2078 3928 2256 3983 corde
2304 3933 2484 3998 atque
2529 3927 2732 3980 animo
2776 3925 3022 3978 terrenis
3069 3923 3296 3995 laqueis
3326 3923 3596 3994 impediti

1943 4025 2101 4083 sunt,
2131 4017 2396 4088 requiem
2421 4014 2688 4069 divinam
2705 4021 2760 4068 et
2781 4013 3079 4068 cmlestem
3103 4028 3311 4082 pacem
3339 4012 3590 4082 Spiritus

1943 4108 2000 4163 in
2034 4105 2212 4161 corde
2253 4120 2374 4159 non
2419 4103 2815 4176 possidentes,
2863 4117 2932 4157 eo
2957 4100 3120 4174 quod
3154 4116 3274 4156 non
3318 4101 3596 4172 petierint

1943 4212 1980 4252 a
2014 4197 2152 4259 Deo,
2207 4209 2313 4248 nec
2361 4193 2430 4248 iis
2475 4209 2536 4248 se
2583 4191 2939 4247 crediderint
2981 4191 3199 4260 dignos
3251 4195 3592 4262 reputatum

1945 4301 2033 4340 ll‘l.

2013 4569 2074 4622 V.
2106 4571 2208 4623 Per
2241 4567 2458 4624 mentis
2507 4567 2665 4623 enim
2694 4567 3170 4632 renovationem,
3207 4572 3264 4622 et
3293 4567 3598 4637 cogitatio-

1943 4675 2087 4714 num
2120 4656 2631 4729 tranquillitatem,
2686 4662 2742 4712 et
2802 4655 3180 4712 dilectionem
3231 4657 3488 4718 Domini.
3544 4660 3599 4713 et

1941 4763 2210 4804 amorem
2244 4746 2567 4810 caelestem,
2601 4747 2800 4800 omnis
2833 4759 2991 4800 nova
3018 4747 3289 4799 creatura
3316 4743 3599 4800 Christia-

1941 4853 2155 4892 norum
2188 4836 2265 4892 ab
2289 4835 2637 4891 hominibus
2668 4832 2852 4905 hujus
2886 4832 3092 4889 mundi
3117 4833 3436 4904 discrepat.
3465 4835 3598 4888 Pro-

1942 4931 2143 4997 pterea
2172 4924 2331 4980 enim
2363 4925 2657 4980 adventus
2719 4923 2948 4978 Domini
3001 4920 3268 4990 contigit,
3323 4926 3386 4976 ut
3434 4921 3598 4977 hisce

1941 5013 2348 5085 spiritualibus
2372 5013 2545 5068 bonis
2558 5012 2906 5084 dignaretur
2919 5025 3054 5066 vere
3082 5011 3138 5066 in
3163 5026 3225 5065 se
3253 5010 3590 5067 credentes.

1938 5102 2138 5158 Gloria
2189 5103 2348 5156 enim
2399 5101 2874 5156 Christianorum
2905 5105 2961 5154 et
2991 5098 3394 5169 pulchritudo,
3424 5102 3478 5155 et
3504 5097 3601 5154 di-

1941 5192 2095 5246 vitias
2123 5190 2392 5246 cmlestes
2418 5189 2753 5245 ineﬂabiles
2781 5195 2940 5253 sunt,
2975 5193 3031 5244 et
3056 5202 3277 5258 magno
3300 5187 3506 5244 labore
3529 5203 3600 5244 ac

1939 5280 2175 5347 sudore,
2195 5279 2618 5334 tentationibus
2643 5277 3140 5334 etcertaminibus
3162 5275 3366 5332 multis
3398 5277 3603 5349 acqui-

1941 5370 2088 5424 sita.
2121 5367 2293 5433 Quod
2326 5372 2515 5423 totum
2553 5366 2757 5437 gratiae
2786 5365 3001 5422 divinas
3059 5363 3509 5422 ascribendum.
3542 5365 3602 5422 Si

1940 5458 2104 5515 enim
2129 5456 2339 5514 terreni
2362 5457 2517 5527 regis
2532 5461 2812 5529 aspectus
2841 5455 2920 5513 ab
2945 5454 3230 5513 omnibus
3247 5454 3601 5514 hominibus
