4086 6194
507 223 613 286 409

1802 212 1864 306 s.
1907 211 2217 302 uacauit
2251 211 2562 283 aeriam
3733 219 3826 295 apo

508 344 902 406 desideratur,
931 348 988 399 et
1009 343 1224 405 omnis.
1249 341 1353 414 qui
1377 341 1433 396 in
1455 340 1602 396 urbe
1627 341 1782 410 regis
1799 339 2157 402 diversatur,

2282 335 2556 409 ἰινθρώποις
2593 340 2867 411 τυγχάνει,
2912 344 3002 392 καὶ
3054 345 3155 402 πᾶς
3203 359 3278 402 τις
3326 337 3589 413 ἐπιδημῶν
3620 342 3664 394 ἐν
3703 343 3824 397 πόλιι

509 433 901 489 desideratad
928 433 1241 487 minimum
1271 430 1774 501 pulchritudinem
1795 430 1924 498 ejus
1940 427 2158 492 videre,

510 528 612 579 aut
653 523 1008 591 elegantiam
1045 519 1160 592 24
1190 521 1706 583 vestimentorum,
1749 525 1849 572 aut
1881 533 2161 588 purpurae

511 611 913 683 splendorem,
944 611 1234 664 variarum
1258 607 1718 676 margaritarum
1737 608 2008 669 nitorem,
2033 607 2163 661 dia-

510 700 764 756 dematis
796 699 1096 761 decorem,
1127 702 1306 768 atque
1337 696 1744 767 praestantiam
1767 711 1998 762 eorum,
2025 710 2160 765 quas

510 789 586 844 ad
605 789 979 859 majestatem
1003 788 1052 857 ej
1067 804 1135 839 us
1152 786 1444 857 pertinent
1469 801 1482 850 ;
1509 784 1619 838 nisi
1643 784 1806 856 quod
1823 783 2160 854 spirituales

510 877 716 932 isthaec
743 881 1147 938 contemnant,
1174 874 1318 944 quia
1367 873 1545 928 aliam
1578 873 1829 942 gloriam
1860 872 2156 928 ctelestem

512 965 928 1036 incorpoream
957 964 1195 1034 experti,
1246 963 1362 1017 alia
1409 960 1692 1017 ineffabili
1725 960 2161 1032 pulchritudine

514 1054 778 1118 sauciati,
835 1052 1211 1122 aliarumque
1261 1050 1606 1105 divitiarum
1661 1051 1977 1122 participes
2021 1056 2161 1104 sunt

514 1141 670 1206 facti,
704 1148 758 1195 et
788 1139 1123 1195 secundum
1145 1141 1444 1195 internum
1472 1139 1800 1199 hominem,
1834 1139 2014 1194 alium
2044 1140 2160 1209 spi-

512 1231 692 1286 ritum
721 1229 1020 1284 consecuti
1046 1234 1201 1283 sunt.
1223 1231 1517 1293 Quoniam
1542 1229 1720 1298 igitur
1749 1228 1927 1299 hujus
1954 1227 2162 1282 mundi

514 1319 805 1388 homines,
848 1318 951 1389 qui
992 1317 1267 1388 spiritum
1311 1317 1518 1372 mundi
1560 1317 1886 1386 possident,
1940 1333 2163 1388 magno

515 1407 808 1462 desiderio
862 1412 1135 1462 tenentur
1202 1407 1414 1462 terreni
1488 1406 1643 1476 regis
1699 1407 2161 1478 contemplandi,

516 1495 726 1552 saltem
758 1511 894 1551 cum
945 1497 1107 1551 omni
1161 1501 1378 1550 ornatu
1406 1501 1460 1551 et
1499 1497 1686 1566 gloria
1735 1497 1862 1567 ejus
1893 1516 1905 1552 :
1941 1503 2166 1568 quanto

517 1585 677 1639 enim
709 1586 767 1639 in
797 1585 867 1639 iis
899 1600 1035 1656 quae
1066 1585 1362 1652 videntur,
1395 1585 1660 1640 conditio
1691 1585 1820 1655 ejus
1854 1587 2048 1655 major
2077 1589 2170 1639 est

2272 424 2550 496 βασιλέως,
2609 426 2842 494 ἐπιθυμεῖ
2888 429 2982 480 κάν
3029 434 3182 500 μόνον
3228 430 3513 482 θεάσασθαι
3562 433 3616 483 τὸ
3667 431 3825 494 κάλλος

2271 513 2450 583 αὐτοῦ,
2492 518 2523 574 ἦ
2560 519 2646 574 τὴν
2677 518 2974 590 ὡραιότητα
3017 525 3116 570 τῶν
3161 515 3482 589 ἐνδυμάτων,
3517 522 3546 576 ἦ
3594 527 3681 580 τῆς
3717 538 3828 592 πορ-

2271 605 2436 676 φύρας
2499 608 2592 662 τὴν
2674 601 2854 673 δόξαν,
2921 615 3021 659 τῶν
3085 607 3332 660 ποικίλων
3400 615 3715 680 μαργαριτῶν
3779 611 3827 659 τό

2269 691 2473 759 κάλλος,
2528 700 2619 744 τοῦ
2684 690 3019 758 διαδήματος
3069 700 3163 755 τὴν
3226 695 3544 768 εὐπρέπειαν,
3602 704 3694 748 τῶν
3747 699 3828 748 σὺν

2271 780 2412 851 αὐτῷ
2479 779 2783 853 ἀξιωμάτων
2848 788 2941 843 τὴν
2994 789 3309 857 τιμιότητα·
3370 783 3514 847 ἐκτὸς
3573 784 3614 836 εἰ
3669 789 3731 855 μὴ
3791 786 3831 836 οἱ

2269 876 2610 941 πνευματικοὶ
2657 869 3013 933 ἐξουδενοῦσιν
3056 873 3208 939 αὐτὰ,
3261 870 3356 926 διὰ
3403 877 3458 925 τό
3506 872 3656 934 ἄλλης
3696 869 3833 936 δόξης

2270 957 2577 1030 ἐπουρανίου
2652 966 2736 1011 xui
2792 960 3074 1034 ἀσωμάτου
3149 964 3511 1035 πεπειρᾶσθαι,
3568 965 3651 1013 xui
3719 959 3834 1031 me

2270 1046 2442 1100 κάλλει
2492 1047 2696 1122 ἀρῥήτῳ
2736 1053 3045 1123 τετρῶσθαι,
3091 1056 3177 1104 xui
3227 1051 3382 1103 ἄλλου
3432 1049 3649 1104 πλούτου
3693 1067 3835 1102 κεκοι-

2270 1141 2567 1203 νωνηκέναι,
2629 1143 2717 1190 καὶ
2769 1147 2840 1210 τῷ
2888 1142 2989 1193 ἔσω
3042 1138 3294 1212 ἀνθρώπῳ
3351 1141 3580 1204 ἔσεσθαι,
3630 1142 3713 1189 καὶ
3759 1136 3837 1187 ἅ)-

2272 1223 2361 1276 λου
2409 1228 2697 1297 πνεύματος
2747 1231 3006 1300 μετέχιιν.
3061 1230 3199 1282 Ἐπεὶ
3240 1225 3327 1280 οὖν
3369 1235 3462 1280 τοῦ
3499 1231 3690 1299 κόσμου
3737 1227 3837 1278 τού-

2272 1333 2362 1365 του
2406 1316 2689 1390 ᾱίνθρωποι,
2735 1319 2783 1369 οἱ
2833 1321 2892 1370 τὸ
2931 1325 3130 1390 πνεῦμα
3179 1326 3269 1371 τοῦ
3312 1322 3513 1388 κόσμου
3549 1319 3759 1388 ἔχοντες,
3798 1316 3838 1365 ἐν

2273 1402 2431 1475 πολλῇ
2488 1403 2740 1477 ἐπιθυμίᾳ
2790 1405 2892 1458 εἰσὶ
2935 1414 3026 1459 τοῦ
3072 1410 3156 1460 τὸν
3209 1405 3432 1477 ἐπίγειον
3482 1403 3695 1477 βασιλέα
3746 1402 3839 1454 θιά-

2279 1494 2498 1558 σασθαι,
2534 1498 2685 1564 μόνον
2733 1513 2826 1546 συν
2864 1496 3008 1567 πάσῃ
3063 1503 3124 1567 τῇ
3167 1495 3444 1568 ιύπρεπιίᾳ
3484 1500 3572 1546 xui
3615 1489 3732 1563 δόξῃ
3767 1489 3843 1542 αὖ·

2277 1587 2405 1632 τοῦ·
2461 1582 2579 1633 ὅσον
2621 1584 2723 1656 γὰρ
2776 1582 2823 1634 ἐν
2867 1590 2970 1644 τοῖς
3013 1588 3335 1656 φαινομένοις
3385 1582 3553 1653 πολλῷ
3599 1584 3771 1652 μιίζων
3813 1579 3838 1636 ἦ

515 1688 702 1744 quam
738 1674 1012 1729 omnium
1044 1673 1379 1738 hominum,
1415 1679 1580 1729 tanto
1621 1675 1957 1744 gloriosius,
2003 1679 2169 1730 tanto

2282 1675 2426 1744 μερὶς
2490 1671 2650 1723 αὐτοῦ
2715 1675 2828 1724 ἐστι
2894 1675 3036 1747 παρά
3098 1675 3292 1733 πάντας
3362 1675 3480 1733 τοὺς
3550 1670 3839 1742 ἀνθρώπους,

516 1762 838 1833 optabilius
864 1762 941 1818 ab
959 1763 1241 1819 omnibus
1271 1764 1524 1820 habetur
1546 1763 1636 1818 vel
1673 1771 1904 1820 tantum
1932 1765 2169 1834 Vidisse,

518 1857 575 1906 et
606 1852 1021 1922 unusquisque
1053 1851 1216 1923 apud
1248 1868 1309 1906 se
1357 1853 1498 1908 dicit
1532 1870 1543 1909 :
1581 1853 1816 1910 Utinam
1861 1855 1994 1923 quis
2027 1852 2172 1907 mihi

517 1939 688 1995 illam
719 1941 1000 2009 gloriam,
1034 1941 1300 1996 decorem
1333 1957 1405 1997 ac
1435 1943 1808 2012 splendorem
1837 1942 2119 1998 concedat
2151 1942 2170 1995 Ι

518 2028 848 2101 praadicans
875 2044 1012 2082 eum
1032 2030 1296 2094 beatum,
1317 2031 1569 2086 similem
1604 2031 1823 2101 alioqui
1855 2032 1966 2094 sui,
2000 2039 2171 2085 terre-

519 2131 690 2184 num,
704 2116 1036 2187 iisdemque
1050 2117 1467 2173 aﬂectionibus
1479 2118 1810 2174 obnoxium
1825 2123 2002 2190 atque
2018 2135 2172 2175 mor-

519 2204 722 2268 talem,
778 2211 1018 2276 propter
1070 2214 1560 2262 momentaneum
1594 2223 1734 2263 vero
1788 2216 2067 2264 ornatum
2115 2214 2172 2264 et

524 2293 775 2363 gloriam
802 2293 1286 2352 desiderabilem.

594 2420 681 2473 Vl.
713 2418 767 2474 Si
794 2418 991 2488 igitur,
1038 2419 1310 2490 inquam,
1342 2421 1610 2477 carnales
1644 2421 1915 2478 homines
1942 2422 2173 2478 deside-

525 2512 656 2563 rant
680 2512 986 2578 tantopere
1005 2508 1257 2575 gloriam
1291 2511 1502 2564 terreni
1528 2511 1702 2579 regis,
1730 2518 1956 2582 quanto
1980 2513 2172 2581 magis

524 2596 604 2660 hi,
639 2596 699 2651 in
726 2611 881 2668 quos
935 2595 1237 2652 instillavit
1267 2602 1437 2669 gutta
1465 2599 1716 2670 Spiritus
1766 2603 1920 2669 vitae,
1955 2602 2055 2672 qui
2089 2607 2174 2655 est

526 2685 882 2748 divinitatis;
917 2690 969 2740 et
989 2701 1246 2756 quorum
1277 2702 1379 2741 cor
1401 2687 1728 2742 vulneravit
1753 2704 1958 2744 amore
1974 2691 2173 2746 divino

527 2789 672 2844 erga
702 2774 1000 2829 cmlestem
1035 2789 1235 2842 regem
1254 2775 1571 2843 Christum,
1597 2777 1856 2832 devincti
1889 2783 2025 2832 sunt
2047 2779 2174 2850 pul-

525 2863 862 2919 chritudine
892 2862 989 2918 illa
1015 2868 1072 2918 et
1097 2863 1284 2932 gloria
1309 2863 1612 2931 ineffabili,
1658 2872 1714 2920 et
1739 2867 1951 2921 decore
1978 2867 2178 2922 incor-

526 2951 789 3024 ruptibili
844 2958 900 3006 et
961 2952 1669 3023 incomprehensibilibus
1719 2956 1939 3010 divitiis
1973 2959 2089 3012 veri
2121 2965 2177 3012 et

2278 1759 2440 1820 οὕτως
2501 1757 2725 1823 ἔνδοξον,
2779 1761 2939 1823 οὕτως
2991 1763 3310 1833 ἐπιθυμητὸν
3361 1763 3463 1814 ὑπὸ
3512 1762 3721 1819 πάντων,
3762 1756 3841 1807 κάν

2279 1854 2350 1916 τῷ
2419 1849 2663 1907 θεαθῆναι
2710 1854 2895 1919 μόνον·
2958 1855 3047 1902 καὶ
3103 1853 3319 1912 ἕκαστος
3372 1849 3423 1901 ἐν
3477 1849 3634 1916 ἑαυτῷ
3682 1845 3839 1915 λέγει’

2280 1938 2423 1989 Εἴθε
2477 1957 2579 1999 τις
2615 1935 2813 1991 ἔδωκέ
2864 1958 2973 2010 μοι
3015 1939 3263 1995 ἐκείνην
3324 1944 3438 1997 τὴν
3499 1934 3704 2000 δόξαν,
3752 1937 3841 1983 καὶ

2278 2029 2389 2083 τὴν
2422 2026 2819 2098 εὐπρέπειαν,
2862 2034 2968 2080 καὶ
3008 2033 3117 2086 τὴν
3157 2022 3842 2101 ὡραιότητα,μακαρίξων

2279 2112 2466 2193 ἐκείνου
2504 2119 2591 2166 τὸν
2643 2116 2818 2187 ὅμοιον
2856 2116 3017 2168 αὐτοῦ
3064 2121 3263 2188 γήϊνον,
3310 2121 3402 2168 καὶ
3443 2114 3721 2187 ὁμοιοπαθῆ
3770 2114 3844 2161 καὶ

2282 2206 2464 2262 θνητὸν
2513 2209 2655 2270 ὄντα,
2696 2203 2790 2258 διὰ
2833 2203 2892 2260 δὲ
2938 2211 3031 2265 τὴν
3070 2211 3393 2280 πρόσκαιρον
3428 2205 3736 2277 εὐπρέπειαν,
3769 2202 3842 2250 καὶ

2282 2290 2461 2363 δόξαν,
2489 2296 2826 2366 ἐπιθυμητὸν.

2353 2418 2424 2484 ς’.
2497 2419 2554 2470 Εἰ
2618 2415 2706 2471 οὖν
2763 2420 2926 2481 οὕτως
2983 2422 3032 2472 οἱ
3080 2424 3327 2493 σαρκικοί
3391 2419 3646 2492 ἄνθρωποι
3696 2413 3846 2467 ἐπιθυ⁸

2281 2515 2442 2582 μοῦσι
2492 2515 2588 2568 τῆς
2628 2503 2784 2570 δόξης
2823 2516 2914 2560 τοῦ
2963 2511 3147 2580 γηίνου
3189 2507 3471 2580 βασιλέως,
3510 2510 3651 2576 πόσῳ
3686 2499 3846 2574 μᾶλλον

2282 2598 2358 2660 οἷς
2422 2597 2682 2660 ἐνέσταξεν
2749 2596 2909 2655 ἐκείνη
2974 2599 3003 2657 ἠ
3071 2599 3216 2672 ῥανὶς
3273 2605 3369 2649 τοῦ
3431 2597 3711 2664 Πνεύματος
3770 2595 3847 2649 τῆς

2284 2687 2419 2747 ζωῆς
2474 2694 2566 2746 τῆς
2614 2688 2872 2753 θεότητος,
2925 2691 3013 2738 καὶ
3064 2688 3253 2759 ἔτρωσε
3310 2690 3407 2745 τὴν
3448 2679 3665 2758 καρδίαν
3709 2678 3849 2730 αὐτῶν

2283 2778 2433 2850 ἔρωτι
2486 2777 2623 2846 θείῳ,
2676 2779 2805 2849 πρὸς
2856 2780 2942 2827 τὸν
2997 2775 3296 2850 ἐπουράνιον
3361 2773 3582 2846 βασιλέα
3632 2769 3848 2841 Χριστὸν,

2285 2866 2352 2927 εἰς
2403 2867 2560 2916 ἐκεῖνο
2624 2867 2683 2916 τὸ
2735 2864 2920 2927 κάλλος
2978 2861 3217 2918 δέδενται
3264 2869 3358 2916 καὶ
3406 2869 3498 2922 τήν
3552 2856 3850 2912 ἀνεκλάλητον

2286 2953 2444 3017 δόξαν
2495 2958 2584 3005 καὶ
2628 2955 2890 3026 ἄφθαρτον
2944 2954 3267 3026 εὐπρέπειαν,
3321 2958 3410 3006 καὶ
3459 2955 3543 3004 τὸν
3591 2948 3849 3002 ἀνεννόητον

527 3042 731 3098 aeterni
765 3042 918 3112 regis
959 3040 1190 3111 Christi,
1222 3043 1391 3112 cujus
1446 3051 1584 3099 voto
1609 3051 1663 3100 et
1693 3045 1989 3101 desiderio
2020 3047 2172 3117 capti

2284 3044 2504 3097 πλοῦτον
2546 3050 2634 3094 τοῦ
2669 3041 2917 3100 ἀληθινοῦ
2955 3047 3044 3094 καὶ
3084 3041 3292 3094 αἰωνίου
3338 3040 3592 3113 βασιλέως
3629 3037 3850 3111 Χριστοῦ,

523 3137 816 3195 tenentur,
840 3131 943 3185 toti
967 3131 1213 3186 omnino
1237 3131 1312 3185 ad
1339 3147 1477 3186 eum
1511 3135 1798 3199 conversi,
1826 3141 2005 3206 atque
2028 3136 2178 3190 desi-

527 3219 740 3276 derant
769 3219 1054 3290 consequi
1114 3220 1537 3276 inenarrabilis
1573 3221 1671 3276 illa
1701 3222 1879 3290 bona,
1911 3240 2046 3295 quas
2075 3241 2178 3294 per

532 3308 814 3380 Spiritum
870 3308 1210 3372 intuentur;
1243 3325 1499 3380 quorum
1534 3311 1722 3378 gratia
1775 3315 2000 3380 omnia,
2043 3330 2177 3386 quae

531 3402 673 3451 sunt
691 3413 870 3468 super
893 3403 1106 3452 terram
1131 3398 1400 3468 pulchra,
1425 3404 1480 3453 et
1500 3407 1801 3462 ornatum,
1826 3409 1881 3455 et
1903 3401 2174 3469 gloriam,

528 3490 584 3541 et
611 3486 928 3548 honorem,
957 3494 1010 3540 ct
1039 3486 1278 3541 divitias
1305 3503 1510 3558 regum
1544 3504 1613 3543 ac
1644 3488 1976 3561 principum
2015 3491 2178 3546 nihili

529 3576 788 3630 ducunt:
826 3573 1028 3630 divina
1058 3576 1218 3630 enim
1253 3575 1692 3647 pulchritudine
1746 3580 1990 3634 sauciati
2022 3587 2177 3646 sunt,

529 3669 583 3718 et
612 3664 732 3719 vita
778 3663 1241 3720 immortalitatis
1295 3665 1553 3720 cmlestis
1609 3667 1665 3720 in
1699 3666 1933 3722 illorum
1966 3671 2181 3724 animis

529 3752 848 3807 instillavit.
876 3753 1161 3817 Quocirca
1178 3753 1341 3808 illam
1365 3753 1742 3810 dilectionem
1764 3756 2016 3812 caelestis
2029 3760 2182 3828 regis

525 3845 832 3913 exoptant,
887 3842 1176 3913 illumque
1231 3843 1423 3898 solum
1456 3843 1534 3899 ob
1565 3844 1771 3900 oculos
1805 3846 1861 3900 in
1899 3847 2182 3903 omnibus

528 3929 840 3986 desideriis
897 3930 1207 3998 habentes,
1246 3932 1474 4004 seipsos
1502 3933 1667 3988 omni
1697 3934 2004 3990 mundana
2034 3936 2181 3992 dile-

530 4019 722 4075 ctione
755 4035 861 4090 per
916 4036 1054 4075 eum
1109 4020 1441 4087 exsolvunt,
1493 4029 1547 4076 et
1574 4024 1860 4077 recedunt
1905 4024 1983 4078 ab
2015 4031 2178 4086 omni

528 4109 770 4163 vinculo
796 4114 1045 4173 terreno,
1083 4116 1144 4163 ut
1169 4110 1403 4180 possint
1424 4110 1566 4165 illud
1591 4111 1955 4166 desiderium
1984 4115 2176 4169 solum

525 4212 762 4267 semper
811 4197 870 4250 in
926 4199 1208 4253 cordibus
1263 4202 1385 4253 suis
1444 4201 1747 4270 possidere
1803 4216 1997 4271 neque
2019 4203 2178 4260 aliud

525 4299 666 4338 cum
697 4284 796 4338 illo
844 4288 1252 4340 commiscere.
1286 4288 1460 4342 Pauci
1509 4303 1649 4342 vero
1682 4293 1818 4343 sunt
1849 4289 2179 4346 admodum

2287 3133 2347 3186 οὗ
2390 3139 2452 3203 τῇ
2492 3133 2763 3205 ἐπιθυμίᾳ.
2804 3137 2892 3183 καὶ
2927 3138 2999 3201 τῷ
3047 3133 3191 3202 πόθῳ
3230 3129 3727 3203 αἱχμαλωτίζονται,
3765 3120 3853 3172 ὅλοι

2289 3221 2342 3285 ἐξ
2394 3221 2510 3273 ὅλου
2559 3225 2682 3294 πρὸς
2725 3220 2879 3272 αὑτὸν
2916 3222 3288 3292 τυγχάνοντες,
3329 3225 3419 3272 xui
3457 3219 3754 3287 ἐπιθυμοῦσι
3783 3228 3850 3260 τυ·

2289 3319 2407 3383 χεῐν
2474 3308 2672 3361 ἐκείνων
2725 3309 2791 3359 ὧν
2843 3309 3231 3381 ἐνοπτρίζονται
3291 3305 3388 3362 διὰ
3445 3313 3536 3359 τοῦ
3594 3304 3853 3371 Πνεύματος

2293 3399 2557 3458 ἀλαλητων
2603 3398 2832 3469 ἀγαθῶν,
2883 3398 2944 3450 οὗ
2982 3398 3139 3450 ἕνεκεν
3192 3399 3366 3450 πάντα
3403 3401 3467 3449 τὰ
3512 3396 3592 3448 ἐπὶ
3630 3401 3720 3462 γῆς
3753 3385 3854 3439 κάλ’

2289 3490 2351 3548 λη
2393 3493 2476 3541 xui
2517 3488 2840 3562 εὐπρεπείας,
2889 3491 2978 3539 καὶ
3022 3483 3196 3552 δόξας,
3245 3492 3337 3539 xui
3393 3487 3564 3557 τιμὰς,
3608 3486 3691 3533 xui
3726 3477 3853 3529 πλοῦ·

3621 3573 3727 3638 θείῳ
3771 3565 3852 3635 γὰρ

2289 3668 2462 3719 κάλλει
2525 3665 2848 3740 ἐτρώθησαν,
2907 3670 2995 3716 xui
3045 3665 3152 3726 ζωὴ
3209 3664 3504 3725 ἀθανασίας
3556 3660 3775 3731 οὐρανίου
3815 3651 3856 3702 έν

2291 3765 2406 3820 ταῖς
2469 3755 2677 3828 ψυχαῖς
2743 3753 2910 3806 αὐτῶν
2973 3751 3221 3816 ἐνέσταξε.
3287 3757 3377 3805 Διό
3430 3756 3518 3804 xui
3571 3748 3638 3809 εἰς
3691 3744 3856 3797 ἐκείνην

2288 3599 2371 3632 τον
2427 3576 2682 3650 βασιλέων
2731 3582 2818 3630 xui
2876 3575 3144 3648 ἀρχόντων
3187 3572 3520 3639 ἐξουδενοῦσι
3557 3594 3568 3605 ·

2291 3853 2384 3904 τήν
2452 3843 2660 3915 ἀγάπην
2720 3850 2809 3896 τοῦ
2875 3841 3181 3913 ἐπουρανιου
3244 3840 3508 3914 βασιλέως
3565 3836 3853 3890 ἐπιποθοῦσι,

2291 3940 2381 3987 xui
2429 3933 2582 3986 αὐτὸν
2635 3937 2787 4004 μόνον
2844 3934 2944 4005 πρὸ
3002 3930 3273 4002 ὀφθαλμῶν
3334 3928 3383 3982 ἐν
3431 3927 3586 4000 πολλῇ
3644 3922 3856 3990 ἐπιθυμίᾳ

2292 4025 2496 4096 ἔχοντες
2555 4020 2627 4075 δι’
2686 4021 2845 4074 αὐτοῦ
2899 4023 3071 4081 πάσης
3137 4019 3345 4092 ἀγάπης
3417 4023 3615 4090 κόσμου
3674 4012 3856 4064 λύουσιν

2293 4113 2527 4176 ἑαυτοὺς,
2568 4116 2658 4163 xui
2701 4110 3040 4184 ἀναχωροῦσι
3087 4113 3281 4172 παντὸς
3319 4111 3504 4180 γηῖνου
3545 4103 3748 4175 δεσμοῦ.
3791 4097 3858 4147 ἶνα

2293 4199 2593 4260 δυνηθῶσιν
2639 4199 2824 4253 ἐκεῖνον
2876 4204 3029 4271 μόνον
3077 4203 3162 4251 τὸν
3216 4200 3377 4251 πόθον
3434 4197 3481 4249 ἐν
3532 4201 3640 4254 ταῖς
3695 4189 3856 4242 ἑαυτῶν

2290 4287 2534 4365 καρδίαις
2580 4291 2720 4361 ἔχειν
2765 4291 2981 4341 πάντοτε
3025 4286 3173 4361 [(ί),
3224 4293 3314 4339 xui
3367 4283 3532 4359 μηδεν
3578 4284 3732 4355 ἕτερον
3779 4276 3855 4365 σίων

529 4371 630 4442 qui
684 4372 846 4427 bono
905 4373 1070 4428 initio
1123 4374 1351 4428 bonum
1408 4375 1591 4430 ﬁnem
1649 4383 1986 4446 procurent.
2017 4384 2072 4434 et
2103 4380 2172 4435 ad

2292 4380 2460 4450 ἐκείνῳ
2512 4381 2744 4451 μιγνύειν
2773 4394 2785 4408 '
2833 4377 3002 4450 ὀλίγοι
3053 4374 3111 4429 δε
3167 4376 3270 4429 εἰσι
3313 4378 3448 4428 πάνυ
3497 4375 3544 4426 οἱ
3593 4377 3651 4442 τῇ
3711 4363 3852 4435 ἀγαθῇ

529 4459 713 4514 ﬁnem
745 4461 1094 4529 perveniant
1148 4461 1381 4532 absque
1432 4463 1626 4533 lapsu,
1658 4465 2036 4522 dilectionem
2070 4470 2179 4525 soli

531 4550 649 4604 Deo
706 4547 1020 4616 habentes,
1075 4556 1130 4605 et
1181 4550 1408 4623 seipsos
1437 4552 1514 4607 ab
1544 4554 1829 4608 omnibus
1861 4556 2174 4612 solventcs.

529 4635 685 4692 Multi
709 4638 867 4692 enim
897 4647 1406 4711 compunguntur,
1464 4647 1518 4697 et
1574 4642 1740 4697 multi
1771 4644 1977 4712 gratia:
2009 4647 2177 4703 caele-

530 4726 633 4781 stis
690 4726 1007 4800 participes
1057 4729 1227 4793 ﬁunt,
1259 4736 1315 4784 et
1345 4731 1567 4787 caelesti
1625 4748 1829 4788 amore
1891 4736 2178 4793 vulnerati

529 4820 685 4881 sunt,
751 4817 855 4871 sed
930 4833 1035 4890 per
1115 4818 1499 4888 quotidianas
1553 4836 1790 4891 pugnas
1874 4828 1927 4878 et
1991 4831 2176 4881 certa-

530 4903 716 4973 mina,
735 4911 791 4961 et
814 4905 1075 4973 labores,
1111 4912 1166 4962 et
1188 4909 1535 4963 tentationes
1569 4912 1760 4966 varias
1789 4913 2032 4984 maligni
2058 4931 2176 4970 non

527 4993 904 5059 sustinentes,
935 4996 1119 5051 variis
1147 5002 1202 5052 et
1253 4997 1502 5052 diversis
1533 4998 1857 5055 mundanis
1883 5003 2178 5074 cupidita-

526 5083 688 5140 tibus
714 5084 940 5153 agitati,
974 5085 1118 5157 quia
1144 5085 1510 5143 voluntatem
1567 5087 1821 5161 quisque
1847 5091 2023 5146 habet
2051 5092 2180 5147 dili-

528 5172 710 5243 gendi
739 5172 966 5245 aliquid
997 5189 1070 5229 ex
1131 5174 1244 5230 hoc
1277 5175 1526 5241 mundo,
1557 5182 1613 5232 et
1642 5193 1760 5232 non
1824 5180 2093 5235 solvendi
2121 5197 2180 5237 se

529 5263 779 5318 omnino
807 5261 886 5318 ab
915 5263 1044 5332 ejus
1069 5262 1402 5330 dilectione,
1423 5272 1771 5321 manserunt
1799 5273 1854 5322 et
1883 5267 2178 5326 submersi

533 5355 671 5407 sunt
690 5350 754 5406 in
783 5350 995 5407 mundi
1023 5350 1266 5424 abysso,
1297 5353 1377 5409 ob
1429 5355 1688 5427 propria
1739 5355 2059 5414 voluntatis
2089 5375 2180 5415 ve-

2291 4467 2434 4542 ἀρχῇ
2493 4468 2630 4530 τέλος
2680 4465 2873 4537 ἀγαθόν
2930 4468 3294 4537 πορισάμενοι,
3336 4468 3428 4515 xui
3486 4459 3854 4532 διεξερχόμενοιρ

2289 4558 2382 4618 ἕως
2441 4557 2608 4616 τέλους
2663 4557 2914 4616 ἄπτωτοι,
2974 4559 3068 4612 τὴν
3127 4558 3250 4625 μίαν
3303 4552 3513 4624 ἀγάπην
3568 4550 3686 4618 πρὸς
3729 4545 3855 4612 μόνον

2289 4649 2371 4698 τόν
2430 4648 2556 4698 Θιόν
2626 4647 2852 4714 ἔχοντες,
2913 4647 3000 4695 xui
3064 4643 3264 4694 πάντων
3333 4641 3546 4698 έαυτούς
3607 4633 3852 4686 λελυκότις-

3259 4735 3350 4781 xui
3425 4726 3598 4780 πολλοὶ
3669 4720 3854 4792 χάριτος

2289 4823 2530 4895 οὐρανίου
2597 4826 2817 4894 μέτοχοι
2876 4825 3128 4892 γίνονται,
3187 4825 3276 4872 καὶ
3336 4822 3487 4894 ἔρωτι
3537 4815 3739 4904 οὐρανίῳ
3758 4823 3854 4904 n7,"

2289 4914 2632 4984 τρὼσκονται,
2667 4909 2794 4962 ἀλλὰ
2833 4907 2926 4962 διὰ
2963 4913 3078 4969 τοὺς
3116 4907 3166 4961 ἐν
3196 4913 3339 4980 μέσῳ
3380 4906 3575 4978 ἀγῶνας
3605 4903 3687 4953 καὶ
3722 4891 3853 4991 ubi:

2292 5019 2394 5061 σεις
2468 5004 2557 5051 xui
2631 5004 2818 5060 πόνους
2891 5003 2980 5050 xui
3045 5000 3370 5072 πιιρασμοὺς
3447 4991 3714 5064 διαφόρους
3765 4998 3852 5072 ,τον

2287 5096 2515 5163 πονηροῦ
2590 5092 2661 5159 μή
2740 5089 3094 5152 ὑπομένοντες,
3173 5085 3220 5138 ἐν
3287 5083 3546 5144 ποικίλαις
3614 5079 3696 5129 καὶ
3755 5066 3852 5170 δξιξο

2289 5159 2467 5250 φόροις
2513 5177 2813 5249 ἐπιθυμίαις
2857 5183 3139 5248 κοσμικαῖς
3189 5179 3507 5248 τρεπόμενοι,
3555 5165 3642 5221 διὰ
3685 5166 3737 5216 τὸ
3789 5159 3852 5208 θί·

2287 5266 2431 5338 λημα
2489 5269 2630 5338 ἔχειν
2682 5267 2899 5319 ἕκαστον
2963 5271 3052 5317 τοῦ
3108 5263 3387 5336 ἀγαπῆσαί
3438 5280 3489 5312 τι
3547 5261 3632 5309 τοῦ
3679 5256 3849 5348 κόσμου

2288 5359 2495 5422 τούτου,
2546 5359 2635 5408 καὶ
2686 5361 2757 5428 μὴ
2807 5353 3068 5407 λελυκέναι
3115 5353 3363 5406 πάντοθεν
3409 5354 3499 5408 τήν
3543 5345 3732 5417 ἀγάπην
3777 5345 3850 5386 “9'

2292 4733 2476 4786 Πολλοὶ
2566 4736 2664 4804 γὰρ
2741 4733 3181 4796 κατανύσσονται,

608 5587 688 5662 (ι)
714 5587 895 5647 Uncis
923 5587 1161 5648 inclusa
1187 5591 1543 5667 supplentur
1572 5607 1642 5651 ex
1679 5592 1816 5654 cod.
1850 5609 1964 5652 ms.
1997 5595 2177 5652 Graec.
2201 5609 2262 5652 n.
2311 5597 2374 5650 16
2396 5591 2772 5656 Bibliotheca
2805 5586 3236 5656 BerolinensiI-t
