4058 6194
248 277 357 335 σοι

1561 294 1903 367 ῌΟΜῘῙὲῙΕ·
1943 324 2014 345 --
2052 297 2229 369 ΗΘΜ·
2259 301 2326 369 Y5.

3503 308 3621 378 φὶ

246 408 356 465 τοῦ,
389 402 672 475 ἀπέμειναν
725 413 811 461 xui
878 407 1236 472 έϐυθίσθησαν
1292 416 1343 471 έν
1391 426 1464 490 τῷ
1507 427 1600 474 τοῦ
1641 426 1828 496 κόσμοι

1958 425 2246 493 cordiam,
2301 433 2358 485 et
2410 430 2871 500 imbecllitatem.
2934 441 2990 493 et
3041 437 3437 502 timiditatem,
3503 439 3611 493 aut

243 488 415 562 βυθῷ,
461 489 557 545 διὰ
587 503 677 547 τοῦ
731 494 871 551 ἰδίου
905 501 1190 574 θελήματος
1234 488 1537 581 ἀνανδρίαν,
1591 516 1682 564 xui
1710 488 1847 583 λξαύ-

240 599 419 645 νωσιν,
455 583 484 642 ἦ
545 580 760 649 δειλίαν,
798 592 829 647 ἤ
878 586 951 642 δι’
1005 591 1214 664 ἀγάπην
1254 600 1371 650 τινὰ
1402 580 1621 669 γήινον.
1654 580 1846 673 Οί-γάρ

241 667 295 762 ἐξ
342 668 589 732 ἀληθείας
641 670 915 737 διεξελθεῖν
963 681 1052 742 ἕως
1109 683 1283 745 τέλους
1327 688 1374 737 ἐν
1405 667 1575 760 ἀγαθῇ
1605 667 1843 762 διαγωγῇ

241 755 554 830 βουλόμενοι
600 761 750 815 ἄλλον
800 768 966 839 ἔρωτα
1012 775 1102 823 καὶ
1159 772 1316 830 ἄλλην
1348 773 1556 845 ἀγάπην
1596 780 1689 829 σὺν
1719 780 1843 829 ἐκεί·

239 866 296 919 νη
346 856 409 919 τῇ
467 848 757 925 ἐπουρανίῳ
824 854 1222 929 παραδέξασθαι
1269 864 1516 925 ἑκουσίως
1580 871 1670 918 καὶ
1698 866 1849 937 μῖξαι

240 935 335 986 οὐκ
402 936 717 1009 ὀφείλουσιν,
775 943 860 995 ἵνα
906 951 978 1016 μὴ
1029 946 1398 1019 ίμποδισθῶσι
1428 962 1526 1005 τῶν
1558 974 1845 1026 πνευματι-

240 1034 361 1089 κῶν,
395 1032 485 1079 xui
518 1039 822 1102 στραφῶσιν
878 1034 949 1095 εὶς
1000 1040 1066 1089 τὰ
1121 1038 1312 1105 ὀπίσω,
1371 1046 1460 1094 xui
1507 1042 1647 1105 τέλος
1700 1043 1843 1096 ἐκπέ-

244 1132 379 1166 σωσι
425 1124 521 1179 τῆς
573 1121 731 1182 ζωῆς.
786 1120 986 1197 Ὠσπερ
1060 1130 1158 1201 γὰρ
1229 1129 1430 1201 μεγάλα
1466 1138 1555 1184 xui
1612 1131 1846 1191 ἀλάλητα

242 1207 328 1253 xui
356 1201 711 1275 ἀνεκδιηγητα
737 1206 1091 1284 ἐπηγγελμένα
1116 1218 1256 1290 παρὰ
1273 1224 1386 1287 Θεῷ
1409 1222 1682 1290 τυγχάνει,
1708 1221 1843 1274 οὓτω

240 1295 459 1353 πίστεως
496 1300 586 1346 xui
626 1293 836 1361 ἐλπίδος
885 1306 974 1353 καὶ
1013 1308 1178 1356 πόνων
1218 1310 1309 1358 xui
1361 1305 1567 1378 ἀγώνων
1606 1309 1840 1380 μεγάλων

231 1386 392 1450 χρεία
417 1387 507 1471 xui
533 1384 722 1446 πολλῆς
752 1384 1088 1460 δοκιμασίας.
1134 1393 1208 1445 Ού
1247 1397 1347 1470 γὰρ
1410 1416 1461 1448 τι
1486 1402 1671 1471 μικρὸν
1715 1418 1838 1470 τυγ-

229 1470 410 1539 χάνει,
440 1470 475 1521 ἆ
503 1472 702 1534 ἐλπίζει
745 1474 919 1547 ἀγαθά
948 1479 1118 1532 λαϐεῖν
1171 1484 1196 1533 ό
1243 1484 1515 1556 ἄνθρωπος
1560 1485 1837 1558 βασιλείας

230 1558 465 1632 οὖρανῶν
514 1558 777 1635 ἐπιθυμῶν
812 1583 824 1595 ’
860 1567 1283 1639 συμϐασιλεύσαι
1332 1581 1546 1645 Χριστῷ
1604 1575 1671 1637 εἰς
1713 1580 1833 1638 τούς

230 1646 557 1719 ἀπεράντους
586 1651 776 1714 αἰῶνας
809 1653 1005 1726 βούλει,
1038 1664 1127 1711 καὶ
1150 1664 1266 1721 τούς
1294 1660 1497 1733 ἀγῶνας
1526 1669 1616 1716 xui
1644 1670 1834 1727 πόνους

1957 514 2036 569 ob
2064 522 2395 575 terrestrem
2425 524 2757 592 quamdam
2787 525 3186 583 dilectionem.
3217 527 3326 592 Qui
3359 526 3517 581 enim
3545 525 3606 580 in

1958 605 2197 660 veritate
2223 609 2298 661 ad
2320 607 2502 665 ﬁnem
2537 613 2841 681 pervenire
2860 616 3067 671 volunt
3087 616 3144 671 in
3176 616 3339 671 bona
3360 630 3606 671 conver-

1956 693 2205 756 satione.
2227 696 2413 751 alium
2440 714 2707 755 amorem
2734 707 2836 757 aut
2857 704 3033 759 aliam
3055 704 3437 760 dilectionem
3462 719 3602 759 cum

1957 780 2054 837 illa
2101 783 2325 839 caelesti
2365 785 2680 844 dilectione
2736 790 3048 847 admittere
3094 793 3341 849 libenter
3390 796 3446 848 et
3493 791 3604 847 ad-

1959 871 2206 927 miscere
2250 890 2369 929 non
2417 875 2656 942 debent,
2700 894 2772 934 ne
2812 880 3215 951 impediantur
3245 898 3281 937 a
3325 881 3603 952 spiritua-

1958 959 2115 1024 ibus,
2139 968 2193 1017 et
2219 970 2641 1021 convertantur
2665 974 3016 1034 retrorsum,
3051 976 3105 1024 et
3135 970 3380 1024 demum
3411 987 3446 1024 a
3478 971 3602 1025 vita

1955 1064 2064 1103 sua
2090 1051 2384 1107 excidant.
2422 1054 2579 1108 Sicut
2608 1054 2765 1110 enim
2796 1071 3040 1125 magna,
3081 1064 3137 1111 et
3167 1056 3513 1124 ineﬂabilia,
3546 1064 3603 1114 et

1955 1135 2379 1196 inenarrabilia
2408 1142 2707 1211 promissa
2748 1146 2912 1215 apud
2948 1148 3134 1201 Deum
3179 1146 3599 1211 inveniuntur;

1954 1224 2032 1279 ita
2054 1226 2192 1292 ﬁde,
2222 1233 2277 1282 et
2303 1244 2406 1299 spe
2428 1236 2483 1285 et
2514 1230 2822 1287 laboribus
2848 1240 2906 1288 et
2933 1235 3151 1304 pugnis
3178 1233 3414 1302 magnis
3446 1248 3601 1305 opus

1950 1319 2111 1371 estet
2136 1316 2321 1373 multa
2348 1319 2721 1388 probatione.
2749 1324 2874 1377 Non
2902 1323 3060 1379 enim
3086 1338 3345 1394 parvum
3372 1321 3599 1392 aliquid

1949 1408 2087 1459 sunt
2132 1405 2295 1461 bona
2339 1423 2474 1479 quae
2523 1415 2722 1479 sperat
2775 1411 2960 1467 homo
3013 1413 3308 1483 accipere,
3349 1410 3601 1482 quando

1946 1508 2195 1561 regnum
2236 1496 2525 1553 caelorum
2568 1498 2850 1555 affectat:
2893 1516 3143 1570 regnare
3183 1517 3318 1556 cum
3363 1500 3593 1557 Christo

1944 1581 2001 1636 in
2043 1583 2275 1639 inﬁnita
2325 1586 2549 1641 saecula
2574 1588 2764 1657 cupis,
2807 1595 2861 1644 et
2904 1605 3140 1659 pugnas
3170 1596 3223 1646 et
3270 1588 3509 1645 labores
3543 1587 3603 1643 et

1944 1673 2301 1728 tentationes
2349 1673 2545 1731 brevis
2593 1678 2874 1747 temporis
2913 1678 3092 1747 hujus
3126 1679 3260 1733 vita:
3305 1678 3596 1734 sustinere

225 1742 316 1787 xui
356 1744 688 1811 πειρασμοὺς
716 1750 810 1795 τοῦ
860 1745 1037 1816 ὀλίγου
1068 1753 1266 1819 χρόνου
1297 1759 1392 1812 τῆς
1435 1752 1576 1813 ζωῆς
1635 1757 1828 1814 ταύτης

1942 1758 2182 1815 viriliter
2231 1778 2421 1833 usque
2454 1763 2532 1819 ad
2574 1770 2827 1821 mortem
2857 1782 2978 1822 non
3018 1767 3272 1837 suscipis
3300 1766 3329 1820 ‘l
3361 1766 3599 1823 Dicente

226 1823 633 1889 καταδέξασθαι
654 1834 936 1903 προθύμως
965 1835 1054 1895 ἕως
1077 1838 1299 1891 θανάτου
1323 1840 1381 1891 ού
1399 1838 1675 1915 χαταδέχῃ
1700 1860 1714 1909 ;
1739 1852 1830 1895 τοῦ

224 1920 425 1988 Κυρίου
452 1915 681 1988 βοῶντος
714 1939 726 1951 ’
754 1924 821 1974 Εἰ
858 1941 956 1985 τις
997 1925 1163 1977 θέλει
1203 1926 1409 1980 ὀπίσω
1447 1950 1565 2001 μου
1605 1931 1828 1996 ἐλθεῖν,

219 2000 715 2074 ἀπαρνησάσθω
759 2008 1003 2078 ἑαυτὸν,
1057 2020 1170 2067 καὶ
1222 2015 1435 2090 ἀράτω
1475 2023 1585 2071 τὸν
1647 2040 1831 2073 σταυο

214 2096 327 2164 ρόν
384 2096 589 2147 αὐτού
628 2099 763 2150 καθ’
807 2102 1053 2175 ἡμέραν
1090 2109 1362 2179 χαίρων,
1415 2112 1529 2160 xui
1568 2108 1828 2161 ἀκολου-

219 2182 411 2233 θείτω
449 2203 584 2255 μοι.
646 2192 743 2239 Καὶ
796 2188 989 2241 πάλιν·
1053 2192 1190 2245 Ἐὰν
1247 2200 1328 2265 μὴ
1388 2215 1499 2259 τις
1570 2203 1826 2271 μισὴση

213 2276 488 2343 πατέρα,
544 2279 814 2349 μητέρα,
860 2286 1161 2348 γυναῖκα,
1217 2288 1426 2350 τέκνα,
1487 2283 1827 2359 ἀδελφούς,

214 2355 536 2431 ἀδελφὰς,
591 2364 685 2415 ἔτι
743 2361 812 2418 δι
867 2372 977 2419 xui
1034 2373 1128 2427 τὴν
1182 2369 1414 2425 ἑαυτοῦ
1462 2355 1696 2446 ψυχὴν,
1759 2376 1827 2428 ού

212 2445 510 2502 δύναταί
575 2471 693 2521 μου
750 2449 916 2507 εἶναι
947 2460 1273 2528 μαθητής·
1308 2462 1616 2516 οἱπλεῖστοι
1643 2461 1701 2517 δε
1729 2473 1829 2517 τῶν

212 2535 505 2610 ἀνθρώπων
537 2538 807 2610 βασιλείας
837 2548 927 2613 μεν
962 2545 1231 2618 ἐπιτυχεῖν
1263 2548 1559 2621 βούλονται,
1611 2559 1701 2606 xui
1735 2560 1828 2613 τὴν

213 2626 425 2677 αἰώνιον
454 2628 597 2688 ζωὴν
642 2629 1035 2705 κληρονομῆσαι
1080 2637 1305 2702 θελουσι,
1353 2639 1449 2711 ζῇν
1509 2636 1569 2692 δε
1618 2640 1665 2692 έν
1722 2650 1830 2707 τοῖς

208 2711 413 2775 τὲδίοις
446 2716 617 2768 αὐτῶν
650 2720 925 2791 θελημασι,
967 2728 1055 2777 xui
1107 2725 1281 2786 αὐτοῖς
1332 2727 1685 2791 ἕξακολουθεῖν
1736 2732 1831 2785 ούκ

211 2804 615 2872 uitaui-laurui,
638 2808 829 2878 μᾶλλον
870 2807 929 2863 δὲ
972 2820 1044 2882 τῷ
1079 2820 1343 2888 σπείροντι
1372 2820 1436 2869 τὰ
1459 2820 1660 2888 μάταια
1692 2820 1825 2892 (16),

212 2898 307 2943 xui
349 2898 426 2965 μὴ
475 2892 856 2967 ἀπαρνούμενοι
910 2898 1119 2962 ἑαυτούς
1186 2902 1467 2974 βούλονται
1504 2912 1592 2965 την
1624 2907 1829 2962 αἰώνιον

212 2981 274 3033 ιλ
288 2991 523 3053 ςρονομῆ
536 3002 628 3036 σαι
655 2986 813 3051 ζωὴν,
838 2990 958 3063 ὅπερ
990 2992 1129 3043 έστὶν
1159 2990 1436 3047 ἀδύνατον.

280 3068 348 3121 Ὀ
379 3073 485 3141 γὰρ
514 3071 662 3143 λόγος
704 3082 796 3126 τού
829 3082 1026 3151 Κυρίου
1085 3078 1281 3144 ἀληθὴς
1332 3086 1607 3155 τυγχάνει.
1667 3085 1829 3139 Οὗτοι

206 3160 315 3231 γὰρ
378 3160 610 3212 ἅπτωτοι
663 3158 1043 3237 διεξέρχονται,
1083 3170 1132 3220 oi
1169 3173 1303 3222 κατά
1348 3175 1442 3229 τὴν
1499 3173 1704 3235 ἐντολὴν
1735 3184 1825 3229 τοῦ

212 3252 421 3320 Κυρίου
485 3247 835 3323 ἀρνησάμενοι
874 3254 980 3307 ὅλοι
1019 3255 1071 3318 έξ
1109 3257 1225 3309 ὅλου
1260 3259 1495 3327 ἑαυτούς,
1535 3268 1625 3315 xui
1654 3267 1826 3327 πάσας

206 3340 301 3397 τὰς
342 3344 439 3388 τοῦ
489 3358 694 3410 κόσμου
745 3344 1023 3415 ἕπιθυμὶας
1070 3351 1159 3398 xui
1221 3343 1446 3419 δεσμοὺς
1502 3356 1590 3403 xui
1636 3372 1822 3418 μετεω-

204 3430 440 3497 ρισμούς
496 3432 586 3479 xui
637 3424 830 3492 ἡδονὰς
880 3438 968 3484 xui
1006 3431 1265 3505 ἀσχολίας
1296 3434 1693 3511 βδελυξάμενοι,
1734 3447 1825 3495 xui

206 3515 377 3565 αὐτὸν
402 3521 557 3585 μόνον
596 3520 697 3590 πρὸ
749 3518 1024 3593 ὀφθαλμῶν
1076 3526 1305 3594 ἔχοντες,
1338 3532 1427 3579 xui
1479 3531 1573 3591 τὰς
1620 3529 1825 3594 ἐντολὰς

206 3604 381 3654 αὑτοῦ
474 3613 637 3657 ποιεῖν
723 3606 1105 3680 έπιθυμοῦντις,
1182 3612 1317 3667 ὥστε
1383 3613 1502 3688 ἰδίῳ
1573 3618 1824 3689 θελήματι

207 3692 599 3764 ἀποστρέφεται
654 3694 888 3762 ἕκαστος,
934 3707 1029 3760 τῆς
1088 3698 1362 3772 βασιλείας
1412 3709 1469 3757 τὸ
1500 3706 1554 3769 ἐξ
1585 3707 1823 3771 ἀληθείας

206 3788 276 3851 μὴ
374 3781 593 3840 θελῆσαι
665 3783 836 3837 λαϐεῖν
905 3794 993 3839 xui
1056 3790 1393 3861 ἀρνήσασθαι
1468 3793 1668 3862 ἑαυτὸν,
1732 3802 1822 3851 xui

205 3868 427 3939 ἀγαπᾷν
477 3890 527 3922 τι
580 3876 672 3924 σύν
725 3872 889 3948 ἐκείνῃ
944 3885 1006 3948 τῇ
1058 3876 1259 3952 ἀγάπῃ,
1318 3891 1390 3953 τῷ
1440 3880 1669 3941 ἥδεσθαί
1710 3906 1822 3939 τισι

206 3966 303 4009 του
356 3957 543 4021 αἰῶνος
596 3963 781 4014 τούτου
831 3960 1102 4027 ἡδοναῖςῆ
1150 3970 1474 4041 ἐπιθυμίαις,
1521 3979 1610 4025 xui
1636 3986 1707 4045 τῳ
1745 3980 1817 4046 μη

206 4044 341 4102 ὃλην
395 4052 493 4105 τὴν
543 4047 774 4120 ἀγάπην,
832 4050 953 4105 ὅσον
1001 4053 1047 4105 ἐν
1102 4062 1401 4129 προαιρέσει
1445 4066 1534 4113 xui
1573 4044 1821 4135 θελήματι

208 4131 469 4198 δυνατὸν,
526 4142 655 4210 πρὸς
705 4141 898 4212 Κύριον
929 4145 1093 4214 ἔχειν.
1153 4144 1236 4208 Ἐξ
1265 4146 1368 4207 ἐνὸς
1400 4144 1459 4201 δὲ
1489 4131 1819 4222 ὑποδείγμα-

206 4242 300 4285 τος
376 4231 664 4283 συννόησόν
734 4248 825 4299 μοι
901 4233 1090 4285 πάντα.
1172 4240 1454 4310 Διακρίνων
1510 4240 1601 4309 μεν
1660 4239 1821 4293 ένίοτε

207 4309 476 4385 διακρίνει
530 4314 749 4377 ἕκαστος
804 4325 893 4372 xui
960 4318 1121 4385 οἶδεν,
1197 4326 1278 4376 ὅτι
1346 4326 1538 4378 ἄτοπόν
1584 4328 1744 4393 ἐστιν,
1793 4332 1819 4383 ὃ

212 4402 350 4453 θελει
389 4410 636 4469 ποιῆσαι,
687 4405 796 4457 ἀλλ’
832 4405 1015 4468 ἐπειδὴ
1070 4409 1251 4483 ἀγαπᾷ
1302 4419 1389 4466 xui
1424 4415 1517 4467 οὐχ
1567 4417 1815 4488 ἀρνεῖται,

1942 1848 2195 1904 Domino
2218 1869 2231 1906 :
2264 1850 2330 1907 Si
2344 1854 2475 1923 quis
2495 1853 2623 1908 vult
2635 1857 2838 1911 venire
2853 1858 2988 1925 post
3005 1871 3111 1920 me,
3129 1854 3376 1923 abneget
3397 1858 3599 1910 semet-

1940 1936 2157 2005 ipsum,
2192 1947 2242 1995 et
2274 1942 2449 1997 tollat
2475 1958 2705 2000 crucem
2739 1958 2909 2000 suam
2940 1944 3202 2016 quotidie
3227 1944 3518 2013 gaudens,
3547 1949 3597 1997 et

1940 2036 2225 2097 sequatur
2249 2044 2338 2086 me
2360 2030 2407 2065 ⁸⁸
2432 2047 2446 2095 ;
2475 2036 2531 2085 et
2555 2047 2791 2087 rursum
2818 2048 2832 2087 :
2865 2033 2934 2089 Si
2962 2032 3093 2103 quis
3120 2048 3237 2087 non
3272 2032 3463 2088 oderit
3488 2047 3596 2100 pa-

1941 2118 2109 2178 trem,
2137 2124 2408 2182 matrem,
2433 2134 2701 2189 uxorem,
2724 2122 2908 2189 ﬁlias,
2930 2122 3179 2191 fratres,
3212 2136 3465 2190 sorores,
3491 2121 3597 2177 ad-

1941 2202 2057 2259 huc
2086 2211 2282 2261 autem
2311 2210 2367 2262 et
2394 2208 2655 2265 animam
2693 2223 2884 2274 suam,
2917 2224 3036 2265 non
3062 2215 3248 2278 potest
3278 2224 3441 2265 meus
3472 2224 3595 2267 esse

1939 2292 2273 2361 discipulus
2285 2296 2354 2349 ⁸⁸.
2381 2296 2647 2367 Plerique
2670 2297 2943 2353 homines
2958 2313 3209 2368 regnum
3226 2297 3479 2369 adipisci
3493 2313 3594 2353 vo-

1938 2381 2087 2446 lunt,
2118 2388 2173 2437 et
2215 2388 2501 2440 aeternam
2541 2386 2724 2441 vitam
2764 2387 3034 2457 accipere
3059 2387 3342 2458 cupiunt;
3395 2387 3592 2444 vivere

1939 2476 2139 2526 autem
2186 2472 2243 2526 in
2287 2473 2545 2543 prOpriis
2592 2473 2717 2529 suis
2762 2474 3191 2542 voluntatibus,
3224 2478 3284 2529 et
3328 2473 3442 2530 illis
3488 2475 3594 2531 ob-

1940 2563 2272 2630 temperare
2293 2577 2412 2617 non
2446 2569 2743 2629 recusant,
2769 2563 2962 2633 magis
2987 2569 3183 2619 autem
3209 2562 3433 2618 similes
3454 2562 3593 2619 facti

1940 2647 2077 2702 huic
2108 2650 2207 2719 qui
2242 2666 2396 2704 vana
2429 2651 2702 2717 seminat,
2737 2666 2931 2723 neque
2962 2651 3335 2721 abnegantes
3376 2659 3590 2708 semet-

1940 2736 2106 2807 ipsos
2129 2737 2334 2793 volunt
2350 2744 2635 2795 (sternam
2659 2740 2836 2797 vitam
2856 2740 3160 2812 accipere;
3184 2740 3350 2812 quod
3369 2741 3593 2811 impos-

1941 2825 2109 2881 sibile
2141 2831 2249 2882 est.

2009 3091 2217 3147 Sermo
2257 3092 2416 3147 enim
2460 3092 2690 3148 Domini
2736 3107 2909 3147 verus
2959 3092 3276 3149 invenitur.
3327 3096 3476 3149 Nam
3508 3091 3590 3148 illi

1939 3180 2113 3252 lapsu
2162 3180 2530 3251 perveniunt.
2582 3180 2683 3253 qui
2740 3182 3075 3238 secundum
3129 3181 3365 3237 Domini
3421 3196 3586 3237 man-

1936 3270 2143 3324 datum
2176 3268 2479 3341 abnegant
2506 3271 2611 3325 toti
2641 3271 2894 3342 seipsos,
2926 3276 2980 3326 et
3007 3271 3216 3327 omnia
3242 3270 3451 3326 mundi
3481 3285 3588 3325 cu-

1937 3358 2233 3429 piditates,
2278 3358 2532 3425 vincula,
2575 3359 2909 3431 superbias,
2941 3359 3277 3431 voluptates
3307 3365 3363 3415 et
3400 3360 3587 3431 impe-

1934 3447 2201 3503 dimenta
2257 3447 2559 3519 abjiciant,
2614 3454 2671 3504 et
2721 3448 2886 3503 illum
2950 3448 3146 3504 solum
3201 3464 3337 3519 quas
3396 3447 3585 3504 oculis

1935 3537 2174 3603 habent,
2209 3544 2266 3591 et
2291 3536 2445 3592 illius
2486 3538 2772 3593 mandata
2818 3552 3055 3592 servare
3097 3537 3367 3607 cupiunt,
3401 3537 3481 3593 ita
3525 3542 3588 3593 ut

1933 3624 2189 3696 quisque
2212 3626 2453 3696 prOpria
2482 3626 2784 3681 voluntate
2805 3629 3127 3691 avertatur,
3150 3641 3403 3696 regnum
3429 3624 3588 3682 nolle

1934 3714 1990 3766 in
2064 3714 2299 3767 veritate
2366 3714 2631 3769 obtinere
2697 3719 2750 3769 et
2803 3714 3068 3784 seipsum
3139 3713 3460 3783 abnegare,
3531 3718 3589 3769 et

1932 3801 2180 3870 diligere
2221 3801 2450 3873 aliquid
2481 3817 2619 3856 cum
2651 3802 2751 3856 illa
2785 3801 3119 3867 dilectione,
3152 3800 3475 3870 gaudendo
3523 3800 3585 3856 in

1932 3889 2232 3961 aliquibus
2268 3890 2466 3945 saeculi
2521 3890 2701 3960 hujus
2749 3889 3155 3961 voluptatibus
3194 3893 3252 3944 et
3295 3888 3587 3959 cupidita-

1932 3978 2116 4048 tibus,
2162 3984 2367 4033 etnon
2417 3978 2699 4034 habendo
2726 3980 2787 4033 in
2838 3977 3158 4033 Dominum
3207 3981 3393 4037 totam
3439 3975 3585 4032 dile-

1931 4067 2210 4130 ctionem,
2234 4071 2531 4138 quantum
2552 4065 2885 4131 intentioni,
2909 4073 2969 4121 et
2987 4065 3278 4121 voluntati
3297 4063 3584 4135 possibile

1930 4160 2035 4211 est.
2075 4157 2150 4210 Ex
2204 4171 2321 4211 uno
2352 4155 2630 4226 exemplo
2671 4155 2815 4211 mihi
2856 4154 3117 4224 intellige
3147 4154 3371 4210 omnia.
3421 4152 3579 4208 ludi-

1929 4245 2125 4300 cando
2170 4244 2397 4314 judicat
2423 4244 2676 4316 quisque
2716 4250 2775 4299 et
2830 4243 3019 4299 noscit
3050 4242 3405 4299 indecorum
3449 4256 3584 4297 esse

1931 4334 2093 4404 quod
2138 4333 2330 4389 facere
2359 4332 2482 4388 vult
2508 4349 2522 4398 ;
2551 4332 2653 4387 sed
2684 4333 2931 4404 quando
2967 4332 3159 4402 diligit
3187 4337 3245 4389 et
3269 4345 3393 4388 non
3416 4345 3584 4388 recu-

1933 4428 2042 4485 sat,
2094 4422 2207 4478 hoc
2257 4422 2530 4477 vincitur.
2584 4422 2843 4478 Primum
2893 4420 3052 4477 enim
3085 4421 3144 4476 in
3198 4419 3378 4476 corde
3423 4419 3584 4475 intus

208 4493 441 4549 ηττηται
487 4492 655 4564 αύτῷ,
732 4501 986 4571 Πρότερον
1042 4503 1142 4572 γὰρ
1198 4504 1299 4554 ἔσω
1342 4501 1389 4554 ἔν
1444 4512 1506 4577 τῇ
1562 4504 1816 4581 καρδίᾳό

1941 4510 2153 4566 bellum
2201 4508 2285 4574 ﬁt,
2336 4515 2392 4565 et
2439 4526 2661 4581 pugna,
2708 4515 2762 4566 et
2799 4509 3059 4575 libratio,
3107 4507 3583 4580 ponderatioque

208 4579 437 4651 πόλεμος
465 4586 684 4651 γίνεται,
736 4590 823 4637 xui
877 4586 903 4637 ὁ
953 4585 1110 4658 ἀγὼν,
1163 4596 1252 4642 xui
1305 4596 1362 4644 τὸ
1418 4596 1693 4665 στάθμιον,
1726 4602 1816 4651 καὶ

210 4671 237 4726 ἠ
272 4670 439 4742 ῥοπὴ,
492 4676 581 4722 xui
630 4675 688 4723 τὸ
739 4673 917 4745 ζύγιον
972 4685 1064 4737 τῆς
1120 4678 1330 4750 ἀγάπης
1370 4690 1463 4734 τοῦ
1513 4690 1664 4749 Θεοῦ,
1726 4690 1815 4738 xui

208 4767 308 4819 τῆς
350 4758 565 4828 ἀγάπης
609 4767 701 4812 τοῦ
753 4768 973 4836 κόσμου,
1020 4771 1109 4819 xui
1165 4774 1279 4821 τότε
1334 4775 1673 4845 προέρχεται,
1724 4780 1813 4828 xui

210 4842 473 4917 διακρίνει
522 4850 762 4915 ἕκαστος,
822 4852 865 4904 εἰ
920 4856 1060 4927 τύχῃ
1108 4856 1177 4918 εἰς
1232 4842 1417 4930 μάχην
1460 4842 1558 4914 xui
1591 4859 1813 4921 διαπλη-

206 4940 435 5007 κτισμόν
474 4941 605 5009 πρὸς
657 4942 744 4990 τόν
790 4936 1029 5013 ἀδελφόν,
1088 4943 1247 5015 λέγων
1286 4946 1334 4997 ἐν
1366 4948 1565 5020 ἐαυτῷ·
1621 4950 1761 5004 Εἴπω
1794 4968 1809 5019 ;

208 5022 461 5091 Iuliam;
517 5024 647 5078 ἀλλά
676 5031 747 5097 μὴ
781 5027 1029 5096 lanitium;
1062 5038 1392 5107 μνημονεύων
1445 5041 1534 5110 μεν
1579 5044 1668 5092 xui
1719 5048 1811 5094 τοῦ

277 5237 326 5273 ⁸³
358 5238 563 5300 latth.
590 5254 711 5304 xvr,
742 5244 832 5297 24.
914 5244 963 5281 ⁸⁸
996 5246 1131 5302 Luc.
1164 5263 1283 5316 xiv,
1315 5251 1406 5307 26.

1926 4599 2309 4655 dilectionem
2345 4601 2441 4654 Dei
2470 4601 2618 4655 inter
2650 4600 2702 4654 ei
2745 4598 3127 4655 dilectionem
3162 4597 3409 4664 mundi;
3442 4601 3582 4653 tunc

1925 4687 2157 4744 accedit
2202 4690 2457 4760 quisque
2517 4695 2573 4744 et
2625 4688 2876 4758 judicat,
2934 4689 2980 4742 si
3030 4686 3178 4743 forte
3235 4690 3453 4754 agatur
3504 4685 3581 4740 de

1923 4778 2050 4832 rixa
2075 4783 2132 4833 et
2160 4776 2471 4833 iracundia
2494 4782 2701 4832 contra
2730 4775 2973 4831 fratrem
3007 4791 3021 4829 :
3056 4774 3277 4841 dicam,
3313 4777 3416 4828 aut
3454 4786 3580 4827 non

1921 4865 2163 4921 dicam?
2209 4864 2442 4936 loquar,
2483 4870 2583 4920 aut
2614 4880 2734 4919 non
2774 4861 3029 4935 loquar?
3062 4877 3292 4917 memor
3328 4859 3577 4931 quidem

1923 4954 2042 5016 Dei,
2100 4953 2207 5008 sed
2264 4953 2571 5024 propriam
2624 4952 2881 5023 gloriam
2936 4964 3287 5019 procurans,
3348 4953 3403 5004 et
3451 4961 3576 5002 non

1920 5042 2184 5113 seipsum
2230 5041 2561 5113 abnegans,
2608 5056 2817 5097 verum
2859 5040 2910 5097 si
2962 5037 3144 5111 paulo
3194 5032 3581 5109 pravalueri‘

1584 5450 1818 5506 VARl/E
1847 5450 2243 5510 LECTlONES.

275 5646 393 5719 (16)
434 5650 625 5706 Locus
653 5655 807 5708 certe
840 5654 1080 5712 mutilus
1114 5672 1129 5724 ;
1162 5660 1533 5745 postputch
1553 5662 1786 5745 nullum
1814 5664 1874 5743 ig
1903 5665 2108 5735 codice
2138 5666 2947 5749 interpunqtigaisqiguum.
