4086 6194
447 291 554 350 503
1760 287 1822 344 S.
1859 286 2057 344 MACA

2202 284 2506 344 EGYPTII
3707 287 3814 342 50‘

451 418 688 474 dilectio
733 424 787 473 et
820 418 1058 488 pondus
1108 417 1314 472 mundi
1350 418 1408 472 in
1448 416 1645 472 cordis
1693 416 1865 480 libra,
1908 414 2064 470 stati!

2219 420 2374 477 Θεοῦ,
2424 412 2552 465 ἀλλὰ
2602 416 2696 470 τὴν
2743 408 2884 464 ἰδίαν
2942 409 3099 475 δόξαν
3149 415 3590 486 περιποιούμενος,
3624 417 3713 465 καὶ
3744 417 3815 484 μὴ

452 507 829 579 progreditur
861 523 1078 578 pravus
1110 522 1308 561 sermo
1351 521 1540 576 usque
1567 506 1644 560 ad
1669 505 1847 560 labia.
1886 503 2065 558 Deind

2217 501 2397 555 ἑαυτὸν
2466 502 2791 573 ἀρνούμενος.
2867 501 3014 554 Ἀλλ’
3072 501 3157 555 ἐὰν
3242 502 3412 574 όλίγον
3468 500 3816 574 καταϐαρήση

451 604 736 668 tanquam
781 597 1027 665 sagittas
1055 596 1320 664 dirigens
1365 611 1534 649 mens
1575 595 1732 649 intus
1765 594 2064 663 proximui

2218 593 2247 650 ἠ
2281 591 2459 662 ἀγάπη
2491 598 2584 642 τοῦ
2614 595 2817 662 κόσμου
2849 595 2938 642 καὶ
2985 592 3015 648 ἠ
3047 591 3180 666 ῥοπὴ
3240 591 3287 642 iv
3336 599 3408 662 τῷ
3448 599 3543 652 τῆς
3596 587 3824 663 καρδίας

453 687 582 741 telis
615 686 844 755 impetit
874 701 979 755 per
1018 686 1309 749 linguam,
1344 685 1574 754 jaciens
1608 684 1721 738 tela
1760 699 2066 738 sermonm

2220 681 2406 751 ζυγίῳ,
2451 679 2598 739 εὐθὺς
2645 683 2964 752 προέρχεται
3012 681 3038 731 ό
3085 683 3306 750 πονηρὸς
3334 679 3488 750 λόγος
3518 683 3678 750 μέχρι
3721 687 3825 730 τῶν

452 775 1027 830 contumeliosarum
1057 775 1115 829 in
1157 775 1460 829 voluntate
1500 780 1850 844 spontanea,
1902 788 2065 826 suam

2221 769 2454 841 χειλέων.
2513 767 2637 821 Εἶτα
2694 770 2867 840 ὥσπερ
2925 767 3050 840 βέλη
3106 771 3331 822 ῖντείνων
3385 769 3409 820 ό
3468 776 3587 828 νοῦς
3615 764 3824 820 ἔνδοθεν

453 870 572 920 met
621 865 874 933 gloriam
923 880 1276 934 procurans.
1333 863 1550 918 Deinde
1598 861 1800 917 multis
1847 863 1926 916 ita
1981 860 2066 916 teli

2221 860 2414 921 τοξεύει
2457 861 2542 909 τὸν
2575 857 2796 916 πλησίον
2835 855 2929 909 διὰ
2975 858 3231 928 γλώττης,
3292 862 3505 930 πέμπων
3559 855 3681 929 βέλη
3741 857 3826 909 λό-

452 954 797 1025 proximum
830 954 1123 1024 impetens
1146 969 1251 1023 per
1284 951 1753 1007 contumeliosos
1780 965 2065 1005 sermone:

2221 968 2324 1018 γων
2362 945 2600 1019 ἀπρεπῶν
2659 948 2706 998 iv
2752 946 3001 1017 θελήματι
3050 946 3293 1017 ἑκουσίῳ,
3346 951 3442 1003 τήν
3497 946 3681 998 ἑαυτοῦ
3736 943 3827 997 δό-

453 1042 794 1114 usquedum
851 1049 904 1095 et
961 1043 1020 1096 in
1063 1042 1323 1096 decursu
1383 1046 1609 1095 crescat
1662 1044 1976 1111 peccatum
2037 1054 2066 1093 a

2226 1036 2315 1099 ξαν
2341 1037 2782 1107 περιποιούμενος.
2835 1031 2960 1088 Εἶτα
3002 1035 3219 1097 τοξεύων
3271 1034 3350 1086 ἰπὶ
3392 1034 3521 1086 πολὺ
3573 1038 3658 1086 τόν
3684 1033 3824 1091 πλη-

450 1131 730 1185 lasiones
785 1131 1113 1201 aliquando
1145 1136 1200 1185 et
1261 1130 1528 1188 vulnera.
1583 1129 1642 1184 in
1695 1143 1945 1198 corpore
1987 1145 2063 1183 mi

2229 1129 2341 1177 σίον
2377 1121 2470 1176 διὰ
2511 1123 2676 1194 λόγων
2723 1123 2982 1195 ἀπρεπῶν,
3037 1123 3128 1185 ἕως
3183 1124 3244 1176 οὗ
3282 1129 3371 1175 xui
3415 1122 3464 1174 iv
3511 1131 3620 1184 τοῖς
3649 1122 3829 1193 μέλεσι

453 1225 590 1276 tuas
639 1220 774 1276 belli
825 1225 1024 1290 partes
1079 1225 1321 1284 exercet,
1371 1219 1738 1290 quandoque
1797 1232 1985 1287 usque
2041 1233 2066 1271 a

2230 1210 2469 1285 διαχυθῇ
2528 1217 2588 1265 τὸ
2635 1213 2921 1285 ἁμάρτημα
2977 1213 3043 1272 εἰς
3093 1209 3484 1284 συμπληγάδας
3532 1214 3688 1263 ἐνίοτε
3736 1216 3828 1263 xui

460 1314 751 1378 mortem;
796 1309 877 1362 sic
911 1307 1071 1363 necis
1117 1314 1324 1363 auctor
1354 1306 1609 1362 efficitur
1657 1306 1918 1361 hominis
1949 1321 2073 1375 prai

2229 1305 2523 1377 τραύματα,
2571 1298 2663 1353 διὰ
2719 1309 2808 1353 τοῦ
2862 1307 3104 1373 σώματος
3164 1301 3362 1359 ἄλληλα
3425 1302 3490 1352 τά
3553 1299 3678 1372 μέλη
3729 1319 3830 1352 πο-

458 1397 780 1468 cupiditas,
829 1396 986 1464 vide,
1037 1397 1193 1451 unde
1242 1401 1447 1451 exorta
1496 1396 1587 1461 sit,
1630 1399 1686 1450 et
1721 1395 1962 1465 qualem
2011 1395 2071 1449 ha

2227 1390 2479 1460 λεμοῦντα
2535 1388 2906 1461 ἀπεργάζεται,
2956 1388 3114 1441 ἐνίοτε
3152 1394 3242 1441 xui
3299 1388 3392 1449 ἓως
3445 1393 3618 1460 φόνου,
3675 1389 3827 1440 θανά·

458 1486 653 1542 buerit
667 1486 849 1540 tinem
869 1485 1108 1539 dilectio
1132 1485 1458 1539 mundana
1473 1483 1676 1552 gloria
1693 1483 1956 1555 pondere
1971 1499 2071 1554 pra

2228 1499 2319 1532 του
2377 1478 2722 1550 ἀπαρτίζεται
2776 1482 2832 1530 τὸ
2889 1486 2978 1530 τοῦ
3032 1486 3259 1551 πονηροῦ
3309 1479 3632 1548 ῖπιθύμημα.
3693 1473 3827 1540 Ἰδε,

457 1574 666 1629 valens
692 1574 750 1627 in
772 1573 971 1628 cordis
987 1572 1136 1627 libra
1149 1571 1464 1644 etpropria
1477 1571 1805 1628 voluntate.
1821 1571 2070 1636 Quonial

2227 1571 2380 1622 πόθεν
2411 1567 2626 1641 ἤρξατο,
2667 1571 2756 1619 καὶ
2811 1575 2958 1619 ποῖον
2996 1569 3128 1638 ἴσχε
3173 1571 3230 1618 τὸ
3283 1566 3422 1627 τέλος
3450 1564 3628 1636 ἀγάπη
3665 1561 3831 1627 δόξης

460 1663 620 1719 enim
655 1662 872 1732 aliquis
910 1661 1176 1731 seipsum
1215 1676 1334 1716 non
1365 1661 1708 1729 abnegavit,
1748 1665 1804 1715 et
1829 1659 2056 1731 aliquid

2227 1665 2484 1728 κοσμικῆς
2533 1656 2827 1730 βαρυθεῖσα
2875 1657 2951 1727 (1)
3017 1664 3079 1728 τῇ
3125 1657 3259 1730 ῥοπῇ
3314 1663 3413 1708 τοῦ
3464 1662 3554 1715 τῆς
3601 1650 3829 1727 καρδίας

459 1751 691 1806 mundo
714 1751 937 1814 dilexit,
965 1751 1064 1806 illa
1092 1750 1298 1805 omnia
1317 1749 1542 1819 ﬂagitia
1563 1750 1865 1804 eveniunt.
1889 1752 1971 1803 Ita
1987 1765 2072 1804 ess

2231 1747 2392 1816 ζυγοῦ
2421 1745 2473 1807 ἐξ
2520 1741 2660 1798 ἰδίου
2693 1744 2975 1817 θελήματος
3062 1747 3157 1797 Διά
3179 1747 3277 1817 γὰρ
3307 1747 3363 1796 τὸ
3393 1749 3464 1815 μή
3495 1742 3832 1816 ἀρνήσασθαι

460 1839 750 1896 arbitrare
795 1840 854 1894 in
901 1854 1266 1910 quocunque
1317 1844 1563 1909 peccato
1595 1844 1648 1891 et
1690 1837 2073 1893 consuetudin

2228 1833 2427 1897 ἑαυτὸν,
2493 1839 2581 1886 καὶ
2626 1833 2831 1906 ἀγαπᾷν
2882 1854 2931 1885 τι
2988 1841 3080 1886 τοῦ
3118 1852 3342 1904 κόσμου,
3406 1833 3574 1885 ἄκεῖνα
3628 1831 3720 1884 ὅλα
3761 1834 3832 1884 τὰ

462 1928 644 1995 mala,
676 1944 814 1983 cum
847 1927 1150 1983 blanditur
1183 1926 1404 1981 malitia
1431 1933 1486 1981 et
1515 1927 1879 1982 voluntatem
1907 1932 2064 1980 ment

2230 1919 2542 1992 ἀτοπήματα
2570 1927 2829 1992 γίγνεται.
2871 1923 3050 1983 Οὕτως
3089 1926 3193 1974 νόει
3236 1941 3326 1989 μοι
3365 1926 3454 1973 xui
3509 1921 3578 1982 εὶς
3610 1921 3831 1972 ἕκαστον

461 2019 556 2073 inc
593 2018 716 2072 inat
752 2018 825 2072 ad
863 2017 1202 2071 mundanas
1235 2015 1593 2086 cupiditates
1625 2022 1678 2070 et
1725 2015 2034 2071 illecebras
2067 2034 2074 2066 ι

2229 2009 2517 2084 ἁμάρτημα
2573 2015 2661 2062 xui
2716 2008 3043 2082 ἐπιτήδευμα
3121 2009 3310 2081 φαῦλον
3359 2017 3448 2070 τῆς
3499 2014 3686 2070 κακίας
3743 2028 3831 2060 κο-

460 2105 795 2175 voluptates
817 2105 1034 2159 carnis.
1063 2106 1145 2159 lta
1167 2120 1345 2159 omne
1369 2104 1606 2160 malitia
1623 2120 1776 2174 opus
1799 2111 2068 2159 exercetu

2229 2099 2571 2165 λακευούσης,
2611 2105 2700 2152 καὶ
2759 2104 3175 2173 προτρεπομένης
3225 2102 3283 2150 τό
3325 2099 3522 2171 θέλημα
3567 2107 3658 2150 τοῦ
3714 2101 3835 2160 νοός

461 2197 546 2251 ita
571 2195 957 2265 impudicitia
988 2198 1040 2248 et
1076 2194 1322 2258 furtum,
1357 2195 1438 2248 ita
1487 2195 1736 2249 avaritia
1775 2199 1831 2248 et
1863 2194 2074 2264 pigritia

2232 2194 2320 2241 xui
2366 2189 2661 2261 ἐπιθυμίαις
2709 2197 2987 2260 κοσμικαῖς
3035 2194 3124 2241 καὶ
3154 2187 3329 2260 ἀπάτῃ
3371 2193 3458 2240 καὶ
3487 2184 3652 2259 ἠδονῃ
3693 2206 3831 2260 σαρ-

464 2287 546 2341 ita
574 2285 699 2339 auri
729 2283 1024 2353 cupiditas
1051 2288 1106 2337 et
1131 2298 1289 2336 vana
1318 2283 1526 2351 gloria,
1555 2284 1634 2338 ita
1661 2283 1885 2337 invidia
1917 2287 1973 2337 et
1998 2299 2077 2337 an

2233 2282 2340 2337 κός.
2397 2281 2545 2330 Οῦτω
2614 2283 2715 2329 πᾶν
2801 2284 3021 2349 πρᾶγμα
3076 2282 3260 2338 κακίας
3321 2276 3664 2350 ἀπαρτίζεται
3725 2277 3829 2343 (2),

465 2375 631 2435 bitio,
661 2379 716 2427 et
746 2372 1154 2444 quodcunque
1189 2377 1278 2426 est
1309 2371 1547 2426 malitia
1580 2388 1752 2442 opus.
1786 2372 2078 2442 Aliquand

2231 2367 2365 2419 ούτω
2409 2371 2626 2438 μοιχεία
2665 2371 2752 2418 xui
2810 2366 2999 2430 κλοπὴ,
3058 2366 3192 2418 οὕτω
3248 2364 3510 2428 πλεονεξία
3561 2369 3650 2416 xui
3697 2366 3831 2435 μέθη

464 2478 650 2533 Opera
691 2477 827 2532 qua
862 2461 1022 2515 bona
1073 2460 1350 2514 videntur
1389 2460 1465 2516 ad
1499 2461 1751 2531 gloriam
1793 2468 1849 2516 et
1878 2460 2077 2516 laudet

2231 2457 2365 2508 οὕτω
2431 2456 2744 2528 φιλαργυρία
2811 2461 2898 2508 καὶ
2971 2451 3262 2521 κενοδοξία,
3323 2456 3457 2506 ούτω
3521 2453 3675 2516 ζῆλος
3740 2459 3836 2506 xui

465 2550 782 2606 hominum
832 2549 1240 2620 perﬁciuntur,
1291 2565 1426 2620 qua
1467 2549 1632 2620 apud
1671 2552 1852 2604 Deum
1907 2550 2078 2605 simili

2232 2545 2489 2619 φιλαρχία
2562 2549 2651 2596 καὶ
2705 2551 2805 2596 πᾶν
2876 2545 3047 2597 ὁτιοῦν
3097 2543 3210 2596 ἔστι
3266 2551 3361 2604 τῆς
3412 2548 3599 2604 κακίας
3651 2541 3832 2600 inini-

466 2644 604 2694 sunt
629 2638 952 2708 injustitia,
1008 2637 1161 2691 furto
1200 2641 1255 2691 et
1287 2637 1416 2691 aliis
1448 2638 1728 2706 peccatis.
1759 2639 1910 2691 Deus
1963 2639 2079 2692 enii

2232 2631 2419 2705 δευμα.
2501 2632 2688 2686 Ἐνίοτε
2765 2633 2900 2685 καλά
2970 2629 3226 2685 δοκοῦντα
3305 2628 3700 2699 ἔπιτηδεύματα
3737 2628 3838 2682 διὰ

469 2729 637 2785 dicit:
656 2727 950 2797 Dispersi!
967 2742 1100 2782 ossa
1114 2742 1316 2782 eorum
1333 2727 1436 2797 qui
1449 2727 1782 2782 hominibus
1800 2728 2038 2794 placent
2051 2729 2082 2767 σε

2234 2721 2392 2784 δόξαν
2430 2727 2519 2773 καὶ
2571 2725 2775 2774 ἔπαινον
2830 2721 3108 2796 ἀνθρώπων
3143 2720 3466 2786 ἐπιτελεῖται,
3529 2720 3657 2792 άπερ
3718 2719 3832 2772 ἔστὶ

467 2818 551 2872 ita
571 2822 632 2870 ut
661 2832 766 2886 per
789 2832 858 2870 ea
877 2831 1012 2886 qua
1040 2815 1200 2870 bona
1228 2815 1502 2870 videntur
1525 2815 1827 2882 malignus
1859 2815 2080 2870 ministe

2231 2814 2372 2884 παρὰ
2429 2818 2542 2880 Θεῷ
2587 2814 2671 2862 ἶνα
2710 2807 2928 2872 ἀδικίας
2990 2815 3078 2862 καὶ
3130 2810 3324 2871 κλοπῆς
3378 2813 3464 2861 καὶ
3509 2817 3608 2860 τῶν
3664 2807 3832 2859 ἄλλων

467 2905 720 2974 diligens
751 2920 1041 2976 apparere
1071 2903 1226 2969 velit,
1255 2905 1456 2958 varius
1485 2905 1644 2959 enim
1668 2911 1753 2958 est
1779 2911 1833 2957 et
1862 2905 2080 2959 menda

2232 2902 2640 2974 ἁμαρτημάτων.
2694 2900 2753 2952 Ὀ
2811 2903 2940 2962 Θεὸς
2996 2903 3095 2974 γὰρ
3149 2919 3306 2971 φησιν
3340 2917 3350 2927 ·
3404 2899 3836 2971 Ἐσκόρπισεν

470 2995 528 3049 in
591 2993 1018 3064 cupiditatibus
1080 2993 1308 3046 mundi.
1366 2995 1510 3048 Nam
1579 3009 1685 3063 per
1739 2993 2083 3049 dilectione:

2233 2991 2394 3042 ὀστᾶ
2436 2988 3011 3063 ἀνθρωπαρέσκων·
3065 2990 3198 3040 ὥστε
3248 2983 3340 3038 διὰ
3383 2995 3481 3038 τῶν
3537 2982 3837 3038 δοκούντων

471 3083 807 3156 quamdam
842 3087 1171 3137 terrestrem
1201 3086 1256 3137 et
1277 3081 1602 3146 carnalem,
1637 3082 1691 3136 in
1713 3098 1837 3153 qua
1868 3082 2084 3137 vincitu

2233 3079 2400 3132 καλῶν
2433 3079 2458 3130 ὁ
2495 3059 2720 3152 πονηρὸς
2747 3059 3128 3151 ’ὑπηρετεῖσθαι
3155 3075 3416 3149 βούλεται.
3459 3074 3838 3136 Πολυποίκιλος

470 3173 656 3228 homo
685 3170 930 3243 propria
978 3171 1301 3234 voluntate,
1331 3170 1587 3226 allicitur
1636 3171 1880 3236 malitia,
1915 3176 1976 3226 ut
2020 3171 2083 3225 ﬁs

2232 3171 2334 3240 γὰρ
2363 3169 2475 3220 ἐστι
2504 3173 2593 3220 καὶ
2623 3167 2884 3227 ἀπατηλὸς
2933 3166 2980 3218 iv
3011 3166 3311 3238 έπιθυμιαις
3346 3184 3568 3237 κοσμου.
3603 3166 3697 3217 Διά
3723 3167 3835 3237 γὰρ

471 3261 552 3316 illi
584 3259 891 3316 vinculum
919 3258 1236 3314 insolubile
1268 3265 1322 3313 et
1349 3259 1582 3313 sarcina
1615 3260 1834 3325 gravis,
1868 3259 2082 3313 immer

2236 3258 2443 3330 ἀγάπην
2497 3260 2612 3309 τινὰ
2658 3260 2845 3328 γηῖνην
2893 3258 2972 3327 (3)
3037 3259 3126 3307 καὶ
3167 3259 3447 3326 σαρκικὴν,
3506 3253 3578 3314 εἰς
3634 3254 3693 3311 ἣν
3739 3249 3839 3305 δε-

472 3365 618 3420 gens
648 3355 704 3403 et
741 3347 1046 3402 suﬂ‘ocaus
1077 3364 1212 3401 eum
1247 3347 1306 3401 in
1347 3346 1567 3402 saculo
1596 3347 1895 3418 nequitia,
1930 3363 2085 3419 nequ

2237 3354 2444 3418 σμείται
2501 3347 2766 3419 ἄνθρωπος
2835 3344 3084 3415 θελήματι
3161 3340 3305 3414 ἰδίῳ,
3385 3340 3682 3403 δελεάζεται
3731 3343 3841 3394 ὑπὸ

473 3438 674 3492 sinens
718 3450 1051 3503 assurgere,
1100 3441 1156 3489 et
1186 3435 1262 3489 ad
1315 3437 1498 3490 Deum
1532 3435 1759 3502 redire;
1807 3436 2086 3507 quoniam

2234 3445 2323 3496 τῆς
2375 3439 2583 3503 κακίας,
2633 3435 2767 3496 ὃπως
2802 3439 3000 3506 γίνεται
3058 3432 3196 3503 αύτῷ
3252 3431 3437 3494 ἂλυσις
3496 3437 3585 3483 καὶ
3638 3427 3845 3502 δεσμός

472 3523 770 3595 quidquid
802 3537 832 3577 e
866 3523 1095 3577 mundo
1117 3523 1332 3594 aliquis
1360 3521 1648 3589 dilexerit,
1680 3523 1833 3578 illius
1864 3532 2085 3580 menter

2235 3529 2325 3576 xui
2365 3529 2569 3598 φορτίον
2633 3521 2792 3596 βαρὺ,
2876 3520 3226 3584 καταϐυθίζον
3279 3525 3368 3572 xui
3429 3526 3607 3590 πνῖγον
3657 3517 3704 3570 iv
3767 3529 3848 3589 τῷ

473 3611 759 3684 opprimit
785 3617 840 3666 et
869 3611 1118 3676 obtinet,
1154 3628 1348 3683 neque
1377 3628 1695 3673 assurgere
1727 3614 1880 3668 sinit.
1915 3613 1972 3668 ln
2013 3615 2086 3670 ha

2237 3613 2386 3665 αἰῶνι
2451 3622 2542 3674 τῆς
2595 3617 2867 3684 πονηρίας,
2919 3615 2990 3681 μὴ
3043 3617 3360 3681 συγχωροῦν
3419 3607 3704 3678 ἀνακύψαι,
3744 3613 3845 3660 καὶ

474 3702 632 3757 enim
677 3700 991 3756 libratione
1030 3708 1085 3755 et
1126 3702 1555 3772 ponderatione
1595 3717 1731 3773 qua
1763 3718 1868 3773 per
1910 3702 2087 3758 librat

2237 3706 2360 3775 πρὸς
2409 3705 2494 3752 τὸν
2547 3705 2676 3754 Θεὸν
2731 3699 2982 3752 ἀπελθεῖν.
3030 3697 3243 3756 Ἐπειδὴ
3296 3699 3417 3770 ὅπερ
3454 3717 3530 3757 τις
3591 3698 3848 3767 ἠγάπησε

478 3789 720 3845 malitia
759 3789 844 3853 fit,
874 3790 1154 3862 penditur
1183 3796 1235 3844 et
1287 3790 1575 3860 probatur
1603 3807 1783 3846 omne
1810 3791 2091 3847 hominum

2241 3798 2326 3843 τοῦ
2370 3795 2594 3861 κόσμου,
2645 3788 2929 3862 καταϐαρεῖ
2992 3791 3078 3839 τὸν
3129 3794 3245 3839 νοῦν
3312 3790 3472 3838 αὑτοῦ
3528 3791 3618 3837 xui
3673 3804 3854 3837 κατα-

476 3894 685 3950 genus,
702 3878 1170 3934 Christianorum
1187 3895 1404 3950 nempe
1418 3879 1474 3934 in
1492 3879 1743 3934 urbibus
1757 3879 2089 3949 degentium

2240 3886 2421 3953 κρατεί
2470 3880 2568 3950 (4),
2619 3883 2708 3931 xui
2760 3877 2854 3930 ούκ
2893 3878 2950 3949 ἐᾷ
2986 3875 3271 3947 ἀνακύψαι.
3329 3876 3411 3936 Εἰς
3465 3883 3617 3926 τοῦτο
3645 3876 3747 3946 γὰρ
3784 3878 3853 3927 τὸ

478 3973 580 4025 aut
609 3969 665 4022 in
699 3968 1025 4034 montibus,
1061 3976 1162 4023 aut
1199 3969 1259 4023 in
1295 3969 1688 4032 monasteriis,
1719 3975 1821 4024 aut
1860 3970 1915 4023 in
1948 3972 2091 4039 agris

2245 3971 2493 4040 στάθμιον
2537 3973 2625 4020 xui
2673 3971 2766 4026 τὴν
2811 3968 2976 4042 ῥοπὴν
3029 3971 3118 4018 xui
3159 3969 3213 4017 τὸ
3272 3974 3367 4026 τῆς
3413 3967 3598 4025 κακίας
3657 3964 3851 4032 ζύγεσν

475 4062 579 4113 aut
607 4057 664 4111 in
693 4057 938 4112 desertis
963 4057 1130 4119 locis.
1165 4058 1311 4128 quia
1338 4058 1642 4115 voluntate
1675 4059 1920 4128 propria
1953 4060 2088 4114 sed:

2243 4064 2517 4133 κρέμαται,
2596 4061 2685 4109 καὶ
2749 4054 3094 4128 δοκιμάζεται
3149 4060 3239 4106 νᾶν
3297 4058 3355 4106 τὸ
3408 4057 3547 4123 γένος
3605 4061 3704 4104 τῶν
3757 4051 3852 4104 ἀν-

479 4151 610 4201 ctus
636 4145 819 4200 homo
841 4145 1028 4216 diligit
1055 4146 1278 4216 aliquid
1306 4153 1359 4201 et
1377 4147 1592 4216 quovis
1617 4147 1799 4203 modo
1827 4149 2018 4203 vincta
2045 4165 2092 4203 es

2247 4150 2482 4220 θρώπων,
2524 4147 2640 4205 ἣτοι
2679 4153 3008 4219 Χριστιανῶν
3047 4153 3146 4196 τῶν
3195 4141 3244 4194 iv
3299 4142 3508 4195 πόλεσιν
3538 4141 3849 4208 οἰκούντων,

479 4234 610 4304 ejus
641 4233 895 4298 dilectio,
941 4239 997 4287 et
1028 4249 1148 4288 non
1189 4239 1276 4288 est
1303 4238 1427 4288 tota
1456 4234 1513 4287 in
1551 4236 1732 4288 Deum
1764 4253 1778 4300 ;
1820 4235 1916 4289 hic
1947 4237 2092 4291 eniu

2245 4237 2273 4295 ἦ
2327 4235 2374 4287 iv
2425 4239 2616 4309 ὄρεσιν,
2666 4235 2695 4294 ἣ
2743 4237 2792 4286 iv
2840 4239 3038 4305 μοναῖς,
3082 4235 3112 4291 ἦ
3173 4231 3222 4284 iv
3279 4229 3476 4303 ἀγροῖς,
3538 4233 3567 4288 ἤ
3623 4229 3672 4281 iv
3723 4232 3852 4300 ἱρή-

480 4320 644 4375 verbi
691 4322 897 4388 gratia,
941 4321 1142 4377 dilexit
1178 4338 1345 4392 opes,
1395 4321 1547 4376 alius
1578 4338 1792 4378 aurum
1825 4330 1881 4378 et
1924 4340 2093 4394 arger

2245 4343 2364 4396 μοις
2415 4330 2614 4388 τόποις,
2671 4325 2751 4375 ὅτι
2796 4322 3043 4393 θελήματι
3094 4318 3216 4392 ἰδίῳ
3261 4316 3625 4390 δελεαζόμενος
3677 4319 3703 4370 ὁ
3756 4321 3853 4370 ἇν-

480 4413 630 4471 tum,
660 4407 812 4462 alius
837 4407 1121 4462 disertam
1149 4409 1356 4463 mundi
1386 4408 1742 4478 sapientiam
1773 4411 1851 4465 ob
1879 4411 2093 4480 gloria:

2247 4416 2448 4487 θρωπος
2499 4412 2680 4483 ἀγαπᾷ
2727 4432 2777 4464 τι
2828 4417 2918 4463 καὶ
2961 4407 3294 4469 ὁπουδήποτε
3346 4405 3558 4462 δέδεται
3613 4407 3780 4459 αύτοῦ
3815 4411 3846 4466 ἡ

481 4494 820 4560 hominum,
853 4495 1003 4550 alius
1024 4496 1226 4550 dilexit
1257 4497 1603 4567 potentiam,
1633 4498 1788 4554 alius
1814 4499 2051 4557 laudem
2078 4520 2094 4559 ε

2245 4503 2444 4574 ἀγάπη,
2489 4508 2578 4554 xui
2605 4502 2698 4554 ούκ
2742 4504 2881 4554 ἔστιν
2913 4500 3004 4558 ὅλη
3063 4503 3188 4574 πρὸς
3239 4503 3324 4551 τὸν
3378 4505 3506 4551 Θεόν
3538 4514 3549 4526 ’
3594 4498 3853 4567 ἠγάπησε

484 4587 742 4640 honores
768 4584 1106 4648 hominum,
1137 4584 1285 4640 alius
1318 4585 1468 4640 iram
1500 4593 1554 4640 et
1588 4587 1948 4645 violentiam.
1985 4593 2097 4646 Nar

2242 4594 2344 4665 γὰρ
2374 4611 2470 4654 τις,
2528 4591 2571 4643 εἰ
2609 4593 2769 4662 τύχοι
2812 4596 3074 4662 κτήματα,
3138 4588 3288 4648 ἄλλος
3317 4591 3523 4659 χρυσὸν
3553 4591 3643 4638 καὶ
3683 4589 3855 4661 άργυ-

482 4672 878 4748 permittendo
905 4690 967 4728 se
991 4679 1263 4745 prompte
1287 4675 1550 4745 passioni
1579 4675 1736 4731 hanc
1753 4677 1962 4747 diligit,
1984 4680 2095 4735 aliu

2243 4700 2351 4755 ρον,
2415 4679 2559 4740 ἄλλος
2639 4684 2822 4751 σοφίαν
2904 4679 3083 4750 λογίαν
3135 4682 3338 4748 κόσμον
3405 4672 3498 4728 διά
3551 4671 3710 4737 δόξαν
3763 4674 3854 4726 ἀν-

484 4762 719 4820 inutiles
745 4769 1011 4828 eventus,
1038 4763 1187 4818 alius
1213 4763 1523 4832 invidiam,
1554 4764 1702 4819 alius
1725 4769 1886 4821 omni
1919 4769 2011 4823 die
2037 4787 2097 4822 su

2247 4772 2483 4843 θρωπων,
2542 4769 2693 4830 ἄλλος
2745 4770 3015 4839 ἠγάπησεν
3093 4767 3268 4840 ἀρχὴν
3332 4765 3480 4826 ἄλλος
3539 4761 3699 4826 δόξαν
3758 4769 3851 4816 καὶ

483 4852 680 4927 perbit
708 4857 763 4907 et
790 4852 1040 4917 latatur,
1076 4851 1229 4908 alius
1260 4853 1542 4908 inanibus
1575 4853 1904 4910 rationibus
1937 4856 2096 4912 illudi

2244 4861 2402 4931 τιμὰς
2439 4860 2740 4928 ἀνθρώπων,
2796 4856 2948 4918 ἄλλος
2997 4856 3157 4929 ὀργὴν
3211 4859 3298 4907 xui
3344 4863 3497 4926 μῆνιν
3530 4871 3542 4884 ⁸
3601 4849 3697 4904 διὰ
3743 4855 3848 4924 γὰρ

489 4947 600 5006 tur,
627 4941 778 4996 alius
803 4948 1090 5013 tanquam
1114 4941 1259 5011 legis
1286 4941 1566 5012 magister
1585 4942 1792 4997 haberi
1814 4944 2022 5013 diligit,
2056 4948 2102 5000 ol

2245 4951 2302 4998 τὸ
2335 4949 2533 5018 ταχέως
2577 4946 2757 4998 ἑαυτὸν
2789 4942 3093 4997 ἐπιδιδόναι
3142 4952 3214 5013 τῷ
3255 4944 3406 4995 πάθει
3439 4941 3619 5012 ἀγαπᾷ
3666 4941 3800 4993 αὑτό
3835 4962 3846 4973 ·

486 5031 803 5086 hominum
827 5030 1104 5099 gloriam,
1119 5030 1273 5085 alius
1292 5030 1565 5085 socordia
1578 5036 1633 5086 et
1650 5032 1878 5087 incuria
1893 5035 2099 5103 gaudel

2245 5035 2396 5098 ἄλλος
2465 5035 2714 5107 ἀκαίρους
2764 5039 3076 5105 συντυχίας,
3127 5032 3278 5094 ἄλλος
3330 5032 3506 5095 ζῆλον,
3560 5029 3711 5092 οἷλλος
3751 5037 3849 5082 πᾶ-

487 5119 638 5176 alius
663 5119 926 5175 vestibus
955 5124 1012 5174 et
1054 5120 1268 5190 pannis
1308 5119 1622 5185 detinetur,
1651 5120 1803 5176 alius
1835 5123 1992 5178 curis
2024 5130 2100 5179 ter

2251 5145 2346 5177 σαν
2403 5126 2599 5198 ἡμέραν
2651 5126 3016 5196 μενεωρίζεται
3065 5127 3155 5174 καὶ
3205 5118 3411 5187 ἣδεται,
3466 5119 3618 5180 ἄλλος
3668 5117 3850 5189 ἀργοῖς

489 5208 776 5265 restribus
823 5224 886 5263 se
915 5207 1037 5272 dat,
1067 5207 1220 5263 alius
1257 5223 1537 5264 somnum
1565 5215 1620 5265 et
1650 5213 1942 5267 sermonis
1967 5211 2102 5285 lepo

2251 5215 2518 5286 λογισμοῖς
2576 5212 2862 5277 ἀπατᾶται,
2911 5212 3063 5275 ἄλλος
3105 5214 3172 5274 ὡς
3219 5206 3680 5283 νομοδιδάσκαλος
3719 5202 3848 5257 εἶναι

564 5380 607 5415 ⁸⁸
633 5377 793 5436 Psal.
825 5393 920 5443 ιιι,
955 5381 1005 5434 6.

1833 5511 2066 5571 VARIE
2102 5515 2502 5576 LECTIONES.

560 5660 645 5738 (ί)
683 5660 780 5720 Sic
806 5659 944 5722 cod.
1022 5661 1097 5736 (2)
1135 5658 1283 5722 Cod.
1314 5663 1645 5739 άαρτίζεται.
1721 5665 1799 5739 (3)
1842 5663 1934 5723 Sic
1963 5663 2099 5725 cod.
2171 5666 2248 5742 (ι)
2287 5666 2433 5726 Cod.
2460 5669 2816 5742 κατωκρατει.
