4086 6194
237 272 342 337 505

1548 268 1891 333 HOMILLB.
1916 294 1987 343 +-
2024 271 2203 331 HOM.
2232 272 2302 331 V.

3500 276 3609 338 506

473 399 569 456 διὰ
624 396 782 463 δόξαν
839 396 1143 471 ἀνθρώπων,
1200 396 1348 458 ἄλλος
1400 404 1672 470 χαυνώσει
1743 404 1834 453 xui

1962 415 2069 456 rem
2098 404 2201 456 aut
2228 399 2656 457 obscenitatem
2681 402 2896 475 diligit,
2928 410 2985 461 et
3025 405 3226 463 statim
3277 421 3347 462 ac
3390 404 3611 477 aliquis

244 493 446 565 ἀμελείᾳ
503 487 712 555 ἣδεται,
770 487 920 548 ἄλλος
970 490 1175 558 ματίοις
1221 490 1310 538 καὶ
1360 486 1549 560 ῥάκεσι
1600 485 1834 552 δέδεται,

241 582 384 643 ﬂio;
455 585 732 654 μερίμναις
801 587 1009 648 γηῑναις
1093 573 1274 626 ἑαυτὸν
1349 571 1597 647 δίδωσιν,
1686 577 1837 638 ἄλλος

244 671 394 723 ὕπνον
441 675 532 721 xui
587 666 924 740 εὐτραπελίαν
969 665 998 721 ἣ
1044 662 1426 735 αἰσχρολογίαν
1476 664 1657 736 ἀγαπᾴ
1687 684 1700 697 -
1749 670 1838 717 xui

241 766 408 833 μικρῷ
446 760 550 831 γάρ
590 776 668 818 τις
698 760 788 808 καὶ
829 752 1037 827 μεγάλῳ
1081 748 1432 825 δεσμούμενος
1474 761 1566 805 τοῦ
1612 760 1837 826 κόσμου,

243 847 408 919 ἐκείνῳ
461 851 745 918 κατέχεται
798 850 889 895 xui
949 841 1043 894 οὐκ
1093 844 1241 893 ἰᾶται
1297 841 1582 912 ἀνακύψαι.
1634 848 1767 917 Πρός
1814 842 1840 894 ὃ

242 940 335 1010 γάρ
391 955 471 996 τις
520 936 683 994 πάθος
729 932 789 985 ού
844 930 1053 1003 πολεμεῖ
1106 935 1370 1001 γενναίως,
1429 931 1588 983 ἐκεῖνο
1638 931 1838 1003 ἀγαπᾷ,

243 1028 443 1078 κάκείνο
492 1029 676 1096 κρατεῖ
721 1020 897 1087 αὐτόν,
945 1024 1036 1070 xui
1083 1015 1318 1092 βαρύνει,
1363 1022 1453 1070 xui
1504 1024 1703 1089 γίνεται
1749 1020 1842 1072 αύ-

246 1122 313 1183 τῷ
362 1108 618 1184 ἐμπόδιον
676 1115 765 1161 xui
816 1107 1024 1176 ἅλυσις,
1084 1113 1176 1157 τοῦ
1229 1112 1301 1178 μὴ
1366 1110 1452 1158 τόν
1508 1115 1625 1161 νοῦν
1681 1108 1842 1160 αὐτοῦ

249 1202 446 1255 ἀπίἐναι
490 1204 623 1275 πρὸς
672 1202 758 1251 τὸν
808 1201 957 1261 Θεὸν,
1010 1201 1101 1248 xui
1148 1195 1500 1268 εὐαρεστῆσαι
1547 1197 1707 1269 αὐτῷ,
1754 1203 1843 1250 καὶ

247 1291 378 1363 αὐτῷ
425 1296 566 1361 μόνῳ
623 1288 982 1361 λατρεύσαντα
1031 1292 1402 1357 χρησιμεύσαι
1457 1292 1519 1357 τῇ
1571 1284 1842 1359 βασιλείᾳ,

244 1384 329 1432 καὶ
370 1379 516 1440 ζωῆς
554 1377 768 1430 αἰωνίου
805 1383 990 1447 τυχεῖν
1022 1391 1035 1403 ’
1077 1373 1232 1445 ψυχὴ
1267 1376 1366 1447 γάρ
1407 1375 1437 1431 ἡ
1478 1374 1680 1436 ἀληθῶς
1720 1380 1845 1449 πρὸς

246 1472 434 1543 Κύριον
482 1472 577 1526 τήν
624 1468 789 1541 ὁρμήν
837 1467 1043 1536 ἔχουσα
1085 1463 1175 1521 ὅλη
1222 1461 1273 1516 ἐξ
1328 1462 1445 1515 ὀλου
1494 1467 1588 1521 τήν
1638 1465 1847 1534 ἀγάπην

244 1558 396 1617 αὐτῆς
446 1560 577 1630 πρὸς
629 1555 785 1607 αὐτὸν
840 1553 975 1605 ἕλκει
1018 1556 1122 1624 (5),
1176 1556 1267 1604 καὶ
1312 1555 1443 1624 πρὸς
1491 1552 1646 1604 αὐτόν
1693 1560 1846 1625 μόνον

243 1650 295 1700 ix
348 1650 724 1721 προαιρέσεως,
784 1646 883 1701 ὅση
945 1639 1185 1714 δύναμις,
1245 1637 1538 1713 δεσμεῐται,
1614 1642 1847 1696 κάκεῖθεν

245 1740 333 1793 τὴν
386 1733 646 1807 βοήθειαν
694 1740 787 1794 τῆς
844 1734 1065 1802 χάριτος
1121 1736 1472 1804 προσκτᾶται,
1528 1738 1618 1783 xui
1660 1732 1848 1790 ἑαυτὴν

246 1823 497 1895 ἀρνεῖται,
549 1828 640 1874 xui
710 1827 822 1883 τοῖς
877 1820 1135 1891 θελήμασι
1190 1826 1283 1870 τοῦ
1342 1821 1454 1879 νοός
1522 1820 1684 1881 αὐτῆς
1754 1821 1849 1872 οὐκ

248 1911 537 1978 ἀκολουθεῖ,
585 1912 667 1964 ὅτι
716 1906 899 1969 δολίως
952 1910 1227 1981 πορεύεται
1281 1906 1395 1979 μεθ’
1449 1909 1595 1980 ἡμῶν
1650 1906 1745 1961 διά
1790 1913 1848 1962 τὸ

250 2005 398 2054 συνὸν
428 2005 521 2054 xui
560 1998 814 2063 ,δελεάζον
842 2003 1023 2063 κακόν,
1074 1996 1203 2049 ἀλλά
1232 2004 1303 2067 τῷ
1350 2004 1441 2049 τοῦ
1491 2003 1684 2070 Κυρίου
1714 1999 1850 2071 λόγῳ

249 2090 488 2152 ὁλοτελῶς
542 2090 732 2147 ἑαυτήν
784 2083 1067 2157 ἐκδίδωσι,
1124 2091 1216 2137 καὶ
1285 2090 1474 2146 παντὸς
1545 2092 1849 2159 φαινομένου

250 2177 448 2253 δεσμοῦ
492 2178 603 2232 λύει
650 2178 857 2243 ἑαυτήν,
908 2179 1029 2229 ὅσον
1060 2179 1115 2228 ἐκ
1159 2175 1439 2246 θελήματος
1487 2172 1731 2243 δυνατόν,
1762 2182 1853 2230 xui

247 2278 314 2341 τῷ
341 2273 520 2343 Κυρίῳ
550 2267 603 2331 ἐξ
648 2268 766 2320 ὅλου
798 2268 987 2324 ἑαυτήν
1018 2262 1239 2331 δίδωσι,
1290 2271 1381 2317 xui
1411 2264 1545 2316 οὕτω
1578 2262 1852 2329 διεξελθεῖν

250 2358 478 2432 εὐχερῶς
528 2353 816 2415 δυνήσεται
861 2359 977 2415 τοὺς
1000 2356 1207 2425 ἀγῶνας
1258 2359 1349 2406 xui
1399 2360 1587 2415 πόνους
1614 2361 1700 2407 xui
1751 2356 1853 2407 θλίο

247 2447 378 2518 ψεις.
433 2445 607 2499 Ὀπου
654 2448 753 2521 γάρ
803 2442 1097 2515 ἀγαπᾶται,
1129 2442 1316 2495 ἐκεῖθεν
1355 2440 1650 2515 βοηθεῖται,
1681 2444 1855 2497 κάκεῖ-

249 2538 323 2588 θεν
352 2533 605 2610 βαρείται
631 2549 645 2563 ·
692 2532 778 2586 ἐάν
808 2552 859 2585 τι
888 2540 981 2585 τοῦ
1030 2550 1233 2603 κόσμου
1278 2532 1477 2603 ἀγαπᾷ,
1520 2533 1647 2585 αὐτὸ
1692 2533 1852 2586 έκεῖνο

243 2629 441 2696 γίνεται
489 2623 632 2693 αὐτῷ
674 2626 881 2696 φορτίον
925 2625 1015 2673 xui
1074 2617 1265 2691 δεσμοὶ
1317 2621 1645 2682 καθίλκοντες
1690 2625 1850 2689 κάτω,

247 2719 331 2765 xui
373 2717 451 2784 μή
507 2719 908 2785 συγχωροῦντες
953 2711 1058 2763 ἄνω
1104 2714 1232 2783 πρός
1263 2714 1392 2762 Θεὸν
1435 2710 1678 2764 ἀνελθεῖν.
1733 2713 1852 2765 Ἐὰν

249 2799 305 2855 δέ
335 2806 424 2855 τόν
457 2805 649 2875 Κύριον
697 2803 906 2861 καὶτὰς
957 2800 1161 2859 ἐντολὰς
1203 2799 1365 2851 αύτού
1415 2798 1615 2871 ἀγαπᾷ,
1664 2800 1851 2854 ἐκεῖθεν

248 2888 526 2962 βοηθεῖται
595 2888 829 2941 κάκεῖθεν
898 2888 1223 2960 κουφίζεται,
1300 2893 1390 2939 xui
1463 2888 1648 2941 εὔκολα
1711 2890 1853 2961 αύτῷ

248 2980 419 3032 πάντα
483 2983 684 3050 γίνεται
748 2980 815 3029 τά
872 2984 965 3028 τοῦ
1047 2980 1241 3049 Κυρίου
1306 2977 1719 3050 παραγγέλματα
1780 2986 1853 3050 τῷ

249 3073 341 3127 τήν
398 3067 613 3138 ἀγάπην
678 3065 837 3119 αὐτοῦ
897 3069 1025 3140 πρὸς
1076 3065 1231 3117 αὐτὸν
1290 3063 1583 3126 ἀποσώζειν
1641 3066 1853 3127 ὁλοκλή-

246 3177 367 3231 ρως,
417 3162 511 3208 xui
569 3153 723 3231 βαρεῖ
761 3155 831 3218 εἰς
869 3158 925 3207 τό
983 3153 1199 3225 ἀγαθόν,
1252 3154 1442 3226 μᾶλλον
1492 3151 1551 3208 δε
1593 3161 1683 3209 xui
1729 3176 1855 3209 κου-

248 3250 385 3317 φίζει
437 3248 527 3296 xui
578 3244 844 3319 ἕλαφρύνει
889 3244 1061 3295 πάντα
1113 3246 1333 3314 πόλεμον
1384 3248 1473 3295 xui
1513 3263 1687 3296 πασαν
1749 3245 1855 3297 θλί-

245 3334 356 3405 ψιν,
413 3338 511 3386 xui
563 3329 654 3385 διὰ
692 3340 789 3396 τῆς
831 3334 970 3393 θείας
1034 3327 1305 3403 δυνάμεως
1352 3336 1440 3384 τόν
1487 3339 1683 3405 κόσμον
1730 3331 1856 3387 δια-

246 3428 446 3487 κόπτει,
491 3426 578 3474 xui
623 3423 718 3483 τάς
768 3417 1017 3492 δυνάμεις
1061 3428 1153 3481 τῆς
1209 3426 1413 3489 κακίας,
1472 3422 1561 3483 τὰς
1615 3424 1665 3474 ἑν
1712 3423 1854 3495 αύτῷ

248 3507 645 3583 παγιδευούσας
700 3514 793 3569 τήν
856 3509 1064 3582 ψυχήν,
1127 3516 1216 3562 xui
1284 3508 1506 3585 βρόχοις
1569 3515 1856 3583 ἐπιθυμιῶν

248 3597 600 3654 παντοδαπῶν
638 3598 688 3652 ἄν
716 3607 789 3671 τῷ
825 3589 915 3652 τοῦ
953 3604 1155 3671 κόσμου
1196 3597 1347 3671 βυθῷ
1387 3597 1852 3673 καταδεσμούσας,

250 3697 336 3743 xui
364 3691 535 3751 ούτως
587 3687 850 3752 ἐξειλῆσαι
888 3688 966 3759 (6)
1014 3687 1067 3750 ἐξ
1104 3688 1273 3740 αὐτῶν
1314 3686 1409 3741 διὰ
1451 3697 1543 3749 τῆς
1584 3686 1722 3750 ἰδίας
1773 3695 1857 3743 πί-

257 3798 415 3842 στεως
442 3784 536 3831 xui
578 3774 819 3839 σπουδῆς
857 3776 1068 3842 πολλῆς,
1105 3781 1195 3830 καὶ
1234 3774 1327 3830 διὰ
1354 3785 1450 3840 τῆς
1494 3779 1686 3831 ἄνωθεν
1726 3778 1857 3852 βοη-

253 3870 412 3936 θείας,
463 3869 587 3920 ἔνθα
639 3868 908 3938 ἠγάπησε,
966 3876 1060 3928 τῆς
1109 3867 1319 3919 αἰωνίου
1361 3866 1632 3939 βασιλείας
1681 3868 1855 3931 ἀξιούο

252 3976 356 4024 ται,
410 3957 476 4016 ἣν
534 3953 657 4028 ἰδίῳ
711 3955 962 4028 θελήματι
1018 3955 1298 4027 ἀγαπήσας
1351 3956 1404 4019 ἒξ
1457 3955 1717 4023 ἀληθείας,
1768 3963 1858 4011 xui

254 4046 350 4099 ύπὸ
406 4052 502 4099 τοῦ
563 4050 756 4119 Κυρίου
814 4044 1118 4117 βοηθηθεὶς,
1167 4054 1258 4106 τῆς
1307 4045 1517 4098 αἰωνίου
1574 4050 1707 4109 ζωῆς
1764 4050 1858 4100 οὐκ

255 4136 510 4189 ἱκπίπτει.
560 4132 673 4188 Ἱνα
723 4130 783 4187 δε
838 4132 938 4186 ἀπὸ
990 4134 1312 4207 πραγμάτων
1364 4143 1590 4209 φανερῶν
1649 4132 1859 4189 ἀποδεί-

256 4222 437 4296 ξωμεν,
490 4232 602 4285 πῶς
658 4223 909 4295 θελήματι
963 4218 1085 4295 ἰδίῳ
1139 4223 1318 4276 πολλοὶ
1380 4223 1714 4290 ἀπόλλυνται,
1771 4230 1860 4277 xui

256 4310 303 4363 ἂν
356 4313 597 4385 θαλάσσῃ
652 4310 986 4386 βυθίζονται,
1034 4317 1125 4365 xui
1172 4312 1224 4364 ἐν
1280 4312 1631 4386 αἰχμαλωσίᾳ
1691 4314 1859 4388 ἀρπά-

258 4401 451 4467 ζονται,
506 4402 707 4454 ὑπόθου
776 4407 865 4474 μοί
920 4420 1037 4454 τινα
1096 4398 1237 4454 οἶκον
1290 4403 1656 4477 ἑμπίπρασθαι
1708 4408 1859 4477 πυρὶ,

259 4498 344 4543 xui
386 4491 437 4552 ὃς
483 4494 575 4562 μεν
629 4499 800 4543 σῶσαι
848 4489 1029 4543 ἑαυτὸν
1074 4489 1408 4564 βουλόμενος,
1450 4492 1719 4554 αἰσθηθεις
1768 4500 1861 4545 τοῦ

264 4576 591 4653 ἐμπρησμοῦ,
656 4583 853 4653 γυμνός
914 4582 1085 4653 ἔφυγε,
1163 4580 1461 4634 καταλιπὼν
1515 4585 1704 4649 πάντα,
1772 4588 1861 4635 xui

268 4667 442 4720 ἑαυτοῦ
487 4674 583 4728 τήν
628 4668 816 4741 ψυχήν
867 4674 1022 4742 μόνον
1072 4672 1525 4743 περιποιήσασθαι
1587 4669 1861 4743 βουληθεὶς

271 4750 509 4817 διεσώθη.
556 4755 739 4821 ’Δλλος
770 4755 830 4811 δε
879 4757 1188 4832 βουλόμενος
1218 4760 1387 4811 Ααϐεῑν
1426 4767 1544 4812 τινα
1586 4766 1677 4812 τοῦ
1716 4762 1859 4812 οἴκου

277 4848 421 4904 σκεύη
472 4849 501 4905 ἡ
560 4846 691 4899 mu
745 4849 863 4900 τινά
931 4848 1166 4907 εἰσῆλθεν
1221 4842 1368 4924 ἆραι,
1426 4854 1516 4901 καὶ
1566 4852 1635 4909 ὡς
1688 4846 1858 4902 ἔλαϐε.

272 4941 621 5008 κατεκυρίευσε
663 4940 721 4988 τό
763 4943 866 5009 πῦρ
896 4945 987 4989 τού
1031 4940 1199 5003 οἴκου,
1245 4943 1335 4991 xui
1383 4937 1655 4990 συνελαϐεν
1704 4938 1859 4991 αὐτόν

275 5017 405 5074 Mos
450 5044 539 5077 και
580 5029 917 5081 κατέκαυσεν.
964 5024 1138 5100 Ὁρᾷς,
1185 5028 1267 5080 ὅτι
1311 5023 1431 5099 ἰδίῳ
1484 5026 1732 5100 θελήματι
1786 5023 1861 5079 δι’

276 5106 485 5182 ἀγάπην,
542 5117 661 5167 τινά
710 5119 839 5191 πρὸς
892 5121 1073 5190 καιρόν
1128 5119 1252 5191 παρ’
1318 5118 1497 5171 ἑαυτὸν
1549 5116 1857 5189 ἀγαπήσας,
1904 5176 1919 5189 η

278 5196 320 5249 ἐν
364 5209 431 5272 τῷ
484 5208 610 5279 πυρὶ
639 5203 872 5259 ἀπώλετο
914 5225 929 5240 ο
987 5208 1175 5279 ὁμοίως
1220 5207 1373 5261 πάλιν
1402 5210 1453 5261 ἂν
1489 5215 1551 5281 τῇ
1615 5206 1855 5281 θαλάσσῃ
1897 5210 1913 5228 “

1888 3113 1929 3167 C

1946 504 2137 560 parvo
2177 494 2279 543 aut
2324 503 2544 558 magno
2580 493 2791 547 mundi
2842 493 3078 550 vinculo
3129 496 3443 562 detinetur,
3493 494 3610 549 hoc

1950 576 2293 649 possidetur
2317 591 2426 631 nec
2455 578 2666 634 sinitur
2681 596 3015 651 assurgere.
3043 584 3391 639 Passionem
3418 586 3608 648 enim,

1950 673 2156 722 contra
2188 681 2376 735 quam
2407 668 2589 721 homo
2626 684 2747 724 non
2783 680 3011 740 pugnat
3038 673 3298 738 viriliter,
3326 673 3491 728 illam
3525 671 3613 728 di-

1950 755 2078 824 ligit
2106 770 2122 818 ;
2157 761 2212 809 et
2241 754 2342 809 illa
2380 754 2540 809 hunc
2585 758 2931 814 dominatur
2957 762 3414 833 etOpprimit,ﬁt
3435 762 3613 817 eiim-

1954 845 2362 915 pedimentum
2393 850 2449 897 et
2474 854 2706 909 catena,
2730 862 2805 901 ne
2826 856 3091 904 mentem
3123 866 3296 905 suam
3318 852 3396 906 ad
3420 850 3611 905 Deum

1950 932 2189 1001 dirigat,
2214 948 2322 987 nec
2353 932 2430 987 illi
2460 934 2850 1005 complaceat,
2878 951 3074 1008 neque
3104 938 3184 993 illi
3211 938 3322 994 soli
3346 941 3611 995 serviens

1950 1037 2202 1094 regnum
2234 1022 2501 1077 obtineat
2533 1028 2587 1077 et
2613 1023 2691 1078 ad
2735 1024 2912 1079 vitam
2962 1031 3247 1082 aeternam
3288 1029 3610 1097 perveniat.

1951 1110 2167 1165 Anima
2193 1110 2355 1165 enim
2375 1125 2511 1181 quas
2542 1126 2676 1166 vere
2705 1112 2783 1167 ad
2818 1112 3140 1168 Dominum
3167 1114 3459 1184 dirigitur,
3486 1121 3613 1170 tota

1953 1200 2203 1254 omnino
2244 1214 2414 1253 suam
2459 1198 2841 1256 dilectionem
2895 1202 2954 1256 in
2996 1202 3165 1257 illum
3214 1206 3531 1269 contrahit,
3561 1209 3617 1260 et

1956 1287 2036 1343 illi
2079 1288 2188 1343 soli
2219 1303 2289 1341 ex
2338 1288 2687 1357 intentione,
2714 1300 3014 1361 quantum
3064 1298 3275 1362 potest,
3303 1293 3562 1347 vincitur
3592 1310 3611 1362 ;

1956 1388 2013 1432 et
2042 1376 2180 1430 inde
2206 1375 2413 1445 gratiae
2435 1377 2726 1432 auxilium
2767 1380 3105 1449 acquirit,et
3134 1381 3399 1452 seipsam
3430 1381 3615 1436 abne-

1956 1473 2078 1535 gat,
2106 1472 2163 1520 et
2190 1465 2475 1520 voluntati
2508 1466 2722 1521 mentis
2754 1484 2878 1522 sum
2909 1484 3027 1523 non
3051 1470 3449 1541 obtemperat,
3470 1470 3619 1541 quia

1958 1554 2018 1609 in
2068 1556 2240 1609 nobis
2270 1570 2377 1625 per
2406 1555 2675 1610 fraudem
2706 1557 2974 1612 ambulat
3008 1558 3531 1628 perconcomitans
3562 1564 3619 1614 et

1959 1644 2250 1698 seducens
2281 1643 2511 1698 malum
2539 1660 2553 1709 ;
2588 1645 2693 1698 sed
2727 1647 2909 1700 verbo
2941 1646 3175 1702 Domini
3195 1648 3449 1717 perfecte
3465 1649 3622 1718 seip-

1885 1756 1928 1811 Β
1960 1748 2092 1788 sam
2120 1731 2422 1803 permittit,
2439 1734 2582 1788 etab
2608 1736 2773 1788 omni
2806 1734 3267 1791 visibilivinculo
3289 1752 3351 1791 se
3380 1736 3615 1805 liberat,

1960 1828 2254 1893 quantum
2268 1838 2339 1876 ex
2354 1822 2659 1877 voluntate
2672 1822 2960 1894 possibile
2975 1830 3149 1888 est,et
3163 1824 3414 1880 Domino
3426 1831 3617 1880 totam

1960 1910 2210 1965 omnino
2240 1910 2629 1982 semetipsam
2656 1913 2778 1977 da’t,
2811 1913 2966 1967 etita
2994 1914 3349 1983 pet-transire
3375 1913 3619 1969 feliciter

1962 2000 2174 2071 poterit
2204 2014 2458 2071 pugnas,
2489 2000 2725 2055 labores
2749 2006 2807 2055 et
2830 2015 3151 2057 aerumnas.
3173 2002 3278 2057 Ubi
3295 2002 3457 2057 enim
3487 2000 3623 2057 dili-

1962 2090 2141 2157 gitur,
2185 2089 2323 2143 inde
2353 2088 2641 2144 auxilium
2686 2090 2916 2144 venitet
2946 2090 3083 2145 inde
3116 2089 3353 2161 pondus
3380 2089 3542 2145 venit
3568 2089 3620 2145 si

1961 2178 2107 2249 quid
2134 2192 2166 2233 e
2197 2178 2428 2233 mundo
2452 2177 2645 2246 diligit
2663 2178 2868 2243 homo,
2902 2179 3017 2233 hoc
3056 2179 3263 2251 ipsum
3290 2180 3355 2234 tit
3374 2179 3458 2234 illi
3482 2194 3619 2235 sar-

1963 2269 2099 2322 cina
2124 2267 2175 2321 ei
2210 2266 2445 2322 vincula
2476 2266 2758 2321 deorsum
2795 2267 3183 2332 demittentia,
3219 2284 3326 2323 nec
3376 2284 3618 2323 sursum

1964 2356 2364 2427 permittentia
2401 2355 2479 2411 ad
2512 2357 2696 2410 Deum
2730 2372 2793 2410 se
2825 2355 3091 2412 attollere
3116 2373 3131 2423 ;
3156 2356 3248 2412 sin
3272 2364 3474 2412 autem
3507 2357 3620 2412 Do-

1964 2446 2197 2500 minum
2218 2451 2272 2500 et
2311 2445 2443 2513 ejus
2484 2444 2771 2500 mandata
2799 2444 3008 2514 diligit,
3041 2446 3179 2501 inde
3210 2444 3501 2502 auxilium
3518 2460 3616 2501 re-

1962 2532 2122 2604 cipit,
2166 2532 2305 2587 inde
2334 2531 2680 2595 sustinetur,
2722 2538 2779 2587 et
2817 2533 3097 2603 expedita
3127 2533 3207 2588 illi
3228 2533 3434 2589 omnia
3465 2533 3621 2587 fiunt

1964 2620 2200 2677 Domini
2228 2627 2524 2692 praecepta
2561 2619 2641 2675 ad
2669 2620 3031 2677 servandam
3057 2623 3304 2677 omnino
3350 2637 3525 2677 suam
3550 2620 3611 2676 in

1961 2710 2281 2765 Dominum
2298 2709 2698 2774 dilectionem,
2720 2716 2776 2764 et
2792 2710 3082 2766 inclinant
3100 2711 3178 2766 ad
3212 2712 3461 2775 bonum,
3495 2725 3624 2765 am-

1966 2800 2117 2871 plius
2147 2807 2349 2854 autem
2374 2804 2427 2854 et
2457 2800 2646 2854 levius
2685 2804 2740 2853 et
2759 2798 2991 2855 facilius
3016 2798 3474 2855 eﬂiciuntomne
3498 2798 3624 2854 bel-

1960 2889 2084 2943 lum
2117 2891 2173 2942 et
2202 2902 2446 2942 omnem
2477 2893 2906 2955 mrumnam,et
2930 2902 3030 2959 per
3049 2889 3324 2943 virtutem
3345 2888 3618 2943 divinam

1963 2976 2257 3031 mundum
2299 2973 2659 3047 proﬂigaret,
2693 2980 2750 3031 et
2780 2975 3020 3031 malitiae
3081 2976 3254 3041 vires,
3283 2991 3420 3047 quin
3439 2978 3497 3031 in
3523 2975 3625 3031 illo

1962 3068 2231 3122 animam
2248 3065 2593 3136 illaqueant,
2608 3071 2665 3120 et
2682 3064 3319 3137 cupiditatumlretibus
3341 3064 3625 3135 multipli-

1963 3156 2122 3213 cium
2174 3157 2233 3211 in
2288 3155 2498 3210 mundi
2548 3157 2774 3226 abysso
2816 3156 2985 3211 illum
3040 3155 3406 3220 devinciunt,
3439 3162 3497 3210 et
3538 3155 3623 3211 ita

1962 3248 2249 3303 liberatus
2280 3247 2358 3301 ab
2387 3246 2471 3300 eis
2500 3260 2602 3315 per
2633 3260 2809 3301 suam
2846 3244 3028 3299 tidem
3058 3252 3115 3300 et
3143 3260 3429 3315 magnam
3468 3244 3627 3300 forti-

1966 3335 2255 3399 tudinem,
2310 3339 2368 3389 et
2417 3349 2520 3405 per
2571 3334 2809 3390 cmleste
2866 3333 3179 3399 auxilium,
3236 3334 3334 3389 ubi
3396 3333 3625 3402 dilexit,

1965 3423 2167 3479 interni
2225 3422 2393 3492 regni
2448 3422 2668 3495 dignus
2737 3422 3061 3492 judicatur,
3129 3422 3292 3494 quod
3372 3422 3621 3494 pr0pria

1964 3513 2270 3569 voluntate
2330 3512 2535 3567 dilexit
2595 3511 2655 3566 in
2696 3512 2961 3577 veritate,
2992 3519 3049 3567 et
3105 3528 3141 3568 a
3205 3512 3460 3568 Domino
3523 3527 3627 3567 au-

1964 3602 2178 3658 xilium
2221 3600 2542 3673 accipiens,
2583 3608 2803 3657 aeterna
2860 3603 2980 3656 vita
3033 3616 3154 3657 non
3212 3603 3501 3672 privatur.
3562 3602 3627 3656 Ut

1966 3698 2166 3747 autem
2233 3693 2411 3745 rebus
2475 3689 2852 3745 evidentibus
2911 3690 3229 3745 ostendere
3296 3691 3626 3760 possimus,

1964 3779 2276 3852 quomodo
2342 3779 2585 3850 propria
2652 3777 2953 3832 voluntate
3024 3779 3190 3832 multi
3254 3784 3520 3848 pereant,
3568 3781 3627 3833 et

1967 3869 2028 3924 in
2060 3884 2223 3924 mare
2260 3869 2742 3937 submergantur,
2766 3873 2823 3921 et
2851 3867 2913 3920 in
2933 3869 3268 3921 servitutem
3292 3866 3623 3930 trahantur,

1968 3972 2244 4030 suppono
2270 3956 2415 4011 mihi
2443 3954 2774 4027 quamdam
2798 3954 3053 4010 domum
3074 3957 3210 4024 igne
3228 3955 3489 4021 incendi,
3516 3955 3624 4025 qui

1971 4046 2221 4103 voluerit
2258 4061 2321 4101 se
2359 4045 2612 4107 salvare,
2643 4043 2742 4099 ubi
2784 4044 3130 4099 incendium
3184 4044 3392 4107 sensit,
3422 4043 3627 4099 nudus

1968 4136 2196 4204 eﬂ‘ugit,
2238 4134 2443 4190 omnia
2472 4132 2816 4205 relinquens
2834 4138 3024 4189 etsuaa
3049 4136 3179 4188 vitaa
3207 4132 3403 4188 solum
3418 4132 3623 4189 volens

1969 4240 2177 4280 curam
2200 4224 2440 4292 habere,
2474 4223 2739 4278 salvatus
2771 4227 2881 4277 est.
2910 4220 3072 4277 Alius
3100 4238 3238 4277 vero
3271 4220 3477 4277 volens
3506 4236 3625 4276 sero

1971 4330 2107 4370 vare
2138 4312 2340 4385 aliqua
2369 4312 2590 4368 domus
2620 4310 3008 4383 supeUectilia
3045 4317 3150 4367 aut
3188 4310 3310 4367 alia
3336 4311 3621 4382 quasdam

1972 4403 2279 4473 ingressus
2306 4405 2396 4456 est
2423 4401 2499 4457 ad
2523 4400 2851 4456 tollendum
2863 4416 2956 4469 ea,
2971 4407 3028 4456 et
3049 4416 3188 4457 cum
3203 4399 3600 4473 apprehendit

1971 4493 2191 4548 invasit
2209 4490 2366 4560 ignis
2394 4496 2578 4546 totum
2606 4490 2879 4552 domum.
2907 4496 2964 4545 et
2984 4490 3149 4545 illum
3189 4491 3352 4545 intus
3379 4489 3631 4545 detinuit

1971 4589 2029 4637 et
2069 4579 2419 4636 combussit.
2464 4579 2629 4633 Vides
2661 4594 2754 4643 ne,
2796 4577 3108 4649 quomoda
3148 4579 3391 4649 propria
3422 4578 3630 4634 volun-

1972 4674 2089 4727 tate
2131 4684 2234 4740 per
2274 4668 2673 4732 dilectionem,
2705 4667 2811 4739 qui
2850 4666 3055 4738 aliqua
3079 4666 3156 4721 ad
3186 4672 3419 4736 tempus
3465 4666 3629 4737 apud

1974 4775 2038 4814 se
2075 4757 2301 4825 dilexit,
2342 4758 2401 4811 in
2445 4756 2582 4826 igne
2635 4752 3210 4826 perierit‘isimiliter
3248 4754 3465 4809 iterum
3524 4768 3629 4824 per

1971 4863 2137 4905 mare
2195 4847 2256 4902 in
2297 4860 2509 4916 rupem
2574 4843 2867 4899 ﬂuctuum
2918 4842 3240 4898 stationem
3292 4840 3625 4896 incidentes

1970 4937 2220 5010 quidam
2251 4934 2763 5003 naufragaverunt
2789 4950 2803 5001 ;
2832 4937 2888 4987 et
2910 4932 3015 5003 qui
3048 4930 3247 4986 nudus
3275 4935 3335 4985 et
3366 4930 3633 4986 vestibus

1968 5030 2183 5083 exutus
2202 5026 2263 5080 in
2284 5039 2478 5095 aquas
2493 5037 2556 5078 se
2581 5021 2834 5091 conjecit
2854 5036 2916 5076 se
2933 5018 3127 5076 solum
3147 5019 3376 5076 salvare
3394 5019 3629 5085 volens,

1970 5123 2023 5172 et
2052 5117 2131 5170 ita
2160 5112 2442 5169 ﬂuctibus
2493 5112 2776 5183 agitatus,
2809 5115 2866 5166 et
2914 5125 3093 5180 super
3131 5123 3233 5165 eos
3271 5112 3512 5174 natans,
3553 5122 3626 5165 eo
3650 5156 3653 5167 κ

1971 5204 2138 5278 quod
2162 5201 2471 5275 expeditus
2487 5200 2823 5259 admodum
2845 5199 2937 5267 sit,
2958 5198 3190 5256 laetatus
3210 5203 3298 5255 est
3325 5196 3627 5256 transiisse

3499 5334 3508 5347 ‘
3570 5306 3582 5331 λ

1595 5448 1829 5510 VARIB
1866 5447 2272 5509 LECTIONES.

356 5652 427 5727 (5)
457 5658 592 5719 Cod.
621 5661 748 5717 an.
820 5660 899 5737 (6)
921 5662 1061 5723 Cod.
1095 5663 1371 5730 εῑηλῆσαι.
