4086 6194
487 201 593 262 εοτ

1790 192 1855 248 s.
1889 181 2200 250 mnsam
2221 178 2546 252 4mm“

3744 173 3848 259 Bos

497 343 774 386 amarum
805 340 1032 398 tequor,
1061 327 1264 397 sicque
1292 325 1421 379 vitae
1453 337 1576 375 sum
1590 318 1843 373 salutem
1857 319 2140 389 praestitit.

2256 321 2329 382 εἰς
2378 325 2563 375 στάσιν
2612 327 2744 386 τινες
2786 321 3046 386 κλύδωνος
3076 331 3434 396 περιπεσόντες
3481 329 3845 399 ἐναυάγησανο

499 418 660 473 Alius
675 423 898 483 autem,
920 415 1128 470 volens
1157 413 1379 485 aliquid
1396 411 1880 464 vestimentorum
1899 422 2145 461 suorum

497 508 748 572 salvere,
785 506 1012 577 putavit
1037 523 1096 558 se
1138 518 1309 575 posse
1349 507 1586 554 enatare
1625 504 1681 553 et
1721 499 1967 552 transire
2009 514 2145 551 cum

496 599 600 660 eis,
629 613 765 669 quas
805 596 934 650 tulit
1000 609 1223 658 secum,
1254 599 1308 644 et
1339 588 1439 642 illa
1480 603 1614 658 quae
1674 588 1932 657 sumpsit
1981 587 2146 641 illum

494 692 922 757 oppresserunt
947 689 1003 736 et
1032 684 1447 735 immerserunt
1473 676 1530 730 in
1555 675 1734 730 maris
1757 676 2065 747 abyssum,
2094 681 2150 729 et

496 776 712 830 interiit
743 774 821 828 ob
847 773 1126 838 exiguum
1156 769 1408 829 lucrum,
1435 780 1627 836 neque
1661 766 1789 817 vitae
1827 779 1951 817 suae
1989 763 2143 818 salu-

496 870 614 919 tem
650 867 930 933 prsestitit.
955 856 1206 910 Videsne
1236 853 1547 924 quomodo
1575 853 1816 923 propria
1847 851 2147 906 voluntate

496 968 606 1006 sua
645 945 981 1019 disperierit
1016 943 1044 998 ?
1087 945 1302 998 lterum
1344 958 1617 1013 suppone
1661 941 1802 996 mihi
1841 956 2144 995 rumorem

493 1039 756 1094 hostium
807 1034 1005 1089 venire
1035 1051 1048 1100 ;
1075 1039 1133 1087 et
1188 1032 1303 1097 hic,
1328 1033 1526 1086 statim
1567 1046 1636 1086 ac
1679 1030 1889 1094 audiit,
1944 1029 2150 1097 eﬂ‘ugit

491 1126 798 1189 continuo,
822 1124 1052 1192 absque
1082 1122 1344 1175 vestibus
1373 1128 1426 1174 et
1449 1120 1646 1174 nudus
1667 1119 1924 1176 evadens
1959 1135 1972 1184 ;
1996 1119 2146 1173 alius

493 1220 695 1271 autem
733 1212 972 1267 credere
1004 1211 1238 1273 nolens,
1271 1208 1764 1280 apprOpinquare
1795 1208 2014 1272 hostes,
2045 1214 2147 1261 aut

494 1302 702 1358 volens
755 1301 984 1372 aliquid
1031 1314 1268 1354 servare
1308 1314 1340 1352 e
1379 1297 1560 1351 rebus
1613 1299 1756 1361 suis,
1799 1301 1857 1350 et
1911 1296 2145 1352 auferre

494 1407 722 1456 secum,
771 1395 1039 1445 moratus
1085 1395 1172 1442 est
1225 1387 1447 1456 fugam.
1488 1388 1552 1439 Et
1605 1386 1890 1440 intrantes
1943 1386 2145 1440 hostes

495 1479 1024 1553 apprehenderunt
1055 1479 1243 1544 illum,
1265 1484 1321 1531 et
1349 1475 1647 1543 captivum
1682 1475 2059 1529 abduxerunt
2085 1489 2142 1528 in

492 1571 966 1640 alienigenarum
1003 1568 1276 1638 patriam,
1311 1571 1366 1620 et
1404 1565 1523 1618 illic
1553 1564 1773 1618 servire
1800 1570 2141 1632 coegerunt.

2254 417 2344 463 καὶ
2400 412 2450 471 ὃς
2505 415 2594 483 μεν
2647 418 2844 484 γυμνὸς
2897 412 3294 488 ἀποδυσάμενος
3351 418 3582 475 εἰσῆλθεν
3641 417 3689 468 ἐν
3746 425 3854 480 τοῖς

2254 498 2467 567 ὕδασιν,
2525 504 2703 556 ἑαυτὸν
2749 510 2900 576 μόνον
2951 505 3260 578 βουλόμενος
3314 515 3502 573 σῶσαι,
3558 514 3645 559 καὶ
3698 511 3856 568 οὕτως

2255 591 2356 642 ὑπὸ
2412 600 2512 643 τῶν
2571 596 2815 664 κυμάτων
2883 601 3211 665 τυπτόμενος,
3280 602 3368 648 καὶ
3435 599 3624 649 ἀνωθεν
3688 598 3856 649 αὐτῶν

2257 679 2632 752 ἕπικολυμϐῶν,
2691 679 2785 734 δ’ιά
2840 687 2896 734 τὸ
2954 683 3141 735 ἄλυτον
3201 685 3353 736 αὐτὸν
3413 683 3560 749 εἶναι,
3621 683 3854 744 ἠδυνήθη

2258 765 2531 831 διεξελθεῖν
2601 777 2694 829 τήν
2748 776 2934 845 πικρὰν
3006 773 3293 838 θάλασσαν,
3367 781 3456 826 καὶ
3527 776 3689 836 οὕτως
3763 782 3858 833 τὴν

2255 857 2442 928 ψυχὴν
2494 860 2652 911 αὐτοῦ
2710 866 3132 932 περιεποιήσατο.
3190 861 3376 923 Ἀλλος
3421 859 3498 929 δὲ,
3551 863 3860 937 βουλόμενος

2259 952 2430 999 σῶσαί
2479 968 2530 1000 τι
2583 958 2683 1000 τῶν
2741 947 3041 1022 ἐνδυμάτων
3099 951 3258 1003 αὑτοῦ
3331 953 3533 1024 ἐνόμισε
3595 950 3860 1005 δύνασθαι

2255 1036 2587 1109 κολυμϐήσαι
2627 1044 2714 1090 καὶ
2773 1036 3044 1101 διεξελθεῖν
3095 1044 3188 1091 σὺν
3229 1039 3456 1104 ἐκείνοις,
3509 1042 3585 1101 οἷς
3630 1039 3720 1115 ἦρε
3762 1046 3859 1093 σύν

2256 1125 2441 1196 ἑαυτῷ,
2510 1133 2600 1178 καὶ
2659 1127 2791 1179 αύτά
2837 1131 3002 1179 ἐκεῖνα
3060 1129 3187 1203 οἷπερ
3249 1128 3412 1192 ὒαϐε,
3492 1129 3859 1202 κατεϐάρησαν

2255 1216 2429 1280 αὐτὸν,
2471 1220 2559 1266 καὶ
2601 1215 2990 1268 κατεϐάπτισαν
3029 1220 3077 1268 ἐν
3117 1218 3188 1287 τῷ
3243 1216 3390 1288 βυθῷ
3431 1226 3520 1278 τῆς
3563 1218 3857 1280 θαλάσσης,

2254 1308 2342 1354 καὶ
2386 1303 2615 1355 ἀπώλετο
2668 1301 2739 1356 δι’
2796 1305 2967 1376 ὀλίγον
3017 1303 3221 1380 κέρδος,
3278 1311 3348 1377 μὴ
3392 1313 3484 1364 τήν
3538 1307 3718 1358 ἑαυτοῦ
3749 1307 3862 1377 ψυ-

2253 1397 2360 1464 χήν
2436 1397 2934 1466 περιποιησάμενος.
3000 1393 3178 1467 Ὀρᾴς,
3257 1398 3334 1447 ὅτι
3406 1392 3524 1466 ἰδίῳ
3605 1396 3858 1467 θελήματι

2254 1482 2414 1534 αὐτοῦ
2481 1482 2773 1540 ἐθανατώθη
2816 1502 2833 1553 ;

2254 1570 2422 1642 φύλων
2461 1573 2732 1644 ἔρχεσθαι.
2771 1578 2869 1624 Καὶ
2899 1573 2954 1632 ὃς
2993 1576 3081 1643 μεν
3113 1573 3221 1643 ἅμα
3262 1581 3333 1642 τῷ
3365 1574 3443 1644 (7)
3477 1573 3700 1624 ἀκοῦσαι
3731 1576 3862 1644 ἔφυ-

2895 1483 3049 1534 πάλιν
3109 1485 3304 1536 ὑπόθου
3344 1504 3430 1555 μοι
3491 1488 3649 1541 ἀκοὴν
3709 1484 3861 1536 ἀλλο-

492 1660 745 1716 Videsne
762 1658 1072 1730 quomodo
1100 1656 1341 1725 propria
1359 1670 1470 1708 sua
1502 1652 1822 1716 voluntate,
1847 1651 1926 1707 ob
1949 1667 2140 1706 socor-

2253 1679 2337 1730 γεν
2401 1660 2602 1722 εὐθέως,
2667 1666 2738 1732 μή
2798 1659 3204 1733 ἀναϐαλλόμενος
3263 1663 3419 1721 αὐτὸς
3471 1666 3665 1732 γυμνὸς
3723 1663 3860 1724 ἐξελ-

492 1750 678 1815 diam,
702 1749 1065 1803 debilitatem
1090 1753 1144 1799 et
1173 1743 1550 1798 dilectionem
1578 1741 1841 1812 aliquam
1856 1756 2054 1796 rerum
2086 1742 2144 1796 in

490 1839 893 1910 captivitatem
933 1836 1212 1890 reductus
1253 1831 1652 1886 sit?similiter
1690 1830 1791 1900 qui
1824 1846 1943 1885 non
1976 1846 2146 1884 man-

491 1930 644 1984 datis
680 1926 915 1982 Domini
956 1926 1324 1985 obedieutes,
1349 1936 1459 1975 nec
1499 1921 1730 1989 seipsos
1773 1921 2144 1987 abnegautes

491 2033 612 2073 non
643 2015 840 2071 solum
864 2015 1179 2068 Dominum
1214 2010 1465 2078 diligunt
1495 2026 1508 2076 ;
1544 2009 1647 2063 sed
1690 2008 1939 2062 vinculis
1974 2015 2145 2063 terre-

493 2107 716 2161 stribus
765 2105 1013 2158 libenter
1065 2100 1422 2162 detinentur,
1456 2099 1702 2168 quando
1731 2098 1958 2152 venerit
1989 2097 2144 2166 ignis

492 2201 767 2261 internus,
807 2193 959 2246 sicut
987 2188 1364 2244 invenientur
1415 2186 1634 2256 captivi
1691 2187 1988 2249 virtutem,
2019 2185 2145 2239 vin-

490 2284 566 2339 cti
597 2291 798 2338 autem
820 2279 1008 2348 magis
1033 2278 1094 2332 in
1120 2277 1327 2331 mundi
1347 2274 1660 2330 dilectione
1682 2276 2141 2342 immergentur;

491 2373 680 2428 etsub
710 2384 986 2425 amarum
1015 2381 1177 2421 mare
1208 2364 1488 2435 nequitiae
1513 2362 1975 2434 praecipitantur,
1996 2368 2053 2418 et
2084 2365 2140 2416 in

491 2460 768 2516 servitute
806 2458 1298 2527 alienigenarum,
1325 2455 1383 2506 id
1422 2461 1510 2506 est
1553 2453 1825 2523 spiritum
1869 2452 2142 2523 nequitiae

490 2550 708 2621 captivi
739 2548 876 2602 facti
909 2552 1176 2617 pereunt.
1212 2543 1268 2598 Si
1290 2557 1427 2596 vero
1463 2541 1607 2595 velis
1653 2541 1982 2596 dilectionis
2014 2557 2139 2612 per-

489 2639 656 2694 fectae
685 2635 1096 2691 rectitudinem
1118 2633 1197 2686 ad
1222 2630 1539 2684 Dominum
1572 2644 1602 2684 e
1633 2629 1852 2684 sanctis
1873 2636 1930 2684 et
1968 2645 2003 2684 a
2025 2632 2143 2684 Deo

489 2725 791 2797 inspiratis
823 2725 1139 2792 Scripturis
1172 2719 1426 2774 ediscere
1453 2736 1469 2788 ;
1501 2718 1632 2772 vide
1657 2719 1789 2783 Job,
1831 2718 2141 2789 quomodo

489 2817 696 2872 omnia
741 2814 986 2876 exuerit,
1014 2816 1075 2865 ut
1101 2810 1180 2864 ita
1231 2809 1450 2871 dicam,
1473 2822 1611 2878 quas
1656 2807 2003 2877 possidebat
2033 2823 2045 2873 ;
2080 2808 2142 2862 ﬁ-

488 2904 617 2969 lios,
656 2902 914 2966 divitias,
959 2897 1264 2962 animalia,
1290 2897 1553 2951 famulos
1606 2902 1662 2950 et
1709 2895 1942 2968 reliqua
2001 2913 2136 2967 quas

2257 1751 2376 1800 θῶν.
2423 1748 2604 1810 Ἀλλος
2649 1746 2708 1801 δε
2738 1745 3068 1818 δυσπιστῶν,
3124 1753 3201 1801 ὅτι
3251 1754 3495 1824 ἔρχονται
3549 1753 3595 1802 οἱ
3643 1751 3859 1823 ἐχθροὶ,

2255 1839 2284 1897 ἦ
2333 1839 2484 1890 θέλων
2534 1842 2649 1890 τινὰ
2689 1847 2786 1890 τῶν
2833 1837 2983 1891 ἰδίων
3028 1842 3367 1913 πραγμάτων,
3416 1846 3497 1892 καὶ
3549 1840 3862 1910 ϐουλόμενος

2257 1924 2380 2003 ἆραι
2432 1929 2543 2001 μεθ’
2593 1929 2796 1992 ἑαυτοῦ,
2847 1926 3100 2002 ἐϐράδυνε
3156 1938 3352 2002 φυγεῖν.
3419 1935 3516 1982 Καὶ
3566 1930 3862 1991 ἐπελθόντες

2257 2021 2304 2070 οἱ
2364 2019 2598 2089 πολέμιοι
2653 2017 2929 2068 κατέλαϐον
2984 2018 3156 2080 αὐτόν,
3223 2024 3312 2069 καὶ.
3373 2019 3861 2091 ᾑχμαλωτεύσαντο

2256 2108 2327 2168 εἰς
2381 2113 2474 2164 τὴν
2540 2115 2638 2158 τῶν
2697 2105 2985 2177 ἀλλοφύλων
3053 2104 3308 2179 πατρίδα,
3377 2107 3521 2160 κάκεῖ
3591 2104 3860 2159 δουλεύειν

2255 2198 2679 2266 κατηνάγκασαν.
2739 2194 2913 2269 Ὁρᾷς,
2967 2197 3043 2246 ὅτι
3095 2204 3165 2265 τῷ
3226 2191 3342 2266 ἰδίῳ
3393 2196 3642 2266 θελήματι
3691 2197 3860 2247 αὐτοῦ

2255 2282 2348 2337 διὰ
2386 2289 2656 2355 χαύνωσιν
2696 2289 2784 2334 καὶ
2826 2280 3106 2355 ἀνανδρίαν
3146 2289 3235 2334 καὶ
3277 2286 3482 2354 ἀγάπην
3527 2288 3642 2335 τινὰ
3683 2304 3863 2357 πρε-γ-

2252 2377 2427 2446 μάτων
2478 2373 2548 2433 εἰς
2592 2377 2685 2430 τὴν
2735 2371 3106 2443 αἰχμαλωσίαν
3162 2371 3482 2443 ἀπηνέχθη;
3528 2375 3717 2443 ὁμοίως
3765 2380 3864 2427 καὶ

2252 2465 2300 2516 οἱ
2339 2468 2408 2535 μή
2461 2469 2575 2523 ταῖς
2625 2461 2846 2520 ἐντολαῖς
2899 2469 2989 2512 τοῦ
3042 2465 3231 2534 Κυρίου
3273 2461 3725 2523 ἐξακολουθοῦντες
3764 2468 3862 2514 καὶ

2253 2553 2466 2614 ἑαυτούς
2531 2552 2828 2626 ἀρνούμενοι
2876 2554 2964 2601 καὶ
3021 2555 3171 2622 μόνον
3228 2555 3313 2602 τόν
3380 2555 3565 2625 Κύριον
3614 2552 3869 2622 ἀγαπῶν-

2253 2661 2356 2708 τες,
2416 2640 2544 2693 ἀλλὰ
2602 2637 2813 2712 δεσμοῖς
2887 2643 3090 2710 γηῐνοις
3160 2639 3409 2700 ἑκουσίως
3485 2637 3859 2712 δεσμούμενοι,

2253 2732 2542 2790 ἐπελθόντος
2584 2738 2679 2781 τοῦ
2727 2732 2886 2803 πυρὸς
2944 2736 3035 2780 τοῦ
3094 2728 3318 2793 αἰωνίου,
3381 2732 3449 2789 ὡς
3494 2731 3863 2802 εὑρισκόμενοι

2252 2819 2579 2891 αἰχμάλωτοι
2633 2817 2843 2891 ἀρετῶν,
2908 2813 3272 2887 συνδεδεμένοι
3333 2813 3390 2868 δὲ
3444 2817 3633 2887 μᾶλλον
3688 2817 3737 2868 ἐν
3794 2826 3858 2890 τῇ

2252 2908 2427 2980 ἀγάπῃ
2462 2917 2550 2960 τοῦ
2586 2912 2788 2977 κόσμου
2827 2904 3456 2979 καταϐυθ[ισθ]ἡσονται,
3497 2911 3585 2957 καὶ
3625 2908 3727 2957 ὑπὸ
3760 2915 3861 2968 τῆς

484 2993 748 3049 habebat
779 3007 792 3057 ;
824 2989 1131 3061 quomodo
1163 2988 1245 3040 sic
1273 2985 1535 3039 nudatus
1564 2984 1837 3054 eﬂugerit
1869 2992 1926 3040 et
1950 2988 2140 3042 salva-

2250 3005 2440 3072 πικρᾶς
2481 2997 2744 3055 θαλάσσης
2796 3003 2890 3055 τῆς
2939 2999 3191 3068 πονηρίας
3249 2994 3710 3060 καταϐυθίζονται,
3763 3003 3859 3048 καὶ

485 3085 633 3137 verit
680 3081 968 3151 seipsum,
1029 3086 1085 3132 et
1140 3075 1337 3146 ipsam
1398 3076 1660 3129 tunicam
1713 3075 2020 3130 dimittens
2083 3081 2139 3131 et

479 3171 751 3242 injiciens
800 3171 1054 3233 Satanm,
1083 3164 1230 3220 nihil
1260 3164 1319 3218 in
1381 3178 1657 3218 sermone
1701 3163 2136 3235 blasphemans

481 3275 677 3332 neque
719 3258 898 3314 corde
951 3270 1146 3327 neque
1207 3253 1383 3307 labiis
1433 3267 1636 3306 coram
1687 3252 1968 3323 Domino,
2033 3254 2137 3309 sed

481 3365 513 3405 e
573 3354 781 3405 eontra
840 3344 1144 3400 benedixit
1202 3341 1517 3398 Dominus.
1576 3343 2138 3401 dicenszDominus

482 3438 666 3501 dedit,
713 3435 1001 3490 Dominus
1043 3431 1332 3500 abstulit;
1363 3433 1427 3485 ut
1482 3431 1725 3487 Domino
1767 3433 2019 3501 placuit,
2055 3435 2139 3489 ita

477 3527 710 3596 factum
743 3532 846 3590 est,
871 3524 943 3578 sit
975 3536 1186 3577 nomen
1217 3519 1454 3575 Domini
1488 3519 1855 3576 benedictum
1914 3523 1982 3576 δι.
2018 3522 2137 3577 Etsi

480 3616 805 3689 putabatur
845 3613 1032 3668 multa
1071 3610 1400 3682 possidere,
1438 3625 1474 3664 a
1526 3611 1777 3666 Domino
1830 3612 2136 3682 probatus,

480 3707 673 3779 patuit
713 3703 861 3758 nihil
907 3700 1235 3774 possedens
1273 3698 1387 3753 nisi
1424 3699 1622 3754 solum
1687 3703 1890 3755 Deum.
1929 3701 2142 3757 Simili-

481 3801 568 3851 ter
601 3794 897 3851 Abraham
945 3793 1153 3862 jussus
1183 3805 1220 3845 a
1259 3792 1512 3844 Domino
1560 3790 1762 3859 egredi
1802 3806 1833 3844 e
1868 3797 2040 3857 terra,
2084 3797 2142 3850 et

481 3901 513 3941 e
557 3883 801 3943 familia,
850 3887 907 3936 et
955 3897 985 3935 e
1037 3880 1222 3935 domo
1263 3880 1444 3950 patris
1495 3880 1939 3948 sui,continuo,
1977 3881 2137 3937 utita

480 3974 700 4039 dicam,
728 3972 934 4028 omnia
986 3971 1164 4035 exuit,
1201 3969 1476 4039 patriam,
1507 3976 1744 4038 terram,
1780 3972 2141 4040 consangui-

482 4078 649 4130 neos,
677 4067 970 4132 parentes,
995 4065 1051 4112 et
1101 4056 1362 4112 obedivit
1405 4056 1580 4111 verbo
1607 4057 1839 4112 Domini
1879 4077 1890 4125 ;
1923 4057 2139 4113 deinde

481 4152 710 4205 interea
731 4148 933 4203 multis
981 4146 1436 4216 probationibus
1484 4152 1541 4199 et
1583 4148 2008 4202 tentationibus
2058 4149 2138 4204 illi

480 4235 984 4305 contingentibus,
1017 4237 1140 4288 sive
1189 4233 1438 4303 quando
1460 4234 1590 4302 ejus
1631 4250 1779 4290 uxor
1800 4236 2001 4292 ablata
2027 4243 2134 4303 est,

2248 3089 2346 3140 ὑπὸ
2387 3095 2481 3149 τῆς
2521 3085 2888 3158 αἰχμαλωσίας
2929 3092 3029 3135 τῶν
3073 3083 3384 3155 ἀλλοφύλων,
3435 3083 3571 3136 τοῦτ’
3600 3087 3718 3135 ἔστι
3754 3094 3860 3136 τῶν

2244 3179 2547 3249 πνευμάτων
2621 3183 2716 3236 τῆς
2789 3178 3036 3246 πονηρίας
3111 3173 3619 3245 αἰχμαλωτιξόμενοι
3697 3173 3863 3226 ἀπόλ.

2245 3267 2424 3318 λυνται
2452 3267 2546 3335 (8).
2579 3265 2640 3317 Ei
2665 3260 2723 3315 δε
2752 3262 2916 3335 βούλῃ
2951 3261 3160 3333 ἀγάπης
3187 3263 3263 3334 (9)
3295 3261 3684 3335 ἀπηρτισμένης
3711 3264 3866 3314 εὐθύ-

2246 3375 2377 3414 τητα
2427 3359 2557 3426 πρὸς
2611 3357 2799 3424 Κύριον
2845 3351 2899 3403 ἐκ
2942 3360 3040 3403 τῶν
3105 3351 3264 3422 ἁγίων
3320 3353 3669 3403 θεοπνεύστων
3728 3356 3865 3424 Γρα-

2249 3453 2351 3517 φῶν
2427 3445 2763 3515 καταμαθεῖν,
2839 3437 2924 3493 ἶδε
2997 3444 3083 3492 τὸν
3158 3440 3295 3507 Ἰὼϐ,
3372 3449 3477 3500 πῶς
3553 3438 3865 3493 ἀπεδύσατο

2247 3535 2436 3596 πάντα,
2491 3534 2663 3603 ὥσπερ
2729 3531 2906 3595 εἰπεῖν,
2963 3528 3092 3603 άπερ
3146 3525 3207 3587 ἦν
3265 3535 3597 3601 κεκτημένος,

2248 3627 2510 3694 κτήματα,
2567 3622 2697 3684 ζῶα,
2757 3614 2958 3679 παῖδας
3021 3624 3110 3670 καὶ
3168 3620 3232 3670 τὰ
3299 3618 3454 3670 λοιπὰ
3522 3620 3864 3690 ὑπάρχοντα,

2427 3445 2763 3515 καταμαθεῖν,

3679 3535 3861 3596 τέκνα,

2249 3719 2358 3772 πῶς
2401 3706 2826 3779 ἀπεκδυσάμενος
2871 3711 3041 3778 ἔφυγε,
3075 3712 3165 3758 καὶ
3215 3703 3466 3760 διέσωσεν
3517 3708 3722 3772 ἑαυτὸν,
3772 3716 3869 3761 καῖ

2249 3799 2404 3852 αὐτὸν
2443 3803 2528 3851 τὸν
2576 3807 2779 3870 χιτῶνα
2817 3797 2959 3868 ἀφεὶς
3006 3802 3094 3848 καὶ
3143 3796 3302 3870 ῥίψας
3362 3806 3432 3867 τῷ
3491 3804 3715 3867 Σατανᾷ,
3767 3804 3863 3850 καὶ

2248 3894 2376 3962 μήτε
2429 3888 2475 3940 ἐν
2517 3888 2650 3959 λόγῳ
2703 3886 3092 3959 βλασφημήσας
3149 3891 3281 3958 μήτε
3331 3893 3392 3958 τῇ
3453 3883 3669 3960 καρδίᾳ,
3727 3894 3866 3958 μήτε

2247 3986 2350 4039 τοῖς
2395 3978 2598 4050 χείλεσι
2651 3976 2992 4048 φθεγξάμενος
3051 3974 3260 4026 ἐνώπιον
3314 3982 3402 4027 τοῦ
3461 3981 3676 4048 Κυρίου,
3729 3975 3865 4027 ἀλλὰ

2247 4068 2540 4119 τούναντίον
2573 4066 2819 4135 εύλόγησε
2863 4069 2949 4116 τόν
3002 4067 3209 4136 Κύριον,
3245 4064 3400 4116 εἰπών
3429 4079 3443 4093 ⁸
3493 4063 3550 4116 Ὀ
3612 4068 3744 4138 Κύρ
3764 4084 3820 4117 ιο
3842 4086 3864 4126 ς

2246 4153 2505 4222 ἔδωκεν,
2574 4157 2599 4206 ό
2662 4157 2891 4227 Κύριος
2941 4152 3282 4225 ἀφείλετοο

2245 4241 2487 4307 ἔδοξεν,
2557 4244 2755 4304 οὕτως
2820 4247 2928 4294 καὶ
2985 4242 3235 4313 ἐγένετο

3336 4157 3413 4215 ὡς
3479 4161 3559 4223 τῷ
3639 4161 3858 4227 Κυρίῳ

3297 4260 3309 4270 ·
3363 4246 3458 4300 εἴη
3517 4247 3580 4294 τὸ
3649 4248 3861 4316 ὄνομα

481 4329 604 4381 sive
663 4323 908 4395 quando
955 4323 1014 4376 in
1059 4329 1214 4376 terra
1261 4321 1451 4376 aliena
1505 4321 1728 4391 degens
1783 4323 2133 4394 injustitiam

2250 4337 2488 4408 Κυρίου
2524 4333 2975 4403 εύλογημένον.
3013 4330 3116 4383 Κᾶν
3140 4333 3404 4402 ἐνομίζετο
3429 4335 3528 4405 γὰρ
3558 4335 3859 4390 κεκτῆσθαι

481 4431 695 4488 passus
733 4418 844 4479 est,
869 4427 972 4483 per
1020 4411 1227 4466 omnia
1269 4418 1546 4466 ostensus
1600 4420 1682 4467 est
1712 4413 1898 4469 Deum
1933 4415 2131 4472 solum

481 4518 661 4575 super
680 4503 886 4558 omnia
931 4500 1176 4570 diligere
1208 4516 1222 4565 ;
1254 4499 1515 4571 denique
1548 4517 1686 4557 cum
1724 4518 1824 4574 per
1874 4507 2134 4576 promis.

481 4593 711 4648 sionem
779 4597 834 4647 et
893 4599 1023 4662 post
1091 4588 1309 4644 multos
1359 4605 1553 4645 annos
1624 4593 1864 4647 unicum
1941 4595 2130 4652 tilium

478 4697 659 4755 quem
686 4681 942 4736 multum
963 4679 1410 4734 desideraverat
1440 4680 1724 4749 possedit,
1751 4682 1957 4751 jussus
1972 4685 2133 4740 hunc

475 4773 538 4828 in
564 4769 919 4827 sacrificium
935 4769 1177 4824 viriliter
1192 4784 1294 4838 per
1316 4784 1377 4822 se
1389 4769 1723 4833 immolare,
1739 4785 1965 4827 exuens
1980 4776 2132 4846 seip-

478 4876 614 4916 sum
660 4866 716 4914 et
763 4875 898 4914 vere
949 4857 1277 4927 abnegans,
1306 4859 1562 4913 ostendit
1589 4860 1892 4929 quomodo
1919 4868 2134 4933 praeter

477 4949 665 5006 Deum
683 4947 825 5003 nihil
841 4947 1002 5004 aliud
1018 4949 1308 5003 amaverit
1326 4962 1431 5017 per
1454 4949 1718 5019 unigenit
1737 4950 2127 5009 oblationem.

478 5039 538 5097 Si
579 5039 739 5096 enim
780 5037 942 5093 hunc
993 5051 1280 5109 generose
1318 5037 1498 5104 exuit,
1536 5047 1764 5108 quanto
1825 5049 2037 5117 magis,
2068 5053 2117 5108 si

550 5219 597 5258 “
626 5217 760 5275 Job.
786 5231 826 5285 ι,
849 5215 940 5273 21.

2244 4423 2423 4486 πολλὰ,
2460 4421 2799 4494 δοκιμασθεὶς
2831 4422 2930 4472 ύπό
2968 4429 3059 4472 τοῦ
3111 4425 3328 4493 Κυρίου,
3362 4420 3652 4494 ἐφανερώθη
3682 4419 3857 4495 μηδεν

2243 4518 2551 4585 κεκτημένος
2581 4513 2609 4571 ἦ
2636 4518 2787 4583 μόνον
2810 4514 2895 4562 τόν
2924 4517 3073 4563 Θεὸν.
3105 4509 3327 4581 Ὀμοίως
3352 4513 3377 4563 ὁ
3411 4510 3652 4586 Ἀϐραὰμ
3683 4513 3860 4564 κελευ-

2247 4605 2389 4664 σθεὶς
2427 4604 2526 4654 ὑπὸ
2558 4608 2649 4653 τοῦ
2699 4605 2889 4671 Κυρίου
2920 4598 3135 4661 ἐξελθεῖν
3171 4599 3226 4649 ἐκ
3265 4607 3360 4662 τῆς
3405 4610 3500 4670 γῆς
3530 4606 3619 4652 καὶ
3668 4604 3722 4652 ἐκ
3763 4610 3860 4662 τῆς

2247 4697 2548 4764 συγγενείας
2577 4696 2666 4741 καὶ
2690 4692 2744 4740 ἑκ
2774 4697 2865 4740 τοῦ
2897 4692 3040 4740 οἴκου
3073 4697 3164 4740 τοῦ
3197 4693 3393 4763 πατρὸς
3434 4690 3613 4754 αὑτοῦ,
3643 4689 3856 4750 εὐθέως,

2243 4787 2415 4855 ὥσπερ
2447 4782 2623 4845 εἰπεῖν,
2655 4775 2958 4831 ἀπεδύσατο
2986 4779 3177 4843 πάντα,
3212 4775 3467 4852 πατρίδα,
3500 4787 3618 4849 γῆν,
3657 4799 3858 4850 συγγε-

2242 4882 2362 4936 νεῖς,
2414 4879 2580 4943 γονεῖς
2627 4875 2714 4922 καὶ
2754 4868 3136 4930 ἐξηκολούθησε
3175 4874 3246 4936 τῷ
3299 4866 3432 4939 λόγῳ
3465 4875 3554 4920 τοῦ
3607 4873 3803 4942 Κυρίου
3841 4888 3853 4900 ο

2245 4965 2354 5016 εἶτα
2397 4960 2588 5034 μεταξύ
2637 4958 2833 5012 πολλῶν
2874 4954 3201 5027 δοκιμασιῶν
3241 4962 3329 5009 καὶ
3371 4967 3670 5031 πειρασμῶν
3711 4957 3856 5023 αύτῷ

2213 5057 2514 5133 γινομένων,
2554 5056 2708 5102 τοῦτο
2751 5050 2849 5120 μεν
2891 5056 2981 5107 τῆς
3023 5049 3269 5118 γυναικὸς
3314 5046 3478 5098 αὑτοῦ
3523 5046 3849 5118 λαμϐανομέ-

1817 5399 2044 5466 VARUS
2079 5401 2490 5469 LECTIONES.

554 5563 632 5644 (7)
659 5569 799 5628 Cod.
827 5574 907 5624 1'6.
985 5568 1064 5640 (8)
1085 5565 1230 5624 Cod.
1261 5566 1598 5624 ἀπόλλωνται.

1697 5571 1775 5643 (9)
1811 5573 1959 5635 Cod.
1985 5577 2211 5649 ἀγάπην.
