4086 6194
229 302 335 358 609

1553 298 1891 361 uomens.
1923 319 1992 346 λ-
2017 287 2197 359 non.
2241 298 2313 361 v.

3485 285 3593 372 διὸ

238 445 345 491 mg,
371 433 528 479 τοῦτο
572 423 633 480 δι
673 430 757 479 ἰπὶ
785 427 928 490 ξένης
956 427 1070 499 (10)
1102 423 1320 498 διάγων,
1351 432 1441 480 καὶ
1472 424 1820 500 ἀδικούμενος,

1945 428 2178 500 reliqua
2247 431 2452 486 omnia
2503 446 2638 502 quae
2695 432 3045 502 possidebat
3109 435 3314 505 jussus
3382 439 3598 496 fuisset

234 520 320 568 καὶ
349 513 447 567 διά
485 518 690 568 πάντων
728 514 1094 589 ἀποδειχθεὶς,
1150 518 1231 568 ὅτι
1284 520 1411 568 Θεὸν
1459 521 1611 589 μόνον
1659 516 1837 588 ἀγαπᾴ

235 607 356 679 ὑπὲρ
403 609 617 657 πάντα·
680 606 893 679 ὕστερον
967 604 1075 657 ἐπεὶ
1143 601 1215 657 δι’
1269 605 1581 676 ἐπαγγελίας
1637 611 1726 657 καὶ
1761 603 1836 657 δι’

234 698 354 746 ίτῶν
401 694 599 746 πολλῶν
659 703 906 766 μονογενῆ
969 696 1083 746 υἱόν
1131 697 1266 746 κατά
1305 694 1494 752 πολλὴν
1555 695 1834 766 ἐπιθυμίαν

233 786 512 847 ίκτήσατό,
572 783 802 843 αἰτηθεὶς
848 791 1030 835 τοῦτον
1079 782 1151 844 εἰς
1198 784 1380 834 θυσίαν
1425 785 1702 857 προθύμως
1759 780 1836 835 δι’

234 870 414 923 ἑαυτου
446 870 732 942 ἀναφέρειν,
780 869 1178 940 ἀποδυσάμενος
1235 871 1414 923 ἐαυτὸν
1476 876 1566 922 καὶ
1628 870 1832 934 ἀληθῶς

235 957 583 1032 ἀρνησάμενος
609 977 621 989 ·
672 955 912 1022 ἀπέδειξε
939 962 1065 1031 γάρ,
1097 961 1176 1010 ὁτι
1211 963 1378 1032 παρεκ
1408 958 1520 1030 (Η)
1551 964 1679 1011 Θεοῦ
1709 958 1832 1010 ἀλλο

234 1067 278 1099 τι
309 1048 406 1099 οῦκ
433 1049 684 1119 ἠγάπησε
724 1045 819 1100 διὰ
864 1057 960 1110 τῆς
987 1057 1079 1100 τοῦ
1104 1055 1408 1120 μονογενοῦς
1435 1045 1773 1120 προσκομιδή
1787 1070 1826 1110 ς.

237 1137 290 1187 Εἰ
341 1139 445 1208 γὰρ
495 1137 685 1189 ἐκεῖνον
738 1139 1016 1209 προθύμως
1058 1132 1383 1200 ἀπεδύσατο,
1440 1154 1586 1206 πόσῳ
1616 1136 1827 1208 μᾶλλον,

236 1225 271 1276 ει
301 1227 364 1276 τὰ
409 1225 570 1278 λοιπὰ
611 1225 772 1277 αὐτοῦ
812 1228 1126 1297 ὑπάρχοντα
1167 1223 1452 1282 ἀκελεύσθη
1503 1225 1653 1276 ἐᾶσαι
1680 1227 1710 1283 ἡ
1738 1229 1831 1278 πί-

233 1332 374 1371 νησιν
424 1315 510 1386 ὑφ’
572 1316 621 1366 ἓν
683 1311 970 1386 διανεῖμαι,
1030 1314 1242 1385 ἑτοίμως
1293 1319 1382 1365 καὶ
1433 1316 1710 1386 προθύμως
1768 1314 1828 1365 ἂν

230 1401 510 1461 ἐποίησενι
565 1403 722 1477 Ὀρᾳς
764 1402 972 1474 ἀγάπης
1026 1401 1420 1474 ἀπηρτισμένης
1458 1402 1513 1454 ἐκ
1544 1403 1828 1474 θελήματος

229 1494 352 1566 πρὸς
382 1495 576 1564 Κύριον
621 1492 884 1549 εὐθύτητα
916 1511 930 1559 ;
971 1492 1138 1551 οὕτως
1161 1499 1250 1542 και
1289 1494 1339 1543 οἱ
1366 1495 1560 1543 τούτων
1593 1491 1829 1562 συγκλη-

225 1590 433 1653 ρονόμοι
463 1583 703 1652 γενέσθαι
752 1579 1058 1653 βουλόμενοι
1113 1584 1279 1652 παρεκ
1326 1584 1441 1652 (I2)
1500 1588 1634 1633 Θεοῦ
1677 1579 1828 1633 οὐδὲν

227 1669 517 1741 ὀφείλουσιν
570 1669 868 1742 ἀγαπῆσαι,
926 1671 1033 1735 ἵνα,
1084 1671 1204 1721 ὅταν
1253 1666 1646 1741 δοκιμασθῶσι,
1686 1676 1826 1744 χρὴ.

1949 517 2305 589 relinquere,
2367 525 2468 574 aut
2536 521 2928 590 privationem
3004 525 3064 577 in
3136 541 3253 579 uno
3317 528 3593 600 experiri,

1945 604 2195 660 libenter
2271 623 2340 661 ac
2431 623 2717 678 generose
2795 609 3048 666 fecisset.
3139 614 3388 671 Videsne
3453 618 3596 672 dile-

1946 695 2158 749 ctionis
2249 697 2518 766 perfectas
2607 713 2676 751 ex
2761 699 3059 756 voluntate
3124 704 3200 757 ad
3271 707 3592 762 Dominum

1944 782 2354 837 rectitudinem
2415 784 2444 838 εἴ
2533 786 2623 840 Sic
2689 794 2743 840 et
2834 791 2936 858 qui
3001 789 3206 846 talium
3278 795 3594 867 participes

1943 870 2066 924 ﬁeri
2097 872 2299 927 volunt
2368 880 2573 943 prater
2602 876 2784 929 Deum
2854 878 2994 932 nihil
3053 879 3269 935 debent
3323 883 3591 953 diligere,

1946 966 2024 1025 ut,
2114 961 2360 1030 quando
2450 963 2886 1032 probabuntur,
2957 967 3125 1021 utiles
3197 974 3252 1023 et
3316 974 3438 1042 apti
3505 973 3588 1028 in-

1933 1049 2274 1113 veniantur,
2306 1050 2626 1120 perfectam
2660 1052 3036 1108 dilectionem
3070 1072 3243 1112 suam
3285 1060 3362 1115 ad
3391 1062 3592 1116 Domi-

1941 1153 2086 1191 num
2111 1147 2552 1194 conservantes.
2586 1139 2751 1194 Tales
2783 1157 2969 1212 usque
3001 1146 3076 1197 ad
3103 1147 3288 1202 tinem
3322 1165 3590 1218 pugnam

1942 1229 2298 1296 pertransire
2328 1238 2624 1298 poterunt,
2645 1232 2745 1300 qui
2780 1248 2809 1284 e
2845 1231 3145 1289 voluntate
3178 1237 3366 1291 Deum
3395 1239 3588 1294 solum

1939 1317 2187 1371 omnino
2205 1317 2555 1381 dilexerunt,
2576 1328 2632 1372 et
2660 1319 2736 1373 ab
2759 1323 2922 1374 omni
2944 1324 3155 1377 mundi
3186 1325 3500 1381 dilectione
3527 1344 3590 1382 se

1939 1402 2358 1460 liberaverunt.
2394 1409 2566 1461 Pauci
2598 1417 2798 1462 autem
2831 1409 3164 1466 admodum
3205 1413 3592 1471 inveniuntur

1937 1493 2042 1563 qui
2061 1493 2237 1547 talem
2260 1495 2639 1550 dilectionem
2665 1498 3018 1568 suscipiunt,
3055 1509 3110 1554 et
3135 1517 3349 1557 omnes
3377 1505 3590 1559 mundi

1939 1581 2274 1652 voluptates
2331 1591 2388 1638 et
2444 1586 2797 1654 cupiditates
2843 1597 3216 1655 aversantur,
3266 1599 3321 1646 et
3355 1593 3590 1648 viriliter

1937 1668 2426 1739 impugnationes
2482 1682 2538 1726 et
2585 1675 2938 1728 tentationes
2973 1675 3218 1746 maligni
3276 1681 3587 1736 sustinent.

229 1779 371 1832 σιμοι
429 1766 520 1813 καί
567 1758 784 1832 δόκιμοι
830 1762 1100 1834 εύρεθῶσι,
1142 1761 1332 1812 τελείαν
1362 1766 1455 1818 τὴν
1499 1760 1708 1831 ἀγάπην
1737 1761 1820 1812 αύ-

1936 1760 2141 1813 Nonne
2171 1762 2352 1825 enim,
2408 1764 2696 1832 quoniam
2754 1765 2922 1818 multi
2950 1764 3168 1820 ﬂuvios
3213 1775 3587 1825 transeuntes

226 1857 320 1900 τῶν
343 1853 478 1923 πρός
512 1852 700 1924 Κύριον
732 1848 1113 1912 ἀποσώζοντες.
1165 1851 1230 1900 Οἱ
1277 1857 1506 1901 τοιοῦτοι
1533 1851 1627 1911 ἕως
1654 1849 1824 1909 τίλους

226 1935 498 2000 διεξελθεῖν
547 1943 634 1990 τόν
684 1937 862 2009 ἀγῶνα
918 1935 1263 2004 δυνήσονται,
1321 1942 1372 1990 oi.
1435 1937 1490 1989 ἐκ
1538 1938 1825 2010 θελήματος

226 2034 347 2085 θεόν
423 2032 580 2100 μόνον
678 2027 1042 2098 ἀγαπήσαντες
1124 2031 1359 2091 πάντοτε,
1467 2034 1557 2080 καὶ
1647 2032 1825 2091 πάσης

224 2113 424 2187 ἀγάπης
471 2123 674 2189 κόσμου
727 2116 938 2176 ἑαυτοὺς
996 2116 1283 2179 λελυκότες.
1336 2115 1536 2187 Ὀλίγοι
1601 2113 1660 2169 δὲ
1701 2125 1822 2190 σφόν

226 2203 320 2277 δρα
382 2207 718 2280 εὑρίσκονται
783 2209 833 2258 οἱ
886 2210 1134 2264 τοιαύτην
1191 2206 1400 2277 ἀγάπην
1465 2205 1820 2274 ἀναλαϐόντες,

225 2303 304 2347 καί
369 2298 552 2357 πάσας
614 2298 702 2356 τάς
762 2303 854 2347 τοῦ
906 2302 1110 2367 κόσμου
1155 2294 1352 2357 ἡδονὰς
1412 2301 1501 2348 καὶ
1543 2296 1820 2368 ἐπιθυμίας

223 2383 678 2458 ἀποστρεφόμενοι,
734 2390 824 2436 καὶ
895 2387 1242 2458 μακροθύμως
1293 2387 1388 2446 τὰς
1444 2385 1818 2448 ἐπαναστάσεις

223 2480 303 2527 καὶ
345 2478 676 2547 πειρασμούς
733 2481 826 2526 τοῦ
875 2483 1104 2549 πονηροῦ
1163 2476 1529 2546 ὑπομένοντες⁹
1569 2480 1641 2546 μὴ
1692 2477 1816 2548 γὰρ,

223 2561 392 2622 ἐπειδὴ
450 2563 629 2616 πολλοὶ
672 2568 941 2636 ποταμούς
993 2569 1379 2638 παρερχόμενοι
1425 2568 1818 2639 παρασύρονται

225 2654 314 2704 ὑπὸ
343 2662 445 2704 τῶν
486 2649 719 2721 ὑδάτων,
777 2653 871 2705 οῦκ
936 2653 1068 2705 εἰσὶν
1112 2656 1160 2705 oi
1209 2650 1556 2727 διαπερῶντες
1585 2657 1701 2715 τοὺς
1733 2656 1819 2706 θο-

221 2741 389 2814 λερούς
435 2747 704 2815 ποταμοὺς
741 2751 841 2794 τῶν
895 2750 986 2794 τοῦ
1043 2748 1246 2814 κόσμου
1295 2744 1584 2814 ἐπιθυμιῶν
1630 2763 1818 2796 παντο⁹

224 2827 413 2902 δαπῶν,
474 2837 564 2884 καὶ
599 2831 848 2883 ποικίλων
887 2839 1189 2903 πειρασμῶν
1229 2839 1328 2882 τῶν
1377 2835 1680 2903 πνευμάτων
1722 2842 1818 2893 τῆς

223 2925 467 2993 πονηρίας
498 2937 512 2987 ;
545 2927 636 2972 καὶ
667 2917 848 2979 ἐπειδὴ
881 2920 1046 2973 πολλά
1076 2921 1231 2972 πλοῖα
1254 2919 1303 2972 ἐν
1346 2928 1408 2993 τῇ
1445 2922 1684 2994 θαλάσσῃ
1726 2942 1818 2973 κα-

223 3008 503 3082 λυπτόμενα
582 3011 684 3062 ύπό
761 3018 862 3061 τῶν
914 3011 1158 3083 κυμάτων
1216 3008 1515 3081 βυθίζεται,
1574 3009 1668 3061 οὐκ
1712 3011 1815 3063 εἰσὶ

226 3094 563 3172 διαπερῶντα,
626 3103 716 3151 καὶ
773 3097 942 3151 ἐπάνω
1025 3107 1126 3151 τῶν
1177 3100 1420 3171 κυμάτων
1487 3094 1812 3169 διοδεύοντα,
1849 3144 1887 3198 C

226 3194 306 3240 xui.
352 3189 421 3249 εἰς
482 3188 663 3260 λιμένα
731 3188 936 3262 εἰρήνης
1001 3193 1444 3255 καταντήσαντα;
1505 3184 1600 3239 διά
1660 3197 1814 3242 τοῦτο

226 3283 441 3339 πίστεως
515 3276 711 3338 πολλῆς
762 3282 852 3329 καὶ
920 3279 1288 3351 μακροθυμίας
1342 3281 1431 3328 καὶ
1488 3274 1680 3347 ἀγῶνος
1724 3287 1814 3334 καὶ

229 3367 477 3439 ὑπομονῆς
525 3371 610 3419 καὶ
663 3371 830 3420 πόνων
877 3371 967 3418 καὶ
1021 3371 1199 3427 πείνης
1247 3371 1336 3418 καὶ
1391 3362 1553 3437 δίψης
1609 3367 1680 3428 είς
1755 3371 1814 3419 τό

231 3454 408 3527 ἀγαθόν
457 3461 549 3508 καὶ
601 3454 854 3518 ὀξύτητός
903 3460 994 3507 καὶ
1057 3452 1321 3516 ἀναιδείας
1357 3459 1448 3506 καὶ
1505 3452 1815 3530 διακρίσεως

230 3551 304 3597 καί
356 3550 611 3605 συνέσεως
665 3547 888 3597 πάντοτε
952 3550 1117 3617 χρεία
1145 3563 1157 3574 ·
1199 3546 1249 3595 οἱ
1293 3547 1392 3616 γὰρ
1439 3543 1673 3596 πλεῖστοι
1715 3553 1815 3596 τῶν

228 3633 494 3707 ἀνθρωπων
524 3636 645 3686 ἄνευ
665 3636 910 3707 καμάτων
950 3638 1040 3686 καὶ
1088 3632 1297 3704 ἀγώνων
1323 3638 1410 3685 καὶ
1447 3631 1680 3707 ἱδρώτων
1709 3635 1816 3686 ἐπι-

229 3732 391 3796 τυχεῖν
419 3722 697 3797 βασιλείας
725 3722 1002 3796 βούλονται
1033 3723 1151 3795 (13)
1184 3741 1195 3752 ·
1243 3724 1366 3795 ὅπερ
1389 3719 1647 3774 ἀδύνατόν
1678 3725 1812 3777 ἐστι.

228 3811 406 3886 Ὠσπερ
456 3814 547 3866 οὖν
599 3815 649 3865 ἓν
689 3819 873 3884 κόσμῳ
925 3811 1251 3885 ἀπέρχονταί
1286 3831 1413 3872 τινες
1471 3809 1658 3883 ἄνδρες
1688 3817 1816 3886 πρός

229 3919 326 3956 τινα
363 3903 618 3956 πλούσιον
666 3901 998 3977 ἐργάσασθαι
1055 3903 1122 3962 εἰς
1167 3903 1313 3974 θίρος
1343 3902 1373 3959 ἣ
1404 3901 1473 3961 εὶς
1528 3902 1698 3975 ἕτερον
1737 3903 1816 3975 ερ-

227 4012 321 4062 γον,
379 3995 521 4053 ὅπως
571 3997 914 4067 πορίσωνται,
954 3992 988 4043 ά
1039 3991 1341 4066 χρῄζουσιν
1389 3993 1532 4062 ἔχειν
1590 3991 1661 4050 εἰς
1720 3995 1814 4048 τὴν

228 4078 496 4156 διατροφὴν
560 4081 727 4134 αὐτῶν
759 4099 773 4112 ·
815 4082 918 4134 εἰσὶ
973 4077 1032 4134 δί
1081 4100 1214 4143 τινες
1264 4080 1312 4131 εν
1369 4079 1547 4140 αὐτοῖς
1603 4078 1813 4151 ὀκνηροί

228 4175 302 4223 καὶ
325 4173 496 4243 ἀργοὶ,
527 4175 599 4242 μὴ
641 4171 920 4242 κάμνοντες
966 4166 1025 4222 δε
1055 4169 1239 4233 οὕτως,
1294 4174 1427 4240 μήτε
1479 4166 1814 4240 ἁρμοζόντως

228 4261 583 4332 ίργαζόμενοιο
671 4259 821 4312 αὗτοι
881 4256 1048 4331 μηδὲν
1121 4261 1488 4321 κοπιάσαντες,
1534 4263 1667 4328 μήτε
1723 4276 1813 4308 κα-

229 4355 383 4418 μόντες
441 4350 514 4412 εἰς
568 4353 655 4401 τόν
705 4345 845 4401 οἶκον
897 4356 991 4401 τοῦ
1042 4347 1319 4413 πλουσίου,
1393 4345 1674 4419 βούλονται
1725 4350 1813 4398 τόν

229 4440 398 4507 μισθόν
443 4438 497 4501 ἐξ
536 4441 655 4490 ῖσου
707 4436 877 4490 λαϐεῖν
927 4444 1032 4498 τοῖς
1102 4433 1349 4509 ἀνδρείως
1386 4441 1477 4488 καὶ
1523 4435 1678 4497 ὀξέως
1727 4442 1812 4488 xui

232 4526 306 4598 61y
344 4529 508 4579 αὐτῶν
551 4534 809 4599 καμοῦσιν
853 4527 1030 4598 ἰσχύῖ,
1084 4528 1154 4587 ὡς
1205 4523 1312 4584 ἤδη
1353 4530 1412 4576 τὸ
1462 4524 1629 4576 αύτῶν
1668 4526 1812 4598 ἔργον

232 4623 551 4678 πεποιηκότες
578 4635 592 4649 ο
651 4620 737 4668 τόν
791 4615 947 4668 αὐτόν
988 4622 1180 4690 τρόπον
1236 4614 1361 4667 ἐπὰν
1391 4613 1812 4685 ἀναγινώσκομεν

235 4705 309 4763 τὰς
338 4709 561 4779 Γραφάς,
588 4713 694 4767 πῶς
724 4707 750 4757 ό
782 4701 930 4758 δεῖνα
960 4701 1169 4765 δίκαιος
1224 4704 1544 4775 εὑηρέστησε
1572 4711 1644 4772 τῷ
1675 4709 1810 4769 Θεῷ,

235 4800 326 4853 πῶς
351 4795 489 4865 φίλος
554 4801 644 4847 καὶ
697 4795 974 4867 συνόμιλος
1024 4801 1158 4848 Θεοῦ
1201 4798 1399 4864 γέγονε,
1428 4797 1518 4844 καὶ
1544 4794 1727 4852 πάντες
1753 4787 1813 4843 δι

235 4883 503 4956 οὶπατίρες
547 4893 657 4945 πῶς
713 4884 850 4955 φίλοι
902 4888 990 4936 καὶ
1037 4883 1347 4956 κληρονόμοι
1378 4889 1510 4934 Θεοῦ
1539 4886 1809 4951 γεγόνασι,

238 4976 382 5033 πόσας
419 4973 616 5044 θλίψεις
654 4974 949 5045 ὑπέμειναν,
986 4982 1129 5025 πόσα
1180 4969 1276 5024 διὰ
1305 4975 1391 5023 τόν
1449 4974 1572 5023 Θεὸν
1598 4971 1809 5038 ἔπαθον,

237 5063 360 5112 πόσα
409 5060 820 5138 ἡνδραγάθησαν
883 5067 974 5114 καὶ
1044 5062 1391 5133 ἠγωνίσαντο,
1453 5060 1810 5132 μακαρίζομεν

241 5147 419 5219 αὐτοὺς,
446 5170 536 5203 και
583 5160 684 5203 τῶν
733 5154 862 5204 ἴσων
920 5154 1095 5211 αὐτοῖς
1138 5147 1344 5224 δωρεῶν
1381 5154 1471 5201 καὶ
1506 5147 1810 5221 ἀξιωμάτων

243 5249 398 5308 τυχειν
427 5238 742 5314 βουλόμεθα,
796 5245 887 5294 xui
935 5239 1286 5314 ἐπιθυμοῦμεν
1313 5240 1594 5312 προθύμως
1638 5235 1809 5289 λαϐεῖν

1845 4495 1891 4549 D

1937 1850 2110 1918 aquis
2134 1847 2531 1919 abripiuntur,
2593 1858 2731 1905 sunt
2781 1853 2883 1923 qui
2946 1862 3252 1910 transeunt
3309 1858 3585 1913 turbidos

1933 1933 2152 1991 ﬂuvios
2176 1940 2622 1993 mundanarum
2645 1942 3039 2011 cupiditatum
3064 1951 3183 1998 tam
3204 1946 3586 2000 diversarum

1935 2029 2354 2097 variarumque
2386 2032 2777 2083 tentationum
2807 2033 3124 2102 spirituum
3152 2034 3433 2104 nequitiae
3459 2032 3583 2100 ?et,

1931 2117 2220 2184 quoniam
2234 2117 2422 2172 multa
2435 2118 2675 2188 navigia
2689 2120 2748 2172 in
2764 2122 2911 2174 mari
2928 2121 3581 2179 absconditaﬂuctibus

1932 2204 2388 2274 immerguntur,
2421 2221 2622 2261 nonne
2653 2211 2911 2279 suntqui
2939 2226 3102 2265 mare
3136 2217 3578 2281 pertranseunt,

1930 2294 2031 2363 qui
2055 2295 2118 2347 in
2147 2293 2427 2349 ﬂuctibus
2455 2297 2804 2366 procedunt,
2850 2304 2906 2352 et
2934 2300 2995 2352 in
3023 2308 3262 2369 portum
3292 2304 3456 2371 pacis
3482 2302 3582 2356 de-

1927 2381 2219 2437 veniunt?
2237 2385 2524 2447 Quocirca
2547 2385 2737 2440 multa
2753 2385 2871 2440 fide
2897 2387 3331 2454 etfortitudine,
3354 2405 3579 2460 pugna,

1930 2473 2235 2541 patientia,
2258 2472 2587 2542 laboribus,
2607 2473 2766 2529 fame
2797 2481 2854 2529 et
2869 2474 2958 2528 siti
2987 2477 3062 2530 ad
3089 2477 3209 2532 bon
3223 2494 3344 2543 um,
3374 2478 3584 2534 alacri-

1930 2565 2066 2624 tate,
2091 2563 2556 2631 perseverantia,
2583 2562 2806 2632 judicio
2830 2571 2885 2618 et
2905 2563 3222 2620 reﬂexione
3243 2566 3577 2621 admodum

1927 2664 2082 2717 opus
2111 2656 2220 2705 est.
2243 2650 2509 2722 Plerique
2535 2654 2695 2706 enim
2725 2653 3000 2708 homines
3034 2655 3162 2709 sine
3185 2653 3497 2710 laboribus
3521 2659 3580 2710 et

1929 2739 2146 2808 pugnis
2173 2747 2230 2793 et
2258 2740 2578 2794 sudoribus
2597 2755 2850 2809 regnum
2871 2743 3139 2798 obtinere
3161 2743 3390 2809 volunt,
3413 2743 3580 2814 quod

1926 2828 2295 2898 impossibile
2318 2835 2421 2883 est.
2456 2829 2528 2883 Ut
2553 2829 2729 2898 igitur
2745 2829 2805 2885 in
2824 2832 3052 2886 mundo
3083 2841 3301 2887 exeunt
3324 2832 3576 2904 quidam

1926 2917 2033 2970 viri
2051 2918 2129 2971 ad
2149 2917 2412 2988 aliquem
2439 2917 2706 2983 divitem,
2734 2918 3167 2974 utlaborentad
3197 2937 3454 2976 messem
3474 2928 3578 2977 aut

1927 3009 2003 3062 ad
2035 3007 2195 3062 aliud
2228 3021 2404 3076 Opus,
2430 3021 2554 3076 quo
2576 3007 2986 3076 procurabunt
3005 3023 3140 3078 quae
3161 3009 3270 3063 sibi
3303 3024 3580 3064 necessa-

1926 3097 2014 3153 ria
2042 3105 2180 3151 sunt
2208 3097 2285 3151 ad
2317 3111 2490 3150 suum
2524 3098 2740 3150 victum
2771 3095 3122 3151 habendum
3152 3113 3165 3151 :
3203 3105 3340 3152 sunt
3364 3113 3436 3152 ex
3463 3097 3577 3151 illis

1924 3186 2174 3259 quidam
2206 3187 2359 3256 pigri
2389 3190 2446 3240 et
2495 3184 2796 3248 vecordes,
2829 3193 2885 3240 et
2912 3190 2995 3240 ita
3041 3201 3163 3241 non
3212 3187 3575 3250 laborantes,

1925 3290 2120 3346 neque
2137 3272 2499 3329 conveniens
2519 3288 2674 3344 Opus
2689 3280 3030 3330 exercentes
3054 3290 3068 3340 ;
3097 3276 3191 3330 isti
3208 3291 3327 3330 non
3341 3274 3574 3344 fatigati

1925 3380 2120 3436 neque
2151 3365 2492 3419 laborantes
2513 3365 2572 3417 in
2603 3365 2799 3417 divitis
2816 3366 3035 3418 domus
3061 3367 3339 3434 gratiam,
3373 3365 3580 3420 volunt

1926 3453 2262 3510 mercedem
2294 3451 2590 3524 aequalem
2612 3453 2881 3524 accipere
2900 3453 3009 3507 illis
3039 3455 3143 3525 qui
3170 3454 3433 3519 viriliter,
3457 3453 3581 3510 ala-

1925 3543 2096 3598 criter
2121 3548 2177 3598 et
2213 3543 2498 3597 omnibus
2531 3541 2751 3595 viribus
2802 3539 3250 3608 laboraverunt,
3282 3548 3577 3613 tanquam

1925 3633 2161 3687 illorum
2210 3646 2364 3701 opus
2389 3630 2520 3700 jam
2573 3630 2868 3686 fecissent.
2900 3633 3025 3687 Pari
3074 3635 3279 3698 modo,
3325 3631 3578 3703 quando

1924 3721 2178 3792 legimus
2202 3721 2263 3774 in
2290 3720 2627 3790 Scripturis,
2660 3720 2972 3789 quomodo
3002 3721 3323 3791 istejustus
3353 3721 3578 3792 placuit

1927 3813 2066 3873 Deo,
2093 3808 2401 3879 quomodo
2433 3808 2664 3862 amicus
2691 3813 2746 3860 et
2770 3809 3213 3863 contubernalis
3248 3809 3348 3864 Dei
3381 3810 3576 3864 factus

1924 3905 2027 3964 est,
2060 3905 2116 3953 et
2139 3911 2351 3952 omnes
2381 3901 2579 3966 patres
2608 3897 2918 3965 quomodo
2967 3898 3144 3952 amici
3170 3905 3226 3953 et
3251 3898 3578 3970 participes

1927 3988 2023 4042 Dei
2081 3986 2218 4041 facti
2247 3992 2406 4052 sunt,
2436 3990 2694 4055 quantas
2750 3999 3056 4040 mrumnas
3111 3988 3376 4057 perpessi
3415 3996 3574 4054 sunt,

1923 4085 2151 4150 quanta
2171 4082 2412 4146 pr0pter
2428 4072 2616 4127 Deum
2640 4075 3065 4141 sustinuerunt,
3093 4082 3321 4146 quanta
3343 4077 3579 4133 fortitu-

1923 4166 2062 4220 dine
2082 4164 2285 4218 luctati
2313 4169 2526 4217 suntet
2551 4170 2991 4233 pugnaverunt,
3020 4164 3150 4219 illos
3171 4165 3574 4235 gratulamur,

1923 4261 1979 4311 et
1995 4253 2258 4325 aequales
2282 4251 2395 4307 illis
2417 4251 2722 4307 mercedes
2751 4260 2807 4306 et
2831 4267 3089 4308 nonores
3110 4254 3377 4310 obtinere
3404 4254 3577 4310 volu-

1924 4359 2082 4409 mus,
2115 4347 2174 4397 et
2202 4342 2481 4413 cupimus
2533 4341 2809 4396 ardenter
2861 4344 3130 4414 accipere
3183 4342 3407 4415 inclyta
3463 4345 3576 4401 ista

1923 4432 2106 4498 dona,
2121 4430 2463 4488 omittentes
2478 4429 2712 4485 illorum
2727 4431 2987 4497 labores,
3003 4447 3573 4504 pugnas,aerumnas

1923 4529 1979 4578 et
1999 4523 2293 4577 cruciatus
2318 4536 2332 4586 ;
2359 4527 2417 4575 et
2434 4521 2672 4575 illorum
2693 4521 2974 4587 honores,
2999 4529 3056 4577 et
3076 4523 3419 4593 dignitates,
3440 4541 3574 4596 qua

1922 4627 1958 4667 a
2002 4612 2118 4666 Deo
2144 4609 2560 4682 possederunt,
2615 4610 2897 4666 ardenter
2950 4612 3217 4667 obtinere
3273 4613 3573 4683 volumus,

1919 4700 2158 4757 labores
2188 4707 2390 4754 autem
2418 4705 2474 4754 et
2519 4713 2756 4770 pugnas
2784 4715 2993 4754 eorum
3026 4716 3148 4755 non
3179 4703 3573 4774 suscipimus.

1922 4791 2064 4845 Dico
2094 4803 2235 4844 vero
2268 4789 2372 4843 tibi
2404 4789 2516 4842 hoc
2545 4803 2725 4842 omne
2767 4788 3075 4844 hominem
3100 4805 3317 4860 cupere
3349 4798 3405 4845 et
3426 4789 3572 4845 velle

1923 4881 2103 4935 etiam
2130 4878 2489 4942 meretrices,
2521 4877 2876 4948 publicanos
2902 4885 2957 4934 et
2982 4879 3260 4933 homines
3289 4879 3572 4948 injustos,

1920 4968 2091 5024 facile
2148 4966 2366 5022 scilicet
2417 4968 2541 5021 sine
2592 4965 2904 5022 laboribus
2960 4973 3012 5023 et
3047 4969 3265 5038 pugnis
3298 4967 3573 5023 obtinere

1920 5071 2173 5126 regnum
2201 5072 2214 5122 ;
2245 5057 2349 5112 sed
2381 5062 2620 5127 propter
2645 5056 2759 5111 hoc
2788 5056 2848 5110 in
2886 5056 3083 5111 medio
3112 5064 3356 5112 manent
3387 5062 3574 5113 tenta-

1921 5146 2129 5211 tiones,
2145 5151 2202 5200 et
2222 5143 2605 5217 probationes
2618 5145 2839 5210 multa,
2859 5150 2917 5201 et
2933 5161 3238 5212 aerumnas,
3253 5150 3308 5202 et
3329 5161 3569 5217 pugnae,

1919 5240 1975 5292 et
1999 5234 2269 5305 sudores,
2300 5238 2366 5289 ut
2390 5233 2545 5292 clare
2573 5240 2904 5293 noscantur
2927 5235 3177 5308 quinam
3208 5235 3270 5291 in
3299 5235 3566 5307 veritate,

1536 5467 1774 5526 VARUE
1810 5464 2220 5564 ιεᾳτξοκεε.

299 5696 402 5768 (l0)
439 5701 546 5756 Sic.
579 5699 716 5756 cod.
793 5699 905 5770 (li)
946 5697 1094 5756 Cod.
1131 5694 1308 5772 πάρεξ.
1387 5697 1502 5767 (12)
1543 5694 1688 5752 Cod.
1727 5695 1820 5770 πάρ

1983 5693 2101 5766 (13)
2143 5693 2286 5750 Cod.
2330 5689 2640 5766 βούλωνται.
