4058 6194
486 230 590 295 tm

1785 219 1846 276 s.
1875 214 2542 292 _MACABII:EGYPTH

3725 221 3818 284 512

494 376 688 434 usque
711 357 788 415 ad
823 358 1073 411 mortem
1097 350 1573 421 progredientes,
1606 364 1743 403 cum
1771 346 1935 402 omni
1961 345 2151 434 intenf
2180 391 2182 397 .

2295 346 2328 396 ἀ
2375 339 2559 405 ἔνδοξα
2626 341 2796 394 ἐκεῖνα
2854 347 3190 418 χαρίσματα,
3244 347 3630 422 ὑπερϐαίνοντες
3680 353 3831 405 αὐτῶν

492 431 653 508 tione
683 453 737 503 et
761 447 967 500 virtute
990 440 1311 496 Dominum
1336 438 1528 493 solum
1554 436 1890 499 dilexerint,
1924 441 1980 489 et
2004 431 2153 488 nihil

484 531 658 597 aliud
689 530 1156 590 desiderandnm
1211 543 1347 581 cum
1384 526 1535 580 illius
1577 540 1782 580 amore
1809 522 2151 578 habuerint.

497 626 811 695 ldeojnste
864 623 923 675 in
978 633 1230 686 regnum
1283 615 1577 670 caelorum
1609 612 2024 682 ingrediuntur
2050 610 2154 681 qui

500 719 727 788 seipsos
741 712 1193 779 abnegaverunt
1208 706 1537 760 secundum
1556 701 1789 756 Domini
1818 699 2083 759 verbum.
2103 703 2159 753 et

502 822 607 879 per
639 801 938 875 prOpriam
968 796 1325 850 voluntatem
1372 792 1689 846 Dominum
1721 790 1916 879 solum
1943 788 2160 843 dilexe—

501 878 671 957 runt;
705 891 838 945 ideo
866 882 1117 940 summis
1149 880 1492 936 cmlestibns
1521 879 1695 934 donis
1742 878 1821 932 ob
1854 892 2158 931 summam

505 998 677 1038 suam
699 978 1074 1033 dilectionem
1098 973 1661 1025 remnnerabnntur.
1687 969 1831 1023 Nam
1865 967 1920 1020 in
1948 982 2162 1020 aerum.

504 1072 619 1135 nis,
646 1063 1024 1126 cruciatibus,
1049 1059 1355 1131 patientia,
1376 1064 1431 1111 et
1458 1058 1575 1111 ﬁde
1598 1056 1786 1111 latent
1816 1054 2163 1125 promissio-

506 1152 1166 1229 nes,gloria,bonorum
1182 1146 1513 1202 caelestium
1530 1146 2011 1217 possessio,tanq
2023 1159 2161 1197 nam

508 1248 567 1302 in
604 1246 831 1299 semine
858 1238 1022 1311 quod
1056 1239 1113 1291 in
1132 1234 1593 1305 terramjactum
1625 1237 1715 1287 est
1744 1232 1969 1287 fructus
2001 1231 2159 1294 latet,

509 1342 612 1390 aut
637 1335 698 1388 in
721 1330 935 1386 arbore
955 1328 1144 1396 spinis
1174 1324 1543 1379 circumdato
1565 1329 1623 1377 et
1647 1322 1797 1375 inter
1813 1329 2163 1392 corruptum

508 1430 564 1480 et
594 1419 855 1491 ignobile
911 1424 1136 1471 stercus
1188 1419 1512 1467 crescente.
1578 1412 1641 1464 Et
1667 1416 1810 1464 tunc
1849 1407 2162 1464 vestmenti

511 1511 883 1582 dignitatem,
947 1514 1001 1558 et
1031 1502 1307 1571 gloriam,
1357 1506 1413 1554 et
1458 1498 1847 1569 multiplicem
1906 1498 2164 1552 fructum

511 1598 900 1657 ostendentur
922 1592 1164 1655 habere,
1192 1597 1251 1645 ut
1273 1590 1411 1643 dicit
1428 1588 1749 1658 Apostolus
1770 1602 1785 1641 :
1810 1588 1927 1643 Per
1946 1588 2166 1641 multas

506 1682 925 1743 'tribulationes
939 1686 1161 1750 oportet
1176 1678 1519 1733 nosintrare
1534 1676 1596 1731 in
1629 1691 1863 1744 regnum
1888 1675 2168 1730 caelorum
2198 1695 2236 1747 Β

514 1778 562 1812 ⁸⁸
586 1794 599 1843 ;
615 1784 668 1829 et
681 1772 974 1827 Dominus
993 1784 1005 1822 :
1020 1769 1095 1822 In
1108 1766 1399 1835 patientia
1424 1773 1621 1820 vestra
1640 1763 2017 1834 possidebitis
2031 1762 2133 1818 ani
2144 1793 2166 1802 -

514 1880 642 1921 mas
659 1868 879 1918 vestras
893 1860 939 1893 ⁸³
959 1876 972 1924 ;
988 1864 1044 1913 et
1059 1873 1264 1911 rursus
1280 1875 1295 1913 :
1314 1856 1381 1909 In
1395 1853 1617 1909 mundo
1630 1868 1974 1921 pressuram
1992 1852 2172 1907 habe-

517 1955 587 2009 tis
601 1953 669 2006 5‘.
702 1952 927 2006 Labore
941 1948 1124 2010 enim,
1139 1952 1196 2000 et
1212 1944 1517 2015 patientia,
1534 1952 1587 1997 et
1601 1942 1966 1997 abstinentia
1979 1948 2171 1995 etom-

519 2044 580 2098 ni
594 2037 1123 2107 circumspectione
1136 2049 1291 2104 opus
1305 2040 1395 2087 est
1410 2072 1421 2096 ,
1439 2038 1493 2086 et
1507 2032 1890 2096 alacritate,et
1905 2045 2174 2101 perseve-

516 2134 710 2187 rantia
764 2130 823 2182 in
870 2125 1138 2181 oratione
1176 2122 1255 2178 ad
1283 2122 1625 2184 Dominum,
1686 2128 1745 2174 ut
1778 2120 1961 2190 possit
1990 2120 2174 2174 homo

522 2216 881 2293 pertransire
914 2213 1274 2268 terrestrium
1296 2210 1946 2281 cnpiditates,laqueos
1977 2215 2034 2263 et
2056 2208 2174 2262 ille-

522 2308 735 2365 cebras
760 2304 1155 2375 voluptatum,
1177 2308 1232 2353 et
1255 2299 1463 2353 mundi
1488 2305 1892 2368 tempestates,
1916 2304 1971 2352 et
1994 2298 2183 2356 malo.

524 2392 658 2454 rnm
684 2388 999 2466 spirituum
1021 2391 1510 2460 impugnationes
1524 2388 1883 2452 devitare,et
1902 2390 2054 2441 bene
2076 2402 2180 2442 no-

526 2470 698 2541 scere
729 2480 894 2554 quali
929 2478 1234 2548 vigilantia
1258 2483 1314 2531 et
1337 2478 1565 2547 impetu
1587 2476 1726 2531 ﬁdei
1758 2483 1814 2530 et
1840 2476 2179 2533 dilectionis

529 2574 720 2629 sancti
735 2570 1034 2625 caelestem
1049 2568 1422 2629 thesaurum,
1440 2565 1498 2619 id
1524 2572 1630 2631 est,
1649 2565 1891 2636 spiritus
1908 2566 2179 2619 virtutem

530 2663 591 2716 in
642 2661 767 2715 suis
797 2656 1121 2713 animabus
1149 2662 1205 2709 et
1270 2655 1420 2709 coelo
1473 2654 1856 2724 possideant;
1890 2653 2055 2724 quod
2097 2659 2184 2707 est

528 2752 703 2823 quasi
729 2748 921 2803 arrhee
953 2746 1116 2814 regni
1148 2744 1425 2799 ccelestis.
1455 2743 1603 2798 Nam
1631 2743 1843 2798 beatus
1873 2742 2183 2813 apostolus

530 2840 747 2895 Paulus
774 2840 847 2890 de
869 2838 982 2890 hoc
1013 2833 1236 2889 caelesti
1266 2834 1564 2895 thesauro,
1596 2833 1657 2886 id
1697 2838 1807 2897 est,
1840 2832 2030 2901 gratia
2058 2831 2184 2903 Spi-

530 2930 678 2985 ritus
702 2940 1012 2988 enarrans,
1045 2929 1100 2978 et
1130 2921 1571 2977 multitudinem
1600 2920 2050 2975 tribulationum
2091 2936 2187 2975 ex-

533 3032 786 3089 ponens,
815 3013 1114 3085 simulque
1138 3010 1484 3075 ostendens,
1508 3010 1655 3082 quid
1687 3009 1904 3065 debeat
1927 3012 2187 3081 quisque

535 3107 750 3161 exinde
804 3118 1089 3177 quaerere.
1150 3103 1231 3165 Et,
1312 3100 1455 3172 quid
1534 3099 1838 3170 possidere
1897 3105 2185 3169 oporteat,

534 3197 678 3252 dicit
698 3213 710 3247 :
734 3194 963 3249 Scimus
982 3191 1135 3247 enim
1149 3190 1318 3261 quod,
1344 3190 1395 3243 si
1407 3198 1711 3244 terrenum
1726 3195 1992 3242 nostrum
2007 3189 2189 3243 domi-

537 3286 742 3342 cilium
766 3283 945 3351 hujus
972 3268 1351 3336 tabernaculi
1376 3278 1745 3333 destructum
1767 3278 1976 3345 fuerit,
2007 3277 2191 3343 aediﬁ-

540 3376 830 3428 cationem
862 3384 936 3425 ex
959 3371 1079 3424 Deo
1108 3368 1412 3429 habemus,
1443 3365 1811 3420 domicilium
1840 3380 1957 3420 non
1984 3381 2192 3420 manu-

540 3462 785 3528 factum,
819 3465 1107 3513 aeternum
1141 3459 1200 3508 in
1235 3454 1399 3509 caelis
1428 3454 1497 3507 ⁸⁵.

2264 437 2384 495 τοὺς
2421 436 2629 497 πόνους,
2688 437 2778 484 καὶ
2832 431 3053 503 ἀγῶνας,
3108 440 3195 488 καὶ
3250 439 3339 498 τὰς
3394 438 3606 509 θλίψεις,
3653 446 3733 493 καὶ
3778 446 3835 495 τὰ

2264 525 2573 593 παθήματα,
2628 525 2718 572 καὶ
2765 524 2858 582 τὰς
2905 526 2994 594 μεν
3048 527 3196 593 τιμὰς
3236 526 3421 589 αὐτῶν,
3465 534 3555 581 καὶ
3604 534 3666 581 τὰ
3702 528 3837 592 ἀξιώ-

2265 631 2427 683 ματα,
2487 611 2573 662 οἷα
2633 608 2737 661 ἀπὸ
2789 618 2921 663 Θεοῦ
2993 616 3289 680 κέκτηνται,
3348 618 3629 688 προθύμως
3683 618 3836 672 λαϐεῖν

2269 701 2494 771 θέλομεν,
2553 702 2669 758 τοὺς
2727 695 2785 751 δε
2832 702 3101 771 καμάτους
3149 708 3238 756 καὶ
3294 709 3481 766 πόνους
3532 711 3619 758 xui
3660 706 3841 778 ἀγῶνας

2268 790 2436 840 αὐτῶν
2469 788 2526 839 ού
2552 784 2979 859 καταδεχόμεθα.
3022 795 3173 861 Λέγω
3226 788 3287 844 δέ
3335 812 3438 858 σοι,
3466 796 3545 846 ὅτι
3585 803 3727 847 τοῦτο
3756 802 3844 858 πᾶς

2269 898 2346 939 τις
2385 879 2650 951 ἄνθρωπος
2706 878 2950 949 ἐπιθυμεῖ
3022 884 3112 931 xui
3176 879 3328 947 θέλει,
3395 888 3486 935 xui
3534 889 3713 956 πόρναι
3766 892 3844 937 καὶ

2271 966 2484 1019 τελῶναι
2532 969 2623 1016 καὶ
2677 961 2857 1017 ἄδικοι
2915 964 3201 1039 ἂνθρωποι,
3244 970 3463 1030 εὐκόλως
3514 973 3632 1024 ἄνευ
3684 979 3841 1025 κόπων

2271 1060 2360 1107 καὶ
2392 1054 2601 1125 ἀγώνων
2630 1062 2813 1125 τυχεῖν
2841 1054 3117 1127 βασιλείας
3148 1075 3159 1088 ·
3195 1058 3322 1110 ἀλλά
3350 1057 3445 1112 διὰ
3475 1068 3624 1114 τοῦτο
3654 1062 3698 1113 ἐν
3721 1068 3845 1134 μέσῳ

2272 1149 2579 1216 πειρασμοὶ,
2635 1149 2725 1194 xui
2781 1140 3097 1217 δοκιμασίαι
3151 1146 3351 1213 πολλαὶ,
3396 1155 3484 1200 καὶ
3530 1150 3733 1220 θλίψεις,
3770 1154 3845 1203 καὶ

2274 1232 2479 1304 ἀγῶνες,
2530 1237 2620 1285 καὶ
2679 1228 2892 1303 ἱδρῶτες
2942 1239 3261 1306 πρόκεινται,
3326 1237 3411 1288 ἵνα
3463 1243 3847 1312 φανεροὶγένων-

2274 1342 2384 1388 ται,
2451 1327 2585 1385 τίνες
2658 1322 2712 1386 ἐξ
2794 1322 3039 1383 ἀληθείας
3107 1325 3197 1384 ἓως
3273 1327 3498 1378 θανάτου
3546 1327 3757 1387 ἐλθόντες
3800 1326 3846 1388 ἐξ

2276 1411 2399 1473 ὅλης
2440 1417 2791 1484 προαιρέσεως
2840 1417 2929 1463 xui
2992 1409 3263 1484 δυνάμεως
3331 1419 3419 1465 τὸν
3472 1419 3655 1489 Κύριον
3716 1422 3847 1487 μόνον

2277 1502 2578 1571 ἠγάπησαν,
2607 1506 2696 1553 καὶ
2727 1496 2877 1552 οὐδὲν
2904 1501 3073 1574 ἕτερον
3096 1505 3191 1553 σὺν
3227 1510 3288 1574 τῇ
3332 1508 3477 1577 ,πρὸς
3520 1504 3668 1556 αὐτὸν
3693 1504 3846 1575 ἀγάπη

2278 1591 2626 1661 περιπόθητον
2656 1592 2839 1659 ἶσχον.
2882 1594 2969 1639 Διό
3013 1595 3101 1641 xui
3144 1588 3360 1652 δικαίως
3392 1592 3464 1653 εἰς
3489 1597 3577 1651 τὴν
3608 1592 3849 1666 βασιλείαν

2277 1686 2375 1729 τῶν
2416 1678 2643 1751 ούρανῶν
2670 1678 3021 1750 εἰσέρχονται,
3074 1678 3427 1753 ἀρνησάμενοι
3485 1682 3690 1743 ἑαυτοὺς
3732 1684 3849 1733 κατὰ

2279 1772 2365 1820 τόν
2394 1775 2485 1819 τοῦ
2532 1775 2722 1841 Κυρίου
2779 1767 2950 1839 λόγον,
2988 1775 3080 1821 xui
3134 1773 3278 1845 παρά
3308 1776 3405 1829 τὴν
3437 1768 3578 1823 ἰδίαν
3608 1776 3751 1829 πνοὴν
3774 1775 3847 1822 τὸν

2285 1860 2471 1929 Κύριον
2501 1862 2653 1927 μόνον
2685 1857 3013 1926 ἠγαπηκότες
3045 1874 3057 1886 ⁸
3088 1853 3174 1909 διὸ
3213 1864 3302 1910 καὶ
3342 1862 3525 1932 ἄκροις
3565 1857 3740 1934 δώροις
3774 1860 3851 1911 ού-

2280 1949 2480 2017 ρανίοις
2536 1950 2629 2002 τὴν
2688 1945 2850 2017 οἶκραν
2927 1944 3138 2016 ἀγάπην
3197 1948 3371 1999 αὐτῶν
3453 1949 3849 2021 ἀμειφθήσονται.

2284 2033 2373 2095 Εἰς
2402 2037 2503 2104 γὰρ
2535 2037 2627 2095 τὰς
2680 2033 2894 2104 θλίψεις,
2954 2040 3044 2086 καὶ
3096 2038 3162 2087 τὰ
3216 2040 3531 2109 παθήματα,
3572 2043 3654 2089 xui
3678 2039 3851 2109 ὑπομο-

2282 2126 2398 2189 νην,
2438 2128 2527 2173 xui
2576 2128 2753 2174 πίστιν
2796 2126 3201 2197 ἐγκεκρυμμέναι
3268 2126 3405 2178 εἰσὶν
3460 2130 3513 2178 αἱ
3560 2125 3848 2196 ἐπαγγελίαι,

2287 2216 2377 2262 καὶ
2408 2212 2436 2268 ἡ
2468 2208 2617 2276 δόξα,
2668 2217 2756 2262 xui
2796 2212 2825 2268 ἡ
2867 2220 2967 2263 τῶν
3013 2212 3330 2286 ἐπουρανίων
3373 2214 3578 2285 ἀγαθῶν
3614 2216 3851 2267 ἀποκατά-

2292 2318 2500 2364 στασις,
2559 2302 2732 2372 ὥσπερ
2784 2300 2834 2351 ἐν
2877 2309 2949 2370 τῷ
3004 2302 3297 2375 ῥιπτομένῳ
3358 2308 3484 2375 σίτῳ
3524 2304 3594 2365 εἰς
3620 2309 3704 2361 τὴν
3725 2302 3852 2373 γῆνό

2289 2392 2490 2462 καρπὸς
2544 2389 2573 2447 ἢ
2610 2386 2811 2463 δένδρῳ
2851 2388 3311 2463 ἐπικεντριζομίνῳ
3369 2390 3464 2445 διὰ
3523 2392 3715 2463 σήψεως
3739 2409 3852 2451 τινος

2290 2482 2380 2529 xui
2422 2476 2633 2549 ἀτιμίας
2684 2475 3030 2552 διερχομένῳ.
3084 2485 3183 2532 Καὶ
3208 2486 3324 2533 τότε
3355 2489 3448 2533 τοῦ
3487 2479 3752 2552 ἐνδύματος
3775 2482 3852 2535 τὴν

2288 2566 2596 2640 εὐπρέπειαν
2635 2572 2723 2618 xui
2783 2571 2877 2624 τὴν
2927 2564 3084 2630 δόξαν
3133 2574 3223 2620 καὶ
3276 2574 3367 2621 τὸν
3410 2570 3856 2629 πολυπλασιάζοντα

2292 2658 2488 2726 καρπόν
2512 2652 2910 2726 ἀπεδείχθησαν
2941 2659 3103 2727 ἔχειν,
3137 2661 3202 2718 ὡς
3226 2664 3320 2711 καὶ
3349 2662 3375 2711 ό
3405 2659 3698 2718 Ἀπόστολος
3728 2676 3738 2687 ·
3765 2658 3857 2709 Διά

2294 2743 2537 2796 πολλῶν
2608 2743 2907 2815 θλίψεων,
2973 2751 3126 2817 φησὶ,
3186 2743 3534 2821 δυνάμεθα
3580 2747 3856 2800 εἰσελθεῖν

2296 2833 2385 2893 εἰς
2415 2837 2528 2890 την
2562 2830 2909 2903 βασιλείαν
2950 2842 3067 2885 τῶν
3107 2834 3400 2908 οὐρανῶν
3443 2857 3455 2869 ·
3499 2839 3635 2888 καὶὸ
3664 2838 3855 2908 Κύριος·

2297 2922 2387 2975 Ἐν
2445 2929 2516 2993 τῇ
2558 2922 2843 2993 ὑπομονῇ
2890 2923 3074 2999 ,ὑμῶν
3132 2928 3474 2981 κτήσασθε
3536 2928 3637 2985 τὰς
3683 2923 3859 2994 ψυχὰς

2298 3012 2488 3082 ὑμῶν.
2522 3016 2622 3063 Καὶ
2646 3010 2798 3063 πάλιν
2832 3030 2845 3043 ’
2882 3011 2973 3064 Ἐν
3024 3020 3105 3083 τῷ
3145 3018 3367 3086 κόσμῳ
3432 3014 3645 3085 θλίψιν
3698 3012 3856 3074 ἕξετε.

2302 3105 2466 3152 Πόνου
2492 3102 2616 3173 γὰρ,
2652 3104 2742 3152 καὶ
2788 3098 3051 3165 σπουδῆς,
3091 3107 3176 3153 xui
3205 3103 3431 3173 νήψεως,
3463 3110 3548 3155 καὶ
3572 3103 3742 3160 πολλῆς
3760 3118 3861 3171 προ-

2302 3196 2474 3259 σοχῆς
2499 3194 2678 3261 χρεία,
2711 3194 2800 3241 xui
2836 3188 3108 3253 ὀξύτητος,
3150 3196 3239 3242 xui
3280 3189 3551 3254 ἀναιδείας
3601 3192 3645 3243 ἐν
3673 3198 3726 3263 τῇ
3760 3190 3862 3260 πρὸς

2305 3280 2492 3347 Κύριον
2524 3277 2748 3343 αἰτήσει,
2790 3279 2861 3340 εἰς
2900 3282 2958 3331 τό
3006 3276 3303 3338 δυνηθῆναι
3348 3279 3615 3345 διεξελθεῖν
3661 3282 3743 3338 τὰς
3783 3284 3863 3327 τῶν

2300 3369 2493 3437 γηίνων
2518 3365 2821 3438 ἐπιθυμίας,
2854 3365 3109 3439 παγίδας,
3142 3375 3230 3421 xui
3262 3368 3508 3443 βρόχους
3547 3379 3641 3423 τῶν
3676 3364 3865 3427 ἡδονῶν,

2308 3460 2398 3506 xui
2422 3454 2745 3526 καταιγίδας
2772 3458 2887 3528 (14)
2912 3466 3004 3510 τοῦ
3042 3463 3266 3530 κόσμου,
3306 3468 3397 3514 xui
3427 3466 3519 3524 τὰς
3546 3470 3640 3513 τῶν
3668 3462 3869 3539 πονηρῶιξ

540 3564 840 3617 πνευματων
889 3544 1263 3602 ἐπαναστάσεις
1312 3540 1606 3612 διαφυγεῖν,
1652 3546 1742 3593 xui
1791 3549 1981 3613 γνῶναι
2028 3542 2215 3607 καλῶς,
2259 3542 2307 3594 ἐν
2358 3548 2485 3615 ποίᾳ
2534 3544 2689 3615 νήψει
2732 3551 2822 3598 xui
2860 3554 3143 3619 γοργότητι
3188 3553 3420 3612 πίστεως
3473 3556 3561 3602 xui
3610 3548 3791 3620 ἀγάπης
3830 3549 3873 3594 οι

543 3634 683 3708 ἀγιοι
719 3639 803 3687 τὸν
834 3634 1136 3705 ἐπουράνιον
1192 3635 1478 3703 θησαυρὸν,
1523 3630 1665 3682 τοῦτ’
1720 3632 1833 3682 ἔστι
1865 3636 1957 3689 την
2002 3639 2093 3683 τοῦ
2142 3635 2442 3704 ΙῙνεύματος
2499 3629 2722 3705 δύναμιν
2759 3633 2806 3686 ἐν
2859 3644 2975 3699 ταῖς
3001 3637 3207 3707 ψυχαῖς
3255 3637 3457 3691 ἑαυτῶν
3506 3639 3715 3691 ἐντεῦθεν
3748 3635 3873 3687 iami-

546 3744 725 3779 σαντο.
774 3722 936 3798 Ὀπερ
991 3721 1130 3775 ἐστὶν
1182 3719 1420 3795 ἀρραϐὼν
1470 3729 1563 3781 τῆς
1622 3718 1919 3791 βασιλείας.
1978 3720 2036 3772 Ὀ
2074 3723 2173 3794 γὰρ
2243 3724 2500 3794 μακάριος
2574 3720 2857 3785 ἀπόστολος
2931 3726 3128 3788 Παῦλος
3185 3732 3307 3798 περὶ
3379 3731 3561 3780 τούτου
3611 3733 3693 3779 τοῦ
3747 3722 3870 3774 ἐπον-

544 3819 724 3890 ρανίου
785 3816 1054 3888 θησαυρου
1134 3811 1275 3863 τουτ’
1331 3813 1472 3862 ἔστιν
1528 3817 1621 3870 τῆς
1663 3811 1888 3883 χάριτος
1941 3818 2032 3861 τοῦ
2088 3814 2381 3882 [Ινεύματος
2445 3808 2809 3884 διηγούμενος,
2881 3819 2971 3866 xui
3028 3820 3122 3873 τὴν
3181 3816 3474 3890 ὑπερϐολὴν
3530 3825 3624 3868 τῶν
3683 3810 3868 3881 θλίψεων

546 3905 884 3978 ἐξαγορεύων,
915 3903 1025 3975 ἃμα
1065 3898 1123 3954 δε
1154 3906 1243 3953 καὶ
1284 3896 1658 3964 ὑποδεικνύων,
1702 3903 1752 3950 τί
1801 3897 1987 3971 ὀφείλει
2033 3900 2252 3961 ἕκαστος
2292 3901 2461 3960 ζητεῖν
2515 3900 2760 3953 ἐντεῦθεν.
2814 3901 2943 3973 [Καὶ
2999 3909 3051 3955 τί
3105 3903 3296 3976 ὀφείλει
3349 3907 3666 3967 κτήσασθαι,
3702 3902 3818 3972 λέγει
3850 3912 3862 3924 ⁸

549 3991 839 4066 Ο,ῖδαμεν
897 3995 1015 4065 γὰρ
1070 3993 1173 4042 ὅτι
1224 3992 1330 4041 ἐὰν
1372 3990 1401 4045 ἡ
1464 3987 1758 4059 ἐπίγειος
1823 3996 1995 4060 ημῶν
2055 3990 2241 4040 οἰκία
2304 3997 2414 4041 τοῦ
2475 3995 2763 4050 σκήνους
2820 3992 3171 4065 καταλυθῇ,
3208 3992 3570 4067 οἰκοδομὴν
3622 3992 3683 4045 ἐκ
3732 3991 3872 4042 θεοῦ

550 4086 784 4156 ἔχομεν
824 4082 1035 4133 οἰκίαν
1077 4082 1616 4151 ἀχειροποίητον,
1658 4077 1812 4127 αἰών
1853 4096 1945 4128 ιον
1987 4080 2045 4128 ἐν
2086 4078 2433 4148 ούρανοῖς.]

625 4170 1235 4227 Vll.Contendendnm
1250 4164 1909 4235 igituretlaborandum
1923 4166 2209 4220 omnibus

2388 4166 2463 4218 Z'.
2496 4167 2718 4235 Ὀφείλει
2775 4164 2862 4221 οὖν
2913 4169 3131 4231 ἕκαστος
3187 4170 3574 4242 ἀγωνίσασθαι,
3628 4174 3709 4221 xui
3745 4182 3877 4218 σποιν

550 4275 657 4332 per
687 4274 899 4314 omnes
914 4263 1179 4321 vnrtntes,
1211 4262 1391 4325 atque
1407 4253 1798 4316 credendum.
1834 4261 1894 4307 ut
1924 4254 2175 4325 deincep

2320 4252 2485 4307 δάσαι
2526 4253 2621 4308 διὰ
2657 4265 2837 4319 πασῶν
2905 4257 3120 4332 ἀρετῶν,
3190 4266 3283 4313 καὶ
3340 4268 3638 4325 πιστεῦσαι,
3689 4252 3877 4308 ἐντεῦθεν

554 4346 903 4419 possideant
933 4344 1092 4399 illam
1124 4343 1399 4397 domum.
1433 4342 1489 4396 Si
1517 4341 1672 4395 enim
1698 4341 1962 4396 solvatur
1990 4344 2211 4398 domus

555 4436 821 4507 corporis
853 4433 1058 4497 nostri,
1090 4447 1214 4486 non
1257 4430 1553 4485 habemus
1613 4429 1793 4484 aliam
1823 4431 2097 4497 domum,
2133 4432 2211 4489 ad

552 4518 741 4597 quam
766 4521 1259 4584 divertatanima,
1277 4522 1343 4576 Si
1368 4523 1584 4584 tamen,
1609 4519 1825 4591 inquit,
1856 4520 2071 4591 induti,
2090 4538 2211 4578 non

556 4614 707 4671 nudi
735 4612 1071 4684 reperimur
1100 4612 1169 4674 ⁸⁸,
1204 4612 1316 4665 hoc
1344 4617 1454 4674 est,
1482 4610 1623 4664 nudi
1646 4625 1683 4665 a
1704 4612 2135 4666 communione
2159 4616 2215 4666 et

558 4702 1015 4777 participatione
1036 4700 1290 4772 Spiritus
1314 4699 1525 4765 sancti,
1552 4700 1610 4753 in
1640 4714 1762 4770 qua
1788 4699 1981 4754 ﬁdelis
2010 4701 2214 4757 anima

562 4792 758 4850 solum
781 4794 1153 4862 requiescere
1208 4794 1420 4860 potest.
1458 4791 1767 4859 Propterea
1797 4788 1979 4851 enim,
2016 4788 2121 4859 qni
2152 4804 2213 4843 re

559 4897 701 4938 vera
732 4888 787 4937 et
818 4884 1027 4936 virtute
1075 4878 1386 4935 Christiani
1415 4886 1573 4945 sunt,
1622 4878 1786 4931 bono
1821 4882 1955 4930 sunt
1986 4877 2211 4944 animo,

563 4971 891 5042 etgaudent
905 4970 1229 5039 migrantes
1244 4966 1711 5037 ecorpore,quia
1725 4964 2215 5023 habentdomnm

562 5059 728 5117 illam
762 5061 1044 5116 manibus
1088 5073 1209 5112 non
1262 5058 1645 5117 exstructam,
1678 5069 1813 5124 quas
1852 5054 2072 5108 domus
2128 5063 2216 5111 est

562 5150 750 5207 virtus
782 5148 1032 5221 Spiritus
1084 5146 1273 5202 sancti
1321 5146 1383 5199 in
1425 5143 1539 5199 illis
1592 5140 1893 5198 habitans.
1928 5143 1984 5199 Si
2038 5142 2216 5213 igitur

2320 4347 2625 4401 κτήσασθαι
2680 4351 2768 4398 τόν
2845 4348 2984 4399 οἶκον
3047 4348 3254 4404 ἐκεῖνον,
3318 4350 3437 4403 Ἐὰν
3503 4352 3599 4423 γὰρ
3650 4340 3876 4408 καταλυθῇ

2320 4435 2466 4504 ἡμῶν
2510 4436 2535 4486 ὁ
2586 4431 2723 4495 οἶκος
2768 4444 2861 4488 τοῦ
2918 4442 3181 4509 σώματος,
3217 4438 3313 4490 ούκ
3368 4439 3554 4511 ἔχομεν
3584 4436 3721 4488 ἄλλον
3746 4427 3878 4493 οἰκον,

2323 4529 2389 4583 είς
2429 4525 2482 4575 ὃν
2513 4525 2792 4577 καταλύσει
2822 4527 2967 4597 ἡμῶν
2998 4528 3027 4584 ἡ
3061 4526 3240 4599 ψυχή.
3289 4531 3460 4601 Εῖγε,
3501 4530 3644 4599 φησὶ,
3675 4526 3771 4575 καὶ
3815 4514 3882 4567 ἕν’

2325 4608 2690 4684 δυσάμενοι
2734 4614 2802 4665 ού
2841 4621 3078 4686 γυμνοὶ
3120 4618 3621 4689 εὑρεθησόμεθα,
3654 4612 3881 4664 τουτέστιν

2326 4700 2425 4752 ἀπὸ
2466 4710 2560 4764 τῆς
2594 4707 2868 4765 κοινωνίας
2920 4709 3009 4756 καὶ
3058 4704 3388 4779 ἀνακράσεως
3443 4712 3531 4758 τοῦ
3571 4703 3708 4774 ἁγίου
3754 4693 3882 4749 [Ινεὺ-

2324 4809 2508 4861 ματος,
2568 4792 2635 4852 εἰς
2685 4790 2744 4849 ἣν
2812 4797 2964 4864 μόνον
3014 4794 3043 4851 ἡ
3119 4799 3280 4853 πιστὴ
3333 4794 3489 4865 ψυχὴ
3566 4784 3882 4843 ἀναπαύεσθαι

2327 4874 2568 4933 δύναται.
2613 4882 2708 4932 Διά
2738 4888 2892 4933 τοῦτο
2940 4884 3041 4954 γὰρ
3083 4884 3131 4934 οἱ
3187 4886 3322 4943 ὄντες
3363 4882 3411 4934 ἐν
3462 4882 3668 4949 ἀληθείᾳ
3690 4878 3769 4928 καὶ
3803 4865 3883 4920 δυ·

2325 4970 2474 5039 νάμει
2524 4976 2833 5041 Χριστιανοὶ
2868 4970 3120 5045 θαῤῥοῦσι
3179 4979 3268 5025 xui
3315 4977 3597 5045 χαίρουσιν
3642 4966 3885 5039 ἐξῳχὸμε’

2326 5076 2404 5108 νοι
2464 5066 2554 5119 τῆς
2610 5062 2823 5130 σαρκὸς,
2875 5062 2958 5112 ὅτι
3000 5063 3217 5132 ἔχουσιν
3262 5062 3447 5114 ἐκεῖνον
3508 5063 3589 5111 τὸν
3648 5051 3771 5107 οἰκον
3813 5048 3883 5096 τὸν

2326 5144 2752 5220 ἀχειροποίητον,
2810 5151 2866 5210 ὃς
2917 5148 3058 5202 ἐστιν
3114 5146 3273 5219 οἶκος,
3332 5152 3361 5209 ἠ
3398 5150 3613 5203 οἰκοῦσα
3647 5143 3692 5196 ἐν
3736 5137 3883 5198 αὐτοῖς

637 5329 684 5366 ⁸³
712 5331 837 5385 Act.
858 5341 978 5394 xiv,
1009 5325 1098 5381 21.
1174 5324 1223 5358 ⁸³
1255 5324 1390 5379 Luc.
1421 5336 1541 5392 xxx,
1578 5321 1663 5377 19.
1739 5321 1786 5357 σε
1816 5320 1987 5379 Joan.
2017 5336 2135 5388 xvr,

2352 5323 2400 5360 σε
2429 5324 2472 5379 ιι
2505 5326 2636 5403 Cor.
2672 5340 2733 5393 ν,
2771 5331 2825 5384 ι.
2907 5327 2956 5364 δι
2985 5327 3133 5386 ibid.
3165 5332 3226 5386 3.

1918 5442 2154 5504 nam
2202 5433 2605 5507 LEGTIONES.

644 5585 763 5663 (14)
794 5584 936 5645 Cod.
961 5603 1117 5658 κατεγ
1133 5578 1287 5647 ίδας.
