4058 6194
193 249 302 307 543

1503 244 1844 308 nouum.
1870 278 1939 292 —
1987 201 2161 306 seu.
2191 249 2256 307 v.

3463 265 3572 321 514

193 382 288 428 τοῦ
321 373 625 447 Πνεύματος
645 370 890 445 δύναμις.
926 371 1033 425 Κᾶν
1055 369 1322 444 καταλυθῇ
1343 389 1430 424 ουν
1457 372 1488 430 ἠ
1520 379 1610 425 τοῦ
1634 377 1800 446 σῶμα

1923 373 2291 432 destructum
2307 376 2483 434 fuerit
2506 381 2770 453 corporis
2785 382 3174 452 domicilium,
3197 401 3320 444 non
3333 387 3570 446 timent:

193 485 277 526 τος
308 464 473 530 οἰκία,
502 463 564 516 ού
591 461 871 536 φοϐοῦνται
895 477 909 491 '
937 463 1127 534 ἔχουσι
1147 461 1251 537 γὰρ
1278 465 1372 520 τὴν
1394 459 1695 534 ἕπουράνιον
1721 471 1812 516 τοῦ

196 553 500 625 Πνεύματος
521 550 710 616 οἰκίαν,
739 553 828 603 καὶ
853 553 947 608 τὴν
979 545 1137 613 δόξαν
1173 548 1368 608 ἐκείνην
1400 553 1494 608 τὴν
1525 550 1810 623 ἄφθαρτον,

195 644 315 704 ἣτις
371 637 508 704 δόξα
554 639 602 692 ἐν
654 647 718 712 τῇ
761 641 934 714 ἡμέρᾳ
959 647 1052 700 τῆς
1092 637 1426 701 ἀναστάσεως
1471 635 1811 710 οἰκοδομήσει

191 734 282 782 καὶ
335 726 558 793 δοξάσει
600 734 691 782 καὶ
729 732 819 782 τὸν
873 726 1012 782 οἶκον
1047 734 1140 781 τοῦ
1192 729 1453 800 σώματος,
1489 729 1554 789 ὥς
1585 748 1744 800 φησιν
1784 729 1809 780 ὀ

194 818 518 881 Ἀπόστολος
553 818 647 872 ’³0
671 819 934 892 ἱγείρας
963 819 1246 892 Χριστὸν
1279 816 1344 869 ἔκ
1368 825 1624 890 νεκρῶν,
1659 817 1810 878 ζωο-

194 912 466 967 ποιήσει
513 908 742 960 καὶτὰ
793 908 992 965 θνητὰ
1023 911 1293 978 σώματα
1343 907 1513 978 ἡμῶν
1554 903 1667 959 διὰ
1701 911 1810 959 τοῦ

193 997 614 1058 ἐνοικοῦντος
653 995 853 1067 αὐτοῦ
883 997 1262 1068 Πνεύματος
1286 997 1344 1048 ἓν
1374 997 1546 1067 ἡμῖν.
1582 1000 1683 1048 Καὶ
1711 997 1808 1048 πάι

192 1085 316 1137 λινο
373 1085 512 1140 Ἵνα
563 1090 673 1138 καὶ
731 1087 762 1144 ἡ
837 1089 961 1149 ζωὴ
1027 1091 1139 1137 τοῦ
1204 1086 1420 1142 Ἰησοῦ
1475 1086 1806 1158 φανερωθῇ

198 1172 341 1247 ἱντῇ
385 1177 591 1249 θνητῇ
645 1178 846 1248 σαρκὶ
885 1175 1097 1248 ἡμῶνο
1139 1177 1248 1226 καὶ
1281 1174 1400 1238 ἱνα,
1444 1177 1594 1246 φησὶ,
1622 1193 1810 1228 κατα-

193 1266 354 1336 ποθῇ
394 1267 463 1318 τό
505 1266 746 1323 θνητόν
786 1263 908 1316 ὑπὸ
945 1271 1059 1326 τῆς
1099 1263 1283 1324 ζωῆς.

1922 463 2146 520 habent
2172 465 2333 521 enim
2372 466 2603 525 caeleste
2637 471 2887 541 Spiritus
2927 472 3322 542 domicilium,
3352 481 3408 533 et
3447 477 3575 548 glo-

1919 552 2070 609 riam
2105 552 2280 610 illam
2330 555 2911 625 immarcescibilem,
2960 577 3096 634 quae
3135 563 3324 635 gloria
3370 568 3430 621 in
3477 565 3574 622 die

1919 642 2370 699 resurrectionis
2392 645 2711 703 aediﬁcabit
2731 648 3156 718 etgloriﬁcabit
3175 653 3422 710 domum
3448 669 3574 710 cor-

1918 731 2103 802 poris,
2131 735 2192 786 ut
2244 732 2437 804 inquit
2464 735 2787 806 Apostolus
2816 754 2828 792 :
2859 740 2920 794 Is
2958 740 3062 811 qui
3089 741 3373 799 excitavit
3401 742 3574 800 Chri-

1919 825 2069 874 stum
2081 834 2156 877 ex
2166 824 2755 895 mortuis,viviﬁcabit
2766 831 3103 885 etmorlalia
3114 846 3361 902 corpora
3372 837 3574 888 nostra

1915 915 2167 979 propter
2177 911 2355 982 ipsius
2365 912 2646 984 Spiritum
2661 915 3088 974 inhabitantem
3099 918 3162 973 in
3175 920 3340 977 nobis
3354 921 3496 977 "-50.
3507 924 3574 978 Et

1918 1011 2157 1054 rursum
2187 1018 2200 1054 :
2252 999 2324 1056 Ut
2353 1005 2405 1056 et
2438 1001 2560 1058 vita
2586 1002 2725 1059 Iesu
2769 1004 3187 1075 mani/estetur
3224 1008 3287 1064 in
3324 1009 3573 1066 mortali

1921 1101 2103 1144 carne
2122 1093 2330 1146 nostra
2357 1091 2425 1142 δι.
2448 1122 2516 1131 -
2544 1091 2620 1147 Et
2652 1098 2736 1158 ut,
2764 1093 2976 1165 inquit,
3005 1095 3400 1153 absorbeatur
3418 1113 3571 1155 mor-

1920 1177 2042 1232 tale
2069 1178 2231 1248 quod
2256 1177 2320 1234 in
2347 1179 2511 1235 nobis
2541 1186 2648 1247 est,
2681 1197 2718 1239 a
2748 1184 2874 1240 vita
2903 1184 2972 1234 ⁸³.

260 1389 344 1444 Η’.
407 1389 824 1462 ’Λγωνισώμεθα
881 1385 968 1441 οὖν
1009 1385 1105 1442 διὰ
1143 1396 1235 1449 τῆς
1288 1391 1516 1450 πίστεως
1573 1392 1662 1440 καὶ
1713 1395 1810 1449 τῆς

186 1481 430 1551 ἐναρέτου
511 1477 772 1539 πολιτείας
849 1479 1075 1531 ἐντεῦθεν
1135 1479 1440 1535 κτήσασθαι
1499 1481 1556 1528 τό
1607 1473 1810 1549 ἔνδυμα

1991 1391 2104 1463 25
2121 1392 2578 1449 VIll.Certemus
2591 1395 2769 1464 igitur
2785 1411 2889 1467 per
2902 1395 3082 1452 fidem
3100 1399 3575 1456 etconversatio-

1915 1494 2054 1535 nem
2080 1481 2141 1535 in
2171 1483 2337 1536 omni
2365 1487 2599 1548 virtute,
2628 1483 2881 1554 posthac
2907 1501 3260 1557 comparare
3290 1487 3466 1543 nobis
3487 1488 3572 1543 in-

186 1567 372 1634 ἐκεῖνο,
437 1569 522 1620 ἵνα
587 1571 660 1640 μὴ
721 1564 1066 1639 ἐνδυσάμενοι
1117 1569 1175 1619 τὸ
1222 1575 1374 1638 σῶμα
1423 1570 1614 1638 γυμνοὶ
1670 1566 1800 1639 εῦρε-

1915 1566 2270 1625 dumentum
2321 1569 2486 1636 illud,
2536 1587 2610 1627 ne
2635 1588 2886 1644 corpore
2926 1573 3121 1628 induti
3162 1575 3310 1630 nudi
3361 1576 3572 1647 depre-

189 1659 381 1730 θῶμεν,
441 1661 532 1710 καὶ
583 1659 679 1709 οῦκ
730 1659 872 1709 ἔστιν
925 1657 951 1708 ὃ
1005 1652 1228 1719 δσξοὶσει
1257 1656 1402 1727 ἡμῶν
1449 1653 1500 1707 ἕν
1544 1654 1707 1727 ἐκείνη
1739 1661 1800 1726 τῇ

1914 1656 2274 1723 hendamur,
2307 1674 2416 1715 nec
2447 1661 2523 1714 sit
2569 1661 2731 1732 quod
2764 1661 3054 1730 gloriﬁcet
3083 1663 3140 1717 in
3195 1663 3299 1720 illa
3329 1663 3425 1720 die
3466 1680 3572 1721 no-

185 1727 358 1818 ἠμερᾳ
434 1750 531 1805 τὴν
600 1749 794 1820 σάρκα.
867 1743 1121 1806 Ἕκαστος
1169 1746 1270 1818 γὰρ
1330 1744 1453 1796 ὅσον
1501 1742 1800 1806 κατηξιώθη

1916 1751 2100 1802 stram
2145 1763 2409 1812 carnem,
2463 1749 2762 1814 Quantum
2789 1750 2948 1805 enim
3004 1751 3423 1824 unusquisque
3461 1769 3570 1825 per

186 1831 282 1888 διὰ
335 1845 434 1896 τῆς
473 1840 706 1898 πίστεως
743 1839 834 1888 καὶ
888 1831 1126 1897 σπουδῆς
1165 1838 1394 1906 μέτοχος
1443 1832 1595 1905 ἁγίου
1643 1834 1800 1886 Πνεύ-

1914 1834 2098 1891 ﬁdem
2127 1851 2197 1892 ac
2235 1837 2498 1892 studium
2537 1837 2785 1909 Spiritus
2817 1839 3009 1895 sancti
3050 1840 3316 1912 accipere
3347 1841 3568 1911 dignus

183 1945 350 1998 ματος
390 1926 660 1997 γενέσθαι,
714 1931 964 1978 τοσοῦτον
1015 1926 1064 1976 ἓν
1117 1926 1280 1997 ἐκείνῃ
1335 1931 1397 1995 τῇ
1445 1924 1615 1995 ἡμέρᾳ
1645 1918 1800 1984 δοξα-

1914 1922 2156 1980 habitus
2172 1929 2278 1990 est,
2297 1929 2527 1982 tantum
2548 1926 2609 1982 in
2633 1925 2734 1983 illa
2754 1927 2849 1984 die
2871 1927 3302 1998 gloriﬁcabitur
3321 1945 3566 2002 quoque

184 2016 456 2073 σθὴσεται
517 2013 680 2067 αὐτοῦ
709 2017 803 2066 καὶ
848 2015 908 2065 τό
949 2020 1128 2085 σῶμα.
1173 2011 1192 2029 ⁸⁵
1225 2019 1267 2064 Ο
1295 2014 1397 2084 γὰρ
1446 2018 1533 2062 νῦν
1559 2013 1800 2068 ἓναπεθη.

1914 2012 2043 2082 ejus
2085 2028 2323 2084 corpus.
2375 2016 2536 2080 Quos
2569 2016 2726 2071 enim
2777 2032 2936 2072 nunc
2962 2017 3278 2074 thesauros
3329 2018 3565 2090 collegit

184 2105 442 2176 σαύρισεν
499 2098 652 2155 ἔνδον
701 2103 732 2161 ἠ
787 2101 963 2174 ψυχὴ,
1013 2105 1128 2154 τότε
1169 2099 1665 2172 ἀποκαλυφθήσεται
1712 2101 1800 2151 καὶ

1914 2101 2071 2157 intus
2105 2103 2330 2169 anima,
2365 2109 2504 2160 tunc
2525 2105 2947 2160 revelabuntur
2975 2110 3030 2160 et
3061 2106 3440 2177 apparebunt
3467 2123 3564 2164 ex-

180 2197 476 2264 φανήσεται
527 2191 710 2255 ἔξωθεν
757 2199 852 2244 τοῦ
898 2193 1160 2264 σώματος.
1216 2189 1418 2262 Ὠσπερ
1479 2192 1548 2241 τὰ
1603 2185 1800 2264 δένδρα

1914 2194 2076 2246 terne
2089 2191 2148 2247 in
2161 2208 2430 2265 corpore.
2448 2193 2970 2258 Quemadmodum
2984 2193 3249 2260 arbores,
3268 2194 3564 2266 praeterita

181 2281 592 2354 παρεληλυθότα
644 2283 733 2332 τόν
807 2288 1047 2352 χειμῶνα
1121 2277 1484 2350 ἐπιθαλψάσης
1531 2275 1800 2350 δυνάμεως

1914 2277 2126 2347 hieme,
2148 2280 2383 2338 fovente
2411 2281 2510 2337 illa
2528 2283 2793 2354 potentia
2815 2281 3116 2348 invisibili,
3140 2299 3276 2354 quae
3293 2298 3330 2339 a
3360 2282 3485 2340 sole
3506 2286 3563 2340 et

178 2368 432 2444 ἀοράτου,
497 2373 555 2422 ἔκ
615 2387 669 2422 τε
720 2375 815 2421 τοῦ
864 2368 1012 2428 ἠλίου
1066 2373 1156 2422 καὶ
1207 2375 1309 2420 τῶν
1359 2366 1554 2440 ἀνέμων
1585 2368 1794 2434 ἔσωθεν,

1914 2370 2101 2425 ventis
2144 2374 2250 2435 est,
2302 2374 2468 2425 extra
2493 2369 2815 2442 projiciunt
2842 2375 2898 2426 et
2945 2371 3220 2426 emittunt
3269 2375 3560 2444 tanquam

177 2459 351 2532 ἐκφύει
420 2463 518 2512 καὶ
589 2457 822 2512 ἐκϐάλλει
873 2460 1062 2531 ὥσπερ
1141 2453 1408 2530 ἐνδύματα
1467 2455 1648 2528 φύλλα,
1707 2461 1798 2510 καὶ

1914 2457 2281 2524 indumenta,
2328 2457 2470 2513 folia
2499 2464 2556 2514 et
2585 2458 2762 2514 ﬂores
2809 2463 2866 2514 et
2894 2457 3164 2514 fructus:
3209 2459 3476 2516 similiter
3504 2464 3562 2516 et

176 2551 332 2616 ἄνθη,
388 2553 484 2602 καὶ
523 2551 754 2622 καρπούς
787 2567 801 2580 ⁸
863 2549 1057 2620 ὁμοίως
1109 2549 1176 2600 τὰ
1222 2553 1314 2600 τοῦ
1353 2550 1556 2620 χόρτου
1587 2547 1718 2603 ἄνθη
1746 2545 1796 2598 ἓν

1914 2547 2248 2615 graminum
2270 2545 2450 2602 ﬂores
2475 2545 2577 2602 illo
2603 2551 2872 2618 tempore
2901 2547 2978 2603 ab
2999 2547 3209 2604 intimo
3232 2549 3365 2604 sinu
3389 2555 3559 2604 terra:

173 2637 351 2705 ἇκείνῳ
408 2647 487 2709 τῷ
542 2645 734 2711 καιρῷ,
782 2633 986 2690 ἔνδοθεν
1047 2635 1102 2687 ἐκ
1159 2644 1261 2688 τῶν
1318 2635 1518 2688 κόλπων
1557 2643 1646 2695 τῆς
1698 2642 1795 2707 γῆς

1914 2636 2387 2707 progrediuntur,
2419 2637 2566 2691 etita
2592 2638 2804 2706 tegitur
2827 2641 3006 2708 atque
3038 2637 3356 2695 decoratur
3382 2641 3556 2704 terra,

176 2733 558 2802 προέρχονται,
599 2731 688 2779 καὶ
739 2729 983 2780 σκέπεται
1011 2729 1098 2777 καὶ
1137 2722 1476 2798 ἀμφιέννυται
1505 2726 1535 2783 ἠ
1584 2731 1676 2796 γῆ,
1703 2729 1793 2777 καὶ

1914 2731 1960 2779 et
1992 2739 2239 2794 gramen
2285 2724 2459 2780 veluti
2497 2724 2639 2796 lilia,
2675 2724 2750 2780 de
2787 2725 3010 2798 quibus
3039 2726 3325 2790 Dominus
3364 2725 3512 2782 dixit
3543 2741 3557 2782 :

173 2818 200 2868 ό
225 2822 432 2889 χόρτος
459 2818 534 2876 ὥς
559 2817 626 2868 τὰ
657 2819 831 2890 κρίνα,
863 2818 982 2887 περὶ
1010 2813 1078 2866 ὧν
1119 2814 1144 2866 ό
1176 2816 1370 2888 Κύριος
1420 2809 1555 2865 εἶπεν
1588 2829 1602 2843 ο
1654 2811 1794 2864 Ὀτι

1914 2813 2062 2883 7αοιί
2112 2828 2299 2884 neque
2343 2813 2629 2870 Salomon
2662 2816 2721 2870 in
2767 2815 3049 2871 universa
3099 2817 3298 2886 gloria
3326 2830 3437 2871 sua
3475 2815 3561 2872 sic

159 2902 331 2959 οὐδὲ
381 2905 679 2978 Σολομὼν
711 2904 771 2956 ἐν
800 2904 973 2976 πάσῃ
1031 2910 1108 2976 τῇ
1157 2899 1313 2975 δόξῃ
1337 2901 1536 2955 αὐτοῦ
1591 2919 1793 2974 περιι-

1914 2902 2153 2957 αηιίσειιε
2170 2902 2360 2971 fuerit
2373 2905 2440 2956 ut
2459 2917 2644 2958 unum
2658 2917 2734 2958 ex
2749 2902 2839 2959 his
2855 2903 2923 2958 ⁸³.
2949 2904 3161 2960 Omnia
3174 2903 3332 2960 enim
3350 2903 3452 2974 huj
3465 2919 3560 2960 us-

169 2994 411 3048 εοῐλετο
449 2996 533 3055 ὼς
571 2995 629 3045 ἓν
665 2995 926 3046 τούτων.
958 2997 1137 3045 Ταῦτα
1154 2994 1256 3067 γὰρ
1283 2993 1454 3044 πάντα
1472 2987 1792 3062 ὑποδείγμα-

1914 2989 2070 3046 modi
2095 2991 2373 3063 exempla
2422 2995 2562 3046 sunt
2593 2991 2718 3062 typi
2756 3007 2826 3048 ac
2854 2991 3151 3063 imagines
3200 2991 3559 3050 Christiano-

165 3103 250 3150 τα,
307 3087 411 3136 καὶ
454 3084 630 3149 τύποι,
677 3086 767 3135 καὶ
820 3080 1009 3144 εἰκόνες
1065 3081 1169 3134 εἰσὶ
1214 3088 1314 3134 τῶν
1370 3087 1698 3155 Χριστιανῶν
1743 3077 1791 3131 ἐν

1914 3093 2037 3135 rum
2069 3078 2129 3134 in
2158 3079 2609 3136 resurrectione.

165 3181 227 3247 τῇ
261 3171 588 3226 ἀναστάσει.
604 3246 624 3253 _

1970 3294 2055 3351 [Χ.
2099 3297 2412 3368 Propterea
2455 3293 2740 3350 omnibus
2769 3292 2988 3351 animis
3036 3293 3225 3352 Deum
3255 3293 3554 3366 diligenti-

1897 3384 2035 3453 bus,
2066 3384 2182 3440 hoc
2207 3389 2312 3450 cst,
2359 3384 2516 3440 veris
2547 3383 2914 3453 Christianis,
2948 3383 3182 3456 primus
3214 3385 3441 3441 mensis
3468 3387 3557 3441 est

1896 3472 2244 3543 Xanthicus,
2267 3473 2371 3546 qui
2401 3471 2616 3528 dicitur
2643 3472 2876 3544 Aprilis,
2909 3472 3016 3545 qui
3041 3471 3288 3546 quidem
3318 3473 3406 3530 est
3426 3473 3556 3530 dies

1897 3561 2369 3631 resurrectionis,
2418 3562 2480 3617 in
2509 3577 2629 3634 quo
2679 3577 2784 3633 per
2823 3561 3102 3618 virtutem
3135 3562 3276 3618 solis
3313 3563 3555 3634 justitiaa

1898 3650 2058 3706 intus
2083 3651 2346 3722 exsurgit
2383 3649 2574 3721 gloria
2606 3650 2858 3721 Spiritus
2891 3651 3102 3717 sancti,
3136 3655 3452 3723 protegens
3485 3667 3557 3708 ac

1898 3737 2104 3796 fovens
2144 3755 2400 3812 corpora
2451 3743 2840 3795 sanctorum:
2875 3755 3060 3811 quam
3110 3739 3364 3810 gloriam
3395 3741 3554 3797 intus

1897 3827 2205 3885 habebant
2226 3828 2650 3884 absconditam
2675 3828 2734 3882 in
2754 3829 2990 3884 animis.
3021 3829 3194 3893 Quod
3211 3827 3368 3883 enim
3393 3844 3556 3884 nunc

1896 3915 2141 3982 habent,
2187 3915 2332 3971 illud
2375 3917 2623 3988 emergit
2662 3920 2802 3971 tunc
2828 3921 2994 3972 extra
3043 3931 3280 3988 corpus.
3314 3917 3436 3982 Hic,
3469 3918 3554 3972 in-

1897 4020 2104 4079 quam,
2139 4005 2366 4060 mensis
2399 4005 2628 4076 primus
2668 4009 2756 4061 est
2783 4005 2934 4061 inter
2963 4020 3201 4060 menses
3235 4005 3377 4061 anni
3408 4022 3421 4060 :
3456 4005 3553 4062 hic

1899 4093 2188 4166 gaudium
2219 4092 2388 4150 affert
2431 4093 2597 4150 omni
2636 4096 2962 4161 creaturae;
3014 4093 3106 4149 hic
3139 4093 3309 4151 vestit
3355 4094 3552 4152 nudas

1899 4183 2164 4250 arbores,
2191 4189 2408 4239 terram
2429 4182 2734 4255 aperiens;
2760 4182 2859 4239 hic
2879 4181 3164 4238 omnibus
3188 4182 3553 4240 animalibus

173 4280 363 4350 γυμνὰ
393 4271 607 4349 δένδρα,
655 4280 750 4336 τὴν
797 4284 896 4348 γῆν
940 4272 1220 4348 διανοίγων
1252 4291 1265 4304 ·
1321 4274 1469 4336 οὗτος
1510 4279 1644 4327 πᾶσι
1689 4280 1792 4334 τοῖς

1914 4272 2193 4344 gaudium
2245 4272 2417 4344 parit,
2475 4271 2572 4328 hic
2615 4272 2899 4328 omnibus
2953 4271 3315 4328 hilaritatem
3364 4271 3556 4343 affert,

177 4369 348 4428 ζώοις
401 4369 580 4439 χαρὰν
619 4369 921 4442 προσφέρει,
977 4364 1122 4426 οὗτος
1173 4369 1267 4424 τὴν
1327 4365 1604 4439 ἱλαρότητα
1658 4370 1793 4418 πᾶσι

1914 4362 1999 4418 hic
2034 4365 2124 4418 est
2154 4361 2618 4418 Christianorum
2677 4359 2908 4432 primus
2940 4363 3164 4416 mensis
3209 4361 3555 4429 Xanthicus,

177 4455 435 4522 δεικνύει,
492 4455 643 4518 οὗτός
716 4456 832 4508 ἔστι
876 4463 975 4507 τῶν
1039 4461 1372 4528 Χριστιανῶν
1450 4461 1651 4528 πρῶτος
1702 4457 1792 4525 μὲν

1914 4451 2006 4524 qui
2036 4454 2122 4508 est
2151 4455 2388 4522 tempus
2407 4450 2874 4514 resurrectionis.
2906 4449 2967 4505 in
2990 4465 3112 4522 quo
3138 4449 3559 4522 gloriﬁcabun-

173 4547 459 4612 Ξοθιιός,
489 4543 544 4607 ὃς
591 4543 704 4596 ἔστι
749 4551 841 4606 τῆς
876 4541 1212 4606 ἀναστάσεως
1241 4544 1440 4617 καιρὸς,
1486 4541 1594 4593 ἑνῶ
1635 4538 1796 4606 δοξα-

1914 4545 1998 4596 tur
2018 4555 2272 4612 corpora
2301 4539 2541 4595 illorum
2580 4555 2685 4611 per
2713 4537 2942 4606 lumen,
2970 4538 3136 4610 quod
3161 4539 3239 4594 ab
3272 4538 3384 4595 hoc
3416 4543 3560 4597 tem-

179 4638 484 4693 σθήσονται
531 4634 600 4685 τὰ
631 4637 852 4706 σώματα
901 4632 1090 4698 αὐτῶν,
1151 4627 1244 4685 δια
1280 4637 1373 4684 τοῦ
1423 4629 1523 4683 ἀπὸ
1566 4638 1662 4684 τοῦ
1707 4639 1794 4684 νῦν

1914 4645 2048 4702 pore
2088 4629 2147 4684 in
2179 4627 2293 4684 illis
2323 4633 2410 4684 est
2439 4643 2752 4693 arcanum,
2787 4628 2902 4684 hoc
2931 4631 3042 4692 est,
3072 4628 3349 4683 virtutem
3383 4628 3562 4700 Spiri-

176 4725 332 4786 ὄντος
379 4721 429 4774 ἕν
476 4721 656 4784 αὐτοῖς
695 4724 859 4795 φωτός
918 4720 1170 4796 apparo»,
1219 4723 1457 4774 τουτέστι
1492 4727 1586 4781 τῆς
1643 4716 1797 4772 δυνά-

1914 4722 2019 4784 lus,
2047 4718 2149 4790 qui
2178 4717 2321 4790 ipsis
2350 4721 2488 4772 tunc
2514 4717 2628 4774 erit
2658 4715 3100 4781 indumentum,
3132 4714 3326 4783 cibus,
3359 4723 3557 4788 potus,

178 4833 317 4887 μεως
370 4819 466 4865 τοῦ
521 4813 838 4884 Πνεύματος,
884 4812 1007 4887 ὅπερ
1066 4812 1210 4864 ἔσται
1265 4809 1443 4872 αὐτοῖς
1487 4813 1598 4862 τότε
1644 4805 1797 4862 ἔνδυ-

1914 4807 2246 4873 exsultatio,
2263 4805 2484 4872 laetitia,
2497 4821 2636 4877 pax,
2653 4809 3100 4869 ornamentum,
3115 4804 3301 4860 etvita
3315 4808 3556 4860 aeterna.

177 4925 275 4976 μα,
307 4901 541 4977 βρῶσις,
610 4904 786 4968 ⁴ιινόσις,
845 4899 1172 4973 ἀγαλλίασις,
1221 4900 1390 4972 χαρὰ,
1445 4897 1641 4974 εἰρήνη,
1698 4899 1798 4972 ἄμ-

1914 4895 2158 4966 Spiritus
2190 4895 2349 4950 enim
2394 4894 2736 4958 divinitatis,
2767 4909 2950 4966 quem
2981 4892 3058 4949 ab
3102 4892 3218 4947 hoc
3249 4897 3558 4948 momento

183 5013 320 5066 οιον,
377 4992 492 5053 ζωὴ
553 4990 790 5051 αἰώνιοςο
861 4995 1010 5042 πᾶσα
1073 4991 1173 5062 γὰρ
1225 4987 1444 5046 καλλονὴ
1498 4986 1799 5061 λαμπρότη-

1914 4984 2193 5056 consequi
2230 4983 2397 5054 digni
2425 4983 2618 5039 habiti
2666 4989 2824 5052 sunt,
2857 4982 2921 5038 fit
2951 4988 3090 5038 tunc
3118 4982 3180 5036 in
3220 4980 3332 5036 illis
3363 4981 3559 5036 omnis

182 5101 291 5146 τος,
340 5086 433 5134 καὶ
487 5083 802 5155 ὡραιότητος
831 5079 1094 5150 οὐρανίου,
1151 5078 1221 5140 εἰς
1274 5079 1466 5140 αύτούς
1501 5080 1559 5130 τό
1591 5084 1800 5150 Πνεῦμα

1914 5072 2288 5147 pulchritudo
2315 5071 2657 5144 splendoris
2685 5077 2741 5128 et
2764 5071 2998 5128 decoris
3029 5069 3306 5126 caelestis.

183 5180 283 5234 ri;
339 5172 586 5230 θεότητος
628 5174 830 5241 γίνεται
883 5172 1020 5236 τότε,
1078 5169 1199 5241 ὅπερ
1258 5165 1360 5221 ἆπό
1417 5173 1510 5221 τοῦ
1561 5173 1650 5220 νῦν
1718 5162 1800 5220 δί-

189 5261 383 5323 ξασθαι
424 5258 730 5322 κατηξιώθη
739 5277 856 5316 σαν.

238 3297 332 3353 8'.
373 3295 529 3349 Οὕτω
573 3296 770 3358 πάσαις
816 3302 933 3357 ταῖς
985 3293 1238 3368 φιλοθέοις
1291 3293 1518 3366 ψυχαῖς,
1551 3297 1792 3347 τουτέστι

166 3393 276 3450 τοῖς
330 3384 603 3446 ἀληθινοῖς
658 3391 1024 3460 Χριστιανοῖς,
1080 3386 1195 3437 ἔστι
1247 3387 1352 3456 μην
1415 3391 1618 3457 πρῶτος
1659 3385 1791 3437 Ξαν-

167 3479 343 3543 θικός,
405 3475 432 3526 ό
481 3473 790 3548 καλούμενος
833 3473 1158 3548 Ἀπρίλλιος,
1209 3473 1331 3548 ὅπερ
1370 3470 1511 3525 ἐστὶν
1550 3473 1580 3530 ἠ
1623 3475 1792 3546 ἡμέρα

164 3575 260 3630 τῆς
332 3562 692 3630 ἀναστάσεως,
746 3567 832 3616 καὶ
885 3560 981 3616 διὰ
1033 3571 1126 3624 τῆς
1180 3558 1449 3634 δυνάμεως
1499 3568 1589 3614 τοῦ
1640 3561 1788 3619 ἡλίου

169 3663 260 3716 τῆς
320 3649 674 3714 δικαιοσύνης
721 3649 924 3706 ἔνδοθεν
972 3650 1242 3728 ὶξέρχεται
1304 3647 1437 3712 δοξα
1484 3657 1575 3702 τοῦ
1635 3649 1789 3722 ἁγίου

169 3745 503 3816 Πνεύματος,
541 3741 881 3794 καλύπτουσα
934 3745 1024 3793 καὶ
1057 3739 1400 3801 σκεπάζουσα
1450 3739 1517 3791 τὰ
1571 3743 1808 3811 σώματα

171 3841 274 3884 τῶν
325 3831 498 3901 ἁγίων
526 3849 540 3864 ’
605 3829 758 3903 ἣνπερ
816 3826 974 3893 δόξαν
1031 3826 1175 3902 εἶχον
1238 3824 1384 3882 ἔνδον
1444 3826 1790 3900 ἐγκεκρυμμέ-

171 3941 264 3979 vna
298 3919 356 3972 ἓν
386 3925 501 3980 ταῖς
527 3918 760 3992 ψυχαῖς.
818 3917 982 3992 Ὀπερ
1012 3921 1114 3992 γὰρ
1164 3920 1278 3991 ἔχει
1312 3924 1420 3982 νῦν,
1453 3916 1580 3968 αύτό
1609 3919 1791 3991 προέρ-

173 4029 344 4082 χεται
393 4007 577 4070 ἔξωθεν
619 4013 710 4060 τοῦ
753 4012 992 4080 σώματος
1046 4018 1182 4061 τότε.
1224 4006 1411 4069 Οὗτος,
1445 4009 1598 4078 φημὶ,
1633 4005 1790 4077 ὁμὲν

173 4101 394 4171 πρῶτός
445 4099 562 4150 ἑστι
608 4103 719 4160 τοῖς
764 4101 901 4171 μησὶ
952 4103 1044 4150 τοῦ
1080 4095 1312 4149 ἐνιαυτοῦ
1346 4112 1358 4126 ·
1419 4095 1568 4157 οὗτος
1614 4095 1790 4170 χαρὰν

173 4189 470 4262 προσφέρει
548 4187 694 4259 πάσῃ
762 4194 826 4259 τῇ
888 4189 1060 4239 κτίσει
1092 4204 1105 4219 ο
1153 4185 1302 4248 οὗτος
1355 4183 1663 4257 ἀμφιέννυσι
1725 4185 1793 4237 τὰ

260 5384 317 5439 l'.
363 5391 490 5448 Πῶς
544 5387 719 5437 τοίνυν
762 5381 980 5446 ἕκαστος
1050 5383 1198 5456 ἡμῶν
1254 5378 1444 5454 ὀφείλει
1491 5387 1797 5447 πιστεῦσαι,

1986 5374 2560 5449 X.Quomodoigitur
2570 5375 2958 5450 unusquique
2971 5379 3243 5433 nostrum
3255 5373 3564 5432 debetcre-

261 5644 383 5680 ποθ·
413 5643 593 5700 Rom.
624 5655 742 5708 vni,
778 5645 861 5698 lt.
882 5640 925 5678 ⁶¹
959 5640 1006 5697 Il
1037 5641 1166 5699 Cor.
1196 5653 1276 5709 ιν,
1318 5643 1397 5699 ιο.
1427 5641 1471 5677 ⁶²
1501 5639 1550 5696 ll
1580 5641 1710 5698 Cor.
1746 5655 1800 5706 ν,

1914 5639 1939 5676 ¹⁸
1975 5636 2174 5696 Matth.
2206 5651 2282 5705 v1,
2311 5637 2402 5696 29.

482 5750 733 5810 Punor.
765 5750 868 5822 Gs.
908 5747 1170 5810 XXXIV.
3211 5746 3277 5808 l'l
