4058 6194
596 232 701 286 515

1910 213 1971 269 S.
2010 208 2312 271 MACARII
2353 206 2655 265 IEGYPTII

3798 224 3887 279 516

596 357 737 413 dere
753 350 1201 415 etcontendere,
1216 347 1343 405 etin
1365 345 1530 403 omni
1546 342 1776 400 virtutis
1794 338 2240 397 conversatione

2355 338 2444 387 ακὶ
2491 335 2873 407 ἀγωνίσασθαι,
2930 343 3021 391 καὶ
3070 335 3375 393 σπουδάσαι
3428 339 3475 393 ἓν
3530 344 3659 417 πάσῃ
3709 348 3890 418 εναρίτω

597 460 845 517 operam
867 455 1110 505 navare,
1140 443 1195 494 et
1218 449 1600 511 perseverare
1623 432 1685 487 in
1712 446 1817 504 spe
1841 446 1911 486 ac
1936 426 2249 484 tolerantia

596 533 806 597 multa,
834 536 899 586 ut
913 544 1073 587 nunc
1094 526 1314 597 dignus
1331 526 1642 581 censeatur
1658 519 1948 591 consequi
1970 518 2247 573 virtutem

598 621 924 687 coslestem,
940 623 994 674 et
1009 616 1261 687 gloriam
1287 613 1534 686 Spiritus
1550 610 1739 668 sancti
1757 610 1815 664 in
1831 607 2106 663 interiore
2119 605 2247 660 ani-

598 716 788 777 ma,ut
803 715 926 766 tum
940 705 1245 763 dissolutis
1257 701 1611 774 corporibus
1625 694 2157 767 habeamus,quod
2173 697 2250 750 te-

598 799 1035 874 gatetviviticet
1050 811 1180 851 nos.
1195 795 1262 852 Si
1275 798 1490 856 tamen,
1505 789 1718 861 inquit,
1732 786 1952 851 induti,
1966 800 2086 841 non
2100 782 2253 839 nudi

598 890 963 961 reperiemur
985 887 1052 939 ⁸⁸.
1079 887 1162 950 Et,
1185 879 1578 940 Resuscitabit
1600 892 1852 947 corpora
1874 881 2079 931 nostra
2100 888 2250 928 mor-

602 982 751 1038 talia
790 994 899 1049 per
922 974 1352 1032 inhabitantem
1392 968 1681 1041 Spiritum
1708 969 1835 1036 ejus
1878 966 1939 1020 in
1970 962 2138 1019 nobis
2179 963 2247 1016 ⁸⁵.

600 1072 813 1125 Beatus
857 1064 1014 1120 enim
1048 1066 1232 1119 Moses
1263 1057 1665 1115 subindicavit
1703 1054 1883 1111 nobis
1916 1058 2060 1125 typo
2099 1065 2253 1123 quo-

598 1158 762 1221 dam,
813 1169 920 1227 per
963 1150 1215 1222 gloriam
1264 1148 1487 1205 scilicet
1528 1146 1777 1219 Spiritus
1824 1144 1885 1199 in
1932 1142 2081 1198 facie
2122 1140 2251 1210 eius

596 1245 944 1308 haerentem,
973 1255 1160 1312 quam
1194 1252 1373 1293 nemo
1404 1234 1614 1291 deﬁxis
1642 1232 1828 1289 oculis
1860 1227 2252 1300 contemplari

597 1336 848 1404 poterat,
883 1327 1192 1401 quomodo
1223 1327 1281 1380 in
1320 1322 1751 1380 resurrectione
1772 1321 2096 1392 justorum,
2126 1316 2254 1387 glo-

596 1420 990 1476 riﬁcabuntur
1004 1430 1259 1485 corpora
1278 1418 1622 1469 sanctorum
1643 1428 1654 1465 :
1672 1425 1855 1482 quam
1871 1406 2117 1478 quidem
2133 1405 2253 1475 glo-

598 1510 749 1565 riam
779 1523 942 1563 nunc
973 1506 1030 1561 in
1061 1503 1339 1560 interiore
1379 1501 1623 1557 homine
1656 1499 1874 1554 animae
1903 1501 2251 1551 sanctorum

598 1603 654 1654 et
681 1596 951 1652 ﬁdelium
978 1594 1175 1665 dignae
1204 1596 1487 1663 putantur
1527 1588 1766 1643 habere.
1803 1587 1928 1641 Nos
1956 1586 2127 1650 enim,
2162 1585 2253 1638 in-

2356 424 2602 498 πολιτείᾳ,
2657 432 2747 479 καὶ
2803 423 3177 500 προσδοκῆσαι
3228 432 3275 481 ἓν
3338 428 3508 484 ἐλπίδι
3555 439 3636 485 καὶ
3692 436 3885 509 ὑπομονῆ

2358 514 2541 587 πολλῆ,
2587 522 2673 567 νῦν
2730 516 3118 580 καταξιωθῆναι
3187 522 3278 577 τὴν
3327 518 3379 582 ἐξ
3432 519 3636 593 ούρανοῦ
3704 499 3891 597 δύναμιν

2357 603 2529 657 λαϐεῖν
2581 609 2672 657 καὶ
2716 602 2872 669 δόξαν
2925 615 3015 659 τοῦ
3049 607 3223 679 ἁγίου.
3268 611 3556 681 Πνεύματος
3603 613 3726 673 ἐντὸς
3752 615 3792 665 ἓν
3836 623 3887 673 τῆ

2358 692 2535 767 ψυχ,ῆ
2568 696 2649 747 ἰνα
2668 699 2784 748 τότε
2802 695 3055 767 λυομένων
3076 706 3172 749 τῶν
3200 699 3469 769 σωμάτων,
3492 701 3679 772 ἔχωμεν
3696 702 3719 754 ὅ
3737 673 3898 775 ἀμφιά-

2364 802 2461 853 σει,
2490 789 2578 836 καὶ
2598 788 2907 848 ζωοποιήσει
2928 788 3094 859 ἡμᾶςς
3127 786 3290 859 Εἳγε.
3316 792 3492 859 φησὶν,
3515 790 3567 841 ἐν
3582 786 3651 843 δυ
3667 795 3893 855 σόμεθα,

2360 871 2427 923 ού
2480 879 2716 945 γυμνοὶ
2764 877 3255 948 εὑρεθησόμεθα
3293 892 3308 906 ⁸
3378 881 3466 929 καὶ
3527 885 3897 939 Ζωοποιήσει

2361 964 2435 1013 τὰ
2474 964 2671 1019 θνητὰ
2728 969 2993 1037 σώματα
3046 967 3216 1038 ἡμῶν
3249 962 3360 1019 διὰ
3387 973 3496 1019 τοῦ
3534 966 3893 1031 ἐνοικοῦντος

2362 1051 2559 1104 αὑτοῦ
2592 1056 2964 1126 Πνεύματος
3002 1053 3058 1106 ἐν
3107 1056 3288 1128 ἡμῖν.
3338 1062 3565 1119 Μωυσῆς
3610 1059 3901 1130 γάρόμακά-

2360 1159 2468 1216 ριος
2497 1138 2733 1205 ὑπέδειξε
2772 1146 2856 1195 τόν
2885 1148 3041 1195 τύπον
3073 1140 3107 1197 δ
3114 1147 3167 1197 ιὰ
3208 1152 3301 1207 τῆς
3348 1152 3441 1198 τοῦ
3470 1152 3733 1218 προσώπου
3768 1148 3900 1199 αὐτοῦ

2363 1227 2686 1302 ἐπικειμένης
2732 1239 2822 1284 τοῦ
2855 1235 3152 1305 Πνεύματος
3198 1229 3379 1305 δόξης,
3435 1234 3504 1296 εἰς
3540 1234 3596 1292 ἢν
3644 1232 3795 1295 οὐδεὶς
3829 1235 3901 1288 ἁν-

2365 1320 2580 1391 θρώπων
2611 1318 2845 1373 ἀτενίσαι
2903 1319 3155 1392 ἠδύνατο,
3186 1331 3291 1383 πῶς
3323 1326 3373 1374 ἓν
3427 1331 3485 1396 τῇ
3549 1323 3804 1377 ἀναστάσει
3825 1333 3905 1377 τῶν

2364 1403 2583 1460 δικαίων
2641 1406 3033 1473 δοξασθήσεται
3086 1415 3149 1464 τὰ
3200 1418 3421 1485 σώματα
3450 1421 3543 1465 τῶν
3574 1412 3738 1484 ἁγίων,
3775 1412 3903 1484 ἥνπερ

2364 1495 2522 1561 δόξαν
2554 1499 2654 1552 ἀπὸ
2681 1509 2770 1554 τοῦ
2800 1509 2887 1554 νῦν
2932 1499 3133 1555 ἔνδοθεν
3186 1505 3271 1555 ἐπὶ
3324 1510 3396 1574 τῷ
3427 1506 3525 1555 ἔσω
3575 1502 3800 1577 ἀνθρώπῳ
3825 1503 3906 1574 ψυ-

2361 1594 2462 1661 χαὶ
2521 1589 2679 1661 ἁγίων
2731 1596 2819 1643 καὶ
2876 1600 3075 1644 πιστῶν
3109 1593 3477 1655 κατ-ἀξιοῦνται
3524 1595 3672 1664 ἔχειν.
3727 1599 3905 1665 Ἡμεῖς

596 1688 745 1760 quit,
767 1700 986 1750 omnes,
1010 1686 1229 1738 retecta
1240 1680 1423 1750 facie,
1453 1678 1561 1733 hoc
1584 1684 1690 1741 est,
1712 1674 1984 1731 interiori
1998 1672 2240 1741 homine,

2361 1680 2501 1751 γὰρ,
2537 1683 2687 1751 φησι,
2723 1683 2954 1743 πάντες
2997 1679 3576 1755 ἀνακεκαλυμμένῳ
3612 1687 3903 1757 προσώπῳ,

595 1776 853 1848 gloriam
878 1772 1116 1829 Domini
1136 1771 1197 1826 in
1222 1769 1457 1838 speculo
1480 1766 1973 1835 contemplamur.
1999 1763 2080 1819 ad
2102 1778 2253 1818 eam-

597 1867 728 1921 dem
755 1862 1074 1933 imaginem
1096 1856 1517 1927 transformali
1530 1856 1601 1910 de
1612 1854 1807 1924 gloria
1825 1854 1887 1908 in
1910 1854 2165 1923 gloriam
2181 1853 2249 1907 ⁸⁸.

596 1954 807 2011 Itidem
841 1970 854 2008 :
884 1952 1069 2007 Moses
1095 1948 1504 2020 quadraginta
1525 1944 1729 2000 diebus
1756 1958 1826 1998 ac
1846 1941 2251 2012 quadraginta

597 2042 891 2109 noctibus,
920 2044 987 2095 ut
1016 2038 1304 2109 scriptum
1335 2040 1442 2098 est,
1461 2047 1677 2103 panem
1702 2047 1819 2087 non
1846 2030 2115 2095 comedit,
2146 2044 2251 2085 nec

597 2145 818 2205 aquam
847 2129 988 2185 bibit
1017 2129 1084 2183 ⁸⁷.
1111 2126 1256 2183 Fieri
1280 2128 1483 2180 autem
1506 2138 1627 2183 non
1650 2126 1867 2193 potest,
1886 2126 2252 2190 utcorporea

597 2226 815 2277 natura
836 2218 1065 2289 absque
1088 2230 1245 2287 pane
1269 2218 1501 2269 tantum
1524 2210 1808 2281 temporis
1830 2208 2015 2263 vitam
2041 2206 2249 2261 transi-

596 2313 714 2379 gat,
745 2307 859 2362 nisi
881 2304 1032 2361 alius
1060 2303 1175 2360 cibi
1206 2299 1530 2373 spiritualis
1564 2299 1863 2370 particeps
1896 2295 2031 2351 ﬁat:
2065 2309 2248 2367 quem

599 2398 713 2468 26
741 2395 942 2451 cibum
976 2408 1136 2448 nunc
1158 2390 1443 2462 temporis
1476 2392 1827 2443 sanctorum
1858 2385 2075 2441 animae
2100 2382 2247 2438 invi-

596 2485 844 2542 sibiliter
872 2483 1082 2539 virtute
1114 2478 1364 2552 Spiritus
1403 2476 1591 2534 sancti
1631 2476 2101 2547 consequuntur.

668 2698 752 2753 Xl.
786 2692 1030 2751 Duobus
1061 2691 1241 2761 igitur
1288 2688 1445 2761 typis
1485 2686 1699 2742 beatus
1733 2686 1922 2740 Moses
1965 2683 2243 2749 ostendit,

591 2802 781 2863 quam
820 2786 880 2841 in
923 2780 1351 2839 resurrectione
1394 2775 1656 2833 habituri
1687 2775 1805 2830 sint
1847 2773 2097 2845 gloriam
2125 2773 2247 2829 veri

593 2862 914 2934 Christiani
943 2890 955 2929 :
990 2869 1242 2943 gloriam
1274 2867 1499 2923 scilicet
1524 2864 1769 2920 luminis
1800 2868 1858 2919 et
1883 2863 2127 2919 delicias
2157 2862 2245 2918 in-

592 2962 955 3025 tellectuales
1007 2958 1279 3032 Spiritus,
1332 2954 1553 3028 quibus
1592 2954 1770 3009 etiam
1814 2952 2042 3008 occulte
2087 2966 2246 3007 nunc

2359 1772 2655 1821 τουτέστι
2686 1778 2766 1840 τῷ
2794 1772 2916 1823 ἔσω
2956 1769 3286 1844 ἀνθρώπῳ,
3318 1776 3433 1830 τήν
3476 1768 3659 1834 δόξαν
3696 1778 3793 1824 τοῦ
3817 1777 3905 1823 Κν-

2358 1861 2501 1930 ρίου
2540 1860 3147 1933 κατοπτριζόμεθα,
3190 1862 3277 1923 εἰς
3329 1864 3446 1919 τὴν
3489 1860 3675 1919 αὐτὴν
3728 1859 3905 1912 εἰκόνα

2359 1950 2963 2032 μεταμορφούμενοι
2993 1949 3110 2003 ἀπὸ
3144 1947 3298 2013 δοξη
3320 1971 3341 2012 ς
3376 1950 3463 2014 είς
3491 1948 3694 2013 δόξαν.
3720 1948 3904 2021 Ὁμοίως

2358 2035 2510 2086 πάλιν
2556 2050 2567 2063 ·
2620 2035 3129 2111 Τεσσαράκοντα
3183 2042 3433 2112 ἡμέρας
3474 2044 3577 2092 καὶ
3636 2038 3903 2111 τεσσαρά-

2357 2142 2554 2175 κοντα
2592 2127 2821 2186 νύκτας
2869 2128 3064 2199 ἄρτον
3104 2128 3215 2180 ούκ
3272 2131 3608 2201 ἓφαγεν,ὡς
3635 2132 3902 2201 γέγραπται,

2357 2218 2464 2265 καὶ
2490 2210 2661 2288 ὕδωρ
2716 2215 2829 2267 ούκ
2869 2218 3062 2269 ἔπιεν.
3095 2214 3388 2272 Ἀδύνατον
3412 2215 3470 2271 δὲ
3491 2222 3579 2276 τήν
3599 2224 3684 2269 τοῦ
3705 2220 3902 2286 σώματος

2358 2305 2511 2373 φύσιν
2537 2303 2654 2356 ἄνευ
2685 2305 2846 2378 οἷρτου
2885 2314 3133 2359 τοσοῦτον
3167 2307 3355 2377 ζῆσαι,
3389 2307 3433 2360 εί
3462 2311 3531 2380 μὴ
3564 2313 3742 2381 τροφῆς
3768 2303 3905 2374 ἐτέρας

2359 2402 2710 2464 πνευματικῆς
2759 2394 3133 2467 μετελάμϐανεν
3163 2416 3175 2430 ·
3237 2397 3411 2472 ἧσπερ
3460 2403 3647 2472 τροφῆς
3702 2394 3787 2445 ἀπὸ
3830 2397 3903 2442 τοῦ

2356 2488 2444 2532 νῦν
2474 2490 2572 2533 τῶν
2617 2482 2777 2555 ἁγίων
2799 2483 2978 2556 ψυχαὶ
3023 2485 3254 2559 ἀοράτως
3285 2486 3343 2538 ἐκ
3378 2493 3468 2539 τοῦ
3493 2487 3765 2558 Πνεύματος
3781 2498 3905 2553 μετα·

2355 2568 2703 2643 λαμϐάνουσι.

2428 2686 2532 2741 ΙΑ’.
2587 2689 2734 2741 Κατὰ
2777 2684 2874 2741 δύο
2951 2689 3038 2741 οὖν
3086 2692 3282 2753 τύπους
3332 2692 3360 2743 ό
3423 2693 3667 2766 μακάριος
3714 2691 3904 2746 Μωῡσῆς

2354 2773 2640 2847 ὑπέδειξεν,
2705 2780 2860 2853 ῆνπερ
2928 2778 2976 2830 ἐν
3040 2786 3102 2852 τῇ
3182 2782 3474 2835 ἀναστάσει
3544 2781 3707 2844 ἕξουσι
3775 2774 3901 2838 δόξαν

2354 2868 2520 2937 φωτός
2557 2870 2647 2919 καὶ
2697 2872 2894 2942 τρυφὴν
2947 2870 3123 2941 νοεράν
3166 2876 3257 2921 τοῦ
3318 2873 3609 2943 Πνεύματος
3637 2870 3682 2921 οἱ
3710 2866 3906 2925 ἀληθινοὶ

2353 2960 2683 3028 Χριστιανοὶ,
2737 2957 2800 3018 ἧς
2843 2961 2933 3009 καὶ
2969 2965 3212 3030 κρυπτῶς
3268 2957 3375 3012 ἀπὸ
3405 2967 3496 3013 τοῦ
3524 2967 3608 3011 νῦν
3643 2954 3903 3017 καταξιοῦν-

593 3055 761 3126 digni
784 3052 1158 3124 reputantur.
1210 3050 1528 3117 Propterea
1567 3047 1707 3098 tunc
1738 3043 1797 3097 in
1837 3056 2085 3114 corpore
2116 3040 2240 3096 illo-

2355 3064 2461 3099 ται.
2514 3048 2602 3097 Διό
2650 3050 2740 3097 καὶ
2784 3049 2897 3098 τότε
2941 3045 3024 3099 ἐπὶ
3071 3054 3163 3099 τοῦ
3218 3053 3463 3121 σώματος
3507 3052 3666 3102 αὐτῶν
3719 3062 3901 3119 φανερω-

580 3160 720 3201 rum
736 3143 865 3199 haec
889 3136 1288 3213 apparebunt.
1316 3135 1506 3199 Quam
1532 3132 1691 3187 enim
1710 3130 1951 3186 nuncin
1974 3130 2097 3185 suis
2118 3129 2237 3185 ani-

583 3236 697 3291 mis
729 3232 983 3304 gloriam
1015 3225 1203 3283 sancti
1237 3223 1481 3286 habent,
1516 3224 1579 3276 ut
1608 3220 1959 3292 praedictum
1992 3224 2098 3284 est,
2143 3218 2242 3274 illa

584 3330 712 3381 tum
739 3323 892 3390 teget
915 3322 974 3372 et
998 3314 1227 3387 operiet
1257 3310 1422 3366 nuda
1438 3324 1710 3379 corpora,
1745 3312 1802 3362 et
1832 3307 1909 3363 ad
1936 3308 2118 3362 caelos
2151 3323 2241 3362 ra-

580 3413 722 3483 piet,
758 3414 815 3464 et
859 3404 1103 3461 tandem
1147 3413 1396 3470 corpore
1442 3403 1497 3452 et
1524 3396 1727 3451 anima
1765 3396 1824 3450 in
1869 3410 2055 3465 regno
2100 3412 2238 3452 cum

582 3497 838 3554 Domino
869 3492 1311 3564 requiescemus
1341 3486 1401 3540 in
1438 3484 1673 3540 smcula.
1706 3486 1851 3540 Cum
1891 3484 2050 3539 enim
2081 3485 2239 3540 Ada-

581 3601 751 3642 mum
781 3587 932 3639 Deus
958 3577 1263 3641 conderet,
1288 3589 1409 3629 non
1436 3572 1801 3645 praaparavit
1830 3574 1881 3627 ei
1912 3588 2234 3644 corporeas

580 3674 732 3739 alas,
759 3678 824 3729 ut
860 3667 1226 3733 volatilibus,
1260 3663 1483 3737 quippe
1525 3661 1777 3734 Spiritus
1808 3661 1997 3717 sancti
2030 3661 2156 3717 alas
2183 3662 2234 3717 ei

579 3776 904 3837 apparans,
922 3757 1039 3814 hoc
1062 3761 1171 3821 est,
1191 3770 1343 3827 quas
1363 3752 1686 3823 largiturus
1710 3751 1761 3806 ei
1783 3756 1935 3806 esset
1960 3750 2019 3805 in
2043 3768 2234 3807 resur-

577 3854 859 3917 rectione,
893 3854 957 3904 ut
1001 3848 1204 3919 ipsum
1236 3843 1534 3899 elevarent
1579 3845 1635 3896 et
1666 3840 2007 3912 abriperent
2051 3856 2231 3913 quor-

578 3960 713 4002 sum
748 3938 989 4014 Spiritui
1015 3935 1269 4008 placeret
1300 3949 1311 3987 :
1351 3947 1504 4005 quas
1528 3932 1655 3986 alas
1669 3932 1799 4000 jam
1828 3944 1988 3984 nunc
2014 3930 2230 3985 animae

576 4039 923 4090 sanctorum
947 4028 1173 4083 habere
1194 4023 1395 4091 dignae
1423 4020 1740 4088 habentur,
1767 4034 1901 4089 quae
1933 4025 2129 4075 mente
2153 4019 2231 4075 ad

578 4123 850 4179 caelestes
911 4114 1302 4185 cogitationes
1356 4108 1692 4165 subvolant.
1762 4108 2229 4164 Christianorum

577 4213 737 4267 enim
765 4205 1030 4262 mundus
1058 4202 1211 4256 alius
1237 4204 1346 4262 est,
1376 4203 1429 4253 et
1452 4196 1567 4252 alia
1592 4211 1821 4259 mensa,
1847 4201 1902 4250 et
1921 4196 2038 4251 alia
2060 4196 2227 4252 indu-

576 4303 797 4359 menta,
826 4300 880 4349 et
911 4291 1027 4348 alia
1056 4289 1274 4357 fruitio,
1308 4286 1425 4341 alia
1462 4283 1951 4349 communicatio,
1986 4290 2039 4339 et
2079 4284 2228 4341 alius

2356 3135 2627 3192 θήσονται.
2677 3134 2770 3187 Ἦν
2821 3138 2922 3208 γὰρ
2966 3134 3068 3187 ἀπὸ
3108 3144 3199 3189 τοῦ
3236 3144 3327 3189 νῦν
3371 3141 3589 3211 ἔχουσιν
3617 3136 3662 3189 ἐν
3689 3140 3789 3194 ταῖς
3825 3131 3906 3202 ψυ-

2352 3232 2478 3294 χαῖς
2514 3226 2562 3275 οἱ
2605 3224 2750 3295 ἅγιοι
2799 3221 2975 3292 δόξαν,
3019 3228 3088 3288 ὡς
3133 3231 3470 3301 προείρηται,
3523 3226 3677 3284 ἐκείνη
3720 3219 3904 3291 καλύψει

2350 3317 2439 3364 καὶ
2488 3311 2761 3385 ἀμφιάσει,
2817 3319 2906 3367 καὶ
2954 3316 3019 3366 τὰ
3061 3318 3235 3388 γυμνά
3294 3324 3519 3390 σώματα
3558 3320 3645 3368 καὶ
3697 3313 3756 3373 εἰς
3782 3311 3905 3381 ούρα-

2348 3404 2463 3461 νοὺς
2507 3402 2751 3476 ἁρπάσει,
2786 3408 2875 3455 καὶ
2924 3406 2981 3455 τό
3023 3402 3200 3456 λοιπόν
3252 3411 3466 3479 σώματι
3494 3410 3580 3458 καὶ
3615 3404 3755 3476 ψυχῆ
3789 3404 3830 3453 ἓν
3854 3403 3902 3468 τῇ

2348 3488 2597 3562 βασιλείᾳ
2622 3491 2694 3553 εἰς
2724 3491 2910 3555 αἰῶνας
2948 3497 3041 3546 σὺν
3076 3501 3148 3564 τῷ
3182 3501 3362 3570 Κυρίῳ
3394 3494 3801 3566 ἀναπαυσόμεθα.
3826 3491 3905 3540 Τὸν

2344 3581 2445 3652 γάρ
2495 3576 2676 3652 ’Λδάμ
2721 3585 2908 3643 κτίσας
2957 3584 2982 3635 ὃ
3029 3586 3177 3649 Θεὸς,
3233 3584 3292 3635 οὗ
3364 3586 3728 3639 κατεσκεύασεν
3788 3577 3904 3645 αὐτῷ

2347 3671 2651 3741 σωματικὰς
2730 3675 2985 3743 πτέρυγας
3054 3675 3123 3733 ὡς
3196 3680 3303 3735 τοῖς
3382 3681 3644 3738 πετεινοῖς,
3702 3673 3779 3730 τὰς
3833 3671 3905 3719 τοῦ

2345 3760 2639 3829 Πνεύματος
2685 3765 2777 3811 τοῦ
2825 3758 2978 3831 ἁγίου
3038 3764 3302 3833 πτέρυγας
3332 3765 3735 3838 προευτρεπίσας
3769 3755 3902 3823 αύτῷ,

2342 3851 2611 3899 τουτέστιν
2662 3848 2723 3910 ἇς
2758 3848 2927 3918 μέλλει
2982 3846 3194 3903 διδόναι
3224 3851 3370 3924 αύτῷ
3422 3856 3472 3906 ἐν
3526 3860 3587 3924 τῆ
3637 3847 3901 3905 ἀναστάσει,

2344 3935 2425 3987 ἵνα
2456 3936 2607 3988 αὑτὸν
2637 3941 2938 4009 κουφίσωσι
2987 3944 3077 3991 καὶ
3125 3939 3442 4011 ἁρπάσωσιν
3492 3942 3611 3993 ἔνθα
3647 3941 3700 3990 τό
3728 3940 3904 4003 Πνεῦμα

2341 4023 2624 4095 βούλεται·
2675 4025 2731 4086 ἃς
2785 4031 3044 4099 πτέρυγας
3100 4025 3201 4081 ἀπὸ
3253 4036 3349 4081 τοῦ
3388 4037 3476 4082 νῦν
3534 4030 3589 4081 αἱ
3638 4026 3799 4099 ψυχαὶ
3824 4026 3905 4073 τῶν

2339 4111 2500 4184 ἁγίων
2546 4113 2916 4175 καταξιοῦνται
2984 4117 3124 4187 ἔχειν
3176 4117 3249 4178 εἰς
3296 4121 3357 4171 τὸ
3411 4118 3646 4193 οὐράνιον
3702 4116 3903 4188 φρόνημα

2338 4210 2410 4273 τῷ
2464 4210 2533 4272 νῷ
2575 4202 2912 4276 ἀνιπτάμεναι
2940 4222 2952 4235 ’
3005 4213 3339 4280 Χριστιανῶν
3380 4210 3482 4282 γὰρ
3523 4211 3713 4279 κόσμος
3764 4200 3901 4271 ἕτερός

2338 4293 2448 4343 ἐστι
2499 4297 2586 4344 καὶ
2617 4292 2742 4352 ἄλλη
2779 4295 3034 4367 τράπεζα,
3066 4299 3150 4347 καὶ
3182 4296 3315 4350 ἄλλα
3363 4294 3650 4369 ἐνδύματα,
3683 4295 3764 4344 καὶ
3796 4286 3900 4342 άλλη

572 4384 924 4442 intellectus.
961 4380 1337 4448 Quapropter
1367 4378 1421 4428 et
1449 4371 1898 4445 praestantiores
1931 4377 2068 4427 sunt
2097 4390 2229 4429 om-

2350 4374 2641 4448 ὶπόλαυσις,
2702 4382 2792 4430 καὶ
2858 4378 2984 4437 ἄλλη
3038 4385 3304 4447 κοινωνία,
3377 4386 3470 4434 καὶ
3516 4380 3635 4434 ἄλλο
3677 4379 3901 4451 φρόνημαο

574 4473 753 4529 nibus
802 4466 1174 4524 hominibus.
1211 4466 1372 4519 Hanc
1416 4465 1618 4517 autem
1662 4460 1941 4516 virtutem
1981 4461 2140 4517 intus
2166 4463 2227 4518 in

572 4561 792 4619 animis
817 4572 977 4614 nunc
1004 4553 1173 4624 digni
1200 4555 1485 4625 putantur
1510 4550 1779 4621 accipere
1805 4565 1911 4621 per
1941 4550 2224 4623 Spiritum

570 4656 865 4709 sanctum.
914 4648 1230 4717 Propterea
1258 4656 1503 4713 quoque
1534 4639 1594 4694 in
1630 4640 2057 4695 resurrectione
2102 4657 2227 4697 cor-

570 4757 720 4815 pora
743 4736 980 4796 aeternis
999 4733 1111 4790 illis
1145 4732 1398 4805 Spiritus
1420 4729 1609 4786 sancti
1644 4727 1817 4783 bonis
1844 4728 2226 4787 habebuntur

566 4833 768 4902 digna,
805 4832 858 4884 et
885 4824 1084 4899 gloriae
1113 4822 1195 4879 illi
1234 4818 1768 4893 permiscebuntur,
1804 4819 1978 4890 cujus
2011 4818 2071 4873 in
2109 4820 2223 4876 hac

564 4922 688 4979 vita
700 4919 918 4977 animas
934 4915 1171 4971 illorum
1184 4909 1660 4983 experimentum
1675 4913 2083 4980 sumpserunt.

637 5134 749 5190 XII.
785 5131 966 5189 Debet
996 5127 1175 5199 igitur
1214 5122 1634 5194 unusquisque
1666 5125 1938 5177 nostrum
1966 5126 2218 5178 conten-

561 5225 722 5289 dere,
774 5220 1086 5278 elaborare
1127 5220 1183 5271 et
1209 5215 1269 5270 in
1302 5210 1465 5267 omni
1512 5210 1795 5265 virtutum
1826 5224 2041 5280 genere
2080 5226 2219 5283 Ope-

557 5329 690 5371 ram
721 5309 1028 5373 adhibere,
1066 5309 1123 5362 et
1162 5302 1420 5367 credere,
1450 5303 1508 5355 et
1531 5299 1832 5370 requirere
1857 5314 1893 5356 a
1941 5300 2215 5370 Domino,

636 5593 751 5654 σιιι
780 5592 908 5649 Cor.
942 5606 994 5660 v,
1026 5588 1081 5644 3.
1156 5586 1203 5624 ⁸⁵
1235 5588 1404 5643 Rom.
1432 5601 1554 5659 vui,
1586 5586 1675 5643 tt.

1755 5588 1801 5623 ⁸⁸
1832 5587 1879 5643 Il
1910 5586 2040 5645 Cor.
2074 5604 2156 5659 ιιι,
2196 5592 2278 5645 18.

2337 4469 2423 4516 Διό
2480 4470 2568 4518 καὶ
2639 4471 2904 4542 κρείττους
2959 4470 3161 4522 πάντων
3215 4468 3505 4543 ἀνθρώπων
3574 4468 3894 4540 τυγχάνουσι-

2335 4557 2538 4607 Τούτων
2583 4551 2641 4607 δὲ
2689 4561 2780 4614 τὴν
2839 4553 3061 4630 δύναμιν
3109 4566 3197 4611 νῦν
3248 4557 3400 4613 ἔνδον
3463 4562 3512 4612 ἓν
3566 4564 3673 4618 ταῖς
3724 4553 3902 4626 ψυχαῖς

2334 4644 2701 4707 καταξιοῡνται
2742 4645 2911 4699 λαϐεῖν
2961 4644 3055 4701 διὰ
3101 4656 3192 4701 τοῦ
3238 4648 3396 4719 ἁγίου
3450 4651 3773 4720 Πνεύματος’
3829 4637 3900 4692 διὸ

2334 4738 2423 4785 καὶ
2474 4732 2521 4784 ἐν
2570 4742 2631 4806 τῇ
2685 4732 2970 4788 ἀναστάσει
3043 4740 3111 4789 τά
3170 4743 3393 4810 σώματα
3446 4735 3902 4799 καταξιωθήσονται

2333 4829 2432 4872 τῶν
2463 4822 2679 4874 αἰωνίων
2733 4822 2932 4877 ἐκείνων
2965 4833 3058 4878 τοῦ
3098 4829 3398 4899 Πνεύματος
3444 4826 3669 4899 ἀγαθῶν,
3733 4824 3814 4873 καὶ
3848 4823 3897 4887 τῇ

2333 4907 2459 4982 δόξῃ
2488 4911 2652 4985 ἐκείνῃ
2695 4912 3168 4987 ἀνακραθήσονται,
3204 4916 3235 4974 ἦ
3247 4937 3267 4978 ς
3296 4916 3402 4970 ἀπὸ
3435 4924 3528 4970 τοῦ
3556 4922 3641 4967 νῦν
3670 4913 3722 4963 αἱ
3748 4908 3902 4981 ψυχαί

2330 4999 2498 5053 αύτῶν
2520 5005 2613 5060 τὴν
2641 5010 2821 5078 πεῖραν
2846 5001 3106 5067 ίδέξαντο.

2405 5129 2501 5180 ΙΒ’.
2565 5124 2781 5199 Ὀφείλει
2832 5133 3001 5182 τοίνυν
3064 5132 3286 5194 ἕκαστος
3344 5132 3494 5204 ἡμῶν
3544 5124 3898 5201 ἀγωνίσασθαι,

2327 5219 2415 5267 καὶ
2444 5224 2693 5281 πονῆσαι,
2744 5222 2833 5271 καὶ
2887 5216 3195 5274 σπουδάσαι
3247 5223 3293 5273 ἓν
3327 5223 3525 5282 πάσαις
3573 5219 3787 5292 ἀρεταῖς,
3824 5212 3898 5263 καὶ

2328 5311 2610 5357 πιστεῦσαι
2676 5310 2763 5359 καὶ
2823 5307 3057 5368 ζητῆσαι
3136 5312 3277 5385 παρὰ
3355 5315 3574 5384 Κυρίου,
3637 5306 3689 5370 ἕξ
3732 5303 3898 5358 ἐκείνης

2359 5590 2405 5625 ⁸⁷
2448 5590 2633 5649 Exod.
2673 5608 2872 5667 xxxrv,
2904 5595 2994 5655 28.
