4086 6194
234 262 341 317 517

1524 240 1866 322 HOMILl/E.
1909 296 1976 307 —
2014 265 2186 324 HOM.
2229 269 2321 326 v1.

3506 286 3609 343 518

228 394 328 447 τῆς
382 382 547 450 δόξης
603 384 707 440 ἀπὸ
754 393 845 441 τοῦ
895 394 981 440 νῦν
1032 392 1257 461 μέτοχον
1310 392 1552 462 γενέσθαι
1602 394 1688 444 τόν
1746 393 1821 444 ἔσι

1953 396 2017 447 ut
2052 391 2209 449 illius
2228 394 2431 465 gloria
2474 396 2551 453 ab
2577 398 2693 455 hoc
2732 404 3003 475 tempore
3020 406 3319 481 particeps
3340 408 3608 467 ﬁatinte-

228 477 529 550 ἄνθρωπον,
583 482 673 530 καὶ
719 480 768 530 ἓν
824 480 990 550 εκείνη
1045 486 1106 551 τῇ
1171 479 1412 551 ἁγιότητι
1474 488 1566 535 τοῦ
1616 483 1846 553 Πνεύμα-

224 584 311 628 τος
371 570 469 625 τήν
520 565 709 638 ψυχὴν
760 576 1097 633 κοινωνῆσαι,
1157 569 1241 622 ἱνα
1290 572 1692 644 καθαρισθέντες
1756 573 1842 622 τὸν

223 655 395 727 ῥύπον
444 664 543 717 τῆς
593 661 783 720 κακίας
828 660 1031 730 ἔχωμεν
1080 656 1173 711 κάν
1216 666 1278 732 τῇ
1333 657 1619 713 ἀναστάσει
1672 661 1697 711 ὅ
1748 658 1845 730 ἁμ-

225 747 423 815 φιάσειν
459 748 636 818 γυμνὰ
675 748 743 800 τὰ
782 752 999 819 σώματα
1040 749 1185 819 ἡμῶν
1229 747 1567 822 ἀνιστάμενα,
1617 752 1706 801 καὶ
1748 752 1843 806 τὴν

224 832 627 905 ἀσχημοσύνην
676 831 883 889 ἑνδύσει
925 842 1013 890 καὶ
1068 837 1406 903 ζωοποιήσει,
1462 842 1550 891 καὶ
1604 838 1675 899 εἰς
1723 836 1845 889 αἰῶ-

220 942 313 984 νας
364 922 415 974 ἐν
459 932 524 996 τῇ
582 921 831 997 βασιλείᾳ
875 925 1165 979 ἀναπαύσει
1212 935 1311 979 τῶν
1361 927 1609 1000 οὐρανῶν.
1660 925 1843 980 Μέλλει

220 1012 329 1085 γὰρ
390 1013 417 1064 ό
474 1016 700 1087 Χριστός
752 1013 807 1067 ἑκ
870 1022 971 1067 τῶν
1027 1014 1255 1090 οὐρανῶν
1312 1018 1687 1091 κατέρχεσθαι,
1751 1022 1841 1070 xui

223 1104 402 1154 πάντα
438 1103 508 1154 τὰ
557 1102 691 1174 φῦλα
726 1110 819 1156 τοῦ
868 1100 1048 1176 Ἀδὰμ
1086 1102 1395 1169 ἀναστήσει,
1435 1109 1558 1167 τοὺς
1595 1104 1682 1157 ἀπ’
1718 1105 1842 1158 αἰῶ-

220 1209 309 1251 νος
365 1193 731 1264 κοιμηθέντας,
791 1195 927 1246 κατὰ
976 1195 1071 1255 τὰς
1125 1193 1276 1264 ἁγίας
1325 1198 1546 1268 Γραφάς.
1608 1199 1707 1248 Καὶ
1768 1194 1841 1257 εἰς

224 1276 331 1332 δύο
368 1284 498 1356 μέρη
540 1286 731 1340 στήσει
768 1283 979 1348 πάντας,
1022 1288 1112 1336 καὶ
1159 1288 1281 1346 τούς
1319 1286 1539 1355 ἔχοντας
1576 1286 1634 1337 τὸ
1698 1279 1837 1336 ἴδιον

223 1375 467 1442 σημεῖον,
507 1374 747 1424 τουτέστι
784 1375 878 1430 τήν
919 1369 1189 1445 σφραγῖδα
1224 1380 1316 1426 τοῦ
1358 1375 1667 1446 Πνεύματος,
1716 1376 1838 1426 τού-

213 1478 347 1522 τους
389 1462 460 1522 ὡς
510 1458 679 1522 ἰδίους
724 1468 1111 1536 προσφωνήσας
1159 1461 1215 1515 ἐκ
1259 1460 1441 1526 δεξιῶν
1486 1468 1690 1522 στήσει·
1751 1465 1836 1515 Τὰ

216 1549 344 1622 ἐμὰ
416 1551 557 1623 γὰρ,
623 1554 777 1623 φησὶ.
848 1551 1145 1624 πρόϐατα
1216 1560 1331 1615 τῆς
1396 1553 1550 1624 ἐμῆς
1625 1561 1835 1625 φωνῆς

214 1637 550 1691 ἐικούονσι
578 1677 593 1690 .
633 1644 764 1692 καὶ·
808 1646 1118 1694 Γινώσκω
1155 1643 1232 1695 τὰ
1269 1643 1415 1714 ἐμὰ,
1457 1646 1564 1695 καὶ
1601 1646 1755 1713 γινὼ
1776 1661 1832 1694 σ-

1952 482 2071 535 rior
2102 483 2306 549 homo,
2342 488 2397 539 et
2426 486 2487 539 in
2528 488 2841 546 sanctitate
2872 491 2974 549 illa
3001 492 3075 549 de
3103 494 3325 567 Spiritu
3365 499 3605 569 partici-

1952 570 2291 639 petanima,
2314 576 2397 639 ut,
2426 578 2769 647 expurgatis
2792 580 3074 637 sordibus
3102 584 3360 651 malitiae,
3387 586 3606 644 habea-

1952 672 2087 713 mus
2118 675 2360 732 quoque
2398 663 2458 718 in
2487 667 2917 724 resurrectione
2956 672 3121 741 quod
3148 673 3312 731 nuda
3350 691 3606 748 corpora

1951 752 2154 804 nostra
2201 753 2570 820 resurgentia
2617 755 2867 827 operiat,
2929 758 3369 819 deformitatem
3423 770 3600 836 tegat,

1950 835 2223 902 viviﬁcet,
2253 844 2310 894 et
2350 840 2410 895 in
2442 847 2732 899 aeternum
2754 845 2815 900 in
2839 862 3025 916 regno
3064 851 3348 907 caelorum
3375 835 3602 913 refocil-

1948 922 2044 980 let.
2078 927 2482 985 Descensurus
2534 932 2695 987 enim
2743 938 2828 989 est
2873 935 2948 990 de
3006 937 3172 993 ccelis
3226 940 3491 999 Christus
3546 948 3603 1002 et

1948 1028 2159 1071 omnes
2199 1020 2612 1087 generationes
2642 1021 2783 1078 Adae
2799 1025 3356 1100 suscitaturus,quaa
3388 1031 3466 1087 ab
3494 1033 3601 1089 iui-

1950 1103 2027 1159 tio
2075 1104 2275 1161 saeculi
2326 1107 2841 1178 obdormiverunt,
2875 1117 2938 1169 ut
2970 1129 3141 1171 sacra
3192 1118 3493 1190 Scriptura
3524 1126 3602 1177 te-

1947 1196 2151 1249 statur.
2184 1198 2247 1251 Et
2300 1195 2361 1252 in
2404 1197 2559 1253 duas
2592 1205 2783 1270 partes
2842 1206 3059 1258 statuet
3089 1219 3302 1262 omnes
3333 1222 3343 1260 :
3378 1212 3434 1264 et
3470 1211 3601 1281 qui-

1945 1281 2244 1350 peculiare
2276 1284 2536 1354 signum.
2604 1287 2665 1343 id
2696 1293 2800 1354 est,
2833 1289 3074 1360 signum
3102 1293 3351 1364 Spiritus
3374 1296 3599 1354 habue-

1944 1370 2079 1440 rint,
2114 1371 2229 1427 hoc
2273 1373 2434 1429 velut
2460 1390 2604 1431 suos
2653 1378 3058 1449 compellabit,
3088 1387 3143 1437 et
3168 1398 3204 1438 a
3230 1382 3454 1440 dextris
3484 1390 3601 1442 sta-

1945 1463 2083 1516 tuet.
2116 1461 2263 1518 Mem
2274 1464 2449 1533 enim,
2464 1464 2673 1536 inquit,
2689 1481 2819 1523 oves
2833 1483 3022 1525 meam
3036 1485 3225 1527 vocem
3239 1475 3497 1530 audiunt
3513 1476 3592 1542 ‘3;

1942 1553 1998 1604 et
2026 1564 2037 1602 :
2063 1550 2191 1621 Ego
2222 1567 2501 1622 cognosco
2538 1569 2718 1625 meas,
2745 1563 2796 1612 et
2828 1572 3151 1627 cognoscor
3188 1576 3225 1616 α
3256 1562 3396 1617 meis
3426 1566 3497 1618 δν.
3529 1567 3597 1621 Et

1940 1641 2070 1695 tum
2099 1656 2307 1696 eorum
2339 1658 2591 1714 corpora
2619 1644 2808 1715 gloria
2832 1646 3034 1703 divina
3061 1648 3594 1709 circumdabuntur

214 1747 427 1799 κόμαι
464 1728 583 1781 ὑπὸ
622 1736 739 1780 τῶν
777 1729 959 1801 ἐμῶν.
987 1736 1088 1785 Καὶ
1107 1736 1220 1784 τότε
1242 1727 1369 1804 δόξῃ
1394 1732 1506 1803 θείᾳ
1525 1732 1590 1784 τὰ
1612 1736 1821 1803 σώματα

1941 1742 2010 1783 ex
2062 1728 2236 1785 bonis
2277 1731 2579 1802 operibus,
2620 1738 2676 1787 et
2713 1733 2793 1789 illi
2833 1735 2948 1805 ipsi
2987 1736 3176 1805 gloria
3215 1738 3466 1809 Spiritus
3505 1756 3593 1797 re-

210 1820 421 1870 τούτων
436 1816 912 1891 περιϐληθήσονται
932 1819 987 1872 ἐκ
1007 1828 1107 1873 τῶν
1128 1819 1334 1892 ἀγαθῶν
1357 1823 1534 1896 ἔργων,
1556 1824 1642 1872 καὶ
1668 1817 1829 1883 δόξης

212 1909 519 1979 Πνεύματος
562 1909 769 1961 ἔσονται
804 1908 1036 1981 πλήρεις,
1071 1909 1134 1970 ἦς
1175 1907 1275 1962 ἀπὸ
1320 1916 1412 1961 τοῦ
1449 1916 1538 1960 νῦν
1581 1908 1724 1980 εἰχον
1778 1907 1827 1960 ἓν

204 2002 335 2057 ταῖς
384 1996 605 2069 ψυχαῖς.
644 2001 745 2051 Καὶ
778 1998 915 2051 ούτω
956 1993 1295 2061 δοξασθέντες
1325 1997 1373 2049 ἐν
1411 2006 1483 2068 τῷ
1520 1999 1637 2069 θείῳ
1672 2002 1825 2069 φωτὶ,

205 2084 402 2146 καὶεὶς
422 2085 666 2160 οὐρανοὺς
691 2085 1148 2161 ἁρπαχθέντες
1185 2088 1271 2147 ii;
1310 2085 1679 2144 ἀπάντησιν
1717 2094 1825 2138 τοῦ

204 2173 474 2249 Κυρίου
531 2176 620 2236 εἰς
660 2175 831 2249 ἀέρα,
872 2179 1007 2229 κατὰ
1045 2180 1103 2230 τό
1136 2180 1508 2251 γεγραμμένον,
1554 2177 1825 2229 πάντοτε

206 2267 335 2315 σὺν
380 2271 461 2335 τῷ
499 2262 721 2337 Κυφίῳ
760 2264 1065 2338 ἐσόμεθα,
1120 2269 1214 2317 σὺν
1264 2265 1404 2337 αύτῷ
1458 2263 1821 2337 βασιλεύοντες

199 2352 271 2415 εἰς
301 2355 430 2414 τοὺς
456 2351 773 2428 ἀπεράντους
798 2355 987 2416 αἰῶνάς
1013 2362 1112 2408 τῶν
1144 2354 1360 2412 αἰώνων.
1386 2355 1575 2427 Ἀμήν.

838 2481 1087 2537 OMIAIA
1124 2479 1197 2546 ς’.

194 2606 297 2679 ΟἱΔ
333 2602 726 2679 βουλόμενοι
766 2613 898 2678 Θεῷ
938 2607 1394 2679 εὐαρεστῆσαι,
1450 2606 1562 2668 τὰς
1617 2605 1817 2677 εύχὰς

271 2675 343 2729 ἔν
388 2675 607 2750 εἰρήνη
648 2682 759 2730 xui
791 2675 1073 2764 ἠσυχίᾳ,
1126 2680 1239 2729 xui
1278 2675 1811 2764 ﬁufpérnn,xui

273 2753 487 2821 σοφίᾳ
542 2751 880 2803 ποιεῖσθαι
918 2750 1324 2834 ὀφείλουσιν,
1369 2750 1469 2802 ἵνα
1505 2756 1813 2834 μήβραυ-

267 2819 435 2892 γαῖς
463 2819 877 2895 ’κεχρημένοι
930 2819 1024 2884 εἷς
1061 2823 1295 2895 πάντας
1334 2819 1814 2895 σκανδα-λίζωντ

272 2890 413 2948 ται.
456 2890 725 2966 Συνῖχει
776 2891 846 2947 δε
884 2895 913 2951 ἠ
957 2894 1178 2966 ὁμιλία
1218 2898 1529 2957 ζητήσεις
1568 2890 1702 2966 δύο,
1761 2893 1813 2945 εἰ

268 2966 340 3017 οἱ
386 2964 745 3037 θρόνοίκαὶ
787 2966 852 3039 _oi
887 2964 1197 3039 στέφανοι
1234 2966 1567 3039 κτισματά
1606 2964 1808 3039 εἰσιν,

266 3033 579 3112 καὶπερὶ
613 3044 735 3090 τῶν
775 3033 1035 3091 δώδεκα
1087 3040 1322 3112 θρόνων
1359 3033 1471 3091 τοῦ
1528 3036 1808 3109 Ἰσραήλ.
1845 3079 1887 3137 C

259 3232 366 3290 A'.
419 3235 485 3286 Οἱ
529 3236 946 3306 προσερχόμενοι
998 3240 1070 3305 τῷ
1134 3236 1334 3308 Κυρίῳ,
1392 3232 1655 3306 ὀφείλουσι
1714 3233 1809 3294 τὰς

183 3321 370 3395 εὐχὰς
415 3318 464 3373 ἓν
510 3321 724 3394 ἠσυχίᾳ
764 3326 854 3374 καὶ
910 3320 1085 3396 εἰρήνη
1136 3326 1226 3375 καὶ
1272 3324 1595 3375 καταστάσει
1645 3320 1804 3393 πολλῇ

186 3410 497 3480 ποιεῖσθαι,
549 3415 640 3463 καὶ
692 3409 820 3482 ούχὶ
856 3409 1113 3483 ἁπρεπίσι
1167 3418 1423 3485 κραυγαῖς
1470 3415 1560 3463 καὶ
1616 3429 1805 3481 συγκε-

182 3502 485 3571 χυμέναις,
552 3497 680 3551 ἀλλὰ
741 3503 879 3570 πόνῳ
943 3494 1170 3573 καρδίας
1230 3504 1317 3552 xui
1384 3499 1656 3572 λογισμοῖς
1720 3503 1804 3557 νή-

183 3606 368 3660 φουσι
419 3592 703 3662 προσέχειν
756 3596 829 3659 τῷ
882 3593 1079 3661 Κυρίῳ.
1129 3590 1231 3644 Καὶ
1278 3590 1452 3662 ὥσπερ
1506 3589 1591 3641 ἐὰν
1641 3591 1685 3640 εἴ
1729 3607 1808 3649 τις

184 3682 340 3749 ἱχων
409 3679 550 3736 πάθη
618 3682 707 3730 καὶ
753 3678 1201 3750 καυτηριάζηται,
1252 3682 1342 3730 καὶ
1398 3686 1803 3753 χειρουργῆται,

190 3768 368 3826 οὕτως
421 3762 668 3841 ἀνδρείως
724 3771 815 3819 καὶ
871 3767 1265 3840 ὑπομονητικως
1324 3769 1460 3842 φέρει
1506 3769 1593 3819 τόν
1643 3785 1806 3839 προσ-

192 3859 473 3929 φερόμενον
523 3860 699 3920 πόνον,
748 3856 867 3908 ἄνευ
913 3854 1135 3929 θορύϐου
1178 3860 1267 3909 καὶ
1312 3863 1555 3929 ταραχῆς
1604 3862 1805 3927 κρατῶν

196 3944 390 3997 ἑαυτοῦ
417 3962 433 3973 ·
481 3944 585 3998 εἰσὶ
624 3941 685 3997 δί
722 3944 869 3998 ἄλλοι
913 3948 1000 3998 τόν
1041 3944 1195 3998 αύτόν
1247 3948 1399 3998 πόνον
1449 3947 1675 4017 ἔχοντες,
1716 3948 1804 3996 xui

195 4036 246 4086 ἓν
314 4042 390 4105 τῷ
448 4035 900 4109 καυτηριάζεσθαι
963 4035 992 4094 ἣ
1057 4036 1487 4108 χειρουργείσθαι
1551 4040 1807 4109 κραυγαῖς

196 4122 459 4196 ἁπρεπέσι
523 4127 874 4198 κέχρηντιαι’
941 4128 1031 4176 καὶ
1081 4124 1234 4186 αύτός
1297 4125 1413 4177 ἐστι
1486 4127 1642 4185 πόνος
1716 4129 1807 4175 τοῦ

203 4211 438 4282 βοῶντος
479 4218 569 4265 καὶ
606 4220 699 4265 τοῦ
742 4217 815 4286 μὴ
855 4211 1098 4286 βοῶντος,
1154 4220 1245 4266 τοῦ
1274 4217 1669 4289 ταρασσομένου
1718 4217 1807 4265 xui

201 4308 296 4353 τοῦ
346 4305 416 4371 μὴ
458 4306 873 4374 ταρασσομένου.
918 4302 1039 4355 Εἰσί
1078 4321 1209 4364 τινες
1249 4302 1412 4362 οὕτως
1451 4304 1657 4374 ἔχοντες
1703 4300 1809 4354 θλί-

201 4390 294 4461 ψιν
349 4394 439 4442 καὶ
477 4409 650 4457 πονον,
696 4394 786 4443 καὶ
834 4389 1235 4453 εύκαταστάτως
1270 4395 1535 4465 φερόμενοι
1569 4392 1687 4443 ἄνευ
1722 4410 1809 4443 τα-

201 4485 403 4551 ραχῆς,
436 4487 743 4548 κρατοῦντες
781 4479 975 4533 ἑαυτῶν
1013 4483 1099 4533 τὸν
1129 4487 1246 4532 νοῦν
1284 4482 1333 4532 ἑν
1372 4487 1481 4541 τοῖς
1513 4478 1806 4551 λογισμοῖς.

202 4568 322 4620 Εἰσὶ
357 4564 415 4621 δὲ
441 4568 586 4621 ἄλλοι
608 4572 705 4627 τὴν
732 4568 894 4628 αὐτὴν
922 4568 1096 4641 θλίψιν
1117 4572 1345 4643 ἔχοντες,
1368 4573 1457 4621 καὶ
1486 4567 1811 4641 ἀνυπομονὴ-

202 4676 305 4718 τως
355 4662 641 4733 φερόμενοι,
689 4661 818 4731 μετὰ
857 4658 1079 4731 θορύϐου
1114 4664 1203 4712 xui
1242 4668 1488 4732 ταραχῆς
1524 4660 1611 4719 τὰς
1650 4677 1809 4731 προσ-

205 4748 372 4817 ευχὰς
424 4754 693 4810 ποιοῦντες
755 4748 828 4811 εἰς
890 4752 950 4801 τὸ
1006 4751 1094 4801 καὶ
1147 4751 1272 4810 τοὺς
1320 4748 1599 4808 ἀκούοντας
1658 4765 1813 4799 σκαν-

203 4832 539 4898 δαᾙζεσθαι.
592 4837 715 4890 Εἰσὶ
763 4833 824 4890 δι
868 4837 1015 4891 ἄλλοι
1056 4842 1127 4910 μὴ
1170 4840 1378 4909 ἔχοντες
1419 4840 1590 4902 πόνον,
1638 4837 1711 4898 εἰς
1753 4832 1812 4890 δι

200 4922 478 4991 ἐπίδειξιν,
552 4927 582 4986 ἦ
665 4922 928 4980 ίδιωτείαν
1002 4932 1288 5001 φερόμενοι,
1354 4934 1608 4998 κραυγαῖς
1683 4925 1810 4979 ἀτά-

200 5034 349 5076 κτοις
381 5018 696 5089 κίχρηνται,
734 5018 802 5080 ὡς
842 5013 939 5071 διὰ
970 5018 1164 5070 τούτων
1206 5013 1485 5089 δυνάμενοι
1535 5015 1814 5091 εὐαρεστῆ-

202 5122 294 5158 ou
325 5112 398 5177 τῷ
426 5111 563 5179 Θεῷ.

270 5283 347 5339 B’.
395 5282 472 5336 Ού
518 5287 630 5358 χρὴ
682 5280 741 5337 δᾶ
798 5286 886 5337 τόν
936 5290 1030 5337 τοῦ
1075 5289 1209 5338 Θεοῦ
1263 5279 1449 5336 δοῦλον
1502 5281 1550 5335 ἒν
1597 5284 1809 5354 τοιαύτῃ

198 5371 583 5446 ἀκαταστασία
646 5370 799 5439 εἶναι,
860 5371 966 5426 ἀλλ’
1031 5371 1081 5425 ἕν
1141 5374 1319 5447 σπάση
1384 5374 1668 5445 ήμερότητι
1723 5377 1812 5425 καὶ

200 5482 384 5536 σοφίᾳ,
440 5464 612 5526 καθὼς
665 5461 800 5516 εἶπεν
853 5464 879 5515 ό
924 5468 1191 5537 προφήτης
1224 5482 1236 5496 ·
1298 5463 1433 5515 Ἐπὶ
1483 5465 1627 5514 τίνα
1683 5459 1814 5514 ἔπι-

278 5672 330 5708 ⁸⁸
366 5670 540 5730 Joan.
573 5688 627 5739 ι,
668 5671 758 5729 27.
846 5673 892 5708 ⁶⁹
933 5669 1079 5729 Ibid.
1112 5671 1201 5728 14.

1842 4440 1886 4495 i)

1940 1816 2281 1887 plebuntur,
2301 1836 2486 1891 quam
2529 1821 2589 1876 in
2627 1822 2750 1879 vita
2782 1823 2896 1879 hac
2932 1839 2993 1879 in
3028 1826 3233 1883 anima
3259 1828 3585 1886 habebant.

1940 1907 2005 1960 Et
2030 1906 2110 1963 ita
2148 1907 2372 1963 lumine
2410 1908 2612 1965 divino
2652 1909 2943 1977 illustrati,
2977 1915 3033 1968 et
3069 1913 3131 1969 in
3165 1915 3383 1972 caelum
3422 1918 3590 1975 abre-

1933 1995 2028 2063 pti
2054 1996 2117 2050 in
2144 2011 2450 2053 occursum
2480 1998 2735 2064 Domini,
2770 2000 2831 2054 in
2865 2016 3028 2065 aera.
3062 2007 3125 2058 ut
3154 2004 3443 2076 scriptum
3471 2011 3581 2073 est,

1934 2083 1997 2138 in
2029 2089 2315 2142 aeternum
2346 2102 2478 2143 cum
2523 2088 2772 2144 Domino
2816 2089 3035 2147 erimus
3086 2093 3155 2156 ⁷ο,
3188 2108 3308 2150 una
3345 2110 3484 2152 cum
3515 2111 3587 2153 eo

1932 2178 2250 2243 regnantes
2280 2175 2340 2229 in
2370 2175 2602 2232 infinita
2624 2178 2981 2235 saeculorum
3008 2180 3247 2238 saecula.
3276 2188 3483 2240 Amen.

2554 2477 2843 2535 HOMILIA
2878 2478 2967 2535 VI.

1930 2598 2043 2667 Qui
2070 2600 2199 2681 Deo
2214 2600 2457 2681 placere
2477 2603 2742 2681 cupiunt,
2756 2618 2959 2671 preces
2988 2619 3125 2681 suas
3153 2606 3217 2663 in
3228 2623 3393 2676 pace,
3410 2614 3579 2668 tran-

1997 2672 2319 2796 Zuillitale,
2351 2676 2806 2731 mansuetudine
2833 2690 2901 2730 ac
2928 2672 3452 2749 sapientia-facere
3478 2684 3578 2740 de-

2039 2750 2159 2796 em.
2182 2758 2256 2796 ne
2277 2744 2529 2796 clamori
2555 2745 2769 2796 bususi.
2800 2748 3070 2796 omnibus
3084 2752 3440 2796 scandalum
3474 2770 3578 2796 nn.

2039 2750 2159 2825 ent,
2182 2744 2529 2825 nehclanzori
2555 2745 2769 2825 bususi,
2800 2748 3070 2825 omnibus
3084 2744 3441 2809 scandalum
3473 2770 3579 2823 pa-

1994 2815 2179 2893 rinat.
2234 2814 2511 2893 continet
2554 2832 2690 2873 vero
2736 2817 2983 2875 homilia
3017 2820 3168 2893 duas
3206 2814 3574 2893 quastiories,

1996 2892 2059 2962 ut
2072 2901 2203 2962 rum
2222 2885 2426 2962 throni
2438 2889 2490 2942 el
2502 2902 2735 2962 coronae
2748 2894 3041 2946 creatura
3052 2892 3191 2962 sint,
3208 2885 3349 2951 etde
3359 2885 3577 2954 duode;

1994 2956 2106 3013 cim
2133 2957 2367 3014 thronis
2395 2958 2602 3015 Israel.

1988 3225 2030 3277 Ι.
2061 3222 2169 3289 Qui
2200 3222 2493 3280 accedunt
2513 3223 2592 3281 ad
2624 3226 3575 3301 Dominum,debentprecessuas

1916 3313 1977 3367 in
2025 3312 2244 3384 quiete,
2284 3328 2432 3385 pace
2481 3319 2536 3370 et
2588 3315 3009 3388 tranquillitate
3064 3317 3252 3374 multa
3304 3316 3574 3387 fundere,

1915 3416 2037 3458 non
2066 3402 2282 3474 ineptis
2312 3406 2415 3458 aut
2440 3402 2707 3459 confusis
2739 3405 3103 3463 clamoribus
3134 3407 3238 3473 uti,
3270 3407 3371 3463 sed
3390 3406 3577 3463 inten-

1916 3490 2075 3546 tione
2103 3490 2299 3547 cordis
2330 3497 2387 3548 et
2416 3492 2879 3562 cogitationibus
2900 3495 3111 3551 sobriis
3133 3496 3436 3553 attendere
3470 3497 3577 3551 Do-

1916 3581 2104 3636 mino.
2138 3580 2347 3651 Veluti,
2374 3582 2521 3637 dum
2548 3582 2682 3654 quis
2726 3584 2939 3641 morbo
2986 3586 3096 3656 27
3133 3602 3484 3658 oppressus,
3526 3585 3577 3641 si

1916 3668 2181 3725 cauterio
2235 3668 2507 3726 inuratur
2545 3676 2602 3726 et
2649 3672 2987 3741 chirurgica
3046 3689 3230 3729 manu
3272 3679 3571 3737 tractetur,

1916 3773 2104 3830 quam
2138 3757 2363 3813 fortiter
2392 3762 2448 3813 et
2480 3759 2773 3829 patienter
2790 3759 3058 3817 dolorem
3086 3761 3317 3818 illatum
3345 3762 3571 3828 tolerat,

1916 3846 2148 3919 absque
2191 3846 2450 3901 tumultu
2496 3852 2553 3902 et
2597 3848 3042 3919 perturbatione
3074 3850 3339 3921 seipsum
3388 3850 3577 3906 conti-

1917 3951 2089 3993 nens.
2126 3938 2241 3991 Nec
2280 3935 2497 3991 desunt
2536 3935 2656 4002 alii,
2684 3938 2788 4008 qui
2836 3937 3048 3993 eodem
3106 3938 3311 3994 dolore
3356 3937 3569 4003 affecti,

1916 4026 2060 4082 dum
2118 4025 2378 4081 cauteria
2400 4024 2781 4095 adhibentur,
2810 4030 2911 4081 aut
2937 4043 2972 4082 a
3003 4027 3293 4096 chirurgis
3326 4026 3442 4098 ipsi
3468 4031 3574 4083 tra-

1916 4116 2172 4179 ctantur,
2210 4112 2623 4169 indecentibus
2662 4114 3027 4171 clamoribus
3053 4121 3296 4171 utuntur
3327 4137 3340 4171 :
3375 4120 3432 4171 et
3465 4130 3576 4187 par

1917 4208 2117 4260 tamen
2135 4207 2227 4259 est
2250 4201 2420 4257 dolor
2439 4201 2751 4258 clamantis
2780 4208 2837 4259 et
2854 4219 2973 4259 non
2992 4203 3329 4269 clamantis,
3361 4204 3576 4260 tumul-

1918 4292 2137 4350 tuantis
2178 4296 2233 4348 et
2254 4307 2374 4347 non
2394 4291 2830 4348 tumultuantis.
2851 4293 3261 4365 Suntquidam
3286 4293 3413 4366 qui,
3428 4292 3576 4348 dum

1917 4381 2199 4439 eumdem
2250 4379 2520 4436 dolorem
2558 4386 2614 4436 et
2683 4380 3025 4438 molestiam
3071 4383 3385 4448 sustinent,
3419 4387 3578 4438 tran-

1918 4470 2103 4543 quillo
2136 4469 2339 4526 animo
2369 4469 2586 4537 ferunt,
2620 4476 2672 4525 et
2694 4470 2927 4542 absque
2957 4470 3414 4542 pertuahatione
3453 4488 3575 4527 suae

1920 4560 2136 4615 mentis
2165 4559 2555 4631 cogitationes
2588 4560 2898 4615 sustinent.
2926 4562 3072 4616 Sunt
3115 4565 3170 4615 et
3217 4561 3315 4616 alii
3362 4560 3576 4616 eadem

1920 4648 2241 4705 afﬂictione
2267 4648 2669 4721 oppressi,qui
2698 4648 3577 4721 impatientianimodumillam

1921 4739 2137 4802 ferunt,
2164 4737 2581 4793 cumtumultu
2630 4742 2686 4794 et
2731 4738 3180 4809 perturbatione
3214 4753 3421 4809 preces
3447 4736 3576 4794 fun-

1921 4827 2093 4891 dunt,
2109 4831 2171 4881 ut
2185 4826 2287 4898 qui
2302 4825 2572 4893 audiunt,
2592 4826 2945 4882 scandalum
2959 4828 3019 4881 in
3034 4826 3409 4882 contrahant.
3429 4828 3575 4883 Sunt

1923 4921 1976 4972 et
2006 4916 2127 4981 alii,
2157 4916 2260 4987 qui
2286 4916 2563 4987 quamvis
2603 4915 2835 4971 nullum
2873 4915 3142 4971 dolorem
3187 4915 3464 4981 sentiant,
3496 4915 3575 4972 ad

1921 5006 2381 5063 ostentationem
2410 5009 2633 5072 tamen,
2667 5013 2769 5060 aut
2794 5019 2867 5060 ex
2918 5004 3199 5077 peculiari
3231 5020 3418 5071 more,
3463 5006 3577 5059 im-

1922 5095 2194 5168 portuisn
2217 5093 2584 5151 clamoribus
2615 5096 2881 5161 utuntur,
2915 5108 2986 5149 ac
3012 5093 3059 5149 si
3080 5092 3172 5150 his
3197 5092 3427 5165 possint
3452 5092 3576 5165 pla-

1923 5199 2054 5240 cere
2088 5185 2231 5239 Deo.

1994 5282 2066 5337 II.
2092 5284 2222 5337 Non
2259 5284 2460 5338 autem
2490 5281 2660 5337 decet
2687 5296 2929 5337 servum
2956 5280 3054 5336 Dei
3086 5280 3147 5336 in
3176 5280 3292 5336 hoc
3331 5283 3454 5337 tam
3484 5279 3577 5336 in-

1923 5370 2255 5443 composito
2286 5374 2443 5426 statu
2479 5370 2687 5436 vivere,
2732 5370 2839 5425 sed
2878 5371 2937 5425 in
2968 5369 3132 5427 omni
3154 5368 3577 5441 tranquillitate

1923 5476 1993 5517 ac
2020 5459 2334 5532 sapientia,
2365 5464 2427 5517 ut
2457 5460 2649 5532 inquit
2677 5459 2972 5532 propheta
3004 5474 3016 5513 :
3051 5459 3148 5516 Ad
3181 5474 3352 5531 quem
3390 5458 3578 5533 respi-

1294 5670 1343 5708 ⁷ο
1368 5668 1611 5728 IThess.
1644 5685 1717 5739 ιν,
1751 5668 1839 5740 16,
1869 5669 1955 5726 17.
