4058 6194
509 277 611 333 519

1806 262 1865 321 S.
1909 261 2212 321 MACARII
2252 259 2560 321 EGYPTII

3754 268 3861 321 520

490 400 667 466 ciam,
693 396 809 456 nisi
828 397 909 455 ad
934 402 1332 460 mansuetum,
1347 396 1400 451 et
1423 392 1776 465 quietum,et
1804 395 2147 447 trementem

2262 389 2486 461 ϐλέψω,
2530 389 2652 442 ἀλλ’
2682 394 2710 449 ἤ
2747 388 2849 442 ἰπὶ
2888 392 2993 443 τὸν
3036 396 3235 463 πρᾶον
3274 394 3381 443 καὶ
3419 390 3712 462 ἡσύχιον
3750 395 3862 443 καὶ

488 503 784 548 sermones
813 501 968 544 meos
994 487 1039 522 τι
1070 483 1097 537 ?
1131 488 1195 541 Et
1249 482 1619 555 temporibus
1668 481 1888 553 Moysis
1920 486 1977 536 et
2011 480 2147 536 Eliae

486 578 840 651 reperimus,
872 574 1058 648 quod,
1091 590 1229 630 cum
1262 573 1321 628 in
1352 569 1849 644 apparitionibus,
1874 584 2006 642 quae
2035 568 2148 624 illis

487 667 851 738 obtigerunt,
885 664 1073 720 multa
1099 663 1423 719 ministeria
1453 661 1736 716 tubarum
1769 664 1825 715 et
1863 660 2148 715 virtutum

488 752 1183 829 praecessissentDomini
1216 750 1612 821 majestatem,
1647 749 1705 803 in
1734 747 1845 803 illis
1868 747 2148 802 omnibus

488 845 729 917 agnitus
767 842 941 900 fuerit
996 846 1053 898 et
1101 839 1445 913 apparuerit
1489 838 1782 894 adventus
1818 835 2052 892 Domini
2090 837 2148 890 in

492 949 662 1006 pace,
693 938 747 989 et
770 930 1212 1003 tranquillitate,
1245 935 1302 985 et
1327 928 1543 999 quiete.
1570 927 1723 983 Ecce
1739 926 1914 988 enim,
1935 923 2147 995 inquit,

490 1038 606 1080 vox
634 1036 801 1079 aura
830 1020 1038 1083 tenuis,
1064 1024 1119 1075 et
1148 1019 1213 1073 in
1233 1033 1302 1074 ea
1331 1016 1618 1073 Dominus
1656 1017 1724 1069 ⁷³.
1750 1014 1956 1086 Liquet
1985 1028 2148 1081 ergo,

494 1110 661 1183 quod
687 1110 924 1181 requies
960 1107 1194 1163 Domini
1224 1108 1333 1162 sita
1360 1107 1436 1161 sit
1462 1107 1520 1160 in
1551 1120 1699 1177 pace
1728 1108 1785 1159 et
1822 1100 2152 1174 tranquilli-

506 1204 643 1255 tate.
672 1197 1152 1254 Fundamentum
1195 1196 1377 1261 enim,
1410 1196 1571 1267 quod
1618 1193 1820 1265 iecerit
1860 1192 2066 1256 homo,
2095 1194 2152 1245 et

498 1286 732 1342 initium
759 1285 921 1359 quod
946 1284 1186 1357 ceperit,
1220 1284 1367 1340 ineo
1393 1299 1586 1355 usque
1626 1282 1703 1338 ad
1721 1282 1902 1337 ﬁnem
1917 1296 2151 1353 perma-

494 1379 614 1430 net.
645 1376 701 1431 Si
725 1374 843 1431 alta
875 1375 1054 1429 nimis
1100 1378 1157 1429 et
1184 1372 1435 1445 querula
1486 1388 1628 1427 voce
1670 1386 1875 1443 preces
1905 1368 2150 1425 fundere

491 1463 758 1535 coeperit,
804 1463 881 1519 ad
909 1464 1090 1518 ﬁnem
1119 1478 1305 1534 usque
1332 1461 1611 1517 eamdem
1652 1459 2147 1515 consuetudinem

492 1553 738 1609 obtinet.
768 1553 919 1621 Quia
972 1558 1171 1608 autem
1204 1551 1495 1607 Dominus
1535 1548 1903 1605 humanitate
1934 1548 2149 1619 plenus

489 1647 599 1707 est,
630 1641 930 1711 contingit,
969 1646 1032 1696 ut
1078 1641 1217 1696 huic
1247 1639 1428 1695 etiam
1472 1638 1760 1695 auxilium
1790 1642 2044 1709 praestet.
2087 1633 2151 1690 Hi

2257 482 2576 553 τρέμοντά
2614 499 2732 552 μου
2772 482 2924 541 τοὺς
2960 478 3229 550 λόγους;
3260 483 3362 533 Καὶ
3393 481 3475 531 ἐπὶ
3508 486 3601 532 τοῦ
3630 482 3868 539 Μωσέως

2258 573 2346 620 καὶ
2424 576 2515 621 τοῦ
2580 568 2731 621 Ἠλία
2805 570 3132 641 εὑρίσκομεν,
3196 570 3277 621 ὅτι
3338 568 3388 620 ἓν
3461 576 3521 640 τῇ
3580 572 3860 641 γιγνομένῃ

2259 658 2436 720 αὐτοῖς
2494 657 2759 731 ἐπιφανείᾳ
2812 658 3000 719 πολλῆς
3057 655 3327 720 διακονίας
3379 661 3684 730 γιγνομένης
3737 657 3868 709 σαλ-

2257 752 2457 819 πίγγων
2533 752 2621 800 καὶ
2697 744 2965 821 δυνάμεων
3039 749 3326 822 ἔμπροσθεν
3387 756 3483 809 τῆς
3541 753 3869 807 Δεσποτικῆς

2258 836 2426 904 ἀξίας,
2484 836 2534 888 ἐν
2596 835 2803 897 ἐκείνοις
2848 842 2983 889 πᾶσι
3040 833 3278 911 διεκρίθη
3339 841 3428 889 καὶ
3482 835 3769 911 ἐφανερώθη
3831 838 3863 894 ἡ

2258 933 2354 978 τοῦ
2410 930 2604 997 Κυρίου
2658 930 2942 1001 παρουσία,
2998 925 3047 978 ἐν
3099 926 3300 1000 εἰρήνῃ,
3358 931 3449 978 καὶ
3496 927 3727 998 ἠσυχίᾳ,
3774 929 3870 978 καὶ

2261 1016 2569 1068 ἀναπαύσει.
2604 1011 2769 1068 Ἰδοὺ
2808 1018 2950 1089 γὰρ,
2995 1020 3145 1086 φησὶ,
3179 1018 3346 1087 φωνὴ
3382 1018 3578 1086 αὔρας
3608 1014 3866 1087 λεπτῆς,

2259 1111 2367 1157 καὶ
2405 1104 2461 1157 ἐν
2502 1104 2662 1177 αὐτῇ
2707 1106 2731 1156 ὁ
2768 1106 2893 1177 Κύρ
2913 1124 2968 1156 ιο
2988 1125 3025 1166 ς.
3070 1108 3340 1157 Δείκνυται
3376 1108 3564 1169 τοίνυν,
3599 1105 3679 1156 ὅτι
3710 1106 3740 1163 ἡ
3774 1111 3870 1156 τοῦ

2262 1198 2456 1267 Κυρίου
2507 1193 2799 1256 ἀνάπαυσις
2855 1192 2904 1245 ἐν
2963 1193 3138 1267 εἰρήνη
3196 1199 3285 1246 καὶ
3333 1194 3658 1246 καταστάσει
3711 1191 3872 1245 ἔστι·

2262 1266 2488 1355 θεμέλιον
2539 1286 2641 1357 γὰρ
2700 1266 2753 1335 όν
2812 1284 3021 1342 τίθησιν
3077 1285 3369 1357 ἄνθρωπος,
3431 1287 3520 1335 καὶ
3578 1281 3751 1356 ἀρχὴν
3808 1282 3871 1341 ἣν

2259 1374 2505 1447 ἄρχεται,
2543 1372 2590 1424 ἐν
2629 1372 2761 1444 αὐτῇ
2802 1377 2965 1444 μέχρι
3004 1371 3181 1434 τέλους
3225 1368 3459 1443 διαμένει
3491 1390 3504 1404 ο
3558 1373 3644 1424 ἑὰν
3682 1373 3729 1423 ἓν
3767 1392 3875 1443 φω-

2257 1470 2344 1535 νῇ’,
2398 1467 2486 1514 καὶ
2530 1470 2741 1535 ταραχῇ
2794 1462 3019 1537 ἄρξηται
3075 1466 3167 1519 τὴν
3220 1466 3528 1534 προσευχὴν
3577 1463 3869 1527 ποιεῖσθαι,

2260 1555 2423 1624 μέχρι
2483 1551 2652 1612 τέλους
2702 1556 2796 1609 τὴν
2848 1552 3010 1609 αὐτὴν
3071 1553 3335 1604 συνέθειαν
3395 1558 3594 1624 κρατεῖ.
3650 1546 3870 1609 Ἐπειδὴ

2263 1635 2321 1690 δὲ
2370 1640 2395 1689 ὁ
2455 1641 2639 1712 Κύριος
2691 1638 3049 1711 φιλάνθρωπός
3099 1638 3230 1709 ἔστι,
3286 1638 3579 1712 συμϐαίνει,
3639 1641 3716 1691 ότι
3780 1642 3878 1690 καὶ

487 1732 666 1802 igitur
690 1736 931 1803 propter
957 1729 1279 1803 impulsum
1311 1729 1515 1799 gratias
1539 1728 1617 1784 ad
1643 1727 1824 1783 linem
1859 1741 2046 1798 usque
2060 1741 2149 1780 ea-

2262 1730 2426 1798 τούτῳ
2493 1724 2691 1780 δίδωσι
2747 1727 3018 1800 βοήθειαν,
3078 1728 3240 1781 Οὗτοι
3295 1725 3383 1780 οὖν
3444 1725 3538 1781 διὰ
3600 1732 3685 1785 τὴν
3743 1745 3879 1799 προ-

488 1820 628 1875 dem
684 1818 1116 1875 consuetudine
1169 1823 1437 1883 utuntur,
1489 1817 1765 1889 quamvis
1812 1815 2150 1881 videamus,

488 1908 653 1980 quod
677 1908 772 1963 hic
802 1907 1085 1978 precandi
1118 1906 1337 1962 modus
1367 1906 1685 1961 idiotarum
1721 1905 1814 1971 sit,
1839 1910 2155 1976 propterea

501 1996 668 2070 quod
697 1996 828 2052 aliis
848 1996 1203 2052 scandalum
1233 1996 1487 2068 pariant,
1508 2001 1565 2052 et
1596 1994 1827 2067 seipsos
1847 1996 1997 2049 inter
2018 2008 2155 2064 pre-

496 2086 646 2143 cand
657 2101 756 2141 um
789 2084 1157 2158 perturbent.

565 2213 654 2266 lll.
692 2211 904 2265 Verum
943 2214 1145 2265 autem
1197 2208 1482 2265 orationis
1540 2207 2001 2263 fundamentum
2037 2206 2154 2261 hoc

500 2303 613 2364 est,
654 2298 960 2354 attendere
976 2299 1259 2354 nimirum
1279 2298 1761 2368 cogitationibus,
1793 2303 1849 2352 et
1876 2297 1935 2351 in
1967 2295 2154 2351 multa

500 2387 924 2459 tranquillitate
972 2392 1029 2443 et
1080 2403 1225 2458 pace
1269 2403 1478 2459 preces
1525 2386 1795 2452 fundere,
1856 2392 1917 2441 ut
1964 2385 2153 2441 caeteri

490 2474 655 2534 nulla
706 2476 935 2532 ratione
985 2476 1342 2531 scandalum
1391 2476 1704 2547 accipiant.
1739 2476 1839 2530 Hic
1886 2475 2067 2538 enim,
2103 2473 2153 2528 si

490 2571 851 2623 consecutus
883 2565 1143 2635 gratiam
1176 2566 1274 2621 Dei
1296 2572 1352 2621 et
1373 2564 1819 2637 perfectionem,
1853 2580 2043 2635 usque
2076 2562 2155 2619 ad

493 2654 681 2711 ﬁnem
713 2653 1026 2725 tranquille
1052 2660 1328 2725 precatus
1345 2654 1537 2720 fuerit,
1571 2653 1763 2722 magis
1781 2653 2001 2710 multos
2021 2652 2155 2708 aedi-

491 2742 716 2799 ﬁcabit.
747 2743 884 2799 Non
914 2743 1069 2799 enim
1095 2750 1178 2800 est
1219 2743 1586 2812 confusionis
1604 2743 2151 2810 Deus,sedpacis".

500 2833 610 2899 Qui
636 2832 795 2888 enim
825 2831 1190 2889 clamoribus
1213 2839 1477 2899 utuntur,
1502 2832 1909 2889 hortatoribus
1931 2830 2157 2887 similes

492 2926 650 2990 sunt,
683 2926 739 2977 et
767 2936 890 2976 non
922 2926 1174 2993 possunt
1203 2922 1421 2994 ubique
1452 2921 1703 2994 precari,
1740 2937 1935 2994 neque
1965 2921 2026 2976 in
2057 2936 2156 2975 ec-

487 3010 703 3078 clesiis,
730 3025 925 3083 neque
957 3010 1018 3066 in
1071 3011 1235 3077 vicis,
1279 3010 1391 3066 nisi
1428 3010 1576 3067 forte
1617 3011 1678 3066 in
1712 3009 2154 3081 solitudinibus,

488 3116 600 3172 pro
649 3100 843 3157 lubitu
877 3116 1007 3156 suo.
1038 3102 1148 3168 Qui
1188 3105 1389 3157 autem
1439 3100 1755 3173 tranquille
1817 3105 2154 3172 precantur,
2189 3094 2229 3149 C

488 3204 701 3247 omnes
731 3190 791 3245 in
817 3189 981 3245 omni
1024 3190 1156 3246 loco
1172 3189 1489 3246 aediﬁcant.
1523 3190 1872 3245 Decetenim
1912 3205 2155 3245 omnem

488 3277 758 3335 laborem
778 3279 1041 3334 hominis
1059 3279 1330 3335 consumi
1352 3280 1413 3332 in
1437 3278 1918 3349 cogitationibus,
1934 3294 2004 3333 ac
2017 3277 2157 3332 sub-

480 3365 704 3439 jectam
745 3367 1055 3422 materiam
1089 3383 1411 3439 pravarum
1465 3366 1893 3436 cogitationum
1952 3364 2153 3437 praeci-

488 3453 652 3521 dere,
680 3458 737 3509 et
763 3454 1115 3525 compellere
1146 3455 1415 3525 seipsum
1447 3455 1524 3510 ad
1555 3455 1762 3520 Deum,
1796 3470 1906 3509 nec
1928 3454 2154 3509 obtem-

489 3556 697 3613 perare
750 3542 1037 3597 voluntati
1086 3543 1537 3612 cogitationum,
1582 3543 1687 3598 sed
1738 3560 1839 3599 eas
1885 3543 2153 3616 undique

488 3638 753 3687 errantes
783 3631 1077 3701 colligere,
1111 3631 1515 3688 discernendo
1537 3633 1837 3689 naturales
1860 3650 1895 3688 a
1927 3634 2150 3704 pravis.

486 3719 702 3777 Anima
731 3722 891 3776 enim
928 3737 1063 3793 quae
1085 3727 1332 3794 peccato
1363 3722 1628 3779 obnoxia
1672 3728 1779 3789 est,
1815 3723 2060 3796 perinde
2089 3739 2151 3778 se

485 3809 669 3866 habet
699 3826 769 3867 ac
801 3810 848 3865 si
890 3812 961 3867 sit
990 3812 1050 3866 in
1081 3818 1285 3868 monte
1331 3827 1553 3882 magna
1597 3812 1768 3879 silva,
1815 3818 1918 3868 aut
1948 3813 2006 3867 in
2036 3812 2148 3868 ﬂu-

486 3900 648 3956 mine
669 3900 1014 3967 arundines,
1042 3906 1146 3958 aut
1185 3902 1388 3957 densas
1422 3902 1611 3975 spinea
1627 3918 1696 3958 ac
1733 3901 2149 3967 nemora.Qui-

487 4003 725 4062 cunque
765 3988 941 4060 igitur
968 3989 1133 4045 illum
1167 3991 1358 4046 locum
1394 3990 1819 4061 transgressuri
1860 3996 2016 4061 sunt,
2047 4007 2149 4047 eos

486 4077 809 4133 extendere
846 4094 1086 4144 manus,
1119 4084 1172 4133 et
1205 4095 1343 4134 cum
1365 4079 1644 4135 violentia
1683 4095 1753 4136 ac
1786 4078 1991 4135 labore
2013 4080 2149 4134 sub-

482 4166 707 4236 jectam
733 4166 1043 4222 materiam
1075 4168 1307 4222 amoliri
1338 4174 1588 4238 oportet.
1607 4168 1947 4239 Itaquoque
1969 4173 2149 4223 mate-

487 4252 577 4309 ria
602 4253 1034 4322 cogitationum
1074 4255 1433 4311 adversariaa
1456 4255 1764 4326 potestatis
1796 4257 2014 4311 animas
2045 4256 2149 4311 ad-

487 4340 687 4396 haeret.
723 4343 936 4411 Magna
966 4342 1144 4411 igitur
1173 4343 1357 4399 animi
1393 4344 1697 4413 diligentia
1732 4361 1802 4400 ac
1824 4346 2147 4401 attentione

2260 1821 2455 1889 τροπὴν
2506 1825 2597 1877 τῆς
2647 1819 2892 1891 χάριτος,
2948 1819 3036 1877 ἕως
3088 1817 3263 1878 τελους
3313 1825 3374 1890 τῇ
3434 1821 3564 1889 αὐτῇ
3621 1818 3881 1887 συνηθείᾳ

2263 1905 2675 1979 ἀποκέχρηνται,
2712 1905 2817 1957 ἀλλ’
2855 1908 3050 1980 ὁρῶμεν
3099 1908 3181 1958 ὅτι
3219 1910 3277 1958 τὸ
3319 1910 3476 1981 μέρος
3516 1913 3669 1958 τοῦτο
3725 1902 3883 1957 ἰδιω-

2261 2003 2359 2046 τῶν
2398 1999 2531 2062 ἐστι,
2585 1992 2678 2047 διὰ
2726 1998 2782 2047 τό
2832 2001 2918 2048 καὶ
2969 1995 3156 2056 ἄλλους
3201 1992 3589 2063 σκανδαλίζειν,
3641 1999 3731 2047 καὶ
3783 1994 3885 2046 αὐ-

2261 2088 2377 2145 τοὺς
2406 2088 2817 2157 τεταραγμένους
2845 2086 3113 2138 ποιεῖσθαι
3137 2089 3233 2143 τὴν
3265 2088 3593 2157 προσευχὴν.

2333 2209 2405 2264 Γ’.
2449 2209 2504 2269 ὀ
2555 2207 2613 2262 δὲ
2662 2209 2905 2271 ἀληθινὸς
2948 2210 3178 2281 θεμέλιος
3223 2216 3311 2271 τῆς
3364 2217 3669 2284 προσευχῆς
3719 2210 3883 2272 οὗτός

2262 2298 2393 2364 ἐστι,
2440 2303 2497 2352 τό
2540 2303 2821 2374 προσέχειν
2858 2307 2966 2362 τοῖς
3005 2300 3296 2371 λογισμοῖς,
3336 2304 3426 2352 καί
3462 2298 3509 2350 ἐν
3540 2299 3699 2371 πολλῇ
3743 2300 3886 2356 ἠσυ-

2261 2408 2364 2460 χιᾳ
2413 2394 2503 2440 καὶ
2552 2388 2727 2462 εἰρήνῃ
2782 2390 3049 2441 ποιεῖσθαι
3095 2392 3187 2446 τὴν
3242 2392 3570 2459 προσευχὴν,
3631 2390 3696 2448 ὡς
3743 2393 3887 2459 μήτε

2262 2482 2384 2539 τοὺς
2434 2477 2616 2540 ἔξωθεν
2664 2474 3133 2538 σκανδαλίζεσθαι.
3189 2478 3356 2539 Οὗτος
3403 2480 3504 2549 γὰρ
3558 2475 3643 2528 ἐὰν
3693 2474 3883 2529 ἐπιδέ-

2265 2566 2419 2628 ξηται
2457 2572 2550 2624 τὴν
2580 2568 2743 2640 χάριν
2782 2575 2875 2620 τοῦ
2916 2574 3071 2632 Θεοῦ,
3107 2572 3196 2619 καὶ
3230 2566 3490 2619 τελείωσιν
3530 2567 3666 2640 ἄχρι
3699 2566 3885 2628 τέλους

2264 2654 2311 2707 ἐν
2360 2657 2572 2727 ἠσυχίᾳ
2611 2661 2839 2726 ποιήσει,
2886 2656 3035 2709 πλέον
3080 2659 3202 2717 τοὺς
3244 2655 3465 2717 πολλοὺς
3506 2651 3881 2727 οἰκοδομήσει.

2266 2743 2349 2796 Οὔ
2389 2746 2505 2818 γάρ
2536 2743 2717 2796 ἔστιν
2748 2745 3256 2805 ἀκαταστασίας
3287 2746 3313 2796 ὁ
3344 2748 3517 2809 Θεὸς,
3546 2742 3671 2795 ἀλλ’
3705 2744 3885 2816 εἰρη-

2265 2853 2333 2891 νη
2352 2853 2393 2895 ς.
2454 2835 2519 2885 Οἱ
2571 2836 2672 2906 γὰρ
2721 2841 2836 2895 ταῖς
2878 2840 3134 2907 κραυγαῖς
3182 2837 3519 2906 κεχρημένοι,
3573 2832 3887 2894 κελευσταῖς

2267 2924 2492 2991 ἐοίκασι,
2538 2927 2609 2993 μὴ
2669 2919 2946 2995 δυνάμενοι
2992 2930 3270 2994 πανταχοῦ
3323 2922 3594 2987 εὔξασθαι,
3647 2926 3783 2993 μήτε
3826 2922 3886 2973 ἐν

2267 3011 2586 3077 ἐκκλησίαις,
2644 3018 2777 3084 μήτε
2842 3011 2890 3064 ἐν
2947 3017 3169 3084 κώμαις,
3220 3012 3265 3064 εἰ
3312 3017 3384 3085 μὴ
3456 3013 3601 3083 τάχα
3657 3012 3705 3063 ἐν
3761 3010 3890 3084 ἐρη-

2266 3108 2435 3175 μίαις,
2475 3104 2610 3154 κατὰ
2646 3105 2701 3155 τό
2745 3102 2940 3174 θέλημα
2976 3101 3166 3155 αὐτῶν.
3201 3103 3267 3155 Οἱ
3306 3097 3359 3154 δ’
3394 3100 3443 3154 ἐν
3471 3102 3683 3173 ἠσυχίᾳ
3712 3120 3889 3173 προσ-

2267 3197 2563 3263 ευχόμενοι,
2637 3192 2834 3251 πάντας
2905 3186 3279 3263 οἰκοδοῦμοσιν
3353 3188 3402 3241 ἐν
3477 3194 3632 3242 παντὶ
3706 3195 3887 3261 τόπῳ,

2264 3285 2379 3352 Χρὴ
2429 3283 2529 3355 γὰρ
2579 3280 2689 3333 ὅλον
2738 3284 2824 3332 τὸν
2875 3278 3050 3349 ἀγῶνα
3100 3287 3193 3331 τοῦ
3241 3277 3513 3353 ἀνθρώπου
3565 3277 3781 3331 ἐκτελεῖν
3825 3279 3889 3331 ἓν

2263 3376 2371 3430 τοῖς
2418 3369 2715 3441 λογισμοῖς,
2760 3374 2849 3421 καὶ
2904 3373 2996 3426 τὴν
3054 3372 3413 3444 περικειμένην
3460 3367 3584 3427 ὕλην
3635 3376 3733 3420 τῶν
3783 3388 3890 3421 πο·
3934 3419 3945 3427 ,

2261 3465 2428 3529 νηρῶν
2485 3457 2751 3529 λογισμῶν
2827 3456 3162 3523 ἀποκόπτειν,
3238 3462 3328 3511 καὶ
3395 3456 3612 3529 ἐπείγειν
3686 3456 3887 3511 ἑαυτὸν

2260 3550 2390 3619 πρὸς
2440 3549 2526 3598 τόν
2560 3551 2704 3613 Θεὸν,
2751 3550 2834 3598 καὶ
2886 3551 2958 3618 μὴ
3012 3555 3175 3600 ποιεῖν
3225 3549 3290 3599 τὰ
3328 3547 3590 3619 θελήματα
3643 3555 3744 3599 τῶν
3792 3546 3891 3601 λο-

2258 3642 2485 3705 γισμῶν,
2545 3633 2673 3685 ἀλλὰ
2729 3637 3059 3706 πανταχόθεν
3109 3633 3452 3708 ῥεμϐομένους
3505 3635 3692 3695 αὐτοὺς
3755 3654 3891 3687 συν-

2259 3722 2421 3793 άγειν,
2488 3718 2816 3796 διακρίνοντα
2881 3727 3002 3785 τοὺς
3071 3727 3327 3795 φυσικοὺς
3387 3722 3487 3776 ἀπὸ
3544 3731 3644 3775 τῶν
3712 3742 3887 3783 πονη-

2256 3816 2378 3882 ρῶν.
2436 3810 2718 3871 Πελάζεται
2768 3813 2869 3884 γὰρ
2923 3813 2953 3869 ἡ
3015 3810 3171 3883 ψυχὴ
3230 3808 3366 3864 οὖσα
3422 3812 3523 3863 ὑπό
3585 3811 3880 3884 ἁμαρτίαν,

2257 3899 2430 3972 ὥσπερ
2487 3898 2569 3951 ἐὰν
2613 3908 2642 3972 ᾗ
2687 3902 2735 3951 ἓν
2775 3899 2881 3973 ὄρει
2920 3900 3014 3958 ὖλη
3062 3899 3285 3972 μεγάλη,
3332 3904 3362 3958 ἢ
3418 3897 3466 3951 ἕν
3502 3908 3723 3972 ποταμῷ
3779 3921 3885 3954 καθ

2256 3986 2503 4060 λαμῶνες,
2559 3993 2588 4047 ἤ
2639 3985 2779 4047 δάση
2835 3991 2951 4041 τινὰ
2998 3989 3255 4054 ἀκανθῶν,
3311 3994 3398 4042 καὶ
3456 3990 3608 4044 ὑλῶν.
3660 3993 3729 4043 Οἱ
3784 3989 3883 4045 οὖν

2258 4076 2562 4150 βουλόμενοι
2620 4074 2691 4130 δι’
2740 4077 2934 4131 ἐκείνου
3014 4086 3103 4131 τοῦ
3169 4083 3328 4132 τόπου
3386 4079 3674 4151 παρελθεῖν,
3742 4080 3885 4154 ὀφεί-

2256 4165 2434 4218 λουσιν
2479 4164 2714 4219 ἐκτείνειν
2759 4168 2848 4228 τὰς
2884 4174 3088 4240 χεῖρας,
3147 4172 3237 4220 καὶ
3286 4170 3419 4239 μετὰ
3462 4166 3587 4240 βίας
3642 4174 3733 4221 καὶ
3783 4191 3884 4224 κα-

2256 4257 2426 4326 μάτου
2504 4252 2829 4308 ἀπωθεῖσθαι
2902 4260 2993 4315 τὴν
3059 4261 3419 4331 περικειμένην
3495 4255 3642 4315 ὕλην.
3716 4259 3881 4310 Οὕτω

2256 4348 2345 4396 καὶ
2409 4346 2437 4403 ἡ
2506 4353 2605 4397 τῶν
2671 4344 2934 4417 λογισμῶν
2994 4354 3090 4408 τῆς
3156 4344 3388 4408 ἐναντίας
3448 4341 3718 4417 δυνάμεως
3772 4347 3875 4406 ὖλη

489 4445 644 4500 opus
671 4435 776 4499 est,
808 4435 874 4485 ut
902 4432 1035 4502 quis
1067 4437 1337 4488 secernat
1366 4438 1641 4489 externas
1664 4434 2055 4505 cogitationes
2068 4435 2145 4492 ab

2262 4442 2536 4512 περίκειται
2583 4445 2645 4511 τῇ
2691 4437 2870 4511 ψυχῇ.
2914 4438 3113 4501 Πολλῆς
3154 4432 3241 4491 οὖν
3282 4434 3522 4501 σπουδῆς
3564 4444 3655 4492 καὶ
3699 4459 3883 4515 προσ-

488 4517 840 4575 adversaria
861 4524 1157 4590 potestate
1191 4525 1379 4577 ortas.

568 4727 684 4801 28
710 4730 797 4787 IV.
830 4734 922 4788 Est
942 4732 1105 4788 enim
1131 4733 1269 4805 quis
1301 4733 1607 4791 suasolius
1622 4735 1836 4792 virtute
1857 4737 2142 4804 conﬁsus,

492 4820 847 4877 existimans
878 4826 1082 4893 suopte
1111 4828 1297 4879 marte
1337 4823 1746 4895 circumiectos
1786 4843 1847 4881 se
1878 4827 2145 4883 excidere

486 4925 665 4982 posse
697 4918 950 4967 montes.
987 4913 1080 4966 Est
1111 4928 1348 4985 quoque
1380 4913 1550 4984 alius,
1584 4914 1707 4986 qui,
1733 4930 1870 4971 cum
1900 4916 1959 4971 in
1984 4922 2143 4973 tran-

485 4998 773 5071 quillitate
797 5006 851 5056 et
872 5000 1227 5057 discretione
1265 5002 1533 5057 animum
1575 5020 1747 5058 suum
1782 5010 1969 5074 regat,
2003 5008 2143 5062 abs-

484 5102 603 5159 que
635 5087 754 5144 ulla
774 5088 1199 5161 defatigatione
1226 5090 1460 5162 plenius
1493 5108 1646 5164 opus
1674 5110 1852 5149 suum
1891 5096 2140 5167 perﬁcit,

485 5191 675 5248 quem
728 5177 843 5233 ille.
875 5178 967 5234 Sic
997 5178 1057 5233 in
1097 5179 1377 5251 precibus
1418 5195 1659 5253 quoque
1700 5190 1837 5239 sunt
1868 5185 2139 5258 quidam,

486 5265 610 5337 qui,
645 5282 782 5322 cum
805 5265 1171 5323 clamoribus
1203 5268 1417 5340 ineptis
1442 5274 1697 5337 utantur,
1728 5272 1906 5328 veluti
1928 5277 2142 5330 robore

485 5356 753 5425 corporis
785 5355 1016 5423 conﬁsi,
1047 5355 1214 5413 haud
1251 5363 1471 5414 norunt
1494 5358 1651 5417 furta
1674 5362 2136 5432 cogitationum:

570 5647 618 5721 ,⁷¹
648 5646 761 5707 Isa.
785 5663 939 5717 vai,
962 5654 1015 5707 2.
1094 5652 1143 5688 ⁷³
1174 5654 1191 5708 l
1221 5654 1363 5726 Reg.
1398 5669 1518 5723 xxx,
1559 5656 1649 5713 12.

2255 4535 2393 4598 οχῆς
2437 4531 2553 4589 νοὸς
2603 4532 2782 4601 χρεία,
2841 4530 2924 4581 ἶνα
2968 4548 3046 4589 τις
3090 4525 3335 4602 διακρίνῃ
3389 4531 3512 4589 τοὺς
3563 4527 3881 4605 ἀλλοτρίους

2253 4615 2535 4689 λογισμοὺς
2560 4626 2650 4678 τῆς
2680 4616 2911 4680 ἐναντίας
2944 4614 3231 4690 δυνάμεως.

2326 4740 2376 4793 Δ¹
2405 4739 2564 4796 Ἔστι
2582 4743 2684 4817 γάρ
2714 4761 2792 4805 τις
2824 4741 3025 4817 θαρῥων
3050 4742 3112 4814 τῇ
3144 4741 3330 4795 ἑαυτοῦ
3358 4738 3600 4815 δυνάμει,
3634 4744 3876 4814 νομίζων

2254 4829 2337 4902 ἀφ’
2392 4830 2575 4883 ἑαυτοῦ
2622 4830 2886 4884 ἐκκόπτειν
2936 4834 3004 4884 τὰ
3048 4837 3378 4905 περικείμενα
3427 4835 3544 4904 ὅρη.
3596 4831 3754 4885 ’Ἐστι
3811 4831 3877 4887 δὲ

2252 4918 2403 4980 ἄλλος
2450 4919 2550 4972 ἀπὸ
2602 4922 2977 4983 καταστάσεως
3018 4926 3107 4974 καὶ
3164 4918 3485 4995 διακρίσεως
3521 4917 3737 4974 διοικῶν
3796 4930 3875 4993 τῷ

2251 5011 2331 5061 νοΐ
2392 5011 2575 5077 αὑτοῦ,
2629 5015 2717 5062 καὶ
2782 5009 3064 5082 ἀκαμάτως
3120 5009 3270 5062 πλέον
3337 5008 3529 5061 ἕκείνου
3596 5012 3653 5062 τό
3715 5013 3873 5083 ἔργον

2253 5100 2412 5150 αὑτοῦ
2468 5094 2712 5152 διανύων.
2771 5100 2921 5151 Οὕτω
2968 5103 3058 5152 καὶ
3107 5097 3155 5150 ἐν
3214 5106 3327 5159 ταῖς
3376 5106 3710 5174 προσευχαῖς
3758 5100 3874 5153 εἰσί

2252 5205 2384 5249 τινες
2439 5194 2695 5258 κραυγαῖς
2768 5191 3085 5260 κεχρημένοι
3146 5186 3450 5260 ἁπρεπίσιν,
3530 5190 3601 5249 ὡς
3666 5184 3735 5245 δὴ
3801 5196 3867 5261 τῇ

2253 5283 2524 5347 σωματικῇ
2589 5274 2746 5347 ἰσχύῑ
2793 5278 3116 5342 πεποιθότες,
3161 5281 3232 5348 μὴ
3282 5271 3476 5338 εἰδότες
3515 5276 3609 5337 τὰς
3668 5274 3873 5339 κλοπὰς

2251 5372 2351 5417 τῶν
2402 5363 2686 5437 λογισμῶν,
2731 5365 2861 5420 ἀλλὰ
2903 5366 3201 5439 νομίζοντες
3252 5375 3313 5425 τῆ
3359 5361 3474 5439 ἰδίᾳ
3527 5360 3754 5436 δυνάμει
3808 5369 3871 5418 τὸ

1762 5656 1807 5691 ⁷³
1836 5654 1857 5711 Ι
1888 5658 2014 5714 Cor.
2049 5673 2169 5729 xxv,
2204 5656 2291 5725 l3,
