4058 6194
178 236 276 291 521

1478 223 1814 282 HOMILIE.
1857 257 1926 268 —
1965 227 2138 285 HOM.
2179 229 2272 287 Vl.

3450 243 3556 300 522

171 360 367 416 τέλειον
421 362 738 434 κατόρθωμα
773 357 1060 413 ποιεῖσθαι.
1097 351 1224 407 Εἰσὶ
1269 347 1330 405 δὲ
1382 347 1550 417 ἄλλοι,
1591 352 1642 404 οἱ
1679 357 1792 414 τοῖς

1925 354 2006 411 :ed
2027 355 2371 415 existimant
2395 373 2459 414 se
2502 361 2747 432 propria
2774 361 2990 421 virtute
3017 364 3359 423 absolutum
3401 382 3556 440 opus

173 451 450 525 λογισμοῖς
505 454 871 526 προσέχοντες,
930 449 1020 499 καὶ
1075 443 1188 496 ὅλον
1246 443 1332 494 τὸν
1387 438 1560 512 ἀγῶνα
1614 444 1794 494 ποιού-

176 561 320 615 μενοι
375 542 584 596 ἔσωθεν.
644 538 805 592 Οὗτοι
865 534 958 589 διὰ
1008 542 1105 595 τῆς
1163 535 1419 592 συνέσεως
1485 529 1651 582 αὐτῶν
1702 535 1792 583 καὶ

175 628 502 706 διακρίσεως
549 625 800 682 δύνανται
845 625 1198 698 κατορθῶσαι,
1261 625 1351 674 καὶ
1404 619 1795 672 ἁποσείσασθαι

175 726 298 784 τούς
347 721 789 791 ἐπανισταμένους
836 715 1139 788 λογισμοὺς,
1195 716 1284 764 καὶ
1327 711 1458 783 μετὰ
1497 712 1555 761 τό
1598 708 1796 781 θέλημα

175 819 268 865 τοῦ
322 814 521 886 Κυρίου
565 807 904 881 πορεύεσθαι.
949 805 1279 877 Εὑρίσκομεν
1321 796 1380 853 δε
1421 798 1470 852 ἐν
1525 806 1596 869 τῷ
1639 797 1795 853 Ἀπο-

175 901 362 972 στόλῳ,
394 901 474 952 ὅτι
511 901 598 950 τὸν
637 892 1023 968 οἰκοδομοῦντα
1059 896 1146 945 τόν
1184 890 1335 943 ἄλλον
1382 891 1599 960 μεὶζονα
1636 888 1794 959 λέγει.

176 994 312 1047 Φησὶ
341 989 476 1061 γάρ’
514 987 575 1040 ⁸0
612 985 814 1039 λαλῶν
851 983 1209 1055 γλώσσαις,
1274 979 1499 1032 ἑαυτὸν
1545 973 1796 1030 οἰκοδο-

175 1087 304 1151 μεῖ⁹
339 1080 367 1129 6
406 1073 481 1129 δὲ
517 1075 964 1151 προφητεύων,
1006 1070 1368 1128 ἕκκλησίαν
1409 1063 1785 1138 οἰκοδομεῖ·

176 1170 204 1221 6
236 1164 302 1221 δε
340 1167 780 1241 προφητεύων,
814 1161 1055 1234 μείζων
1085 1163 1116 1218 ἦ
1146 1160 1172 1211 ό
1198 1158 1400 1211 λαλῶν
1439 1156 1791 1228 γλώσσαις.

171 1259 428 1318 Ἕκαστος
449 1252 538 1308 οὖν
561 1252 848 1316 ἐπιλέξεται
866 1254 921 1303 τὸ
947 1249 1134 1310 ἄλλους
1149 1244 1527 1320 οἰκοδομῆσαι,
1550 1249 1641 1297 καὶ
1663 1263 1795 1297 κατ-

171 1346 413 1410 αξιοῦται
446 1351 544 1404 τῆς
579 1340 852 1415 βασιλείας
887 1346 989 1392 τῶν
1019 1338 1270 1412 οὐρανῶν.

245 1559 320 1614 ιε’.
352 1559 729 1633 Ἐρώτησις.
763 1549 1022 1612 Ἐπειδή
1055 1571 1224 1615 τινες
1250 1551 1581 1624 λέγουσιν,
1613 1551 1709 1604 ὅτι
1739 1551 1794 1602 οἱ

1901 444 2286 517 perfecturos.
2339 448 2484 503 Sunt
2535 466 2778 523 quoque
2807 453 2924 520 alii,
2958 454 3060 527 qui
3094 455 3562 526 cogitationibus

1901 534 2232 601 attendunt,
2294 542 2351 592 et
2407 538 2683 609 praelium
2740 557 2920 599 omne
2951 543 3107 601 intus
3151 546 3559 601 committunt.

1903 623 2087 696 Hique
2117 626 2738 696 propterintellectum
2770 647 2840 687 ac
2857 631 3274 691 discretionem
3307 638 3563 706 possunt

1901 715 2058 767 recte
2076 728 2269 784 agere,
2299 719 2356 771 et
2386 714 2617 773 amoliri
2642 719 3018 791 insurgentes
3047 724 3466 793 cogitationes,
3500 728 3559 780 et

1904 803 2236 858 secundum
2264 805 2630 862 voluntatem
2683 811 2914 866 Domini
2945 811 3277 870 ambulare.
3321 812 3560 887 Reperi-

1903 907 2042 947 mus
2063 897 2263 948 autem
2281 895 2444 966 apud
2467 897 2840 968 Apostolum,
2872 900 3038 972 quod
3064 917 3224 972 eum,
3246 903 3349 974 qui
3374 903 3557 958 alium

1903 980 2179 1047 aaditicat,
2211 984 2498 1052 majorem
2530 985 2728 1052 dicat;
2759 987 2948 1059 inquit
2996 989 3193 1044 enim:
3229 991 3341 1058 Qui
3371 991 3564 1063 loqui-

1905 1075 2006 1124 tur
2029 1070 2215 1140 linga,
2243 1072 2498 1142 seipsum
2523 1075 2776 1143 aediﬁcat
2799 1093 2819 1129 :
2849 1082 2911 1132 at
2934 1078 3036 1149 qui
3058 1079 3400 1148 prophetat,
3425 1095 3562 1136 con-

1901 1160 2305 1230 gregationem
2317 1163 2589 1229 wdiﬁcat:
2602 1166 2708 1235 qui
2717 1166 2909 1221 autem
2916 1168 3463 1239 prophetatmiajor
3475 1176 3561 1226 est

1903 1263 2083 1319 quam
2135 1249 2238 1321 qui
2287 1251 2550 1322 loquitur
2579 1253 2800 1325 linquis
2829 1255 2907 1310 τι.
2934 1257 3358 1330 Unusquisque
3383 1258 3564 1329 igitur

1903 1336 2082 1407 eligat
2109 1340 2307 1408 potius
2335 1339 2483 1396 alios
2536 1341 2853 1410 tediﬁcare,
2879 1347 2934 1401 et
2965 1345 3186 1417 dignus
3217 1347 3564 1404 censebitur

1904 1441 2090 1498 regno
2121 1428 2434 1485 ccelorum.

1977 1553 2038 1606 V.
2071 1553 2494 1624 Interrogatio.
2529 1555 2820 1622 Quoniam
2847 1558 3090 1629 quidam
3119 1560 3350 1629 dicunt,
3404 1560 3568 1634 quod

175 1653 401 1725 θρόνοι
456 1652 566 1699 καὶ
623 1647 683 1698 οἱ
734 1647 1046 1717 στέφανοι
1100 1643 1434 1714 κτίσματά
1492 1641 1647 1707 εἰσι,
1688 1643 1795 1691 καὶ

1925 1639 2110 1696 throni
2136 1646 2189 1698 et
2211 1659 2439 1699 corona:
2453 1650 2748 1703 creaturas
2772 1646 2912 1715 sint,
2933 1655 3118 1706 etnon
3142 1649 3407 1720 spiritus,
3424 1666 3567 1724 quo-

172 1741 327 1811 οὐχὶ
368 1739 724 1807 πνεύματα,
774 1741 905 1796 πῶς
945 1730 1287 1805 ὀφείλομεν
1328 1729 1624 1783 ἀκοῦσαι.

245 1863 654 1933 Ἀπόκρισις.
702 1857 762 1912 '0
793 1860 972 1930 θρόνος
1012 1863 1104 1916 τῆς
1147 1857 1390 1917 θεότητος
1428 1855 1453 1906 ό
1493 1861 1612 1916 νοῦς
1650 1855 1800 1922 ἡμῶν

179 1955 342 2006 ἔστι·
400 1953 494 2002 καὶ
544 1947 697 2001 πάλιν
744 1949 771 2000 6
817 1949 996 2022 θρόνος
1034 1951 1124 1998 τοῦ
1177 1951 1288 2010 νοῦ,
1343 1945 1373 2001 ὴ
1434 1944 1616 2005 θεότης
1663 1941 1797 2012 ἐστὶ,

180 2047 270 2095 καὶ
317 2044 379 2094 τό
431 2045 656 2109 πνεῦμα.
701 2037 921 2109 Ὁμοίως
973 2031 1033 2087 δε
1081 2038 1170 2086 καὶ
1222 2035 1248 2084 6
1307 2038 1558 2100 Σατανᾶς,
1613 2035 1704 2084 καὶ
1746 2033 1802 2083 αἰ

181 2128 459 2203 δυνάμεις,
504 2132 596 2180 καὶ
631 2129 679 2180 οἱ
712 2128 968 2199 ἄρχοντες
1003 2131 1094 2176 τοῦ
1132 2126 1377 2188 σκότους,
1421 2121 1523 2174 ἀπό
1563 2129 1661 2183 τῆς
1700 2140 1803 2173 πα-

175 2219 475 2296 ραϐάσεως,
524 2224 614 2276 τῆς
668 2213 876 2276 ἐντολῆς
919 2211 1223 2265 ἕνεκάθισαν
1291 2211 1363 2273 εἰς
1421 2215 1515 2269 τὴν
1575 2205 1802 2282 καρδίαν

175 2315 265 2363 καὶ
310 2308 384 2370 εἰς
423 2309 513 2359 τόν
549 2312 686 2370 νοῦν,
727 2307 816 2355 καὶ
857 2302 926 2363 εἰς
971 2304 1030 2355 τό
1075 2309 1229 2372 σῶμα
1270 2307 1362 2353 τοῦ
1403 2296 1596 2372 Ἀδὰμ,
1631 2301 1704 2360 ὡς
1731 2299 1801 2360 εἰς

178 2402 364 2472 θρόνον
413 2392 578 2448 ἴδιον.
617 2395 815 2448 Λοιπὸν
855 2387 942 2443 οὖν
984 2386 1081 2443 διὰ
1121 2397 1272 2443 τοῦτο
1320 2386 1469 2448 ἦλθεν
1511 2390 1536 2441 6
1588 2392 1799 2462 Κύριος,

177 2495 272 2542 καὶ
317 2485 499 2540 ἔλαϐεν
540 2483 596 2536 ἐκ
640 2491 738 2544 τῆς
777 2482 1040 2553 Παρθένου
1081 2482 1140 2531 τὸ
1171 2486 1344 2550 σῶμα.
1389 2478 1448 2530 Εἰ
1482 2481 1584 2551 γὰρ
1620 2477 1803 2536 ἠθέλη-

180 2597 240 2632 σε
278 2583 458 2648 γυμνῇ
509 2581 572 2646 τῇ
624 2574 830 2629 θιότητι
867 2569 1145 2632 κατελθεῖν,
1198 2572 1275 2628 τίς
1323 2563 1554 2627 ἠδύνατο
1598 2567 1805 2637 ὑπενεγ-

175 2675 332 2733 κιίν;
374 2664 538 2720 Ἀλλὰ
577 2657 674 2715 διὰ
701 2667 793 2713 τοῦ
831 2659 1056 2734 ὀργάνου
1090 2664 1182 2710 τοῦ
1223 2663 1466 2729 σώματος
1503 2654 1664 2708 ἐλάλει
1694 2662 1801 2717 τοῖς

186 2755 506 2828 ἀνθρώποις,
558 2754 756 2806 Λοιπὸν
811 2745 900 2802 οὖν
956 2749 1024 2800 τὰ
1076 2749 1346 2819 πνεύματα
1388 2753 1484 2808 τῆς
1531 2749 1803 2818 πονηρίας,

178 2846 218 2899 εἰ
263 2841 629 2903 ἑνεκαθέζοντο
667 2839 737 2902 εἰς
775 2841 834 2892 τό
889 2845 1062 2910 σῶμα,
1113 2835 1340 2890 καθεῖλεν
1391 2833 1492 2887 ἀπὸ
1541 2841 1640 2888 τῶν
1693 2835 1807 2906 θρό-

179 2957 302 2999 νων,
364 2941 466 2986 τῶν
509 2933 784 3003 νοημάτων
826 2932 916 2980 καὶ
980 2935 1080 2979 τῶν
1131 2925 1419 2997 λογισμῶν,
1461 2924 1535 2985 οἷς
1584 2921 1810 2976 ἐνεπολι-

1907 1731 2079 1814 modo
2112 1731 2239 1788 haec
2268 1731 2682 1805 intelligenda.

1980 1857 2320 1925 Responsio.
2353 1859 2625 1916 Thronus
2658 1860 2991 1917 divinitatis
3015 1867 3106 1919 est
3133 1878 3303 1919 mens
3333 1869 3561 1930 nostra,

1909 1951 1966 2002 et
1989 1961 2062 2001 ex
2087 1945 2358 2014 adverso,
2387 1948 2637 2004 thronus
2667 1955 2885 2006 nostrae
2924 1952 3140 2008 mentis
3173 1957 3260 2008 est
3287 1953 3566 2010 divinitas

1911 2040 1968 2090 et
1993 2035 2254 2106 spiritus.
2281 2037 2555 2093 Similiter
2573 2053 2816 2109 quoque
2839 2041 3116 2108 Satanas,
3135 2047 3192 2097 et
3216 2045 3564 2113 potestates,

1910 2129 1966 2178 et
1982 2124 2673 2197 principestenebrarum
2689 2134 2824 2198 post
2838 2129 3378 2199 transgressionem
3394 2147 3560 2188 man-

1911 2212 2055 2280 dati,
2087 2213 2434 2271 insederunt
2483 2231 2586 2271 cor
2637 2221 2696 2272 et
2742 2222 3026 2283 mentem,
3061 2223 3119 2274 et
3147 2233 3368 2290 corpus
3400 2221 3562 2277 Ade.

1912 2307 2203 2373 tanquam
2236 2303 2516 2359 thronum
2540 2305 2873 2376 proprium.
2902 2305 3218 2378 Propterea
3243 2322 3384 2377 ergo
3411 2310 3568 2365 venit

1912 2391 2220 2457 Dominus,
2251 2396 2306 2447 et
2334 2393 2659 2464 assumpsit
2687 2409 2761 2449 ex
2787 2395 3024 2467 Virgine
3057 2410 3296 2466 corpus.
3330 2394 3387 2450 Si
3405 2397 3566 2452 enim

1913 2478 1976 2534 in
1997 2479 2125 2535 sola
2137 2478 2446 2537 divinitate
2458 2483 2819 2538 descendere
2840 2483 3326 2557 placuisset,quis
3337 2484 3562 2556 potuis-

1913 2572 2000 2624 set
2027 2567 2271 2624 sufferre
2299 2570 2328 2625 ξ)
2358 2572 2569 2627 Verum
2604 2587 2709 2643 per
2729 2587 3030 2642 organum
3061 2573 3334 2645 corporis
3367 2573 3570 2646 loque-

1913 2657 2092 2714 batur
2104 2673 2241 2713 cum
2259 2659 2624 2716 hominibus.
2643 2661 3019 2733 Quapropter
3039 2662 3280 2734 spiritus
3302 2659 3564 2728 malitias,

1914 2748 2016 2819 qui
2048 2747 2402 2804 insedebant
2431 2764 2671 2820 corpus,
2731 2751 2981 2806 extrusit
3010 2766 3042 2807 e
3073 2751 3301 2807 thronis
3336 2750 3567 2806 intelle-

1916 2841 2113 2892 ctuset
2127 2837 2579 2906 cogitationum,
2601 2853 2753 2910 quos
2791 2837 3213 2896 inhabitabant
3243 2855 3257 2906 ;
3290 2845 3576 2910 etexpur-

1917 2925 2081 2995 gavit
2109 2925 2534 2982 conscientiam
2565 2926 2872 2992 Dominus,
2905 2932 2962 2984 et
2991 2927 3105 2984 sibi
3153 2928 3438 2983 thronum
3467 2941 3573 2996 pa-

176 3028 414 3078 τεύοντο.
475 3021 584 3076 Καὶ
640 3018 919 3092 ἑκαθάρισε
975 3020 1070 3075 τὴν
1137 3011 1443 3074 συνείδησιν
1510 3015 1536 3065 6
1597 3015 1806 3086 Κύριος,

1925 3013 2071 3070 ravit
2099 3019 2381 3079 mentem,
2413 3019 2468 3071 et
2493 3015 2910 3086 cogitationes,
2933 3020 2991 3072 et
3041 3030 3282 3086 corpus.

178 3120 275 3167 καὶ
337 3112 503 3181 ἑαυτῷ
560 3111 736 3184 θρόνον
793 3105 1007 3165 ἐποίησε
1058 3107 1146 3158 τόν
1193 3111 1310 3158 νοῦν
1358 3108 1448 3157 καὶ
1498 3106 1617 3164 τοὺς
1669 3101 1810 3173 λογι-

181 3207 381 3275 σμοὺς,
406 3203 499 3253 καὶ
521 3200 581 3252 τό
618 3216 790 3271 σωμα.

259 3327 337 3392 ς’.
379 3325 746 3398 Ἐρώτησις.
785 3324 858 3374 Ti
893 3315 999 3373 οὖν
1038 3317 1217 3372 ἔστιν
1258 3319 1283 3372 ὅ
1322 3315 1462 3371 εἶπε
1489 3339 1502 3351 ·
1549 3336 1579 3369 «
1611 3318 1813 3375 Καθη-

185 3415 393 3471 σεσθε
450 3411 554 3465 ἐπὶ
611 3406 880 3464 δώδεκα
947 3411 1231 3484 θρόνους,
1303 3413 1638 3483 κρίνοντες
1699 3408 1812 3467 τὰς

187 3500 465 3558 δώδεκα
504 3499 708 3574 φυλὰς
743 3505 849 3552 τοῦ
893 3498 928 3552 Ἰ
951 3497 1192 3571 σραήλ;
1227 3517 1252 3548 ν

259 3627 676 3698 ’Δπόκρισις.
729 3628 894 3676 Τοῦτο
947 3622 1253 3696 εὑρίσκομεν
1301 3622 1382 3674 ὅτι
1434 3619 1520 3673 ἐπὶ
1577 3627 1668 3680 τῆς
1717 3627 1814 3690 γῆς

189 3716 408 3790 ἐγένετο,
465 3715 550 3766 ὅτε
598 3713 624 3764 6
679 3715 868 3785 Κύριος
922 3709 1176 3782 ἀνελήφθη
1229 3709 1300 3772 εἰς
1346 3712 1467 3770 τοὺς
1518 3709 1808 3783 οὐρανούς·

194 3804 393 3878 ἔπεμψε
444 3805 549 3876 γὰρ
589 3804 646 3854 τὸ
697 3807 906 3873 Πνεῦμα
949 3803 1008 3852 τό
1056 3797 1388 3874 παράκλητον
1443 3799 1508 3859 εἰς
1555 3802 1672 3858 τούς
1712 3794 1812 3850 δώ-

197 3891 330 3947 δεκα
377 3890 728 3957 ἀποστόλους,
781 3893 873 3942 καὶ
918 3893 1010 3948 τὴν
1067 3888 1222 3960 ἁγίαν
1272 3885 1515 3960 δύναμιν,
1568 3889 1684 3949 ἧτις
1732 3886 1812 3938 ἐ).-

197 3986 367 4036 θοῦσα
429 3984 816 4045 κατεσκήνωσε,
885 3982 973 4030 καὶ
1035 3976 1326 4030 ἐνεκάθισεν
1393 3976 1463 4038 εἰς
1513 3979 1634 4036 τοὺς
1703 3976 1815 4046 θρό-

195 4092 320 4135 νους
363 4080 467 4124 τῶν
524 4070 795 4141 νοημάτων
849 4067 1034 4120 αὐτῶν.
1090 4068 1232 4120 Ἐπεὶ
1287 4061 1345 4118 δὲ
1393 4067 1441 4117 οἱ
1490 4069 1816 4140 παρεστηκό-

197 4181 284 4224 τες
359 4157 524 4223 εἶπον,
583 4159 664 4209 ὃτι
718 4157 859 4209 οὗτοι
932 4155 1182 4227 γλεύκους
1249 4153 1352 4206 εἰσὶ
1409 4156 1811 4226 μιμεστωμένοι,

1991 3317 2515 3387 VLInterrogatio.
2544 3315 3014 3388 Quidigiturest,
3041 3316 3200 3390 quod
3212 3317 3366 3376 dixit
3385 3331 3409 3374 .'
3437 3316 3578 3374 «Se-

1921 3407 2130 3464 debitis
2143 3421 2318 3476 super
2329 3405 2634 3462 duodecim
2651 3406 3246 3478 thronisJudicantes
3260 3407 3572 3464 duodecim

1922 3497 2111 3553 tribus
2143 3497 2334 3553 Israel
2362 3497 2411 3531 ⁷⁵
2444 3494 2472 3550 ?
2504 3516 2533 3546 ››

1992 3622 2330 3692 Responsio.
2363 3623 2482 3676 Hoc
2513 3621 2853 3677 invenimus
2879 3622 3193 3694 impletum
3225 3639 3358 3680 esse
3388 3624 3449 3680 in
3471 3628 3584 3680 ter-

1921 3711 2024 3777 ris,
2047 3711 2296 3782 quando
2330 3711 2616 3764 Dominus
2640 3717 2993 3782 assumptus
3017 3716 3106 3767 est
3128 3711 3186 3767 in
3207 3711 3410 3768 caalos.
3434 3713 3584 3769 Misit

1922 3801 2079 3855 enim
2098 3799 2380 3869 Spiritum
2395 3797 2834 3854 consolatorem
2847 3799 2907 3854 in
2921 3799 3232 3855 duodecim
3245 3801 3580 3870 apostolos,

1923 3895 1979 3946 et
2008 3889 2283 3943 virtutem
2313 3892 2582 3942 sanctam
2607 3904 2624 3957 ;
2657 3902 2794 3958 quae
2827 3887 3154 3943 adveniens
3182 3887 3437 3943 tentoria
3468 3903 3582 3958 po-

1925 3977 2057 4042 suit,
2091 3981 2148 4031 et
2176 3974 2326 4030 sedit
2377 3975 2438 4029 in
2484 3973 2717 4030 thronis
2761 3976 3049 4031 mentium
3082 3975 3375 4047 ipsorum.
3430 3975 3583 4042 Quia

1926 4071 2145 4130 autem,
2165 4065 2268 4136 qui
2285 4063 2612 4129 astiterunt,
2633 4063 2914 4119 dicebant
2930 4068 3130 4120 musto
3154 4062 3409 4136 repletos
3429 4079 3581 4130 esse,

1924 4155 2063 4211 inde
2093 4154 2271 4225 coepit
2301 4156 2502 4208 Petrus
2553 4150 2829 4223 judicare
2861 4167 2983 4218 eos,
3043 4153 3251 4209 dicens
3283 4151 3358 4209 de
3405 4154 3581 4209 Jesu:

198 4251 384 4302 λοιπόν
453 4247 649 4320 ἤρξατο
722 4249 910 4315 Πέτρος
974 4247 1164 4316 κρίνειν
1231 4243 1441 4310 αὐτοὺς,
1490 4243 1648 4315 λέγων
1699 4247 1808 4316 περὶ

1937 4243 2140 4300 Virum
2162 4245 2450 4311 potentem
2467 4246 2524 4296 et
2542 4240 2734 4297 verbis
2757 4247 2810 4298 et
2830 4240 3149 4312 prodigiis,
3165 4257 3264 4299 vos
3277 4242 3582 4313 cruciﬁxi-

201 4336 619 4401 τοῦἸησοῦ,ὃτι
641 4329 884 4408 Ἀνδρα
915 4329 1189 4386 δυνατὸν
1226 4331 1283 4383 ἐν
1321 4332 1543 4404 λόγοις
1575 4338 1684 4386 καὶ
1717 4351 1817 4391 an.

205 4434 421 4501 μείοις
459 4427 635 4496 ὑμεῖς
688 4421 1175 4496 ἕσταυρώσατε,
1217 4423 1673 4495 κρεμάσαντες
1713 4425 1818 4480 ἐπὶ

207 4517 423 4581 ξύλου,
459 4519 561 4568 Καὶ
590 4509 694 4582 ἴδε,
728 4509 833 4564 ὶκεῖ
860 4518 999 4564 ποιεῖ
1022 4511 1313 4582 θαυμάσια,
1349 4507 1666 4584 διαρῥὴσσει
1703 4516 1820 4572 τοῦς

203 4606 382 4666 λίθους
430 4611 532 4656 τῶν
579 4605 863 4675 μνημείων,
911 4605 1001 4653 καὶ
1045 4602 1226 4672 ἓγείριι
1277 4603 1398 4661 τοὺς
1453 4602 1681 4674 νεκρούς.
1737 4605 1819 4654 Γί-

205 4709 441 4764 γραπται
465 4689 598 4761 γάρ’
635 4687 727 4739 Ἐν
765 4693 908 4748 ταῖς
946 4684 1276 4758 ἐσχάταις
1313 4685 1820 4757 ἡμέραιςὲκχεῶ

215 4781 334 4836 ἀπὸ
391 4785 505 4832 τοῦ
559 4778 932 4849 Πνεύματός
986 4794 1104 4847 μου
1165 4777 1268 4827 ἐπὶ
1320 4779 1531 4826 πᾶσαν
1591 4776 1817 4847 σάρκα,

216 4874 322 4922 καὶ
361 4869 966 4942 προφητεύσουσιν
1005 4865 1138 4916 υἱοὶ
1176 4864 1346 4936 ὑμῶν
1384 4867 1491 4915 καὶ
1530 4865 1594 4916 αἱ
1635 4866 1820 4935 θυγα-

1927 4333 2050 4398 stis,
2069 4331 2489 4402 suspendentes
2516 4330 2588 4387 de
2615 4330 2777 4400 ligno
2802 4331 2870 4384 7°.
2907 4332 2971 4385 Et
2991 4346 3127 4387 ecce
3150 4331 3265 4386 illic
3289 4331 3587 4388 mirabilia

1928 4423 2084 4487 facit,
2111 4420 2431 4492 disrumpit
2451 4419 2684 4490 lapides
2706 4426 3240 4476 monumentorum
3268 4426 3325 4476 et
3342 4421 3590 4476 suscitat

1929 4517 2220 4567 mortuos.
2250 4509 2546 4580 Scriptum
2574 4508 2735 4563 enim
2765 4513 2854 4564 est
2879 4524 2892 4564 :
2928 4508 2998 4564 In
3028 4508 3357 4566 novissimis
3381 4509 3588 4566 diebus

1928 4598 2233 4669 e/fundam
2262 4598 2334 4654 de
2358 4597 2594 4665 Spiritu
2625 4611 2751 4653 meo
2781 4612 2963 4666 super
2985 4612 3216 4656 omnem
3239 4613 3501 4665 carnem,
3534 4602 3588 4655 et

1925 4687 2368 4758 prophetabunt
2392 4685 2508 4754 ﬁlii
2531 4687 2713 4743 vestri
2737 4693 2791 4743 et
2819 4687 2964 4754 ﬁliae
2984 4691 3194 4743 vestra
3215 4688 3260 4722 ⁷⁷
3295 4687 3590 4751 Quocirca

1929 4775 2099 4832 multi
2127 4791 2161 4830 a
2191 4775 2356 4830 Petro
2388 4774 2674 4842 instructi,
2709 4774 2787 4830 ad
2814 4775 3226 4847 pmnitentiam
3256 4774 3585 4844 redierunt,

1933 4873 1998 4920 ut
2027 4865 2192 4920 ﬁeret
2221 4863 2484 4920 mundus
2512 4879 2723 4929 novus,
2752 4863 2924 4937 isque
2951 4864 3174 4921 electus
3205 4879 3234 4922 a
3272 4866 3410 4920 Deo.

216 4963 393 5032 τέρας
433 4959 626 5029 ὑμῶν.
683 4955 766 5016 Εἰς
811 4955 1081 5027 μετάνοιαν
1135 4949 1222 5006 οὖν
1273 4949 1426 5010 ἦλθον
1473 4955 1861 5025 κατηχηθέντες
1917 4955 2016 5007 ὑπό
2066 4960 2157 5006 τοῦ
2200 4959 2396 5027 Πέτρου
2446 4951 2642 5020 πολλοὶ,
2677 4960 2812 5006 ὥστε
2863 4955 3106 5026 γενέσθαι
3154 4957 3352 5026 κόσμον
3402 4955 3582 5007 καινόν

221 5048 460 5101 ἐκλεκτὸν
484 5051 642 5099 Θεοῦ.

289 5173 366 5227 Z'.
397 5170 556 5243 Ὁρᾷς
588 5176 696 5230 πῶς
721 5166 878 5240 ἐφάνη
911 5165 1056 5239 ἁρχὴ
1090 5169 1341 5238 κρίσεως;
1385 5165 1525 5218 Ἐκεῖ
1544 5168 1646 5240 γὰρ
1675 5164 1830 5239 ἄφάνη

223 5267 427 5334 κόσμος
471 5263 670 5320 καινός.
719 5253 853 5309 Ὧδε
889 5257 990 5329 γὰρ
1038 5251 1195 5314 ἐδόθη
1239 5254 1414 5318 αὐτοῖς
1453 5254 1664 5318 ἐξουσία
1711 5258 1838 5310 καθ-

226 5353 444 5409 ισθῆναι
511 5345 560 5399 ἕν
624 5353 697 5417 τῷ
757 5348 940 5417 κόσμῳ
994 5345 1179 5417 τούτῳ,
1237 5348 1325 5397 καὶ
1391 5352 1584 5418 κρῖναι.
1656 5351 1839 5400 Καίτοι

225 5439 516 5512 μελλόντων
570 5435 740 5490 αὐτῶν
797 5435 1114 5499 καθέζεσθαι
1169 5438 1260 5487 καὶ
1317 5441 1478 5487 ποιεῖν
1530 5438 1708 5507 κρίσιν
1755 5437 1842 5490 ἐπὶ

300 5630 356 5662 τι
388 5627 412 5680 ι
446 5625 582 5682 Cor.
615 5638 732 5691 11v,
758 5628 810 5681 4.
886 5625 936 5660 ⁷⁸
967 5622 1167 5680 Matth.
1195 5638 1314 5695 xxx,
1347 5625 1436 5679 28.

1514 5624 1562 5657 7“
1594 5627 1716 5680 Act.
1747 5623 1809 5690 Il,
1833 5627 1921 5680 23.

2014 5166 2133 5223 Vll.
2162 5167 2340 5222 Vides
2361 5181 2503 5239 ergo
2533 5165 2843 5239 quomodo
2876 5167 3158 5240 apparuit
3185 5165 3423 5224 initium
3445 5165 3606 5237 judi-

1945 5256 2072 5314 cii?
2103 5257 2219 5328 29
2251 5255 2371 5313 Illic
2392 5256 2554 5312 enim
2609 5256 2892 5329 apparuit
2943 5255 3212 5312 mundus
3253 5271 3469 5312 novus.
3504 5255 3604 5312 Hic

1947 5347 2108 5405 enim
2140 5346 2252 5402 illis
2278 5345 2421 5401 data
2450 5349 2539 5400 est
2561 5350 2828 5418 potestas
2862 5345 3109 5402 sedendi
3138 5347 3200 5402 in
3228 5344 3344 5402 hoc
3373 5344 3606 5404 mundo

1950 5439 2006 5492 et
2025 5433 2359 5507 judicandi.
2383 5435 2450 5489 Et
2481 5433 2616 5490 licet
2634 5432 2903 5491 futurum
2933 5433 3024 5501 sit,
3062 5439 3125 5492 ut
3154 5435 3402 5494 sedeant
3431 5438 3490 5492 et
3519 5433 3612 5493 fa-

1998 5625 2041 5658 ⁷⁷
2067 5625 2210 5681 Joel.
2245 5639 2303 5690 ιι,
2340 5626 2443 5693 28;
2477 5625 2602 5679 Act.
2634 5639 2691 5689 ιι,
2742 5625 2828 5680 17.
