4086 6194
526 277 628 331 523
1831 261 1890 316 S.
1934 256 2236 314 MACARII

527 400 686 456 ciant
701 397 1068 470 judiciumin
1100 396 1360 453 adventu
1381 391 1634 458 Domini,
1659 391 1720 447 in
1744 385 2178 445 resurrectione
2215 383 2262 438 A

530 493 922 552 mortuorum,
947 492 1146 542 tamen
1168 487 1262 542 hic
1275 499 1515 557 quoque
1545 482 1601 537 id
1626 480 1710 544 ﬁt,
1741 479 1958 550 Spiritu
1973 479 2179 530 sancto

528 578 769 635 sedente
800 577 858 631 in
893 577 1119 631 thronis
1166 575 1454 631 mentium
1507 574 1792 644 ipsorum.
1829 568 2046 622 Verum
2071 579 2179 618 nec

529 668 890 730 diademata,
915 682 1050 737 quae
1078 664 1388 720 Christiani
1410 664 1469 718 in
1495 663 1692 716 futuro
1715 657 1934 713 saeculo
1976 670 2183 725 accep-

531 757 643 812 turi
670 761 827 820 sunt,
855 759 993 809 snnt
1022 760 1342 818 creaturae;
1378 758 1432 807 et
1462 751 1564 823 qui
1587 751 1700 805 hoc
1721 748 1949 810 dicunt,
1973 744 2182 800 absur—

529 845 675 900 dum
690 848 988 902 asserunt:
1024 858 1227 897 verum
1245 842 1372 896 haec
1388 841 1661 912 spiritum
1691 836 2182 892 transformatum

529 934 869 989 ostendunt.
891 932 1039 997 Quid
1066 932 1226 986 enim
1257 931 1398 986 dicit
1426 928 1735 999 apostolus
1763 925 1977 981 Paulus
2005 923 2079 978 de
2097 924 2183 978 Je-

527 1023 786 1077 rusalem
825 1021 1044 1075 caelesti
1076 1021 1101 1075 ἱ)
1127 1021 1302 1075 Illam
1332 1024 1580 1074 matrem
1611 1032 1729 1073 esse
1761 1020 2028 1071 nostrum
2058 1027 2181 1068 om—

530 1111 717 1175 nium,
749 1124 1004 1179 quacum
1039 1124 1158 1165 una
1191 1110 1536 1174 conﬁtemur
1583 1107 1651 1162 ⁷⁸.
1688 1108 1921 1160 Vestem
1952 1107 2177 1166 autem,

528 1215 715 1270 quam
761 1203 992 1267 gestant
1047 1197 1374 1263 Christiani,
1436 1196 1601 1268 quod
1650 1195 1875 1258 attinet,
1925 1192 2177 1263 Spiritus

528 1287 798 1343 videlicet
827 1287 1028 1342 amicit
1082 1286 1211 1342 illos
1238 1287 1296 1341 in
1350 1286 1593 1341 nomine
1642 1284 1829 1340 Patris
1861 1287 1916 1339 et
1948 1281 2088 1347 Filii,
2126 1285 2182 1336 et

527 1375 784 1447 Spiritus
814 1376 1028 1439 sancti,
1054 1376 1112 1431 in
1146 1375 1386 1431 saecula.
1421 1380 1629 1430 Amen.

1143 1589 1433 1646 HOMILIA
1464 1589 1572 1643 VII.

527 1713 613 1770 De
637 1715 948 1770 clementia
965 1715 1346 1784 Christierga
1366 1714 1676 1769 hominem.
1711 1713 1981 1769 Continet
1996 1712 2171 1784 etiam

599 1786 842 1842 homitia
855 1783 1347 1857 interrogationes
1361 1793 1410 1841 et
1426 1785 1848 1855 responsiones.
1865 1783 2176 1856 quasdam.

2215 1754 2256 1808 B

602 1968 641 2019 1.
659 1964 1183 2029 Quemadmodum
1199 1963 1393 2036 siquis
1413 1965 1719 2036 ingressus
1733 1962 1948 2019 domos
1961 1961 2174 2033 regias,

528 2053 962 2125 contempletur
990 2052 1105 2108 illic
1136 2054 1402 2125 depictas
1423 2053 1702 2109 historias
1729 2057 1785 2108 et
1816 2067 2058 2108 omnem
2086 2067 2176 2106 or-

529 2147 758 2206 natum,
793 2142 910 2198 alia
942 2143 1001 2196 in
1031 2148 1195 2213 parte
1243 2142 1554 2198 thesauros
1583 2141 1944 2207 reconditos,
1978 2145 2034 2196 et
2065 2139 2181 2196 alia

527 2231 588 2287 in
617 2235 784 2302 parte
813 2231 928 2287 alia
953 2249 966 2299 ;
995 2239 1050 2286 et
1079 2231 1398 2287 accumbat
1432 2247 1570 2286 cum
1602 2247 1758 2300 rege,
1788 2231 1959 2302 eique
1991 2245 2182 2302 appo-

529 2325 751 2376 nantur
762 2320 1066 2376 esculenta
1079 2326 1131 2376 et
1146 2321 1466 2392 poculenta
1480 2322 1861 2385 suavissima,
1878 2324 1933 2375 et
1956 2319 2183 2375 fruatur

529 2425 666 2465 cum
686 2409 1078 2465 delectatione
1099 2410 1452 2466 omnimodo
1475 2410 1587 2465 hac
1609 2409 2112 2480 contemplatione
2131 2412 2187 2464 et

531 2498 848 2571 splendore
874 2515 886 2565 ;
911 2499 1516 2571 postmodumautem
1545 2498 1928 2554 abstrahatur
1955 2498 2186 2566 inde,et

530 2589 591 2644 in
648 2587 782 2643 loca
842 2587 1244 2656 graveolentia
1309 2587 1592 2659 abreptus
1648 2586 2026 2643 inveniatur:
2085 2592 2188 2644 aut

530 2676 1050 2749 quemadmodum
1068 2677 1116 2731 si
1133 2676 1329 2748 puella
1342 2676 1646 2748 quaedam,
1663 2677 1888 2732 caeteris
1900 2676 2184 2732 omnibus

536 2765 710 2837 longe
726 2764 1065 2834 formosior,
1083 2766 1428 2836 sapientior,
1446 2782 1515 2822 ac
1539 2765 1904 2836 locupletior,
1928 2766 2186 2838 accipiat

529 2853 730 2909 virum
767 2870 1115 2925 pauperem,
1145 2854 1435 2910 humilem
1493 2860 1547 2910 et
1576 2855 1928 2925 deformem,
1963 2855 2184 2928 pannis

543 2942 878 2999 dilaceratis
891 2944 1153 2999 obsitum
1175 2962 1186 3011 ;
1211 2948 1267 2998 et
1281 2949 1525 2999 exutum
1540 2943 1784 3000 sordida
1798 2944 2182 3000 vesteinduat

535 3039 699 3087 veste
755 3034 939 3102 regia.
999 3048 1067 3088 ac
1122 3033 1406 3105 imposita
1455 3049 1678 3090 corona
1724 3034 1830 3090 ﬁat
1855 3034 1905 3089 ei
1937 3033 2183 3104 conjux-

526 3121 768 3177 tandem
827 3137 1056 3194 pauper
1108 3121 1204 3176 ille
1233 3122 1440 3193 incipit
1482 3123 1764 3178 attonitus
1795 3123 1963 3178 reddi
1995 3139 2064 3178 ac
2091 3123 2180 3178 di-
2215 3115 2256 3173 C

526 3209 930 3266 cere:Mihine
957 3211 1173 3266 misero
1221 3211 1491 3282 pauperi,
1550 3211 1647 3266 vili
1701 3217 1756 3266 et
1808 3211 2041 3282 abjecto
2069 3212 2178 3268 ho-

525 3298 670 3353 mini
703 3299 842 3354 data
868 3305 953 3354 est
997 3300 1125 3354 hEBC
1177 3315 1425 3354 consors
1456 3299 1483 3354 ἱ)
1512 3301 1590 3355 ita
1619 3316 1862 3371 quoque
1897 3301 2050 3356 Deus
2075 3302 2179 3356 ini-

525 3402 659 3442 sero
690 3392 867 3457 atque
889 3387 1121 3457 abjecto
1139 3388 1367 3443 homini
1397 3388 1550 3443 fecit.
1577 3391 1824 3444 Gustum
1852 3391 1900 3444 ei
1927 3390 2179 3460 praebuit

527 3475 768 3530 alterius
798 3476 1019 3539 saeculi,
1054 3476 1326 3546 aliusque
1350 3476 1465 3531 cibi
1491 3477 1835 3533 suavissimi
1869 3497 1880 3534 :
1918 3480 2174 3536 ostendit

521 3563 602 3618 illi
630 3563 879 3633 gloriam
909 3569 964 3618 et
989 3563 1232 3619 delicias
1250 3566 1467 3636 regias,
1497 3566 1850 3637 ineffabiles,
1885 3568 2172 3624 caelestes.

523 3655 590 3707 Et
613 3651 856 3708 tandem
906 3652 1020 3719 ille,
1072 3654 1217 3708 dum
1266 3654 1494 3710 confert
1546 3655 1639 3711 ille
1676 3657 2004 3726 spiritualia
2034 3675 2171 3714 cum

520 3741 615 3806 iis,
637 3756 772 3814 qum
802 3743 1138 3814 sunthujus
1169 3743 1389 3808 smculi,
1414 3744 1619 3801 omnia
1645 3746 1773 3801 haec
1801 3747 1988 3817 rejicit
2014 3765 2026 3813 ;
2049 3749 2170 3803 sive

518 3846 723 3900 regem
773 3831 1044 3902 aspiciat,
1098 3833 1220 3888 sive
1284 3839 1570 3904 potentes,
1639 3835 1761 3890 sive
1851 3839 2170 3908 sapientes,

519 3921 867 3977 thesaurum
890 3922 1194 3977 caelestem
1213 3922 1488 3979 intuetur.
1509 3923 1818 3996 Siquidem
1835 3927 1993 3982 enim
2018 3927 2173 3982 Deus

519 4010 780 4067 Charitas
828 4015 934 4075 est,
969 4011 1183 4083 accipit
1231 4013 1529 4069 caelestem
1564 4030 1632 4069 ac
1663 4015 1933 4071 divinum
1967 4016 2166 4085 ignem

518 4100 748 4165 Christi,
783 4107 836 4157 ct
892 4101 1006 4156 hoc
1063 4102 1290 4166 fruitur,
1327 4118 1396 4159 ac
1426 4102 1625 4159 laetitia
1655 4103 1928 4168 afﬁcitur,
1967 4111 2022 4162 et
2054 4105 2170 4162 illic

519 4188 829 4243 devinctus
861 4189 1062 4245 haeret.

588 4313 651 4365 ll.
680 4311 1095 4382 Interrogatio.
1120 4316 1325 4372 Utrum
1342 4317 1605 4372 Satanas
1627 4317 1699 4372 sit
1718 4333 1849 4375 cum
1874 4321 2011 4386 Deo,
2043 4329 2165 4380 tam

513 4398 576 4454 in
604 4414 759 4464 aere,
791 4416 968 4470 quam
999 4404 1057 4458 in
1088 4403 1443 4460 hominibus.

590 4523 930 4592 Responsio.
962 4527 1015 4581 Si
1045 4527 1135 4583 sol
1155 4527 1268 4593 hic,
1293 4530 1395 4600 qui
1421 4534 1511 4585 est
1539 4538 1830 4599 creatura,
1863 4534 2165 4593 illustrans
2201 4478 2244 4532 Β

512 4611 644 4667 loca
675 4627 847 4668 caeno
896 4615 1094 4686 plena,
1154 4619 1600 4690 necquidquam
1633 4620 1902 4690 laeditur;
1935 4632 2165 4696 quanto

511 4701 705 4772 magis
735 4703 1030 4770 divinitas,
1085 4705 1131 4759 si
1191 4705 1365 4763 fuerit
1394 4725 1530 4764 cum
1560 4712 1800 4777 Satana,
1832 4729 1940 4769 nec
1973 4716 2165 4788 inqui-

510 4797 702 4854 natur,
732 4808 840 4848 nec
869 4793 1196 4866 polluitur?
1221 4797 1484 4854 Permisit
1509 4805 1710 4856 autem
1739 4803 1892 4857 Deus
1911 4805 2158 4878 malum,

510 4882 586 4937 ad
609 4882 952 4938 exercitium
970 4884 1307 4941 hominum.
1336 4890 1549 4945 Verum
1568 4891 1795 4947 malum
1823 4892 1966 4949 illud
1998 4896 2159 4951 obte-

507 4970 822 5028 nebratum
842 4977 899 5028 et
923 4980 1283 5030 occaacatum
1311 4983 1414 5042 est,
1443 4994 1551 5033 nec
1576 4985 1768 5050 potest
1787 4982 1982 5039 videre
2003 4987 2154 5055 puri-

507 5065 688 5116 tatem
719 5068 772 5117 et
822 5063 1258 5134 simplicitatem
1319 5069 1437 5122 Dei.
1496 5070 1551 5125 Si
1598 5085 1736 5126 vero
1783 5075 1921 5144 quis
1973 5074 2150 5143 dicat,

503 5150 816 5221 proprium
842 5150 1037 5208 locum
1069 5153 1289 5209 habere
1323 5158 1625 5224 Satanam,
1661 5163 1972 5232 proprium
2000 5181 2152 5237 quo-

501 5253 620 5309 que
666 5239 873 5305 Deum,
925 5243 1444 5314 circumscriptum
1501 5263 1638 5304 eum
1670 5249 1826 5320 facit,
1861 5269 2047 5324 usque
2074 5258 2152 5313 ad

500 5342 640 5417 eum
670 5329 890 5394 locum,
949 5331 1048 5387 ubi
1078 5331 1307 5388 habitat
1337 5337 1622 5408 Nequam.
1668 5341 1982 5404 Quomodo
2010 5360 2149 5417 ergo

499 5414 774 5481 dicimus,
834 5419 1065 5475 bonum
1126 5421 1709 5498 incircumscriptum
1767 5446 1920 5501 esse,
1972 5437 2029 5488 et
2061 5414 2148 5490 in-

572 5627 620 5662 ⁷⁸
646 5627 768 5686 Gal.
797 5631 875 5698 iv,
908 5634 997 5687 26.

2274 253 2583 311 EGYPTII
3795 246 3903 302 524

2291 389 2380 440 τῆς
2418 381 2703 454 παρὸυσίας
2742 382 2834 430 τοῦ
2883 376 3080 448 Κυρίου
3127 371 3176 426 ἐν
3231 379 3296 446 τῇ
3347 371 3638 424 ἀναστάσει
3685 378 3784 424 τῶν
3835 391 3911 425 νε-

2293 479 2450 543 κρῶν,
2500 474 2588 521 καὶ
2640 465 2744 520 ὦδε
2785 470 3036 537 γίγνεται,
3090 471 3181 516 τοῦ
3234 463 3384 535 ἁγίου
3436 464 3728 534 Πνεύματος
3782 463 3912 514 καθ-

2293 561 2530 620 εσθέντος
2568 557 2615 609 ἐν
2645 564 2752 618 τοῖς
2799 559 3003 627 θρόνοις
3041 561 3140 606 τῶν
3190 555 3461 624 νοημάτων
3512 551 3698 604 αύτῶν.
3745 550 3911 607 Ἀλλά

2291 654 2381 700 καὶ
2431 651 2496 699 τὰ
2540 643 2873 717 διαδήματα,
2921 644 3048 715 οἷπερ
3094 641 3450 715 λαμϐάνουσιν
3501 642 3549 692 οἱ
3592 649 3912 716 Χριστιανοὶ

2293 737 2340 788 ἐν
2387 736 2557 808 ἐκείνῳ
2605 743 2677 805 τῷ
2731 735 2899 801 αἰῶνι,
2956 732 3049 785 ούκ
3096 732 3199 784 εἰσὶ
3247 736 3535 803 κτίσματα.
3581 735 3680 782 Καὶ
3726 732 3773 781 οἱ
3824 729 3909 782 λέ·

2291 845 2485 898 γοντες,
2550 833 2717 885 κακῶς
2782 824 3040 894 λέγουσιν.
3119 820 3275 874 Ἀλλά
3347 827 3515 873 ταῦτα
3589 823 3646 872 τὸ
3699 826 3905 890 πνεῦμα

2291 918 2775 990 μεταμορφούμενον
2827 909 3175 965 ύποδεικνύει.
3230 915 3294 963 Τί
3350 909 3485 982 λέγει
3534 910 3559 961 6
3618 907 3906 970 ἀπόστολος

2293 1005 2490 1065 Παῦλος
2546 1008 2663 1077 περὶ
2720 1010 2811 1063 τῆς
2864 1000 3204 1076 Ἰερουσαλὴμ
3261 1007 3352 1060 τῆς
3403 997 3748 1071 ίπουρανίου;
3823 1000 3906 1051 ὃτι

2293 1096 2461 1152 Αύτή
2505 1093 2648 1146 ἐστι
2687 1097 2898 1165 μήτηρ
2942 1093 3195 1143 πάντων
3235 1091 3440 1163 ἡμῶν,
3559 1087 3907 1160 συνομολο-

2290 1191 2545 1256 γοῦμεν.
2582 1185 2707 1254 Περὶ
2741 1177 2800 1233 δὲ
2839 1187 2930 1232 τοῦ
2967 1177 3275 1251 ἐνδύματος,
3310 1180 3335 1230 ὅ
3367 1184 3613 1253 φοροῦσιν
3646 1179 3695 1229 οἱ
3737 1185 3908 1248 Χρισο

2295 1277 2476 1337 τιανοὶ,
2507 1269 2750 1330 δηλονότι
2780 1270 2906 1322 αὐτὸ
2951 1273 3009 1321 τὸ
3059 1275 3269 1340 Πνεῦμα
3312 1267 3562 1340 ἀμφιάζει
3601 1266 3790 1329 αὐτοὺς
3829 1267 3909 1329 εἰς

2289 1365 2348 1414 τὸ
2401 1364 2561 1432 ὄνομα
2612 1366 2702 1413 τοῦ
2746 1361 2945 1434 Πατρός
3000 1362 3090 1410 καὶ
3137 1364 3226 1410 τοῦ
3272 1359 3397 1410 Υἱοῦ
3447 1361 3535 1410 καὶ
3593 1363 3685 1408 τοῦ
3742 1355 3904 1427 ἁγίου

2291 1453 2606 1522 Πνεύματος,
2641 1449 2713 1512 εἰς
2740 1452 2864 1510 τούς
2893 1448 3101 1509 αἰῶνας.
3136 1448 3325 1519 Ἀμήν.

2918 1575 3169 1628 ΟΜΙΛΙΑ
3199 1571 3271 1627 Z'.

2291 1704 2441 1773 Περὶ
2503 1707 2615 1761 τῆς
2676 1702 3138 1773 χρηστότητος
3205 1702 3319 1773 τοῦ,
3377 1696 3906 1773 Χριστοῦ-’πρὸς

2358 1766 2466 1824 ¹ιίόν
2523 1766 2872 1845 ἄνθρῳπον.
2917 1772 3183 1840 Συνέχει
3221 1772 3330 1845 καὶ
3369 1769 3400 1826 ἠ
3442 1766 3667 1840 ὁμιλία
3701 1766 3904 1826 ζητήο

2363 1863 2497 1906 σεις
2536 1841 2656 1895 καῖ
2686 1841 3079 1915 ἀποκρίσεις
3117 1841 3316 1902 τινάς.

2362 1968 2439 2025 Α¹.
2486 1967 2685 2040 Ὠσπερ
2736 1966 2820 2019 ἐάν
2857 1985 2939 2028 τις
2981 1965 3182 2038 εἰσέλθῃ
3235 1964 3302 2025 εἰς
3345 1967 3516 2025 οἴκους
3554 1961 3900 2036 βασιλικούς,

2289 2063 2378 2110 καὶ
2432 2053 2524 2130 ἴδη
2581 2061 2675 2119 τὰς
2731 2056 2831 2109 ἐκεῖ
2885 2059 3120 2129 ἱστορίας
3170 2059 3253 2107 καὶ
3301 2057 3368 2106 τὰ
3413 2053 3595 2118 κάλλη,
3652 2052 3901 2124 ἀλλαχοῦ

2294 2150 2591 2221 θησαυρούς
2639 2145 3026 2219 ἀποκειμένους,
3065 2149 3154 2197 καὶ
3195 2143 3430 2216 ἀλλαχοῦ
3461 2141 3608 2208 ἀλλὰ,
3653 2148 3746 2195 καὶ
3776 2141 3906 2195 ἀνα·

2292 2235 2444 2307 κλιθῇ
2505 2238 2632 2308 μετὰ
2678 2243 2769 2289 τοῦ
2820 2234 3098 2308 βασιλέως,
3145 2239 3234 2287 καὶ
3287 2235 3549 2306 παρατεθῇ
3601 2231 3743 2303 αύτῷ
3789 2229 3910 2285 ἐδέ-

2296 2343 2472 2396 σματα
2529 2329 2616 2376 καὶ
2668 2329 2877 2396 πόματα
2929 2321 3192 2387 ἠδύτατα,
3243 2328 3332 2375 καὶ
3382 2321 3585 2394 ἀναπαῇ
3648 2326 3910 2384 παντοίως

2298 2414 2366 2475 εἰς
2397 2416 2489 2475 τὰς
2542 2417 2752 2486 θεωρίας
2807 2418 2894 2465 καὶ
2936 2415 3001 2465 τὰ
3044 2412 3207 2470 κάλλη
3233 2428 3246 2441 ⁸
3279 2413 3408 2484 μετά
3459 2418 3627 2463 ταῦτα
3678 2407 3738 2464 δε
3766 2409 3909 2464 ἀπο-

2300 2505 2510 2574 σπασθῇ
2589 2503 2795 2568 ἐκεῖθεν,
2855 2507 2945 2555 καὶ
3007 2502 3185 2575 εύρεθῇ
3249 2501 3320 2562 εἰς
3381 2497 3647 2562 δυσώδεις
3705 2505 3908 2562 τόπους

2297 2593 2593 2665 ἀπαχθείς·
2651 2597 2680 2651 ἤ
2743 2595 2914 2667 ὥσπερ
2980 2591 3064 2644 ἐάν
3117 2611 3196 2654 τις
3261 2594 3550 2664 ὡραιοτέρα
3598 2596 3752 2663 κόρη,
3807 2596 3906 2645 καὶ

2299 2688 2585 2757 σοφωτέρα,
2645 2686 2734 2735 καὶ
2780 2682 3136 2755 πλουσιωτέρα
3191 2683 3316 2754 ύπέρ
3383 2683 3578 2747 πάσας,
3637 2679 3767 2752 λάϐῃ
3845 2678 3909 2734 δί

2294 2770 2464 2847 ἄνδρα
2506 2775 2775 2846 πενιχρὸν,
2824 2775 3078 2836 ταπεινὸν,
3132 2775 3220 2824 καὶ
3261 2767 3510 2836 δυσειδῆ,
3559 2766 3906 2841 ἐνδεδυμένον

2292 2859 2535 2937 ῥακωδη,
2582 2866 2672 2914 καὶ
2722 2857 2967 2934 ἀποδύσῃ
3026 2861 3179 2913 αύτὸν
3237 2862 3302 2912 τὰ
3345 2860 3557 2934 ῥυπαρὰ
3606 2855 3904 2931 ἐνδύματα,

2292 2956 2380 3004 καὶ
2407 2948 2598 3024 ἐνδύσῃ
2643 2950 2921 3024 βασιλικὴν
2953 2949 3168 3016 ἐσθῆτα,
3202 2954 3290 3002 καὶ
3329 2947 3480 3016 ἔπιθῇ
3524 2948 3663 3018 αύτῷ
3697 2944 3908 3006 διάδη-

2291 3060 2384 3112 μα,
2417 3045 2505 3094 καὶ
2556 3044 2769 3111 γένηται
2817 3039 2957 3110 αύτῷ
3003 3043 3311 3096 κοινωνικὴ·
3367 3037 3544 3090 λοιπὸν
3592 3038 3826 3110 ἄρχεται
3880 3039 3906 3089 6

2290 3134 2503 3202 πτωχὸς
2532 3129 2715 3190 ἐκεῖνος
2752 3131 3026 3182 πτοεῖσθαι
3065 3134 3154 3181 καὶ
3191 3127 3382 3200 λέγειν·
3425 3128 3570 3201 Ἐμοὶ
3601 3136 3674 3198 τῷ
3711 3125 3910 3180 ταλαι-

2290 3225 2465 3290 πῶρῳ,
2498 3224 2586 3271 καὶ
2625 3226 2845 3290 πτωχῷ,
2875 3223 2964 3270 καὶ
3011 3222 3223 3290 μετρίῳ,
3270 3221 3359 3270 καὶ
3401 3225 3622 3288 ταπεινῷ
3673 3220 3904 3276 τοιαύτη

2288 3314 2559 3367 κοινωνικὴ
2603 3305 2759 3366 ἐδόθη
2789 3326 2801 3377 ;
2844 3309 2979 3360 οὕτω
3017 3313 3106 3360 καὶ
3141 3309 3166 3360 6
3200 3310 3326 3369 Θεὸς
3358 3315 3430 3378 τῷ
3461 3307 3771 3379 ταλαιπώρῳ
3806 3312 3907 3360 καὶ

2287 3405 2509 3467 ταπεινῷ
2574 3396 2825 3470 ἀνθρώπῳ
2888 3400 3146 3455 ἐποίησεν.
3215 3395 3462 3468 Ἐγευσεν
3522 3395 3676 3448 αὐτὸν
3735 3395 3904 3449 ἄλλου

2289 3485 2490 3551 αἰῶνος,
2521 3487 2677 3549 οῖλλης
2715 3494 2909 3560 τροφῆς
2949 3484 3221 3546 ἡδυτάτης
3245 3505 3258 3518 ο
3302 3481 3491 3548 ἔδειξεν
3530 3484 3668 3555 αύτῷ
3711 3481 3904 3554 δόξας,

2286 3580 2374 3627 καὶ
2417 3574 2577 3632 κάλλη
2633 3574 2890 3647 βασιλικά
2934 3574 3156 3650 ἄρρητα,
3211 3573 3527 3648 ἐπουράνια·
3578 3578 3668 3626 καὶ
3711 3573 3904 3628 λοιπὸν

2288 3669 2577 3737 συγκρίνων
2631 3668 2795 3717 ἐκεῖνα
2865 3667 2930 3717 τά
2992 3667 3318 3736 πνευματικά
3383 3670 3492 3725 τοῖς
3550 3669 3641 3715 τοῦ
3704 3663 3905 3725 αἰῶνος

2286 3755 2493 3819 τούτου,
2547 3755 2718 3806 πάντα
2776 3752 3070 3817 ἀποϐάλλει,
3116 3755 3214 3805 εἴτε
3268 3751 3491 3825 βασιλέα
3545 3749 3743 3824 βλέπει,
3793 3756 3904 3806 εἴτε

2288 3837 2571 3911 δυνάστας,
2614 3846 2712 3896 εἴτε
2766 3847 2975 3915 σοφούς,
3035 3845 3298 3915 θησαυρὸν
3343 3844 3427 3894 τὸν
3475 3840 3712 3915 ούράνιον
3761 3840 3904 3895 ἀπο·

2285 3930 2497 3986 ϐλέπων.
2555 3929 2767 3991 Ἐπειδὴ
2823 3936 2919 4005 γὰρ
2981 3934 3005 3984 ὁ
3055 3935 3179 3993 Θεὸς
3228 3930 3406 4002 ἀγάπη
3465 3929 3627 4000 ἐστὶν,
3673 3927 3898 3993 ἐδέξατο

2283 4024 2339 4072 τὸ
2398 4021 2632 4096 οὐράνιον
2689 4026 2775 4073 καὶ
2807 4024 2936 4074 θεῖον
2967 4028 3069 4093 πῦρ
3101 4028 3192 4073 τοῦ
3238 4027 3493 4092 Χριστοῦ,
3525 4024 3614 4072 καὶ
3663 4017 3894 4090 ἀνεπάη,

2281 4115 2369 4164 καὶ
2395 4111 2591 4186 ἐχάρη,
2623 4115 2710 4164 καὶ
2738 4109 2841 4163 ἐκεῖ
2865 4113 3003 4163 ἔστιν
3035 4106 3428 4182 ἀποδεδεμένος.

2353 4325 2422 4378 B'.
2459 4327 2830 4399 Ἐρώτησις.
2895 4325 2964 4377 Εἰ
3023 4327 3324 4378 σύνεστιν
3381 4325 3407 4376 6
3460 4329 3742 4386 Σατανᾶς
3801 4333 3890 4396 τῷ

2280 4422 2432 4485 Θεῷ,
2477 4417 2600 4467 εἴτε
2639 4413 2695 4467 ἐν
2725 4422 2804 4486 τῷ
2847 4413 3001 4489 ἀέρι,
3043 4416 3170 4466 εἶτε
3209 4412 3272 4465 ἐν
3303 4420 3437 4476 τοίς
3477 4411 3888 4487 ἀνθρώποις;

2349 4539 2408 4593 Ἀ
2423 4544 2743 4613 πόκρισις.
2778 4539 2836 4594 Εἰ
2857 4541 2882 4591 6
2914 4539 3052 4600 ἣλιος
3083 4539 3227 4600 οὗτος
3255 4543 3456 4611 κτίσμα
3485 4543 3572 4604 ῶν,
3602 4539 3890 4614 καταλάμ-

2276 4649 2381 4682 πων
2439 4629 2511 4691 si;
2567 4634 2755 4691 τόπους
2809 4626 3180 4704 βορϐορώδεις,
3243 4627 3300 4680 ού
3361 4625 3665 4701 βλάπτεται,
3728 4635 3888 4703 πόσῳ

2272 4718 2461 4790 μᾶλλον
2517 4723 2573 4771 τὸ
2629 4721 2776 4783 θεῖον,
2835 4722 2986 4770 συνὸν
3040 4725 3111 4788 τῷ
3155 4723 3375 4788 Σατανᾷ,
3429 4720 3544 4770 οὔτε
3588 4719 3883 4790 ῥυποῦται,

2271 4812 2386 4860 οὔτε
2415 4813 2707 4880 μιαίνεται;
2749 4807 2991 4881 ἐπέτρεψε
3031 4804 3089 4860 δὲ
3128 4804 3254 4860 εἶναι
3284 4810 3342 4860 τό
3371 4810 3528 4858 κακὸν
3567 4807 3640 4870 εἰς
3677 4827 3886 4880 γυμνα-

2274 4902 2389 4949 σίαν
2437 4907 2534 4949 τῶν
2577 4897 2896 4971 ἀνθρώπων⁹
2949 4897 3082 4955 πλὴν
3137 4901 3191 4950 τὸ
3239 4900 3395 4949 κακὸν
3444 4898 3733 4950 ἐσκότωται
3783 4905 3882 4951 καὶ

2269 4987 2603 5058 τετύφλωται,
2659 4991 2744 5039 καὶ
2805 4987 2861 5039 ού
2921 4982 3143 5040 δύναται
3198 4983 3326 5039 ἰδεῖν
3383 4989 3439 5038 τὸ
3495 4989 3724 5059 καθαρὸν
3783 4995 3879 5041 καὶ

2265 5075 2444 5128 λεπτόν
2495 5084 2583 5129 τοῦ
2629 5084 2782 5130 Θεοῦ.
2828 5076 2888 5129 Εἰ
2930 5073 2988 5128 δε
3029 5075 3162 5147 λέγει
3202 5096 3298 5142 τις,
3340 5073 3478 5128 ἴδιον
3522 5081 3679 5130 τόπον
3726 5080 3879 5149 ἔχειν

2263 5168 2348 5217 τὸν
2381 5173 2627 5232 Σατανᾶν,
2661 5171 2747 5219 καὶ
2779 5163 2916 5219 ἴδιον
2964 5168 3050 5218 τόν
3083 5169 3227 5227 Θεὸν,
3281 5171 3417 5218 ποιεῖ
3445 5165 3600 5217 αύτὸν
3651 5169 3737 5218 καὶ
3782 5187 3876 5220 πεο

2259 5260 2546 5329 ρίγραπτον
2578 5257 2644 5316 εἰς
2701 5255 2885 5308 ἐκεῖνον
2935 5258 3020 5308 τὸν
3074 5259 3230 5308 τόπον
3261 5257 3381 5307 ἔνθα
3430 5263 3660 5308 κατοικεῖ
3692 5257 3718 5309 6
3769 5263 3874 5309 Ποο

2259 5365 2430 5417 νηρος.
2462 5353 2579 5408 Πῶς
2618 5342 2676 5398 δὲ
2707 5344 2915 5417 λέγομεν
2954 5347 3013 5397 τὸ
3040 5343 3235 5417 ἀγαθὸν
3292 5343 3680 5417 ἀπερίγραπτον
3711 5344 3869 5413 εἶναι,

2256 5439 2345 5488 καὶ
2398 5434 2779 5504 ἀκατάληπτον,
2834 5439 2922 5489 καὶ
2979 5437 3046 5488 τὰ
3086 5436 3256 5488 πάντα
3284 5435 3331 5488 έν
3384 5434 3525 5506 αύτῷ
3574 5432 3725 5500 εἶναι,
3773 5441 3873 5488 καὶ
