4058 6194
181 288 287 345 525

1479 288 1816 347 HOMILI/E.
1847 323 1918 336 —
1951 297 2123 357 HOM.
2167 301 2292 361 VII.

3436 307 3541 365 526

181 418 251 486 μή
281 417 594 487 μιαίνεσθαι
643 418 701 469 τό
758 415 954 489 ἀγαθόν
978 418 1078 470 ύπό
1132 423 1226 470 τοῦ
1273 421 1480 483 κακοῦ;
1533 419 1619 474 Μὴ
1661 417 1779 489 γὰρ,

1901 426 2464 498 comprehensibile,
2511 429 2568 484 et
2595 427 2801 484 omnia
2851 427 2910 484 in
2942 443 3014 484 eo
3052 443 3205 496 esse,
3238 445 3349 488 nec
3394 431 3554 490 inﬁci

179 501 367 563 ἔπειδὴ
397 506 424 556 6
455 504 675 579 οὐρανός
702 511 793 559 καὶ
821 508 846 557 6
886 506 1028 568 ἣλιος
1057 510 1146 559 καὶ
1184 507 1251 559 τὰ
1281 507 1374 579 ὅρη
1425 503 1473 558 ἓν
1504 505 1642 576 αύτῷ
1687 505 1788 557 εἰσι

177 600 249 662 τῷ
291 594 432 664 Θεῷ,
478 599 567 647 καὶ
599 591 672 647 δι’
711 595 875 648 αὐτοῦ
915 599 1220 665 συνέστηκε,
1262 599 1332 668 μὴ
1373 599 1464 646 καὶ
1493 593 1628 646 αύτὰ
1660 596 1787 656 Θεὸς

177 681 422 755 ἐγένετο;
478 687 556 738 Τὰ
589 681 1042 759 δημιουργήματα
1092 687 1162 749 εἰς
1202 691 1296 744 τὴν
1339 682 1479 738 ἰδίαν
1518 684 1664 747 τάξιν
1703 688 1789 738 πέ-

179 792 406 842 πηκται,
429 775 569 827 καὶὸ
601 771 926 849 δημιουργὸς
955 777 980 828 6
1013 780 1178 830 συνὼν
1209 782 1316 838 τοῖς
1343 778 1628 845 κτίσμασι,
1660 777 1789 835 Θεός

183 881 346 915 εστιν.

251 969 326 1025 Γ.
359 968 734 1043 Ἐρώτησις.
777 969 1040 1030 Ἐπειδὴ
1082 974 1112 1031 ἡ
1156 971 1444 1046 ἁμαρτία
1481 989 1792 1043 μεταμορ-

183 1065 420 1129 φοῦται
448 1059 542 1121 εἷς
580 1060 854 1133 ἄγγελον
895 1063 1119 1134 φωτός,
1159 1065 1266 1114 καὶ
1305 1064 1645 1135 παρομοία
1681 1066 1791 1118 τῆς

183 1149 467 1219 χάριτός
506 1146 670 1214 ἔστι,
709 1157 842 1211 πῶς
880 1149 948 1201 ἂν
1008 1153 1207 1222 νοήσῃ
1253 1151 1278 1201 6
1317 1151 1647 1222 ἄνθρωπος
1683 1149 1791 1208 τὰς

183 1233 550 1308 μεθοδιίας
615 1245 726 1291 τοῦ
781 1234 1091 1292 διαϐόλου
1136 1255 1150 1307 ;
1191 1242 1300 1290 καὶ
1356 1247 1477 1300 πῶς
1535 1234 1791 1300 δέξεται

180 1330 287 1379 καί
325 1323 668 1400 διακρινεῖ
703 1330 818 1390 τὰς
855 1337 968 1391 τῆς
1005 1330 1282 1401 χάριτος
1315 1345 1329 1394 ;

243 1432 656 1509 ’Δπόκρισις.
708 1437 785 1488 Τὰ
813 1442 906 1496 τῆς
933 1435 1152 1508 χάριτος
1182 1436 1356 1509 χαρὰν
1397 1435 1530 1505 ἔχει,
1585 1432 1790 1507 εἰρήνην

172 1524 309 1593 ἔχει,
366 1521 581 1594 ἀγάπην
630 1524 766 1595 ἔχει,
830 1521 1074 1581 ἀλήθειαν
1127 1524 1260 1594 ἔχει.
1296 1522 1434 1579 Αὕτη
1488 1523 1518 1580 ἡ
1575 1519 1792 1580 ἀλήθεια

172 1609 466 1682 ἇααγκοίζει
528 1614 614 1664 τόν
663 1613 934 1684 ἄνθρωπον
981 1611 1228 1670 ἀλήθειαν
1275 1611 1538 1672 ἓπιζητεῖν
1572 1632 1584 1644 ·
1618 1612 1684 1663 τὰ
1732 1607 1791 1664 δὲ

170 1707 264 1762 τῆς
316 1700 582 1776 ἁμαρτίας
625 1697 744 1759 εἴδη
802 1703 918 1754 icti.
958 1704 1340 1774 τεταραγμένα,
1388 1703 1478 1752 καὶ
1525 1699 1619 1752 οὐκ
1675 1703 1787 1773 ἔχει

1898 512 2130 570 bonum
2160 531 2196 572 a
2225 516 2387 572 malo
2417 516 2444 571 ?
2474 516 2751 589 Nunquid
2778 517 2958 587 enim,
2991 516 3292 590 siquidem
3315 520 3552 589 caelum,

1900 607 1955 657 et
1999 602 2108 668 sol,
2161 609 2217 659 et
2263 611 2498 660 montes
2545 606 2604 661 in
2646 606 2764 662 Deo
2812 608 2943 678 ipso
2996 607 3115 663 sint
3154 623 3224 664 ac
3269 623 3375 680 per
3415 624 3555 668 eum

1899 691 2250 758 consistant,
2275 693 2476 765 etipsa
2493 699 2634 750 sunt
2655 699 2807 751 Deus
2821 695 2850 751 ‘l
2873 694 3123 767 Opificia
3139 697 3420 770 quaslibet
3439 715 3553 756 suo

1900 779 2110 836 ordine
2155 787 2495 840 constructa
2524 788 2681 847 sunt,
2728 787 2784 840 et
2812 783 3032 856 opifex,
3077 785 3180 858 qui
3209 786 3320 842 illis
3361 788 3552 856 adest,

1904 871 2054 925 Deus
2086 873 2197 934 est,

1973 977 2090 1048 3o
2122 978 2211 1032 lII.
2236 978 2656 1049 Interrogatio.
2686 980 2831 1035 Cum
2845 985 3153 1051 peccatum
3185 983 3248 1038 in
3271 984 3552 1054 angelum

1904 1068 2052 1122 lucis
2080 1068 2565 1136 transformetur,
2600 1076 2651 1124 et
2675 1069 2868 1124 simile
2891 1068 2965 1124 sit
2985 1070 3216 1140 gratiae,
3238 1086 3352 1142 quo
3378 1079 3553 1142 pacto

1901 1162 2208 1226 cognoscet
2239 1156 2409 1212 homo
2429 1156 2681 1214 insidias
2707 1157 2932 1213 diaboli
2961 1158 2989 1212 t‘
3013 1163 3200 1230 etquo
3226 1165 3402 1229 pacto
3427 1175 3550 1216 sus-

1903 1245 2077 1314 cipiet
2101 1249 2155 1301 et
2183 1245 2475 1302 discernet
2504 1246 2741 1303 semitas
2766 1247 2980 1318 gratiae
3010 1247 3038 1301 ‘I

1971 1440 2316 1509 Responsio.
2377 1443 2456 1498 Ea
2512 1457 2648 1514 quae
2701 1446 2840 1498 sunt
2896 1442 3122 1512 gratim,
3179 1442 3360 1515 plena
3412 1442 3552 1501 sunt

1899 1526 2132 1592 laetitiae,
2162 1529 2350 1600 pacis,
2379 1529 2708 1586 dilectionis
2729 1535 2785 1586 et
2811 1531 3090 1587 veritatis.
3120 1533 3322 1587 Htecce
3340 1531 3556 1589 veritas

1899 1616 2149 1688 impellit
2174 1618 2483 1674 hominem
2515 1619 2592 1674 ad
2625 1619 3049 1691 inquirendam
3075 1619 3404 1676 veritatem.
3439 1621 3552 1677 Sed

1898 1707 2126 1778 peccati
2159 1707 2387 1779 species
2428 1712 2566 1764 sunt
2596 1707 2969 1773 turbulentae,
3005 1723 3113 1764 nec
3151 1707 3418 1765 laetitiam
3449 1715 3554 1766 aut

169 1772 380 1860 ἀγάπην
422 1772 517 1841 καὶ
556 1793 731 1864 χαρὰν
771 1792 906 1863 πρὸς
942 1793 1030 1842 τόν
1069 1772 1214 1843 Θεὸν.
1266 1788 1465 1862 Ὥσπερ
1504 1794 1606 1863 γάρ
1644 1787 1779 1842 ἐστιν

1901 1772 2280 1851 dilectionem
2323 1811 2463 1866 erga
2503 1798 2686 1852 Deum
2737 1772 2982 1854 habent.
3026 1797 3553 1862 Quemadmodum

168 1879 197 1935 ἠ
232 1881 416 1950 παρις
450 1879 610 1950 ὁμοία
645 1885 742 1940 τῆς
794 1875 1068 1952 θρίδακος,
1112 1882 1171 1931 τὸ
1201 1881 1292 1950 μὲν
1326 1878 1374 1931 ἓν
1419 1878 1605 1950 γλυκὺ,
1638 1881 1696 1931 τὸ
1729 1874 1788 1932 δε

169 1967 214 2019 ἓν
242 1971 430 2042 πικρόν
465 1989 480 2000 ο
513 1971 605 2020 καὶ
633 1969 684 2020 ἑν
713 1967 848 2040 αὐτῇ
881 1965 940 2020 δὲ
971 1975 1036 2040 τῇ
1072 1970 1264 2042 χάριτί
1294 1966 1440 2020 ἔστιν
1474 1969 1631 2039 ὃμοια
1659 1966 1790 2026 ἀλη-

168 2057 320 2122 θείας,
361 2061 456 2108 καὶ
492 2058 637 2109 ἔστιν
666 2056 798 2115 αὐτὴ
827 2057 859 2114 ἠ
899 2057 1198 2118 ὑπόστασις
1228 2064 1328 2118 τῆς
1357 2055 1625 2119 ἀληθείας.
1664 2058 1787 2110 Οἷόν

164 2147 298 2198 ἔστιν
328 2147 361 2204 ἠ
394 2146 536 2218 αὐγὴ
568 2151 662 2199 τοῦ
690 2145 862 2211 ἡλίου,
890 2149 980 2199 καὶ
1013 2146 1167 2207 αὐτὸς
1200 2147 1226 2198 6
1269 2144 1476 2214 κύκλος,
1504 2150 1590 2199 καὶ
1623 2146 1789 2208 ἄλλως

163 2234 354 2306 auehi
405 2240 602 2307 φαίνει,
650 2239 743 2288 καὶ
792 2234 956 2296 ἄλλως
1007 2238 1066 2288 τὸ
1097 2243 1225 2307 φῶς,
1278 2238 1335 2288 τό
1379 2233 1714 2308 ἀποκείμενον
1739 2234 1788 2288 ἐν

167 2332 235 2394 τῷ
259 2323 463 2396 κύκλῳ.
506 2323 663 2378 Ἐστι
691 2324 886 2398 λύχνος
925 2324 1102 2378 ἄπτων
1131 2325 1202 2387 εἰς
1259 2323 1400 2378 οἶκον
1439 2343 1452 2354 ·
1486 2324 1616 2383 ἄλλη
1647 2324 1787 2380 ἐστὶν

165 2415 194 2470 ἠ
393 2415 426 2472 ἡ
460 2421 742 2486 πανταχοῦ
784 2413 1088 2486 λάμπουσα,
1137 2419 1231 2467 καὶ
1271 2413 1396 2467 ἄλλο
1421 2412 1535 2467 ἐστὶ
1577 2417 1632 2467 τὸ
1660 2422 1784 2487 φῶς,

166 2506 222 2554 τὸ
270 2501 321 2555 ἐν
379 2506 524 2574 αὐτῷ
580 2511 652 2575 τῷ
701 2502 897 2575 λύχνῳ,
950 2503 1322 2577 λαμπρότερον
1373 2507 1463 2556 καὶ
1513 2500 1788 2580 φαιδρότε-

162 2609 268 2662 ρον.
327 2591 520 2655 Οὕτως
571 2591 688 2645 ἔστί
736 2612 855 2645 τινα
911 2601 1001 2654 τῆς
1066 2594 1326 2666 χάριτος,
1393 2595 1476 2646 ὅτε
1532 2595 1788 2666 μακρόθεν

164 2679 322 2734 αὑτοῦ
353 2683 424 2743 ὡς
471 2682 682 2754 ὁράσεις
709 2683 856 2744 τινὰς
886 2680 1064 2754 βλέπει
1096 2683 1121 2735 6
1153 2683 1219 2734 ἄν
1235 2684 1455 2754 θρωπος,
1486 2687 1576 2734 καὶ
1604 2687 1785 2757 χαίρει

165 2769 234 2829 εἰς
267 2769 438 2832 αὐτὰς
468 2773 563 2831 τὰς
606 2769 834 2842 ὁράσεις,
864 2774 956 2824 καὶ
1008 2773 1160 2824 ἔστιν
1207 2770 1380 2838 ἄλλος,
1424 2772 1507 2824 ὅτε
1553 2770 1785 2845 εἰσέρχε-

164 2877 245 2911 ται
273 2858 350 2921 εἰς
389 2862 546 2911 αὑτὸν
577 2860 606 2917 ἠ
653 2855 875 2931 δύναμις
931 2867 1023 2913 τοῦ
1061 2865 1219 2927 Θεοῦ,
1265 2865 1349 2913 καὶ
1378 2864 1595 2932 κατέχει
1624 2860 1784 2913 αὐτοῦ

1899 1885 2057 1940 enim
2073 1884 2316 1958 intybus
2341 1885 2553 1940 similis
2575 1890 2665 1941 est
2689 1887 2968 1943 lactucae:
2994 1885 3124 1942 haec
3146 1885 3393 1956 quidem
3418 1885 3554 1942 dul-

1898 1973 2004 2039 cis,
2038 1973 2138 2030 illa
2161 1990 2304 2030 vero
2325 1990 2535 2030 amara
2563 1990 2575 2029 :
2610 1975 2670 2030 in
2697 1975 2828 2046 ipsa
2856 1975 3038 2031 etiam
3065 1975 3259 2046 gratia
3281 1974 3552 2046 quadam

1900 2062 2118 2118 similia
2139 2068 2278 2118 sunt
2293 2063 2578 2131 veritatis,
2598 2069 2652 2118 et
2671 2063 2919 2136 quidem
2939 2063 3075 2135 ipsa
3100 2067 3188 2119 est
3211 2062 3553 2120 substantia

1901 2152 2184 2207 veritatis.
2252 2151 2440 2208 Veluti
2493 2158 2584 2208 est
2633 2151 2917 2223 splendor
2971 2150 3116 2208 solis
3181 2157 3238 2207 et
3295 2151 3551 2208 circulus

1898 2241 2047 2312 ipse,
2089 2245 2143 2296 et
2189 2240 2358 2297 aliter
2400 2239 2683 2312 splendor
2724 2245 2992 2313 apparet,
3033 2239 3201 2297 aliter
3239 2239 3446 2296 lumen
3488 2241 3551 2298 in

1898 2328 2116 2385 circulo
2158 2329 2511 2401 repositum.
2547 2329 2629 2386 Sit
2675 2329 2920 2386 lucerna
2949 2331 3011 2386 in
3036 2329 3241 2395 domo,
3283 2328 3435 2385 alius
3463 2334 3552 2386 est

1899 2417 2182 2490 splendor
2225 2417 2452 2490 ubique
2494 2417 2814 2488 refulgens,
2863 2423 2922 2475 et
2949 2417 3113 2475 aliud
3138 2423 3227 2475 est
3254 2418 3457 2475 lumen
3487 2418 3548 2474 in

1896 2507 2030 2576 ipsa
2072 2505 2320 2562 lucerna
2363 2505 2736 2578 splendidius
2779 2511 2837 2562 et
2881 2506 3236 2577 elegantius.
3273 2507 3365 2564 Sic
3413 2511 3552 2564 sunt

1897 2595 2201 2669 quaedam,
2228 2611 2364 2668 qua
2385 2611 2422 2652 a
2447 2595 2639 2665 gratia
2663 2600 2950 2652 manant:
2978 2594 3228 2669 quando
3248 2611 3320 2652 ea
3340 2593 3551 2668 procul

1896 2702 1932 2743 a
1961 2701 2043 2751 se,
2073 2689 2365 2757 tanquam
2396 2685 2656 2741 visiones
2687 2684 3012 2757 quasdam,
3042 2685 3304 2742 intuetur
3340 2684 3547 2749 homo,

1895 2789 2103 2830 eorum
2124 2773 2454 2830 visionibus
2484 2773 2812 2830 delectatur
2837 2778 2892 2830 et
2917 2773 2982 2830 ﬁt
3011 2773 3185 2840 alius,
3208 2772 3459 2846 quando
3489 2772 3550 2828 in

1895 2877 2032 2918 eum
2059 2861 2332 2932 ingressa
2359 2861 2625 2933 potentia
2653 2862 2770 2927 Dei,
2803 2861 3024 2918 detinet
3050 2861 3325 2918 membra
3352 2867 3408 2918 et
3448 2875 3551 2917 cor

165 2951 227 3001 τὰ
252 2948 390 3021 με’λη
434 2951 527 3001 καὶ
563 2951 653 3007 τὴν
683 2945 931 3022 καρδίαν,
975 2953 1072 3002 καὶ
1129 2948 1514 3022 αἰχμαλωτίζει
1544 2953 1628 3002 τόν
1665 2956 1779 3002 νοῦν

1901 2951 2045 3022 ejus,
2075 2967 2146 3007 ac
2175 2951 2476 3022 captivam
2497 2950 2651 3006 illius
2679 2955 2940 3007 mentem
2978 2949 3172 3006 reddit
3196 2950 3254 3006 in
3280 2964 3552 3006 amorem

165 3037 236 3099 εἰς
288 3037 502 3108 ἀγάπην
552 3044 708 3092 Θεοῦ.
761 3036 886 3091 Ὀτε
933 3041 1023 3091 τὸν
1077 3043 1270 3112 Πέτρον
1324 3038 1641 3111 ἐκράτησαν,
1692 3042 1779 3090 καὶ

1901 3039 2013 3096 Dei.
2045 3039 2301 3105 Quando
2332 3041 2567 3094 Petrum
2611 3038 3116 3110 comprehensum
3145 3038 3207 3094 in
3248 3053 3550 3093 carcerem

166 3124 351 3179 ἔϐαλον
400 3125 469 3186 εἰς
526 3125 778 3198 φυλακὴν,
820 3129 888 3190 ὣς
929 3123 978 3180 δ’
1031 3125 1580 3200 ἧνίγκεκλεισμένος,
1632 3123 1779 3185 ἦλθεν

1901 3129 2291 3196 detruserunt,
2339 3143 2600 3200 cumque
2647 3143 2848 3184 carcer
2886 3131 3040 3184 esset
3086 3126 3347 3193 clausus,
3389 3126 3550 3182 venit

170 3215 415 3287 ἅγγελος,
469 3220 558 3268 καὶ
608 3215 788 3290 ἓρῥηξε
826 3218 890 3270 τὰ
941 3213 1115 3290 δεσμὰ
1179 3217 1362 3284 αὐτοῦ,
1416 3221 1506 3269 καὶ
1553 3214 1779 3279 ἐξέϐαλεν

1901 3217 2162 3287 angelus,
2197 3223 2251 3274 et
2276 3215 2532 3273 effractis
2552 3215 2805 3272 vinculis
2834 3215 2964 3290 ejus
2993 3214 3198 3272 eduxit
3221 3230 3383 3280 eum,
3415 3214 3546 3286 ipse

167 3304 354 3370 αὐτὸν,
408 3309 501 3358 καὶ
556 3305 714 3366 αὐτὸς
767 3307 942 3380 ὥσπερ
999 3309 1046 3359 ὲν
1102 3305 1352 3360 ἕκστάσει
1403 3307 1491 3373 ὠν,
1551 3306 1779 3378 ἑνόμιςεν

1901 3323 2032 3363 vero
2058 3312 2346 3380 tanquam
2374 3305 2434 3362 in
2455 3320 2704 3361 excessu
2728 3304 2942 3362 mentis
2964 3303 3340 3370 constitutus,
3370 3301 3546 3360 visio-

169 3396 348 3467 ὅραμα
379 3391 531 3447 εἶναι.

1901 3411 2030 3452 nem
2061 3395 2314 3467 putabat
2343 3410 2473 3451 esse
2511 3395 2582 3449 79.

1961 3505 2046 3559 ιν.
2061 3502 2479 3574 Interrogatio.
2503 3505 2583 3558 At
2597 3501 2882 3573 quomodo
2895 3501 3139 3568 cadunt,
3159 3499 3264 3573 qui
3285 3514 3323 3558 a
3345 3499 3546 3572 gratia

1889 3593 1996 3650 Dei
2023 3592 2375 3662 diriguntur
2400 3599 2426 3648 9

237 3501 315 3555 Δ’.
348 3502 709 3573 Ἐρώτησις
741 3523 754 3536 ο
798 3506 918 3556 Καὶ
955 3510 1087 3565 πῶς
1125 3507 1487 3556 πίπτουσιν
1526 3505 1585 3556 οἱ
1623 3505 1781 3578 ἆνερ-

170 3594 488 3664 γούμενοι
527 3592 649 3644 ύπό
688 3594 971 3668 χάριτος
1011 3599 1222 3660 Θεοῦ;

1957 3716 2297 3786 Responsio.
2346 3717 2499 3786 Ipsae
2543 3714 2928 3786 cogitationes
2978 3729 3143 3786 purse
3192 3713 3255 3769 in
3299 3713 3544 3785 propria

1886 3811 2101 3862 natura
2148 3804 2433 3859 labuntur
2475 3818 2546 3858 ac
2585 3803 2828 3858 cadunt.
2882 3800 3088 3872 Incipit
3141 3802 3302 3857 enim
3356 3799 3539 3857 homo

1886 3893 2102 3957 extolli,
2148 3893 2437 3963 judicare,
2471 3907 2541 3947 ac
2585 3890 2824 3946 dicere:
2881 3891 2965 3944 Tu
2998 3897 3275 3959 peccator
3320 3904 3401 3955 es,
3447 3903 3542 3944 se-

236 3720 649 3788 ’A1~:6xp:c’:;.
691 3715 850 3771 Δύτοὶ
889 3719 937 3770 οἱ
965 3716 1215 3790 λογισμοὶ
1269 3720 1317 3770 οἱ
1357 3720 1579 3791 καθαροὶ
1625 3721 1672 3772 ἑν
1712 3727 1773 3792 τῇ

175 3801 286 3879 ἰδίᾳ
333 3808 490 3878 φύσει
515 3804 877 3859 ὀλισθαίνουσι
907 3811 997 3858 καὶ
1037 3811 1225 3859 πίττου
1245 3827 1347 3863 σιν.
1382 3807 1640 3882 Ἀρχεται
1674 3811 1776 3882 γὰρ

173 3894 496 3967 ἐπαίρεσθαι,
530 3900 878 3969 κατακρίνειν,
910 3899 1001 3947 καὶ
1031 3894 1191 3968 λέγειν
1229 3913 1242 3925 ·
1276 3903 1309 3948 Σ
1332 3899 1361 3948 ὺ
1402 3895 1736 3970 ἁμαρτωλό
1758 3918 1778 3959 ς

173 3979 240 4050 εἶ,
276 3986 417 4057 ’ἔχειν
469 3981 521 4036 δ’
572 3984 751 4037 ἑαυτὸν
801 3981 1008 4037 δίκαιον
1041 4005 1056 4019 ο
1113 3984 1208 4037 οὐκ
1267 3982 1421 4048 οἶδας
1476 3990 1528 4038 τί
1581 3985 1709 4058 λίγει
1749 3989 1774 4038 6

173 4069 654 4140 ΠαῦλοςἛδόθη
693 4092 802 4146 μοι
844 4071 1086 4144 σκόλοψ
1127 4081 1199 4145 τῇ
1245 4079 1463 4142 σαρκὶ,
1504 4073 1774 4146 ἄγγελος

169 4164 385 4228 Σατὰν,
422 4163 524 4214 ἱνα
562 4181 636 4234 με
673 4160 1017 4235 κολαφίζῃ,
1053 4164 1153 4214 ἶνα
1181 4167 1260 4236 μὴ
1300 4165 1770 4238 ὑπεραίρωμαι.

169 4256 314 4322 ἐχει
341 4252 448 4324 γὰρ
479 4252 510 4308 ἠ
542 4253 750 4324 καθαρὰ
783 4253 940 4324 φύσις
965 4254 1022 4304 τό
1053 4252 1456 4326 ύπεραίρεσθαι.

1886 3984 2087 4056 ipsum
2107 3998 2250 4038 vero
2267 3981 2494 4052 justum
2509 3979 2827 4034 aestimare.
2853 3979 3072 4042 Nescis,
3097 3976 3538 4050 quidloquatur

1885 4071 2100 4128 Paulus
2126 4072 2155 4128 ?
2178 4072 2363 4126 Datus
2385 4077 2466 4126 est
2494 4068 2643 4125 mihi
2668 4069 2910 4124 aculeus
2934 4068 3125 4138 carni,
3154 4066 3407 4137 angelus
3425 4065 3537 4121 Sa-

1885 4166 2060 4230 tanae,
2086 4167 2148 4216 ut
2174 4174 2264 4216 me
2290 4158 2564 4227 colaphis
2591 4157 2797 4222 cadat,
2829 4172 2902 4213 ne
2923 4170 3110 4227 supra
3131 4154 3369 4211 modum
3402 4154 3536 4224 eire-

1884 4266 1992 4306 rar
2038 4249 2098 4304 3°.
2158 4248 2343 4304 Habet
2391 4247 2552 4303 enim
2605 4262 2758 4319 pura
2807 4261 3050 4319 quoque
3095 4249 3309 4301 natura
3353 4244 3415 4299 in
3471 4259 3535 4300 se

1883 4337 2214 4413 quamdam
2246 4335 2608 4409 superbiam.

234 4445 300 4499 ε’.
335 4445 726 4519 Ἐρώτησις.
759 4447 828 4501 Εἰ
859 4443 1140 4500 δύναταί
1169 4467 1268 4509 τις
1299 4443 1413 4500 διὰ
1440 4455 1552 4501 τοῦ
1583 4453 1772 4521 φωτὸς

1955 4448 2018 4504 V.
2047 4442 2466 4514 Interrogatio.
2493 4443 2700 4501 Utrum
2715 4441 2846 4514 quis
2859 4456 2968 4511 per
2981 4441 3178 4497 lumen
3193 4439 3536 4511 conspicere

176 4531 334 4587 ἰδεῖν
397 4540 512 4594 τὴν
574 4535 808 4588 ἑαυτοῦ
862 4535 1106 4608 ψυχὴν,
1171 4533 1396 4595 ἐπειδὴ
1455 4557 1625 4598 τινες
1663 4543 1774 4598 τὴν

1901 4551 2051 4592 ruam
2077 4535 2263 4605 ipsius
2275 4534 2537 4591 animam
2552 4536 2765 4604 potest,
2787 4530 3264 4604 quandoquidem
3286 4530 3532 4602 quidam

178 4619 590 4694 ἆπόκοὶ).υψιν
675 4622 1047 4700 ἀναιροῦσι,
1127 4629 1234 4678 καὶ
1313 4624 1599 4697 λέγουσι,
1666 4624 1777 4681 διὰ

1901 4625 2304 4683 ἐυειαιίοηεηι
2345 4624 2590 4692 tollunt,
2621 4623 3024 4692 dicentes,per
3052 4620 3445 4691 cognitionem
3477 4626 3533 4676 et

180 4718 470 4780 γνώσεως
503 4718 614 4765 καὶ
653 4711 1025 4776 αἰσθήσεως
1065 4712 1235 4767 εἶναι
1272 4719 1388 4773 τὴν
1427 4717 1701 4790 ὃρασιν;

235 4835 292 4891 Ἀ
310 4843 385 4892 πό
401 4859 478 4916 κρ
497 4859 562 4893 ισ
576 4859 594 4892 ι
610 4859 650 4901 ς.
693 4839 870 4895 Ἔστιν
906 4842 1174 4909 αἴσθησις,
1227 4845 1316 4894 καὶ
1369 4845 1509 4896 ἔστιν
1566 4845 1768 4916 ὅρασις,

171 4930 254 4977 καὶ
295 4929 405 4980 ἔστι
445 4933 740 5000 φωτισμός.
786 4933 886 4982 Καὶ
927 4929 1077 4992 οὗτος
1115 4932 1140 4982 6
1179 4933 1315 5003 ἔχων
1353 4934 1438 4984 τὸν
1478 4938 1764 5006 φωτισμόν,

177 5015 357 5083 μείζων
410 5016 525 5070 ἐστὶ
581 5024 671 5071 τοῦ
721 5020 935 5091 ἓχοντος
995 5023 1091 5077 τὴν
1140 5021 1409 5079 αἴσθησιν.
1470 5020 1764 5093 Ἐφωτίσθη

172 5107 268 5177 γὰρ
304 5106 330 5156 6
391 5113 511 5168 νοῦς
554 5105 736 5172 αὐτοῦ,
773 5109 842 5170 ὡς
879 5109 959 5160 ὅτι
997 5104 1191 5182 μερίδα
1223 5112 1338 5162 τινὰ
1369 5110 1586 5182 μείζονα
1622 5111 1766 5165 ἔλαϐε

178 5195 310 5266 παρὰ
337 5198 426 5247 τὸν
453 5199 551 5254 τὴν
579 5198 832 5256 αἴσθησιν
861 5199 1073 5269 ἔχοντα,
1121 5194 1302 5256 ἐπειδὴ
1347 5195 1480 5252 εἶδεν
1513 5199 1563 5251 ἐν
1595 5199 1762 5271 ἑαυτῷ

175 5298 283 5333 τινα
331 5283 686 5360 πληροφορίαν
735 5287 984 5358 ὁράσεων.
1036 5286 1174 5347 Πλὴν
1219 5287 1340 5341 ἄλλο
1379 5287 1518 5341 ἔστὶν
1567 5286 1763 5342 ἀποκά-

175 5367 336 5440 λυψις,
393 5375 476 5428 ὃτι
547 5377 839 5448 πράγματα
888 5375 1092 5450 μεγάλα
1148 5381 1239 5430 καὶ
1299 5381 1569 5453 μυστήρια
1626 5383 1760 5431 Θεοῦ

176 5455 580 5518 ἀποκαλύπτεται
705 5464 860 5538 ψυχῇ
873 5508 885 5520 .

241 5676 287 5712 ⁷⁹
310 5678 432 5737 Act.
466 5693 564 5748 In,
597 5681 651 5738 3.
684 5680 736 5735 8.
754 5677 798 5714 ⁸ο
821 5679 865 5735 II
895 5679 1024 5736 Cor.
1058 5693 1162 5744 xu,
1193 5681 1247 5736 7.

1883 4730 2115 4772 sensum
2141 4714 2274 4784 ﬁeri
2298 4712 2580 4770 visionem
2604 4710 2632 4767 εἴ

1952 4841 2294 4911 Responsio.
2329 4840 2428 4893 Est
2459 4851 2694 4903 sensus,
2723 4839 2886 4891 etest
2915 4833 3084 4898 visio,
3118 4836 3174 4887 et
3203 4835 3292 4888 est
3314 4828 3530 4887 illumi-

1879 4930 2076 4986 natio:
2111 4934 2290 5000 atque
2317 4927 2418 5000 qui
2445 4925 2812 4981 illuminatus
2838 4928 2944 4989 est,
2978 4921 3173 4992 major
3198 4927 3308 4988 est,
3339 4935 3526 4993 quam

1877 5019 1980 5092 qui
2003 5018 2186 5074 habet
2207 5031 2450 5073 sensum
2477 5031 2490 5071 :
2525 5013 2860 5071 illuminata
2880 5016 2968 5068 est
2988 5011 3147 5067 enim
3172 5023 3341 5065 meus
3370 5008 3522 5080 ejus,

1875 5109 2100 5180 quippe
2130 5105 2237 5178 qui
2266 5105 2558 5176 majorem
2603 5107 2832 5175 partem
2865 5099 3177 5172 acceperit,
3203 5113 3390 5172 quam
3420 5097 3525 5170 qui

1875 5212 2122 5252 sensum
2153 5194 2355 5251 habet.
2390 5193 2692 5264 Siquidem
2724 5191 2885 5248 videt
2920 5190 2980 5246 in
3013 5205 3077 5244 se
3106 5187 3523 5244 certitudinem

1870 5285 2204 5358 quamdam
2235 5283 2560 5338 visionum.
2596 5283 3011 5337 Verumtamen
3042 5277 3212 5334 aliud
3241 5281 3331 5334 est
3359 5292 3523 5333 reve-

1867 5373 2030 5440 latio,
2063 5371 2308 5447 quando
2337 5387 2433 5428 res
2465 5385 2704 5442 magna:
2733 5373 2790 5427 et
2819 5383 3054 5425 arcana:
3083 5365 3410 5426 divinitatis
3434 5381 3521 5422 re-

1872 5462 2147 5521 velantur
2177 5461 2415 5518 animai.
