4086 6194
549 269 651 321 527

615 391 706 445 Vl.
736 389 1156 459 Interrogatio.
1190 388 1399 444 Utrum
1430 386 1588 444 videt
1607 386 1738 457 quis
1761 400 1870 456 per
1889 385 2204 442 revelatio-
2237 386 2284 440 Α

546 495 677 536 nem
709 487 762 535 et
789 479 983 534 lumen
1014 477 1285 532 divinum
1315 478 1581 531 animam
1607 476 1634 530 ‘l

623 588 732 658 31
761 585 1096 654 Responsio.
1116 582 1640 649 Quemadmodum
1665 580 1821 636 oculi
1840 581 2027 636 nostri
2052 581 2207 652 aspi-

550 677 711 731 ciunt
765 675 1000 729 solem:
1054 674 1137 728 sic
1181 678 1236 728 et
1284 672 1596 727 illuminati
1643 671 1846 726 vident
1876 671 2206 740 imaginem

551 765 792 830 animae,
826 765 929 818 sed
959 763 1113 819 hanc
1143 762 1317 834 pauci
1353 761 1554 816 vident
1586 760 1918 816 Christiani.

627 944 745 1000 VII.
769 942 1189 1011 Interrogatio.
1227 941 1437 996 Utrum
1467 939 1639 994 habet
1667 937 1869 994 anima
1889 938 2155 1005 formam
2179 937 2206 992 εἰ

625 1030 965 1099 Responsio.
999 1029 1186 1084 Habet
1213 1029 1468 1084 formam
1502 1033 1558 1082 et
1590 1028 1916 1097 imaginem
1950 1026 2206 1082 similem

554 1121 787 1190 angelo.
816 1120 975 1175 Sicut
996 1119 1154 1173 enim
1179 1117 1375 1187 angeli
1397 1116 1964 1186 habentimaginem
1998 1132 2067 1171 ac
2095 1116 2208 1171 for-

554 1224 739 1270 mam,
772 1212 827 1262 et
850 1207 999 1262 sicut
1026 1208 1277 1262 exterior
1299 1207 1484 1262 homo
1515 1206 2040 1275 habetimaginem
2076 1222 2087 1260 :
2124 1206 2210 1260 sic

555 1303 612 1353 et
632 1296 872 1352 interior
894 1296 1077 1353 habet
1104 1296 1359 1352 similem
1383 1295 1596 1366 angelo
1617 1299 1671 1351 et
1697 1295 1957 1351 interiori
1981 1294 2209 1351 homini

554 1400 904 1455 imaginem.

624 1495 760 1547 VIII.
787 1493 1208 1565 Interrogatio.
1267 1494 1473 1549 Utrum
1502 1492 1674 1550 aliud
1711 1497 1794 1549 est
1823 1507 2005 1557 mens,
2039 1491 2212 1550 aliud

562 1583 765 1639 anima
796 1584 824 1640 ?

628 1690 968 1758 Responsio.
1021 1689 1544 1754 Quemadmodum
1597 1689 1862 1759 corporis
1914 1688 2206 1753 membra,
2239 1708 2277 1762 Β

557 1778 745 1834 multa
772 1794 908 1832 cum
929 1777 1066 1842 sint,
1097 1794 1250 1832 unus
1281 1777 1466 1832 homo
1492 1777 1808 1835 dicuntur:
1839 1777 1916 1832 ita
1939 1783 1992 1832 et
2024 1793 2210 1832 mem-

556 1867 666 1922 bra
679 1867 895 1921 animae
916 1872 1056 1921 sunt
1073 1866 1282 1932 multa,
1299 1883 1488 1931 mons,
1508 1867 1889 1933 conscientia,
1912 1866 2206 1932 voluntas,

557 1955 949 2025 cogitationes
972 1963 1322 2010 accusantes
1346 1961 1400 2010 et
1420 1955 1834 2011 defendentes:
1864 1971 2066 2010 verum
2082 1956 2209 2010 haec

557 2043 763 2100 omnia
786 2043 843 2097 in
864 2058 1043 2100 unam
1073 2045 1362 2100 rationem
1384 2044 1660 2100 devincta
1682 2049 1839 2111 sunt,
1855 2049 1910 2099 et
1938 2045 2210 2099 membra

559 2131 950 2188 nihilominus
977 2137 1115 2187 sunt
1157 2133 1392 2187 animae.
1424 2133 1606 2188 Unica
1637 2137 1835 2187 autem
1868 2138 1956 2187 est
1984 2133 2207 2198 anima,

557 2221 802 2277 interior
828 2221 1032 2277 homo.
1075 2222 1259 2276 Veluti
1299 2226 1498 2278 autem
1529 2221 1848 2276 exteriores
1890 2221 2044 2276 oculi
2073 2236 2214 2293 pro-

560 2309 820 2381 spiciunt
843 2311 1081 2365 eminus
1106 2311 1333 2382 spinas,
1358 2316 1412 2366 et
1435 2311 1762 2382 praecipitia
1779 2327 1848 2365 ac
1871 2310 2106 2365 foveas:
2129 2309 2213 2364 sic

559 2403 616 2453 et
663 2413 855 2462 mens,
905 2415 1040 2453 cum
1085 2399 1159 2453 sit
1210 2399 1479 2463 alacrior,
1526 2399 1810 2470 praevidet
1857 2398 2212 2455 adversariae

560 2489 776 2543 animae
802 2488 1112 2560 potestatis
1144 2489 1458 2544 machinas
1489 2494 1544 2544 et
1573 2489 1840 2553 insidias,
1873 2494 1929 2544 et
1956 2504 2212 2558 praemu-

559 2577 922 2633 nitanimam
936 2577 1134 2638 .veluti
1151 2579 1367 2633 animae
1385 2577 1627 2633 oeculus
1641 2578 2212 2634 exsistens.Gloriam

560 2681 702 2734 ergo
733 2665 1060 2722 referamus
1109 2667 1283 2731 Patri,
1316 2671 1369 2722 et
1400 2666 1558 2732 Filio,
1609 2672 1665 2723 et
1693 2667 1932 2738 Spiritui
1982 2671 2212 2732 sancto,

561 2753 621 2809 in
653 2755 871 2811 saecula
911 2755 1291 2810 saeculorum.
1326 2760 1537 2810 Amen.

1163 2863 1448 2918 HOMILIA
1480 2863 1614 2918 Vlll.

562 2967 646 3023 De
675 2967 766 3024 his
787 2983 917 3038 quae
949 2971 1304 3038 contingunt
1330 2969 1688 3024 Christianis
1717 2970 1875 3026 inter
1894 2970 2210 3036 orandum,

635 3047 689 3095 et
720 3039 791 3094 de
831 3040 1120 3110 gradibus
1149 3041 1556 3109 perfectionis,
1591 3045 1788 3096 utrum
1826 3043 2104 3098 videlicet
2136 3042 2216 3098 ad
2253 3057 2292 3112 ρ

628 3112 957 3181 perfectum
972 3112 1226 3182 gradum
1249 3114 1806 3182 pervenirepossint
1830 3114 2213 3170 Christiani?

636 3289 676 3342 Ι.
731 3287 788 3342 Si
816 3288 1143 3356 ingreditur
1191 3289 1489 3360 quispiam
1523 3289 1601 3344 ad
1643 3289 2006 3345 ﬂectendum
2034 3305 2211 3360 genu,

563 3376 1016 3446 quamprimum
1051 3392 1150 3431 cor
1199 3379 1329 3447 ejus
1361 3378 1621 3449 repletur
1651 3378 1855 3434 divina
1885 3379 2113 3447 virtute,
2161 3385 2216 3434 et

562 3463 1179 3518 exsultatanimacum
1208 3467 1480 3531 Domino,
1501 3470 1556 3520 ut
1573 3483 1794 3537 sponsa
1807 3483 1943 3522 cum
1964 3483 2209 3539 sponso,

564 3551 897 3606 secundum
921 3553 1083 3623 quod
1109 3553 1254 3608 dixit
1273 3554 1453 3608 Isaias
1478 3555 1777 3625 prOpheta,
1798 3555 2040 3612 dicens:
2066 3557 2214 3623 Quo-

560 3641 732 3696 modo
753 3641 1033 3709 gaudebit
1052 3657 1300 3712 sponsus
1318 3658 1496 3712 super
1511 3660 1809 3712 sponsam,
1830 3647 1915 3700 sic
1932 3645 2214 3716 gaudebit

559 3730 844 3784 Dominus
866 3747 1045 3799 super
1075 3737 1127 3786 te
1149 3733 1215 3785 8'.
1251 3733 1548 3802 Contingit
1571 3739 1792 3797 autem,
1814 3735 1993 3806 utqui
2023 3740 2210 3791 totum

557 3816 715 3872 diem
766 3819 1016 3888 negotiis
1071 3819 1369 3875 districtus
1400 3827 1542 3887 erat,
1580 3838 1698 3878 una
1727 3823 1875 3880 hora
1924 3839 1985 3878 se
2012 3839 2214 3894 preca-

555 3906 696 3962 tioni
730 3907 928 3977 dedat,
964 3913 1020 3964 et
1046 3910 1287 3964 interior
1319 3909 1503 3966 homo
1535 3911 1610 3965 ad
1644 3913 1976 3968 orationem
2002 3919 2057 3968 et
2084 3914 2211 3968 inti-

553 3995 742 4052 nitam
776 3997 1243 4068 profunditatem
1279 3999 1473 4054 smculi
1511 3999 1663 4055 illius
1695 4001 1754 4056 in
1789 4001 1976 4058 multa
2008 4003 2208 4058 suavi-

554 4088 669 4140 tate
713 4085 1060 4156 abripiatur,
1098 4088 1249 4143 adeo
1281 4093 1340 4143 ut
1368 4095 1488 4143 tota
1528 4089 1656 4158 ejus
1691 4106 1858 4145 mens
1890 4107 2203 4162 suspensa,

553 4178 606 4227 et
631 4173 766 4226 illuc
793 4175 1043 4244 abrepta
1066 4177 1472 4245 peregrinetur
1499 4193 1511 4242 ;
1543 4183 1720 4247 atque
1745 4184 1805 4233 ut
1828 4178 1922 4233 illo
1944 4185 2207 4250 tempore

552 4260 854 4316 oblivione
931 4265 1292 4334 sepeliantur
1367 4266 1753 4332 cogitationes
1838 4273 2205 4323 terrenarum

550 4363 858 4404 curarum:
895 4354 1385 4423 proptereaquod
1405 4353 2205 4423 repletmsintcogitationes,
2242 4376 2284 4428 υ

550 4442 604 4490 et
638 4438 948 4505 captivatae
973 4440 1048 4493 ad
1075 4440 1330 4506 divinas,
1359 4442 1434 4496 ad
1457 4442 1747 4505 caelestes,
1775 4444 1850 4499 ad
1870 4444 2130 4501 inﬁnitas
2153 4454 2207 4503 et

549 4525 1184 4595 incomprehensibiles
1233 4545 1348 4595 res,
1413 4531 1490 4585 ad
1551 4532 1845 4587 mirabilia
1899 4536 2201 4604 quaedam,

547 4629 684 4686 qum
697 4613 965 4672 humano
980 4633 1079 4672 ore
1097 4617 1380 4689 explicari
1407 4627 1732 4691 nequeunt,
1752 4622 2034 4677 uteadem
2058 4623 2206 4680 hora

546 4708 710 4775 optet
728 4709 784 4759 et
809 4705 986 4771 dicat,
1014 4707 1247 4763 Utinam
1271 4707 1448 4763 simul
1475 4709 1812 4778 egrediatur
1839 4712 2042 4767 anima
2066 4729 2201 4768 cum

548 4793 892 4865 precatione
922 4795 933 4850 l

618 4989 682 5043 ll.
717 4990 1136 5062 Interrogatio.
1174 4993 1385 5049 Utrum
1413 5008 1643 5064 semper
1675 5001 1949 5064 penetrat
1980 4999 2110 5069 quis
2139 4999 2200 5055 in

548 5079 893 5149 huiusmodi
918 5096 1011 5136 res
1037 5081 1064 5136 ?

621 5187 732 5258 32
763 5189 1102 5258 Responsio.
1123 5190 1319 5245 Gratia
1338 5190 1582 5262 quidem
1602 5192 2002 5250 indesinenter
2031 5195 2201 5252 adest

546 5279 601 5330 et
628 5275 894 5332 radicata
911 5283 966 5332 et
991 5279 1310 5334 commista
1339 5297 1374 5335 ιι
1398 5285 1597 5336 tenera
1618 5287 1878 5347 aatate,et
1909 5289 2196 5357 tanquam

546 5364 816 5420 naturale
837 5371 892 5421 et
923 5371 1266 5423 concretum
1294 5367 1585 5439 quiddam
1614 5375 1720 5437 est,
1745 5373 1906 5443 quod
1937 5374 2197 5433 adhaeret

619 5609 662 5643 ⁸¹
707 5610 816 5665 Isa.
850 5627 982 5676 an,
1008 5615 1060 5667 ὅ.

1834 258 1895 316 S.
1937 255 2239 313 MACABII
2281 254 2592 312 EGYPTII
3771 268 3856 322 528

2392 380 2463 446 ς’.
2521 379 2899 453 Ἐρώτησις.
2944 379 3014 432 Εἰ
3075 377 3306 452 βλέπει
3346 399 3442 441 τις
3484 376 3862 440 δι’ἀποκὰλύ-

2318 471 2480 543 ψεως
2515 475 2622 522 καὶ
2659 473 2856 541 φωτὸς
2898 470 3117 520 θεῐκοῦ
3155 472 3271 526 τὴν
3310 469 3575 541 ψυχήν;

2389 560 2798 632 Ἀπόκρισις.
2841 558 3039 630 Ὠσπερ
3073 560 3121 610 οἱ
3169 557 3424 631 ὀφθαλμοὶ
3469 559 3602 612 οὗτοι
3647 561 3866 634 βλέπουσι

2315 653 2402 702 τόν
2462 649 2628 713 ἣλιον,
2684 649 2817 700 οὕτω
2865 652 2954 699 καὶ
3013 650 3062 698 οἱ
3123 649 3461 719 φωτισθέντες
3511 647 3741 721 βλέπουσι
3787 659 3865 712 τὸν

2317 739 2488 791 εἰκόνα
2526 746 2619 799 τῆς
2641 736 2793 808 ψυχῆ
2809 757 2847 800 ς,
2883 735 3010 788 ἀλλὰ
3034 739 3231 794 ταύτην
3263 735 3430 809 ὀλίγοι
3459 739 3614 811 ὁρῶσι
3650 748 3868 813 Χριστιαο

2318 833 2421 885 νοί.

2387 935 2461 990 Z'.
2501 932 2869 1008 Ἐρώτησις.
2907 933 2976 986 Εἰ
3016 935 3159 1004 ἔχει
3198 937 3450 1007 μορφὴν
3489 936 3516 992 ἡ
3573 934 3784 1007 ψυχής

2389 1025 2446 1077 Ἀ
2462 1045 2500 1077 π
2521 1029 2544 1077 ό
2562 1045 2631 1098 κρ
2650 1045 2666 1076 ι
2681 1044 2713 1076 σ
2728 1044 2743 1075 ι
2761 1045 2802 1086 ς.
2859 1022 3014 1094 Ἔχει
3047 1023 3216 1075 εἰκόνα
3268 1028 3358 1076 καὶ
3413 1028 3606 1096 μορφὴν
3633 1026 3872 1096 ὁμοιάζου-

2321 1135 2415 1168 σαν
2469 1122 2541 1185 τῷ
2616 1112 2831 1185 ἀγγέλῳ.
2899 1111 3098 1184 Ὠσπερ
3152 1115 3252 1184 γὰρ
3311 1114 3359 1166 οἱ
3414 1113 3618 1184 ἄγγελοι
3687 1117 3875 1186 ἔχουσιν

2320 1205 2490 1257 εἰκόνα
2533 1207 2620 1255 καὶ
2665 1206 2886 1274 μορφὴν,
2920 1206 3011 1253 καὶ
3064 1203 3238 1274 ὥσπερ
3281 1203 3306 1254 ὁ
3341 1201 3435 1264 ἔξω
3489 1203 3736 1273 ἄνθρωπος
3781 1205 3874 1274 ἔχει

2323 1293 2513 1360 εἰκόνα,
2547 1292 2680 1344 οὕτω
2709 1295 2798 1343 καὶ
2840 1292 2865 1342 ό
2899 1293 2999 1342 ἔσω
3028 1289 3198 1342 εἰκόνα
3243 1292 3357 1362 ἔχει
3387 1291 3564 1362 ὁμοίαν
3595 1299 3659 1361 τῷ
3704 1289 3875 1363 ἀγγέλῳ

2327 1387 2415 1435 καὶ
2445 1390 2516 1453 τῷ
2542 1381 2636 1444 ἔξω
2669 1379 2922 1452 ἀνθρώπῳ
2948 1383 3171 1452 μορφήν.

2397 1489 2477 1544 Η’.
2537 1488 2909 1562 Ἐρώτησις.
2970 1486 3042 1539 Εἰ
3089 1485 3245 1539 οἶλλο
3297 1488 3472 1540 εστὶν
3523 1487 3548 1538 ὁ
3597 1493 3748 1554 νοῦς,
3793 1492 3881 1541 καὶ

2323 1579 2475 1632 ἄλλο
2528 1581 2556 1636 ἡ
2613 1577 2851 1649 ψυχή;

2393 1685 2448 1739 Ἀ
2471 1690 2798 1759 πόκρισις.
2854 1683 3053 1756 Ὠσπερ
3100 1684 3167 1735 τά
3196 1682 3320 1755 μέλη
3372 1689 3463 1735 τοῦ
3493 1686 3719 1755 σώματος
3745 1683 3881 1735 πολλά

2325 1780 2446 1828 ὄντα
2504 1776 2571 1835 εἷς
2625 1775 2896 1846 ἄνθρωπος
2948 1772 3172 1843 λέγεται,
3227 1773 3358 1825 οὕτω
3417 1777 3507 1824 καὶ
3562 1772 3679 1844 μέλη
3728 1773 3884 1844 ψυχῆς

2323 1865 2425 1918 εἰσι
2473 1863 2656 1930 πολλὰ,
2687 1870 2825 1926 νοῦς,
2877 1858 3206 1927 συνείδησις,
3251 1861 3474 1934 θελημα,
3521 1861 3751 1933 λογισμοὶ
3784 1881 3884 1913 κατ-

2324 1960 2631 2024 ηγοροῦντες
2687 1956 2776 2002 καὶ
2836 1949 3264 2022 ἀπολογούμενοι,
3331 1948 3464 2002 ἀλλά
3531 1957 3689 2002 ταῦτα
3741 1952 3882 2001 πάντα

2324 2043 2395 2104 εἰς
2444 2043 2530 2094 ἕνα
2583 2041 2834 2112 λογισμόν
2880 2039 3012 2092 εἰσιν
3067 2036 3459 2112 ἀποδεδομένα,
3507 2044 3594 2091 καὶ
3647 2038 3760 2112 μιλη
3796 2037 3886 2090 ἐστὶ

2322 2131 2499 2202 ψυχὴ,
2533 2130 2558 2182 ὁ
2590 2133 2690 2181 ἔσω
2739 2129 3025 2201 ἄνθρωπος.
3078 2126 3277 2203 Ὠσπερ
3331 2124 3392 2181 δε
3435 2129 3482 2181 οἰ
3513 2128 3684 2191 ἔξωθεν
3726 2126 3888 2199 ὀφθαλ-

2323 2226 2412 2293 μοὶ
2469 2218 2819 2293 προϐλέπουσι
2888 2220 3144 2290 μακρόθεν
3197 2217 3291 2279 τὰς
3360 2216 3607 2288 ἀκάνθας,
3657 2221 3739 2269 καὶ
3788 2219 3888 2274 τοὺς

2322 2312 2607 2384 κρημνοὺς,
2660 2313 2748 2359 καὶ
2796 2311 2918 2367 τοὺς
2956 2306 3179 2379 βόθρους
3207 2326 3219 2339 ο
3263 2307 3405 2359 οὕτω
3451 2311 3539 2359 καὶ
3577 2309 3602 2359 ό
3639 2313 3747 2366 νοῦς
3785 2323 3888 2378 προ-

2325 2398 2515 2468 ϐλέπει,
2593 2402 2856 2470 γρήγορος
2931 2396 3020 2461 ὧν,
3083 2404 3178 2458 τῆς
3239 2396 3592 2470 ἀντικειμένης
3663 2391 3887 2466 δυνάμεως

2323 2491 2416 2548 τὰς
2467 2491 2676 2558 τέχνας,
2734 2490 2823 2537 καὶ
2875 2488 2968 2545 τάς
3041 2485 3342 2550 ἐπισκευὰς,
3419 2490 3508 2538 καὶ
3556 2483 3895 2560 προασφαλίζε-

2324 2593 2409 2630 ται
2456 2581 2548 2634 τὴν
2595 2575 2802 2648 ψυχὴν,
2855 2577 2920 2635 ὡς
2962 2574 3225 2647 ὀφθαλμὸς
3255 2576 3322 2626 ὢν
3373 2584 3477 2638 τῆς
3523 2576 3718 2647 ψυχῆς.
3764 2573 3891 2634 Δοξαν

2324 2663 2412 2718 οὖν
2446 2664 2824 2736 ἀναπέμψωμεν
2858 2668 3048 2738 Πατρὶ,
3075 2669 3166 2717 καὶ
3197 2666 3322 2735 Υἰῷ,
3355 2671 3454 2719 καὶ
3486 2666 3612 2737 ἁγίῳ
3646 2666 3888 2735 Πνεῦματι,

2326 2755 2393 2815 εἰς
2421 2759 2541 2817 τοὺς
2572 2755 2760 2814 αἰῶνας
2787 2761 2887 2806 τῶν
2917 2753 3135 2805 αἰώνων.
3166 2754 3354 2826 Ἀμήν.

2941 2862 3190 2916 ΟΜΙΛΙΑ
3232 2861 3312 2916 Η’.

2327 2955 2480 3026 Περὶ
2537 2959 2655 3003 τῶν
2733 2950 3226 3026 συμςαινόντων
3290 2958 3434 3013 τοῖς
3499 2952 3896 3022 Χριστιανοῐς

2396 3022 2638 3097 μεταξύ
2679 3030 2788 3074 τοῦ
2821 3022 3032 3097 εὐχὰς
3073 3025 3443 3097 ποιεῖσθᾼαι,
3494 3028 3600 3097 κᾼαὶ
3632 3024 3897 3097 περὶ-τῶν

2395 3091 2633 3168 μέτρων
2672 3102 2780 3155 τῆς
2830 3091 3261 3170 τελειότητος,
3327 3091 3585 3170 duiut?!)
3633 3093 3682 3145 εἰ
3711 3091 3814 3150 ἐἰς
3843 3091 3896 3170 τό

2395 3163 2622 3240 μέτρον
2676 3169 2740 3218 τὸ
2813 3165 3056 3218 τέλειον
3116 3169 3443 3240 ἔρχεσθαι
3502 3163 3808 3218 δύνανται
3851 3163 3897 3211 οι

2395 3241 2820 3311 Χριστιανοί.

2395 3329 2475 3382 Α’.
2534 3328 2849 3401 Εἰσέρχεταί
2913 3346 2989 3387 τις
3055 3325 3227 3379 κλῖναι
3283 3331 3435 3398 γόνυ,
3506 3330 3594 3378 καὶ
3650 3326 3675 3382 ὁ
3732 3315 3899 3393 καρδία

2325 3417 2483 3468 αὑτοῦ
2526 3415 2816 3489 πληροῦται
2860 3423 2951 3476 τῆς
3001 3418 3137 3476 θείας
3165 3414 3448 3488 ἐνεργείας,
3481 3419 3568 3467 καὶ
3608 3413 3896 3486 εὐφραίνεται

2324 3507 2353 3563 ἠ
2415 3506 2563 3577 ψυχὴ
2615 3508 2746 3577 μετά
2799 3512 2890 3557 τοῦ
2947 3509 3161 3577 Κυρίου,
3223 3507 3291 3566 ὡς
3361 3509 3608 3578 νυμφίου,
3661 3503 3780 3554 κατὰ
3828 3501 3898 3550 τὸν

2323 3594 2473 3666 λόγον
2513 3594 2732 3648 Ἡσαΐου
2764 3603 2855 3647 τοῦ
2887 3599 3154 3667 προφήτου
3198 3593 3443 3665 λέγοντος
3477 3623 3495 3637 ο
3544 3599 3647 3646 ⁸ον
3696 3592 3899 3665 τρόπον

2324 3684 2744 3756 εὐφραίνεται
2783 3688 3068 3755 νυμφίος
3115 3685 3216 3735 ἰπὶ
3260 3686 3507 3756 νύμφῃ,
3559 3681 3756 3741 οὕτως
3790 3677 3901 3745 εὖγ’

2321 3775 2726 3846 ρανθήσεται
2785 3775 3021 3846 Κύριος
3078 3769 3185 3823 έπί
3235 3777 3500 3824 σοι-καὶ
3529 3765 3901 3841 συμϐαίνει,ότι

2322 3862 2709 3934 ἀσχολούμενος
2738 3868 2912 3914 πᾶσαν
2944 3863 3160 3934 ἡμέραν,
3187 3861 3338 3923 οὗτος
3370 3861 3419 3915 ἐν
3449 3867 3552 3934 μ.ιᾲ
3570 3862 3676 3934 ὥρᾳ
3701 3854 3897 3910 δίδωσιν

2321 3951 2497 4005 ἑαυτὸν
2555 3951 2620 4012 εἰς
2672 3950 2858 4022 εὐχὴν,
2915 3955 3001 4002 καὶ
3061 3950 3358 4022 ἀρπάζεται
3410 3950 3484 4011 εἰς
3542 3949 3828 4023 προσευχήν
3875 3943 3895 3992 ό

2321 4043 2420 4094 ἔσω
2469 4042 2757 4114 ἄνθρωπος,
2805 4039 2874 4102 εἰς
2928 4040 3138 4112 ἄπειρον
3195 4037 3365 4111 βάθος
3423 4038 3619 4092 ἐκείνου
3667 4043 3751 4089 τοῦ
3799 4032 3902 4085 αἰῶ·

2318 4151 2422 4196 νος,
2468 4131 2517 4182 έν
2543 4125 2772 4189 ἠδύτητι
2815 4129 2998 4201 πολλῇ,
3051 4129 3186 4181 ὥστε
3234 4128 3502 4191 ξενίζεθαι
3549 4131 3634 4180 τὸν
3671 4131 3778 4177 νοῦν
3806 4120 3900 4174 ὅλον

2319 4224 2442 4272 ὄντα
2505 4224 2777 4293 μετέωρον,
2835 4223 2925 4270 καὶ
3004 4219 3342 4292 ἡρπασμένον
3399 4216 3507 4270 εκεῖ
3558 4234 3571 4248 ·
3627 4219 3754 4268 ὥστε
3805 4206 3902 4263 κατ’

2319 4307 2503 4360 ἐκεῖνον
2547 4311 2632 4360 τὸν
2681 4310 2861 4380 καιρὸν
2912 4306 3076 4365 λήθην
3132 4309 3441 4377 ἐγγενέσθαι
3495 4313 3606 4367 τοῖς
3659 4304 3901 4372 λογισμῡῖς

2318 4406 2408 4450 τοῦ
2466 4402 2793 4470 φρονήματος
2849 4403 2939 4448 τοῦ
3005 4395 3252 4467 ἐπιγείου,
3324 4393 3424 4448 διά
3483 4399 3542 4448 τὸ
3601 4392 3903 4467 μεστωθῆναι

2316 4491 2432 4548 τοὺς
2487 4487 2794 4559 λογισμοὺς,
2854 4489 2939 4537 καὶ
3002 4484 3516 4556 αἰχμαλωτισθῆναι
3575 4485 3642 4544 εἰς
3695 4483 3757 4533 τὰ
3809 4480 3903 4529 θεῖα

2315 4581 2404 4628 καὶ
2449 4575 2747 4650 ἐπουράνια,
2805 4574 2870 4635 εἰς
2929 4573 3191 4647 ἀπέραντα
3248 4579 3339 4626 καὶ
3399 4573 3743 4631 ἀκατάληπτα
3795 4585 3906 4638 πραο

2313 4685 2511 4737 γματα,
2589 4665 2656 4725 εἰς
2734 4666 3004 4736 θαυμάσιοί
3097 4682 3233 4728 τινα,
3315 4661 3632 4737 ἀνθρωπίνῳ
3706 4662 3904 4727 στόματι

2315 4756 2612 4826 φρασθῆναι
2667 4749 2921 4816 ἀδύνατα,
2985 4751 3116 4802 ὥστε
3172 4750 3218 4802 ἐν
3272 4752 3447 4824 ἐκείνῃ
3505 4758 3568 4823 τῇ
3629 4752 3734 4822 ὥρᾳ
3778 4748 3905 4814 εὔχε-

2317 4845 2439 4895 σθαι
2486 4847 2574 4894 καὶ
2618 4842 2799 4914 λέγειν,
2854 4842 2940 4904 Ὠς
2970 4840 3072 4892 εἷθε
3107 4839 3442 4898 συναπῆλθεν
3473 4841 3502 4897 ἠ
3535 4840 3689 4912 ψυχή
3742 4838 3826 4888 σὺν
3849 4838 3900 4900 τῇ

2314 4932 2472 5004 εὐχῇ.

2384 5020 2454 5076 Β’.
2509 5021 2882 5093 Ἐρώτησις.
2931 5020 2998 5073 Εἰ
3044 5022 3324 5074 πάντοτε
3383 5019 3766 5095 εἰσέρχεταί
3828 5027 3904 5066 τις

3097 4682 3233 4728 τινα,

2315 5109 2403 5171 εἰς
2460 5109 2677 5162 ἐκεῖνα
2731 5112 2806 5161 τά
2859 5113 3251 5184 πράγματας

2384 5199 2780 5272 Ἀπόκρισις,
2810 5197 2868 5251 Ἠ
2901 5201 2990 5269 μὲν
3020 5201 3178 5272 χάρις
3211 5196 3577 5259 ἀδιαλείπτως
3604 5199 3804 5248 σύνεστι
3827 5191 3903 5239 καὶ

2315 5287 2612 5362 ἐρρίζωται,
2673 5292 2758 5339 καὶ
2825 5286 3085 5359 ἐξύμωται
3150 5287 3206 5341 έκ
3257 5292 3381 5349 νέας
3432 5287 3665 5351 ἡλικίας,
3723 5284 3804 5333 καὶ
3848 5277 3901 5332 ὡς

2310 5381 2527 5446 φυσικόν
2558 5383 2646 5431 καὶ
2671 5381 2869 5436 πηκτόν
2900 5376 3112 5450 ἐγένετο,
3141 5377 3267 5430 αὐτὸ
3294 5381 3354 5430 τὸ
3388 5381 3547 5430 συνὸν
3573 5384 3644 5446 τῷ
3674 5373 3901 5443 ἀνθρώπῳ
