4058 6194
221 284 332 339 529

1474 278 1811 336 HOMILLE.
1852 310 1921 321 —-
1960 276 2136 337 HOM.
2176 278 2313 335 VIII.

3473 282 3582 337 530

199 411 279 470 ὡς
328 412 429 481 μία
485 407 686 460 οὑσίαο
742 404 1081 479 πολυτρόπως
1125 401 1205 470 δὲ,
1269 405 1337 468 ὡς
1397 402 1525 457 θέλει
1580 406 1712 478 πρός
1749 406 1807 456 τὸ

1932 401 2145 458 mmini
2174 401 2327 459 velut
2358 417 2477 465 una
2498 401 2825 460 substentia
2851 418 2866 460 :
2902 403 3080 460 variis
3110 418 3243 460 vero
3268 404 3469 460 modis
3495 405 3577 461 ad

204 501 493 570 συμφέρον,
552 498 812 567 οἰκονομεί
859 498 945 547 τόν
989 496 1278 569 ἄνθρωπον,
1341 495 1466 546 ποτε
1525 496 1615 563 μὲν
1662 492 1809 546 πλέον

201 586 473 639 ἐκκαίεται
528 588 619 638 καὶ
672 584 894 637 ἅπτεται
944 586 1005 637 τό
1059 591 1162 657 πῦρ
1194 602 1207 615 ·
1266 586 1390 637 ποτε
1430 579 1490 636 δε
1519 586 1588 643 ὡς
1617 582 1811 655 μαλθα-

198 681 429 750 κώτερον
457 678 547 727 καὶ
603 678 911 747 πραότερον,
965 676 1057 725 καὶ
1107 672 1234 726 αὐτὸ
1287 676 1344 725 τὸ
1394 680 1494 745 φῶς
1530 673 1667 725 κατὰ
1694 691 1814 724 και-

195 767 321 839 ρούς
378 782 523 824 τινας
576 761 726 815 πλέον
799 761 1073 825 έξάπτεται
1132 766 1223 815 καὶ
1286 761 1502 834 λάμπει,
1572 763 1696 815 ποτε
1755 758 1813 814 δί

200 852 596 916 ὑποστέλλεται,
652 857 745 905 καὶ
806 852 1109 924 στυγνάξει,
1181 855 1271 904 καὶ
1340 851 1467 909 αὐτὴ
1529 854 1558 909 ἡ
1605 851 1815 923 λαμπὰς

201 944 425 995 πάντοτε
476 944 727 1013 καιομένη
808 944 899 993 καὶ
972 940 1276 1013 λάμπουσα,
1340 942 1462 993 ὅταν
1519 936 1809 1014 φαιδρυνθῇ

200 1030 350 1084 πλέον
425 1033 476 1083 έν
537 1032 669 1103 μέθη
740 1027 1011 1092 ἐξάπτεται
1060 1038 1156 1091 τῆς
1235 1028 1446 1101 ἀγάπης
1489 1037 1580 1083 τοῦ
1636 1037 1769 1082 Θεοῦ
1799 1046 1810 1058 ·

206 1120 352 1181 αὖθις
395 1116 455 1172 δὲ
505 1120 621 1171 κατ’
675 1118 973 1191 οἰκονομίαν
1025 1114 1308 1183 έκδίδωσι,
1360 1122 1533 1172 καίτοι
1575 1120 1727 1171 συνὸν
1756 1120 1814 1170 τὸ

207 1218 311 1283 φῶς
340 1208 664 1282 ἆμϐλύτερόν
681 1206 818 1264 ἔστι.

270 1405 347 1461 I".
406 1404 548 1464 Πλὴν
606 1401 829 1477 έπεφάνη
888 1407 999 1457 τισὶ
1058 1405 1117 1455 τό
1174 1410 1387 1477 σημεῖον
1440 1411 1531 1457 τοῦ
1585 1411 1815 1478 σταυροῦ

207 1491 303 1548 διὰ
327 1497 518 1567 φωτός,
571 1498 662 1547 καὶ
691 1494 1003 1568 προσεπάγη
1044 1500 1118 1563 τῷ
1153 1494 1256 1546 έσω
1310 1491 1583 1567 ἀνθρώπῳ,
1635 1492 1811 1546 Ξιλλοτε

200 1583 357 1636 πάλιν
398 1582 449 1636 έν
489 1590 552 1656 τῇ
600 1582 763 1656 εὐχῇ,
820 1585 891 1643 ὡς
940 1581 989 1635 έν
1037 1581 1286 1637 έκστάσει
1332 1586 1534 1655 γέγονεν
1565 1584 1592 1635 6
1622 1583 1817 1657 ἄνθρω-

199 1693 311 1739 πος,
377 1678 469 1726 καὶ
524 1674 705 1746 εὑρέθη
764 1671 836 1734 εἰς
886 1673 1266 1745 θυσιαστήριον
1315 1671 1478 1733 έστώς
1528 1671 1575 1724 έν
1627 1671 1819 1730 έκκλη-

1918 492 2152 550 libitum
2176 492 2516 557 voluntatis,
2547 499 2842 565 quantum
2868 494 3131 565 prodest,
3167 494 3439 564 disponit
3468 494 3577 551 ho-

1921 584 2145 638 minem
2181 599 2192 637 :
2226 582 2725 654 aliquandoenim
2753 584 3372 640 intentusaccenditur
3395 589 3447 641 et
3478 600 3577 640 ar-

1921 670 2186 740 detignis
2203 687 2216 736 ;
2231 670 2559 742 aliquando
2574 689 2712 727 vero
2727 673 3033 728 remissius
3049 679 3103 729 et
3117 673 3332 729 lentius
3350 690 3362 728 :
3380 674 3575 743 ipsum

1921 760 2378 833 quoquelumen
2391 760 2760 831 quibusdam
2776 763 3145 834 temporibus
3162 763 3575 818 vehementius

1924 850 2267 906 accenditur
2315 854 2373 905 et
2400 850 2942 921 lucetzaliquando
2986 867 3125 905 vero
3156 852 3470 907 remittitur
3520 856 3574 907 et

1925 939 2145 995 tristius
2174 944 2282 995 est.
2319 941 2409 995 Sic
2431 940 2563 1011 ipsa
2590 940 3573 1011 quoquelucerna,scilicetgratia,

1926 1029 2149 1101 ubique
2162 1044 2416 1085 accensa
2430 1036 2485 1085 et
2506 1028 3573 1099 lucens,quandosplendidiorfuerit,

1924 1118 2217 1175 intensius
2267 1118 2608 1174 accenditur
2645 1118 2723 1174 ab
2759 1116 3038 1173 ebrietate
3082 1117 3410 1173 dilectionis
3448 1118 3573 1172 Dei.

1927 1211 2395 1265 Rursumautem
2424 1208 2873 1279 dispensatione
2916 1207 3182 1279 quadam
3224 1206 3462 1261 exhibet
3491 1206 3579 1261 lu-

1926 1313 2089 1363 men,
2118 1296 2283 1369 quod
2314 1297 2469 1353 inest
2497 1298 2794 1353 obtusius.

1997 1405 2086 1459 IlI.
2122 1405 2299 1460 Porro
2315 1420 2415 1475 per
2441 1404 2643 1460 lumen
2666 1404 2939 1476 apparuit
2956 1402 3323 1476 quibusdam
3339 1402 3578 1471 signum

1926 1493 2139 1559 crucis,
2180 1498 2235 1550 et
2264 1492 2511 1549 afﬁxum
2526 1499 2613 1549 est
2632 1491 3578 1549 ininteriorihomine:aliasitem

1928 1588 2060 1639 nter
2088 1582 2460 1655 precandum
2490 1583 2698 1648 homo,
2724 1582 2883 1638 velut
2912 1582 2972 1636 in
3002 1597 3253 1637 excessu
3288 1580 3582 1636 constitu-

1928 1674 2314 1737 us,inventus
2353 1678 2439 1728 est
2494 1677 2631 1729 ante
2679 1673 2867 1728 altare
2913 1678 3081 1727 stans
3112 1672 3171 1725 in
3212 1670 3487 1735 ecclesia,
3522 1674 3581 1726 et

202 1768 312 1835 σία,
347 1767 441 1815 καὶ
473 1763 927 1837 προσηνέχθησαν
980 1769 1053 1833 τῷ
1097 1764 1318 1834 τοιούτῳ
1375 1763 1527 1836 ἄρτοι
1574 1769 1707 1837 τρεῖς
1755 1764 1817 1819 ὡς

1932 1763 2111 1819 oblati
2150 1768 2288 1818 sunt
2312 1763 2364 1817 ei
2418 1769 2530 1818 tres
2582 1778 2791 1834 panes,
2826 1760 2980 1816 velut
3035 1760 3166 1816 oleo
3214 1758 3574 1827 fermentati,

206 1848 277 1905 δι’
306 1850 485 1904 έλαίου
525 1850 870 1923 έζυμωμένοι,
923 1854 1014 1903 καὶ
1052 1851 1175 1903 ὅσον
1230 1852 1432 1917 ἤσθιεν,
1474 1849 1631 1904 έκεῖνο
1667 1850 1818 1903 πλέον

201 1941 402 2003 ηὔξανε
454 1944 547 1992 καὶ
586 1939 887 2011 έμηκύνετο,
945 1938 1122 1992 ἄλλοτε
1173 1939 1330 1992 πάλιν
1386 1942 1560 2015 ὥσπερ
1618 1936 1817 2012 ἓνδυμά

205 2050 255 2084 τι
305 2032 576 2101 φωτεινόν,
630 2029 738 2081 οἷον
794 2028 888 2081 οὐκ
957 2030 1099 2081 ἔστιν
1155 2028 1239 2082 έπὶ
1291 2037 1386 2092 τῆς
1431 2038 1533 2101 γῆς
1607 2030 1680 2091 εἰς
1728 2032 1816 2082 τόν

204 2119 371 2171 αἰῶνα
396 2125 606 2183 τοῦτον,
659 2121 777 2170 οὔτε
824 2118 923 2169 ὑπὸ
962 2115 1295 2190 ἀνθρωπίνων
1347 2127 1540 2192 χειρῶν
1592 2116 1815 2171 δυνατόν

203 2209 731 2266 κατασκευασθῆναι.
761 2213 858 2259 Ὀν
914 2209 1016 2279 γὰρ
1071 2212 1261 2281 τρόπον
1292 2207 1365 2269 εἰς
1411 2212 1470 2260 τό
1512 2212 1624 2283 ὄρος
1678 2207 1817 2261 ἀνελ-

204 2300 303 2350 θὼν
349 2298 375 2349 6
420 2298 617 2369 Κύριος
675 2296 807 2367 μετὰ
861 2294 1098 2348 Ἰωάννου
1150 2302 1240 2350 καὶ
1298 2301 1515 2369 Πέτρου,
1574 2303 1815 2370 μετήμειι

204 2386 297 2458 ψεν
354 2385 518 2439 αὐτοῦ
584 2387 653 2437 τὰ
710 2385 894 2454 ἱμάτια
960 2389 1051 2438 καὶ
1110 2384 1441 2461 ἐξαστράψαι
1491 2392 1813 2445 πεποίηκεν·

201 2476 364 2537 ουτως
396 2471 463 2533 ἧν
514 2477 577 2525 τὸ
624 2469 827 2544 ἔνδυμα
865 2472 1041 2544 έκεῖνο,
1084 2478 1176 2527 καὶ
1217 2473 1502 2547 ἐθαύμασε,
1534 2480 1623 2529 καὶ
1654 2475 1799 2548 έθαμ-

201 2563 339 2617 ϐιίτο
377 2565 404 2615 6
460 2558 805 2634 ἱκδεδυμένος
850 2562 1121 2637 ἄνθρωπος
1160 2584 1172 2596 ·
1238 2562 1287 2615 έν
1341 2564 1475 2636 ἄλλῳ
1538 2556 1622 2618 δὲ’
1651 2573 1817 2639 καιρῷ

201 2654 329 2705 αὐτὸ
374 2655 436 2704 τό
471 2659 577 2723 φῶς
627 2653 677 2703 ἓν
726 2658 788 2721 τῇ
848 2648 1047 2725 καρδίᾳ
1093 2659 1294 2724 φαῖνον,
1328 2656 1503 2724 ἤνοιγε
1532 2656 1589 2705 τό
1623 2650 1817 2705 ἐνδότε-

199 2761 287 2815 ρον
336 2746 429 2793 καὶ
473 2738 787 2814 βαθύτερον,
837 2744 927 2791 καὶ
990 2737 1292 2813 ἀπόκρυφον
1348 2749 1474 2813 φῶς,
1525 2743 1659 2794 ὥστε
1705 2740 1815 2794 ὅλον

202 2834 291 2884 τὸν
348 2831 622 2903 ἄνθρωπον
682 2830 1049 2881 καταποθέντα
1110 2829 1183 2891 εἰς
1236 2832 1431 2888 ἐκείνην
1477 2834 1571 2889 τὴν
1625 2830 1817 2901 γλυκύ-

209 2938 351 2977 τητα
410 2922 503 2971 καὶ
560 2919 796 2990 θεωρίαν,
828 2922 1017 2989 μηκέτι
1068 2920 1209 2991 ἔχειν
1270 2918 1470 2984 έαυτόν,
1533 2918 1639 2971 ἀλλ’
1690 2917 1817 2972 εἶναι

199 3011 265 3069 ὡς
290 3010 467 3082 μωρόν
505 3010 598 3058 καὶ
646 3004 913 3081 βάρϐαρον
965 3015 1038 3079 τῷ
1085 3012 1267 3079 κόσμῳ
1325 3011 1511 3079 τούτῳ,
1564 3004 1658 3060 διὰ
1721 3013 1815 3065 τὴν

201 3095 637 3169 ὑπερϐάλλουσαν
669 3093 877 3167 ἀγάπην
929 3101 1019 3149 καὶ
1074 3077 1393 3168 γλυκύτητα,
1429 3077 1526 3150 διὰ
1582 3098 1649 3148 τὰ
1691 3094 1815 3149 ἀπὸ·
1852 3077 1891 3134 C

202 3204 382 3257 κρυφα
409 3188 686 3259 μυστήρια
712 3204 726 3217 ·
780 3186 914 3237 ὦστε
956 3187 1043 3237 τὸν
1092 3187 1360 3260 ἄνθρωπον
1398 3185 1703 3238 κατ’ὲκείνον
1728 3188 1815 3237 τὸν

202 3276 390 3345 καιρόν
417 3272 819 3347 ἐλευθερωθέντα
861 3275 1063 3346 φθάσαι
1114 3274 1181 3336 είς
1209 3277 1276 3327 τὰ
1302 3274 1470 3327 τέλεια
1499 3279 1682 3346 μέτρα,
1724 3279 1815 3327 καὶ

207 3359 339 3415 εἶναι
367 3364 601 3435 καθαρὸν
650 3366 740 3415 καὶ
791 3362 1051 3435 ἑλεύθερον
1097 3362 1152 3416 έκ
1205 3372 1297 3425 τῆς
1348 3364 1609 3438 ἁμαρτίας
1642 3381 1653 3394 ·
1690 3362 1819 3416 ἀλλὰ

206 3454 340 3525 μετὰ
365 3459 537 3504 ταῦτα
580 3451 873 3504 ὑπέστειλεν
904 3454 934 3510 ἡ
968 3454 1151 3524 χάρις,
1184 3458 1274 3505 καὶ
1326 3450 1448 3511 ἦλθε
1486 3456 1543 3505 τὸ
1570 3452 1821 3525 κάλυμμα

207 3547 305 3601 τῆς
336 3538 572 3602 ἐναντίας
598 3537 867 3612 δυνάμεως
903 3559 915 3573 ’
951 3544 1185 3613 φαίνεται
1217 3538 1275 3594 δὲ
1314 3560 1424 3602 πως
1452 3550 1699 3615 μερικῶς,
1730 3545 1819 3594 καὶ

206 3633 339 3687 im
372 3630 444 3692 εἰς
474 3632 564 3682 ἕνα
589 3628 796 3702 βαθμὸν
834 3632 921 3682 τὸν
957 3636 1248 3705 κατώτερον
1276 3630 1373 3693 τῆς
1401 3630 1740 3693 τελειότητος.

286 3753 359 3809 Δ’.
412 3755 525 3817 Ὦς,
584 3755 667 3806 ἱνα
696 3758 937 3827 εἴπωμεν,
968 3759 1079 3830 χρὴ
1114 3751 1326 3809 δώδεκα
1372 3754 1613 3829 βαθμοὺς
1636 3756 1820 3829 παρελ·

219 3844 319 3895 θιὶν
347 3862 486 3907 τινα,
531 3846 621 3894 καὶ
675 3844 872 3915 φθάσαι
924 3843 997 3906 εἰς
1047 3848 1141 3901 τὴν
1182 3844 1493 3903 τελειότητα.
1535 3846 1618 3897 Ἐν
1657 3854 1822 3918 καιρῷ

217 3952 292 3995 τις
320 3934 520 4005 ἔφθασε
566 3932 876 3985 καταλαϐεῖν
924 3932 1083 3986 έκεῖνο
1135 3938 1193 3986 τὸ
1246 3938 1454 4008 μέτρον,
1512 3938 1599 3986 καὶ
1645 3934 1822 3993 εἰσῆλ-

221 4022 296 4073 θεν
327 4022 401 4085 εἰς
440 4025 540 4080 τὴν
569 4021 866 4081 τελειότητα
893 4040 905 4052 ’
933 4022 1089 4076 πάλιν
1128 4020 1409 4077 ἐνδίδωσιν
1448 4026 1478 4083 ἠ
1525 4026 1706 4097 χάρις,
1734 4020 1824 4075 καὶ

215 4116 535 4185 κατέρχεται
582 4112 705 4185 παρ’
756 4113 843 4165 ἕνα
889 4110 1121 4185 βαθμὸν,
1173 4118 1263 4165 καὶ
1328 4113 1535 4172 ἱστήκει
1590 4113 1659 4174 εἰς
1704 4116 1824 4175 τοὺς

220 4197 427 4258 ένδεκα.
462 4196 557 4261 Εἷς
607 4196 666 4253 δέ
706 4220 787 4261 τις
840 4200 1087 4263 πλούσιος
1126 4200 1175 4254 ἐν
1228 4209 1289 4274 τῇ
1331 4203 1541 4277 χάριτι,
1606 4204 1825 4254 πάντοτε

219 4292 403 4351 νυκτὸς
456 4293 550 4341 καὶ
601 4290 819 4365 ἡμέρας,
860 4294 932 4351 εἰς
960 4293 1025 4342 τὰ
1060 4290 1229 4343 τέλεια
1279 4295 1445 4363 μέτρα
1490 4291 1726 4355 ἕστηκεν,
1758 4292 1823 4342 ὡν

222 4374 482 4449 ίλεύθερος
557 4381 647 4430 καὶ
721 4381 967 4451 καθαρός,
1050 4381 1270 4431 πάντοτε
1344 4378 1683 4451 αἰχμάλωτος
1736 4384 1825 4431 καὶ

220 4470 489 4540 μετέωρος.
544 4466 648 4521 Καὶ
702 4474 790 4518 νῦν
932 4463 1152 4539 έδείχθη
1210 4466 1376 4519 ἐκεῖνα
1427 4470 1492 4520 τὰ
1532 4469 1821 4540 θαυμὰσια,

224 4561 308 4607 καὶ
360 4556 431 4606 ὧν
486 4562 667 4627 πεῖραν
719 4555 891 4608 ἔλαϐεν
949 4557 975 4607 ό
1028 4558 1319 4631 ἄνθρωπος,
1371 4556 1415 4609 εἰ
1469 4564 1628 4615 συνῆν
1686 4556 1826 4628 αὐτῷ

225 4645 459 4709 πάντοτε,
525 4648 621 4696 οὐκ
667 4641 883 4697 ἐδύνατο
938 4649 1033 4704 τὴν
1082 4645 1375 4717 οἰκονομίαν
1431 4653 1523 4697 τοῦ
1577 4644 1734 4716 λόγου
1793 4650 1822 4703 ἤ

225 4736 279 4785 τὸ
332 4731 497 4807 βάρος
558 4729 939 4801 ὐποδέξασθαι,
986 4738 1103 4787 οὔτε
1132 4734 1368 4806 ἠνείχετο
1424 4733 1628 4787 ἀκούειν
1673 4734 1702 4793 ἦ
1736 4753 1830 4807 με-

221 4832 403 4898 ριμνᾷ»
442 4825 518 4888 είς
557 4828 618 4878 τό
684 4830 870 4899 τυχόν,
940 4830 1055 4902 περὶ
1120 4827 1326 4894 ἑαυτοῦ,
1381 4831 1495 4881 οὔτε
1565 4833 1681 4901 περὶ
1735 4836 1828 4890 τῆς

224 4919 423 4988 εἴριον,
470 4916 513 4968 εί
569 4918 642 4987 μη
684 4921 837 4987 μόνον
892 4918 1162 4976 καθῆσθαι
1214 4917 1262 4968 έν
1311 4923 1409 4988 μιᾷ
1454 4923 1617 4990 γωνίᾳ
1644 4922 1829 4989 μετέω-

225 5023 328 5077 ρσν,
386 5009 477 5058 καὶ
542 5006 948 5077 μεμεθυσμένον.
1030 5005 1191 5058 Ὥστε
1269 5010 1325 5059 τό
1380 5007 1568 5060 τελειον
1645 5011 1829 5079 μέτρον

226 5097 314 5146 οὑκ
372 5090 552 5157 έδόθη,
597 5095 679 5146 ἶνα
726 5091 928 5168 δυνηθῇ
984 5096 1253 5167 σχολάσαι
1311 5095 1381 5158 εἰς
1432 5101 1526 5155 τὴν
1579 5101 1830 5172 μέριμναν

236 5191 327 5235 τῶν
390 5181 644 5256 ἀδελφῶν,
696 5188 786 5235 καὶ
853 5184 925 5247 εἰς
989 5189 1083 5243 τὴν
1159 5180 1431 5238 διακονίαν
1501 5193 1595 5237 τοῦ
1650 5185 1829 5256 λόγου,

241 5272 365 5330 πλὴν
418 5276 478 5325 τό
538 5277 859 5345 μεσότοιχον
904 5280 997 5326 τοῦ
1053 5282 1291 5348 φραγμοῦ
1360 5271 1686 5339 διαλέλυται,
1745 5279 1833 5327 καὶ

234 5365 487 5420 νινίκηται
514 5363 539 5414 ό
565 5364 807 5425 θάνατος.

299 5484 374 5543 E’.
429 5488 507 5541 Τὰ
544 5483 606 5541 δε
660 5488 949 5563 πράγματα
993 5487 1160 5552 οὓτως
1206 5487 1369 5544 ἐστίν.
1422 5486 1513 5551 Ὠς
1560 5483 1838 5561 γνοφώδης

296 5665 339 5702 ⁸⁸
365 5666 559 5726 latth.
592 5681 726 5733 xvu,
758 5671 831 5735 2;
862 5667 1041 5726 Marc.
1073 5682 1155 5733 ιι,
1183 5671 1238 5726 3.

1926 1857 1985 1908 et
2002 1857 2230 1924 quanto
2260 1852 2453 1923 magis
2484 1852 2698 1920 ederet,
2719 1857 2882 1907 tanto
2902 1850 3098 1919 magis
3128 1850 3506 1917 augebantur
3524 1853 3577 1902 et

1926 1941 2236 1998 crecebant
2267 1960 2280 1999 :
2314 1941 2444 1996 aliis
2476 1941 2617 1996 item
2646 1940 2924 2012 apparuit
2958 1939 3122 1995 velut
3149 1938 3573 1992 vestimentum

1924 2030 2328 2103 splendidum,
2355 2030 2531 2102 quale
2563 2045 2683 2084 non
2715 2035 2800 2083 est
2824 2029 2883 2084 in
2916 2034 3071 2084 terra
3102 2027 3215 2082 hoc
3245 2025 3467 2081 saeculo
3495 2024 3577 2079 ul-

1920 2118 2069 2185 lum,
2111 2134 2221 2174 nec
2250 2118 2532 2175 manibus
2557 2118 2871 2173 hominum
2900 2116 3111 2172 conﬁci
3131 2120 3342 2188 potest.
3365 2116 3579 2179 Quem-

1925 2208 2257 2266 admodum
2286 2208 2445 2263 enim
2471 2212 2735 2264 montem
2760 2208 3095 2262 ascendens
3126 2204 3414 2261 Dominus
3436 2218 3579 2258 cum

1920 2300 2146 2355 Joanne
2164 2302 2219 2352 et
2251 2299 2414 2351 Petro
2444 2295 2891 2352 transformavit
2922 2296 3285 2351 vestimenta
3302 2309 3431 2359 sua,
3450 2291 3578 2349 illa-

1921 2402 2040 2459 que
2053 2384 2635 2457 splendidafulguris
2650 2386 2834 2440 instar
2848 2384 3040 2439 reddit
3055 2385 3124 2441 διε
3138 2383 3187 2455 ej
3201 2382 3439 2438 usmodi
3453 2385 3581 2437 erat

1922 2474 2342 2531 vestimentum
2360 2473 2528 2539 illud,
2559 2480 2621 2529 ut
2637 2474 3035 2529 admiraretur
3055 2478 3110 2528 et
3134 2472 3580 2543 obstupesceret

1922 2569 2137 2620 exutus
2160 2563 2306 2619 illud
2330 2564 2534 2619 homo.
2567 2563 2867 2618 Interdum
2903 2578 3111 2617 verum
3142 2561 3348 2615 lumen
3376 2561 3577 2630 ipsum

1922 2653 1983 2708 in
2014 2652 2192 2709 corde
2218 2652 2472 2721 fulgens,
2501 2652 2724 2723 aperuit
2756 2652 3001 2706 interius
3026 2657 3082 2706 et
3120 2648 3476 2720 profundius
3508 2661 3578 2702 ac

1923 2740 2111 2797 latens
2132 2741 2356 2806 lumen,
2391 2741 2542 2796 adeo
2573 2746 2633 2795 ut
2662 2746 2816 2795 totus
2844 2741 3027 2795 homo
3068 2738 3168 2795 illa
3199 2738 3487 2793 suavitate
3523 2741 3581 2791 et

1921 2830 2424 2901 contemplatione
2446 2828 2781 2895 demersus,
2806 2845 2925 2883 non
2958 2827 3177 2899 amplis
3209 2828 3281 2881 sit
3302 2826 3390 2881 sui
3411 2841 3583 2880 com-

1923 2934 2054 2991 pos,
2095 2917 2201 2973 sed
2250 2918 2325 2971 sit
2368 2922 2656 2988 tanquam
2708 2918 2921 2971 stultus
2966 2922 3022 2970 et
3080 2915 3376 2970 barbarus
3437 2912 3579 2968 huic

1924 3006 2174 3074 mundo,
2190 3006 2691 3078 propternimiam
2706 3005 3079 3059 dilectionem
3112 3020 3180 3058 ac
3195 3003 3574 3065 suavitatem,

1924 3102 1980 3153 et
2009 3111 2231 3152 arcana
2260 3093 2564 3166 mysteria,
2598 3093 2750 3149 adeo
2803 3100 2864 3149 ut
2896 3095 3078 3148 homo
3123 3098 3264 3146 tunc
3307 3090 3575 3145 libertate

1924 3185 2185 3241 donatus
2217 3184 2527 3255 perveniat
2552 3182 2629 3239 ad
2662 3183 2989 3253 perfectum
3014 3180 3269 3250 gradum
3299 3194 3486 3250 purus
3509 3193 3578 3233 ac

1925 3273 2074 3330 liber
2103 3290 2139 3330 a
2181 3278 2447 3344 peccato.
2485 3274 2697 3328 Verum
2726 3278 2936 3343 postea
2962 3268 3246 3324 subduxit
3295 3283 3356 3322 se
3386 3267 3581 3335 gratia

1926 3370 1982 3421 et
2010 3361 2261 3420 accessit
2294 3361 2567 3417 velamen
2589 3360 2951 3416 adversaria!
2974 3356 3585 3431 potestatis;apparet

1927 3462 2128 3510 tamen
2158 3452 2359 3524 aliqua
2389 3467 2458 3507 ex
2494 3456 2680 3520 parte,
2715 3456 2769 3505 et
2821 3448 3088 3505 consistit
3120 3448 3179 3502 in
3232 3461 3352 3501 uno
3384 3444 3577 3514 gradu

1928 3542 2191 3599 inferiori
2230 3540 2630 3613 perfectionis.

2002 3757 2096 3812 IV.
2132 3757 2315 3820 Velut,
2350 3754 2724 3819 utdicamus,
2742 3758 2973 3825 oportet
2988 3753 3247 3824 aliquem
3262 3749 3578 3804 duodecim

1931 3846 2155 3916 gradus
2180 3844 2624 3908 transcendere,
2660 3849 2712 3898 et
2757 3843 3003 3898 demum
3038 3840 3115 3894 ad
3158 3838 3583 3909 perfectionem

1932 3935 2284 4008 pertingere.
2309 3932 2645 4004 Aliquando
2694 3932 2831 4003 quis
2890 3933 3245 3985 consecutus
3294 3930 3381 3980 est
3421 3926 3583 3980 hunc

1932 4024 2209 4094 gradum,
2236 4026 2293 4077 et
2339 4020 2605 4092 pervenit
2656 4018 2734 4074 ad
2764 4017 3212 4090 perfectionem.
3248 4015 3463 4069 Iterum
3496 4028 3584 4067 re-

1934 4110 2564 4179 missiorfactagratia,
2597 4108 2905 4164 descendit
2934 4121 3121 4161 unum
3145 4103 3497 4174 gradum,et
3527 4102 3586 4156 in

1932 4200 2177 4273 reliquis
2202 4198 2479 4254 undecim
2518 4196 2806 4253 consistit.
2840 4196 3009 4251 Dives
3043 4200 3239 4249 autem
3294 4191 3501 4263 aliquis
3530 4190 3590 4244 in

1934 4291 2125 4362 gratia
2156 4304 2393 4360 semper
2419 4294 2620 4343 noctes
2655 4292 2834 4359 atque
2865 4285 2992 4339 dies
3021 4284 3079 4339 in
3110 4282 3371 4355 perfecto
3403 4280 3590 4353 gradu

1934 4380 2212 4444 consistit,
2240 4378 2390 4433 liber
2436 4393 2505 4431 ac
2552 4392 2763 4448 purus,
2797 4390 3036 4445 semper
3065 4375 3332 4444 captivus
3362 4386 3432 4425 ac
3464 4387 3590 4424 sus-

1936 4485 2180 4542 pensus.
2219 4470 2281 4523 Et
2328 4465 2597 4538 quidem.
2630 4465 2677 4519 si
2727 4462 3022 4518 mirabilia
3062 4460 3179 4525 illa,
3204 4477 3337 4533 quas
3362 4458 3590 4514 homini

1939 4563 2268 4615 monstrata
2300 4560 2459 4617 sunt.
2483 4559 2541 4609 et
2565 4569 2823 4625 quorum
2864 4550 3293 4623 experientiam
3326 4549 3501 4619 cepit,
3536 4546 3587 4600 ei

1938 4663 2173 4718 semper
2202 4646 2498 4709 adessent,
2534 4659 2642 4699 nec
2674 4642 3065 4696 ministerium
3098 4638 3255 4694 verbi
3298 4642 3397 4693 aut
3433 4651 3587 4689 onus

1938 4736 2181 4808 aliquod
2208 4738 2510 4806 suscipere
2537 4737 2754 4803 posset,
2782 4746 2975 4802 neque
3015 4728 3221 4784 audire
3253 4730 3355 4780 aut
3381 4740 3587 4779 curam

1940 4841 2163 4896 gerere,
2195 4825 2241 4880 si
2288 4823 2535 4895 quando
2588 4836 2742 4892 opus
2794 4823 2967 4881 esset,
3009 4817 3099 4871 sui
3148 4814 3361 4885 ipsius,
3394 4827 3589 4882 neque

1940 4914 2179 4972 crastini
2200 4913 2335 4977 diei,
2364 4911 2468 4967 sed
2502 4909 2700 4966 solum
2732 4908 2935 4963 sedere
2966 4906 3022 4960 in
3058 4919 3178 4959 uno
3211 4901 3433 4971 angulo
3461 4917 3590 4955 sus-

1941 5018 2162 5077 pensus
2180 5005 2236 5057 et
2267 4998 2617 5055 inebriatus.
2652 5000 3026 5066 Quapropter
3043 4992 3265 5063 gradus
3295 4989 3591 5061 perfectus

1942 5108 2064 5148 non
2086 5096 2177 5147 est
2200 5104 2539 5151 concessus,
2566 5093 2626 5141 ut
2648 5085 2833 5158 possit
2852 5099 3061 5139 vacare
3089 5097 3239 5136 curia
3262 5080 3508 5134 fratrum
3537 5083 3595 5133 et

1944 5180 2273 5237 ministerio
2288 5176 2470 5232 verbi.
2488 5175 2915 5231 Verumtamen
2934 5170 3303 5228 interstitium
3322 5167 3594 5223 maceria:

1946 5270 2209 5326 dirutum
2242 5272 2343 5330 est,
2378 5270 2434 5321 et
2473 5281 2635 5321 mors
2657 5265 2911 5320 devicta.

2021 5484 2086 5540 V.
2126 5484 2237 5539 Res
2284 5486 2485 5539 autem
2540 5478 2626 5535 sic
2691 5492 2751 5534 se
2809 5474 3010 5534 habet.
3065 5471 3594 5543 Quemadmodum
