4058 6194
527 269 625 326 531

1826 267 1885 323 s.
1934 263 2238 323 MACARII
2284 263 2590 320 IEGYPTII
3728 281 3821 339 53,

522 394 838 454 tenebrosa
884 397 1167 469 quaedam
1210 399 1300 455 vis
1346 398 1661 466 incumbit,
1696 403 1753 454 et
1782 399 1985 455 leviter
2013 396 2161 453 velut

2279 410 2356 451 τις
2412 387 2636 463 δύναμις
2710 389 2965 443 έπίκειται
3030 395 3120 445 καὶ
3187 394 3432 456 σκεπάζει
3508 398 3706 476 ἐλαφρῶς
3766 412 3826 474 ὡς

522 500 761 541 crassus
791 486 1040 558 quidam
1081 504 1183 543 aer
1210 489 1490 560 inopacat
1513 488 1735 554 locum,
1768 488 2009 545 lucerna
2037 489 2172 545 licet

522 590 761 647 semper
790 576 1035 632 ardente
1066 583 1120 632 et
1146 578 1376 633 lucente
1407 594 1418 632 :
1454 579 1535 633 sic
1561 578 1827 634 adhaeret
1858 578 1936 634 illi
1960 578 2170 635 lumini

520 663 811 720 velamen.
845 665 1011 721 Unde
1043 666 1351 722 conﬁtetur
1377 667 1491 733 ille,
1522 683 1585 723 se
1618 684 2006 741 nequaquam
2039 685 2171 724 esse

525 752 1075 825 perfectum,neque
1104 770 1331 811 omnno
1361 755 1693 812 immunem
1719 762 2018 828 apeccato
2046 773 2059 812 :
2088 757 2168 813 ita

525 848 590 897 ut
636 841 815 903 dicat,
843 843 955 914 33
1009 843 1272 899 dirutum
1324 848 1380 899 et
1435 845 1773 916 perfossum
1820 862 1947 902 esse
1991 846 2172 903 inter-

517 932 740 1002 jectum
775 932 1059 1002 parietem
1093 933 1386 999 maceriae,
1422 939 1599 1005 atque
1626 936 1859 1000 iterum,
1879 936 1938 991 in
1967 935 2171 1008 aliqua

524 1025 711 1091 parte,
748 1036 866 1075 non
909 1036 1040 1075 esse
1077 1021 1253 1091 plane
1289 1021 1577 1088 dirutum,
1610 1040 1805 1096 neque
1854 1025 1914 1079 in
1960 1041 2165 1097 perpe-

523 1115 713 1165 tuum.
745 1108 1077 1181 Aliquando
1109 1111 1267 1166 enim
1292 1112 1705 1168 vehementius
1732 1114 2024 1181 accendit,
2058 1115 2163 1172 ad-

526 1204 729 1253 monet
760 1203 815 1253 et
853 1198 1140 1256 refocillat
1165 1202 1356 1270 gratia
1385 1217 1396 1256 :
1431 1200 1758 1273 aliquando
1788 1218 1926 1260 vero
1961 1205 2170 1260 remis-

524 1285 645 1340 sior
683 1285 838 1342 facta
880 1286 1214 1344 subtristior
1259 1296 1527 1362 apparet,
1564 1296 1741 1363 prout
1794 1293 1927 1364 ipsa
1976 1294 2169 1365 gratia

519 1372 831 1445 dispensat
885 1375 961 1431 ad
1012 1376 1483 1435 emolumentum
1536 1380 1817 1436 hominis.
1854 1383 1995 1447 Quis
2029 1399 2169 1440 vero

521 1477 791 1534 unquam
816 1465 891 1519 ad
908 1465 1232 1537 perfectum
1273 1467 1528 1537 gradum
1545 1484 1893 1542 progressus
1906 1473 2168 1542 gustavit

520 1555 577 1607 et
624 1553 955 1623 periculum
1008 1554 1141 1610 fecit
1190 1555 1346 1611 illius
1388 1558 1646 1615 saeculi?
1677 1560 1954 1616 Nondum
2008 1562 2165 1618 enim

518 1640 707 1696 ullum
738 1642 859 1697 vidi
906 1642 1231 1713 perfectum
1260 1646 1567 1703 hominem
1618 1649 2013 1706 Christianum
2064 1656 2168 1707 aut

2282 480 2381 553 ἀὴρ
2448 484 2645 553 παχύς,
2707 486 2880 533 καίτοι
2931 486 3147 535 πάντοτε
3196 491 3285 544 τῆς
3340 483 3600 557 λαμπάδος
3650 504 3827 570 καιομί.

2280 590 2366 630 νης
2445 576 2534 623 καὶ
2591 574 2913 642 φαινούσης·
3006 572 3169 634 οὕτως
3254 572 3503 628 έπίκειται
3568 578 3720 653 ἐκείνῳ
3767 597 3825 657 τῷ

2282 663 2411 730 φωτὶ
2464 659 2730 732 κάλυμμα.
2780 659 2933 713 Ὀθεν
2986 660 3227 733 ὁμολογεῖ
3272 658 3439 727 οὗτος,
3488 667 3560 718 ὅτι
3621 671 3703 722 ούκ
3736 676 3828 727 ῖστι

2278 747 2483 815 τέλειος,
2546 745 2672 801 οὐδὲ
2736 747 2993 821 ἐλεύθερος
3062 752 3120 801 τὸ
3174 750 3287 803 ὅλον
3344 750 3395 802 ἐκ
3447 761 3533 817 τῆς
3584 757 3824 833 ἁμαρτίας.

2278 835 2439 891 Ὠστε
2495 837 2674 906 εἰπεῖν,
2729 840 2809 891 ὅτι
2888 835 3189 891 διαλέλυται
3262 844 3351 893 καὶ
3416 844 3709 914 τέθραυσται
3781 855 3832 904 τὸ

2281 930 2597 999 μεσότοιχον
2641 934 2733 979 τοῦ
2771 935 3035 1000 φραγμοῦ,
3090 932 3179 980 καὶ
3228 928 3381 981 πάλιν
3412 932 3459 983 ἓν
3486 938 3582 986 τινὶ
3607 936 3660 987 ού
3689 933 3831 993 διαλέ-

2279 1015 2433 1069 λυται
2473 1020 2530 1068 τὸ
2585 1016 2718 1080 ὅλον,
2775 1020 2893 1069 οὔτε
2946 1024 3185 1069 πάντοτε.
3240 1018 3388 1072 Ἐστι
3438 1024 3535 1094 γάρ
3582 1028 3743 1099 καιρὸς
3768 1029 3835 1080 ὅτε

2281 1106 2431 1159 πλέον
2482 1104 2712 1172 ἐξάπτει,
2778 1110 2865 1158 καὶ
2918 1106 3228 1181 παρακαλεῖ,
3269 1113 3359 1161 καί
3415 1107 3686 1165 ἀναπαύει·
3742 1118 3837 1168 ἔστι

2280 1198 2477 1270 καιρὸς,
2524 1198 2604 1247 ὅτε
2652 1194 3017 1248 ὑποστελλεται
3094 1200 3183 1249 καὶ
3254 1199 3549 1269 στυγνάζει,
3606 1203 3666 1262 ὡς
3721 1204 3833 1263 αὐτὴ

2280 1288 2309 1344 ἠ
2360 1287 2520 1358 χάρις
2569 1284 2831 1357 οἰκονομεῖ
2878 1288 3009 1359 πρὸς
3060 1288 3117 1337 τό
3168 1290 3427 1359 συμφέρον
3474 1296 3543 1359 τῷ
3599 1288 3837 1365 ἀνθρώπῳ.

2278 1380 2371 1437 Τίς
2400 1371 2459 1429 δε
2488 1376 2515 1426 6
2554 1373 2709 1427 ἑλθὼν
2749 1374 2816 1435 είς
2866 1377 2924 1427 τὸ
2973 1378 3159 1448 μέτρον
3214 1378 3272 1428 τό
3327 1377 3510 1430 τελειον
3560 1376 3606 1430 έν
3647 1388 3837 1454 καιροῖς,

2279 1467 2369 1516 καὶ
2423 1464 2757 1535 γευσάμενος,
2806 1467 2896 1516 καὶ
2949 1470 3133 1538 πεῖραν
3171 1466 3309 1535 ἔχων
3367 1464 3557 1519 ἐκείνου
3609 1475 3693 1520 τοῦ
3739 1469 3843 1521 αἰῶ-

2278 1570 2410 1620 νος;
2471 1553 2670 1625 Ἀκμὴν
2729 1554 2831 1625 γὰρ
2900 1549 3090 1606 οὐδένα
3149 1550 3288 1607 εἶδον
3374 1554 3558 1608 τέλειον
3608 1559 3842 1633 ἄνθρωπον

2278 1646 2619 1718 Χριστιανὸν,
2654 1643 2682 1701 ἡ
2734 1641 2992 1716 ἐλεύθερον
3020 1660 3033 1673 ⁸
3090 1641 3198 1695 ἀλλ’
3229 1643 3272 1697 εἰ
3310 1649 3405 1697 καὶ
3441 1643 3738 1699 ἀναπαύεται
3777 1667 3846 1708 τις

520 1729 791 1786 liberum.
824 1732 938 1787 Sed
969 1734 1248 1804 quamvis
1296 1736 1640 1808 acquiescat
1686 1739 1824 1811 quis
1860 1740 1921 1795 in
1953 1740 2161 1811 gratia,

2283 1736 2331 1785 ἓν
2360 1740 2422 1804 τῇ
2456 1734 2664 1805 χάριτι,
2719 1736 2809 1785 καὶ
2857 1731 3158 1807 εἰσέρχεται
3216 1732 3284 1793 εἰς
3332 1739 3606 1807 μυστήρια
3632 1740 3714 1787 καὶ
3740 1734 3844 1789 ἀπο-

518 1824 698 1891 atque
718 1821 794 1876 ad
819 1823 1120 1893 mysteria,
1148 1824 1534 1881 revelationes
1562 1844 1632 1883 ac
1653 1828 2017 1885 immensam
2035 1846 2169 1886 sua-

519 1911 757 1967 vitatem
784 1913 986 1981 gratiae
1016 1914 1346 1985 perveniat,
1382 1916 1772 1973 nihilominus
1805 1925 2004 1976 tamen
2034 1937 2168 1991 pec-

516 2006 717 2056 catum
772 2001 969 2057 adhuc
1005 2002 1064 2057 in
1113 2018 1183 2059 eo
1245 2004 1446 2061 haeret.
1492 2008 1600 2072 Qui
1632 2006 1780 2063 tales
1832 2025 1974 2064 vero
2006 2018 2164 2075 sunt,

520 2093 763 2161 propter
818 2090 1182 2148 immensam
1232 2096 1486 2163 gratiam
1536 2103 1591 2150 et
1640 2096 1844 2153 lumen
1895 2098 2010 2153 illis
2050 2099 2166 2164 ,ad-

522 2176 771 2246 haerens,
824 2195 886 2235 se
955 2181 1247 2251 perfectos
1304 2187 1363 2238 et
1446 2184 1667 2240 liberos
1754 2193 2049 2259 reputant,
2098 2204 2167 2245 ex

518 2265 809 2338 imperitia
850 2267 1104 2340 decepti,
1134 2275 1449 2342 postquam
1507 2275 1815 2344 possident
1869 2278 1983 2332 vim
2032 2292 2169 2347 gra-

519 2355 633 2412 tim.
668 2358 879 2412 Verum
904 2357 1163 2414 necdum
1192 2360 1311 2415 vidi
1346 2361 1529 2417 ullum
1556 2362 1831 2420 liberum.
1859 2366 2166 2438 Siquidem

518 2450 574 2501 et
604 2460 715 2514 ego
746 2462 817 2502 ex
850 2452 1015 2518 parte
1037 2447 1238 2520 aliqua
1267 2449 1597 2522 aliquando
1619 2452 1695 2508 ad
1720 2455 1976 2524 gradum
2000 2456 2166 2512 illum

519 2534 781 2605 perveni,
811 2540 867 2591 et
915 2536 1188 2609 cognovi,
1223 2538 1451 2595 nullum
1500 2554 1629 2597 esse
1676 2542 1984 2600 hominem
2037 2560 2166 2617 per-

514 2621 754 2679 fectum.

584 2746 677 2801 VI.
709 2746 1124 2820 Interrogatio.
1150 2752 1257 2808 Dic
1288 2753 1452 2811 nobis
1483 2755 1543 2813 in
1570 2756 1783 2827 quibus
1809 2763 1872 2813 tu
1896 2760 2164 2817 consistis

511 2836 801 2906 gradibus
829 2839 857 2892 ἵ

583 2963 924 3031 Responsio.
960 2968 1091 3022 Post
1134 2966 1376 3041 signum
1408 2972 1601 3029 crucis
1646 2975 1841 3046 gratia
1889 2991 2051 3032 nunc
2083 2976 2165 3033 sic

515 3056 815 3122 operatur,
842 3057 900 3108 et
923 3054 1124 3125 quieta
1153 3058 1349 3113 reddit
1394 3062 1602 3119 omnia
1641 3065 1915 3121 membra
1958 3070 2013 3120 et
2039 3080 2163 3133 cor,

518 3144 582 3195 ut
604 3141 806 3198 anima
824 3158 944 3213 prae
959 3146 1432 3216 summalaatitia,
1451 3157 1737 3223 tanquam
1754 3154 1987 3225 puellus
2004 3155 2163 3211 frau-

513 3228 861 3300 disignarus
883 3232 1171 3298 videatur,
1193 3252 1301 3291 nec
1327 3240 1586 3309 amplius
1603 3241 1787 3298 homo
1803 3243 2165 3301 condemnet

514 3319 776 3373 Grmcum
804 3325 901 3374 aut
921 3320 1216 3389 Judaeum,
1246 3331 1349 3380 aut
1374 3333 1767 3397 peccatorem,
1793 3337 1894 3389 aut
1934 3334 2163 3390 mundo

511 3403 780 3461 deditum
808 3423 822 3462 :
848 3424 1055 3465 verum
1090 3411 1331 3468 interior
1359 3415 1544 3473 homo
1565 3419 1740 3474 oculo
1765 3436 1916 3491 puro
1947 3438 2160 3479 omnes

511 3492 746 3563 aspicit,
779 3499 837 3548 et
856 3494 1085 3553 laetatur
1114 3498 1295 3555 homo
1332 3503 1406 3559 de
1445 3510 1566 3561 toto
1601 3509 1851 3575 mundo,
1884 3514 2163 3569 omnino-

510 3596 629 3653 que
660 3583 821 3654 cupit
851 3587 1120 3641 venerari
1154 3594 1209 3645 et
1255 3590 1500 3661 diligere
1531 3594 1767 3653 Graecos
1817 3604 1872 3655 et
1899 3600 2158 3657 Judaaos.

510 3667 635 3725 Alia
665 3672 930 3741 quadam
960 3672 1107 3730 hora
1138 3676 1318 3733 veluti
1347 3680 1504 3737 ﬁlius
1534 3686 1688 3753 regis
1738 3686 1985 3745 conﬁdit
2024 3688 2161 3747 Filio

506 3758 606 3814 Dei
643 3764 934 3834 tanquam
975 3764 1147 3834 patri,
1198 3773 1254 3823 et
1307 3771 1656 3842 aperiuntur
1684 3776 1736 3832 ei
1771 3776 1945 3843 fores,
1980 3784 2036 3835 et
2077 3780 2163 3836 in-

507 3848 773 3918 greditur
823 3850 978 3941 intro
1038 3854 1095 3910 in
1155 3857 1373 3914 multas
1420 3864 1784 3923 mansiones.
1829 3869 1895 3922 Et
1934 3876 2161 3941 quanto

510 3938 704 4009 magis
735 3940 1085 4009 ingreditur,
1119 3960 1353 4002 rursum
1387 3952 1737 4021 aperiuntur
1762 3956 1813 4010 ei
1836 3938 2011 4028 juxta
2028 3975 2163 4031 pro-

505 4029 834 4098 portionem
866 4046 901 4085 a
930 4038 1165 4089 centum
1195 4038 1609 4096 mansionibus
1637 4044 1714 4099 ad
1746 4044 1892 4101 alias
1918 4029 2158 4106 centum

507 4119 871 4183 mansiones,
892 4128 947 4177 et
976 4123 1235 4192 ditescit;
1253 4132 1307 4181 et
1328 4136 1555 4199 quanto
1580 4133 1775 4201 magis
1789 4134 2158 4203 ditescit,de-

505 4219 627 4261 nuo
647 4210 698 4261 al
712 4208 768 4263 ia
798 4212 1125 4267 recentiora
1141 4214 1431 4273 mirabilia
1449 4217 1496 4273 ei
1517 4228 1939 4278 monstrantur.
1956 4228 2019 4280 Et
2036 4240 2157 4281 cre-

504 4291 729 4348 duntur
785 4296 837 4351 ei
870 4306 1157 4371 tanquam
1193 4302 1313 4357 tilio
1352 4310 1408 4360 et
1462 4307 1683 4364 haeredi
1732 4326 1846 4376 res,
1888 4328 2022 4384 qum
2076 4314 2155 4371 ab

504 4380 773 4439 humana
814 4390 1028 4443 natura
1077 4391 1357 4461 explicari
1411 4403 1735 4467 nequeunt,
1770 4416 1877 4457 nec
1897 4380 1998 4457 ore
2055 4412 2155 4462 aut

506 4468 712 4541 lingua
738 4474 1001 4531 enodari.
1038 4476 1231 4535 Gloria
1263 4482 1402 4540 Deo.
1430 4490 1638 4542 Amen.

1120 4605 1403 4664 HOMILIA
1433 4611 1521 4669 IX.

504 4723 1022 4813 Promissioneslac
1040 4730 1393 4813 prophetias
1412 4736 1647 4813 divinas
1666 4755 1772 4813 per
1791 4742 1990 4799 varias
2015 4761 2152 4813 pro-

570 4796 905 4877 bationesel
932 4796 1281 4877 mutationes
1295 4806 1563 4877 impleri:
1580 4817 1632 4865 et
1658 4796 1772 4867 soli
1798 4796 2152 4874 Πεοῄἀᾶἢῷ-

575 4868 759 4924 rendo
789 4869 1036 4928 liberari
1064 4890 1168 4930 nos
1219 4876 1294 4932 ab
1323 4868 1803 4949 infestationibus
1841 4868 2148 4945 amisii

575 5101 620 5158 Ι.
658 5102 992 5173 Spiritualis
1020 5108 1222 5177 gratiae
1239 5109 1337 5166 Dei
1356 5112 1563 5179 virtus,
1592 5131 1722 5187 quae
1736 5119 2010 5177 etanima
2025 5138 2149 5179 ver-

503 5195 684 5257 satur,
738 5209 873 5248 cum
927 5212 1167 5253 summa
1235 5199 1707 5271 longanimitate,
1743 5207 2061 5281 sapientia,
2094 5217 2150 5268 et

500 5278 945 5350 dispensatione
999 5287 1211 5341 mentis
1261 5291 1518 5361 mystica
1570 5278 1867 5365 operatur,
1928 5278 2149 5370 magna

500 5368 679 5423 etiam
695 5384 830 5425 cum
847 5372 1130 5442 patientia
1151 5393 1286 5433 cum
1307 5382 1586 5453 temporis
1601 5368 2147 5456 opportunitatibus

500 5457 743 5515 homine
791 5461 1132 5521 dimicante.
1165 5469 1326 5524 Tunc
1357 5477 1557 5528 autem
1598 5488 1751 5545 opus
1778 5478 1983 5546 gratias
2008 5494 2147 5550 per-

500 5546 719 5604 fectum
745 5550 807 5605 in
824 5566 894 5607 eo
926 5560 1196 5625 apparet,
1228 5560 1475 5630 quando
1500 5560 1750 5620 liberam
1777 5566 1905 5637 ejus
1935 5546 2148 5625 volun-

501 5638 681 5694 tatem
708 5644 838 5712 post
868 5657 1157 5715 magnam
1215 5650 1599 5709 tentationem
1656 5654 1893 5727 Spiritui
1939 5662 2145 5717 sancto

2278 1820 2544 1892 καλύψεις,
2581 1825 2669 1873 καὶ
2701 1820 2771 1883 εἰς
2803 1820 3046 1879 ὀδύτητα
3092 1820 3285 1880 πολλὴν
3326 1826 3425 1881 τὴν
3466 1825 3693 1896 χάριτος,
3729 1826 3847 1896 ὅμως

2278 1915 2368 1963 καὶ
2415 1912 2445 1968 ἠ
2495 1909 2728 1983 ἁμαρτία
2777 1913 3016 1964 σύνεστιν
3084 1909 3256 1983 ἀκμὴν
3302 1914 3409 1965 ἔσω
3443 1930 3455 1943 ·
3491 1913 3633 1966 αὐτοὶ
3670 1910 3739 1978 δε,
3769 1910 3847 1967 διὰ

2279 2004 2372 2058 τὴν
2400 1998 2822 2073 ὑπερϐάλλουσαν
2870 2002 3033 2075 χάριν
3065 2004 3155 2054 καὶ
3184 2004 3243 2053 τὸ
3274 1999 3323 2053 ἕν
3362 2001 3537 2064 αὐτοῖς
3574 2011 3688 2074 φῶς,
3725 2007 3846 2074 νομί·

2280 2089 2464 2150 ζουσιν
2517 2088 2770 2163 ἐλεύθεροι
2836 2090 2965 2141 εἶναι
3034 2094 3124 2141 καὶ
3171 2089 3379 2156 τέλειοι,
3448 2094 3586 2164 παρὰ
3643 2090 3845 2165 ἀπειρίαν

2281 2177 2644 2250 σφαλλόμενοι,
2695 2173 2877 2237 ἐπειδὴ
2933 2177 3153 2249 ἔχουσιν
3210 2178 3472 2253 ένεργειαν
3500 2188 3593 2242 τῆς
3634 2181 3841 2252 χάριτος,

2280 2265 2452 2339 ἀκμὴν
2487 2263 2547 2319 δε
2582 2262 2771 2320 οὐδένα
2827 2262 2964 2319 εἶδον
3013 2266 3289 2340 έλεύθερον.
3342 2265 3556 2326 Ἐπειδὴ
3613 2266 3744 2340 κάγὼ
3775 2286 3847 2339 με·

2276 2363 2434 2430 ρικῶς
2474 2354 2522 2407 έν
2547 2362 2750 2428 καιροῖς
2808 2375 2969 2421 τισιν,
3004 2356 3241 2416 εἰσῆλθον
3281 2356 3361 2420 εἰς
3406 2356 3617 2410 έκεῖνοτό
3669 2360 3841 2429 μέτρον,

2277 2449 2367 2497 καὶ
2413 2441 2537 2498 οἶδα
2600 2446 2937 2517 καταμαθὼν,
2998 2453 3105 2507 πῶς
3172 2445 3265 2499 οὐκ
3313 2449 3437 2501 ἔστι
3488 2446 3662 2507 τελειος
3702 2447 3725 2499 6
3777 2446 3848 2497 οἰν-

2282 2536 2504 2608 θρωπος.

2350 2746 2422 2812 ς’.
2457 2746 2823 2822 Ἐρώτησις.
2852 2746 3002 2803 Εἰπὲ
3036 2749 3188 2819 ἡμῖν
3216 2751 3311 2815 σύ,
3356 2750 3417 2802 ἐν
3456 2753 3663 2810 ποίοις
3698 2747 3846 2817 εἶμέ-

2275 2856 2495 2913 τροις;

2345 2962 2750 3038 Ἀπόκρισις.
2783 2965 2928 3016 Μετά
2968 2966 3027 3016 τὸ
3062 2969 3275 3035 σημεῖον
3306 2969 3407 3016 τοῦ
3449 2968 3689 3035 σταυροῦ,
3718 2958 3841 3015 νῦνῆ

2272 3054 2435 3125 χάρις
2484 3053 2645 3116 οὕτως
2694 3057 2885 3127 ἐνεργεῖ
2929 3056 3015 3105 καὶ
3082 3052 3337 3125 εἰρηνεύεε
3381 3052 3473 3106 ὅλα
3514 3054 3577 3105 τὰ
3617 3050 3733 3123 μέλη
3773 3050 3846 3100 καὶ

2273 3146 2367 3200 τὴν
2407 3139 2653 3215 καρδίαν,
2704 3144 2839 3195 ὥστε
2890 3146 2983 3201 τὴν
3036 3141 3221 3214 ψυχὴν
3253 3140 3311 3194 έκ
3346 3152 3443 3203 τῆς
3472 3140 3656 3203 πολλῆς
3693 3142 3844 3211 χαρᾶς

2274 3232 2341 3292 ὡς
2384 3228 2599 3284 παιδίον
2642 3232 2835 3283 ἄκακον
2876 3232 3169 3303 φαίνεσθαι,
3220 3235 3312 3284 καὶ
3371 3230 3546 3284 οὐκέτι
3582 3231 3847 3300 κατακρίνει

2274 3320 2299 3370 6
2365 3318 2635 3391 ἄνθρωπος
2681 3319 2917 3378 Ἕλληνα
2947 3324 2977 3379 ἦ
3034 3316 3319 3385 Ἰουδαῖον,
3387 3325 3418 3380 ἦ
3481 3314 3841 3393 ἁμαρτωλόν,ἧ

2273 3414 2530 3479 κοσμικόν
2562 3424 2575 3437 ⁸
2628 3407 2735 3461 ἀλλ’
2783 3410 2809 3460 ό
2865 3412 2968 3462 ἑσω
3021 3408 3293 3482 ἄνθρωπος
3355 3412 3569 3485 καθαρῷ
3632 3404 3846 3480 ὀφθαλμῷ

2271 3499 2469 3559 πάντας
2521 3498 2635 3571 ὁρᾷ,
2716 3502 2804 3549 καὶ
2852 3502 3034 3570 χαίρει
3087 3500 3113 3550 6
3172 3500 3456 3573 ἅνθρωπος
3516 3497 3597 3551 έπὶ
3654 3496 3743 3567 όλῳ
3788 3500 3847 3561 τῷ

2271 3591 2474 3659 κόσμῳ,
2528 3591 2617 3638 καὶ
2675 3588 2877 3647 πάντως
2934 3586 3065 3640 θελει
3125 3596 3447 3660 προσκυνεῖν
3527 3591 3615 3640 καὶ
3668 3583 3847 3656 ἀγαπᾷν

2269 3674 2517 3736 Ἕλληνας
2563 3680 2651 3727 καὶ
2700 3672 3015 3739 Ἰουδαίους.
3064 3675 3224 3750 Ἀλλῃ
3278 3681 3397 3753 ὥρᾳ
3455 3680 3567 3738 υἱὸς
3618 3672 3847 3748 βασιλέως

2271 3766 2406 3819 οὕτω
2439 3761 2614 3840 9αρῥεί
2644 3774 2714 3837 τῷ
2768 3767 2871 3836 Υίῷ
2920 3772 3010 3818 τοῦ
3068 3773 3202 3819 Θεοῦ
3261 3769 3337 3828 ὡς
3390 3771 3568 3838 πατρὶ,
3621 3768 3704 3816 καὶ
3732 3760 3849 3813 ἀνοί-

2269 3873 2452 3927 γονται
2507 3853 2647 3924 αύτῷ
2704 3856 2879 3927 θύραι,
2928 3858 3015 3905 καὶ
3054 3853 3359 3926 εἰσέρχεται
3403 3851 3549 3907 ἔνδον
3580 3852 3648 3913 εἰς
3685 3847 3851 3905 πολλὰς

2270 3947 2448 4017 μονάς,
2504 3948 2591 3996 καὶ
2622 3946 2741 3995 όσον
2804 3941 3121 4015 εἰσέρχεται,
3176 3941 3334 3995 πάλιν
3391 3941 3677 4014 ἀνοίγονται
3725 3936 3848 4005 αύτῷ

2270 4037 2397 4108 πρὸς
2439 4033 2610 4105 λόγον,
2644 4031 2744 4084 ἀπὸ
2782 4032 2961 4085 ἑκατὸν
3019 4040 3185 4102 μονῶν
3236 4032 3313 4096 είς
3365 4034 3528 4093 ἄλλας
3563 4032 3732 4084 έκατὸν
3772 4044 3851 4098 μο-

2267 4125 2370 4186 νὰς,
2405 4127 2495 4175 καὶ
2546 4122 2757 4175 πλουτεῖ
2795 4136 2807 4148 ⁸
2862 4126 2953 4174 καὶ
2992 4123 3097 4193 ὅσῳ
3148 4121 3383 4188 πλουτεῖ,
3418 4122 3573 4175 πάλιν
3603 4118 3727 4172 ἄλλα
3751 4134 3847 4167 xui-

2265 4216 2444 4286 νότερα
2496 4213 2767 4284 θαυμάσια
2823 4206 3091 4263 δείκνυται
3146 4211 3310 4282 αύτῷ.
3359 4216 3461 4265 Καὶ
3504 4209 3848 4283 έμπιστεύεται

2266 4302 2332 4363 ὡς
2372 4300 2489 4370 υἱῷ,
2522 4306 2612 4352 καὶ
2642 4299 2941 4373 κληρονόμῳ
2990 4306 3281 4373 πράγματα
3329 4306 3408 4373 μὴ
3468 4297 3726 4370 δυνάμενα
3767 4294 3848 4368 ῥη-

2266 4392 2415 4449 θῆναι
2448 4391 2547 4442 ὑπὸ
2588 4392 2782 4462 φύσεως
2813 4388 3159 4463 ἀνθρωπίνης,
3212 4391 3240 4449 ἦ
3285 4396 3520 4464 στόματι
3545 4393 3633 4442 καὶ
3654 4385 3846 4460 γλώσσῃ

2188 4466 2232 4521 D
2265 4476 2674 4553 διαρθρωθῆναι.
2705 4478 2838 4541 Δόξα
2868 4488 2941 4550 τῷ
2969 4487 3104 4551 Θεῷ.
3145 4479 3338 4553 Ἀμήν.

2868 4607 3119 4661 ΟΜΙΛΙΑ
3159 4606 3247 4663 ϐ’.

2261 4731 2383 4807 Tu‘;
2446 4726 2993 4807 ἑπαγγελίαςμαὶ
3042 4732 3463 4807 ..προφητείας
3537 4732 3648 4807 τοῦ
3703 4724 3848 4807 Θεοιῦ

2336 4797 2451 4852 διὰ
2514 4796 3458 4878 παμποικίληςΑδοκιμασίας
3495 4804 3604 4851 καὶ
3643 4796 3850 4878 πειράζ-

2336 4889 2487 4932 σεως
2551 4868 3137 4951 διαπληρούσθαιισ
3190 4868 3317 4951 ’καὶ
3367 4876 3555 4951 ,μόνῳ
3617 4877 3694 4951 τῌῷ
3731 4870 3849 4951 Θεέ»

2332 4942 2993 5018 προσκαρτεροῦντας
3060 4942 3470 5028 λυτροῦσθαι
3531 4944 3691 5013 ἡμᾶς
3744 4942 3849 4989 ἀπὸ

2332 5025 2447 5069 τῶν
2479 5024 2589 5068 τοῦ
2630 5022 2923 5089 Πονηροῡ
2962 5022 3351 5090 πειράσεων,

2328 5122 2410 5179 Α’.
2441 5123 2498 5177 Ἠ
2543 5130 2633 5177 τοῦ
2680 5130 2813 5177 Θεοῦ
2842 5126 3164 5193 πνευματική
3206 5130 3303 5181 τῆς
3360 5123 3591 5195 χάριτος
3644 5117 3851 5191 ἐνέργεια

2258 5217 2307 5267 ἓν
2336 5214 2489 5287 ψυχῇ
2552 5217 2851 5285 γιγνομένη,
2905 5214 3036 5285 μετὰ
3090 5211 3277 5271 πολλῆς
3329 5212 3720 5285 μακροθυμίας,
3770 5204 3849 5254 καὶ

2260 5307 2460 5375 σοφίας,
2541 5306 2631 5354 καὶ
2706 5302 2997 5374 οἰκονομίας
3062 5304 3175 5362 νοός
3235 5307 3506 5372 μυστικῆς
3558 5291 3849 5369 κατεργάξε·

2257 5412 2363 5456 ται,
2421 5393 2671 5463 καὶμετά
2721 5390 2911 5453 πολλῆς
2965 5392 3223 5464 ὑπομονῆς
3262 5393 3490 5461 χρόνοις
3528 5391 3617 5439 καὶ
3661 5386 3847 5455 καιροῖς

2258 5487 2349 5534 τοῦ
2379 5478 2650 5552 ἀνθρώπου
2692 5478 3072 5551 ἀγωνιζομένου
3102 5493 3118 5511 ⁸
3154 5482 3241 5531 καὶ
3290 5482 3413 5531 τότε
3474 5480 3535 5528 τό
3581 5478 3720 5550 ἔργον
3766 5475 3847 5526 τῆς

2255 5571 2480 5644 χάριτος
2535 5568 2722 5622 τέλειον
2769 5568 2838 5631 εἰς
2888 5571 3046 5621 αὑτὸν
3125 5561 3532 5633 ἀποδείκνυται,
3605 5570 3693 5623 τῆς
3735 5561 3845 5612 αύτ-

2256 5658 2490 5724 ίξουσίου
2552 5662 2906 5735 προαιρέσεως
2950 5660 3081 5731 μετά
3131 5655 3325 5717 πολλῆς
3370 5652 3689 5729 δοκιμασίας
3740 5648 3842 5702 niu-
