4058 6194
465 256 564 308 535
1761 247 1818 303 S.
1863 246 2061 302 MACA

2222 240 2526 297 EGYPTII
3714 244 3824 301 536

460 375 764 449 Egyptios
786 375 1123 431 submersit.
1153 377 1296 431 Ecce
1326 373 1427 430 Dei
1449 373 1733 430 voluntas
1761 377 1817 429 et
1845 387 2062 445 propos

2227 366 2463 440 θαλάσσῃ
2515 369 2638 427 τοὺς
2666 366 2986 437 Αἰγυπτίους
3028 370 3409 422 κατεπόντισεν.
3458 364 3596 422 Ἰδοὺ
3642 370 3700 421 τό
3729 374 3829 421 τοῦ

462 470 611 529 tum,
635 470 863 537 quanta
884 470 1018 536 post
1035 471 1373 536 temporum
1408 464 1603 535 spatia
1626 462 2031 526 manifestata,
2059 483 2064 512 ς

2228 462 2351 511 Θεοῦ
2397 454 2639 529 βούλημα
2668 460 2759 508 καὶ
2810 458 2839 513 ἠ
2898 458 3142 528 πρόθεσις
3189 458 3319 529 μετὰ
3374 461 3571 519 πόσους
3603 462 3830 531 χρόνους

462 562 721 627 quantas
748 561 885 627 post
914 554 1299 626 probationes
1342 559 1398 609 et
1429 552 1783 609 aﬂlictioues
1816 550 2064 623 complet

2228 543 2541 617 ἀπεδείχθη,
2600 550 2689 597 καὶ
2729 547 2861 617 μετά
2911 550 3078 606 πόσας
3143 542 3464 608 δοκιμασίας
3500 550 3589 599 καὶ
3630 547 3830 619 θλίψεις

462 650 568 700 est.

2224 635 2462 693 ἐτελέσθη
2475 677 2486 690 ,

536 754 596 805 V.
630 751 787 806 idem
809 755 865 805 et
886 750 960 806 de
991 750 1291 806 Abraham
1310 752 1379 801 9'.
1414 750 1647 814 Quanto
1675 752 1943 819 tempore
1976 751 2112 802 ante

2294 761 2365 815 E'.
2416 760 2638 831 Ὁμοίως
2704 764 2795 812 καὶ
2865 764 2949 813 ἐπὶ
3000 767 3089 813 τοῦ
3155 759 3417 833 Ἀϐραάμ.
3484 763 3590 832 Πρὸ
3646 765 3827 813 πόσων

463 841 820 913 promiserat
841 841 917 894 De
930 857 1012 905 us,
1030 856 1091 894 se
1105 840 1153 892 ei
1172 839 1523 908 largiturum
1544 838 1749 904 ﬁlium,
1780 853 1889 893 nec
1908 842 2065 891 tame

2230 854 2425 924 χρόνων
2457 848 2794 922 ἑπηγγεᾶατο
2826 850 2852 901 ό
2901 852 3025 910 Θεὸς
3081 851 3419 921 χαρίσασθαι
3464 852 3597 914 υἱόν,
3626 855 3715 903 καὶ
3766 849 3832 901 οὐ

467 932 666 986 statim
689 930 850 985 dedit
875 946 886 982 :
916 928 1017 983 sed
1049 935 1194 1000 quot
1224 930 1447 983 interea
1478 944 1776 983 annorum
1811 926 2069 999 probatic

2233 939 2341 1012 παρ’
2376 939 2511 992 αὐτὰ
2557 936 2804 1003 δέδωκεν,
2859 937 2989 991 ἀλλὰ
3044 939 3236 1009 μεταξὺ
3296 943 3482 1001 πόσοις
3511 942 3645 992 ἔτεσι
3678 936 3835 992 δοκι-

468 1036 577 1077 nes
609 1023 661 1074 et
694 1018 1047 1074 tentationes
1081 1017 1189 1089 ipsi
1224 1016 1657 1073 incubueruntl
1692 1017 1789 1071 Ille
1817 1032 1960 1071 vero
1988 1032 2063 1071 an

2233 1034 2411 1080 κασίαι
2461 1032 2550 1080 καὶ
2604 1032 2888 1103 πειρασμοὶ
2929 1030 3054 1100 πρὸς
3096 1026 3252 1080 αὐτόν
3303 1032 3599 1099 γεγόνασιν.
3662 1027 3835 1089 Αὐτός

468 1125 568 1164 mo
592 1108 834 1179 patienti
860 1107 1067 1162 omnia
1094 1107 1425 1162 accidentia
1448 1106 1760 1173 sufferens,
1787 1105 1965 1177 plena
1994 1105 2070 1159 fid

2230 1113 2281 1170 δὲ
2322 1120 2671 1191 μακροθύμως
2714 1118 2887 1169 πάντα
2915 1120 2979 1169 τὰ
3018 1118 3345 1189 ἐπερχόμενα
3374 1118 3680 1187 ὑπομείνας,
3736 1120 3832 1168 καὶ

468 1197 733 1267 seipsum
764 1194 1124 1260 obﬁrmavit,
1156 1195 1457 1266 inquiens,
1491 1195 1650 1266 quod
1680 1195 1783 1266 qui
1809 1193 2070 1261 promisit

2234 1206 2400 1260 ἔαυτόν
2430 1215 2492 1279 τῇ
2523 1212 2700 1259 πίστει
2729 1205 3158 1280 πληροφορήσας,
3206 1207 3308 1259 ὅτι
3366 1208 3392 1258 ό
3454 1204 3836 1277 ἐπαγγειλά-

467 1300 597 1341 cum
626 1285 698 1339 sil
717 1284 1009 1341 mendacii
1031 1300 1260 1353 expers,
1295 1284 1607 1353 complebit
1641 1283 1881 1340 verbum
1909 1298 2069 1337 suun

2232 1315 2421 1362 ιιενος,
2507 1291 2807 1366 ἀψευδὴς
2862 1296 3235 1366 τυγχάνων,
3317 1293 3659 1365 πληρώσει
3720 1295 3834 1345 τόν

467 1373 889 1445 Sicquetidelis
906 1374 1198 1439 inventus,
1224 1374 1389 1445 quod
1412 1373 1776 1445 promissum
1799 1376 1944 1439 erat,
1966 1388 2069 1428 con

2234 1384 2452 1437 ἑαυτοῦ
2483 1384 2693 1456 λόγον.
2755 1390 2856 1438 Καὶ
2901 1384 3062 1446 οὕτως
3122 1385 3311 1446 πιστός
3338 1384 3576 1459 εὑρεθεὶς,
3609 1381 3836 1455 ἐπέτυχε

464 1470 700 1519 secutus
726 1468 831 1518 est.

2222 1481 2316 1535 τῆς
2346 1472 2681 1545 ἐπαγγελίας.

536 1572 625 1626 Vl.
661 1571 751 1627 Sic
778 1578 832 1626 et
858 1573 975 1626 Noe
1002 1570 1483 1641 quingentesimo
1512 1584 1673 1625 anno
1704 1569 1904 1640 jussus
1929 1585 1965 1625 a
1990 1569 2111 1625 Deo

2294 1582 2366 1645 ς’.
2424 1579 2696 1641 Ὡσαύτως
2767 1583 2857 1631 καὶ
2928 1585 3041 1632 Νῶε
3097 1586 3520 1650 πεντακοσιοστῷ
3594 1580 3693 1631 ἔτει
3742 1597 3836 1631 κε-

466 1676 668 1716 arcam
694 1664 1035 1714 construere
1066 1661 1133 1724 9³,
1167 1659 1267 1730 qui
1309 1659 1695 1715 inducturum
1724 1674 1786 1714 se
1818 1659 1921 1714 toti
1944 1663 2068 1714 terra

2232 1671 2450 1730 leuaesic
2506 1670 2606 1721 ὑπὸ
2660 1675 2750 1720 τοῦ
2806 1676 2941 1721 Θεοῦ
2990 1672 3082 1725 τὴν
3126 1667 3343 1720 κιϐωτὸν
3393 1667 3834 1733 κατασκευάζειν,

464 1750 756 1805 diluvium
780 1750 1189 1813 nuntiaverat;
1224 1754 1279 1804 et
1305 1748 1734 1804 sexcentesimo
1752 1764 1911 1804 anno
1942 1748 2066 1803 indi

2237 1758 2659 1830 ἐπαγγειλαμένου
2746 1756 3119 1829 κατακλυσμόν
3191 1759 3469 1828 ἓπαγαγεῖν
3534 1764 3595 1828 τῇ
3660 1756 3839 1809 οἰκου-

467 1839 677 1903 cebat;
712 1843 950 1893 centum
979 1854 1171 1892 annos
1220 1839 1512 1909 patienter
1562 1844 1913 1909 exspectans
1967 1837 2069 1892 nih

2233 1852 2370 1920 πένῃ,
2422 1851 2511 1898 καὶ
2554 1845 2908 1915 ἐξακοσιοστῷ
2949 1848 3049 1897 ἔτει
3101 1844 3474 1917 ἐπαγαγόντος,
3530 1844 3713 1897 ἑκατόν
3740 1847 3835 1901 ἔτη

468 1929 716 1984 omnino
730 1927 1270 1992 dubitabat,utrum
1291 1944 1425 1999 quae
1440 1928 1666 1982 dixerat
1681 1928 1835 1982 Deus
1851 1927 2070 1981 facturn

2233 1937 2659 2009 ἓμακροθύμησεν
2693 1932 2958 2006 ἐνμηδενὶ
3014 1932 3299 1999 διστάσας,
3353 1936 3457 2006 ἄρα
3508 1942 3645 1987 ποιεῖ
3699 1934 3835 2007 οἷπερ

466 2021 642 2082 esset,
672 2032 892 2084 necne;
926 2032 1136 2071 verum
1182 2016 1299 2071 ﬁde
1352 2018 1524 2071 nixus
1565 2018 1646 2071 sic
1680 2016 2068 2071 constituebat

2240 2027 2360 2077 εἶπεν
2396 2026 2419 2075 ό
2460 2028 2603 2087 Θεὸς,
2637 2025 2666 2082 ἢ
2698 2028 2769 2096 μὴ
2810 2030 2947 2076 ποιεῖ
2988 2040 2999 2052 ⁸
3032 2022 3141 2075 αλλ’
3182 2022 3324 2086 ἅπαξ
3372 2030 3434 2095 τῇ
3486 2027 3660 2076 πίστει
3704 2022 3842 2081 πλη-

465 2106 625 2179 quod
635 2120 765 2176 quae
782 2106 937 2161 Deus
966 2106 1192 2160 loculus
1205 2113 1369 2169 esset,
1386 2106 1606 2176 absque
1622 2122 1753 2159 omn
1764 2105 1874 2159 idu
1884 2105 1972 2159 bio
1983 2106 2067 2173 ﬁe:

2232 2116 2552 2187 ροφορηθεὶς,
2594 2115 2674 2165 ὅτι
2728 2113 2857 2184 άπερ
2911 2112 3155 2169 ἐλάλησεν
3204 2112 3229 2163 ὁ
3264 2114 3415 2179 Θεὸς,
3467 2111 3834 2185 ἀναμφιϐόλως

468 2194 857 2265 oporteal.Sic
870 2210 1011 2263 ergo
1026 2200 1306 2265 spectatae
1320 2198 1499 2266 atque
1514 2194 1569 2247 in
1583 2199 1757 2263 tegraa
1774 2194 2070 2249 voluntati:

2234 2206 2467 2277 γενέσθαι
2522 2200 2623 2256 δεῖ.
2686 2207 2785 2255 Καὶ
2841 2202 2975 2254 οὕτω
3029 2197 3249 2273 δόκιμος
3304 2210 3364 2275 τῇ
3417 2207 3718 2275 προαιρέσει
3782 2203 3836 2255 ἐν

465 2284 627 2351 ﬁdei,
658 2284 954 2356 patientiae
985 2289 1041 2339 et
1069 2283 1322 2338 lenitatis
1350 2298 1587 2352 magna
1640 2283 1753 2354 35
1785 2283 2067 2354 depreher

2231 2298 2421 2358 πίστει,
2473 2296 2562 2344 καὶ
2616 2294 2873 2364 ὑπομονῇ,
2929 2296 3018 2343 καὶ
3072 2293 3414 2365 μακροθυμίᾳ
3476 2291 3632 2364 πολλῇ
3686 2292 3833 2364 εὑρε-

468 2391 594 2439 sus,
630 2374 794 2429 solus
829 2377 1096 2428 servatus
1130 2377 1215 2428 est
1236 2389 1371 2428 cum
1395 2372 1575 2428 domo
1603 2390 1730 2437 sua,
1761 2372 2070 2428 mandatu:

2231 2383 2348 2445 θεὶς,
2395 2378 2623 2437 διεσώθη
2680 2386 2833 2446 μόνος
2863 2382 2990 2451 μετὰ
3044 2386 3133 2433 τοῦ
3186 2383 3332 2432 οἴκου
3384 2379 3546 2433 αὑτοῦ
3578 2384 3671 2438 τὴν
3699 2382 3833 2433 ἔντο-

465 2480 614 2537 pure
645 2464 989 2519 observans.

2225 2469 2317 2527 λὴν
2348 2471 2590 2542 καθαρῶς
2617 2468 2864 2540 φυλάξας.

538 2572 651 2625 νιι.
686 2574 818 2625 Haec
845 2574 1198 2639 argumenta
1246 2585 1317 2625 ex
1348 2570 1666 2641 Scripturis
1698 2569 2001 2625 attulimus
2043 2570 2113 2626 ad

2297 2570 2371 2626 Z'.
2398 2573 2607 2632 Ταύτας
2650 2568 2711 2623 δὲ
2763 2572 2853 2630 τὰς
2885 2568 3121 2646 ἀφορμὰς
3149 2569 3203 2623 ἐκ
3235 2578 3334 2624 τῶν
3365 2577 3576 2644 Γραφῶν
3609 2570 3840 2643 ἠνέγκα-

467 2660 1178 2732 demonstrandum,quod
1195 2661 1376 2714 virtus
1388 2662 1595 2729 gratim
1611 2658 1831 2714 divinae
1847 2659 1999 2714 inest
2014 2661 2069 2714 h<

2237 2680 2335 2726 usv,
2392 2663 2518 2734 πρὸς
2563 2663 2620 2713 τό
2654 2656 2953 2726 ἀποδεῖξαι,
3000 2662 3079 2713 ὄτι
3131 2662 3161 2718 ἠ
3205 2667 3296 2712 τοῦ
3329 2668 3462 2714 Θεοῦ
3491 2668 3581 2720 τῆς
3605 2662 3839 2732 χάριτος

469 2750 650 2820 mini;
674 2755 730 2804 et
751 2750 979 2805 donum
999 2750 1247 2820 Spiritus
1278 2749 1484 2813 sancti,
1515 2748 1678 2821 quod
1704 2748 1892 2803 ﬁdelis
1914 2750 2071 2804 anim

2238 2753 2275 2802 ἓν
2349 2748 2603 2823 ἀνθρώπῳ
2661 2754 2937 2822 γιγνομένη
3006 2754 3255 2824 ἐνέργεια,
3315 2754 3406 2802 καὶ
3468 2752 3525 2802 τό
3582 2751 3840 2821 χάρισμα

467 2839 757 2911 consequi
778 2838 961 2908 digna
991 2844 1284 2905 censetur,
1310 2853 1532 2907 magna
1558 2854 1693 2892 cum
1717 2838 2069 2892 contentioni

2230 2846 2316 2892 τοῦ
2358 2842 2651 2911 Πνεύματος
2680 2846 2772 2891 τοῦ
2797 2838 2975 2911 ἁγίου,
3005 2840 3126 2913 ὅπερ
3158 2841 3187 2897 ἡ
3230 2842 3395 2897 πιστὴ
3426 2837 3580 2910 ψυχὴ
3621 2836 3832 2908 λαμϐά-

466 2928 782 2985 tolerantia
806 2928 1015 2991 multa,
1038 2927 1342 2999 patientia,
1365 2928 1791 2983 tentationibus
1813 2943 1883 2983 ac
1904 2927 2068 2999 proba

2238 2948 2329 2981 ιειν
2384 2928 2746 2997 καταξιοῦται,
2808 2930 2940 2999 μετὰ
2990 2927 3178 2981 πολλοῦ
3220 2926 3438 3001 ἀγῶνος,
3489 2932 3577 2979 καὶ
3632 2928 3840 2998 ὑπομο-

468 3018 731 3075 tionibus
764 3022 1167 3088 comparatur,
1202 3016 1387 3073 libera
1417 3017 1546 3088 ejus
1602 3016 1903 3073 voluntate
1929 3032 2068 3072 omn

2239 3026 2315 3079 an;
2371 3017 2583 3082 πολλῆς,
2650 3022 2739 3070 καὶ
2791 3018 3173 3092 μακροθυμίας,
3233 3021 3323 3070 καὶ
3368 3023 3687 3091 πειρασμῶν,
3746 3019 3841 3068 καὶ

464 3106 582 3164 bus
602 3105 1032 3163 afﬂictionibus
1055 3106 1328 3178 probata.
1355 3109 1417 3161 Et
1441 3106 1508 3169 si,
1528 3106 1770 3176 quando
1786 3122 1853 3161 ea
1870 3106 1929 3160 in
1955 3105 2066 3161 null

2240 3104 2556 3179 ἳοκιμασιῶν
2622 3111 2879 3177 γίγνεται,
2931 3114 3025 3167 τῆς
3084 3105 3420 3169 αότεξουσίου
3488 3108 3842 3178 προαιρέσεως

466 3212 529 3254 re
548 3196 829 3268 Spiritum
858 3196 1187 3260 contristet,
1220 3195 1322 3250 sed
1345 3197 1551 3263 gratiae
1574 3196 1629 3249 in
1650 3195 1938 3249 omnibus
1968 3210 2068 3265 pra

2239 3192 2323 3247 ita
2352 3203 2534 3247 πασῶν
2585 3195 2803 3266 θλίψεων
2844 3191 3288 3266 δοκιμαζομένης.
3334 3198 3436 3249 Καὶ
3476 3193 3600 3246 ἐπὰν
3649 3196 3697 3246 ἓν
3738 3212 3841 3265 μη-

468 3286 658 3356 ceptis
719 3288 1030 3347 consonet,
1062 3287 1205 3337 tunc
1256 3282 1667 3339 liberationem
1724 3282 1801 3337 ab
1832 3282 2070 3337 omnibL

2238 3281 2421 3337 isvi1'6
2454 3292 2663 3355 Πνεῦμα
2699 3284 2932 3357 λυπήσῃ,
3005 3282 3132 3335 ἀλλὰ
3168 3291 3227 3355 τῇ
3277 3286 3465 3357 χάριτι
3520 3280 3614 3335 διὰ
3652 3291 3840 3335 πασῶν

467 3371 892 3428 aﬂ'ectionibus
910 3371 1195 3441 consequi
1209 3371 1393 3439 digna
1410 3375 1734 3442 reputatur,
1755 3370 2069 3442 plenamqu

2241 3372 2435 3424 ῑντολῶν
2490 3376 2705 3443 γένηται
2762 3376 3055 3445 σύμφωνος,
3110 3377 3221 3425 τότε
3263 3380 3360 3433 τῆς
3416 3373 3470 3424 ἐκ
3524 3380 3619 3424 τῶν
3656 3374 3843 3425 παθῶν

468 3461 855 3531 adoptionem
886 3458 1154 3529 Spiritus,
1187 3459 1260 3513 de
1308 3475 1431 3529 qua
1460 3459 1517 3513 in
1560 3458 1845 3529 mysterio
1878 3459 2070 3513 dicitui

2243 3460 2519 3532 ἓλευθεριας
2545 3462 2727 3514 τυχεῖν
2758 3462 3119 3527 καταξιοῦται,
3170 3467 3383 3521 καὶτῆς
3422 3463 3687 3521 υἱοθεσίας
3744 3468 3845 3513 τοῦ

469 3549 703 3619 accipit,
737 3555 790 3603 et
822 3546 1156 3618 spirituales
1187 3548 1421 3603 divitias
1451 3563 1520 3602 ac
1561 3548 1939 3618 sapientiam,
1979 3564 2071 3620 qui

2243 3552 2524 3621 Ἱνεύματος
2576 3550 2847 3622 πλήρωσιν
2928 3550 3193 3623 λαμϐάνει,
3250 3554 3339 3602 καὶ
3390 3559 3485 3611 τῆς
3528 3549 3574 3601 ἐν
3632 3569 3845 3622 μυστη-

471 3652 593 3693 non
613 3644 698 3693 est
718 3637 899 3707 hujus
924 3637 1155 3701 mundi,
1178 3638 1282 3691 sed
1300 3638 1494 3706 cujus,
1520 3637 1620 3707 qui
1643 3652 1777 3691 vere
1803 3637 2073 3693 Christiai

2236 3644 2319 3710 δίῳ
2375 3638 2711 3711 λαλουμένης,
2758 3646 2846 3692 καὶ
2888 3647 2980 3692 τοῦ
3026 3647 3377 3713 πνευματικοῦ
3419 3640 3663 3704 πλούτου,
3732 3644 3838 3692 καὶ

469 3731 625 3792 sunt,
659 3727 975 3798 participes
1008 3734 1162 3781 sunt.
1219 3727 1506 3791 Quocirca
1539 3727 1595 3781 bi
1640 3726 1716 3782 ab
1743 3727 2071 3782 hominibus

2226 3735 2316 3788 τῆς
2347 3732 2600 3790 συνέσεως
2628 3737 2721 3790 τῆς
2778 3733 2849 3800 μὴ
2904 3733 3068 3790 οὔσης
3119 3736 3214 3780 τοῦ
3270 3732 3469 3800 κόσμου
3508 3732 3716 3794 τούτου,
3768 3726 3828 3788 ἧς

467 3816 569 3888 qui
595 3816 776 3887 hujus
809 3816 1017 3871 mundi
1067 3816 1337 3888 spiritum
1384 3816 1628 3881 habent,
1676 3832 1745 3870 ac
1777 3817 2069 3888 prudenti:

2226 3819 2273 3870 οἱ
2299 3821 2454 3879 ὅντως
2494 3821 2633 3880 ὄντες
2673 3823 2983 3890 Χριστιανοὶ
3031 3822 3250 3889 μέτοχοι
3289 3822 3540 3888 γίνονται.
3605 3821 3690 3870 Διό
3730 3821 3828 3870 καὶ

466 3906 783 3973 intellectu,
836 3910 891 3962 et
922 3906 1217 3977 sapientia
1263 3904 1494 3977 praediti
1547 3910 1703 3971 sunt,
1754 3921 1858 3977 per
1911 3907 2068 3961 omni

2224 3910 2428 3959 πάντων
2492 3905 2772 3981 ἀνθρώπων
2832 3916 2929 3959 τῶν
3004 3905 3229 3978 ἕχόντων
3309 3910 3366 3959 τὸ
3450 3913 3540 3958 τοῦ
3611 3910 3816 3976 κόσμου

468 3995 771 4051 differunt.
1531 3997 1541 4004 ”
2224 4003 2444 4068 πνεῦμα,
2479 4001 2753 4068 φρονίμων,
2807 4004 3049 4060 συνετῶν,
3086 4003 3277 4067 σοφῶν,
3340 3992 3484 4048 οὖτοι
3541 3995 3611 4055 εἰς
3660 3996 3844 4048 πάντα

2227 4080 2587 4159 διαφέρουσιν.

540 4207 674 4261 νιιι.
733 4208 1061 4279 Siquidem,
1112 4209 1215 4280 qui
1272 4209 1620 4280 hujusmodi
1662 4214 1766 4272 est,
1792 4225 1989 4265 omnes
2017 4210 2116 4265 ho-

2300 4207 2375 4260 lI’.
2402 4207 2461 4258 Ὀ
2482 4214 2711 4269 τοιοῦτος
2738 4209 2838 4282 γὰρ
2871 4209 3122 4270 πάντας
3158 4206 3537 4280 ἀνθρώπους
3575 4206 3848 4282 ἀνακρί-

467 4296 653 4351 mines
684 4296 1069 4365 dijudical“,
1133 4302 1193 4351 ut
1249 4300 1534 4370 scriptum
1590 4304 1714 4352 est:
1768 4299 1930 4352 novit
1959 4298 2069 4352 und

2246 4315 2334 4360 νει,
2359 4299 2495 4348 κατά
2514 4300 2570 4348 τό
2597 4301 2949 4370 γεφραμμένον
2972 4314 2982 4325 ·
3012 4302 3259 4368 γινώσκει
3277 4298 3494 4350 ἕκαστον
3520 4298 3671 4348 πόθεν
3694 4294 3848 4349 λαλεῖ

467 4384 724 4455 quisque
748 4384 1041 4455 loquatur,
1069 4391 1123 4440 et
1149 4386 1247 4439 ubi
1266 4387 1577 4451 consistat,
1597 4392 1652 4440 et
1669 4387 1727 4441 in
1750 4388 1973 4457 quibus
1992 4403 2069 4456 gr;

2246 4390 2314 4437 ιαὶ
2328 4393 2427 4437 ποῦ
2444 4387 2650 4450 ἕστηκε,
2685 4392 2772 4437 καὶ
2789 4389 2837 4438 ἐν
2858 4391 3024 4448 ποίοις
3044 4390 3248 4461 μέτροις
3267 4385 3403 4439 ἐστίν
3434 4408 3445 4419 ι
3481 4385 3634 4438 αὐτόν
3662 4382 3724 4437 δὲ
3755 4385 3848 4437 οὖ-

470 4473 648 4527 dibus
674 4473 1067 4528 constituatur
1096 4491 1107 4527 :
1144 4474 1339 4545 ipsum
1388 4491 1527 4529 vero
1576 4475 1774 4529 nullus
1798 4475 2072 4532 hominm

2249 4471 2334 4534 I‘si;
2364 4473 2643 4547 ἀνθρώπων
2672 4482 2771 4526 τῶν
2804 4475 3032 4546 ἐχόντων
3064 4480 3120 4528 τό
3152 4483 3353 4548 πνεῦμα
3383 4483 3475 4527 τοῦ
3506 4481 3735 4547 κόσμου,
3760 4496 3851 4546 γι-

471 4560 819 4616 hahentium
853 4562 1125 4633 spiritum
1160 4563 1393 4628 mundi,
1426 4579 1787 4632 cognoscere
1816 4572 1872 4619 et
1902 4566 2068 4637 dijud

2248 4568 2442 4615 ιώσκειν
2474 4569 2563 4615 καὶ
2591 4562 2877 4636 ἀνακρίνειν
2896 4562 3137 4630 δύναται,
3173 4565 3307 4636 εἰμὴ
3332 4568 3485 4637 μόνον
3517 4566 3542 4615 ὁ
3571 4567 3629 4616 τό
3661 4565 3850 4637 ὅμοιον

468 4666 604 4706 care
634 4656 849 4722 potest,
880 4650 994 4706 nisi
1023 4651 1182 4707 solus
1206 4654 1274 4716 is,
1309 4654 1408 4723 qui
1428 4652 1681 4707 similem
1716 4654 2014 4711 caelestem
2035 4656 2070 4711 d

2245 4672 2365 4723 εχων
2422 4650 2723 4724 ἐπουράνιον
2784 4662 2879 4713 τῆς
2941 4656 3179 4713 θεότητος
3227 4660 3437 4725 Πνεῦμα
3472 4658 3719 4723 γινώσκει
3752 4656 3847 4705 τόν

469 4740 736 4797 vinitatis
768 4741 1045 4813 Spiritum
1071 4741 1271 4805 habet,
1305 4742 1604 4810 cognoscit
1635 4742 1911 4809 similem,
1948 4750 2009 4799 ut
2032 4745 2071 4799 ir

2231 4743 2426 4813 ὅμοιον,
2451 4745 2514 4802 ὡς
2532 4746 2689 4812 φησὶν
2716 4742 3070 4805 όἈπόστολος
3097 4759 3109 4771 ·
3142 4749 3614 4814 Πνευματικοίς
3642 4761 3832 4794 πνευο

468 4830 945 4901 quitApOstolus:
962 4830 1390 4901 Spirilualibus
1408 4838 1823 4901 comparantes
1838 4833 2070 4900 ερὶνίιιλι

2231 4832 2475 4902 ματικά
2507 4836 2963 4904 συγκρίνοντες
2998 4852 3010 4865 θ
3051 4831 3338 4903 ψυχικὸς
3378 4828 3445 4884 δὲ
3483 4832 3824 4902 ἅνθρωπος

471 4918 574 4975 lia.
593 4920 886 4975 Animalis
911 4928 1108 4976 autem
1139 4922 1316 4976 humo
1331 4936 1451 4975 non
1478 4920 1695 4987 accipit
1721 4936 1808 4983 ea,
1836 4936 1965 4991 quae
1981 4937 2073 4977 sur

2242 4919 2298 4970 »ὁ
2332 4916 2601 4991 δέχεται
2632 4922 2705 4972 τὰ
2737 4928 2845 4972 τοῦ
2879 4924 3244 4992 Πνεῦματος
3274 4927 3384 4972 τοῦ
3417 4927 3578 4974 Θεοῦ
3618 4925 3844 4993 μωρία

470 5006 731 5077 Spiritus
760 5010 885 5075 Dei,
918 5010 1204 5080 siquidem
1227 5009 1485 5065 stultitia
1512 5010 1605 5065 illi
1631 5017 1791 5075 sunt,
1814 5026 1915 5065 nec
1930 5015 2072 5081 pote.

2231 5011 2349 5083 γὰρ
2392 5008 2555 5077 αὐτῷ
2586 5011 2780 5064 ἐστιν,
2814 5008 2872 5062 Ὁ
2905 5006 2971 5062 δὲ
3002 5013 3440 5082 πνευματικὸς
3479 5008 3823 5082 ἀνακρίνει

472 5112 841 5169 cognoscere.
867 5100 941 5152 At
960 5098 1295 5168 spiritualis
1316 5099 1615 5168 dijudicat
1634 5099 1867 5169 quidem
1888 5100 2074 5157 omnia

2232 5100 2340 5171 μὲν
2370 5099 2595 5166 πάντα,
2628 5098 2815 5159 αὐτὸς
2847 5095 2914 5151 δι
2950 5100 3045 5152 ὑπ’
3073 5094 3258 5151 οὐδεν
3283 5101 3345 5158 ὸς
3384 5098 3832 5173 ἀνακρίνεται.

468 5188 594 5256 ipse
616 5203 801 5245 veroa
827 5187 1058 5244 nemine
1082 5188 1455 5257 dijudicalur
1471 5190 1539 5241 95.
1558 5188 1863 5259 Ejusmodi
1885 5190 1986 5261 qui
2014 5204 2070 5243 es

2247 5195 2288 5240 Ο
2337 5195 2569 5250 τοιοῦτος
2620 5190 2787 5240 πάντα
2816 5191 2881 5241 τὰ
2917 5195 3009 5240 τοῦ
3048 5194 3251 5261 κόσμου
3299 5189 3587 5260 πράγματα
3624 5184 3844 5255 ἔνδοξα,

468 5294 679 5334 omnes
706 5277 915 5333 mundi
937 5293 1031 5334 res
1049 5276 1367 5349 pretiosas,
1385 5275 1648 5343 divitias,
1665 5276 1895 5344 luxum,
1913 5293 1983 5333 ac
1999 5293 2070 5333 on

2248 5276 2470 5343 πλοῦτον,
2538 5282 2627 5329 καὶ
2682 5282 2898 5350 τρυφὴν,
2958 5283 3049 5331 καὶ
3100 5284 3273 5331 πᾶσαν
3324 5275 3637 5343 ἀπόλαυσιν,
3672 5278 3850 5337 αὐτὴν

544 5564 592 5597 ⁹²
623 5564 776 5636 Gen.
801 5576 898 5627 xv,
959 5563 1033 5627 4;
1076 5579 1217 5636 xvii,
1263 5568 1315 5629 ὅ,
1353 5568 1441 5636 76;
1474 5579 1634 5625 xvm,
1692 5565 1789 5633 10;
1847 5581 1945 5630 xx,
2001 5568 2033 5621 2
2100 5578 2223 5636 seq.
2257 5568 2441 5623 xxu,l
2480 5577 2605 5636 seq.
2687 5563 2733 5598 9'
2767 5561 2912 5619 Gen.
2969 5579 3047 5633 γι,
3074 5568 3146 5629 7;
3183 5578 3274 5627 vn,
3311 5563 3335 5617 l
3371 5579 3383 5631 ;
3414 5578 3532 5629 vm,
3572 5568 3585 5617 l
3622 5580 3635 5630 ;
3678 5580 3760 5629 ix,
3801 5572 3847 5622 ι.

478 5650 603 5707 seq.
682 5634 728 5668 "
759 5635 802 5689 Ι.
836 5636 967 5689 Cor.
999 5651 1053 5699 ιι,
1089 5634 1175 5689 15.
1254 5637 1299 5671 ⁹⁵
1329 5635 1499 5701 lbid.,
1534 5639 1615 5701 14,
1654 5639 1735 5690 l5.
