4086 6194
262 274 379 331 537

1556 269 1896 330 HOMILI/E.
1939 304 2006 314 —
2049 271 2224 332 HOM.
2267 274 2363 332 1X.
3532 285 3636 341 538

262 427 320 462 τε
370 413 466 468 τήν
528 416 742 481 γνῶσιν,
800 414 888 462 καὶ
946 409 1116 460 πάντα
1176 410 1243 462 τὰ
1297 415 1388 460 τοῦ
1446 406 1630 470 αἰῶνος
1682 409 1862 460 τούτου

1982 421 2120 463 nem
2171 408 2556 480 voluptatem,
2590 410 2786 481 ipsam
2832 427 3075 484 quoque
3114 414 3538 484 cognitionem,
3579 420 3637 474 et

263 495 543 571 βδελυκτά
567 501 794 570 ἡγεῖται,
826 502 913 551 καὶ
937 499 1166 571 μισητά.

339 677 427 734 8'.
504 676 704 750 Ὠσπερ
778 678 880 752 γὰρ
935 678 960 730 6
1017 675 1316 749 φλεγόμενος
1362 681 1453 728 καὶ
1526 679 1871 748 κατεχόμενος

259 775 498 841 πυρετῷ,
545 767 665 840 ὅπερ
711 765 772 817 ἀν
801 770 1154 840 προσενέγκῃς
1211 770 1350 836 αύτῷ
1409 763 1600 840 βρῶμα
1643 767 1672 824 ἦ
1727 769 1872 836 πόμα

259 851 492 914 ἣδιστον
547 851 904 927 βδελύσσεται
957 860 1048 908 καὶ
1103 853 1402 924 ἀποϐάλλει,
1439 851 1533 906 διά
1575 858 1632 906 τὸ
1664 860 1868 927 πυρετῷ

259 945 545 1017 φλέγεσθαι
599 945 776 1010 αὐτόν,
831 950 921 998 καὶ
975 945 1060 997 ὑπ’
1120 944 1281 997 αὐτοῦ
1351 940 1591 1016 σφοδρῶς
1652 946 1871 1017 ἐνεργεῖ-

265 1035 394 1086 σθαι
437 1051 450 1062 ·

256 1127 424 1197 ρανίῳ
463 1130 558 1174 τοῦ
601 1125 894 1194 Πνεύματος
943 1125 1060 1197 ἱερῷ
1114 1127 1205 1175 καὶ
1257 1131 1424 1196 σεμνῷ
1455 1125 1618 1194 πόθῳ,
1659 1127 1748 1175 καὶ
1797 1129 1868 1191 τῷ

257 1215 411 1284 ἔρωτι
461 1219 558 1275 τῆς
612 1211 820 1284 ἀγάπης
866 1219 960 1265 τοῦ
1009 1221 1142 1266 Θεοῦ
1202 1217 1291 1270 τὴν
1343 1212 1531 1285 ψυχὴν
1571 1215 1862 1286 τρωθέντες,

256 1306 348 1354 καὶ
402 1309 475 1371 τῷ
523 1303 641 1372 θείῳ
684 1307 775 1354 καὶ
820 1300 1108 1376 ἐπουρανίῳ
1151 1306 1292 1377 πυρὶ,
1336 1302 1360 1353 6
1401 1303 1426 1353 6
1475 1304 1662 1376 Κύριος
1702 1300 1750 1353 ἐν
1803 1308 1863 1374 τῇ

253 1398 321 1462 γῇ
372 1387 498 1447 ἦλθε
539 1389 738 1462 βαλεῖν,
791 1397 882 1444 καὶ
913 1391 1044 1444 θελει
1088 1390 1136 1442 έν
1176 1393 1331 1462 τάχει
1383 1390 1692 1463 ἀναφθῆναι,
1747 1409 1868 1463 σφο-

494 1037 582 1086 τόν
623 1033 780 1086 αὐτόν
818 1039 1008 1108 τρόπον
1055 1039 1145 1086 καὶ
1183 1036 1232 1086 οἱ
1271 1033 1567 1106 φλεγόμενοι
1605 1041 1676 1104 τῷ
1720 1036 1871 1084 ἐπου-

253 1476 400 1552 δρὼς
447 1479 820 1554 ἕνεργούμενοι,
865 1485 956 1533 καὶ
999 1481 1321 1552 ἐκκαιόμενοι
1375 1481 1446 1542 εἰς
1503 1484 1590 1532 τόν
1631 1480 1867 1553 ούράνιον

252 1577 349 1621 τοῦ
408 1577 644 1644 Χριστοῦ
692 1572 872 1636 πόθον,
927 1574 996 1632 ὡς
1051 1575 1377 1643 προείρηται,
1435 1571 1606 1622 πάντα
1661 1573 1726 1622 τά
1777 1577 1866 1622 τοῦ

258 1659 448 1720 αἰῶνος
525 1655 709 1722 ἔνδοξα
782 1662 989 1727 τούτου,
1065 1664 1156 1711 καὶ
1219 1664 1390 1731 τίμια,
1454 1658 1726 1715 ἀπόϐλητα
1777 1663 1866 1710 καὶ

1982 510 2185 552 omnia
2201 513 2334 569 quae
2365 503 2501 555 sunt
2525 499 2706 570 hujus
2737 501 2954 566 saeculi,
2988 503 3359 560 exsecranda
3389 505 3556 562 ducit
3579 511 3636 562 et.

1982 584 2122 640 odio
2153 586 2360 655 digna.

2054 674 2141 729 IX.
2175 674 2702 742 Quemadmodum
2721 679 2879 734 enim
2905 681 3006 751 qui
3027 681 3261 737 ardenti
3291 681 3440 738 febri
3469 682 3636 739 labo-

1980 767 2092 828 rat,
2123 779 2548 835 quemcunque
2578 767 2629 821 ei
2677 765 2895 822 offeras
2928 769 3130 825 cibum
3163 775 3264 826 aut
3303 778 3537 841 potum,
3572 772 3631 828 id

1981 851 2259 921 quamvis
2316 854 2769 918 suavissimum,
2804 854 3188 914 abominatur
3217 876 3286 915 ac
3317 861 3532 927 renuit,
3560 877 3633 917 eo

1979 941 2145 1010 quod
2173 940 2319 996 febri
2351 942 2762 999 inﬂammatus
2793 945 2870 999 ab
2916 961 2988 1000 ea
3019 947 3189 1002 valde
3234 956 3582 1006 exerceatur
3615 967 3630 1005 :

1979 1028 2192 1084 eodem
2217 1031 2420 1096 modo,
2453 1033 2556 1103 qui
2575 1032 2826 1103 Spiritus
2859 1035 3114 1089 ccelestis
3145 1043 3354 1092 sancto
3371 1054 3440 1093 ac
3459 1055 3632 1094 vene-

1978 1117 2151 1173 rabili
2181 1117 2480 1177 desiderio
2527 1120 2784 1187 accensi,
2821 1138 3027 1178 amore
3067 1123 3401 1181 dilectionis
3432 1127 3529 1181 Dei
3570 1129 3631 1183 in

1979 1206 2184 1262 anima
2215 1207 2492 1273 sauciati,
2524 1225 2590 1264 ac
2621 1210 2830 1266 divino
2868 1211 3213 1283 caelestique
3261 1213 3418 1286 igne,
3448 1230 3632 1286 quem

1981 1293 2571 1352 Dominusinterram
2589 1298 2880 1354 missurus
2903 1300 3066 1356 venit
3090 1303 3158 1366 9‘,
3184 1302 3424 1374 vultque
3471 1303 3631 1359 velo-

1979 1384 2120 1438 citer
2168 1385 2436 1449 accendi,
2463 1387 2842 1444 vehementer
2879 1390 3098 1446 incitati
3139 1407 3152 1457 ;
3185 1397 3365 1462 atque
3410 1392 3632 1448 caelesti

1977 1472 2274 1529 desiderio
2319 1475 2527 1530 Christi
2575 1478 2809 1531 accensi
2862 1485 3022 1543 sunt,
3057 1481 3283 1545 omnia,
3317 1487 3378 1537 ut
3404 1482 3630 1538 dictum

1979 1568 2083 1625 est,
2107 1579 2242 1634 quae
2275 1571 2416 1618 sunt
2447 1564 2506 1619 in
2541 1565 2652 1621 hoc
2683 1567 2902 1622 saeculo
2932 1569 3218 1639 praeclara
3248 1586 3318 1626 ac
3343 1571 3629 1642 pretiosa,

1975 1653 2351 1723 repudianda
2373 1661 2429 1708 et
2459 1654 2598 1710 odio
2629 1655 2813 1725 digna
2838 1662 3136 1729 reputant,
3160 1666 3402 1730 propter
3428 1660 3631 1731 ignem

250 1751 469 1820 μισητά
505 1748 828 1819 λογίζονται,
881 1745 976 1800 διά
1022 1752 1080 1800 τὸ
1123 1756 1215 1809 τῆς
1261 1747 1470 1820 ἀγάπης
1498 1757 1587 1802 τοῦ
1632 1755 1862 1822 Χριστοῦ

1981 1740 2307 1796 dilectionis
2347 1743 2576 1811 Christi,
2599 1745 2703 1816 qui
2746 1746 3116 1816 constringit,
3143 1748 3416 1803 accendit
3451 1754 3506 1804 et
3547 1749 3632 1804 in-

247 1846 383 1911 πῦρ,
426 1842 485 1889 τὸ
528 1842 748 1908 συνέχον
803 1843 892 1890 καὶ
949 1835 1174 1905 ἕκκαῖον,
1215 1843 1306 1890 καὶ
1350 1839 1528 1910 φλέγον
1569 1838 1759 1899 αύτούς
1799 1847 1860 1910 τῇ

243 1931 384 2000 πρὸς
413 1931 498 1978 τόν
539 1933 666 1979 Θεόν
707 1923 967 1991 διαθέσει,
1007 1931 1098 1979 καὶ
1137 1934 1248 1988 τοῖς
1287 1930 1614 2002 ὶπουρανίοις
1653 1928 1865 1999 ἀγαθοῖς

252 2025 350 2076 τῆς
392 2015 603 2087 ἀγάπης
632 2033 644 2044 ·
689 2015 742 2078 ἐξ
776 2016 840 2078 ἧς
879 2014 1084 2088 ἀγάπης
1125 2013 1276 2069 οὐδὲν
1318 2025 1417 2069 τῶν
1463 2017 1797 2090 ἐπουρανίων,
1832 2019 1860 2076 ᾖ

246 2104 517 2176 ἐπιγείων,
550 2105 579 2163 ἦ
617 2106 982 2176 καταχθονίων
1014 2110 1253 2176 χωρίσαι
1287 2101 1574 2164 δυνήσεται
1599 2109 1817 2168 τούτους
1849 2123 1861 2136 ⁸

253 2197 439 2256 καθὼς
497 2195 522 2245 6
579 2192 863 2254 ἀπόστολος
919 2192 1250 2270 ἐμαρτύρησα
1325 2195 1544 2266 Παῦλος,
1605 2197 1685 2248 ὅτι
1757 2201 1866 2258 Τίς

1975 1829 2248 1886 ﬂammat
2273 1847 2374 1886 eos
2402 1831 2712 1888 affectione
2732 1835 2850 1899 Dei,
2883 1835 3301 1891 etcmlestibus
3333 1837 3506 1892 bonis
3540 1838 3633 1893 di-

1975 1919 2261 1974 lectionis.
2288 1923 2329 1974 A
2359 1937 2481 1994 qua
2506 1921 2754 1994 quidem
2797 1923 2962 1988 nihil,
2995 1924 3119 1979 sive
3154 1931 3474 1992 terrenum,
3509 1928 3630 1983 sive

1978 2008 2440 2065 subterraneum
2492 2011 2584 2074 sit,
2614 2027 2715 2066 eos
2747 2013 3262 2083 separabit:sicut
3315 2015 3628 2086 apostolus

1978 2099 2196 2153 Paulus
2223 2104 2498 2154 testatum
2531 2099 2684 2168 fecit,
2720 2100 2943 2156 scilicet
2977 2121 2989 2160 :
3028 2102 3166 2170 Quis
3192 2118 3299 2160 nos
3324 2105 3630 2174 separabit

1976 2201 2013 2242 a
2043 2187 2340 2243 caumate
2375 2186 2601 2244 Christi
2621 2189 2668 2224 97
2694 2189 2722 2245 ?
2744 2195 2800 2245 et
2829 2205 2965 2262 qua»
2994 2197 3355 2263 sequuntur.

257 2285 429 2356 ἡμᾶς
479 2289 772 2358 χωρίσει
841 2282 960 2336 ἀπὸ
1013 2292 1122 2344 τῆς
1176 2283 1438 2356 ἀγάπης
1505 2293 1620 2337 τοῦ
1674 2293 1866 2359 Χρισ-

257 2381 377 2426 τοῦ
410 2391 424 2441 ;
454 2377 545 2424 καὶ
575 2375 642 2425 τά
666 2372 802 2436 ἑξῆς.

2047 2492 2106 2545 Χ.
2142 2491 2587 2548 Possessionem
2636 2508 2778 2548 vero
2821 2509 2944 2548 suae
2989 2493 3231 2561 animae,
3273 2499 3327 2550 et
3376 2495 3630 2568 Spiritus

1972 2580 2223 2635 caelestis
2245 2580 2576 2636 dilectionis
2606 2597 2726 2637 non
2755 2583 3044 2652 contingit
3077 2585 3427 2656 quempiam
3465 2586 3632 2642 inve-

1971 2671 2116 2733 nire,
2147 2670 2258 2724 nisi
2285 2671 2362 2726 ab
2393 2671 2700 2740 omnibus,
2737 2688 2875 2743 quae
2920 2680 3057 2727 sunt
3087 2673 3267 2743 hujus
3314 2675 3537 2740 saeculi,
3569 2690 3630 2730 se

1969 2757 2168 2828 ipsum
2201 2758 2524 2824 abstrahat,
2553 2760 2996 2830 etindagationi
3021 2761 3324 2818 charitatis
3339 2763 3548 2819 Christi
3566 2779 3630 2818 se

1970 2845 2172 2917 ipsum
2212 2847 2426 2913 tradat,
2471 2863 2542 2903 ac
2572 2848 2651 2904 ab
2696 2850 2983 2905 omnibus
3031 2852 3250 2906 crassis
3281 2858 3337 2907 et
3361 2856 3630 2909 terrenas

238 2950 637 3017 περισπασμῶν
679 2943 873 3013 γηΐνων
905 2943 930 2994 ὁ
978 2949 1096 3003 νοῦς
1139 2944 1281 3002 ἐκτός
1327 2946 1563 3014 γένηται,
1616 2944 1698 2994 ἳνα
1739 2948 1858 3016 περὶ

1981 2937 2150 2990 rebus
2191 2951 2360 2991 mens
2395 2937 2602 3007 procul
2625 2936 2820 3005 absit;
2855 2944 2916 2993 ut
2955 2939 3114 2994 circa
3153 2956 3339 2996 unum
3373 2957 3629 3012 scopum

237 3037 337 3084 τόν
369 3031 455 3084 ἱνα
487 3034 681 3085 σκοπόν
711 3031 826 3094 ὅλος
856 3030 1234 3103 ἀσχοληθῆναι
1269 3027 1497 3105 δυνηθῇ,
1531 3029 1625 3084 διὰ
1675 3041 1857 3085 πασῶν

1981 3030 2127 3080 totus
2161 3031 2430 3096 satagere
2455 3025 2780 3097 possit,per
2794 3025 3001 3082 omnia
3029 3027 3464 3099 praaceptahaec
3477 3030 3630 3085 bene

245 3120 471 3174 ἄπολῶν
521 3128 688 3174 ταῦτα
728 3121 1075 3186 κατευθύνων,
1133 3120 1215 3172 ἵνα
1255 3119 1344 3178 ὅλη
1400 3122 1429 3178 ἠ
1483 3124 1725 3194 μέριμνα,
1771 3127 1860 3174 καὶ

1981 3113 2248 3183 dirigens,
2291 3121 2352 3170 ut
2409 3113 2608 3169 omnis
2647 3131 2809 3185 cura,
2859 3116 3183 3186 inquisitio,
3220 3116 3524 3172 distractio
3571 3120 3630 3172 et

243 3211 280 3268 ἡ
333 3211 584 3274 ζήτησις,
632 3214 722 3262 καὶ
767 3210 793 3261 ό
841 3211 1226 3283 περισπασμός,
1283 3214 1372 3262 καὶ
1419 3210 1449 3268 ἡ
1498 3207 1731 3281 ἀσχολία
1771 3220 1862 3272 τῆς

1981 3203 2286 3275 accupatio
2315 3204 2610 3259 animaain
2641 3203 3060 3273 investiganda
3079 3204 3455 3261 intellectuali
3484 3205 3631 3262 sub-

243 3299 448 3371 ψυχῆς
492 3303 611 3372 περὶ
661 3303 754 3357 τὴν
808 3301 1012 3373 ἔρευναν
1066 3305 1157 3358 τῆς
1201 3304 1380 3372 νοερᾶς
1428 3298 1609 3360 ούσίας
1658 3296 1712 3370 ᾖ,
1756 3308 1862 3361 πῶς

1981 3294 2186 3351 stantia
2209 3293 2452 3360 haereat,
2480 3294 2793 3365 quomodo
2819 3310 2957 3358 eam
2973 3295 3172 3350 ornari
3195 3300 3630 3368 oporteatpraa-

247 3389 426 3446 αὐτὴν
477 3390 813 3459 κοσμηθῆναι
843 3384 927 3440 δεῖ
978 3395 1089 3448 ταῖς
1132 3395 1231 3440 τῶν
1260 3386 1451 3462 ἀρετῶν
1500 3389 1741 3455 ἐντολαῖς,
1773 3396 1862 3444 καὶ

1981 3384 2158 3454 neptis
2189 3384 2498 3448 virtutum,
2531 3383 2832 3438 accmlesti
2866 3384 3116 3454 Spiritus
3167 3390 3477 3450 ornatu,et
3498 3401 3630 3457 par-

247 3476 326 3550 τῷ
383 3479 668 3550 επουρανίῳ
706 3484 796 3529 τοῦ
842 3475 1152 3549 Πνεύματος’
1190 3481 1394 3549 κόσμῳ,
1445 3483 1535 3530 καὶ
1573 3487 1635 3552 τῇ
1686 3499 1862 3532 κοινω-

1981 3473 2318 3544 ticipatione
2344 3474 2614 3543 puritatis
2640 3478 2696 3528 et
2734 3471 3223 3528 sanctiﬁcationis
3281 3474 3492 3531 Christi
3522 3491 3534 3530 :
3567 3480 3631 3531 ut

247 3571 344 3638 νίᾳ
407 3574 503 3628 τῆς
551 3574 646 3618 τοῦ
720 3562 958 3640 Χριστοῦ
1013 3569 1374 3640 καθαρότητος
1429 3572 1519 3620 καὶ
1572 3568 1859 3642 ἀγιασμοῦ,

1981 3563 2090 3633 36
2108 3563 2244 3633 quis
2276 3563 2563 3617 omnibus
2600 3561 2941 3618 valedicens
2974 3563 3301 3636 omniaque
3331 3579 3536 3621 crassa
3557 3581 3628 3621 ac

254 3657 344 3708 ἶνα
427 3674 506 3716 τις
576 3660 741 3708 πᾶσιν
807 3654 1215 3727 ἀποταξάμενος,
1290 3661 1380 3708 καὶ
1447 3659 1620 3709 πάντα
1678 3657 1862 3710 ἑαυτοῦ

1981 3657 2203 3707 terrena
2218 3650 2630 3721 impedimenta
2643 3667 3016 3717 resecans,ac
3029 3653 3286 3708 carnalis
3301 3652 3628 3709 dilectionis

249 3743 550 3815 περικόψας
597 3746 664 3796 τά
690 3753 784 3806 τῆς
822 3744 946 3804 ῦλης
992 3750 1082 3796 καὶ
1125 3753 1224 3815 γῆς
1259 3743 1510 3816 ἐμπόδια,
1552 3751 1642 3798 καὶ
1684 3765 1862 3821 σαρκι-

1981 3745 2079 3795 aut.
2104 3738 2432 3795 affectionis
2463 3754 2606 3809 erga
2639 3746 2914 3810 parentes
2929 3756 2998 3796 ac
3013 3747 3302 3809 cognatos
3316 3757 3526 3811 expers
3542 3742 3630 3797 fa-

250 3841 356 3894 κῆς
439 3831 660 3904 ἀγάπης,
727 3831 758 3890 ἣ
817 3834 1174 3904 προσπαθείας
1247 3837 1456 3904 γονέων,
1514 3835 1544 3893 ἦ
1604 3843 1862 3906 συγγενῶν

1981 3834 2124 3894 ctus,
2159 3828 2302 3883 nulli
2337 3827 2504 3883 alteri
2538 3827 2620 3883 rei
2646 3828 2940 3882 concedat
2960 3828 3228 3883 animam
3267 3845 3501 3894 vacare,
3526 3834 3629 3885 aut

244 3920 409 3981 ἐκτὸς
458 3926 740 3993 γενόμενος,
797 3920 847 3972 ἕν
914 3920 1106 3992 μηδενὶ
1181 3921 1330 3995 ἑτέρῳ
1406 3929 1740 3996 συγχωρήσῃ
1792 3931 1862 3995 τῷ

1981 3933 2045 3974 ea
2069 3917 2316 3972 distrahi
2350 3933 2363 3972 :
2398 3917 2676 3972 velutaut
2707 3916 2999 3985 regnandi
3021 3917 3350 3987 cupiditati,
3381 3922 3484 3972 aut
3503 3917 3628 3988 glo-

240 4012 446 4065 ἑαὺτοῦ
495 4018 563 4081 νῷ
615 4010 1006 4082 ἀσχοληθῆναι,
1067 4011 1096 4070 ἢ
1155 4013 1606 4087 περισπασθῆναι,
1662 4013 1766 4064 οἷον
1832 4013 1862 4070 ἢ

1981 4007 2095 4072 riae,
2125 4010 2230 4061 aut
2255 4005 2586 4061 honoribus
2612 4010 2714 4060 aut
2737 4004 3011 4060 amicitiis
3031 4005 3374 4062 carnalibus
3392 4007 3623 4072 mundi,

238 4099 430 4173 ἀρχῇ,
468 4098 497 4156 ἢ
533 4095 686 4171 δόξῃ,
715 4100 744 4158 ἡ
779 4106 978 4171 τιμαῖς,
1021 4100 1051 4158 ἦ
1101 4099 1292 4171 φιλίαις
1325 4108 1601 4176 σαρκικαίς
1640 4104 1862 4173 κόσμου,

1981 4101 2076 4152 aut
2123 4094 2251 4149 aliis
2293 4093 2665 4166 quibusdam
2709 4094 2866 4148 curis
2899 4094 3184 4160 terrenis;
3215 4109 3276 4148 se
3306 4099 3464 4149 totus
3495 4111 3623 4150 om-

240 4191 274 4247 ἣ
353 4187 551 4261 ἑτέραις
599 4191 708 4240 τισὶ
758 4191 1000 4263 φροντίσι
1053 4190 1282 4260 γηῖναις,
1323 4189 1432 4242 ἀλλ’
1479 4190 1593 4251 ὅλος
1641 4189 1694 4252 ἐξ
1747 4189 1862 4242 ὅλου

1981 4186 2116 4240 nino
2143 4185 2200 4239 in
2228 4182 2577 4252 indaganda
2605 4181 2982 4238 intellectuali
3025 4181 3355 4238 substantia
3408 4183 3626 4240 animas

238 4281 378 4352 περὶ
425 4281 519 4335 τὴν
559 4277 778 4338 ζήτησιν
817 4285 915 4339 τῆς
961 4285 1141 4353 νοερᾶς
1179 4278 1366 4340 ούσίας
1403 4288 1499 4341 τῆς
1542 4279 1726 4352 ψυχῆς
1772 4284 1862 4338 τὴν

1981 4289 2180 4330 curam
2211 4277 2268 4328 et
2291 4272 2561 4328 laborem
2577 4272 2814 4327 animus
2834 4271 3140 4343 suscipiat,
3173 4271 3300 4326 etin
3319 4287 3422 4344 spe
3445 4277 3627 4345 atque

237 4372 510 4440 μριμναν
561 4373 650 4419 καὶ
697 4365 872 4437 θλίψιν
911 4367 937 4418 6
975 4374 1093 4429 νοῦς
1155 4365 1404 4440 ἀναλάϐῃ,
1453 4373 1542 4420 καὶ
1589 4376 1650 4440 τῇ
1703 4387 1862 4441 προσ-

1981 4362 2409 4435 exspectatione
2436 4361 2725 4417 adventus
2757 4359 3029 4432 Spiritus,
3065 4363 3225 4416 totus
3246 4362 3496 4417 omnino
3524 4376 3627 4433 pa-

242 4453 422 4526 δοκίᾳ
467 4460 556 4508 καὶ
594 4456 818 4529 ἀναμονῇ
866 4464 962 4519 τῆς
1012 4464 1105 4509 τοῦ
1145 4459 1448 4530 Πνεύματος
1493 4460 1862 4530 ἐπιφοιτήσεως

1981 4453 2122 4508 tiens
2153 4453 2261 4507 sit:
2293 4451 2810 4524 quemadmodum
2837 4449 2918 4504 ait
2940 4450 3228 4505 Dominus
3261 4466 3272 4504 :
3305 4450 3374 4506 In
3397 4452 3625 4520 patien-

239 4543 374 4604 ὅλος
427 4543 480 4606 ἑξ
508 4544 625 4596 ὅλου
663 4546 914 4620 ὑπομένῃ,
949 4548 1116 4607 καθώς
1146 4564 1306 4618 φησιν
1337 4547 1362 4598 6
1391 4549 1576 4621 Κύριος
1609 4564 1621 4576 °
1657 4547 1744 4600 Ἐν
1782 4555 1857 4620 τῇ

1981 4545 2054 4598 tia
2085 4545 2280 4598 vestra
2303 4539 2654 4611 possideatis
2686 4541 2919 4594 animas
2934 4545 3160 4595 vestras
3178 4537 3244 4593 θ’.
3275 4539 3621 4594 Etrursum:

239 4634 552 4706 ὑπομονῇ
606 4635 785 4706 ὑμῶν
840 4637 1192 4694 κτήσασθε
1229 4638 1344 4696 τὰς
1382 4635 1608 4707 ψυχὰς
1644 4637 1856 4708 ὑμῶν’

1981 4631 2229 4698 Quaerite
2251 4629 2512 4699 primum
2543 4644 2793 4698 regnum
2822 4628 2948 4695 Dei,
2981 4635 3033 4684 et
3079 4628 3206 4684 hac
3236 4628 3439 4684 omnia
3467 4629 3622 4698 adji-

237 4726 344 4773 καὶ
380 4721 876 4780 πάλινοΖητεῖτε
931 4728 1043 4782 τὴν
1099 4721 1447 4797 βασιλείαν
1503 4731 1616 4776 τοῦ
1671 4731 1856 4791 Θεοῦ,

1981 4721 2202 4776 cientur
2233 4719 2393 4776 vobis
2424 4720 2494 4773 π.

238 4814 365 4863 καὶ
418 4817 613 4864 ταῦτα
653 4814 859 4865 πάντα
905 4815 1437 4885 προστεθήσεται
1493 4814 1677 4886 ὑμῖν.

347 2496 410 2550 l’.
465 2499 572 2554 Τὴν
622 2492 680 2548 δε
730 2503 917 2553 κτῆσιν
987 2503 1077 2556 τῆς
1129 2495 1310 2548 ἑαυτοῦ
1361 2495 1569 2567 ψυχῆς,
1625 2501 1715 2549 καὶ
1772 2505 1862 2558 τῆς

256 2585 574 2657 ἐπουρανίου
626 2592 716 2637 τοῦ
768 2588 1068 2656 Πνεῦματος
1135 2585 1360 2655 ἀγάπης,
1429 2585 1522 2637 οῦκ
1588 2583 1860 2658 ἐνδέχεταί

249 2694 375 2727 τινα
428 2676 612 2750 εύρεῖν,
658 2673 744 2725 ἐὰν
787 2679 856 2746 μη
909 2677 1113 2727 πάντων
1152 2683 1252 2726 τῶν
1305 2682 1395 2726 τοῦ
1445 2674 1628 2736 αἰῶνος
1675 2680 1859 2729 τούτου

243 2763 436 2817 ἑαυτὸν
484 2761 851 2836 ἀλλοτριώσας,
904 2767 1035 2836 πρὸς
1083 2768 1170 2822 τὴν
1223 2764 1448 2825 ζήτησιν
1499 2773 1594 2826 τῆς
1651 2763 1860 2836 ἀγάπης

242 2861 343 2906 τοῦ
397 2860 635 2928 Χριστοῦ
690 2852 872 2905 ἑαυτὸν
925 2849 1113 2923 ἕπιδῷ,
1164 2857 1254 2905 καὶ
1293 2862 1474 2906 πασῶν
1529 2853 1718 2905 ύλικῶν
1769 2859 1858 2906 καὶ

2040 4934 2126 4990 XI.
2161 4933 2309 4988 Fieri
2342 4936 2541 4988 autem
2573 4934 2786 5002 potest,
2813 4933 2873 4986 ut
2903 4929 3038 5002 quis
3071 4930 3156 4987 sic
3197 4929 3531 4994 decertans,
3565 4933 3623 4987 et

1967 5027 2250 5081 continuo
2289 5023 2400 5078 sibi
2444 5020 2779 5085 attendens,
2813 5019 2934 5074 sive
2966 5019 3026 5073 in
3075 5018 3370 5090 precibus,
3405 5018 3530 5074 sive
3558 5019 3620 5074 in

1967 5112 2280 5185 obsequio,
2296 5117 2417 5166 sive
2432 5112 2489 5164 in
2501 5125 2680 5180 Opere
2693 5123 3057 5180 quocunque
3072 5107 3406 5163 secundum
3426 5110 3611 5164 Deum

1968 5201 2354 5276 perficiendo,
2367 5199 2642 5255 tenebras
2654 5195 3087 5252 malitiosorum
3105 5196 3455 5251 dmmonum
3472 5195 3617 5251 effu-

1966 5307 2103 5364 gere
2130 5290 2333 5362 possit.
2367 5289 2617 5343 Animus
2656 5287 2837 5354 enim,
2863 5301 2964 5357 qui
2990 5301 3026 5340 a
3057 5284 3149 5340 sui
3203 5285 3618 5357 persecutione

1964 5387 2020 5438 et
2040 5379 2423 5449 indagatione
2452 5375 2688 5432 Domini
2729 5391 2850 5431 non
2880 5375 3124 5440 desistit,
3146 5373 3415 5430 animam
3444 5389 3616 5429 suam

1964 5468 2268 5543 possidere
2295 5471 2648 5540 potest,quaa
2665 5463 2849 5522 animi
2864 5468 3061 5521 motus
3073 5463 3436 5536 pedetentim
3449 5461 3622 5529 amit-

317 4933 428 4990 IA'.
483 4941 684 4990 Γένοιτο
738 4934 816 5004 δὲ,
875 4937 958 4991 ἵνα
1012 4938 1148 4992 οὕτω
1199 4959 1280 5000 τις
1332 4937 1713 5010 ἀγωνιζόμενος
1768 4944 1857 4992 καὶ

236 5027 472 5080 πάντοτε
526 5025 806 5100 προσέχων
859 5025 1047 5098 ἐαυτῷ,
1119 5031 1217 5080 εἴτε
1261 5031 1309 5080 ἐν
1367 5029 1594 5100 ὑπακοῇ,
1649 5032 1750 5081 εἴτε
1807 5027 1856 5080 ἐν

237 5119 386 5189 ἔργῳ
423 5111 719 5186 οἱῳδηποτε
757 5119 894 5168 κατά
945 5121 1072 5171 Θεὸν
1110 5121 1381 5189 γινομένῳ,
1441 5121 1495 5170 τό
1533 5122 1718 5180 σκότος
1756 5126 1856 5170 τῶν

238 5211 490 5278 πονηρῶν
535 5199 796 5276 δαιμόνων
842 5203 1124 5278 ἀποφυγεῖν
1185 5201 1410 5277 δυνηθῇ.
1471 5205 1528 5257 Ὀ
1583 5208 1684 5280 γὰρ
1743 5213 1856 5266 νοῦς

236 5301 342 5353 τῆς
392 5291 577 5345 ἑαυτοῦ
628 5291 850 5366 ἐρεύνης,
891 5300 981 5348 καὶ
1034 5302 1121 5356 τῆς
1167 5298 1300 5368 πρὸς
1358 5297 1547 5368 Κύριον
1589 5297 1856 5359 ζητήσεως

239 5382 399 5444 ἐκτός
449 5386 520 5454 μὴ
579 5386 866 5456 γινόμενος,
919 5388 1013 5443 τὴν
1071 5383 1256 5438 ἑαυτοῦ
1313 5383 1499 5457 ψυχὴν
1555 5385 1854 5444 κτήσασθαι

242 5468 479 5526 δύντααι
529 5466 691 5525 οὖσαν
740 5470 788 5524 ἕν
843 5472 1074 5547 ἀπωλείᾳ
1123 5475 1324 5541 παθῶν,
1357 5483 1430 5546 τῷ
1481 5477 1611 5547 πρὸς
1662 5475 1852 5547 Κύριον

320 5677 372 5713 ’⁸
403 5678 548 5760 _Luc.
569 5694 670 5745 xu,
702 5677 790 5735 49.
888 5679 933 5716 ⁸⁷
969 5681 1138 5738 Rom.
1171 5680 1288 5748 vin,
1307 5682 1395 5738 35.
1501 5679 1548 5716 ’⁸
1571 5679 1708 5737 Luc.
1741 5693 1862 5747 ιιι,

1981 5717 1990 5731 .
2095 5677 2142 5712 9°
2173 5673 2373 5732 Matth.
2405 5688 2485 5744 v1,
2517 5669 2606 5728 33.
