4086 6194
226 221 313 278 541
1474 212 1817 275 HOMILUE.
1861 243 1928 257 —
1970 212 2145 271 HOM.
2187 213 2255 270 X.

3460 219 3563 279 542

206 354 286 403 τὸν
332 352 563 423 Χριστόν
606 345 933 402 ἐνδύσασθαι
972 346 1020 400 ἂν
1064 347 1224 420 πολλῇ
1273 343 1447 399 ἑλπίδι
1490 351 1579 399 καὶ
1622 349 1801 397 πίστει

1925 346 2070 401 stum
2132 342 2378 399 induere
2433 343 2494 399 in
2538 342 2725 401 multa
2772 359 2878 416 spe
2921 348 2979 401 et
3024 344 3141 403 ﬁde
3197 347 3563 419 desiderant,

207 441 563 503 ἓπιποθοῦσαι,
650 446 743 499 τῆς
829 438 953 511 παρ’
1042 437 1221 510 ἑτέρων
1310 438 1651 509 ὑπομνήσεως
1742 433 1801 485 ού

203 536 443 581 τοσοῦτον
499 528 821 600 χρῄζουσιν,
877 530 994 581 οὔτε
1047 534 1138 579 τοῦ
1185 527 1429 599 οὐρανίου
1481 527 1661 590 πόθον,
1712 527 1802 575 καὶ

206 626 292 671 τοῦ
348 621 476 693 πρὸς
538 620 724 691 Κύριον
785 620 989 689 ἔρωτος,
1048 617 1142 669 κᾶν
1208 617 1288 670 ἐπὶ
1349 620 1511 669 πόσον
1568 613 1805 666 ἐλαττοῦ-

208 709 326 760 σθαι
372 708 716 779 ύπομίνωσιν,
768 705 877 759 ἀλλ’
919 706 1032 763 ,ὅλαι
1085 706 1138 770 ἐξ
1185 707 1302 759 ὃλου
1351 713 1423 777 τῷ
1471 710 1679 773 σταυρῷ
1712 708 1803 754 τοῦ

207 804 434 869 Χριστοῦ
486 796 905 868 προσηλωμναι,
958 799 1089 872 πρὸς
1141 800 1226 849 τόν
1280 798 1626 868 πνευματικὸν
1678 812 1803 863 νυμ-

207 891 331 957 φίον,
386 888 645 962 ὁσημέραι
719 894 1073 958 πνευματικῆς
1145 893 1415 961 προκοπῆς
1472 884 1520 936 ἐν
1596 883 1805 942 ἑαυταῖς

208 976 449 1032 αἴσθησιν
498 975 929 1045 ἐπιγινώσκουσι.
974 979 1295 1047 Τετρωμίναι
1343 970 1403 1026 δι
1452 980 1526 1044 τῷ
1580 971 1803 1044 οὐρανίῳ

207 1066 341 1135 πόθῳ
364 1068 455 1116 xui
486 1062 816 1117 ἕκπεινοῦσαι
844 1068 960 1139 περὶ
1007 1069 1101 1124 τήν
1151 1060 1493 1121 δικαιοσύνην
1546 1070 1645 1114 τῶν
1689 1059 1803 1135 ἁρε-

208 1160 315 1217 τῶν,
358 1157 445 1210 τὴν
489 1151 743 1224 ἔκλαμψιν
785 1160 879 1206 τοῦ
921 1156 1213 1226 πνεύματος
1252 1156 1301 1206 ἓν
1344 1154 1597 1225 ἑπιθυμίᾳ
1638 1149 1797 1222 πολλῇ

208 1246 288 1294 καὶ
315 1240 581 1315 ἁκορίστῳ
613 1245 849 1314 ἔχουσιν.
894 1242 953 1297 Εἰ
985 1239 1044 1295 δὲ
1074 1248 1164 1296 xui
1197 1244 1341 1295 θείων
1373 1244 1677 1315 μυστηρίων
1710 1235 1804 1291 διὰ

207 1338 290 1392 τῆς
364 1337 591 1392 πίστεως
664 1332 831 1384 αὐτῶν
900 1331 1177 1403 ἐπίγνωσιν
1250 1331 1421 1384 λαϐεῖν
1511 1331 1798 1394 ἀξιοῦνται,

208 1422 297 1472 εἴτε
360 1424 449 1473 καὶ
518 1420 837 1494 εὐφροσύνης
907 1420 1215 1497 ἕπουρανίου
1288 1423 1513 1494 χάριτος
1582 1424 1803 1491 μέτοχοι

204 1513 485 1580 γίγνονται,
548 1510 606 1562 ού
662 1513 975 1564 πεποίθασιν
1022 1514 1071 1563 ἓν
1132 1511 1341 1572 ἑαυταῖς
1392 1510 1621 1583 οἰόμεναι
1674 1505 1802 1562 εἶναί

205 1618 269 1664 τι,
336 1598 447 1651 ἀλλ’
504 1598 626 1652 ὅσον
682 1609 1039 1672 πνευματικῶν
1094 1602 1445 1673 χαρισμάτων
1501 1598 1803 1661 καταξιοῦν·

206 1706 303 1753 ται,
351 1695 604 1741 τοσοῦτον
650 1688 839 1761 μᾶλλον
893 1689 1179 1764 ἁκορίστως
1226 1692 1453 1761 ἔχουσαι
1507 1696 1599 1741 τοῦ
1652 1688 1805 1759 ούρα-

206 1781 308 1828 νίου
340 1779 528 1842 πόθου,
555 1780 787 1850 ὶμπόνως
828 1780 1140 1841 ἐπιζητοῦσι
1164 1799 1176 1812 ·
1211 1785 1299 1833 xui
1325 1781 1445 1832 ὅσον
1484 1780 1545 1831 ἄν
1574 1774 1805 1848 πνευμᾶ-

205 1874 349 1929 τικῆς
392 1875 665 1939 προκοπῆς
693 1867 742 1920 ἕν
790 1868 997 1929 ἑαυταῖς
1052 1871 1302 1926 αἰσθησιν
1351 1866 1572 1933 λάϐωσι,
1622 1872 1805 1918 τοσοῦ-

205 1974 283 2007 τον
311 1956 507 2029 μᾶλλον
554 1956 601 2009 ἓν
640 1962 787 2031 πείνῃ
822 1964 911 2011 καὶ
963 1955 1094 2032 δίψη
1139 1959 1210 2020 εἰς
1260 1963 1347 2017 τὴν
1377 1954 1668 2030 μετάληψιν
1716 1962 1808 2009 καὶ

206 2046 424 2108 αὔξησιν
470 2055 562 2107 τῆς
609 2051 830 2121 χάριτος
884 2050 1195 2121 ὑπάρχουσι
1224 2066 1236 2079 ⁸
1282 2052 1372 2100 καὶ
1424 2049 1532 2117 ὅσῳ
1579 2063 1810 2115 πνευμα-

204 2144 349 2197 τικῶς
430 2136 735 2203 πλουτοῦσι,
809 2140 1041 2209 τοσούτῳ
1114 2138 1325 2211 μᾶλλον,
1403 2140 1471 2199 ὡς
1542 2136 1811 2206 πενόμεναί

202 2224 297 2277 εἰσι
341 2226 472 2300 παρ’
524 2226 749 2295 ἑαυταῖς,
799 2227 1095 2301 ἀδιορίστως
1144 2231 1372 2299 ἔχουσαι
1413 2234 1485 2297 τῷ
1531 2242 1809 2296 πνευματι-

200 2323 269 2384 κῷ
316 2317 467 2387 πόθῳ
516 2321 646 2389 πρὸς
692 2319 780 2369 τὸν
820 2316 1057 2392 οὐράνιον
1104 2321 1341 2390 Νυμφίον
1370 2336 1383 2349 ·
1444 2317 1513 2378 ὧς
1570 2332 1728 2387 φησιν
1775 2314 1805 2371 ἡ

203 2408 366 2477 Γραφή
405 2421 419 2434 ·
465 2408 541 2457 Oi
582 2411 923 2480 ῖρώγοντές
978 2426 1049 2479 με
1087 2410 1181 2459 ἔτι
1218 2408 1639 2469 πεινάσουσι,
1697 2405 1809 2455 καὶ

202 2495 254 2544 οἱ
290 2499 593 2557 πίνοντές
631 2514 706 2568 με
743 2498 841 2548 ἔτι
883 2492 1317 2567 διψήσουσιν.

265 2618 337 2676 Β¹.
376 2622 443 2672 Δί
487 2628 730 2673 τοιαῦται
767 2621 969 2694 ψυχαὶ,
1002 2622 1055 2673 αἱ
1097 2620 1338 2696 ἔμπύρως
1380 2624 1469 2672 xui
1516 2618 1809 2693 ἆκορέστως

198 2712 286 2766 τὴν
316 2708 535 2781 ἀγάπην
563 2713 694 2785 πρὸς
743 2713 934 2784 Κύριον
977 2713 1226 2783 ἔχουσαι,
1261 2710 1407 2773 οἶξιαι
1448 2706 1543 2771 τῆς
1598 2708 1809 2760 αἰωνίου

205 2800 331 2859 ζωῆς
390 2801 729 2871 τυγχάνουσι
761 2817 774 2829 ⁸
837 2796 924 2852 διὸ
970 2806 1058 2853 καὶ
1112 2808 1211 2852 τῶν
1258 2802 1436 2853 παθῶν
1483 2807 1579 2860 τῆς
1623 2796 1813 2849 ἀπολυ-

202 2894 436 2960 τρώσεως
483 2889 873 2956 καταξιοῦνται,
918 2895 1008 2942 καὶ
1051 2898 1143 2942 τοῦ
1190 2889 1342 2961 ἁγίου
1387 2890 1680 2959 Πνεύματος
1721 2892 1812 2938 τοῦ

203 2975 435 3051 ἀρρήτου
509 2984 599 3031 καί
672 2988 938 3051 μυστικῆς
1010 2984 1299 3046 κοινωνίας,
1390 2977 1437 3030 ἓν
1504 2976 1813 3048 πληρώματι

1912 430 2167 488 aliorum
2206 431 2615 488 admonitione
2636 448 2757 489 non
2799 438 3105 506 tantopere
3134 436 3421 508 indigent,
3453 455 3563 495 nec

1913 522 2092 577 etiam
2139 520 2436 577 desiderio
2476 520 2719 587 cmlesti,
2746 538 2857 579 nec
2892 524 3124 580 Domini
3154 542 3397 594 amore;
3430 528 3567 585 licet

1913 610 2292 682 aliquatenus
2306 626 2443 665 eum
2466 610 2741 666 imminui
2757 612 3047 683 patienter
3062 614 3282 682 ferant;
3309 619 3412 672 sed
3431 622 3564 674 totm

1914 700 2151 769 penitus
2197 699 2354 754 cruci
2387 699 2593 755 Christi
2626 700 2842 769 aﬂixm,
2890 703 3155 773 quotidie
3196 705 3565 776 spiritualem

1914 787 2245 859 profectum
2290 803 2434 858 erga
2492 804 2786 859 sponsum
2834 791 3205 861 spiritualem
3247 794 3304 849 in
3355 796 3566 868 seipsis

1914 877 2266 949 percipiunt.
2298 876 2630 933 Vulneratm
2669 884 2868 934 autem
2895 895 3032 935 cum
3065 882 3181 938 sint
3211 885 3432 941 cmlesti
3457 886 3565 941 de-

1915 966 2157 1032 siderio,
2190 971 2244 1022 et
2269 966 2562 1037 justitiam
2592 967 2872 1022 virtutum
2905 970 3190 1040 esuriant,
3224 971 3569 1029 illustratio-

1913 1070 2051 1110 nem
2099 1055 2342 1126 spiritus
2386 1071 2626 1110 summo
2668 1071 2739 1111 ac
2770 1056 3093 1113 insatiabili
3140 1060 3435 1117 desiderio
3471 1078 3570 1117 ex-

1913 1148 2202 1215 spectant.
2221 1146 2287 1199 Et
2310 1144 2443 1200 licet
2462 1144 2804 1200 divinorum
2824 1146 3244 1217 mysteriorum
3261 1165 3364 1220 per
3385 1149 3569 1206 ﬁdem

1914 1248 2083 1289 suam
2116 1232 2521 1303 cognitionem
2544 1235 2832 1305 consequi
2863 1235 3061 1305 dignm
3086 1235 3442 1304 habeantur,
3469 1243 3573 1295 aut

1912 1321 2125 1378 lmtitim
2152 1322 2353 1392 gratiae
2385 1322 2643 1377 cmlestis
2668 1324 2991 1395 participes
3020 1324 3167 1381 fiant
3193 1345 3206 1392 ;
3239 1342 3356 1383 non
3390 1327 3570 1383 conﬁ-

1913 1410 2277 1466 dunttamen
2301 1410 2411 1467 sibi
2438 1410 2605 1483 ipsm,
2629 1412 3037 1469 existimantes
3056 1431 3119 1469 se
3140 1415 3367 1487 aliquid
3391 1432 3526 1472 esse
3553 1433 3565 1473 :

1914 1501 2019 1556 sed
2049 1505 2279 1572 quanto
2311 1500 2504 1569 magis
2532 1500 2940 1571 spiritualibus
2962 1502 3138 1557 donis
3169 1504 3367 1575 dignm
3396 1521 3573 1576 repu-

1916 1594 2134 1654 tantur,
2167 1593 2332 1644 tanto
2360 1590 2553 1658 magis
2576 1605 2645 1645 ac
2672 1589 3013 1660 diligentius
3033 1592 3355 1648 insatiabili
3381 1592 3574 1649 avidi-

1918 1684 2033 1735 tate
2057 1678 2309 1734 cmlestis
2330 1678 2609 1733 desiderii
2631 1678 2886 1735 detentm
2906 1680 3245 1751 inquirunt:
3272 1687 3327 1737 et
3342 1686 3572 1754 quanto

1918 1767 2113 1837 magis
2130 1766 2496 1838 spiritualem
2526 1766 2853 1838 profectum
2884 1769 2943 1823 in
2971 1784 3033 1823 se
3064 1771 3374 1836 senserint,
3404 1775 3572 1827 tanto

1918 1857 2112 1925 magis
2158 1856 2425 1911 esuriunt
2454 1871 2523 1911 ac
2564 1856 2770 1912 sitiunt
2817 1858 3334 1929 participationem
3367 1864 3422 1915 et
3469 1876 3576 1915 au-

1919 1950 2228 2015 gmentum
2257 1946 2461 2016 gratim
2495 1961 2508 1999 :
2560 1950 2617 2000 et
2644 1950 2872 2016 quanto
2903 1946 3289 2017 spiritualiter
3327 1948 3571 2005 ditiores

1919 2038 2078 2097 sunt,
2131 2038 2292 2089 tanto
2324 2034 2709 2105 pauperiores
2743 2034 2907 2104 apud
2948 2050 3010 2090 se
3042 2040 3201 2101 sunt,
3245 2036 3572 2093 insatiabili

1918 2122 2212 2178 desiderio
2226 2122 2514 2193 spirituali
2527 2137 2669 2192 erga
2681 2122 2979 2178 cmlestem
2995 2125 3294 2196 Sponsum
3315 2125 3575 2195 ﬂagran-

1920 2216 2005 2267 tes
2031 2228 2044 2264 :
2075 2217 2137 2266 ut
2160 2211 2355 2282 inquit
2378 2212 2712 2281 Scriptura:
2750 2212 2862 2278 Qui
2886 2212 3068 2269 edunt
3090 2229 3199 2279 me,
3218 2214 3419 2271 adhuc
3442 2230 3575 2272 esu-

1919 2300 2096 2366 riem,
2130 2306 2184 2357 et
2213 2300 2317 2373 qui
2338 2300 2543 2357 bibunt
2566 2317 2678 2368 me,
2709 2302 2910 2359 adhuc
2940 2301 3139 2359 sitient
3158 2304 3200 2359 ³.

1992 2607 2057 2662 II.
2093 2607 2443 2679 Hujusmodi
2474 2607 2713 2677 animm,
2742 2623 2879 2680 qum
2922 2614 3044 2664 tam
3074 2607 3305 2665 ardenti
3337 2615 3390 2666 et
3414 2608 3575 2665 insa-

1920 2696 2105 2752 tiabili
2133 2712 2336 2753 amore
2360 2697 2681 2753 Dominum
2710 2704 3175 2769 prosequuntur,
3209 2699 3407 2769 dignm
3436 2702 3578 2755 sunt

1920 2786 2042 2841 vita
2085 2790 2351 2841 mterna:
2399 2786 2681 2857 quocirca
2709 2801 2951 2858 quoque
2995 2786 3343 2843 liberatione
3384 2787 3462 2843 ab
3493 2786 3580 2845 af-

1921 2874 2275 2930 fectionibus
2301 2874 2498 2943 dignm
2524 2874 2884 2939 indicantur,
2910 2881 2966 2931 et
2997 2877 3247 2948 Spiritus
3270 2877 3457 2933 sancti
3485 2892 3579 2933 ar-

1923 2979 2089 3020 canm
2120 2968 2178 3018 et
2204 2964 2474 3033 mysticm
2517 2963 2960 3019 communionis
3002 2964 3459 3021 illustrationem
3508 2982 3579 3022 ac

201 3068 443 3141 χάριτος,
498 3066 751 3140 ἔκλαμψιν
790 3073 880 3121 καὶ
918 3073 1197 3142 μετουσίαν
1238 3067 1437 3129 τελείως
1483 3069 1809 3139 κομίζονται.

1925 3052 2429 3126 participationem
2441 3051 2501 3107 in
2512 3051 2883 3123 plenitudine
2897 3053 3097 3122 gratim
3113 3053 3359 3125 perfecte
3372 3069 3581 3110 conse-

201 3152 357 3209 Ὀσαι
409 3153 471 3209 δε
515 3154 763 3231 ἄνανδροι
808 3162 899 3211 καὶ
946 3165 1138 3229 χαῦνοι
1182 3157 1383 3229 ψυχαὶ,
1429 3161 1500 3229 μὴ
1556 3159 1813 3219 ζητοῦσαι

199 3245 531 3313 ἁπεντεῦθεν,
586 3249 651 3308 ὡς
704 3250 779 3300 ἔτι
818 3250 870 3300 ἓν
915 3253 1071 3322 σαρκὶ
1110 3249 1460 3319 τυγχάνουσι,
1520 3250 1605 3298 τόν
1657 3245 1812 3315 ἁγια-

202 3340 331 3407 σμόν
390 3344 494 3397 τῆς
541 3332 763 3409 καρδίας
800 3337 895 3390 ούκ
933 3336 988 3389 ἐκ
1030 3341 1239 3409 μέρους,
1292 3336 1419 3388 ἀλλὰ
1468 3335 1692 3402 τελείως,
1742 3331 1814 3389 δι’

201 3425 477 3498 ύπονομῆς
520 3430 609 3479 καὶ
650 3428 1017 3499 μακροθυμίας
1056 3422 1333 3491 δέξασθαι,
1378 3431 1467 3478 xui
1502 3433 1817 3483 κοινωνῆσαι

201 3515 268 3584 τῷ
324 3514 652 3588 παρακλητῳ
714 3519 977 3589 Πνεύματι
1021 3519 1073 3568 ἓν
1129 3516 1408 3574 τελειότητι
1455 3518 1587 3589 μετὰ
1641 3517 1819 3577 πάσης

201 3603 504 3668 αἰσθήσεως
551 3610 641 3658 καὶ
694 3605 1052 3680 πληροφορίας
1094 3611 1166 3679 μὴ
1224 3604 1528 3671 ἔλπίσασαι,
1584 3609 1673 3657 xui
1718 3612 1817 3657 τῶν

199 3696 375 3747 παθῶν
440 3703 537 3756 τῆς
591 3701 776 3758 κακίας
827 3695 1156 3769 λυτρωθῆναι
1211 3691 1304 3747 διὰ
1366 3702 1458 3748 τοῦ
1520 3696 1817 3766 Πνεύματος

196 3787 264 3853 μὴ
338 3779 705 3855 ἑκδεξάμεναι,
771 3789 802 3843 ἦ
862 3784 1019 3837 πάλιν
1073 3786 1299 3857 χάριτος
1353 3786 1491 3845 θείας
1555 3783 1819 3845 καταξιω-

200 3874 369 3926 θεῖσαι
427 3873 496 3933 εἰς
538 3873 845 3949 ἀμεριμνίαν
897 3878 1014 3927 τινὰ
1060 3879 1149 3926 καὶ
1196 3875 1390 3939 ἄνεσιν,
1444 3875 1536 3925 ύτό
1585 3881 1675 3934 τῆς
1726 3893 1815 3927 κα-

198 3964 307 4022 κίας
337 3962 706 4033 κλεπτόμεναι,
736 3962 918 4023 ἑαυτὰς
949 3958 1226 4025 ἐξέδωκαν.

267 4069 344 4127 Γ’.
403 4068 492 4129 Ὠς
549 4071 628 4122 ὅτι
682 4068 943 4122 λαϐοῦσαι
1000 4074 1093 4127 τὴν
1141 4071 1301 4143 χάριν
1358 4076 1447 4122 τοῦ
1498 4071 1815 4141 Πνεύματος,

201 4162 289 4211 καὶ
338 4161 576 4230 ἔχουσαι
624 4158 955 4231 παράκλησιν
1001 4166 1095 4220 τῆς
1139 4161 1362 4233 χάριτος
1408 4157 1457 4211 ίν
1505 4157 1813 4226 ἀναπαύσει,

197 4252 286 4299 καὶ
333 4248 509 4319 πόθῳ,
556 4252 645 4299 xui
669 4248 960 4319 γλυκύτητι
1001 4255 1348 4320 πνευματικῇ,
1396 4252 1486 4300 καὶ
1535 4245 1614 4301 ἐπὶ
1656 4250 1817 4319 τούτῳ

201 4339 535 4401 πεποιθυῖαι,
594 4336 850 4408 ὑψοῦνται
893 4342 984 4390 καὶ
1028 4335 1391 4410 ἀμεριμνοῦσι,
1436 4341 1508 4409 μὴ
1553 4336 1820 4412 συντριϐό-

1923 3147 2208 3214 quuntur.
2230 3142 2372 3207 Qum
2402 3156 2543 3197 vero
2565 3146 2702 3196 sunt
2728 3141 2927 3196 minus
2947 3141 3142 3197 viriles
3167 3147 3346 3214 atque
3374 3157 3574 3199 socor-

1924 3231 2053 3297 des,
2086 3231 2252 3286 haud
2280 3234 2613 3303 qumrentes
2637 3229 2795 3293 talia,
2824 3236 2889 3287 ut
2917 3246 3053 3302 qum
3080 3230 3277 3287 adhuc
3308 3230 3368 3287 in
3394 3247 3576 3288 carne

1923 3320 2154 3385 vivunt,
2178 3320 2405 3393 quippe
2431 3317 2964 3375 sanctiﬁcationem
2983 3319 3179 3375 cordis
3198 3335 3321 3376 non
3344 3336 3416 3377 ex
3435 3336 3577 3393 par-

1926 3412 2000 3473 te,
2053 3409 2158 3465 sed
2197 3409 2451 3481 perfecte
2484 3409 2925 3480 perseverantia
2974 3413 3032 3464 et
3063 3410 3266 3465 animo
3314 3410 3576 3482 patiente

1927 3499 2238 3570 consequi,
2262 3504 2317 3553 et
2338 3497 2695 3570 participare
2717 3514 2855 3553 cum
2877 3498 3093 3571 Spiritu
3118 3499 3494 3556 consolatore
3515 3501 3577 3555 in

1927 3587 2295 3659 plenitudine
2339 3602 2477 3642 cum
2508 3587 2675 3642 omni
2718 3602 2898 3642 sensu
2927 3593 2983 3644 et
3031 3589 3398 3653 certitudine,
3453 3605 3577 3645 non

1927 3676 2347 3747 exspectarint,
2390 3691 2498 3730 nec
2529 3674 2607 3730 ab
2648 3675 3061 3732 affectionibus
3089 3677 3329 3733 malitim
3369 3678 3582 3735 libera-

1928 3766 2150 3821 tionem
2188 3780 2295 3837 per
2334 3764 2614 3835 Spiritum
2662 3764 3004 3835 acceperint
3037 3780 3050 3830 ;
3100 3771 3203 3821 aut
3240 3781 3271 3820 e
3313 3766 3575 3831 diverso,

1927 3870 2064 3925 qum
2082 3852 2491 3924 gratiadivina
2516 3852 2715 3921 dignm
2736 3852 2980 3918 habitm,
3009 3852 3263 3922 ignavim
3278 3869 3347 3909 ac
3375 3869 3578 3910 socor-

1928 3943 2060 4010 dim,
2094 3942 2251 3998 clam
2283 3957 2320 3998 a
2349 3941 2575 3997 malitia
2596 3946 2902 4012 correptm,
2936 3957 3063 3997 sese
3094 3942 3385 3998 dederint.

1998 4070 2089 4124 III.
2124 4070 2192 4125 Ut
2220 4083 2353 4139 qum
2385 4083 2522 4122 cum
2553 4066 2888 4138 acceperint
2918 4066 3172 4137 gratiam
3214 4068 3487 4138 Spiritus,
3520 4071 3579 4124 et

1927 4158 2192 4215 habeant
2210 4154 2684 4213 consolationem
2710 4155 2913 4224 gratim
2937 4156 2996 4210 in
3017 4156 3241 4228 requie,
3271 4160 3328 4211 et
3351 4156 3581 4214 deside-

1926 4251 2036 4317 rio,
2068 4251 2125 4303 et
2153 4247 2445 4301 suavitate
2477 4243 2787 4315 spirituali.
2823 4243 2935 4299 hoc
2965 4244 3096 4315 ipso
3122 4243 3363 4301 conﬁsm
3392 4245 3581 4302 extol-

1927 4338 2130 4394 luntur
2178 4352 2248 4392 ac
2270 4349 2471 4390 secure
2504 4332 2726 4399 vivunt,
2770 4348 2889 4388 non
2931 4333 3197 4389 contritm
3245 4334 3444 4403 corde,
3474 4351 3581 4391 nec

196 4446 345 4497 μεναι
406 4430 504 4483 τὴν
548 4423 796 4498 καρδίαν,
848 4432 937 4478 xui
981 4434 1051 4497 τῷ
1102 4430 1389 4500 φρονήματι
1435 4430 1505 4498 μὴ
1554 4430 1810 4479 ταπεινού-

1932 4427 2134 4483 animo
2160 4423 2510 4488 humiliatm,
2535 4438 2645 4478 nec
2668 4420 2990 4494 perfectam
3016 4438 3363 4479 mensuram
3384 4424 3585 4481 vacui-

198 4534 367 4584 μεναι,
436 4520 567 4587 μήτε
627 4512 781 4567 οὖσαι
838 4515 906 4576 εἰς
940 4518 996 4567 τὸ
1056 4515 1243 4568 τέλειον
1294 4522 1383 4576 τῆς
1434 4517 1680 4576 ἀπαθείας
1732 4519 1820 4588 μί·-

208 4608 525 4678 τρον,γ.ητε
554 4603 892 4679 πληρωθῆναι
934 4602 1133 4666 τελείως
1181 4611 1273 4664 τῆς
1320 4607 1539 4678 χάριτος
1570 4603 1617 4655 ἄν
1672 4602 1816 4677 πάσῂ

200 4693 417 4766 σπουδῇ
468 4698 561 4745 καὶ
607 4698 787 4747 πίστει
833 4689 1188 4765 ἐκδεξάμεναι,
1243 4693 1350 4745 ἀλλ’
1400 4692 1821 4767 ἕπληροφορήθη-

200 4799 314 4850 σαν,
348 4786 449 4834 καὶ
491 4781 875 4848 ἕπανεπάησαν,
921 4787 1011 4835 καὶ
1058 4786 1359 4854 ἑναπίμειαν
1412 4782 1478 4843 εἰς
1507 4788 1595 4841 τὴν
1642 4782 1821 4854 ὀλίγην

195 4880 287 4934 τῆς
336 4874 566 4944 χάριτος
618 4871 966 4945 παράκλησιν,
1028 4872 1094 4933 εὶς
1143 4875 1361 4945 ἔπαρσιν
1416 4871 1629 4944 μᾶλλον,
1689 4876 1818 4949 ἤπερ

199 4961 266 5022 εἰς
322 4966 649 5013 ταπείνωσιν
702 4960 1041 5036 προκόψασαι
1098 4962 1153 5013 αἱ
1209 4968 1449 5013 τοιαῦται
1501 4960 1680 5033 ψυχαὶ
1732 4967 1821 5015 xui

196 5049 359 5124 οὗπερ
401 5050 812 5112 κατηξιώθησαν
853 5054 1210 5123 χαρίσματος,
1268 5051 1351 5103 ὅτε
1395 5045 1589 5108 δήποτε
1620 5048 1818 5123 ἀπογυ-

197 5147 455 5208 μνοῦνται
498 5136 594 5191 διὰ
639 5142 732 5197 την
784 5137 943 5212 ἀμελῆ
1000 5144 1407 5214 καταφρόνησιν,
1448 5144 1537 5192 xui
1587 5142 1671 5192 τόν
1723 5142 1821 5213 μά.

199 5248 350 5282 ταιον
382 5236 481 5289 τῆς
512 5228 733 5291 οἰήσεως
760 5228 929 5282 αὐτῶν
970 5231 1144 5302 τύφον.

271 5337 347 5390 Δ’.
422 5339 583 5408 Ψυχὴ
625 5337 655 5393 ἡ
699 5333 899 5397 ἀληθῶς
941 5334 1168 5409 φιλόθεος
1192 5339 1279 5388 καὶ
1335 5334 1679 5410 φιλόχριστος
1724 5336 1819 5387 κᾶν

197 5430 399 5501 μυρίας
456 5420 803 5486 δικαιοσύνας
852 5430 1048 5499 ποιήσῃ
1119 5426 1185 5487 ὡς
1238 5420 1405 5497 μηδὶν
1470 5424 1821 5498 ἐργασαμένη,

274 5612 298 5648 ³
545 5627 709 5684 ntv,
734 5615 822 5670 28.

1930 4516 2067 4572 tatis
2098 4513 2483 4570 aifectionum
2505 4511 2761 4584 adeptae,
2796 4527 2917 4567 non
2948 4512 3240 4582 integram
3272 4513 3585 4585 plenitudi-

1931 4621 2065 4661 nem
2085 4607 2289 4674 gratim
2315 4602 2479 4659 omni
2500 4600 2808 4671 diligentia
2825 4617 2895 4656 ac
2926 4599 3041 4656 ﬁde
3064 4609 3401 4657 consecutm
3426 4621 3439 4669 ;
3475 4603 3583 4659 sed

1929 4693 2168 4766 repletm
2208 4708 2278 4748 ac
2304 4693 2748 4763 acquiescentes
2795 4695 3249 4762 permanserunt
3286 4690 3344 4745 in
3388 4706 3582 4761 pauca

1931 4783 2137 4853 gratim
2176 4780 2606 4845 consolatione,
2652 4778 2903 4834 elatione
2935 4778 3128 4848 magis
3173 4794 3358 4851 quam
3388 4779 3584 4834 humi-

1930 4872 2095 4927 litate
2138 4870 2516 4943 proticientes
2552 4867 2905 4938 hujusmodi
2936 4868 3153 4923 animm
3196 4884 3209 4923 :
3259 4873 3313 4923 et
3360 4868 3583 4941 quibus

1930 4961 2127 5030 dignm
2153 4963 2322 5016 erant
2341 4957 2544 5028 gratim
2575 4956 2772 5021 donis,
2798 4956 2880 5011 eis
2909 4956 3179 5012 videlicet
3199 4957 3585 5015 denudantur

1930 5049 2008 5105 ob
2046 5048 2447 5119 negligentem
2467 5050 2924 5117 comtemptum,
2948 5049 3004 5101 et
3028 5061 3251 5103 vanam
3286 5046 3589 5118 opinionis

1931 5153 2140 5196 earum
2169 5135 2614 5208 negligentiam.

2000 5333 2088 5388 IV.
2134 5332 2351 5387 Anima
2391 5346 2552 5401 vero,
2586 5344 2725 5403 qum
2770 5345 2908 5386 vere
2950 5330 3134 5386 Deum
3180 5345 3249 5387 ac
3286 5330 3583 5389 Christum

1929 5422 2140 5494 diligit,
2158 5420 2293 5478 licet
2322 5419 2479 5477 mille
2503 5418 2744 5493 justitim
2766 5434 2951 5492 opera
2976 5418 3249 5487 ediderit,
3274 5419 3356 5480 ita
3392 5436 3455 5479 se
3490 5436 3588 5498 ge-
