4058 6194
165 223 275 280 545

1422 210 1764 274 HOMILIE.
1810 248 1875 258 —
1920 216 2090 273 HOM.
2127 209 2223 271 ΧΙ.

3438 211 3544 273 546

161 352 300 401 κατά
353 351 438 400 τόν
490 350 674 420 καιρόν
727 353 820 399 τοῦ
880 343 1323 417 αἰχμαλωτισμοῦ
1377 344 1584 414 χωσθεν
1630 339 1690 400 ἦν
1731 344 1821 395 Evt

1937 341 2162 396 efossus
2189 346 2315 395 erat
2359 341 2415 394 in
2463 339 2654 405 fovea,
2684 344 2740 396 et
2775 340 2868 396 ille
2899 340 3025 413 ipse
3075 356 3222 412 pace
3266 341 3442 406 facta,
3474 357 3545 398 ac

160 438 364 508 λάκκῳ,
404 442 494 488 καὶ
551 435 678 486 αὐτὸ
740 434 898 487 ἐκεῖνο
949 433 997 484 ἐν
1045 441 1116 503 τῷ
1155 434 1398 503 γενέσθαι
1452 432 1660 504 εἰρήνην
1690 439 1779 483 καὶ

163 525 458 578 ἐπανελθεῖν
538 528 662 585 τοὺς
745 521 1291 594 αἰχμαλωτισθέντας,
1347 522 1519 593 ὥσπερ
1581 519 1781 571 ἁνεκαι-

163 619 322 674 νίσθη
385 619 475 666 xui
527 615 762 673 συνήθως
804 609 1034 669 διηκόνει
1069 628 1080 640 ·
1133 611 1268 662 οὕτω
1309 614 1396 661 καὶ
1444 617 1531 660 νῦν
1562 614 1620 660 τό
1653 609 1781 667 πλη-

168 710 283 757 σίον
348 711 522 774 σῶμα,
580 703 606 753 6
677 705 806 773 μετὰ
855 704 913 752 τό
971 700 1191 757 λυθῆναι
1247 702 1447 769 γίνεται
1498 696 1776 772 βόρϐορος,

166 793 453 868 ίργάζεται
529 795 585 842 τό
666 789 903 862 οὐράνιον
978 795 1081 860 πῦρ
1143 793 1232 840 καὶ
1286 785 1628 855 ἀνακαινίζει,
1689 790 1779 837 καὶ

167 882 364 952 ἀνιστᾲ
394 883 460 933 τᾶ
498 879 788 952 ἐφθαρμέναι
843 883 1086 950 σώματα,
1126 880 1194 929 Τό
1251 878 1354 950 γὰρ
1387 883 1475 926 νῦν
1529 874 1780 948 ἐσώτερον

168 975 217 1024 ἑν
247 980 313 1044 τῇ
365 965 565 1042 καρδιᾳ
615 971 844 1020 ἐνοικοῦν
877 974 1001 1038 πῦρ,
1057 971 1172 1018 τότε
1231 964 1472 1037 ἐξώτερον
1523 968 1782 1038 γίγνεται,

167 1065 260 1112 καὶ
285 1066 430 1112 ποιεῖ
456 1056 749 1110 ἀνάστασιν
781 1064 879 1108 τῶν
913 1056 1186 1127 σωμάτων.

245 1183 328 1239 B'.
370 1186 472 1236 Καὶ
500 1183 604 1253 γὰρ
645 1179 733 1232 ἐπὶ
772 1186 861 1232 τοῦ
891 1172 1395 1250 Ναϐουχοδονόσορ,
1428 1179 1484 1228 τό
1511 1182 1612 1243 πῦρ
1645 1173 1692 1226 ἓν
1723 1181 1784 1247 τῇ

171 1276 380 1344 καμίνῳ
429 1270 524 1322 οῦκ
566 1266 626 1327 ἧν
676 1270 871 1333 θεῖκόν,
929 1265 1038 1318 ἀλλ’
1091 1262 1151 1323 ἦν
1199 1270 1402 1337 κτίσμα
1434 1281 1446 1294 °
1476 1264 1526 1316 οἰ
1564 1260 1624 1316 δὲ
1653 1270 1791 1338 τρεῖς

171 1359 369 1423 παῖδες
409 1357 502 1412 διὰ
547 1363 641 1418 τήν
701 1354 1044 1413 δικαιοσύνην
1085 1354 1254 1408 αὐτῶν
1300 1353 1348 1406 ἐν
1397 1363 1468 1424 τῷ
1508 1357 1790 1426 φαινομένῳ

173 1456 305 1524 πυρὶ
368 1453 522 1514 ὄντες,
574 1447 622 1500 ἐν
675 1453 793 1507 ταῖς
833 1441 1078 1518 καρδίαις
1117 1444 1286 1497 αὐτῶν
1327 1439 1472 1514 εἰχον
1522 1445 1579 1493 τό
1626 1443 1791 1493 θεῑκόν

174 1540 418 1614 οὐράνιον
499 1545 602 1611 πῦρ
675 1538 817 1596 ἐντός
869 1543 970 1586 τῶν
1031 1534 1295 1604 λογισμῶν
1369 1528 1644 1583 διακονοῦν
1696 1549 1792 1599 καὶ

175 1629 416 1702 ἐνεργοῦν
469 1630 518 1678 ἓν
561 1625 755 1685 αὐτοῖς.
823 1628 920 1676 Καὶ
997 1622 1124 1674 αὐτὸ
1184 1624 1340 1674 ἐκεῖνο
1399 1620 1554 1690 ἐφάνη
1606 1618 1790 1680 ἑξώτευ

174 1739 264 1793 ρον
309 1717 479 1768 αὐτῶν
509 1733 521 1744 ’
568 1714 661 1765 tua
700 1717 858 1785 μέσον
909 1714 1009 1785 γὰρ
1058 1710 1226 1762 αὐτῶν
1256 1712 1406 1773 ἔστη,
1463 1713 1552 1760 xui
1607 1706 1792 1779 ἐπεῖχε

177 1814 235 1861 τό
274 1810 579 1879 φαινόμενον
630 1809 758 1874 πῦρ,
813 1808 902 1852 τοῦ
962 1804 1033 1872 μὴ
1095 1804 1257 1850 καίειν
1311 1803 1399 1849 καὶ
1465 1794 1708 1870 βλάπτειν
1746 1814 1796 1846 τι

179 1901 302 1955 τούς
367 1890 647 1952 δικαίους·
707 1889 940 1961 Ὀμοίως
1014 1883 1072 1940 δὲ
1129 1892 1218 1938 xui
1269 1885 1352 1938 ἐπὶ
1420 1892 1514 1937 τοῦ
1564 1883 1795 1958 Ἰσραὴλ,

180 1980 372 2039 ἐπειδὴ
418 1983 444 2032 6
499 1987 610 2040 νοῦς
675 1978 841 2030 αὐτῶν
897 1981 986 2028 καὶ
1053 1977 1077 2027 6
1134 1973 1385 2046 λογισμὸς
1446 1975 1493 2025 ἐν
1557 1975 1800 2046 προθέσει

182 2071 301 2145 εἶχε
354 2078 443 2122 τοῦ
517 2069 880 2144 μακρυνθῆναι
944 2063 1045 2117 ἀπὸ
1110 2071 1243 2117 Θεοῦ
1318 2063 1526 2130 ζῶντος,
1590 2066 1679 2112 καὶ
1729 2060 1799 2121 εἰς

186 2158 616 2233 εἰδωλολατρείαν
667 2163 946 2228 τραπῆναι,
1007 2153 1318 2224 ἠναγκάσθη
1379 2153 1580 2224 Ἀαρὼν
1647 2149 1801 2202 εἰπεῖν

193 2252 394 2312 αὐτοῖς,
441 2247 659 2318 ἐνεγκεῖν
689 2247 756 2297 τὰ
788 2247 946 2300 σκεύη
1008 2245 1074 2294 τὰ
1123 2247 1312 2314 χρυσᾶ
1357 2245 1448 2292 καὶ
1489 2242 1552 2292 τὰ
1583 2243 1799 2309 κόσμια.

192 2344 399 2394 Λοιπὸν
446 2339 471 2388 6
509 2339 739 2408 χρυσός,
780 2337 869 2385 καὶ
917 2334 983 2383 τὰ
1026 2334 1210 2396 σκεύη,
1261 2329 1390 2402 ἅπερ
1438 2327 1694 2380 ἐνέϐαλλον
1736 2325 1806 2387 εἰς

192 2434 251 2482 τὸ
313 2436 442 2501 πῦρ,
490 2422 700 2478 εἴδωλον
755 2422 966 2493 ἐγένενο,
1036 2425 1125 2471 xui.
1182 2422 1355 2492 ὧσπερ
1415 2418 1708 2490 ἐμιμήσατο
1747 2418 1804 2467 τό

195 2525 301 2591 πῦρ
368 2520 462 2572 τήν
528 2517 828 2586 προαίρεσιν
888 2509 1082 2565 αὐτῶν.
1161 2510 1328 2563 Τοῦτο
1390 2503 1448 2559 δὲ
1506 2507 1807 2577 θαυμαστόν

201 2612 446 2680 πρᾶγμα.
493 2598 706 2659 Ἐπειδὴ
763 2602 866 2671 γὰρ
899 2600 1033 2651 κατὰ
1079 2599 1330 2672 πρόθεσιν
1385 2594 1432 2647 ἐν
1480 2604 1548 2666 τῷ
1574 2595 1806 2669 κρυπτῷ,

201 2701 294 2749 καὶ
352 2700 464 2754 τοῖς
509 2692 788 2763 λογισμοῖς
828 2689 994 2740 αὐτῶν
1040 2685 1403 2739 ἐϐουλεύσαντο
1450 2689 1543 2742 τὴν
1600 2681 1813 2736 εἰδωλο-

199 2786 467 2859 λατρείαν,
532 2785 620 2832 καὶ
677 2782 734 2831 τὸ
791 2785 894 2851 πῦρ
945 2777 1131 2849 ὁμοίως
1189 2777 1255 2826 τὰ
1298 2773 1614 2846 ἐμϐληθέντα
1652 2775 1809 2829 σκεύη

207 2871 423 2928 εἴδωλον
481 2870 789 2944 εἰργάσατο,
831 2871 920 2918 καὶ
961 2865 1139 2917 λοιπόν
1171 2863 1217 2915 ἐν
1257 2873 1328 2935 τῷ
1355 2866 1638 2935 φαινομένῳ
1668 2856 1814 2914 εἰδω-

203 2963 567 3035 λολάτρησαν,
619 2957 820 3030 Ὠσπερ
876 2950 963 3006 οὖν
1014 2956 1062 3006 οἱ
1109 2961 1246 3028 τρεῖς
1300 2949 1486 3014 παῖδες
1545 2948 1819 3004 δικαιοσύ-

1887 430 2138 485 reversis
2156 429 2404 500 captivis
2438 429 2615 484 veluti
2649 436 2966 485 renovatus
2991 445 3099 502 pro
3131 445 3296 485 more
3331 431 3542 485 servie-

1888 517 1994 572 bat
2025 534 2038 572 :
2071 518 2154 572 sic
2195 523 2250 572 et
2279 533 2498 588 corpus
2515 516 2628 572 hoc
2644 517 2952 583 familiare,
2993 518 3160 590 quod
3183 524 3318 590 post
3346 518 3548 574 disso-

1890 605 2175 660 lutionem
2208 605 2268 660 in
2295 621 2534 661 caenum
2570 605 2830 673 vertitur,
2858 606 3373 664 reﬁcitetrenovat
3394 607 3548 677 ignis

1891 693 2166 759 ccelestis,
2219 699 2274 749 et
2317 694 2626 749 resuscitat
2664 702 2937 766 corrupta
2984 712 3257 767 corpora.
3305 697 3549 752 Interior

1894 783 2051 838 enim
2086 782 2178 837 ille
2203 783 2382 853 ignis,
2418 783 2581 838 cordi
2610 784 3550 851 nostroinhabitans,tuncemer-

1894 873 1994 944 git,
2019 872 2276 943 facitque
2309 872 2800 928 resurrectionem
2835 888 3177 944 corporum.

1972 1193 2036 1247 II.
2068 1193 2679 1250 Nabuchodonosoris
2708 1193 2866 1249 enim
2900 1197 3170 1265 tempore
3192 1193 3342 1263 ignis
3369 1194 3430 1249 in
3461 1210 3555 1250 ca-

1903 1281 2064 1336 mino
2098 1281 2213 1352 39
2245 1283 2344 1353 qui
2375 1280 2625 1336 ardebat
2652 1283 2692 1344 ‘,
2723 1297 2841 1336 non
2875 1287 3000 1337 erat
3020 1281 3282 1346 divinus,
3313 1282 3416 1336 sed
3432 1287 3557 1338 erat

1901 1376 2176 1426 creatura
2209 1388 2222 1425 :
2257 1375 2375 1424 tres
2414 1377 2614 1426 autem
2647 1369 2725 1424 illi
2754 1371 2944 1441 pueri,
2976 1370 3080 1441 qui
3111 1385 3182 1426 eo
3213 1370 3378 1442 quod
3405 1369 3551 1440 justi

1901 1465 2118 1524 essent,
2167 1459 2225 1512 in
2253 1457 2569 1529 apparenti
2604 1458 2740 1526 igne
2772 1462 2958 1521 erant,
3015 1458 3074 1512 in
3107 1459 3389 1513 cordibus
3433 1458 3557 1512 suis

1902 1547 2206 1603 habebant
2229 1546 2502 1601 divinum
2525 1562 2594 1602 ac
2627 1545 2930 1601 caelestem
2961 1545 3182 1616 ignem,
3211 1547 3366 1601 intra
3397 1547 3559 1615 cogi-

1904 1637 2156 1692 tationes
2212 1635 2648 1690 ministrantem
2699 1640 2755 1689 et
2797 1640 3147 1706 operantem
3196 1633 3254 1689 in
3296 1633 3458 1706 ipsis.
3497 1637 3560 1691 Et

1905 1725 2062 1780 idem
2097 1724 2190 1780 ille
2239 1723 2392 1794 ignis
2413 1723 2692 1795 apparuit
2716 1729 2882 1779 extra
2909 1722 3149 1788 illos;in
3175 1723 3373 1778 medio
3399 1723 3560 1778 enim

1906 1813 2145 1869 illorum
2183 1815 2357 1876 stetit,
2392 1818 2449 1867 et
2490 1811 2757 1867 cohibuit
2794 1818 3184 1882 apparentem
3219 1811 3441 1881 ignem,
3485 1827 3558 1866 ne

1913 1909 2103 1957 ureret
2131 1909 2232 1957 aut
2258 1901 2497 1956 laederet
2529 1900 2731 1972 aliqua
2761 1916 2831 1955 ex
2859 1906 3027 1971 parte
3042 1899 3258 1971 justos.
3288 1899 3565 1956 Similiter

1909 2006 2152 2064 quoque
2201 1990 2596 2045 Israelitarum
2645 1988 3197 2060 temporibus,cum
3232 1988 3474 2044 animus
3511 1995 3567 2043 et

1911 2079 2298 2150 cogitationes
2311 2079 2546 2133 illorum
2565 2077 3194 2133 statuissentrecedere
3212 2094 3248 2134 a
3269 2077 3389 2132 Deo
3408 2079 3564 2144 vivo,

1913 2176 1969 2238 et
1997 2169 2070 2224 ad
2093 2167 2497 2224 idololatriam
2515 2165 2799 2231 converti,
2828 2172 3068 2222 coactus
3086 2172 3172 2221 est
3201 2171 3397 2221 Aaron
3419 2166 3566 2222 indi-

1914 2273 2043 2313 cere
2076 2255 2205 2324 illis,
2235 2263 2296 2311 ut
2317 2255 2597 2310 afferrent
2624 2269 2806 2309 aurea
2836 2259 2890 2310 et
2931 2259 3186 2310 venusta
3215 2269 3380 2310 vasa.
3412 2258 3571 2310 Post-

1917 2346 2166 2402 modum
2196 2361 2413 2400 aurum
2429 2348 2485 2398 et
2510 2359 2676 2406 vasa,
2693 2357 2828 2415 qua;
2858 2342 3241 2413 conjecerant
3259 2342 3568 2412 inignum,

1918 2437 1974 2490 in
2009 2434 2235 2490 idolum
2254 2440 2392 2488 sunt
2419 2447 2729 2501 conversa,
2752 2438 2807 2486 et
2825 2430 2996 2503 quasi
3015 2431 3278 2486 imitatus
3302 2439 3394 2486 est
3415 2431 3572 2501 ignis

1919 2525 2154 2579 illorum
2199 2521 2601 2594 propositum.
2647 2523 2763 2575 Hoc
2797 2525 2996 2576 autem
3049 2520 3445 2577 admiratione
3494 2519 3575 2575 di-

1921 2629 2128 2684 gnum.
2159 2615 2308 2667 Cum
2340 2610 2498 2666 enim
2532 2611 2863 2664 secundum
2890 2607 3241 2664 sententiam
3273 2608 3459 2664 animi
3489 2609 3576 2663 in-

1925 2701 2171 2758 terioris.
2201 2701 2326 2755 etin
2355 2698 2816 2768 cogitationibus
2833 2697 2974 2765 suis,
2994 2697 3395 2753 idololatriam
3417 2711 3580 2752 exer-

1925 2806 2054 2858 cere
2075 2790 2478 2844 decrevissent
2500 2803 2513 2854 ;
2543 2787 2719 2842 etiam
2736 2786 2888 2855 ignis
2910 2785 3179 2841 similiter
3205 2786 3582 2856 injectavasa

1927 2878 1983 2934 in
2025 2878 2256 2932 idolum
2284 2876 2615 2932 convertit:
2650 2882 2705 2928 et
2737 2880 2860 2929 tum
2895 2874 3095 2944 palam
3137 2874 3312 2929 idolis
3351 2875 3580 2930 cultum

1929 2966 2328 3022 exhibuerunt
2353 2965 2392 3018 ³.
2427 2962 2955 3028 Quemadmodum
2977 2978 3118 3032 ergo
3148 2967 3265 3017 tres
3294 2962 3406 3017 illis
3439 2977 3582 3033 pue-

207 3073 303 3110 νην
341 3050 700 3120 λογισάμενοι,
764 3040 1006 3107 ἐδέξαντο
1067 3041 1114 3094 ἐν
1163 3042 1364 3103 ἑαυτοῖς
1408 3044 1466 3093 τὸ
1527 3047 1618 3093 τοῦ
1686 3047 1819 3091 Θεοῦ

1937 3056 1994 3119 ri,
2025 3056 2148 3127 qui,
2173 3053 2418 3124 justitiae
2445 3066 2693 3122 operam
2729 3051 2960 3118 dantes,
2995 3056 3383 3121 susceperunt
3413 3031 3471 3105 in
3515 3065 3580 3105 se

208 3150 339 3213 πῦρ,
394 3143 484 3190 καὶ
515 3137 916 3208 προσεκύνησαν
967 3140 1038 3203 τῷ
1087 3135 1263 3203 Κυρίῳ
1300 3130 1347 3182 ἐν
1384 3129 1599 3202 ἀληθείᾳ
1639 3145 1651 3156 ’
1687 3129 1822 3181 οὕτω

213 3235 306 3283 καὶ
357 3236 448 3279 νῦν
501 3227 557 3277 αἱ
592 3229 777 3277 πισταὶ
827 3221 1007 3293 ψυχαὶ
1061 3216 1313 3292 δέχονται
1344 3219 1502 3272 ἐκεῖνο
1560 3223 1616 3271 τὸ
1658 3221 1823 3270 θεῖκόν

211 3323 300 3371 xui
353 3317 663 3389 ἐπουράνιον
720 3319 844 3383 πῦρ,
928 3309 976 3361 ἐν
1052 3317 1124 3380 τῷ
1197 3308 1340 3361 αἰῶνι
1405 3311 1591 3380 τούτῳ,
1651 3313 1699 3360 ἓν
1754 3316 1826 3379 τῷ

534 3408 624 3455 καὶ
670 3400 798 3453 αύτὸ
858 3397 1016 3451 ἐκεῖνο
1074 3405 1268 3471 μορφοῖ
1320 3397 1490 3450 εἰκόνα
1526 3399 1828 3473 ἐπουράνιον

221 3498 294 3560 εἰς
331 3501 429 3554 τήν
469 3492 868 3567 ἀνθρωπότητα.

218 3415 433 3482 κρυπτῷ
463 3422 476 3434 ⁸

297 3622 371 3674 Γ’.
394 3618 600 3691 Ὠσπερ
633 3615 722 3668 οῦν
748 3613 1019 3687 ἐμόρφωσε
1048 3615 1107 3664 τὸ
1137 3618 1239 3685 πῦρ
1264 3614 1331 3664 τὰ
1356 3613 1514 3670 σκεύη
1542 3614 1608 3663 τὰ
1627 3617 1830 3688 χρυσᾶ,

227 3716 316 3763 καὶ
341 3709 541 3779 ἐγένετο
569 3701 784 3758 εἴδωλον
811 3719 828 3734 ο
891 3702 1026 3754 οὕτω
1077 3701 1218 3752 καὶὸ
1261 3703 1472 3772 Κύριος,
1506 3702 1556 3760 ὃς
1599 3708 1837 3772 μιμεῖται

230 3809 327 3852 τῶν
368 3804 574 3850 πιστῶν
613 3798 702 3844 καὶ
762 3791 967 3862 ἀγαθῶν
1005 3789 1196 3861 ψυχῶν
1246 3792 1338 3849 τὰς
1374 3794 1718 3864 προαιρέσεις,
1751 3790 1839 3841 καὶ

235 3892 372 3941 κατὰ
413 3889 471 3936 τό
527 3883 723 3954 θελημα
776 3883 938 3931 αὐτῶν
977 3885 1166 3951 μορφοῖ
1206 3877 1375 3930 εἰκόνα
1425 3885 1513 3930 xui
1560 3886 1647 3929 νῦν
1687 3885 1736 3929 ἐν
1775 3886 1836 3952 τῇ

235 3979 417 4049 ψυχῇ,
450 3977 543 4025 καὶ
601 3971 648 4023 ἐν
679 3977 741 4042 τῇ
795 3970 1078 4020 ἀναστάσει
1124 3967 1363 4039 ἐξώτερον
1393 3967 1559 4018 αὐτῶν
1587 3973 1840 4039 φαίνεται,

236 4073 324 4118 καὶ
387 4062 605 4126 δοξάζει
660 4062 727 4112 τὰ
787 4063 1006 4131 σώματα
1045 4056 1212 4108 αὐτῶν
1265 4059 1451 4108 ἔσωθεν
1500 4063 1589 4108 καὶ
1638 4056 1844 4130 ἔξωθεν.

241 4154 374 4208 Ἀλλ’
405 4155 458 4206 ὃν
496 4156 685 4224 τρόπον
729 4150 796 4199 τὰ
836 4153 1055 4219 σώματα
1080 4147 1246 4197 αύτὼν
1273 4145 1565 4220 ἐφθαρμένα
1590 4145 1694 4199 εἰσὶ
1725 4151 1846 4207 τέως

240 4250 288 4298 ὲν
318 4252 392 4312 τῷ
432 4246 604 4311 καιρῷ
636 4241 822 4307 τούτῳ,
874 4241 965 4287 καὶ
1012 4238 1186 4308 νεκρὰ,
1227 4239 1314 4286 καὶ
1344 4235 1588 4307 λελυμένα
1629 4256 1642 4268 ·
1689 4236 1849 4296 οὕτως

246 4335 346 4386 εἰσὶ
380 4336 472 4383 καὶ
527 4331 576 4380 οἱ
629 4327 874 4398 λογισμοί
917 4344 1064 4377 τινων
1105 4323 1204 4375 ύπὸ
1243 4331 1334 4375 τοῦ
1364 4330 1565 4375 Σατανᾶ
1603 4325 1852 4396 ἐφθαρμέ-

245 4443 343 4485 νοι,
400 4424 493 4470 καὶ
546 4435 718 4489 νεκροι
779 4413 878 4466 ἀπὸ
931 4422 1022 4475 τῆς
1073 4413 1232 4483 ζωῆς,
1274 4417 1364 4464 καὶ
1411 4419 1736 4484 κεχωσμένοι
1788 4413 1854 4473 εἰς

251 4509 507 4583 βόρϐορον
567 4512 658 4558 καὶ
712 4511 810 4576 γῆν
861 4518 873 4530 ⁸
925 4502 1155 4555 ἀπώλετο
1197 4505 1297 4575 γὰρ
1365 4503 1532 4554 αὐτῶν
1572 4506 1602 4562 ἡ
1666 4504 1858 4575 ψυχή-

247 4600 448 4673 Ὠσπερ
505 4596 594 4648 οὖν
648 4594 697 4646 οἰ
755 4592 1082 4665 Ἰσραηλῖται
1129 4589 1310 4642 ἔϐαλον
1362 4595 1427 4643 τα
1464 4599 1649 4666 χρυσᾶ
1699 4595 1856 4650 σκεύη

255 4690 317 4750 εἰς
341 4693 400 4740 τό
433 4705 565 4758 πυρ,
627 4687 715 4734 xui
747 4681 944 4753 ἐγένετο
985 4678 1219 4748 εἰδωλον,
1275 4680 1408 4732 οὕτω
1464 4690 1550 4732 νῦν
1604 4687 1720 4742 τούς
1772 4701 1863 4733 κα-

259 4781 444 4850 θαρούς
502 4773 791 4845 λογισμοὺς
842 4777 930 4823 xui
982 4770 1172 4831 καλούς
1237 4766 1467 4822 ἐπέδωκε
1518 4779 1579 4842 τῇ
1640 4777 1799 4844 κακίᾳ
1839 4773 1864 4822 6

259 4870 549 4942 ἅνθρωπος,
622 4868 712 4913 καὶ
778 4861 1160 4932 κατεχσθησαν
1205 4861 1278 4921 είς
1321 4862 1406 4910 τόν
1467 4857 1717 4935 βόρϐορον
1772 4869 1868 4922 τῆς

263 4958 548 5030 ἁμαρτίας,
605 4955 695 5006 xui
759 4952 987 5021 ῧγένοντο
1045 4944 1281 5000 εἴδωλον.
1343 4954 1442 5000 Καὶ
1496 4957 1605 5011 πῶς
1654 4969 1732 5012 τις
1789 4951 1871 5002 ῖνα

269 5046 457 5106 αὐτούς
504 5041 706 5113 εξεύρη,
741 5044 830 5091 καὶ
862 5035 1130 5111 διακρίνῃ,
1165 5041 1254 5088 καὶ
1286 5037 1474 5109 ἐκϐάλῃ
1507 5037 1561 5089 ἐκ
1593 5047 1680 5090 τοῦ
1724 5035 1870 5091 ἰδίου

267 5139 478 5207 πυρός;
540 5126 646 5181 ὧδε
695 5132 889 5200 λύχνου
954 5129 1126 5179 θεῐκοῦ
1201 5131 1383 5201 χρείαν
1436 5127 1550 5198 ἔχει
1601 5129 1631 5185 ἡ
1690 5128 1872 5199 ψυχὴ,

274 5227 577 5295 Πνεῦματος
630 5218 782 5290 ἁγίου
839 5224 929 5269 τοῦ
979 5223 1302 5287 κοσμοῦντος
1359 5219 1444 5268 τόν
1509 5215 1874 5288 ίσκοτισμένον

275 5309 436 5380 οἶκον,
481 5329 567 5362 τον
617 5315 860 5381 φωτεινοῦ
888 5305 1064 5358 Ἡλίου
1108 5313 1200 5366 τῆς
1240 5301 1606 5371 δικαιοσύνης,
1655 5313 1745 5358 τοῦ
1777 5326 1880 5378 φω-

277 5403 535 5462 τίζοντα(
564 5403 656 5450 καὶ
710 5395 1074 5458 ἀνατέλλοντος
1128 5395 1196 5456 εἰς
1253 5401 1347 5454 τὴν
1419 5391 1665 5470 καρδίαν,
1724 5395 1882 5450 ὅπλου

278 5495 468 5564 χρείαν
499 5491 613 5560 ἔχει
638 5493 731 5539 τοῦ
757 5493 1000 5547 νικῶντος
1028 5487 1116 5536 τὸν
1146 5484 1384 5557 πόλεμον.

354 5599 377 5635 ⁸
421 5599 571 5654 Dan.
607 5609 683 5659 ω,
724 5593 803 5649 19.
902 5594 922 5628 ⁸
966 5591 1112 5648 Ibid.

591 5701 830 5758 Pnaoc.
869 5699 974 5761 Gn.
1018 5700 1267 5759 XXXIV.

1934 3145 2044 3218 ipsi
2068 3144 2268 3214 ignem
2310 3140 2601 3210 divinum,
2638 3145 2694 3195 et
2714 3139 3043 3194 adorarunt
3071 3139 3392 3194 Dominum
3428 3139 3488 3194 in
3512 3155 3582 3193 ve

1934 3235 2101 3290 ritate
2135 3250 2148 3287 :
2185 3232 2268 3286 sic
2311 3244 2553 3303 quoque
2585 3244 2745 3284 nunc
2797 3227 3016 3283 animas
3047 3228 3252 3283 ﬁdeles
3294 3227 3585 3299 recipiunt

1937 3323 2162 3380 occulte
2196 3320 2362 3376 illum
2402 3317 2672 3373 divinum
2715 3322 2768 3372 et
2804 3316 3104 3373 caelestem
3129 3317 3336 3388 ignum
3373 3316 3433 3372 in
3474 3319 3588 3373 hoc

1941 3410 2217 3485 praesenti
2262 3407 2481 3464 saeculo
2515 3427 2527 3466 :
2559 3413 2616 3462 et
2664 3406 2758 3462 ille
2789 3407 2944 3476 ignis
2989 3405 3207 3463 format
3265 3407 3589 3480 imaginem

1941 3500 2246 3558 caelestem
2278 3499 2338 3553 in
2365 3495 2629 3552 homine.

2017 3625 2110 3680 Ill.
2149 3621 2506 3690 Sicutigitur
2537 3619 2816 3675 formavit
2841 3618 2992 3689 ignis
3011 3635 3153 3675 vasa
3183 3635 3385 3685 aurea,
3415 3627 3470 3677 et
3509 3621 3598 3678 fa-

1947 3721 2107 3771 ctum
2133 3716 2222 3768 est
2248 3710 2475 3766 idolum
2495 3725 2506 3763 :
2531 3709 2609 3763 ita
2623 3723 2865 3779 quoque
2883 3708 3194 3773 Dominus,
3214 3709 3310 3780 qui
3328 3711 3600 3764 imitatur

1949 3801 2215 3859 ﬁdelium
2247 3816 2317 3854 ac
2341 3799 2576 3870 piarum
2609 3795 2953 3850 animarum
2985 3793 3363 3861 intentiones,
3397 3813 3466 3852 ac
3489 3813 3596 3868 pro

1951 3891 2253 3946 voluntate
2284 3901 2489 3940 earum
2521 3884 2740 3938 format
2766 3884 3111 3952 imaginem,
3134 3899 3270 3955 quae
3293 3900 3453 3940 nunc
3471 3888 3608 3956 qui-

1953 3982 2091 4036 dem
2121 3977 2178 4032 in
2209 3975 2413 4032 anima
2434 3978 2540 4038 est,
2569 3980 2623 4026 et
2653 3971 2711 4026 in
2745 3970 3166 4026 resurrectione
3206 3974 3461 4028 exterius
3500 3990 3606 4045 ap-

1957 4066 2224 4141 parebit;
2249 4068 2306 4119 et
2323 4061 2614 4132 gloriﬁcat
2629 4076 2881 4132 corpora
2916 4059 3152 4116 illorum
3187 4061 3346 4116 intus
3366 4068 3421 4116 et
3443 4069 3609 4117 extra

1960 4153 2632 4224 Verum,’sicutcorpora
2645 4149 2879 4205 illorum
2901 4155 3179 4222 corrupta
3192 4155 3329 4206 sunt
3345 4150 3444 4206 illo
3462 4156 3613 4206 tem-

1962 4260 2124 4318 pore,
2155 4247 2389 4298 mortua
2411 4246 2465 4295 et
2486 4238 2781 4295 dissoluta
2809 4260 2821 4292 :
2849 4237 2931 4293 sic
2961 4254 3202 4310 quoque
3225 4241 3615 4309 cogitationes

1963 4331 2371 4406 quorumdam
2401 4345 2438 4384 a
2465 4329 2684 4383 Sataua
2707 4331 2842 4381 sunt
2867 4333 3162 4398 corruptae
3191 4333 3246 4384 et
3274 4335 3524 4384 mortuae
3545 4345 3616 4384 ne

1965 4424 2190 4486 vivant,
2223 4426 2277 4475 et
2306 4417 2564 4473 defossas
2605 4416 2664 4470 in
2687 4415 2882 4492 lutum
2911 4420 2966 4469 et
2988 4420 3203 4471 terram
3231 4433 3242 4471 :
3270 4417 3442 4488 periit
3461 4420 3619 4473 enim

1968 4511 2208 4567 illorum
2264 4505 2489 4563 anima.
2546 4503 3072 4571 Quemadmodum
3124 4505 3300 4574 igitur
3348 4506 3622 4562 lsraelitaa

1972 4600 2352 4670 conjecerunt
2388 4610 2572 4650 aurea
2616 4608 2760 4650 vasa
2793 4593 2852 4647 in
2909 4594 3127 4664 ignem,
3161 4600 3218 4648 et
3265 4594 3482 4650 factum
3537 4603 3624 4650 est

1972 4687 2201 4744 idolum
2235 4702 2248 4740 :
2282 4685 2366 4740 sic
2392 4699 2552 4739 nunc
2582 4698 2763 4754 puras
2793 4686 2850 4737 et
2885 4681 3077 4736 bonas
3100 4682 3483 4752 cogitationes
3516 4689 3632 4738 tra-

1976 4776 2125 4832 didit
2149 4775 2332 4829 homo
2373 4771 2627 4835 malitiae,
2665 4786 2801 4842 quae
2822 4770 3052 4824 obruta:
3084 4769 3206 4824 luto
3235 4770 3480 4839 peccati,
3505 4771 3630 4825 ido-

1977 4866 2103 4920 lum
2134 4863 2304 4918 factae
2336 4866 2493 4915 sunt.
2524 4860 2593 4914 At
2623 4857 2932 4930 quomodo
2955 4858 3257 4929 quispiam
3285 4857 3414 4913 illas
3440 4860 3632 4929 possit

1982 4952 2264 5017 invenire,
2307 4951 2642 5004 discernere
2690 4953 2746 5003 et
2786 4948 3038 5004 educere
3085 4963 3115 5000 e
3154 4947 3398 5018 proprio
3447 4945 3635 5015 igne?

1986 5044 2086 5098 Hic
2115 5039 2359 5094 lucerna
2387 5037 2589 5092 divina
2615 5051 2766 5108 opus
2814 5036 2988 5091 habet
3021 5036 3245 5101 anima,
3274 5036 3527 5106 Spiritus
3561 5036 3638 5090 vi-

1987 5130 2207 5186 delibet
2225 5132 2453 5192 sancto,
2476 5125 2578 5198 qui
2605 5130 2847 5181 exornet
2867 5125 3320 5180 obtenebratam
3351 5123 3601 5179 domum
3627 5141 3640 5192 ;

1991 5224 2049 5276 et
2077 5215 2390 5290 splendido
2414 5215 2544 5271 Sole
2568 5215 2836 5286 justitite,
2872 5214 2974 5286 qui
3020 5213 3312 5268 illuminat
3335 5220 3391 5268 et
3420 5213 3648 5270 oriatur

1994 5311 2055 5364 in
2079 5306 2257 5363 corde
2288 5325 2299 5370 ;
2329 5305 2510 5360 armis
2523 5319 2766 5376 quoque
2791 5317 2944 5374 Opus
2968 5302 3164 5358 habet.
3183 5301 3407 5375 quibus
3434 5304 3647 5361 evadat

1997 5398 2061 5454 in
2093 5393 2248 5452 bello
2277 5392 2575 5466 superior.

3333 5702 3396 5761 18
