4058 6194
491 275 597 334 847

563 403 656 458 IV.
680 402 797 458 Illic
813 400 973 457 enim
995 400 1345 473 vidua,quae
1363 398 1706 472 perdiderat
1729 397 2083 453 drachmam
2103 397 2145 451 σε
2181 402 2227 456 Α

492 492 757 565 primum
787 490 1063 546 accendit
1083 489 1418 554 lucernam,
1454 494 1657 560 postea
1682 484 2150 541 emundavitdo-

493 582 661 637 mum
686 599 705 636 :
726 579 931 651 sicque
965 583 1219 650 purgata
1248 578 1453 641 domo,
1488 590 1862 646 accensaque
1883 573 2148 639 lucerna,

491 670 737 726 inventa
766 673 857 723 est
885 667 1197 732 drachma,
1217 666 1502 722 sordibus
1526 670 1705 736 atque
1730 661 2072 733 impuritate
2098 665 2154 713 et

495 764 652 815 terra
681 758 899 813 obruta
929 774 942 824 ;
974 772 1184 811 verum
1215 755 1425 811 anima
1465 769 1585 809 non
1616 757 1810 823 potest
1846 768 1882 806 a
1920 766 1981 805 se
2021 749 2152 821 ipsa

494 847 852 916 investigare
865 845 1107 917 propria
1121 844 1253 913 cogi
1265 844 1773 912 tationes,easque
1787 840 2149 905 discernere;

498 935 603 991 sed
633 951 769 989 cum
799 948 1055 987 accensa
1091 931 1201 986 fuit
1247 932 1494 986 lucerna
1524 928 1744 993 divina,
1773 935 1910 982 tunc
1942 926 2037 981 lux
2064 932 2154 981 est

494 1025 555 1078 in
575 1020 832 1077 tenebris
862 1020 1124 1075 obducta
1150 1020 1334 1074 domo
1372 1036 1386 1087 ;
1419 1025 1474 1073 et
1503 1024 1641 1073 tunc
1673 1015 2152 1087 videtcogitatio-

496 1128 601 1167 nes
623 1126 785 1172 suas.
819 1108 1130 1179 quomodo
1160 1109 1276 1162 sint
1302 1108 1533 1162 obrutae
1560 1106 2152 1177 impuritateetcasno

496 1197 765 1272 peccati:
798 1197 983 1251 oritur
1028 1196 1135 1261 sol,
1186 1202 1242 1250 et
1296 1202 1420 1251 tum
1482 1194 1763 1266 perspicit
1817 1194 2020 1248 anima
2061 1192 2149 1247 sui

494 1287 818 1351 interitum,
872 1291 1047 1355 atque
1108 1284 1313 1355 incipit
1387 1298 1665 1339 revocare
1738 1282 2148 1352 cogitationes,

496 1374 775 1431 sordibus
798 1379 854 1428 et
885 1372 1158 1444 squalore
1177 1373 1521 1443 permistas.
1551 1370 1807 1427 Perdidit
1827 1370 1987 1426 enim
2006 1371 2151 1426 ima-

497 1467 699 1535 ginem
729 1479 903 1518 suam
918 1461 1145 1527 anima,
1160 1478 1297 1534 quea
1311 1461 1671 1517 mandatum
1703 1460 1799 1516 Dei
1825 1467 2152 1530 transgres-

499 1570 566 1609 sa
595 1558 704 1608 est.

568 1680 629 1731 V.
661 1675 909 1733 Perinde
940 1692 1011 1731 ac
1033 1677 1079 1731 si
1102 1676 1258 1749 quis,
1290 1691 1392 1731 rex
1426 1676 1518 1745 sit,
1540 1675 1646 1748 qui
1668 1674 1832 1731 bona
1852 1680 1909 1730 et
1946 1691 2147 1731 servos

1790 271 1846 326 S.
1890 266 2194 327 MACARII
2232 264 2542 325 EGYPTII

3752 274 3869 332 548

2332 392 2408 451 Δ¹.
2447 398 2546 447 Καὶ
2571 394 2671 467 γὰρ
2712 396 2817 445 ἐκεῖ
2858 394 2888 453 ἠ
2921 397 3167 469 χήρατὴν
3189 398 3218 454 ἡ
3250 394 3555 451 ἀπολέσασα
3583 395 3869 473 δραχμὴν,

2259 491 2462 555 πρῶτον
2488 480 2591 553 ἧψε
2620 486 2707 534 τὸν
2745 482 2959 554 λύχνον,
3002 481 3113 535 εἶτα
3157 483 3421 557 ἐκόσμησε
3463 491 3550 539 τόν
3581 484 3740 553 οἶκον,
3772 494 3871 541 καὶ

2260 571 2392 624 οὕτω
2447 573 2796 642 κοσμηθέντος
2842 577 2936 623 τοῦ
2980 574 3145 638 οἴκου,
3180 577 3270 625 καὶ
3322 582 3413 627 τοῦ
3451 574 3647 647 λύχνου
3680 576 3875 649 ἁφθέν-

2260 680 2365 723 τος,
2397 661 2577 733 εὑρέθη
2632 661 2661 717 ἢ
2706 657 2929 732 δραχμὴ
2962 658 3011 711 ἐν
3051 668 3112 733 τῇ
3162 681 3359 736 κόπρῳ,
3392 668 3480 715 καὶ
3537 663 3583 715 ἐν
3640 674 3698 737 τῇ
3734 665 3875 719 ἀκα-

2265 751 2476 823 θαρσίᾳ,
2510 753 2600 800 καὶ
2658 755 2719 819 τῇ
2760 757 2827 820 γῇ
2885 753 3223 820 κεχωσμένη,
3291 757 3389 803 Καὶ
3422 760 3509 803 νῦν
3549 754 3579 811 ἡ
3613 753 3767 825 ψυχὴ
3802 758 3870 807 οὐ

2264 833 2486 889 δύναται
2528 835 2613 908 ἀφ’
2670 836 2854 897 ἑαυτῆς
2902 838 3064 908 εὑρεῖν
3118 842 3237 900 τούς
3279 836 3443 900 ἰδίους
3488 838 3876 915 διαλογισμοὺς

2262 926 2419 986 αὐτῆς
2448 932 2538 978 καὶ
2584 929 2847 998 χωρίσαι,
2878 924 2986 976 ἀλλ’
3027 928 3147 978 ὃταν
3171 926 3304 1000 ἁφθῇ
3340 930 3366 979 6
3396 928 3589 1001 λύχνος
3620 932 3645 982 6
3676 934 3873 999 θείκὸς,

2262 1014 2413 1067 άπτει
2463 1020 2537 1076 εἰς
2573 1019 2661 1066 τὸν
2721 1013 3090 1085 ἑσκοτισμένον
3171 1016 3332 1081 οἷκον,
3382 1024 3472 1070 καὶ
3525 1026 3638 1072 τότε
3691 1017 3875 1093 βλέπει

2262 1109 2383 1164 τοῦς
2424 1103 2711 1176 λογισμούς
2768 1107 2949 1166 αὐτῆς,
2991 1111 3101 1165 πῶς
3134 1104 3237 1157 εἰσι
3267 1112 3594 1179 κεχωηιένοι
3651 1114 3721 1171 εὶς
3778 1117 3875 1170 τὴν

2264 1190 2590 1267 ἀκαθαρσίαν
2648 1196 2737 1244 xui
2794 1196 2880 1244 τόν
2940 1189 3190 1268 βόρϐορον
3255 1202 3351 1255 τῆς
3389 1195 3649 1269 ἁμαρτίας
3682 1214 3695 1228 ·
3749 1199 3875 1252 ἀνα-

2260 1280 2422 1335 τέλλει
2447 1284 2473 1333 6
2505 1282 2669 1348 ἣλιος,
2700 1286 2791 1333 xui
2816 1286 2933 1333 τότε
2964 1280 3141 1353 βλέπει
3184 1284 3214 1340 ἡ
3254 1282 3409 1355 ψυχὴ
3474 1292 3569 1343 τὴν
3612 1286 3875 1341 ἀπώλειαν

2261 1371 2445 1436 αὐτῆς,
2495 1375 2585 1422 xui
2636 1372 2863 1444 ἄρχεται
2916 1368 3289 1424 ἀνακαλεῖσθαι
3328 1379 3447 1435 τοὺς
3478 1373 3526 1426 έν
3570 1383 3631 1448 τῇ
3684 1380 3876 1453 κάπρῳ

2260 1465 2350 1512 xui
2403 1461 2639 1534 ῥυπαρία
2715 1460 3162 1531 ἀναμεμιγμένους
3227 1459 3536 1535 λογισμούς.
3606 1465 3872 1521 Ἀπὼλεσε

2258 1552 2360 1621 γὰρ
2403 1553 2496 1608 τὴν
2527 1548 2697 1600 εἰκόνα
2725 1550 2857 1607 αύτῆ
2876 1568 2897 1610 ς
2923 1549 2952 1605 ἡ
2998 1547 3152 1621 ψυχὴ
3182 1550 3475 1624 παραϐᾶσα
3504 1556 3596 1612 τὴν
3627 1552 3864 1615 hrcle»,

2332 1672 2400 1728 E'.
2432 1671 2632 1745 Ὠσπερ
2696 1672 2779 1725 ἐὰν
2927 1693 3005 1735 τις
3058 1670 3328 1746 βασιλεὺς,
3384 1681 3475 1728 xui
3513 1679 3611 1751 ἔχη
3645 1678 3873 1754 ὓπαρξιν

495 1768 609 1822 sub
638 1782 702 1821 se
732 1765 970 1829 habeat,
1003 1764 1115 1819 sibi
1144 1764 1548 1820 ministrantes
1580 1780 1591 1819 :
1622 1766 1927 1833 contingat
1946 1771 2134 1819 autem

2257 1768 2343 1815 xui
2375 1760 2652 1824 διακόνους
2691 1762 2777 1834 ὑφ’
2829 1762 3010 1815 ἑαυτὸν
3073 1767 3192 1824 τούς
3254 1765 3635 1840 ὑπηρετοῦντας
3685 1770 3872 1840 αὐτῷ’

493 1857 655 1912 hunc
688 1857 764 1910 ab
784 1853 1038 1909 inimicis
1053 1853 1560 1924 comprehensum
1576 1855 1878 1924 captivum
1894 1852 2142 1909 abduci:

492 1961 563 2001 eo
604 1950 781 2015 capto
807 1949 864 1998 et
892 1949 1060 1997 extra
1085 1945 1375 1998 terminos
1400 1944 1672 2014 abrepto,
1692 1942 1893 2013 utique
1912 1949 2146 2014 oportet

491 2048 690 2089 servos
704 2041 760 2086 et
777 2032 1080 2087 ministros
1112 2048 1148 2086 a
1176 2038 1340 2100 tergo
1366 2031 1529 2086 illum
1547 2032 1718 2102 sequi
1747 2047 1759 2084 :
1795 2030 1880 2086 sic
1901 2046 2143 2103 quoque

486 2122 682 2177 Adam
695 2120 971 2175 conditus
984 2125 1070 2175 est
1088 2135 1327 2190 purusa
1348 2119 1538 2175 Deoin
1565 2121 1693 2190 ejus
1720 2119 2138 2175 ministerium:

491 2208 608 2282 ἀί)
623 2210 750 2265 haec
767 2224 906 2264 vero
919 2216 1203 2265 creaturae
1221 2212 1297 2264 ad
1332 2224 1422 2264 ser
1437 2209 1710 2263 ciendum
1726 2208 1781 2263 ei
1794 2209 1948 2264 data;
1968 2216 2135 2268 sunt:

489 2300 778 2355 Dominus
810 2298 968 2353 enim
1001 2303 1057 2352 et
1084 2313 1186 2352 rex
1212 2300 1568 2352 constitutus
1583 2302 1672 2353 est
1692 2298 1964 2352 omnium
1981 2314 2142 2353 crea-

486 2394 775 2444 turarum.
809 2388 1024 2441 Verum
1054 2394 1377 2458 postquam
1402 2402 1600 2442 sermo
1629 2386 1941 2457 improbus
1971 2388 2048 2442 ad
2077 2388 2140 2443 il-

483 2477 609 2533 lum
640 2478 927 2549 pervenit,
960 2482 1017 2531 et
1040 2492 1178 2531 cum
1208 2492 1280 2531 eo
1306 2482 1698 2531 conversatus
1729 2482 1833 2541 est,
1869 2477 1998 2549 ipse
2028 2478 2139 2548 pri-

487 2583 655 2621 mum
720 2565 926 2620 auditu
986 2566 1261 2619 exteriori
1314 2566 1574 2637 suscepit
1628 2580 1789 2630 eum,
1822 2566 2038 2620 deinde
2089 2567 2137 2621 is

484 2656 813 2727 penetravit
842 2655 901 2708 in
919 2669 1021 2709 cor
1045 2653 1200 2724 ejus,
1224 2659 1279 2708 et
1308 2669 1550 2708 omnem
1573 2654 1702 2725 ejus
1734 2655 2133 2711 substantiam

482 2744 794 2814 occupavit
827 2761 840 2795 :
869 2750 925 2798 et
948 2743 1030 2797 ita
1069 2743 1311 2797 tandem
1332 2750 1507 2814 capto
1536 2742 1657 2805 illo,
1686 2749 1861 2813 capto
1892 2760 2137 2817 quoque

482 2837 589 2899 est,
614 2849 747 2905 quae
788 2832 1163 2887 ministrabat
1201 2838 1256 2886 et
1287 2831 1695 2887 subserviebat
1734 2834 1806 2902 ei,
1840 2840 2131 2890 creatura.

482 2922 590 2977 Per
620 2938 758 2976 eum
779 2923 940 2976 enim
970 2922 1289 2991 imperium
1311 2919 1569 2976 obtinuit
1598 2937 1760 2976 mors
1792 2939 1974 2993 super
1998 2939 2133 2978 om-

479 3026 618 3066 nem
651 3012 939 3076 animam,
968 3015 1026 3065 et
1063 3010 1314 3065 omnino
1359 3009 1686 3078 imaginem
1727 3010 1866 3066 Ade
1916 3011 2132 3069 delevit

2259 1852 2430 1925 συμϐῇ
2493 1849 2552 1905 δε
2610 1859 2791 1904 τοῦτον
2857 1854 2958 1904 ὑπὸ
3020 1860 3120 1904 τῶν
3179 1856 3383 1926 ἐχθρῶν
3439 1857 3870 1931 παραληφθῆναι,

2255 1948 2344 1995 xui
2410 1941 2928 2013 αἰχμαλωτισθῆναι,
3007 1944 3195 1994 τούτου
3278 1944 3707 2018 παραληφθέντος
3779 1954 3874 2002 xui

2255 2030 2627 2104 έξορισθέντος,
2679 2030 2877 2102 ἀνάγκη
2921 2035 3011 2083 xui
3061 2036 3183 2093 τοὺς
3233 2029 3516 2096 διακόνους
3563 2035 3723 2089 αὑτοῦ
3775 2045 3870 2092 xui

2253 2122 2512 2191 ὑπηρέτας
2543 2120 2712 2173 ὀπίσω
2765 2120 2927 2172 αὐτοῦ
2958 2119 3266 2174 ἀκολουθεῖν
3302 2140 3315 2152 ·
3349 2124 3485 2176 οὕτω
3514 2129 3603 2177 xui
3632 2128 3657 2177 6
3691 2124 3873 2202 ’Δδάμ

2251 2212 2466 2269 ἓκτίσθη
2507 2211 2735 2281 καθαρός
2765 2211 2866 2262 ὑπὸ
2916 2216 3015 2262 τοῦ
3057 2217 3191 2263 Θεοῦ
3244 2211 3319 2273 εἰς
3368 2209 3640 2266 διακονίαν
3682 2217 3865 2289 αὐτοῦ,

2250 2306 2339 2352 xui
2396 2307 2562 2351 ταῦτα
2594 2302 2657 2350 τὰ
2698 2302 2973 2371 κτίσματα
3020 2298 3090 2359 εἰς
3124 2300 3415 2373 ὑπηρεσίαν
3459 2304 3596 2374 αὐτῷ
3647 2302 3809 2364 ἐδόθη
3849 2333 3863 2346 ο

2253 2392 2443 2461 Κύριος
2493 2390 2595 2461 γὰρ
2646 2392 2735 2439 καὶ
2791 2385 3055 2461 βασιλεὺς
3128 2392 3425 2449 κατεστάθη
3500 2396 3698 2445 πάντων
3764 2405 3868 2448 τῶν

2248 2479 2549 2549 κτισμάτων
2575 2495 2585 2506 ⁸
2640 2476 2750 2528 ἀλλ’
2800 2476 2854 2539 ἐξ
2908 2477 2970 2529 οὗ
3025 2479 3050 2529 6
3088 2476 3240 2549 λόγος
3270 2482 3296 2530 ὁ
3320 2485 3543 2553 πονηρός
3572 2484 3867 2555 προσῆλθεν

2246 2568 2411 2638 αύτῷ,
2478 2572 2568 2618 xui
2616 2566 3054 2638 προσωμίλησεν,
3110 2567 3265 2630 αὐτὸς
3323 2576 3565 2642 πρότερον
3619 2568 3709 2623 διὰ
3766 2584 3866 2637 τῆς

2246 2656 2426 2719 ἔξωθεν
2479 2656 2641 2716 ἀκοῆς
2698 2653 2991 2717 ὑπεδέξατο
3047 2656 3224 2724 αὐτὸν,
3276 2654 3386 2710 εἶτα
3441 2656 3651 2717 διῆλθεν
3694 2663 3863 2716 αὐτοῦ

2246 2742 2340 2797 διὰ
2386 2754 2479 2806 τῆς
2532 2740 2779 2815 καρδίας,
2838 2750 2929 2796 καὶ
2986 2748 3247 2817 κατέσχεν
3314 2747 3475 2799 αὐτοῦ
3535 2755 3710 2801 πᾶσαν
3761 2758 3859 2811 τὴν

2243 2836 2537 2886 ὑπόστασιν
2571 2851 2584 2862 °
2644 2838 2733 2885 xui
2781 2833 2916 2884 οὕτω
2963 2832 3139 2885 λοιπόν
3190 2834 3354 2887 αὐτοῦ
3411 2837 3856 2912 παραληφθέντος,

2244 2922 2656 2996 πμπαρελὴφθη
2738 2927 2829 2974 xui
2888 2923 2916 2980 ἠ
2981 2918 3311 2976 διακονοῦσα
3379 2931 3467 2977 xui
3518 2928 3862 3001 ὑπηρετοῦσα

2242 3012 2382 3084 αὐτῷ
2412 3017 2605 3073 κτίσις.
2639 3011 2716 3063 Δι’
2770 3011 2929 3062 αὐτοῦ
2967 3013 3069 3083 γὰρ
3111 3012 3194 3064 ἐπὶ
3247 3019 3423 3065 πᾶσαν
3453 3014 3637 3086 ψυχὴν
3668 3016 3860 3070 ἐϐασί-

482 3104 724 3172 propter
748 3100 879 3171 ejus
902 3097 1393 3165 inobedientiam,
1415 3100 1571 3156 adeo
1589 3107 1647 3154 ut
1663 3103 1933 3155 conversi
1954 3110 2132 3174 atque

2250 3102 2471 3154 λευσενό
2523 3102 2758 3166 θάνατος,
2802 3105 2891 3152 καὶ
2941 3106 3116 3152 πᾶσαν
3147 3101 3321 3153 εἰκόνα
3366 3112 3455 3155 τοῦ
3504 3101 3680 3178 Ἀδὰμ
3717 3108 3858 3180 ἠφά-

477 3190 744 3261 prolapsi
767 3190 1175 3245 sinthomines
1195 3191 1272 3245 ad
1286 3191 1630 3246 adorandos
1643 3191 1970 3246 daemones.
1990 3194 2134 3247 Ecce

479 3278 636 3332 enim
683 3278 903 3334 fructus
966 3284 1132 3333 terrae
1182 3278 1287 3350 qui
1334 3278 1395 3332 in
1434 3278 1664 3334 bonum
1722 3296 1895 3334 usum
1929 3296 1965 3334 a
2019 3283 2134 3335 Deo

478 3368 656 3420 creati
682 3372 839 3431 sunt,
859 3366 1192 3421 oﬁ‘eruntur
1222 3368 1628 3421 daemonibus.
1654 3368 1898 3434 Panem,
1927 3369 2130 3423 vinum

478 3461 535 3508 et
558 3453 755 3507 oleum
776 3454 1033 3509 offerunt
1065 3454 1354 3509 altaribus
1384 3469 1614 3525 eorum,
1637 3457 1993 3511 etanimalia
2020 3457 2135 3512 im-

478 3545 728 3611 ponunt.
766 3540 878 3595 Sed
902 3556 1025 3595 non
1066 3542 1195 3596 haec
1228 3547 1459 3597 tantum
1494 3560 1512 3613 ;
1547 3543 1651 3597 sed
1682 3542 1834 3599 ﬁlios
1856 3546 2037 3600 etiam
2078 3553 2134 3601 et

474 3627 629 3684 ﬁlias
654 3627 1048 3685 immolarunt
1085 3630 1423 3686 daemoniis.

548 3844 632 3898 VI.
656 3843 975 3915 Hocigitur
1011 3850 1277 3917 tempore
1299 3845 1414 3913 ille,
1447 3847 1553 3918 qui
1579 3845 1857 3903 formavit
1915 3863 2131 3921 corpus

474 3940 528 3991 et
556 3934 846 4001 animam,
895 3934 1024 4007 ipse
1054 3935 1254 4008 prodit
1294 3941 1349 3991 et
1395 3935 1669 3992 dissolvit
1694 3953 1875 3994 omne
1902 3938 2129 3995 institu-

473 4028 599 4079 tum
622 4023 761 4079 mali
781 4025 1097 4090 daemonis,
1122 4041 1191 4081 ac
1212 4041 1404 4095 opora
1422 4026 1549 4096 ejus
1580 4025 1638 4080 in
1666 4027 2130 4095 cogitationibus

472 4119 815 4167 constructa
851 4130 864 4176 ;
897 4118 952 4167 et
980 4118 1420 4185 renovatatque
1435 4112 1994 4184 formatimaginem
2009 4132 2130 4170 coe-

473 4200 701 4264 lestem,
735 4206 789 4254 et
818 4201 1020 4255 condit
1050 4217 1270 4256 novam
1291 4202 1579 4266 animam,
1614 4208 1678 4256 ut
1708 4204 1896 4257 Adam
1926 4204 2125 4259 denuo

470 4288 573 4342 ﬁat
599 4304 698 4341 rex
716 4289 923 4341 mortis
937 4290 1289 4343 etdominus
1304 4296 1735 4344 creaturarum.
1756 4292 1818 4345 Et
1835 4292 1891 4344 in
1911 4292 2125 4346 umbra

468 4376 709 4448 quidem
746 4375 892 4445 legis
926 4379 1110 4431 Moses
1151 4377 1571 4447 appellabatur
1601 4386 1867 4434 servator
1896 4380 2070 4435 Israel
2106 4398 2119 4435 :

2242 3210 2378 3243 νισεν
2426 3192 2479 3241 ἐκ
2510 3197 2600 3250 τῆς
2642 3192 2832 3241 ἐκείνου
2876 3198 3169 3263 παρακοῆς,
3233 3189 3369 3243 ὥστε
3415 3202 3676 3266 τραπῆναι
3725 3202 3857 3259 τούς

2245 3278 2565 3350 ἀνθρώπους,
2626 3281 2714 3329 xui
2771 3277 2929 3329 ἐλθεῖν
2995 3278 3066 3339 εἰς
3119 3284 3477 3353 προσκύνησιν
3550 3280 3843 3356 δαιμόνων,

2245 3364 2386 3420 Ἰδού
2416 3370 2516 3439 γὰρ
2567 3369 2615 3418 οἱ
2658 3371 2853 3440 καρποὶ
2904 3375 2997 3429 τῆς
3027 3376 3126 3438 γῆς
3173 3370 3221 3420 οἱ
3260 3371 3360 3421 ὑπὸ
3418 3379 3510 3423 τοῦ
3558 3381 3691 3426 Θεοῦ
3739 3396 3857 3427 κτι-

2245 3458 2448 3516 σθέντες
2498 3455 2682 3519 καλῶς,
2731 3460 3114 3528 προσφέρονται
3166 3465 3275 3519 τοῖς
3332 3455 3603 3532 δαίμοσιν.
3657 3460 3855 3537 ⁴Αρτον

2243 3550 2331 3596 xui
2360 3540 2514 3613 οἶνον,
2560 3549 2648 3595 xui
2678 3543 2846 3597 ἔλαιον
2879 3546 2929 3596 ἐν
2981 3552 3087 3606 τοῖς
3124 3543 3324 3619 βωμοῖς
3371 3549 3559 3616 αὐτῶν,
3612 3556 3700 3603 xui
3735 3556 3855 3616 ζῶα

2242 3636 2561 3687 ὶπιτιθέασιν
2596 3655 2608 3667 ·
2642 3634 2701 3685 ού
2730 3638 2835 3706 μὴν
2876 3633 3004 3686 ἁ)λά
3050 3639 3138 3687 xui
3176 3640 3299 3699 τοὺς
3351 3640 3499 3700 υἱοὺς
3529 3640 3720 3706 αὐτῶν,
3756 3649 3855 3697 καὶ

2241 3726 2335 3786 τὰς
2354 3726 2641 3797 θυγατέρας
2664 3726 2853 3776 ἔθυσαν
2878 3731 2985 3785 τοῖς
3012 3721 3334 3797 δαιμονίοις.

2314 3850 2391 3915 ς’.
2448 3857 2555 3903 Νῦν
2582 3845 2670 3902 οὖν
2698 3850 2853 3913 αὐτὸς
2889 3851 2915 3902 ὁ
2962 3850 3171 3913 πλάσας
3202 3855 3261 3904 τό
3292 3861 3449 3927 σῶμα
3475 3855 3567 3907 καὶ
3603 3860 3697 3915 τὴν
3740 3856 3854 3929 ψυ-

2239 3943 2368 4011 χὴν,
2401 3939 2558 4001 αὐτὸς
2607 3940 2819 4012 ἔρχεται
2878 3944 2967 3992 καὶ
3018 3937 3220 3993 διαλύει
3260 3948 3434 3995 πᾶσαν
3466 3948 3559 4002 τὴν
3588 3943 3851 4020 ἀναστρο-

2240 4032 2337 4100 φὴν
2377 4036 2469 4081 τοῦ
2499 4038 2746 4101 πονηροῦ,
2802 4034 2891 4080 xui
2947 4031 3014 4081 τὰ
3069 4031 3196 4102 ἔργα
3248 4031 3408 4084 αὐτοῦ
3464 4034 3531 4085 τά
3576 4034 3846 4089 ἐπιτελού-

2236 4136 2362 4189 μενα
2393 4120 2441 4169 ἐν
2490 4125 2593 4179 τοῖς
2645 4117 2937 4189 λογισμοῖς,
2991 4124 3081 4171 καὶ
3129 4119 3451 4182 ἁνακαινίζει
3507 4128 3596 4175 xui
3644 4135 3847 4199 μορφοί

2235 4208 2406 4259 εἰκόνα
2462 4207 2782 4279 ἐπουράνιον,
2836 4212 2925 4259 xui
2975 4215 3114 4259 ποιεῖ
3168 4215 3345 4268 καινὴν
3393 4209 3594 4282 ψυχὴν,
3638 4214 3723 4265 ἵνα
3752 4220 3842 4286 γέ-

2232 4314 2385 4353 νηται
2414 4296 2566 4348 πάλιν
2614 4293 2863 4367 βασιλεὺς
2891 4296 2917 4346 ὁ
2964 4293 3138 4369 ’Δδὰμ
3181 4306 3272 4349 τοῦ
3318 4300 3563 4366 θανάτου,
3605 4306 3694 4353 καὶ
3735 4307 3842 4355 Κύ-

2230 4402 2346 4456 ριος
2374 4392 2472 4436 τῶν
2511 4394 2834 4457 κτισμάτων.
2898 4390 2997 4438 Καὶ
3060 4384 3108 4437 έν
3162 4394 3224 4459 τῇ
3283 4392 3409 4459 σκιᾷ
3460 4384 3518 4441 δὲ
3548 4396 3641 4441 τοῦ
3669 4396 3838 4463 νόμου

469 4464 669 4519 eduxit
699 4464 857 4518 enim
882 4481 983 4520 eos
1017 4482 1087 4519 ex
1108 4465 1385 4537 Egypto.
1439 4468 1531 4523 Sic
1560 4482 1802 4539 quoque
1837 4484 1997 4523 nunc
2028 4486 2122 4524 ve-

2250 4480 2460 4535 ιΙωυσῆς
2518 4455 2693 4548 Σωτὴρ
2754 4473 3043 4527 ἐπεκαλεῖτο
3124 4455 3215 4527 τοῦ
3290 4455 3501 4552 Ἰσραήλ
3539 4494 3551 4505 °
3631 4455 3842 4542 ἑξέέαλε

466 4566 567 4605 rus
590 4551 949 4624 Redemptor
974 4554 1240 4609 Christus
1274 4561 1544 4625 penetrat
1591 4556 1826 4611 occulta
1878 4558 2117 4626 animas,

465 4655 721 4713 eamque
775 4643 933 4712 ejicit
980 4659 1050 4698 ex
1102 4646 1414 4699 tenebrosa
1454 4648 1727 4716 ngypto,
1761 4648 2117 4714 gravissimo

459 4730 606 4801 jugo
633 4738 689 4785 et
727 4732 878 4786 dura
939 4733 1235 4789 servitute.
1269 4734 1532 4805 Praecipit
1578 4736 1752 4805 igitur
1804 4736 1998 4802 nobis,
2056 4744 2115 4794 ut

465 4821 847 4889 egrediamur
871 4822 1156 4889 emundo,
1188 4828 1244 4877 et
1259 4829 1673 4895 paupertatem
1690 4823 2111 4895 suscipiamus,

461 4909 675 4965 relictis
706 4912 989 4967 omnibus
1020 4928 1156 4984 quae
1198 4913 1491 4979 videmus,
1528 4929 1635 4968 nec
1656 4913 1991 4969 habeamus
2014 4933 2114 4971 cu-

461 5013 589 5053 ram
624 5006 937 5069 terrenam,
970 5003 1069 5055 sed
1088 5007 1257 5056 nocte
1272 5002 1489 5073 dieque
1504 5002 1841 5073 adjanuam
1860 5008 2006 5059 stem
2019 5024 2107 5074 us,

458 5093 515 5143 et
569 5095 981 5160 exspectemus
1032 5091 1279 5162 quando
1314 5092 1597 5146 Dominus
1635 5092 1864 5163 aperiat
1906 5094 2110 5153 clausa

456 5178 661 5245 corda,
686 5186 740 5235 et
770 5178 1114 5237 effundatin
1144 5196 1253 5235 nos
1276 5180 1527 5236 domum
1542 5180 1798 5254 Spiritus
1812 5186 2019 5239 sancti.

526 5482 637 5537 VII.
672 5481 870 5555 Jussit,
922 5498 1083 5556 ergo,
1118 5488 1183 5542 ut
1227 5483 1445 5542 relictis
1499 5501 1667 5555 auro,
1714 5492 1982 5561 argento,
2046 5494 2103 5547 et

523 5632 545 5667 ⁸
584 5632 723 5687 Luc.
754 5647 850 5700 xv,
879 5635 935 5690 8.

2226 4564 2328 4635 γὰρ
2360 4562 2547 4625 αὐτοὺς
2602 4562 2657 4614 ix
2711 4571 2799 4623 τῆς
2858 4564 3144 4635 Αἰγύπτου.
3180 4565 3330 4617 Οῦτω
3366 4571 3452 4618 καὶ
3498 4574 3586 4619 νῦν
3621 4570 3647 4620 ὁ
3697 4568 3838 4628 ἁλη-

2228 4653 2364 4713 θινός
2389 4651 2652 4725 λυτρωτὴς
2697 4655 2921 4724 Χριστὸς
2978 4648 3252 4727 διέρχεται
3299 4659 3373 4717 εὶς
3407 4674 3473 4706 τα
3515 4660 3711 4731 κρύφια
3735 4669 3839 4722 τῆς

2222 4738 2431 4812 ψυχῆς,
2483 4746 2572 4794 καὶ
2643 4740 2872 4793 ἐκϐάλλει
2928 4740 2983 4793 ix
3037 4751 3127 4803 τῆς
3188 4752 3457 4807 σκοτεινῆς
3533 4746 3832 4816 Αἰγύπτου,

2221 4838 2313 4882 τοῦ
2346 4828 2647 4901 βαρυτάτου
2690 4834 2867 4902 ζυγοῦ,
2922 4836 3013 4883 καὶ
3066 4838 3161 4894 τῆς
3190 4840 3379 4908 πικρᾶς
3426 4830 3683 4897 δουλείας.
3720 4838 3836 4892 Ἐν-

2220 4918 2443 4971 τέλλεται
2495 4915 2582 4971 οὖν
2629 4921 2770 4992 ἡμῖν,
2808 4922 2943 4972 ὥστε
2993 4918 3207 4983 ἐξελθεῖν
3256 4925 3311 4973 ἐκ
3342 4931 3433 4975 τοῦ
3478 4928 3704 4995 κόσμου,
3740 4933 3835 4981 καὶ

2218 5016 2532 5080 πτωχεῦσαι
2605 5007 2704 5062 ἀπὸ
2771 5012 2972 5061 πάντων
3045 5019 3142 5062 τῶν
3223 5016 3556 5084 φαινομένων,
3613 5020 3705 5067 xui
3758 5022 3832 5088 μὴ

2218 5098 2358 5169 ἔχειν
2418 5102 2667 5170 μέριμναν
2730 5101 2939 5171 γηῖνην,
3018 5097 3147 5151 ἀλλὰ
3213 5105 3399 5163 νυκτός
3471 5106 3561 5154 xui
3626 5105 3833 5178 ἡμέρας

2217 5186 2493 5245 έστηκέναι
2531 5188 2602 5249 εἰς
2649 5192 2735 5247 τὴν
2796 5190 2979 5261 θύραν,
3043 5192 3132 5241 καὶ
3173 5186 3569 5262 ἀπεκδέχεσθαι
3622 5200 3750 5246 πότε
3804 5196 3832 5246 6

2219 5278 2407 5350 Κύριος
2455 5274 2645 5340 ἀνοίξει
2700 5279 2789 5338 τὰς
2865 5276 3332 5351 συγκεκλεισμένας
3407 5276 3659 5352 καρδίας,
3739 5289 3831 5338 xui

2213 5365 2414 5439 έπιχεεῖ
2439 5366 2563 5438 ἡμῖν
2595 5369 2689 5426 τὴν
2716 5362 2914 5441 δωρεὰν
2950 5373 3040 5420 τοῦ
3068 5365 3223 5440 ἁγίου
3251 5371 3568 5442 [Ινεύματος.

2281 5490 2355 5549 Z'.
2417 5489 2571 5546 Εἶπεν
2626 5488 2714 5545 οὗν
2768 5491 2970 5568 ἀφιέναι
3025 5497 3253 5570 χρυσὸν,
3307 5494 3561 5570 ἄργυρον,
3623 5502 3827 5572 συγγό-
