4086 6194
259 287 372 346 549

1525 283 1865 344 HOMILLE.
1909 322 1975 330 —
2017 291 2188 347 HOM.
2231 290 2329 348 XI.

3537 297 3643 357 550

257 434 428 481 νειαν,
486 415 733 470 πωλῆσαι
778 417 845 466 τὰ
892 415 1220 487 ὑπάρχοντα,
1277 418 1366 465 καὶ
1409 411 1690 465 διαδοῦναι
1737 433 1845 466 πτω

1990 402 2276 487 cognatis,
2308 419 2639 473 vendamus
2669 420 2830 477 bona
2861 427 3087 489 nostra,
3121 427 3175 478 et
3200 404 3634 483 distribuamus

258 513 406 576 χοῖς,
448 510 541 556 καὶ
599 505 938 579 θησαυρίζειν
984 504 1137 568 αὐτὰ,
1184 507 1273 554 καὶ
1323 504 1495 563 ζητεῖν
1526 503 1598 564 εἰς
1641 508 1756 564 τούς
1787 505 1876 556 οὐ-

257 597 486 667 ρανούς“
517 592 715 646 Ὅπου
753 594 925 665 γάρό
960 595 1303 663 θησαυρός
1344 611 1480 658 σου,
1522 591 1653 644 ἐκεῖ
1691 596 1875 645 ἔσται

256 690 370 736 καὶ
415 686 447 740 ἡ
491 680 743 756 καρδία
783 701 920 734 σου.
954 677 1110 753 ’ᾘδει
1139 683 1238 755 γὰρ
1289 683 1314 732 6
1351 685 1557 753 Κύριος,
1589 683 1668 734 ὅτι
1706 682 1875 735 ἐντεῦ-

259 777 344 825 θεν
391 775 420 824 ό
451 778 683 832 Σατανᾶς
731 775 1006 843 κατισχίει
1059 779 1160 822 τῶν
1203 769 1487 842 λογισμῶν,
1532 778 1621 823 τοῦ
1652 778 1874 844 καταφέ-

251 881 368 934 ρειν
415 861 610 921 αὐτοὺς
641 859 709 919 εἰς
741 864 834 916 τὴν
880 854 1136 933 φροντίδα
1183 866 1282 908 τῶν
1331 857 1517 909 ὑλικῶν
1562 865 1651 911 καὶ
1679 864 1871 930 γηίνων

255 951 614 1024 πραγμάτων.
649 949 744 1001 Διά
793 956 946 999 τοῦτο
993 950 1018 999 6
1058 949 1186 1007 Θεὸς
1234 949 1605 1020 προνοούμενος
1642 956 1735 1011 τῆς
1766 949 1872 1020 ψυ-

251 1048 368 1112 χῆς
428 1058 544 1100 σου,
601 1034 736 1089 εἶπεν
798 1035 1163 1099 ἀποτάξασθαι
1219 1042 1401 1102 πᾶσιν,
1461 1038 1543 1088 ἵνα
1593 1044 1681 1090 καὶ
1731 1041 1868 1091 οἴκων

253 1127 599 1199 ἐπιζητησης
646 1130 730 1178 τόν
761 1125 998 1199 οὐράνιον
1028 1130 1268 1188 πλοῦτον,
1301 1130 1390 1176 καὶ
1445 1128 1574 1198 ἔχῃς
1617 1131 1710 1185 τὴν
1741 1149 1869 1202 καρ-

257 1215 386 1269 δίαν
422 1236 515 1268 σου
567 1218 698 1287 πρὸς
729 1219 817 1268 τόν
871 1220 1018 1268 Θεόν.
1067 1213 1187 1266 Ἐὰν
1233 1215 1331 1287 γὰρ
1363 1218 1451 1266 καὶ
1501 1213 1725 1288 θελήσῃς
1753 1221 1867 1270 ἑπι-

257 1313 565 1378 στραφῆναι
617 1309 745 1376 πρὸς
794 1305 860 1354 τά
914 1307 1203 1375 κτίσματα,
1259 1299 1408 1354 οὐδὲν
1463 1305 1719 1375 εὑρίσκεις
1770 1317 1868 1359 τῶν

249 1397 577 1467 φαινομένων
650 1397 979 1465 κεκτημένος.
1073 1391 1264 1456 Θέλεις,
1343 1391 1400 1442 οὐ
1479 1392 1658 1459 θέλεις,
1736 1398 1865 1449 ὅπου

250 1492 433 1536 ταῦτα
482 1485 840 1555 ἐθησαύρισας
900 1486 988 1533 καὶ
1046 1479 1261 1549 ἀπέθου,
1326 1479 1605 1551 ἀναγκάζει
1660 1485 1864 1556 πέμψαι

241 1577 338 1625 τόν
384 1580 507 1624 νοῦν
541 1591 635 1624 σου
667 1575 799 1642 πρὸς
838 1574 922 1622 τόν
973 1569 1210 1644 οὐράνιον
1246 1585 1257 1597 ’
1298 1575 1492 1621 Ὅπου
1532 1573 1649 1644 γὰρ
1691 1574 1717 1624 6
1759 1577 1859 1633 θη.

243 1666 494 1734 σαυρός
539 1679 672 1725 σου,
716 1661 850 1711 ἐκεῖ
884 1661 1070 1711 ἔσται
1101 1662 1209 1710 καὶ
1244 1659 1278 1716 ,ἡ
1323 1655 1565 1731 καρδία
1598 1680 1728 1714 σου.

1987 507 2354 576 pauperibus
2376 508 2419 572 ⁷,
2441 514 2493 562 et
2517 508 2872 577 colligamus
2900 527 2971 565 ea
3001 513 3057 564 in
3078 513 3450 582 thesaurum,
3473 533 3636 588 quae-

1986 610 2314 663 ramusque
2345 597 2402 650 in
2437 596 2602 651 caelis
2630 613 2642 650 ;
2680 598 2785 654 Ubi
2811 599 2962 654 enim
3008 606 3093 656 est
3124 603 3442 660 thesaurus
3473 614 3630 670 tuus,

1983 683 2066 738 ibi
2093 690 2177 739 est
2208 688 2262 739 et
2287 701 2389 739 cor
2441 689 2603 740 tuum
2633 687 2673 741 ³.
2726 689 2894 743 Novit
2922 691 3081 745 enim
3125 691 3435 760 Dominus,
3464 696 3630 771 quod

1985 772 2122 826 inde
2151 776 2402 828 Satanas
2427 775 2665 829 roboret
2695 793 2758 829 se
2785 776 3104 833 adversum
3132 782 3540 850 cogitationes,
3569 790 3631 840 ut

1984 860 2372 916 traducateas
2397 863 2452 916 iu
2479 861 2937 920 sollicitudinem
2960 882 3159 922 rerum
3179 871 3624 928 mundanarum

1982 954 2035 1003 et
2093 955 2479 1005 terrenarum.
2542 954 2854 1022 Propterea
2885 955 3061 1020 Deus,
3095 957 3197 1026 qui
3232 974 3438 1014 curam
3477 941 3638 1031 gerit.

1980 1038 2196 1093 animas
2222 1045 2356 1103 tuae,
2384 1040 2560 1108 jussit
2588 1043 2924 1096 renuntiare
2952 1044 3256 1114 omnibus,
3288 1052 3348 1101 ut
3370 1049 3458 1102 vel
3482 1051 3629 1104 invi-

1979 1129 2071 1179 tus
2098 1143 2333 1197 quaeras
2383 1127 2653 1182 cmlestes
2704 1129 2959 1195 divitias,
2985 1137 3042 1185 et
3070 1131 3298 1188 habeas
3329 1151 3428 1190 cor
3454 1143 3623 1194 tuum

1977 1216 2140 1285 apud
2171 1219 2374 1270 Deum.
2407 1218 2689 1282 Quamvis
2715 1219 2875 1273 enim
2918 1219 3173 1276 volueris
3191 1226 3402 1278 reverti
3431 1226 3507 1280 ad
3531 1243 3624 1281 res

1978 1312 2226 1366 creatas,
2244 1304 2390 1359 nihil
2411 1315 2605 1360 tamen
2629 1323 2858 1374 eorum,
2882 1325 3017 1380 quae
3042 1310 3336 1376 videntur,
3360 1318 3410 1368 te
3437 1316 3628 1384 possi-

1977 1392 2115 1447 dere
2141 1393 2552 1463 deprehendes
2583 1415 2596 1450 :
2632 1396 2793 1461 velis,
2851 1398 3099 1464 nolisve,
3133 1403 3362 1469 cogeris
3398 1404 3625 1460 mittere

1979 1487 2232 1536 mentem
2252 1482 2329 1536 ad
2343 1483 2638 1538 caelestem
2662 1485 3028 1551 thesaurum,
3065 1488 3162 1542 ubi
3178 1504 3248 1543 ea
3261 1490 3547 1560 collegisti
3569 1499 3624 1549 et

1973 1569 2308 1640 deposuisti
2345 1588 2356 1625 :
2397 1572 2506 1627 Ubi
2525 1573 2677 1628 enim
2710 1577 2794 1628 est
2826 1573 3142 1630 thesaurus
3171 1583 3327 1647 tuus,
3367 1579 3549 1635 ibiest
3565 1588 3619 1637 et

1969 1674 2072 1713 cor
2092 1663 2256 1715 tuum
2283 1661 2325 1711 ο.

321 1768 407 1821 H'.
472 1772 571 1821 Καὶ
628 1768 728 1841 γὰρ
783 1766 832 1818 ἐν
886 1773 959 1836 τῷ
1016 1769 1156 1836 νόμῳ
1209 1763 1467 1817 ἐκέλευσεν
1517 1767 1543 1817 6
1603 1771 1732 1830 Θεὸς
1783 1779 1845 1841 τᾷ

2037 1765 2171 1820 VIII.
2225 1768 2316 1823 Sic
2363 1767 2542 1823 etiam
2596 1769 2654 1823 in
2689 1767 2818 1837 lege
2851 1770 3129 1841 praecepit
3159 1772 3314 1827 Deus
3360 1776 3522 1840 Mosi,
3555 1781 3618 1832 ut

233 1864 486 1921 Μωῦσιῖ,
521 1859 602 1908 ἶνα
647 1861 839 1928 ποιήσῃ
874 1859 984 1927 ὄφιν
1015 1855 1268 1926 χαλκοῦν,
1300 1859 1388 1906 καὶ
1431 1863 1609 1908 τοῦτον
1640 1857 1851 1933 ὑψώσῃ,

230 1954 332 2000 καὶ
391 1945 674 2019 προσπήξη
724 1945 800 2006 εἰς
828 1948 886 1996 τό
918 1943 1205 2015 ἀκρότατον
1253 1951 1344 1996 τοῦ
1395 1943 1546 2006 ξύλου
1573 1963 1584 1974 ·
1611 1952 1699 1998 καὶ
1739 1951 1853 2002 ὅσοι

228 2044 341 2086 τῶν
370 2039 530 2106 ὄφεων
562 2033 904 2097 ἐπλήσσοντο,
939 2037 1291 2104 προσέχοντες
1319 2040 1388 2102 τῷ
1411 2036 1519 2103 ὄφει
1549 2043 1619 2104 τῷ
1644 2037 1847 2108 χαλκῷ,

233 2127 436 2184 ἰάσεως
487 2122 805 2194 ἐτύγχανον.
865 2128 1030 2174 Τοῦτο
1106 2121 1443 2188 οἰκονομικῶς
1500 2121 1713 2192 ἐγίνετο,
1771 2126 1853 2178 ἵνα

230 2215 290 2265 οἱ
341 2217 690 2283 κατεχόμενοι
726 2211 794 2271 είς
848 2214 937 2271 τάς
975 2213 1161 2282 γηῖνας
1216 2215 1484 2284 μερίμνας,
1529 2216 1618 2264 καὶ
1648 2212 1722 2274 εἰς
1759 2217 1852 2276 τὰς

228 2297 692 2372 εἰδωλολατρείας,
743 2305 834 2351 καὶ
879 2299 952 2359 εἰς
981 2301 1074 2360 τάς
1121 2295 1313 2358 ηδονάς
1359 2306 1450 2350 τοῦ
1501 2307 1720 2366 Σατανᾶ,
1763 2309 1850 2356 καὶ

229 2391 315 2452 εἰς
361 2395 541 2442 πᾶσαν
596 2387 855 2454 ἀσέϐειαν,
915 2385 1008 2439 διά
1039 2391 1224 2439 τούτου
1261 2395 1354 2438 τοῦ
1405 2393 1600 2461 τρόπου
1629 2401 1851 2464 μερικῶς

225 2499 348 2539 πως
401 2477 739 2548 ἀνακύψωσιν
773 2476 856 2530 ἐπὶ
897 2479 962 2529 τά
1019 2478 1144 2542 ἅνω,
1197 2480 1285 2528 καὶ
1341 2474 1694 2547 ἀναψύξαντες
1747 2481 1849 2534 ἀπὸ

227 2576 342 2620 τῶν
373 2569 518 2619 κάτω
566 2571 903 2639 προσέχωσιν
960 2568 1043 2618 ἐπὶ
1076 2568 1138 2616 τά
1185 2564 1382 2635 ὑψηλὰ,
1430 2569 1519 2616 καὶ
1559 2567 1713 2619 πάλιν
1761 2569 1847 2622 ἀπ’

229 2658 448 2710 ἐκείνων
495 2656 832 2731 προκόψωσιν
884 2655 953 2717 εἰς
1009 2659 1066 2706 τό
1121 2653 1486 2725 ὑψηλότατον
1546 2662 1635 2708 καὶ
1691 2659 1848 2720 οὕτως

225 2748 383 2798 κατά
436 2747 620 2817 μικρὸν
693 2748 1067 2816 προκόπτοντες
1125 2742 1196 2804 εἰς
1253 2746 1310 2794 τὸ
1384 2741 1700 2816 ὑψηλότερον
1759 2755 1848 2802 καὶ

227 2835 497 2907 ἀνώτερον
575 2836 714 2904 γένος
779 2832 1219 2903 ἐπιγινώσκωσιν,
1279 2833 1357 2883 ὅτι
1430 2830 1571 2884 ἐστὶν
1623 2834 1848 2906 ὕψιστος

224 2927 390 2998 παρὰ
444 2929 614 2975 πᾶσαν
642 2927 736 2980 τὴν
788 2928 982 2978 κτὶσιν.
1033 2921 1182 2973 Οὕτω
1226 2925 1314 2972 καὶ
1347 2924 1403 2972 σε
1451 2920 1681 2976 ἐκέλευσε
1711 2946 1846 2978 πτω-

219 3017 341 3086 χόν
375 3014 636 3083 γενέσθαι,
680 3016 769 3063 καὶ
819 3013 988 3062 πάντα
1016 3009 1333 3067 πωλήσαντα
1377 3006 1562 3062 δοῦναι
1589 3024 1843 3085 πτωχοῖς,

1967 1854 2183 1910 faceret
2234 1862 2570 1926 serpentem
2621 1872 2880 1923 aeneum,
2937 1863 2992 1913 et
3023 1858 3190 1915 illum
3233 1861 3518 1918 exaltaret
3544 1880 3615 1920 ac

1964 1942 2232 2012 aﬁigeret
2255 1944 2332 2000 ad
2365 1945 2769 1999 summitatem
2800 1945 2941 2014 ligni
2988 1948 3068 2002 ³ος
3103 1955 3159 2003 et
3203 1950 3546 2023 quicunque
3577 1969 3614 2008 a

1965 2033 2341 2103 serpentibus
2394 2033 2896 2103 percutiebantur.
2953 2035 3250 2092 intuentes
3289 2038 3348 2092 in
3373 2055 3610 2096 aeneum

1962 2127 2316 2191 serpentem,
2349 2121 2644 2176 medelam
2661 2123 3183 2195 consequebantur
3202 2128 3464 2198 .Hocque
3491 2145 3611 2185 non

1962 2210 2190 2280 absque
2204 2209 2860 2280 dispensationetiebat,
2894 2214 3066 2284 utqui
3088 2216 3331 2269 terrenis
3359 2219 3514 2272 curis
3537 2233 3609 2273 ac

1962 2297 2313 2363 idololatria,
2347 2305 2525 2370 atque
2546 2299 2954 2369 voluptatibus
3011 2303 3268 2368 Satanae,
3318 2307 3606 2379 omnique

1961 2387 2264 2456 impietate
2285 2387 2531 2442 districti
2553 2395 2769 2452 essent,
2789 2387 2902 2444 hoc
2933 2390 3142 2445 saltem
3170 2392 3352 2447 modo
3374 2393 3610 2466 aliqua-

1960 2482 2130 2530 tenus
2180 2478 2542 2546 respicerent
2600 2478 2930 2547 superiora,
2992 2484 3048 2533 et
3100 2480 3176 2534 ab
3225 2481 3610 2539 inferioribus

1959 2563 2319 2634 respirantes
2363 2565 2442 2619 ad
2472 2565 2754 2620 sublimia
2783 2567 3174 2637 attenderem,
3207 2574 3264 2624 et
3294 2586 3499 2626 rursus
3528 2574 3606 2628 ab

1959 2651 2072 2706 illis
2089 2653 2534 2723 proﬁcereutad
2553 2655 2915 2711 altissimum
2940 2673 2953 2708 :
2982 2657 3132 2712 etita
3157 2658 3447 2728 paulatim
3472 2677 3607 2732 pro-

1959 2742 2292 2812 gredientes
2339 2745 2416 2798 ad
2471 2744 2878 2800 sublimiorem
2911 2752 2966 2800 et
2990 2748 3359 2818 superiorem
3392 2767 3607 2821 proge-

1958 2833 2138 2897 niem,
2163 2839 2590 2902 cognoscerent
2615 2849 2743 2888 esse
2771 2834 3098 2905 quemdam
3131 2836 3485 2895 altissimum
3509 2858 3604 2896 su-

1957 2937 2065 2993 pra
2088 2937 2333 2976 omnem
2365 2928 2719 2978 creaturam.
2754 2924 2845 2978 Sic
2888 2939 3131 2994 quoque
3165 2930 3216 2980 te
3240 2928 3418 2995 jussit
3452 2932 3602 2985 Deus

1955 3025 2283 3081 pauperem
2322 3009 2466 3074 ﬁeri,
2501 3016 2558 3064 et
2605 3011 2809 3065 omnia
2842 3011 3196 3067 vendentem
3231 3019 3600 3085 pauperibus

225 3104 322 3154 ἵνα
389 3101 563 3152 λοιπὸν
618 3099 712 3152 κάν
766 3099 990 3160 θελήσης
1038 3101 1176 3150 κάτω
1231 3098 1391 3172 ῥέψαι
1443 3100 1527 3151 ἐπὶ
1584 3109 1671 3162 τῆς
1720 3113 1840 3174 γῆς,

1958 3099 2176 3166 largiri,
2213 3103 2274 3152 ut
2305 3103 2531 3167 postea,
2564 3099 2613 3152 si
2643 3097 2780 3152 velis
2813 3098 3013 3154 denuo
3043 3115 3248 3171 repere
3277 3118 3456 3172 super
3488 3110 3600 3159 ter-

218 3197 304 3264 μὴ
346 3187 602 3263 δυνηθῇς.
654 3192 968 3261 Ἐρευνησας
995 3191 1095 3262 γὰρ
1129 3189 1178 3238 ἐν
1208 3195 1268 3260 τῇ
1302 3185 1497 3262 καρδίᾳ
1525 3208 1618 3241 σου
1668 3193 1841 3266 οἶρχου

217 3282 373 3353 μετά
405 3287 502 3330 τῶν
531 3278 794 3348 λογισμῶν
825 3296 918 3329 σου
952 3273 1312 3347 διαλέγεσθαι,
1349 3278 1497 3350 Παρ’
1530 3279 1556 3328 6
1593 3278 1695 3332 ἐπὶ
1735 3292 1842 3343 τῆς

217 3377 357 3440 γῆς
403 3364 586 3420 οὐδὲν
625 3369 881 3438 ἔχομεν,
925 3367 1177 3436 ἄγωμεν
1217 3369 1370 3438 πρὸς
1409 3370 1512 3417 τὸν
1552 3368 1838 3440 οὐρανὸν,

214 3460 398 3510 ὅπου
427 3459 662 3529 ἓχὸμεν
690 3459 794 3508 τὸν
827 3457 1177 3527 θησαυρὸν,
1209 3456 1366 3506 ὅπου
1407 3457 1837 3529 ἐπραγματευ-

219 3548 508 3619 σάμεθα.
549 3551 809 3618 ’Δρχεται
837 3546 864 3596 6
891 3551 1007 3604 νοῦς
1035 3562 1130 3594 σου
1159 3541 1415 3596 ἀνανεύειν
1448 3549 1574 3616 πρὸς
1605 3555 1662 3598 το
1685 3548 1836 3619 ὕψος,

213 3641 316 3688 καὶ
341 3635 608 3696 ἐπιζητεῖν
634 3637 700 3687 τὰ
729 3633 976 3708 ἀνώτερα,
1005 3638 1096 3685 καὶ
1126 3638 1436 3705 πρρκόπτειν
1464 3632 1512 3684 ἐν
1541 3638 1731 3708 τούτῳ,

301 3723 396 3779 ϐ’.
440 3729 503 3776 Τί
560 3720 619 3776 δέ
673 3721 813 3774 ἇστιν
865 3725 891 3774 ό
943 3725 1116 3796 νεκρὸς
1170 3725 1301 3792 ὄφις,
1361 3723 1386 3772 ό
1432 3731 1836 3798 προσπεπηγμέ-

217 3835 306 3876 νος
370 3813 443 3875 εἰς
493 3816 552 3864 τὸ
606 3811 888 3884 ἀκρότατον
941 3819 1032 3863 τοῦ
1091 3811 1262 3876 ξύλου,
1297 3811 1410 3863 ἰᾶτο
1463 3817 1582 3874 τοὺς
1639 3816 1838 3874 πεπλη-

215 3910 455 3977 γμνους
482 3920 496 3969 ;
528 3905 553 3954 ό
584 3907 761 3976 νεκρός
809 3906 918 3973 ὄφις
959 3905 1074 3961 τοὺς
1128 3902 1321 3962 ζῶντας
1373 3901 1533 3966 ἐνίκα,
1567 3904 1700 3956 ὥστε
1750 3909 1834 3956 τύο

210 4013 322 4054 πός
377 3991 481 4044 ἐττι
511 3999 602 4043 τοῦ
657 3997 899 4063 σώματος
947 3998 1037 4042 τοῦ
1094 3995 1312 4062 Κυρίου.
1357 3995 1426 4044 T6
1478 3999 1630 4063 σῶμα
1675 3995 1775 4067 γὰρ
1807 3994 1832 4045 ὃ

206 4081 410 4136 ῐλαϐεν
483 4083 537 4133 ἐκ
612 4089 708 4141 τῆς
763 4080 995 4154 Μαρίας,
1073 4077 1343 4150 ἀνήνεγκεν
1419 4080 1546 4132 αὐτό
1605 4080 1689 4133 ἐπὶ
1742 4083 1831 4134 τοῦ

211 4178 485 4244 σταυροῦ,
544 4191 632 4222 και
707 4173 978 4245 ἐκρέμασε,
1057 4173 1145 4221 καὶ
1200 4171 1524 4242 προσίπηξεν
1581 4169 1665 4223 ἐπὶ
1740 4180 1831 4224 τοῦ

205 4262 406 4325 ξύλου,
439 4265 526 4312 καὶ
565 4265 652 4311 τόν
691 4262 740 4310 ἒν
780 4266 841 4330 τῇ
886 4253 1084 4330 καρδίᾳ
1124 4261 1237 4329 ὄφιν
1275 4259 1446 4319 ζῶντα
1484 4265 1574 4311 καὶ
1613 4261 1830 4334 ἔρποντα

205 4352 407 4424 νεκρὸν
457 4357 610 4420 σῶμα
661 4349 870 4403 ἐνίκησε
940 4351 1029 4398 καὶ
1108 4345 1416 4401 ἀπέκτεινεν.
1469 4345 1602 4400 Ὠδε
1655 4351 1830 4422 θαῦμα

1952 3204 2104 3252 ram,
2134 3203 2250 3242 non
2274 3187 2490 3257 possis.
2518 3189 2794 3242 Scrutans
2813 3188 3029 3256 ergoin
3053 3189 3231 3245 corde
3252 3195 3372 3255 tuo,
3403 3193 3598 3264 incipe

1953 3293 2087 3332 cum
2137 3275 2598 3344 cogitationibus
2630 3277 2744 3330 tuis
2785 3275 3127 3346 disputare:
3159 3278 3300 3334 Cum
3349 3280 3505 3337 nihil
3536 3285 3598 3338 in

1951 3369 2126 3422 terris
2144 3365 2566 3434 possideamus,
2601 3371 2972 3422 transeamus
3004 3366 3115 3438 41
3149 3369 3230 3424 ad
3255 3370 3466 3425 caelum
3493 3371 3596 3426 ubi

1952 3457 2232 3512 habemus
2253 3455 2620 3520 thesaurum,
2645 3461 2697 3510 et
2718 3455 3116 3525 ubinegotiati
3139 3474 3360 3514 sumus.
3380 3460 3596 3531 Incipit

1950 3559 2121 3599 mens
2146 3549 2250 3600 tua
2275 3545 2352 3600 ad
2375 3544 2656 3598 sublimia
2676 3559 3000 3616 emergere,
3019 3552 3076 3602 et
3105 3548 3597 3619 superiorainda-

1948 3648 2090 3704 gare
2119 3640 2171 3688 et
2202 3635 2262 3688 in
2293 3650 2363 3688 eo
2395 3632 2701 3704 proﬁcere.

2020 3723 2104 3777 IX.
2136 3723 2355 3776 Verum
2384 3722 2529 3793 quid
2553 3722 2743 3776 innuit
2773 3738 3018 3793 serpens
3050 3723 3144 3778 ille
3177 3729 3592 3798 mortuus,qui

1947 3811 2295 3866 sublimitati
2308 3811 2446 3880 ligni
2461 3809 2960 3874 afﬁxus,sanabat
2974 3814 3328 3881 percussos?
3343 3816 3594 3884 Serpens

1942 3899 2037 3954 ille
2065 3905 2333 3954 mortuus
2359 3899 2527 3955 vivos
2554 3899 2895 3968 superabat,
2926 3906 2986 3954 ut
3012 3907 3190 3971 typus
3223 3903 3296 3956 sit
3324 3902 3590 3972 corporis

1944 3987 2200 4044 Domini.
2256 3991 2483 4059 Corpus
2535 3987 2695 4042 enim
2727 3987 2893 4057 quod
2927 3991 3257 4059 assumpsit
3279 4005 3351 4045 ex
3381 3990 3580 4057 Maria,

1942 4079 2218 4136 exaltavit
2243 4079 2301 4133 in
2333 4094 2526 4144 cruce,
2564 4077 2949 4149 suspenditet
2979 4079 3162 4135 aiﬁxit
3187 4080 3350 4150 ligno
3379 4097 3391 4136 :
3421 4092 3474 4136 et
3504 4084 3583 4139 ita

1941 4177 2275 4239 serpentem
2307 4167 2364 4221 in
2398 4167 2576 4223 corde
2616 4168 2908 4223 viventem
2939 4175 2995 4222 et
3024 4175 3327 4239 repentem
3359 4187 3582 4243 corpus

1939 4264 2245 4312 mortuum
2274 4257 2408 4311 vicit
2429 4263 2481 4311 et
2503 4255 2742 4312 occidit.
2771 4257 2868 4311 Hic
2888 4257 3243 4312 miraculum
3269 4261 3583 4328 magnum!

1937 4349 2247 4419 quomodo
2278 4361 2522 4416 serpens
2563 4352 2833 4400 mortuus
2891 4346 3173 4401 occiderit
3215 4348 3417 4403 vivum
3452 4352 3464 4406 l
3520 4350 3593 4404 At

205 4445 500 4513 μέγιστον,
545 4445 650 4497 πῶς
680 4438 705 4489 6
743 4438 920 4509 νεκρὸς
962 4439 1077 4507 ὄφις
1128 4439 1211 4487 τὸν
1261 4436 1432 4496 ζῶντα
1490 4435 1776 4491 ἀπέκτεινεν
1812 4459 1825 4504 ς

1958 4435 2456 4507 ιυθωειάωοάιιω
2500 4433 2635 4488 fecit
2686 4436 2868 4490 Moses
2898 4451 3119 4490 novum
3148 4452 3321 4507 opus,
3357 4453 3496 4492 cum
3521 4439 3594 4492 si-

210 4527 334 4580 ἀλλ’
375 4526 426 4576 ὃν
454 4531 640 4598 τρόπον
669 4529 880 4582 ἐποίησε
911 4531 1141 4586 Μωυσῆς
1171 4529 1346 4576 καινὸν
1395 4529 1560 4597 ἔργον,
1590 4528 1828 4599 ὁμοίωμα

208 4625 316 4670 τοῦ
366 4615 553 4678 ζῶντος
606 4618 762 4686 ὄφεως
801 4616 1030 4675 ποιήσας
1060 4631 1073 4643 '
1106 4615 1240 4665 οὕτω
1284 4616 1428 4666 καὶὸ
1472 4618 1664 4688 Κύριος
1714 4636 1828 4667 και-

208 4712 307 4759 νὸν
371 4706 514 4776 ἔργον
565 4707 622 4755 Ex
659 4711 756 4764 τῆς
801 4707 1005 4775 Μαρίας
1057 4701 1285 4764 ἐποίησε,
1325 4707 1414 4755 καὶ
1453 4713 1604 4756 τοῦτο
1659 4701 1828 4757 ἐνεδύ-

210 4813 365 4848 σατο
415 4792 526 4843 ἀλλ’
569 4793 663 4844 οὐκ
738 4795 919 4862 ἤνεγκε
991 4795 1046 4843 τό
1115 4800 1268 4863 σῶμα
1320 4791 1372 4855 ἒξ
1445 4793 1663 4866 οὐρανοῦ
1699 4812 1709 4822 ·
1770 4797 1826 4844 τὸ

207 4890 440 4953 Πνεῦμα
490 4885 548 4934 τὸ
608 4882 845 4954 οὐράνιον
903 4883 951 4931 ἐν
1009 4877 1080 4952 τῷ
1134 4877 1313 4951 Ἀδὰμ
1379 4882 1601 4934 εἰσελθὸν
1656 4883 1826 4956 εἰργά-

210 4991 380 5037 σατο,
433 4978 522 5023 καὶ
565 4979 744 5022 τοῦτον
800 4973 1109 5043 σννεκέρασε
1152 4978 1209 5042 τῇ
1259 4972 1465 5028 θεότητι
1519 4976 1607 5023 καί
1650 4969 1827 5024 ἐνεδύ-

210 5079 380 5128 σατο,
433 5059 764 5134 ἀνθρωπίνην
816 5061 1007 5131 σάρκα,
1055 5063 1144 5110 καὶ
1189 5062 1484 5131 ἓμόρφωσεν
1525 5063 1571 5112 ἐν
1620 5069 1680 5132 τῇ
1727 5066 1826 5133 μή·

202 5171 338 5226 τρᾳ,
395 5148 598 5223 Ὠσπερ
668 5146 753 5201 οὖν
811 5151 926 5220 ὄφις
979 5148 1208 5219 χαλκοῦς
1267 5151 1355 5208 ἕως
1410 5157 1502 5200 τοῦ
1561 5153 1823 5212 Μωῦσέως

209 5242 318 5294 οὐκ
371 5239 608 5296 ἑκελεὺθη
667 5238 768 5289 ὑπὸ
823 5244 914 5288 τοῦ
975 5242 1168 5310 Κυρίου
1223 5235 1269 5287 ἐν
1313 5242 1494 5310 κόσμῳ
1547 5240 1815 5310 γενέσϐαι.

213 5331 366 5384 οὕτω
419 5324 486 5386 δὴ
545 5335 698 5399 σῶμα
765 5328 942 5378 καινόν
1000 5331 1088 5378 καὶ
1157 5327 1539 5399 ἀναμάρτητον,
1589 5329 1682 5389 ἐως
1735 5334 1827 5380 τοῦ

215 5422 430 5491 Κυρίου
482 5416 576 5470 οὐκ
628 5415 783 5488 ἐφάνη
844 5413 891 5467 ἓν
939 5415 1010 5486 τῷ
1071 5418 1272 5487 κόσμῳ.
1336 5415 1672 5489 Παραϐάντος
1726 5418 1825 5491 γὰρ

299 5664 321 5700 ⁷
355 5660 551 5718 Matth.
590 5675 710 5732 xxx,
738 5659 827 5714 20.
905 5659 926 5694 ⁸
959 5657 1158 5714 Matth.
1192 5676 1264 5724 vx,
1293 5662 1383 5714 21.

1940 4524 2335 4580 militudinem
2367 4523 2485 4577 vivi
2515 4522 2805 4594 serpentis
2836 4521 3182 4593 efﬁngeret:
3212 4526 3295 4579 sic
3339 4541 3588 4599 quoque

1941 4613 2226 4668 Dominus
2252 4627 2476 4667 novum
2505 4627 2658 4681 opus
2705 4626 2776 4665 ex
2829 4611 3010 4667 Maria
3063 4612 3348 4679 condidit,
3381 4621 3436 4669 et
3465 4615 3579 4671 hoc

1939 4702 2147 4762 induit.
2178 4717 2298 4756 non
2314 4706 2515 4755 autem
2538 4699 2732 4755 attulit
2759 4716 2977 4771 corpus
3003 4717 3074 4756 ex
3092 4701 3264 4756 caelo.
3292 4704 3578 4772 Spiritum

1939 4789 2258 4855 caelestem,
2286 4788 2388 4860 qui
2419 4789 2716 4842 Adamum
2757 4789 3220 4857 ingrediebatur,
3256 4791 3495 4853 creavit,
3530 4798 3585 4845 et

1940 4879 2095 4934 hunc
2112 4877 2458 4950 permiscuit
2478 4875 2790 4940 divinitati,
2815 4884 2870 4932 et
2894 4877 3083 4932 induit
3107 4893 3350 4932 carnem
3375 4878 3592 4934 huma-

1937 4983 2102 5032 nam,
2124 4983 2378 5038 eamque
2403 4965 2678 5021 formavit
2699 4965 2756 5020 in
2776 4972 2958 5020 utero.
2987 4967 3146 5021 Sicut
3167 4982 3310 5035 ergo
3341 4983 3582 5036 serpen-

1937 5063 2053 5112 tem
2085 5072 2319 5111 aaneum
2353 5071 2542 5126 usque
2572 5055 2651 5109 ad
2704 5055 2906 5109 Mosen
2933 5070 3052 5108 non
3088 5055 3267 5125 jussit
3293 5055 3587 5110 Dominus

1935 5145 1995 5201 in
2021 5145 2246 5200 mundo
2270 5143 2393 5198 ﬁeri
2423 5161 2435 5198 :
2465 5145 2543 5199 ita
2564 5158 2781 5215 corpus
2797 5159 3023 5198 novum
3044 5149 3100 5198 et
3126 5146 3350 5214 peccati
3373 5161 3586 5216 expers

1936 5251 2127 5307 usque
2157 5234 2235 5290 ad
2252 5233 2569 5288 Dominum
2595 5249 2711 5288 non
2743 5233 3021 5304 apparuit
3046 5235 3102 5287 in
3137 5234 3386 5288 mundo.
3422 5234 3582 5288 Post-

1935 5341 2118 5397 quam
2133 5323 2293 5379 enim
2307 5323 2533 5393 primus
2555 5322 2744 5377 Adam
2762 5321 3114 5378 mandatum
3130 5321 3228 5376 Dei
3256 5327 3586 5392 transgres-

1937 5431 2038 5471 sus
2062 5417 2168 5479 est,
2191 5411 2638 5482 regnavitmors
2661 5411 2723 5467 in
2751 5411 3064 5467 universos
3091 5411 3221 5484 ejus
3259 5411 3419 5468 ﬁlios
3449 5430 3461 5472 :
3497 5428 3592 5468 su-
