4076 6210
541 266 641 326 551

1839 259 1901 317 S.
1941 256 2242 317 MACARII
2281 252 2590 316 IEGYPTII

3764 262 3856 320 552

536 388 769 463 peravit
794 401 937 459 ergo
962 401 1183 460 corpus
1218 388 1527 444 mortuum
1556 388 1904 456 serpentem
1962 384 2200 440 vivum.

2335 385 2405 440 ’ὴν
2457 380 2659 441 ἐντολὴν
2708 388 2799 434 τοῦ
2856 387 3066 456 πρώτου
3121 380 3320 457 ’Δδὰμ,
3376 383 3689 439 ἐϐασίλευσεν
3734 388 3757 439 ὁ
3799 389 3876 441 θά-

621 696 683 751 Χ.
710 695 775 747 Et
804 691 919 748 hoc
967 689 1325 747 miraculum
1357 686 1576 744 Judaais
1606 687 1851 759 quidem
1886 684 2216 741 offendicu-

551 781 701 847 lum,
726 780 942 837 Graecis
966 785 1166 836 autem
1199 777 1445 833 stultitia
1463 782 1571 832 est.
1604 777 1755 841 Quid
1781 778 1938 830 enim
1974 780 2218 845 Aposto-

549 871 641 928 lus
655 872 737 926 ait
754 870 893 927 :Nos
910 874 1098 926 autem
1110 868 1506 936 pradicamus
1526 864 1825 921 Christum
1843 864 2217 932 cruciﬁxum,

550 961 589 1015 J
593 960 771 1015 udoeis
783 959 1015 1030 quidem
1032 953 1711 1025 o/fendiculum,Grcecis
1728 969 1864 1009 vero
1878 953 2214 1017 stultitiam,

562 1049 721 1105 nobis
737 1047 1002 1119 vero,qui
1013 1060 1345 1111 servamur,
1364 1043 1667 1100 Christum
1683 1042 1794 1098 Dei
1807 1042 2132 1111 potentiam
2147 1056 2217 1097 ac

554 1140 665 1196 Dei
690 1139 1045 1209 sapientiam
1074 1136 1141 1189 ¹¹.
1163 1135 1225 1189 In
1242 1149 1493 1205 corpore
1505 1132 1665 1187 enim
1697 1138 1936 1187 mortuo
1952 1133 2067 1186 vita
2088 1134 2213 1186 est:

556 1227 653 1283 hic
685 1226 1038 1297 redemptio,
1068 1224 1165 1278 hic
1191 1223 1429 1293 lumeu;
1465 1221 1560 1277 hic
1577 1220 1806 1276 accedit
1829 1222 1907 1275 ad
1940 1224 2213 1285 mortem,

556 1324 613 1373 et
642 1317 909 1387 disputat
933 1328 1073 1368 cum
1104 1327 1177 1367 ea
1205 1311 1520 1376 Dominus,
1551 1325 1620 1364 ac
1641 1308 1906 1379 mandat,
1932 1317 1991 1363 ut
2020 1308 2217 1377 ejiciat

558 1422 631 1463 ex
649 1404 880 1460 inferno
907 1405 1164 1457 etmorte
1182 1399 1441 1464 animas,
1470 1413 1541 1453 ac
1555 1396 1880 1453 reddateas
1905 1396 2041 1452 sibi.
2067 1400 2217 1453 Ecce

558 1497 682 1553 haec
697 1494 857 1549 hisce
885 1488 1178 1562 perculsa,
1207 1487 1651 1544 aditministros
1674 1501 1834 1552 suos,
1863 1493 2213 1557 congregat-

559 1600 677 1657 que
691 1597 901 1639 omnes
914 1584 1236 1652 potestates
1264 1593 1335 1633 ac
1352 1577 1648 1648 principes
1674 1576 1940 1639 malitiae,
1969 1576 2215 1631 adducit

561 1669 983 1742 chirographa,
1017 1674 1074 1723 et
1096 1666 1243 1722 dicit
1275 1682 1288 1721 :
1322 1687 1350 1715 «
1381 1668 1523 1720 Ecce
1556 1665 1613 1720 hi
1644 1664 2000 1721 obedierunt
2029 1666 2214 1720 verbo

2312 489 2465 532 νατος
2494 471 2579 524 ἐπὶ
2610 470 2703 523 ὅλα
2752 473 2820 523 τὰ
2856 475 3010 525 τέκνα
3061 471 3259 525 αὐτοῦ·
3316 472 3542 533 ἐνίκησεν
3597 472 3678 528 οὖν
3723 480 3879 551 νεκρὸν

2322 568 2475 631 σῶμα
2501 563 2587 612 τὸν
2620 560 2793 621 ζῶντα
2819 564 2960 633 ὅφιν,

2394 681 2454 739 Γ.
2504 686 2601 736 Καὶ
2648 691 2802 737 τοῦτο
2860 686 3177 756 Θαυμάσιον,
3216 682 3497 747 Ἰουδαίοις
3548 691 3635 760 μὲν
3682 686 3885 742 σκάνδα-

2322 772 2427 835 λον,
2478 770 2696 830 Ἕλλησι
2742 769 2801 825 δε
2857 778 3050 849 μωρία.
3090 779 3154 827 Τί
3212 771 3271 827 δε
3324 774 3508 847 λέγειό
3558 776 3882 840 Ἀπόστολος·

2323 859 2536 932 Ἡμεῖς
2577 858 2644 913 δὲ
2700 865 3109 935 κηρύσσομεν
3175 863 3425 921 Ἰησοῦν
3473 870 3889 937 Χριστόν,καὶ

2325 959 2548 1002 τοῦτον
2581 953 3090 1025 ἐσταυρωμένον,
3127 949 3479 1014 Ἰουδαίοις
3508 957 3613 1026 μὲν
3644 952 3890 1008 σκάνδα-

2324 1039 2446 1105 λον,
2485 1038 2745 1097 Ἕλλησι
2786 1037 2854 1092 δε
2891 1046 3158 1115 μωρίαν,
3215 1043 3367 1114 ἡμῖν
3419 1039 3486 1094 δὲ
3536 1051 3668 1105 τοῖς
3712 1044 3889 1105 σωζο-

2323 1133 2539 1201 μένοις
2616 1132 2898 1202 Χριστὸν
2971 1136 3133 1182 Θεοῦ
3219 1127 3516 1203 δύναμιν,
3575 1138 3676 1185 καὶ
3748 1139 3887 1186 Θεοῦ

2325 1223 2576 1290 σοφίαν.
2613 1219 2694 1270 Ἐν
2723 1220 2822 1290 γὰρ
2848 1225 2917 1289 τῷ
2942 1227 3103 1291 νεκρῷ
3131 1224 3337 1291 σώματι
3362 1222 3391 1278 ἠ
3428 1221 3534 1281 ζωή
3566 1238 3578 1250 ⁸
3603 1217 3702 1274 ὧδε
3729 1223 3756 1278 ἡ
3780 1241 3887 1274 απο-

2321 1306 2597 1380 λύτρωσες,
2630 1304 2733 1359 ὧδε
2761 1310 2820 1358 τό
2850 1316 2976 1379 φῶς,
3009 1305 3113 1360 ὧδε
3140 1310 3355 1383 ἔρχεται
3385 1313 3512 1383 πρός
3560 1314 3640 1362 τόν
3674 1313 3886 1378 θάνατον,

2322 1402 2411 1449 καὶ
2433 1393 2729 1467 διαλέγεται
2749 1396 2890 1467 αὐτῷ
2916 1399 2941 1449 6
2968 1400 3179 1471 Κύριος,
3202 1405 3292 1450 καὶ
3316 1402 3638 1471 προστάσσει
3659 1407 3744 1452 τοῦ
3763 1399 3891 1453 ἔκϐα-

2320 1485 2422 1538 λείν
2466 1486 2522 1537 ἐκ
2565 1494 2656 1538 τοῦ
2702 1482 2868 1559 ᾍδου
2917 1492 3007 1539 καὶ
3045 1494 3138 1539 τοῦ
3183 1489 3407 1540 θανάτου
3457 1491 3547 1549 τὰς
3592 1488 3785 1560 ψυχὰς,
3815 1494 3891 1542 καὶ

2322 1570 2611 1628 ἀποδοῦναι
2642 1575 2803 1646 αύτῷ.
2856 1571 2997 1628 Ἰδού
3028 1572 3116 1628 οὖν
3160 1576 3311 1639 οὗτος
3338 1580 3467 1649 πρός
3506 1586 3669 1630 ταῦτα
3713 1596 3893 1651 ταρασ-

2323 1669 2531 1737 σόμενος
2591 1664 2883 1740 εἰσέρχεται
2937 1668 3063 1737 πρὸς
3120 1668 3238 1726 τοὺς
3290 1662 3566 1728 διακόνους
3608 1666 3778 1734 αὐτοῦ,
3822 1672 3892 1719 καὶ

566 1778 699 1819 meo
725 1764 737 1819 ι
763 1775 898 1815 ecce
919 1757 1228 1830 quomodo
1241 1755 1569 1811 adorarunt
1586 1770 1695 1809 nos
1719 1753 1996 1809 mortales
2021 1754 2035 1809 l
2064 1757 2215 1809 Deus

2335 1756 2537 1825 συνάγει
2585 1756 2755 1814 πάσας
2793 1756 2888 1816 τὰς
2922 1751 3191 1827 δυνάμεις,
3231 1759 3322 1808 καὶ
3370 1758 3700 1833 προσφέρειό
3735 1758 3894 1831 ἅρχων

564 1857 787 1915 autem,
810 1848 913 1920 qui
935 1845 1234 1917 estjustus
1258 1844 1471 1916 judex,
1498 1842 1613 1899 illic
1633 1842 1893 1899 ostendit
1916 1843 2213 1914 justitiam

569 1957 768 2005 suam,
796 1953 867 1993 ac
888 1936 1027 1991 dicit
1058 1934 1135 1990 ad
1168 1950 1304 1990 eam
1330 1950 1343 1988 :
1378 1934 1573 1989 Paruit
1622 1932 1722 1988 tibi
1776 1934 1963 1987 Adam
1990 1940 2046 1987 et
2070 1934 2216 1988 obti-

571 2029 752 2086 nuisti
803 2026 939 2081 inde
986 2038 1167 2079 omne
1193 2038 1295 2078 cor
1316 2024 1465 2094 ejus.
1492 2022 1937 2094 Obtemperavit
1973 2023 2072 2077 tibi
2106 2023 2220 2077 hu-

569 2118 851 2181 manitas,
884 2128 1085 2169 meum
1117 2127 1335 2184 corpus
1362 2117 1560 2166 autem
1587 2111 1735 2182 quid
1762 2110 1902 2166 facit
1928 2112 2023 2165 hic
2044 2111 2071 2165 ?
2101 2114 2220 2167 Hoc

569 2207 797 2281 peccati
822 2209 908 2260 est
931 2217 1167 2274 expers.
1198 2204 1425 2272 Corpus
1446 2200 1592 2255 illud
1625 2201 1799 2271 primi
1820 2200 1963 2255 Adae
1992 2200 2222 2271 obliga-

571 2303 697 2353 tum
732 2294 833 2350 tibi
863 2298 974 2356 est.
1006 2296 1062 2346 et
1085 2290 1219 2361 jure
1266 2289 1344 2345 ob
1375 2290 1437 2344 id
1466 2290 1594 2359 ejus
1644 2286 2045 2362 chirographa
2069 2290 2221 2345 obti-

571 2402 717 2442 nes:
763 2382 906 2438 mihi
935 2385 1134 2436 autem
1164 2394 1375 2434 omnes
1431 2378 1744 2448 perhibent
1790 2380 2220 2438 testimonium.

492 2516 495 2521 .
572 2473 736 2545 quod
761 2487 879 2526 non
898 2467 1291 2541 peccaverim,
1317 2465 1462 2521 nihil
1485 2466 1588 2521 tibi
1605 2466 1818 2537 debeo,
1849 2472 1906 2522 et
1923 2468 2089 2539 quod
2111 2468 2223 2521 sim

574 2561 751 2618 Filius
774 2560 877 2615 Dei
908 2556 1169 2613 universi
1201 2555 1345 2610 mihi
1372 2560 1741 2610 attestantur.
1770 2558 2033 2627 Desuper
2062 2557 2222 2611 enim

575 2666 643 2706 ex
673 2648 837 2704 caelis
866 2646 924 2701 in
960 2652 1174 2701 terram
1208 2645 1450 2699 veniens
1483 2660 1599 2699 vox
1625 2645 2026 2700 testimonium
2052 2646 2220 2702 tulit:

583 2738 699 2794 Hie
712 2742 794 2793 est
808 2736 1003 2792 Filius
1016 2748 1176 2789 meus
1188 2733 1657 2802 dilectus,ipsum
1673 2734 1874 2789 audite
1893 2735 1988 2788 ".J
1995 2750 2112 2789 oan
2122 2750 2225 2790 nes

582 2830 830 2883 testatur
859 2841 870 2877 :
903 2824 1077 2885 Ecce,
1095 2825 1303 2893 Agnus
1330 2821 1456 2887 Dei,
1473 2821 1577 2891 qui
1602 2823 1759 2877 tollit
1781 2829 2026 2892 peccata
2054 2840 2227 2878 mun-

583 2916 647 2971 di
671 2916 740 2968 υ.
765 2916 828 2968 Et
850 2914 1065 2968 iterum
1086 2912 1413 2982 scriptura:
1445 2911 1558 2977 Qui
1576 2915 1883 2978 peccatum
1911 2928 2030 2967 non
2055 2912 2222 2982 fecit,

577 3019 686 3061 nec
715 3004 991 3059 inventus
1019 3006 1102 3057 est
1128 3000 1303 3055 dolus
1333 2999 1395 3054 in
1422 3015 1485 3055 eo
1508 3001 1575 3053 ιδ.
1610 3002 1705 3055 Et:
1757 3001 1917 3056 Venit
1943 3002 2226 3071 princeps

2324 1852 2414 1903 τῆς
2460 1847 2706 1917 πονηρίας
2754 1845 2819 1895 τὰ
2857 1848 3209 1918 χειρόγραφα,
3243 1850 3333 1896 καὶ
3363 1843 3501 1917 λέγει
3536 1866 3551 1881 ο
3582 1864 3611 1895 ct
3640 1842 3743 1900 Ἴδε
3771 1845 3895 1898 οὗτοι

2326 1934 2632 1990 ὑπήκουσαν
2695 1941 2766 2003 τῷ
2836 1931 2974 2003 λόγῳ
3026 1952 3150 2005 μου,
3206 1931 3290 1986 ἴδε
3344 1935 3476 1986 ὅπου
3532 1938 3894 2010 προσεκύνησαν

2327 2024 2451 2093 ἡμῖν
2482 2024 2532 2073 οἱ
2556 2022 2840 2097 ἄνθρωποι.
2872 2021 2931 2073 Ὀ
2962 2018 3021 2074 δε
3052 2026 3202 2087 Θεὸς,
3251 2019 3622 2097 δικαιοκρίτης
3663 2024 3743 2090 ὢν,
3768 2026 3895 2075 κάκεῖ

2330 2108 2564 2163 δείκνυσι
2598 2114 2654 2163 τό
2700 2108 2904 2162 δίκαιον
2931 2111 3092 2163 αὐτοῦ
3135 2116 3227 2163 καὶ
3254 2112 3387 2183 λέγει
3418 2112 3563 2183 αὐτῷ
3595 2132 3608 2181 ;
3638 2112 3895 2171 ’Υπήκουσέ

2334 2219 2417 2253 σοι
2446 2202 2472 2253 6
2495 2196 2691 2272 Ἀδὰμ,
2724 2205 2813 2251 καὶ
2843 2204 3105 2272 κατέσχες
3136 2200 3295 2253 αὐτοῦ
3324 2204 3506 2265 πάσας
3531 2204 3620 2264 τὰς
3650 2199 3853 2274 καρδίας
3880 2219 3891 2232 ·

2331 2291 2599 2347 ὑπήκουσέ
2647 2309 2731 2341 σοι
2764 2291 2794 2347 ἡ
2842 2288 3197 2363 ἁνθρωπότης,
3246 2294 3303 2342 τό
3344 2293 3469 2363 ἓμόν
3522 2301 3669 2365 σῶμα
3712 2297 3757 2343 τί
3784 2297 3897 2343 ποιεῖ

2331 2375 2454 2432 ὧδε.
2499 2385 2662 2430 Τοῦτο
2703 2377 3070 2453 ἁναμάρτητόν
3118 2378 3258 2431 ἐστιν
3293 2398 3305 2412 ·
3341 2378 3507 2433 έκεῖνο
3548 2386 3603 2434 τὸ
3654 2388 3793 2454 σῶμα
3823 2386 3895 2431 τοῦ

2331 2474 2539 2542 πρώτου
2588 2463 2762 2539 Ἀδὰμ
2814 2466 3151 2541 ἕχρεὼστησέ
3202 2487 3307 2533 σοι,
3365 2474 3459 2522 καὶ
3512 2466 3722 2533 δικαίως
3763 2469 3896 2521 αὐτοῦ

2331 2560 2571 2628 κατέχεις
2601 2558 2667 2608 τὰ
2695 2561 3029 2630 χειρόγραφα
3053 2573 3065 2586 ⁸
3100 2556 3211 2628 ἐμοὶ
3246 2555 3305 2609 δε
3336 2561 3530 2620 πάντες
3558 2565 3892 2632 μαρτυροῦσιν,

2333 2648 2413 2697 ὃτι
2434 2645 2537 2717 ούχ
2561 2647 2793 2718 ἥμαρτον
2826 2661 2839 2674 ·
2874 2645 2933 2697 ού
2962 2654 3219 2721 χρεωστῶ
3254 2665 3335 2699 σοι
3369 2644 3528 2701 οῦδέν
3552 2664 3566 2682 ·
3598 2654 3682 2701 καὶ
3708 2649 3780 2700 ὃτι
3801 2648 3899 2704 Υἱός

2334 2734 2440 2806 εἰμι
2470 2741 2561 2785 τοῦ
2593 2740 2747 2799 Θεοῦ,
2781 2734 2969 2795 πάντες
3010 2753 3101 2806 μοι
3152 2744 3538 2809 μαρτυροῦσιν.
3593 2738 3777 2789 Ἐπάνω
3815 2737 3895 2807 γὰρ

2332 2832 2430 2876 τῶν
2462 2818 2689 2894 οὖρανών
2735 2821 3065 2896 ἐμαρτύρησε
3114 2829 3251 2895 φωνὴ
3299 2824 3529 2878 ἐλθοῦσα
3559 2825 3639 2879 ἐπὶ
3682 2833 3766 2886 ri;
3796 2831 3895 2894 γῆς,

2336 2912 2531 2971 Οὗτός
2568 2911 2746 2963 ἔστιν
2798 2912 2824 2962 6
2864 2913 3015 2974 Υἱός
3075 2932 3204 2984 μου
3245 2914 3270 2965 6
3312 2912 3693 2986 ἁγαπητός”
3733 2914 3899 2965 αὑτοῦ

2336 2999 2619 3053 ἀκούετε.
2663 2999 2960 3063 Ἰωάννης
2998 3009 3339 3074 μαρτυρεῖ,
3386 3002 3502 3058 ’Ἱδε
3550 3003 3772 3077 όὰμνός
3806 3007 3897 3053 τοῦ

580 3088 2227 3163 Ιια]αειηιιηάὶ,ειὶητηεηοηΙιαὺειᾳαίάᾳααπιίδ.οιιὶοἱωο
2267 3104 2307 3160 C
2339 3097 2497 3143 Θεοῦ
2537 3092 2562 3141 6
2601 3093 2794 3164 αἴρων
2833 3095 2944 3148 τὴν
2985 3090 3311 3163 ἁμαρτίαν
3351 3102 3473 3146 τοῦ
3513 3099 3751 3165 κόσμου
3787 3106 3799 3119 ’
3828 3095 3899 3141 καὶ

579 3188 643 3239 tu
664 3184 811 3253 ipse,
836 3182 1079 3243 Satana,
1096 3179 1169 3233 de
1193 3194 1286 3232 me
1312 3180 1541 3233 testaris
1554 3178 1758 3233 dicens
1785 3195 1797 3234 :
1821 3180 1978 3235 Novi
2000 3189 2051 3235 te
2071 3180 2230 3251 quod

580 3272 657 3327 sis
682 3271 873 3325 Filius
899 3268 1004 3323 Dei
1016 3269 1082 3321 1⁸.
1100 3269 1163 3321 Et
1184 3267 1429 3321 iterum:
1463 3265 1614 3330 Quid
1625 3267 1888 3322 reinobis
1909 3271 2097 3324 tecum
2121 3277 2226 3337 est,

577 3359 715 3415 Jesu
735 3356 1085 3413 Nazarene?
1110 3353 1319 3411 venisti
1339 3354 1455 3409 huc
1472 3355 1553 3410 ad
1565 3357 1958 3411 cruciandum
1976 3373 2079 3413 nos
2092 3365 2231 3417 ante

582 3451 806 3515 tempus
836 3446 905 3510 ¹⁷,
938 3444 1076 3497 Tres
1103 3457 1245 3511 ergo
1281 3441 1426 3496 mihi
1451 3443 1860 3500 testimonium
1890 3446 2227 3516 perhibent,

581 3534 686 3605 qui
706 3534 968 3603 desuper
1018 3546 1049 3585 e
1080 3529 1242 3585 coelis
1290 3544 1497 3584 vocem
1529 3531 1761 3599 emittit,
1793 3540 1848 3587 et
1878 3535 1979 3605 qui
2003 3542 2142 3591 sunt
2170 3537 2231 3592 in

582 3629 757 3687 terra,
789 3625 846 3676 et
874 3626 937 3674 tu
961 3620 1107 3691 ipse.
1144 3618 1389 3673 Redimo
1441 3618 1621 3691 igitur
1641 3635 1862 3693 corpus
1895 3622 1999 3678 tibi
2027 3626 2228 3680 vendi-

583 3717 709 3769 tum
737 3728 773 3767 a
798 3711 991 3783 primo
1011 3708 1173 3764 Ada:
1222 3708 1487 3764 dissolvo
1519 3714 1621 3765 tua
1644 3709 2046 3784 chirographa
2072 3729 2085 3769 :
2119 3730 2231 3785 ego

583 3800 744 3858 enim
776 3798 1037 3856 satisfeci
1093 3813 1200 3869 pro
1242 3798 1456 3853 debitis
1510 3800 1667 3866 Adae,
1710 3801 1856 3857 dum
1915 3805 2233 3861 cruciﬁxus

586 3908 744 3962 sum,
771 3898 827 3946 et
856 3892 915 3944 in
961 3888 1259 3944 infernum
1314 3888 1618 3944 descendi.
1652 3892 1716 3945 Et
1744 3892 1967 3949 mando
1995 3894 2119 3959 tibi,
2150 3896 2237 3950 in-

585 3979 769 4047 ferae,
806 3978 1061 4035 tenebras
1120 3986 1175 4033 et
1234 3993 1414 4043 mors,
1467 3980 1666 4035 emitte
1697 3980 1964 4038 inclusas
1999 3984 2237 4040 animas

586 4070 752 4126 Adae.
788 4089 815 4121 ››
848 4070 1059 4140 Sicque
1091 4068 1335 4122 tandem
1358 4069 1649 4139 improbae
1688 4078 2025 4140 potestates,
2080 4083 2239 4130 metu

590 4158 899 4230 perculsa,
929 4159 1243 4211 restituunt
1269 4154 1567 4211 inclusum
1588 4157 1800 4213 Adam.

2336 3180 2489 3231 πάλιν
2530 3181 2559 3237 ἡ
2607 3184 2805 3253 Γραφὴ,
2862 3178 2969 3242 Ὃς
3035 3180 3365 3256 ἁμαρτίαν
3437 3183 3548 3236 οῦκ
3612 3185 3900 3242 ἐποίησεν,

2336 3266 2486 3322 ούδε
2526 3270 2752 3343 εὑρέθη
2796 3266 2990 3332 δόλος
3028 3268 3086 3322 ἕν
3124 3270 3296 3341 αὐτῷ
3332 3288 3344 3300 ⁸
3381 3278 3474 3325 καὶ
3504 3274 3605 3340 ὅτι,
3637 3271 3901 3345 Ἔρχεται

2338 3360 2363 3410 6
2395 3360 2613 3431 όῖρχων
2672 3366 2783 3411 τοῦ
2823 3363 3069 3431 κόσμου
3108 3362 3365 3425 τούτου,
3427 3367 3539 3414 καὶ
3577 3361 3634 3414 ἐν
3671 3361 3797 3433 ἐμοὶ
3829 3359 3905 3410 εὑ-

2336 3453 2525 3524 ρήσει
2565 3444 2775 3503 οὐδέν.
2821 3455 2920 3503 Καὶ
2954 3453 3018 3502 σὺ
3065 3447 3125 3503 δε
3150 3450 3327 3517 αὐτὸς,
3384 3459 3631 3518 Σατανᾶς,
3661 3454 3905 3525 μαρτυρεῖς

2339 3558 2432 3611 μοι
2459 3537 2639 3608 λέγων,
2670 3534 2837 3591 Οἶδά
2879 3558 2946 3592 σε
2983 3544 3083 3601 τίς
3122 3538 3194 3605 εἰ,
3223 3541 3248 3592 6
3280 3543 3435 3605 Υἱὸς
3474 3550 3583 3595 τοῦ
3620 3547 3768 3594 Θεοῦ
3796 3541 3905 3588 ’καὶ

2341 3627 2513 3692 πάλιν,
2540 3632 2612 3679 Τί
2641 3628 2794 3699 ἡμῖν
2830 3633 2939 3680 καὶ
2972 3634 3075 3681 σοὶ
3117 3629 3331 3687 Ἰησοῦ
3362 3633 3731 3706 Ναξαρηνί;
3757 3628 3908 3687 ἦλθες

2342 3720 2458 3789 πρό
2499 3726 2730 3791 καιροῦ
2789 3716 3156 3789 βασανίσαι
3219 3721 3415 3791 ἡμᾶς,
3463 3728 3907 3793 Τρείςμοιμαρτυ-

2342 3814 2547 3879 ροῦσιν,
2570 3807 2596 3858 ὁ
2622 3806 2790 3859 ἐπάνω
2808 3814 2906 3858 τῶν
2932 3807 3161 3880 οὐρανῶν
3188 3813 3360 3879 φωνὴν
3386 3808 3629 3882 ἀφίησιν,
3651 3810 3696 3861 οἱ
3716 3806 3789 3859 ἐπὶ
3806 3811 3905 3876 γῆς,

2345 3900 2433 3948 καὶ
2466 3899 2530 3947 σὺ
2563 3895 2736 3957 αῦτός.
2774 3895 3107 3967 Ἐξαγοράζω
3140 3893 3226 3949 οὖν
3261 3902 3317 3950 τό
3366 3908 3523 3971 σῶμα
3553 3902 3609 3951 τό
3638 3898 3811 3969 πραθὲν
3840 3908 3907 3942 σοι

2348 3982 2441 4037 διὰ
2470 3992 2560 4037 τοῦ
2586 3990 2791 4057 πρώτου
2839 3981 3041 4057 Ἀδὰμ,
3072 3986 3319 4058 παραλύω
3355 4006 3457 4040 σου
3488 3992 3555 4040 τὰ
3586 3998 3900 4062 χειρόγραφα.

2346 4074 2486 4146 Ἐγὼ
2516 4078 2616 4149 γὰρ
2649 4071 2897 4126 ἀπέδωκα
2921 4077 2986 4127 τὰ
3013 4080 3151 4149 χρία
3179 4083 3270 4128 τοῦ
3302 4074 3486 4149 ’Δδὰμ
3517 4076 3817 4150 σταυρωθεὶς
3838 4071 3909 4119 καὶ

2350 4164 2607 4217 κατελθὼν
2637 4166 2684 4216 ἐν
2711 4173 2781 4234 τῷ
2805 4162 2912 4234 ᾷδη
2946 4181 2957 4194 ·
2990 4170 3080 4217 καὶ
3109 4164 3296 4217 κελεύω
3329 4184 3437 4236 σοι,
3468 4163 3540 4238 ᾅδ
3545 4186 3573 4224 η
3608 4172 3692 4217 καὶ
3733 4166 3906 4220 σκότος,

586 4252 677 4298 καὶ
702 4248 906 4310 θάνατε»
941 4242 1119 4295 ἔκϐαλε
1157 4246 1250 4303 τὰς
1290 4241 1709 4315 ἐγκεκλεισμένας
1749 4252 1931 4320 ψυχὰς
1978 4258 2072 4302 τοῦ
2113 4252 2313 4328 Ἀδὰμ,
2358 4274 2385 4307 ι)
2431 4260 2530 4307 Καὶ
2569 4253 2703 4306 οὕτω
2740 4252 2919 4305 λοιπόν
2960 4255 3014 4305 αἱ
3053 4259 3278 4328 πονηραὶ
3319 4250 3574 4329 δυνάμεις
3620 4250 3909 4329 τρομάξασαι

588 4330 914 4387 ἀποδιδοῦσι
938 4336 1025 4383 τόν
1050 4330 1463 4403 ἐγκεκλεισμένον
1484 4331 1681 4406 Ἀδάμ.

663 4459 777 4532 42
807 4459 889 4515 XI.
913 4459 1126 4513 Verum
1174 4458 1219 4512 si
1252 4458 1530 4524 audieris,
1567 4461 1730 4531 quod
1756 4461 1855 4520 illo
1882 4469 2149 4539 tempore
2171 4471 2234 4526 li-
2265 4472 2311 4525 D

588 4550 809 4605 berarit
828 4546 1063 4603 animas
1085 4562 1156 4601 ex
1182 4546 1411 4603 inferno
1425 4554 1481 4604 et
1496 4550 1779 4617 tenebris,
1795 4559 1851 4608 et
1876 4556 2038 4626 quod
2065 4558 2239 4615 adin-

590 4638 746 4695 feros
772 4637 1145 4692 descenderit
1172 4638 1476 4703 Dominus,
1501 4646 1555 4693 et
1579 4638 1883 4710 perfecerit
1905 4660 2058 4715 opus
2096 4663 2242 4718 prae-

590 4729 842 4794 clarum,
864 4742 936 4781 ne
965 4725 1139 4797 longe
1161 4727 1239 4783 ab
1261 4728 1465 4783 anima
1497 4734 1597 4785 tua
1620 4728 1748 4785 haec
1767 4734 2005 4801 negotia
2028 4736 2241 4793 abesse

593 4818 912 4875 existimes.
942 4814 1134 4872 Homo
1174 4816 1473 4888 siquidem
1518 4816 1689 4871 facile
1721 4816 1879 4890 cap‘tt
1905 4828 1960 4877 et
1998 4826 2243 4896 -uscipit

597 4907 842 4963 malum.
878 4907 1103 4961 Detinet
1123 4907 1281 4960 enim
1314 4921 1473 4960 mors
1496 4906 1761 4961 animam
1794 4909 1960 4977 Adae,
1986 4918 2040 4967 et
2066 4914 2125 4968 in
2153 4920 2245 4971 te-

594 4996 793 5051 nebris
831 5000 969 5049 sunt
1007 4994 1252 5049 inclusa:
1283 4994 1675 5064 cogitationes
1733 4997 1970 5055 animm.
2005 5003 2068 5056 Et
2106 5018 2243 5059 cum

592 5085 855 5140 audieris
873 5083 947 5138 de
962 5084 1387 5149 monumentis,
1408 5099 1480 5137 ne
1494 5082 1567 5137 de
1592 5084 1771 5139 rebus
1798 5088 1910 5142 sub
1932 5092 2242 5161 aspectum

593 5173 944 5230 cadentibus
965 5172 1210 5226 tandem
1239 5172 1461 5241 cogites
1487 5190 1498 5229 :
1532 5182 1990 5233 monumentum
2013 5182 2171 5236 enim
2190 5188 2246 5237 et

593 5262 932 5337 sepulcrum
965 5276 1066 5316 cor
1104 5266 1269 5316 tuum
1301 5266 1407 5315 est.
1442 5261 1587 5316 Cum
1631 5264 1790 5320 enim
1822 5267 2101 5341 princeps
2137 5284 2245 5327 ne-

596 5354 818 5427 quitiae,
862 5356 919 5406 et
946 5349 1141 5421 angeli
1181 5349 1310 5421 ejus
1360 5349 1479 5406 illic
1532 5350 1743 5409 nidum
1776 5359 2241 5429 composuerint,

670 5566 690 5600 ⁰
718 5564 915 5622 Matth.
948 5580 1026 5629 Vt,
1057 5567 1146 5620 2t.

616 5653 671 5706 ν,
699 5640 752 5693 9.

1224 5566 1272 5601 ιο
1301 5566 1472 5621 Num.
1490 5582 1609 5633 xxx,
1643 5571 1695 5624 8.

829 5637 875 5672 ¹⁸
903 5638 1073 5695 Joan.
1106 5652 1225 5702 xw,
1249 5639 1335 5694 30.
1415 5638 1461 5674 ¹⁶
1487 5640 1663 5697 Marc.
1689 5658 1767 5712 tu,
1801 5647 1883 5696 tt.

1776 5570 1818 5606 ι’
1843 5570 1862 5625 l
1890 5572 2018 5629 Cor.
2052 5591 2089 5642 ι,
2114 5574 2310 5641 23,24.

2418 4468 2519 4524 ΙΑ’.
2570 4467 2708 4523 Ἀλλ’
2732 4469 2852 4520 ὅταν
2884 4468 3132 4543 ἀκούσῃς,
3183 4470 3264 4521 ὃτι
3290 4468 3339 4521 ἄν
3370 4479 3445 4542 τῷ
3471 4478 3635 4543 καιρῷ
3663 4467 3817 4534 ἐκείνῳ
3842 4457 3913 4534 έρ..

2345 4560 2545 4634 ῥύσατο
2575 4560 2668 4620 τὰς
2700 4556 2885 4630 ψυχὰς
2913 4557 2967 4609 ἐκ
2996 4565 3086 4610 τοῦ
3134 4555 3293 4629 ᾅδου,
3324 4564 3415 4612 καὶ
3464 4568 3556 4613 τοῦ
3586 4562 3809 4619 σκότους,
3836 4551 3910 4600 καὶ

2348 4650 2429 4701 ὅτι
2478 4647 2730 4706 κατῆλθεν
2779 4647 2849 4709 εἰς
2895 4650 2985 4700 τόν
3041 4644 3178 4718 ᾅδην
3235 4649 3261 4699 6
3316 4651 3531 4724 Κύριος,
3581 4652 3666 4699 καὶ
3708 4646 3911 4697 tantum

2350 4733 2555 4799 ἕνδοξον
2609 4739 2777 4811 ἔργον,
2829 4741 2899 4809 μὴ
2947 4738 3152 4811 μακρὰν
3207 4736 3307 4789 ἀπὸ
3360 4746 3459 4801 τῆς
3506 4737 3688 4809 ψυχῆς
3732 4750 3813 4784 σου
3860 4726 3913 4776 τὰ

2349 4833 2639 4899 πράγματα
2695 4832 2863 4877 ταῦτα
2918 4822 3045 4878 εἶναι
3101 4831 3343 4900 νομίσῃς.
3405 4826 3469 4879 ⁸0
3527 4828 3625 4899 γὰρ
3678 4820 3913 4894 ἄνθρωπός

2352 4918 2463 4967 ἔστι
2514 4919 2817 4989 χωρητικός
2867 4919 2961 4966 καὶ
3003 4911 3239 4976 δεκτικὸς
3283 4924 3373 4968 τοῦ
3404 4922 3635 4989 πονηροῦ
3669 4931 3680 4943 ·
3730 4910 3911 4975 κατέχει

2351 5006 2452 5076 γὰρ
2503 5004 2528 5055 6
2562 5005 2779 5066 θάνατος
2830 5006 2918 5064 τὰς
2971 5002 3159 5076 ψυχὰς
3188 5012 3279 5056 τοῦ
3314 5000 3513 5077 ’Δδάμ,
3547 5009 3634 5056 καὶ
3688 4999 3815 5058 ἐντὸς
3840 4998 3913 5044 τοῦ

2356 5097 2576 5154 σκότους
2628 5093 2758 5145 εἰσὶν
2808 5094 2857 5144 οἱ
2912 5093 3159 5165 λογισμοὶ
3209 5102 3306 5156 τῆς
3355 5093 3548 5166 ψυχῆς
3600 5084 3915 5164 ἐγκεκλεισμέ-

2353 5202 2451 5239 νοι.
2487 5188 2587 5235 Καὶ
2631 5184 2751 5235 ὅταν
2800 5183 3029 5257 ἀκούσης
3078 5188 3195 5258 περὶ
3248 5188 3532 5256 μνημείων,
3590 5186 3659 5255 μὴ
3710 5179 3771 5231 τὰ
3821 5189 3916 5246 7a!-

2353 5277 2539 5346 νόμενα
2593 5271 2779 5345 λογίσῃ
2838 5278 2991 5345 μόνον
3034 5289 3047 5303 ⁸
3103 5280 3350 5346 μνημεῖον
3404 5276 3507 5346 γὰρ
3568 5275 3655 5322 καὶ
3706 5270 3843 5338 τάφος
3886 5260 3909 5315 ἦ

2353 5359 2555 5437 καρδία
2607 5380 2701 5414 σου
2741 5363 2904 5414 ἐστίν.
2951 5360 3109 5415 Ὀταν
3147 5364 3248 5439 γὰρ
3300 5363 3323 5415 ὁ
3369 5364 3555 5436 ἅρχων
3601 5367 3692 5422 τῆς
3736 5356 3911 5417 κακίας,

2390 5578 2438 5614 ¹²
2464 5579 2662 5637 Matth.
2693 5598 2771 5648 nt,
2809 5582 2911 5649 16;
2945 5598 3080 5651 xvu,
3119 5586 3169 5640 5.
3248 5583 3296 5621 ¹³
3329 5581 3511 5640 Joan.
3533 5596 3570 5649 1,
3603 5579 3688 5635 29.
3760 5570 3908 5628 “lsa.

1964 5645 2012 5681 ¹⁷
2042 5645 2242 5703 Matth.
2272 5662 2391 5717 vm,
2424 5652 2513 5707 20.
