4076 6210
217 326 335 384 553

1488 328 1826 388 HOMILIE.
1861 363 1931 376 -—
1968 332 2146 391 HOM.
2185 334 2289 393 XI.

3499 342 3608 398 554

210 454 306 502 xui
343 452 395 504 οῖ
427 449 643 523 ἄγγελοι
699 450 864 504 αὐτοῦ
919 449 1021 505 έκεῖ
1077 451 1432 524 έμφωλεύωσι,
1465 459 1556 508 καὶ
1587 456 1708 509 ὅταν
1737 458 1833 519 τὰς

1953 459 2184 533 illicque
2216 461 2342 518 vias
2374 463 2658 522 etitinera
2681 467 3067 534 confecerint,
3087 467 3602 542 quibusinambu-

213 538 436 612 τρίϐους
471 544 563 592 xui
613 541 707 602 τὰς
762 536 982 602 διόδους
1029 540 1134 595 έκεί
1183 550 1454 610 ποιῶνται,
1506 544 1635 597 ὃπου
1681 547 1832 618 ἐμπε-

213 636 536 703 ριπατοῦσιν
567 630 623 680 αἱ
660 625 910 701 δυνάμεις
961 637 1053 683 τοῦ
1101 638 1303 685 Σατανᾶ
1347 632 1417 694 εἰς
1447 635 1532 686 τόν
1562 641 1678 687 νοῦν
1713 654 1829 701 σου,

213 723 308 771 xui
365 717 439 780 εἰς
489 721 608 779 τοὺς
647 718 928 790 λογισμούς
975 738 1090 785 σου,
1152 720 1281 792 ούχὶ
1310 719 1466 792 ᾅδης,
1510 728 1599 775 καὶ
1649 724 1830 796 τάφος,

213 812 307 859 xui
375 814 645 880 μνημεῖον,
703 813 794 860 καὶ
835 811 1013 883 νεκρὸς
1069 806 1117 861 εἶ
1181 817 1252 880 τῷ
1310 819 1463 882 Θεῷ;
1515 811 1618 865 έκεῖ
1657 815 1760 886 γὰρ
1805 815 1831 866 6

215 902 458 958 Σατανᾶς
515 895 766 970 ἀργύριον
812 893 1066 970 ἀδόκιμον
1115 896 1389 971 έχάραξεν.
1449 901 1534 953 Ἐν
1564 908 1624 973 τῇ
1673 900 1828 974 ψυχῇ

216 987 391 1056 ταύτῂ
451 987 656 1058 ἔσπειρε
745 989 1020 1060 σπέρματα
1081 992 1336 1060 πικρίας·
1397 989 1636 1061 ἑζύμωσε
1691 990 1830 1063 ζύμη

213 1074 460 1144 παλαιᾷο
497 1072 646 1147 βρύει
706 1073 811 1127 έκεῖ
864 1080 1009 1146 πηγὴ
1072 1074 1357 1150 βορϐόρου.
1405 1076 1662 1151 Ἔρχεται
1689 1075 1777 1131 οὖν
1807 1081 1832 1132 6

216 1166 415 1236 Κύριος
471 1163 544 1225 ἐίς
588 1165 680 1225 τὰς
711 1161 1070 1227 ἕπεζητούσας
1115 1165 1270 1218 αὐτόν
1318 1166 1522 1238 ψυχὰς,
1551 1167 1618 1228 εἰς
1643 1171 1701 1220 τὸ
1729 1166 1830 1240 βά-

217 1252 309 1310 θος
365 1259 453 1304 τοῦ
505 1247 640 1322 ᾅδου
690 1259 784 1314 τῆς
813 1250 1060 1327 καρδίας.
1095 1253 1245 1309 κάκεῖ
1272 1257 1596 1329 προστάσσει
1627 1263 1700 1326 τῷ
1741 1258 1832 1308 θα-

213 1342 361 1411 νάτῳ
444 1340 625 1412 λέγων,
741 1339 1010 1396 Ἔκϐαλε
1090 1345 1205 1405 τὰς
1291 1344 1835 1416 ἱγκεκλεισμένας

209 1429 463 1501 ψυχὰς.
538 1432 652 1492 τὰς
725 1429 813 1504 ίμὲ
883 1430 1347 1497 έπιζητούσας,
1403 1433 1475 1495 οἷς
1526 1437 1836 1505 κατέχεις

212 1516 248 1589 β
265 1523 422 1570 ιαίω
439 1538 482 1579 ς.
513 1518 834 1593 Διαῤῥήσσει
873 1517 961 1572 οὖν
1011 1524 1134 1582 τοὺς
1164 1520 1348 1597 βαρεῖς
1371 1522 1540 1584 λίθους
1571 1521 1824 1593 ἐπικειμέο

206 1627 336 1668 νους
368 1615 428 1679 τῇ
452 1607 633 1679 ψυχῇ,
673 1607 865 1680 ἀνοίγει
919 1612 984 1663 τὰ
1026 1617 1276 1684 μνημεῖα,
1339 1611 1528 1683 ἀνιστᾷ
1578 1614 1666 1664 τόν
1719 1611 1960 1671 ἀληθινὸν
2015 1615 2212 1685 νεκρόν,
2269 1613 2501 1668 ἐκϐάλλει

215 1696 652 1768 έγκεκλεισμένην
676 1696 889 1770 ψυχήν,

1941 547 2064 604 lent
2092 554 2416 618 potestates
2449 553 2682 609 Satanae
2711 555 2764 610 in
2793 561 2988 613 mente
3023 555 3602 627 tua,etcogitationi-

1943 636 2055 692 bus
2089 637 2224 703 tuis,
2264 654 2463 695 nonne
2494 641 2782 709 infernus,
2811 649 2866 699 et
2901 645 3266 716 sepulcrum,
3301 651 3356 701 et
3388 660 3600 701 monu-

1947 731 2234 792 mentum,
2269 732 2609 785 etmortuus
2638 732 2754 787 Deo
2773 748 2834 787 es
2859 732 2888 787 ‘i
2914 733 3032 789 Illic
3047 734 3206 790 enim
3231 737 3484 791 Satanas
3502 749 3600 790 ar-

1945 820 2188 885 gentum
2217 806 2543 887 reprobum
2574 819 2905 889 impressit:
2939 821 2995 877 in
3034 824 3236 879 anima
3253 823 3401 879 haec
3425 822 3600 878 semi-

1947 905 2108 958 navit
2121 904 2352 961 semina
2367 922 2597 970 amara,
2610 913 2666 963 et
2685 909 3061 965 fermentavit
3074 911 3361 967 fermento
3378 910 3594 979 veteri;

1945 993 2188 1048 scaturit
2229 993 2344 1048 illic
2370 993 2504 1049 fons
2549 996 2675 1054 luti.
2711 997 3023 1053 Descendit
3044 1014 3186 1068 ergo
3215 999 3502 1054 Dominus
3533 999 3590 1054 in

1945 1079 2182 1135 animas
2212 1095 2350 1136 eum
2380 1082 2762 1154 iuquirentes,
2796 1084 2855 1139 in
2888 1085 3356 1156 profunditatem
3385 1084 3596 1141 inferni

1944 1167 2162 1232 cordis,
2192 1168 2430 1241 illicque
2471 1173 2722 1228 mandat
2760 1173 3444 1240 morti,dicens:Emitte
3467 1173 3597 1229 ani-

1942 1271 2068 1312 mas
2081 1257 2344 1314 inclusas
2359 1275 2448 1315 me
2459 1267 2811 1332 quaerentes,
2827 1277 2978 1333 quas
2995 1262 3051 1318 vi
3063 1262 3307 1318 detines.
3323 1263 3597 1317 Perrum-

1943 1345 2028 1416 pit
2066 1345 2244 1414 igitur
2271 1362 2484 1414 graves
2525 1349 2754 1420 lapides
2790 1351 3102 1422 impositos
3133 1351 3371 1416 animm,
3408 1349 3600 1420 aperit

1947 1443 2356 1503 monumenta,
2391 1439 2706 1494 resuscitat
2734 1455 2872 1494 vere
2901 1447 3201 1494 mortuum
3235 1443 3290 1494 et
3338 1439 3537 1495 educit
3565 1454 3596 1494 e

1945 1538 2181 1578 carcere
2203 1524 2520 1581 tenebroso
2543 1527 2811 1583 animam
2835 1527 3150 1583 inclusam.

2598 1614 2654 1668 ὶκ
2721 1625 2814 1679 τῆς
2873 1624 3141 1679 σκοτεινῆς
3192 1616 3426 1689 φυλακῆς
3495 1621 3590 1676 τὴν

287 1837 400 1894 ΙΒ¹.
432 1837 526 1892 Ὀν
574 1843 762 1912 τρόπον
809 1839 891 1893 ἐὰν
1002 1842 1274 1913 ἄνθρωπος
1325 1838 1600 1916 δεδεμένος
1642 1849 1828 1918 χεῖρας

2017 1843 2124 1900 XII.
2169 1846 2692 1910 Quemadmodum
2717 1847 2764 1902 si
2792 1847 2975 1903 homo
3005 1847 3078 1903 sit
3098 1846 3330 1902 vinctus
3360 1845 3590 1905 catenis

214 1935 310 1981 xui
340 1923 513 1990 πόδας
556 1927 796 1993 ἁλύσέσι,
832 1933 921 1982 xui
963 1929 1082 2004 ἔλθῃ
1129 1951 1208 1993 τις
1250 1933 1276 1983 6
1306 1928 1531 1985 διαλύων
1580 1933 1742 1986 αὑτοῦ
1767 1935 1834 1985 τὰ

214 2013 422 2087 δεσμὰ,
481 2021 574 2069 καὶ
626 2015 728 2091 ἀφῇ
771 2017 927 2071 αύτὸν
971 2019 1231 2092 ἐλεύθερον
1275 2028 1575 2095 περιπατεῖν
1621 2022 1668 2074 ἐν
1722 2020 1836 2074 ἁνε-

215 2125 443 2163 κτοτητι
475 2127 488 2139 ·
521 2105 659 2158 οὕτω
697 2111 791 2165 τὴν
823 2104 1105 2180 δεδεμένην
1133 2109 1319 2180 ψυχὴν
1349 2117 1466 2172 ταῖς
1496 2110 1710 2163 ἁλύσεσι
1741 2117 1834 2163 τοῦ

217 2197 452 2249 θανάτου
511 2195 622 2248 λύει
670 2197 695 2248 6
745 2199 938 2269 Κύριος
995 2196 1098 2251 ἀπὸ
1153 2194 1379 2270 δεσμῶν,
1448 2204 1535 2252 xui
1618 2199 1834 2272 ἀφίησιν

217 2286 408 2348 αὐτὴν,
465 2288 556 2336 καὶ
613 2283 866 2360 ἐλευθεροῖ
919 2289 1006 2338 τόν
1061 2294 1177 2339 νοῦν
1229 2295 1320 2340 τοῦ
1365 2287 1572 2350 ἁκόπως
1625 2287 1672 2341 ἰν
1715 2287 1836 2341 ἀνα-

219 2375 424 2427 παύσει
489 2381 787 2447 περιπατεῖν
843 2374 912 2435 εἰς
960 2379 1048 2427 τόν
1099 2377 1265 2428 θεῑκόν
1315 2375 1459 2452 ἀέρα.
1503 2375 1704 2452 Ὠσπερ
1750 2376 1834 2430 ἰὰν

221 2463 568 2536 ᾕᾶνθρωπος
651 2461 699 2514 ἓν
762 2462 1038 2536 πλησμονῇ
1125 2473 1362 2538 ποταμοῦ
1415 2469 1464 2519 έν
1524 2470 1689 2539 μέσῳ,
1746 2472 1835 2520 καὶ

219 2549 640 2612 καταϐυθισθεὶς
681 2553 729 2603 ἓν
777 2560 850 2622 τῷ
899 2548 1060 2605 ὕδατι
1115 2561 1283 2606 κεῖται
1327 2559 1524 2630 νεκρὸς,
1558 2559 1837 2627 πεπνιγμέ-

219 2659 308 2700 νος
350 2638 607 2710 ἀναμέσον
662 2636 843 2693 δεινῶν
911 2643 1142 2714 θηρίων·
1211 2648 1300 2696 καὶ
1352 2644 1395 2697 εἰ
1436 2645 1641 2703 θελήσει
1691 2643 1837 2705 ἄλλος

224 2729 496 2800 ὶνθρωπος
545 2726 750 2804 ἄπειρος
782 2737 872 2782 τοῦ
916 2729 1200 2803 κολυμϐᾅν,
1243 2728 1513 2785 διασῶσαι
1564 2736 1651 2785 τὸν
1686 2734 1838 2805 ἔμπε-

226 2837 414 2884 σοντα,
472 2822 564 2870 καὶ
611 2817 765 2879 αὐτὸς
810 2819 1198 2873 συναπόλλυται
1249 2827 1338 2874 xui
1391 2827 1645 2893 πνίγεται.
1713 2827 1836 2875 Λοι-

224 2909 327 2957 πόν
366 2901 457 2956 οὖν
526 2901 630 2958 ὧδε
696 2904 937 2981 ἐμπείρου
1009 2908 1360 2981 κολυμϐητοῦ,
1429 2915 1518 2962 καὶ
1591 2914 1835 2981 τεχνίτου

226 2998 412 3068 χρεία,
479 2994 562 3046 ίνα
617 2994 856 3049 εἰσελθὼν
912 2996 983 3058 εἰς
1033 3000 1092 3049 τό
1146 2997 1312 3070 βάθος
1362 3006 1454 3051 τοῦ
1503 2998 1697 3051 κόλπου
1746 3005 1838 3050 τοῦ

228 3080 431 3145 ὕδατος
474 3085 578 3136 ἐκεῖ
612 3081 890 3159 καταδύσῃ
937 3091 1026 3138 καὶ
1084 3085 1323 3161 ἁνενέγκη
1381 3091 1467 3140 τὸν
1519 3106 1839 3140 καταπεπον-

1948 1933 2230 1990 manibus
2259 1935 2654 2007 pedibusque,
2683 1941 2739 1992 et
2759 1936 2952 1992 veniat
2978 1936 3194 2007 aliquis
3215 1933 3319 2008 qui
3351 1932 3592 1990 vincula

1944 2022 2134 2094 ipsius
2166 2025 2370 2088 solvat,
2404 2029 2459 2080 et
2486 2024 2743 2080 dimittat
2773 2040 2932 2089 eum,
2969 2028 3031 2080 ut
3059 2023 3209 2080 liber
3238 2021 3508 2079 ambulet
3532 2022 3594 2077 in

1944 2112 2263 2184 propatulo
2307 2129 2320 2168 :
2364 2113 2446 2167 sic
2483 2112 2752 2169 animam
2801 2113 3026 2169 catenis
3076 2112 3284 2168 mortis
3332 2110 3594 2167 vinctam

1947 2200 2122 2256 solvit
2151 2201 2440 2258 Dominus
2487 2218 2523 2258 a
2568 2201 2836 2267 vinculis,
2869 2207 2925 2258 et
2963 2201 3204 2256 dimittit
3234 2200 3401 2258 illam
3434 2215 3504 2256 ac
3532 2198 3596 2254 li-

1944 2289 2114 2346 berat
2143 2298 2427 2359 mentem,
2462 2297 2524 2346 ut
2554 2291 2782 2363 absque
2813 2291 3083 2347 molestia
3123 2293 3179 2346 et
3222 2305 3360 2345 cum
3400 2287 3598 2361 quiete

1946 2379 2213 2435 ambulet
2252 2379 2310 2436 in
2372 2396 2570 2436 aerem
2612 2380 2905 2436 divinum.
2948 2378 3194 2435 Perinde
3245 2393 3315 2434 ac
3355 2377 3404 2432 si
3466 2376 3599 2449 quis

1947 2467 2129 2523 homo
2159 2467 2219 2524 in
2247 2469 2422 2540 pleno
2449 2485 2518 2524 ac
2561 2469 2761 2525 medio
2791 2468 3038 2523 ﬂumine
3069 2467 3384 2522 demersus
3416 2480 3596 2537 aqua,

1942 2557 2141 2627 jaceat
2168 2564 2460 2624 mortuus,
2496 2556 2824 2614 suffocatus
2841 2557 2900 2612 in
2933 2557 3128 2612 medio
3158 2554 3596 2634 horrendorum

1949 2651 2002 2702 et
2033 2646 2366 2702 crudelium
2396 2646 2753 2703 animalium
2782 2663 2797 2702 :
2826 2651 2882 2702 et
2912 2646 2962 2701 si
2983 2646 3116 2718 quis
3157 2643 3310 2701 alius
3350 2640 3599 2698 natandi

1948 2733 2192 2804 ignarus
2240 2735 2562 2792 velithunc
2588 2735 2647 2790 in
2693 2751 2918 2808 aquam
2967 2733 3302 2806 collapsum
3335 2745 3598 2796 servare,

1948 2823 2072 2895 ipse
2099 2823 2275 2878 simul
2304 2829 2504 2894 pereat
2526 2830 2582 2880 et
2613 2824 2937 2881 suﬂ'ocetur
2969 2841 2984 2892 ;
3015 2828 3170 2879 certe
3203 2837 3353 2894 Opus
3378 2820 3472 2876 hic
3503 2834 3602 2891 pe-

1948 2911 2057 2967 rito
2085 2911 2331 2967 natandi
2361 2913 2586 2968 artifice
2611 2917 2718 2978 est,
2747 2917 2807 2968 ut
2837 2913 3110 2982 ingresus
3134 2911 3193 2966 in
3225 2909 3598 2981 profundum

1949 3015 2120 3071 aqum
2151 3000 2372 3066 sinum,
2407 2999 2522 3056 illic
2553 3017 2744 3073 aquas
2767 3001 3014 3056 subeat:
3036 2998 3474 3054 etreferateum
3496 2995 3598 3068 qui

1947 3087 2256 3143 demersus
2285 3089 2344 3144 in
2374 3089 2572 3145 medio
2605 3089 2941 3145 belluarum
2969 3091 3095 3143 erat
3124 3109 3136 3140 :
3167 3085 3219 3142 ei
3251 3086 3386 3156 ipsa
3415 3098 3599 3153 aqua,

233 3177 472 3244 τισμένον
526 3178 616 3226 καὶ
662 3178 785 3226 ὄντα
833 3173 1088 3248 ἀναμέσον
1148 3185 1248 3228 τῶν
1305 3178 1497 3250 θηρίων
1528 3193 1541 3206 °
1592 3181 1682 3229 xui
1712 3177 1837 3230 αύτό

1953 3178 1996 3233 si
2027 3177 2273 3250 quando
2287 3177 2541 3250 peritum
2572 3179 2712 3234 artis
2728 3174 3271 3233 natandiartiﬁcem
3288 3178 3464 3229 nacta
3479 3171 3598 3227 fue-

231 3259 295 3314 δέ
334 3265 393 3313 τό
449 3257 595 3336 ύδωρ
650 3264 771 3315 ὅταν
818 3261 912 3337 ἴδῃ
972 3267 1210 3341 ἔμπειρον
1265 3270 1356 3318 καὶ
1413 3262 1593 3320 εἰδότα
1648 3266 1835 3333 πλέειν,

233 3348 422 3424 βοηθεῖ
463 3353 651 3422 τούτῳ,
715 3357 804 3405 καὶ
859 3351 1097 3428 ἀναφέρει
1166 3353 1320 3406 αὐτὸν
1368 3357 1456 3408 ἓπὶ
1505 3357 1568 3407 τὰ
1612 3353 1842 3430 ἀνώτερα

229 3443 386 3511 μέρη.
432 3439 615 3500 Ούτως
651 3442 681 3499 ἠ
714 3439 870 3513 ψυχὴ
920 3442 987 3502 εἰς
1016 3441 1251 3495 ἄϐυσσον
1293 3448 1533 3509 σκότους,
1565 3448 1655 3496 καὶ
1685 3444 1751 3505 εἰς
1782 3447 1840 3498 τό

232 3525 401 3600 βάθος
451 3535 543 3580 τοῦ
597 3530 818 3582 θανάτου
875 3533 1355 3585 καταποντισθεῖσα
1408 3536 1707 3599 πέπνικται,
1752 3539 1842 3586 καὶ

230 3618 390 3690 νεκρά
443 3616 589 3669 ἐστιν
643 3615 744 3670 ἀπό
784 3626 879 3671 τοῦ
920 3626 1052 3673 Θεοῦ
1093 3619 1348 3692 ἁναμέσον
1403 3622 1596 3696 θηρίων
1628 3619 1832 3678 δεινῶν.

238 3713 338 3760 Καὶ
392 3712 469 3767 τίς
527 3703 749 3760 δύναται
787 3709 856 3769 εἰς
894 3711 961 3762 τὰ
1006 3718 1218 3782 ταμιεῖα
1247 3713 1413 3764 ἐκεῖνα
1459 3716 1548 3764 καὶ
1595 3714 1661 3764 τὰ
1701 3709 1840 3786 βάθη

237 3804 326 3848 τοῦ
357 3793 495 3867 ᾅδου
535 3801 627 3849 xui
656 3805 747 3850 τοῦ
795 3799 1041 3867 θανάτου,
1087 3800 1369 3868 κατελθεῖν,
1415 3802 1458 3854 εἱ
1516 3805 1588 3872 μὴ
1641 3801 1843 3862 αὐτόςὸ

235 3891 481 3957 τεχνίτης
512 3887 538 3938 6
567 3888 920 3959 ἐργασάμενος
957 3892 1015 3941 τὸ
1057 3897 1210 3961 σῶμα
1247 3907 1263 3960 ;
1314 3889 1476 3950 Αύτὸς
1527 3891 1743 3961 ἔρχεται
1772 3890 1846 3952 εἰς

240 3975 304 4026 τὰ
342 3970 444 4026 δύο
501 3979 656 4049 μέρη,
713 3976 786 4038 εἰς
823 3979 881 4029 τό
925 3975 1090 4048 βάθος
1138 3985 1231 4029 τοῦ
1271 3974 1426 4048 ᾅδου,
1457 3982 1548 4030 καὶ
1585 3978 1739 4030 πάλιν
1778 3978 1846 4039 εἰς

241 4067 326 4114 τόν
392 4060 561 4136 βαθύν
610 4064 797 4117 κόλπον
847 4074 944 4126 τῆς
990 4061 1228 4140 καρδίας,
1283 4068 1412 4119 ὅπου
1471 4069 1756 4138 κατέχεται
1811 4069 1841 4126 ἡ

242 4152 394 4223 ψυχὴ
460 4153 563 4205 ὑπὸ
612 4160 704 4205 τοῦ
773 4155 995 4210 θανάτου
1038 4157 1131 4207 σὺν
1170 4161 1274 4215 τοῖς
1313 4153 1587 4226 λογισμοῖς
1645 4154 1843 4222 αὐτοῖς,

240 4246 329 4293 καὶ
367 4239 610 4315 όιναφερει
660 4240 716 4294 ix
782 4249 873 4295 τοῦ
932 4250 1194 4296 σκοτεινοῦ
1240 4241 1408 4316 βυθοῦ
1461 4247 1546 4296 τόν
1606 4263 1848 4317 νενεκρω-

243 4334 389 4402 μένον
453 4327 654 4403 Ἀδάμ.
730 4331 834 4387 Καὶ
885 4331 1040 4395 αὐτὸς
1106 4328 1165 4386 δὴ
1225 4334 1251 4385 ό
1316 4334 1548 4396 θάνατος,
1606 4329 1699 4386 διὰ
1754 4343 1847 4395 τῆς

1949 3268 2040 3330 rit,
2064 3267 2262 3337 ipsum
2298 3265 2567 3337 adjuvat.
2601 3269 2658 3322 et
2696 3263 2840 3321 tollit
2880 3264 2938 3320 in
2981 3261 3357 3336 superﬁciem
3399 3275 3596 3332 aquae,

1953 3355 2168 3412 Eodem
2221 3355 2401 3412 modo
2443 3355 2647 3411 anima
2678 3355 2737 3410 in
2789 3353 3087 3426 abyssum
3132 3351 3512 3408 tenebrarum
3544 3352 3603 3403 et

1949 3445 2410 3518 profunditatem
2445 3444 2650 3500 mortis
2689 3443 2986 3508 demersa,
3016 3440 3330 3502 suﬂ'ocata,
3358 3445 3414 3495 et
3445 3452 3602 3493 mor-

1953 3543 2051 3589 tua
2082 3540 2173 3590 est
2202 3551 2238 3590 a
2267 3534 2455 3590 Deoin
2471 3532 2670 3591 medio
2684 3532 2972 3589 ferocium
2986 3527 3361 3587 animalium.
3387 3525 3600 3599 thuis

1953 3628 2144 3696 potest
2162 3623 2222 3678 in
2249 3622 2691 3694 penetraliailla
2716 3627 2772 3678 et
2796 3619 3098 3694 profunda
3128 3616 3339 3674 inferni
3366 3620 3424 3672 et
3448 3630 3605 3672 mor-

1954 3712 2027 3768 tis
2049 3711 2429 3778 descendere,
2459 3710 2570 3766 nisi
2596 3710 2745 3781 ipsie
2785 3708 3006 3780 opifex,
3037 3706 3141 3778 qui
3167 3703 3440 3763 condidit
3476 3719 3604 3760 cor-

1953 3815 2061 3871 pus
2092 3797 2121 3853 ?
2155 3800 2289 3870 Ipse
2301 3803 2572 3869 penetrat
2586 3798 2738 3854 duas
2751 3802 2970 3867 partes,
2986 3795 3357 3867 profundum
3373 3791 3604 3849 scilicet

1954 3887 2186 3952 inferni,
2220 3891 2277 3942 et
2307 3886 2672 3957 profundum
2700 3886 2900 3940 sinum
2919 3882 3140 3946 cordis,
3171 3882 3274 3937 ubi
3304 3879 3603 3936 detinetur

1955 3975 2161 4032 anima
2188 3991 2224 4031 a
2257 3982 2444 4031 morte
2463 3991 2601 4031 cum
2633 3973 2918 4029 omnibus
2957 3971 3082 4026 suis
3110 3967 3596 4039 cogitationibus,

1955 4072 2136 4137 atque
2176 4065 2370 4120 educit
2399 4079 2470 4119 ex
2502 4064 2820 4118 tenebrosa
2858 4059 3258 4134 profunditate
3299 4060 3602 4114 mortuum

1955 4154 2144 4209 Adam
2155 4196 2168 4209 .
2198 4155 2334 4224 Ipsa
2346 4167 2588 4225 quoque
2602 4167 2761 4208 mors
2774 4148 3210 4206 exercitationis
3229 4146 3422 4218 gratia
3435 4143 3530 4216 adj
3539 4160 3604 4200 u-

1959 4248 2159 4299 mento
2189 4249 2275 4297 est
2303 4241 2413 4313 ipsi
2444 4240 2692 4307 homini,
2722 4238 2899 4296 veluti
2927 4252 3088 4312 aqua
3103 4235 3355 4294 natanti.

243 4424 545 4492 γυμνασίας
564 4419 638 4481 εἰς
664 4417 910 4494 βοήθειαν
933 4425 1132 4494 γίνεται
1162 4420 1322 4475 αὐτοῦ
1343 4429 1435 4475 τοῦ
1467 4422 1761 4497 ἀνθρώπου,
1792 4423 1965 4497 ὥσπερ
1997 4425 2054 4474 τὸ
2093 4418 2238 4495 ὕδωρ
2265 4428 2336 4493 τῷ
2365 4417 2710 4493 κολυμϐῶντι.

315 4643 414 4700 Il".
480 4648 545 4697 Τί
591 4647 692 4716 ⁹γὰρ
744 4640 1008 4718 δυσχερές
1047 4646 1161 4697 ῖστι
1208 4652 1280 4716 τῷ
1324 4649 1431 4716 Θεῷ
1472 4643 1713 4698 εἰσελθεῖν
1772 4643 1842 4708 εἰς

2036 4642 2170 4698 XIII.
2204 4641 2356 4708 Quid
2387 4639 2547 4696 enim
2578 4644 2665 4696 est
2694 4638 2932 4696 difﬁcile
2964 4641 3082 4695 Deo
3112 4641 3426 4708 penetrare
3449 4647 3613 4690 mor-

251 4737 330 4786 τόν
380 4735 627 4797 θάνατον,
674 4737 762 4785 καὶ
800 4732 952 4785 πάλιν
1014 4733 1080 4794 εἰς
1136 4737 1223 4786 τόν
1285 4731 1454 4806 βαθύν
1516 4732 1702 4786 κόλπον
1761 4741 1852 4794 τῆς

248 4819 491 4896 καρδίας,
548 4823 781 4874 κάκεῖθεν
848 4819 1272 4875 ἀνακαλέσασθαι
1337 4827 1424 4874 τόν
1488 4827 1853 4896 νενεκρωμένον

247 4910 419 4984 Ἀδάμ
455 4928 471 4975 ;
514 4910 564 4962 έν
611 4912 712 4982 γὰρ
753 4919 826 4981 τῷ
859 4915 1144 4984 φαινομένῳ
1182 4911 1332 4963 αἰῶνί
1384 4911 1516 4964 εἰσιν
1573 4911 1732 4964 οἰκίαι
1765 4915 1855 4963 καὶ

252 4998 559 5072 οἰκοδομαί,
618 5001 747 5052 ὅπου
790 5000 821 5058 ἡ
864 4997 1202 5074 ἁνθρωπότης
1259 5007 1521 5053 κατοικεῖο
1577 5004 1678 5052 Καί
1725 4999 1856 5053 εἰσιν

254 5093 380 5143 ὃπου
436 5090 618 5162 θηρία,
668 5088 879 5154 λέοντες,
941 5088 972 5148 ἦ
1015 5085 1312 5161 δράκοντες,
1355 5093 1441 5141 καὶ
1495 5088 1624 5141 ἄλλα
1683 5088 1861 5142 ἰοϐόλα

257 5182 436 5252 θηρία.
475 5176 535 5230 Εἰ
565 5181 736 5229 τοίνυν
767 5179 793 5228 ό
838 5176 976 5238 ἣλιος
1025 5182 1225 5249 κτίσμα
1270 5177 1358 5243 ὢν,
1400 5177 1698 5250 εἰσέρχεται
1730 5197 1862 5230 παν-

255 5270 500 5340 ταχόθεν,
560 5262 654 5317 διὰ
703 5273 804 5319 τῶν
863 5261 1116 5341 θυρίδων,
1178 5267 1295 5324 ἦτοι
1337 5267 1522 5340 θυρῶν,
1560 5271 1650 5318 xui
1685 5265 1756 5329 εἰς
1797 5268 1864 5318 τὰ

259 5355 496 5414 σπήλαια
547 5361 647 5404 τῶν
675 5352 907 5420 λεόντων,
974 5358 1065 5406 καὶ
1130 5353 1202 5414 εἰς
1265 5355 1356 5415 τὰς
1405 5352 1535 5413 ὀπὰς
1579 5361 1678 5405 τῶν
1719 5352 1860 5426 ἕρπε·

259 5454 377 5509 τῶν,
423 5447 518 5494 καὶ
575 5440 866 5515 ἐξέρχεται,
960 5447 1051 5494 xui
1120 5438 1271 5495 ούδὶν
1333 5439 1615 5516 βλάπτεται
1642 5461 1655 5474 ο
1717 5446 1867 5512 πόσῳ

260 5532 450 5605 μᾶλλον
496 5533 524 5583 ό
563 5533 684 5591 Θεὸς
736 5535 825 5583 καὶ
868 5536 1136 5592 Δεσπότης
1183 5532 1385 5583 πάντων
1441 5530 1738 5606 εἰσέρχεται
1794 5529 1870 5591 εἰς

261 5625 383 5682 τοὺς
448 5619 697 5692 φωλεούς,
744 5624 833 5673 καὶ
869 5620 940 5682 εἰς
1005 5624 1126 5684 τούς
1183 5623 1378 5686 οἴκους,
1431 5621 1560 5672 ὅπου
1618 5623 1872 5678 κατεσκή-

293 5729 424 5764 ωσεν
455 5711 482 5762 ό
515 5710 753 5777 θάνατος,
812 5713 902 5763 καὶ
953 5710 1021 5773 εἰς
1069 5713 1163 5774 τὰς
1218 5709 1425 5782 ψυχὰς,
1483 5707 1715 5762 κάκεῖθεν
1755 5708 1873 5786 ῥυό-

1962 4738 2078 4788 tem
2112 4737 2166 4787 et
2193 4730 2559 4804 profundum
2587 4730 2785 4785 sinum
2815 4727 3036 4795 cordis,
3069 4741 3140 4782 ac
3171 4723 3312 4780 inde
3338 4735 3614 4779 revocare

1965 4825 2269 4876 mortuum
2313 4818 2504 4874 Adam
2531 4816 2560 4872 ?
2588 4818 2651 4872 In
2681 4817 2796 4872 hoc
2854 4816 3017 4872 enim
3063 4811 3342 4886 praesenti
3393 4807 3617 4865 saeculo

1965 4908 2522 4965 sunthabitationes
2539 4911 2594 4962 et
2621 4903 2985 4969 mansiones,
3016 4901 3117 4958 ubi
3144 4899 3424 4956 homines
3451 4895 3620 4953 habi-

1967 5004 2087 5054 tent
2118 5014 2132 5052 :
2169 5002 2225 5052 et
2255 5001 2392 5051 sunt
2417 5009 2658 5068 quoque
2685 4994 2782 5048 ubi
2799 4991 3031 5057 bellum,
3051 4990 3277 5054 leones,
3307 4987 3618 5050 dracones.

1969 5091 2025 5141 et
2051 5085 2180 5142 alia;
2211 5099 2510 5140 venenum
2553 5083 2887 5138 emittentes
2909 5079 3049 5136 fere
3099 5076 3385 5132 habitent.
3412 5074 3468 5130 Si
3519 5071 3624 5142 igi-

1975 5180 2067 5230 tur
2092 5173 2200 5238 sol,
2234 5174 2332 5245 qui
2360 5179 2452 5228 est
2483 5175 2775 5236 creatura,
2811 5181 3176 5242 quocunque
3211 5164 3505 5236 penetrat,
3547 5158 3626 5216 fe-

1973 5267 2226 5328 nestras,
2254 5266 2357 5316 aut
2377 5261 2620 5332 januas,
2646 5263 2772 5315 tam
2803 5256 3121 5329 speluncas
3146 5253 3410 5317 leonum,
3442 5261 3630 5323 quam

1973 5365 2263 5407 cavernas
2289 5349 2605 5422 reptilium,
2629 5352 2688 5404 et
2711 5363 2987 5420 egressus
3016 5342 3431 5417 nequidquam
3469 5336 3632 5394 laadi-

1977 5445 2091 5509 tur,
2131 5444 2360 5512 quanto
2393 5439 2582 5509 magis
2608 5438 2793 5493 Deum
2832 5441 2888 5491 et
2912 5434 3203 5491 Dominus
3229 5427 3522 5492 omnium,
3547 5427 3634 5484 in-

1980 5543 2218 5600 gressus
2252 5525 2422 5582 nidos
2450 5531 2505 5582 et
2533 5523 2841 5580 domicilia
2862 5523 2965 5580 ubi
2999 5537 3158 5579 mors
3182 5519 3438 5584 habitat,
3459 5523 3638 5590 atque

1957 5617 2160 5674 'etiam
2188 5616 2445 5681 animas,
2479 5613 2706 5670 etillinc
2724 5613 2980 5686 eripiens
2995 5612 3210 5678 Adam,
3243 5607 3406 5666 nulla
3421 5604 3642 5678 injuria

1988 5705 2243 5766 afﬁcitur
2276 5705 2291 5763 l
2321 5707 2401 5762 Ac
2429 5704 2635 5781 pluvia
2663 5719 2695 5762 e
2724 5702 2874 5762 coelo
2903 5701 3277 5760 descendens
3301 5698 3378 5758 ad
3402 5697 3644 5753 intimas
