4076 6210
569 281 675 337 555

1867 280 1928 336 S.
1973 280 2271 337 MACARII
2309 277 2612 336 EGYPTII

3786 287 3877 344 556

590 424 734 463 erras
752 412 951 479 partes
988 422 1177 479 usque
1200 408 1494 479 pertingit,
1520 409 1620 464 ubi
1637 410 1977 466 exsiccatae
1998 410 2190 464 radice

2303 427 2487 477 ,μενος
2531 410 2615 459 τόν
2671 404 2853 478 Ἀδὰμ
2908 407 3003 459 οὐκ
3059 404 3321 460 ἀδικεῖται
3361 410 3457 461 ὑπὸ
3512 418 3596 462 τοῦ
3643 412 3871 481 θανάτου;

577 497 633 570 4
650 499 701 569 3
720 513 925 553 rursus
943 498 1584 563 humectatetrenovat,
1605 515 1674 554 ac
1698 500 2225 571 producitgermen

577 603 829 645 novum.

637 888 774 943 XIV.
810 888 969 942 Alius
1001 893 1105 951 est,
1127 889 1227 960 qui
1252 889 1576 944 certamine
1599 890 1972 947 etbellocum
1997 895 2217 950 Satana

564 976 731 1041 inito,
782 977 1163 1031 aﬂlictionem
1220 978 1443 1048 patitur
1479 995 1490 1031 :
1525 979 1619 1034 hic
1674 982 1989 1038 contritam
2034 984 2214 1039 habet

566 1066 831 1120 animam
871 1081 883 1118 :
918 1065 977 1118 in
1012 1064 1408 1120 sollicitudine
1427 1068 1606 1133 enim,
1636 1068 1793 1123 luctu
1826 1086 1894 1124 ac
1925 1070 2209 1143 lacrymis

562 1154 911 1208 constitutus
928 1158 1041 1208 est:
1060 1153 1357 1223 duplicem
1375 1157 1670 1225 ejusmodi
1690 1158 1872 1214 homo
1889 1176 2205 1230 personam

562 1244 825 1297 sustinet.
863 1244 955 1298 Sic
982 1245 1157 1311 igitur
1188 1244 1245 1298 in
1266 1246 1356 1299 his
1385 1248 1634 1315 negotiis
1652 1248 1852 1303 firmus
1876 1260 2203 1321 permanet,

561 1330 618 1383 in
650 1331 802 1386 bello
838 1332 1121 1386 Dominus
1151 1334 1200 1387 ei
1234 1333 1402 1389 adest
1441 1341 1495 1389 et
1535 1344 1851 1393 conservat
1872 1356 2030 1402 eum,
2063 1341 2205 1412 quia

559 1421 769 1491 quaerit
800 1421 1035 1475 assidue
1059 1423 1855 1497 etpulsatjanuam.quando
1883 1430 1931 1483 ei
1959 1432 2201 1501 aperiat.

561 1508 776 1562 Iterum
818 1524 978 1573 vero,
1006 1510 1051 1561 si
1086 1517 1375 1582 appareat
1401 1512 1501 1567 tibi
1536 1513 1710 1569 frater
1740 1522 2015 1572 strenuus
2043 1535 2111 1573 eo
2145 1519 2203 1573 in

561 1596 734 1661 bello,
775 1614 808 1652 a
844 1599 1034 1667 gratia
1074 1604 1161 1653 est
1203 1601 1594 1657 confirmatus
1632 1607 1773 1675 :qui
1817 1623 1955 1661 vero
1993 1608 2201 1663 funda-

558 1692 823 1740 mentum
873 1702 993 1741 non
1038 1688 1236 1758 habet,
1282 1706 1401 1743 non
1446 1697 1752 1763 tantopere
1793 1697 1972 1750 Deum
2020 1698 2199 1766 timet,

556 1790 665 1828 nec
706 1776 1022 1829 contritum
1066 1781 1155 1831 est
1204 1794 1305 1833 cor
1343 1780 1492 1847 ejus,
1526 1796 1633 1835 nec
1667 1781 1725 1836 in
1764 1789 1924 1838 metu
1961 1793 2064 1847 est,
2096 1802 2203 1842 nec
2240 1756 2282 1809 Β

554 1862 833 1919 observat
856 1880 958 1920 cor
988 1881 1185 1936 suum,
1207 1873 1261 1920 et
1290 1868 1582 1932 membra,
1616 1886 1688 1924 ne
1719 1871 2053 1929 inordinate
2081 1892 2203 1929 am-

558 1951 760 2006 bulent
780 1968 791 2005 :
813 1953 1108 2021 ejusmodi
1128 1955 1325 2011 adhuc
1343 1956 1694 2013 dissolutam
1731 1960 1909 2016 habet
1935 1964 2200 2019 animam

557 2056 728 2095 suam
764 2058 776 2105 ;
814 2041 1083 2095 nondum
1110 2044 1267 2097 enim
1293 2044 1564 2115 praelium
1588 2047 1892 2119 ingressus
1923 2054 2202 2108 est.Alins

554 2128 732 2198 igitur
770 2134 877 2195 est,
918 2130 1023 2201 qui
1064 2131 1119 2184 in
1162 2131 1317 2187 bello
1358 2138 1413 2187 et
1452 2133 1773 2191 afﬂictione
1812 2144 1919 2204 est,
1960 2147 2015 2194 et
2054 2142 2203 2196 alius

552 2218 653 2289 qui
687 2218 768 2271 rei
809 2217 1079 2273 militaris
1108 2220 1354 2288 ignarus
1383 2222 1580 2277 adhuc
1604 2228 1939 2282 est.Etenim
1974 2231 2203 2286 semina

552 2321 794 2376 quoque
829 2306 886 2359 in
917 2311 1130 2361 terram
1165 2309 1349 2364 missa
1376 2310 1758 2368 aiﬂictionem
1801 2317 2115 2383 sustinent,
2143 2321 2201 2375 in

555 2394 709 2462 gelu,
753 2394 967 2458 hieme,
1000 2400 1055 2449 et
1087 2396 1301 2466 frigore
1341 2400 1493 2453 aeris
1527 2416 1538 2452 :
1576 2416 1645 2456 ac
1686 2402 1966 2476 deinceps
2002 2406 2203 2464 debito

555 2490 821 2555 tmpore
852 2484 1145 2541 reviviscit
1176 2502 1444 2555 germen.

628 2681 731 2734 XV.
793 2680 1091 2751 Contingit
1138 2686 1337 2738 autem
1381 2682 1701 2751 interdum,
1747 2692 1811 2742 ut
1850 2690 2101 2747 Satanas
2140 2693 2198 2748 in

550 2768 729 2824 corde
756 2773 951 2824 tecum
986 2770 1271 2842 disputet,
1315 2772 1569 2829 scilicet:
1598 2776 1751 2832 Ecce
1777 2785 2002 2849 quanta
2034 2785 2199 2839 mata

550 2858 903 2923 commisisti,
935 2875 1063 2916 ecce
1082 2867 1310 2931 quanta
1342 2864 1581 2920 insania
1603 2866 1804 2921 anima
1834 2872 1933 2923 tua
1968 2875 2195 2939 repleta

549 2950 648 3011 est,
671 2954 721 3000 et
741 2963 917 3017 quam
946 2953 1184 3005 onustus
1207 2966 1263 3006 es
1293 2954 1568 3021 peccatis,
1598 2962 1661 3009 ut
1692 2960 1952 3026 amplius
1969 2962 2199 3016 salvari

544 3125 836 3179 rationem
864 3125 1143 3193 deducat,
1177 3134 1231 3183 et
1256 3130 1397 3201 quia
1418 3147 1538 3187 non
1582 3138 1668 3188 est
1708 3143 1951 3206 accepta
1974 3144 2027 3192 et
2068 3154 2194 3207 gra-

544 3216 601 3267 ta
632 3217 733 3267 tua
766 3215 1129 3283 pmnitentia.
1166 3220 1484 3289 Postquam
1526 3221 1681 3275 enim
1728 3238 1829 3291 per
1870 3230 2194 3295 transgres-

544 3300 773 3353 sionem
807 3301 1031 3355 malitia
1062 3304 1553 3375 introivit,p05tea
1585 3308 1834 3375 singulis
1868 3312 2029 3367 horis
2069 3314 2191 3367 dis-

542 3391 713 3457 putat
737 3404 871 3441 cum
899 3390 1120 3451 anima,
1150 3396 1212 3443 ut
1231 3392 1411 3446 homo
1429 3410 1564 3448 cum
1588 3396 1849 3451 homine.
1876 3402 2189 3471 Responde

543 3478 604 3529 tu
648 3490 890 3544 quoque
923 3476 1006 3529 sic
1040 3493 1053 3530 :
1088 3478 1284 3533 Habeo
1317 3481 1647 3539 testimonia
1683 3487 1934 3551 Domini,
1966 3491 2189 3561 scripto

540 3564 920 3632 consignata:
938 3564 1088 3619 Noto
1108 3573 1348 3623 mortem
1366 3575 1761 3638 peccatorum,
1787 3576 1887 3631 sed
1904 3582 2189 3645 paeniten-

539 3650 703 3717 tiam,
733 3657 796 3705 ut
824 3660 1209 3710 convertatur
1238 3658 1360 3725 ipse
1386 3674 1422 3714 α
1452 3661 1550 3716 via
1585 3678 1887 3732 perversa,
1922 3675 1974 3723 et
2006 3669 2184 3724 vivat.

539 3741 851 3811 Propterea
880 3743 1039 3798 enim
1078 3744 1384 3802 descendit
1409 3750 1717 3817 Dominus,
1755 3760 1814 3807 ut
1840 3763 2183 3825 peccatores

536 3828 809 3895 salvaret,
841 3837 1109 3888 mortuos
1131 3837 1459 3899 suscitaret,
1484 3845 1539 3894 et
1569 3856 1603 3896 a
1626 3849 1814 3897 morte
1844 3845 2183 3903 vulneratos

537 3919 880 3985 viviﬁcaret,
910 3926 965 3976 et
984 3938 1087 3978 eos
1105 3925 1207 3995 qui
1237 3926 1295 3979 in
1320 3928 1576 3983 tenebris
1595 3932 2172 3998 erant,illuminaret.

538 4010 674 4063 Vere
727 4010 886 4064 enim
940 4013 1225 4069 Dominus
1284 4015 1632 4084 adveniens,
1684 4024 1913 4077 vocavit
1966 4040 2077 4078 nos
2123 4028 2178 4080 in

532 4098 917 4167 adoptionem
945 4100 1226 4167 ﬁliorum,
1260 4105 1333 4158 ad
1371 4114 1639 4163 sanctam
1669 4116 1725 4162 et
1766 4112 1927 4179 pacis
1958 4114 2177 4169 studio-

531 4201 665 4238 sam
698 4185 1017 4253 civitatem,
1059 4190 1136 4243 ad
1168 4191 1347 4247 vitam
1377 4208 1685 4265 nunquam
1719 4200 2055 4267 prrituram,
2100 4204 2173 4257 ad

530 4272 779 4340 gloriam
816 4274 1321 4344 incorruptibilem
1355 4324 1367 4345 ,
1398 4284 1577 4337 modo
1601 4299 1709 4355 nos
1742 4288 2033 4355 principio
2072 4289 2172 4343 bo-

2341 499 2441 547 Καὶ
2484 496 2507 546 6
2566 498 2709 557 ὑετὸς
2748 495 2799 559 ἐξ
2838 496 3057 569 οὐρανοῦ
3094 503 3489 570 κατερχόμενος,
3529 501 3687 570 φθάνει
3724 507 3873 575 κατέρ-

2335 585 2530 653 χεσθαι
2589 585 2659 646 εἰς
2697 588 2763 636 τὰ
2800 592 3065 658 κατώτερα
3102 589 3229 658 μέρη
3271 595 3363 648 τῆς
3401 596 3514 652 γῆς,
3554 586 3761 641 κάκεῖθεν
3795 594 3871 650 τὰς

2335 672 2673 746 ξηρανθείσας
2739 675 2894 747 ῥίζας
2963 674 3212 749 ἀνύγρανε
3286 681 3374 728 καὶ
3440 678 3725 744 ἀνεκαίνισε,
3798 687 3871 733 καὶ

2334 762 2573 821 εποίησεν
2604 762 2703 816 ἐκεῖ
2732 768 2958 836 γέννημα
2984 769 3179 821 καινόν.

2401 886 2497 940 ΙΔ¹.
2540 886 2723 949 Ἀλλος
2754 888 2892 941 ἐστὶν
2955 892 2980 940 6
3032 892 3167 961 ἔχων
3208 888 3401 961 ἀγῶνα,
3452 895 3537 943 καὶ
3577 890 3752 962 θλίψιν,
3800 896 3869 943 καὶ

2325 975 2543 1048 πόλεμον
2608 982 2738 1051 πρὸς
2788 981 2873 1030 τόν
2939 985 3208 1031 Σατανᾶνο
3263 979 3407 1041 οὗτος
3477 985 3868 1052 συντετριμμένην

2323 1067 2434 1136 ἔχει
2480 1070 2573 1123 τὴν
2624 1066 2811 1138 ψυχὴν
2854 1067 3051 1119 αὐτοῦ’
3112 1066 3159 1119 ἐν
3209 1072 3428 1141 μερίμνη
3474 1072 3570 1141 γάρ
3634 1072 3735 1120 ἔστι
3793 1074 3869 1121 καὶ

2320 1157 2487 1206 πένθει
2534 1161 2622 1207 καί
2691 1152 2969 1229 δάκρυσιν.
3027 1157 3113 1217 Εἰς
3168 1154 3264 1209 δύο
3314 1162 3564 1227 πρόσωπα
3608 1159 3867 1215 εἱστήκειὸ

2316 1251 2567 1305 τοιοῦτος.
2612 1245 2669 1297 Εἰ
2709 1264 2877 1296 τοινυν
2935 1244 2981 1295 ἐν
3029 1248 3285 1306 τοιούτοις
3338 1249 3632 1321 πράγμασιν
3672 1248 3869 1304 εἱστήκει

2316 1330 2488 1396 οὗτος,
2532 1338 2598 1394 εὶς
2641 1338 2726 1385 τὸν
2772 1337 2988 1405 πόλεμον
3070 1340 3178 1405 μετ’
3225 1335 3386 1387 αὐτοῦ
3458 1335 3588 1387 ἐστιν
3643 1336 3665 1386 ό
3704 1339 3866 1407 Κύριός

2314 1427 2403 1474 καὶ
2452 1423 2702 1494 φυλάσσει
2739 1424 2890 1475 αὐτόν
2946 1444 2957 1456 ’
3019 1423 3251 1486 ἕπιξητεῖ
3300 1428 3401 1498 γὰρ
3460 1420 3754 1485 σπουδαίως,
3790 1429 3864 1475 καὶ

2314 1514 2487 1583 κρούει
2526 1516 2617 1569 τὴν
2678 1515 2856 1584 θύραν,
2906 1518 3029 1565 πότε
3089 1514 3225 1581 αὐτῷ
3284 1513 3497 1585 ἀνοίγει.
3563 1514 3708 1566 Πάλιν
3746 1510 3795 1565 δε
3829 1515 3862 1564 εί

2315 1606 2545 1673 φαίνεταί
2594 1622 2675 1654 σοι
2715 1599 2933 1674 ἀδελφός
2974 1603 3165 1673 ἀγαθός
3226 1600 3347 1665 ὧδε,
3406 1606 3502 1655 ὑπὸ
3542 1612 3631 1664 τῆς
3677 1605 3865 1675 χάριτός

2314 1690 2454 1741 ἐστιν
2502 1690 2890 1765 ἐστηριγμένος.
2949 1691 3007 1743 Ὁ
3066 1688 3123 1743 δὲ
3192 1697 3262 1763 μὴ
3320 1695 3456 1763 ἔχων
3516 1692 3744 1764 θεμέλιον,
3789 1691 3865 1743 οὐκ

2313 1782 2424 1851 ἔχει
2478 1788 2723 1832 τοσοῦτον
2782 1779 2933 1851 φόϐον
2994 1788 3147 1846 Θεοῦ,
3218 1781 3275 1832 οὐ
3328 1785 3683 1854 συντέτριπται
3734 1780 3866 1831 αὑτοῦ

2312 1871 2341 1925 η
2398 1865 2617 1941 καρδία,
2682 1872 2795 1919 οὗτε
2845 1872 2985 1921 ἐστὶν
3060 1868 3107 1919 ἐν
3176 1868 3337 1941 φόϐῳ,
3392 1873 3507 1922 οὔτε
3567 1868 3867 1940 ἀσφαλίζεται

2312 1957 2471 2009 αὐτοῦ
2524 1961 2616 2015 τὴν
2673 1954 2896 2031 καρδίαν
2948 1960 3142 2009 καὶτὰ
3194 1958 3343 2029 μέλη,
3412 1966 3498 2010 τοῦ
3550 1963 3616 2029 μὴ
3668 1956 3868 2016 ἀτάκτως

2310 2054 2628 2119 περιπατεῖν.
2707 2046 2871 2103 Οὗτος
2950 2044 3120 2117 ἀκμὴν
3209 2046 3583 2119 ἀπολελυμένην
3639 2049 3740 2117 ἔχει
3793 2051 3867 2103 τήν

2310 2135 2495 2207 ψυχὴν
2545 2134 2703 2187 αὑτοῦ
2748 2153 2759 2164 ⁸
2789 2134 2931 2187 οὓπω
2976 2138 3073 2208 γαρ
3116 2135 3350 2193 εἰσῆλθεν
3380 2136 3453 2196 εἰς
3494 2135 3673 2207 ἀγῶνα.
3716 2134 3869 2191 Ἀλλος

2310 2224 2397 2275 οὖν
2447 2226 2585 2275 ἔστιν
2640 2226 2664 2275 6
2706 2228 2752 2276 ὲν
2803 2223 2965 2295 ἀγῶνι
3013 2230 3102 2277 καὶ
3155 2224 3347 2295 θλίψει,
3406 2230 3493 2277 καὶ
3557 2225 3695 2285 άλλος
3737 2225 3758 2275 6
3808 2228 3863 2294 μὴ

2310 2309 2463 2374 εἰδὼς
2518 2318 2569 2365 τί
2620 2316 2733 2364 εστι
2771 2313 3013 2384 πόλεμος.
3075 2319 3174 2366 Καὶ
3216 2316 3317 2384 γὰρ
3360 2317 3428 2366 τὰ
3484 2319 3737 2388 σπέρματα
3768 2312 3866 2363 ὅταν

2310 2399 2477 2474 βληθῇ
2534 2402 2604 2461 εἰς
2630 2407 2723 2459 τὴν
2775 2410 2895 2473 γῆν,
2951 2401 3125 2472 θλῐψιν
3157 2403 3401 2474 ὑπομένει
3441 2403 3507 2463 εἰς
3537 2406 3649 2464 τοὺς
3676 2402 3861 2471 πάγους,

2309 2489 2378 2550 εἰς
2409 2493 2494 2540 τόν
2534 2498 2789 2561 χειμῶνα,
2836 2490 2909 2551 εἰς
2960 2495 3054 2548 τὴν
3103 2490 3427 2562 ψυχρότητα
3467 2500 3560 2542 τῶν
3591 2490 3766 2563 ἀέρων·
3795 2491 3865 2538 καὶ

2308 2578 2355 2631 ἐν
2385 2588 2454 2649 τῷ
2486 2575 2656 2631 δέοντι
2681 2587 2847 2650 καιρῷ
2880 2578 3314 2641 ἀναζωοποιεῖται
3358 2584 3418 2632 τό
3449 2585 3681 2650 γέννημα.

2378 2686 2481 2741 ΙΕ’.
2523 2685 2795 2757 Συμϐαίνει
2845 2683 2903 2739 δὲ
2940 2688 3019 2739 ὅτι
3065 2688 3089 2737 6
3130 2693 3359 2748 Σατανᾶς
3424 2684 3705 2756 διαλέγεταί
3729 2703 3802 2736 σοι
3827 2682 3863 2733 ἐν

2305 2784 2365 2848 τῇ
2392 2771 2588 2849 καρδίᾳ
2622 2797 2633 2807 υ
2662 2772 2786 2827 Ἰδε
2826 2780 2993 2827 πόσα
3031 2778 3198 2827 κακά
3236 2776 3573 2838 ἐποίησας,
3616 2770 3743 2826 ἰδού
3777 2776 3862 2823 πό·

2308 2887 2426 2920 σων
2502 2873 2743 2935 μανιῶν
2810 2864 3227 2939 πεπλήρωταί
3294 2884 3413 2916 σου
3453 2867 3481 2922 ἠ
3539 2863 3726 2935 ψυχὴ,
3778 2866 3861 2913 καὶ

2307 2954 2748 3029 βεϐαρημένος
2803 2950 2858 3004 εἶ
2916 2952 3034 3004 ἀπὸ
3101 2954 3471 3027 αμαρτιῶν,
3541 2954 3632 3005 ὅτι
3680 2953 3862 3002 οὐκέτι

548 3050 661 3090 non
686 3035 890 3103 possis.
937 3040 1068 3093 Haac
1098 3045 1299 3095 autem
1326 3041 1461 3096 ideo
1487 3042 1645 3106 facit,
1685 3052 1743 3099 ut
1786 3053 1837 3101 te
1879 3048 1937 3101 in
1979 3050 2190 3121 despe-

2308 3042 2590 3097 δύνασαι
2640 3044 2949 3101 σωθῆναί.
3000 3050 3180 3094 Ταῦτα
3221 3040 3278 3095 δὲ
3334 3050 3492 3107 ποιεῖ,
3524 3044 3602 3095 ἶνα
3632 3044 3789 3111 ἑνέγκη
3818 3055 3863 3088 σε

2308 3134 2373 3194 εἰς
2403 3133 2747 3202 ἀπελπισμόν,
2782 3136 2870 3182 καὶ
2893 3132 2971 3182 ὃτι
2997 3130 3089 3183 οὐκ
3111 3134 3251 3183 ἔστιν
3288 3128 3698 3204 εὐπρόσδεκτοςὸ
3724 3127 3862 3198 μετά-

2304 3225 2419 3275 νοιά
2452 3242 2565 3274 σου.
2597 3217 2809 3279 Ἐπειδὴ
2836 3223 2937 3294 γὰρ
2962 3220 3279 3293 παρεισῆλθε
3314 3218 3411 3273 διὰ
3440 3229 3532 3283 τῆς
3561 3216 3861 3291 παραϐάσεως

2305 3313 2335 3369 ἡ
2376 3316 2555 3377 κακία,
2612 3310 2789 3362 λοιπόν
2838 3310 2951 3362 καθ’
3000 3309 3225 3367 ἑκάστην
3284 3312 3425 3383 ὥραν
3470 3307 3764 3379 ’διαλέγεται

2303 3398 2456 3470 ψυχῇ
2532 3403 2599 3458 ὡς
2656 3400 2924 3471 ἄνθρωπος
2996 3402 3126 3471 μετά
3208 3398 3506 3471 ἀνθρώπου.
3562 3396 3860 3467 Ἀποκρίθητι

2304 3487 2442 3558 αὐτῷ
2471 3492 2673 3549 καὶσὺ,
2708 3490 2788 3539 ὅτι
2840 3490 2967 3559 ἔχω
2995 3490 3105 3548 τὰς
3156 3495 3527 3562 μαρτυρίας
3580 3495 3664 3539 τοῦ
3696 3485 3857 3557 Κυρίου

2303 3577 2652 3649 ἐγγράφως,
2695 3582 2802 3628 καὶ
2842 3579 3035 3629 ὅτιού
3094 3574 3417 3648 βούλομαι
3469 3582 3568 3630 τόν
3624 3578 3855 3628 θάνατον

2298 3674 2405 3719 τοῦ
2463 3666 2865 3738 ἀμαρτωλοῦ,
2920 3668 2997 3727 ὡς
3054 3671 3163 3723 τὴν
3221 3670 3592 3737 μετάνοιαν,
3661 3661 3856 3715 καὶτὸ

2300 3754 2793 3829 ἀποστραφῆναι
2833 3755 3023 3806 αὑτὸν
3064 3753 3182 3807 ἀπὸ
3223 3763 3331 3816 τῆς
3373 3754 3525 3809 ὁδοῦ
3563 3763 3668 3815 τῆς
3703 3767 3856 3804 πονη-

2295 3852 2403 3919 ρᾶς,
2439 3850 2546 3897 καὶ
2596 3845 2709 3915 ζῇν
2738 3844 2948 3898 αὐτόν.
3008 3846 3103 3896 Διά
3128 3852 3280 3896 τοῦτο
3312 3849 3417 3917 γὰρ
3448 3843 3688 3903 κατῆλθεν
3711 3840 3855 3898 αὐτὸς,

2297 3936 2379 3986 ἶνα
2407 3938 2527 3995 τοὺς
2553 3932 2887 4004 ἁμαρτωλοὺς
2920 3938 3089 4005 σώσῃ,
3122 3937 3238 3993 τοὺς
3263 3938 3476 4006 νεκροὺς
3502 3929 3856 4003 ἀνεγείρη,τοὺς

2293 4025 2739 4093 τεθανατωμένους
2791 4024 3117 4093 ζωοποιήση,
3174 4025 3295 4082 τούς
3352 4026 3401 4075 ἓν
3441 4032 3511 4093 τῷ
3566 4025 3726 4073 σκότει
3773 4034 3855 4085 φω-

2290 4117 2433 4184 τίση.
2478 4111 2709 4170 ’Λληθὼς
2756 4114 2855 4181 γὰρ
2916 4111 3069 4162 ἐλθὼν
3124 4110 3191 4171 εἰς
3251 4114 3518 4165 υἱοθεσίαν
3574 4112 3703 4180 ἡμᾶς
3754 4103 3855 4155 ἐκά-

2289 4201 2450 4266 λεσεν,
2504 4201 2573 4260 εἰς
2604 4200 2747 4251 πόλιν
2806 4199 2979 4269 ἁγίαν,
3040 4200 3452 4273 εἰρηνευομένην,
3512 4200 3577 4259 εἰς
3623 4198 3749 4258 ζωήν
3776 4195 3852 4247 τὴν

2288 4287 2550 4360 μηδέποτε
2583 4288 3041 4353 ἀποθνήσκουσαν,
3083 4288 3149 4348 εἰς
3182 4286 3341 4351 δοξαν
3391 4292 3666 4361 ἄφθαρτον.
3711 4286 3850 4335 Μόνον

530 4374 674 4413 num
717 4360 895 4415 ﬁnem
920 4370 1428 4431 superstruamus,
1464 4380 1910 4440 perseverantes
1940 4376 1996 4429 in
2032 4393 2176 4447 pau-

2303 4380 2435 4449 ὴμεῖς
2487 4387 2549 4451 τῇ
2594 4377 2735 4449 ἀρχῇ
2795 4379 2940 4448 ἡμῶν
2996 4374 3165 4447 δῶμεν
3221 4379 3364 4441 τέλος
3417 4360 3607 4448 άγαθόν
3639 4394 3649 4406 ·
3700 4370 3847 4442 ἐμμεί-

527 4452 773 4517 pertate,
808 4449 1306 4518 peregrinatione,
1340 4455 1656 4513 afﬂictione
1688 4466 1741 4514 et
1774 4464 2175 4530 postulatione

526 4549 667 4603 erga
698 4538 901 4607 Deum,
936 4537 1163 4611 absque
1188 4542 1305 4598 ullo
1327 4547 1555 4614 pudore
1582 4549 2170 4623 pulsantesjanuam.

526 4625 1049 4689 Quemadmodum
1120 4632 1279 4687 enim
1339 4650 1557 4705 corpus
1618 4640 2023 4712 propinquum
2090 4651 2176 4700 est

522 4714 761 4779 animae,
805 4718 883 4773 ita
914 4720 1159 4790 propior
1189 4726 1273 4777 est
1305 4725 1589 4780 Dominus
1619 4728 1694 4782 ad
1730 4731 2085 4786 veniendum
2120 4741 2174 4789 et

520 4806 915 4876 aperiendum
933 4808 1209 4865 occlusas
1226 4811 1378 4866 fores
1393 4815 1768 4879 cordis,etad
1796 4818 2166 4887 largiendum

520 4894 694 4949 nobis
724 4895 959 4951 divitias
989 4898 1277 4955 ccelestes.
1310 4902 1503 4956 Bonus
1537 4904 1833 4976 siquidem
1866 4914 1951 4962 est
1982 4916 2037 4964 et
2068 4910 2157 4966 ho:

520 4985 749 5039 minum
781 5000 1037 5054 amans;
1071 4992 1125 5043 et
1156 4989 1409 5045 falsitate
1440 4993 1566 5062 ejus
1596 4997 2029 5064 promissiones
2064 5018 2166 5054 ca-

518 5078 668 5137 rent,
701 5075 883 5129 modo
915 5092 1024 5131 nos
1064 5093 1509 5148 perseveremus
1539 5084 1613 5137 ad
1646 5084 1826 5139 tinem
1866 5104 2057 5158 usque
2103 5090 2156 5143 in

518 5162 864 5220 studioeum
886 5167 1215 5237 quaerendi.
1232 5168 1424 5225 Gloria
1439 5172 1924 5229 miserationibus
1956 5177 2159 5242 Patris,

513 5256 567 5310 et
597 5253 732 5323 Filii,
776 5258 829 5311 et
855 5255 1105 5329 Spiritus
1135 5258 1323 5315 sancti
1352 5260 1413 5315 in
1444 5262 1680 5319 saecula.
1718 5268 1924 5322 Amen.

2286 4486 2445 4536 νωμεν
2492 4476 2551 4538 τῇ
2617 4471 2875 4537 πτωχείᾳ,
2931 4474 2992 4537 τῇ
3056 4466 3306 4531 ξενητεία.
3364 4476 3425 4539 τῇ
3480 4467 3750 4535 κακουχίᾳ,
3794 4464 3845 4526 τῇ

2286 4555 2494 4611 αἰτήσει
2524 4564 2584 4626 τῇ
2639 4559 2761 4628 πρὸς
2814 4558 2900 4606 τὸν
2954 4559 3102 4615 Θεὸν,
3160 4559 3289 4621 μετά
3323 4552 3585 4616 ἀναιδείας
3613 4553 3848 4619 κρούοντες

2284 4648 2376 4701 τὴν
2433 4645 2609 4716 θύραν.
2668 4643 2866 4716 Ὠσπερ
2920 4646 3021 4717 γὰρ
3092 4644 3247 4715 ἐγγύς
3307 4645 3421 4697 ἔστι
3480 4648 3537 4696 τό
3585 4650 3725 4711 σῶμα
3767 4644 3848 4693 τῆς

2282 4732 2488 4803 Ψυχῆςν
2553 4733 2714 4792 οὕτως
2764 4732 3036 4805 ἐγγύτερος
3094 4735 3118 4784 ὁ
3182 4738 3370 4806 Κύριος
3426 4742 3517 4785 τοῦ
3562 4732 3708 4783 ἐλθεῖν
3770 4728 3845 4775 καὶ

2284 4819 2483 4881 ἀνοῖξαι
2538 4823 2628 4881 τάς
2685 4822 3047 4894 κεκλεισμένας
3093 4826 3251 4896 θύρας
3319 4832 3411 4883 τῆς
3483 4818 3713 4893 καρδίας,
3772 4816 3843 4864 καί

2280 4905 2631 4981 δωρήσασθαι
2670 4912 2791 4981 ἡμῖν
2848 4915 2931 4962 τόν
2973 4912 3189 4963 πλοῦτον
3256 4916 3342 4963 τὸν
3403 4911 3652 4980 οὐράνιον.
3711 4906 3846 4971 Ἀγα-

2280 5000 2366 5061 θός
2420 5000 2519 5069 γάρ
2588 4999 2699 5050 ἐστι
2760 5005 2847 5051 καὶ
2904 5000 3276 5073 φιλάνθρωπος,
3328 5005 3415 5051 καὶ
3459 4994 3697 5069 ἀψευδεῖς
3732 4992 3843 5044 εἰσιν

2275 5090 2434 5139 αὐτοῦ
2498 5092 2551 5139 αἱ
2608 5088 2923 5159 ἐπαγγελίαι,
2998 5095 3150 5161 μόνον
3230 5092 3314 5141 ἐὰν
3375 5090 3716 5158 ὑπομείνωμεν
3768 5095 3841 5135 εως

2273 5177 2446 5239 τέλους
2478 5176 2838 5237 ἐπιζητοῦντες
2886 5178 3059 5233 αὐτόν.
3115 5178 3245 5240 Δόξα
3283 5185 3396 5238 τοῖς
3426 5177 3706 5248 οἰκτιρμοίς
3754 5174 3841 5219 "4'

2274 5272 2412 5340 τρός,
2456 5272 2544 5319 καὶ
2587 5270 2730 5332 Υἱοῦ,
2789 5273 2877 5320 καὶ
2917 5266 3067 5341 ἀγίου
3111 5271 3427 5339 Πνεύματος,
3474 5266 3542 5326 εἰς
3582 5264 3693 5322 τοὺς
3731 5276 3840 5309 αιω·

2273 5377 2381 5417 νας.
2425 5357 2615 5429 Ἂμήν.
