4034 6202
209 273 322 332 557

807 397 1058 452 OMIAIA
1097 396 1208 455 [θ’.

215 507 367 627 [Iceni
404 510 518 566 τῆς
558 505 856 565 στάσεως
887 510 1000 556 τοῦ
1037 500 1248 575 Ἀδὰμ
1287 506 1408 576 πρὸ
1446 509 1562 555 τοῦ
1602 503 1800 576 παρα-

326 595 471 627 ηναι
510 574 699 627 αὐτὸν
739 579 850 627 τὴν
890 575 1148 627 έντολὴν
1186 582 1297 627 τοῦ
1337 581 1530 627 Θεοῦ·
1565 579 1672 627 καὶ
1712 594 1800 627 με·

326 595 471 633 ηναι
510 574 699 627 αὐτὸν
736 579 850 646 τὴν
890 575 1148 634 έντολὴν
1186 574 1297 628 τοῦ
1337 574 1530 646 Θε-οῦ·
1565 579 1672 627 καὶ
1705 574 1805 646 με·

280 649 355 700 τὰ
391 651 458 700 τὸ
489 647 683 700 αὐτὸν
723 645 1038 700 ἀπολέσαι
1077 651 1182 700 καὶ
1223 651 1333 705 τὴν
1375 644 1552 699 ἰδίαν
1591 644 1806 698 εἰκόνα

279 723 387 771 καὶ
427 724 538 777 τὴν
597 719 1005 792 ἐπουράνιον.
1062 723 1333 792 Συνέχει
1369 723 1482 771 καὶ
1513 721 1542 777 ἡ
1581 717 1806 790 ὁμιλία

280 792 598 854 ζητήσεις
636 791 819 854 τινάς
854 794 1016 844 πάνυ
1068 791 1446 864 ὠφελίμους.

1833 399 1874 452 Α

278 895 359 951 A'.
414 896 474 949 '0
528 893 708 970 Ἀδὰμ
757 902 851 956 τήν
927 896 1134 955 ἐντολὴν
1188 895 1444 968 παραϐὰς,
1515 897 1652 948 κατὰ
1709 890 1806 946 δύο

210 991 424 1056 τρόπους
484 985 712 1040 ἀπώλετο
745 1003 757 1015 ”
789 986 877 1040 ἕνα
923 989 1036 1059 μὶν,
1096 987 1178 1038 ὅτι
1235 984 1467 1038 ἀπώλεσε
1512 987 1572 1037 τό
1627 992 1809 1055 κτῆμα

213 1077 264 1126 τὸ
293 1077 520 1149 καθαρόν
566 1083 658 1137 τῆς
701 1078 901 1147 φύσεως
955 1075 1138 1142 αὐτοῦ,
1189 1078 1248 1127 τὸ
1305 1077 1514 1148 ὡραῖον,
1573 1076 1633 1127 τὸ
1689 1073 1804 1124 κατ’

211 1163 374 1216 εἰκόνα
418 1168 507 1216 καὶ
562 1165 812 1236 ὁμοίωσιν
861 1171 996 1217 Θεοῦ
1027 1181 1040 1193 ⁸
1088 1164 1255 1236 ἕτερον
1314 1158 1390 1232 δὲ,
1425 1165 1505 1215 ὅτι
1549 1160 1806 1213 ἀπώλεσεν

213 1253 365 1311 αὐτὴν
415 1257 509 1310 τὴν
559 1253 750 1318 εἰκόνα,
801 1251 849 1305 έν
986 1251 1224 1306 ἀπέκειτο
1280 1251 1421 1322 αὐτῷ
1479 1251 1591 1304 κατ’
1650 1249 1807 1320 ἔπαγ-

210 1342 376 1412 γελίαν
437 1343 466 1399 ἡ
524 1340 833 1415 ἐπουράνιος
883 1348 1032 1395 πᾶσα
1083 1341 1421 1414 κληρονομία,
1467 1347 1667 1412 Ὠσπερ
1721 1341 1805 1391 εὰν

211 1427 521 1502 ἦνόμισμα,
560 1435 655 1490 τὴν
699 1431 872 1484 εἰκόνα
908 1438 1000 1485 τοῦ
1031 1429 1286 1504 βασιλέως
1325 1433 1468 1502 ἔχον,
1515 1434 1604 1482 καὶ
1655 1435 1805 1481 τοῦτο

210 1528 590 1594 παραχαραγῇ,
623 1523 650 1572 6
705 1524 912 1595 χρυσός
955 1539 1008 1574 τε
1038 1520 1286 1590 ἀπώλετο,
1345 1526 1434 1573 καὶ
1479 1521 1509 1578 ἡ
1555 1519 1701 1571 εἰκὼν
1746 1518 1804 1570 οὐ

207 1612 540 1682 χρησιμεύει,
596 1617 832 1662 τοιοῦτον
874 1612 1034 1663 ἔπαθε
1077 1615 1167 1662 καὶ
1196 1612 1222 1662 6
1247 1605 1422 1681 Ἀδάμ
1452 1625 1464 1639 ’
1511 1613 1675 1680 μέγας
1701 1610 1802 1680 γὰρ

1456 270 1806 330 HOMILLE.
1841 297 1913 314 —
1956 271 2134 333 HOM.
2171 277 2270 333 XI.

3466 281 3574 350 558

2525 404 2820 461 HOMILIA
2858 406 2966 462 XII.

1916 507 2170 581 De_statu
2182 509 2227 563 Α
2239 509 2331 565 dae
2341 515 2659 581 antequam
2674 511 3196 580 transgrederetur
3213 513 3568 570 mandatum

1985 579 2131 652 Dei:
2155 589 2206 635 et
2258 579 2570 651 postquam
2601 583 2798 637 amisit
2840 579 3150 652 propriam
3191 600 3263 640 ac
3289 585 3570 641 caelestem

1982 649 2298 732 imaginem
2309 649 2598 732 ._C_o’ntinet
2610 669 2838 724 quoque
2851 649 3097 711 homilia
3110 656 3398 726 quasdam
3415 671 3572 728 quae-

1983 723 2198 778 stiones
2233 723 2406 779 valde
2446 723 2637 780 utiles}

1986 899 2028 953 Ι.
2050 898 2238 953 Adam
2263 904 2679 968 transgressus
2704 900 3082 968 mandatum,
3108 901 3346 958 duobus
3372 903 3568 958 modis

1916 987 2084 1057 periit
2113 1004 2123 1042 :
2161 1005 2280 1042 uno
2319 989 2588 1059 quidem,
2634 989 2800 1061 quod
2832 989 3094 1060 perdidit
3123 992 3570 1062 possessionem

1914 1091 2127 1147 puram
2156 1083 2381 1132 naturas
2411 1094 2557 1144 suae,
2590 1079 2944 1150 speciosam,
2971 1084 3026 1132 et
3052 1079 3386 1134 secundum
3418 1080 3571 1136 ima-

1915 1164 2113 1232 ginem
2139 1182 2208 1220 ac
2235 1166 2684 1221 similitudinem
2710 1167 2808 1221 Dei
2827 1166 3134 1222 conditam
3157 1183 3172 1222 :
3198 1166 3382 1222 altero
3404 1183 3567 1234 vero,

1913 1254 2075 1324 quod
2105 1255 2360 1325 perdidit
2385 1256 2582 1326 ipsam
2602 1256 2947 1324 imaginem.
2982 1255 3041 1310 in
3066 1271 3189 1327 qua
3220 1256 3486 1326 reposita
3517 1254 3568 1311 ei

1913 1348 2038 1397 erat
2062 1343 2234 1413 juxta
2261 1344 2744 1414 promissionem,
2775 1349 2896 1400 tota
2922 1343 3242 1400 haereditas
3279 1343 3562 1402 caelestis.

1914 1431 2162 1486 Perinde
2193 1447 2262 1487 ac
2301 1432 2349 1486 si
2383 1434 2458 1488 sit
2488 1439 2748 1498 moneta,
2781 1433 3042 1502 imagine
3073 1434 3229 1502 regis
3261 1433 3568 1502 insignita,

1912 1535 2047 1592 quin
2076 1521 2122 1574 si
2160 1520 2543 1586 adulteretur,
2575 1527 2631 1576 et
2659 1537 2873 1577 aurum
2911 1523 3080 1593 perit,
3115 1526 3172 1577 et
3219 1523 3422 1591 imago
3449 1520 3568 1595 44

1913 1608 2135 1664 nullius
2167 1615 2257 1665 est
2296 1609 2470 1680 pretii
2499 1626 2511 1664 :
2545 1610 2658 1665 tale
2689 1609 3004 1682 quippiam
3045 1609 3242 1666 evenit
3268 1609 3409 1664 Adae
3435 1627 3448 1676 ;
3478 1610 3572 1665 in-

207 1700 423 1761 πλοῦτος
471 1705 559 1752 καὶ
607 1699 804 1772 μεγάλη
838 1701 866 1757 ἡ
919 1699 1238 1775 κληρονομία
1288 1699 1594 1774 εὐτρέπιστο
1641 1697 1796 1768 αὐτῷ,

1916 1703 2119 1765 gentes
2162 1699 2456 1770 siquidem
2509 1698 2747 1764 divitias,
2780 1704 2837 1755 et
2880 1714 3104 1770 magna
3142 1698 3461 1754 hmreditas
3517 1699 3570 1754 ei

203 1786 400 1860 Ὠσπερ
430 1786 513 1840 ἐὰν
542 1785 572 1860 ᾗ
606 1793 806 1861 χωρίον
837 1791 992 1860 μέγα,
1042 1793 1134 1841 καὶ
1159 1787 1316 1841 τοῦτο
1343 1790 1442 1860 ἔχῃ
1498 1784 1802 1860 προσόδους

200 1876 408 1944 πολλὰς,
469 1877 571 1929 ἐκεῖ
617 1877 845 1949 ἄμπελος
903 1877 1215 1941 εῦθύνουσα,
1273 1875 1380 1929 έκεῖ
1427 1884 1604 1950 χῶραι
1657 1876 1802 1948 εὐφο-

199 1974 407 2036 ροῦσαι,
439 1968 542 2019 ἐκεῖ
569 1964 769 2037 ἀγέλαι,
812 1965 918 2019 έκιί
973 1969 1175 2039 χρυσὸς
1219 1970 1310 2019 καὶ
1338 1967 1564 2040 ἄργυρος
1591 1985 1603 1998 ·
1638 1966 1799 2026 οὕτως

201 2051 256 2114 ἧν
308 2061 488 2127 τίμιον
537 2059 593 2107 16
649 2060 848 2128 χωρίον
916 2059 1018 2130 πρὸ
1064 2062 1159 2117 τῆς
1211 2063 1499 2128 παρακοῆς,
1553 2054 1680 2106 αὐτὸ
1736 2059 1796 2107 1'6

198 2153 374 2206 σκεῦος
421 2151 513 2196 τοῦ
559 2141 758 2216 Ἀδάμ.
808 2143 950 2198 Ἀλλ’
999 2139 1181 2202 ἐπειδὴ
1233 2146 1372 2196 κακὰ
1403 2145 1531 2214 ἔσχε
1583 2139 1796 2202 διανοή-

194 2252 323 2304 ματα
355 2239 450 2286 καὶ
480 2233 789 2305 λογισμοὺς,
815 2231 1046 2286 ἀπώλετο
1076 2230 1178 2286 ἀπὸ
1209 2239 1302 2285 τοῦ
1332 2239 1488 2287 Θεοῦ.

258 2445 327 2499 Β’.
378 2443 458 2497 Οῦ
489 2443 700 2516 λέγομεν
750 2439 810 2497 δε
861 2446 941 2497 ότι
979 2433 1210 2497 ἀπώλετο
1258 2447 1316 2497 16
1342 2445 1455 2498 ὅλον
1485 2447 1574 2497 καὶ
1612 2445 1792 2518 ἠφανί-

197 2535 308 2598 σθη,
339 2538 439 2585 καὶ
468 2533 717 2586 ἀπέθανεν
752 2551 765 2562 ·
801 2531 901 2585 ἀπό
946 2540 1038 2585 τοῦ
1067 2541 1199 2587 Θεοῦ
1231 2531 1468 2598 ἀπέθανε,
1496 2542 1556 2607 τῇ
1592 2530 1650 2586 δὲ
1679 2531 1794 2608 ἰδίᾳ

192 2625 333 2693 φύσει
391 2622 482 2695 ζῇ.
539 2617 682 2674 Ἰδοὺ
725 2623 825 2696 γὰρ
876 2621 990 2683 ὅλος
1020 2622 1046 2674 ό
1098 2627 1295 2695 κόσμος
1351 2631 1624 2697 περιπατεῖ
1655 2625 1787 2697 ἑντῇ

190 2718 272 2782 γῇ,
323 2717 420 2763 καὶ
483 2714 908 2784 πραγματεύεται
967 2729 980 2741 '
1038 2710 1146 2763 ἀλλ’
1205 2711 1466 2784 ὀφθαλμός
1521 2719 1613 2764 τοῦ
1657 2719 1791 2766 Θεοῦ

193 2795 355 2870 βλέπει
411 2798 569 2851 αὐτὸν
615 2803 700 2852 τόν
748 2808 888 2864 νοῦν,
942 2805 1033 2853 καὶ
1077 2803 1172 2863 τὰς
1215 2801 1540 2873 ἐνθυμήσεις,
1585 2807 1676 2853 καὶ
1723 2805 1791 2863 ὡς

192 2887 506 2958 περιϐλέπει,
559 2891 644 2940 καί
687 2888 1028 2963 παραϐλέπει,
1086 2894 1176 2942 καὶ
1203 2889 1264 2942 οῦ
1322 2897 1459 2942 ποιεῖ
1513 2889 1561 2942 ἓν
1613 2891 1792 2952 αὐτοῖς

191 2981 476 3044 κοινωνίαν,
532 2973 713 3036 έπειδὴ
765 2974 916 3030 οὐδὲν
966 2977 1240 3051 εὐάρεστον
1285 2986 1356 3049 τῷ
1399 2986 1512 3049 Θεῷ
1558 2978 1789 3050 λογίζον-

191 3082 289 3116 ται.
346 3063 556 3139 Ὠσπερ
617 3063 701 3117 έάν
759 3063 860 3118 ὦσι
912 3063 1229 3138 πωδοχεία,
1280 3071 1370 3119 καὶ
1422 3073 1650 3142 πορνεῖα,
1703 3073 1791 3120 καὶ
1827 3089 1866 3144 C

190 3158 334 3206 τόποι
363 3155 499 3206 ὅπου
547 3153 759 3217 ἀταξίαι
809 3159 1040 3225 γίνονται
1083 3160 1173 3208 καὶ
1204 3154 1428 3208 ἀσωτίαι
1459 3173 1472 3186 ·
1519 3155 1695 3209 λοιπὸν
1743 3158 1792 3209 οἱ

194 3241 445 3302 θεοσεϐεῖς
502 3247 887 3316 παρερχόμενοι
937 3243 997 3297 οῦ
1073 3240 1481 3316 βδελύσσονται,
1532 3250 1622 3297 καὶ
1679 3242 1792 3318 βλέ-

193 3349 363 3393 ποντες
422 3330 483 3384 οὗ
539 3329 818 3404 βλέπουσιν
850 3348 865 3397 ;
893 3336 962 3395 ὡς
1011 3335 1167 3405 νεκρὰ
1215 3335 1316 3406 γὰρ
1371 3333 1548 3396 αὐτοῖς
1603 3332 1744 3386 ἔστιν
1775 3355 1789 3369 ο

192 3418 318 3472 οὕτω
377 3425 470 3472 καὶ
501 3422 528 3472 6
567 3424 695 3482 Θεὸς
735 3424 821 3475 ἐπὶ
858 3425 978 3484 τοὺς
1023 3424 1500 3484 ἀποστατὴσαντας
1555 3418 1649 3476 διὰ
1700 3430 1793 3476 τοῦ

191 3505 334 3579 λόγον
400 3509 586 3577 αὐτοῦ,
641 3516 730 3563 καὶ
785 3511 887 3563 ἀπὸ
931 3519 1026 3572 τῆς
1078 3510 1304 3577 ἐντολῆς,
1360 3511 1622 3565 ἐπιϐλέπει
1679 3515 1789 3585 μὲν,

194 3593 314 3648 ἀλλὰ
374 3597 699 3673 παραϐλέπει
746 3599 956 3670 αὐτοὺς,
1014 3605 1102 3652 καὶ
1162 3600 1221 3652 οῦ
1278 3605 1418 3654 ποιεῖ
1466 3599 1569 3653 έκεί
1614 3621 1795 3654 κοινω-

195 3690 318 3750 νέαν,
349 3691 476 3740 οὔτε
502 3687 889 3742 ἰπαναπαύεται
935 3689 1007 3751 εἰς
1058 3693 1181 3751 τοὺς
1231 3689 1517 3762 λογισμοὺς
1568 3691 1736 3744 αὐτῶν
1767 3693 1793 3744 6

198 3777 404 3847 Κύριος.

261 3883 329 3937 1".
368 3883 758 3956 Ἐρώτησις.
805 3892 938 3948 Πῶς
971 3905 1075 3948 τις
1115 3882 1395 3938 δύναται
1430 3882 1596 3938 εἶναι
1633 3905 1792 3939 πτω-

194 3973 298 4040 χὸς
327 3980 417 4042 τῷ
440 3976 775 4044 πνεύματι,
800 3975 1094 4046 μάλιστα
1123 3977 1224 4027 ὅτε
1253 3974 1539 4046 αἰσθηθῇ
1573 3973 1631 4026 έν
1663 3974 1796 4027 ἑαυ-

196 4060 288 4129 τῷ,
317 4064 414 4114 ὅτι
439 4066 750 4134 μετετέθη
790 4070 900 4118 καὶ
927 4064 1268 4138 προέκοψε,
1301 4068 1409 4116 καὶ
1437 4064 1531 4124 εἰς
1559 4072 1795 4136 γνῶσιν

196 4155 296 4202 καὶ
326 4152 596 4204 σύνεσιν
628 4150 841 4220 ἦλθεν,
886 4154 955 4213 ἣν
987 4158 1052 4206 τό
1083 4159 1404 4228 πρότερον
1433 4153 1545 4206 οὐκ
1572 4151 1752 4226 εἶχεν
1781 4172 1793 4220 ;

263 4258 665 4331 Ἀπόκρισις.
717 4259 850 4324 Ἐως
878 4260 938 4313 οὗ
985 4263 1155 4313 ταῦτά
1188 4280 1269 4322 τις
1299 4266 1504 4326 κτᾶται,
1556 4263 1647 4312 καὶ
1673 4278 1794 4334 προ-

200 4351 398 4412 κόπτει,
443 4347 538 4399 οὐκ
589 4351 703 4401 ἔστι
754 4353 964 4421 πτωχὸς
1013 4357 1084 4420 τῷ
1142 4352 1412 4421 πνεύματι,
1469 4347 1574 4400 ἀλλ’
1633 4352 1797 4400 οῖεται

201 4441 310 4508 περὶ
362 4435 586 4489 ἑαυτοῦο
649 4441 767 4491 ὅταν
815 4435 874 4492 δε
921 4439 1040 4512 ἔλθῃ
1075 4438 1141 4500 εἰς
1189 4442 1383 4496 ταύτην
1436 4442 1528 4496 τὴν
1588 4440 1795 4490 σύνεσιν
1828 4459 1874 4514 D

201 4529 282 4575 καὶ
328 4529 426 4584 τὴν
484 4533 772 4599 προκοπὴν,
833 4529 964 4586 αῦτη
1026 4529 1055 4586 ἡ
1115 4530 1280 4601 χάρις
1339 4524 1588 4580 διδάσκει
1639 4525 1795 4579 αὐτόν

203 4607 324 4666 εἶναι
348 4619 566 4687 πτωχόν
592 4625 664 4685 τῷ
712 4621 986 4686 πνεύματι,
1017 4621 1104 4670 τὸν
1135 4621 1256 4670 ὅντα
1311 4619 1428 4669 τινὰ
1471 4613 1676 4668 δίκαιον
1705 4621 1796 4668 καὶ

204 4701 430 4756 ὶκλεκτόν
488 4709 635 4772 Θεοῦ,
702 4711 775 4778 μὴ
833 4709 1079 4778 ἡγεῖσθαί
1146 4727 1198 4759 τι
1254 4723 1435 4760 εαυτον
1488 4702 1636 4770 εἶναι,
1691 4704 1784 4756 ἀλλ

202 4790 336 4861 ἔχειν
391 4798 484 4851 τὴν
533 4793 720 4866 ψυχὴν
773 4795 933 4848 αὐτοῦ
981 4797 1166 4868 ἄτιμον
1195 4799 1284 4848 καὶ
1342 4790 1794 4866 ἕξουδενουμένην,

204 4878 268 4940 ὡς
290 4877 458 4952 μηδὲν
505 4879 687 4936 εἰδότα
713 4884 742 4943 ἦ
771 4887 982 4955 ἔχοντα,
1033 4889 1203 4937 καίτοι
1250 4880 1427 4936 εἰδότα
1453 4888 1542 4935 καὶ
1581 4884 1794 4954 ἔχοντα.

202 4972 362 5022 Τοῦτο
393 4967 452 5024 δε
498 4975 567 5034 ὡς
596 4977 814 5044 φυσικόν
866 4979 956 5026 καὶ
1011 4977 1210 5031 πηκτόν
1256 4977 1453 5044 γίνεται
1502 4970 1586 5024 ἐπὶ
1617 4979 1688 5042 τῷ
1718 4975 1798 5024 νοί

203 5064 295 5107 τῶν
327 5057 625 5134 ἀνθρώπων.
675 5065 797 5134 Οῦχ
825 5063 950 5134 ὁρᾷς
976 5063 1001 5114 ὁ
1031 5063 1312 5136 προπάτωρ
1367 5063 1511 5133 ἡμῶν
1543 5059 1788 5133 Ἀϐραὰμ

205 5145 268 5196 ὧν
295 5146 543 5215 ἐκλεκτὸς,
595 5159 694 5220 γῆν
742 5149 920 5203 ἑαυτὸν
951 5156 1040 5203 καὶ
1086 5148 1283 5204 σποδόν
1332 5150 1568 5222 ὠνόμαζε
1598 5168 1614 5220 ;
1650 5154 1739 5201 καὶ
1769 5151 1795 5202 ό

206 5233 384 5299 Δαϐὶδ,
423 5241 670 5310 χρισθιὶς
699 5239 772 5302 εἰς
820 5237 1060 5312 βασιλέα,
1095 5243 1224 5293 Θεὸν
1253 5237 1367 5311 εἶχε
1416 5237 1529 5311 μεθ’
1567 5237 1750 5290 ἑαυτοῦ
1773 5268 1789 5281 -

205 5329 290 5375 καὶ
314 5325 560 5398 τίλέγει;
608 5328 863 5392 Σκώληξ
927 5328 1059 5400 εἰμὶ
1097 5333 1206 5380 καὶ
1247 5329 1364 5380 οῦκ
1429 5328 1793 5400 ἄνθρωπος,

208 5411 444 5477 ὄνειδος
480 5418 849 5491 ἀνθρώπων,
891 5423 998 5470 καὶ
1055 5413 1470 5490 έξουδένωμα
1533 5415 1721 5471 λαῶν.

274 5519 346 5573 Δ’.
403 5525 466 5576 οἰ
513 5520 602 5578 οὖν
657 5523 881 5588 θέλοντες
931 5527 1127 5579 τούτων
1171 5521 1300 5580 εἶναι
1355 5523 1791 5599 συγκληρονόμοι,

285 5665 333 5702 ³⁸
361 5666 495 5727 Gen.
530 5684 693 5738 mu,
726 5668 814 5726 27.

1911 1793 2248 1859 prmparata
2271 1793 2412 1843 erat.
2445 1787 2692 1844 Perinde
2705 1803 2775 1843 ac
2797 1787 2843 1842 si
2859 1788 2931 1842 sit
2955 1787 3252 1860 praedium
3268 1786 3568 1859 amplum,

1909 1875 2176 1948 illudque
2215 1877 2436 1932 multos
2483 1875 2703 1932 habeat
2731 1876 2978 1940 reditus,
3033 1877 3093 1931 in
3120 1891 3243 1948 quo
3275 1876 3349 1930 sit
3393 1876 3569 1931 vinea

1909 1963 2251 2028 fructuosa;
2294 1965 2530 2038 illicque
2571 1965 2690 2020 sint
2743 1964 2960 2020 fertiles
2989 1964 3140 2034 agri,
3174 1962 3290 2019 illic
3329 1979 3566 2034 greges,

1907 2053 2145 2126 illicque
2171 2070 2383 2110 aurum
2410 2065 2467 2110 et
2497 2058 2816 2124 argentum
2846 2070 2859 2108 :
2897 2053 2980 2109 ita
3008 2070 3116 2109 vas
3149 2053 3292 2108 Adae
3317 2058 3456 2109 ante
3481 2053 3568 2109 in-

1906 2143 2309 2199 obedientiam
2332 2147 2458 2199 erat
2480 2147 2768 2214 tanquam
2785 2141 3078 2215 prmdium
3101 2141 3414 2214 quoddam
3435 2157 3567 2215 pre-

1904 2233 2145 2288 tiosum.
2180 2234 2394 2287 Verum
2424 2231 2528 2288 ubi
2554 2231 2760 2304 pravis
2790 2231 3148 2287 commentis
3176 2234 3232 2287 et
3257 2231 3565 2301 cogitatio-

1904 2321 2082 2376 nibus
2111 2337 2174 2377 se
2204 2321 2473 2390 involvit,
2504 2321 2679 2394 periit
2711 2337 2746 2376 a
2777 2321 2918 2377 Deo.

1973 2447 2040 2500 II.
2090 2449 2217 2503 Non
2250 2452 2450 2502 tamen
2499 2445 2779 2514 dicimus,
2811 2444 2978 2518 quod
3011 2447 3172 2500 totus
3220 2443 3479 2516 perierit,
3509 2447 3566 2501 et

1900 2536 2226 2592 exstinctus
2247 2551 2318 2591 ac
2345 2541 2615 2592 mortuus
2640 2535 2750 2590 sit:
2784 2549 2820 2590 a
2849 2539 3170 2605 conspectu
3192 2533 3294 2588 Dei
3314 2532 3565 2606 quidem

1903 2631 2174 2680 mortuus
2218 2629 2324 2690 est,
2373 2641 2482 2680 sua
2516 2628 2719 2682 autem
2748 2627 2965 2679 natura
3008 2622 3167 2678 vivit.
3202 2624 3349 2677 Ecce
3403 2623 3564 2678 enim

1903 2714 2215 2770 universus
2265 2713 2527 2769 mundus
2577 2712 2850 2768 ambulat
2903 2711 2962 2766 in
3011 2717 3187 2780 terra,
3239 2715 3294 2766 et
3323 2711 3566 2780 negotia

1899 2803 2129 2874 peragit
2159 2822 2171 2856 :
2205 2809 2264 2858 at
2295 2803 2506 2858 oculus
2527 2802 2626 2857 Dei
2658 2801 2820 2856 videt
2849 2801 3046 2871 ipsam
3078 2802 3338 2854 mentem
3369 2814 3439 2855 ac
3465 2815 3566 2854 co-

1899 2892 2239 2961 gitationes,
2290 2896 2346 2945 et
2375 2890 2548 2962 quasi
2594 2887 2837 2960 respicit
2863 2893 2920 2944 et
2961 2888 3231 2958 despicit,
3265 2903 3375 2943 nec
3424 2904 3564 2942 cum

1898 2979 1982 3035 eis
2014 2979 2197 3035 ullam
2229 2980 2567 3033 societatem
2604 2978 2752 3042 init;
2783 2975 2929 3048 quia
2956 2975 3101 3030 nihil
3128 2975 3294 3047 quod
3325 2981 3562 3044 gratum

1900 3069 1972 3124 sit
2023 3071 2139 3124 Deo
2183 3066 2644 3138 cogitationibus
2695 3064 3042 3119 moliuntur.
3091 3063 3337 3118 Perinde
3387 3078 3458 3117 ac
3514 3065 3563 3118 si

1901 3158 2018 3212 sint
2063 3156 2394 3213 diversoria
2440 3171 2510 3210 ac
2538 3154 2876 3227 lupanaria,
2910 3157 2968 3209 et
3015 3152 3168 3212 loca.
3219 3150 3316 3206 ubi
3356 3152 3562 3210 omnia

1901 3245 2312 3318 incompositis
2335 3243 2603 3300 moribus
2625 3259 2694 3299 ac
2725 3243 3193 3312 intemperanter
3219 3243 3510 3310 geruntur
3542 3256 3555 3295 :

1902 3340 2110 3407 postea
2139 3335 2186 3389 si
2216 3333 2476 3404 religiosi
2495 3332 2769 3388 homines
2801 3333 3128 3393 transeant,
3160 3343 3362 3384 nonne
3393 3343 3562 3384 exse-

1903 3424 2192 3481 crantur?
2232 3428 2290 3478 et
2318 3422 2586 3478 videntes
2621 3435 2742 3476 non
2771 3418 3011 3474 vident:
3045 3419 3209 3489 (sunt
3244 3416 3406 3473 enim
3443 3416 3558 3472 illis

1901 3513 2074 3585 quasi
2099 3516 2369 3569 mortua:
2398 3514 2417 3582 )
2450 3511 2533 3566 sic
2565 3512 2716 3566 Deus
2748 3505 3244 3564 aversosaverbo
3275 3521 3346 3562 ac
3381 3520 3560 3562 man-

1902 3601 2044 3658 dato
2075 3617 2184 3657 suo
2232 3601 2474 3671 respicit
2495 3599 2778 3672 quidem;
2832 3601 3096 3652 attamen
3126 3595 3380 3667 despicit
3433 3610 3557 3662 eos,

1905 3708 2012 3748 nec
2041 3707 2182 3747 cum
2220 3690 2305 3745 eis
2336 3689 2522 3744 ullum
2563 3686 2994 3743 commercium
3025 3685 3183 3750 colit,
3224 3699 3335 3739 nec
3364 3685 3563 3756 requi-

1902 3782 2045 3837 escit
2067 3781 2128 3836 in
2159 3775 2620 3849 cogitationibus
2651 3774 2887 3830 illorum
2927 3773 3238 3830 Dominus.

1973 3888 2062 3942 Ill.
2092 3885 2514 3954 Interrogatio.
2552 3880 2848 3948 Quomodo
2877 3880 3009 3949 quis
3027 3880 3222 3950 potest
3250 3891 3372 3934 esse
3409 3891 3556 3946 pau-

1903 3991 2010 4045 per
2033 3974 2273 4052 spiritu,
2297 3973 2554 4028 maxime
2574 3985 2709 4025 cum
2729 3967 2976 4025 senserit
2988 3967 3154 4036 apud
3168 3981 3250 4034 se,
3274 3979 3334 4021 se
3359 3970 3552 4021 trans-

1907 4067 2094 4121 latum
2115 4077 2235 4119 esse
2254 4076 2325 4117 ac
2333 4059 2676 4131 profecisse,
2699 4062 2753 4114 et
2773 4056 3162 4127 cognitionem
3185 4053 3556 4126 atqueintel-

1907 4152 2212 4224 ligentiam
2238 4154 2614 4206 consecutum
2640 4161 2780 4211 esse,
2811 4159 2930 4219 qua
2955 4149 3131 4201 antea
3156 4142 3450 4199 carebat?

1975 4259 2311 4328 Responsio.
2337 4255 2612 4322 Quandiu
2631 4253 2758 4309 haec
2776 4253 2911 4325 quis
2928 4249 3196 4323 possidet
3215 4253 3272 4305 et
3296 4249 3552 4321 proﬁcit,

1908 4353 2130 4404 nonest
2161 4361 2389 4418 pauper
2415 4344 2645 4416 spiritu,
2671 4341 2778 4398 sed
2801 4341 2876 4396 de
2893 4355 2954 4395 se
2975 4339 3109 4411 ipso
3126 4338 3209 4394 sic
3233 4337 3550 4410 opinatur:

1904 4436 2150 4511 quando
2176 4450 2316 4491 vero
2347 4431 2681 4506 pervenerit
2702 4430 2778 4488 ad
2807 4429 2988 4486 talem
3017 4427 3474 4498 intelligentiam
3499 4430 3558 4483 et

1908 4526 2258 4599 profectum,
2288 4524 2422 4595 ipsa
2444 4521 2636 4591 gratia
2661 4520 2834 4576 docet
2853 4534 3014 4585 eum,
3042 4516 3149 4589 qui
3177 4532 3238 4572 re
3264 4532 3400 4572 vera
3431 4515 3559 4588 qui-

1905 4616 2043 4671 dem
2067 4618 2263 4685 justus
2302 4617 2358 4668 et
2385 4611 2608 4667 electus
2639 4609 2738 4664 Dei
2769 4612 2876 4673 est,
2913 4621 2987 4662 ne
3033 4609 3200 4676 putet
3239 4619 3304 4660 se
3329 4604 3558 4677 aliquid

1905 4721 2056 4768 esse,
2098 4701 2202 4759 sed
2233 4701 2438 4757 animo
2478 4698 2573 4754 vili
2603 4702 2661 4754 et
2687 4697 2923 4769 abjecto
2950 4710 3012 4751 se
3051 4699 3238 4766 gerat,
3267 4697 3557 4764 tanquam

1907 4793 2048 4850 nihil
2077 4793 2272 4848 sciens
2304 4795 2406 4846 aut
2442 4789 2694 4852 habens,
2725 4785 3002 4858 quamvis
3035 4783 3182 4840 sciat
3213 4786 3269 4838 et
3307 4781 3553 4838 habeat.

1910 4886 2025 4938 Hoc
2053 4896 2196 4936 vero
2235 4885 2524 4950 tanquam
2563 4873 2836 4931 naturale
2887 4877 2945 4930 et
2972 4871 3222 4928 inﬁxum
3259 4871 3320 4926 in
3356 4874 3556 4926 mente

1905 4970 2223 5027 hominum
2267 4974 2371 5022 est.
2423 4966 2631 5022 Nonne
2657 4963 2848 5030 vides,
2883 4963 3148 5034 primum
3179 4965 3414 5032 patrem
3453 4973 3555 5014 no-

1907 5066 2092 5114 strum
2139 5057 2442 5113 Abraham
2489 5055 2558 5119 1',
2584 5069 2724 5109 cum
2755 5056 2908 5108 esset
2962 5050 3205 5114 electus,
3243 5052 3460 5105 terram
3499 5051 3557 5104 et

1907 5149 2165 5204 cinerem
2196 5162 2257 5200 se
2283 5145 2483 5215 ipsum
2512 5142 2863 5199 nominasse
2885 5141 2914 5196 ‘?
2945 5141 3010 5196 Et
3037 5137 3220 5195 David
3255 5140 3471 5192 unctus
3495 5135 3558 5193 in

1905 5251 2129 5306 regem,
2162 5237 2344 5289 Deum
2375 5231 2639 5288 habebat
2667 5245 2872 5286 secum
2891 5229 2960 5294 1³,
2995 5233 3050 5284 et
3077 5241 3221 5283 sane
3246 5224 3392 5298 quid
3421 5224 3503 5281 ait
3529 5221 3562 5280 τ

1916 5325 2140 5382 Vermis
2151 5339 2300 5391 sum,
2324 5327 2380 5378 et
2400 5336 2518 5378 non
2540 5320 2732 5385 homo,
2751 5316 3132 5390 opprobrium
3151 5313 3477 5378 hominum,
3497 5318 3555 5371 et

1906 5414 2159 5485 abjectio
2181 5411 2373 5483 plebis
2393 5410 2452 5466 ιο.

1976 5522 2064 5578 ιγ.
2097 5519 2207 5587 Qui
2233 5517 2439 5576 volunt
2466 5515 2644 5588 igitur
2681 5528 2810 5573 esse
2841 5512 3062 5572 horum
3098 5509 3468 5578 eoharedes,
3497 5511 3554 5569 et

889 5670 986 5727 ¹⁹Ι
1019 5670 1179 5728 Sam.
1211 5683 1330 5737 XVI,
1358 5668 1424 5726 13
1499 5668 1543 5710 ³ο
1570 5667 1722 5725 Psal.
1757 5681 1900 5733 un,
1931 5667 1968 5726 7
