4076 6210
525 310 631 367 559

522 528 667 584 bent
695 544 764 585 ac
807 529 1147 585 humilitate
1180 530 1368 586 animi
1401 544 1533 583 esse
1565 530 1780 593 ornati,
1827 535 1882 584 et
1921 544 2042 583 non
2075 530 2195 585 exi-

524 618 765 673 stimare
794 618 1017 689 aliquid
1047 618 1107 673 in
1134 636 1199 674 se
1226 635 1378 684 esse,
1408 618 1515 673 sed
1539 634 1642 673 cor
1663 618 1985 673 contritum
2012 618 2195 673 habe-

523 722 607 761 re.
642 706 925 774 Quamvis
952 710 1110 763 enim
1134 708 1331 779 gratia
1360 708 1419 762 in
1456 707 1708 775 singulis
1738 707 2083 762 Christianis
2112 707 2195 761 di-

526 795 863 851 versimode
908 804 1204 868 operetur,
1252 802 1305 851 et
1357 796 1596 851 diversa
1636 796 1907 851 membra
1948 796 2191 859 habeat,

525 900 735 940 omnes
785 889 985 941 tamen
1041 891 1178 940 sunt
1230 886 1509 956 ejusdem
1562 885 1844 950 civitatis,
1907 884 2093 940 animi
2144 883 2200 939 et

525 974 765 1043 linguae,
809 991 869 1027 se
905 979 1112 1030 mutuo
1154 980 1617 1043 cognoscentes.
1643 974 1804 1029 Sicut
1851 976 1908 1029 in
1950 990 2198 1047 corpore

526 1063 801 1117 membra
822 1070 959 1117 sunt
987 1064 1193 1128 multa,
1226 1080 1345 1119 una
1372 1068 1575 1119 autem
1603 1064 1661 1118 in
1689 1063 1974 1118 omnibus
1996 1065 2201 1120 anima

523 1151 640 1205 ista
673 1166 959 1207 movens:
992 1151 1074 1207 ita
1107 1153 1360 1223 Spiritus
1394 1168 1550 1206 unus
1593 1158 1874 1224 operatur
1906 1153 1963 1206 in
1999 1153 2196 1208 omni-

525 1238 639 1293 bus
679 1240 1105 1306 diversimode,
1156 1241 1429 1311 ejusdem
1489 1246 1688 1296 tamen
1740 1246 1875 1295 sunt
1924 1242 2198 1313 civitatis,

523 1328 791 1398 ejusdem
820 1327 1109 1383 viseJusti
1128 1332 1290 1385 enim
1311 1346 1520 1385 omnes
1551 1334 1874 1399 angustam
1900 1335 2201 1386 etarctam

526 1417 685 1471 viam
764 1417 1173 1483 ambularunt,
1255 1420 1616 1473 sustinentes
1694 1420 2197 1489 persecutionem,

525 1506 932 1573 afﬂictionem,
960 1512 1016 1561 et
1043 1508 1457 1574 contumelias,
1477 1523 1549 1563 ac
1574 1508 1835 1563 viventes
1856 1510 1920 1562 in
1942 1509 2201 1577 pellibus

529 1594 815 1664 caprinis,
851 1599 907 1649 in
935 1597 1238 1666 speluncis
1257 1604 1308 1652 et
1334 1597 1608 1653 cavernis
1639 1602 1815 1652 terra
1835 1599 1896 1651 ²¹.
1927 1596 2200 1652 Similiter

536 1688 590 1738 et
611 1684 863 1753 apostoli
898 1685 973 1739 ad
999 1685 1154 1739 hanc
1173 1701 1362 1757 usque
1393 1685 1604 1740 horam
1636 1684 1844 1739 dicunt
1870 1706 1881 1744 :
1918 1687 1994 1741 Et
2018 1687 2198 1743 esuri-

526 1789 650 1826 mus
663 1777 715 1827 et
728 1773 1195 1835 sitimus,etnudi
1206 1780 1484 1839 sumus,et
1501 1775 1865 1830 contumeliis
1879 1776 2196 1844 afﬁcimur,
2235 1794 2276 1848 Β
2312 1801 2461 1867 φασὶ,

530 1862 899 1917 etinstabiles
917 1863 1041 1917 sine
1054 1864 1192 1919 sede
1209 1863 1382 1918 vivim
1394 1866 1757 1928 us.Quorum
1775 1864 2044 1918 nonnulli
2064 1868 2201 1920 sunt

533 1951 745 2019 capitis
776 1950 1071 2021 supplicio
1114 1950 1333 2015 aﬂ‘ecti,
1366 1951 1619 2023 quidam
1652 1968 1792 2007 vero
1824 1953 1983 2007 cruci
2015 1953 2199 2023 afﬁxi,

535 2039 650 2112 45
703 2038 800 2094 alii
844 2055 985 2094 vero
1035 2040 1214 2094 variis
1250 2041 1443 2096 modis
1495 2040 1719 2095 afﬂicti.
1771 2042 2021 2112 Insuper
2074 2042 2201 2113 ipse

548 2128 836 2183 Dominus
893 2128 1324 2199 prophetarum
1378 2136 1431 2183 et
1492 2129 1927 2199 apostolorum,
1982 2131 2201 2186 oblitus

531 2216 715 2289 quasi
741 2216 955 2271 divinae
980 2216 1205 2285 glorias,
1230 2218 1540 2287 quomodo
1564 2220 2089 2275 conversatusest?
2108 2219 2202 2275 ille

539 2304 716 2360 nobis
761 2305 818 2358 in
846 2305 1188 2373 exemplum
1233 2305 1426 2361 factus
1448 2315 1503 2369 τε,
1538 2322 1779 2361 summa
1818 2323 1955 2362 cum
1996 2313 2197 2363 contu-

538 2392 717 2449 melia
743 2408 1030 2449 coronam
1062 2395 1333 2465 spineam
1368 2394 1429 2449 in
1468 2396 1664 2467 capite
1696 2397 1969 2465 gestavit,
2000 2403 2198 2468 sputa.

528 2482 815 2553 colaphos
846 2487 903 2538 et
932 2498 1172 2538 crucem
1204 2484 1515 2539 sustinuit.

602 2588 667 2643 V.
710 2588 768 2643 Si
805 2590 957 2644 Deus
999 2589 1058 2643 in
1091 2588 1258 2645 terris
1301 2589 1385 2645 sic
1413 2593 1686 2646 versatus
1717 2594 1824 2656 est,
1860 2595 2025 2648 tuum
2064 2592 2194 2657 erit,

533 2680 598 2731 ut
646 2692 782 2731 eum
827 2676 1112 2734 imiteris:
1164 2681 1222 2733 et
1263 2679 1311 2733 si
1351 2679 1603 2749 apostoli
1655 2695 1724 2735 ac
1768 2681 2075 2752 prophetas
2114 2682 2196 2737 sic

530 2766 860 2820 conversati
909 2771 1065 2831 sunt,
1125 2782 1235 2822 nos
1298 2784 1562 2839 quoque,
1615 2770 1659 2823 si
1720 2770 1902 2825 modo
1944 2771 2196 2826 velimus

530 2852 925 2909 fundamento
951 2856 1182 2910 Domini
1198 2861 1255 2911 et
1275 2857 1687 2927 apostolorum
1704 2859 2191 2929 superasdiﬁcari,

536 2957 638 2997 eos
671 2942 885 2997 imitari
918 2943 1235 2999 debemus.
1273 2946 1469 3016 lnquit
1518 2948 1677 3001 enim
1737 2949 2058 3018 Apostolus
2091 2966 2195 3019 per

532 3030 819 3102 Spiritum
851 3037 1163 3088 sanctum:
1200 3034 1536 3091 Imitatores
1571 3043 1751 3092 estote
1779 3038 1913 3103 mei,
1954 3040 2105 3093 sicut
2136 3045 2189 3093 et

530 3133 635 3189 ego
669 3119 896 3175 Christi
925 3122 992 3174 ’³.
1031 3122 1199 3186 Quod
1235 3122 1283 3176 si
1313 3123 1565 3193 gloriam
1600 3125 1915 3180 hominum
1945 3127 2184 3197 expetis,

532 3213 585 3263 et
618 3208 855 3263 adorari
886 3209 1073 3264 colive
1124 3211 1455 3277 desideras,
1486 3219 1663 3284 atque
1711 3214 1889 3269 vitam
1922 3214 2191 3286 volupta-

530 3296 681 3351 riam
732 3298 976 3367 quaaris,
1014 3298 1087 3352 de
1141 3300 1239 3354 via
1268 3300 1601 3355 declinasti.
1659 3303 1898 3373 Oportet
1946 3306 2103 3358 enim
2139 3311 2189 3359 te

532 3384 710 3439 simul
746 3385 1008 3453 cruciﬁgi
1044 3402 1180 3439 cum
1201 3388 1485 3443 cruciﬁxo
1517 3391 1584 3449 ει.
1612 3390 1789 3444 simul
1813 3394 1929 3460 pati
1959 3408 2096 3447 cum
2118 3408 2189 3448 eo

530 3473 633 3543 qui
660 3487 877 3542 passus
911 3478 1016 3537 est,
1054 3477 1117 3527 ut
1146 3474 1225 3528 ita
1285 3474 1465 3530 simul
1516 3477 1861 3543 gloriﬁceris
1896 3496 2032 3534 cum
2068 3481 2189 3549 glo-

530 3559 779 3615 riﬁcato.
842 3563 1086 3616 Necesse
1140 3563 1297 3617 enim
1369 3570 1476 3629 est,
1534 3582 1820 3636 sponsam
1879 3571 2000 3640 pati
2050 3586 2184 3625 cum

534 3663 779 3718 sponso,
814 3664 882 3704 ac
912 3650 994 3704 sic
1022 3652 1251 3706 sociam
1297 3668 1366 3708 ac
1398 3653 1771 3711 cohaeredem
1803 3658 2011 3714 Christi
2037 3658 2181 3714 ﬁeri.

530 3740 657 3793 Non
713 3738 871 3793 enim
913 3742 1277 3807 conceditur,
1334 3742 1445 3798 nisi
1502 3759 1605 3816 per
1659 3745 2031 3813 aﬂlictiones,
2082 3765 2188 3819 per

531 3842 829 3899 asperam.
863 3834 1206 3898 angustam,
1230 3837 1577 3907 arctamque
1608 3835 1765 3892 viam
1788 3836 2016 3907 ingredi
2044 3840 2185 3894 civi-

533 3920 709 3972 tatem
736 3923 1103 3983 sanctorum,
1132 3924 1188 3975 et
1241 3924 1611 3994 requiescere
1662 3942 1731 3981 ac
1763 3942 2015 3996 regnare
2047 3944 2184 3982 cum

530 4019 669 4075 rege
698 4006 758 4061 in
783 4007 1015 4063 inﬁnita
1048 4009 1293 4065 saecula.

605 4219 691 4271 Vl.
718 4218 1136 4288 Interrogatio.
1160 4221 1447 4287 Quoniam
1472 4227 1780 4293 propriam
1804 4243 1875 4285 ac
1905 4232 2185 4287 calestem

534 4304 851 4373 imaginem
880 4307 1142 4373 perdidit
1173 4310 1389 4373 Adam,
1420 4312 1629 4380 igitur,
1664 4318 1716 4369 si
1732 4320 2034 4386 particeps
2067 4320 2188 4387 fuit

534 4392 776 4448 caelestis
797 4394 1094 4463 imaginis,
1122 4395 1335 4452 habuit
1358 4398 1646 4466 Spiritum
1669 4410 1939 4460 sanctum
1958 4406 1985 4460 ?

607 4604 949 4675 Responsio.
981 4606 1258 4671 Quandiu
1290 4609 1550 4666 Verbum
1598 4614 1692 4667 Dei
1727 4620 1851 4670 erat
1896 4634 2033 4674 cum
2066 4620 2184 4687 illo,

534 4692 799 4750 habebat
820 4694 1046 4751 omnia.
1075 4695 1277 4767 Ipsum
1301 4700 1458 4755 enim
1486 4701 1746 4758 Verbum
1781 4711 1902 4761 erat
1928 4708 1978 4762 ei
2007 4710 2186 4765 haere-

533 4783 710 4849 ditas,
746 4788 873 4839 erat
898 4784 1342 4855 indumentum,
1390 4794 1447 4844 et
1500 4790 1686 4859 gloria
1716 4808 1853 4847 eum
1886 4799 2183 4865 operiens,

532 4871 732 4943 ipsum
793 4878 919 4928 erat
948 4874 1240 4931 doctrina.
1296 4877 1441 4933 Data
1489 4881 1647 4935 enim
1682 4881 1732 4935 ei
1767 4890 1890 4938 erat
1924 4892 2183 4953 potestas

530 4961 885 5018 nominandi
900 4964 1104 5021 omnia
1128 4981 1140 5019 :
1161 4965 1275 5021 hoc
1290 4968 1644 5025 nominabat
1663 4971 1905 5040 ccelum,
1934 4974 2074 5029 illud
2094 4994 2186 5031 so-

528 5047 645 5104 lem
672 5066 686 5117 ;
719 5050 1236 5117 hoclunam,illud
1264 5060 1480 5111 terram
1511 5075 1523 5124 ;
1552 5057 1666 5114 hoc
1691 5060 2008 5127 volucrem,
2036 5064 2180 5120 illud

525 5137 809 5205 belluam,
838 5140 981 5195 illud
997 5141 1274 5198 arborem
1311 5161 1324 5209 ;
1356 5146 1813 5213 utedocebatur,
1832 5152 1909 5206 ita
1935 5168 2179 5226 quoque

526 5230 775 5293 nomina
805 5229 1120 5287 indiderat.

598 5336 708 5391 VII.
737 5336 1154 5408 Interrogatio.
1190 5340 1535 5399 Habebatne
1560 5358 1813 5413 sensum,
1847 5354 1898 5403 et
1927 5350 2173 5417 partici-

515 5423 817 5492 pationem
844 5426 1108 5495 Spiritus
1135 5428 1329 5485 sancti
1352 5430 1379 5485 τ

578 5532 926 5601 Responsio.
956 5535 1214 5593 Verbum
1241 5537 1441 5609 ipsum
1490 5538 1542 5595 ei
1574 5539 1912 5610 adhaerens,
1959 5552 2086 5604 erat
2113 5550 2164 5605 ei

1833 313 1894 369 S;
1937 315 2035 370 MA
2046 314 2238 371 CARII
2277 316 2586 376 EGYP’I‘II

525 440 684 495 cives
729 440 985 497 civitatis
1013 441 1284 506 caelestis,
1318 445 1373 497 et
1426 455 1562 496 cum
1603 440 1686 496 eis
1719 439 2055 510 gloriﬁcari,
2098 441 2191 497 de-

2309 466 2398 513 καὶ
2445 482 2509 515 συ
2514 464 2764 535 μπολῖται
2794 472 2885 525 τῆς

2227 4505 2269 4557 D
2301 4497 2439 4573 εἶχε
2480 4509 2724 4577 Πνεῦμα
2762 4507 2945 4579 ἅγιον
2993 4526 3005 4575 ;

3764 320 3859 390 ἲ)θο

2924 465 3116 529 πόλεως
3160 476 3253 530 τῆς
3303 468 3620 544 ἐπουρανίου,
3652 481 3733 528 καὶ
3761 496 3861 530 συντ

2310 547 2634 613 δοξασθῆναι
2692 554 2891 619 αὐτοῖς,
2950 558 3141 614 ταύτην
3200 557 3461 628 ὀφείλουσι
3516 567 3605 620 τὴν
3659 583 3860 618 ταπεινο-

2309 643 2569 714 φροσύνην
2618 644 2778 714 ἔχειν,
2828 648 2917 695 καὶ
2959 649 3031 716 μὴ
3083 648 3283 698 οἴεσθαι
3327 650 3373 699 ἓν
3425 648 3622 713 ἑαυτοῖς
3663 651 3775 705 εἷναί
3799 674 3859 721 τι,

2310 729 2416 780 ἀλλ’
2466 734 2607 800 ἔχειν
2653 739 3088 804 συντετριμμένην
3135 742 3226 793 την
3278 733 3519 809 καρδίαν.
3572 741 3628 793 Εἰ
3670 746 3861 816 γὰρκαὶ

2310 814 2572 891 διαφόρως
2652 820 2719 880 είς
2788 823 3004 874 ἕκαστον
3062 832 3161 875 τῶν
3240 832 3561 896 Χριστιανῶν
3617 829 3859 903 ἐνεργείἡ

2308 910 2467 980 χάρις
2518 913 2608 960 καὶ
2658 906 2883 984 διάφορα
2934 914 3048 982 ἔχει
3099 912 3224 984 μελη
3262 931 3274 943 ’
3326 916 3457 986 ὅμως
3510 914 3567 969 δὲ
3617 925 3733 990 μιᾶς
3778 921 3865 972 εἰσι

2308 996 2496 1058 πόλεως
2552 1000 2600 1049 οἱ
2652 1000 2856 1065 πάντες,
2912 1001 3201 1073 όμόφυχοι,
3279 1004 3612 1076 όμόγλωττοι,
3659 1007 3865 1080 ἐπιγινώ-

2313 1104 2513 1146 σκοντες
2563 1085 2835 1150 ἀλλήλους.
2892 1095 3089 1165 Ὠσπερ
3147 1091 3271 1163 μέλη
3323 1094 3484 1147 πολλοὶ
3538 1094 3671 1148 ἐστιν
3710 1096 3754 1148 ἐν
3784 1103 3866 1150 σώ-

2310 1194 2455 1246 ματι,
2489 1179 2585 1246 μία
2612 1172 2670 1229 δὲ
2699 1176 2851 1248 ψυχὴ
2896 1177 2946 1229 ἄν
2972 1185 3133 1231 πᾶσιν
3175 1183 3205 1239 ἡ
3240 1190 3457 1234 κινοῦσα
3500 1192 3660 1237 ταῦτα
3685 1203 3696 1214 ⁸
3728 1187 3868 1246 οὕτως

2312 1263 2359 1316 ἓν
2402 1271 2603 1332 πνεῦμα
2658 1263 2847 1338 ἐνεργεῖ
2898 1265 2945 1318 ἐν
2996 1274 3129 1321 πᾶσι
3182 1267 3465 1347 διαφόρως,
3525 1280 3640 1344 μιᾶς
3692 1271 3746 1328 δέ
3784 1275 3869 1328 εἰσι

2310 1351 2520 1417 πόλεως,
2570 1360 2691 1425 μιᾶς
2719 1352 2847 1407 ὁδοῦ
2880 1377 2892 1389 ·
2939 1359 3126 1419 πάντες
3167 1362 3265 1431 γὰρ
3316 1362 3364 1412 οἱ
3417 1358 3615 1415 δίκαιοι
3642 1368 3727 1422 τὴν
3773 1383 3870 1416 στε-

2310 1444 2400 1497 νὴν
2457 1446 2546 1493 καὶ
2592 1443 2931 1516 τεθλιμμένην
3004 1444 3128 1499 ὀδόν
3195 1444 3519 1515 διώδευσαν,
3576 1448 3869 1524 διωκόμενοι,

2310 1534 2866 1602 κακουχούμενοι,
2936 1533 3439 1607 ὀνειδιζόμενοι,
3508 1538 3563 1591 ἄν
3628 1542 3872 1612 αἰγείοις

2312 1615 2591 1692 δέρμασι
2635 1622 2893 1692 ζῶντες,
2936 1624 2995 1675 ἐν
3028 1626 3399 1692 σπηλαίοις,
3444 1627 3500 1680 ἐν
3539 1637 3675 1692 ταῖς
3711 1629 3872 1690 ὀπαῖς

2302 1714 2380 1765 ,τῆ
2403 1728 2424 1768 ς
2460 1716 2536 1779 γῆ
2558 1729 2596 1770 ς.
2636 1709 2858 1782 Ὁμοίως
2884 1717 2973 1763 καὶ
2996 1715 3044 1765 οἰ
3068 1712 3369 1781 ἀπόστολοι,
3398 1718 3489 1779 ἓως
3516 1726 3605 1780 τῆς
3626 1720 3736 1792 ἄρτι
3759 1722 3872 1793 ὧρας

2498 1803 2614 1849 Καὶ
2655 1808 2989 1871 πεινῶμεν,
3027 1807 3134 1854 καὶ
3185 1799 3501 1877 διψῶμεν,
3542 1811 3643 1858 καὶ
3674 1826 3873 1878 γυμνη·

2300 1887 2596 1956 τεύομεν,
2637 1892 2743 1939 καὶ
2807 1887 3289 1961 ὀνειδιζόμεθα,
3334 1899 3445 1947 καὶ
3485 1894 3871 1969 ἀστατοῦμεν.

2311 1972 2406 2024 ’Ὧν
2438 1976 2485 2025 οἰ
2524 1979 2612 2045 μεν
2666 1974 3179 2045 ἀπεκεφαλίσθησαν,
3232 1984 3279 2034 οἱ
3330 1980 3392 2036 δὲ
3448 1984 3870 2060 ἐστραυρῶθησαν,

2313 2061 2457 2114 ἄλλοι
2489 2060 2548 2115 δε
2597 2061 2863 2138 διαφόρως
2911 2068 3192 2127 ἑθλίϐησαν
3223 2092 3235 2103 ·
3279 2070 3441 2135 αὐτὸς
3490 2070 3594 2126 δεό
3645 2079 3874 2135 Δεσπότης

2313 2160 2587 2224 προφητῶν
2639 2173 2692 2206 τε
2766 2160 2855 2208 καὶ
2928 2156 3252 2225 ἀποστόλων,
3305 2161 3482 2234 ὥσπερ
3553 2162 3872 2233 ἐπιλαθομενος

2313 2247 2406 2301 τῆς
2449 2242 2624 2303 θεῑκῆς
2665 2243 2839 2309 κόξης,
2882 2253 2989 2307 πῶς
3031 2243 3339 2316 διώδευσε;
3382 2253 3541 2312 τύπος
3575 2254 3691 2323 ἡμῖν
3725 2256 3869 2323 γιγνό-

2312 2347 2480 2398 μενος,
2524 2326 2618 2382 διὰ
2660 2331 2852 2405 ὕϐρεων
2895 2341 3138 2407 στέφανον
3190 2336 3467 2391 ἀκάνθινον
3508 2341 3591 2392 ἐπὶ
3633 2349 3719 2401 τῆς
3748 2358 3869 2411 κιφα-

2311 2415 2403 2477 λῆς
2500 2417 2756 2491 ἔφόρεσεν,
2856 2421 3204 2496 ἓμπτύσματα
3277 2428 3505 2493 ὑπέστη,
3577 2429 3867 2502 ῥαπίσματα,

2312 2511 2555 2579 σταυρόν.

2383 2612 2455 2665 E'.
2490 2614 2547 2667 Ei
2578 2616 2603 2666 ό
2644 2619 2770 2678 Θεὸς
2820 2617 2979 2678 οὕτως
3034 2615 3320 2674 διώδευσεν
3356 2622 3443 2676 ἐπὶ
3483 2644 3574 2687 της
3624 2634 3729 2696 γῆς,
3758 2623 3869 2696 ὀφεί-

2306 2701 2409 2764 λεις
2455 2708 2543 2755 καὶ
2594 2708 2659 2755 σὺ
2708 2712 2945 2777 μιμητὴς
2995 2708 3155 2761 αὐτοῦ
3205 2715 3453 2781 γενέσθαι
3486 2730 3497 2743 ·
3556 2719 3638 2766 καὶ
3683 2717 3725 2766 οἰ
3769 2712 3867 2765 ἀπόσ

2309 2790 2480 2843 στολοι
2506 2796 2594 2844 καὶ
2650 2796 2699 2846 οἱ
2730 2804 2991 2868 προφῆται
3035 2799 3198 2861 οὕτως
3232 2796 3533 2855 διώδευσαν
3567 2821 3578 2832 ·
3613 2808 3692 2855 καὶ
3724 2805 3867 2874 ἡμεῖς,

2305 2880 2347 2931 εἰ
2379 2881 2581 2953 θέλομεν
2631 2890 2702 2952 τῷ
2754 2886 2965 2956 θεμελίῳ
3000 2895 3089 2939 τοῦ
3146 2894 3343 2962 Κυρίου
3403 2898 3491 2945 καὶ
3536 2902 3631 2944 τῶν
3681 2891 3866 2945 ἀποστό-

2302 2968 2400 3020 λων
2476 2969 2978 3044 ἐποικοδομηθῆναι,
3077 2976 3341 3049 ὀφείλομεν
3440 2986 3661 3053 μιμηταὶ
3729 2980 3865 3032 αὐτῶν

2301 3062 2562 3128 γενέσθαι.
2599 3066 2749 3131 Λέγει
2799 3067 2896 3136 γὰρ
2931 3066 2955 3116 ὁ
2997 3066 3322 3131 Ἀπόστολος
3359 3072 3408 3121 ἓν
3442 3074 3691 3143 Πνεύματι
3738 3070 3865 3139 ἁγίῳ,

2227 3154 2264 3208 C
2304 3156 2605 3220 Μιμηταί
2648 3172 2765 3223 μου
2806 3158 3097 3224 γίνεσθε,
3139 3159 3349 3220 καθὼς
3387 3160 3558 3232 κάγὼ
3596 3166 3863 3232 Χριστοῦ.

2303 3238 2361 3290 Εἰ
2410 3236 2469 3291 δὲ
2520 3239 2726 3311 ἀγαπᾷς
2783 3239 2942 3305 δόξας
3000 3244 3304 3318 ἀνθρώπων,
3361 3254 3450 3302 καὶ
3503 3250 3867 3324 προσκυνεῖσθαι

2305 3327 2480 3393 θελεις,
2541 3335 2629 3381 καὶ
2678 3329 2975 3385 ἀνάπαυσιν
3028 3334 3224 3401 ζητεῖς,
3283 3335 3565 3412 ἐξετράπης
3614 3347 3701 3399 τῆς
3742 3334 3864 3391 ὀδοῦ.

2302 3420 2414 3487 Χρὴ
2456 3418 2557 3490 γάρ
2614 3438 2669 3470 σε
2721 3425 3165 3495 συσταυρωθῆναι
3219 3434 3290 3497 τῷ
3352 3431 3712 3503 σταυρωθέντι,
3762 3446 3869 3493 συμ-

2300 3506 2480 3556 παθεῖν
2509 3514 2580 3576 τῷ
2610 3510 2849 3577 παθόντι,
2900 3512 2983 3563 ἶνα
3015 3514 3178 3576 οὕτως
3229 3513 3598 3589 πνδοξασθῇς
3636 3524 3701 3586 τῷ
3742 3513 3867 3577 δοξα-

2301 3594 2492 3647 σθέντι.
2573 3594 2801 3667 Ἀνάγκη
2858 3603 2959 3674 γὰρ
3035 3606 3132 3661 τὴν
3207 3606 3417 3677 νύμφην
3496 3608 3765 3679 συμπαθεῖν
3810 3610 3866 3673 τῷ

2296 3687 2521 3754 νυμφίῳ,
2555 3688 2645 3736 καὶ
2699 3687 2835 3738 οὕτω
2889 3693 3131 3759 γενέσθαι
3182 3698 3430 3747 κοινωνὸν
3483 3701 3569 3749 καὶ
3623 3693 3865 3765 συγκληρολ

2295 3774 2447 3842 νόμον
2496 3780 2752 3845 Χριστοῦ.
2797 3776 2907 3829 Οὐκ
2960 3781 3187 3854 ἐγχωρεῖ
3226 3785 3332 3856 γὰρ
3390 3786 3508 3837 ἄνευ
3562 3784 3867 3856 παθημάτων,

2296 3865 2382 3912 καὶ
2444 3871 2539 3923 τῆς
2584 3870 2837 3936 τραχείας
2882 3872 2971 3920 καὶ
3024 3879 3202 3931 στενῆς
3250 3878 3345 3925 καὶ
3389 3873 3714 3947 τεθλιμμένης
3758 3868 3867 3923 όδοῦ

2297 3949 2541 4003 εἰσελθεῖν
2597 3972 2710 4005 τινα
2768 3954 2839 4017 εἰς
2894 3961 2986 4015 τήν
3035 3960 3184 4011 πόλιν
3242 3968 3345 4013 τῶν
3402 3964 3582 4035 ἁγίων,
3638 3967 3718 4014 καί
3764 3959 3866 4011 ἀνα·

2296 4047 2515 4104 παῆναι,
2546 4047 2634 4094 καὶ
2667 4042 3087 4115 συμϐασιλεῦσαι
3139 4056 3210 4119 τῷ
3244 4048 3462 4121 βασιλεῖ
3512 4053 3580 4115 εἰς
3607 4056 3720 4111 τοὺς
3761 4051 3867 4101 ἀπε-

2297 4129 2516 4200 ράντους
2546 4129 2751 4192 αἰῶνας.

2373 4234 2439 4298 ς’·
2500 4236 2875 4311 Ἐρώτησις·
2949 4240 3205 4303 Ἐπειδὴ
3273 4248 3377 4299 ὅτι
3417 4252 3524 4300 καὶ
3576 4252 3679 4305 τὴν
3717 4242 3864 4297 ἰδίαν

2300 4322 2516 4377 εἰκόνα
2554 4332 2659 4378 καὶ
2700 4333 2808 4386 τὴν
2849 4329 3232 4403 ἐπουράνιον
3266 4333 3589 4389 ἀπώλεσεν
3618 4338 3642 4387 ό
3670 4330 3861 4402 Ἀδὰμ,

2300 4412 2529 4465 οὐκοῦν
2560 4415 2612 4467 εἰ
2642 4414 3027 4477 ἐκοινώνησε
3062 4429 3131 4495 τῇ
3175 4423 3382 4478 εἰκόνι
3417 4434 3487 4498 τῇ
3519 4425 3860 4497 ἐπουρανίῳ.

2993 4552 3006 4575 ν

2370 4624 2766 4700 Ἀπόκρισις.
2832 4629 2958 4692 Ἐως
3010 4634 3147 4685 ὅτεὸ
3200 4639 3374 4707 Λόγος
3413 4643 3503 4689 τοῦ
3552 4644 3677 4690 Θεοῦ
3727 4638 3860 4688 συνῆν

2296 4712 2456 4784 αὐτῷ,
2504 4721 2591 4768 καὶ
2625 4719 2653 4773 ἠ
2689 4716 2884 4783 ἐντολὴ,
2917 4719 3029 4791 εἶχε
3075 4726 3245 4775 πάντα
3281 4743 3292 4756 ·
3339 4726 3492 4786 αὐτὸς
3544 4728 3639 4799 γὰρ
3670 4726 3692 4775 ὁ
3719 4728 3860 4791 Λόγος

2298 4799 2357 4859 ἧν
2410 4803 2549 4875 αὐτῷ
2602 4806 2939 4879 κληρονομία,
2992 4811 3143 4871 αὐτὸς
3200 4809 3401 4885 ἔνδυμα
3455 4822 3542 4866 καὶ
3595 4812 3715 4875 δόξα
3766 4812 3861 4862 σκέ-

2296 4911 2471 4944 πουσα
2498 4894 2672 4956 αὐτὸν,
2708 4897 2863 4957 αὐτὸς
2913 4896 3264 4957 διδασκαλία.
3304 4902 3593 4956 ’Υπετίθετο
3622 4905 3714 4973 γὰρ
3743 4899 3858 4964 αὐτῷ

2295 4981 2508 5033 καλέσαι
2586 4987 2773 5051 πάντα,
2852 4996 3004 5041 τοῦτο
3056 4986 3163 5042 εἷπε
3217 4991 3455 5065 οὐρανόν,
3516 5000 3661 5044 τοῦτο
3716 4988 3856 5049 ἣλιον,

2296 5078 2448 5121 τοῦτο
2504 5072 2740 5138 σελήνην,
2784 5084 2934 5129 τοῦτο
2965 5085 3084 5147 γῆν,
3134 5087 3285 5131 τοῦτο
3335 5085 3549 5145 πτηνόν,
3601 5087 3740 5131 τοῦτο
3784 5077 3856 5130 θη-

2292 5163 2423 5231 ρίον,
2479 5168 2631 5214 τοῦτο
2684 5160 2919 5238 δένδρον,
2968 5168 3138 5227 καθως
3188 5164 3525 5235 ίδιδοίσκετο,
3584 5168 3735 5227 οὑτως
3783 5164 3855 5213 καὶ

2295 5245 2475 5317 ἔλεγεν.

2362 5355 2431 5409 Z'.
2472 5354 2835 5427 Ἐρώτησις.
2882 5364 3204 5420 Αἴσθησιν
3246 5359 3385 5434 εἶχε
3414 5367 3520 5415 καὶ
3551 5362 3854 5415 κοινωνίαν

2289 5453 2395 5495 τοῦ
2440 5451 2856 5516 "venum-0;;

2356 5551 2756 5625 Ἀπόκρισις.
2836 5557 3001 5618 Αὐτὸς
3053 5560 3078 5611 ὁ
3133 5547 3298 5631 Λόγος
3354 5563 3543 5626 συνὼν,
3599 5557 3755 5611 πάντα
3801 5546 3851 5610 ἦν

585 5666 626 5702 ﬂ
664 5664 833 5723 Hebr.
866 5683 944 5733 χι,
982 5672 1067 5739 37,
1102 5669 1191 5726 38.
1271 5674 1317 5709 ³³
1342 5674 1542 5732 Matth.
1576 5691 1752 5742 xxvu,
1777 5680 1844 5735 28
1873 5682 1961 5737 29.
2039 5683 2086 5718 ³³
2120 5682 2191 5741 Ιη(

2331 5702 2404 5752 ιν,
2436 5688 2539 5755 tt;
2577 5704 2659 5756 χι,
2704 5694 2752 5747 t.
2832 5691 2881 5732 ²⁴
2902 5694 3071 5751 Rom.
3104 5710 3224 5761 V111,
3259 5697 3349 5751 t7.
