4034 6202
203 296 300 352 εει
1470 291 1812 348 nouum.
1852 320 1919 334 -
1961 291 2138 349 HOM.
2179 275 2300 349 x’u.
3482 294 3590 352 εει

204 420 364 491 αύτῷ,
410 421 517 473 εἴτε
551 428 757 492 γνῶσις,
801 423 897 474 εἴτε
940 417 1278 492 κληρονομία,
1319 419 1418 470 εἴτε
1460 413 1797 471 διδασκαλία.

1992 418 2151 487 nnia,
2173 423 2229 474 et
2261 417 2542 489 cognitio,
2566 421 2622 474 et
2639 433 2876 485 sensus,
2897 421 2952 474 et
2979 417 3321 485 haereditas,
3345 420 3585 477 etdisci-

207 515 298 563 Καὶ
355 509 596 570 Ἰωάννης
641 515 694 562 τί
745 510 882 582 λέγει
929 513 1048 582 περὶ
1090 515 1182 560 τοῦ
1224 511 1436 578 Λόγου;
1489 507 1578 559 Ἐν
1635 507 1800 578 ἀρχῇ

1989 507 2106 562 ina.
2159 507 2459 573 Quidnam
2515 507 2675 563 enim
2727 509 2990 563 Joannes
3021 508 3214 579 inquit
3245 509 3318 564 de
3355 509 3578 565 Verbo:

209 595 270 671 ᾖν
308 601 333 651 6
377 604 574 669 Λόγος
600 621 612 633 ·
646 601 770 673 ὁρᾷς
800 601 880 651 ὅτι
930 600 955 649 6
989 603 1159 669 Λόγος
1206 599 1375 649 πάντα
1403 595 1485 654 ἧν.
1521 595 1578 648 Εἰ
1615 592 1672 647 δὲ
1721 606 1802 654 καὶ

1984 614 1992 649 ι
2019 597 2316 665 principio
2346 604 2476 654 erat
2512 598 2762 653 Verbum
2791 599 2861 653 ³⁵.
2891 598 3084 663 Vides,
3119 599 3285 670 quod
3320 599 3577 655 Verbum

205 688 376 750 ἔξωθεν
445 697 606 747 συνῆν
661 688 802 758 αύτῷ
853 685 1002 752 δόξα,
1073 687 1132 739 ού
1190 682 1661 756 σκανδαλιζωμεθα
1726 686 1798 742 imi

1982 685 2124 740 nnia
2163 693 2303 741 erat.
2337 685 2505 752 Quod
2534 686 2579 741 si
2613 688 2977 742 extrinsecus
3008 688 3058 742 ei
3086 688 3434 744 adhaerebat
3455 689 3575 758 glo-

207 780 384 848 τούτῳ,
446 780 678 850 καὶγὰρ
737 778 871 849 λέγει
922 779 1003 830 ὅτι
1044 781 1278 849 γυμνοὶ
1338 772 1524 839 ἦσαν,
1580 779 1670 826 καὶ
1715 773 1800 826 οῦν

1981 789 2026 838 a,
2062 789 2135 828 ne
2192 773 2572 830 offendamur
2619 781 2952 847 propterea,
3006 776 3150 848 quia
3180 777 3321 832 dicit
3354 796 3366 807 ο
3405 779 3574 846 Quod

209 865 404 918 έϐλεπον
457 864 732 932 ἀλλήλους,
792 871 881 919 καὶ
936 867 1066 938 μετὰ
1115 870 1175 918 τὸ
1228 863 1538 940 παραϐῆσαι
1586 867 1679 922 τήν
1737 864 1802 914 ἓν·

1988 863 2320 933 tdifuerint
2351 866 2422 928 ³⁸,
2459 880 2565 919 nec
2614 880 2674 919 se
2723 873 2930 920 mutuo
2982 865 3292 930 videbant,
3349 872 3410 922 at
3442 871 3581 938 post

208 954 368 1022 τολήν,
416 959 536 1008 τότε
586 951 723 1008 εἶδον
769 957 957 1018 αὐτοὺς
1003 959 1252 1029 γυμνούς,
1299 958 1388 1006 καὶ
1435 954 1801 1026 ᾐσχύνθησαν·

1984 953 2460 1022 ansgressionem
2492 952 2786 1018 mandati,
2819 957 2960 1008 tunc
3010 969 3071 1008 se
3100 956 3296 1010 nudos
3325 971 3577 1028 perspe-

1919 1045 2152 1105 xerunt,
2187 1057 2255 1097 ac
2290 1041 2520 1113 pudore
2553 1040 2762 1096 suffusi
2797 1047 2958 1097 sunt.

267 1151 341 1204 θ’.
403 1151 790 1226 Ἐρώτησις.
853 1151 1107 1204 Οὐκοῦν
1172 1154 1292 1224 πρὸ
1358 1153 1588 1202 τούτου
1657 1146 1807 1208 ἦσαν

1992 1147 2126 1201 νιιι.
2154 1149 2574 1219 Interrogatio.
2612 1149 2776 1218 Ergo
2807 1153 2986 1205 antea
3033 1154 3206 1205 erant
3255 1150 3378 1206 loco
3408 1149 3582 1205 indu-

204 1238 333 1291 ἀντὶ
389 1239 836 1314 περιϐολαίου
877 1237 1311 1312 ἐνδεδυμένοι
1359 1236 1553 1302 δόξαν
1604 1248 1797 1309 Θεοῦ;

1167 1245 1311 1292 νένοι
1359 1236 1553 1302 δόξαν
1604 1248 1803 1309 Θεοῦ;
1920 1236 2107 1290 menti
2133 1237 2334 1292 induti
2361 1237 2560 1308 gloria
2612 1238 2760 1294 Dei?

269 1329 684 1403 Ἀπόκρισις.
742 1329 830 1392 Ὠς
887 1333 969 1382 ἐπὶ
1020 1339 1117 1382 τῶν
1165 1337 1442 1401 προφητῶν
1501 1331 1705 1402 ἐνήργει
1755 1338 1798 1380 τ’

1993 1343 2328 1413 Responsio.
2385 1344 2910 1410 Quemadmodum
2938 1344 2998 1399 in
3028 1345 3336 1417 prophetis
3369 1360 3583 1417 opera-

203 1424 392 1490 Πνεῦμα
434 1423 528 1470 καὶ
573 1415 855 1471 ἐδίδασκεν
901 1419 1105 1481 αύτούς,
1153 1423 1239 1471 καὶ
1283 1420 1469 1470 ἔσωθεν
1501 1417 1668 1470 αὐτῶν
1715 1415 1796 1476 ήνέ

1988 1435 2096 1486 .tnr
2129 1433 2394 1499 Spiritus,
2426 1440 2480 1487 et
2508 1433 2766 1488 docebat
2794 1449 2916 1498 eos,
2947 1439 3000 1488 et
3032 1415 3187 1490 intra
3214 1451 3316 1490 eos
3348 1415 3494 1501 erat,
3525 1439 3581 1490 et

208 1511 284 1559 καὶ
329 1507 511 1570 ἔξωθεν
574 1508 752 1570 αὐτοῖς
809 1513 1190 1581 παρεφαίνετοο
1248 1507 1382 1560 οὕτω
1445 1511 1533 1559 καὶ
1587 1507 1659 1569 εἰς
1721 1512 1800 1574 τό,

1985 1525 2081 1574 .tra
2103 1536 2203 1576 eos
2235 1522 2587 1593 apparebat,
2619 1523 2699 1577 sic
2719 1538 2962 1594 quoque
2997 1523 3054 1577 in
3090 1523 3305 1588 Adam,
3329 1524 3578 1595 quando

196 1591 363 1668 Ἀδὰμ
409 1598 494 1648 ὅτε
533 1597 685 1654 ἤθελε
731 1600 788 1649 τὸ
837 1603 1044 1669 Πνεῦμα
1093 1600 1185 1649 σὺν
1235 1596 1373 1666 αύτῷ
1418 1593 1498 1659 ἧν,
1555 1601 1642 1649 καὶ
1693 1593 1789 1649 ἑδίι

1985 1608 2152 1664 μιθὺειῑ
2176 1591 2446 1680 Spiritus,
2481 1627 2618 1665 cum
2652 1591 2912 1676 eo'era—t,
2946 1616 3002 1666 et
3041 1610 3295 1666 docebat
3321 1591 3389 1666 ac
3425 1627 3578 1682 prte-

202 1680 350 1737 δασκε
388 1690 479 1737 καὶ
519 1687 814 1752 ὑπετίθετο,
860 1686 1075 1746 Ούτως
1115 1685 1250 1738 εἰπε
1285 1689 1397 1737 καὶ
1435 1685 1594 1756 λέγε.
1629 1689 1795 1739 Πάντα

1980 1698 2204 1767 piebat:
2244 1699 2340 1755 Sic
2369 1701 2632 1764 nomina,
2665 1700 2749 1755 sic
2779 1700 3042 1768 appella.
3089 1700 3340 1754 Verbum
3377 1680 3573 1756 cierat

197 1776 283 1844 γὰρ
350 1771 406 1831 ἦν
465 1775 492 1826 ό
565 1779 737 1845 Λόγος
794 1776 958 1845 αύτῷ,
1029 1778 1118 1826 καὶ
1184 1776 1272 1835 ἕως
1348 1775 1431 1826 ὅτε
1483 1775 1676 1846 ἐνέμενε
1733 1772 1790 1847 τῇ

1983 1787 2141 1852 nnia,
2165 1793 2222 1843 et
2247 1789 2403 1844 intra
2423 1789 2777 1844 mandatum
2802 1788 3188 1853 subsistebat,
3215 1795 3418 1858 gratus
3451 1795 3576 1846 erat

201 1861 379 1933 ἐντολῇ,
436 1862 584 1934 φίλος
651 1859 712 1921 ήν
773 1871 926 1917 Θεοῦ.
991 1868 1092 1916 Καὶ
1149 1867 1201 1914 τί
1260 1864 1586 1934 θαυμαστὸν,
1655 1863 1698 1915 εἰ
1751 1863 1794 1914 ἒν

1981 1892 2049 1930 :o.
2086 1879 2150 1932 Et
2191 1893 2337 1932 sane
2368 1877 2514 1949 quid
2548 1879 2786 1944 mirum,
2831 1879 2994 1950 quod
3051 1879 3165 1933 hoc
3192 1878 3251 1933 in
3286 1883 3446 1934 statu
3469 1879 3574 1933 de-

201 1953 388 2012 τούτοις
433 1956 524 2013 ὧν,
575 1951 775 2027 παρέϐη
830 1957 919 2011 τήν
968 1952 1220 2017 ἐντολήν;
1270 1953 1419 2003 ὁπότε
1466 1956 1553 2003 καὶ
1605 1953 1654 2004 οἱ
1710 1971 1794 2005 πε-

1975 1981 2079 2029 ens,
2109 1971 2526 2036 transgressus
2588 1966 2705 2039 46
2739 1967 2810 2022 sit
2843 1966 3220 2035 mandatum,
3254 1983 3393 2021 cum
3427 1973 3481 2022 et
3507 1967 3568 2033 ii,

199 2039 506 2112 πληρωμένοι
560 2044 858 2112 Πνεύματος
910 2041 1086 2111 ἁγίου,
1119 2043 1312 2112 ἔχουσι
1362 2044 1486 2102 τούς
1544 2045 1792 2110 φυσικοὺς

1974 2055 2012 2109 ιὶ
2045 2055 2248 2126 repleti
2278 2061 2414 2111 sunt
2466 2056 2687 2126 Spiritu
2737 2061 2968 2120 sancto,
3002 2055 3380 2111 naturalibus
3410 2056 3567 2125 cogi-

201 2128 488 2201 λογισμοὺς,
568 2135 657 2182 καὶ
728 2133 914 2202 ἔχουσι
983 2130 1180 2202 θέλημα
1244 2137 1337 2183 τοῦ
1410 2138 1794 2205 συμφωνῆσαι;

1972 2141 2238 2198 tionibus
2271 2145 2547 2214 occupati
2582 2145 2718 2210 sint,
2767 2144 3147 2215 habeantque
3181 2144 3564 2210 voluntatem,

195 2219 350 2279 03m;
399 2225 490 2272 καὶ
541 2220 694 2280 αὐτὸς
746 2224 907 2271 συνὼν
952 2227 1022 2289 τῷ
1065 2227 1177 2290 Θεῷ
1229 2222 1277 2271 ἓν
1328 2215 1656 2292 παραδείσῳ,
1705 2218 1788 2292 ἁφ-

1972 2247 2040 2285 ne
2073 2230 2186 2286 illis
2214 2233 2549 2288 consentiat
2577 2251 2588 2288 :
2625 2234 2704 2288 ita
2737 2249 2979 2304 quoque
3021 2232 3148 2303 ipse
3187 2233 3398 2297 Adam,
3429 2248 3565 2288 cum

195 2301 355 2359 ἑαυτοῦ
411 2305 536 2380 ἰδίῳ
595 2309 845 2381 θελήματι
897 2308 1120 2383 παρέϐη,
1180 2313 1268 2360 καὶ
1331 2310 1600 2367 ὑπήκουσε
1650 2314 1788 2383 μέρει

1972 2325 2059 2374 set
2089 2336 2227 2375 cum
2258 2323 2374 2376 Deo
2404 2321 2460 2375 in
2492 2320 2795 2391 paradiso,
2826 2321 2951 2390 ipse
2984 2337 3095 2376 sua
3126 2325 3336 2391 sponte
3370 2326 3565 2376 trans-

194 2406 410 2468 πονηρῷ·
468 2397 608 2456 πλὴν
659 2403 748 2450 καὶ
773 2402 905 2470 μετὰ
946 2403 1036 2456 τήν
1077 2397 1372 2472 παράϐασιν
1400 2401 1528 2470 ἔσχε
1573 2407 1787 2470 γνῶσιν.

1975 2423 2142 2462 essus
2199 2414 2306 2475 est,
2357 2414 2412 2464 et
2464 2409 2900 2480 obtemperavit
2944 2408 3097 2481 parti
3139 2409 3454 2465 deteriori:
3506 2413 3565 2466 at

1902 2502 2036 2566 post
2067 2498 2574 2564 trangressionem
2606 2498 2816 2554 habuit
2846 2498 3270 2568 cognitionem.

258 2591 329 2644 Θ’·
363 2594 460 2668 Ἐρ
485 2598 758 2655 ώτησις.
797 2591 1093 2660 Ὀποίαν;

1974 2605 2056 2659 IX.
2091 2605 2514 2675 Interrogatio.
2552 2603 2849 2672 Qualem?

252 2697 652 2775 Ἀπόκρισις.
700 2699 900 2775 Ὠσπερ
953 2702 1073 2752 ὅταν
1130 2699 1400 2773 συλληφθῇ
1455 2699 1651 2772 λῃστής
1720 2698 1793 2760 εἰς

1977 2711 2309 2780 Responsio.
2346 2711 2591 2767 Perinde
2645 2727 2714 2766 ac
2746 2711 2794 2765 si
2839 2712 3087 2784 quando
3147 2711 3300 2766 latro
3355 2711 3564 2784 depre-

193 2783 540 2863 δικαστήριον,
603 2796 692 2843 καὶ
746 2793 968 2862 οἰρχεται
1029 2792 1315 2864 κρίνεσθαι,
1376 2789 1509 2860 λέγει
1561 2788 1704 2858 αύτῷ
1764 2789 1786 2839 6

1967 2814 2120 2854 ensus
2148 2799 2222 2854 ad
2247 2799 2610 2870 supplicium
2657 2783 2906 2870 rapitur,
2939 2805 2993 2854 et
3025 2801 3291 2855 accusari
3332 2783 3560 2870 incipit,

192 2877 541 2948 ἅρχων,⁴οτε
603 2879 847 2940 ἐποίεις
904 2882 978 2931 τὰ
1017 2881 1200 2944 κακὰ,
1261 2879 1376 2929 οὐκ
1417 2873 1624 2950 ᾔδεις,
1684 2878 1785 2927 ὃτ¹

1968 2888 2078 2942 dex
2101 2889 2149 2942 ei
2173 2888 2348 2942 dicit:
2381 2889 2529 2944 Cum
2588 2890 2978 2944 committeres
3023 2889 3209 2954 mata,
3268 2889 3561 2959 numquid

195 2965 634 3039 συλληφθῆναι
674 2971 856 3040 ἔχεις
894 2973 1000 3020 καὶ
1042 2967 1387 3020 ἀποθανεῖν
1419 2984 1433 3034 ;
1471 2967 1693 3026 Ἐκεῖνος
1729 2965 1787 3018 ού

1969 2975 2298 3046 iebas,quod
2308 2976 2749 3045 comprehensus
2765 2977 2973 3046 capitis
2983 2992 3152 3046 paena
3167 2993 3198 3031 α
3204 2976 3337 3045 fﬁci
3342 2977 3562 3047 possis?

191 3054 332 3126 τολμᾷ
353 3058 509 3112 εἰπεῖν
535 3059 616 3110 ὅτι
645 3057 754 3110 Ούκ
777 3055 924 3131 ᾔδειν
954 3075 965 3086 ⁸
991 3053 1103 3110 οἶδε
1124 3059 1245 3130 γὰρ,
1270 3061 1358 3108 καὶ
1382 3058 1784 3131 τιμωρούμενος¹

1961 3081 1999 3118 ιθ
2031 3080 2147 3119 non
2185 3064 2607 3120 audetdicere:
2650 3067 2774 3119 Non
2803 3064 3085 3120 sciebam.
3118 3064 3352 3119 Sciebat
3371 3065 3554 3130 enim,

192 3145 336 3197 πάντα
404 3149 743 3219 μνημονεύων
806 3146 1206 3220 ἐξομολογεῖται.
1275 3149 1375 3198 Καὶ
1442 3147 1467 3196 ό
1527 3147 1785 3219 πορνεύων

1986 3153 2280 3225 supplicio
2298 3153 2445 3208 dum
2463 3152 2736 3218 afﬁcitur,
2767 3153 2974 3208 omnia
2995 3153 3054 3208 in
3089 3151 3443 3208 memoriam
3470 3167 3557 3208 re-

189 3233 267 3284 οῦκ
289 3231 417 3288 οἶδεν
465 3238 552 3289 ὅτι
596 3245 774 3299 κακῶς
803 3244 977 3303 «cui;
1019 3241 1107 3288 καὶ
1137 3237 1162 3287 ό
1203 3235 1450 3302 κλέπτων,
1503 3235 1595 3288 οῦκ
1641 3233 1782 3289 οἶδεν

1959 3259 2123 3298 >οδιιε
2157 3243 2487 3298 conﬁtetur.
2539 3246 2681 3298 ltem
2739 3243 2841 3314 qui
2895 3247 3164 3314 stuprum
3217 3241 3552 3307 committit,

189 3322 254 3373 ὅτι
306 3324 625 3399 ἁμαρτάνει;
689 3327 852 3388 οὕτως
905 3331 993 3377 καὶ
1041 3327 1161 3378 ἄνευ
1212 3331 1445 3397 Γραφῶν,
1496 3327 1544 3378 οἱ
1589 3327 1782 3398 ἅνθρω-

1963 3347 2097 3388 mne
2131 3331 2244 3386 scit
2297 3347 2360 3386 se
2386 3330 2539 3386 male
2593 3346 2770 3399 agere
2801 3331 2829 3386 ?
2858 3336 2914 3386 et
2943 3331 3044 3403 qui
3077 3331 3321 3396 furtum,
3355 3344 3556 3386 nonne

193 3429 266 3462 ποι
293 3411 386 3465 ἀπὸ
433 3422 531 3467 τοῦ
567 3423 793 3486 φυσικοῦ
839 3414 1118 3486 λογισμοῦ,
1177 3414 1269 3466 ούκ
1303 3411 1512 3466 οἴδασιν
1545 3416 1623 3467 ὅτι
1667 3419 1786 3478 Θεός

1965 3421 2001 3476 it
2032 3436 2092 3474 se
2126 3435 2374 3494 peccare
2397 3419 2425 3474 ?
2480 3419 2570 3476 Sic
2625 3420 2802 3476 etiam
2836 3419 3067 3491 absque
3113 3419 3428 3490 Scripturis
3447 3419 3558 3474 ho-

192 3496 338 3567 ἕστιν;
371 3503 426 3555 ού
480 3501 735 3557 δύνανται
783 3507 831 3556 ἓν
879 3512 940 3577 τῇ
998 3506 1169 3578 ἡμέρᾳ
1208 3502 1368 3576 ίκείνῃ
1420 3505 1598 3568 εἰπεῖν,
1651 3505 1784 3557 Ούκ

1960 3512 2076 3565 ines
2095 3509 2351 3565 naturali
2366 3510 2588 3564 ratione
2605 3509 2752 3574 sola,
2771 3524 2970 3563 nonne
2984 3513 3350 3580 cognoscunt
3373 3510 3553 3562 Deum

192 3585 432 3662 ᾔδειμεν
474 3594 575 3644 ὅτι
618 3596 781 3654 Θεὸς
821 3590 891 3645 εἴ.
931 3597 1083 3664 Λέγει
1123 3596 1221 3666 γὰρ
1263 3593 1437 3653 αὐτοῖς
1477 3597 1567 3655 τας
1606 3613 1780 3666 γιγνο-

1961 3615 2019 3653 se
2042 3599 2070 3653 ?
2099 3601 2221 3654 Non
2264 3606 2511 3669 possunt
2557 3599 2754 3669 itaque
2786 3598 2845 3652 in
2898 3597 2999 3653 illa
3023 3597 3119 3652 die
3150 3597 3384 3653 dicere:
3416 3598 3552 3652 Non

192 3680 320 3744 μένας
376 3679 426 3732 ἐκ
480 3689 575 3734 τοῦ
625 3686 845 3756 ούρανοῦ
897 3681 1138 3756 βροντὰς,
1195 3687 1283 3734 καὶ
1341 3681 1631 3757 ἀστραπὰς,
1687 3683 1780 3735 οῦκ

1960 3688 2166 3743 inimus
2197 3688 2378 3742 Deum
2396 3687 2603 3756 fuisse.
2636 3687 2883 3740 Enarrat
2912 3686 3071 3740 enim
3095 3685 3204 3740 illis
3237 3701 3456 3740 emissa
3479 3685 3553 3740 de

197 3762 350 3820 οἴδατε
404 3772 487 3822 ὅτι
552 3769 663 3822 ἐστὶ
711 3774 836 3832 Θεὸς
877 3767 1088 3822 διοικῶν
1147 3775 1241 3828 τήν
1294 3774 1514 3837 κτίσιν;
1575 3777 1636 3824 Τί
1690 3772 1778 3824 οὖν

1958 3775 2040 3830 elo
2067 3777 2350 3837 tonitrua,
2382 3781 2437 3830 et
2468 3774 2722 3829 fulmina
2775 3773 3016 3828 nescitis
3042 3789 3173 3829 esse
3212 3775 3421 3838 Deum,
3450 3774 3551 3844 qui

192 3853 381 3924 ἔκραζον
422 3861 472 3911 οἱ
523 3855 806 3930 δαίμονες’
843 3862 916 3911 Σὺ
972 3855 1028 3911 εἰ
1079 3861 1226 3919 Υἱὸς
1287 3865 1472 3924 Θεοῦ,
1538 3863 1599 3910 τί
1660 3863 1777 3933 πρὸ

1955 3863 2036 3934 git
2063 3869 2396 3919 creaturam
2418 3864 2446 3920 7
2469 3862 2624 3928 Quid
2641 3863 2816 3931 igitur
2838 3861 3507 3916 clamabantdaamones
3533 3880 3544 3918 :

194 3955 394 4017 καιροῦ
434 3945 628 4010 ἦλθες
659 3947 1042 4021 βασανίσαι
1074 3950 1284 4019 ἡμᾶς;
1320 3953 1420 4002 Καὶ
1462 3951 1534 4000 ἔτι
1578 3947 1624 3999 ἐν
1667 3957 1777 4010 τοῖς

1955 3971 1980 4006 ν
2006 3968 2062 4009 es
2084 3952 2277 4008 Filius
2299 3953 2410 4008 Dei
2432 3970 2451 4006 :
2482 3966 2670 4022 quare
2698 3950 2910 4006 veniin
2926 3951 3006 4005 ad
3027 3949 3418 4005 cruciandum
3443 3965 3548 4005 nos

194 4041 466 4108 μαρτυρίοις
526 4036 760 4108 λέγουσι,
811 4041 1042 4098 Καίεις
1097 4056 1188 4107 με,
1243 4041 1453 4096 καίεις
1510 4057 1601 4108 με.
1663 4037 1774 4090 Ούκ

1944 4047 2024 4097 ite
2037 4045 2266 4109 tempus
2280 4042 2326 4076 ’⁷
2343 4040 2370 4095 εἰ
2389 4045 2635 4111 Insuper
2650 4040 2706 4093 in
2727 4039 3033 4094 tormentis
3047 4053 3288 4110 quoque
3301 4036 3537 4094 dicunt:

195 4116 384 4188 ᾔδεισαν
437 4123 530 4178 οὖν
581 4129 639 4178 τὸ
691 4125 838 4189 ξύλον
888 4135 985 4189 τῆς
1030 4131 1278 4198 γνίοσεως
1333 4134 1422 4178 τοῦ
1475 4127 1634 4178 καλοῦ
1681 4132 1771 4179 καὶ

1951 4132 2025 4186 ris
2056 4145 2168 4194 me,
2203 4129 2328 4185 uris
2360 4143 2448 4185 me
2495 4128 2564 4180 ’⁸.
2613 4131 2737 4184 Non
2784 4133 3078 4182 noverant
3109 4126 3286 4196 igitur
3315 4125 3544 4198 lignum

195 4220 351 4279 κακοῦ,
391 4217 419 4273 ἡ
464 4215 772 4288 παράϐασις
826 4223 918 4268 τοῦ
962 4213 1142 4288 Ἀδὰμ
1188 4220 1282 4274 τήν
1322 4225 1515 4288 γνῶσιν
1559 4213 1768 4271 ἔδωκεν.

1952 4219 2104 4275 »ιὶιὶεε
2122 4217 2264 4274 boni
2297 4224 2352 4274 et
2380 4216 2546 4282 mali,
2567 4216 2960 4288 transgressio
2974 4214 3114 4271 Adae
3143 4214 3545 4286 cognitionem

1881 4307 2066 4364 dedit.

252 4403 281 4457 l'
303 4405 554 4471 Ἕκαστος
579 4413 678 4483 γὰρ
707 4411 937 4484 ἄρχεται
969 4409 1247 4485 ἐπερωτᾷν,
1289 4413 1358 4472 ὡς
1407 4409 1465 4462 ἐν
1518 4416 1647 4463 τίνι
1698 4407 1768 4470 ήν

1954 4415 2014 4470 Χ.
2050 4412 2305 4480 Quilibet
2326 4412 2708 4484 enimincipit
2738 4411 3105 4481 interrogare
3131 4427 3144 4464 :
3176 4411 3248 4466 In
3280 4425 3396 4481 quo
3415 4416 3536 4467 sta-

194 4491 445 4571 ὂἊδὰμ,
478 4503 588 4551 καὶ
615 4505 681 4552 τί
713 4500 985 4572 ἔπραξεν
1019 4517 1033 4566 ;
1069 4500 1234 4563 Αύτὸς
1268 4501 1369 4572 γὰρ
1402 4501 1427 4552 ό
1458 4498 1634 4572 Ἀδὰμ
1674 4505 1767 4559 τήν

1975 4511 2102 4560 erat
2130 4503 2344 4566 Adam,
2379 4502 2638 4574 quidque
2697 4501 2909 4571 agebat
2933 4501 2962 4554 φ
2986 4501 3116 4572 Ipse
3153 4499 3316 4555 enim
3345 4499 3537 4555 Adam

196 4591 358 4648 γνῶσιν
400 4585 613 4651 ἐδέξατο
647 4589 806 4642 καλοῦ
836 4609 890 4642 τε
927 4595 1015 4643 καὶ
1055 4597 1239 4641 κακοῦ.
1291 4593 1484 4643 Λοιπὸν
1516 4589 1767 4661 ἀκούομεν

1946 4593 2153 4647 ltitiam
2177 4595 2490 4662 acceperat
2512 4589 2654 4646 boni
2689 4595 2744 4645 et
2772 4588 2933 4645 mali.
2963 4588 3225 4644 Alterum
3256 4587 3539 4644 audimus

195 4664 238 4719 ἔκ
263 4681 350 4725 τῶν
404 4684 640 4751 Γραφὼν,
695 4680 777 4731 ὅτι
824 4677 872 4731 ἐν
904 4679 1027 4753 τιμῇ
1078 4683 1168 4731 καὶ
1198 4677 1245 4731 ἐν
1280 4680 1604 4752 καθαρότητι
1641 4676 1700 4736 ἧν
1743 4695 1756 4707 ⁸

1938 4699 1946 4738 ;
1979 4679 2315 4752 Scripturis,
2343 4679 2508 4752 quod
2533 4679 2592 4734 in
2619 4679 2845 4735 honore
2873 4683 2928 4732 et
2969 4677 3028 4731 in
3081 4678 3338 4748 puritate
3366 4680 3492 4732 erat
3518 4693 3531 4742 ;

193 4765 264 4810 και
321 4765 556 4839 παραϐὰς
617 4772 708 4826 τήν
763 4767 968 4826 ἐντολὴν
997 4767 1242 4831 ἐξεϐλήθη
1277 4775 1367 4821 τοῦ
1412 4765 1760 4842 παραδείσου,

1964 4787 2101 4825 cum
2126 4775 2534 4840 transgressus
2583 4773 2737 4823 esset
2780 4765 3158 4828 mandatum,
3187 4764 3415 4834 ejectus
3447 4767 3538 4820 est

194 4853 262 4899 καὶ
304 4854 528 4926 ὠργίσθη
562 4855 702 4926 αὐτῷ
745 4859 769 4908 6
811 4861 966 4918 Θεὸς.
1029 4861 1226 4910 Λοιπὸν
1283 4860 1465 4909 καὶτὰ
1513 4856 1646 4909 καλὰ
1674 4857 1763 4910 αύ-

1940 4859 2180 4929 Ll‘adiSO,
2212 4862 2270 4914 et
2310 4857 2651 4913 succensuit
2695 4856 2748 4910 ei
2797 4855 2971 4909 Deus.
3001 4853 3266 4909 Tandem
3298 4851 3445 4924 quid
3474 4853 3533 4908 in

195 4944 268 4987 τοῦ
335 4946 599 5011 μανθάνει,
660 4950 750 4997 καὶ
831 4949 893 4998 τὰ
972 4949 1110 4998 κακὰ
1178 4949 1355 5018 μαθὼν
1416 4945 1762 5018 ἀσφαλίζεται

1961 4948 2188 5002 bonum
2220 4963 2288 5002 ac
2317 4945 2667 5017 praeclarum
2696 4951 2878 5011 esset,
2923 4942 3121 5009 discit,
3155 4957 3225 4997 ac
3280 4941 3529 4997 calami-

195 5021 362 5095 ίαυτὸν,
430 5034 512 5085 ἱνα
575 5039 762 5105 μηκέτι
824 5034 1134 5107 ἁμαρτήσας
1200 5034 1398 5107 ἐμπέσῃ
1456 5035 1525 5097 εἰς
1597 5043 1762 5110 κρῖμα

1940 5041 2049 5091 tem
2105 5051 2281 5090 suam
2328 5034 2574 5090 edoctus
2623 5040 2790 5089 cavet
2835 5031 2969 5097 sibi,
3007 5047 3079 5088 ne
3135 5029 3379 5085 ulterius
3401 5045 3533 5102 pec-

197 5112 403 5196 θανάτου.
452 5129 777 5196 Γινώσκομεν
829 5121 907 5189 δέ,
941 5127 1021 5176 ὄτι
1059 5129 1208 5177 πᾶσα
1236 5127 1265 5183 ἡ
1301 5129 1476 5185 κτίσις
1503 5133 1593 5176 τοῦ
1624 5131 1757 5176 Θεοῦ

1934 5125 2063 5179 .ndo
2110 5124 2333 5180 incidat
2360 5124 2422 5178 in
2472 5122 2769 5194 judicium
2807 5120 3029 5185 mortis,
3094 5119 3527 5190 Cognoscimus

198 5195 253 5252 δι’
293 5207 438 5264 αὐτοῦ
469 5213 830 5286 οἰκονομεῖται.
888 5213 1053 5275 Αύτὸς
1092 5217 1194 5287 γὰρ
1244 5213 1483 5271 ἐποίησεν
1515 5214 1753 5286 οὐρανὸν,

1937 5215 2041 5268 itur
2086 5228 2329 5268 omnem
2382 5217 2721 5267 creaturam
2758 5209 2854 5265 Dei
2884 5224 2989 5280 per
3018 5223 3155 5263 eum
3209 5207 3353 5278 regi.
3398 5210 3530 5278 ipse

195 5299 292 5358 γῆν.
344 5301 462 5366 ζῶα,
519 5301 724 5374 ἑρπετὰ,
771 5305 947 5377 θηρία,
999 5303 1034 5355 ἃ
1073 5303 1350 5376 βλέπομεν,
1396 5307 1481 5355 τὸν
1529 5299 1586 5355 δὲ
1644 5301 1755 5374 ἀρι-

1933 5303 2024 5357 ιίω
2081 5301 2215 5357 fecit
2271 5301 2491 5357 coelum
2533 5305 2588 5357 et
2624 5306 2865 5364 terram,
2921 5295 3233 5360 animalia,
3275 5295 3526 5367 reptilia,

201 5378 303 5447 ομόν
351 5385 646 5462 ἀγνοοῦμεν.
697 5396 790 5454 Τίς
839 5395 940 5465 γὰρ
1011 5391 1289 5466 ἀνθρώπων
1345 5389 1504 5465 οἶδεν,
1570 5392 1613 5444 εἰ
1677 5397 1747 5464 μὴ

1931 5391 2108 5455 :lluas,
2131 5405 2285 5462 quas
2308 5390 2602 5455 videmus,
2629 5402 2952 5444 numerum
2983 5400 3118 5441 vero
3148 5383 3524 5454 ignoramus.

197 5471 366 5534 μόνονό
414 5484 540 5542 Θεὸς
565 5481 590 5532 6
621 5480 688 5533 ὢν
732 5479 780 5534 ἐν
810 5488 963 5549 πᾶσι,
1005 5487 1094 5535 καὶ
1139 5490 1243 5544 τοῖς
1289 5481 1534 5558 ἔμϐρύοις
1560 5479 1619 5535 δὲ
1650 5490 1749 5534 τῶν

1936 5479 2002 5535 lis
2026 5480 2185 5535 enim
2212 5479 2529 5537 hominum
2560 5477 2750 5544 novit,
2780 5478 3028 5548 excepto
3087 5472 3215 5532 solo
3247 5475 3390 5544 Deo,
3419 5473 3529 5545 qui

256 5647 468 5711 “Joan.
505 5675 539 5726 ι,
584 5663 627 5714 ί.
705 5659 751 5695 ³⁸
787 5658 932 5718 Gen.
971 5677 1049 5727 ιιι,
1083 5665 1172 5716 ‘25.
1253 5662 1297 5698 ³⁷
1332 5659 1531 5718 Matth.
1566 5677 1624 5727 ιι,
1658 5664 1746 5716 il.
1821 5661 1849 5697 "

865 5675 932 5716 in.
971 5677 1049 5727 ιιι,
1083 5665 1172 5716 ‘25.
1253 5662 1297 5698 ³⁷
1332 5659 1531 5718 Matth.
1566 5677 1624 5727 ιι,
1658 5664 1746 5716 il.
1821 5660 1870 5697 ³⁸
1895 5658 2093 5717 Matth.
2123 5673 2248 5724 vui,
2277 5661 2367 5715 29:
2449 5693 2458 5704 -
