4034 6202
567 261 675 319 563

568 477 734 535 tectis
761 482 1013 541 ?Nonne
1040 486 1166 557 ipse
1222 488 1352 555 scit,
1382 504 1516 560 quas
1545 494 1684 546 sunt
1709 494 1822 547 sub
1855 497 2007 549 terra
2038 498 2093 549 et
2123 510 2218 550 su-

567 583 673 640 per
702 570 885 627 coelos
906 572 935 627 ?

640 677 724 733 XI.
756 679 985 736 Relictis
1032 681 1211 751 igitur
1238 684 1350 749 his,
1403 685 1604 756 potius
1658 702 2022 759 quaeramus,
2056 689 2217 746 velut

561 763 707 820 boni
758 770 1178 838 negotiatores,
1236 772 1645 831 haereditatem
1690 776 1992 834 caelestem
2025 780 2215 851 possi-

562 852 722 920 dere,
751 861 805 911 et
834 873 924 919 ea,
954 875 1087 930 quae
1115 862 1459 917 conducunt
1483 864 1702 921 animae
1733 874 1973 922 nostris.
2013 870 2211 925 Disca-

562 957 697 997 mus
724 946 1028 1014 possidere
1054 948 1236 1017 bona,
1264 966 1399 1022 quae
1425 960 1559 1007 sunt
1591 954 1905 1011 nobiscum
1934 972 2210 1027 perman-

564 1046 722 1087 sura.
742 1034 912 1098 Quod
936 1036 979 1090 si
999 1036 1157 1092 enim
1184 1039 1368 1095 homo
1390 1043 1936 1113 cceperitindagare
1960 1047 2207 1101 sensum

561 1119 680 1183 Dei,
698 1137 767 1175 ac
789 1122 982 1179 dicere
1008 1142 1020 1179 :
1044 1127 1253 1183 Inveni
1264 1129 1548 1199 quiddam
1562 1147 1634 1187 ac
1646 1134 2086 1201 comprehendi,
2104 1135 2207 1190 de-

559 1208 960 1278 prehendetur
1010 1230 1178 1269 mens
1208 1215 1478 1273 humana
1511 1222 1927 1277 transcendere
1959 1239 2202 1279 sensum

561 1296 680 1350 Dei.
710 1298 925 1355 Verum
951 1301 1008 1355 in
1040 1301 1154 1358 hoc
1198 1303 1374 1374 longe
1406 1307 1660 1377 aberrat,
1716 1314 1769 1365 et
1809 1320 2036 1383 quanto
2071 1312 2206 1383 plus

556 1384 811 1440 volueris
840 1404 944 1459 per
999 1391 1401 1459 cognitionem
1450 1397 1695 1452 scrutari
1753 1414 1824 1453 ac
1873 1406 2200 1470 penetrare,

553 1476 718 1528 tanto
732 1474 1085 1542 profundius
1097 1478 1432 1548 descendis,
1449 1485 1904 1558 necquidquam
1920 1490 2201 1561 percipis.

557 1563 703 1631 Ipsae
760 1564 920 1619 enim
960 1568 1487 1639 considerationes,
1522 1589 1657 1644 qum
1707 1575 1812 1631 tibi
1862 1585 2200 1645 occurrunt,

552 1648 699 1719 quid
718 1650 973 1724 singulis
1005 1654 1215 1712 diebus
1246 1658 1307 1713 in
1343 1664 1393 1714 te
1419 1667 1757 1733 peragatur,
1785 1670 1843 1719 et
1870 1668 2200 1737 quomodo,

550 1753 784 1795 arcanae
816 1748 953 1798 sunt
981 1748 1035 1799 et
1056 1744 1708 1818 incomprehensibiles,
1743 1754 1857 1808 nisi
1887 1756 2051 1827 quod
2076 1762 2206 1812 tan-
2233 1767 2276 1822 Β
2315 1744 2502 1828 ληπτὰ,

553 1832 676 1882 tum
702 1828 818 1883 sint
847 1846 985 1887 cum
1017 1834 1343 1902 gratiarum
1382 1838 1613 1895 actione
1658 1842 2079 1914 suscipiendae,
2115 1852 2205 1902 at-

549 1930 666 1986 que
696 1918 1061 1976 credendum
1123 1923 1213 1979 sit.
1272 1926 1547 1982 Animam
1581 1929 1738 1984 enim
1771 1937 1955 1998 tuam,
1988 1949 2057 1989 ex
2079 1951 2202 2007 quo

550 2010 725 2061 natus
758 2022 821 2062 es
855 2009 932 2063 ad
958 2009 1119 2067 hunc
1170 2029 1361 2085 usque
1391 2015 1573 2081 diem,
1608 2020 1932 2089 potuistine
1982 2039 2203 2094 cogno-

550 2109 713 2150 scere
740 2095 767 2150 ?
790 2112 1032 2155 recense
1063 2116 1204 2170 ergo
1238 2104 1380 2159 mihi
1411 2121 1446 2161 a
1469 2121 1643 2162 mane
1666 2108 1741 2164 ad
1776 2126 2083 2182 vesperam
2110 2131 2202 2169 us-

547 2198 664 2254 que
695 2188 1078 2243 scaturientes
1109 2190 1167 2245 in
1201 2198 1253 2246 te
1285 2194 1697 2262 cogitationes.
1734 2198 1831 2254 Dic
1862 2201 2004 2256 mihi
2035 2203 2200 2271 cogi-

547 2271 800 2329 tationes
846 2276 1020 2331 trium
1078 2279 1351 2346 dierum;
1387 2288 1445 2337 at
1493 2298 1614 2339 non
1664 2292 1851 2356 potes.
1912 2290 1967 2345 Si
2021 2291 2203 2360 igitur

544 2362 937 2431 cogitationes
965 2367 1183 2423 animae
1204 2374 1319 2424 tua:
1341 2373 1847 2442 comprehendere
1866 2393 1987 2433 non
2013 2381 2202 2450 potui-

544 2450 637 2514 sti,
667 2453 1054 2520 cogitationes
1090 2456 1190 2512 Dei
1222 2464 1403 2531 atque
1430 2469 1692 2519 mentem
1740 2464 1839 2520 Dei
1892 2470 2201 2539 quomodo

544 2542 711 2608 potes
750 2542 999 2597 scrutari
1023 2543 1050 2597 ?

618 2643 729 2716 47
758 2646 865 2701 XII.
895 2648 1112 2704 Verum
1134 2656 1195 2705 tu
1216 2659 1511 2724 quantum
1538 2656 1790 2724 invenis,
1821 2662 1929 2717 ede
1953 2679 2195 2736 panem,

542 2747 613 2787 ac
644 2734 985 2792 universam
1012 2743 1227 2795 terram
1252 2742 1517 2810 dimitte;
1556 2751 1613 2801 et
1632 2747 1727 2803 abi
1756 2751 1833 2805 ad
1861 2734 2054 2823 ripam
2088 2755 2195 2810 ﬂu-

538 2820 736 2885 minis,
771 2838 841 2878 ac
895 2824 1033 2880 bibe
1091 2836 1385 2899 quantum
1417 2833 1684 2904 indiges;
1738 2855 1877 2895 mox
1910 2842 2053 2908 redi,
2088 2859 2195 2899 nec

539 2908 789 2980 inquire,
854 2914 1012 2969 unde
1066 2924 1397 2990 permanet,
1480 2930 1582 2978 aut
1658 2928 1968 2997 quomodo
2024 2930 2187 2988 ﬂuat.

536 2999 698 3053 Nava
722 3016 991 3071 operam,
1012 3010 1068 3060 ut
1089 3014 1331 3062 sanetur
1361 3026 1468 3081 pes
1486 3016 1642 3080 tuus,
1659 3019 2191 3077 autmorbusoculi

534 3086 637 3152 tui,
669 3091 731 3142 ut
760 3092 1021 3162 aspicias
1078 3094 1281 3151 lumen
1316 3098 1474 3165 solis,
1512 3117 1619 3157 nec
1658 3106 1888 3162 curiose
1917 3108 2186 3179 indages,

532 3182 825 3247 quantum
857 3178 1098 3237 luminis
1120 3186 1421 3243 contineat
1439 3190 1549 3253 sol,
1575 3197 1676 3245 aut
1700 3193 1756 3248 in
1782 3201 1965 3267 quoto
1989 3178 2190 3255 exsur-

528 3447 852 3509 pascantur
883 3447 1092 3513 onagri
1124 3455 1228 3503 aut
1282 3450 1487 3507 bestiaa
1516 3454 1544 3509 ?
1572 3461 1628 3511 et
1658 3458 1891 3528 puellus
1937 3466 2185 3535 quando

530 3529 758 3583 accedit
786 3531 863 3585 ad
896 3532 1085 3590 ubera
1142 3538 1372 3605 matris,
1404 3539 1660 3599 laetatur
1690 3552 1745 3602 et
1773 3529 2082 3610 enutritur.
2116 3558 2185 3611 At

527 3617 713 3671 nescit
740 3622 992 3677 scrutari
1022 3624 1288 3682 radicem
1328 3636 1432 3684 aut
1470 3634 1919 3703 scaturiginem,
1948 3643 2069 3697 und
2100 3647 2182 3701 sic

524 3702 733 3760 afﬂuit.
757 3709 922 3777 Sugit
936 3712 1093 3768 enim
1107 3713 1198 3770 lac
1220 3721 1276 3771 et
1294 3720 1600 3788 regionem
1622 3702 1864 3781 omnem
1882 3732 2180 3789 mamilla-

520 3808 655 3849 rum
686 3796 989 3855 exhaurit:
1024 3807 1079 3857 et
1129 3802 1328 3861 denuo
1377 3808 1493 3865 alia
1548 3810 1697 3869 hora
1745 3816 2004 3887 repletur
2060 3839 2180 3877 ma-

520 3882 705 3949 milla,
730 3885 843 3942 hoc
872 3903 1066 3962 neque
1100 3893 1330 3963 puellus
1356 3900 1542 3964 novit,
1578 3916 1776 3974 neque
1809 3882 1995 3963 mater
2024 3910 2174 3981 ejus,

516 3974 797 4044 quamvis
824 3993 1031 4035 revera
1061 3980 1139 4035 ab
1185 3985 1470 4041 omnibus
1525 3991 1812 4046 membris
1868 3999 2177 4066 proveniat

511 4058 624 4115 lac.
652 4062 707 4117 Si
735 4066 958 4135 quaeris
985 4084 1129 4139 ergo
1154 4071 1478 4130 Dominum
1511 4076 1571 4131 in
1591 4058 1908 4149 profundo,
1948 4086 2065 4141 illic
2092 4089 2176 4144 in-

514 4151 681 4203 venis
713 4166 851 4207 eum
883 4155 1055 4224 signa
1095 4157 1430 4217 facientem.
1463 4166 1517 4219 Si
1575 4170 1794 4237 quaeris
1825 4187 1960 4228 eum
2001 4175 2059 4230 in
2095 4177 2176 4232 fo-

518 4249 647 4302 vea,
674 4236 790 4291 illic
830 4240 1063 4297 invenis
1115 4260 1254 4301 eum
1304 4250 1363 4305 in
1392 4236 1880 4313 medioiduorum
1926 4260 2171 4321 leonum

507 4497 641 4551 stris
658 4501 852 4558 suis”.
871 4505 926 4560 Si
939 4510 1157 4577 quaeris
1171 4526 1309 4567 eum
1334 4514 1393 4570 in
1424 4526 1644 4585 monte,
1663 4522 1777 4578 illic
1793 4530 2014 4596 reperis
2030 4546 2166 4588 eum

504 4601 643 4641 cum
668 4589 857 4648 Eliaet
879 4597 1053 4651 Mose.
1082 4599 1125 4633 ³1
1145 4599 1372 4673 Ubique
1390 4605 1687 4674 igiturest,
1712 4618 1830 4668 tam
1859 4589 1972 4671 sub
1991 4624 2166 4698 terra,

499 4690 685 4747 quam
722 4697 902 4753 super
933 4686 1119 4753 cmlis,
1178 4689 1357 4748 etiam
1390 4696 1553 4765 apud
1592 4714 1723 4766 nos,
1781 4704 2004 4778 ubique
2058 4686 2164 4766 est:

502 4766 594 4821 Sic
648 4784 891 4843 quoque
944 4776 1149 4832 anima
1205 4794 1393 4852 prope
1450 4789 1503 4839 te
1550 4792 1655 4852 est,
1697 4766 1932 4849 intrate
1963 4803 2074 4863 est,
2110 4806 2166 4855 et

496 4860 661 4913 extra
693 4863 743 4913 te
774 4867 879 4917 est.
909 4864 1012 4919 Ubi
1037 4866 1204 4923 enim
1234 4869 1507 4938 volueris,
1542 4877 1601 4931 in
1634 4882 1876 4936 remotis
1904 4886 2161 4955 regioni-

490 4942 624 5009 bus,
658 4946 776 5002 illic
803 4956 893 5006 est
946 4968 1115 5008 mens
1175 4961 1297 5023 tua,
1357 4961 1480 5017 sive
1529 4963 1589 5019 in
1644 4968 1979 5039 occidente,
2034 4976 2159 5032 sive

493 5030 555 5087 in
591 5034 834 5103 oriente,
867 5039 990 5097 sive
1012 5042 1071 5097 in
1102 5045 1272 5102 ccelis
1304 5047 1417 5103 illic
1446 5050 1775 5112 invenitur.

566 5230 700 5287 XIII.
735 5232 1094 5293 Studeamus
1123 5239 1301 5308 igitur
1346 5242 1406 5298 in
1465 5247 1673 5317 primis
1722 5257 2054 5314 cauterium
2094 5265 2161 5317 et

490 5318 750 5415 sigillum
774 5324 1002 5379 Domini
1028 5326 1088 5381 in
1121 5329 1295 5383 nobis
1326 5330 1568 5401 habere,
1595 5340 1739 5409 quia
1768 5342 1829 5397 in
1860 5344 1957 5400 die
1982 5346 2111 5416 judi
2136 5380 2153 5393 -

488 5404 582 5475 cii,
611 5407 771 5467 facta
800 5415 1210 5485 segregatione
1266 5416 1368 5475 illa
1424 5437 1461 5478 a
1501 5404 1642 5491 Deo,
1674 5433 1731 5484 et
1756 5404 2136 5505 congregatis

558 5627 607 5663 ³⁸
637 5628 784 5688 Dan.
823 5647 899 5701 vn,
930 5636 1019 5693 i7.
1095 5637 1139 5673 ³ο
1176 5639 1329 5698 Dan.
1359 5659 1438 5713 III,
1469 5645 1559 5703 28.
1639 5653 1684 5689 “
1714 5653 1917 5713 Matth.
1950 5672 2085 5727 xvu,
2115 5663 2169 5719 3.

1862 273 1923 332 8.
1965 276 2267 338 MACARII
2304 277 2611 341 .IEGYP'm
3776 315 3864 373 δα

566 393 657 446 est
678 390 739 447 in
765 394 1070 463 omnibus,
1097 398 1281 455 etiam
1314 398 1373 454 in
1392 398 1611 456 fetibus
1633 401 1985 459 animalium
2006 404 2220 477 imper-
2251 412 2297 466 A
2333 406 2486 467 ζώων
2517 427 2530 477 ;

2590 412 2735 486 Οὐχὶ
2763 415 2917 481 αὑτὸς
2959 421 3237 480 ἓπίσταται
3275 430 3342 482 τὰ
3387 431 3505 486 ὄντα
3541 433 3754 490 ὑποκάτω
3784 449 3862 502 τῆς

2324 505 2393 567 γῆ
2407 518 2446 565 ς,
2479 504 2568 553 καὶ
2597 499 2767 557 έπάνω
2798 514 2897 559 τῶν
2924 514 3174 583 οῦρανών.

2394 692 2500 747 ῙΑ’.
2544 698 2921 772 Παραλιποντες
2971 705 3059 759 οὖν
3111 717 3298 780 ταῦτα,
3339 714 3525 784 μᾶλλον
3575 718 3859 793 ζητήσωμεν,

2322 783 2392 841 ὡς
2444 783 2595 871 καλοὶ
2650 790 2884 863 ἔμποροι,
2954 795 3297 871 κληρονομίαν
3341 783 3639 863 κτήσασθαι
3682 783 3860 885 ἑποὺράζ

2320 888 2426 922 νιον
2474 879 2563 926 καὶ
2593 878 2657 928 τὰ
2689 886 3015 954 συμφέροντα
3052 894 3165 950 ταῖς
3197 888 3401 962 ψυχαῖς
3445 895 3583 966 ἡμῶν
3614 914 3627 927 ⁸
3658 878 3859 971 μάθωμεν

2320 965 2622 1019 κτήσασθαι
2664 973 2910 1039 κτήματα
2954 974 3083 1048 ἅπερ
3137 965 3525 1054 συμπαραμένει
3583 987 3715 1056 ἡμῖν.
3762 989 3857 1041 Ἐὰν

2317 1050 2418 1124 ’γὰρ
2463 1052 2595 1126 ἄρξῃ
2648 1058 2919 1126 ἅνθρωπος
2969 1064 3038 1114 ὢν
3107 1050 3331 1141 ἐρευνᾷν⁷
3374 1050 3459 1123 τόν
3504 1050 3736 1147 λογισμόν
3784 1085 3855 1129 τοῦ

2319 1144 2473 1203 Θεοῦ,
2522 1148 2612 1195 καὶ
2640 1143 2822 1217 λέγειν,
2855 1150 3034 1226 εὗρόν
3090 1174 3150 1207 τι
3196 1162 3303 1209 καὶ
3337 1160 3702 1225 κατέλαϐον,
3746 1166 3855 1235 εὑρε-

2320 1227 2537 1284 θήσεται
2577 1233 2602 1283 ό
2642 1232 2955 1308 ἀνθρώπινος
2982 1250 3096 1305 νοῦς
3138 1245 3455 1319 ὑπερϐαίνων
3504 1254 3584 1303 τόν
3638 1250 3852 1324 λογισμόν

2314 1323 2405 1366 τοῦ
2431 1325 2585 1374 Θεοῦ.
2637 1322 2716 1376 Ἐν
2754 1330 2920 1380 τούτω
2952 1326 3011 1382 δὲ
3039 1332 3167 1385 πολὺ
3196 1335 3364 1407 πλανᾷ
3395 1355 3408 1367 '
3443 1344 3524 1391 καὶ
3574 1342 3683 1393 ὅσον
3727 1342 3854 1404 θέλεις

2316 1398 2410 1456 διὰ
2458 1414 2692 1479 γνώσεως
2757 1415 3031 1489 ἐρευνῆσαι
3096 1428 3186 1476 καὶ
3234 1425 3495 1494 εἰσελθεῖν,
3574 1436 3745 1503 χωρεῖς
3800 1431 3853 1491 εἰς

2316 1491 2500 1565 βάθος,
2563 1505 2652 1553 καὶ
2719 1501 2869 1558 οὐδὲν
2939 1511 3313 1582 καταμλϐάνεις
3376 1537 3388 1549 ·
3431 1517 3589 1579 αὑτὰς
3645 1491 3733 1593 vel!)
3783 1522 3855 1579 τὰς

2315 1580 2608 1657 ἐπισκέψεις
2659 1594 2755 1653 τὰς
2816 1580 3119 1669 γιγνομένας
3180 1621 3283 1667 σοι,
3345 1609 3397 1656 τί
3451 1580 3717 1680 ἐργάζεται.
3763 1610 3855 1661 καθ’

2316 1672 2510 1745 ἡμέραν
2566 1676 2614 1730 ἕν
2660 1687 2764 1746 σοὶ,
2810 1690 2898 1738 καὶ
2942 1696 3068 1752 πῶς,
3119 1690 3328 1766 οῖρῥητά
3376 1693 3505 1759 ἐστι,
3569 1702 3653 1750 καὶ
3704 1696 3861 1749 ἀκατά-

2571 1768 2600 1827 ἦ
2683 1776 2835 1841 μόνον
2889 1772 3143 1839 δέξασθαι
3212 1786 3344 1851 μετά
3412 1784 3731 1859 εὐχαριστίας
3791 1792 3858 1838 καὶ

2317 1856 2598 1908 πιστεύειν.
2649 1864 2753 1917 Τὴν
2801 1865 2902 1937 γὰρ
2955 1870 3051 1925 σὴν
3086 1867 3268 1941 ψυχὴν
3303 1871 3360 1934 EE
3397 1872 3457 1925 οὗ
3501 1856 3750 1945 ἐγεννήθης
3790 1880 3858 1927 καὶ

2315 1940 2403 2002 ἓως
2441 1944 2583 2017 οἰρτι,
2628 1944 2899 2015 ἠδυνήθης
2948 1940 3252 2030 γνωρίσαις
3310 1962 3421 2014 ἐπεὶ
3460 1940 3738 2034 έπάγγειλόν
3785 1985 3855 2036 μοι

2315 2028 2415 2083 ἀπὸ
2476 2038 2613 2105 πρωῒ
2662 2044 2751 2091 καὶ
2797 2040 2884 2102 ἓως
2933 2042 3028 2114 ὀψε
3084 2050 3206 2109 τοὺς
3252 2046 3504 2121 βρύοντας
3545 2050 3590 2103 ἐν
3642 2057 3716 2105 σοὶ
3748 2052 3858 2123 λογι-

2315 2124 2499 2191 σμοὺς.
2536 2124 2661 2178 Εἰπέ
2711 2148 2801 2198 μοι
2842 2133 2932 2192 τὰς
2978 2131 3286 2206 ὶνθυμήσεις
3329 2148 3482 2210 τριῶν
3515 2142 3703 2215 ἡμερῶν
3732 2162 3742 2173 ·
3776 2140 3857 2193 ἀλλ’

2311 2208 2369 2260 οὑ
2424 2207 2676 2272 δύνασαι.
2725 2217 2784 2270 Εἰ
2832 2217 2920 2271 οὑν
2963 2226 3076 2285 νοὺς
3124 2207 3413 2299 λογισμοὺς
3460 2207 3747 2302 τῆςὑὺχῄ
3779 2249 3850 2283 σου

2310 2300 2616 2356 καταλαϐεῖν
2664 2305 2759 2358 οὐκ
2810 2306 3097 2380 ἠδυνήθης,
3142 2318 3264 2376 τοὺς
3314 2300 3716 2392 λογισμοὺς
3759 2325 3858 2374 Θεοῦ

2310 2393 2400 2441 καὶ
2429 2394 2515 2443 τόν
2546 2400 2661 2445 νοῦν
2692 2404 2801 2457 πῶς
2828 2393 3059 2454 δύνασαι
3092 2404 3255 2476 εὑρεῖν
3287 2422 3302 2471 ;

2381 2675 2477 2731 IB’.
2516 2676 2671 2732 Ἀλλὰ
2702 2684 2766 2733 σύ
2819 2684 2940 2735 ὅσον
2982 2688 3234 2761 εὑρίσκεις
3266 2691 3426 2766 ἄρτον
3475 2702 3617 2767 φάγε,
3650 2700 3727 2747 καὶ
3762 2696 3855 2765 ἄφες

2306 2764 2427 2823 ὅλην
2468 2770 2562 2824 τὴν
2609 2776 2708 2838 γῆν
2748 2776 2836 2823 καὶ
2865 2774 3053 2829 ἄπελθε
3100 2778 3165 2838 εἰς
3210 2783 3267 2830 τό
3302 2764 3489 2852 *χεῖλος
3524 2764 3609 2836 τοῦ
3640 2790 3852 2855 ποταμοῦ,

2305 2859 2393 2906 καὶ
2418 2860 2501 2907 πίε
2540 2858 2659 2908 ὅσον
2689 2866 2875 2933 χρείαν
2902 2864 3064 2934 ἔχεις,
3097 2872 3187 2919 καὶ
3234 2870 3477 2943 πάρελθε,
3512 2878 3597 2924 καὶ
3627 2878 3691 2945 μὴ
3728 2876 3852 2933 ζητή-

2304 2963 2403 3016 σῃς
2441 2947 2594 2997 πόθεν
2646 2949 2876 3019 ἔρχεται,
2905 2952 2934 3010 ἦ
2976 2962 3087 3015 πῶς
3112 2954 3215 3030 ῥέει
3291 2957 3595 3012 Σπούδασον
3649 2963 3851 3029 Θεραπευ-

2306 3034 2456 3091 θῆναι
2485 3038 2570 3086 τὸν
2585 3032 2748 3103 πόδα,
2781 3042 2812 3097 ἣ
2839 3042 2923 3092 τὸν
2941 3046 3095 3095 πόνον
3122 3053 3212 3097 τοῦ
3240 3045 3510 3121 ὀφθαλμοῦ
3537 3069 3643 3118 σου,
3667 3052 3739 3101 ἵνα
3754 3046 3849 3120 ἴδῃς

2232 3122 2271 3177 C
2300 3125 2357 3174 τό
2390 3131 2495 3195 φῶς
2532 3132 2624 3176 τοῦ
2670 3126 2838 3185 ἡλίου.
2875 3135 2959 3189 Μὴ
2991 3132 3238 3208 ζητήσῃς
3278 3132 3343 3189 δὲ
3386 3144 3544 3192 πόσον
3585 3142 3685 3211 ἔχει
3720 3137 3847 3211 φῶςό

2301 3211 2443 3274 ἣλιος
2523 3220 2685 3267 πόσον
2770 3216 3028 3274 ἀνατέλλει
3083 3223 3240 3284 ζῶον.
3314 3225 3388 3280 Ὀ
3452 3236 3731 3303 προσχωρεί
3783 3246 3846 3278 σοι

2298 3300 2368 3362 εἰς
2393 3310 2617 3373 χρῆσιν,
2642 3304 2780 3360 λάϐε.
2806 3308 2909 3363 Καὶ
2932 3315 2983 3362 τί
3010 3309 3218 3387 ἀπέρχῃ
3249 3315 3323 3377 εἰς
3353 3318 3469 3390 ὄρη,
3488 3300 3585 3369 καὶ
3608 3300 3756 3378 ζητεῖς
3775 3320 3847 3367 πό-

2298 3409 2383 3442 σοι
2413 3389 2516 3444 έκεῐ
2539 3396 2778 3465 νέμονται
2806 3400 3021 3473 ὅναγροι
3052 3403 3082 3460 ἦ
3118 3404 3281 3475 θηρία
3314 3422 3329 3472 ;
3357 3412 3444 3459 καὶ
3482 3411 3537 3459 τὸ
3568 3404 3756 3460 παιδίον
3781 3407 3843 3456 ὅτι

2294 3485 2644 3555 προσέρχετοι
2682 3494 2753 3557 τῷ
2793 3488 2944 3559 μαζῷ
2973 3498 3064 3551 τῆς
3108 3498 3334 3566 μητρός,
3378 3495 3617 3568 λαμϐάνει
3652 3499 3701 3547 τό
3738 3493 3841 3565 γάλα

2294 3573 2383 3621 καὶ
2422 3576 2675 3643 τρέφεται.
2729 3575 2838 3627 Οῦκ
2883 3574 3023 3630 οἶδεν
3064 3576 3125 3633 δε
3171 3584 3380 3655 ἔρευνᾴν
3425 3589 3516 3643 τὴν
3551 3584 3690 3659 ῥίζαν
3716 3584 3742 3642 ἦ
3768 3586 3841 3638 τήν

2292 3663 2468 3729 πηγὴν
2524 3664 2677 3714 πόθεν
2724 3664 2883 3726 οὑτως
2933 3665 3153 3743 έπιῤῥέει
3186 3688 3198 3701 ⁵
3235 3672 3453 3734 θηλάζει
3486 3678 3583 3747 γὰρ
3621 3678 3673 3725 τὸ
3715 3671 3837 3742 γαλα,

2292 3752 2381 3799 καὶ
2426 3752 2510 3800 τόν
2559 3750 2677 3823 ὀρόν
2724 3754 2837 3806 ὅλον
2888 3754 3127 3810 ἀποκενοῖ
3157 3776 3169 3788 ·
3226 3766 3319 3814 καὶ
3365 3762 3515 3815 πάλιν
3554 3761 3696 3820 ἄλλον
3731 3761 3840 3831 ὥραν

2289 3846 2573 3906 μεστοῦται
2616 3842 2641 3892 ό
2671 3842 2837 3913 μαζός
2870 3865 2883 3878 ο
2925 3854 3077 3899 τοῦτο
3125 3852 3241 3902 οῦτε
3280 3853 3339 3903 τό
3368 3848 3577 3905 παιδίον
3605 3848 3743 3914 οἶδεν,
3772 3849 3839 3899 οὔ·

2289 3945 2343 3978 τε
2372 3928 2400 3984 ἡ
2443 3933 2616 4002 μήτηρ
2665 3932 2845 3997 αὑτοῦ,
2902 3933 2946 3986 εἰ
2975 3941 3063 3988 καὶ
3090 3940 3155 3990 τὰ
3199 3939 3432 4010 μάλιστα
3481 3940 3577 3993 ἀπό
3614 3940 3724 3992 ὅλων
3756 3943 3837 3988 τῶν

2286 4015 2448 4087 μελῶν
2482 4026 2575 4080 τῆς
2603 4024 2798 4092 μητρὸς
2848 4022 3118 4097 ἑξέρχεται
3168 4032 3225 4080 τό
3263 4031 3420 4099 γάλα.
3464 4031 3525 4086 Εἰ
3574 4034 3728 4093 ζητεῖς
3766 4020 3836 4077 οὑν

2286 4108 2371 4156 τὸν
2419 4109 2605 4179 Κύριον
2636 4109 2705 4172 εἰς
2746 4108 2928 4181 βάθος,
2987 4121 3092 4168 εκεῖ
3130 4118 3392 4189 εὑρίσκεῖς
3440 4123 3586 4172 αὑτὸν
3631 4121 3837 4170 ποιοῦντα

2288 4202 2497 4265 σημεῖα,
2549 4197 2609 4249 Εἰ
2663 4198 2837 4262 ζητεῖς
2889 4201 3043 4255 αὑτὸν
3097 4203 3144 4255 έν
3201 4205 3399 4279 λάκκῳ,
3468 4207 3568 4260 ἐκεῖ
3621 4208 3836 4279 εὑρίσκεις

2284 4281 2439 4334 ᾶῦτὸν
2480 4283 2528 4336 ἓν
2575 4289 2717 4359 μέσῳ
2745 4284 2841 4339 δύο
2906 4290 3116 4344 λεόντων
3162 4294 3499 4366 φυλάσσοντα
3545 4299 3626 4348 τὸν
3664 4291 3833 4345 δίκαιον

2284 4372 2493 4429 Δανιὴλ.
2544 4374 2604 4426 Εἰ
2656 4376 2829 4439 ζητεῖς
2878 4378 3033 4432 αὑτὸν
3074 4381 3146 4443 εἰς
3179 4391 3305 4457 πῦρ,
3354 4388 3461 4439 εκεῖ
3490 4388 3725 4458 εὑρίσκεις
3756 4379 3833 4431 αὖ·

2201 4485 2246 4540 D
2282 4462 2366 4511 τόν
2408 4457 2701 4533 βοηθοῦντα
2732 4473 2840 4529 τοῖς
2881 4464 3099 4532 δσυλοις
3130 4472 3312 4529 αὑτοῦ.
3348 4475 3407 4528 Εἰ
3439 4476 3605 4536 ζητεῖς
3633 4471 3766 4523 αὑτὸν
3791 4470 3829 4518 έν

2282 4553 2406 4621 ὄρει,
2447 4553 2551 4603 εκεῖ
2603 4554 2862 4625 εὑρίσκεις
2928 4557 3083 4610 αὑτὸν
3139 4564 3270 4631 μετά
3320 4571 3412 4615 τοῦ
3450 4562 3596 4615 Ἠλία
3626 4565 3707 4613 καὶ
3729 4563 3828 4610 Μω-

2282 4643 2423 4699 σέως.
2485 4646 2768 4713 Πανταχοῦ
2824 4642 2912 4697 οὖν
2972 4650 3107 4711 ἱστι,
3164 4655 3253 4703 καὶ
3311 4653 3551 4704 ὑποκάτω
3603 4659 3682 4709 τῆς
3726 4653 3826 4716 γῆς,

2277 4733 2367 4779 καὶ
2428 4730 2663 4803 ὑπεράνω
2701 4740 2800 4784 τῶν
2855 4734 3101 4807 οὐρανῶν,
3162 4741 3262 4792 εἶτε
3303 4738 3352 4792 έν
3404 4743 3546 4813 ἡμῖν,
3586 4739 3822 4805 πανταχοῦ

2275 4820 2436 4872 ἑστιν.
2472 4825 2652 4881 Οῦτως
2690 4827 2778 4874 καὶ
2825 4824 2854 4881 ἡ
2898 4822 3052 4895 ψυχὴ
3104 4824 3256 4898 ἐγγύς
3299 4835 3395 4883 σοῦ
3426 4833 3556 4894 ἐστι,
3605 4832 3680 4879 καὶ
3722 4827 3827 4876 ἰσω-

2276 4908 2355 4958 θέν
2401 4910 2495 4959 σοὺ
2529 4906 2661 4974 ἔστι,
2706 4916 2796 4963 καὶ
2849 4912 3029 4975 ἔξωθέν
3079 4920 3173 4968 σοὺ
3213 4916 3373 4973 ἔστιν.
3417 4918 3579 4972 Ὅπου
3627 4917 3717 4989 γὰρ
3756 4913 3822 4963 θέ-

2270 4992 2389 5059 λεις,
2447 4996 2517 5057 εἰς
2562 5003 2769 5071 μακρὰς
2815 5000 3097 5076 πατρίδας,
3158 5004 3262 5059 έκεῖ
3327 5007 3467 5060 ἔστιν
3505 5010 3529 5059 ό
3574 5014 3679 5064 νοῦς
3724 5019 3819 5059 σου.

2270 5086 2369 5135 εἴτε
2415 5083 2498 5137 ἐπὶ
2553 5083 2781 5159 δυσμὰς,
2853 5093 2953 5143 εἶτε
3014 5091 3100 5145 ἐπὶ
3160 5094 3431 5161 ἀνατολὰς,
3489 5099 3583 5149 εἴτε
3627 5093 3691 5154 εἰς
3724 5093 3822 5146 τοὺς

2268 5171 2512 5245 οὐρανοὺς
2542 5176 2644 5228 ἐκεῖ
2675 5179 2992 5249 εὑρίσκεται.

2337 5261 2437 5315 Il'".
2490 5269 2809 5339 Ζητήσωμεν
2866 5265 2954 5321 οὑν
3012 5276 3411 5345 προηγουμένως
3467 5276 3551 5326 τόν
3612 5268 3818 5333 καυτῆρα

2264 5358 2356 5401 τοῦ
2385 5354 2580 5424 Κύρίου
2614 5360 2703 5407 καὶ
2733 5360 2824 5416 τὴν
2866 5357 3139 5431 σφραγίδα
3167 5364 3215 5414 έν
3245 5362 3445 5425 ἑαυτοῖς
3472 5365 3607 5434 ἔχειν
3636 5376 3653 5391 ο
3687 5359 3755 5409 ὃτι
3778 5350 3817 5402 έν

2264 5447 2335 5511 τῷ
2360 5450 2525 5515 καιρῷ
2562 5452 2659 5508 τῆς
2686 5450 2921 5517 κρίσεως,
2976 5454 3247 5524 γινομένης
3297 5460 3395 5516 τῆς
3442 5453 3707 5523 ἀποτομίας
3741 5447 3815 5496 τοῦ
