4076 6210
199 298 315 355 565

1462 293 1806 353 HOMILLE.
1842 325 1916 338 —
1956 296 2132 354 HOM.
2173 297 2292 356 XII.

3462 307 3570 376 566

201 429 362 486 Θεοῦ,
416 426 506 476 καὶ
584 425 942 494 συναγομένων
988 419 1114 474 ὅλων
1177 427 1277 473 τῶν
1346 418 1514 491 φυλῶν
1563 427 1657 482 τῆς
1708 427 1772 490 γῆ

1917 421 2200 479 omnibus
2261 423 2532 481 tribubus
2584 431 2753 484 terra;
2807 431 3098 489 universm
3136 432 3299 498 Ades,
3320 433 3566 506 quando

197 510 322 563 ὅλου
371 518 464 564 τοῦ
540 507 736 583 Ἀδὰμ,
782 511 904 562 ὅταν
957 509 1150 583 κάλέση
1211 511 1236 560 ό
1283 513 1478 582 ποιμὴν
1514 513 1606 566 τὴν
1665 505 1802 560 ἰδίαν

197 605 442 671 ποίμνην,
513 602 626 652 ἶσοι
680 601 875 671 ὃχουσι
927 602 1014 652 τὸν
1082 607 1341 673 καυτῆρα,
1397 597 1803 668 ἐπιγινώσκουσι

195 692 283 740 τόν
333 687 474 740 ἴδιον
525 693 764 759 ποιμένα,
815 693 904 740 καὶ
948 689 973 740 ὁ
1016 691 1210 760 ποιμὴν
1275 691 1396 748 τοὺς
1451 689 1668 758 ἔχοντας
1709 690 1801 744 τὴν

195 775 340 829 ἰδίαν
393 774 665 851 σφραγῖδα
707 778 972 852 γνωρίζει,
1013 783 1103 829 καὶ
1131 777 1434 848 ἐπισυνάγει
1465 775 1565 827 ἀπὸ
1597 776 1800 827 πάντων

190 875 292 917 τῶν
334 866 506 918 ἐθνῶν.
538 874 646 929 Τῆς
685 874 858 939 φωνῆς
881 869 982 940 γὰρ
1038 866 1198 918 αὐτοῦ
1251 864 1534 918 ἀκούουσιν
1565 866 1613 916 οἱ
1641 859 1795 926 ἴδιοι,

188 960 281 1007 καὶ
308 957 602 1028 ὑπάγουσιν
635 955 805 1008 ὀπίσω
833 956 1012 1008 αὐτοῦ.
1056 955 1142 1016 Εἰς
1183 951 1280 1008 δύο
1321 957 1423 1026 γὰρ
1480 957 1608 1025 μέρη
1647 954 1800 1004 ἶστα-

188 1063 277 1094 ται
331 1046 358 1095 ὁ
404 1050 618 1117 κόσμος,
674 1049 764 1096 καὶ
822 1049 1057 1116 γίγνεται
1092 1049 1191 1116 μία
1241 1048 1434 1115 ποίμνη
1470 1046 1730 1104 σκοτεινὴ,
1763 1042 1792 1099 ἡ

186 1141 448 1207 χωροῦσα
478 1134 550 1196 εἰς
597 1141 700 1205 πῦρ
747 1133 974 1186 αἰώνιον.
1039 1137 1138 1186 Καὶ
1195 1137 1292 1205 μία
1350 1131 1550 1205 πλήρης
1605 1133 1792 1203 φωτὸς,

187 1222 215 1277 ἠ
252 1226 383 1295 πρὸς
420 1228 507 1279 τὴν
569 1222 806 1295 οὐράνιον
865 1222 1011 1284 λῆξιν
1071 1221 1398 1293 ἀναγομένη·
1474 1220 1600 1271 αὐτὸ
1652 1215 1738 1270 οὖν
1771 1219 1796 1270 ὅ

185 1317 271 1360 νῦν
318 1314 559 1384 κτώμεθα
629 1310 677 1363 ἐν
735 1319 849 1373 ταῖς
911 1311 1139 1384 ψυχαῖς,
1213 1311 1340 1363 αὐτὸ
1392 1309 1549 1362 ἐκεῖνο
1604 1309 1797 1380 λάμπει

181 1405 268 1452 καὶ
300 1409 630 1475 φανεροῦται,
663 1407 752 1453 καὶ
783 1403 848 1454 τὰ
878 1407 1096 1474 σώματα
1128 1397 1297 1453 Msa
1329 1396 1508 1462 δόξαν.

249 1489 352 1544 Lf.
394 1489 593 1562 Ὠσπερ
635 1488 683 1542 ἓν
741 1498 814 1561 τῷ
869 1499 1034 1565 καιρῷ
1092 1497 1184 1542 τοῦ
1236 1491 1490 1542 Ξανθικοῦ
1541 1491 1704 1562 μηνὸς
1743 1489 1798 1539 αἱ

173 1579 324 1650 ῥίζαι
378 1584 714 1652 κεχωσμέναι
772 1579 820 1631 ἐν
878 1587 940 1651 τῇ
987 1587 1080 1653 γῇ,
1146 1582 1272 1640 τοὺς
1329 1576 1500 1641 ἰδίους
1546 1581 1794 1653 καρποὺς,

173 1673 259 1719 καὶ
292 1671 367 1720 τὰ
400 1665 517 1720 ἰδία
565 1669 695 1726 ἄνθη
728 1673 818 1720 καὶ
848 1667 1005 1726 κάλλη
1039 1667 1479 1732 ἓκϐλαστάνουσι,
1541 1673 1628 1719 καὶ
1668 1686 1795 1740 καρ-

1920 511 2148 566 vocabit
2195 518 2397 583 pastor
2444 532 2619 572 suum
2670 532 2934 588 gregem,
2975 523 3321 594 quicunque
3371 527 3566 580 caute-

1913 598 2065 652 rium
2117 599 2458 671 habuerint,
2505 614 2870 674 cognoscent
2904 617 3207 680 pastorem
3250 627 3448 675 suum,
3509 615 3566 668 et

1913 694 2116 758 pastor
2146 689 2361 760 sigilloi
2373 691 2661 762 nsignitos
2677 704 2981 766 agnoscet,
3007 699 3466 770 etcongregabit
3490 715 3563 756 ex

1911 777 2194 832 omnibus
2227 779 2523 848 gentibus.
2560 785 2773 840 Vocem
2809 788 2963 841 enim
2993 788 3120 859 ejus
3152 790 3424 853 audiunt.
3457 789 3562 861 qui

1910 869 2048 919 sunt
2073 867 2184 922 sui.
2227 873 2282 923 et
2321 876 2654 941 sequuntur
2693 889 2851 929 eum.
2891 876 2952 930 In
2993 877 3140 932 duas
3162 878 3316 932 enim
3361 883 3562 949 partes

1909 955 2171 1010 mundus
2212 957 2515 1014 dividitur.
2557 966 2610 1014 et
2650 966 2737 1015 est
2775 979 2925 1018 unus
2983 980 3125 1033 grex
3185 966 3558 1032 tenebrosus,

1907 1043 2007 1111 qui
2022 1043 2284 1100 discedet
2300 1047 2356 1102 in
2375 1047 2570 1116 ignem
2588 1049 3135 1121 inexstinguibilem
3162 1060 3216 1108 et
3233 1061 3556 1122 aeternum;

1907 1132 2050 1186 alter
2109 1149 2244 1189 vero
2311 1135 2524 1206 plenus
2568 1137 2823 1204 lumine,
2871 1143 2974 1214 qui
3029 1143 3102 1197 ad
3148 1143 3558 1200 haereditatem

1907 1221 2205 1277 cmlestem
2227 1223 2572 1281 deducetur.
2590 1227 2738 1282 Illud
2764 1231 2962 1298 igitur,
2993 1231 3158 1303 quod
3187 1247 3346 1286 nunc
3373 1232 3561 1302 possi-

1907 1309 2120 1365 demus
2159 1313 2217 1366 in
2260 1315 2498 1380 animis,
2541 1316 2684 1372 illud
2729 1318 2928 1388 ipsum
2971 1319 3303 1391 splendebit
3342 1326 3398 1376 et
3435 1336 3560 1376 ma-

1907 1399 2303 1467 nifestabitur,
2328 1408 2383 1458 et
2412 1420 2659 1476 corpora
2687 1406 2932 1462 induent
2951 1409 3232 1478 gloriam.

1976 1490 2107 1544 XIV.
2169 1491 2414 1547 Perinde
2463 1509 2533 1548 ac
2585 1499 2849 1566 tempore
2909 1499 3130 1552 mensis
3192 1497 3406 1571 Aprilis
3467 1514 3560 1554 ra-

1905 1576 2069 1632 dices
2103 1584 2254 1635 terra
2280 1586 2596 1652 coopertas,
2635 1599 2775 1638 suos
2807 1583 3050 1651 fructus,
3087 1601 3351 1658 suosque
3376 1585 3555 1641 ﬂores

1906 1681 1974 1720 ac
2002 1666 2257 1722 lautitias
2289 1670 2640 1741 producunt,
2672 1673 3052 1746 fructumque
3083 1673 3297 1744 ferunt,
3333 1691 3402 1730 ac
3431 1690 3557 1730 ma-

175 1765 494 1831 ποφοροῦσι,
541 1762 628 1809 καὶ
684 1765 1020 1832 φανεροῦνται
1080 1759 1134 1809 αἱ
1183 1757 1336 1809 καλαὶ
1373 1757 1541 1831 ῥίζαι,
1600 1762 1689 1808 καὶ
1739 1762 1782 1808 αἱ

1905 1754 2259 1813 nifestantur
2316 1757 2588 1816 fecundas
2647 1762 2900 1832 radices,
2938 1763 3016 1817 uti
3076 1768 3132 1818 et
3177 1779 3314 1834 quae
3345 1762 3555 1834 spinas

171 1849 266 1905 τὰς
312 1845 540 1906 ἀκάνθας
568 1849 794 1918 ἔχουσαι
839 1851 1050 1921 φανεραὶ
1092 1851 1322 1917 γίνονται
1351 1846 1515 1907 οὕτως
1546 1844 1617 1898 ἒνέ
1647 1850 1788 1918 κείνῃ

172 1943 234 2007 τῇ
287 1937 467 2010 ἡμέρᾳ
528 1937 744 1996 ἕκαστος
819 1931 911 1987 διὰ
967 1943 1060 1987 τοῦ
1132 1931 1270 1987 ἰδίου
1339 1941 1601 2006 σώματος,
1658 1935 1787 2008 άπερ

168 2022 415 2096 ἔπραξεν,
473 2022 764 2094 ἐμφανίζει,
808 2029 896 2076 καὶ
955 2031 1262 2098 φανεροῦται
1303 2026 1366 2075 τά
1410 2043 1462 2076 τε
1514 2024 1647 2074 καλὰ
1697 2028 1786 2076 καὶ

169 2114 229 2163 τὰ
254 2113 422 2164 κακά.
468 2114 604 2166 Ἐκεῖ
625 2115 726 2188 γάρ
758 2117 871 2166 ἐστι
901 2119 1050 2166 πᾶσα
1079 2115 1107 2172 ἡ
1143 2117 1317 2186 κρίσις
1345 2117 1435 2165 καὶ
1483 2115 1512 2170 ἡ
1558 2111 1787 2164 ἀνταπό-

170 2197 358 2262 δοσις.
406 2207 560 2254 Ἔστι
589 2205 690 2276 γάρ
719 2201 846 2260 οἴλλη
881 2207 1039 2275 τροφὴ
1077 2204 1220 2274 παρά
1245 2205 1440 2260 ταύτην
1488 2205 1582 2259 τὴν
1613 2221 1784 2273 φαινο-

163 2296 330 2360 μένην
357 2308 368 2319 ·
398 2294 610 2364 καὶγὰρ
638 2298 867 2351 Μωῦσῆς
898 2292 978 2343 ὅτε
1007 2289 1222 2349 ἀνῆλθεν
1254 2291 1319 2351 εἰς
1333 2295 1392 2343 τὸ
1418 2295 1553 2362 ὅρος,
1587 2293 1784 2362 ἡμέρας

165 2380 568 2452 τεσσαράκοντα
628 2378 949 2437 ἐνήστευσεν.
1011 2379 1262 2438 Ἀνῆλθεν
1315 2379 1602 2455 ἅνθρωπος,
1660 2399 1782 2431 κατ-

164 2468 287 2525 ῆλθε
325 2471 450 2520 Θεὸν
486 2471 645 2540 ἔχων.
678 2473 778 2521 Καὶ
809 2465 891 2520 ’ίδε
921 2467 1172 2541 βλέπομεν
1209 2467 1258 2520 ἐν
1291 2470 1436 2541 ἡμῖν,
1486 2469 1565 2521 ὃτι
1595 2467 1642 2520 ἐν
1673 2468 1779 2522 ὀλί-

162 2577 278 2626 γαις
312 2559 556 2632 ἡμέραις,
583 2556 665 2609 ἐὰν
692 2562 763 2629 μὴ
805 2558 1178 2630 ὑποστηριχθῇ
1222 2562 1281 2609 τὸ
1315 2565 1464 2630 σῶμα
1505 2556 1777 2631 βρώμασι,

165 2648 452 2719 φθείρεται.
527 2651 629 2699 Καὶ
686 2646 839 2708 αὐτὸς
893 2645 940 2699 ἓν
981 2648 1374 2720 τεσσαράκοντα
1429 2649 1643 2720 ἡμέραις
1687 2667 1780 2705 νη-

166 2739 419 2801 στεύσας,
453 2735 624 2788 πλεῖον
678 2735 804 2787 ὅλων
858 2733 1269 2809 ἔνδυναμώτερος
1309 2736 1579 2795 κατῆλθεν.
1612 2737 1778 2809 Ἐτρέ-

167 2845 281 2896 suo
339 2829 448 2898 γὰρ
504 2827 605 2877 ὑπὸ
654 2834 744 2878 τοῦ
787 2833 940 2892 Θεοῦ,
1002 2831 1091 2878 καὶ
1144 2827 1453 2898 ᾠκονομεῖτο
1505 2826 1664 2878 αὑτοῦ
1719 2830 1776 2878 τὸ

165 2924 317 2986 σῶμα
364 2915 495 2988 ἄλλη
556 2923 712 2988 τροφῇ
752 2918 1058 2989 ἐπουρανίῳ.
1104 2914 1164 2968 Ὀ
1215 2919 1313 2990 γὰρ
1343 2916 1490 2986 λόγος
1515 2925 1603 2968 τοῦ
1644 2925 1776 2969 Θεοῦ

163 3010 324 3075 τροφή
367 3003 515 3073 αὐτῷ
556 3006 806 3075 ἐγίγνετο,
861 3009 948 3057 καὶ
1001 3002 1114 3076 εἶχε
1175 3001 1336 3067 δόξαν
1395 3010 1466 3066 είς
1512 3009 1568 3057 τό
1614 3010 1777 3078 πρόσ-

1903 1847 2117 1915 ferunt,
2149 1849 2472 1921 pateﬁunt:
2509 1849 2674 1904 sicin
2715 1850 2812 1906 illa
2847 1851 2962 1914 die,
3003 1852 3254 1922 quilibet
3287 1867 3397 1906 suo
3428 1867 3553 1906 cor-

1899 1953 2064 2010 pore,
2097 1938 2243 2010 quid
2298 1938 2501 2008 egerit,
2541 1939 2875 2009 patefaciet,
2925 1945 2981 1995 et
3009 1940 3553 1996 manifestabuntur

1899 2026 2062 2082 mala
2087 2033 2143 2082 et
2168 2027 2348 2083 bona.
2383 2027 2501 2082 [llic
2532 2027 2688 2083 enim
2713 2029 2820 2083 erit
2857 2028 3190 2084 universale
3225 2029 3548 2100 judicium,

1895 2121 1950 2171 et
1997 2115 2326 2171 retributio.
2350 2119 2444 2171 Est
2490 2116 2648 2170 enim
2709 2116 2862 2172 alius
2915 2117 3083 2172 cibus
3129 2122 3346 2188 praeter
3385 2125 3547 2173 eum‘

1893 2206 1994 2277 qui
2027 2205 2272 2260 videtur.
2305 2207 2488 2260 Moses
2521 2205 2677 2259 enim
2702 2221 2840 2261 cum
2869 2206 3219 2262 ascenderet
3259 2211 3549 2270 montem,

1893 2294 2296 2366 quadraginta
2334 2293 2459 2349 dies
2504 2294 2819 2364 jejunavit.
2866 2294 3150 2350 Ascendit
3195 2295 3401 2358 homo,
3440 2295 3548 2350 de-

1893 2383 2122 2438 scendit
2155 2383 2384 2438 habens
2409 2383 2616 2438 Deum.
2656 2386 2718 2438 Et
2747 2398 2905 2449 ecce,
2942 2383 3221 2440 videmus
3254 2384 3314 2438 in
3345 2383 3545 2450 nobis,

1891 2473 2056 2545 quod
2097 2488 2542 2545 perpaucorum
2579 2472 2813 2528 dierum
2864 2472 3084 2545 spatio,
3129 2473 3242 2528 nisi
3291 2489 3550 2545 corpora

1892 2561 2305 2617 suffulciantur
2348 2561 2518 2630 cibis,
2560 2562 2693 2633 ipsa
2732 2567 2998 2632 pereant,
3039 2561 3169 2634 ipse
3206 2577 3346 2618 vero
3389 2578 3540 2633 qua-

1889 2650 2165 2720 draginta
2186 2651 2311 2706 dies
2337 2667 2474 2706 cum
2497 2651 2740 2721 jejunus
2769 2651 2993 2716 fuisset,
3018 2649 3222 2706 fortior
3252 2651 3542 2706 omnibus

1889 2738 2214 2794 descendit.
2269 2737 2551 2794 Alebatur
2593 2741 2750 2793 enim
2797 2755 2832 2794 a
2874 2741 3013 2804 Deo,
3058 2742 3116 2793 et
3159 2753 3379 2808 corpus
3417 2742 3548 2808 ejus

1889 2828 2333 2884 sustentabatur
2363 2827 2478 2882 alio
2517 2827 2651 2882 cibo
2696 2827 2936 2882 caalesti.
2986 2829 3192 2882 Sermo
3235 2828 3393 2882 enim
3446 2827 3546 2882 Dei

1887 2917 2056 2973 cibus
2093 2918 2144 2972 ei
2180 2923 2326 2983 erat,
2358 2922 2411 2970 et
2451 2916 2714 2970 habebat
2753 2915 3003 2984 gloriam
3048 2918 3104 2970 in
3149 2915 3313 2970 facie.
3352 2915 3542 2971 Omne

1886 3006 2051 3078 quod
2081 3004 2283 3068 ﬁebat,
2315 3010 2494 3076 typus
2515 3009 2641 3059 erat
2671 3004 2910 3059 alterius
2939 3004 3038 3058 rei.
3059 3003 3336 3059 lllaenim
3352 3004 3544 3072 gloria

163 3113 297 3145 ωπον
331 3111 344 3123 ⁸
385 3096 445 3145 τό
473 3098 761 3165 γενόμενον,
795 3096 953 3154 τύπος
991 3091 1052 3152 ἧν
1083 3111 1095 3124 ⁸
1138 3093 1302 3153 ἐκείνη
1328 3097 1427 3168 γὰρ
1458 3096 1488 3152 ἠ
1525 3091 1656 3157 δόξα
1689 3103 1776 3150 νῦν

1898 3094 2252 3150 aonintusin
2283 3092 2566 3149 cordibus
2599 3091 3289 3163 Christianorumfulget.
3325 3094 3542 3146 Resur-

158 3184 351 3234 ἑσωθεν
428 3182 495 3242 εἰς
548 3184 639 3242 τὰς
703 3179 925 3256 καρδίας
995 3190 1095 3235 τῶν
1171 3191 1501 3256 Χριστιανῶν
1561 3183 1773 3254 λάμπει.

163 3270 517 3342 Ἀνιστάμενα
558 3274 658 3345 γὰρ
713 3273 780 3323 τὰ
839 3278 1058 3344 σώματα
1107 3272 1155 3324 ἐν
1211 3280 1272 3345 τῇ
1324 3270 1610 3325 ἀναστάσει
1639 3273 1774 3345 ἄλλῳ

163 3355 420 3431 impun
481 3361 635 3430 θείκῷ
687 3360 1058 3426 σκεπάζονται,
1112 3366 1201 3414 καὶ
1245 3359 1445 3435 βρώσει
1489 3359 1774 3434 ἐπουρανίῳ

160 3454 456 3521 τρέφονται.

229 3538 306 3592 1Ε’
337 3538 717 3610 Ἐρώτησις.
759 3542 829 3592 Τί
868 3541 1027 3604 ἐστι,
1059 3543 1215 3612 γυνὴ
1259 3537 1773 3592 ἀκατακαλύπτώ

165 3627 408 3699 κεφαλῇ
451 3632 954 3700 προσευχομένη
986 3647 999 3694 ;

230 3718 648 3789 Ἀπόκρισις.
692 3713 904 3775 Ἐπειδὴ
954 3716 1001 3770 ἕν
1049 3725 1122 3787 τῷ
1178 3727 1342 3792 καιρῷ
1403 3725 1502 3770 τῶν
1547 3716 1770 3770 ἆποστόυ

163 3805 254 3855 λων
311 3806 590 3877 ἁφιεμένας
638 3803 784 3877 εἶχον
843 3810 934 3868 τὰς
1015 3811 1206 3879 τρίχας
1285 3804 1398 3860 ἀντὶ
1467 3808 1774 3880 σκεπάσμα-

165 3913 242 3956 to;
277 3913 290 3925 ·
331 3891 429 3947 διὰ
460 3903 614 3947 τοῦτο
646 3896 672 3947 ό
703 3898 896 3970 Κύριος
952 3901 1041 3948 καὶ
1101 3898 1149 3948 οἱ
1189 3894 1470 3949 ἀπόστολοι
1518 3893 1672 3954 ἦλθον
1702 3896 1773 3958 εἰς

163 3989 251 4040 τήν
305 3989 490 4036 κτίσιν
540 3989 631 4036 καὶ
687 3987 1053 4058 ἰσωφρόνησαν
1139 3985 1322 4044 αὐτην.
1383 3985 1524 4044 Πλὴν
1577 3988 1605 4044 ἡ
1639 3991 1768 4056 γυνὴ

164 4080 326 4124 κεῖται
382 4072 453 4133 εἰς
493 4075 655 4125 τύπον
693 4081 786 4134 τῆς
851 4074 1196 4136 Ἐκκλησίαςο
1252 4079 1341 4126 καὶ
1389 4075 1560 4148 ὥσπερ
1613 4074 1678 4134 είς
1708 4078 1766 4127 τό

167 4169 468 4233 ⁶ξαινόμενον
520 4161 569 4212 ἓν
640 4167 811 4215 ἐκείνω
869 4171 941 4233 τῷ
998 4163 1164 4237 καιρῷ
1236 4165 1424 4215 ἐκεῖναι
1492 4160 1636 4235 εἶχον
1690 4163 1766 4226 ἐξ·

167 4250 467 4322 ηπλωμὲιας
519 4253 614 4311 τὰς
650 4256 840 4322 τρίχας
890 4250 1004 4304 ἀντὶ
1057 4254 1427 4324 σκπάσματος
1460 4273 1471 4286 °
1528 4253 1772 4304 οὕτωκαὶ

168 4341 190 4393 ὲ
250 4338 548 4396 Ἐκκλησία
585 4343 649 4391 τὰ
696 4344 846 4392 τίκνα
907 4340 1071 4402 αὐτῆς
1127 4338 1297 4393 ενδύει
1338 4345 1424 4392 καὶ
1480 4339 1773 4412 περιϐάλλει

1884 3185 2086 3254 gentia
2123 3185 2280 3238 enim
2322 3199 2574 3254 corpora
2608 3183 2667 3237 in
2709 3181 3157 3245 resurrectione,
3209 3180 3325 3236 alio
3365 3180 3542 3236 vesti-

1885 3278 2087 3329 mento
2117 3272 2319 3329 divino
2340 3271 2704 3344 aperientur,
2733 3286 2802 3326 ac
2829 3271 2964 3326 cibo
3006 3269 3230 3326 calcasti
3273 3268 3540 3325 nutrien-

1884 3367 1998 3419 tur.

1953 3540 2071 3614 48
2098 3543 2208 3597 XV.
2235 3539 2653 3610 Interrogatio.
2681 3537 2928 3606 Quidest
2949 3535 3388 3603 illud,Femina
3418 3551 3540 3592 non

1883 3632 2075 3687 velato
2107 3630 2301 3701 capite
2334 3645 2516 3685 orans
2537 3629 2582 3663 ³³
2613 3627 2642 3682 ?

1952 3721 2288 3788 Responsio.
2349 3718 2644 3783 Quoniam
2693 3713 3064 3785 temporibus
3122 3713 3536 3783 apostolorum

1883 3807 2144 3880 prolixos
2163 3805 2608 3862 alebantcrines
2631 3819 2736 3872 pro
2756 3801 3402 3871 velamine,propterea
3429 3804 3535 3855 Do-

1883 3897 2080 3952 minus
2109 3902 2164 3950 et
2188 3892 2442 3966 apostoli
2459 3889 2838 3946 veneruntad
2852 3896 3208 3956 creaturam,
3228 3893 3288 3942 ut
3304 3902 3437 3942 eam
3456 3887 3534 3942 ad

1881 3982 2239 4039 modestiam
2289 3980 2674 4036 adducerent.
2717 3978 2928 4032 Verum
2983 3975 3193 4030 mulier
3224 3980 3406 4047 typus
3445 3980 3535 4030 est

1882 4072 2173 4128 Ecclesiae.
2202 4073 2264 4126 Et
2300 4066 2820 4142 quemadmodum
2861 4065 2938 4120 ad
2979 4065 3235 4120 aliorum
3274 4079 3535 4135 conspe-

1882 4169 2041 4217 ctum
2070 4168 2336 4232 tempore
2364 4157 2462 4214 illo
2490 4156 2766 4212 mulieres
2791 4155 3080 4224 gerebant
3101 4169 3313 4225 passos
3339 4153 3536 4208 crines

1883 4268 1989 4323 pro
2037 4250 2352 4314 velamine,
2410 4246 2494 4302 sic
2547 4244 2804 4300 Ecclesia
2851 4243 3002 4299 ﬁlios
3052 4259 3190 4298 suos
3232 4241 3424 4298 induit
3483 4245 3539 4298 et

1883 4339 2089 4395 amicit
2121 4338 2462 4394 vestiments
2499 4333 2740 4390 divintis
2757 4338 2813 4389 et
2853 4332 3148 4403 gloriosis.
3189 4329 3534 4402 Antiquitus

166 4423 427 4497 ἐνδύμασι
484 4429 678 4489 θεὶκοῖς
716 4434 804 4480 καὶ
859 4425 1282 4501 δεδοξασμένοις.
1330 4431 1433 4484 Καὶ
1480 4430 1552 4493 εἰς
1589 4435 1646 4482 τὸ
1679 4450 1775 4482 πα-

1898 4435 2087 4484 ιιιῑθω
2126 4426 2393 4482 Εοοιθεὶω
2432 4423 2607 4479 Israel
2641 4437 2758 4478 una
2797 4427 2922 4477 erat
2961 4420 3370 4493 congregatio,
3394 4434 3532 4492 quas

164 4513 302 4567 λαιὸν
373 4512 432 4568 δι
485 4524 582 4578 τῆς
625 4516 942 4581 Ἐκκλησίας
1005 4517 1239 4591 Ἰσραὴλ,
1303 4523 1402 4590 μία
1453 4515 1513 4577 ἧν
1561 4521 1591 4577 ἡ
1658 4538 1776 4571 συν-

165 4610 370 4676 αγωγη,
428 4611 518 4658 καὶ
577 4606 818 4659 ίσκέπετο
872 4609 972 4660 ὑπὸ
1026 4615 1116 4660 τοῦ
1171 4609 1487 4680 Πνεύματος,
1519 4613 1608 4660 καὶ
1641 4605 1776 4666 ἦσαν

165 4701 266 4744 αντὶ
310 4691 477 4757 δόξης
515 4693 941 4768 περιϐεϐλημένοι
998 4700 1057 4749 τό
1120 4704 1354 4769 Πνεῦμα,
1407 4697 1449 4749 εἰ
1496 4702 1587 4749 καὶ
1629 4698 1778 4756 αὐτοὶ

164 4783 252 4834 οὐκ
282 4784 641 4854 ὶστοιχησαν.
682 4784 970 4843 Ἐκκλησία
1010 4782 1096 4837 οὖν
1134 4785 1348 4858 λέγεται
1405 4791 1492 4838 καὶ
1539 4789 1622 4839 ἑπὶ
1653 4785 1780 4839 πολ-

163 4870 278 4934 λῶν,
326 4877 416 4923 καὶ
450 4873 537 4924 ἐπὶ
571 4878 698 4944 μιᾶς
725 4873 911 4945 ψυχῆς
944 4889 958 4904 ·
995 4877 1127 4932 αὐτὴ
1170 4878 1271 4948 γάρ
1305 4877 1333 4932 ἠ
1379 4875 1532 4946 ψυχὴ
1566 4877 1778 4946 συνάγει

163 4961 305 5022 ὅλους
361 4965 476 5021 τοὺς
513 4961 816 5034 λογισμοὺς,
868 4968 958 5015 καὶ
1009 4967 1155 5016 ἔστὶν
1213 4965 1498 5022 Ἐκκλησία
1526 4973 1596 5034 τῷ
1640 4972 1779 5034 Θεῷ.

159 5046 429 5122 Ἠρμόσθη
492 5053 589 5123 γὰρ
649 5052 715 5112 εἰς
767 5058 1037 5105 κοινωνίαν
1082 5055 1110 5111 ἡ
1170 5053 1328 5126 ψυχὴ
1363 5063 1434 5124 τῷ
1488 5053 1777 5129 ἐπουρανίῳ

162 5145 383 5210 νυμφίῳ,
444 5144 532 5192 καὶ
581 5146 818 5213 κιρνᾶται
865 5150 936 5212 τῷ
996 5140 1303 5216 ἐπουρανίῳ,
1371 5151 1524 5195 τοῦτο
1582 5139 1640 5195 δε
1689 5159 1776 5207 καὶ

165 5229 240 5279 ἰπὶ
272 5229 473 5280 πολλῶν
506 5235 722 5295 νοεῖται,
768 5235 858 5283 καὶ
907 5229 990 5283 ἰπὶ
1048 5234 1178 5294 ἕνός.
1235 5234 1340 5287 Καὶ
1360 5235 1460 5305 γὰρ
1512 5234 1538 5285 ό
1584 5238 1776 5306 προφή.

162 5333 252 5377 της
279 5318 416 5388 λέγει
445 5322 563 5391 περὶ
611 5317 1098 5394 τῆςἹερουσαλὴμ,
1146 5319 1345 5394 Εὗρόν
1395 5339 1462 5373 σε
1515 5322 1715 5392 ἔρημο
1749 5342 1776 5374 ν

162 5411 264 5457 καὶ
305 5410 564 5478 γυμνὴν,
633 5410 745 5460 καὶ
793 5404 1072 5463 ίνίδυσά
1129 5428 1243 5481 σερ
1300 5411 1486 5463 καὶτὰ
1533 5407 1770 5477 iliaca;

161 5490 242 5548 ἰπὶ
265 5501 357 5548 τοῦ
385 5495 497 5561 ἄνὸς
517 5499 804 5570 προσώπου
827 5493 983 5556 εἶπεν.

230 5689 278 5725 ⁸⁸
309 5687 333 5747 I
358 5691 487 5749 Cor.
516 5690 698 5758 xv,'5.
800 5691 847 5728 ³⁸
879 5692 1082 5752 Ezech.
1111 5707 1232 5762 κει,
1264 5697 1316 5754 6.

1887 4516 2264 4588 operiebatur
2308 4513 2524 4585 Spiritu
2565 4529 2578 4566 :
2617 4516 2673 4567 et
2715 4510 2905 4566 induti
2953 4515 3120 4565 erant
3163 4510 3379 4580 Spiritu
3427 4523 3536 4580 pro

1889 4606 2097 4676 gloria,
2147 4603 2427 4677 quamvis
2485 4602 2596 4673 ipsi
2660 4615 2782 4656 non
2847 4600 3272 4654 consentirent.
3317 4597 3538 4652 Dicitur

1888 4711 2028 4764 ergo
2059 4693 2317 4749 Ecclesia
2338 4699 2458 4747 tam
2487 4691 2559 4745 de
2582 4688 3046 4761 pluribusquam
3067 4689 3140 4741 de
3175 4687 3533 4741 unaanima.

1891 4787 2020 4839 Haac
2070 4783 2230 4838 enim
2267 4781 2470 4836 anima
2514 4781 2841 4848 congregat
2875 4791 3084 4832 omnes
3123 4773 3536 4842 cogitationes,

1890 4881 2068 4944 atque
2109 4872 2228 4926 Deo
2259 4877 2344 4926 est
2369 4868 2646 4924 Ecclesia.
2677 4871 2829 4938 Apta
2871 4865 3032 4920 enim
3081 4869 3166 4919 est
3211 4861 3416 4917 anima
3458 4861 3536 4916 ad

1888 4965 2228 5019 societatem
2281 4957 2538 5016 caelestis
2587 4956 2824 5028 Sponsi,
2883 4958 2940 5010 et
2990 4954 3352 5024 temperatur
3397 4965 3534 5005 cum

1889 5050 2130 5106 ccelesti.
2159 5052 2275 5104 Hoc
2334 5062 2476 5102 vero
2524 5060 2646 5100 non
2705 5045 2765 5098 in
2813 5043 3085 5115 pluribus
3130 5044 3386 5104 tantum,
3430 5039 3535 5094 sed

1888 5141 2067 5196 etiam
2098 5140 2156 5194 in
2191 5152 2309 5192 uno
2352 5139 2544 5208 potest
2581 5131 2843 5202 intelligi.
2877 5133 2954 5187 De
2996 5128 3322 5186 Jerusalem
3371 5126 3532 5183 enim

1889 5228 2181 5304 propheta
2203 5225 2392 5298 inquit
2421 5242 2432 5280 :
2470 5223 2678 5280 Inveni
2699 5230 2753 5278 te
2781 5221 3071 5278 desertam
3103 5224 3154 5275 et
3196 5217 3446 5282 nudam,
3479 5221 3536 5272 et

1885 5318 2058 5375 indui
2100 5325 2154 5372 te
2195 5316 2262 5380 ³⁸,
2296 5320 2352 5372 et
2388 5317 2616 5376 catera,
2657 5316 2946 5384 tanquam
2986 5309 3060 5365 de
3107 5323 3225 5363 una
3274 5319 3535 5380 persona

1881 5409 2246 5482 loqueretur.
