4034 6202
453 302 563 370 86⁸1
1738 332 1743 335 ί
1784 310 1847 367 S.
1894 307 2045 367 MAC

2237 301 2553 361 (EGYPTII'
3714 303 3830 359 568

521 440 663 495 XVI.
700 436 1107 505 Interrogatio.
1149 436 1299 502 Quid
1341 441 1447 503 est,
1485 436 1651 509 quod
1687 436 1908 494 Martha
1946 435 2106 490 dixe-

2288 429 2385 496 lq'.
2418 429 2789 502 Ἐρώτησις.
2840 429 2905 484 Τί
2952 430 3088 485 ἐστιν
3119 434 3151 484 6'
3175 432 3204 490 ἠ
3231 431 3422 506 Μάρθα
3454 426 3563 483 εἶπε
3592 436 3665 500 τῷ
3717 435 3828 483 Κυ-

448 537 541 586 rat
574 530 823 585 Domino
850 528 922 581 de
950 526 1128 581 Maria
1158 542 1169 580 :
1209 527 1332 597 Ego
1363 526 1435 583 de
1457 527 1661 582 multis
1680 526 1937 582 sollicita
1951 541 2041 580 sui

2233 524 2310 591 »ίῳ
2338 524 2453 591 περὶ
2482 528 2577 582 τῆς
2606 525 2840 594 Μαρίας,
2881 522 2957 574 ὅτι
2990 521 3142 591 Ἐγὼ
3189 522 3406 591 κάμνω
3455 519 3541 580 εἰς
3594 517 3826 580 πολλὰ,

453 625 507 675 et
535 619 661 674 haec
689 616 905 673 assidet
941 616 1048 671 tibi
1078 614 1106 669 εἰ

2217 612 2324 661 καὶ
2363 611 2520 666 αῦτη
2562 610 3092 681 παρακαθέζεταί
3133 628 3234 662 σοι
3268 626 3281 676 ;

524 723 862 793 Responsio.
907 722 1077 788 Quod
1108 721 1367 777 debebat
1401 722 1598 777 dicere
1638 722 1815 778 Maria
1849 720 2105 785 Martbaa,

2290 717 2693 787 Ἀπόκρισις.
2722 713 2788 768 Ὀ
2824 716 3027 788 ὤφειλεν
3058 715 3213 769 εἰπεῖν
3244 718 3274 774 ἡ
3303 719 3485 789 Μαρία
3515 720 3576 786 τῇ
3605 715 3826 785 Μάρθα,

452 813 511 868 id
546 813 834 867 Dominus
862 826 1315 883 praeoccupans,
1348 811 1542 867 eidem
1584 811 1753 878 dixit,
1793 811 1956 882 quod
1990 808 2045 864 ill

2236 806 2245 856 ἰ
2301 807 2491 879 Κύριος
2545 804 2815 878 προλαϐὼν
2869 804 3002 858 εἶπεν
3052 804 3205 877 αὐτῇ,
3271 806 3351 857 ὅτι
3402 806 3573 856 πάντα
3630 802 3829 874 ἀφῆκεν

452 902 735 958 omnibus
762 900 998 965 relictis,
1035 900 1265 955 sederet
1296 900 1371 954 ad
1396 900 1578 970 pedes
1607 900 1861 965 Domini,
1894 914 1964 954 ac
1995 901 2045 954 [)‹

2235 895 2408 960 ἐκείνη,
2450 899 2539 946 καὶ
2586 897 2730 968 παρὰ
2776 898 2896 957 τοὺς
2942 891 3107 954 πόδας
3156 896 3377 952 ίκάθητο
3435 899 3526 945 τοῦ
3605 896 3828 966 Κυρίου,

454 990 827 1047 benedicere!
870 992 992 1043 tota
1040 988 1154 1043 die.
1180 987 1354 1043 Vides
1389 988 1691 1044 assidendi
1726 988 2047 1044 beneﬁciur

2237 988 2308 1036 ιαὶ
2353 986 2439 1035 τόν
2468 986 2595 1037 Θεὸν
2627 982 2822 1054 εὐλόγει
2875 982 2994 1040 ὅλην
3034 988 3125 1041 τὴν
3173 984 3391 1055 ἡμέραν.
3448 980 3602 1055 Ὀρᾷς
3634 999 3830 1053 προσε-

455 1066 565 1153 pro
599 1078 911 1133 dilectione
948 1076 1178 1132 datum.
1216 1078 1282 1132 Ut
1321 1082 1521 1133 autem
1562 1077 1779 1132 clarius
1826 1092 2048 1148 appare

2237 1070 2400 1146 ΐρείαν
2435 1075 2560 1147 ὑπερ
2616 1073 2845 1144 ἀγάπης.
2895 1072 3007 1127 Ἵνα
3046 1070 3104 1126 δε
3140 1078 3454 1148 σαφέστερον
3493 1074 3519 1125 6
3548 1072 3707 1142 λόγος
3733 1078 3830 1123 τοῦ

454 1168 707 1225 verbum
755 1166 872 1231 Dei,
922 1165 1081 1221 audi.
1128 1166 1183 1221 Si
1226 1167 1360 1238 quis
1414 1166 1603 1237 diligit
1649 1169 1869 1229 Jesum.
1940 1165 2047 1237 eiq:

2243 1168 2358 1214 3:66
2390 1164 2651 1233 φωτισθῇ,
2685 1164 2931 1214 ἄκουσον.
2970 1164 3031 1214 Εἴ
3058 1181 3137 1224 τις
3160 1160 3343 1232 ἀγαπᾷ
3362 1164 3447 1213 τὸν
3479 1159 3710 1225 Ἰησοῦν,
3739 1164 3836 1211 καὶ

455 1255 705 1313 attendit
730 1254 968 1310 assidue
999 1270 1156 1317 vero,
1196 1260 1387 1309 etnon
1418 1255 1671 1310 remisse
1703 1254 1970 1318 attendit,
2011 1272 2048 1307 se

2246 1255 2478 1325 τροσέχει
2503 1250 2643 1321 αὐτῷ
2671 1250 2835 1322 ὀρθῶς
2890 1255 2979 1303 καὶ
3011 1250 3115 1322 οὐχ
3167 1250 3343 1312 ἁπλῶς
3380 1253 3657 1321 προσέχει,
3701 1248 3839 1300 ἀλλὰ

456 1348 796 1417 perseverat
824 1358 1065 1413 quoque
1099 1342 1156 1396 in
1198 1341 1510 1398 dilectione
1538 1343 1665 1413 jam
1711 1345 1863 1398 Deus
1897 1342 2049 1413 cogit

2246 1344 2314 1392 ιαὶ
2342 1344 2623 1414 παραμένει
2673 1339 2723 1392 ὶν
2773 1348 2833 1412 τῇ
2889 1339 3091 1415 ἀγάπῃ,
3142 1336 3250 1399 ἤδη
3296 1343 3385 1391 καὶ
3424 1341 3449 1392 ό
3481 1342 3600 1399 Θεὸς
3630 1338 3839 1409 λογίζε-

456 1448 566 1504 pro
597 1431 910 1486 dilectione
952 1430 1049 1485 illa
1067 1430 1213 1485 dare
1239 1430 1560 1502 aliquidilli
1580 1432 2049 1502 animae,quamv

2241 1449 2315 1481 ται
2368 1427 2474 1480 ἀντὶ
2534 1438 2628 1490 τῆς
2688 1427 2891 1500 ἀγάπης
2952 1428 3149 1491 έκείνης
3206 1426 3391 1481 δοῦναί
3448 1447 3498 1479 τι
3551 1426 3712 1501 ἐκείνῃ

459 1521 643 1576 homo
661 1520 907 1582 nesciat,
933 1518 1077 1589 quid
1098 1525 1452 1589 accepturus
1479 1520 1575 1582 sit,
1596 1526 1699 1574 aut
1722 1520 1962 1591 qualem
1984 1535 2052 1591 po

2247 1519 2406 1590 ψυχῇ,
2449 1518 2607 1570 εἶκαὶ
2661 1519 2686 1569 ὁ
2736 1520 3001 1591 ἄνθρωπος
3047 1519 3141 1570 οῦκ
3174 1514 3285 1570 οἶδε
3325 1522 3376 1569 τί
3418 1516 3589 1589 μέλλει
3626 1515 3840 1588 λαμϐά-

453 1612 670 1665 tionem
708 1606 861 1661 Deus
887 1607 1209 1676 largiturus
1246 1608 1319 1662 sit
1344 1609 1583 1663 animae.
1624 1611 1686 1663 Et
1728 1624 1873 1663 sane
1903 1608 2046 1664 Mari

2245 1627 2350 1672 μειν,
2407 1606 2437 1665 ἢ
2484 1614 2629 1659 ποῖον
2676 1612 2825 1681 μέρος
2854 1607 3022 1680 μέλλει
3052 1610 3077 1659 ό
3112 1610 3242 1668 Θεὸς
3296 1602 3508 1659 διδόναι
3541 1614 3601 1678 τῇ
3652 1605 3838 1677 ψυχῇ.

452 1714 587 1771 quas
620 1696 905 1765 diligebat
927 1711 1088 1759 eum,
1124 1702 1178 1750 et
1199 1696 1507 1752 assidebat
1536 1697 1795 1767 pedibus
1822 1697 1972 1767 ejus,
1998 1713 2045 1751 n<

2251 1701 2333 1750 (ai
2371 1704 2433 1769 τῇ
2483 1700 2663 1771 Μαρίᾳ
2718 1699 2819 1770 γὰρ
2871 1696 3126 1770 ἀγαπώση
3190 1697 3366 1761 αὐτὸν,
3406 1700 3494 1748 καὶ
3542 1697 3844 1769 παρακαθε-

454 1784 800 1856 simpliciter
832 1799 894 1839 se
928 1783 1026 1853 adj
1040 1786 1234 1850 unxit;
1257 1784 1362 1840 sed
1378 1784 1654 1840 virtutem
1681 1786 1760 1841 illi
1787 1784 2047 1856 quamda

2253 1789 2417 1858 ῖομένη
2452 1787 2599 1860 παρά
2652 1788 2775 1847 τοὺς
2835 1782 2999 1846 πόδας
3060 1785 3242 1851 αὐτοῦ,
3290 1785 3397 1857 οὐχ
3450 1783 3627 1846 ἁπλῶς
3672 1803 3846 1858 προσ-

456 1874 751 1930 occultam
766 1888 833 1927 ex
860 1888 969 1926 sua
984 1872 1321 1928 substantia
1336 1874 1605 1928 contulit.
1625 1875 1910 1931 Sermone
1927 1873 2049 1929 seni

2252 1876 2401 1940 τέθη,
2463 1873 2590 1926 ἀλλὰ
2640 1870 2861 1947 δύναμίν
2908 1895 3023 1926 τινα
3050 1878 3372 1947 κρυφιμαίαν
3423 1872 3478 1925 έκ
3530 1881 3621 1933 τῆς
3675 1874 3845 1925 αὑτοῦ

456 1962 677 2034 quibus
718 1960 1136 2032 alloquebatur
1172 1961 1325 2016 Deus
1368 1961 1428 2016 in
1471 1963 1669 2033 quiete
1701 1962 1965 2029 Mariam,
1997 1978 2049 2033 ει

2255 1964 2417 2026 ὠσίας
2450 1960 2639 2015 ἔδωκεν
2673 1963 2834 2035 αὐτῇ.
2894 1963 3051 2016 Αὐτοὶ
3088 1965 3190 2036 γάρ
3224 1965 3272 2015 οἱ
3324 1962 3490 2033 λόγοι,
3548 1961 3639 2023 οὓς
3674 1961 3848 2015 ἰλάλει

454 2052 603 2107 ritus
631 2056 799 2106 erant
822 2056 876 2105 et
895 2049 1079 2104 virtus
1096 2050 1399 2121 quaedam.
1423 2051 1605 2123 Hique
1621 2067 1931 2106 sermones
1947 2066 2047 2123 per

2254 2056 2423 2114 ’Θεὸς
2452 2055 2584 2124 μετά
2638 2052 2846 2125 εἰρήνης
2902 2060 2964 2124 τῇ
3032 2057 3227 2125 Μαρίᾳ,
3288 2054 3559 2123 πνεύματα
3592 2047 3730 2108 ἦσαν
3755 2056 3847 2102 καὶ

460 2141 843 2202 trabantcor,
877 2142 933 2193 et
980 2138 1183 2193 anima
1225 2139 1516 2203 animam,
1547 2139 1786 2211 spiritus
1826 2139 2053 2210 spiritui

2253 2138 2461 2213 ΐύναμίς
2484 2161 2559 2201 τις
2593 2160 2605 2172 ³
2658 2146 2747 2192 καὶ
2778 2140 2922 2193 οὗτοι
2960 2143 3008 2193 οἱ
3036 2141 3185 2213 λόγοι
3233 2140 3594 2212 εἰσερχόμενοι
3633 2139 3707 2202 εἰς
3749 2144 3846 2198 τήν

461 2234 517 2285 et
560 2228 746 2283 virtus
794 2226 998 2282 divina
1060 2226 1573 2299 multiplicabatur
1617 2229 1676 2283 in
1725 2228 1904 2283 corde
1957 2228 2054 2298 eju

2251 2227 2481 2305 ιαρδίαν,
2523 2229 2678 2301 ψυχὴ
2723 2229 2792 2290 εἰς
2836 2229 3042 2301 ψυχὴν,
3105 2235 3197 2281 καὶ¹
3244 2236 3448 2301 πνεῦμα
3496 2229 3568 2289 εἰς
3616 2236 3844 2300 πνεῦμα,

458 2318 807 2375 Necessario
840 2317 1000 2371 enim
1036 2318 1217 2371 virtus
1249 2316 1366 2378 illa,
1397 2333 1762 2389 quocunque
1800 2316 2051 2372 diverter

2255 2325 2323 2371 ιαὶ
2384 2316 2609 2391 δύναμις
2662 2321 2804 2377 θεῐκὴ
2867 2318 3155 2392 ἕπληροῦτο
3216 2318 3281 2379 εἰς
3338 2322 3425 2376 τὴν
3474 2313 3697 2393 καρδίαν
3753 2317 3848 2368 αῦ-

460 2404 575 2460 illic
618 2409 983 2476 perseverat,
1028 2404 1187 2458 velut
1226 2406 1550 2475 possessio,
1594 2421 1730 2477 quas
1773 2405 1989 2460 auferri
2028 2421 2053 2460 η

2255 2416 2345 2469 ἧς.
2395 2408 2485 2470 Ἐξ
2539 2407 2769 2479 ἀνάγκης
2817 2410 2919 2482 γὰρ
2953 2410 3119 2466 ἑκείνη
3152 2409 3183 2466 ἠ
3218 2404 3466 2479 δύναμις,
3502 2408 3631 2459 ὅπου
3684 2425 3848 2458 κατα-

469 2495 618 2566 quit.
668 2494 858 2559 Quare
908 2492 1199 2548 Dominus
1240 2493 1349 2548 sibi
1397 2495 1697 2561 conscius,
1738 2494 1883 2567 quid
1935 2495 2062 2549 Mari

2254 2500 2382 2549 tuan
2436 2498 2729 2569 παράμονος
2790 2502 3041 2568 γίγνεται,
3104 2500 3171 2559 ὡς
3242 2503 3423 2568 κτῆμα
3484 2494 3847 2569 ἀναφαίρετον.

465 2581 836 2647 contulisset,
866 2582 947 2637 ait
976 2603 987 2634 :
1015 2581 1211 2637 Maria
1243 2584 1527 2650 optimam
1554 2590 1787 2652 partem
1830 2584 2003 2653 elegit
2044 2586 2058 2617 ³

2255 2588 2333 2640 ua
2378 2592 2529 2638 τοῦτο
2561 2586 2587 2636 6
2618 2588 2800 2659 Κύριος
2831 2581 2980 2647 εἰδὼς
3027 2590 3079 2638 τί
3133 2582 3321 2639 ἔδωκεν
3350 2584 3509 2658 αὐτῇ,
3543 2582 3672 2649 εἶπε,
3724 2591 3848 2637 Μα-

465 2676 593 2729 Non
620 2671 698 2725 ita
729 2670 906 2742 longe
924 2674 1154 2742 postea,
1183 2686 1319 2743 quae
1337 2670 1624 2726 benevole
1666 2676 1867 2741 egerat
1905 2671 2058 2725 Mart]

2257 2680 2343 2727 μία
2373 2678 2484 2731 τὴν
2538 2674 2740 2731 καλὴν
2776 2671 3015 2746 μερίδα
3070 2674 3428 2737 ἐξελέξατο.
3461 2675 3607 2727 Μετὰ
3636 2669 3697 2725 δε
3735 2691 3850 2724 και-

467 2762 623 2817 circa
666 2760 1081 2822 ministerium,
1138 2766 1568 2830 promoverunt
1606 2776 1737 2815 eam
1781 2760 1858 2816 ad
1898 2760 2060 2814 donu

2253 2768 2326 2816 δὸν
2355 2766 2522 2815 ἐκεῖνα
2550 2762 2584 2814 ά
2622 2762 2784 2815 ἐποίει
2836 2765 3118 2836 προθύμως
3171 2768 3285 2836 περὶ
3344 2767 3438 2821 τὴν
3502 2758 3774 2815 διακονίαν
3816 2764 3846 2819 ἡ

474 2850 617 2907 illud
648 2850 870 2919 gratias.
904 2849 1003 2904 Illa
1030 2850 1189 2904 enim
1218 2854 1533 2905 consecuta
1563 2856 1650 2905 est
1684 2850 1955 2905 virtutem
1982 2850 2067 2904 div

2257 2854 2451 2927 ιίάρθα,
2498 2852 2707 2921 ἤνεγκεν
2764 2851 2927 2910 αὐτὴν
2983 2851 3054 2913 εἰς
3110 2854 3169 2903 τὸ
3223 2852 3473 2923 χάρισμα
3530 2849 3713 2904 ἐκεῖνο.
3747 2854 3850 2903 Καὶ

471 2955 613 2995 nam
632 2938 690 2992 in
717 2938 943 2993 anima.

2241 2941 2369 2998 αὐτὴ
2398 2944 2499 3012 γὰρ
2529 2936 2740 3002 ἐδέξατο
2768 2935 2991 3011 δύναμιν
3028 2942 3201 2998 θείκὴν
3230 2946 3291 3011 τῇ
3324 2938 3479 3011 ψυχῇ
3513 2938 3700 2999 αὐτῆς.

546 3044 705 3100 XVII.
740 3047 803 3099 Et
844 3060 986 3100 sane
1030 3043 1175 3116 quid
1217 3046 1456 3110 mirum,
1486 3045 1531 3099 si
1573 3045 1675 3117 qui
1718 3044 2015 3101 accedunt
2054 3043 2131 3100 ad

2312 3045 2411 3101 IZ’.
2470 3050 2571 3099 Καὶ
2618 3049 2668 3099 τί
2718 3048 3042 3119 θαυμαστὸν,
3105 3046 3148 3099 εἰ
3185 3048 3235 3099 οἱ
3300 3050 3721 3121 προσερχόμενοι
3776 3052 3849 3114 τῷ

472 3134 814 3199 Dominum,
849 3135 1021 3205 eique
1048 3134 1438 3204 corporaliter
1464 3135 1939 3204 conjunguntur,
1972 3149 2065 3189 rec

2256 3141 2439 3211 Κυρίῳ,
2508 3140 2595 3187 καὶ
2652 3135 3102 3209 προσκολλώμενοι
3176 3142 3487 3208 σωματικῶς
3565 3131 3849 3205 έλάμϐανον

472 3228 687 3296 perunt
717 3223 1013 3289 virtutem,
1056 3238 1215 3287 cum,
1259 3222 1546 3293 apostolis
1586 3222 1970 3294 loquentibus
2002 3239 2065 3277 ve

2259 3224 2487 3298 ΐύναμιν,
2522 3226 2675 3278 ὁπότε
2733 3227 2781 3277 οἱ
2810 3224 3095 3279 ἀποστόλοι
3143 3224 3350 3277 ἐλάλουν
3388 3224 3561 3295 λόγον,
3596 3228 3686 3275 καὶ
3735 3225 3852 3275 ἰπι-

472 3312 619 3366 bum
654 3310 774 3372 Dei,
802 3309 1077 3363 ceciderit
1117 3325 1294 3380 super
1320 3310 1626 3365 credentes
1661 3310 1910 3380 Spiritus
1939 3311 1967 3365 ?
1994 3312 2065 3366 Co

2259 3334 2361 3368 ττεν
2411 3313 2494 3367 ἐπὶ
2542 3318 2662 3377 τοὺς
2727 3317 3067 3377 πιστεύοντας
3114 3317 3172 3366 τὸ
3222 3320 3431 3385 Πνεῦμα
3475 3316 3533 3365 τό
3585 3312 3735 3383 ἅγιον
3777 3314 3852 3379 ;ό

476 3399 667 3453 nelius
701 3413 771 3451 ex
811 3397 993 3451 verbo
1040 3398 1156 3461 Dei,
1191 3399 1355 3469 quod
1395 3399 1639 3461 audivit,
1674 3400 1903 3470 accepit
1949 3400 2069 3453 virtl

2257 3402 2523 3476 Κορνήλιος
2588 3402 2642 3454 ἐκ
2681 3409 2774 3455 τοῦ
2803 3402 2961 3475 λόγου
3012 3402 3072 3455 οὖ
3103 3404 3325 3463 ἤκουσεν
3380 3400 3553 3454 ἔλαϐεν
3585 3398 3813 3472 δύναμιν
3839 3417 3850 3429 ·

476 3490 633 3541 tem:
662 3490 891 3556 quanto
907 3485 1279 3554 magis,eum
1317 3486 1603 3542 Dominus
1626 3487 1973 3559 loqueretur
1994 3504 2065 3542 cu

2257 3497 2390 3563 τόσῳ
2418 3491 2606 3564 μᾶλλον
2647 3493 2672 3545 ὀ
2722 3494 2911 3567 Κύριος
2952 3494 3035 3545 ὅτε
3074 3491 3238 3544 ἰλάλει
3288 3491 3439 3563 λόγον
3469 3499 3531 3563 τῇ
3576 3494 3777 3562 Μαρίᾳ,
3821 3490 3850 3547 ἦ

477 3573 677 3638 Maria,
698 3578 801 3629 aut
821 3573 1127 3638 Zaccbaeo,
1150 3579 1251 3628 aut
1280 3576 1625 3645 peccatriee,
1642 3592 1777 3647 quas
1809 3576 1928 3649 49
1943 3593 2070 3648 pass

2263 3589 2315 3651 τῷ
2341 3585 2617 3652 Ζακχαίῳ,
2652 3581 2681 3640 ἣ
2716 3589 2779 3654 τῇ
2808 3580 3117 3655 ἁμαρτωλῷ,
3163 3583 3281 3643 ἣτις
3310 3582 3577 3633 λιπάνασα
3614 3581 3709 3641 τὰς
3746 3583 3856 3650 τρί-

476 3662 707 3734 capillis
748 3661 1133 3732 abstergebat
1190 3662 1372 3733 pedes
1422 3664 1675 3728 Domini,
1707 3671 1809 3720 aut
1845 3682 1984 3721 cum
2038 3668 2069 3721 S

2262 3690 2365 3741 ίας,
2428 3669 2704 3742 ἀπέμασσε
2743 3674 2858 3731 τοὺς
2892 3666 3064 3733 ποδας
3111 3677 3200 3722 τοῦ
3252 3675 3447 3744 Κυρίου
3481 3685 3494 3699 ·
3522 3673 3552 3727 ἦ
3587 3676 3649 3740 τῇ
3679 3675 3855 3737 Σαμα-

478 3753 795 3817 maritana,
838 3756 939 3807 aut
983 3750 1233 3817 latrone,
1264 3767 1506 3821 egressa
1544 3758 1637 3808 est
1668 3754 1870 3817 virtus.
1920 3760 1976 3810 et
2010 3771 2071 3825 pe

2265 3756 2433 3823 ιίτιδι,
2466 3762 2495 3818 ἤ
2551 3767 2624 3829 τῷ
2678 3758 2873 3832 λῃστῇ,
2926 3758 3156 3831 ἐγίγνετο
3223 3756 3468 3831 δύναμις,
3518 3764 3608 3810 καὶ
3654 3775 3858 3809 συνεκε-

476 3840 689 3897 mistus
718 3846 809 3896 est
847 3856 987 3896 cum
1017 3842 1397 3896 eorumanim
1423 3842 1729 3913 aSpiritus
1759 3849 2006 3899 sanctus
2039 3845 2069 3878 "

2264 3850 2417 3907 νάσθη
2458 3855 2574 3909 ταῖς
2612 3846 2819 3920 ψυχαῖς
2859 3847 3026 3900 αὐτῶν
3076 3851 3135 3900 τὸ
3171 3855 3380 3920 Πνεῦμα
3417 3850 3474 3899 τὸ
3526 3846 3697 3918 ἅγιον.
3754 3850 3857 3898 Καὶ

480 3932 647 3986 Nunc
677 3945 921 4001 quoque
955 3931 1058 4001 qui
1102 3931 1283 3985 Deum
1326 3946 1530 3986 amore
1562 3937 2023 4003 prosequuntur.
2058 3948 2073 3987 ε

2264 3945 2331 3989 νῦν
2384 3939 2433 3989 oi
2498 3936 2796 4008 ἀγαπῶντες
2846 3941 2933 3989 τὸν
2994 3940 3144 4003 Θεὸν,
3226 3941 3317 3989 καὶ
3379 3936 3857 4008 καταλιμπάνοντες

479 4019 693 4076 relictis
733 4019 1041 4083 omnibus,
1058 4018 1117 4073 in
1149 4021 1417 4075 oratione
1432 4026 1829 4091 perseverant,
1846 4020 2072 4077 docent

2263 4028 2434 4091 τάντα,
2498 4030 2587 4077 καὶ
2632 4033 2691 4098 τῇ
2735 4026 2868 4098 εὐχῇ
2932 4032 3457 4099 προσκαρτεροῦντες,
3500 4021 3856 4077 διδάσκονται

481 4113 728 4173 secreto,
787 4124 922 4179 quas
969 4122 1090 4163 non
1144 4115 1454 4165 noverant.
1512 4112 1650 4181 Ipsa
1697 4110 1857 4166 enim
1924 4112 2074 4166 verit.

2265 4119 2295 4166 iv
2324 4122 2557 4188 κρυπτῷ,
2598 4113 2633 4166 ἃ
2660 4114 2755 4166 οὐκ
2785 4111 2997 4167 οἴδασιν
3037 4130 3050 4143 ⁶
3112 4114 3242 4173 αῦτη
3276 4116 3376 4186 γὰρ
3418 4115 3447 4171 ἡ
3480 4112 3699 4172 ἀλήθεια
3721 4114 3858 4164 κατὰ

482 4196 815 4250 secundum
849 4196 1086 4251 illorum
1117 4199 1495 4266 propositum
1520 4204 1771 4270 apparet
1792 4200 1923 4264 illis,
1957 4206 2013 4255 et
2036 4200 2071 4254 d

2260 4208 2340 4261 τὴν
2388 4208 2691 4276 προαίρεσιν
2740 4203 2905 4256 αὐτῶν
2963 4210 3271 4279 φανεροῦται
3312 4202 3508 4268 αὐτοῖς,
3562 4206 3652 4253 καὶ
3698 4197 3853 4253 διδά-

482 4287 576 4338 cet
619 4297 740 4337 eos.
772 4283 900 4352 Ego
932 4299 1064 4339 sum
1100 4285 1321 4341 veritas
1362 4287 1429 4340 ³⁸.
1460 4287 1525 4341 Et
1571 4288 1684 4357 ipsi
1725 4304 1966 4361 quoque
1998 4304 2075 4361 ap

2263 4311 2361 4345 τκει
2388 4291 2596 4357 αὐτοὺς,
2630 4293 2709 4345 ὃτι
2740 4292 2896 4364 Ἐγώ
2955 4291 3093 4365 εἰμι
3141 4294 3170 4351 ἡ
3224 4290 3524 4350 ἀλήθεια.
3575 4294 3675 4344 Καὶ
3707 4289 3856 4342 αὐτοὶ

483 4369 612 4425 stoli
631 4373 765 4424 ante
781 4371 1126 4440 passionem
1142 4373 1306 4441 apud
1329 4374 1647 4430 Dominum
1667 4382 2076 4447 perseverante

2266 4388 2349 4455 γάρ
2403 4382 2451 4433 οἱ
2495 4379 2775 4434 ἀπόστολοι
2817 4384 2917 4455 πρὸ
2960 4389 3052 4435 τοῦ
3086 4367 3353 4454 σταυροῦ-
3382 4382 3756 4453 παραμένοντες
3784 4386 3859 4449 τῷ

494 4455 775 4544 viderunt
796 4458 1073 4528 prodigia
1106 4474 1347 4529 magna,
1368 4460 1717 4534 scilicetquo
1730 4471 1903 4536 pacto
1924 4465 2087 4538 lepro

2269 4475 2448 4543 Κυρίῳ,
2472 4469 2676 4524 ἔϐλεπον
2705 4478 2899 4543 σημεῖα
2935 4470 3150 4544 μεγάλα,
3192 4472 3329 4530 ὅπως
3356 4488 3411 4522 τε
3449 4470 3624 4543 λεπροὶ
3670 4467 3862 4520 ἐκαθα-

486 4543 921 4601 mundarentur
965 4551 1019 4601 et
1082 4549 1297 4604 mortui
1360 4552 1857 4608 resuscitarentur
1908 4555 1976 4608 ⁸⁷.
2028 4559 2079 4611 Νι

2270 4563 2479 4625 δίζοντο,
2527 4564 2619 4612 καὶ
2666 4564 2834 4633 νεκροὶ
2884 4561 3173 4635 ἠγείροντο.
3219 4564 3319 4612 Καὶ
3378 4558 3473 4611 οὐκ
3500 4554 3722 4631 ᾔδεισαν
3753 4564 3863 4618 πῶς

485 4639 686 4690 tamen
709 4644 1119 4705 cognoverunt
1136 4652 1257 4709 quo
1269 4639 1448 4694 modo
1468 4650 1932 4699 conversaretur
1958 4644 2071 4699 virt

2268 4648 2630 4722 ἱιναστρέφεται
2691 4651 2803 4703 θεία
2843 4646 3069 4721 δύναμις
3113 4654 3202 4701 καὶ
3256 4645 3489 4702 διακονεί
3536 4650 3584 4699 έν
3642 4642 3861 4719 καρδία,

484 4722 711 4791 divina,
762 4729 865 4781 aut
907 4724 1273 4782 ministraret
1313 4727 1371 4782 in
1414 4728 1638 4794 corde;
1679 4735 1733 4785 et
1771 4732 1933 4802 quod
1977 4734 2077 4804 spii

2271 4742 2343 4789 ιαὶ
2396 4738 2476 4789 ὅτι
2562 4736 2781 4809 ἤμελλον
2878 4746 3233 4811 πνευματικῶς
3302 4736 3705 4808 ἀναγεννᾶσθαι,
3771 4738 3864 4785 καὶ

485 4812 717 4869 tualiter
756 4813 1393 4886 renasciettemperari
1416 4833 1553 4872 cum
1578 4819 1783 4874 anima
1802 4819 2078 4876 cmlestte

2270 4828 2645 4899 τυγκιρνᾶσθαι
2710 4834 2772 4898 τῇ
2831 4825 3120 4900 ἐπουρανίῳ
3191 4825 3372 4897 ψυχῇ,
3434 4828 3523 4877 καὶ
3588 4824 3863 4895 γίγνεσθαι

486 4906 777 4973 oporteat,
852 4919 921 4959 ac
990 4904 1113 4959 ﬁeri
1186 4920 1409 4961 novam
1488 4912 1846 4963 creaturam.
1911 4912 2079 4981 PrOpt

2270 4920 2408 4973 ιαινὴ
2469 4920 2663 4981 κτίσις,
2716 4911 2810 4968 διὰ
2852 4918 2915 4968 τὰ
2962 4922 3161 4987 σημεῖα
3208 4914 3244 4967 ἃ
3295 4913 3475 4979 ἐποίει,
3532 4913 3748 4983 ἠγάπων
3776 4916 3863 4964 τόν

488 4991 658 5079 signa
704 5006 865 5059 vero,
917 5009 1053 5065 quae
1090 4992 1368 5057 faciebat,
1412 4995 1745 5065 diligebant
1794 4997 2081 5054 Dominun

2271 4989 2469 5078 Ῐίύριον,
2507 5008 2699 5057 Λοιπὸν
2739 5005 2765 5055 ό
2799 5007 2986 5079 Κύριος
3012 5003 3173 5075 ἔλεγεν
3229 5002 3426 5071 αὐτοῖς,
3479 5006 3553 5054 Τί
3625 5002 3864 5072 θαυμά-

486 5078 748 5135 Tandem
770 5082 1056 5136 Dominus
1073 5080 1343 5138 dixiteis:
1372 5084 1519 5151 Quia
1535 5085 1925 5141 admiramini
1952 5087 2079 5157 sign

2272 5094 2405 5155 ζετε
2456 5096 2532 5145 τὰ
2586 5078 2885 5165 σημεῖαρ
2921 5093 3364 5166 κληρονομίαν
3417 5090 3709 5163 μεγάλην
3771 5087 3865 5143 δί-

490 5167 891 5225 haereditatem
926 5185 1206 5240 magnam
1221 5172 1295 5227 do
1314 5173 1494 5239 vobis,
1510 5189 1688 5244 quam
1703 5191 1821 5231 non
1838 5176 2014 5252 habet
2028 5195 2083 5232 ιη

2035 5179 2154 5234 uni-
2265 5178 2435 5255 δωμι
2474 5184 2646 5254 ὑμῖν,
2690 5184 2764 5241 ἦν
2803 5181 2914 5234 οὐκ
2952 5184 3095 5254 ἔχει
3133 5182 3435 5253 ὀκόσμος
3471 5178 3628 5239 ὅλος.

488 5272 691 5314 versus
718 5258 1005 5313 mundus.

558 5362 749 5457 XVIIl.
800 5363 1033 5457 :I‘andiu
1088 5381 1237 5457 vero
1273 5366 1401 5423 haec
1440 5369 1623 5425 verba
1676 5370 1805 5441 illis.
1839 5374 2151 5444 peregrina

2273 5418 2289 5457 ἶ
2337 5374 2440 5431 1Ηῖ
2493 5378 2689 5431 Λοιπὸν
2728 5376 2877 5430 αὐτοὶ
2939 5376 3219 5440 ἐξενίζοντο
3272 5375 3345 5437 εἰς
3380 5378 3496 5436 τοὺς
3532 5372 3726 5445 λογους
3775 5373 3866 5425 αὖ.

491 5449 749 5516 fuerunt,
781 5452 972 5508 donec
1013 5454 1265 5511 surrexit
1294 5471 1330 5512 a
1369 5458 1644 5526 mortuis,
1684 5464 1740 5515 et
1774 5461 1981 5518 extulit
2014 5480 2083 5520 co

2281 5473 2384 5530 τοῦ,
2442 5467 2536 5528 ἕως
2597 5467 2717 5518 ὅτου
2761 5465 2949 5525 ἀνέστη
2996 5464 3069 5532 ix.
3101 5472 3311 5539 νεκρῶν,
3361 5468 3452 5517 καὶ
3512 5461 3755 5538 ἀνήνεγκε
3812 5466 3874 5525 τόν

559 5590 607 5623 ³⁸
635 5589 771 5644 Luc.
806 5607 861 5656 κ,
894 5591 984 5646 42.
1092 5594 1138 5627 ³³
1180 5599 1301 5649 Aet.
1343 5610 1397 5660 ι,
1430 5598 1498 5651 44
1531 5613 1544 5662 ;
1584 5597 1719 5655 Luc.
1746 5616 1801 5667 κ,
1832 5603 1899 5656 42
1929 5617 1944 5666 ;
1979 5601 2099 5658 Luc

512 5660 558 5695 ιε
606 5659 743 5695 lnnn
805 5677 892 5695 nu
934 5661 966 5695 Α
1089 5665 1133 5695 I7
1164 5665 1337 5695 Μηεειι
1392 5682 1447 5695 -η
1503 5671 1529 5695 Β

2271 5608 2343 5670 ,9
2378 5620 2392 5671 ;
2428 5606 2564 5661 Luc.
2607 5620 2702 5673 vn,
2738 5603 2805 5660 48
2837 5622 2853 5679 ;
2882 5606 3059 5662 Joan.
3101 5619 3174 5671 IV,
3218 5603 3284 5659 14
3332 5617 3347 5671 ;
3393 5602 3535 5658 Luc.
3578 5617 3739 5669 mu,
3780 5598 3864 5655 43.

595 5659 769 5715 Jonn.
801 5677 911 5733 xiv,
934 5661 986 5716 6.
1089 5665 1133 5697 ⁸⁷
1163 5665 1362 5720 Matth.
1386 5659 1468 5733 7x1,
1501 5659 1552 5722 5’.
