4076 6210
77 45 285 180 F

184 255 300 317 569

1357 249 1693 312 HOMILUE.
1735 288 1802 299 —
1842 258 2016 319 non.
2059 263 2211 334 xm,
2253 265 2400 323 xxv.

3461 277 3567 338 570

186 395 348 458 σῶμα
385 386 513 458 υπὶρ
562 383 732 456 ἡμῶν,
784 382 1018 458 ὑπεράνω
1065 388 1163 434 τῶν
1215 379 1444 454 οὐρανῶν
1477 397 1490 410 ·
1539 385 1629 434 καὶ
1677 386 1793 435 τότε

1941 403 2023 444 ms
2077 405 2184 461 pro
2235 390 2411 446 nobis
2445 405 2627 462 super
2685 391 2889 449 cmlos.
2924 394 2989 449 Et
3048 399 3187 451 tunc
3236 397 3462 455 introiit
3492 415 3567 456 ac

188 475 399 534 εἰσῆλθε
425 477 516 526 καὶ
566 472 922 545 συνεκεράσθη
981 469 1030 522 ἓν
1085 477 1199 532 ταῖς
1257 468 1461 541 ψυχαῖς
1514 469 1681 522 αὐτῶν
1741 475 1798 524 τὸ

185 570 401 636 Πνεῦμα
451 565 508 614 τό
538 560 895 636 παράκλητον.
956 564 1055 613 Καὶ
1084 558 1214 617 αὑτὴ
1269 560 1298 616 ἠ
1334 557 1552 617 ἀλήθεια
1592 567 1802 635 φανεροῖ

189 652 383 710 ἑαυτὸν
431 651 504 712 εἰς
549 653 640 712 τάς
689 649 874 722 ψυχὰς
923 651 1012 710 τάς
1063 649 1256 710 πιστάς
1286 665 1298 676 ·
1359 666 1450 700 και
1509 649 1724 722 ἔρχεται
1775 651 1801 701 6

190 741 502 817 ἔπουράνιος
547 741 820 813 ἄνθρωπος
871 741 999 811 μετὰ
1055 744 1146 789 τοῦ
1201 735 1472 810 ἀνθρώπου
1536 755 1653 802 σου,
1712 748 1802 795 καὶ

189 835 431 903 γίγνεται
505 828 572 889 εἰς
623 833 750 901 μίαν
807 831 1095 880 κοινωνίαν.
1163 823 1321 878 Ὀσοι
1395 821 1482 878 οὖν
1541 825 1673 878 εἰσιν
1731 826 1803 880 εἰς

195 917 494 985 διακονίαν,
524 922 615 970 καὶ
658 918 937 991 προθύμως
987 916 1160 968 πάντα
1212 921 1424 966 ποιοῦσι
1482 911 1574 966 διὰ
1623 915 1800 981 ζῆλον,

195 1014 288 1061 καὶ
339 1013 536 1074 πίστιν,
566 1011 657 1059 καὶ
697 1004 904 1076 ἀγάπην
955 1011 1110 1070 Θεοῦ,
1155 1003 1284 1056 αὐτό
1331 1002 1490 1055 ίκεῐνο
1520 1007 1650 1075 μετά
1688 1024 1803 1056 και-

195 1102 286 1171 ρόν
338 1115 442 1149 τινε
493 1099 637 1168 φέρει
685 1094 879 1154 αύτούς
932 1092 1005 1154 εἰς
1058 1100 1252 1164 γνῶσιν
1311 1092 1472 1152 αύτῆς
1526 1099 1622 1152 τῆς
1681 1091 1804 1151 ἀλη-

200 1188 362 1248 θείας.
412 1183 471 1237 Ὀ
523 1185 624 1259 γὰρ
684 1186 872 1256 Κύριος
918 1189 1228 1253 φανεροῦται
1283 1187 1399 1242 ταῖς
1453 1178 1658 1252 ψυχαῖς
1713 1183 1805 1234 αὐ-

198 1284 324 1340 τῶν,
353 1279 445 1326 καὶ
475 1269 729 1326 διδάσκει
782 1271 976 1333 αὐτοὺς
1004 1274 1098 1328 τὴν
1139 1269 1469 1343 ἀναστροφὴν
1500 1278 1592 1322 τοῦ
1649 1271 1804 1342 ἁγίου

199 1366 518 1436 Πνεύματος.
567 1361 699 1425 Δόξα
727 1366 816 1414 καὶ
863 1363 1226 1435 προσκύνησις
1273 1366 1344 1430 τῷ
1376 1364 1565 1434 Πατρὶ,
1615 1365 1704 1413 καὶ
1733 1368 1805 1431 τῷ

192 1455 324 1525 Υίῷ,
400 1457 491 1505 καὶ
564 1458 637 1524 τῷ
703 1450 834 1522 ἁγίῳ
908 1451 1192 1521 Πνεύματι,

196 1542 393 1615 Ἀμήν.

1270 1447 1344 1508 εἰς
1403 1451 1522 1510 τοὺς
1597 1449 1804 1510 αἰῶνας.

797 1632 1045 1681 OMIAIA
1088 1623 1191 1682 ll".

452 1715 556 1772 ⁸ον
580 1719 828 1791 καρπὸν
859 1715 1122 1768 ἀπαιτεῖ
1148 1716 1173 1766 ό
1204 1717 1356 1776 Θεὸς
1394 1717 1568 1790 παρὰ

700 1797 816 1841 τῶν
847 1794 1249 1860 Χριστιανῶν
1279 1803 1294 1852 ;

276 1881 460 1932 Πάντα
512 1881 576 1930 τὰ
631 1895 910 1949 φαινόμενα
963 1879 1162 1928 ἔκτισεν
1220 1877 1246 1928 6
1301 1879 1448 1944 Θεὸς,
1503 1880 1592 1928 καὶ
1649 1871 1811 1928 ἔδωκε

208 1976 326 2029 τοῖς
372 1967 667 2041 ἀνθρώποις
706 1966 777 2028 εἰς
807 1964 1103 2018 ἀνάπαυσιν
1145 1970 1235 2017 και
1267 1969 1486 2037 τρυφὴν,
1519 1970 1608 2016 καὶ
1659 1968 1811 2036 νόμον

201 2053 555 2117 δικαιοσύνης
603 2052 793 2109 ἔδωκεν
825 2053 1018 2114 αὐτοῖς.
1050 2057 1177 2106 Ἀπὸ
1222 2049 1281 2105 δι
1311 2061 1402 2112 τῆς
1454 2060 1546 2104 τοῦ
1579 2059 1812 2126 Χριστοῦ

201 2151 532 2222 παρουσίας,
585 2144 736 2198 ἄλλον
787 2147 986 2218 καρπὸν
1031 2143 1182 2204 ζητεῖ
1229 2144 1255 2194 6
1304 2146 1444 2207 Θεὸς,
1505 2147 1596 2193 καὶ
1655 2141 1812 2201 ἄλλην

202 2233 578 2304 δικαιοσύνην,
610 2240 705 2294 τήν
734 2235 1073 2305 καθαρότητα
1101 2239 1196 2294 τῆς
1225 2227 1474 2303 καρδίας,
1509 2227 1814 2289 συνείδησιν

202 2324 426 2397 ἀγαθήν,
503 2323 693 2394 λόγους
742 2325 1034 2396 χρηστούς,
1111 2321 1426 2393 ἐνθυμήσεις
1486 2322 1676 2392 σεμνὰς
1726 2324 1816 2372 καὶ

201 2414 430 2487 ἀγαθὰς,
457 2419 545 2466 καὶ
575 2416 746 2466 πάντα
793 2415 858 2465 τά
883 2420 982 2464 τῶν
1035 2411 1198 2483 ἀγίων
1229 2412 1628 2484 κατορθώματα.
1665 2414 1819 2485 Λέγε,⁵

201 2508 307 2578 τὰρ
357 2505 386 2556 ὀ
441 2506 650 2574 Κύριος,
699 2501 834 2555 Ἐὰν
873 2505 954 2573 μὴ
996 2503 1401 2573 περισσεύσῃ
1445 2500 1614 2572 ὑμῶν
1652 2501 1681 2558 ἡ
1727 2496 1820 2552 δι..

203 2595 531 2649 καιοσύνη
573 2589 790 2644 πλεῖον
849 2597 965 2642 τῶν
1003 2591 1432 2663 γραμματίων
1494 2593 1601 2640 καί
1637 2594 1817 2662 Φαρι-

206 2688 433 2746 σαίων,
475 2680 544 2733 οὐ
611 2677 894 2732 δύνασθε
956 2676 1272 2731 εἰσελθεῖν
1335 2675 1426 2739 είς
1463 2681 1574 2735 τὴν
1635 2675 1818 2749 βασι-

201 2772 382 2825 λείαν
421 2780 538 2823 τῶν
579 2769 879 2844 οὐρανῶν.
940 2766 1029 2820 Ἐν
1086 2775 1164 2838 τῷ
1203 2771 1366 2839 νόμῳ
1431 2770 1814 2842 γέγραπται,

206 2867 305 2920 llr)
349 2861 738 2932 πορνεύσῃς·
804 2856 922 2930 ίγῶ
962 2854 1032 2910 δὲ
1090 2855 1250 2928 λέγω
1285 2856 1454 2928 ὑμῖν,
1491 2861 1650 2928 μήτε
1689 2857 1818 2909 ἐπι-

210 2954 381 3023 θυμή
400 2969 474 3023 σῃ
498 2969 538 3013 ς,
580 2951 742 3020 μήτε
779 2946 1116 3020 ὀργισθῇς.
1137 2949 1251 3018 Χρὴ
1275 2948 1376 3019 γὰρ
1399 2949 1484 2997 τόν
1505 2943 1816 3019 βουλόμενον

207 3041 354 3114 φίλον
386 3035 518 3092 εἶναι
548 3044 704 3102 Θεοῦ,
736 3035 1007 3110 φυλάττειν
1056 3035 1238 3088 ἑαυτόν
1270 3033 1370 3087 ἀπό
1413 3043 1504 3087 τοῦ
1533 3035 1702 3109 ῥύπου
1727 3043 1818 3096 τῆς

1909 479 2265 534 commistus
2291 483 2380 534 est
2409 495 2616 536 eorum
2650 481 2872 538 animis
2910 483 3167 554 Spiritus
3200 487 3565 557 paracletus.

1914 567 2046 636 Ipsa
2084 582 2328 638 quoque
2368 569 2584 625 veritas
2633 571 2975 628 manifestat
3004 589 3065 628 se
3121 574 3317 646 ipsam
3355 576 3574 632 animis

1913 653 2230 710 fidelibus:
2265 672 2334 711 ac
2379 658 2758 728 congreditur
2788 660 3044 716 caelestis
3075 662 3258 719 homo
3301 680 3439 720 cum
3469 665 3576 721 ho-

1915 743 2074 799 mine
2132 751 2251 811 tuo,
2300 751 2356 801 et
2396 747 2458 800 tit
2504 763 2621 802 una
2669 749 2941 804 societas.
2991 751 3342 824 Quicunque
3399 755 3576 824 igitur

1916 832 2240 889 ministerio
2291 835 2456 890 vario
2501 843 2738 901 vacant,
2768 843 2824 891 et
2870 838 3142 895 alacriter
3193 843 3398 898 omnia
3439 859 3576 915 per-

1914 928 2120 989 agunt,
2157 922 2306 986 zelo,
2341 923 2478 989 ﬁde,
2520 923 2835 980 dilectione
2866 926 2966 980 Dei
3009 927 3270 999 impulsi,
3306 931 3451 986 illud
3483 932 3572 1003 ip-

1915 1026 2051 1064 sum
2084 1011 2392 1083 aliquanto
2425 1018 2559 1084 post
2586 1013 2750 1068 ducit
2773 1015 2952 1069 eosin
2969 1018 3575 1092 cognitionemipsius

1917 1098 2197 1154 veritatis.
2235 1103 2524 1156 Dominus
2556 1101 2720 1157 enim
2762 1109 3013 1174 apparet
3053 1106 3273 1160 animis
3310 1107 3569 1174 illorum,

1915 1193 1969 1242 et
2006 1187 2180 1244 docet
2211 1205 2313 1244 eos
2348 1192 2868 1247 conversationem
2902 1192 3153 1264 Spiritus
3193 1197 3402 1250 sancti.
3436 1195 3575 1252 Glo-

1915 1276 2002 1331 ria
2024 1281 2080 1330 et
2110 1277 2383 1362 adoratio
2413 1279 2586 1346 Patri,
2617 1284 2674 1334 et
2704 1279 2869 1345 Filio,
2894 1285 2949 1335 et
2983 1281 3221 1353 Spiritui
3257 1289 3488 1348 sancto,
3513 1285 3574 1341 in

1917 1363 2156 1420 saecula.
2185 1370 2397 1421 Amen.

2519 1631 2811 1688 HOMILIA
2852 1632 2992 1688 XIII.

1845 1747 1885 1800 Β
1991 1719 2165 1784 Quem
2201 1719 2474 1791 fructum
2506 1737 2541 1776 α
2575 1720 2932 1777 Christianis
2959 1723 3113 1778 Deus
3145 1725 3416 1794 requirat
3445 1728 3470 1778 .'

1991 1881 2224 1949 Omnia,
2283 1897 2416 1952 quae
2467 1881 2766 1946 videntur,
2810 1884 3028 1937 creavit
3089 1886 3260 1948 Deus,
3304 1889 3360 1938 et
3413 1884 3579 1942 dedit

1922 1969 2268 2024 hominibus
2306 1970 2366 2025 in
2408 1971 2831 2026 recreationem
2878 1977 2932 2026 et
2961 1971 3226 2037 delicias,
3271 1987 3340 2028 ac
3384 1972 3577 2042 legem

1922 2057 2034 2112 illis
2061 2057 2224 2113 dedit
2252 2059 2515 2128 justitias.
2553 2061 2631 2114 Ex
2671 2074 2792 2130 quo
2842 2075 2981 2114 vero
3012 2060 3276 2116 Christus
3316 2061 3576 2128 advenit,

1923 2145 2109 2201 alium
2141 2146 2398 2201 fructum
2419 2147 2662 2218 requirit
2690 2151 2864 2212 Deus,
2881 2153 3060 2219 atque
3073 2148 3579 2220 aliamjustitiam,

1923 2235 2244 2306 puritatem
2271 2249 2487 2306 nempe
2502 2235 3168 2302 cordis,conscientiam
3197 2237 3584 2304 bonam,ser-

1927 2339 2138 2380 mones
2170 2324 2358 2388 utiles,
2408 2323 2801 2394 cogitationes
2827 2335 3029 2381 castas
3068 2331 3123 2382 et
3161 2325 3378 2395 bonas,
3400 2333 3581 2400 atque

1925 2413 2132 2468 omnia
2182 2419 2522 2468 sanctorum
2570 2410 2788 2468 ofﬁcia.
2825 2413 2970 2468 Dicit
3028 2415 3184 2470 enim
3229 2415 3518 2472 Dominus
3562 2434 3579 2476 :

1926 2501 2058 2558 Nisi
2079 2501 2474 2558 abundaverit
2494 2508 2690 2558 vestra
2709 2503 2968 2571 iustitia,
2979 2504 3121 2572 ptus
3141 2519 3321 2574 quam
3347 2505 3584 2562 Scriba-

1926 2606 2060 2646 rum
2072 2595 2124 2647 et
2139 2591 2602 2662 Pharisworum,
2617 2607 2735 2647 non
2745 2592 2986 2661 potestis
3001 2594 3235 2662 ingredi
3249 2594 3311 2649 in
3334 2610 3581 2664 regnum

1927 2681 2224 2736 caelorum.
2241 2681 2311 2736 In
2329 2682 2454 2751 tege
2475 2681 2764 2750 scriptum
2785 2688 2867 2737 est
2885 2681 3053 2736 :Non
3068 2682 3586 2740 committesadul-

1927 2773 2138 2826 terium
2152 2787 2172 2825 .·
2185 2777 2249 2827 at
2261 2787 2366 2841 ego
2377 2771 2504 2826 dico
2518 2771 2828 2837 vobis,Non
2843 2771 3231 2840 concupiscas
3243 2776 3348 2828 aut
3359 2773 3586 2830 irasca-

1926 2860 2011 2914 ris
2064 2859 2132 2912 ⁸⁸.
2166 2861 2401 2930 Oportet
2450 2860 2613 2915 enim
2665 2876 2803 2915 eum
2857 2860 2964 2931 qui
3018 2867 3260 2930 exoptat
3316 2863 3582 2917 amicum

1926 2947 2025 3003 Dei
2051 2964 2200 3014 esse,
2229 2963 2584 3003 conservare
2615 2964 2678 3003 se
2715 2965 2752 3003 a
2809 2964 2982 3003 coeno
3046 2949 3292 3019 peccati,
3321 2956 3376 3004 et
3427 2950 3582 3019 ignis

1926 3038 2148 3102 aeterni,
2181 3035 2284 3108 qui
2309 3037 2369 3091 in
2403 3035 2578 3092 nobis
2613 3040 2784 3108 viget.
2821 3039 2938 3092 Hoc
2978 3037 3196 3108 dignos
3224 3051 3409 3106 regno
3435 3053 3583 3094 con-

212 3129 497 3202 ἀμαρτίας,
527 3132 618 3178 καὶ
647 3134 738 3178 τοῦ
764 3129 927 3199 πυρός
953 3132 1044 3178 τοῦ
1070 3124 1281 3176 αἰωνίου
1306 3131 1398 3176 τοῦ
1423 3127 1566 3186 ὄντος
1595 3125 1644 3175 ἐν
1670 3125 1814 3196 ἡμῖν.

1941 3126 2131 3182 stituit.
2149 3105 2350 3180 Gloria
2365 3105 2787 3181 misericordias
2801 3127 2955 3194 ejus,
2971 3130 3028 3182 et
3045 3105 3361 3198 propensae
3377 3126 3585 3181 volun-

207 3225 379 3272 Τοῦτο
409 3215 592 3280 ἀξίους
618 3223 710 3276 τῆς
743 3212 1016 3289 βασιλείας
1039 3215 1361 3271 καθίστησιν
1396 3215 1554 3286 ἡμᾶς,
1595 3213 1729 3276 Δόξα
1752 3221 1815 3286 τῇ

209 3307 582 3378 εὐσπλαγχνίᾳ
609 3304 796 3370 αὐτοῦ,
822 3308 914 3355 καὶ
939 3306 1182 3376 γενομένῃ
1229 3299 1444 3376 εὐδοκία
1473 3310 1565 3356 τοῦ
1595 3305 1816 3378 Πατρός,

208 3402 302 3450 καὶ
327 3396 478 3462 Υίοῦ,
504 3399 595 3447 καὶ
623 3393 775 3466 ἀγίου
809 3394 1124 3464 Πνεύματος.
1153 3389 1336 3464 Ἀμήν.

825 3485 1072 3536 ΟΜΙΔΙΑ
1112 3479 1212 3534 1Δ’.

213 3575 484 3644 Οἰᾼτούς
519 3571 877 3644 λογισμοὺς
915 3575 1022 3644 καί
1060 3573 1165 3644 τόν
1205 3577 1348 3621 νοῦν
1383 3576 1465 3640 τῷ
1510 3577 1652 3644 Θεῳγ
1684 3569 1822 3622 ἔπι-

291 3638 618 3708 διδόντεςξ
646 3638 812 3695 τοῦτ’
848 3641 930 3694 ἐπ’
973 3638 1210 3712 ἐλπίδι,
1250 3649 1358 3694 τοῦ
1409 3638 1822 3712 φωτισθῆναι

296 3721 441 3778 τοὺς
472 3713 842 3789 ὀφθαλμούς
887 3721 1000 3789 τῆς
1051 3709 1332 3789 καρδίας
1387 3709 1674 3789 ποιοῦσι,
1714 3718 1822 3766 καὶ

292 3785 889 3848 ὀθεόξτοιόύτους
937 3785 994 3838 ἄν
1040 3785 1348 3858 ἁγιότητι
1394 3790 1501 3837 καὶ
1554 3787 1818 3858 καθαρλόο

292 3875 740 3931 τητιμεγιστῃ
767 3853 1147 3931 μυστηρίων
1181 3855 1374 3921 ἀξιοῖ,
1427 3861 1534 3931 καὶ
1563 3853 1826 3929 μεταδί-

293 3927 498 3985 δωσιν
552 3927 779 4001 αὐτοῖς
825 3927 889 3980 ἐκ
942 3927 1054 3990 τῆς
1110 3931 1388 4001 χάριτος
1443 3927 1656 4001 αὐτοῦ.
1708 3932 1824 3982 Καὶ

291 4009 354 4056 τί
402 3998 1379 4074 ἀγαθῶη,ἕπουρανίωνίτυχεῖλν
1437 3998 1824 4074 βουλόμενοι

292 4071 506 4129 ποιεῖν
539 4071 904 4144 ὀφείλωμεν.
949 4075 1188 4126 Λοιπὸν
1228 4075 1285 4124 oi
1333 4071 1686 4144 ἀπόστολοι
1717 4076 1826 4125 καί

293 4149 352 4200 οἱ
409 4141 730 4220 προφῆται
778 4141 1285 4217 ’ἀφομοιοῦνται
1368 4150 1502 4205 τοῖς
1562 4143 1825 4220 ἀκτῖσιν

296 4211 484 4276 ἡλίου
517 4211 630 4268 δίἀ
655 4211 1475 4288 θυρίδὸςέίσερχομίνοις.
1511 4211 1825 4268 Διδάσκει

299 4295 407 4343 καὶ
464 4291 494 4360 ἦ
543 4287 787 4360 ὁμιλία,
818 4291 913 4349 τίς
944 4290 974 4347 ἠ
1009 4295 1086 4359 γῆ
1122 4295 1231 4360 τοῦ
1284 4291 1828 4360 Σατανᾱ,ᾑκαὶτίς

299 4371 416 4415 τῶν
468 4356 768 4432 ἀγπῖίλων,
827 4363 935 4411 καὶ
987 4356 1084 4412 ὅτι
1127 4356 1456 4432 ἀμφότερα
1497 4356 1829 4432 ὰψηλάφη-

299 4453 407 4494 τος
461 4429 570 4485 καί
624 4429 921 4507 ἀόρατος.

305 4523 382 4577 Δ’.
418 4522 599 4574 Πάντα
642 4522 708 4572 τά
735 4519 783 4572 ἐν
827 4528 900 4592 τῷ
927 4523 1109 4592 κόσμῳ
1162 4522 1440 4591 φαινόμενα
1478 4520 1605 4591 ἔργα
1648 4516 1724 4571 ἔπ’
1751 4518 1832 4571 ἕλ-

235 4609 352 4666 πίδι
392 4617 618 4682 ⁶γίνεται,
651 4609 754 4670 αείς
805 4612 863 4661 τό
915 4607 1218 4682 μεταλαϐεῖν
1265 4617 1362 4661 τῶν
1418 4610 1662 4680 καμάτων
1696 4625 1709 4638 ·
1740 4614 1830 4662 καὶ

238 4701 276 4754 si
303 4707 375 4773 μή
408 4719 494 4760 τις
543 4697 592 4751 ἕν
639 4701 782 4772 πάσῃ
835 4697 1158 4770 πληροφορίᾳ
1211 4697 1484 4770 ἀπολαύσῃ
1515 4707 1614 4750 τῶν
1640 4703 1826 4765 πόνων,

236 4786 378 4842 όύὸἐν
424 4786 716 4859 ὠφελεῖται.
766 4790 866 4838 Καὶ
907 4789 1005 4858 γὰρ
1051 4790 1076 4837 ό
1119 4790 1344 4859 γεωργός
1394 4790 1594 4860 σπείρει
1643 4784 1718 4838 ἐπ’
1758 4785 1828 4838 ἐλ-

235 4875 348 4931 πίδι
405 4884 644 4950 καρπῶν,
693 4880 782 4927 καὶ
829 4876 1092 4946 καμάτους
1131 4875 1372 4948 ὑποφίρει
1426 4870 1520 4926 διὰ
1551 4879 1636 4931 τὴν
1668 4894 1829 4947 προσ·

239 4963 415 5020 δοκίαν
447 4983 459 4995 ⁶
492 4962 610 5018 Ἐπ’
647 4959 889 5030 ἑλπίδι,
922 4968 1079 5034 φησιν
1111 4964 1136 5014 ό
1168 4961 1480 5036 ἀροτριῶν
1520 4964 1828 5036 ἀροτριᾷ·

237 5063 317 5109 καὶ
346 5057 374 5107 6
403 5051 744 5124 λαμϐάνων
781 5059 1081 5123 γυναῖκα,
1127 5049 1210 5104 ἄπ’
1247 5047 1466 5103 ἐλπίδι
1505 5059 1612 5104 τοῦ
1651 5055 1829 5123 ἔχειν

237 5145 698 5217 κληρονόμους.
749 5147 846 5194 Καὶ
879 5142 904 5192 6
934 5144 1157 5214 ἔμπορος
1183 5137 1410 5194 δίδωσιν
1441 5141 1617 5193 ἑαυτὸν
1648 5141 1714 5201 εἰς
1743 5142 1832 5193 θά-

238 5232 421 5286 λατταν
445 5238 536 5284 καὶ
567 5233 783 5284 θάνατον
813 5231 1016 5301 ἕτοιμον
1037 5227 1131 5282 διὰ
1161 5234 1218 5283 τὸ
1248 5226 1453 5302 κέρδος.
1485 5230 1636 5282 Οὕτω
1662 5235 1749 5282 καὶ
1781 5233 1829 5282 ἓν

237 5329 292 5394 τῇ
325 5319 576 5396 βασιλείᾳ
619 5327 720 5372 τῶν
765 5319 1015 5392 οὐρανῶν,
1047 5317 1121 5372 ἐπ’
1158 5315 1334 5372 ἑλπίδι
1384 5325 1476 5372 τοῦ
1503 5320 1830 5391 φωτισθῆναι

241 5415 350 5472 τοὺς
380 5409 676 5484 ὀφθαλμοὺς
706 5417 803 5472 τῆς
829 5406 1070 5482 καρδίας,
1113 5405 1313 5463 δίδωσί
1357 5427 1436 5472 τις
1467 5409 1669 5474 ἑαυτὸν,
1709 5407 1828 5462 ἀνα·

242 5508 426 5573 χωρῶν
453 5508 554 5552 τῶν
607 5496 870 5572 βιωτικῶν
925 5501 1270 5574 πραγμάτων,
1320 5503 1410 5553 καὶ
1466 5497 1748 5572 σχολάζων
1779 5499 1828 5551 ἓν

315 5663 359 5697 ⁸⁸
399 5660 596 5721 Iattb.
631 5676 683 5732 v,
713 5662 781 5718 2ο
813 5675 940 5738 seq.

1929 3216 2031 3271 tati
2083 3229 2226 3285 erga
2275 3230 2408 3281 nos,
2445 3216 2651 3280 Patris,
2681 3222 2738 3270 et
2779 3214 2927 3283 Filii,
2957 3219 3014 3270 et
3060 3215 3311 3286 Spiritus
3369 3215 3584 3271 sancti.

1928 3309 2138 3361 Amen.

2513 3483 2797 3541 HOMILIA
2842 3483 2977 3540 XIV.

1933 3573 2046 3641 Qui
2071 3572 2449 3644 cogitationes
2461 3589 2532 3629 ac
2544 3576 2784 3630 mentem
2803 3573 2922 3628 Deo
2955 3573 3229 3641 tradunt,
3246 3571 3355 3628 hoc
3366 3572 3473 3627 sub
3484 3586 3587 3641 spe

2001 3645 2519 3700 ittuminandorum
2534 3647 2842 3700 acutorum
2857 3644 3046 3698 cordis
3053 3645 3333 3713 faciunt.“
3344 3659 3415 3699 ac
3431 3645 3584 3700 Deus

2003 3716 2341 3785 hujusmodi
2353 3717 2416 3770 in
2431 3715 2663 3771 summa
2675 3715 3060 3770 sanctimonia
3077 3731 3144 3769 ac
3156 3715 3424 3784 puritate
3452 3733 3505 3769 m
3515 3729 3588 3784 y-

2001 3787 2186 3843 steriis
2216 3787 2423 3855 dignos
2448 3793 2712 3855 reputat,
2728 3785 3119 3854 acparticipes
3132 3785 3589 3854 facitittosgra-

2003 3858 2100 3913 tim
2123 3859 2545 3928 suae.Quidque
2577 3859 2729 3912 bona
2757 3857 3004 3911 caelestia
3020 3855 3397 3928 consecuturi
3409 3870 3588 3928 agere

2002 3929 2334 3985 debeamus.
2351 3927 2607 3984 Tandem
2621 3928 2874 3996 apostoli
2881 3935 2934 3981 et
2946 3928 3249 3994 propheta
3262 3927 3589 3980 assimztan-

2007 4010 2108 4055 tur
2137 4000 2326 4056 radiis
2350 4000 2670 4062 sotaribus,
2685 4002 3128 4066 per/enestram
3142 3997 3442 4067 ingressis.
3482 3997 3590 4051 Do-

2005 4077 2092 4127 cet
2122 4086 2352 4142 quoque
2377 4071 2644 4133 homitia,
2675 4085 2808 4140 quae
2837 4070 2910 4124 sit
2927 4076 3090 4124 terra
3116 4069 3592 4142 Satanz,et_quae

2006 4139 2378 4213 angelorum,
2407 4151 2458 4199 et
2489 4142 2648 4214 quod
2677 4139 2934 4213 utraque
2967 4155 3073 4197 nec
3094 4139 3457 4196 contrectari
3486 4154 3593 4196 nec

2007 4215 2197 4273 videri
2220 4214 2428 4285 possit.

2015 4517 2128 4590 5o
2161 4517 2202 4572 Ι.
2237 4518 2449 4573 Omnia
2473 4532 2678 4589 opera,
2713 4532 2847 4588 quin
2879 4515 2941 4571 in
2979 4515 3094 4572 hoc
3126 4515 3354 4572 mundo
3391 4516 3594 4572 viden-

1940 4613 2053 4673 tur,
2082 4607 2196 4662 sub
2225 4623 2329 4678 spe
2377 4607 2574 4678 aliqua
2621 4606 2770 4660 ﬁunt
2800 4604 3033 4660 fruendi
3075 4604 3386 4660 laboribus
3445 4606 3593 4662 suis.

1940 4695 2007 4750 Et
2037 4696 2148 4751 nisi
2177 4697 2313 4766 quis
2363 4695 2534 4768 plene
2583 4694 2694 4750 sibi
2750 4696 3106 4766 persuadeat
3153 4709 3215 4748 se
3275 4693 3593 4750 fruiturum

1939 4785 2270 4854 laboribus,
2314 4785 2394 4840 nil
2444 4782 2748 4840 commodi
2803 4782 3069 4854 percipit.
3113 4780 3384 4850 Agricola
3432 4782 3592 4836 enim

1941 4874 2174 4928 semina
2199 4872 2312 4928 sub
2343 4888 2448 4943 spe
2479 4872 2801 4934 fructuum,
2835 4887 2902 4927 ac
2919 4869 3158 4925 labores
3191 4871 3596 4940 sustinetpro-

1942 4969 2070 5035 pter
2088 4962 2614 5034 exspectationem.
2640 4962 2708 5016 In
2739 4976 2861 5029 spe,
2887 4960 3094 5032 inquit,
3125 4959 3228 5030 qui
3251 4959 3588 5022 arat,debet

1940 5066 2120 5108 arare
2142 5069 2161 5105 :
2183 5056 2236 5108 et
2267 5053 2370 5122 qui
2398 5050 2574 5107 duxit
2609 5065 2876 5116 uxorem,
2905 5049 3013 5104 sub
3038 5063 3139 5117 spe
3171 5047 3584 5104 habendorum

1942 5141 2246 5197 haeredum
2277 5142 2344 5192 ³ο.
2370 5143 2650 5196 Mercator
2670 5153 2913 5210 quoque
2944 5137 3258 5193 committit
3284 5152 3344 5191 se
3369 5134 3518 5191 mari
3538 5140 3597 5192 et

1940 5231 2116 5285 morti
2145 5229 2636 5300 promptissimus,
2661 5227 2806 5282 lucri
2825 5227 3036 5297 gratia.
3065 5227 3150 5282 Ita
3166 5241 3409 5298 quoque
3433 5227 3490 5279 in
3514 5239 3598 5279 re-

1940 5333 2061 5390 gno
2099 5317 2404 5384 caelorum,
2445 5317 2559 5373 sub
2587 5333 2692 5388 spe
2716 5315 3252 5372 illuminandorum
3277 5314 3594 5370 oculorum

1941 5406 2157 5474 cordis,
2221 5404 2396 5462 tradit
2453 5406 2668 5478 aliquis
2730 5422 2794 5461 se
2839 5407 3059 5476 ipsum,
3111 5404 3320 5477 procul
3383 5403 3594 5459 absce-

1940 5496 2089 5552 dens
2139 5511 2177 5553 a
2231 5494 2410 5552 rebus
2477 5494 2886 5565 stecularibus,
2965 5493 3224 5551 intentus
3301 5492 3595 5568 precatio-
