4034 6202
490 277 592 332 571

1796 267 1856 322 S.
1898 265 2196 322 MACARII
2234 256 2543 322 IEGYPTII

3749 266 3857 326 572

492 401 673 457 nibus
728 406 785 457 et
836 395 1379 461 obsecrationibus,
1425 397 1778 466 exspectans
1827 392 2136 447 Dominum

2258 392 2443 463 εύχαῖς
2472 396 2561 444 καὶ
2606 389 2843 457 δεήσεσι,
2891 390 3319 466 προσδεχόμενος
3361 398 3446 447 τὸν
3478 398 3687 470 Κύριον,
3731 401 3859 449 πότι

490 490 739 563 quando
773 489 1020 544 veniens
1055 485 1395 541 manifestet
1424 484 1475 538 ei
1506 500 1566 538 se
1603 484 1818 554 ipsum,
1850 487 1905 537 et
1933 497 2143 536 emun-

493 579 593 635 det
619 595 757 634 eum
789 583 1037 649 peccato
1065 576 1116 631 ei
1144 573 1488 629 inhaerente.

566 702 637 758 II.
671 704 785 757 Nec
834 716 1004 771 spem
1038 698 1217 753 habet
1268 696 1326 751 in
1376 694 1685 751 laboribus
1735 694 1877 763 suis,
1902 698 1959 747 et
2010 692 2146 747 vitae

492 791 746 856 ratione,
769 791 959 844 donec
989 793 1395 856 consequatur
1411 801 1545 856 qua;
1578 788 1794 854 sperat,
1829 781 2031 853 quoad
2057 797 2145 836 ve-

492 881 666 935 niens
696 880 986 934 Dominus
1009 876 1233 931 habitet
1258 875 1314 929 in
1331 875 1473 928 eoin
1497 870 1657 926 omni
1678 887 1856 926 sensu
1872 876 2147 941 etopera-

494 968 654 1024 tione
696 966 969 1038 Spiritus.
1012 967 1281 1034 Cumque
1316 960 1645 1031 gustaverit
1684 960 2012 1014 bonitatem
2036 960 2144 1012 Do-

496 1058 662 1122 mini,
705 1063 759 1110 et
813 1054 1101 1109 fructibus
1157 1051 1400 1123 spiritus
1460 1048 1782 1103 delectatus
1832 1046 2025 1110 fuerit,
2076 1062 2145 1101 ac

493 1146 801 1200 sublatum
865 1144 935 1197 sit
999 1140 1267 1195 velamen
1341 1138 1741 1201 tenebrarum,
1818 1135 2144 1205 lumenque

491 1234 701 1289 Christi
726 1232 1123 1302 splendescat,
1149 1236 1203 1282 et
1223 1234 1504 1298 operetur
1524 1227 1579 1280 in
1596 1224 1800 1280 laetitia
1820 1222 2139 1278 ineffabili:

490 1328 631 1377 tunc
647 1322 817 1393 plene
831 1318 1311 1380 conﬁrmabitur,
1330 1317 1563 1371 habens
1590 1329 1792 1368 secum
1822 1314 2143 1367 Dominum

490 1410 551 1465 in
594 1410 777 1465 multa
809 1410 1139 1470 dilectione,
1167 1404 1408 1476 perinde
1448 1419 1517 1458 ac
1553 1402 1632 1457 ibi
1660 1408 1970 1466 mercator,
1996 1401 2139 1456 dum

488 1498 723 1553 lucrum
781 1497 920 1552 facit
980 1497 1209 1550 laetatur
1254 1510 1267 1548 :
1316 1492 1537 1548 multas
1593 1498 1793 1547 tamen
1844 1490 2143 1545 molestias

489 1587 758 1650 sustinet,
793 1592 850 1640 et
902 1582 1519 1639 metuitalatronibus
1569 1588 1625 1636 et
1684 1579 1990 1651 spiritibus
2040 1593 2145 1633 ne-

487 1675 711 1746 quitiae,
741 1689 814 1727 ne
838 1660 1144 1728 remissior
1170 1670 1357 1725 factas
1389 1668 1601 1740 perdat
1637 1682 1908 1738 operam,
1949 1664 2143 1720 donec

2256 480 2412 533 ἐλθὼν
2468 479 2735 552 ἐμφανίσει
2782 482 2919 552 αύτῷ
2976 482 3176 549 ἑαυτὸν,
3224 489 3313 536 καὶ
3366 486 3643 559 καθαρίσει
3698 486 3857 538 αὑτὸν

2256 572 2311 621 ἑκ
2340 578 2431 629 τῆς
2456 568 2759 632 ἕνοικούσης
2793 568 2932 642 αύτῷ
2960 570 3235 646 ἁμαρτίας.

2328 690 2404 745 Β’.
2452 690 2562 742 Ούκ
2593 690 2851 751 ἐπελπίζει
2901 688 2958 744 δε
2988 691 3071 745 έπὶ
3102 701 3208 756 τοῖς
3259 696 3511 765 καμάτοις
3556 696 3733 763 αὑτοῦ,
3764 702 3857 748 καὶ

2255 787 2315 852 τῇ
2367 778 2619 850 πολιτείᾳ,
2665 778 2759 840 ἕως
2806 779 2866 830 οὗ
2916 782 3056 853 τύχῃ
3113 790 3211 833 τῶν
3268 781 3633 854 ἐλπιζομένων,
3665 785 3754 844 ἕως
3794 785 3857 836 οὗ

2255 866 2409 918 έλθὼν
2439 867 2465 917 6
2515 870 2700 939 Κύριός
2750 866 2941 940 οἰκήση
2994 868 3040 920 ἐν
3095 869 3255 940 αύτῷ,
3301 874 3350 921 ἐν
3409 875 3553 943 πάσῃ
3606 872 3859 930 αἰσθήσει

2254 959 2342 1007 καὶ
2395 954 2621 1028 ἐνεργείᾳ
2696 961 3014 1028 Πνεύματος.
3096 964 3194 1009 Καὶ
3264 961 3385 1010 ὅταν
3430 962 3687 1031 γεύσηται
3763 970 3858 1021 τῆς

2253 1050 2619 1120 χρηστότητος
2647 1053 2739 1097 τοῦ
2792 1052 3006 1120 Κυρίου,
3040 1052 3128 1099 καὶ
3177 1055 3280 1108 τοῖς
3312 1056 3534 1122 καρποῖς
3578 1058 3669 1101 τοῦ
3700 1055 3859 1102 πνεύ-

2252 1154 2413 1205 ματος
2464 1135 2781 1206 ἐντρυφήσῃ,
2840 1140 2930 1187 καὶ
2986 1138 3287 1209 περιαιρεθῇ
3347 1141 3405 1188 τό
3462 1138 3711 1210 κάλυμμα
3761 1148 3857 1192 τοῦ

2257 1227 2494 1287 σκότους,
2538 1227 2625 1273 καὶ
2657 1225 2714 1273 τὸ
2747 1231 2851 1295 φῶς
2883 1232 2974 1275 τοῦ
3006 1231 3239 1296 Χριστοῦ
3288 1224 3523 1299 ἐλλάμψῃ
3578 1232 3665 1279 καὶ
3712 1230 3855 1303 ἐνερ-

2252 1316 2389 1383 γήση
2424 1312 2471 1361 έν
2505 1317 2653 1383 χαρᾴ
2693 1310 3035 1385 ἀνεκλαλήτῳ,
3089 1332 3203 1365 τότε
3257 1313 3663 1389 πληροφορεῖται
3715 1320 3856 1389 ἔχων

2253 1398 2362 1473 μεθ’
2425 1400 2607 1451 ἑαυτοῦ
2656 1404 2743 1452 τόν
2803 1404 2992 1472 Κύριον
3050 1400 3097 1452 ὶν
3142 1402 3300 1475 πολλῇ
3360 1413 3556 1479 στοργῇ
3615 1424 3627 1436 ”
3676 1408 3855 1477 ὧσπερ

2253 1490 2410 1543 έκεῖὸ
2442 1492 2658 1564 ἔμπορος
2710 1489 2970 1565 κερδήσας
3014 1497 3219 1565 χαίρει.
3270 1493 3476 1564 Ἀγῶνα
3525 1492 3583 1546 δε
3612 1497 3727 1566 ἔχει
3765 1502 3860 1549 καὶ

2254 1577 2406 1650 φόϐον
2453 1587 2551 1630 τῶν
2584 1577 2683 1630 ἀπὸ
2732 1587 2829 1630 τῶν
2876 1579 3080 1652 λῃστῶν
3130 1586 3218 1632 καὶ
3262 1589 3361 1632 τῶν
3409 1586 3711 1654 πνευμάτων
3765 1592 3860 1644 τῆς

2252 1672 2520 1740 πονηρίας,
2571 1673 2641 1738 μή
2698 1687 2779 1719 πω
2829 1671 3123 1739 χαυνωθεὶς
3177 1668 3399 1743 ἀπολέσῃ
3454 1674 3540 1722 τόν
3590 1678 3857 1743 κάματον,

487 1767 890 1833 consequatur
914 1774 1168 1829 regnum
1203 1757 1510 1822 calorum,
1552 1770 1874 1827 supernam
1913 1753 2136 1809 Jerusa-

2252 1756 2345 1817 ἕως
2374 1756 2434 1807 οὗ
2459 1756 2756 1830 καταξιωθῇ
2790 1756 2837 1809 έν
2883 1765 2944 1829 τῇ
2997 1756 3240 1831 βασιλείᾳ
3287 1767 3386 1811 τῶν
3426 1760 3675 1830 οὐρανῶν,
3710 1760 3759 1812 έν
3792 1769 3857 1833 τῇ

487 1849 626 1906 lem.

560 1974 654 2032 III.
686 1974 1080 2031 Obsecremus
1140 1972 1322 2041 igitur
1371 1985 1483 2026 nos
1530 1984 1773 2041 quoque
1829 1970 2038 2031 Deum,
2081 1970 2144 2022 ut

484 2070 697 2119 exutos
726 2079 836 2119 nos
888 2063 1065 2118 veteri
1119 2060 1384 2123 homine,
1431 2059 1643 2113 induat
1670 2056 1887 2112 caelesti
1921 2055 2143 2111 Christo

486 2168 559 2208 ex
612 2151 725 2207 hoc
781 2158 1069 2222 tempore,
1122 2157 1185 2205 ut
1242 2150 1301 2203 in
1357 2147 1757 2203 exsultatione
1816 2145 2138 2209 constituti,

487 2242 693 2313 sicque
733 2241 811 2296 ab
842 2256 912 2295 eo
941 2240 1102 2295 ducti
1130 2240 1189 2293 in
1221 2252 1462 2292 summa
1489 2230 1909 2307 tranquillitate
1932 2234 2138 2288 simus.

486 2331 680 2401 lnquit
726 2331 887 2385 enim
961 2328 1266 2391 Dominus,
1328 2325 1553 2396 replere
1611 2340 1719 2378 nos
1773 2338 1911 2378 cum
1969 2320 2143 2377 vellet

480 2424 662 2491 gustu
708 2417 874 2490 regni
905 2435 917 2472 :
945 2416 1081 2473 Sine
1111 2431 1200 2471 me
1257 2415 1413 2470 nihil
1451 2415 1687 2482 potestis
1714 2412 1918 2481 facere
1963 2411 2033 2461 ³³.
2078 2412 2141 2465 Et

486 2506 733 2579 quidem
765 2507 1177 2577 apostolorum
1206 2519 1319 2574 ope
1353 2503 1570 2558 multos
1586 2503 1748 2556 novit
1772 2500 2138 2555 illuminare:

486 2604 773 2651 creaturae
803 2599 959 2649 enim
1003 2609 1140 2648 cum
1186 2598 1390 2647 essent
1421 2591 1867 2656 illi,conservos
1924 2588 2142 2643 educa-

485 2686 634 2739 bant
669 2701 681 2737 :
714 2693 771 2738 et
796 2682 1039 2738 fratrem
1084 2698 1151 2737 ac
1182 2682 1371 2736 tilium
1411 2680 1622 2734 Christi
1668 2678 1813 2743 ﬁeri,
1847 2683 2142 2749 praestan-

485 2774 603 2829 tius
625 2772 773 2844 quid
802 2788 990 2845 quam
1020 2772 1213 2827 cmteri
1244 2770 1544 2835 homines,
1577 2768 1809 2823 efﬁcere
1844 2784 1859 2834 ;
1892 2767 2005 2823 hoc
2031 2773 2138 2834 est,

485 2862 687 2934 ipsum
744 2877 845 2916 cor
890 2868 946 2916 et
982 2864 1241 2915 mentem
1300 2857 1782 2921 sanctiﬁcabant,
1823 2856 2027 2912 itidem
2084 2862 2142 2911 et

483 2951 893 3020 cogitationes,
918 2955 977 3004 ut
1036 2948 1115 3004 ad
1172 2951 1357 3003 Deum
1390 2962 1494 3002 eas
1544 2946 1909 3016 dirigerent;
1942 2950 1997 3001 et
2055 2946 2139 2999 sic

484 3040 639 3095 Deus
685 3038 933 3109 largitur
962 3038 1191 3093 occulte
1242 3038 1425 3092 vitam
1452 3041 1507 3091 et
1533 3051 1712 3106 opem
1739 3034 1931 3105 cordi,
1959 3049 2029 3090 ac
2074 3049 2139 3088 se

2252 1846 2356 1897 ἄνω
2384 1844 2681 1916 Ἰερουσαλή
2689 1866 2750 1917 μ.

2325 1968 2396 2022 Γ¹.
2449 1972 2897 2044 Παρακαλέσωμεν
2944 1966 3032 2021 οὖν
3088 1975 3181 2022 καὶ
3238 1973 3388 2043 ἡμεῖς
3432 1976 3517 2023 τὸν
3569 1976 3721 2038 Θεὸν,
3775 1976 3863 2025 ἵνα

2253 2054 2497 2130 ἀποδύσῃ
2546 2060 2573 2115 ἠ
2582 2065 2680 2131 μᾶς
2709 2062 2796 2110 τὸν
2826 2058 3046 2110 παλαιὸν
3085 2061 3374 2135 ἄνθρωπον,
3425 2068 3513 2113 καὶ
3544 2058 3739 2135 ένδύση
3769 2068 3861 2115 τὸν

2252 2144 2555 2219 ἐπουράνιον
2604 2150 2833 2221 Χριστὸν
2865 2148 2966 2199 ἀπὸ
2998 2156 3089 2200 τοῦ
3141 2157 3251 2214 νῦν,
3283 2152 3419 2213 ὅπως
3466 2153 3513 2201 ἐν
3545 2151 3861 2222 ἀγαλλιάσει

2249 2242 2527 2308 γενόμενοι,
2560 2242 2649 2287 καὶ
2688 2237 2848 2297 οὕτως
2892 2238 2979 2289 ὑπ’
3023 2238 3187 2290 αὐτοῦ
3233 2236 3579 2312 ὁδηγούμενοι
3611 2240 3659 2291 έν
3688 2241 3855 2314 πολλῇ

2249 2325 2448 2398 γαλήνη
2482 2324 2724 2397 ἐσόμεθα.
2775 2332 2911 2383 ψησι
2941 2330 3044 2399 γὰρ
3087 2328 3113 2378 6
3146 2331 3357 2400 Κύριος,
3406 2329 3687 2403 πληρῶσαι
3720 2332 3860 2402 ἡμᾶς

2245 2421 2340 2474 σῆς
2368 2418 2595 2485 γεύσεως
2624 2422 2719 2475 τῆς
2766 2412 3038 2487 βασιλείας
3068 2412 3396 2489 βουλόμενος,
3457 2424 3665 2492 Χωρίς
3700 2422 3859 2492 ἐμοῦ

2238 2504 2317 2554 ού
2358 2499 2641 2555 δύνασθε
2676 2510 2887 2556 ποιεῖν
2927 2501 3135 2557 οὐδέν.
3190 2511 3369 2558 Καίτοι
3398 2526 3457 2577 γε
3483 2503 3576 2558 διὰ
3603 2516 3706 2559 τῶν
3728 2507 3859 2561 ἀπο-

2252 2592 2445 2643 στόλων
2466 2592 2682 2653 πολλούς
2702 2590 2789 2645 οἶδ
2793 2612 2814 2645 ε
2837 2594 3077 2665 φωτίζειν
3103 2615 3115 2627 ο
3141 2600 3411 2668 κτίσματα
3424 2599 3525 2668 γὰρ
3550 2601 3705 2662 ὄντες,
3733 2602 3858 2659 τοὺς

2250 2678 2566 2753 ὁμοδούλους
2612 2681 2870 2755 ἕξέτρεφον
2903 2704 2915 2716 ο
2955 2688 3043 2735 καὶ
3090 2680 3308 2756 ἀδελφόν
3335 2689 3423 2736 καὶ
3471 2687 3582 2736 υἱόν
3618 2692 3857 2758 Χριστοῦ

2248 2772 2508 2843 γενέσθαι,
2541 2789 2789 2843 περισσόν
2836 2791 2888 2822 τι
2926 2775 3069 2846 παρὰ
3116 2776 3238 2833 τοὺς
3282 2772 3496 2831 λοιπούς
3548 2772 3858 2847 ἀνθρώπους

2248 2868 2432 2924 ποιεῖν,
2477 2864 2745 2912 τουτέστιν
2794 2860 2956 2919 αὐτὴν
2996 2867 3090 2919 τὴν
3130 2860 3376 2937 καρδίαν,
3428 2863 3584 2914 αὐτόν
3615 2867 3704 2916 τόν
3736 2872 3856 2917 νοῦν

2249 2948 2509 3023 ἀφιεροῡν,
2585 2956 2674 3001 καὶ
2730 2953 2846 3010 τούς
2920 2950 3212 3023 λογισμούς
3268 2951 3523 3005 ἀνασείειν
3580 2958 3713 3027 πρὸς
3767 2959 3855 3006 τόν

2248 3044 2397 3091 Θεόν.
2451 3043 2548 3090 Καὶ
2597 3038 2760 3100 ούτως
2806 3041 2831 3091 ό
2864 3043 2996 3100 Θεὸς
3046 3037 3246 3093 δίδωσι
3288 3050 3527 3113 κρυπτῶς
3576 3043 3719 3102 ζωὴν
3764 3049 3858 3096 καὶ

483 3127 685 3200 ipsum
725 3128 777 3183 ei
816 3127 1152 3184 committit.
1178 3129 1326 3183 Cum
1384 3126 1543 3180 enim
1570 3131 1816 3188 secreta,
1846 3124 1959 3178 hoc
2024 3131 2134 3188 est,

2249 3126 2496 3199 βοήθειαν
2553 3127 2624 3188 εἰς
2697 3134 2793 3186 τὴν
2866 3126 3115 3203 καρδίαν,
3174 3135 3263 3182 καὶ
3314 3130 3492 3182 ἑαυτὸν
3550 3130 3857 3202 ἐμπιστεύει

478 3221 746 3272 mentem
792 3221 847 3272 et
876 3217 1267 3285 cogitationes
1306 3216 1440 3287 quis
1489 3214 1607 3268 Deo
1653 3212 1912 3277 dedicat,
1974 3210 2137 3266 nulla

482 3306 599 3362 alia
622 3321 684 3360 re
714 3312 818 3360 aut
855 3306 1213 3375 cogitatione
1244 3310 1574 3373 occupatus
1606 3318 1675 3357 ac
1694 3301 2136 3366 districtus,sed

480 3412 543 3451 se
572 3398 776 3467 ipsum
804 3397 858 3450 vi
884 3395 1153 3468 quadam
1179 3394 1490 3458 cohibens,
1518 3398 1656 3448 tunc
1696 3392 1983 3447 Dominus
2010 3407 2134 3462 my-

478 3486 795 3540 steriorum
827 3484 1177 3555 participem
1206 3482 1345 3537 facit
1379 3497 1540 3545 eum,
1564 3482 1621 3535 in
1652 3480 2048 3536 sanctimonia
2064 3496 2134 3535 ac

477 3573 736 3647 puritate
787 3573 994 3638 multa,
1056 3578 1116 3627 et
1162 3571 1363 3626 cibum
1424 3570 1725 3626 caelestem
1772 3569 2010 3625 exhibet
2069 3584 2133 3625 se

478 3660 702 3735 ipsum,
735 3677 803 3718 ac
835 3668 1043 3734 potum
1072 3660 1469 3733 spiritualem.

548 3768 641 3825 IV.
665 3769 913 3826 Perinde
951 3784 1022 3825 ac
1050 3769 1207 3841 quis,
1240 3768 1342 3840 qui
1385 3767 1573 3823 multa
1606 3766 1791 3829 bona,
1822 3780 2029 3821 servos
2061 3781 2132 3821 ac

478 3857 630 3915 ﬁlios
655 3858 943 3930 possidet,
984 3858 1167 3915 alium
1208 3858 1413 3913 cibum
1445 3856 1671 3927 praebet
1710 3855 1911 3918 servis,
1946 3855 2130 3910 alium

477 3946 606 4005 ﬁliis
632 3964 704 4004 ex
733 3950 963 4004 semine
992 3964 1102 4004 suo
1128 3947 1452 4020 procreatis
1496 3962 1510 4001 ε
1552 3944 1693 4017 quia
1721 3944 1822 3999 ﬁlii
1849 3949 1985 3999 sunt
2016 3944 2131 3999 bas-

472 4040 648 4094 redes
685 4039 892 4110 patris,
927 4044 985 4093 et
1021 4054 1161 4093 cum
1188 4053 1259 4093 eo
1285 4036 1627 4099 comedunt,
1658 4034 1882 4089 similes
1912 4032 2132 4089 scilicet

475 4127 628 4199 patri
652 4143 761 4182 suo
794 4144 806 4182 :
835 4130 917 4182 sic
946 4126 1221 4182 Christus
1253 4141 1425 4180 verus
1456 4124 1550 4178 ille
1583 4123 1873 4177 Dominus
1923 4122 2133 4178 omnia

476 4215 716 4280 creavit,
767 4222 825 4270 et
872 4217 1055 4270 nutrit
1110 4214 1421 4284 improbos
1483 4228 1553 4268 ac
1608 4213 1877 4281 ingratos
1923 4229 1935 4265 :
1978 4210 2131 4266 ﬁlios

477 4316 618 4358 vero
639 4317 792 4372 quos
818 4303 1023 4371 genuit
1060 4317 1133 4357 ex
1186 4302 1411 4355 semine
1472 4314 1604 4362 suo,
1638 4315 1914 4370 quosque
1954 4302 2129 4370 parti-

477 4392 642 4462 cipes
708 4388 845 4446 fecit
891 4392 1095 4459 gratiae
1152 4404 1298 4453 suae,
1340 4390 1399 4442 in
1448 4387 1673 4459 quibus
1726 4389 2018 4443 formatus
2045 4395 2131 4445 est

477 4477 791 4545 Dominus,
834 4478 1122 4551 peculiari
1172 4477 1512 4541 refectione,
1545 4476 1850 4541 alimento,
1897 4478 2032 4533 cibo
2075 4484 2131 4534 et
2162 4462 2206 4517 ι)

468 4573 644 4641 potu,
688 4574 1155 4639 prasterceeteros
1177 4566 1455 4623 homines
1485 4569 1721 4633 enutrit,
1740 4582 1809 4622 ac
1833 4567 2128 4637 praabetse

474 4658 677 4729 ipsum
719 4658 831 4714 illis
870 4657 1369 4715 conversantibus
1411 4672 1551 4711 eum
1600 4663 1765 4727 patre
1810 4672 1945 4727 suo,
1980 4659 2129 4713 sicut

475 4748 559 4804 ait
620 4747 955 4804 Dominus:
998 4748 1109 4814 Qui
1156 4746 1278 4803 edit
1328 4762 1515 4802 meam
1574 4761 1835 4810 carnem,
1896 4754 1950 4802 et
1985 4746 2124 4802 bibit

474 4852 667 4893 meum
696 4839 1067 4909 sanguinem,
1097 4837 1160 4892 in
1206 4854 1298 4892 me
1350 4841 1568 4901 manet,
1592 4842 1645 4891 et
1677 4850 1781 4905 ego
1833 4834 1895 4889 in
1923 4836 2051 4903 illo,
2075 4843 2127 4892 et

475 4933 716 4984 mortem
742 4944 855 4983 non
883 4925 1091 4983 videbit
1121 4928 1187 4981 δί.
1222 4924 1331 4993 Qui
1374 4926 1535 4980 enim
1567 4924 1881 4996 possident
1919 4939 2124 4981 veram

471 5014 1217 5087 hmreditatem,tanquam
1264 5014 1365 5069 ﬁlii
1400 5019 1540 5067 sunt
1587 5027 1656 5067 ex
1703 5015 1870 5068 Patre
1901 5013 2124 5069 caelesti

472 5106 791 5178 progeniti,
823 5112 879 5159 et
934 5105 993 5159 in
1052 5104 1234 5159 domo
1280 5103 1463 5175 patris
1514 5101 1603 5156 sui
1656 5101 1904 5172 degunt,
1936 5107 1999 5156 ut
2044 5104 2125 5159 ait

473 5195 763 5252 Dominus
792 5210 805 5246 :
833 5196 1051 5251 Servus
1080 5208 1198 5249 non
1229 5194 1427 5249 manet
1462 5193 1524 5245 in
1571 5189 1764 5256 domo,
1793 5191 1957 5259 ﬁlius
1988 5206 2125 5248 vero

474 5290 671 5342 manet
698 5285 761 5340 in
786 5290 1070 5341 antemum
1097 5282 1166 5337 “.

542 5633 589 5677 δ’
620 5636 668 5693 Il
708 5635 835 5693 Cor.
875 5649 957 5703 ix,
992 5635 1075 5691 10.
1170 5632 1212 5671 ⁸⁸
1236 5634 1407 5692 Joan.
1433 5649 1531 5706 xv,
1554 5640 1610 5693 5.

1712 5635 1757 5673 “
1778 5634 1954 5694 Joan.
1984 5639 2176 5707 v1,5£.

2247 3218 2400 3289 αὐτῇ,
2443 3216 2567 3269 Ὀτε
2607 3221 2706 3292 γὰρ
2759 3220 2825 3269 τά
2870 3222 3099 3290 κρυπτὰ,
3141 3224 3382 3273 τουτέστι
3440 3224 3526 3272 τὸν
3582 3228 3701 3272 νοῦν
3761 3226 3853 3272 καὶ

2244 3310 2360 3367 τοὺς
2414 3306 2717 3377 λογισμούς,
2776 3303 2977 3359 δίδωσι
3006 3315 3075 3378 τῷ
3125 3316 3258 3379 Θεῷ,
3309 3314 3381 3381 μὴ
3437 3307 3853 3381 ἀσχολούμενος,

2243 3400 2374 3466 μήτε
2428 3394 2733 3469 ῥεμϐόμενος
2792 3395 3047 3467 ἀλλαχοῦ,
3104 3397 3213 3448 ἀλλ’
3268 3397 3450 3450 ἑαυτὸν
3508 3394 3854 3469 βιαζόμενος,

2244 3485 2418 3536 τότεό
2471 3488 2657 3558 Κύριος
2710 3490 3018 3558 μυστηρίων
3066 3483 3208 3548 ἀξιοῖ
3264 3494 3445 3539 τοῦτον
3499 3486 3547 3537 έν
3606 3486 3857 3557 ἁγιότητι

2242 3578 2331 3625 καὶ
2373 3575 2695 3646 καθαρότητι
2751 3573 2966 3639 πλείονι,
3024 3579 3113 3625 καὶ
3166 3580 3359 3648 τροφὴν
3411 3574 3713 3649 ἐπουράνιον
3765 3574 3859 3629 δί-

2244 3657 2408 3713 δωσιν
2440 3662 2615 3730 αὐτόν,
2645 3667 2737 3713 καὶ
2770 3667 2917 3735 πόμα
2948 3668 3318 3735 πνευματικόν.

2312 3766 2384 3819 Δ⁷.
2441 3766 2641 3840 Ὠσπερ
2687 3768 2771 3821 ἐάν
2822 3766 2850 3828 ἧ
2901 3789 2982 3832 τις
3037 3776 3343 3843 κεκτημένος
3392 3771 3583 3830 πολλὴν
3646 3791 3856 3847 περιου-

2244 3860 2382 3920 σίαν,
2423 3861 2509 3907 xui
2569 3853 2810 3923 δούλους,
2855 3865 2945 3911 καὶ
2999 3864 3169 3925 τέκνα,
3222 3860 3382 3919 ἄλλην
3422 3866 3614 3933 τροφὴν
3646 3858 3857 3915 δίδωσι

2242 3952 2351 4006 τοῖς
2399 3941 2626 4011 δούλοις,
2655 3952 2743 3998 καὶ
2774 3948 2932 4006 mm
2962 3957 3073 4011 τοῖς
3106 3947 3261 4011 ἰδίοις
3309 3953 3503 4012 τέκνοις
3532 3958 3641 4012 τοῖς
3668 3954 3725 4002 ἑκ
3755 3960 3853 4003 τοῦ

2243 4039 2534 4107 σπέρματος
2589 4042 2948 4109 γεγενημένοις
2983 4058 2995 4069 ·
3049 4035 3232 4098 ἐπειδὴ
3288 4042 3352 4091 τὰ
3397 4044 3548 4091 τέκνα
3595 4040 3855 4114 κληρονο-

2241 4132 2403 4195 μοῦσι
2444 4129 2531 4176 τὸν
2575 4130 2791 4199 πατέρα,
2838 4132 2928 4179 καὶ
2981 4128 3089 4198 μετ’
3145 4129 3307 4183 αὑτοῦ
3360 4130 3649 4195 ἐσθίουσιν,
3713 4132 3857 4203 ἀφωο

2239 4218 2503 4287 μοιωμένα
2543 4222 2615 4284 τῷ
2663 4221 2825 4290 πατρὶ
2874 4216 3042 4269 αὐτῶν
3077 4236 3089 4250 ο
3134 4218 3268 4269 οὕτω
3321 4223 3409 4270 καὶ
3460 4220 3485 4269 6
3540 4225 3777 4291 Χριστός
3828 4223 3853 4272 6

2241 4301 2483 4365 ἀληθινός
2526 4309 2813 4371 Δεσπότης,
2870 4308 3040 4358 πάντα
3086 4307 3237 4367 αὐτὸς
3292 4309 3483 4373 ἔκτισε,
3540 4312 3627 4360 καὶ
3677 4315 3854 4381 τρέφει

2239 4396 2357 4453 τοὺς
2408 4396 2665 4467 πονηρούς
2695 4400 2779 4446 καὶ
2840 4393 3172 4468 ἀχαρίστους
3204 4414 3216 4425 ο
3248 4396 3314 4448 τὰ
3361 4393 3420 4449 δε
3450 4401 3620 4460 τέκνα,
3649 4397 3684 4449 ἃ
3716 4398 3856 4469 ἐγέν-

2238 4500 2391 4540 νησεν
2422 4481 2476 4533 ἐκ
2525 4491 2617 4534 τοῦ
2665 4488 2971 4557 σπέρματος
3020 4486 3205 4555 αὐτού,
3232 4492 3322 4538 καὶ
3354 4487 3425 4546 οἷς
3472 4484 3761 4557 μετέδωκεν
3794 4488 3853 4539 ἐκ

2240 4578 2329 4631 τῆς
2372 4576 2593 4643 χαρίτος
2638 4573 2821 4639 αὐτοῦ,
2855 4573 2902 4625 έν
2935 4575 3011 4637 οἷς
3059 4574 3334 4647 έμορφώθη
3378 4577 3402 4626 6
3438 4579 3647 4647 Κύριος,
3700 4573 3850 4628 ἰδίαν

2240 4659 2531 4712 ἀνάπαυσιν
2585 4667 2674 4713 xvi
2710 4667 2925 4734 τροφὴν,
2972 4668 3059 4715 xui
3104 4663 3329 4739 βρῶσιν,
3361 4670 3449 4715 xui
3497 4670 3671 4729 πόσιν,
3706 4671 3853 4739 παρά

2238 4753 2356 4809 τούς
2403 4749 2612 4812 λοιπούς
2660 4748 2960 4823 ἀνθρώπους
3012 4751 3254 4825 έκτρίφει,
3306 4759 3395 4804 καὶ
3449 4750 3675 4805 δίδωσιν
3732 4753 3849 4806 iuu-

2237 4842 2323 4889 τόν
2373 4837 2542 4898 αὐτοῖς
2591 4838 3049 4914 ἀναστρεφομένοις
3098 4846 3227 4913 μετά
3266 4850 3357 4894 τοῦ
3416 4847 3613 4913 πατρός
3651 4843 3846 4911 αύτὼν,

2236 4929 2300 4987 ὦς
2322 4947 2476 4999 φησιν
2503 4930 2528 4979 6
2559 4932 2768 5001 Κύριος,
2796 4936 2853 4981 Ὁ
2880 4936 3134 5005 τρώγων
3166 4950 3282 5003 μου
3314 4937 3427 4989 τὴν
3470 4933 3700 5005 σάρκα,
3738 4939 3846 4985 καὶ

2236 5023 2429 5069 πίνων
2466 5037 2586 5089 μου
2625 5023 2692 5069 τὸ
2733 5018 2912 5090 αἷμα,
2953 5023 3009 5071 ἓν
3050 5018 3186 5091 ἐμοὶ
3224 5024 3415 5091 μένει,
3450 5019 3621 5091 κάγὼ
3653 5025 3713 5073 ἐν
3744 5024 3849 5074 ui-

2234 5114 2336 5177 τῷ,
2375 5111 2478 5157 καὶ
2518 5107 2789 5161 θάνατον
2828 5108 2894 5159 ού
2934 5114 3015 5180 μή
3062 5110 3600 5183 θεωρήσει.οἰγὰρ
3630 5113 3842 5182 ἔχοντες

2234 5199 2326 5251 τὴν
2350 5194 2596 5254 ἀληθινὴν
2616 5196 2985 5271 κληρονομίαν,
3015 5200 3084 5260 ὡς
3100 5200 3199 5250 υἱοὶ
3229 5197 3281 5249 έκ
3300 5203 3506 5271 Πατρός
3527 5198 3838 5272 ἐπουρανίου

2231 5288 2559 5356 γεγενημένοι
2614 5284 2733 5349 εἰσὶ,
2768 5290 2859 5339 καὶ
2889 5286 2956 5347 εἰς
3000 5291 3087 5339 τὸν
3119 5286 3255 5341 οἶκον
3285 5294 3373 5341 τοῦ
3411 5292 3606 5362 πατρός
3663 5290 3835 5342 αὐτῶν

2234 5367 2536 5446 διάγουσιν,
2568 5376 2633 5435 ὥς
2662 5394 2820 5448 φησιν
2849 5377 2874 5429 6
2909 5379 3119 5452 Κύριος,
3170 5377 3227 5430 Ὀ
3268 5374 3505 5441 δοῦλος
3549 5378 3617 5431 ού
3647 5384 3837 5452 μένει

2233 5461 2290 5516 έν
2346 5470 2415 5537 τῇ
2467 5464 2664 5538 οἰκίᾳ,
2706 5466 2732 5518 6
2773 5461 2846 5518 δε
2899 5468 3034 5528 υίὸς
3091 5469 3264 5539 μένει
3319 5467 3409 5531 εἰς
3465 5472 3569 5520 τόν
3610 5468 3834 5522 αἰῶνα.

2294 5640 2340 5676 ⁸⁸
2369 5640 2543 5699 Joan.
2583 5656 2700 5712 vui,
2733 5644 2826 5699 35.
