4076 6210
171 264 264 325 573

232 390 303 449 E’.
345 392 493 465 Εἴπερ
533 385 622 441 οὖν
660 392 752 441 καὶ
783 389 932 461 ἡμεῖς
970 384 1263 462 βουλόμεθα
1318 384 1373 437 ix
1410 392 1502 438 τοῦ
1543 389 1747 462 Πατρός
1776 390 1824 443 Α

172 487 246 533 τοῦ
291 480 593 553 ἐπουρανίου
642 478 976 549 γεννηθῆναι,
1034 479 1283 550 περισσόν
1332 495 1383 527 τι
1431 478 1573 548 παρά
1629 480 1747 537 τοῦς

173 569 362 630 λοιποὺς
448 567 755 641 ἀνθρώπους
836 564 1102 638 ὀφείλαμεν
1201 571 1382 629 ποιεῖν,
1482 560 1741 630 σπουδήν,

172 667 349 729 αγῶνα,
389 657 566 722 ζῆλον,
626 656 862 728 ἀγάπην,
907 653 1173 706 πολιτείαν
1217 651 1440 724 ἀγαθήν,
1487 654 1534 704 ἑν
1573 657 1747 705 πίστει

172 754 245 799 καί
290 744 425 818 φόϐῳ
478 742 629 810 εἶναι,
685 748 755 806 ὡς
809 741 1111 817 βουλόμενοι
1169 741 1485 800 τηλικούτων
1538 739 1747 812 ἀγαθῶν

171 842 351 907 τυχεῖν,
375 840 466 886 καὶ
502 839 625 887 Θεὸν
648 833 1067 908 κληρονομῆσαι.
1110 833 1350 905 Κύριος
1396 834 1520 903 γὰρ
1562 836 1745 903 μερὶς

175 932 265 983 τῆς
299 923 741 994 κληρονομίας
772 940 916 994 μου,
954 923 1069 973 καὶ
1101 929 1210 973 τοῦ
1240 924 1572 992 ποτηρίου
1603 940 1742 992 μου.

175 1018 259 1066 Καὶ
288 1014 448 1073 οὕτως
472 1008 675 1083 βλέπων
706 1012 732 1062 6
762 1013 946 1085 Κύριος
977 1016 1073 1069 τήν
1105 1008 1311 1080 ἀγαθήν
1331 1013 1637 1083 προαίρεσιν
1656 1014 1747 1061 καὶ

174 1106 255 1161 τήν
289 1104 575 1173 ὑπομονήν,
626 1107 768 1153 ποιεῖ
809 1102 868 1151 τὸ
917 1099 1050 1161 ἕλεος
1105 1101 1285 1163 αὐτοῦ,
1335 1102 1425 1149 καὶ
1461 1100 1748 1173 καθαρίσας

177 1193 296 1262 ἡμᾶς
344 1198 420 1261 τῷ
472 1189 611 1261 λόγῳ
655 1196 728 1259 τῷ
784 1187 1026 1260 οὐρανίῳ,
1071 1192 1160 1239 καὶ
1214 1193 1451 1258 νοήματα
1504 1204 1748 1260 νενεκρω-

175 1279 292 1345 λένα,
343 1284 436 1331 καὶ
493 1275 865 1352 διεφθαρμένα,
912 1274 1006 1330 διά
1059 1284 1151 1337 τῆς
1199 1275 1359 1335 καλῆς
1403 1274 1570 1327 αὐτῶν
1622 1274 1749 1326 ἀνα-

178 1376 377 1441 στροφῆς
423 1372 515 1420 καὶ
562 1363 942 1433 διδασκαλίας,
988 1366 1376 1430 ἀναζωοποιῶν,
1428 1369 1513 1416 καὶ
1552 1363 1746 1435 ἀνεγεί-

172 1477 257 1532 ρων
285 1474 298 1487 ·
330 1462 538 1529 κτίσμα
591 1458 690 1531 γὰρ
740 1457 907 1529 ἕτερον
955 1460 1157 1528 κτίσμα
1195 1454 1423 1527 ἐκτρέφει
1478 1458 1568 1505 καὶ
1620 1458 1750 1514 ςωο-

173 1554 309 1603 ποιεῖ.
334 1545 539 1620 Ὠσπερ
580 1548 648 1596 τὰ
693 1548 969 1617 σπέρματα
1006 1552 1096 1597 τοῦ
1129 1549 1297 1609 σίτου,
1342 1543 1372 1601 ῆ
1417 1552 1515 1594 τῶν
1558 1545 1749 1615 κριθῶν

173 1639 227 1687 τὰ
264 1640 407 1707 νέφη,
440 1639 712 1705 κτίσματα
750 1637 874 1686 ὄντα
906 1650 918 1663 ·
954 1634 980 1685 6
1006 1634 1149 1695 ὑετὸς
1177 1652 1231 1684 τε
1268 1636 1358 1684 καὶ
1389 1634 1416 1684 6
1447 1632 1585 1693 ἣλιος
1625 1632 1750 1692 ζωο-

174 1733 365 1777 πονοῦσι
411 1725 740 1796 κελευόμενα.
786 1722 988 1796 Ὠσπερ
1018 1719 1078 1775 δέ
1121 1721 1235 1774 ἐστι
1266 1730 1371 1793 φῶς
1403 1718 1497 1773 διὰ
1536 1718 1752 1794 θυρίδος
1786 1746 1828 1800 Β

176 1813 545 1889 εἰσερχόμενον,
575 1814 602 1864 6
634 1808 692 1864 δὲ
734 1811 876 1873 ἣλιος
915 1811 1004 1884 ὅλῃ
1035 1819 1098 1885 τῇ
1144 1811 1419 1883 οἰκουμένῃ
1466 1811 1557 1871 τας
1607 1808 1754 1862 ἀκτῖ-

175 1923 246 1963 νας
268 1906 582 1975 ῦπαφίησιν,
625 1904 787 1963 οὕτως
820 1897 954 1959 ἦσαν
988 1903 1037 1953 οἱ
1073 1907 1332 1974 προφῆται
1370 1906 1461 1951 τοῦ
1495 1895 1635 1950 ἰδίου
1676 1903 1755 1951 οῖ-

174 2011 253 2044 κου
313 1998 469 2065 μόνον
516 1999 783 2063 φωστῆρες
828 1998 920 2042 τοῦ
974 1989 1187 2064 Ἰσραήλ
1221 2006 1234 2018 ·
1275 1991 1325 2041 οἱ
1365 1985 1422 2041 δε
1472 1986 1754 2041 ἀπόστολοι

175 2081 293 2139 ἣλιοι
352 2078 495 2140 ἦσαν
548 2078 891 2152 ἐκλάμποντες
932 2081 1021 2139 τάς
1052 2077 1260 2139 ἀκτῖνας
1289 2077 1363 2140 εἰς
1403 2077 1496 2129 ὅλα
1520 2081 1587 2130 τά
1620 2079 1750 2151 μέρη

174 2178 249 2223 τοῦ
275 2174 502 2243 κόσμου.

248 2295 336 2378 ς’.
382 2301 550 2348 Εστιν
583 2289 673 2345 οὖν
719 2300 786 2364 γῆ
820 2294 869 2344 ἓν
899 2288 929 2363 ᾖ
961 2298 1265 2343 κατοικοῦσι
1307 2292 1375 2343 τά
1410 2286 1705 2365 τετράποδα
1735 2305 1751 2322 ⁸

174 2390 248 2436 καὶ
295 2388 403 2437 ἔστι
464 2391 533 2455 γῆ
567 2382 618 2435 ἕν
663 2390 735 2453 τῷ
773 2380 907 2454 ἀέρι,
956 2380 1007 2432 ἐν
1046 2381 1076 2453 ᾖ
1109 2399 1455 2453 περιπατουσι
1498 2384 1587 2432 καὶ
1620 2383 1755 2442 ζῶσι

175 2477 229 2525 τᾱι
259 2477 427 2547 ὄρντα.
478 2477 580 2525 Καὶ
618 2479 785 2523 ταῦτα
813 2469 899 2522 έάν
942 2469 1226 2528 θελήσωσιν
1257 2469 1303 2521 ἐν
1336 2476 1398 2542 τῇ
1440 2476 1507 2541 γῇ
1567 2476 1753 2526 στῆναι

176 2566 200 2619 ἦ
246 2571 627 2637 περιπατῆσαι,
690 2563 881 2633 ἔχουσι
947 2562 1204 2633 θηρευτὰς
1265 2563 1385 2621 τοὺς
1439 2565 1754 2633 κρατοῦντας

176 2651 307 2705 αὐτὰ.
337 2653 442 2707 Καὶ
485 2654 597 2703 ἐστι
642 2659 707 2722 γῆ
762 2658 863 2701 τῶν
910 2649 1130 2721 ἰχθύων,
1172 2655 1229 2701 τὸ
1256 2644 1402 2723 ὕδωρ
1438 2656 1532 2709 τῆς
1564 2647 1755 2700 θαλάσ-

177 2759 277 2805 σης,
314 2748 403 2794 καὶ
461 2744 683 2793 ἕκαστον
714 2738 832 2808 ἐνῷ
889 2745 1031 2810 τόπῳ
1082 2737 1347 2809 ἐγεννήθη,
1401 2743 1491 2790 καὶ
1546 2744 1613 2809 γῇ
1665 2746 1754 2793 καὶ

177 2830 291 2904 ἀέρι,
345 2834 465 2903 ἔχει
526 2836 631 2881 εκεῖ
656 2834 751 2886 τήν
804 2824 1073 2899 διαγωγήν
1120 2832 1209 2879 καὶ
1256 2831 1451 2901 τροφήν
1498 2833 1586 2879 καὶ
1630 2828 1755 2881 ἀνά-

178 2938 366 2975 παυσιν.
399 2918 593 2979 Οὕτως
639 2921 755 2970 ἔστι
782 2924 847 2988 γῆ
894 2921 983 2968 καὶ
1012 2920 1193 2990 κατρὶς
1225 2919 1503 2981 σατανική,
1543 2916 1604 2968 οῦ
1635 2915 1758 2970 διά-

176 3028 314 3078 γουσι
373 3012 472 3061 καὶ
548 3006 983 3081 ὶμπεριπατοῦσι,
1059 3009 1150 3057 καὶ
1222 3004 1637 3057 ἑπαναπαύονται
1701 3008 1755 3057 αἱ

1405 258 1750 319 HOMILUE.
1787 290 1857 307 ι-
1899 261 2078 321 HOM.
2116 263 2261 321 XIV.

3403 274 3511 331 574

1930 388 2037 460 51
2084 391 2144 445 V.
2195 389 2250 444 Si
2306 390 2483 460 igitur
2539 406 2649 447 nos
2694 408 2937 466 quoque
2965 396 3214 452 velimus
3247 414 3315 454 ex
3345 400 3509 457 Patre

1856 477 2081 532 caelesti
2104 479 2404 547 pronasci,
2433 483 2817 550 praestantius
2840 482 2984 555 quid
2998 501 3184 555 quam
3198 490 3389 544 caeteri
3405 490 3511 545 ho-

1858 565 2050 620 mines
2079 581 2253 636 agere
2271 566 2584 635 debemus,
2605 570 2845 626 studere
2859 588 3097 644 nempe,
3125 578 3508 645 contendere,

1854 654 2146 716 inmutari,
2206 654 2469 723 diligere,
2521 657 2675 712 bene
2742 662 3104 726 conversari,
3164 664 3224 718 in
3276 665 3395 721 ﬁde
3439 683 3513 723 ac

1857 747 2016 796 metu
2030 743 2246 807 vivere,
2265 742 2418 798 velut
2443 747 2819 803 consecuturi
2836 754 2999 805 tanta
3022 750 3204 817 bona,
3240 759 3295 809 et
3322 757 3508 811 Deum

1854 830 2232 886 haereditario
2257 834 2392 901 jure
2432 837 2809 904 possessuri:
2855 839 3147 895 Dominus
3175 844 3332 898 enim
3363 859 3508 912 pars

1856 919 2220 975 hereditatis
2241 932 2378 976 mea
2404 929 2457 976 et
2486 922 2689 978 colicis
2710 927 2826 979 mei
2851 925 2919 979 ⁴⁸.
2949 928 3011 980 Et
3034 929 3113 983 ita
3137 930 3376 986 intuens
3403 935 3510 987 Do-

1858 1008 2053 1061 minus
2070 1009 2442 1079 propositum
2459 1009 2601 1063 illud
2618 1013 2868 1077 bonum,
2885 1029 2955 1068 ac
2982 1016 3378 1085 tolerantiam,
3405 1022 3509 1075 mi-

1856 1096 2243 1151 sericordiam
2272 1113 2445 1153 suam
2477 1102 2724 1155 exserit:
2756 1116 2825 1156 ac
2844 1103 3166 1172 puriﬁcans
3188 1121 3298 1161 nos
3325 1110 3507 1165 verbo

1856 1184 2096 1249 caelesti,
2121 1193 2347 1240 mentes
2377 1194 2643 1242 mortuas
2667 1204 2737 1243 ac
2765 1189 3126 1260 deperditas,
3157 1208 3262 1262 per
3282 1194 3510 1251 bonam

1856 1274 2125 1343 ipsorum
2137 1275 2548 1343 apostolorum
2564 1281 3073 1334 conversationem
3089 1287 3144 1335 et
3156 1281 3508 1350 doctrinam,

1860 1361 2379 1418 viviﬁcatalteram
2395 1369 2751 1419 creaturam.
2768 1366 3013 1422 Perinde
3045 1384 3115 1424 ac
3139 1371 3371 1426 semina
3394 1373 3513 1428 fru-

1857 1452 2040 1505 menti
2068 1455 2171 1505 aut
2185 1450 2392 1506 hordei
2418 1453 2621 1507 fovent
2639 1455 2854 1525 nubes,
2879 1472 3014 1526 quae
3041 1467 3325 1515 creatura
3348 1469 3509 1517 sunt.

1859 1537 2061 1593 Pluvia
2089 1554 2333 1611 quoque
2363 1546 2419 1595 et
2452 1540 2541 1595 sol
2580 1542 2884 1597 viviﬁcant
2913 1559 3005 1609 ea,
3038 1560 3175 1600 cum
3198 1547 3510 1617 jubentur.

1859 1627 2379 1691 Quemadmodum
2412 1637 2613 1685 autem
2646 1645 2707 1684 se
2733 1632 2913 1687 habet
2958 1633 3182 1701 lumen,
3215 1637 3378 1706 quod
3405 1654 3512 1709 per

1859 1715 2181 1771 fenestram
2228 1717 2584 1786 ingreditur,
2634 1735 2703 1773 ac
2746 1721 2853 1785 sol,
2887 1723 2991 1791 qui
3030 1738 3134 1792 per
3165 1724 3509 1781 universam

1861 1808 2080 1859 terram
2106 1806 2307 1861 radios
2358 1822 2501 1861 suos
2549 1809 2831 1874 extendit,
2870 1811 2955 1864 sic
3006 1814 3509 1885 erantprophetaa

1861 1892 2180 1950 luminaria
2210 1894 2523 1966 peculiaris
2555 1898 2774 1951 domus
2834 1898 3032 1954 Israel.
3076 1902 3343 1971 Apostoli
3374 1918 3511 1959 vero

1861 1989 2033 2038 erant
2062 1983 2235 2049 soles,
2259 1985 2591 2040 emittentes
2614 1986 2815 2042 radios
2837 1988 2895 2041 in
2930 1988 3274 2045 universam
3300 1992 3510 2048 mundi

1862 2078 2117 2145 partem.

1935 2290 2015 2344 Vl.
2056 2291 2155 2343 Est
2195 2289 2372 2359 igitur
2402 2296 2575 2355 terra,
2632 2289 2693 2344 in
2749 2304 2871 2361 qua
2897 2290 3315 2364 quadrupedia
3345 2295 3513 2352 habi-

1864 2384 2020 2435 tant:
2049 2384 2137 2434 est
2166 2394 2409 2451 quoque
2468 2384 2621 2434 terra
2672 2380 2731 2433 in
2764 2394 2922 2444 aere,
2962 2379 3021 2434 in
3047 2396 3169 2452 qua
3200 2383 3513 2441 ambulant

1862 2484 1932 2523 ac
1965 2469 2169 2522 vivunt
2200 2468 2488 2522 volucres.
2523 2471 2662 2532 Quae
2700 2468 2748 2521 si
2780 2468 2958 2523 velint
2983 2469 3304 2526 consistere
3336 2490 3515 2545 super

1862 2562 2082 2612 terram
2122 2556 2610 2622 etdeambulare,
2640 2555 2865 2611 habent
2906 2562 3241 2625 venatores,
3275 2562 3377 2632 qui
3416 2578 3516 2618 eas

1861 2647 2121 2718 capiant.
2155 2645 2251 2700 Est
2289 2661 2535 2717 quoque
2590 2652 2744 2700 terra
2780 2647 3058 2717 piscium,
3090 2664 3252 2719 aqua
3295 2650 3518 2707 scilicet

1866 2735 2045 2791 maris
2069 2752 2084 2801 ;
2108 2741 2168 2790 at
2186 2735 2686 2807 unumquodque,
2710 2734 2768 2788 in
2787 2751 2909 2806 quo
2931 2736 3062 2791 loco
3085 2736 3261 2793 fuerit
3278 2745 3514 2808 natum,

1864 2826 1987 2879 sive
2019 2824 2077 2878 in
2106 2830 2260 2878 terra
2306 2824 2428 2878 sive
2481 2824 2541 2878 in
2575 2839 2734 2888 aere,
2778 2823 2895 2877 illic
2933 2824 3115 2894 degit,
3147 2828 3401 2883 nutritur
3446 2845 3516 2885 ac

1862 2914 2130 2985 quiescit.
2157 2913 2248 2967 Sic
2270 2927 2510 2983 quoque
2535 2918 2689 2966 terra
2709 2918 2796 2966 est
2819 2914 3009 2982 patria
3036 2916 3292 2982 Satanae,
3310 2918 3371 2971 in
3393 2934 3516 2989 qua

1864 3002 2108 3071 degunt,
2138 3008 2195 3055 et
2214 2999 2783 3064 circumambulant,
2813 3017 2883 3056 ac
2908 3003 2967 3056 in
2993 3018 3116 3072 qua
3136 3006 3517 3075 requiescunt

177 3095 402 3171 δυνάμεις
462 3105 557 3149 τοῦ
591 3102 834 3159 σκότους,
886 3101 976 3147 καὶ
1026 3097 1093 3147 τά
1138 3096 1408 3166 πνεύματα
1457 3101 1552 3156 τῆς
1600 3114 1754 3154 πονη-

1867 3095 2189 3162 potestates
2237 3090 2616 3144 tenebrarum
2667 3095 2724 3142 et
2774 3089 3018 3161 spiritus
3064 3094 3366 3163 nequitiae.
3416 3097 3514 3149 Est

176 3194 273 3258 ρίας
302 3204 316 3217 ·
347 3195 438 3241 καὶ
496 3189 611 3238 εστι
646 3192 715 3258 γῆ
774 3188 988 3257 φωτεινή
1042 3192 1137 3247 τῆς
1185 3185 1442 3248 θεότητος,
1491 3186 1621 3237 ὅπου
1670 3186 1759 3257 ίμ-

175 3286 510 3349 περιπατοῦσι
560 3280 651 3327 καὶ
703 3276 1120 3327 ἓπαναπαῦονται
1173 3275 1233 3325 πὶ
1281 3273 1605 3347 παρεμϐολαὶ
1656 3284 1756 3327 τῶν

178 3362 382 3436 ἀγγέλων
443 3370 542 3418 καὶ
608 3372 708 3417 τῶν
787 3362 950 3435 ἁγίων
1005 3364 1326 3433 πνευμάτων.
1401 3368 1501 3416 Καὶ
1552 3365 1668 3416 οὔτε
1723 3366 1753 3422 ἡ

179 3461 390 3514 σκοτεινὴ
443 3461 520 3526 γῆ
576 3461 682 3514 τοῖς
735 3453 1014 3524 ὀφθαλμοῖς
1050 3453 1244 3503 τσῦτου
1286 3458 1529 3524 σώματος
1568 3455 1760 3529 ὁραθῆ-

175 3564 263 3611 ναι,
291 3546 321 3605 ἧ
350 3545 739 3616 ψηλαφηθῆναι
777 3539 1000 3594 δύναται
1038 3557 1051 3570 ⁸
1084 3542 1200 3593 οὔτε
1228 3542 1258 3599 ή
1286 3550 1353 3612 γῆ
1386 3550 1483 3605 τῆς
1516 3545 1760 3604 θεότητος

178 3634 201 3690 ἧ
274 3638 497 3706 φωτεινή
550 3632 879 3704 ψηλαφᾶται,
960 3631 990 3689 ἣ
1055 3631 1244 3706 ὁρᾶται
1312 3637 1416 3692 τοῖς
1487 3640 1760 3706 σαρκικοῖς

178 3721 437 3797 ὀφθαλμοῖς
469 3740 485 3753 ’
518 3729 625 3783 τοῖς
651 3718 710 3775 δε
731 3726 1105 3793 πνευματικοῖς
1135 3724 1368 3792 φαίνεται
1409 3728 1481 3791 τῷ
1513 3721 1761 3794 ὀφθαλμῷ

177 3819 256 3875 τῆς
299 3810 557 3888 καρδίας,
614 3816 705 3863 καὶ
751 3812 781 3868 ἠ
838 3813 1092 3867 Σατανική
1152 3826 1244 3861 του
1298 3813 1540 3880 σκότους,
1598 3815 1688 3863 καὶ
1726 3812 1757 3869 ἡ

180 3909 371 3971 punivit
403 3910 508 3965 τῆς
543 3902 811 3961 θεότητος,

239 4027 306 4082 Z'.
343 4027 429 4090 Ὠς
488 4024 552 4080 δε
605 4027 631 4078 ὁ
677 4024 830 4097 λόγος
886 4031 986 4076 τῶν
1036 4022 1217 4085 ῖξωθεν
1274 4022 1430 4095 λέγει,
1472 4026 1613 4076 ἔστιν
1665 4028 1759 4093 ὅρη

182 4118 369 4191 πύρινα,
418 4119 504 4170 ὅτι
536 4114 643 4167 ἐκεῖ
682 4121 786 4188 πῦρ
815 4116 949 4179 ἐστι,
1001 4116 1090 4164 καὶ
1144 4114 1286 4163 ἔστιν
1326 4116 1431 4165 εκεῖ
1459 4113 1572 4174 ζῶα
1606 4114 1764 4186 ὃμοια

184 4213 273 4267 τοῖς
318 4206 626 4280 προϐάτοις.
680 4206 878 4256 Λοιπὸν
927 4203 975 4254 οἱ
1022 4203 1323 4275 θηρεύοντες
1374 4205 1509 4255 αὑτά
1550 4211 1764 4255 ποιοῦσι

185 4293 416 4368 σιδηροῦς
445 4298 698 4372 τροχοὺς,
727 4297 816 4345 καὶ
864 4288 1146 4366 βάλλουσιν
1180 4292 1469 4366 ἄγκιστρα,
1503 4298 1592 4345 καὶ
1632 4296 1764 4365 πέμ-

184 4401 349 4437 πουσιν
406 4387 477 4447 εἰς
532 4388 593 4436 τὸ
644 4391 745 4458 πῦρ
773 4378 956 4440 ἕπειδή
988 4384 1154 4433 ἐκεῖνα
1184 4382 1251 4432 τὰ
1286 4382 1398 4441 ζῶα
1427 4385 1484 4434 τό
1513 4389 1617 4457 πῦρ
1650 4384 1764 4454 ἔχει

1863 3194 2105 3252 quoque
2135 3186 2289 3234 terra
2316 3177 2517 3233 lucida
2545 3177 2896 3244 divinitatis,
2929 3179 2991 3233 in
3020 3196 3142 3251 qua
3168 3183 3517 3238 circumam-

1863 3270 2073 3326 bulant
2103 3284 2173 3324 ac
2208 3270 2610 3339 requiescunt,
2650 3277 2849 3324 castra
2878 3274 2935 3324 et
2965 3269 3122 3324 acies
3162 3272 3514 3341 angelorum

1866 3366 1921 3415 et
1952 3364 2298 3414 sanctorum
2324 3358 2658 3428 spirituum.
2687 3363 2873 3429 Atque
2891 3373 3001 3413 nec
3024 3366 3176 3415 terra
3206 3361 3519 3419 tenebrosa

1866 3448 2054 3505 oculis
2086 3447 2267 3518 hujus
2301 3447 2568 3518 corporis
2598 3448 2863 3519 conspici
2904 3454 3008 3503 aut
3035 3452 3386 3507 contrectari
3415 3468 3519 3522 po-

1868 3543 1979 3593 test
2010 3554 2023 3605 ;
2052 3551 2160 3591 nec
2193 3542 2346 3591 terra
2375 3534 2702 3591 divinitatis
2734 3536 2937 3591 lucida
2965 3545 3366 3595 contrectatur
3411 3547 3516 3597 aut

1869 3627 2101 3683 videtur
2143 3624 2330 3681 oculis
2365 3625 2597 3679 carneis
2642 3640 2653 3677 :
2698 3623 3109 3696 spiritualibus
3151 3643 3289 3683 vero
3330 3636 3513 3700 patet,

1868 3714 2041 3771 oculo
2066 3728 2284 3785 nempe
2305 3714 2523 3780 cordis,
2549 3719 2673 3767 tum
2704 3729 2841 3784 quae
2871 3721 2963 3769 est
2990 3714 3227 3769 Satanae
3258 3732 3328 3772 ac
3358 3723 3517 3773 tene-

1868 3805 2136 3870 brarum,
2163 3808 2292 3858 tum
2312 3803 2493 3858 etiam
2531 3818 2667 3873 quin
2698 3808 2789 3856 est
2817 3802 3017 3858 lucida
3049 3818 3119 3857 ac
3150 3804 3381 3861 divina.

1943 4026 2053 4081 VII.
2092 4026 2331 4089 Verum,
2384 4029 2445 4079 ut
2474 4022 2764 4093 profanus
2813 4038 3011 4079 sermo
3055 4025 3346 4094 perhibet,
3379 4035 3520 4082 sunt

1869 4118 2121 4190 quidam
2172 4120 2404 4169 montes
2434 4114 2612 4184 ignei,
2643 4113 2789 4183 quia
2835 4111 2951 4168 illic
2997 4115 3152 4183 ignis
3182 4122 3517 4186 permanet,

1871 4212 2129 4277 suntque
2146 4202 2261 4258 illic
2292 4200 2577 4257 animalia
2606 4202 2823 4257 similia
2842 4202 3079 4259 ovibus.
3112 4204 3399 4261 Caeterum
3428 4223 3522 4262 ve-

1871 4299 2107 4351 natores
2137 4291 2217 4347 ad
2253 4306 2324 4346 ea
2368 4290 2663 4362 capienda
2700 4291 3027 4348 conﬁciunt
3071 4292 3293 4350 ferreas
3334 4302 3520 4364 rotas,

1870 4388 1927 4439 et
1958 4381 2253 4454 projectos
2279 4379 2491 4436 hamos
2514 4381 2756 4437 mittunt
2791 4381 2851 4436 in
2879 4382 3102 4452 ignem,
3137 4385 3523 4457 quandoqui-

185 4470 385 4546 βρῶσιν,
453 4479 516 4527 τό
576 4480 680 4547 πῦρ
732 4474 846 4545 ἔχει
900 4478 1076 4536 πόσιν,
1147 4468 1462 4538 ἀνάπαυσιν,
1519 4472 1757 4540 αὔξησιν,

1871 4472 2009 4527 dem
2033 4472 2132 4527 illa
2156 4470 2437 4526 animalia
2466 4471 2666 4541 ignem
2692 4470 2917 4526 habent
2940 4471 3073 4527 loco
3102 4473 3241 4538 cibi,
3270 4476 3522 4548 requiei,

184 4560 324 4629 ζωήν,
384 4563 502 4616 ἀντὶ
560 4565 764 4615 πάντων
832 4563 890 4613 τό
940 4567 1043 4634 πῦρ
1094 4563 1268 4621 αὐτοῖς
1325 4560 1458 4612 ἐστι.
1517 4566 1617 4613 Καί
1677 4561 1761 4616 ἐάν

182 4648 427 4726 ἐξενέγκης
478 4652 617 4705 αῦτά
660 4653 727 4712 εἰς
768 4649 919 4703 ἄλλον
969 4649 1115 4724 ἀέρα,
1157 4648 1489 4718 ἀπόλλυνται,
1551 4655 1640 4702 καὶ
1697 4654 1763 4705 τὰ

182 4735 428 4812 ἔνδυματα
473 4742 644 4793 αὐτῶν
692 4742 813 4793 ὅταν
859 4740 1099 4814 ῥυπωθῇ,
1132 4741 1198 4800 εἰς
1240 4744 1296 4790 τό
1342 4734 1485 4812 ὕδωρ
1528 4739 1586 4791 οὐ
1624 4739 1760 4791 πλύ-

180 4845 353 4895 νονται,
409 4830 540 4883 ἀλλὰ
591 4830 659 4890 εἰς
704 4832 763 4882 τὸ
815 4836 941 4903 πῦρ,
998 4834 1088 4880 καὶ
1138 4833 1371 4899 γίνονται
1421 4830 1762 4904 καθαρώτερα

178 4924 255 4968 καὶ
300 4920 596 4995 λευκότερα.
643 4920 823 4980 Οὕτως
860 4923 950 4970 καὶ
991 4920 1037 4970 οἱ
1082 4923 1391 4992 Χριστιανοί
1439 4922 1497 4970 τό
1542 4920 1761 4991 ἑπουρά-

178 5024 269 5058 νιον
302 5018 403 5084 πῦρ
451 5012 611 5062 ἱκεῖνο
657 5012 847 5081 ἔχουσι
888 5007 1108 5081 βρῶσιν.
1163 5008 1358 5062 Ἐκεῖνο
1402 5007 1575 5069 αὐτοῖς
1616 5009 1759 5060 ίστιν

179 5092 456 5161 ἀνάπαυσις
486 5118 499 5131 ⁸
549 5099 707 5151 ἐκεῖνο
750 5101 1044 5173 καθαρίζει,
1103 5101 1193 5149 καὶ
1231 5098 1426 5164 πλύνει,
1472 5102 1562 5149 καὶ
1607 5096 1759 5169 ἁγιά-

180 5182 242 5242 ζει
277 5187 441 5241 αὐτῶν
497 5192 590 5247 τήν
648 5184 876 5262 καρδίαν
907 5204 920 5217 ·
964 5188 1124 5239 έκεῖνο
1157 5190 1293 5259 φέρει
1324 5190 1514 5249 αὐτοῦς
1564 5186 1631 5247 εἰς
1667 5189 1759 5239 αῦ-

176 5272 309 5333 ξησιν
350 5294 363 5307 ’
414 5276 574 5330 ίκεῖνο
626 5277 803 5340 αὐτοῖς
851 5280 991 5330 ἔστιν
1048 5275 1171 5350 ἀήρ,
1229 5280 1319 5329 καὶ
1352 5277 1483 5337 ζωή.
1549 5274 1645 5330 Ἂν
1697 5272 1757 5329 δε

174 5358 339 5417 ὰεῖθεν
389 5366 683 5433 ίξίλθωσιν,
760 5365 1073 5419 ἀπόλλυνται
1149 5366 1252 5418 ὑπό
1330 5373 1429 5418 τῶν
1506 5372 1755 5441 πονηρῶν

174 5458 479 5527 πνεῦμάτων,
537 5457 709 5533 ὥσπερ
758 5455 862 5510 ἆκεῖ
902 5458 969 5511 τὰ
1019 5455 1130 5518 ζῶα
1157 5453 1472 5529 ἓξερχόμενα
1509 5453 1613 5508 ἀπὸ
1658 5461 1754 5508 τοῦ

240 5639 285 5677 ⁸³
310 5641 475 5701 Psal.
503 5658 621 5717 xu,
657 5647 719 5708 3.

1871 4560 2242 4624 incrementi,
2275 4562 2426 4625 vitae,
2454 4560 2726 4614 omnium
2758 4560 3018 4632 denique
3054 4561 3188 4617 loco
3218 4564 3376 4633 ignis
3405 4566 3523 4622 illis

1872 4652 2077 4708 est.Ac
2102 4650 2149 4704 si
2178 4647 2497 4705 transferas
2523 4648 2787 4704 eaalium
2808 4651 2866 4704 in
2901 4666 3120 4720 aerem,
3152 4660 3401 4722 pereunt
3427 4676 3439 4707 :
3464 4659 3523 4710 et

1870 4740 2219 4796 indumenta
2248 4737 2505 4802 illorum,
2540 4738 2588 4791 si
2632 4737 2846 4792 fuerint
2871 4738 3147 4793 sordibus
3181 4740 3522 4813 inquinata,

1868 4844 2029 4900 aqua
2056 4843 2175 4883 non
2207 4826 2505 4889 eluuntur,
2540 4825 2645 4880 sed
2690 4826 2830 4896 igni.
2864 4826 3132 4898 ﬁuntque
3176 4831 3418 4898 puriora
3448 4846 3521 4887 ac

1869 4917 2249 4974 candidiora:
2283 4917 2364 4971 sic
2393 4930 2638 4986 quoque
2667 4916 2977 4971 Christiani
3016 4921 3319 4972 cmlestem
3352 4920 3517 4976 illum

1867 5009 2065 5079 ignem
2095 5005 2319 5061 habent
2357 5004 2483 5059 vice
2513 5002 2798 5069 alimenti,
2828 5004 2923 5059 ille
2953 5004 3100 5076 ipsis
3143 5011 3230 5061 est
3260 5010 3519 5079 requies,

1869 5096 1961 5152 ille
1993 5099 2304 5167 expurgat,
2327 5093 2507 5159 lavat,
2528 5099 2584 5148 et
2612 5094 2945 5149 sanctiﬁcat
2980 5109 3083 5149 cor
3111 5094 3350 5151 illorum
3379 5114 3393 5152 :
3423 5099 3518 5155 ille

1867 5185 2093 5258 praebet
2113 5183 2197 5239 eis
2218 5188 2643 5252 argumentum
2674 5202 2687 5242 :
2713 5182 2807 5238 ille
2835 5186 2927 5237 eis
2947 5188 3034 5239 est
3062 5199 3163 5240 aer
3191 5191 3247 5240 et
3278 5185 3425 5244 vita.
3461 5188 3521 5244 Si

1864 5289 2006 5330 vero
2035 5272 2173 5333 inde
2194 5272 2595 5342 egrediantur,
2618 5270 3046 5327 interﬁciuntur
3065 5288 3101 5328 a
3122 5276 3324 5345 pravis
3353 5275 3520 5348 spiri-

1864 5362 2044 5429 tibus,
2060 5360 2217 5417 velut
2231 5359 2313 5416 ibi
2327 5359 2615 5417 animalia
2629 5361 2752 5433 igni
2773 5361 3134 5432 egredientis
3156 5364 3513 5435 moriuntur,

1864 5450 2023 5510 velut
2054 5451 2249 5522 pisces
2282 5465 2446 5525 aqua
2482 5450 2872 5524 egredientes,
2905 5451 3067 5511 velut
3094 5453 3515 5532 quadrupedia
