4076 6210
576 212 689 267 575

1890 206 1947 260 S.
1993 202 2291 266 MACARII
2332 196 2639 265 IEGYPTII

3801 208 3889 268 576

580 336 866 392 animalia
886 335 946 389 in
970 347 1133 388 mare
1155 332 1419 403 projecta
1448 328 1848 387 sut’focantur:
1889 328 2047 383 velut
2077 328 2213 384 volu

2350 330 2511 398 πυρὸς
2542 326 2879 391 ἀποθνήσκει,
2912 326 3085 401 ὥσπερ
3124 329 3171 379 οἱ
3213 327 3397 399 ἰχθύες
3438 327 3532 381 ἀπὸ
3568 339 3657 383 τῶν
3692 331 3883 403 ὑδάτῶν,

581 440 711 481 cres
746 423 1127 479 ambulantes
1150 437 1329 491 super
1359 426 1575 475 terram
1604 418 1927 489 capiuntur
1950 418 2028 473 ab
2052 433 2238 473 aucu-

582 514 797 585 pibus:
832 513 919 567 sic
949 527 1193 583 quoque
1228 510 1453 574 anima,
1501 524 1637 579 quae
1668 523 1788 562 non
1822 514 2135 578 permanet
2176 506 2236 560 in

580 607 754 668 terra,
790 602 888 657 illa
915 600 1241 656 sutfocatur
1263 606 1317 653 et
1346 598 1527 669 perit:
1562 600 1619 650 et
1648 597 1760 650 nis1
1788 596 2006 651 habeat
2036 596 2236 665 ignem

576 692 741 746 illum
757 692 1029 745 divinum
1048 688 1539 758 lococibi,potus,
1556 686 2063 745 indumentorum,
2080 684 2237 755 puri-

577 779 873 834 ﬁcationis
897 778 1114 845 cordis,
1134 783 1188 830 et
1206 772 1695 830 sanctificationis
1717 776 1952 836 anima),
1969 788 2236 842 compre-

576 868 858 924 henditur
910 868 987 921 ab
1037 863 1325 935 improbis
1377 864 1703 934 spiritibus,
1758 878 1827 917 ac
1883 862 2052 931 perit.
2112 862 2233 916 Nos

575 965 775 1013 autem
821 956 1081 1010 studiose
1114 953 1515 1023 inquiramus,
1545 967 1691 1005 num
1739 950 2011 1005 seminati
2045 950 2233 1004 simus

572 1046 633 1100 in
668 1044 944 1100 invisibili
977 1042 1075 1097 illa
1103 1050 1275 1105 terra,
1301 1058 1369 1097 ac
1396 1040 1646 1112 plantati
1678 1040 1735 1094 in
1775 1038 1996 1094 caelesti
2039 1038 2228 1095 vinea.

575 1134 768 1189 Gloria
802 1131 1283 1187 miserationibus
1316 1130 1447 1200 ejus
1481 1129 1541 1183 in
1574 1133 1885 1183 aeternum.
1916 1130 2121 1182 Amen.

1114 1415 1225 1487 52
1272 1413 1556 1470 HOMILIA
1596 1416 1703 1470 xv.

569 1523 745 1579 Docet
764 1522 1011 1577 homilia
1035 1522 1150 1577 haec
1170 1521 1425 1591 prolixe.
1453 1537 1567 1593 quo
1584 1528 1763 1591 pacto
1785 1521 1987 1579 anima
2010 1524 2071 1580 in
2091 1541 2228 1582 san-

645 1595 860 1657 ctitate,
892 1594 1153 1649 castitate
1186 1609 1255 1649 ac
1280 1595 1548 1661 puritate
1576 1608 1719 1663 erga
1751 1608 2022 1663 sponsum
2056 1613 2228 1655 suum

643 1666 945 1752 pluisth
964 1665 1185 1746 Iesum,
1200 1664 1567 1752 Servatorem
1588 1665 1815 1752 mundi,
1832 1680 1891 1720 se
1910 1682 2115 1735 gerere
2136 1670 2230 1726 de~
2261 1699 2301 1752 Β

640 1737 785 1792 beat.
821 1736 1093 1792 Contine!
1123 1752 1254 1791 vero
1284 1737 1573 1805 quasdam
1606 1737 1953 1806 quastiones
2000 1755 2230 1797 summa

638 1809 914 1863 doctrina
944 1810 1215 1877 refertas,
1254 1808 1548 1869 videlicet,
1593 1814 1793 1861 utrum
1828 1809 1887 1861 in
1929 1824 2231 1867 resurrec-

642 1881 798 1935 tione
827 1881 1027 1934 omnia
1054 1878 1316 1934 membra
1344 1884 1680 1947 resurgant,
1710 1886 1761 1933 et
1785 1880 1938 1934 alias
1960 1880 2229 1948 inﬁnitas

638 1953 710 2007 de
743 1954 903 2012 vitio,
935 1951 1006 2024 de
1037 1951 1261 2024 gratia,
1286 1950 1357 2024 de
1384 1950 1661 2006 libertate
1685 1950 1927 2005 arbitrii
1955 1962 2008 2007 et
2038 1953 2229 2024 digni-

644 2030 765 2080 tate
800 2022 1031 2091 generis
1066 2021 1341 2077 humani.

636 2269 680 2324 Ι.
712 2267 1239 2334 Quemadmodum
1262 2267 1348 2321 vir
1367 2267 1640 2338 quidam,
1675 2267 2007 2323 admodum
2035 2270 2225 2340 dives,

564 2374 665 2414 rex
703 2357 965 2421 illustris,
1000 2358 1049 2411 si
1096 2355 1419 2411 delectetur
1464 2355 1687 2411 femina
1735 2374 2019 2428 paupere,
2083 2358 2225 2415 nihil

566 2452 966 2519 praeterquam
987 2461 1202 2515 corpus
1224 2461 1402 2499 suum
1422 2444 1786 2515 possidente,
1803 2446 2051 2517 ejusque
2065 2464 2229 2504 ama-

564 2539 655 2590 tor
688 2536 809 2601 ﬁat,
834 2550 903 2587 ac
932 2532 1064 2587 velit
1086 2549 1220 2587 eam
1255 2532 1366 2586 sibi
1394 2534 1451 2586 in
1486 2548 1773 2603 sponsam
1808 2550 1875 2588 ac
1903 2536 2225 2606 conjugem

564 2638 877 2679 assumere
903 2637 920 2679 :
952 2620 1049 2675 illa
1075 2627 1283 2676 contra
1304 2637 1545 2676 omnem
1568 2620 2050 2678 benevolentiam
2081 2642 2225 2696 prae-

564 2717 679 2767 stat
712 2713 858 2780 viro,
892 2726 1305 2781 amoremque,
1336 2727 1457 2781 quo
1489 2726 1627 2765 eum
1658 2713 2061 2783 prosequitur,
2086 2730 2225 2769 con-

564 2805 759 2855 servat
793 2815 966 2853 :ecce
996 2814 1224 2869 pauper
1258 2798 1359 2853 illa
1390 2814 1459 2853 ac
1492 2814 1703 2867 egena,
1734 2816 1869 2870 qua!
1905 2801 2052 2856 nihil
2083 2818 2224 2874 pos-

563 2889 734 2953 sidet,
766 2887 1043 2942 omnium
1099 2887 1400 2943 bonorum
1434 2887 1539 2942 viri
1582 2888 1673 2942 sui
1722 2888 1787 2942 ﬁt
1833 2889 2082 2946 domina
2118 2907 2130 2944 :
2175 2892 2221 2946 si

560 2994 694 3034 vero
724 2978 868 3049 quid
904 2982 1116 3047 printer
1170 2978 1456 3031 decorum
1492 2992 1561 3031 ac
1609 2975 1876 3033 ofﬁcium
1909 2980 2222 3035 commise-

560 3067 651 3134 rit,
686 3082 796 3122 nec
822 3067 1243 3121 convenienter
1274 3082 1344 3121 ac
1373 3065 1652 3121 decenter
1684 3069 1742 3120 in
1769 3068 1953 3122 domo
1995 3069 2101 3123 viri
2130 3076 2220 3128 sui

556 3163 789 3212 versata
835 3155 1033 3222 fuerit,
1070 3162 1210 3209 tunc
1260 3171 1396 3209 cum
1430 3154 1679 3209 infamia
1724 3170 1793 3210 ac
1853 3158 2221 3213 contumelia

558 3245 807 3314 ejicitur,
829 3243 1129 3298 ambabus
1155 3242 1433 3297 manibus
1451 3242 1631 3313 capiti
1650 3242 1984 3314 impositis:
2014 3261 2221 3316 quem-

556 3334 887 3388 admodum
930 3338 985 3385 et
1020 3332 1078 3385 in
1126 3330 1256 3399 lege
1287 3330 1499 3401 Moysis
1544 3331 1801 3385 obscure
1848 3333 2115 3388 innuitur
2144 3335 2219 3389 de

556 3420 803 3473 muliere
851 3417 1213 3483 refractaria,
1249 3433 1385 3488 quae
1417 3418 1545 3472 viro
1585 3434 1693 3473 suo
1737 3419 1882 3473 nihil
1915 3423 2219 3477 commodi

554 3507 976 3579 praestatTum
1002 3506 1248 3560 demum
1271 3505 1370 3560 illa
1400 3505 1669 3561 dolorem
1694 3522 1762 3562 ac
1785 3508 2006 3563 luctum
2033 3512 2213 3567 maxi.

556 3611 724 3651 mum
757 3596 1026 3660 sustinet,
1057 3612 1193 3649 cum
1228 3611 1428 3649 secum
1463 3596 2036 3668 perpenditquantis
2059 3599 2219 3654 divi-

554 3685 648 3741 tiis
678 3685 975 3749 exciderit,
1000 3699 1122 3755 qua
1154 3683 1342 3753 gloria
1372 3684 1446 3737 sit
1472 3684 1724 3755 privata,
1757 3692 2100 3759 contempta
2126 3689 2205 3744 ob

554 3775 921 3831 dementiam
960 3789 1158 3827 suam.

623 3883 689 3937 ll.
727 3883 817 3938 Sic
843 3895 1085 3952 quoque
1116 3881 1339 3945 anima,
1376 3881 1548 3951 cujus
1580 3880 1949 3936 connubium
1984 3883 2218 3954 petierit

550 3972 805 4030 cualestis
828 3971 1098 4043 Sponsus
1129 3970 1396 4026 Christus
1420 3971 1477 4025 in
1510 3970 1828 4042 mysticam
1857 3988 1926 4027 ac
1949 3958 2216 4027 divinam

549 4062 895 4117 societatem
914 4076 1107 4123 suam,
1129 4065 1308 4129 atque
1326 4061 1653 4127 gustaverit
1671 4060 1940 4116 caelestes
1961 4062 2214 4127 divitias,

549 4164 773 4217 magna
804 4149 863 4203 in
893 4147 1200 4217 diligentia
1231 4153 1410 4217 atque
1454 4147 1713 4215 ingenue
1756 4149 1990 4219 placere
2041 4150 2218 4221 debet

550 4252 659 4292 suo
710 4237 943 4306 Sponso
975 4235 1223 4305 Christo,
1272 4242 1329 4290 et
1358 4236 1754 4289 ministerium
1787 4236 2062 4307 spiritum
2104 4238 2215 4293 sibi

547 4325 956 4380 concreditum
984 4324 1261 4377 decenter
1300 4328 1355 4377 et
1380 4324 1808 4379 convenienter
1845 4325 2112 4396 implere,
2152 4332 2215 4383 ut

2349 417 2521 487 ὥσπερ
2572 417 2657 466 τάτ
2688 411 2987 488 τετράποδα
3041 416 3151 475 ζῶα
3199 413 3486 489 βαλλόμενα
3512 419 3579 481 είς
3606 426 3687 480 τὴν
3727 424 3888 476 ϐάλασ-

2351 522 2445 555 σαν
2502 508 2757 575 πνίγεται,
2816 505 2989 577 ὥσπερ
3054 508 3118 556 τά
3167 509 3373 558 πετεινὰ
3435 518 3783 581 περιπατοῦντα
3829 514 3887 575 εἰς

2346 597 2439 649 τὴν
2481 599 2579 662 γῆν
2628 596 2905 663 κατέχεται
2936 594 3036 644 ὑπὸ
3091 602 3188 645 τῶν
3242 596 3516 669 θηρωτὼν,
3565 599 3709 660 οὕτως
3751 604 3883 659 καὶὴ

2345 681 2499 752 ψυχὴ
2546 683 2573 738 η
2606 686 2678 752 μη
2720 686 2949 751 μένουσα
3001 684 3049 732 ἐν
3098 691 3159 752 τῇ
3211 692 3276 755 γῇ
3342 683 3526 757 ἐκείνη,
3588 694 3887 760 συμπνίγιται

2345 775 2434 821 καὶ
2487 768 2792 822 ἀπόλλυται.
2848 775 2947 821 Καὶ
3004 773 3087 821 ἐὰν
3144 778 3215 843 μὴ
3271 774 3370 845 ἔχη
3428 778 3481 824 τὸ
3526 783 3621 848 πῦρ
3672 775 3807 829 ἐκεῖνο
3842 782 3887 830 τὸ

2347 861 2512 911 θεῐκόν
2564 857 2677 909 ἀντι
2733 854 2975 929 βρώσεως
3023 864 3111 911 xui
3144 868 3341 922 ποσεως
3376 867 3460 913 καὶ
3496 860 3789 935 ἐνδυμάτων,
3816 873 3891 917 καὶ

2343 949 2675 1021 καθαρισμοῦ
2722 943 2965 1018 καρδίας,
3004 952 3091 999 καὶ
3137 948 3403 1021 ἀγιασμου
3448 950 3646 1022 ψυχῆς,
3699 958 3885 1025 κατέχει

2341 1055 2426 1087 ται
2469 1038 2569 1087 ύπό
2609 1044 2707 1087 τῶν
2746 1045 2981 1108 πονηρῶν
3036 1041 3358 1110 πνευμάτων,
3410 1045 3497 1091 καὶ
3553 1037 3889 1117 διαφθείρεται·

2339 1123 2515 1197 Ἡμεῖς
2554 1122 2611 1176 δε
2650 1129 2744 1177 σὺν
2789 1122 2998 1197 σπουδῇ
3058 1127 3393 1201 ζητήσωμεν,
3445 1129 3485 1180 εἰ
3543 1132 3813 1202 ἐσπάρημεν
3853 1130 3892 1183 ἐν

2340 1221 2401 1284 τῇ
2460 1214 2661 1287 ἀοράτῳ
2698 1222 2761 1285 γῇ
2815 1214 3001 1279 ἐκείνη,
3049 1221 3138 1268 καὶ
3183 1219 3526 1290 ἑφυτεύθημεν
3578 1220 3624 1270 ἐν
3672 1228 3728 1291 τῇ
3769 1219 3896 1272 ἐπον-

2339 1307 2499 1375 ρανίῳ
2544 1295 2774 1374 ἀμπέλῳ.
2822 1303 2955 1366 Δόξα
3008 1310 3115 1366 τοῖς
3164 1305 3453 1381 οίκτιρμοίς
3504 1308 3680 1360 αὐτοῦ.
3736 1310 3895 1381 Ἀμήν.

2945 1410 3065 1465 OM]
3076 1417 3189 1464 AIA
3226 1412 3323 1469 IE'.

2341 1512 2651 1589 Διδάσκει
2678 1515 2835 1589 αὕτη
2878 1518 2906 1574 ἡ
2952 1518 3173 1589 ὁμιλία
3203 1515 3314 1572 διὰ
3352 1520 3615 1588 πολλῶν,
3656 1531 3773 1583 πῶς
3804 1527 3899 1579 τὴν

2409 1587 2629 1659 ψυχὴν
2679 1586 2735 1637 ἐν
2776 1586 3084 1659 ἁγιότητι
3124 1597 3231 1642 καὶ
3270 1586 3705 1661 ἁγνότητικαὶ
3740 1593 3900 1645 κάθα-

2410 1678 2637 1732 ροτητι
2665 1662 2817 1737 πρὸς
2849 1664 2952 1711 τὸν
2983 1667 3254 1733 νυμφίον
3287 1665 3483 1725 αὐτῆς
3514 1671 3780 1737 Χριστόν
3810 1666 3901 1722 Ἰη-

2413 1740 2560 1809 σουν
2614 1735 2716 1781 τὸν
2766 1738 3026 1809 Σωτῆρα
3072 1742 3181 1785 τού
3213 1740 3483 1807 κόσμου,
3526 1734 3647 1809 χρη
3688 1734 3901 1788 διακεῖ-

2415 1804 2592 1873 σθαι.
2641 1808 2908 1873 Συνέχει
2951 1801 3031 1856 -δέ
3092 1825 3272 1867 τινας
3341 1801 3653 1868 ζητήσεις
3701 1808 3905 1867 πολλῆς

2412 1871 2855 1949 διδασκαλίας
2934 1879 3278 1948 γεμούσας,
3337 1875 3589 1937 δηλαδὴ
3638 1880 3686 1933 εἰ
3727 1883 3778 1931 ἐν
3845 1887 3899 1949 τῇ

2412 1945 2759 2019 ἀναστάσει
2791 1946 2900 1997 ὅλα
2931 1945 3188 2019 τάμέλη
3231 1949 3645 2017 ἀνίσταντοι;
3683 1955 3788 2003 Καὶ
3816 1945 3903 1999 ἆλ-

2410 2018 2523 2079 λας
2550 2023 2776 2090 μυρίας
2805 2024 2953 2094 περὶἶ
2990 2018 3098 2071 τοῦ
3137 2028 3357 2085 κακοῦ,
3390 2028 3500 2075 καὶ
3529 2032 3634 2082 τῆς
3669 2026 3905 2094 χάριτος

2410 2095 2516 2141 καὶ
2590 2098 2699 2141 τοῦ
2766 2091 3211 2157 αύτεξουσίου,
3271 2098 3377 2145 xui
3437 2103 3549 2156 τῆς
3589 2091 3904 2157 azioma;

2412 2168 2519 2213 τοῦ
2573 2167 2796 2232 γένους
2828 2170 2942 2213 τῶν
2970 2161 3364 2236 ἀνθρώπων.

2414 2257 2489 2312 Α’.
2535 2258 2734 2334 Ὠσπερ
2789 2258 2916 2334 ἀνὴρ
2976 2280 3055 2322 τις
3106 2262 3356 2323 πλούσιος
3417 2260 3640 2338 σφόδρα,
3682 2261 3906 2334 βασιλεὺς

2340 2342 2565 2413 ἔνδοξος,
2628 2348 2713 2399 ἑάν
2759 2344 3025 2419 εύδοκήση
3079 2347 3161 2401 ἐπὶ
3218 2358 3435 2420 γυναικὶ
3496 2357 3714 2424 πενιχρᾲ
3760 2346 3903 2421 μηδὲν

2338 2441 2646 2509 κεκτημένῃ,
2714 2437 2755 2487 εἰ
2805 2441 2875 2508 μὴ
2908 2442 3061 2509 μόνον
3118 2441 3173 2489 τὸ
3225 2436 3364 2491 ἴδιον
3422 2449 3594 2512 σῶμα,
3633 2445 3716 2491 xui
3745 2440 3904 2497 ταύτης

2337 2524 2559 2597 ἐραστὴς
2610 2528 2844 2597 γένηται,
2922 2531 3011 2578 καὶ
3067 2525 3303 2599 βουληθῇ
3374 2528 3542 2599 ἐαυτῷ
3598 2532 3785 2600 νύμφην
3830 2532 3903 2576 καὶ

2338 2633 2576 2665 σανοικον
2623 2615 2785 2673 αὐτὴν
2843 2614 3158 2687 ἀγαγέσθαι,
3231 2616 3446 2691 κάκείνη
3530 2619 3700 2671 λοιπὸν
3759 2622 3904 2667 πᾶσαν

2335 2705 2532 2753 εὔνοιαν
2589 2700 2911 2755 ἐνδείκνυται
2956 2712 3028 2772 τῷ
3083 2701 3256 2779 ἀνδρὶ,
3309 2712 3403 2758 καὶ
3453 2711 3548 2764 τὴν
3604 2709 3728 2780 πρὸς
3774 2704 3904 2755 αύτόν

2334 2789 2541 2862 ἀγάπην
2582 2791 2936 2852 ἀποσώςουσα
2976 2809 2989 2822 ο
3036 2789 3151 2845 ἰδού
3199 2796 3228 2851 ἡ
3264 2799 3500 2869 πενιχρὰ
3535 2798 3695 2852 εκείνη
3727 2797 3806 2845 και
3844 2790 3903 2842 ἐν·

2335 2876 2478 2944 δεὴς,
2512 2883 2541 2938 η
2570 2876 2735 2951 μηδὲν
2779 2886 3089 2953 κεκτημένη,
3131 2884 3335 2934 πάντων
3387 2882 3649 2937 δέσποινα
3680 2882 3903 2953 τυγχάνει

2332 2978 2430 3020 τῶν
2470 2977 2557 3021 τοῦ
2613 2966 2804 3043 ἀνδρὸς
2844 2970 3008 3031 αὐτῆς
3052 2972 3425 3043 ὑπαρχόντων,
3462 2974 3578 3027 Ἐὰν
3622 2970 3750 3026 δέτι
3787 2969 3906 3042 παρὰ

2255 3048 2295 3105 C
2331 3062 2389 3109 το
2444 3055 2558 3111 δέον
2598 3063 2686 3111 καὶ
2726 3057 3046 3131 ὀφειλόμενον
3087 3060 3288 3133 πραξη,
3335 3068 3431 3114 καὶ
3477 3069 3550 3134 μη
3608 3061 3906 3134 ἁρμοζόντως

2332 3147 2718 3219 ἀναστρέφηται
2764 3146 2810 3199 ἰν
2878 3156 2949 3218 τῷ
2994 3152 3119 3219 οἴκῳ
3168 3157 3259 3201 τοῦ
3328 3148 3532 3226 ἀνδρὸς
3588 3151 3765 3215 αὐτῆς,
3812 3147 3907 3197 τότε

2329 3241 2460 3308 μετά
2490 3236 2699 3309 ἀτιμίας
2738 3242 2823 3288 καὶ
2874 3238 3069 3310 ὕϐρεως
3116 3237 3445 3306 ἐκϐάλλεται,
3481 3244 3572 3301 τὰς
3604 3237 3699 3293 δύο
3747 3244 3909 3308 χεῖρας

2331 3325 2413 3377 ἐπὶ
2469 3344 2558 3385 της
2638 3325 2859 3397 κεφαλῆς
2927 3328 3095 3391 θεῖσα,
3146 3329 3383 3400 καθάπερ
3438 3334 3528 3381 καὶ
3571 3328 3618 3380 ἐν
3676 3335 3744 3397 τῷ
3787 3330 3906 3395 νόμῳ

2329 3418 2557 3474 Μωσέως
2604 3415 2876 3467 αἰνίττεται
2927 3420 3045 3486 περὶ
3099 3421 3351 3486 γυναικὸς
3404 3418 3781 3482 ἀνυποτάκτου,
3834 3415 3911 3462 καὶ

2328 3506 2399 3574 μὴ
2441 3506 2880 3577 χρησιμευούσης
2929 3512 3001 3575 τῷ
3027 3505 3186 3566 αὐτῆς
3222 3501 3403 3578 ἀνδρί.
3466 3512 3568 3560 Καὶ
3610 3511 3722 3559 τότε
3750 3503 3910 3555 λοιπὸν

2329 3587 2520 3650 ὀδύνην
2560 3598 2648 3645 καὶ
2697 3595 2881 3654 πένθος
2930 3593 3175 3665 μέγιστον
3227 3601 3453 3662 κτᾶται,
3510 3596 3826 3667 λογιζομένη,
3864 3588 3907 3650 ἐξ

2328 3684 2438 3733 οἴου
2480 3680 2704 3733 πλούτου
2733 3680 2956 3746 ἐξέπεσε,
3011 3688 3100 3734 καὶ
3138 3684 3250 3744 οἶας
3285 3680 3457 3748 δόξης
3509 3684 3655 3746 ἐκτός
3706 3686 3910 3753 γέγονεν,

2329 3769 2680 3843 ἀτιμασθεῖσα
2716 3768 2808 3822 διὰ
2832 3775 2923 3829 τὴν
2952 3770 3245 3844 ἀφροσύνην
3278 3774 3416 3833 αὐτῆ
3431 3796 3473 3837 ς.

2399 3880 2470 3931 B'.
2500 3878 2653 3929 Οὓτω
2682 3883 2771 3929 καὶ
2812 3877 2967 3950 ψυχὴ
3006 3881 3065 3937 ἦν
3118 3881 3178 3930 ἄν
3221 3885 3634 3950 μνηστεύσηται
3679 3874 3913 3949 νύμφηνὸ

2328 3968 2628 4043 ἐπουράνιος
2652 3972 2868 4039 νυμφίος
2899 3972 3150 4042 Χριστὸς,
3183 3972 3311 4042 πρὸς
3370 3976 3469 4029 τὴν
3529 3971 3713 4024 ἑαυτοῦ
3738 3983 3912 4039 μυστι-

2327 4064 2421 4117 κὴν
2467 4062 2555 4109 καὶ
2612 4058 2748 4109 θείαν
2801 4061 3091 4125 κοινωνίαν,
3170 4063 3257 4111 καὶ
3297 4064 3567 4129 γεύσηται
3634 4058 3910 4128 ἐπουρανίου

2328 4146 2572 4214 πλούτου,
2618 4144 2665 4196 ἐν
2708 4145 2865 4217 πολλῇ
2930 4142 3138 4219 σπουδῇ
3181 4154 3425 4218 γνησίως
3479 4149 3715 4223 ἀρέσκειν
3749 4141 3913 4216 ὀφείλει

2324 4243 2394 4306 τῷ
2426 4236 2579 4295 αὐτῆς
2618 4241 2883 4306 μνηστῆρι
2924 4242 3156 4309 Χριστῷ,
3202 4242 3291 4289 καὶ
3355 4243 3455 4297 την
3498 4246 3591 4290 τοῦ
3646 4239 3913 4303 Πνεύματος

2326 4319 2615 4389 διακονίαν,
2676 4325 2737 4381 ἦν
2778 4322 3203 4394 ἐμπεπίστευται,
3257 4321 3485 4389 δεόντως
3541 4330 3631 4378 καὶ
3687 4322 3913 4396 ἀρμοξ6ν’

549 4412 783 4485 placeat
806 4414 922 4466 Deo
946 4412 1002 4465 in
1027 4411 1333 4476 omnibus,
1352 4417 1408 4466 et
1429 4412 1711 4483 Spiritum
1732 4413 1794 4468 in
1814 4413 1979 4469 nulla
1996 4430 2056 4470 re
2070 4430 2215 4471 con-

2327 4433 2418 4472 τως
2448 4412 2754 4486 ἐκπληροῦν,
2805 4420 2876 4483 τῷ
2909 4411 3142 4485 ἀρέσκειν
3183 4414 3252 4484 τῷ
3308 4424 3431 4469 Θεῶ
3475 4417 3524 4467 ἐν
3565 4423 3715 4479 πᾶσι,
3754 4416 3835 4463 καὶ
3870 4412 3917 4458 τὸ

550 4500 753 4571 tristet,
776 4517 844 4555 ac
869 4500 1221 4572 praeclaram
1246 4515 1388 4569 erga
1412 4501 1576 4556 illum
1605 4502 1965 4557 modestiam
1991 4509 2046 4558 et
2067 4504 2210 4560 dile-

548 4591 804 4647 ctionem
838 4590 1118 4646 decenter
1148 4596 1478 4658 conservet,
1511 4597 1691 4662 atque
1724 4590 1781 4645 in
1814 4594 1997 4647 domo
2037 4593 2209 4649 cccle-

548 4681 652 4737 stis
674 4681 847 4750 Regis
874 4685 1028 4736 recte
1053 4688 1454 4749 conversetur,
1480 4680 1672 4751 sitque
1708 4696 1992 4735 concessa
2018 4683 2208 4752 gratia

541 4770 659 4842 ipsi
689 4771 749 4827 in
788 4770 1072 4825 omnibus
1104 4775 1273 4841 grata
1305 4776 1361 4824 et
1406 4776 1673 4841 accepta.
1718 4772 1861 4824 Ecce
1911 4770 2206 4840 ejusmodi

545 4861 746 4917 anima
769 4860 1041 4915 omnium
1063 4859 1293 4913 Domini
1313 4860 1611 4914 bonorum
1633 4857 1882 4914 domina
1898 4860 2203 4915 constitui-

543 4954 653 5016 tur,
682 4955 859 5021 atque
886 4949 1014 5020 ipse
1042 4947 1327 5019 splendor
1348 4947 1677 5002 divinitatis
1703 4963 1923 5017 corpus
1943 4949 2070 5018 ejus
2101 4964 2204 5004 ex-

540 5040 706 5096 sistit.
743 5039 799 5095 Si
825 5053 960 5093 vero
988 5037 1135 5108 quid
1162 5037 1469 5099 aberrarit,
1490 5052 1559 5090 ac
1575 5036 1721 5091 citra
1752 5036 2040 5092 decorum
2072 5054 2200 5107 ege-

538 5129 611 5186 rit
635 5127 781 5201 quid
830 5128 889 5181 in
938 5125 1269 5181 ministerio
1320 5142 1451 5190 suo,
1511 5140 1617 5179 nec
1648 5130 1816 5195 grata
1864 5127 1914 5180 ei
1966 5125 2190 5195 fecerit,

539 5235 648 5275 nec
680 5216 971 5273 voluntati
1002 5215 1129 5287 ejus
1160 5215 1447 5285 paruerit,
1482 5229 1675 5285 neque
1707 5221 2029 5286 cooperata
2059 5232 2196 5272 cum

541 5309 734 5376 gratia
772 5306 1027 5377 Spiritus
1067 5320 1269 5359 secum
1318 5302 1629 5358 habitante
1659 5302 1846 5373 fuerit,
1883 5310 2023 5359 tunc
2074 5320 2195 5361 non

540 5396 770 5468 absque
801 5393 1162 5450 contumelia
1190 5408 1259 5448 ac
1300 5392 1614 5456 dedecore,
1660 5391 1890 5449 honore
1932 5394 2190 5460 exuitur,

537 5501 606 5541 ac
619 5486 885 5557 privatur
898 5485 1013 5539 vita
1030 5490 1318 5554 tanquam
1341 5480 1562 5537 inutilis
1576 5480 1803 5548 effecta,
1824 5482 2191 5554 minimeque

534 5580 679 5651 apta
722 5572 989 5629 societati
1034 5571 1286 5629 cwlestis
1320 5571 1517 5643 Regis.
1550 5572 1628 5627 Ac
1660 5570 1900 5628 tandem
1942 5577 2189 5644 propter

2324 4508 2531 4574 Πνεῦμα
2588 4500 2634 4552 ἐν
2664 4497 2853 4574 μηδενὶ
2901 4501 3095 4567 λυπεῖν,
3153 4508 3242 4555 καὶ
3298 4509 3399 4563 τὴν
3428 4506 3594 4563 καλὴν
3626 4506 3750 4576 πρὸς
3780 4498 3915 4550 αὐτὸν

2323 4594 2661 4664 σωφροσύνην
2725 4590 2814 4642 καί
2882 4589 3091 4660 ἀγάπην
3148 4599 3537 4665 προσηκόντως
3601 4599 3787 4663 τηρεῖν,
3842 4589 3918 4637 καὶ

2320 4679 2366 4731 ἐν
2410 4689 2479 4752 τῷ
2520 4684 2643 4752 οἴκῳ
2693 4688 2782 4732 τοῦ
2828 4683 3134 4752 ἐπουρανίου
3175 4682 3438 4743 Βασιλέως
3486 4683 3654 4741 καλῶς
3685 4679 3915 4749 ἀναστρέ-

2318 4770 2502 4839 φεσθαι
2533 4769 2579 4820 ἐν
2633 4772 2775 4842 πάσῃ
2833 4770 3002 4841 εὐνοίᾳ
3054 4778 3143 4829 τῆς
3206 4767 3464 4833 δοθείσης
3496 4774 3744 4845 χάριτος.
3789 4762 3913 4820 ’ἰδοὺ

2315 4858 2344 4914 ἠ
2411 4860 2625 4915 τοιαύτη
2681 4858 2833 4929 ψυχὴ
2886 4860 3088 4910 πάντων
3148 4868 3247 4910 τῶν
3311 4869 3411 4912 τοῦ
3474 4863 3675 4933 Κυρίου
3730 4856 3913 4926 ἀγαθῶν

2316 4941 2567 4998 δέσποινα
2596 4949 2927 5013 καθίσταται,
2972 4952 3062 4998 καὶ¹
3112 4948 3234 4999 αὐτὸ
3268 4952 3326 5000 τὸ
3384 4946 3604 5012 ἔνδοξον
3636 4956 3725 5007 τῆς
3756 4947 3914 4998 θεότη-

2312 5052 2399 5097 τος
2428 5035 2608 5101 αύτοῡ,
2677 5044 2827 5107 σῶμα
2874 5040 3030 5095 αὐτῆς
3083 5038 3365 5107 τυγχάνει.
3421 5042 3524 5093 Ἀν
3558 5036 3618 5090 δὲ
3650 5036 3809 5108 σφα)ιῇ
3849 5050 3910 5093 τι»

2309 5128 2565 5199 καὶπαρά
2608 5129 2663 5177 τὸ
2705 5121 2820 5177 δέον
2852 5124 3021 5198 πράξῃ
3056 5126 3103 5176 ἐν
3154 5134 3213 5198 τῇ
3246 5122 3505 5200 διακονίᾳ
3538 5128 3723 5189 αὐτῆς,
3753 5127 3832 5176 καὶ
3858 5121 3915 5171 τὰ

2309 5211 2504 5287 ἀρεστά
2534 5214 2669 5284 αὐτῷ
2717 5214 2773 5265 οὐ
2829 5216 3055 5288 πράττη,
3086 5215 3273 5285 καὶτῷ
3320 5217 3589 5288 θελήματι
3635 5216 3790 5269 αὑτοῦ
3826 5210 3911 5262 οὐκ

2307 5300 2637 5374 ἐξακολουθῇ,
2696 5306 2811 5355 οὔτε
2862 5308 3110 5374 συνεργὸς
3158 5312 3249 5364 τῆς
3310 5308 3590 5367 συνούσης
3630 5310 3721 5358 τοῦ
3765 5300 3910 5355 Πνεύ·

2301 5410 2463 5462 ματος
2517 5394 2738 5465 χάριτος
2783 5398 3018 5465 γίνηται,
3076 5400 3191 5447 τότε
3239 5398 3380 5465 μετά
3422 5395 3625 5470 ὕϐρεως
3685 5394 3911 5467 ἀπρεπῶς

2303 5480 2633 5553 ἀτιμάζεται,
2684 5487 2771 5535 καὶ
2844 5482 3150 5555 ἀφορίζεται
3210 5490 3301 5543 τῆς
3376 5484 3523 5545 ζωῆς
3601 5488 3664 5545 ὡς
3733 5481 3909 5555 ἀχρεῖα

2299 5574 2562 5644 γενομένη,
2622 5575 2711 5625 καὶ
2765 5569 3122 5636 ἀνεπιτήδειος
3181 5578 3238 5645 τῇ
3304 5579 3564 5650 κοινωνίᾳ
3626 5580 3722 5627 τοῦ
3775 5574 3909 5625 ἀπου-
