4034 6202
175 280 265 340 577
1402 272 1739 335 HOMILUE.
1778 310 1847 322 -
1897 274 2075 337 HOM.
2108 277 2224 336 XV.

3395 291 3503 348 578

166 412 329 482 ρανίου
385 405 662 479 βασιλέως.
721 408 821 459 Καὶ
865 403 1043 457 λοιπόν
1099 401 1179 455 ἔπ’
1226 402 1387 475 έκείνη
1437 410 1500 474 τῇ
1554 402 1728 474 ψυχῇ,

1846 400 2011 457 illam
2038 402 2308 459 animam
2334 405 2587 472 tristitia,
2615 408 2786 466 dolor
2808 425 2877 467 ac
2905 410 3102 468 luctus
3128 428 3339 471 omnes
3359 430 3502 471 san-

164 498 285 557 λύπη
331 500 416 548 καὶ
444 491 628 560 ὀδύνη,
678 496 768 546 καὶ
815 493 1082 565 κλαυθμός
1109 497 1271 545 πᾶσιν
1319 491 1485 562 ἁγίοις
1513 495 1603 543 καὶ
1634 509 1738 542 νοε-

161 593 253 658 ροίς
275 587 527 657 πνεύμασι
573 587 770 654 γίνεται
804 599 817 613 ·
849 581 1079 654 ἄγγελοι,
1116 577 1380 653 δυνάμεις,
1431 578 1732 646 ἀπόστολοι,

160 681 418 749 προφῆται,
448 674 707 747 μάρτυρες
736 671 1005 725 κλαίουσιν
1036 668 1111 724 ἐπ’
1132 670 1289 744 αὐτῇ.

218 762 285 816 Γ¹.
313 762 506 835 Ὠσπερ
536 764 638 835 γὰρ
668 764 846 835 χαρὰ
881 765 1181 834 γίγνεται
1222 758 1281 812 ἰν
1320 759 1586 833 οὐρανῷ,
1614 762 1682 821 ὡς
1708 759 1733 811 ὁ

162 855 327 926 Κύριος
374 848 524 916 εἶπεν,
580 851 683 905 ἰπὶ
721 851 809 905 ένὶ
858 849 1213 926 ἁμαρτωλῷ
1251 857 1679 923 μετανοοῦντι
1712 866 1726 879 “

157 942 299 1002 οὕτως
324 939 457 998 λύπη
484 939 645 999 πολλὴ
678 945 767 993 καὶ
796 939 1059 1013 κλαυθμὸς
1105 938 1154 992 ἐν
1178 940 1250 1010 τῷ
1276 938 1477 1011 οὐρανῷ
1508 943 1728 1009 γίνεται,

156 1032 225 1081 ἰπὶ
238 1035 327 1101 μιᾷ
343 1028 498 1101 ψυχῇ
518 1029 888 1102 ἀποπιπτούσῃ
915 1037 1004 1090 τῆς
1021 1028 1231 1081 αἰωνίου
1252 1030 1356 1090 ζωῆ
1371 1048 1410 1090 ς.
1438 1032 1536 1080 Καὶ
1558 1029 1730 1099 ὥσπερ

157 1117 226 1170 ἰπὶ
254 1127 337 1179 τῆς
378 1126 477 1190 γῆς
506 1120 632 1171 ἱπάν
674 1138 754 1181 τις
799 1118 1052 1181 πλούσιος
1104 1116 1338 1190 ἀποθάνῃ
1394 1114 1544 1191 ἀνὴρ,
1599 1119 1731 1189 μετά

154 1203 415 1279 μελῳδιῶν,
464 1211 554 1261 καὶ
604 1209 815 1281 θρήνου,
863 1212 952 1261 καὶ
1002 1214 1223 1261 κοπετοῦ
1273 1204 1602 1277 έκκομίζεται
1640 1213 1731 1259 τοῦ

154 1294 257 1367 βίον
298 1297 397 1349 ὐπὸ
454 1304 553 1349 τῶν
610 1293 760 1349 ἰδίων
808 1292 1061 1369 ἀδελφῶν,
1116 1300 1205 1349 καὶ
1256 1299 1388 1371 πρὸς
1443 1304 1727 1367 συγγενῶν,

151 1392 224 1438 καὶ
251 1385 419 1457 φίλων,
466 1389 559 1438 καὶ
602 1389 878 1459 γνωρίμων
919 1400 934 1415 ⁸
972 1385 1137 1447 οὕτως
1187 1390 1278 1437 καὶ
1326 1388 1410 1437 Eni.
1457 1392 1519 1457 τῇ
1568 1384 1722 1457 ψυχῇ

150 1472 288 1548 ἐκείνη
349 1476 541 1535 πάντες
592 1476 642 1528 οἰ
717 1473 860 1546 ἅγιοι
916 1475 1166 1527 πενθοῦσι
1229 1477 1362 1548 μετὰ
1423 1475 1588 1532 θήνων
1639 1478 1728 1526 καὶ

149 1560 409 1636 μελῳδιῶν.
466 1568 567 1617 Καὶ
595 1566 696 1639 γὰρ
750 1562 985 1635 ἀλλαχοῦ
1030 1570 1187 1617 τοῦτο
1216 1570 1246 1622 ἡ
1280 1568 1457 1638 Γραφὴ
1510 1564 1728 1616 αἰνίττε-

150 1671 219 1705 ται
242 1652 485 1725 λέγουσα,
516 1656 811 1706 πέπτωκε
850 1658 1060 1720 πίτυς,
1103 1654 1418 1719 πενθεῖτε,
1455 1649 1685 1727 κέδροι
1712 1667 1724 1680 ·

149 1745 296 1815 ὥσπερ
343 1745 452 1817 γὰρ
483 1744 509 1795 ὁ
547 1741 765 1818 Ἰσραὴλ
816 1743 896 1795 ὅτε
946 1738 1119 1795 έδόκει
1172 1742 1461 1817 εὐαρεστεῖν
1518 1740 1590 1813 τῷ
1645 1748 1729 1795 Δε-

149 1835 313 1904 σπότη,
366 1832 415 1885 εἰ
465 1836 553 1885 καὶ
606 1828 869 1903 μηδέποτε
916 1832 970 1884 ὃν
1011 1828 1095 1885 δεῖ
1147 1835 1337 1907 τρόπον
1388 1832 1726 1904 εὐηρέστησε,

147 1922 308 1973 στύλον
331 1922 544 1994 νεφέλης
575 1918 718 1994 εἶχεν
770 1919 1164 1987 έπισκιάςοντα,
1216 1926 1309 1974 καὶ
1341 1921 1528 1975 στύλον
1565 1931 1729 1996 πυρὸς

144 2011 543 2081 καταυῄζοντα,
576 2010 845 2063 θάλασσαν
900 2009 1033 2083 έὼρα
1063 2010 1387 2083 σχιζομένην
1440 2014 1729 2085 ἔμπροσθεν

147 2098 302 2165 αὐτοῦ,
355 2096 508 2173 ὕδωρ
555 2099 614 2153 ἐκ
668 2104 862 2173 πέτρας
917 2096 1131 2172 διαυγες
1182 2098 1517 2173 ἐξερχόμενον
1546 2123 1559 2135 θ
1621 2100 1730 2155 ἐπεὶ

147 2184 193 2240 δὲ
233 2187 498 2263 ἐστρέφετο
527 2190 553 2242 ό
582 2196 697 2250 νοῦς
745 2190 934 2260 αὐτῶν,
985 2194 1075 2242 καὶ
1103 2191 1134 2247 ἡ
1168 2195 1475 2263 προαίρεσις
1514 2190 1615 2244 ἀπὸ
1640 2199 1729 2245 τοῦ

145 2284 275 2343 Θεοῦ,
317 2282 441 2331 τότε
482 2282 632 2351 ὄφεσι
678 2274 1049 2351 παρεδίδοντο,
1095 2284 1185 2331 καὶ
1233 2286 1339 2339 τοῖς
1386 2278 1602 2354 έχθροῖς
1633 2281 1730 2333 αὐ-

142 2374 243 2431 τῶν,
289 2366 334 2419 έν
381 2366 791 2439 αἰχμαλωσίαις
834 2364 1026 2428 δειναῖς
1081 2366 1423 2441 ἀπαγόμενοι,
1465 2374 1553 2422 καὶ
1606 2367 1729 2423 δου-

141 2455 277 2517 λείαις
310 2464 535 2528 πικραῖς
572 2456 927 2529 ἰξεταζόμενοι
987 2475 1000 2488 ’
1056 2460 1115 2510 τὸ
1174 2457 1301 2510 αὐτὸ
1359 2460 1567 2522 πάντως
1636 2466 1725 2513 καὶ

143 2543 212 2596 ἐπὶ
258 2554 349 2598 τῶν
396 2544 599 2617 ψυχῶν
651 2548 797 2618 ἡμῶν
835 2550 1055 2618 γίνεται.
1106 2554 1269 2599 Τοῦτο
1319 2543 1377 2600 δὲ
1431 2554 1520 2600 καὶ
1568 2547 1616 2601 έν
1657 2547 1727 2621 τῷ

141 2641 350 2709 προφήτῃ
416 2635 669 2696 Ἰεζεκιὴλ
740 2643 1010 2707 μυστικῶς
1085 2635 1326 2709 έμφαῖνον
1402 2640 1459 2689 τὸ
1520 2644 1729 2706 Πνεῦμα

141 2728 241 2795 περὶ
288 2733 380 2786 τῆς
435 2726 686 2785 τοιαύτης
736 2724 945 2797 ψυχῆς,
997 2727 1169 2800 ὥσπερ
1216 2724 1573 2800 Ἰερουσαλὴμ,
1627 2728 1727 2780 ῖλε-

143 2814 458 2889 γιΨΕὗρόν
504 2832 593 2881 σε,
635 2818 817 2886 φησὶν,
860 2814 917 2866 έν
955 2822 1027 2887 τῇ
1065 2812 1274 2887 έρήμῳ
1312 2820 1580 2888 γυμνὴν,
1620 2822 1726 2870 καὶ

145 2900 353 2956 ἔλουσά
384 2923 453 2957 σε
485 2902 555 2956 ἐκ
586 2911 694 2956 τοῦ
724 2900 965 2967 ὕδατος
998 2912 1108 2964 τῆς
1139 2902 1558 2979 ἀκαθαρσίας
1592 2926 1724 2972 σου,

145 2996 234 3044 καὶ
268 2989 544 3046 ἰνέδυσά
576 3012 641 3046 σε
667 2990 932 3065 ἔνδυμα,
961 2996 1070 3045 καὶ
1108 2992 1339 3064 ψέλλια
1377 2997 1729 3068 περιέθηκα

1846 496 1972 546 ctos
2001 498 2057 547 et
2087 491 2512 549 intellectuales
2552 497 2796 568 spiritus
2822 499 3090 558 invadit:
3134 504 3355 573 angeli,
3389 519 3500 575 po-

1848 584 2109 646 testates,
2144 582 2415 652 apostoli,
2449 585 2776 657 prophetae,
2809 594 3105 662 martyres
3136 590 3343 663 lugent
3371 593 3503 664 ejus

1844 682 2057 724 νιοθω.

1915 757 2006 811 ΙΙΙ.
2037 759 2562 823 Quemadmodum
2602 765 2761 821 enim
2790 768 3080 837 gaudium
3119 776 3203 825 est
3232 770 3298 826 in
3338 772 3497 836 caelo,

1847 850 1909 901 ut
1930 846 2079 903 dixit
2101 850 2410 917 Dominus,
2433 866 2614 921 super
2629 869 2748 909 uno
2765 863 3077 925 peccatore
3089 859 3496 926 penitentiam

1842 941 2052 1005 agente
2074 938 2140 1002 “,
2174 938 2255 995 ita
2283 940 2514 997 tristitia
2536 942 2723 998 multa
2747 951 2835 1001 est
2860 945 3122 1003 etluctus
3141 948 3202 1003 in
3231 949 3380 1004 coelo
3403 966 3498 1004 su-

1842 1039 1949 1096 per
1968 1042 2088 1083 una
2115 1027 2339 1095 anima,
2365 1045 2502 1100 quae
2524 1031 2742 1087 excidit
2761 1034 2882 1089 vita
2912 1039 3157 1091 aeterna.
3186 1039 3251 1091 Et
3280 1053 3497 1110 quem-

1842 1115 2175 1172 admodum
2222 1116 2282 1172 in
2324 1119 2510 1181 terris,
2544 1120 2591 1175 si
2629 1120 2764 1192 quis
2794 1121 3060 1195 locuples
3103 1125 3187 1179 vir
3226 1131 3499 1181 mortuus

1842 1202 2036 1269 fuerit,
2079 1221 2215 1260 cum
2250 1212 2429 1262 cantu
2463 1207 2722 1278 lugubri,
2764 1209 3192 1268 lamentatione
3232 1228 3303 1268 ac
3333 1212 3500 1285 plan-

1840 1297 1936 1349 ctu
1960 1292 2200 1351 effertur
2227 1311 2258 1350 e
2284 1294 2404 1352 vita
2432 1312 2539 1368 per
2563 1312 2705 1354 suos
2734 1297 2963 1365 fratres,
2992 1302 3497 1373 consanguineos,

1839 1382 2069 1438 amicos
2091 1398 2161 1439 ac
2187 1383 2509 1441 familiares
2535 1405 2547 1444 :
2583 1386 2666 1441 sic
2694 1402 2936 1460 quoque
2958 1394 3202 1460 propter
3219 1405 3354 1445 eam
3372 1389 3498 1446 ani-

1840 1486 2005 1526 mam
2022 1487 2234 1527 omnes
2265 1474 2454 1529 sancti
2478 1473 2683 1545 lugent
2706 1474 3136 1533 lamentatione
3154 1494 3223 1533 ac
3245 1493 3391 1534 voce
3412 1477 3497 1533 lu-

1839 1560 2034 1630 gubri.
2064 1560 2215 1617 Alibi
2238 1562 2400 1617 enim
2418 1564 2719 1635 Scriptura
2739 1564 2817 1621 ad
2840 1564 2955 1620 hoc
2977 1565 3239 1621 obscure
3264 1565 3494 1631 alludit,

1840 1648 2152 1721 inquiens:
2181 1650 2401 1707 Cecidit
2429 1652 2631 1720 pinus,
2666 1653 2879 1723 lugete,
2908 1654 3077 1710 cedri
3096 1656 3162 1710 ‘5.
3193 1654 3499 1720 Quemad-

1843 1738 2091 1794 modum
2113 1738 2273 1795 enim
2290 1740 2550 1812 populus
2568 1741 2766 1806 Israel,
2787 1757 2923 1796 cum
2945 1742 3243 1799 videretur
3264 1741 3499 1814 placere

1838 1827 2111 1894 Domino,
2140 1830 2419 1899 quamvis
2444 1828 2608 1886 nullo
2630 1830 2834 1895 modo,
2873 1846 2995 1902 quo
3026 1829 3255 1895 debuit,
3289 1832 3340 1887 ei
3370 1831 3497 1903 pla-

1837 1917 2042 1987 cuerit,
2084 1917 2431 1974 columnam
2470 1918 2649 1974 nubis
2698 1919 2963 1975 habebat
3001 1920 3494 1988 obumbrantem,

1843 2004 1894 2075 5
1908 2003 1959 2074 3
1976 2009 2033 2059 et
2046 2004 2381 2061 columnam
2394 2005 3147 2074 iguisillustrantem.mare
3163 2006 3501 2063 videbatdi-

1839 2094 1959 2147 vidi
1982 2109 2185 2149 coram
2208 2094 2373 2165 ipsis,
2399 2110 2469 2150 ac
2484 2094 2795 2165 limpidam
2821 2111 3044 2166 aquam
3068 2112 3099 2150 e
3119 2101 3288 2167 petra
3303 2111 3497 2152 erum—

1838 2197 1980 2253 pere
1996 2184 2075 2238 “:
2102 2188 2423 2255 postquam
2447 2198 2588 2238 vero
2609 2199 2820 2239 aversa
2837 2190 2927 2239 est
2948 2199 3118 2239 mens
3136 2189 3193 2240 et
3216 2184 3496 2241 voluntas

1839 2286 2046 2327 eorum
2086 2287 2122 2327 a
2155 2274 2293 2340 Deo,
2331 2277 2454 2327 tum
2490 2272 2867 2344 serpentibus
2902 2272 3095 2328 traditi
3127 2278 3182 2328 et
3221 2272 3496 2328 hostibus

1839 2358 1986 2425 suis,
2009 2376 2078 2414 ac
2095 2361 2154 2415 in
2172 2360 2580 2432 captivitatem
2604 2362 3004 2416 miserrimam
3026 2361 3293 2427 abducti,
3317 2366 3497 2433 atque

1839 2448 2223 2504 servitutibus
2250 2450 2417 2504 duris
2438 2449 2644 2505 tentati
2672 2456 2842 2504 sunt:
2874 2449 3035 2505 idem
3067 2465 3317 2521 prorsus
3337 2465 3494 2521 quo-

1836 2552 1954 2607 que
1982 2538 2197 2593 animis
2224 2539 2443 2593 nostris
2474 2537 2780 2607 contingit.
2819 2538 2988 2603 Quod
3017 2538 3220 2610 ipsum
3253 2553 3499 2611 quoque

1838 2640 1943 2695 per
1973 2626 2331 2698 prophetam
2360 2627 2720 2683 Ezechielem
2749 2628 2996 2699 mystice
3014 2642 3145 2683 com
3158 2632 3497 2683 monstrans

1840 2714 2087 2785 Spiritus
2118 2715 2191 2770 de
2215 2714 2569 2786 hujusmodi
2592 2717 2815 2781 anima,
2847 2716 3001 2771 velut
3038 2716 3111 2770 de
3142 2715 3494 2781 Jerusalem,

1839 2801 2235 2874 loquebatur:
2270 2806 2475 2860 Inveni
2500 2810 2570 2870 te,
2595 2805 2806 2877 inquit,
2831 2806 2893 2859 in
2920 2805 3148 2861 deserto
3176 2805 3423 2869 nudam,
3443 2810 3497 2861 et

1837 2892 2004 2947 ablui
2034 2899 2088 2948 te
2119 2908 2277 2963 aqua
2307 2893 2381 2949 ab
2411 2894 2761 2961 impuritate
2792 2900 2918 2958 tua,
2950 2896 3004 2949 et
3033 2893 3206 2947 indui
3235 2900 3290 2949 te
3329 2893 3499 2949 vesti-

1838 2985 2052 3045 mento,
2098 2985 2152 3037 et
2182 2982 2456 3038 armillas
2502 2981 2903 3050 circumposui
2949 2981 3222 3036 manibus
3277 2981 3412 3047 tuis,
3442 2986 3497 3038 et

145 3078 194 3131 ἰν
227 3089 356 3143 ταῖς
415 3085 622 3157 χερσί
682 3100 816 3147 σου,
879 3086 987 3135 καὶ
1050 3089 1368 3154 μανιάκια
1427 3088 1573 3157 περὶ
1624 3088 1728 3136 τὸν

1842 3074 2073 3140 tarques
2087 3070 2247 3126 circa
2265 3071 2484 3126 collum
2501 3076 2749 3135 tuum,et
2761 3069 3004 3125 inaures
3016 3069 3076 3124 in
3093 3068 3341 3125 auribus
3356 3069 3495 3134 tuis,

145 3172 455 3242 τράχηλόν
503 3189 639 3237 σου,
698 3175 805 3224 καὶ
845 3172 1072 3223 ἰνώτια
1128 3169 1187 3222 έν
1223 3179 1359 3233 τοῖς
1415 3172 1534 3225 ὠσί
1592 3192 1725 3246 σου,

145 3263 235 3311 καὶ
266 3259 488 3331 ἐγένου
528 3280 638 3333 μοι
669 3259 994 3332 ὀνομαστή
1030 3259 1089 3313 ἐν
1116 3266 1279 3314 πᾶσι
1318 3269 1448 3323 τοῖς
1487 3264 1727 3318 ἔθνεσι.

148 3345 497 3420 σεμίδαλιν,
538 3354 651 3403 καὶ
687 3349 923 3413 ἔλαιον,
963 3354 1071 3403 καὶ
1131 3348 1273 3422 μέλι
1334 3353 1580 3424 ἔφαγες,
1621 3358 1729 3406 καὶ

145 3434 219 3498 εἰς
263 3438 538 3515 ὕστερον
608 3437 923 3492 ἰπελάθου
975 3446 1093 3491 τῶν
1151 3438 1532 3512 εὐεργεσιῶν
1588 3462 1726 3515 μου,

142 3532 235 3579 καὶ
269 3527 623 3602 έπορεύθης
685 3528 890 3601 όπίσῳ
952 3536 1068 3581 τῶν
1108 3527 1393 3604 έραστῶν
1445 3550 1577 3598 σου,
1622 3538 1727 3586 καὶ

146 3614 523 3692 ἰπόρνευσας
559 3617 616 3671 ἰν
647 3618 957 3692 αἰσχύνῃ.

201 3706 263 3759 Δ’.
295 3710 483 3771 Οὕτως
530 3712 620 3762 καὶ
666 3707 821 3780 ψυχῇ
871 3715 934 3779 τῇ
967 3703 1059 3761 διὰ
1088 3716 1185 3769 τῆς
1231 3709 1451 3783 χάριτος
1490 3708 1729 3783 ἐπιγινω-

145 3798 322 3871 σκούσῃ
366 3802 459 3851 τὸν
502 3800 647 3862 Θεὸν,
696 3800 753 3849 τὸ
786 3803 996 3869 Πνεῦμα
1050 3804 1314 3871 παραινεῖ,
1348 3800 1464 3861 ἣτις
1511 3802 1729 3873 καθαρι-

144 3886 308 3939 σθείσα
337 3888 440 3941 ἀπό
474 3895 576 3939 τῶν
602 3890 860 3961 προτέρων
891 3884 1158 3962 ἁμαρτιῶν
1190 3892 1280 3939 καὶ
1317 3894 1425 3951 τοῖς
1456 3896 1548 3941 τοῦ
1573 3888 1725 3961 ἁγίου

144 3977 413 4049 Πνεύματος
472 3980 713 4048 κοσμίοις
787 3978 1140 4049 κοσμηθεῖσα,
1195 3981 1287 4030 καὶ
1361 3977 1727 4050 μεταλαϐοῦσα

146 4062 262 4126 θείας
310 4073 401 4120 καὶ
488 4064 796 4141 ἐπουρανίου
866 4074 1079 4139 τροφῆς,
1148 4070 1219 4138 μὴ
1296 4063 1513 4127 δεόντως
1566 4062 1625 4120 δε
1677 4068 1725 4119 έν

144 4151 285 4227 πολλῇ
342 4160 541 4228 γνώσει
599 4154 1039 4229 ἀναστρεφομένη,
1106 4161 1196 4208 καὶ
1268 4155 1600 4229 ἁρμοζόντως
1650 4160 1722 4229 μὴ

144 4250 360 4314 τηροῦσα
435 4248 535 4303 τὴν
618 4243 945 4317 ὀφειλομένην
1018 4241 1090 4317 τῷ
1164 4246 1450 4318 ἑπουρανίῳ
1524 4250 1726 4319 νυμφίῳ

148 4330 341 4404 Χριστῷ
394 4337 599 4387 εὔνοιαν
649 4338 739 4386 καὶ
796 4332 1023 4405 ἀγάπην,
1079 4332 1453 4409 ἀπορῥίπτεται
1498 4340 1588 4389 καὶ
1641 4334 1728 4387 ἐκ·

145 4416 364 4476 ϐαλλεται
411 4430 509 4484 τῆς
557 4423 696 4485 ζωῆς
727 4423 785 4484 ἧς
814 4441 937 4476 ποτε
986 4426 1215 4496 μέτοχος
1261 4428 1457 4496 γέγονε.
1505 4428 1727 4478 Δύναται

144 4511 232 4583 γὰρ
260 4514 285 4563 ὀ
310 4518 548 4575 Σατανᾶς
599 4516 689 4565 καὶ
738 4516 869 4585 μετά
923 4520 1023 4565 τῶν
1075 4510 1301 4584 ἒχόντων
1358 4521 1578 4567 τοιαῦτα
1631 4519 1723 4588 μέ-

143 4615 230 4670 τρα
274 4600 590 4676 ἐπαίρεσθαι
640 4605 731 4655 καὶ
780 4600 1070 4673 ὑψοῦσθαι,
1144 4607 1234 4655 καὶ
1304 4604 1440 4655 κατά
1490 4612 1588 4656 τῶν
1642 4607 1727 4657 τὸν

145 4689 252 4739 Θεὸν
301 4689 349 4742 ἰν
402 4693 599 4765 χάριτι
652 4696 743 4744 καὶ
814 4686 1035 4753 δυνάμει
1088 4690 1417 4762 έπιγνόντων,
1472 4691 1642 4765 ἀκμὴν
1694 4694 1723 4751 ἡ

143 4782 287 4832 κακία
335 4782 628 4854 ἰπαίρεται,
688 4785 778 4833 καὶ
831 4778 1143 4851 ἀγωνίζεται
1196 4781 1506 4855 καταράξαι.
1564 4783 1730 4853 Ἀγω-

142 4869 327 4921 νιστέον
374 4874 550 4923 τοίνυν
606 4873 697 4923 καὶ
757 4870 1186 4942 παραφυλακτέον
1251 4875 1340 4923 καὶ
1395 4871 1531 4942 ἡμᾶς
1583 4873 1725 4944 πάσῃ

148 4960 336 5011 συνέσει
364 4960 529 5030 μετά
566 4957 762 5031 φόϐου
822 4962 935 5017 τὴν
975 4957 1212 5011 ἑαυτῶν
1266 4962 1591 5032 σωτηρίαν
1630 4979 1729 5012 κα-

145 5048 593 5119 τεργάζεσθαι,
633 5050 809 5111 καθὼς
835 5051 1150 5123 γέγραπται.
1180 5046 1338 5101 ’Ὅσοι
1377 5044 1464 5100 οὖν
1512 5053 1733 5121 μέτοχοι

143 5141 226 5186 τοῦ
252 5140 547 5211 Πνεῦματος
575 5144 813 5211 Χριστοῦ
842 5143 1108 5210 γεγόνατε,
1140 5139 1187 5191 ἰν
1217 5134 1407 5210 μηδενὶ
1436 5140 1729 5213 πράγματι,

146 5226 266 5293 μήτε
329 5229 378 5279 ἓν
438 5223 609 5302 μικρῷ
684 5232 817 5300 μήτε
872 5228 922 5279 ἓν
973 5225 1200 5299 μεγάλῳ,
1274 5235 1734 5301 καταφρονητικῶς

146 5307 433 5383 διατεθῆτε,
464 5321 553 5369 καὶ
600 5320 695 5375 τήν
747 5317 908 5390 χάριν
938 5322 1030 5368 τοῦ
1079 5317 1376 5388 Πνεύματος
1405 5320 1477 5388 μὴ
1530 5314 1732 5388 ἐνυϐρί-

149 5418 286 5469 σητε,
333 5403 419 5456 ἶνά
465 5410 534 5477 μὴ
589 5411 681 5467 τῆς
731 5404 866 5467 ζωῆς
923 5403 1069 5466 έκτός
1114 5406 1353 5476 γένησθε,
1398 5405 1462 5466 ἧς
1515 5408 1735 5477 μέτοχοι

147 5485 247 5549 ἤδη
276 5496 537 5564 γεγόνατε.

215 5660 257 5695 “
292 5661 434 5718 Luc.
471 5679 566 5731 xv,
606 5663 663 5721 7.
740 5664 787 5699 ‘5
818 5662 997 5721 Zach.
1029 5680 1111 5731 x1,
1141 5668 1192 5720 2.

424 5759 669 5822 PATROL.
703 5760 808 5820 Gn.
848 5761 1111 5821 XXXIV.

1274 5665 1318 5701 ⁴⁶
1362 5667 1546 5723 Exod.
1581 5669 1815 5730 xeili,2t
1846 5682 1859 5733 ;
1892 5679 2011 5728 xxv,
2043 5662 2128 5719 19.

1839 3163 1891 3214 et
1919 3159 2089 3225 facta
2119 3174 2175 3215 es
2193 3159 2342 3215 mihi
2363 3158 2671 3214 nominata
2699 3157 3295 3228 interomnesgentes.
3320 3156 3496 3212 Simi-

1841 3247 1959 3303 lam
1992 3252 2047 3303 et
2077 3248 2268 3303 oleum
2309 3262 2380 3304 ac
2422 3248 2539 3303 met
2567 3246 2888 3313 comedisti,
2921 3255 2973 3303 et
3004 3246 3085 3303 ad
3128 3246 3401 3301 ultimum
3432 3261 3490 3301 es

1839 3336 2025 3393 oblita
2056 3335 2337 3404 beneﬁcia
2366 3351 2514 3392 mea.
2540 3335 2755 3391 Abiisti
2771 3341 2904 3405 post
2930 3340 3226 3392 amatores
3259 3340 3410 3400 tuos,
3438 3338 3493 3391 et

1840 3441 1973 3483 cum
2007 3425 2237 3496 pudore
2256 3424 2566 3495 fornicata
2594 3440 2651 3481 es
2682 3425 2750 3479 ιτ.

1909 3712 1999 3767 IV.
2027 3711 2121 3767 Sic
2136 3725 2379 3783 quoque
2409 3709 2702 3773 animam,
2729 3725 2865 3782 qum
2889 3725 2994 3783 per
3023 3709 3276 3782 gratiam
3307 3711 3493 3765 Deum

1837 3802 2162 3871 cognoscit,
2198 3800 2447 3871 Spiritus
2481 3798 2767 3854 admonet
2795 3815 2807 3853 :
2842 3814 2979 3870 quin
3013 3797 3329 3869 puriﬁcata
3357 3796 3493 3868 qui-

1836 3890 1973 3945 dem
2018 3906 2055 3945 a
2093 3888 2355 3960 pristinis
2388 3886 2668 3958 peccatis,
2699 3893 2753 3941 et
2802 3887 3051 3957 Spiritus
3100 3886 3288 3940 sancti
3320 3900 3493 3941 orna-

1838 3978 2051 4034 mentis
2063 3976 2365 4040 decorata,
2383 3992 2453 4031 ac
2469 3975 2763 4047 particeps
2777 3973 2934 4031 facta
2948 3974 3133 4029 divini
3145 3990 3214 4030 ac
3238 3972 3493 4029 caelestis

1836 4066 1971 4130 cibi,
2004 4066 2203 4122 minus
2228 4080 2367 4120 vero
2398 4063 2676 4119 decenter
2700 4064 2761 4118 in
2789 4062 2977 4119 multa
3006 4062 3348 4132 cognitione
3367 4076 3493 4117 ver-

1836 4160 1983 4219 sata,
2042 4170 2150 4210 nec
2198 4152 2622 4209 convenienter
2668 4152 2937 4208 debitam
2994 4151 3213 4207 caelesti
3263 4165 3492 4222 sponso

1833 4244 2060 4301 Christo
2090 4241 2569 4300 benevolentiam
2602 4246 2659 4297 et
2692 4241 3071 4298 dilectionem
3103 4255 3489 4305 conservans,

1835 4333 2142 4407 projicitur
2169 4338 2225 4388 et
2254 4331 2640 4387 detruditura
2658 4331 2802 4401 vita,
2836 4331 3010 4402 cujus
3042 4333 3167 4385 erat
3195 4328 3495 4401 particeps

1836 4424 2019 4481 facta.
2054 4421 2226 4479 Valet
2254 4437 2515 4493 namque
2547 4421 2801 4476 Satanas
2831 4420 2919 4475 vel
2945 4417 3496 4488 adversuseos,qui

1837 4515 1914 4569 ad
1935 4514 2045 4569 hos
2060 4512 2282 4582 gradus
2303 4516 2722 4582 pervenerunt,
2743 4509 3051 4579 insurgere
3069 4513 3125 4564 et
3154 4507 3369 4563 elevari
3402 4521 3415 4557 :
3439 4510 3496 4561 et

1837 4603 2130 4658 adversus
2145 4616 2271 4664 eos,
2299 4599 2400 4671 qui
2434 4601 2619 4654 Deum
2647 4599 2705 4653 in
2730 4598 2920 4666 gratia
2944 4602 3000 4652 et
3032 4595 3246 4651 virtute
3280 4609 3498 4667 cogno-

1836 4694 2065 4759 verunt,
2093 4688 2291 4745 adhuc
2310 4685 2573 4759 nequitia
2600 4684 2872 4756 insurgit,
2896 4699 2965 4739 ac
2992 4690 3246 4739 conatur
3268 4697 3371 4737 eos
3397 4682 3497 4737 de-

1840 4779 2097 4835 turbare.
2119 4775 2616 4833 Contendendum
2645 4774 2825 4845 igitur
2843 4790 2913 4829 ac
2937 4772 3261 4845 prudenter
3279 4786 3493 4826 caven-

1839 4868 1986 4923 dum
2007 4881 2249 4939 quoque
2271 4864 2439 4920 nobis
2455 4868 2565 4929 est,
2582 4869 2645 4918 ut
2668 4879 2799 4919 cum
2823 4861 3032 4918 timore
3051 4867 3319 4917 nostram
3346 4859 3496 4929 ipso-

1840 4974 1971 5012 rum
2004 4956 2254 5011 salutem
2278 4968 2593 5022 operemur
2616 4952 2683 5020 ",
2715 4956 2774 5006 ut
2792 4951 3081 5021 scriptum
3103 4954 3209 5006 est.
3237 4949 3496 5015 Quicun-

1841 5061 1959 5119 que
1991 5046 2169 5115 igitur
2198 5042 2514 5114 participes
2550 5040 2797 5112 Spiritus
2828 5038 3041 5095 Christi
3073 5038 3207 5094 facti
3248 5038 3408 5101 estis,
3436 5038 3497 5091 in

1843 5134 2009 5190 nulla
2037 5148 2120 5198 re,
2152 5134 2272 5187 sive
2318 5146 2507 5202 parva
2551 5130 2672 5185 sive
2703 5143 2942 5197 magna,
2982 5126 3373 5198 contemptim
3418 5126 3500 5180 ita

1845 5222 1972 5279 sitis
2002 5221 2206 5277 animo
2254 5220 2548 5291 dispositi,
2580 5223 2643 5274 ut
2673 5217 2801 5273 haec
2844 5215 3267 5278 contemnatis,
3304 5228 3499 5284 neque

1847 5312 2102 5384 gratiam
2166 5309 2415 5381 Spiritus
2475 5306 2835 5364 contumelia
2892 5302 3183 5368 atﬁciatis.
3243 5318 3319 5359 ne
3382 5301 3501 5357 vita

1848 5400 2185 5474 privemini,
2214 5399 2384 5469 cujus
2409 5396 2732 5470 participes
2759 5394 2895 5450 facti
2922 5392 3124 5449 eratis.

2210 5656 2471 5717 "Ezech.
2502 5671 2625 5721 xvr,
2658 5657 2687 5710 6
2721 5667 2847 5726 seq.
2923 5652 2973 5688 ⁴⁸
3003 5648 3252 5725 Philipp.
3286 5649 3345 5717 i1,
3392 5652 3474 5707 t2.

3151 5750 3217 5806 19
