4076 6210
582 268 686 325 579

649 395 711 448 V.
737 394 857 449 Hoc
878 392 1075 465 ipsum
1090 392 1290 449 denuo
1310 393 1369 448 in
1384 391 1497 448 alia
1514 390 2002 463 personadicam.
2018 391 2233 456 Quem-
2261 390 2309 444 Α

578 482 914 539 admodum
957 498 1164 539 servus
1192 482 1480 555 palatium
1537 480 1781 554 aliquod
1814 482 2136 549 ingressus,
2173 482 2236 532 ut

577 576 786 628 tractet
806 588 949 629 vasa
974 572 1306 638 ministerii,
1330 588 1395 627 ex
1414 572 1568 642 regis
1593 569 1773 626 bonis
1804 568 2007 635 sumit,
2034 568 2234 623 nudus

579 676 716 717 cum
758 662 885 734 ipse
911 662 1156 727 venerit,
1188 666 1364 732 atque
1398 660 1458 715 in
1489 657 1631 731 ipsis
1660 659 1909 714 vasibus
1934 673 2070 729 qua;
2100 654 2239 711 sunt

576 751 757 820 regis,
782 751 1243 820 ministratregi:
1263 754 1542 805 caeterum
1564 749 1659 804 hic
1685 762 1905 817 magna
1920 745 2240 819 prudentia

579 854 648 896 ac
664 839 890 910 judicio
914 856 1067 911 opus
1101 845 1207 904 est,
1235 855 1308 894 ne
1340 844 1553 910 praeter
1582 838 1868 893 decorum
1894 835 2043 908 quid
2065 834 2236 891 mini-

582 932 742 993 stret,
762 928 878 984 alia
900 945 1006 999 pro
1037 928 1167 984 aliis
1199 927 1501 983 esculenta
1525 941 1841 999 apponens
1872 926 2049 994 regite
2077 939 2243 979 men-

580 1033 681 1083 ste,
716 1017 821 1073 sed
857 1023 917 1072 ut
946 1017 1156 1072 ordine
1187 1021 1444 1083 servato,
1476 1017 1674 1088 prima
1724 1020 1903 1087 atque
1936 1019 2244 1085 postrema

581 1112 851 1177 apponat
883 1106 1108 1162 cibaria
1138 1123 1151 1172 ;
1182 1107 1273 1161 sin
1303 1122 1442 1161 vero
1474 1121 1545 1161 ex
1570 1105 1910 1176 ignorantia
1941 1119 2010 1159 ac
2034 1101 2242 1173 judicii

582 1194 815 1249 defectu
846 1210 966 1249 non
990 1194 1160 1265 juxta
1183 1194 1455 1250 ordinem
1480 1194 1603 1265 regi
1632 1193 1946 1257 ministret,
1975 1190 2242 1263 periculo

584 1283 880 1354 mortique
912 1284 1209 1339 obnoxius
1234 1284 1298 1338 tit
1330 1299 1342 1338 :
1370 1300 1451 1339 διο
1473 1289 1529 1339 et
1561 1284 1939 1353 anima,quaa
1972 1282 2029 1336 in
2054 1281 2245 1350 gratia

579 1379 633 1427 et
674 1372 897 1445 Spiritu
938 1372 1333 1429 ministerium
1384 1376 1500 1429 Deo
1540 1373 1797 1437 exhibet,
1843 1376 2122 1427 accurato
2151 1369 2241 1440 ju-

590 1460 747 1516 dicio
780 1466 837 1517 et
867 1462 1203 1532 cognitione
1234 1462 1478 1532 indiget,
1512 1478 1583 1517 ne
1609 1462 1754 1534 quid
1787 1461 2022 1516 aberret
2052 1459 2110 1514 in
2140 1474 2245 1513 va-

584 1552 751 1607 sibus
790 1553 1029 1617 divinis,
1065 1559 1165 1609 aut
1208 1552 1537 1607 ministerio
1576 1551 1891 1622 spirituali,
1935 1549 2242 1621 propriam

583 1641 974 1705 voluntatem,
1006 1657 1126 1696 non
1156 1647 1583 1710 congruentem
1617 1641 1841 1711 gratia»,
1875 1639 2127 1694 habens.
2156 1638 2242 1692 Li-

1878 263 1936 321 S.
1981 258 2283 321 MACARII
2325 256 2645 321 lEGYPTlI

3789 260 3875 320 580

2413 394 2470 442 Ε.
2504 392 2604 443 Καὶ
2632 387 2785 440 πάλιν
2814 386 2967 457 ἑτέρῳ
3011 389 3277 459 προσώπῳ
3306 382 3452 448 λέξω.
3495 383 3677 459 Ὠσπερ
3725 382 3877 450 δοῦλος

2342 477 2427 530 ἐὰν
2464 478 2666 551 εἰσέλθῃ
2721 478 2769 530 ἐν
2818 476 3075 548 παλατίῳ,
3132 477 3462 548 ὑπηρετῆσαι
3516 476 3579 526 τὰ
3630 477 3765 533 σκεύη
3803 485 3881 537 τῆς

2344 568 2655 643 ὑπηρεσίας,
2704 566 2760 619 ἐκ
2807 574 2905 619 τῶν
2961 572 3053 618 τοῦ
3102 563 3360 637 βασιλέως
3416 564 3731 636 ὑπαρχόντων
3771 564 3881 636 λαμ-

2346 655 2504 719 ϐάνει,
2562 656 2715 716 αὐτὸς
2768 651 2827 708 δὲ
2875 656 3068 727 γυμνὸς
3115 654 3436 726 εἰσέρχεται,
3484 655 3569 705 καὶ
3607 650 3650 704 ἓν
3687 659 3782 715 τοῖς
3807 660 3883 704 τοῦ

2349 743 2609 818 βασιλέως
2657 747 2895 797 σκεύεσιν
2926 746 3172 817 ὑπηρετεῖ
3218 750 3290 813 τῷ
3322 739 3571 813 βασιλεῖ·
3608 739 3762 794 λοιπὸν
3799 738 3884 792 ὧδε

2348 834 2535 894 πολλῆς
2613 837 2864 894 συνέσεως
2937 837 3027 885 καὶ
3083 828 3401 905 διακρίσεως
3449 832 3617 905 χρεία,
3667 830 3741 881 ἶνα
3784 832 3887 900 μήτι

2348 926 2492 995 παρά
2533 927 2590 975 τὸ
2624 920 2739 976 δέον
2784 919 3102 995 διακονησῃ,
3135 920 3265 973 ἄλλα
3316 918 3430 972 ἀντὶ
3466 918 3619 971 ἄλλων
3663 914 3890 990 ἐδέσματα

2351 1013 2646 1085 εἰσαγαγὼν
2700 1021 2764 1086 τῇ
2825 1020 2917 1066 τοῦ
2980 1011 3235 1085 βασιλέως
3299 1012 3550 1084 τραπέζῃ,
3612 1006 3728 1060 ἀλλά
3779 1009 3889 1059 κατὰ

2351 1101 2659 1155 ἀκολουθίαν
2689 1105 2751 1157 τά
2801 1109 2985 1177 πρῶτα
3012 1106 3102 1154 καὶ
3133 1102 3199 1153 τά
3246 1102 3456 1171 ἔσχατα
3494 1098 3689 1172 παραθῇ
3723 1100 3847 1149 σιτία
3874 1110 3884 1123 ·

2352 1190 2397 1243 εἰ
2446 1188 2505 1243 δε
2552 1193 2691 1243 κατὰ
2743 1192 2957 1261 ἄγνοιαν
3005 1193 3093 1241 καὶ
3148 1184 3487 1262 ἀδιακρισίαν
3533 1189 3601 1257 μὴ
3643 1180 3889 1254 διακονήσῃ

2349 1288 2420 1350 τῷ
2481 1279 2693 1352 βασιλεί
2745 1278 2986 1343 καθεξῆς,
3051 1273 3296 1330 κινδύνου
3348 1280 3439 1328 καὶ
3496 1275 3701 1327 θανάτου
3748 1274 3896 1343 ἔνοχος

2351 1371 2606 1440 τυγχάνει
2633 1388 2645 1400 ·
2680 1369 2846 1429 οὕτως
2873 1371 2963 1420 καὶ
2991 1365 3145 1437 ψυχὴ
3181 1364 3229 1417 ἓν
3260 1371 3321 1437 τῇ
3356 1366 3542 1436 χάριτι
3568 1367 3651 1415 καὶ
3677 1369 3741 1432 τῷ
3764 1362 3897 1412 Πνεύ-

2352 1477 2480 1530 ματι
2533 1455 2856 1511 διακονοῦσα
2903 1465 2974 1528 τῷ
3032 1462 3169 1525 Θεῷ.
3228 1452 3421 1515 πολλῆς
3488 1449 3774 1523 διακρίσεως
3821 1451 3897 1500 καὶ

2350 1554 2590 1619 γνώσεως
2637 1551 2853 1619 χρῄζει,
2886 1547 3025 1607 ὅπως
3066 1549 3196 1617 μήτι
3246 1542 3414 1615 σφαλῇ
3469 1543 3516 1594 ἓν
3542 1548 3642 1601 τοῖς
3668 1545 3749 1592 τοῦ
3788 1544 3898 1591 Θεοῦ

2354 1639 2613 1703 σκεύεσιν,
2681 1634 2845 1695 ἧδουν
2910 1644 2970 1707 τῇ
3026 1642 3119 1687 τοῦ
3182 1635 3484 1704 Πνεύματος
3534 1626 3774 1699 διακονίᾳ,
3823 1629 3899 1684 τήν

584 1736 678 1785 cet
707 1730 888 1795 enim,
917 1736 980 1785 ut
1011 1730 1214 1800 utique
1256 1730 1317 1785 in
1375 1710 1699 1785 ministerio
1731 1728 2045 1802 spirituali,
2076 1728 2240 1799 quod

2355 1723 2495 1779 ἰδίαν
2519 1730 2825 1802 προαίρεσιν
2872 1730 2943 1797 μὴ
2981 1730 3360 1797 συμφωνοῦσαν
3392 1728 3456 1794 τῇ
3490 1721 3668 1793 χάριτι
3711 1720 3899 1789 ἔχουσα.

585 1818 739 1874 clam
782 1836 887 1890 per
940 1819 1280 1873 interiorem
1322 1819 1631 1874 hominem
1692 1818 2016 1889 peragitur,
2074 1822 2131 1872 et
2180 1816 2240 1871 in

586 1908 843 1979 propriis
877 1907 1139 1972 vasibus,
1176 1908 1289 1964 hoc
1334 1914 1444 1973 est,
1488 1909 1697 1980 spiritu
1728 1908 1994 1979 proprio,
2035 1905 2242 1961 anima

590 1998 841 2051 Domino
884 1995 1190 2067 ministret.
1225 1996 1465 2068 Absque
1511 2011 1650 2051 vero
1680 1996 1781 2051 Dei
1830 1994 2097 2059 vasibus,
2127 1993 2241 2049 hoc

586 2089 695 2153 est,
718 2083 947 2155 absque
977 2084 1186 2153 gratia,
1229 2084 1598 2157 impossibile
1631 2090 1717 2138 est
1742 2083 2089 2157 quempiam
2124 2084 2240 2137 Deo

586 2174 826 2237 servire,
870 2173 984 2229 hoc
1022 2178 1109 2228 est
1139 2172 1374 2246 placere
1406 2174 1464 2228 in
1504 2188 1868 2246 quacunque
1901 2172 1997 2228 Dei
2032 2170 2243 2226 volun-

584 2268 727 2319 tate.

660 2475 747 2529 VI.
782 2478 852 2531 At
886 2474 987 2531 ubi
1032 2476 1326 2548 acceperit
1356 2476 1631 2547 gratiam,
1680 2479 1803 2531 tum
1835 2491 2078 2531 summa
2108 2490 2244 2545 pru-

589 2563 791 2619 dentia
816 2565 1236 2636 atquejudicio
1266 2582 1419 2638 opus
1436 2570 1545 2635 est,
1570 2581 1706 2637 quae
1736 2565 1916 2620 etiam
1947 2565 2079 2636 ipsa
2100 2579 2243 2619 con-

589 2652 741 2707 cedit
771 2652 926 2707 Deus
953 2653 1171 2709 animas
1197 2670 1233 2709 a
1254 2669 1315 2709 se
1342 2653 1686 2727 postulanti,
1717 2658 1779 2709 ut
1805 2654 2162 2723 gravissima
2191 2652 2243 2708 ei

591 2740 1074 2812 possitexhibere
1089 2742 1325 2797 servitia
1353 2742 1411 2796 in
1429 2742 1669 2813 Spiritu,
1692 2758 1873 2814 quem
1903 2742 2119 2814 accipit
2147 2758 2161 2807 ;
2188 2746 2244 2798 et

588 2828 647 2883 in
680 2829 845 2885 nullo
868 2830 1141 2885 vincatur
1158 2846 1195 2887 a
1211 2830 1437 2887 malitia
1459 2836 1638 2903 atque
1662 2830 1917 2899 fallatur,
1946 2847 2052 2903 per
2077 2832 2243 2900 igno-

588 2918 867 2983 rantiam,
891 2918 1283 2974 temeritatem
1306 2935 1375 2975 ac
1399 2919 1822 2990 negligentiam
1845 2935 2075 2985 aversa,
2093 2935 2240 2991 prae-

589 3011 793 3079 terque
824 3008 1110 3062 decorum
1158 3008 1481 3064 Dominicaa
1509 3009 1829 3065 voluntatis
1873 3010 2079 3065 omnia
2120 3023 2246 3079 per-

590 3110 778 3165 agens
804 3113 815 3151 :
836 3096 978 3169 quia
1009 3096 1391 3168 supplicium,
1414 3113 1578 3153 mors
1595 3102 1649 3153 et
1674 3097 1870 3153 luctus
1899 3096 2245 3168 hujusmodi

594 3184 709 3258 54
736 3187 1003 3242 animam
1042 3192 1263 3242 manet.
1299 3187 1469 3251 Quod
1501 3187 1682 3242 etiam
1724 3187 1897 3243 divus
1924 3187 2245 3259 Apostolus

590 3276 738 3329 dixit
761 3294 773 3333 :
796 3276 888 3330 Ne
909 3274 1069 3344 forte
1084 3292 1217 3330 cum
1248 3275 1383 3331 aliis
1399 3276 1872 3343 praedicaverim,
1903 3277 2027 3345 ipse
2052 3291 2249 3345 repro-

594 3362 699 3417 bus
722 3364 957 3432 efﬁciar
984 3363 1051 3416 ‘9.
1084 3362 1260 3418 Vides
1286 3379 1421 3418 cum
1454 3364 1551 3417 Dei
1583 3365 1894 3436 apostolus
1926 3369 2098 3429 esset,
2127 3381 2247 3437 quo

589 3450 764 3505 fuerit
780 3452 987 3505 timore
1010 3449 1039 3492 9
1057 3450 1452 3506 Obsecremus
1470 3452 1651 3522 igitur
1674 3455 2018 3521 Dominum,
2045 3460 2108 3509 ut
2132 3470 2250 3509 ser-

589 3538 804 3593 vitium
847 3539 1095 3609 Spiritus
1130 3540 1465 3596 secundum
1493 3541 1860 3598 voluntatem
1887 3543 2015 3613 ejus
2041 3543 2099 3599 in
2132 3544 2248 3614 pri-

591 3627 694 3681 mis
708 3627 1300 3701 exhibeamus,quicu
1310 3644 1466 3700 nque
1481 3630 1681 3699 gratiae
1695 3630 1914 3686 divinae
1932 3632 2249 3704 participes

590 3715 732 3772 facti
763 3732 995 3783 sumus,
1031 3734 1225 3790 neque
1270 3724 1467 3775 mente
1499 3718 1577 3775 ad
1611 3726 2020 3792 contemptum
2052 3721 2251 3793 dispo-

592 3806 701 3862 sita
729 3808 1144 3872 convivamus,
1168 3813 1228 3863 ut
1254 3807 1368 3864 hoc
1394 3808 1577 3864 modo
1609 3810 1955 3878 gratissima
1975 3813 2090 3867 Deo
2109 3827 2249 3867 con-

595 3898 929 3953 versatione
962 3902 1211 3961 utentes,
1255 3914 1324 3952 ac
1370 3899 1658 3970 spirituali
1703 3899 1865 3956 cultu
1915 3901 2250 3957 secundum

593 3985 960 4042 voluntatem
988 3987 1116 4057 ejus
1143 3987 1224 4043 illi
1249 3988 1676 4053 ministrantes,
1709 3995 1941 4046 aeterna:
1977 3993 2111 4047 vitm
2133 3991 2251 4046 hae-

594 4074 907 4131 reditatem
935 4091 1280 4132 cernamus.

669 4200 777 4253 VII.
810 4198 1010 4254 Morbo
1053 4201 1099 4254 si
1149 4200 1286 4271 quis
1326 4199 1578 4265 laborat,
1622 4206 1821 4258 tamen
1877 4203 2003 4258 ﬁeri
2036 4208 2245 4275 potest,

597 4291 658 4340 ut
678 4286 730 4340 is
767 4286 1039 4342 membra
1056 4288 1335 4358 quaedam
1370 4288 1551 4344 illmsa
1572 4305 1643 4344 ac
1674 4305 1823 4346 sana
1848 4292 2088 4357 habeat,
2112 4308 2251 4348 ocu-

594 4374 721 4429 lum
755 4374 1025 4429 videlicet
1054 4376 1322 4441 visionis,
1359 4385 1460 4432 aut
1500 4377 1661 4433 aliud
1696 4380 2034 4435 membrum
2070 4397 2081 4435 :
2116 4382 2248 4437 reli-
2281 4372 2326 4427 Β

594 4478 718 4535 qua
746 4478 881 4517 vero
912 4462 1188 4520 membra
1213 4464 1552 4521 afﬁciuntur
1572 4483 1584 4521 :
1606 4465 1691 4522 sic
1713 4484 1953 4541 quoque
1984 4469 2165 4527 habet
2188 4488 2250 4527 se

593 4566 688 4606 res
710 4551 769 4605 in
787 4550 1215 4622 spiritualibus.
1238 4553 1549 4611 Probabile
1563 4563 1664 4621 est,
1689 4558 2040 4630 quempiam
2066 4576 2248 4616 mem-

595 4640 703 4696 bra
748 4640 988 4712 spiritus
1027 4642 1137 4697 tria
1175 4641 1396 4697 habere
1443 4660 1614 4711 sana,
1649 4648 1751 4700 sed
1784 4663 1903 4702 non
1936 4658 2251 4720 propterea

596 4730 891 4801 perfectus
914 4736 1023 4787 est.
1064 4730 1238 4786 Vides
1261 4734 1648 4804 quotgradus
1669 4741 1725 4791 et
1756 4737 1916 4791 modi
1947 4740 2062 4793 sint
2084 4739 2251 4809 spiri-

592 4827 683 4875 tus
718 4838 730 4873 :
765 4819 1075 4892 quomodo
1116 4836 1220 4892 per
1252 4828 1447 4893 partes
1487 4823 1806 4881 defaecetur
1834 4842 1905 4881 ac
1949 4828 2251 4883 minuatur

589 4909 835 4979 malitia,
861 4915 919 4964 et
947 4925 1069 4965 non
1092 4926 1214 4966 uno
1247 4919 1573 4967 momento.
1607 4914 1910 4979 Universa,
1933 4932 2065 4987 quae
2088 4924 2245 4985 sunt,

592 4997 966 5069 providentia
983 5014 1054 5054 ac
1067 4998 1514 5071 dispensatione
1533 5001 1736 5058 divina
1750 5003 1918 5073 ﬁunt,
1937 5012 2059 5061 tum
2083 5006 2251 5078 quod

586 5088 811 5143 oriatur
842 5087 951 5154 sol,
988 5093 1112 5142 tum
1145 5089 1310 5159 quod
1339 5104 1551 5144 omnes
1583 5097 1870 5147 creaturae
1902 5101 2144 5165 propter
2166 5112 2252 5151 re-

586 5191 795 5246 gnum,
856 5175 1024 5249 quod
1083 5176 1460 5233 haereditario
1515 5178 1650 5250 jure
1711 5184 2049 5251 possessuri
2112 5191 2253 5240 sunt

586 5265 771 5329 electi,
816 5264 985 5321 factas
1042 5267 1179 5333 sint,
1242 5272 1305 5322 ut
1357 5267 1677 5337 paciﬁcum
1717 5285 1786 5326 ac
1826 5286 1899 5326 ex
1930 5272 2253 5331 concordia

588 5356 956 5410 constituant
996 5370 1270 5425 regnum.

668 5479 806 5533 VIII.
840 5477 1065 5534 Debent
1105 5478 1281 5549 igitur
1309 5480 1619 5539 Christiani
1649 5500 1755 5556 per
1783 5487 1990 5544 omnia
2015 5493 2253 5545 conten-

678 5647 725 5683 “
755 5646 777 5704 Ι
805 5648 933 5706 Cor.
966 5663 1046 5721 ix,
1072 5649 1159 5707 27.

2352 1815 2503 1869 Ἔστι
2555 1818 2657 1891 γὰρ
2712 1814 2760 1867 ἓν
2809 1822 2870 1887 τῇ
2926 1822 3019 1866 τοῦ
3069 1816 3366 1885 Πνεύματος
3422 1807 3655 1880 διακονίᾳ
3701 1812 3901 1881 κρυπτῶς

2352 1906 2452 1958 ὑπὸ
2506 1913 2598 1957 τοῦ
2664 1907 2765 1957 ἔσω
2819 1902 3092 1977 ἀνθρώπου
3146 1901 3532 1973 έπιτελουμένῃ,
3588 1902 3673 1949 καὶ
3721 1894 3765 1946 έν
3815 1899 3902 1952 τοῖς

2356 1990 2511 2055 ἰδίοις
2563 1997 2793 2059 σκεύεσι,
2842 1997 3085 2045 τουτέστι
3140 2000 3211 2062 τῷ
3255 1992 3511 2063 πνεύματι
3561 1986 3708 2040 αὐτοῦ
3750 1979 3902 2034 διακο-

2352 2086 2555 2137 νεῖσθαι
2598 2087 2686 2137 τὸν
2740 2086 2929 2156 Κύριον
2984 2083 3085 2134 ὑπὸ
3131 2088 3220 2141 τῆς
3270 2080 3483 2151 ψυχῆς.
3537 2075 3682 2130 ’Ἄνευ
3727 2069 3778 2126 δε
3823 2077 3901 2122 τῶν

2354 2173 2514 2226 αὐτοῦ
2563 2181 2780 2242 σκευῶν,
2812 2176 3051 2225 τουτέστι
3101 2178 3197 2232 τῆς
3237 2171 3480 2242 χάριτος,
3532 2161 3769 2217 ἀδύνατόν
3809 2175 3903 2210 τινα

2352 2270 2424 2333 τῷ
2453 2270 2566 2333 Θεῷ
2597 2258 2937 2327 διακονῆσαι,
2969 2262 3259 2324 τουτέστιν,
3292 2257 3641 2332 εὐαρεστῆσαι
3670 2250 3735 2312 εἰς
3765 2249 3903 2302 πάντα

2351 2354 2417 2405 τά
2454 2359 2545 2404 τοῦ
2574 2359 2708 2406 Θεοῦ
2740 2351 3024 2424 θελήματα.

2425 2478 2495 2543 ς’.
2555 2481 2657 2530 Καὶ
2714 2478 2835 2529 ὅταν
2887 2472 3019 2547 λάϐῃ
3072 2477 3166 2531 τὴν
3222 2474 3409 2547 χάριν,
3459 2473 3548 2523 καὶ
3600 2470 3707 2520 τότε
3745 2459 3905 2518 ’πολλῆς

2355 2570 2609 2627 συνέσεως
2668 2571 2757 2617 καὶ
2819 2561 3134 2639 διακρίσεως
3202 2564 3380 2632 χρεία,
3453 2559 3577 2632 οἷπερ
3631 2560 3713 2608 καὶ
3770 2555 3903 2639 ταῦτα

2354 2656 2504 2716 αὐτὸς
2539 2651 2769 2708 δίδωσιν
2816 2636 2956 2725 αὑτῇ*
3005 2652 3239 2722 ζητούσῃ
3298 2651 3449 2721 παρὰ
3503 2653 3649 2711 Θεοῦ,
3700 2644 3817 2700 ὅπως
3839 2636 3906 2689 εὖ·

2354 2749 2579 2819 αρέστως
2608 2743 2751 2814 αύτῷ
2800 2739 2835 2795 δ
2841 2746 3095 2814 ιακονὴση
3140 2739 3188 2792 έν
3217 2746 3291 2811 τῷ
3322 2741 3586 2811 Πνεύματι
3616 2734 3640 2786 ὃ
3678 2728 3901 2819 λαμϐάνει,

2353 2815 2442 2887 καὶ
2494 2838 2542 2887 ἓν
2599 2830 2789 2907 μηδενὶ
2842 2838 3007 2906 κρατῇ
3068 2831 3168 2883 ύπὸ
3222 2836 3315 2889 τῆς
3371 2833 3565 2887 κακίας
3612 2826 3693 2877 καὶ
3749 2815 3904 2891 epuli,

2355 2926 2456 2977 ύπὸ
2513 2923 2721 2996 ἀγνοίας
2789 2927 2879 2973 καὶ
2960 2919 3177 2993 ἀφοϐίας
3242 2922 3332 2971 καὶ
3397 2916 3631 2991 ἀμελείας
3684 2923 3907 2996 παρατρα·

2358 3022 2533 3079 πεῖσα,
2584 3016 2669 3064 καὶ
2707 3013 2852 3084 παρὰ
2898 3012 2956 3062 τὸ
2990 3006 3105 3063 δέον
3154 3015 3245 3060 τοῦ
3292 3011 3615 3060 Δεσποτικοῦ
3660 2993 3907 3070 διαπραξα-

2356 3109 2480 3175 μένη
2542 3083 2843 3173 θελήματος,
2920 3097 3030 3152 ἐπεὶ
3100 3100 3346 3170 τιμωρία,
3406 3101 3497 3148 καὶ
3570 3094 3783 3156 θάνατος,
3839 3083 3908 3133 καὶ

2356 3193 2534 3251 πένθος
2577 3197 2638 3263 τῇ
2686 3192 2902 3261 τοιαύτη
2938 3190 3087 3240 ἔσται
3128 3186 3277 3258 ψυχῇ
3314 3202 3328 3216 ⁸
3379 3187 3406 3239 ὃ
3433 3188 3523 3237 καὶ
3564 3184 3589 3234 ὀ
3621 3182 3745 3239 θεῖός
3780 3188 3907 3263 φησιν

2356 3262 2727 3341 Ἀπόστολος⁶
2783 3283 2877 3336 Μή
2947 3296 3071 3336 πως
3138 3273 3363 3336 ἄλλοις
3433 3273 3704 3346 κηρύξας
3758 3262 3912 3317 αὐτὸς

2360 3367 2681 3441 ἀδόκιμος
2717 3370 3002 3440 γένωμαι
3033 3381 3045 3395 ·
3090 3366 3234 3437 ὁρᾷς,
3268 3362 3563 3423 ἀπόστολος
3587 3360 3651 3411 ὢν
3680 3361 3762 3409 τοῦ
3788 3354 3908 3411 Θεοῦ,

2359 3455 2464 3510 οἷον
2494 3454 2606 3529 εἶχε
2636 3454 2789 3528 φόϐον
2813 3472 2826 3523 ;
2858 3452 3303 3527 Παρακαλέσωμεν
3333 3455 3509 3504 τοίνυν
3533 3453 3618 3501 τὸν
3642 3446 3780 3509 Θεὸν,
3806 3440 3915 3494 ὅπως

2357 3552 2449 3605 τὴν
2481 3543 2751 3598 διακονίαν
2797 3550 2889 3596 τοῦ
2936 3545 3232 3614 Πνεύματος
3262 3544 3403 3594 κατά
3448 3542 3508 3592 τὸ
3555 3536 3705 3590 αύτοῦ
3751 3528 3915 3597 θελημα

2363 3632 2758 3706 διακονησωμεν
2806 3632 3093 3705 ἐξαιρέτως,
3135 3632 3252 3683 ὅσοι
3299 3638 3401 3693 τῆς
3430 3629 3647 3703 χάριτος
3682 3627 3767 3676 τοῦ
3806 3619 3916 3670 Θεοῦ

2361 3724 2634 3797 ἐτύχομεν,
2684 3727 2774 3775 καὶ
2820 3726 2891 3794 μη
2926 3728 2986 3794 τῇ
3020 3726 3445 3793 καταφρονητικῇ
3495 3720 3721 3786 συζῶμεν
3759 3709 3915 3805 ἒννοίᾳτ

2361 3815 2444 3867 ἴνα
2525 3817 2688 3875 οὕτως
2763 3811 3050 3885 εὐαρέστως
3123 3810 3264 3880 αύτῷ
3344 3806 3782 3875 πολιτευσάμενοι,
3847 3809 3920 3885 κοξι

2359 3910 2680 3977 πνευματικῇ
2732 3880 2939 3976 λατρεία
2990 3901 3127 3952 κατὰ
3174 3902 3232 3951 τὸ
3287 3898 3493 3969 θέλημα
3544 3897 3698 3947 αὐτοῦ
3743 3880 3919 3955 λατρεύ·

2364 4011 2540 4057 σαντες
2570 3992 2731 4064 αύτῷ,
2762 3995 2855 4049 τὴν
2886 3990 3092 4042 αἰώνιον
3118 3988 3257 4049 ζωὴν
3282 3987 3769 4063 κληρονομήσωμενο

2430 4207 2502 4264 Ζ’.
2554 4208 2848 4261 ’Λσθενειαν
2900 4207 3191 4279 περίκειται
3229 4220 3327 4268 τις,
3379 4204 3472 4254 καὶ
3523 4193 3783 4271 συμϐαίνει
3829 4200 3925 4239 τινα

2358 4298 2484 4370 μέλη
2535 4299 2677 4369 ἔχειν
2721 4296 2877 4348 αύτόν
2925 4276 3072 4365 ὑγιᾶ,
3129 4290 3394 4363 ὀφθαλμὸν
3444 4292 3574 4349 ἴσως
3623 4283 3792 4355 ὄψεως,

2357 4388 2546 4462 ἕτερον,
2598 4384 2727 4438 ἀλλά
2773 4386 2839 4437 τά
2882 4382 3041 4436 λοιπά
3087 4380 3216 4454 μέλη
3273 4380 3568 4453 ἠφάνισται
3602 4392 3614 4405 ·
3646 4372 3795 4430 οὕτως
3831 4372 3925 4462 ἐστι

2356 4481 2447 4527 καὶ
2493 4475 2559 4535 εἰς
2602 4478 2659 4527 τὸ
2706 4476 3072 4546 πνευματικόν.
3122 4471 3275 4531 Εἰκός
3318 4489 3442 4522 τινα
3489 4470 3628 4538 ἔχειν
3666 4463 3780 4532 ὑγιᾶ
3811 4448 3923 4550 ita"?

2356 4572 2448 4616 τοῦ
2514 4567 2797 4636 πνεύματος
2858 4567 3000 4637 τρία,
3070 4560 3177 4613 ἀλλ’
3236 4559 3295 4612 ού
3364 4560 3514 4634 παρὰ
3577 4560 3723 4607 τοῦτο
3773 4541 3928 4641 τέλειος

2358 4655 2516 4708 ἐστιν.
2565 4652 2720 4726 Ὁρᾷς
2750 4657 2908 4705 πόσοι
2951 4650 3154 4725 βαθμοί
3202 4649 3307 4703 εἰσι
3356 4654 3450 4701 καὶ
3490 4651 3653 4720 μέτρα
3695 4642 3778 4691 τοῦ
3795 4647 3928 4726 πνεν-

2358 4762 2519 4814 ματος
2554 4760 2566 4772 ·
2618 4724 2727 4803 πῶς
2778 4743 2912 4794 κατά
2954 4724 3118 4814 μέρος
3167 4735 3467 4800 διῦλίζεται
3524 4739 3615 4787 καὶ
3664 4724 3927 4823 λεπτύνεται

2360 4834 2417 4882 τὸ
2443 4834 2622 4896 κακὸν,
2676 4835 2765 4883 καὶ
2797 4830 2903 4902 οὐχ
2944 4826 3103 4890 ἅπαξ,
3131 4825 3262 4886 Ὀλη
3295 4829 3323 4885 ἠ
3361 4829 3585 4899 πρόνοια
3634 4821 3717 4872 καὶ
3763 4821 3929 4907 οικονοῖ

2360 4924 2456 4993 μία
2501 4929 2592 4973 τοῦ
2651 4925 2865 4993 Κυρίου,
2922 4924 3013 4971 καὶ
3065 4920 3122 4970 τὸ
3172 4915 3464 4968 ἀνατέλλειν
3519 4915 3605 4965 τὸν
3662 4906 3812 4967 ἣλιον»
3855 4906 3927 4997 κξί

2362 5011 2530 5061 πάντα
2580 5011 2646 5062 τά
2717 5005 3187 5081 δημιουργήματα,
3255 5002 3351 5057 διὰ
3406 5008 3503 5063 τὴν
3563 4996 3836 5082 βασιλείαν..
3882 5000 3929 5082 ηξ

2362 5097 2607 5169 μέλλουσι
2648 5076 2981 5173 κληρονομεῖν
3024 5076 3083 5149 ὀἱ
3138 5094 3385 5161 ἐκλεκτοὶ,
3447 5096 3713 5173 γεγόνασι,
3757 5076 3927 5173 at?“

2362 5187 2745 5263 rizveipnvixn‘v
2787 5191 2879 5239 καὶ
2910 5186 3028 5240 καθ’
3079 5186 3316 5259 ὁμόνοιαν
3372 5188 3634 5240 συστῆναι
3672 5166 3927 5249 βασιλείαν.

2438 5489 2512 5547 11⁵.
2541 5487 2863 5564 Ὀφεΐλουσιν
2913 5486 3001 5544 οὖν
3040 5491 3090 5544 ei
3134 5488 3446 5565 Χριστιανοὶ
3499 5482 3569 5545 εἰς
3613 5478 3775 5534 πάντα
3819 5467 3930 5540 ἀγωο
