4034 6202
292 275 393 335 581
1588 271 1928 328 HOMILI/E.
1971 302 2039 314 —
2077 270 2249 329 HOM.
2292 272 2411 329 XV.
3562 284 3672 339 582

288 403 561 467 νίζεσθαι,
610 402 699 452 καὶ
748 403 878 471 μήτε
950 402 1142 472 κρίνειν
1200 396 1328 459 ὅλως
1402 398 1531 460 τινὰ,
1584 401 1654 469 μὴ
1715 401 1876 473 πόρνη

2075 413 2176 463 are,
2205 413 2402 469 neque
2449 398 2697 454 omnino
2726 399 3001 471 judicare
3030 402 3405 473 quempiam,
3430 418 3505 460 ne
3545 407 3668 477 qui-

286 498 654 566 προεστῶσαν,
697 492 769 560 μὴ
828 486 1186 560 ἁμαρτωλούς,
1218 487 1248 545 ἣ
1298 484 1575 553 ἀτάκτους,
1618 485 1723 537 ἀλλ’
1769 486 1879 538 ἀπλι

2075 503 2155 542 3m
2186 487 2557 543 meretricem
2585 488 2987 559 prostitutam,
3033 506 3143 546 nec
3175 498 3545 563 peccatores,
3560 510 3668 551 nec

285 560 601 653 προαιρέσει
655 583 745 631 καὶ
794 578 1011 652 καθαρῷ
1060 575 1306 649 ὀφθαλμῷ
1380 580 1577 638 πάντας
1639 576 1784 650 όρᾴν,
1845 577 1878 626 ii

2082 590 2315 639 rcones,
2366 576 2469 631 sed
2526 577 2778 647 simplici
2819 578 3143 635 intentione
3178 560 3256 636 iac
3294 596 3443 652 puro
3493 583 3666 640 oculo

287 672 521 743 ὑπάρχῃ
554 672 703 722 τοῦτό
749 686 854 720 τινι
915 670 981 727 ὡς
1029 669 1248 738 φυσικὸν
1296 669 1385 718 καὶ
1438 668 1657 733 πηκτὸν,
1703 661 1880 738 μηδένα

2073 681 2227 720 nues
2241 666 2505 738 aspicere
2532 682 2544 731 ;
2582 670 2643 721 ut
2664 666 2862 723 sithoc
2877 668 3117 724 cuidam
3146 673 3315 741 quasi
3333 673 3598 728 naturale
3612 678 3666 729 et

287 756 602 825 ἕξουδενεῖν,
640 762 772 831 μήτε
815 756 1129 830 ἀνακρίνειν,
1172 756 1202 814 ἣ
1246 752 1663 827 βδελύσσεσθαι,
1690 758 1719 813 ἧ
1764 757 1880 827 ἔχει

2068 753 2286 821 ﬁxum,
2321 770 2394 810 ne
2445 770 2819 827 quemquam
2865 763 3227 825 contemnat,
3262 776 3371 815 nec
3418 761 3661 831 judicet,

289 850 486 911 αὐτοῦς
514 848 564 901 ἓν
595 844 882 920 διακρίσει.
924 844 1300 917 Μονόφθαλμον
1358 844 1443 897 ἐὰν
1473 841 1615 917 ἴδῃς,
1668 850 1739 916 μὴ
1787 841 1881 896 δια

2069 848 2115 895 it
2144 840 2544 909 abominetur,
2582 849 2683 899 aut
2718 843 2881 914 ipsos
2910 844 3132 901 habeat
3170 846 3230 901 in
3257 848 3662 906 dicrimine.Si

287 936 558 1013 κριθῇςὲν
691 933 890 1009 καρδίᾳ
949 954 1065 1001 σου,
1121 934 1229 987 ἀλλ’
1282 937 1348 996 ὡς
1394 936 1532 1005 ὑγιεῖ
1582 934 1722 1003 αύτῷ
1778 938 1880 1008 πρό

2065 930 2400 986 ιοηοουΙιιω
2432 932 2761 1003 aspexeris,
2796 948 2869 987 ne
2900 933 3195 1005 dijudices
3227 936 3284 990 in
3328 938 3506 993 corde
3538 944 3658 1003 tuo,

286 1032 429 1101 σχες
456 1045 469 1057 ⁸
526 1030 615 1080 τὸν
661 1028 855 1097 ἔχοντα
904 1024 1099 1083 κυλλὴν
1152 1028 1244 1083 τὴν
1286 1030 1465 1097 χεῖρα,
1517 1026 1580 1084 ὡς
1619 1026 1690 1095 μή
1723 1023 1879 1074 κεκυλη

2069 1018 2116 1073 id
2146 1035 2283 1074 eum
2331 1020 2575 1091 perinde
2608 1036 2676 1076 ac
2715 1021 2763 1076 si
2795 1038 2976 1077 sanus
3007 1030 3160 1078 esset
3191 1025 3415 1081 intuere
3442 1044 3458 1097 ;
3495 1042 3662 1081 man-

282 1118 522 1189 λωμένην
568 1112 674 1180 ἴδε,
731 1118 817 1168 τὸν
862 1115 1035 1187 χωλὸν
1066 1117 1136 1176 ὡς
1173 1113 1347 1186 ὀρθὸν,
1406 1117 1493 1166 τὸν
1546 1111 1875 1187 παραλυτικὸ

2067 1124 2146 1164 Im
2159 1108 2419 1181 aliquem
2437 1125 2620 1165 manu
2636 1110 2883 1165 minime
2898 1111 3075 1167 veluti
3088 1112 3425 1169 mutilatum
3441 1116 3660 1186 aspice,

286 1211 359 1269 ὡς
389 1208 694 1278 ὑγιαίνοντα
722 1222 733 1233 ·
768 1203 900 1262 αὕτη
928 1206 1031 1278 γάρ
1065 1207 1211 1255 ὶστιν
1251 1204 1280 1261 ἠ
1314 1204 1613 1274 καθαρότης
1640 1210 1736 1262 τῆς
1765 1221 1879 1274 καρ-

2072 1197 2288 1252 audum
2325 1198 2479 1253 velut
2508 1205 2703 1254 erecto
2730 1214 2975 1271 corpore
3006 1201 3408 1273 incedentem,
3428 1202 3665 1274 paraly-

287 1290 443 1361 δίας,
494 1295 578 1346 ἶνα
631 1290 758 1346 ἰδὼν
798 1296 920 1354 τοὺς
959 1291 1301 1364 ἁμαρτωλοὺς
1344 1292 1372 1349 ἡ
1426 1290 1657 1351 ἀσθενεῖς
1690 1309 1880 1361 συμπα¹

2065 1300 2187 1340 :um
2218 1286 2375 1342 velut
2404 1302 2644 1342 sanum.
2674 1288 2808 1343 Haac
2840 1290 2999 1344 enim
3046 1296 3136 1345 est
3176 1292 3402 1361 puritas
3440 1290 3658 1359 cordis,

284 1386 490 1456 θήσης,
520 1387 612 1436 καὶ
641 1382 1002 1454 εὔσπλαγχνος
1059 1380 1137 1433 ἔπ’
1196 1380 1372 1442 αὐτοῖς
1408 1388 1527 1451 γενῇ
1566 1397 1577 1409 ·
1624 1379 1874 1451 συμϐαίνε

2066 1392 2067 1395 η
2100 1375 2237 1429 visis
2268 1376 2681 1446 peccatoribus
2706 1383 2809 1433 aut
2839 1378 3113 1443 infirmis,
3152 1380 3557 1450 compatiaris,
3590 1396 3659 1436 ac

277 1476 387 1546 γὰρ
448 1476 542 1526 καὶ
586 1472 770 1543 ἁγίους
821 1475 1016 1545 Κυρίου
1073 1470 1390 1531 καθίζεσθαι
1438 1470 1505 1529 εἰς
1558 1470 1748 1541 θέατρα
1803 1489 1870 1520 κα

2071 1464 2341 1519 isericors
2377 1480 2519 1533 erga
2559 1481 2662 1521 eos
2702 1466 2803 1521 sis.
2834 1468 3137 1536 Contingit
3166 1469 3344 1531 enim,
3378 1474 3440 1523 ut
3471 1470 3658 1525 sancti

283 1561 502 1636 βλέπειν
560 1566 653 1619 τὴν
692 1561 897 1617 ἀπάτην
952 1566 1047 1612 τοῦ
1098 1564 1301 1630 κόσμου
1334 1575 1351 1592 ⁸
1385 1558 1536 1611 αύτοὶ
1567 1554 1625 1611 δε
1654 1561 1787 1610 κατὰ
1806 1561 1876 1611 τὸτ

2067 1568 2245 1624 noque
2271 1553 2526 1619 Domini,
2562 1556 2720 1610 velut
2740 1555 2799 1610 in
2831 1555 3076 1627 specula
3091 1557 3390 1623 sedentes,
3420 1558 3660 1629 prospi-

282 1655 393 1705 ἔσω
420 1650 689 1726 ἄνθρωπον
743 1648 963 1703 λαλοῦσι
1009 1651 1140 1721 μετά
1195 1655 1287 1701 τοῦ
1345 1655 1498 1711 Θεοῦ,
1527 1652 1612 1700 καὶ
1646 1650 1783 1700 κατὰ
1806 1650 1875 1699 τὸτ

2067 1647 2164 1696 ant
2201 1641 2583 1713 deceptiones
2624 1644 2834 1699 mundi
2872 1645 3135 1716 ;quippe
3186 1648 3289 1717 qui
3326 1647 3660 1703 secundum

280 1742 384 1804 ἕξω
427 1742 696 1813 ἄνθρωπον
735 1742 999 1811 φαίνονται
1042 1744 1152 1799 τοῖς
1196 1737 1479 1810 ὀφθαλμοῖς
1530 1739 1594 1799 ὡς
1643 1738 1873 1811 θεωροῦν·

2070 1732 2340 1787 teriorem
2364 1730 2667 1787 hominem
2696 1749 2830 1788 cum
2864 1733 2982 1789 Deo
3004 1732 3659 1805 colloquuntur,secun-

282 1850 373 1893 τες
399 1832 465 1883 τὰ
494 1828 630 1900 ἓντῷ
650 1834 835 1901 κόσμῳ
862 1831 1123 1900 γινόμενα.

2061 1835 2151 1875 1m
2193 1836 2330 1875 vero
2360 1820 2712 1877 exteriorem
2769 1821 3075 1877 hominem
3125 1828 3419 1894 apparent
3467 1824 3654 1880 oculis

2001 1908 2178 1979 quasi
2201 1913 2470 1980 spectare
2497 1925 2587 1977 ea,
2614 1925 2751 1980 quae
2792 1910 2938 1966 ﬁant
2966 1911 3026 1965 in
3056 1911 3303 1967 mundo.

358 2024 447 2079 Θ’.
490 2023 679 2082 Ἀλλην
708 2020 796 2077 οὖν
848 2025 1067 2097 ἔχουσιν
1113 2024 1161 2075 οἱ
1219 2026 1467 2095 κοσμικοὶ
1506 2020 1760 2094 ἕνίργειαν
1790 2022 1890 2074 ὑπὸ

2072 2032 2157 2087 ΙΧ.
2217 2031 2409 2087 Aliam
2451 2034 2626 2103 igitur
2666 2034 2889 2090 habent
2924 2033 3241 2090 saeculares
3290 2036 3561 2092 virtutem
3620 2053 3656 2093 a

278 2122 382 2169 τοῦ
433 2116 721 2187 πνεύματος
776 2122 868 2174 τῆς
904 2112 1102 2175 πλάνης
1130 2119 1222 2166 τοῦ
1272 2120 1470 2187 φρονεῖν
1508 2114 1575 2163 τὰ
1602 2115 1775 2181 γήῖνα.
1826 2117 1869 2163 Ο

2064 2120 2211 2176 iiritu
2256 2122 2490 2186 erroris,
2519 2129 2579 2178 ut
2610 2124 2846 2194 sapiant
2893 2122 3168 2179 videlicet
3209 2128 3459 2181 terrena.
3495 2125 3657 2181 Chri-

283 2200 349 2257 δὶ
389 2208 704 2277 Χριστιανοὶ
755 2202 915 2261 οἴλλην
964 2205 1155 2274 ἔχουσι
1205 2206 1531 2277 προαίρεσιν,
1574 2200 1723 2252 ἄλλον
1752 2208 1868 2253 νοῦν

2065 2208 2180 2264 iani
2208 2225 2342 2265 vero
2370 2210 2548 2266 aliam
2578 2211 2801 2267 habent
2844 2212 3252 2277 intentionem.
3292 2213 3476 2269 alium
3534 2215 3658 2270 ani-

281 2291 453 2346 οἶλλου
485 2292 668 2355 αἰῶνός
701 2292 852 2357 εἰσιν,
907 2291 1063 2351 ἄλλης
1110 2290 1323 2352 πόλεως.
1375 2298 1584 2364 Πνεῦμα
1610 2292 1710 2363 γὰρ
1758 2298 1874 2345 Θεοί

2071 2314 2193 2363 um,
2234 2298 2387 2354 alius
2444 2304 2585 2354 sunt
2634 2300 2854 2365 saeculi,
2898 2300 3049 2356 alius
3100 2301 3371 2357 civitatis.
3410 2303 3658 2374 Spiritus

282 2388 527 2435 κοινωνεῖ
562 2389 677 2443 ταῖς
736 2380 945 2453 ψυχαῖς
994 2380 1183 2447 αὑτῶν,
1223 2384 1311 2431 καὶ
1350 2386 1717 2432 καταπατοῦσι
1754 2378 1875 2431 ἀντι·

2062 2388 2161 2442 ιὶω
2202 2389 2300 2442 Dei
2347 2388 2690 2445 societatem
2734 2389 2842 2443 init
2878 2405 3015 2445 cum
3068 2389 3304 2446 illorum
3338 2393 3577 2457 animis,
3602 2398 3655 2449 et

282 2475 545 2542 κείμενον.
580 2475 877 2545 Γέγραπται
905 2472 1055 2543 γὰρ’
1116 2468 1437 2541 Ἐσχατος
1494 2468 1729 2541 ἐχθρὸς
1793 2489 1875 2521 κα·

2063 2476 2358 2531 ιηουιοεωῑ
2388 2476 2825 2532 adversarium.
2857 2479 3150 2549 Scriptum
3197 2481 3355 2534 enim
3388 2486 3475 2535 est
3500 2500 3511 2536 :
3536 2482 3656 2536 No-

278 2569 631 2633 ταργεῖται
692 2562 721 2613 ὸ
781 2562 1077 2622 θάνατος.
1132 2560 1199 2612 Οἱ
1244 2561 1345 2632 γὰρ
1398 2557 1648 2620 θεοσεϐεῖς
1687 2560 1871 2610 πάντωτ

2065 2564 2274 2619 ssimus
2302 2564 2483 2620 hostis
2514 2565 2789 2622 aboletur
2804 2568 3043 2621 mors".
3063 2569 3246 2622 Deum
3266 2569 3424 2623 enim
3447 2570 3547 2641 qui
3562 2584 3658 2624 ve-

284 2650 393 2703 είσὶ
446 2646 720 2704 δεσπόται.
776 2649 937 2703 Πάλιν
994 2646 1053 2702 δὶ
1090 2651 1139 2702 οἱ
1193 2656 1387 2721 χαῦνοι
1442 2656 1504 2720 τῇ
1563 2653 1760 2710 πίστει,
1802 2653 1877 2700 καὶ

2060 2659 2304 2718 arantur,
2347 2656 2615 2711 omnium
2650 2659 2792 2710 sunt
2822 2655 3073 2711 domini.
3108 2658 3147 2710 E
3173 2658 3467 2713 contrario
3491 2673 3653 2723 vero,

280 2738 606 2812 ἁμαρτωλοὶ,
633 2739 756 2800 ὅλως
781 2738 885 2793 εἰσὶ
916 2735 1118 2803 δοῦλοι,
1146 2743 1236 2791 καὶ
1264 2746 1368 2811 πῦρ
1401 2737 1585 2798 αὐτοὺς
1615 2742 1769 2803 καίει,
1800 2744 1873 2789 κα

2057 2742 2104 2797 ui
2135 2743 2273 2798 lenti
2309 2750 2446 2799 sunt
2475 2744 2588 2799 ﬁde
2603 2760 2673 2800 ac
2687 2745 3309 2817 peccatores,penitus
3329 2748 3650 2811 suntservi,

270 2828 432 2891 λίθος
476 2834 566 2882 καὶ
616 2829 757 2901 ξίφος
793 2827 1086 2883 ἀποκτείνει
1124 2843 1139 2859 ⁶
1201 2832 1291 2881 καὶ
1328 2827 1615 2881 τελευταῖον
1650 2823 1863 2898 δαίμονι

2065 2832 2155 2886 nis
2184 2848 2287 2887 eos
2318 2833 2449 2898 urit,
2481 2831 2759 2905 lapisque
2785 2838 2841 2889 et
2861 2833 3097 2902 gladius
3125 2850 3224 2890 eos
3250 2835 3556 2903 interﬁcit;
3587 2826 3655 2893 ac

274 2918 459 2970 αὑτῶν
484 2919 1013 2991 κατακυριεύσουσιν.

1999 2919 2243 2975 tandem
2274 2919 2580 2975 daamones
2600 2920 3079 2977 dominabuntur
3102 2922 3163 2977 in
3195 2938 3318 2977 eos.

354 3041 422 3098 1’.
461 3041 940 3118 Ἐρώτησις.Εί
992 3044 1050 3095 ἓν
1106 3050 1179 3115 τῇ
1228 3040 1581 3095 ἀναστάσει
1647 3038 1758 3092 ὅλα
1812 3040 1889 3092 τὰ
1938 3113 1947 3118 _

2068 3046 2128 3100 X.
2157 3042 2577 3113 Interrogatio.
2620 3044 2829 3100 Utrum
2856 3045 2919 3100 in
2960 3046 3394 3103 resurrectione
3449 3048 3650 3105 omnia

271 3130 443 3206 μέλη
477 3113 900 3201 ἀνίστανται;
1155 3113 1162 3115 ⁷
1928 3113 1968 3167 C
1996 3132 2257 3189 membra
2284 3137 2634 3203 resurgant.

350 3259 761 3331 Ἀπόκρισις.
815 3263 899 3329 Τῷ
954 3262 1067 3329 Θεῷ
1092 3257 1263 3309 πάντα
1302 3254 1484 3309 εῦκολά
1523 3256 1658 3321 ἔστι,
1686 3257 1770 3306 καὶ
1798 3252 1888 3305 οῦ-

2065 3258 2406 3327 Responsio.
2453 3259 2567 3313 Deo
2590 3256 2797 3313 omnia
2828 3256 3023 3314 facilia
3042 3261 3201 3325 sunt,
3234 3262 3293 3314 et
3325 3258 3408 3315 sic
3431 3259 3654 3332 promi-

270 3368 384 3409 τως
444 3345 786 3418 ἐπηγγείλατο
821 3363 834 3376 ⁸
895 3345 1189 3421 ἀνθρωπίνη
1228 3342 1287 3397 δί
1336 3343 1590 3417 ἀσθενείᾳ.
1631 3348 1721 3396 καὶ
1748 3342 1862 3414 λογι

2061 3359 2068 3401 :
2100 3362 2112 3400 :
2146 3346 2430 3401 humanae
2464 3361 2604 3401 vero
2634 3345 3097 3403 imbecillitatiet
3126 3347 3468 3418 cogitationi
3492 3346 3654 3404 velut

274 3444 409 3509 σμῷ
463 3437 637 3509 ὥσπερ
692 3433 955 3489 ἀδύτατον
1008 3442 1158 3488 τοῦτο
1236 3439 1621 3506 καταφαίνεται.
1686 3432 1867 3508 Ὥσπερ

2061 3433 2363 3506 ιροεεώιὶθ
2379 3434 2493 3491 hoc
2508 3434 2761 3489 videtur.
2778 3433 3304 3502 Quemadmodum
3321 3438 3479 3492 enim
3502 3437 3654 3492 Deus

269 3528 385 3599 γὰρ
438 3523 538 3577 ἀπὸ
578 3533 670 3577 τοῦ
711 3528 844 3597 χοὸς
894 3529 981 3577 καὶ
1035 3533 1131 3587 τῆς
1179 3532 1281 3594 γῆς
1326 3522 1495 3577 λαϐὼν
1540 3524 1566 3575 ό
1618 3525 1761 3587 Θεὸς,
1818 3527 1857 3575 ὡ

2060 3524 2299 3594 pulvere
2328 3529 2385 3578 et
2424 3528 2579 3579 terra
2607 3540 2877 3589 sumens,
2910 3524 3071 3580 velut
3109 3525 3288 3581 aliam
3322 3525 3653 3597 quamdam

271 3614 445 3671 ἄλλην
488 3616 606 3667 τινὰ
644 3616 797 3686 φύσιν
852 3616 1205 3668 κατεσκεύασε
1242 3617 1336 3671 τὴν
1391 3620 1480 3664 τοῦ
1527 3618 1765 3679 σώματος
1810 3632 1864 3684 μι

2059 3618 2269 3669 ituram
2330 3612 2617 3679 condidit,
2673 3619 2953 3669 naturam
3020 3614 3307 3670 nimirum
3363 3616 3652 3685 corporis,

274 3704 515 3758 ἱοικυῖαν
544 3711 607 3776 τῇ
661 3711 754 3776 γῇ,
806 3707 897 3757 καὶ
953 3707 1074 3774 γένη
1130 3701 1295 3756 πολλά
1340 3700 1602 3767 ἐποίησιν,
1635 3702 1739 3753 οἷον
1778 3706 1867 3772 τρίη

2061 3717 2165 3757 rrae
2226 3700 2425 3755 minus
2477 3702 2759 3767 similem,
2818 3709 2873 3757 et
2918 3717 3140 3771 genera
3180 3702 3368 3758 multa
3415 3704 3654 3768 creavit,

272 3811 416 3866 χας,
473 3797 563 3845 καὶ
612 3788 801 3867 δέρμα,
832 3797 923 3845 καὶ
978 3791 1155 3860 ὀστέα,
1191 3796 1281 3844 καὶ
1321 3798 1475 3863 νεῦρα
1505 3810 1517 3823 ο
1560 3794 1649 3843 καὶ
1680 3792 1732 3841 ὃν
1765 3795 1865 3862 τρόι

2062 3790 2154 3845 ιιυι
2178 3789 2346 3862 pilos,
2378 3789 2617 3860 pellem,
2652 3806 2797 3845 ossa
2826 3796 2881 3845 et
2915 3806 3161 3847 nervos:
3188 3791 3655 3862 etquemadmo-

273 3900 379 3935 πον
411 3879 701 3954 βαλλομένη
730 3882 887 3954 ῥαφὶς
930 3879 1004 3941 εἰς
1053 3886 1177 3953 πῦρ,
1244 3878 1495 3933 ἀλλάσσει
1550 3883 1644 3937 τὴν
1691 3882 1861 3953 χρόαν

2061 3895 2138 3933 ιω
2171 3878 2438 3949 projecta
2482 3878 2681 3949 55in
2711 3879 2911 3947 ignem
2968 3896 3132 3945 acus,
3163 3879 3412 3935 alterato
3458 3878 3654 3934 colore

270 3976 374 4023 καὶ
423 3968 799 4042 μεταϐάλλεται
857 3969 923 4030 εἰς
976 3975 1080 4041 πῦρ
1122 3983 1136 3997 ⁶
1213 3971 1449 4040 μέντοιγε
1498 3970 1527 4026 ἡ
1589 3970 1740 4040 φύσις
1794 3986 1863 4018 τοι

2066 3968 2237 4023 rtitur
2269 3969 2326 4021 in
2350 3966 2551 4035 ignem
2580 3984 2592 4022 :
2624 3982 2981 4039 quanquam
3016 3973 3228 4023 natura
3243 3967 3487 4039 quidem
3521 3967 3656 4021 ferri

267 4056 513 4130 σιδήρου
564 4058 657 4111 ούκ
693 4058 942 4133 ἀνῃρέθη,
975 4056 1104 4110 ἀλλὰ
1134 4061 1448 4115 συνέστηκεν
1481 4074 1493 4086 ·
1529 4056 1693 4116 οὕτως
1720 4060 1809 4107 καὶ
1837 4057 1858 4107 ὲ

2062 4072 2114 4111 in
2152 4055 2386 4127 penitus
2418 4054 2661 4120 tollitur,
2692 4056 2797 4111 sed
2848 4056 3113 4112 subsistit
3144 4075 3155 4124 ;
3184 4058 3266 4112 ita
3310 4057 3368 4111 in
3402 4070 3655 4110 resurre-

260 4157 335 4222 τῇ
379 4146 667 4201 ἀναστάσει
697 4146 793 4200 ὅλα
818 4150 885 4200 τά
913 4146 1039 4219 μελη
1068 4145 1392 4211 ἀνίστανται,
1426 4150 1532 4199 καὶ
1589 4144 1731 4221 θρὶξ
1775 4144 1841 4197 οῦ

2062 4160 2185 4200 ιοηο
2224 4144 2430 4201 omnia
2460 4145 2735 4201 membra
2760 4150 3090 4215 resurgent,
3126 4160 3233 4201 nec
3274 4147 3433 4215 perit
3469 4143 3655 4211 capil-

262 4236 658 4303 ἀπόλλυται,
706 4238 881 4299 καθὼς
933 4240 1250 4310 γέγραπται,
1317 4240 1408 4289 καὶ
1471 4235 1563 4287 ὅλα
1618 4239 1855 4306 γίγνοντο

2058 4250 2087 4290 ηδ
2120 4235 2189 4300 ⁸³,
2222 4239 2286 4288 ut
2307 4233 2597 4304 scriptum
2612 4240 2717 4299 est,
2750 4233 3651 4306 omniaquelucidaredduntur,

268 4322 568 4401 φωτοειδῆ,
636 4325 727 4379 ὅλα
780 4326 850 4388 εἰς
890 4334 997 4398 φῶς
1049 4330 1139 4377 καὶ
1169 4336 1272 4399 πῦρ
1326 4323 1640 4397 βάπτονται,
1675 4328 1764 4375 καὶ
1801 4342 1861 4395 με

2062 4338 2176 4395 que
2198 4322 2405 4377 omnia
2432 4321 2659 4377 lumine
2691 4325 2747 4377 et
2794 4322 2913 4392 igni
2948 4324 3130 4379 tincta
3186 4328 3490 4378 mutantur
3528 4322 3655 4394 qui-

266 4414 651 4481 ταϐάλλονται,
685 4413 789 4467 ἀλλ’
822 4414 949 4486 ούχ,
1004 4414 1073 4476 ὣς
1110 4432 1244 4475 τινες
1301 4412 1561 4484 λέγουσιν,
1610 4410 1859 4465 ἀναλύεται

2059 4428 2158 4481 im,
2186 4411 2290 4466 sed
2317 4427 2460 4477 non,
2497 4418 2559 4466 ut
2581 4410 2853 4467 nonnulli
2875 4412 3059 4477 aiunt,
3090 4412 3488 4476 resolvuntur,
3514 4418 3569 4466 et
3593 4411 3652 4465 in

265 4510 378 4560 καὶ
432 4509 629 4575 γίνεται
684 4512 811 4576 πῦρ,
885 4508 975 4556 καὶ
1057 4502 1231 4556 ούκέτι
1302 4503 1587 4574 ὑφέστηκεν
1633 4504 1663 4561 ἠ
1708 4503 1858 4573 φύσις

2063 4516 2196 4556 nem
2212 4499 2659 4565 evadunt,adeo
2690 4506 2751 4556 ut
2783 4516 2903 4556 non
2939 4501 3199 4572 amplius
3244 4501 3533 4556 subsistat
3562 4515 3656 4555 eo-

270 4598 485 4665 Ιιέτρος
529 4596 627 4668 γὰρ
691 4598 884 4668 Πέτρος
928 4592 1063 4659 ἕστὶ,
1122 4595 1213 4644 καὶ
1272 4591 1475 4653 Παῦλος
1530 4589 1745 4655 Παῦλος,
1800 4610 1863 4642 κα

2061 4608 2130 4644 im
2145 4594 2377 4644 natura.
2398 4592 2598 4645 Petrus
2614 4590 2773 4644 enim
2786 4596 2985 4645 Petrus
3001 4596 3106 4651 est,
3125 4596 3178 4645 et
3191 4590 3404 4644 Paulus
3418 4589 3654 4654 Paulus,

275 4682 545 4744 Φίλιππος
602 4682 894 4744 Φίλιππος’
954 4682 1174 4743 ἕκαστος
1209 4680 1259 4733 ὶν
1312 4688 1374 4752 τῇ
1434 4676 1547 4751 ἰδίᾳ
1610 4682 1760 4751 φύσει
1801 4698 1867 4730 κα

2095 4678 2399 4750 Philippus
2460 4678 2785 4750 Philippus.
2854 4678 3111 4743 Quilibet
3172 4678 3232 4731 in
3288 4694 3400 4732 sua
3471 4677 3657 4747 ipsius

276 4776 584 4826 ὑποστάσει
648 4776 786 4844 μένει
837 4770 1235 4845 πεπληρωμένος
1296 4776 1387 4822 τοῦ
1452 4771 1768 4841 Πνεύματος.
1830 4774 1867 4820 Ε

2054 4773 2215 4823 atura
2244 4772 2299 4822 ct
2331 4766 2699 4822 susbstantia
2731 4773 3044 4838 permanet
3087 4765 3344 4837 repletus
3398 4765 3647 4836 Spiritu.

282 4859 354 4917 δ⁴ε
411 4861 589 4933 λέγεις,
635 4863 715 4914 ὅτι
768 4860 983 4919 ἀνελύθη
1041 4862 1071 4919 ἡ
1140 4861 1317 4932 φύσις,
1379 4858 1553 4911 ούκίτι
1612 4857 1875 4929 Πέτρος,ξ

2063 4856 2167 4911 10d
2200 4859 2246 4910 si
2278 4856 2463 4919 dicas,
2498 4856 2827 4911 resolutam
2855 4871 2986 4911 esse
3010 4861 3308 4920 naturam,
3364 4869 3481 4909 non
3533 4869 3656 4909 am-

282 4949 513 5016 Παῦλος,
565 4950 693 5003 ἀλλὰ
746 4951 913 5009 πάντη
950 4954 1039 5002 καὶ
1086 4954 1362 5020 πανταχοῦ
1420 4949 1444 4999 ὁ
1478 4950 1626 5013 Θεὸς,
1658 4952 1747 4999 καὶ
1777 4950 1875 4998 οὔτι

2066 4946 2156 4998 ius
2179 4950 2265 4999 est
2292 4944 2493 4999 Petrus
2522 4949 2623 4999 aut
2654 4944 2891 5008 Paulus,
2924 4945 3027 4999 sed
3052 4958 3300 5015 prorsus
3334 4948 3389 4996 et
3435 4941 3656 5012 ubique

281 5043 340 5095 οἱ
388 5040 453 5100 εἰς
502 5043 704 5110 γέενναν
760 5037 1111 5112 ἀπερχόμενοι
1192 5038 1530 5089 αἰσθάνονται
1605 5043 1694 5097 τῆς
1746 5035 1869 5087 κολά

2065 5048 2346 5088 ausznec
2410 5034 2511 5104 qui
2567 5033 2627 5086 in
2686 5032 3025 5103 gehennam
3091 5032 3338 5100 abeunt,
3397 5030 3658 5087 sentiunt

287 5148 447 5195 σεως,
472 5131 589 5181 οὔτε
618 5129 667 5181 οἱ
697 5128 764 5189 εἰς
794 5125 1085 5201 βασιλείαν,
1115 5134 1208 5188 τῆς
1240 5126 1554 5199 εὐεργεσίας.

2005 5120 2390 5194 supplicium,
2426 5136 2534 5176 nec
2552 5122 2653 5193 qui
2680 5122 2739 5176 in
2771 5137 3045 5192 regnum,
3075 5120 3456 5177 beneficium.

369 5252 582 5309 IA’-IB’.
625 5252 825 5326 Ὠσπερ
883 5252 968 5305 ἵνα
1023 5252 1055 5325 ᾖ
1104 5246 1430 5325 παράδεισος
1485 5252 1621 5323 ἔχων
1678 5256 1898 5301 παντοῖα

2078 5244 2528 5302 XI-XlI.Velutisi
2551 5244 2844 5302 sithortus
2863 5246 3126 5302 consitus
3146 5245 3324 5301 variis
3343 5242 3659 5300 arboribus

286 5340 497 5416 δένδρα
521 5346 847 5416 καρποφόρα,
903 5346 992 5395 καὶ
1036 5336 1097 5399 ἦν
1154 5339 1258 5394 ὶκεῖ
1300 5341 1473 5405 ἄπιος,
1503 5343 1533 5398 ἦ
1590 5338 1771 5411 μῆλον,
1810 5357 1876 5389 κα

2067 5333 2343 5399 uctiferis,
2367 5349 2437 5389 ac
2464 5335 2539 5390 sit
2560 5334 2675 5390 illic
2701 5350 2907 5406 pyras,
2940 5350 3158 5406 pomus
3190 5338 3242 5389 et
3272 5333 3407 5387 vitis
3428 5332 3658 5388 habens

286 5430 521 5504 ἄμπελος
552 5433 758 5502 ἔχουσα
804 5432 890 5483 τὸν
943 5431 1162 5503 καρπὸν,
1214 5432 1303 5480 καὶ
1360 5430 1425 5480 τὰ
1480 5425 1645 5499 φύλλα
1672 5443 1684 5456 ’
1723 5424 1879 5498 συμϐῇ

2067 5431 2265 5479 uctum
2307 5432 2361 5479 et
2382 5423 2520 5479 folia
2546 5440 2557 5479 :
2590 5424 2805 5480 accidit
2832 5426 3034 5479 autem
3060 5423 3301 5478 hortum
3328 5435 3660 5492 omnesque

287 5516 355 5573 δί
384 5523 469 5572 τὸν
497 5515 821 5593 παράδεισον
867 5521 957 5572 καὶ
1014 5516 1106 5570 ὅλα
1142 5518 1209 5569 τὰ
1249 5511 1464 5589 δένδρα,
1509 5518 1599 5566 καὶ
1630 5515 1697 5566 τὰ
1742 5513 1880 5586 φύλλ‹

2070 5513 2261 5570 rbores
2284 5529 2352 5571 ac
2384 5513 2523 5570 folia
2554 5513 2793 5577 mutari,
2826 5518 2879 5568 et
2912 5512 3176 5568 converti
3198 5511 3258 5567 in
3284 5509 3466 5566 aliam
3492 5514 3663 5567 natu-

375 5663 424 5699 ⁸ο
454 5661 477 5717 Ι
508 5661 638 5719 Cor.
670 5676 767 5728 xv,
801 5664 890 5717 26.
992 5662 1037 5697 ⁶¹
1070 5661 1215 5718 Luc.
1250 5674 1373 5723 xxi,
1409 5658 1473 5714 18
1497 5675 1512 5727 ;
1535 5658 1709 5717 Marc.
1737 5673 1815 5723 xx,
1842 5659 1929 5712 49.
