4076 6210
561 305 661 364 583

1859 297 1918 356 S.
1971 294 2273 359 MACARII
2326 295 2631 356 EGYPTII
3775 303 3864 362 58!.

549 449 703 499 ram,
735 433 984 504 ﬁerique
1012 432 1216 504 priora
1236 428 1335 487 illa
1365 428 1562 485 lucida
1595 445 1605 484 :
1643 428 1729 484 sic
1747 444 1989 500 quoque
2010 427 2196 484 homi-

2307 427 2715 499 μεταϐληθῆναι,
2777 433 2867 481 καὶ
2919 427 3210 500 ἀλλαγῆναι
3261 428 3328 489 εἰς
3374 428 3529 486 ἀλλην
3587 432 3748 501 φύσιν,
3790 439 3866 486 καὶ

541 537 649 577 nes
693 528 997 577 mutantur
1041 521 1102 576 in
1147 519 1596 582 resurrectione,
1635 524 1689 573 et
1727 518 1879 572 ﬁunt
1929 518 2200 573 membra

544 627 754 666 eorum
783 616 989 666 sancta
1015 615 1071 665 et
1097 609 1318 665 lucida.
1354 607 1760 674 Quamobrem
1789 607 1972 661 divini
2005 607 2201 662 homi-

542 716 648 755 nes
675 700 894 754 debent
927 716 988 752 se
1017 714 1356 769 praeparare
1382 698 1461 753 ad
1491 702 1790 752 certamen
1819 702 1874 750 et
1904 710 2196 767 pugnam.

550 789 794 843 Perinde
813 793 1035 852 autem,
1069 795 1128 841 ut
1150 787 1387 857 juvenis
1414 801 1740 855 generosus
1761 784 1956 840 illatas
1989 786 2200 856 plagas

551 894 620 932 ac
653 877 873 931 luctain
905 877 1151 931 sustinet
1175 892 1243 930 ac
1274 874 1502 930 referit:
1529 874 1612 928 sic
1626 889 1866 945 quoque
1891 872 2200 928 Christiani

546 967 804 1037 perferre
829 966 1047 1019 debent
1086 963 1460 1030 aﬂlictiones,
1496 967 1621 1018 tum
1640 969 1939 1026 externas,
1970 968 2094 1017 tum
2118 963 2200 1016 in-

543 1055 762 1109 teriora
792 1053 966 1115 bella,
1004 1058 1062 1107 ut
1096 1052 1362 1123 percussi
1391 1067 1496 1122 per
1529 1051 1903 1107 tolerantiam
1933 1050 2200 1122 superio-

545 1159 636 1197 res
663 1140 941 1195 evadant.
970 1142 1073 1195 Via
1112 1141 1270 1195 enim
1308 1139 1652 1195 Christianae
1685 1139 1991 1209 religionis
2026 1140 2108 1194 sic
2139 1154 2201 1193 se

549 1231 750 1284 habet.
784 1230 886 1284 Ubi
939 1231 1178 1299 spiritus
1237 1235 1502 1292 sanctus,
1539 1229 1653 1284 illic
1704 1229 1987 1300 sequitur,
2045 1227 2200 1283 velut

549 1319 783 1382 umbra,
815 1319 1146 1388 persecutio
1175 1324 1229 1373 et
1252 1333 1475 1388 pugna.
1495 1318 1664 1372 Vides
1679 1319 2025 1390 prophetas,
2056 1333 2201 1389 quo-

545 1407 724 1461 modo
759 1408 1166 1478 persecutione
1193 1406 1395 1462 aﬂlicti
1426 1406 1735 1462 tuerintab
1757 1407 2042 1462 omnibus
2057 1422 2198 1461 con-

544 1495 859 1551 tribulibus
893 1497 1034 1562 suis,
1071 1497 1130 1550 in
1157 1495 1380 1566 quibus
1414 1497 1806 1550 nihilominus
1837 1496 2202 1566 operabatur

545 1584 813 1655 Spiritus.
849 1585 1027 1639 Vides
1073 1585 1382 1655 quomodo
1418 1585 1724 1640 Dominus.
1763 1585 1863 1656 qui
1897 1591 1983 1639 est
2013 1585 2110 1640 via
2150 1588 2202 1640 et

544 1674 765 1729 veritas
797 1674 863 1737 ⁵³,
895 1689 1014 1728 non
1043 1675 1121 1728 ab
1162 1672 1278 1728 alio
1312 1673 1536 1744 populo
1559 1673 2035 1744 persecutionem
2069 1689 2202 1744 pas-

2308 519 2548 588 γενέσθαι
2594 521 2661 569 τὰ
2698 526 2880 591 πρῶτα
2938 514 3192 589 φωτοειδῆ

2309 627 2398 658 ποι
2438 605 2787 659 ἀλλάσσονται
2836 605 2883 658 ἐν
2927 615 2992 679 τῇ
3057 605 3356 672 ἀναστάσει,
3419 612 3505 660 καί
3559 612 3780 679 γίγονται
3815 613 3870 662 τὰ

3240 534 3253 548 °
3295 517 3453 578 οὕτως
3499 523 3586 571 καὶ
3624 522 3669 572 οἱ
3696 521 3869 592 ᾶνθρωυ

2310 696 2435 767 μέλη
2486 696 2654 748 αὐτῶν
2705 696 2834 767 ἅγια
2896 701 2986 749 καὶ
3045 693 3324 768 φωτοειδῆ.
3383 699 3446 748 Oi
3501 697 3586 749 οὖν
3630 705 3716 750 τοῦ
3759 705 3872 752 Θεοῦ

2311 787 2576 858 ἄνθρωποι
2627 785 2917 856 ὀφείλουσιν
2975 785 3278 859 εὐτρεπίσαι
3351 785 3556 846 ἑαυτοὺς
3605 785 3668 846 είς
3724 788 3875 856 ἀγῶνα

2309 879 2399 925 καὶ
2451 874 2692 930 ἄθλησιν.
2749 873 2948 948 Ὠσπερ
3008 871 3069 926 δε
3130 879 3330 936 νεανίας
3386 881 3612 945 γενναῖος
3655 877 3740 937 τὰς
3785 878 3878 927 ἐπι-

2312 968 2590 1036 φερομένας
2628 963 2845 1035 πληγὰς,
2906 969 2996 1016 καὶ
3035 968 3128 1022 τῆν
3177 963 3346 1021 πάλην
3387 962 3641 1035 βαστάζει
3689 968 3770 1016 καὶ
3807 963 3857 1014 ἀν

2309 1055 2567 1121 τιτύπτει,
2622 1054 2757 1105 οὕτω
2813 1058 2901 1106 καὶ
2963 1055 3011 1105 οἱ
3067 1059 3378 1127 Χριστιανοὶ
3435 1053 3689 1125 ὀφειλουσι
3737 1057 3878 1127 φέρειν

2310 1144 2404 1202 τὰς
2436 1141 2660 1213 θλίψεις,
2701 1146 2794 1204 τὰς
2839 1162 2892 1194 τε
2922 1143 3125 1208 ἔξωθεν,
3177 1149 3266 1195 καί
3316 1147 3433 1204 τοὺς
3487 1139 3701 1205 ἔνδοθεν,
3753 1142 3882 1195 πολέ-

2311 1250 2461 1301 μους,
2518 1233 2599 1282 ῖνα
2647 1228 2739 1283 διὰ
2787 1239 2882 1293 τῆς
2913 1233 3177 1303 ὑπομονῆς
3248 1235 3556 1302 τυπτόμενοι
3597 1236 3878 1289 νικήσωσιν.

2309 1327 2365 1372 Ἠ
2405 1323 2502 1394 γὰρ
2553 1318 2675 1382 ὁδὸς
2735 1329 2827 1373 τοῦ
2898 1329 3320 1395 Χριστιανισμοῦ
3365 1321 3522 1383 οὕτως
3556 1320 3881 1375 ἐστίν.’οπου

2309 1411 2411 1480 γὰρ
2443 1412 2556 1461 ἐστι
2610 1414 2668 1462 τὸ
2723 1417 2932 1482 Πνεῦμα
2971 1414 3028 1463 τὸ
3077 1411 3242 1481 ἅγιον,
3278 1412 3382 1463 ἐκεῖ
3409 1409 3754 1473 ἐπακολουθεῖ,
3791 1410 3880 1461 οἷον

2314 1502 2456 1563 σκιὰ,
2492 1501 2516 1550 ό
2549 1495 2787 1571 διωγμὸς
2839 1504 2927 1552 καὶ
2978 1502 3008 1558 ὴ
3064 1500 3226 1558 πάλη.
3263 1500 3420 1572 Ὁρᾷς
3467 1503 3585 1561 τούς
3622 1503 3880 1572 προφήτας,

2312 1597 2421 1648 πῶς
2473 1584 2749 1640 ἐδιώκοντο
2817 1591 2916 1641 ύπὸ
2968 1598 3067 1641 τῶν
3137 1589 3405 1661 ὁμοφύλων
3450 1585 3524 1641 δι’
3554 1587 3685 1658 ὅλου,
3715 1590 3779 1648 είς
3813 1589 3882 1647 οῦς

2313 1680 2447 1747 ὅμως
2477 1677 2678 1748 ἐνήργει
2711 1682 2767 1730 τὸ
2802 1685 3029 1751 Πνεῦμα.
3089 1679 3260 1752 Ὀρᾲς,
3311 1686 3415 1740 πῶς
3461 1680 3486 1730 ό
3529 1681 3727 1752 Κύριος,
3757 1679 3882 1737 ὅστις

543 1779 643 1816 sus
675 1769 780 1827 est,
814 1762 922 1817 sed
951 1778 984 1816 a
1013 1763 1163 1826 suis,
1210 1779 1245 1817 a
1290 1763 1534 1832 propria
1566 1762 1788 1818 scilicet
1839 1763 1994 1817 tribu
2022 1762 2196 1817 Israel

2314 1769 2455 1818 ἐστὶν
2487 1763 2598 1819 όδὸ
2618 1789 2639 1828 ς
2676 1773 2783 1820 καὶ
2822 1766 2936 1826 ἐιλή
2955 1771 3117 1832 θεια,
3143 1769 3247 1840 οὐχ
3269 1771 3370 1820 ὑπὸ
3396 1767 3551 1820 ἄλλου
3575 1770 3734 1827 ἔθνους
3753 1763 3883 1818 ἐδιώ-

542 1851 951 1921 persecutione
983 1850 1250 1915 affectus,
1285 1866 1354 1905 ac
1386 1852 1544 1906 cruci
1587 1851 1806 1906 affixus
1833 1858 1920 1905 est
1951 1867 1962 1905 :
1999 1851 2204 1906 itidem

541 1947 596 1996 et
625 1940 899 2011 apostoli.
940 1943 1016 1994 Ex
1047 1957 1117 1995 eo
1148 1941 1307 1994 enim
1345 1946 1636 2011 tempore,
1671 1957 1794 2013 quo
1814 1941 1971 1995 cruci
1987 1941 2204 1996 afﬁxus

542 2035 650 2094 est,
709 2029 939 2085 transiit
998 2029 1252 2099 Spiritus
1315 2029 1671 2100 paracletus,
1708 2035 1765 2084 et
1822 2029 2095 2098 migravit
2145 2029 2203 2084 in

543 2116 930 2173 Christianos.
963 2119 1250 2173 Caeterum
1284 2118 1487 2172 nullus
1533 2119 1877 2174 Judaeorum
1930 2134 2206 2189 persecu-

541 2207 763 2261 tionem
798 2208 1054 2276 pertulit,
1088 2207 1191 2261 sed
1224 2206 1536 2262 Christiani
1568 2206 1764 2261 solum
1800 2209 2089 2279 martyrio
2117 2207 2206 2262 af-

541 2295 674 2350 fecti
709 2301 866 2349 suut.
895 2296 1086 2359 Quare
1115 2311 1236 2350 non
1283 2301 1370 2350 est
1407 2295 1571 2366 quod
1614 2295 1930 2351 Christiani
1971 2296 2030 2350 in
2081 2302 2207 2350 stu-

542 2397 750 2454 porem
769 2383 1171 2448 adducantur,
1189 2400 1397 2439 verum
1430 2389 1664 2456 oportet
1691 2385 1996 2441 veritatem
2013 2400 2206 2456 perse-

551 2474 850 2527 cutionem
895 2473 1036 2543 pati.

626 2579 760 2632 Xlll.
796 2579 1216 2649 Interrogatio.
1245 2579 1498 2646 Quidam
1517 2581 1689 2636 aiunt
1714 2581 1972 2636 exterius
1999 2580 2205 2636 vitium

547 2667 803 2737 ingredi,
829 2675 882 2724 et
910 2669 962 2723 si
993 2669 1130 2724 velit
1172 2668 1365 2734 homo,
1413 2685 1532 2725 non
1576 2672 1808 2739 recipit,
1861 2671 1962 2726 sed
2009 2671 2205 2740 rejicit

547 2756 726 2813 illud.

613 2863 955 2932 Responsio.
985 2863 1510 2928 Quemadmodum
1543 2881 1786 2936 serpens
1808 2865 2040 2921 locutus
2066 2881 2202 2920 cum

544 2955 663 3008 Eva
692 2955 758 3018 ⁵³,
794 2969 927 3007 cum
974 2953 1244 3007 obediret
1304 2954 1457 3024 ipsa,
1513 2955 1913 3022 introgressus
1957 2965 2088 3009 est:
2121 2955 2202 3008 sic

543 3056 788 3113 quoque
815 3057 975 3096 nunc
1006 3041 1084 3097 ob
1119 3042 1528 3098 obedientiam
1560 3043 1827 3098 hominis
1875 3043 2202 3115 ingreditur

2312 1857 2448 1925 χθη,
2497 1854 2603 1907 ἀλλ’
2640 1858 2740 1908 ύπὸ
2778 1866 2875 1909 τών
2930 1854 3100 1921 ἰδίων,
3142 1860 3242 1910 ὑπὸ
3297 1865 3394 1920 τῆς
3435 1853 3576 1917 ἰδίας
3623 1856 3774 1928 φυλῆς
3806 1862 3881 1906 τοῦ

2315 1943 2528 2016 Ἰσραὴλ
2594 1942 2832 2016 ἐδιώχθη
2887 1951 2977 1998 καὶ
3049 1945 3355 2018 ἐσταυρώθη
3394 1964 3404 1974 ·

2316 2033 2617 2089 ἀπόστολοι.
2650 2034 2739 2097 Ἐξ
2785 2036 2845 2087 οὗ
2897 2038 2998 2109 γὰρ
3047 2037 3073 2087 6
3106 2039 3332 2108 σταυρὸς
3372 2037 3593 2106 μετῆλθε
3622 2037 3676 2086 τὸ
3704 2038 3882 2104 Πνεῦμα

2313 2125 2369 2174 τὸ
2400 2123 2753 2196 παράκλητον,
2812 2123 2902 2175 καὶ
2954 2123 3223 2197 ἐχωρησεν
3279 2124 3350 2184 εἰς
3401 2128 3518 2184 τοὺς
3549 2123 3876 2196 Χριστιανούς.

3473 1947 3659 2018 ὁμοίως
3713 1949 3793 1996 καὶ
3843 1945 3881 1993 οἱ

2317 2217 2512 2264 Λοιπὸν
2561 2209 2732 2273 ούδεὶς
2785 2209 3054 2266 Ἰουδαίων
3105 2210 3370 2284 ἐδιώχθη,
3417 2212 3545 2265 ἀλλὰ
3598 2217 3738 2284 μόνον
3777 2217 3882 2284 Χρι-

2317 2307 2519 2353 στιανοὶ
2568 2300 2956 2376 ἐμαρτύρησαν.
3009 2305 3096 2354 Διὸ
3146 2303 3240 2354 ούκ
3285 2302 3552 2374 ὀφείλουσι
3603 2301 3876 2364 ξενίζεσθαι,

2317 2390 2443 2442 ἀλλὰ
2472 2389 2672 2462 ἀνάγκη
2704 2388 2994 2444 διώκεσθαι
3023 2397 3112 2449 τὴν
3142 2389 3410 2449 ἀλήθειαν.

2388 2569 2486 2622 11".
2535 2569 2907 2640 Ἐρώτησις.
2959 2573 3136 2631 Τίνες
3179 2569 3487 2642 λέγουσιν
3543 2570 3640 2623 ὁτι
3686 2567 3880 2630 ἔξωθεν

2317 2656 2774 2730 ἐπεισέρχεται
2815 2663 2885 2710 τό
2916 2663 3131 2728 κακὸν,
3172 2665 3278 2712 καί
3319 2658 3426 2712 ἐὰν
3457 2659 3601 2732 θέλῃ
3632 2660 3656 2711 6
3686 2657 3882 2728 ἀνθρω-

2315 2766 2442 2812 πος,
2485 2747 2550 2799 ού
2594 2744 2888 2820 δέχεται,
2936 2747 3060 2800 ἀλλ’
3102 2748 3560 2822 ἀποπέμπεται
3602 2748 3761 2801 αὐτὸ.

2385 2854 2789 2927 Ἀπόκρισις.
2846 2855 3045 2929 Ὠσπερ
3087 2857 3112 2908 6
3163 2860 3273 2928 ὄφις
3301 2856 3540 2918 λαλήσας
3565 2864 3624 2928 τῇ
3664 2857 3778 2912 Εὔα,
3807 2846 3882 2902 διἀι

2313 2947 2400 3000 τὴν
2460 2945 2694 3002 ὑπακοὴν
2729 2943 2930 2998 ἔνδοθεν
2991 2945 3312 3011 ἐπεισῆλθεν,
3360 2949 3498 2999 οὑτω
3555 2950 3640 2998 καὶ
3689 2951 3766 2994 νῦν
3805 2936 3881 2991 διὰ

2311 3043 2400 3095 τῆς
2450 3036 2685 3097 ὑπακοῆς
2735 3043 2824 3087 τοῦ
2872 3034 3147 3108 ἀνθρώπου
3180 3035 3543 3108 ἐπεισέρχεται
3595 3037 3623 3094 ἡ
3684 3032 3882 3104 ἁμαρτία

542 3135 881 3199 peccatum,
915 3131 1079 3202 quod
1111 3136 1276 3186 extra
1318 3137 1425 3186 est.
1459 3132 1644 3187 Habet
1668 3133 1828 3186 enim
1885 3137 2196 3203 peccatum

2309 3126 2403 3187 ἔξω
2453 3125 2606 3180 οὖσα.
2647 3124 2799 3196 Ἔχει
2854 3126 2955 3196 γὰρ
3001 3124 3240 3187 ἐξουσίαν
3284 3130 3377 3178 καὶ
3422 3125 3711 3200 παρρησίαν
3745 3121 3880 3190 εἰσέρ-

545 3218 782 3286 pleuam
808 3225 1158 3289 potestatem
1177 3225 1232 3273 et
1261 3220 1596 3275 libertatem
1628 3221 1686 3274 in
1725 3237 1828 3275 cor
1861 3221 2199 3288 ingredien-

539 3306 620 3361 di.
656 3311 852 3377 Neque
874 3309 1033 3362 enim
1052 3309 1447 3375 cogitationes
1481 3315 1645 3363 extra
1691 3315 1847 3377 sunt,
1892 3310 1998 3364 sed
2018 3311 2196 3375 intus,

541 3410 613 3448 ex
672 3395 849 3448 corde
892 3395 1358 3464 proﬁciscentes.
1394 3397 1589 3466 inquit
1629 3397 1789 3451 enim
1832 3397 2196 3467 Apostolus:

555 3482 1304 3539 Volovirosoraresineira
1334 3491 1386 3539 et
1419 3485 1883 3554 cogitationibus
1912 3487 2196 3556 pravis“.

547 3569 934 3638 Cogitationes
962 3572 1119 3625 enim
1161 3573 1233 3627 de
1277 3574 1452 3628 corde
1484 3584 1700 3629 exeunt
1752 3577 1820 3639 ⁵⁵,
1864 3576 2200 3631 secundum

544 3657 953 3726 Evangelium.
984 3661 1204 3716 Accede
1245 3663 1444 3734 itaque
1477 3663 1553 3718 ad
1579 3665 1928 3730 orationem,
1960 3671 2013 3719 et
2066 3681 2200 3720 exa-

539 3747 704 3801 mina
717 3763 818 3802 cor
833 3752 1001 3804 tuum
1020 3757 1071 3804 et
1086 3751 1858 3824 animum,atque}desidera
1877 3756 2198 3809 orationem

544 3842 708 3891 tuam
731 3839 847 3892 Deo
867 3840 1234 3894 committere
1255 3857 1490 3910 puram,
1519 3848 1700 3914 atque
1715 3843 2198 3913 circumspiceibi

541 3927 940 3997 potissimum,
972 3930 1266 4001 numquid
1292 3947 1411 3985 non
1440 3933 1513 3986 sit
1535 3933 1779 4003 aliquod
1807 3932 2200 4003 impedimen-

545 4021 668 4069 tum
708 4032 719 4067 :
756 4032 900 4070 num
929 4019 1118 4072 oratio
1151 4019 1852 4089 sitpura;numintentus
1873 4022 2196 4076 sitauimus

546 4107 682 4158 tuus
711 4106 983 4169 Domino,
1007 4107 1252 4176 perinde
1280 4124 1350 4162 ac
1373 4109 1610 4162 animus
1640 4108 1915 4178 agricolae
1949 4110 2199 4178 agricul-

542 4195 954 4256 turae,aniuius
973 4195 1110 4248 viris
1139 4195 2153 4266 uxori,etmercatorisnegotiationi
2181 4215 2193 4264 ;

538 4293 686 4332 num
718 4279 918 4334 ﬂectas
947 4296 1144 4348 genua
1179 4287 1278 4337 tua
1309 4284 1385 4338 ad
1429 4285 1750 4349 orandum,
1781 4300 1890 4340 nec
1944 4290 2075 4342 tuas
2103 4303 2197 4343 co-

541 4367 859 4434 gitationes
893 4367 988 4422 alii
1019 4369 1372 4425 distrahant.

622 4563 735 4636 56
755 4563 1097 4619 XIV-XV.At
1120 4563 2017 4643 inquis,Dominum,postquam
2032 4574 2192 4628 venit

545 4668 917 4724 percrucem,
952 4655 1765 4726 condemnassepeccatum3°,
1796 4675 1902 4713 nec
1929 4661 2189 4732 amplius

540 4745 698 4798 intus
728 4744 972 4799 haerere.
1010 4747 1217 4798 Verum
1263 4746 1486 4816 pertde,
1515 4764 1583 4801 ac
1620 4748 1979 4820 similes,qui
2005 4750 2191 4821 depo-

536 4840 638 4887 nat
664 4850 905 4888 currum
937 4851 1112 4889 suum
1145 4835 1203 4888 in
1236 4837 1418 4890 domo
1464 4837 1734 4907 alicujus,
1777 4838 2023 4907 quando
2065 4839 2188 4909 pla-

535 4922 719 4976 cuerit
741 4923 812 4986 ei,
835 4923 1172 4978 facultatem
1192 4923 1372 4980 habet
1389 4925 2186 4994 ingrediendietegrediendi

534 5010 782 5066 domum
817 5012 978 5066 illam
1016 5029 1028 5066 :
1064 5013 1146 5066 sic
1174 5028 1416 5084 quoque
1445 5023 1755 5084 peccatum
1795 5015 1979 5071 habet
2019 5024 2186 5088 pote-

533 5106 743 5156 statem
789 5101 1224 5172 disputationes
1268 5102 1500 5156 serendi
1560 5103 1618 5158 in
1677 5103 2184 5176 corde.Scriptum

530 5190 689 5244 enim
707 5197 820 5244 est:
846 5191 1081 5244 Introiit
1097 5192 1357 5246 Satanas
1372 5192 1806 5249 corJztdae“.Si
1829 5194 2182 5262 veroinstes,

531 5292 634 5346 per
664 5277 985 5332 adventum
1003 5278 1206 5333 Christi
1223 5279 1691 5335 condemnatum
1705 5297 1832 5336 esse
1849 5288 2180 5352 peccatum,

529 5381 636 5420 nec
665 5374 795 5436 post
827 5366 1200 5437 baptismum
1235 5367 1528 5438 pabulum
1561 5369 1780 5425 habere
1803 5371 2031 5427 malum
2064 5372 2183 5427 dis-

527 5455 775 5524 putandi
823 5453 880 5508 in
922 5455 1102 5510 corde
1139 5477 1149 5520 ;
1185 5457 1429 5525 ignoras
1469 5458 1632 5529 quod
1673 5458 1750 5515 ab
1783 5459 2047 5517 adventu
2077 5465 2180 5518 Do-

617 5675 664 5713 ⁵³
693 5675 862 5734 Joan.
893 5692 1009 5748 xvi,
1037 5680 1089 5732 6.
1169 5678 1216 5712 ⁵³
1242 5677 1386 5735 Gen.
1419 5697 1497 5749 ιιι,
1520 5686 1570 5751 5,
1605 5687 1656 5738 6.
1735 5685 1780 5718 ⁸⁴
1808 5685 1824 5738 l
1851 5685 1996 5741 Tim.
2033 5701 2088 5750 ιι,
2115 5689 2166 5741 8.

2247 5686 2294 5722 ³⁸
2325 5684 2526 5743 Matth.
2553 5700 2691 5754 xxv,
2721 5689 2803 5743 t9.

2308 3216 2554 3284 χεσθαιῆ
2589 3214 2822 3287 ἁμαρτία
2873 3213 2944 3274 εἰς
3001 3219 3095 3272 την
3135 3210 3362 3286 καρδίαν
3390 3235 3402 3247 ·
3457 3217 3506 3268 οἱ
3533 3216 3630 3287 γὰρ
3668 3212 3878 3282 λογισμοί

2309 3306 2401 3353 οῦκ
2427 3303 2556 3355 εἰσιν
2583 3301 2635 3364 ἕξ
2663 3305 2780 3354 αθεν
2825 3301 2933 3354 ἀλλ’
2968 3299 3174 3355 ἔνδοθεν
3228 3303 3284 3355 ἐκ
3343 3313 3440 3366 τῆς
3471 3299 3712 3375 καρδίας.
3751 3300 3877 3367 Λέγει

2307 3394 2409 3466 γὰρ
2455 3393 2480 3442 6
2514 3391 2862 3453 ’Δπόστολος-
2909 3391 3232 3464 Βούλομαι
3289 3397 3447 3456 τοὺς
3495 3389 3725 3465 ἄνδρας
3759 3403 3878 3458 προ·

2311 3482 2678 3552 σεύχεσθαι
2757 3485 2967 3553 χωρὶς
3039 3481 3241 3552 ὀργῆς
3286 3487 3402 3534 καὶ
3475 3479 3877 3549 διαλογισμῶν

2309 3578 2623 3641 πονηρῶν.
2658 3569 2803 3621 Εἰσὶ
2841 3573 2942 3643 γὰρ
2995 3568 3313 3642 λογισμοὶ
3371 3572 3778 3642 ἐξερχόμενοι
3827 3560 3876 3613 ἐκ

2308 3665 2379 3716 τῆ
2402 3679 2422 3720 ς
2471 3655 2766 3730 καρδίας,
2827 3661 2961 3710 κατὰ
2990 3663 3048 3710 τὸ
3080 3658 3421 3730 Εὐαγγέλιον.
3452 3659 3664 3713 Ἀπελθε
3709 3651 3785 3707 οὖν
3820 3650 3876 3710 εἱς

2310 3747 2495 3818 εύχήν,
2526 3752 2614 3798 καὶ
2641 3746 2925 3818 ἐπίσκεψαί
2967 3767 3062 3800 σου
3107 3753 3201 3806 τὴν
3247 3746 3476 3821 καρδίαν
3523 3751 3610 3800 καὶ
3649 3749 3729 3798 τὸν
3755 3748 3871 3805 νοῦν,

2308 3842 2396 3889 καὶ
2427 3836 2640 3894 θέλησον
2696 3841 2790 3894 τὴν
2847 3837 3013 3908 εύχήν
3069 3857 3163 3890 σου
3218 3841 3456 3912 καθαρὰν
3515 3833 3796 3906 ἀναπέμψαι
3818 3836 3876 3897 τῷ

2309 3936 2442 3996 Θεῷ»
2490 3932 2578 3977 καὶ
2633 3924 2823 3996 βλέψον
2891 3923 3157 3998 ἐξαιρέτως
3216 3926 3337 3991 ἐκεῖ,
3396 3928 3439 3980 εἰ
3491 3923 3636 3979 οὐδέν
3689 3919 3873 3975 ἐστιτό

2306 4012 2614 4086 ἐμποδίζον,
2649 4014 2692 4065 εἰ
2713 4020 2913 4084 γίνεται
2937 4015 3067 4087 εύχῆ
3097 4017 3324 4090 καθαρὰ,
3362 4017 3406 4068 εί
3438 4015 3730 4088 ὴσχόληταί
3758 4006 3873 4062 σουό

2305 4111 2418 4164 νοῦς
2449 4108 2564 4178 περὶ
2618 4107 2704 4154 τόν
2763 4107 2970 4177 Κύριον,
3030 4107 3082 4156 ὃν
3133 4111 3320 4180 τρόπον
3368 4113 3460 4158 τοῦ
3517 4110 3734 4176 γεωργοῦ
3776 4099 3873 4170 περὶ

2306 4198 2398 4250 τὴν
2455 4197 2728 4266 γεωργίαν,
2799 4202 2890 4245 τοῦ
2941 4190 3132 4268 ἀνδρὸς
3187 4198 3300 4268 περὶ
3371 4199 3465 4254 την
3523 4199 3752 4266 γυναῖκα,
3797 4189 3871 4238 τοῦ

2307 4281 2531 4357 ἐμπόρου
2587 4287 2704 4354 περὶ
2777 4287 2870 4341 τὴν
2943 4282 3216 4358 ἐμπορίαν,
3276 4283 3322 4337 εἰ
3375 4283 3559 4345 κλίνεις
3603 4284 3663 4334 τὰ
3705 4275 3872 4350 γόνατά

2307 4391 2401 4424 σου
2435 4371 2504 4432 εἰς
2535 4371 2720 4444 εὐχὴν,
2773 4377 2861 4424 καὶ
2892 4376 3012 4435 τοὺς
3044 4372 3329 4447 λογισμούς
3364 4393 3461 4427 σου
3487 4372 3628 4426 ἄλλοι
3657 4371 3722 4443 μὴ
3744 4363 3870 4437 διαρ·

2226 4475 2269 4528 D
2303 4462 2586 4522 πάζουσιν.

2374 4568 2611 4624 lA'.-IE'.
2638 4568 2796 4623 Ἀλλά
2825 4567 3003 4640 λέγεις,
3039 4571 3119 4622 ὃτι
3163 4571 3188 4622 ό
3236 4573 3363 4645 Κύρ
3386 4592 3402 4623 ι
3421 4591 3482 4632 ος
3512 4571 3662 4624 ἐλθών
3683 4562 3767 4618 διὰ
3791 4565 3866 4613 τοῦ

2303 4667 2533 4731 σταυροῦ
2598 4662 2938 4732 κατέκρινε
3007 4663 3118 4717 τὴν
3194 4659 3543 4734 ἁμαρτίαν,
3585 4664 3668 4710 καὶ
3719 4653 3866 4706 οὐκέτι

2301 4745 2439 4799 ἐστὶν
2464 4750 2584 4799 ἔσω.
2620 4746 2753 4800 Ἀλλ’
2785 4747 2960 4820 ὥσπερ
2984 4750 3068 4800 ἐὰν
3101 4747 3131 4820 ᾖ
3167 4754 3498 4823 στρατιώτης
3521 4752 3606 4800 καὶ
3637 4744 3866 4798 ἀποθῆται

2297 4841 2355 4888 τὸ
2386 4836 2530 4911 ἅρμα
2583 4837 2738 4888 αὑτοῦ
2797 4835 2862 4898 εἰς
2920 4837 3088 4889 οὶκίαν
3138 4843 3296 4902 τινός,
3332 4839 3417 4892 ὅτε
3472 4838 3616 4900 θέλει,
3657 4833 3864 4895 ἐξουσίαν

2298 4929 2411 4998 ἔχει
2456 4927 2668 4978 εἰσιέναι
2720 4930 2809 4978 καὶ
2857 4925 3041 4989 ἐξιέναι
3095 4924 3142 4977 ἐν
3198 4935 3258 4999 τῇ
3302 4928 3444 4999 οἰκίᾳ
3496 4930 3654 4998 ἐκείνη
3689 4940 3699 4951 ·
3730 4919 3865 4974 οὕτως

2296 5021 2384 5068 καὶ
2418 5018 2446 5074 ἡ
2481 5015 2710 5088 ἁμαρτία
2737 5017 2849 5087 ἔχει
2881 5014 3119 5078 ἐξουσίαν
3161 5013 3564 5088 διαλογίζεσθαι
3594 5019 3639 5067 έν
3667 5018 3722 5083 τῇ
3760 5025 3865 5079 καρο

2299 5102 2410 5177 δίᾳ.
2449 5107 2743 5179 Γέγραπται
2770 5107 2871 5178 γὰρ
2905 5123 2916 5134 '
2948 5103 3262 5164 Εἰσῆλθεν
3293 5105 3319 5158 ό
3355 5111 3642 5164 Σατανᾶς
3677 5099 3862 5159 εἰςτὴν

2295 5190 2574 5269 καρδίαν
2626 5196 2662 5247 Ἰ
2683 5191 2870 5248 ούδα.
2922 5193 2982 5247 Εἰ
3011 5191 3069 5246 δε
3099 5194 3279 5266 λέγεις,
3309 5197 3392 5248 ὅτι
3424 5191 3518 5247 δια
3540 5201 3630 5253 τῆς
3653 5189 3860 5243 ἐλεύσεως

2295 5291 2386 5335 τοῦ
2424 5284 2662 5356 Χριστοῦ
2713 5285 2995 5355 κατεκρίθη
3034 5285 3062 5340 ἠ
3102 5281 3351 5356 ἁμαρτία,
3386 5289 3475 5336 καί
3537 5283 3659 5354 μετὰ
3701 5280 3754 5329 τό
3780 5272 3861 5345 βά·

2299 5391 2503 5445 πτισμα
2534 5372 2705 5425 οὐκέτι
2737 5375 2849 5444 ἔχει
2874 5377 3035 5445 νομὴν
3088 5376 3146 5425 τὸ
3181 5376 3340 5425 κακόν
3372 5381 3464 5426 τοῦ
3496 5365 3859 5442 διαλογίζεσθαι

2294 5464 2344 5514 ἓν
2378 5468 2439 5532 τῇ
2471 5458 2688 5534 καρδίᾳ,
2722 5460 2925 5531 ἀγνοεῖς
2957 5461 3038 5514 ὃτι
3092 5465 3145 5514 ἐκ
3191 5470 3285 5523 τῆς
3341 5479 3631 5534 παρουσίας
3659 5462 3742 5510 τοῦ
3775 5457 3858 5505 Ku-

2883 5688 2930 5722 ⁸⁸
2963 5687 3134 5745 Rom.
3165 5702 3280 5752 vni,
3307 5689 3360 5744 3.
3441 5688 3637 5744 "Luc.
3659 5696 3783 5746 nu,
3810 5680 3851 5732 ³·
