4034 6202
212 389 333 459 ρίου
369 388 530 457 μέχρι
577 391 669 438 τοῦ
706 391 816 451 νῦν,
861 387 980 440 ὅσοι
1008 384 1428 450 ἰκαπτίσθησαν,
1463 391 1553 439 καὶ
1607 388 1811 459 πονηρὰ
1847 389 1891 441 Α

212 479 340 527 ποτε
404 473 790 543 ἰλογίσθησαν;
838 474 869 533 ἢ
918 475 1013 527 οὐκ
1065 476 1134 536 εἰς
1190 473 1487 538 κενοδοξίαν
1537 478 1673 537 τινὲς
1720 476 1812 527 αύ-

211 572 333 630 τῶν,
364 565 393 622 ἡ
427 568 683 636 πορνείαν,
733 564 763 622 ἣ
818 570 1246 638 γαστριμαργίαν
1300 566 1643 637 ἰτράπησαν;
1686 563 1811 616 ἀλλὰ

214 641 321 705 ὃλοί
352 654 399 704 οἰ
425 660 778 713 κατοικοῦντες
824 651 874 705 ἰν
920 661 983 727 τῇ
1018 653 1308 726 Ἐκκλησία
1359 658 1629 726 κοσμικοί,
1670 652 1811 724 ἀμω-

214 760 309 814 μον
342 745 432 793 καί
480 743 712 814 καθαρὰν
765 744 955 813 ἔχουσι
1012 747 1106 801 τὴν
1162 739 1388 815 καρδίαν
1429 759 1442 808 ;
1485 746 1515 801 ἣ
1567 743 1812 813 εὑρίσκο-

213 849 323 902 μεν,
365 831 445 882 ὅτι
494 833 627 902 μετά
667 833 726 883 τό
767 828 1047 904 βάπτισμα
1075 831 1260 884 πολλαὶ
1299 831 1553 906 ἁμαρτίαι
1603 836 1804 901 γίγνον-

215 938 319 983 ται,
348 924 438 971 καί
484 917 662 972 πολλοί
693 919 1080 992 ἁμαρτάνουσιν
1113 940 1126 986 ;
1182 919 1336 991 Ἔχει
1376 916 1467 972 οὖν
1522 925 1683 991 νομὴν
1713 925 1806 972 καὶ

216 1010 345 1081 μετά
379 1011 439 1061 τὸ
470 1006 755 1081 βάπτισμα
788 1009 1032 1063 εἰσελθεῖν
1074 1010 1101 1061 6
1152 1010 1371 1082 λῃστὴς,
1424 1015 1515 1061 καὶ
1568 1011 1809 1081 πράττειν

217 1096 420 1152 ᾶθελει.
448 1100 745 1171 Γέγραπται
768 1100 870 1173 γάρ
904 1114 918 1128 ⁶
968 1100 1358 1170 Ἀγαπήσεις
1404 1102 1638 1171 Κύριον
1705 1103 1809 1151 τόν

216 1192 361 1241 Θεόν
424 1205 538 1239 σου
578 1186 641 1249 EE
702 1186 851 1248 ὅλης
897 1194 1009 1251 τῆς
1074 1184 1353 1260 καρδίας
1394 1206 1527 1243 σου.
1556 1186 1712 1239 Ἀλλὰ
1736 1185 1812 1238 λέ-

214 1296 337 1348 γεις,
362 1277 446 1328 ὅτι
477 1274 758 1347 Ἀγαπῶ,
798 1280 905 1329 καὶ
938 1280 1067 1349 ἔχω
1108 1283 1360 1349 Πνεῦμα
1396 1277 1599 1347 ἅγιον.
1627 1274 1812 1346 Ἔχεις

212 1370 301 1422 τὴν
352 1370 588 1437 μνήμην,
644 1368 861 1417 καὶτὸν
916 1368 1102 1440 ἔρωτα,
1156 1371 1246 1418 καὶ
1295 1370 1389 1423 τὴν
1444 1372 1633 1417 καῦσιν
1684 1368 1811 1437 πρὸς

210 1457 293 1506 τόν
321 1457 545 1527 Κύριον;
599 1457 782 1515 νυκτός
810 1459 901 1507 καί
938 1456 1132 1527 ἡμέρας
1180 1454 1284 1507 ἰκεῖ
1318 1450 1682 1519 ἀποδίδεσαι;
1722 1458 1809 1505 καί

212 1544 365 1615 εἰ
427 1546 574 1615 εχεις
627 1546 875 1602 τοιαύτην
919 1542 1149 1615 ἀγάπην,
1182 1545 1411 1613 καθαρὸς
1441 1540 1501 1598 εἴ.
1546 1543 1603 1597 Εἰ
1633 1539 1692 1595 δε
1716 1542 1810 1595 ούκ

210 1630 365 1701 ἰχεις,
452 1630 683 1691 ζήτησον
740 1630 813 1681 ἔτι
879 1630 999 1682 ὅταν
1046 1628 1265 1681 ἔλθωσιν
1309 1628 1409 1682 ἀπό
1461 1636 1562 1681 τῶν
1617 1630 1809 1697 γηίνων

207 1720 555 1789 πραγμάτων,
610 1722 699 1769 καὶ
748 1717 850 1771 ἀπό
892 1726 992 1770 τῶν
1041 1718 1282 1790 αἰσχρῶν
1321 1723 1411 1770 καὶ
1462 1725 1696 1789 πονηρῶν
1731 1716 1811 1768 λο-
1846 1736 1890 1792 Β

208 1815 436 1879 γισμῶν,
496 1807 641 1879 είμή
696 1810 827 1880 πρός
889 1814 1057 1859 ταῦτα
1119 1806 1390 1879 ύποκλίνη,
1439 1806 1568 1858 ἀλλά
1595 1808 1812 1858 πάντοτε

208 1895 277 1956 εἰς
324 1895 540 1966 ἀγάπην
576 1900 667 1947 καὶ
715 1898 874 1949 πόθον
904 1902 1038 1950 Θεοῦ
1086 1894 1284 1949 ἰλκεταί
1325 1915 1427 1950 ,σου
1460 1898 1489 1953 ἡ
1530 1894 1714 1967 ψυχή.
1747 1900 1813 1947 0i

205 1987 304 2056 γὰρ
334 1984 593 2056 λογισμοὶ
648 1992 740 2037 τοῦ
788 1989 990 2057 κόσμου
1031 1994 1344 2038 κατασπῶσι
1374 1988 1459 2037 τὸν
1492 1991 1610 2037 νοῦν
1650 1983 1720 2045 εἰς
1750 1986 1815 2035 τά

207 2073 415 2144 ὶπίγεια
464 2078 556 2126 καὶ
607 2075 790 2147 θαρτά,
832 2079 923 2127 καὶ
980 2074 1075 2126 οὐκ
1122 2073 1273 2127 ἐῶσιν
1328 2073 1609 2144 ἀγαπῆσαι
1662 2076 1810 2136 Θεὸν,

207 2164 237 2222 ἦ
267 2170 635 2234 μνημονεῦσαι
670 2170 765 2215 τοῦ
826 2167 1043 2236 Κυρίου.
1097 2167 1195 2216 Καὶ
1234 2162 1477 2223 πολλάκις
1528 2162 1815 2234 ἀπέρχεται

208 2251 271 2313 εἰς
297 2256 617 2324 προσευχὴν
653 2253 681 2304 6
736 2248 973 2316 ἰδιώτης,
1028 2256 1119 2305 καὶ
1147 2251 1306 2304 κλίνει
1334 2257 1480 2323 γόνυ,
1531 2256 1620 2303 καὶ
1652 2251 1816 2322 εἰσέρ-

208 2360 363 2411 χεται
421 2342 449 2393 6
495 2348 609 2402 νοῦς
646 2341 804 2394 αὐτοῦ
843 2346 915 2404 εἰς
946 2340 1263 2409 ἀνάπαυσιν,
1307 2346 1396 2393 καὶ
1425 2342 1545 2393 ὅσον
1589 2341 1810 2393 σκάπτει

208 2437 292 2484 καὶ
340 2430 589 2504 βαθύνει,
629 2431 883 2505 ῥύσσεται
935 2435 993 2483 τό
1032 2438 1211 2503 τεῖχος
1271 2439 1361 2491 τῆς
1408 2435 1591 2490 κακίας
1620 2433 1678 2481 τό
1724 2430 1811 2481 ἀν-

210 2522 546 2593 θιστάμενον,
595 2524 685 2573 καί
738 2520 1035 2594 εἰσέρχεται
1092 2520 1159 2582 εἰς
1206 2522 1389 2592 ὅρασιν
1454 2525 1539 2572 καὶ
1604 2523 1808 2592 σοφίαν,

208 2611 332 2663 ὅπου
391 2610 456 2663 ού
497 2611 753 2681 φθάνουσι
810 2606 1069 2663 δυνάσται
1112 2613 1141 2668 ἤ
1205 2614 1377 2682 σοφοὶ,
1410 2613 1439 2667 ἦ
1470 2610 1686 2685 ῥήτορες
1726 2628 1816 2660 κα·

207 2698 450 2753 ταλαϐεῖν
481 2698 511 2757 ἢ
552 2706 746 2771 γνῶναι
808 2704 899 2757 τὴν
953 2698 1240 2757 λεπτοτητα
1287 2706 1379 2751 τοῦ
1434 2702 1544 2759 νοός
1604 2698 1765 2750 αὐτοῦ
1800 2714 1812 2728 ⁸

208 2786 391 2847 ἐπειδή
454 2786 763 2860 ἀσχολεῖται
831 2788 902 2850 εἰς
987 2789 1098 2841 θεῖα
1178 2792 1469 2861 μυστήρια.
1533 2792 1634 2840 Καὶ
1712 2789 1814 2861 γάρ

206 2879 425 2952 ἄπειρος
452 2884 544 2929 τοῦ
589 2873 897 2949 δοκιμάζειν
934 2881 1288 2953 μαργαρίτας,
1342 2876 1436 2928 ούκ
1484 2873 1595 2929 οἶδε
1646 2873 1817 2928 διατι-

204 2968 493 3040 μήσασθαι
522 2968 757 3032 τούτους,
793 2962 887 3019 διά
939 2970 995 3019 τό
1048 2968 1258 3039 ἄπειρον
1302 2966 1457 3018 αὐτόν
1505 2967 1805 3037 τυγχάνειν.

206 3059 267 3108 Οἱ
296 3052 391 3109 οὖν
442 3060 751 3128 Χριστιανοὶ
802 3057 868 3107 τά
905 3051 1090 3118 ἔνδοξα
1127 3063 1222 3116 τῆς
1260 3064 1359 3126 γῆς
1400 3051 1805 3127 βδελύσσονται,
1853 3092 1893 3146 C

205 3150 288 3197 καί
332 3148 593 3217 ἡγοῦνται
656 3152 819 3198 ταῦτα
881 3146 951 3207 ὡς
1014 3149 1234 3217 κοπρίαν
1289 3148 1412 3217 πρὸς
1467 3142 1668 3196 ἰκείνων
1719 3149 1811 3201 τὴν

207 3236 497 3307 σύγκρισιν
582 3240 676 3295 τῆς
732 3234 1125 3307 μεγαλειότητος
1183 3241 1276 3295 τῆς
1366 3231 1675 3306 ἐνεργούσης
1755 3236 1804 3285 ἓν

204 3344 410 3388 αυτοις.

276 3610 387 3676 lg".
434 3608 806 3681 Ἐρώτησις.
863 3606 935 3661 Εἰ
982 3602 1266 3660 δύναται
1314 3613 1532 3660 πεσεῖν
1585 3606 1811 3681 ἀνθρω-

206 3720 319 3763 πος
360 3701 539 3770 ἔχων
568 3699 877 3773 χάρισμα
909 3713 922 3765 ;

274 3798 696 3870 ’Δπόκρισις.
761 3795 875 3848 Ἐἀν
931 3792 1189 3867 ἀμελήσει,
1242 3798 1452 3845 πίπτει·
1506 3795 1554 3846 οἱ
1595 3797 1693 3865 γὰρ
1726 3814 1815 3847 πο-

206 3887 379 3959 λέμιοι
413 3880 665 3937 οὐδέποτε
716 3882 961 3957 ἀργοῦσι,
1013 3885 1130 3935 οὔτε
1179 3881 1393 3935 ὀκνοῦσι
1422 3883 1756 3955 πολεμοῦντες
1792 3899 1804 3911 ·

206 3983 356 4048 πόσῳ
419 3972 612 4047 μᾶλλον
656 3976 722 4025 σὺ
772 3973 866 4025 οὐκ
923 3970 1137 4045 ὀφείλεις
1186 3974 1500 4024 παύσασθαι
1565 3970 1665 4023 ἀπὸ
1721 3992 1817 4035 της

211 4069 488 4129 ζητήσεως
536 4069 628 4124 τῆς
683 4064 814 4137 πρὸς
898 4065 1075 4130 Θεόν;
1149 4059 1308 4119 πολλὴ
1356 4062 1459 4133 γάρ
1515 4079 1598 4113 σοι
1650 4061 1817 4134 ζημία

206 4159 450 4226 γίγνεται
534 4150 830 4225 ἀμελοῦντι,
877 4151 920 4204 εἰ
975 4155 1065 4203 καὶ
1120 4150 1168 4203 ἐν
1221 4149 1362 4222 αύτῷ
1416 4158 1489 4221 τῷ
1539 4156 1817 4226 μυστηρίῳ

208 4252 302 4307 τῆς
330 4242 566 4317 χάριτός
598 4237 773 4304 δοκεῖς
809 4240 1160 4304 ἰξετάζεσθαι.

278 4350 387 4405 ΙΖ’.
433 4349 806 4422 Ἐρώτησις.
856 4348 927 4402 Εἰ
982 4351 1336 4421 παραμένει
1366 4349 1395 4406 ἡ
1428 4349 1627 4421 χάρις
1664 4348 1820 4418 μετά

210 4443 272 4493 τό
310 4446 547 4493 πεσεῖν
585 4439 960 4511 ἄνθρωπονς
1850 4444 1895 4499 D

281 4538 692 4609 ’Δπόκρισις.
760 4534 818 4589 Ὀ
883 4538 1008 4597 Θεὸς
1090 4533 1218 4587 θελει
1272 4536 1358 4586 τὸν
1432 4535 1699 4610 ἄνθρωπον
1746 4534 1819 4595 εἰς

216 4627 355 4688 ζωὴν
401 4625 556 4677 πάλιν
610 4623 844 4697 ἀγαγεῖν,
899 4630 989 4677 καὶ
1030 4627 1368 4698 προτρέπεται
1421 4622 1504 4676 ἰπί
1559 4627 1618 4676 τό
1666 4623 1818 4677 πάλιν

213 4712 589 4787 προσκλαῦσαι
627 4718 716 4767 καὶ
758 4722 1078 4786 μετανοῆσαι
1123 4716 1208 4765 τόν
1242 4714 1533 4787 ἄνθρωπον.
1584 4712 1703 4765 Ἐὰν
1762 4709 1820 4766 δε

214 4809 302 4857 καί
351 4808 676 4879 παραμείνῃ,
732 4802 817 4856 ἰπὶ
856 4806 913 4855 τό
954 4801 1108 4855 πάλιν
1165 4802 1530 4877 προσκλαῦσαι
1588 4808 1677 4855 καὶ
1733 4821 1820 4875 με·

218 4903 481 4952 τωοῆσαι
528 4895 615 4944 τόν
654 4894 946 4967 ἄνθρωπον,
988 4898 1335 4964 μετανοοῦντα
1388 4893 1456 4943 τὰ
1493 4890 1566 4964 ip’
1599 4892 1675 4953 οἷς
1726 4893 1823 4943 πά-

217 4982 302 5035 λαι
331 4981 636 5055 ἰπλημμίλη
646 5000 749 5035 σεν.

291 5079 403 5136 lH'.
447 5079 811 5153 Ἐρώτησις.
881 5079 951 5133 Εἰ
988 5086 1126 5140 τοῖς
1181 5078 1452 5141 τελείοις
1504 5077 1824 5131 ἐπίκειται

224 5168 478 5240 θλίψις,
510 5172 540 5227 ἧ
575 5168 869 5241 πόλεμος,
898 5168 927 5228 ἦ
962 5172 1028 5220 τό
1059 5167 1198 5220 ὅλον
1239 5166 1751 5243 ἀμεριμνοῦσιν,

297 5266 705 5340 Ἀπόκρισις.
760 5265 819 5319 Ὀ
862 5266 1105 5339 πολέμιος
1165 5267 1284 5319 κατ’
1337 5262 1545 5328 οὐδενὸς
1605 5284 1827 5319 παυεται

225 5354 483 5428 πολεμῶν,
539 5356 566 5408 6
609 5360 839 5418 Σατανᾶς
880 5353 938 5409 δι
980 5355 1322 5427 ἄσπλαγχνος
1350 5356 1464 5407 ἐστι
1513 5360 1602 5407 καὶ
1644 5358 1829 5427 μισάν-

234 5444 439 5515 θρωπος
467 5462 478 5474 ·
514 5440 601 5498 διὸ
653 5448 741 5498 καί
781 5450 937 5499 παντὶ
984 5443 1237 5518 ἀνθρώπῳ
1265 5444 1499 5518 πολεμεῖν
1547 5443 1640 5497 οὐκ
1670 5442 1824 5496 ὀκνεῖ.

311 5638 361 5673 ⁵⁸
393 5637 559 5698 Deut.
592 5655 674 5707 γι,
703 5645 734 5697 5

1486 254 1828 317 HOMILUE.
1871 289 1937 304 -
1978 260 2154 316 HOM.
2195 260 2313 317 XV.

3472 270 3576 329 586

1921 386 2067 442 mini
2096 386 2175 442 ad
2203 386 2366 443 hunc
2379 403 2571 460 usque
2592 389 2753 449 diem
2770 400 2917 467 quot
2930 398 3113 455 modo
3128 398 3410 471 baptizati
3436 397 3575 464 sint,

1921 480 1975 530 et
1988 476 2320 546 aliquando
2344 482 2541 533 tamen
2556 479 2947 540 nihilominus
2972 487 3131 543 mala
3144 484 3576 556 cogitaverim?

1920 564 2033 618 Aut
2068 579 2265 619 nonne
2279 565 2529 635 quidam
2550 583 2758 625 eorum
2786 573 2863 627 ad
2892 590 3110 631 vanam
3134 574 3576 647 gloriaecupidi-

1921 652 2186 717 ditatem,
2244 654 2316 707 ad
2366 661 2639 725 stuprum
2691 665 2794 714 aut
2827 661 3249 721 helluationem
3304 661 3576 719 conversi

1923 741 2116 796 sunt?
2146 741 2348 808 Porro,
2393 758 2471 798 an
2511 761 2722 801 omnes
2761 750 2862 819 qui
2896 751 3167 809 habitant
3203 754 3264 809 in
3318 751 3577 808 Ecclesia

1920 828 2195 885 homines
2221 832 2535 896 mundani,
2571 849 2721 905 puro
2747 842 2803 893 et
2843 838 3193 912 inculpabili
3221 843 3401 898 corde
3426 858 3574 913 pra:-

1920 918 2028 973 diti
2059 926 2197 975 sunt
2226 918 2253 973 ?
2278 926 2379 975 aut
2418 936 2616 977 nonne
2645 926 2979 996 reperimus
3027 936 3163 1001 post
3205 931 3575 1002 baptismum

1921 1007 2109 1063 multa
2123 1011 2446 1079 perpetrari
2469 1018 2733 1080 peccata,
2763 1030 2834 1070 ac
2867 1017 3083 1073 multos
3115 1034 3315 1076 errare
3335 1020 3362 1075 ‘I
3391 1019 3578 1075 Habet

1919 1096 2097 1166 igitur
2123 1097 2414 1168 pabulum
2443 1104 2499 1155 et
2527 1099 2827 1159 licentiam
2877 1104 3049 1171 latro,
3096 1110 3275 1163 etiam
3306 1114 3442 1179 post
3474 1108 3577 1163 ba-

1921 1186 2231 1257 ptismum,
2248 1186 2815 1262 ingrediendiatque
2833 1194 3049 1264 agendi
3071 1211 3179 1266 pro
3198 1196 3411 1252 lubitu.
3433 1196 3580 1252 Scri-

1921 1279 2090 1345 ptum
2123 1275 2262 1330 enin
2285 1282 2372 1331 est
2401 1298 2413 1330 :
2467 1279 2691 1349 Diliges
2721 1282 3040 1339 Dominum
3072 1286 3248 1341 Deum
3308 1292 3473 1339 tuum
3506 1300 3580 1340 ea:

1924 1370 2043 1420 toto
2068 1365 2245 1420 corde
2284 1370 2382 1422 tuo
2422 1368 2489 1421 ⁸⁸.
2524 1370 2737 1425 Verum
2788 1372 2936 1428 dicis
2972 1392 2983 1429 :
3024 1375 3234 1445 Diligo,
3296 1380 3351 1431 et
3396 1375 3579 1431 habeo

1918 1454 2206 1524 Spiritum
2223 1459 2793 1515 sanetum.llahesne
2822 1464 3180 1519 memoriam
3226 1470 3577 1527 etamorem,

1920 1559 1990 1598 ac
2019 1543 2284 1614 ﬂagrans
2314 1545 2677 1602 desiderium
2702 1550 2994 1606 directum
3019 1566 3164 1621 erga
3204 1552 3525 1607 Dominum
3554 1551 3582 1607 ‘i

1919 1648 2060 1688 esne
2090 1640 2269 1688 noctu
2298 1634 2653 1705 diuqueillic
2671 1637 2984 1694 devinctus
3007 1640 3035 1694 ?
3065 1646 3119 1696 et
3142 1640 3442 1712 siquidem
3466 1641 3582 1696 hac

1920 1720 2234 1776 dilectione
2266 1722 2546 1792 praeditus
2572 1739 2655 1789 es,
2686 1740 2872 1795 purus
2904 1743 2991 1782 es.
3034 1728 3133 1784 Sin
3162 1743 3232 1783 ea
3265 1728 3463 1782 minus
3497 1728 3580 1782 sis

1922 1811 2230 1882 prmditus,
2261 1810 2412 1868 ultra
2442 1813 2695 1884 inquire,
2734 1814 2835 1870 ubi
2891 1832 2953 1871 se
2980 1817 3307 1872 obtulerint
3338 1817 3579 1886 negotia

1924 1906 2176 1965 terrena,
2208 1906 2310 1955 aut
2340 1902 2729 1971 cogitationes
2762 1909 2965 1976 turpes
3007 1911 3063 1960 et
3107 1922 3330 1977 pravas,
3370 1920 3577 1961 annon

1924 1989 2139 2045 adhaac
2169 1989 2583 2056 declinaveris,
2611 2007 2688 2047 an
2713 2008 2853 2048 vero
2880 2000 3170 2065 perpetuo
3199 1995 3277 2050 ad
3304 2009 3575 2050 amorem

1925 2094 1996 2134 ac
2024 2078 2388 2135 desiderium
2419 2081 2516 2135 Dei
2534 2082 2801 2137 trahatur
2817 2083 3581 2155 animatua?cogitationes

1925 2168 2086 2224 enim
2119 2170 2442 2224 mundanae
2476 2168 2816 2226 distrahunt
2855 2177 3119 2227 mentem
3151 2172 3228 2228 ad
3262 2179 3496 2227 terrena
3524 2176 3583 2227 et

1927 2256 2353 2328 corruptibilia,
2394 2273 2504 2313 nec
2559 2260 2909 2329 permittunt
2962 2260 3209 2331 diligere
3244 2264 3445 2325 Deum,
3477 2265 3583 2317 aut

1928 2345 2165 2401 Domini
2196 2361 2523 2402 memorem
2554 2352 2785 2403 esse.At
2816 2364 3226 2420 saepenumero
3248 2350 3477 2404 accedit
3503 2349 3581 2403 ad

1927 2434 2225 2491 orandum
2253 2435 2438 2491 idiota
2459 2435 2614 2491 ﬂexo
2646 2436 2888 2509 p0plite,
2922 2436 3375 2511 ingrediturque
3417 2453 3584 2493 mens

1928 2524 2058 2597 ejus
2090 2526 2148 2580 in
2176 2524 2468 2596 requiem,
2519 2525 2863 2597 etquaudiu
2889 2526 3038 2581 fodit
3064 2543 3133 2581 ac
3162 2527 3284 2582 ima
3312 2527 3581 2593 rimatur,

1928 2613 2258 2687 perrumpit
2277 2613 2575 2684 objectum
2597 2613 2884 2685 parietem
2914 2614 3171 2679 malitias,
3200 2629 3270 2671 ac
3295 2614 3585 2670 transitin

1928 2703 2219 2759 visionem
2260 2710 2315 2757 et
2340 2702 2721 2774 sapientiam,
2763 2720 2885 2774 quo
2940 2719 3061 2759 non
3092 2705 3449 2776 perveniunt
3478 2718 3585 2775 po-

1929 2797 2136 2859 tentes,
2166 2797 2267 2847 aut
2288 2791 2611 2863 sapientes,
2636 2796 2738 2847 aut
2778 2792 3066 2858 rhetores,
3098 2798 3161 2848 ut
3192 2792 3584 2863 comprehen-

1927 2880 2074 2935 dant
2103 2886 2205 2937 aut
2232 2886 2603 2950 cognoscant
2635 2880 3021 2936 subtilitatem
3055 2882 3269 2937 mentis
3301 2882 3430 2952 ejus
3466 2897 3476 2933 :
3510 2880 3584 2935 si-

1926 2970 2172 3043 quidem
2199 2973 2456 3024 attentus
2477 2972 2568 3023 est
2606 2968 2683 3024 ad
2710 2968 2916 3025 divina
2944 2971 3249 3041 mysteria.
3283 2970 3392 3035 Qui
3421 2970 3585 3024 enim

1928 3058 2281 3130 margaritas
2323 3057 2577 3127 probare
2608 3056 2771 3113 haud
2802 3058 2987 3121 novit,
3019 3057 3114 3114 ille
3145 3074 3253 3113 nec
3295 3073 3398 3113 eas
3429 3056 3586 3112 aesti-

1928 3162 2089 3203 mare
2111 3146 2295 3211 novit,
2327 3162 2397 3201 eo
2427 3146 2593 3218 quod
2614 3146 2926 3217 imperitus
2949 3145 3024 3201 sit
3061 3147 3195 3217 ejus
3222 3145 3326 3201 rei.
3351 3148 3576 3211 Quam-

1924 3238 2133 3293 obrem
2187 3235 2498 3293 Christiani
2546 3235 2605 3290 in
2650 3240 2827 3305 terra,
2884 3251 3019 3307 quae
3064 3235 3355 3308 praeclara
3417 3238 3575 3300 sunt,

1923 3330 2325 3389 exsecrantur,
2359 3339 2430 3380 ac
2455 3339 2563 3396 pro
2613 3328 2869 3380 stercore
2928 3328 3211 3396 reputant
3265 3340 3357 3390 ea,
3400 3321 3578 3379 colla-

1922 3416 2083 3470 tione
2113 3430 2250 3469 cum
2283 3413 2617 3484 majestate,
2660 3428 2791 3485 quae
2821 3416 3105 3485 operatur
3131 3413 3191 3468 in
3236 3412 3369 3478 illis,
3411 3410 3580 3467 insti-

1922 3508 2066 3561 tuta.

1993 3611 2124 3665 XVI.
2160 3610 2581 3679 Interrogatio.
2619 3610 2831 3667 Utrum
2877 3609 3000 3666 tabi
3028 3613 3218 3679 potest
3248 3608 3441 3678 homo,
3477 3608 3582 3680 qui

1921 3700 2141 3756 donum
2162 3700 2370 3771 gratia
2392 3700 2565 3755 habet
2592 3700 2621 3753 φ

1995 3797 2329 3867 Responsio.
2368 3796 2424 3850 Si
2473 3795 2755 3867 negligat,
2807 3797 3010 3869 utique
3054 3795 3293 3851 labitur.
3353 3794 3580 3850 Inimici

1924 3887 2082 3942 enim
2116 3901 2426 3957 nunquam
2458 3886 2794 3957 quiescunt,
2836 3900 2945 3939 nec
2977 3883 3199 3939 bellum
3248 3882 3401 3937 ciere
3450 3897 3581 3950 gra-

1924 3980 2141 4031 vantur
2172 3990 2185 4028 :
2220 3979 2445 4046 quanto
2468 3973 2663 4043 magis
2695 3977 2757 4028 tu
2786 3975 2969 4028 Deum
3004 3987 3272 4044 quasrere
3293 3970 3578 4025 desistere

1924 4078 2044 4119 non
2114 4061 2342 4117 debes!
2412 4077 2533 4117 non
2581 4062 2739 4116 enim
2797 4060 3083 4130 exiguum
3150 4059 3577 4113 detrimentum

1927 4157 2128 4209 manet
2159 4156 2233 4217 te,
2275 4150 2323 4205 si
2367 4150 2658 4221 negligas,
2702 4150 2983 4223 quamvis
3022 4150 3081 4204 in
3123 4148 3253 4221 ipso
3296 4146 3579 4219 mysterio

1926 4242 2133 4312 gratiae
2162 4240 2404 4296 videare
2430 4239 2743 4312 probatus.

1994 4350 2153 4408 XVII.
2186 4348 2600 4419 Interrogatio.
2643 4348 2848 4403 Utrum
2891 4350 3204 4416 permanet
3231 4343 3427 4415 gratia
3451 4346 3581 4412 post

1930 4442 2158 4511 lapsum
2189 4436 2443 4495 hominis
2471 4438 2498 4493 *Ρ

1998 4537 2337 4607 Responsio.
2371 4535 2527 4591 Deus
2565 4534 2623 4590 in
2655 4535 2809 4589 votis
2845 4532 3026 4589 habet
3058 4531 3367 4588 hominem
3416 4530 3585 4585 novi-

1929 4633 2050 4684 tam
2080 4627 2280 4681 denuo
2302 4624 2604 4691 reducere,
2628 4629 2805 4695 atque
2830 4621 3180 4678 adhortatur
3200 4636 3337 4675 eum
3370 4619 3581 4674 iterum

1929 4716 2006 4772 ad
2035 4715 2261 4771 luctum
2289 4719 2346 4769 et
2383 4712 2875 4782 resipiscentiam.
2927 4710 3028 4767 Sin
3058 4724 3196 4764 vero
3222 4710 3580 4779 perseveret,

1930 4806 2008 4862 ad
2040 4806 2267 4860 luctum
2296 4808 2353 4857 et
2393 4800 2797 4872 paenitentiam
2832 4799 3045 4854 iterum
3098 4798 3363 4852 hortatur
3392 4794 3585 4849 homi-

1931 4909 2092 4959 nem,
2162 4897 2225 4947 ut
2281 4889 2592 4962 resipiscat
2638 4894 2879 4961 propter
2927 4903 3018 4952 ea,
3066 4901 3198 4958 quae
3252 4884 3388 4939 olim
3438 4881 3586 4937 deli-

1932 4982 2081 5055 quit.

2011 5080 2118 5152 57
2143 5077 2329 5133 XVIII.
2348 5074 2765 5145 Interrogatio.
2799 5075 3011 5131 Utrum
3022 5072 3301 5142 perfectis
3323 5068 3587 5125 imminet

1936 5168 2153 5239 afﬁctio
2181 5173 2281 5221 aut
2303 5166 2539 5230 bellum,
2573 5170 2673 5219 aut
2706 5163 2945 5234 penitus
2974 5176 3178 5218 secure
3208 5159 3407 5216 vivunt

2006 5263 2347 5333 Responsio.
2383 5264 2577 5318 Hostis
2600 5260 2821 5316 nemini
2844 5259 3068 5315 bellum
3092 5257 3304 5313 inferre
3333 5254 3586 5310 desinit:

1938 5357 2187 5412 Satanas
2226 5368 2364 5408 vero
2389 5350 2816 5407 immisericors
2843 5354 2952 5413 est,
3001 5354 3057 5403 et
3093 5345 3219 5402 odit
3258 5344 3538 5401 homines
3572 5358 3587 5399 :

1938 5446 2301 5516 quapropter
2335 5440 2518 5496 etiam
2550 5438 2834 5496 omnibus
2862 5435 3212 5492 hominibus
3251 5432 3475 5489 bellum
3508 5432 3592 5488 in-
