4076 6210
537 284 641 341 587
1818 275 1878 332 s.
1921 269 2229 329 MACARII
2267 265 2576 323 EGYPTII
3765 267 3850 323 δε,

534 411 684 467 ferre
714 424 836 466 non
865 405 1165 481 pigrescit.
1188 407 1401 461 Verum
1416 418 1536 459 non
1554 401 1767 458 iisdem
1802 400 1996 457 modis
2025 397 2144 455 vid:

2242 392 2435 449 L’AD’
2464 391 2521 445 οὐ
2546 397 2657 453 τοῖς
2704 390 2883 453 αὐτοῖς
2924 394 3133 467 μέτροις
3181 394 3413 465 φαίνεται
3464 396 3629 444 πᾶσαν
3677 389 3811 443 ima»
3838 405 3852 422 °

536 505 630 555 tur
661 476 883 555 omnes
916 476 1161 553 adoriri.
1221 493 1477 549 Praefecti
1508 493 1668 548 enim
1701 506 1769 547 ac
1813 490 2061 546 comites
2094 492 2141 543 tr

2298 489 2388 537 καὶ
2416 484 2516 554 γὰρ
2544 483 2772 556 ἔπαρχοι
2800 484 2890 533 καὶ
2942 485 3166 552 κόμητες
3213 485 3403 553 φόρους
3435 476 3645 534 διδόασι
3673 488 3738 551 τῷ
3773 478 3856 553 βα-

535 589 682 645 buta
713 588 983 660 pendunt
1000 584 1120 656 regi
1142 601 1155 649 ;
1177 599 1385 639 verum
1401 582 1495 638 hic
1516 582 1782 637 conﬁsus
1795 579 2015 635 divitiis
2043 578 2145 632 sui:

2302 574 2452 637 σιλεῖ,
2504 570 2609 624 ἀλλ’
2658 566 2804 631 οὗτος
2857 569 3058 645 θαρρῶν
3120 578 3192 642 τῷ
3234 570 3438 641 πλούτῳ
3494 569 3668 636 αὐτοῦ,
3694 574 3856 641 καὶτῷ

538 694 683 735 auro
714 658 894 749 atque
917 679 1183 745 argento,
1220 678 1509 743 tanquam
1532 686 1602 726 ex
1630 686 1699 726 eo
1713 670 1876 743 quod
1896 668 2141 723 abunda

2299 669 2512 736 χρυσῷ,
2566 665 2657 713 καὶ
2708 668 2779 732 τῷ
2828 658 3037 733 ἀργύρῳ
3090 662 3158 722 ὡς
3207 658 3262 711 ἐκ
3308 668 3408 713 τῶν
3465 660 3856 733 περισσευμάτων

536 782 645 821 sua
660 748 874 821 tributa
891 762 1347 833 colligit,damni
1364 760 1592 815 ratione
1610 774 1730 815 non
1745 758 2146 822 habita.Quen

2301 754 2458 804 αὑτοῦ
2501 756 2726 804 ποιεῖται
2776 751 2871 810 τὰς
2903 748 3212 820 συντελείας,
3269 748 3328 801 οῦ
3357 748 3547 820 ζημίαν
3575 748 3851 820 ἡγούμενος.

536 854 869 910 admodum
917 853 1098 918 enim,
1132 852 1234 923 qui
1265 850 1716 919 eleemosynam
1752 846 1991 918 praebet,
2024 845 2146 901 null

2298 841 2497 915 Ὠσπερ
2532 842 2631 913 γὰρ
2699 839 2726 891 ό
2774 846 2933 892 ποιῶν
2990 836 3337 911 ἐλεημοσύνην
3394 834 3635 891 οὐδέποτε
3680 838 3861 908 ἡγεῖται

535 944 719 1000 modo
746 945 1044 1013 jacturam
1066 944 1301 1012 reputat
1342 954 1354 991 ε
1390 938 1475 993 sic
1513 953 1756 1010 quoque
1797 938 2048 992 Satanas
2079 935 2145 990 ist

2303 931 2498 1003 ζημίαν
2525 949 2537 962 ·
2568 928 2701 981 οὕτω
2740 933 2829 981 καὶ
2878 929 2903 981 ό
2952 933 3200 994 Σατανᾶς,
3241 930 3305 988 ὡς
3351 927 3408 980 ίκ
3444 930 3694 1003 παρέργου
3722 934 3863 979 ταῦτα

536 1037 827 1105 tanquam
846 1031 955 1086 sibi
989 1027 1607 1100 superﬂuaproponit.
1634 1028 1913 1082 Caeterum
1941 1028 2030 1080 est
2058 1039 2138 1094 qu

2302 1023 2528 1090 ἡγεῖται.
2588 1018 2743 1071 Ἐστι
2800 1014 2859 1071 δε
2914 1020 3127 1089 πτωχός
3180 1016 3472 1089 λειπόμενος
3529 1023 3716 1091 τροφῆς
3760 1014 3863 1087 ἔφη·

536 1100 679 1176 dani
713 1135 964 1191 pauper,
998 1118 1312 1173 destitutus
1339 1116 1473 1171 cibo
1490 1115 1859 1187 quotidiano.
1913 1114 2014 1170 Hic
2047 1114 2146 1169 ait]

2302 1113 2459 1182 μίρου
2494 1125 2507 1138 ⁶
2563 1108 2707 1168 οὗτος
2757 1107 3074 1179 μαστίζεται
3125 1110 3214 1159 καὶ
3271 1104 3634 1178 βασανίζεται,
3671 1108 3737 1177 μὴ
3784 1100 3864 1156 δυ-

536 1210 690 1277 gitur
720 1213 775 1263 et
801 1211 1123 1279 torquetur,
1144 1221 1251 1261 nec
1276 1211 1470 1278 potest
1490 1221 1645 1277 opus
1668 1205 1812 1260 illud
1837 1202 2146 1275 adimpleri

2302 1200 2527 1270 μάμενος
2579 1196 2735 1250 ἐκεῖνο
2791 1199 2850 1248 τό
2910 1195 3231 1267 συντίλεσμα
3306 1193 3675 1267 ἀποπληρῶσαι
3719 1207 3733 1222 ⁸
3788 1197 3865 1244 καὶ

537 1300 633 1353 Est
674 1312 938 1368 quoque,
978 1296 1081 1368 qui
1113 1296 1381 1351 atteritur
1421 1294 1710 1365 angustiis
1766 1299 1823 1348 et
1860 1298 2147 1364 torquetm

2304 1292 2415 1341 ἔστι
2474 1287 2705 1360 ξεόμενος
2751 1290 2841 1338 καὶ
2907 1283 3316 1358 βασανιζόμενος
3361 1282 3618 1357 χαλεπῶς,
3669 1286 3752 1335 καὶ
3786 1280 3866 1334 οὐκ

535 1401 644 1441 nec
672 1390 871 1441 tamen
906 1386 1169 1441 moritur.
1215 1387 1311 1440 Est
1339 1399 1583 1457 quoque
1622 1383 1795 1448 alius,
1831 1383 1934 1455 qui
1954 1387 2145 1455 propt:

2305 1376 2643 1435 ἀποθνήσκει.
2706 1379 2806 1429 Καὶ
2847 1377 2987 1428 ἔστιν
3027 1374 3196 1440 ἄλλος,
3246 1375 3325 1427 ὅτι
3368 1378 3459 1426 καὶ
3505 1371 3603 1426 ἀπὸ
3639 1378 3757 1445 μιᾶς

536 1474 787 1530 verbum
817 1476 1060 1530 unicum
1091 1474 1299 1545 capitis
1340 1472 1632 1545 supplicio
1666 1472 1817 1529 afﬁci
1844 1472 2103 1542 jubuter,
2137 1490 2146 1524 t

2307 1486 2436 1529 σεως
2502 1466 2758 1519 κελεύεται
2848 1463 3348 1536 ἀποκεφαλισθῄαι,
3417 1467 3508 1516 καὶ
3584 1460 3862 1515 ἀπόλλυται.

536 1564 703 1636 perit.
740 1564 830 1620 Sic
852 1580 1094 1636 quoque
1122 1564 1273 1618 inter
1314 1563 1681 1619 Christianos
1712 1562 1989 1634 sunt,qui
2022 1561 2146 1617 vehi

2306 1557 2486 1617 Οὕτως
2533 1560 2617 1607 καὶ
2658 1555 2728 1617 εἰς
2773 1557 2890 1614 τοὺς
2919 1555 3268 1628 Χριστιανούς
3306 1552 3436 1605 εἰσιν
3479 1552 3707 1624 ἰσχυρῶς
3745 1549 3868 1603 πολε·

538 1658 764 1708 menter
797 1654 1228 1723 impugnantur
1255 1669 1325 1707 ac
1354 1651 1753 1707 vellicantura
1780 1657 2026 1722 peccato
2055 1670 2075 1706 :
2103 1659 2148 1705 a1

2303 1648 2549 1719 μούμενοι
2616 1650 2705 1697 καὶ
2745 1644 2970 1716 ξεόμενοι
3008 1644 3108 1696 ὑπὸ
3170 1651 3261 1704 τῆς
3322 1643 3581 1718 ἁμαρτίας
3610 1657 3625 1672 ·
3678 1645 3761 1693 καὶ
3806 1642 3869 1693 ἔτι

534 1757 652 1813 que
684 1742 927 1813 insuper
958 1740 1155 1797 adhuc
1182 1741 1239 1795 in
1260 1740 1414 1796 bello
1437 1746 1490 1795 et
1520 1742 1705 1795 robur
1727 1746 1781 1795 et
1809 1740 2144 1812 prudential

2260 1750 2267 1795 ι
2304 1736 2377 1799 είς
2403 1740 2521 1797 τοὺς
2573 1734 2822 1807 πολέμους
2858 1740 3189 1807 στερεοῦνται
3240 1737 3331 1785 καὶ
3383 1732 3700 1805 σοφίζονται,
3730 1749 3870 1783 κατα·

536 1830 645 1885 sibi
678 1830 1018 1896 conciliant,
1074 1831 1285 1901 spretis
1317 1829 1800 1885 adversariorum
1835 1829 2059 1884 viribus
2098 1845 2146 1884 ει

2304 1832 2601 1901 φρονοῦντες
2649 1830 2744 1884 τῆς
2793 1823 3024 1883 ἐναντίας
3072 1818 3364 1895 δυνάμεως,
3424 1824 3512 1873 καὶ
3565 1820 3656 1873 ούκ
3705 1822 3871 1892 ἔχουσι

536 1924 805 1989 expertes
835 1919 950 1975 hac
981 1920 1040 1974 in
1072 1924 1238 1989 parte
1278 1924 1417 1974 sunt
1474 1918 1733 1990 pertiuli,
1773 1920 1915 1990 quia
1945 1918 2086 1973 certi
2118 1934 2146 1974 a

2301 1911 2542 1968 κίνδυνον
2597 1912 2645 1965 ἐν
2692 1914 2858 1984 τούτῳ
2913 1920 2987 1983 τῷ
3023 1914 3190 1985 μέρει,
3249 1911 3329 1963 ὅτι
3387 1912 3616 1964 ἄπτωτοί
3660 1909 3755 1962 εἰσι
3796 1913 3872 1960 καὶ

536 2007 691 2061 ﬁrmi
723 2013 858 2062 sunt
884 2008 958 2063 de
984 2007 1174 2063 salute
1202 2024 1331 2072 sua,
1373 2023 1444 2063 eo
1475 2009 1639 2079 quod
1669 2007 1841 2063 valde
1891 2007 2139 2064 exercita

2302 2004 2682 2077 ἀσφαλίζονται
2734 2006 2847 2075 περὶ
2930 2009 3022 2062 τῆς
3086 2000 3279 2054 ἑαυτῶν
3370 2004 3653 2073 σωτηρίας,
3709 1995 3794 2052 διὰ
3824 1999 3870 2049 τὸ

537 2098 750 2151 suntin
782 2096 937 2152 bello
970 2096 1259 2152 adversus
1290 2097 1451 2165 vitia,
1487 2105 1542 2152 et
1573 2097 1943 2168 experientia
1970 2096 2143 2153 edoct

2300 2093 2549 2154 πολλάκις
2608 2091 2973 2164 γεγυμνᾶσθαι
3030 2091 3079 2142 ἓν
3121 2096 3194 2160 τῷ
3264 2088 3472 2162 πολέμῳ
3523 2097 3616 2152 τῆς
3688 2091 3868 2151 κακίας,

538 2184 832 2241 Habentes
871 2185 1065 2257 itaque
1116 2188 1299 2240 Deum
1330 2186 1493 2257 apud
1548 2200 1696 2252 sese,
1730 2184 2072 2256 diriguntur
2120 2201 2148 2240 a

2300 2188 2387 2237 καὶ
2449 2186 2723 2255 ἐμπείρους
2800 2175 3136 2251 γεγενῆσθαι.
3193 2178 3447 2251 Ἔχοντες
3512 2175 3572 2232 δι
3624 2180 3705 2231 τόν
3760 2179 3869 2230 Θεὸν

539 2275 942 2345 requiescunt.

2300 2274 2411 2345 μεθ’
2443 2272 2658 2337 ἑαυτῶν,
2691 2266 3011 2341 όδηγοῦνται
3049 2272 3140 2321 καὶ
3173 2266 3548 2321 ἀναπαύονται.

606 2398 735 2455 ΧΙΧ.
771 2397 881 2454 Alii
912 2414 1045 2453 vero
1091 2413 1406 2470 nunquam
1448 2398 1772 2464 exercitati,
1832 2398 1879 2455 si
1909 2399 1970 2453 in
2001 2414 2188 2469 angu-

2372 2396 2481 2452 ΙΘ’.
2544 2395 2726 2451 Ἀλλοι
2792 2392 2851 2448 δι
2900 2389 3123 2467 μηδέπω
3198 2394 3600 2464 γυμνασθέντες,
3651 2390 3716 2453 εἰς
3763 2391 3866 2463 μίαν

539 2488 716 2544 stiam
765 2486 1028 2560 aliquam
1058 2486 1397 2552 inciderint,
1457 2493 1557 2542 aut
1588 2493 1901 2543 moveatur
1937 2487 2149 2543 bellum

2301 2486 2475 2558 θλίψιν
2538 2484 2621 2538 ἐὰν
2674 2486 2944 2558 ἐμπέσωσι
2991 2489 3081 2537 καὶ
3134 2484 3408 2542 ἑπικινηθῆ
3445 2482 3675 2546 πόλεμος,
3714 2479 3867 2538 εύθίως

534 2577 821 2631 continuo
856 2576 913 2631 in
942 2576 1263 2647 perniciem
1307 2582 1409 2631 aut
1454 2576 1752 2631 interitum
1802 2576 2144 2633 delabuntui

2298 2580 2716 2628 καταπίπτουσιν
2773 2575 2839 2635 εἰς
2881 2573 3084 2649 ὀλεθρον
3140 2578 3232 2627 καὶ
3287 2572 3546 2625 ἀπώλειαν
3578 2586 3591 2599 ·
3644 2570 3799 2640 ὥσπερ
3824 2566 3863 2617 οἱ

535 2665 783 2720 Perinde
814 2680 884 2720 ac
914 2665 1015 2737 qui
1049 2664 1505 2735 proﬁciscuntur
1526 2664 1585 2719 in
1620 2664 2145 2733 civitatem,amicc

2300 2661 2627 2726 διοδεύοντες
2664 2664 2713 2716 ἐν
2760 2664 2923 2729 πόλει,
2984 2664 3206 2724 θέλοντες
3258 2658 3386 2715 ἰδεῖν
3442 2663 3557 2721 τοὺς
3602 2657 3865 2730 ἀγαπητοὺς

532 2753 776 2809 invisuri
808 2758 865 2809 et
889 2752 1212 2809 familiares
1238 2769 1404 2822 suos,
1425 2754 1703 2825 quamvis
1730 2754 1926 2810 multis
1949 2754 2008 2810 in
2036 2771 2142 2810 nni

2299 2753 2467 2807 αὐτῶν
2524 2759 2614 2806 καὶ
2643 2756 2955 2827 γνωρίμους,
3022 2753 3066 2806 εἰ
3094 2757 3183 2805 καὶ
3230 2751 3443 2814 πολλοῖς
3482 2755 3782 2803 συναντῶσιν
3823 2743 3863 2795 ἐν

533 2841 691 2897 diuis
728 2848 1062 2907 occurrant,
1111 2858 1231 2897 non
1265 2846 1466 2898 tamen
1507 2844 1584 2899 ab
1616 2843 1686 2898 iis
1727 2844 2135 2915 impediuntur

2297 2850 2408 2904 ταῖς
2470 2842 2703 2916 ἀγοραῖς,
2734 2842 2828 2894 οὐκ
2882 2838 3257 2915 ἐμποδίζονται
3310 2842 3400 2893 ὑπ’
3452 2840 3655 2892 αὐτῶν·
3701 2839 3863 2908 ἔχουσι

533 2946 752 3003 scopus
777 2931 935 2986 enim
968 2930 1224 2987 iillorum
1238 2937 1345 2996 est,
1368 2937 1429 2987 ut
1458 2934 1687 2988 amicos
1713 2936 2099 2989 conveniant:
2132 2950 2143 2988 ι

2296 2935 2394 3006 γὰρ
2429 2934 2620 2985 σκοπόν
2651 2939 2741 2984 τοῦ
2780 2938 2890 2994 τοῖς
2929 2930 3094 3004 φίλοις
3142 2933 3377 3003 ἐντυχεῖν
3413 2948 3427 2960 ·
3460 2934 3550 2982 καὶ
3574 2929 3688 2980 ὅταν
3709 2924 3861 2987 ἔξωθεν

532 3035 671 3075 cum
710 3019 852 3075 foris
880 3020 1133 3091 januam
1162 3020 1529 3092 pulsaverint
1566 3038 1636 3077 ac
1665 3023 2033 3092 vocaverint,
2066 3022 2138 3079 lae

2297 3025 2565 3094 κρούσωσι
2625 3025 2718 3080 τὴν
2779 3022 2936 3095 θύραν
2990 3025 3080 3073 καὶ
3117 3019 3405 3085 καλέσωσι,
3440 3022 3702 3092 χαίροντες
3749 3012 3863 3065 ἀνοί-

529 3108 803 3180 aperiunt
833 3110 1007 3165 amici
1040 3110 1298 3175 illorum,
1334 3112 1425 3166 sin
1464 3127 1603 3167 vero
1633 3111 1899 3168 haereant
1953 3113 2010 3167 in
2038 3112 2139 3168 fori

2252 3104 2481 3182 ἶγουσιν
2538 3112 2586 3163 οἱ
2639 3109 2901 3182 ἀγαπητοὶ
2954 3109 3160 3162 αὐτῶν·
3235 3109 3279 3162 εἰ
3336 3106 3399 3161 δε
3444 3107 3775 3180 ἀπομείνωσιν
3824 3099 3862 3151 ἒν

530 3200 587 3254 et
618 3197 847 3269 plateis,
891 3205 945 3253 et
976 3198 1303 3254 illudantur
1334 3204 1435 3255 aut
1462 3200 1826 3255 retineantur
1850 3201 1927 3256 ab
1958 3201 2052 3267 iis,
2086 3220 2140 3273 qi

2294 3219 2411 3260 ταις
2460 3199 2697 3273 ἀγοραῖς,
2742 3204 2830 3251 καὶ
2885 3198 3269 3271 χλευάζωνται,
3326 3201 3449 3255 ἤτοι
3487 3196 3751 3268 ἕπίχονται
3778 3188 3860 3243 ἀπὸ

529 3292 833 3354 ocurrunt,
853 3287 1380 3358 occluditurjanua
1395 3292 1449 3342 et
1476 3303 1653 3343 nemo
1681 3288 1798 3343 illis
1814 3290 2004 3360 aperit
2031 3307 2044 3345 :
2080 3292 2139 3347 it:

2293 3297 2393 3340 τῶν
2452 3288 2813 3354 ἀπαντώντων,
2895 3286 3221 3341 ἀποκλείεται
3285 3288 3314 3345 ἡ
3375 3289 3529 3360 θύρα,
3579 3289 3664 3337 καὶ
3717 3277 3862 3338 οὐδεὶς

528 3374 631 3445 qui
676 3375 755 3428 ad
786 3375 1076 3429 Dominus
1119 3381 1389 3431 nostrum
1414 3378 1617 3431 Jesum
1644 3376 1939 3433 Christum
1974 3394 2138 3433 veru:

2291 3378 2468 3440 αὐτοῖς
2526 3377 2720 3449 ἀνοίγει
2753 3394 2765 3408 ⁸
2817 3378 2983 3439 οὕτως
3037 3382 3127 3431 καὶ
3184 3378 3233 3430 οἱ
3298 3379 3434 3449 πρὸς
3480 3379 3566 3429 τὸν
3626 3375 3860 3427 Δεσπότην

529 3461 813 3524 amicum,
846 3463 1479 3533 vadereimpelluntur,
1499 3462 1711 3519 caetera
1726 3465 1933 3521 omnia
1959 3466 2139 3521 debet

2290 3468 2435 3537 ἡμῶν
2492 3470 2721 3541 Χριστὸν
2748 3469 2835 3520 τὸν
2884 3471 3041 3529 ὄντως
3096 3465 3367 3538 ἀγαπητόν
3410 3469 3719 3537 ἐπειγόμενοι
3753 3458 3861 3532 φθά-

528 3553 907 3606 contemnere
939 3556 992 3604 et
1022 3551 1346 3622 despicere.
1404 3552 1469 3607 Et
1499 3554 2039 3624 quemadmodum,
2074 3573 2138 3626 qi

2292 3575 2402 3621 σαι,
2448 3564 2547 3608 τῶν
2604 3555 2767 3609 ἄλλων
2820 3557 3058 3609 ἁπάντων
3116 3555 3383 3629 ὀφείλουσι
3431 3557 3750 3628 καταφρονεῖν
3785 3550 3858 3599 καὶ

527 3636 815 3708 palatium
854 3639 1270 3708 ingrediuntur
1301 3656 1503 3710 regem
1545 3642 1753 3711 visuri,
1786 3644 1909 3699 sive
1941 3645 2056 3699 sint
2082 3661 2137 3700 cc

2288 3645 2569 3718 ῦπερορᾷν.
2619 3651 2710 3697 ⁸ον
2765 3642 2824 3699 δι
2853 3650 3044 3719 τρόπον
3092 3648 3141 3699 οἱ
3198 3644 3562 3718 εἰσερχόμενοι
3600 3643 3664 3703 εἰς
3690 3642 3742 3693 τὸ
3768 3656 3856 3690 πα-

525 3727 721 3794 mites,
754 3728 872 3783 sive
900 3728 1382 3800 praesides,valde
1410 3737 1701 3797 metuunt,
1721 3733 2030 3804 quomodo
2063 3735 2135 3789 sit

2286 3734 2459 3786 λάτιον
2484 3737 2615 3809 πρὸς
2642 3737 2729 3786 τόν
2771 3733 3015 3807 βασιλέα,
3067 3738 3291 3807 κόμητες
3347 3738 3443 3806 μὲν
3493 3733 3680 3794 ὄντεςῦ
3726 3730 3858 3796 ἔποφ’

522 3818 889 3888 responsuri,
924 3822 980 3874 et
1010 3833 1083 3874 ne
1104 3818 1165 3873 in
1215 3820 1641 3891 respondendo
1682 3821 1855 3894 lapsi,
1893 3821 1951 3877 in
1981 3839 2132 3895 repre

2286 3842 2401 3895 χοι,
2434 3824 2533 3876 ὑπὸ
2580 3822 2732 3897 φόϐον
2776 3822 2934 3876 πολύν
2983 3823 3104 3892 εἰσι,
3160 3830 3270 3885 πῶς
3307 3825 3403 3884 τὰς
3452 3821 3747 3895 ἀποκρίσεις
3772 3810 3857 3868 δώ-

522 3904 875 3963 hensionem
908 3908 1620 3980 etsuppliciumincidant
1654 3927 1667 3977 ;
1705 3911 1907 3967 rustici
1941 3928 2079 3968 vero
2106 3929 2132 3968 a

2290 3931 2469 3978 σουσι,
2499 3918 2588 3966 καὶ
2634 3917 2704 3985 μὴ
2762 3911 2810 3965 ἓν
2865 3920 2927 3985 τῇ
2961 3911 3214 3985 ἀπολογίᾳ
3271 3917 3590 3973 πταίσαντες
3618 3909 3681 3969 εἰς
3731 3906 3857 3975 λόγον

521 3993 1041 4065 plebeiihomines,
1060 3999 1161 4070 qui
1176 4014 1489 4070 nunquam
1508 4000 1837 4072 principem
1853 4017 2131 4073 conspexc

2285 4006 2374 4054 καὶ
2402 4006 2653 4075 τιμωρίαν
2684 4001 3051 4061 ύποϐληθώσιν
3086 4019 3099 4031 ·
3156 4003 3405 4075 ἄγροικοι
3438 3998 3500 4055 δε
3535 4003 3623 4053 καὶ
3671 3993 3856 4050 ἰδιῶται

519 4100 601 4147 re,
629 4086 776 4140 nihil
803 4085 1032 4141 solliciti
1064 4091 1240 4142 sunt:
1269 4089 1351 4143 sic
1365 4104 1607 4160 quoque
1631 4090 1896 4145 mundus
1924 4092 2036 4157 hic,
2071 4108 2129 4163 qt

2286 4095 2437 4155 ὄντες,
2496 4093 2545 4144 οἱ
2623 4088 2889 4164 μηδέποτε
2961 4093 3267 4164 θεασάμενοι
3325 4092 3589 4163 ἄρχοντα,
3649 4086 3694 4139 ἕν
3754 4082 3856 4154 ἀμε-

520 4172 633 4228 sub
646 4174 803 4227 ccelis
823 4180 927 4238 est,
957 4191 994 4229 a
1019 4176 1258 4246 regibus
1275 4176 1349 4231 ad
1369 4192 1661 4247 pauperes
1679 4194 1867 4248 usque
1886 4194 1946 4233 se
1968 4180 2124 4235 habe

2281 4186 2463 4255 ριμνίᾳ
2494 4178 2775 4252 διάγουσιν
2799 4202 2812 4215 -
2845 4182 2979 4234 οῦτω
3012 4178 3079 4240 δὴ
3127 4181 3270 4233 καὶὸ
3296 4185 3500 4253 κόσμος
3540 4178 3684 4239 οὗτος
3712 4175 3735 4226 ό
3770 4172 3854 4224 ὑπὸ

520 4261 665 4314 Cum
692 4261 943 4330 gloriam
962 4263 1173 4318 Christi
1188 4264 1483 4333 ignorent,
1500 4281 1707 4320 curam
1724 4273 1940 4335 gerunt
1970 4284 2130 4323 reru:

2281 4279 2380 4321 τῶν
2434 4274 2660 4344 οὐρανῶν
2705 4269 2807 4323 ἀπὸ
2852 4269 3111 4343 βασιλέων
3180 4271 3275 4332 ἕως
3327 4277 3587 4342 πτωχῶν.
3631 4270 3729 4324 Τὴν
3779 4266 3854 4313 τοῦ

520 4348 895 4403 saecularium
916 4366 927 4403 :
947 4366 1054 4405 nec
1068 4352 1184 4406 cito
1215 4353 1348 4423 quis
1374 4354 1723 4409 recordatur
1736 4354 1919 4409 divini
1938 4355 2121 4426 judici

2280 4366 2516 4430 Χριστοῦ
2548 4356 2707 4423 δόξαν
2750 4359 3073 4431 ἀγνοοῦντες,
3122 4365 3216 4418 τὴν
3264 4362 3521 4434 μέριμναν
3550 4360 3730 4431 ἔχουσι
3752 4351 3851 4421 περὶ

515 4436 623 4503 Qui
661 4452 796 4491 vero
824 4437 1285 4508 cogitationibus
1322 4442 1398 4495 ad
1433 4441 1689 4498 tribunal
1721 4444 1928 4499 Christi
1957 4461 2125 4501 ascen

2241 4481 2244 4506 ,
2278 4456 2376 4499 τῶν
2421 4447 2682 4520 βιωτικῶν
2716 4451 3035 4522 πραγμάτων
3062 4466 3073 4478 ·
3132 4448 3191 4501 ού
3222 4454 3432 4521 ταχέως
3466 4445 3527 4502 δέ
3576 4467 3653 4508 τις
3678 4448 3851 4515 μίμνη-

514 4523 686 4589 dunt,
748 4526 848 4581 ubi
892 4531 979 4581 est
1006 4527 1252 4583 thronus
1283 4532 1436 4600 ejus,
1477 4536 1533 4585 et
1561 4531 1620 4586 in
1662 4533 1791 4603 ejus
1842 4542 2124 4606 conspect

2277 4555 2362 4587 ται
2392 4544 2487 4598 τῆς
2525 4540 2720 4611 ἡμέρας
2761 4546 2856 4599 τῆς
2910 4543 3151 4611 κρίσεως.
3195 4541 3261 4591 Οἱ
3308 4535 3372 4592 δε
3417 4539 3761 4612 εἰσερχόμενοι
3788 4534 3848 4596 τῷ

514 4618 802 4685 perpetuo
846 4622 1004 4681 sunt,
1034 4631 1271 4688 semper
1325 4625 1597 4676 metuunt
1644 4637 1715 4678 ac
1767 4628 2047 4690 tremunt,
2092 4641 2124 4680 n

2272 4624 2507 4699 λογισμῷ
2540 4628 2611 4689 εἰς
2639 4631 2697 4679 τό
2756 4626 2909 4699 βῆμα
2961 4635 3052 4681 τοῦ
3082 4634 3339 4700 Χριστοῦ,
3386 4630 3517 4682 ὅπου
3547 4626 3683 4682 ἐστὶν
3706 4624 3730 4674 ό
3753 4621 3850 4691 Θρό-

512 4704 728 4775 quovis
754 4709 929 4777 pacto
947 4705 1226 4763 aberrent
1256 4724 1291 4764 a
1316 4710 1534 4765 sanctis
1570 4710 1700 4780 ejus
1731 4714 2063 4785 prmoeptis.

2271 4734 2355 4774 νος
2414 4716 2594 4781 αὑτοῦ,
2649 4721 2740 4770 καὶ
2795 4720 3066 4770 κατέναντι
3117 4716 3277 4771 αὐτοῦ
3330 4716 3429 4771 διὰ
3488 4718 3673 4774 παντὸς
3704 4714 3843 4770 ὄντες,

2272 4804 2371 4856 ὑπὸ
2403 4803 2554 4876 φόϐον
2584 4810 2674 4859 καὶ
2706 4810 2895 4881 τρόμον
2926 4806 3055 4860 εἰσὶν
3108 4805 3204 4873 ἀεὶ,
3256 4814 3348 4861 τοῦ
3395 4812 3470 4879 μή
3515 4826 3568 4859 τι
3614 4799 3847 4876 σφαλῆναι

2270 4898 2387 4966 περὶ
2419 4896 2508 4955 τὰς
2546 4894 2698 4967 ἁγίας
2723 4895 2883 4948 αὐτοῦ
2914 4894 3132 4957 ἐντολάς.

576 5003 789 5095 ΧΧΛᾋ
813 5006 1332 5077 quemadmodum
1365 5007 1578 5065 divites
1635 5010 1694 5066 in
1729 5016 1899 5079 terra,
1968 5013 2159 5070 sicubi

2343 5017 2424 5072 κ’.
2478 5024 2576 5072 Καὶ
2628 5021 2800 5095 ὥσπερ
2836 5022 2885 5073 οἱ
2916 5020 3157 5075 πλούσιοι
3207 5028 3301 5084 τῆς
3330 5029 3454 5093 γῆς,
3505 5021 3623 5073 ὅταν
3649 5015 3843 5072 πολλοὺς

502 5092 722 5149 multos
746 5093 971 5150 fructus
1002 5095 1061 5149 in
1087 5094 1302 5153 horreo
1335 5113 1443 5153 suo
1500 5101 1899 5170 reposuerint,
1955 5102 2112 5158 denu

2266 5110 2499 5179 καρποὺς
2555 5108 2913 5181 εἰσενέγκωσιν
2962 5110 3035 5172 εἰς
3081 5113 3176 5172 τὰς
3222 5108 3498 5173 ἀποθήκας
3533 5110 3712 5175 αὐτῶν,
3758 5102 3840 5155 πά·

500 5182 793 5255 majorem
823 5183 1094 5240 laborem
1124 5184 1376 5254 singulis
1393 5185 1603 5242 diebus
1618 5195 1882 5255 sumunt,
1908 5196 1970 5246 ut
1996 5192 2110 5247 loci

2266 5195 2341 5247 λιν
2390 5196 2699 5268 ἐργάζονται
2745 5198 2862 5251 καθ’
2914 5197 3138 5258 ἑκάστην
3186 5201 3385 5273 ἡμέραν
3436 5198 3625 5266 πλεῖον,
3667 5197 3744 5247 ἳνα
3773 5190 3839 5244 εύ-

497 5273 771 5342 pletiores
802 5274 935 5340 sint,
969 5280 1026 5330 et
1065 5290 1185 5330 non
1232 5276 1514 5332 deﬁciant
1548 5294 1559 5331 :
1595 5279 1640 5332 si
1685 5296 1819 5336 vero
1850 5281 2104 5354 opibusi

2262 5294 2465 5359 πορῶσι
2523 5290 2612 5337 καὶ
2663 5291 2735 5359 μή
2797 5286 3147 5345 ἑλλείπωνται.
3208 5288 3264 5342 Εἰ
3324 5284 3386 5341 δε
3418 5288 3737 5364 θαρρήσουσι
3776 5286 3836 5349 τῷ

495 5360 709 5417 horreo
730 5364 1053 5419 reconditis
1092 5364 1247 5429 freti,
1302 5364 1449 5420 alias
1483 5366 1760 5438 colligere
1818 5370 2094 5441 negligan

2262 5372 2631 5445 ἐναποκειμένῳ
2683 5383 2799 5438 ταῖς
2871 5376 3162 5439 ἀποθήκαις
3243 5376 3469 5449 πλούτῳ,
3528 5380 3614 5429 καὶ
3665 5368 3837 5444 ἀμελή-

495 5464 585 5514 ac,
630 5466 766 5522 quae
826 5454 1084 5523 reposita
1114 5458 1302 5520 erant,
1333 5462 1712 5522 consumant,
1758 5461 2044 5517 continuo
2084 5462 2097 5516 i

2262 5481 2418 5514 σουσι
2468 5468 2539 5532 μὴ
2585 5466 2978 5536 ἐπισυνάγοντες
3029 5466 3217 5541 ἓτερον,
3276 5465 3404 5519 ἀλλὰ
3451 5463 3831 5518 καταναλίσκονο

490 5544 903 5609 paupertatem
923 5542 1258 5611 etinopiam
1290 5543 1580 5600 incidunt.
1613 5546 1927 5618 Propterea
1951 5552 2100 5620 perci

2256 5570 2339 5613 τις
2372 5554 2438 5603 τὰ
2468 5551 2800 5625 ἀποκείμενα,
2856 5559 3059 5627 ταχέως
3105 5556 3178 5619 εἰς
3220 5558 3399 5609 πίνίαν
3455 5559 3547 5608 καὶ
3588 5552 3828 5624 πτωχείαν

488 5628 715 5699 pientes
762 5644 832 5683 ac
870 5628 1185 5686 inferentes
1224 5631 1446 5691 fructus
1489 5634 1710 5693 debent
1747 5652 1993 5707 operam
2026 5654 2098 5695 na

2259 5644 2628 5714 ίμπίπτουσιν.
2704 5645 2833 5697 Οθεν
2880 5641 3315 5720 προσοδευόμενοι
3368 5650 3460 5700 καὶ
3534 5645 3825 5717 εἰσφέροντες
