4076 6210
201 297 318 353 539
1505 291 1842 350 HOMILIE.
1873 325 1944 338 —
1978 296 2150 355 HOM.
2195 300 2312 359 xv.
3457 310 3564 368 590

202 432 476 506 ὀφείλουσι
528 433 743 505 κάμνειν
793 435 882 484 καὶ
941 429 1290 502 ίπισυνάγιιν,
1341 428 1424 481 ἶνα
1469 431 1540 501 μή
1594 430 1812 504 ὑστερη-

1974 448 2080 499 ιτθ,
2119 435 2235 508 58
2263 443 2319 492 et
2347 451 2592 494 acervos
2629 439 3029 508 accumulare,
3071 456 3146 498 ne
3202 446 3584 516 paupertatis

204 525 397 576 θῶσιν.
445 521 628 583 Οὕτως
659 524 794 574 ἱστὶν
847 519 895 573 ἐν
945 520 1016 591 τῷ
1062 515 1466 594 Χριστιανισμῷ
1512 521 1570 570 τὸ
1619 521 1813 589 γεύσας

1973 537 2063 591 Igo
2087 531 2454 596 premantur.
2483 526 2605 582 Hoc
2638 528 2818 584 modo
2846 530 2998 585 inter
3035 515 3396 589 Christianos
3437 550 3583 592 con-

204 612 342 664 σθαί
371 629 486 662 τινα
533 617 624 671 τῆς
669 611 885 684 χίριτος
929 615 1022 662 τοῦ
1065 615 1198 662 Θεοῦ
1240 626 1253 639 ·
1317 608 1647 660 Γεύσασθε
1683 609 1807 680 γὰρ,

1967 614 2107 684 ngit,
2131 618 2196 669 ut
2225 615 2360 686 quis
2383 614 2656 684 degustet
2681 618 2931 686 gratiam
2958 619 3053 674 llei
3077 636 3090 673 ε
3126 619 3371 680 Gustate
3388 624 3577 694 enim,

202 704 365 770 φησὶ,
399 703 508 752 καὶ
545 695 722 752 ἶδετε
760 701 860 752 ὅτι
897 697 1242 773 χρηστὸςό
1270 698 1525 768 Κύριος.
1566 698 1724 751 Ἐστι
1751 691 1811 749 δι

1974 702 2128 773 quit,
2156 710 2206 758 et
2233 703 2421 760 videte
2445 705 2723 776 quoniam
2751 707 2951 762 suavis
2978 714 3062 764 est
3083 708 3366 768 Dominus
3389 714 3457 768 ε’.
3478 691 3584 772 Est

203 791 233 846 ἡ
288 795 480 860 γεῦσις
534 787 666 847 αὕτη
721 789 1021 860 ἂνεργητική
1082 789 1132 838 ἓν
1182 785 1509 859 πληροφορίᾳ
1585 780 1810 857 δύναμις

1969 794 2119 846 atem
2150 793 2405 861 gustatio
2437 793 2564 848 hmc
2600 793 2782 849 virtus
2816 795 3066 866 Spiritus
3103 797 3162 853 in
3205 799 3579 871 plenitudine

206 879 507 950 Πνεῦματος
563 873 888 930 διακονοῦσα
937 874 988 929 εν
1043 871 1262 948 καρδίᾳ.
1319 874 1476 927 Ὀσοι
1543 876 1646 948 γὰρ
1703 876 1810 926 υἱοί

1971 879 2055 934 :iei
2085 895 2368 950 operans,
2418 897 2554 953 quas
2595 881 2654 937 in
2686 883 2864 938 corde
2909 884 3223 942 ministrat.
3267 889 3581 962 Quotquot

206 967 308 1020 εἰσι
356 973 453 1020 τοῦ
496 969 684 1040 φωτὸς,
729 970 818 1019 καὶ
863 975 960 1028 τῆς
1004 961 1277 1025 διακονίας
1323 972 1420 1026 τῆς
1463 972 1648 1026 καινῆς
1690 960 1806 1017 διας

1969 969 2074 1024 iim
2106 968 2212 1024 ﬁlii
2251 975 2390 1025 sunt
2417 969 2588 1034 lucis,
2624 977 2680 1026 et
2712 971 3023 1029 ministerii
3064 975 3204 1031 novi
3234 960 3579 1037 testamenti

207 1057 376 1117 θήκης
419 1053 470 1108 ἄν
511 1052 583 1126 τῷ
635 1051 995 1128 Πνεύματιτῷ
1038 1053 1194 1126 ἁγίῳ,
1242 1054 1388 1106 οὗτοι
1426 1055 1570 1127 παρὰ
1615 1053 1809 1128 ἀνθρὼ-

1967 1073 2022 1114 er
2066 1059 2346 1130 Spiritum
2380 1061 2686 1126 Sanctum,
2729 1060 2786 1116 hi
2817 1061 2895 1117 ab
2933 1062 3280 1120 hominibus
3315 1043 3577 1125 nihifdi-

204 1163 312 1197 πων
342 1141 500 1199 ούδὶν
547 1146 870 1218 μανθανουσι
903 1160 916 1174 ⁸
951 1139 1287 1198 θεοδίδακτοί
1323 1145 1426 1218 γάρ
1459 1143 1609 1198 εἰσιν.
1659 1143 1804 1202 Αὐτὴ

1966 1153 2088 1204 :unt
2115 1164 2128 1201 :
2160 1147 2355 1204 edocti
2402 1148 2562 1205 enim
2601 1165 2638 1206 a
2672 1150 2791 1206 Deo
2820 1157 2978 1206 sunt.
3013 1153 3152 1223 Ipsa
3179 1155 3338 1210 enim
3383 1160 3576 1226 gratia

202 1235 303 1308 γὰρ
365 1237 398 1294 ἡ
461 1235 630 1310 χάρις
699 1235 970 1307 ἐπιγράφει
1029 1232 1078 1286 ἓν
1137 1240 1252 1296 ταῖς
1325 1229 1574 1307 καρδίαις
1639 1232 1807 1286 αὐτῶν

1965 1235 2186 1293 iscribit
2229 1239 2289 1292 in
2319 1237 2598 1294 cordibus
2637 1238 2872 1295 illorum
2919 1239 3080 1309 leges
3132 1242 3407 1314 Spiritus.
3447 1245 3575 1302 Non

201 1326 315 1385 τοῦς
351 1327 545 1396 νόμους
583 1330 677 1376 τοῦ
726 1325 1042 1396 Πνεύματος.
1098 1322 1210 1375 Ούκ
1259 1322 1552 1394 ὀφείλουσιν
1599 1318 1686 1375 οὖν
1739 1322 1808 1383 εἰς

1972 1325 2094 1382 itur
2122 1325 2338 1381 debent
2370 1327 2429 1382 in
2479 1327 2822 1399 Scripturis,
2853 1333 3186 1386 atramento
3227 1331 3421 1388 solum
3475 1335 3582 1390 de-

200 1415 288 1474 τὰς
354 1416 565 1487 Γραφάς
628 1417 781 1486 μόνον
847 1415 938 1474 τάς
999 1409 1095 1465 διὰ
1167 1411 1384 1484 μέλανος
1445 1415 1807 1485 γεγραμμένας

1968 1414 2168 1485 :riptis,
2184 1414 2425 1485 plenam
2451 1415 2687 1472 fiducia;
2706 1433 2874 1489 spem
2892 1433 3145 1488 ponere;
3169 1435 3374 1476 verum
3400 1422 3578 1480 etiam

200 1501 671 1576 πληροφορεῖσθαι,
726 1500 857 1555 ἀλλά
884 1506 978 1554 καὶ
1027 1501 1100 1562 είς
1150 1503 1236 1562 τὰς
1287 1500 1486 1562 πλάκας
1533 1508 1624 1561 τῆς
1675 1520 1808 1575 καρ-

1969 1524 1976 1557 L
2018 1501 2236 1558 tabulis
2265 1502 2462 1557 cordis
2493 1504 2688 1572 gratia
2717 1505 2919 1561 divina
2953 1506 3222 1563 inscribit
3251 1508 3414 1579 leges
3445 1511 3579 1584 Spi-

201 1587 321 1654 δίας
370 1593 404 1650 ἡ
466 1593 632 1666 χάρις
685 1598 777 1643 τοῦ
833 1597 969 1648 Θεοῦ
1023 1589 1268 1665 ἔγγράφει
1317 1594 1439 1652 τοὺς
1481 1593 1665 1662 νόμους
1713 1596 1806 1642 τοῦ

1970 1595 2062 1645 tus
2092 1596 2149 1645 et
2171 1589 2432 1647 coelestia
2464 1592 2768 1664 mysteria.
2806 1596 2916 1650 Cor
2945 1593 3108 1650 enim
3133 1594 3337 1665 dirigit
3365 1614 3434 1654 ac
3466 1614 3577 1668 gu-

200 1682 519 1752 Πνεύματος,
585 1685 677 1733 καὶ
727 1681 796 1733 τά
867 1682 1149 1754 ἐπουράνια
1218 1683 1493 1754 μυστήρια
1545 1695 1559 1709 ο
1617 1681 1646 1737 ἡ
1700 1681 1802 1752 γὰρ

1964 1685 2126 1734 srnat
2174 1679 2455 1736 universa
2497 1681 2764 1752 corporis
2799 1696 3055 1750 organa.
3113 1687 3194 1739 Ac
3242 1685 3287 1739 si
3342 1702 3574 1756 pascua

196 1765 401 1843 ιαρδία
456 1771 754 1842 ἡγεμονεύει
804 1773 894 1822 καὶ
941 1767 1214 1841 βασιλεύει
1258 1767 1377 1820 ὅλου
1424 1775 1517 1821 τοῦ
1567 1787 1804 1840 σωματιο

1961 1767 2111 1823 ordis
2132 1768 2324 1839 gratia
2349 1768 2690 1834 obtinuerit,
2713 1769 3058 1826 dominatur
3074 1772 3362 1828 omnibus
3385 1791 3571 1832 mem-

192 1865 283 1915 κοῦ
314 1859 568 1932 ὀργάνου.
622 1863 723 1912 Καὶ
753 1861 879 1912 ἱπὰν
907 1860 1160 1930 κατάσχῃ
1208 1859 1302 1920 τάς
1346 1860 1502 1929 νομὰς
1531 1865 1626 1919 τῆς
1674 1875 1802 1929 καρ-

1963 1855 2041 1912 ris
2066 1873 2136 1912 ac
2167 1857 2652 1925 cogitationibus.
2696 1857 2814 1914 lllic
2855 1857 3018 1915 enim
3068 1877 3238 1916 mens
3282 1863 3480 1929 haeret,
3515 1871 3573 1922 et

193 1943 315 2009 δίας
355 1950 390 2007 ἡ
424 1949 609 2024 χάρις,
659 1946 926 2021 βασιλεύει
981 1947 1108 2000 ὅλων
1158 1954 1256 1999 τῶν
1312 1945 1496 2017 μελῶν,
1554 1950 1644 1997 καὶ
1699 1952 1802 1996 τὼν

1961 1960 2126 2001 mnes
2174 1945 2564 2014 cogitationes
2607 1947 2821 2002 animae
2851 1948 3102 2020 ejusque
3133 1949 3376 2008 fiducia.
3417 1954 3571 2016 Qua-

187 2035 459 2110 λογισμῶν
486 2054 502 2069 ·
558 2039 664 2090 ἂκεί
711 2039 810 2112 γάρ
870 2039 1012 2090 ἔστιν
1042 2037 1068 2088 ὅ
1115 2043 1256 2102 νοῦς,
1306 2041 1396 2087 καί
1445 2033 1551 2088 ὅλοι
1581 2036 1631 2087 οἱ
1659 2033 1797 2102 λογι-

1958 2038 2156 2106 rapter
2177 2038 2444 2106 penetrat
2467 2033 2645 2092 etiam
2672 2035 2863 2105 gratia
2891 2037 2950 2092 in
2985 2037 3264 2096 universa
3295 2041 3568 2112 corporis

191 2131 312 2196 σμοὶ
350 2133 451 2188 τῆς
504 2125 695 2198 ψυχῆς
743 2131 836 2179 καὶ
886 2127 918 2184 ἦ
983 2120 1280 2200 προσδοκία
1332 2123 1515 2186 αὐτῆς.
1570 2125 1659 2176 Διό
1710 2129 1801 2178 καὶ
1913 2122 2216 2181 membra.

186 2211 466 2290 διέρχεται
496 2217 527 2274 ἦ
559 2216 722 2288 χάρις
752 2214 825 2278 εἰς
854 2214 950 2268 ὅλα
976 2216 1044 2267 τὰ
1071 2213 1198 2287 μέλη
1232 2220 1324 2266 τοῦ
1357 2218 1617 2286 σώματος.

253 2341 394 2397 ιΑ’.
454 2340 639 2402 Οὕτως
684 2339 836 2392 πάλιν
891 2340 1009 2393 ὅσοι
1076 2338 1206 2392 εἰσὶν
1261 2340 1366 2390 υἱοὶ
1415 2344 1508 2390 τοῦ
1558 2340 1794 2404 σκότους,

1982 2337 2119 2393 ΧΧΙ.
2160 2337 2250 2394 Sic
2279 2352 2311 2394 e
2341 2337 2640 2393 contrario
2672 2342 2969 2411 quotquot
2996 2344 3136 2396 sunt
3161 2340 3264 2396 filii
3299 2343 3569 2400 tenebra-

187 2427 458 2503 βασιλεύει
507 2439 598 2492 τῆς
642 2426 868 2503 καρδίας
916 2430 947 2487 ἦ
981 2429 1232 2501 ἁμαρτία,
1282 2432 1372 2479 καὶ
1412 2423 1689 2500 διέρχεται
1730 2427 1797 2488 εἰς

1957 2444 2061 2492 ιω,
2093 2443 2301 2482 eorum
2336 2426 2500 2482 cordi
2529 2427 2784 2497 imperat
2826 2433 3164 2499 peccatum,
3199 2446 3270 2486 ac
3297 2437 3567 2503 penetrat

187 2520 368 2572 ὅλατά
397 2523 556 2594 μίρη.
609 2518 707 2572 Ἐκ
741 2521 864 2593 γὰρ
903 2525 1018 2580 τῆς
1072 2513 1350 2588 καρδίας
1412 2515 1795 2591 ίξίρχονται

1957 2517 2108 2572 mnia
2125 2515 2402 2571 membra
2422 2533 2436 2569 :
2464 2517 2564 2572 Ex
2585 2516 2758 2573 corde
2773 2518 2928 2573 enim
2949 2522 3166 2574 exeunt
3181 2521 3567 2590 cogitationes

188 2605 620 2680 διαλογισμοὶ
659 2611 961 2680 πονηροί·
995 2610 1085 2658 καὶ
1107 2604 1270 2666 οὕτως
1292 2605 1648 2676 ὑπεκχεομίνη
1675 2623 1796 2657 σκο-

1965 2607 2078 2662 αἰῶ
2108 2607 2194 2661 ⁸ος
2229 2609 2284 2661 et
2313 2605 2395 2660 ita
2423 2604 2702 2660 diffusum
2759 2605 3018 2662 tenebris
3073 2607 3330 2666 offundit
3374 2610 3569 2667 homi-

186 2697 314 2758 τίζει
344 2700 440 2750 τὸν
471 2697 762 2769 ἄνθρωπον.
795 2698 863 2748 Οἱ
893 2691 953 2748 δε
1000 2699 1072 2766 μή
1113 2693 1345 2765 λέγοντες
1375 2691 1504 2746 εἶναι
1536 2697 1594 2745 τό
1634 2697 1794 2745 κακὸν

1955 2711 2064 2750 em.
2089 2695 2197 2760 Qui
2231 2709 2371 2750 vero
2420 2700 2718 2759 asserunt,
2744 2695 2956 2752 vitium
3005 2712 3394 2770 nequaquam
3423 2717 3565 2756 cum

189 2789 499 2860 σύντροφον,
565 2789 658 2837 καὶ
713 2784 1031 2848 συναυξάνον
1073 2790 1145 2835 τῶ
1198 2781 1474 2857 ἀνθρώπῳ,
1534 2786 1666 2854 μήτε
1708 2801 1794 2854 με·

1957 2784 2148 2839 omine
2203 2782 2383 2838 foveri
2417 2788 2473 2838 et
2503 2799 2789 2850 crescere,
2838 2784 2922 2840 illi
2953 2801 3149 2857 neque
3190 2787 3266 2844 de
3309 2790 3567 2846 crastino

183 2876 490 2950 ριμνήσωσι
563 2878 682 2948 περὶ
746 2881 842 2936 τῆς
914 2876 1115 2946 αῦριον,
1170 2875 1304 2943 μήτε
1379 2869 1788 2943 ίπιθυμήσωσιο

1954 2872 2135 2928 illiciti
2168 2878 2328 2937 sunt,
2362 2887 2470 2928 nec
2510 2873 2995 2944 concupiscentia
3020 2875 3348 2934 ducuntur.
3397 2880 3564 2934 Certo

184 2973 351 3041 καιρῷ
393 2967 496 3038 γάρ
526 2983 629 3017 τινι
675 2962 939 3015 ἰπαύσατο
976 2960 1024 3013 ἰν
1073 2960 1248 3022 αὐτοῖς
1293 2959 1542 3032 ἐνοχλοῦν
1594 2963 1653 3012 τὸ
1697 2979 1791 3012 κα-

1951 2962 2062 3016 nim
2087 2967 2355 3032 tempore
2377 2961 2628 3018 cessavit
2644 2961 2775 3018 illos
2794 2963 3066 3020 molestia
3081 2963 3316 3022 afﬁcere
3331 2966 3561 3032 vitium,

185 3056 290 3123 κόν,
347 3055 468 3106 τινά
512 3051 790 3123 ἐπιθυμίαν
839 3049 1164 3104 ύποϐάλλονο
1213 3051 1348 3103 ὥστε
1389 3051 1437 3102 ἓν
1489 3050 1625 3122 ὅρκῳ
1676 3045 1792 3101 δια-

1955 3050 2236 3106 uamdam
2256 3050 2800 3122 concupiscentiam
2834 3051 3232 3124 suggerendo,
3257 3057 3318 3108 ut
3341 3053 3565 3125 jureju-

186 3141 532 3196 ϐεϐαιοῦσθαι
587 3145 673 3194 τόν
713 3142 1005 3215 ἄνθρωπον,
1062 3140 1140 3192 ὅτι
1202 3138 1394 3192 Οὐκέτι
1443 3141 1792 3192 ἑπανίσταταί

1951 3139 2096 3196 mdo
2116 3138 2474 3195 conﬁrmare
2501 3155 2621 3194 non
2649 3144 2922 3196 vereatur
2947 3140 3150 3206 homo,
3178 3155 3302 3197 non
3325 3141 3476 3198 ultra
3502 3145 3561 3198 in

185 3251 268 3302 μοι
300 3235 372 3284 τὸ
404 3237 641 3283 τοιοῦτον
677 3230 841 3292 πάθος
865 3247 880 3262 ο
938 3232 1028 3282 καὶ
1071 3227 1182 3300 μετ’
1223 3226 1395 3298 ὀλίγον
1449 3231 1631 3301 καιρὸν
1669 3247 1790 3280 κατ-

1950 3245 1964 3284 ι
1995 3243 2306 3298 assurgere
2339 3226 2516 3284 talem
2556 3227 2931 3284 affectionem
2958 3244 2971 3296 ;
3004 3234 3064 3285 at
3093 3244 3212 3284 non
3261 3230 3342 3285 ita
3373 3230 3560 3287 multo

187 3322 302 3379 εκάη
373 3327 433 3390 τῇ
481 3317 754 3391 ἐπιθυμίᾳ,
811 3318 946 3370 ὥστε
994 3317 1266 3392 εὑρεθῆναι
1313 3316 1470 3369 αὐτόν
1524 3321 1652 3390 πρὸς
1707 3321 1790 3371 ἓπὶ

1951 3323 2035 3374 ost
2081 3319 2269 3373 uritur
2317 3317 2823 3390 concupiscentia,
2858 3324 2921 3374 ut
2950 3317 3043 3374 vel
3072 3318 3132 3374 in
3167 3334 3238 3374 eo
3287 3319 3561 3390 perjurus

186 3412 392 3471 τούτοις
434 3413 526 3461 καὶ
575 3407 836 3482 ίπίορκον.
886 3406 1089 3479 Ὠσπερ
1135 3408 1234 3480 γάρ
1288 3401 1360 3458 δι’
1412 3405 1605 3478 ὀχετοῦ
1649 3403 1792 3481 διέρ-

1954 3406 2407 3479 eprehendatur.
2435 3407 2687 3462 Perinde
2707 3405 2867 3462 enim
2894 3412 2958 3463 ut
2985 3423 3092 3479 per
3116 3407 3378 3464 fistulam
3406 3414 3564 3465 tran-

186 3517 348 3568 χεταε
375 3493 544 3572 ὕδωρ,
602 3497 770 3559 οὕτως
797 3501 887 3548 καὶ
921 3493 1016 3548 διὰ
1054 3502 1145 3556 τῆς
1173 3491 1402 3570 καρδίας
1443 3500 1534 3547 καὶ
1578 3504 1677 3548 τῶν
1712 3496 1793 3549 λο’

1957 3503 1975 3552 ι
2003 3513 2185 3569 aqua,
2219 3496 2303 3552 sic
2327 3512 2570 3569 quoque
2593 3511 2697 3567 per
2721 3511 2824 3552 cor
2848 3501 2906 3552 et
2929 3496 3320 3566 cogitationes
3351 3513 3562 3569 pecca-

184 3595 391 3660 γισμῶν
430 3588 460 3644 ἠ
503 3586 747 3660 ἀμαρπία
772 3605 786 3619 ·
829 3586 982 3638 Ὅσοι
1024 3580 1083 3637 δι
1119 3591 1276 3636 τοῦτο
1337 3583 1660 3657 ἀναιροῦσιν,
1703 3588 1790 3638 ὑπ’

1952 3603 2049 3641 ιω.
2085 3587 2437 3657 Quicunque
2479 3601 2618 3640 vero
2649 3585 2774 3642 hac
2815 3591 3056 3657 negant,
3088 3602 3122 3641 a
3153 3591 3398 3659 peccato
3430 3587 3562 3658 ipso

190 3676 351 3737 αὐτῆς
399 3683 492 3736 τῆς
538 3675 796 3749 ἁμαρτίας
845 3673 1128 3747 μελλούσης
1186 3672 1616 3746 θριαμϐεύεσθαι,
1657 3675 1793 3746 ἐλέγ-

1953 3675 2275 3746 iumphum
2323 3680 2550 3738 acturo,
2583 3680 2914 3746 arguuntur
2956 3680 3014 3730 et
3064 3675 3416 3733 illuduntur.
3457 3677 3563 3732 Co-

191 3785 380 3836 χονται
436 3768 524 3818 καὶ
579 3763 948 3837 χλευάζονται.
1009 3758 1305 3825 Σπουδάζει
1353 3765 1455 3837 γὰρ
1521 3767 1580 3816 τό
1632 3769 1792 3817 κακὸν

1951 3769 2079 3819 atur
2119 3764 2279 3818 enim
2326 3762 2553 3818 malitia
2583 3763 2762 3818 latere
2793 3767 2850 3818 et
2878 3763 3226 3820 delitescere
3272 3765 3332 3820 in
3364 3769 3561 3821 mente

188 3852 450 3908 λανθάνειν
514 3857 607 3906 καὶ
659 3855 983 3926 κρύπτεσθαι
1036 3851 1085 3904 ἓν
1150 3859 1211 3924 τῇ
1270 3847 1482 3925 διανοίᾳ
1555 3859 1646 3904 τοῦ
1709 3851 1793 3904 ἀν-
1899 3851 2188 3908 hominis.

193 3945 419 4015 θρὼπου.

254 4067 378 4124 KB’.
434 4067 492 4123 Εἰ
545 4063 632 4120 οὖν
688 4066 870 4140 ἀγαπᾷ
913 4087 993 4131 τις
1041 4069 1127 4120 τόν
1154 4069 1302 4133 Θεὸν,
1351 4071 1441 4119 καὶ
1474 4065 1631 4128 αὐτὸς
1663 4085 1789 4138 συγ-

1973 4065 2130 4119 XXII.
2196 4063 2252 4120 Si
2300 4062 2476 4132 igitur
2529 4062 2832 4134 quispiam
2883 4065 3068 4118 Deum
3135 4061 3335 4134 diligit.
3405 4065 3559 4118 Deus

191 4165 330 4230 κοινᾲ
395 4160 568 4230 τούτῳ
622 4161 716 4216 τὴν
792 4156 975 4211 ἑαυτοῦ
1039 4155 1248 4228 ἀγάπην
1276 4177 1289 4190 ο
1367 4156 1657 4216 πιστευθεὶς
1733 4151 1790 4207 δὲ

1951 4169 2135 4226 noque
2162 4167 2298 4208 cum
2327 4167 2397 4207 eo
2440 4152 2788 4207 commiscet
2817 4167 2988 4207 suam
3038 4151 3441 4207 dilectionem.
3494 4153 3561 4208 Et

193 4245 323 4311 ἅπαξ
381 4246 475 4299 ὑπ’
536 4245 718 4315 αὐτοῦ,
781 4246 1058 4319 προστιθεί
1119 4247 1286 4316 τούτῳ
1335 4248 1430 4303 τὴν
1489 4243 1789 4319 ίπουράνιον

1949 4259 2036 4297 im
2060 4241 2243 4296 semel
2295 4239 2607 4295 crediderit
2658 4239 2717 4294 in
2749 4255 2908 4306 eum,
2943 4240 3111 4297 addit
3137 4240 3215 4296 illi
3263 4239 3418 4296 Deus
3445 4257 3559 4298 cce-

193 4341 389 4402 πίστιν,
432 4338 526 4387 καὶ
563 4337 797 4406 γίγνεται
837 4331 1054 4396 διπλοῦς
1093 4335 1119 4386 6
1160 4334 1447 4409 ἄνθρωπος.
1490 4333 1664 4395 Ὅπως
1703 4329 1790 4386 οὖν

1949 4337 2105 4386 stem
2147 4329 2349 4394 tidem,
2384 4335 2438 4383 et
2468 4328 2548 4384 ila
2579 4328 2779 4384 evadit
2808 4329 2992 4384 homo
3018 4329 3255 4400 duplex.
3288 4331 3355 4386 Ut
3380 4330 3559 4400 igitur

194 4427 243 4476 ix
268 4433 370 4478 τῶν
412 4423 576 4496 μελῶν
607 4442 701 4476 σου
751 4427 1050 4498 προσφέρῃς
1099 4421 1259 4494 αύτῷ,
1293 4427 1383 4475 καὶ
1423 4422 1576 4484 αὐτὸς
1606 4421 1660 4474 ἐκ
1692 4431 1790 4475 τῶν

200 4509 266 4526 II.
393 4514 415 4526 -
651 4511 671 4526 \
696 4520 716 4526 _
1034 4517 1054 4526 ο
1141 4519 1164 4526 .-
1232 4510 1244 4526 Ι
1347 4519 1369 4526 ..
1589 4515 1609 4526 -
1735 4507 1758 4526 Ὗ

1947 4437 1970 4475 ε
2003 4418 2292 4476 membris
2326 4417 2438 4473 tuis
2477 4419 2594 4473 Deo
2625 4416 2866 4483 offeras,
2899 4418 2996 4474 ille
3032 4417 3162 4486 ipse
3199 4434 3273 4474 ex
3302 4419 3557 4490 propriis

199 4509 337 4566 ἰδίων
387 4514 544 4585 ὅμοια
589 4511 751 4584 μελῶν
800 4517 1059 4586 συγκιρνᾷ
1103 4519 1164 4584 τῇ
1215 4510 1369 4584 ψυχῇ
1420 4530 1537 4578 σου,
1589 4515 1673 4564 ἵνα
1729 4507 1790 4584 ᾖς

1956 4509 2116 4565 milia
2149 4507 2559 4562 membrorum
2592 4507 2908 4578 permiscet
2938 4524 3070 4562 cum
3104 4508 3308 4564 anima
3341 4513 3464 4577 tua,
3497 4514 3559 4565 ut

195 4606 357 4657 πάντα
409 4603 654 4676 καθαρῶς
703 4609 883 4667 ποιῶν,
931 4607 1022 4655 καὶ
1069 4603 1306 4672 ἀγαπῶν,
1353 4607 1444 4656 καὶ
1497 4606 1792 4676 προσευχό-

1948 4599 2107 4653 mnia
2139 4599 2364 4652 sincere
2405 4612 2476 4650 ac
2531 4611 2675 4666 pure
2724 4611 3031 4668 peragere,
3087 4596 3332 4667 diligere
3380 4603 3558 4671 atque

198 4710 373 4763 μενοςο
427 4690 657 4765 μεγάλου
707 4693 806 4765 γάρ
861 4689 1155 4763 ἀξιώματός
1208 4689 1348 4743 ἔστιν
1398 4693 1423 4742 6
1482 4693 1789 4764 ἄνθρωπος’

1947 4686 2131 4742 recari
2164 4685 2385 4758 possis.
2417 4684 2688 4744 Summae
2719 4686 2878 4740 enim
2905 4686 3208 4756 dignitatis
3235 4691 3321 4741 est
3350 4686 3553 4742 homo.

198 4777 272 4836 ἴδε
301 4787 470 4844 πόσος
521 4779 662 4834 ἇστὶν
710 4782 736 4833 6
765 4780 983 4854 οὐρανὸς
1028 4784 1118 4832 καὶ
1149 4781 1178 4837 ἠ
1224 4788 1316 4850 γῆ,
1368 4781 1394 4832 6
1437 4779 1576 4841 ἣλιος
1626 4785 1715 4832 καὶ
1762 4782 1791 4838 ἡ

1947 4775 2051 4831 'ide
2088 4780 2384 4848 quantum
2434 4775 2510 4828 sit
2539 4773 2773 4840 caelum,
2819 4780 2990 4843 terra,
3037 4773 3126 4829 sol
3156 4780 3209 4829 et
3239 4774 3419 4828 luna:
3449 4789 3557 4828 nec

203 4872 405 4938 σελήνη,
468 4874 560 4923 καὶ
583 4870 680 4924 ούκ
731 4865 1014 4928 εὐδόκησεν
1075 4867 1124 4921 ἓν
1180 4872 1352 4930 αὐτοῖς
1413 4870 1438 4920 ὁ
1490 4871 1700 4941 Κύριος,
1756 4869 1798 4921 εἰ

1947 4881 2108 4922 lmen
2149 4864 2376 4936 placuit
2406 4863 2464 4917 in
2491 4863 2563 4917 iis
2599 4863 2873 4930 Domino,
2925 4863 3029 4918 sed
3065 4864 3122 4918 in
3157 4862 3284 4918 solo
3316 4863 3557 4918 homine

201 4966 264 5033 μὴ
326 4965 378 5016 ἓν
428 4969 503 5031 τῷ
556 4958 812 5032 ἀνθρώπῳ
869 4965 1031 5032 μόνῳ,
1094 4960 1539 5012 ἑπαναπαύεσθαι.
1606 4963 1798 5029 Τιμιὼ-

1947 4954 2300 5027 equiescere.
2338 4953 2712 5007 Prmstantior
2750 4967 2894 5023 ergo
2923 4957 3011 5007 est
3051 4951 3234 5007 homo
3274 4951 3557 5007 omnibus

203 5067 337 5124 τιρος
379 5046 467 5102 οὖν
507 5048 648 5102 ἔστιν
687 5049 712 5100 6
751 5049 1023 5123 ἄνθρωπος
1059 5049 1186 5121 ὑπερ
1229 5048 1398 5100 πάντα
1436 5049 1503 5098 τά
1541 5041 1798 5119 δημιουρ-

1954 5043 2220 5107 reaturis,
2253 5047 2312 5096 et
2337 5041 2539 5096 forsan
2578 5040 2774 5096 dicere
2806 5057 2926 5096 non
2966 5041 3228 5107 verebor,
3263 5057 3385 5096 non
3432 5046 3564 5096 tan-

205 5146 434 5212 Ὶήματα,
465 5141 614 5211 τάχα
665 5133 725 5190 δε
769 5137 1015 5208 τολμήσω
1063 5136 1249 5207 λέγειν,
1281 5138 1361 5188 ὅτι
1413 5139 1484 5206 μὴ
1517 5140 1669 5206 μόνον
1703 5143 1800 5186 τῶν

1956 5149 2037 5188 im
2068 5129 2536 5203 aspectabilibus
2571 5130 2875 5195 creaturis,
2905 5146 3110 5185 verum
3140 5130 3315 5185 etiam
3358 5129 3565 5185 invisi-

207 5229 396 5302 ὁρατῶν
462 5224 968 5300 δημιουργημάτων,
1037 5224 1166 5276 ἀλλά
1228 5229 1318 5277 καὶ
1381 5232 1479 5277 τῶν
1546 5222 1798 5296 ἀοράτων,

1956 5222 2086 5286 bus,
2122 5235 2338 5290 nempe
2388 5219 2828 5274 ministratoriis
2861 5219 3183 5291 spiritibus.
3235 5221 3362 5274 Non
3404 5218 3561 5274 enim

211 5317 360 5387 ἤγουν
413 5324 516 5368 τῶν
563 5314 930 5389 λειτουργικῶν
995 5314 1318 5385 πνευμάτων.
1387 5312 1464 5364 Ού
1525 5314 1626 5385 γὰρ
1685 5317 1801 5385 περὶ

1957 5326 1987 5365 e
2013 5307 2290 5364 Michaele
2323 5313 2427 5362 aut
2451 5306 2747 5376 Gabriele,
2780 5308 3173 5376 arcliangelis,
3201 5306 3353 5362 Deus
3388 5307 3561 5362 dixit:

213 5404 430 5476 Μιχαὴλ
484 5417 574 5457 και
626 5403 878 5479 Γαϐριὴλ,
945 5411 1044 5456 τῶν
1101 5401 1440 5477 ἀρχαγγίλων
1498 5397 1652 5468 εἶπεν,
1725 5403 1805 5454 ὅτι

1954 5400 2229 5455 ἀείαηιιιε
2251 5397 2331 5452 ad
2345 5397 2662 5467 imaginem
2681 5403 2733 5453 et
2748 5396 3196 5452 similitudinem
3217 5403 3476 5452 nostram
3496 5397 3564 5459 “,

217 5498 592 5566 Ποιήσωμεν
644 5492 775 5546 κατ’
821 5491 1040 5546 εἰκόνα
1083 5496 1194 5544 καὶ
1243 5491 1560 5564 ὁμοίωσιν
1603 5491 1803 5563 ἡμετέ-

1954 5489 2024 5545 ed
2045 5489 2120 5545 de
2153 5487 2492 5544 substantia
2529 5486 2884 5543 intellectiva
2915 5486 3196 5550 hominis,
3223 5486 3564 5557 immortali,

287 5663 332 5696 ⁵⁹
360 5661 517 5719 Psal.
547 5675 734 5727 xum,
762 5661 816 5717 9.
894 5660 944 5696 ⁶⁰
973 5657 1167 5717 Matth.
1202 5674 1299 5726 xv,
1339 5660 1421 5714 19.
1501 5658 1544 5693 ⁶¹
1585 5658 1727 5714 Gen.
1769 5675 1803 5722 ι,
1835 5660 1926 5714 26.
