4076 6210
556 283 660 337 591

1881 273 1940 329 S.
1979 271 2279 328 MACARII
2320 269 2623 328 IEGYPTII
3784 279 3872 335 592

558 409 830 479 inquam,
866 406 1090 461 anima.
1124 404 1423 475 Scriptum
1469 404 1628 458 enim
1667 404 1773 470 est,
1815 416 1935 457 esse
1975 400 2207 456 ordines

2318 419 2447 471 ραν,
2500 399 2627 452 ἀλλὰ
2655 403 2772 470 περὶ
2812 409 2905 462 τῆς
2944 407 3118 476 νοερᾶς
3157 403 3338 464 οὐσίας
3377 410 3468 456 τοῦ
3499 403 3768 476 ἀνθρώπου,
3797 412 3873 466 τῆς

555 498 906 567 angelorum
936 495 998 550 in
1031 495 1284 550 circuitu
1312 492 1635 548 timentium
1659 506 1788 546 eum
1815 491 1882 543 ⁶².
1916 493 2207 546 Creaturm

554 590 755 641 autem
795 583 1056 639 visibiles
1089 587 1307 637 natura
1359 579 1626 652 quadam
1670 578 2025 634 immutabili
2058 593 2210 649 pra;—

558 674 693 729 ditee
726 680 890 728 sunt.

632 871 811 927 XXIII.
847 869 1072 926 Caelum
1100 865 1281 922 semel
1322 865 1663 920 ordinatum
1697 867 1804 929 est,
1839 862 1946 927 sol,
1982 861 2125 917 luna
2154 867 2211 917 et

561 966 730 1023 terra,
761 975 869 1014 nec
902 964 1100 1012 tamen
1130 954 1420 1026 acquievit
1455 954 1513 1008 in
1547 953 1618 1007 iis
1665 952 1974 1016 Dominus,
2015 967 2208 1022 neque

561 1049 728 1104 aliter
756 1065 823 1102 ac
857 1052 1054 1102 creata
1089 1051 1242 1109 sunt,
1276 1043 1541 1098 converti
1575 1045 1842 1113 possunt,
1876 1056 2070 1113 neque
2100 1040 2209 1096 ha-

561 1139 702 1192 bent
720 1136 1104 1190 voluntatem.
1120 1136 1202 1188 Tu
1219 1149 1356 1187 vero
1382 1137 1694 1202 propterea
1707 1146 1770 1185 es
1786 1130 1864 1184 ad
1883 1131 2207 1198 imaginem

555 1232 610 1280 et
639 1223 1088 1278 similitudinem
1124 1223 1221 1276 Dei
1271 1222 1481 1288 factus,
1514 1220 1658 1291 quia
1687 1218 2208 1291 quemadmodum

560 1314 715 1368 Deus
739 1314 828 1367 sui
847 1313 996 1382 juris
1023 1317 1132 1375 est,
1163 1316 1218 1366 et
1240 1310 1405 1382 quod
1429 1309 1553 1364 vult
1581 1309 1753 1364 facit:
1781 1308 2028 1379 quando
2056 1308 2106 1362 ei
2130 1309 2210 1362 ita

559 1401 755 1456 visum
788 1406 895 1466 est,
933 1416 1038 1472 pro
1089 1405 1379 1471 potestate
1411 1403 1466 1453 et
1493 1399 1623 1467 jure
1656 1413 1766 1452 suo
1817 1397 1987 1451 mittit
2014 1397 2208 1466 justos

557 1491 615 1545 in
641 1492 996 1560 gehennam,
1023 1506 1090 1544 ac
1118 1493 1461 1560 peccatores
1482 1487 1540 1541 in
1560 1502 1833 1556 regnum,
1859 1486 1972 1556 59
1997 1501 2208 1556 quam-

559 1580 647 1633 vis
679 1581 791 1635 hoc
824 1580 1068 1634 minime
1104 1577 1260 1644 velit,
1294 1593 1403 1631 nec
1437 1575 1665 1647 placeat
1697 1576 1746 1630 ei
1783 1593 1794 1640 ;
1823 1577 2020 1644 justus
2047 1574 2205 1629 enim

558 1675 650 1724 est
703 1669 1028 1732 Dominus;
1063 1667 1146 1721 sic
1197 1682 1440 1737 quoque
1493 1671 1550 1718 tu
1605 1665 1689 1718 tui
1741 1663 1889 1734 juris
1932 1679 2014 1727 es,
2065 1669 2120 1718 et
2160 1663 2205 1716 si

2320 487 2578 541 ἀθανάτου
2609 490 2735 560 λέγω
2764 490 2971 562 ψυχῆς.
3010 497 3108 546 Καὶ
3149 496 3250 564 γὰρ
3295 497 3598 568 γέγραπται,
3637 495 3710 546 ὅτι
3738 501 3877 565 Παρ-

2320 577 2586 649 εμϐολαὶ
2673 578 2960 650 ἀγγέλων
3035 581 3247 654 κύκλῳ
3321 590 3443 634 τῶν
3513 581 3875 655 φοϐουμένων

2321 671 2528 721 αὐτόν.
2561 670 2637 720 Τὰ
2673 671 2762 740 μὲν
2793 665 2881 721 οὖν
2909 675 3171 743 κτίσματα
3200 673 3265 725 τὰ
3303 676 3593 744 φαινόμενα,
3632 675 3767 744 φύσει
3792 678 3880 726 τινὶ

2321 757 2658 831 ἀμεταϐλήτῳ
2689 755 2724 810 δ
2728 755 2788 812 έδ
2793 778 2926 814 εται.

2393 868 2510 918 KI".
2563 865 2620 916 Ὁ
2651 865 2867 936 ούρανός
2903 866 3043 930 ἂπαξ
3071 872 3333 934 τέτακται,
3376 871 3402 920 6
3432 869 3588 934 ἣλιος,
3629 871 3658 927 ἡ
3695 869 3878 935 σελήνη,

2319 955 2348 1010 ἡ
2404 961 2493 1024 γῆ,
2542 960 2630 1007 καὶ
2660 957 2753 1008 οὐκ
2805 952 3088 1014 εὐδόκησεν
3130 960 3176 1010 ἐν
3221 958 3397 1020 αὐτοῖς
3446 960 3469 1010 6
3525 960 3734 1031 Κύριος·

2319 1038 2442 1094 ούδε
2515 1045 2636 1116 παρ’
2696 1045 2721 1095 6
2797 1044 3110 1104 ἐκτίσθησαν
3184 1054 3575 1120 μετατραπῆναι
3639 1043 3879 1113 δύνανται,

2319 1135 2432 1183 οὔτε
2461 1135 2650 1202 ἔχουσι
2683 1134 2895 1205 θέλημα.
2945 1139 3009 1186 Σύ
3069 1132 3128 1188 δε
3170 1132 3263 1188 διὰ
3307 1143 3460 1188 τοῦτο
3510 1134 3554 1187 εἴ
3573 1135 3683 1187 κατ’
3734 1136 3883 1187 εἰκόνα

2319 1225 2403 1271 καὶ
2436 1221 2685 1291 ὁμοίωσιν
2718 1231 2872 1287 Θεοῦ,
2915 1221 3093 1282 ἐπειδὴ
3127 1226 3300 1296 ὥσπερ
3335 1225 3360 1276 6
3401 1227 3531 1286 Θεὸς
3561 1224 3653 1276 αύτ
3684 1224 3884 1287 εξούσιός

2318 1310 2449 1376 ἐστι,
2485 1314 2573 1361 καὶ
2621 1311 2646 1362 ὃ
2685 1311 2813 1363 θέλει
2864 1320 3036 1364 ποιεῖ’
3071 1311 3154 1364 έάν
3189 1313 3331 1386 θέλῃ,
3381 1316 3515 1366 κατά
3544 1317 3634 1370 τὴν
3677 1311 3886 1374 ἐξουσίαν

2319 1397 2479 1449 αὐτοῦ
2537 1400 2729 1471 πέμψει
2781 1405 2900 1463 τοὺς
2963 1399 3200 1463 δικαίους
3259 1403 3326 1463 εἰς
3379 1406 3600 1473 γέενναν,
3653 1407 3735 1452 καὶ
3786 1405 3888 1460 τοὺς

2320 1486 2657 1558 ἁμαρτωλούς
2710 1489 2780 1551 εἰς
2829 1488 3137 1562 βασιλείαν·
3205 1490 3311 1542 ἀλλ’
3362 1491 3469 1562 οὐχ
3525 1490 3754 1563 αἱρεῖται,
3784 1485 3888 1541 οὐδε

2319 1573 2672 1648 καταδέχεται
2702 1585 2854 1630 τοῦτο
2883 1599 2894 1611 ·
2931 1575 3295 1654 δικαιοκρίτης
3321 1583 3423 1652 γὰρ
3463 1579 3600 1632 ἐστιν
3629 1580 3653 1630 ό
3685 1581 3876 1652 Κύριος·

2316 1663 2478 1726 οὓτως
2544 1671 2632 1718 xui
2692 1671 2756 1719 σύ
2819 1668 3150 1730 αύτεξούσιος
3209 1667 3271 1734 εἶ,
3331 1674 3422 1721 καὶ
3475 1669 3557 1720 έάν
3614 1668 3754 1739 θέλῃς
3801 1668 3884 1718 ἀπ·

558 1757 702 1812 velis
738 1758 945 1828 perire,
990 1755 1296 1812 mutabilis
1331 1761 1578 1809 naturae.
1625 1754 1680 1808 Si
1711 1753 1893 1808 libeat
1923 1752 2206 1822 blasphe-

2318 1753 2545 1819 ολέσθαι,
2588 1764 2810 1829 τρεπτῆς
2849 1761 3050 1829 φύσεως
3091 1755 3137 1810 εἶ
3161 1779 3174 1792 ο
3215 1759 3260 1811 εἰ
3319 1758 3475 1818 θέλεις
3513 1757 3886 1830 βλασφημῆσαι,

561 1848 712 1901 mias
757 1846 1082 1910 effundere,
1143 1860 1372 1900 venena
1403 1843 1693 1898 conﬁcere
1724 1847 1828 1897 aut
1879 1840 2208 1896 interﬁcere

558 1935 844 2006 aliquem,
883 1950 1060 1989 nemo
1095 1933 1197 1988 tibi
1233 1932 1555 1987 reluctatur
1585 1938 1687 1986 aut
1728 1930 2002 2000 prohibet
2035 1935 2110 1984 te.
2153 1931 2209 1984 Si

560 2024 696 2078 velit
737 2025 893 2094 quis,
950 2039 1178 2078 morem
1211 2023 1360 2092 gerit
1408 2022 1550 2083 Deo,
1583 2025 1638 2075 et
1686 2019 2013 2088 ingreditur
2055 2019 2210 2074 viam

552 2113 810 2182 justitiaa,
841 2130 910 2168 ac
936 2114 1113 2167 vincit
1149 2111 1681 2183 concupiscentias.
1717 2112 1872 2164 Mens
1913 2108 2073 2163 enim
2105 2109 2208 2162 hu-

551 2201 843 2271 jusmodi,
865 2218 1002 2273 quae
1025 2201 1242 2255 resistit
1259 2216 1328 2255 ac
1349 2204 1660 2270 repugnat,
1689 2202 1880 2269 potest
1906 2212 2207 2267 superare,

556 2290 875 2346 obfirmata
914 2291 1166 2354 ratione,
1217 2289 1474 2360 impetus
1518 2288 1795 2343 vitiorum
1828 2291 1884 2342 et
1911 2285 2209 2342 obscenas

558 2380 1106 2450 concupiscentias.

629 2487 803 2542 XXIV.
835 2485 891 2540 Si
924 2485 1084 2540 enim
1109 2484 1167 2538 in
1197 2483 1380 2539 domo
1413 2482 1635 2554 ampla,
1657 2483 1713 2537 iu
1755 2498 1870 2553 qua
1903 2487 2040 2538 sunt
2066 2497 2212 2536 vasa

555 2589 754 2643 aurea,
789 2590 937 2629 auro
969 2579 1140 2636 tecta,
1175 2577 1231 2627 et
1261 2576 1564 2642 argentea,
1589 2571 1729 2626 varii
1764 2571 1998 2640 generis
2042 2571 2212 2625 vesti-

556 2668 777 2727 menta,
805 2679 1019 2717 aurum
1049 2667 1226 2733 atque
1255 2665 1592 2730 argentum,
1616 2660 2024 2714 adolescentes
2055 2660 2212 2730 etju-

555 2751 840 2815 venculaa,
901 2767 1036 2822 quae
1102 2750 1183 2805 ibi
1214 2755 1543 2812 versantur,
1600 2749 1882 2804 cohibent
1940 2749 2211 2804 animum

555 2857 728 2895 suum
763 2841 1066 2912 (quamvis
1101 2845 1314 2894 natura
1345 2844 1587 2909 propter
1615 2838 1964 2893 inhabitans
1997 2853 2206 2909 pecca-

557 2935 680 2985 tum
714 2930 919 2984 omnia
972 2929 1405 3000 cuncupiscat),
1457 2932 1515 2982 et
1544 2929 1686 3000 quia
1743 2931 2014 2982 metuunt
2049 2941 2212 2981 more

551 3017 866 3073 hominum
906 3017 1210 3084 dominos,
1244 3017 1579 3088 reprimunt
1611 3018 1868 3087 impetus
1895 3016 2212 3086 concupis-

2318 1851 2537 1901 ποιῆσαι
2597 1847 2864 1920 φάρμακα,
2919 1852 3010 1899 καὶ
3066 1846 3366 1900 ἀποκτεῖναί
3420 1867 3554 1912 τινα,
3611 1843 3772 1906 οὐδείς
3821 1864 3891 1896 σοι

2321 1931 2604 1986 ἀντίκειται
2657 1937 2685 1994 ἡ
2738 1936 2921 1988 κωλύει
2983 1955 3058 1992 σε.
3119 1937 3180 1990 Εἰ
3236 1937 3364 1990 θέλει
3422 1956 3523 2004 τις,
3571 1937 3889 1988 ὑποτάσσεται

2321 2019 2392 2092 τῷ
2418 2027 2546 2093 Θεῷ,
2587 2029 2676 2076 xui
2711 2021 2940 2077 διοδεύει
2978 2030 3072 2083 τὴν
3124 2022 3247 2078 ὁδὸν
3299 2034 3395 2086 τῆς
3439 2022 3785 2088 δικαιοσύνης,
3815 2027 3890 2074 καὶ

2321 2120 2501 2185 κρατεῖ
2551 2122 2650 2166 τῶν
2711 2114 3016 2186 ἐπιθυμιῶν.
3071 2114 3130 2167 ’0
3189 2118 3287 2189 γὰρ
3341 2123 3458 2176 νοῦς
3515 2115 3652 2174 οὗτος
3707 2113 3889 2165 ἀντίπα·

2321 2199 2405 2261 λός
2460 2202 2618 2267 ἔστιν,
2674 2202 2964 2276 ἐπικρατεῖν
3018 2200 3300 2274 δυνάμενος
3358 2203 3622 2278 ἐρρωμένῳ
3681 2207 3883 2275 λογισμῷ

2321 2293 2413 2352 τὰς
2445 2299 2536 2353 τῆς
2575 2297 2763 2354 κακίας
2793 2295 2958 2364 ὁρμὰς
2988 2297 3077 2345 καὶ
3109 2292 3388 2365 ἐπιθυμίας
3423 2294 3672 2368 αἰσχράς.

2397 2485 2512 2538 ΚΔ¹.
2571 2485 2631 2538 Εἰ
2667 2487 2768 2560 γὰρ
2811 2485 2859 2538 ἐν
2912 2487 3054 2559 οἰκίᾳ
3105 2487 3326 2560 μεγάλῃ,
3371 2489 3504 2540 ὅπου
3557 2487 3667 2539 έστὶ
3706 2489 3888 2558 χρυσώ-

2322 2593 2481 2645 ματα,
2534 2580 2864 2649 χρυσὸφορα,
2907 2580 2991 2627 xui
3041 2575 3420 2651 ἀργυρώματα,
3471 2581 3558 2628 καὶ
3605 2577 3746 2635 έσθὴς
3788 2569 3886 2624 διά-

2322 2681 2495 2734 φορος,
2537 2667 2740 2736 χρυσός
2770 2681 2822 2715 τε
2859 2669 2948 2715 καὶ
2987 2665 3232 2737 ἄργυρος,
3273 2671 3540 2719 νεανίσκοι
3576 2670 3661 2718 καὶ
3695 2658 3888 2720 νεάνιδες

2323 2748 2678 2824 διατρίϐοντες
2707 2754 2945 2824 ἄγχουσι
2971 2756 3055 2804 τὸν
3088 2753 3280 2805 ἑαυτῶν
3307 2762 3428 2806 νοῦν
3453 2776 3466 2788 ο
3510 2755 3553 2807 εἰ
3589 2757 3673 2805 καὶ
3700 2755 3726 2810 ἡ
3760 2754 3887 2823 φύσις

2324 2837 2358 2892 δ
2365 2842 2416 2891 tu
2455 2845 2547 2896 τὴν
2580 2843 2815 2894 σύνοικον
2853 2841 3113 2914 ἁμαρτίαν
3151 2845 3354 2895 πάντων
3390 2846 3664 2915 ἐπιθυμεῖ·
3700 2847 3778 2893 καὶ
3813 2836 3887 2891 διὰ

2323 2932 2410 2980 τὸν
2459 2928 2773 3001 ἀνθρώπινον
2820 2930 2973 3002 φόϐον
3027 2939 3124 2983 τῶν
3180 2929 3475 2998 δεσποτῶν,
3531 2932 3768 3003 ἐπέχουσι
3812 2929 3887 2985 τὰς

2325 3020 2489 3092 ὁρμὰς
2519 3027 2618 3071 τῶν
2658 3018 2941 3091 ἐπιθυμιῶν
2967 3042 2980 3055 ι
3022 3025 3168 3092 πόσῳ
3199 3020 3416 3093 μᾶλλον,
3459 3024 3586 3075 ὅπου
3625 3023 3726 3074 icti
3763 3014 3887 3088 φόϐος

551 3108 758 3162 centiaa
779 3125 791 3162 :
813 3111 1038 3178 quanto
1060 3105 1270 3175 magis,
1296 3106 1397 3160 ubi
1421 3107 1578 3174 viget
1595 3106 1773 3160 timor
1796 3105 1912 3168 Dei,
1937 3100 2207 3159 reluctari

2326 3116 2479 3174 Θεοῦ,
2536 3108 2923 3180 ἀντιμάχεσθαι
2964 3113 3055 3162 καὶ
3105 3108 3470 3182 ἀντιπράττειν
3514 3112 3539 3163 6
3585 3116 3698 3169 νοῦς
3732 3104 3886 3178 ὀφείλει

548 3201 728 3268 atque
758 3195 928 3250 reniti
963 3211 1130 3251 mens
1156 3195 1332 3250 debet
1367 3195 1676 3249 inhaerenti
1712 3195 1988 3263 pravitati
2020 3194 2046 3247 ‘?
2073 3193 2211 3260 Quae

548 3283 706 3338 enim
740 3283 1049 3353 possibilia
1088 3283 1191 3337 tibi
1237 3288 1394 3346 sunt,
1430 3283 1710 3352 praecepit
1745 3285 1918 3336 Deus.
1967 3282 2209 3336 Anima-

545 3369 691 3425 lium
719 3372 964 3440 quidem
992 3371 1222 3424 ratione
1272 3369 1694 3424 destitutorum
1741 3375 1957 3425 natura
2011 3370 2211 3425 vincta

548 3464 654 3520 est,
686 3459 843 3512 velut
874 3465 1087 3511 natura
1128 3459 1420 3526 serpentis
1451 3464 1535 3510 est
1573 3473 1781 3512 amara
1813 3473 1881 3512 ac
1910 3473 2208 3513 venenum

549 3546 852 3599 emittens:
883 3546 1138 3600 universi
1173 3545 1348 3614 igitur
1381 3552 1684 3617 serpentes
1712 3551 1847 3601 sunt
1877 3547 2196 3616 ejusmodi.

548 3634 745 3704 Lupus
771 3649 958 3705 rapax
980 3650 1107 3688 esse
1139 3635 1485 3689 consuevit:
1515 3650 1726 3690 omnes
1748 3651 1888 3704 ergo
1921 3635 2041 3706 lupi
2067 3640 2206 3690 sunt

548 3723 818 3793 ejusdem
844 3729 1090 3778 naturai.
1116 3725 1340 3793 Agnus,
1369 3723 1470 3793 qui
1497 3723 1746 3794 simplex
1769 3729 1872 3787 est,
1907 3725 2208 3780 obnoxius

546 3819 633 3867 est
653 3813 876 3884 rapinae
902 3830 914 3867 :
943 3828 1154 3867 omnes
1176 3828 1317 3881 ergo
1339 3814 1477 3882 agni
1497 3821 1634 3868 sunt
1657 3813 1923 3884 ejusdem
1954 3820 2192 3870 naturae.

545 3901 834 3958 Columba
861 3902 1112 3973 simplex
1144 3909 1226 3957 est
1260 3919 1330 3956 ac
1354 3903 1581 3957 sincera
1619 3920 1630 3956 :
1668 3918 1886 3958 omnes
1937 3919 2080 3971 ergo
2111 3921 2208 3959 co-

541 3991 760 4046 lumbae
785 3998 923 4047 sunt
945 3993 1214 4062 ejusdem
1244 4000 1492 4047 naturae.
1513 3992 1702 4046 Homo
1729 4009 1868 4047 vero
1895 4008 2014 4048 non
2041 3994 2121 4050 ita
2147 4009 2210 4048 se

545 4081 745 4136 habet.
788 4081 1042 4148 Quidam
1075 4081 1236 4136 enim
1283 4086 1368 4135 est
1401 4081 1575 4151 lupus
1628 4097 1836 4152 rapax,
1872 4087 1923 4135 et
1955 4082 2210 4153 quidam

547 4169 703 4223 velut
734 4185 924 4238 agnus
957 4170 1185 4240 rapinae
1215 4174 1393 4237 patet,
1425 4176 1480 4224 et
1504 4186 1574 4224 ex
1603 4170 1818 4224 eodem
1851 4185 2067 4238 genere
2098 4171 2209 4226 hu-

552 4271 733 4310 mano
768 4263 1084 4328 utrumque
1112 4257 1322 4312 oritur.

620 4360 790 4414 XXV.
827 4364 924 4416 Est
957 4362 1059 4431 qui
1093 4378 1212 4417 non
1245 4369 1560 4418 contentus
1592 4379 1772 4419 uxore
1813 4380 1941 4429 sua,
1985 4371 2207 4423 scorta-

547 4453 796 4503 turzest
843 4464 1085 4519 quoque
1140 4449 1314 4514 alius,
1369 4451 1472 4520 qui
1523 4466 1594 4505 ne
1650 4452 2199 4523 concupiscentiam

546 4537 793 4608 quidem
847 4538 903 4590 in
954 4537 1133 4592 corde
1187 4554 1295 4594 suo
1327 4539 1570 4594 excitari
1603 4542 1903 4610 permittit.
1961 4546 2059 4598 Est
2098 4547 2200 4616 qui

545 4625 706 4680 bona
732 4625 987 4696 proximi
1009 4626 1211 4697 diripit
1234 4649 1243 4680 :
1270 4635 1359 4682 est
1380 4644 1620 4700 quoque
1648 4629 1818 4694 alius,
1843 4634 1944 4703 qui
1973 4634 2211 4703 pietatis

545 4715 706 4770 cultu
738 4720 960 4781 motus,
997 4733 1107 4772 sua
1131 4716 1291 4773 bona
1319 4717 1632 4773 distribuit.
1669 4719 1840 4774 Vides
1872 4737 2054 4791 quam
2087 4741 2211 4779 mu-

544 4803 738 4860 tabilis
774 4805 848 4858 sit
880 4804 1011 4876 ipsa
1053 4811 1293 4871 natura,
1331 4813 1453 4863 tam
1501 4811 1578 4863 ad
1612 4809 1752 4865 vitia
1798 4813 2207 4882 propendens,

541 4909 729 4964 quam
747 4910 778 4950 e
803 4895 1039 4950 diverso
1059 4895 1135 4951 ad
1160 4896 1516 4962 honestum;
1545 4905 1598 4952 et
1622 4900 1954 4954 secundum
1988 4907 2210 4958 utram-

541 4999 658 5053 que
709 4983 1134 5053 proprietatem
1184 4991 1320 5056 apta
1351 4985 1650 5042 declinare
1695 4987 1770 5042 ad
1817 5005 2211 5060 quascunque

540 5071 775 5126 libuerit
805 5073 1086 5127 actiones.
1113 5075 1312 5142 Capax
1344 5075 1520 5143 igitur
1541 5083 1625 5131 est
1655 5082 1868 5132 natura
1899 5084 2027 5134 tum
2062 5079 2208 5135 boni

542 5165 665 5216 tum
700 5161 859 5224 mali,
897 5162 1022 5216 sive
1053 5163 1270 5217 divinas
1296 5163 1523 5231 gratiae,
1558 5166 1679 5219 sive
1713 5166 2072 5224 adversariae
2108 5182 2210 5240 po'

540 5250 796 5305 testatis:
833 5252 1164 5307 necessitati
1191 5256 1386 5306 tamen
1419 5253 1630 5323 subjici
1662 5257 1901 5327 nequit;
1931 5259 2208 5330 quando-

539 5339 781 5410 quidem
835 5339 912 5395 ab
947 5341 1110 5394 initio
1148 5340 1338 5396 Adam
1375 5341 1433 5396 in
1469 5344 1722 5414 puritate
1779 5362 1916 5401 cum
1955 5347 2197 5413 viveret,

550 5428 978 5484 dominabatur
1026 5429 1487 5501 cogitationibus
1528 5433 1648 5486 suis
1687 5451 1698 5500 ;
1735 5450 1941 5490 verum
1974 5451 2041 5491 ex
2076 5453 2198 5509 quo

621 5646 666 5678 θ’
694 5643 840 5698 Psal.
879 5661 1064 5708 xxxw,
1092 5647 1151 5701 8.

2324 3205 2385 3267 τῇ
2423 3201 2651 3270 συνούσῃ
2685 3202 2872 3270 κακίᾳ;
2921 3201 2998 3250 Τὰ
3048 3202 3149 3273 γὰρ
3185 3195 3386 3252 δυνατά
3420 3219 3506 3253 σοι
3547 3195 3826 3275 προσέταξεν
3867 3193 3885 3242 ὁ

2323 3291 2470 3348 Θεός.
2533 3286 2590 3338 Ἠ
2649 3290 2736 3358 μεν
2795 3283 2883 3338 οὖν
2951 3295 3050 3339 τῶν
3118 3287 3314 3359 ἀλόγων
3387 3290 3533 3350 ζώων
3585 3291 3726 3360 φύσις
3782 3280 3884 3337 δετὴ

2321 3372 2475 3441 ἐστιν,
2521 3375 2626 3425 οἷον
2679 3378 2707 3433 ἡ
2763 3383 2852 3428 τοῦ
2897 3379 3053 3448 ὄφεως
3095 3379 3246 3449 φύσις
3286 3381 3457 3450 πικρά
3494 3381 3604 3430 εστι
3647 3379 3730 3427 καὶ
3779 3369 3889 3424 ἰοϐό-

2320 3461 2399 3521 λος
2424 3483 2435 3494 ⁶
2484 3462 2590 3514 ὅλοι
2620 3459 2707 3514 οὖν
2754 3467 2802 3516 oi
2841 3469 2978 3537 ὄφεις
3008 3471 3237 3518 τοιοῦτοί
3286 3466 3443 3522 εἰσιν.
3473 3467 3530 3519 Ὁ
3572 3467 3716 3526 λύκος
3751 3463 3890 3534 ἀρπά·

2321 3551 2427 3610 ζειν
2479 3553 2648 3604 εἴωθεν
2677 3574 2688 3585 ·
2732 3553 2841 3605 ὅλοι
2893 3556 2941 3606 οἰ
2991 3555 3137 3607 λύκοι
3186 3564 3276 3616 τῆς
3325 3557 3496 3619 αὐτῆς
3549 3556 3648 3609 εἱσι
3697 3556 3885 3625 φύσεως.

2318 3643 2387 3692 T6
2442 3639 2612 3714 ἀρνίον
2657 3640 2828 3714 ἀφελές
2883 3647 2936 3695 ὅν
2986 3643 3273 3716 ἀρπάζεται
3303 3661 3314 3674 ⁸
3372 3647 3469 3698 ὅλα
3521 3647 3584 3698 τά
3637 3643 3774 3717 ἀρνία
3817 3647 3890 3696 τῆς

2321 3729 2481 3791 αὐτῆς
2538 3730 2640 3782 εἰσι
2699 3735 2917 3803 φύσεως.
2977 3733 3033 3785 Ἦ
3087 3737 3374 3806 περιστερά
3429 3732 3614 3796 ἄδολός
3668 3735 3772 3785 ἔστι
3811 3731 3886 3779 καὶ

2321 3817 2595 3893 ἀκέραιος·
2653 3820 2765 3872 ὅλαι
2823 3823 2877 3873 ui
2937 3828 3240 3898 περιστεραὶ
3306 3832 3405 3885 τῆς
3462 3825 3624 3885 αὐτῆς
3673 3821 3766 3874 εἰσι
3815 3818 3891 3888 71'3-

2323 3927 2470 3970 σεως.
2505 3908 2561 3960 Ὀ
2611 3905 2668 3962 δὲ
2709 3912 2978 3983 ἄνθρωπον
3029 3911 3132 3984 οὐχ
3167 3913 3328 3973 οὕτως
3376 3916 3535 3966 ἐστίν.
3584 3912 3665 3973 Εἰς
3693 3910 3819 3963 ἔστιν
3867 3905 3886 3954 ὁ

2320 3996 2476 4057 λύκος
2531 3998 2798 4072 ἁρπάξων,
2857 4005 2944 4052 καὶ
3019 4002 3084 4061 εἷς
3138 4000 3278 4054 ἐστιν
3342 4005 3413 4065 ὡς
3473 4001 3640 4074 ἀρνίον
3690 3995 3889 4072 ἁρπαξὸο

2320 4105 2507 4156 μενος·
2568 4086 2622 4138 ix
2678 4097 2765 4140 τοῦ
2817 4093 2997 4160 γένους
3055 4098 3149 4151 τῆς
3203 4090 3608 4165 ἀνθρωπότητος
3658 4090 3888 4161 ἀμφότερα

2319 4195 2436 4246 γένη
2449 4195 2611 4228 σεται.

2395 4371 2514 4423 RE“
2571 4373 2718 4426 Ἐστι
2774 4393 2847 4435 τις
2905 4380 2975 4447 μὴ
3029 4375 3339 4449 ἀρκούμενος
3397 4385 3460 4450 τῇ
3526 4372 3635 4448 ἰδίᾳ
3685 4373 3886 4446 γυναικὶ,

2244 4490 2287 4543 D
2322 4458 2446 4510 ἀλλὰ
2488 4465 2578 4512 καὶ
2621 4466 2912 4534 πορνεύων·
2967 4469 3055 4517 καὶ
3099 4467 3238 4517 ἔστιν
3291 4465 3462 4534 ἄλλος,
3515 4468 3654 4525 ὅστις
3703 4461 3785 4514 οὐκ
3840 4455 3888 4524 ἔᾷ

2321 4545 2442 4600 οὐδε
2499 4552 2775 4623 ἐπιθυμίαν
2851 4552 3072 4606 ἀνελθεῖν
3131 4553 3215 4606 ἐπὶ
3283 4559 3377 4612 τὴν
3455 4550 3674 4629 καρδίαν
3731 4548 3884 4602 αὑτοῦ.

2321 4636 2474 4689 Ἐστι
2522 4658 2598 4699 τις
2646 4637 2952 4714 διαρπάζων
2981 4646 3045 4694 τά
3100 4651 3190 4695 τοῦ
3221 4643 3478 4702 πλησίον
3527 4648 3612 4695 καὶ
3660 4645 3786 4693 ἔστιν
3813 4634 3886 4686 ἆλ-

2321 4725 2401 4785 λος
2429 4723 2520 4778 διὰ
2570 4729 2854 4782 θεοσέϐειαν
2884 4737 2973 4784 καὶ
3026 4735 3091 4784 τὰ
3135 4730 3251 4785 ἴδια
3281 4730 3588 4797 διαδιδούς.
3627 4731 3769 4805 Ὁρᾷς
3795 4731 3884 4781 πῶς

2323 4822 2510 4886 τρεπτὴ
2547 4816 2683 4870 ἐστιν
2729 4819 2857 4878 αὐτὴ
2893 4823 2920 4879 ἠ
2973 4825 3158 4893 φύσις·
3209 4826 3350 4876 ἔστιν
3397 4823 3480 4876 έπὶ
3529 4826 3585 4874 τὸ
3631 4822 3775 4872 κακὸν
3820 4815 3887 4887 ῥέ-

2322 4924 2515 4969 πουσα,
2547 4913 2635 4959 καὶ
2685 4910 2821 4960 ἔστιν
2853 4913 2936 4962 ἐπὶ
2995 4914 3051 4961 τὸ
3090 4910 3244 4963 καλὸν
3291 4908 3444 4973 αὖθις
3478 4929 3489 4941 '
3534 4916 3619 4963 xui
3652 4906 3718 4961 δι’
3746 4905 3886 4976 ἀμφο·

2321 4998 2475 5066 "iam"
2539 4994 2846 5058 επιτηδειως
2921 5001 3030 5070 ἔχει
3107 5008 3286 5052 νεῦσαι
3364 5005 3489 5075 πρὸς
3546 5001 3604 5062 οἷς
3677 4994 3885 5070 βούλεται

2321 5083 2530 5153 πράξεις
2556 5101 2567 5113 ’
2625 5082 2838 5144 δεκτικὴ
2869 5084 2955 5139 οὖν
3008 5090 3036 5145 ἠ
3071 5093 3346 5160 φύσιςτοῦ
3399 5090 3558 5142 καλοῦ
3605 5107 3655 5140 τε
3680 5089 3760 5136 καὶ
3810 5083 3885 5130 τοῦ

2320 5179 2501 5235 κακοῦ,
2555 5174 2671 5230 ἡτοι
2719 5177 2856 5238 θείας
2911 5180 3153 5250 χάριτος,
3197 5183 3311 5236 ἦτοι
3357 5183 3583 5238 ἓναντίας
3626 5174 3881 5244 δυνάμεως,

2320 5259 2426 5312 ἀλλ’
2453 5262 2546 5312 οὐχ
2578 5261 2932 5334 ἀναγκαστική
2965 5285 2976 5297 ο
3011 5265 3190 5325 έπειδὴ
3233 5272 3290 5320 τὸ
3329 5273 3452 5340 πρὶν
3484 5268 3637 5327 αύτός
3680 5266 3703 5314 6
3733 5257 3884 5325 Ἀδὰμ

2317 5353 2364 5401 ὲν
2412 5353 2728 5426 καθαρότητι
2794 5358 2881 5422 ῶν,
2942 5354 3206 5409 ἐϐασίλευε
3252 5364 3349 5408 τῶν
3403 5357 3661 5428 λογισμῶν
3711 5353 3881 5404 αύτοῦο

2316 5437 2397 5510 ἀφ’
2455 5441 2514 5491 οὗ
2575 5438 2631 5493 δὲ
2688 5442 2885 5516 παρέϐη
2946 5449 3040 5502 τὴν
3101 5445 3324 5514 ἐντολὴν,
3386 5451 3480 5518 ὅρη
3537 5442 3882 5497 δυσϐάστακτα
