4034 6202
183 267 276 323 593

1432 254 1775 314 HOMILIE.
1817 286 1885 298 -—
1922 254 2097 311 HOM.
2138 252 2262 311 XV.

3405 251 3514 308 594

177 390 413 444 ἕπίιιειτάι
439 397 506 461 τῷ
549 397 620 462 νῷ
668 391 851 445 αὐτοῦ.
894 394 995 446 Καὶ
1045 391 1095 443 οἱ
1130 396 1222 449 τῆς
1267 389 1452 447 κακίας
1507 384 1756 458 λογισμοὶ

1883 398 2275 454 ransgressus
2287 382 2764 449 estmandatum,
2779 379 3116 453 gravissimi
3136 383 3369 437 montes
3384 379 3435 450 ej
3445 394 3515 434 us

178 484 548 554 παραμιγέντες,
582 480 692 534 ὅλοι
739 484 805 544 ὡς
838 478 969 534 ἴδιοι
998 479 1159 532 αὐτοῦ
1209 476 1457 548 ἐγένοντο,
1488 480 1578 527 καὶ
1632 470 1755 527 οὐδὲ

179 566 235 628 εἷς
283 568 440 621 αύτοῦ
487 565 625 632 ἴδιός
683 568 849 637 ἔστιν,
899 566 1081 628 έπειδὴ
1134 570 1451 639 κατέχονται
1515 566 1615 617 ὑπὸ
1666 570 1757 623 τῆς

178 662 371 720 κακίας.

241 782 354 848 Kc".
422 787 616 837 Λοιπὸν
667 783 878 856 ὀφείλεις
933 786 1189 845 ζητῆσαι’
1214 781 1428 854 λύχνον,
1488 780 1570 832 ἱνα
1615 776 1749 850 ἁφθῇ

180 876 256 925 καὶ
283 876 435 948 εὕρῃς
473 876 593 936 τοὺς
624 876 888 947 καθαροὺς
934 874 1238 945 λογισμούς.
1286 870 1447 924 Οὗτοι
1498 872 1601 941 γὰρ
1625 867 1756 921 εἰσιν

180 964 474 1033 οἱφυσικοὶ,
522 962 612 1024 οὓς
654 963 896 1022 ἐποίησεν
941 965 967 1014 6
1018 964 1225 1037 Κύριος.
1283 961 1349 1012 Oi.
1388 958 1758 1032 ἀνατραφέντες

182 1049 243 1112 ιίς
281 1051 569 1118 θάλασσαν,
632 1054 819 1125 ἔμαθον
902 1050 1185 1124 κολυμϐᾷν,
1267 1054 1357 1102 καὶ
1404 1047 1527 1101 ὃταν
1572 1046 1758 1099 ἕπανα-

182 1148 329 1191 στῶσι
388 1138 646 1202 κλύδωνες
687 1146 778 1194 καὶ
835 1144 1065 1214 κύματα,
1119 1140 1178 1193 ού
1222 1139 1529 1203 ξενίζονται.
1576 1137 1759 1196 Οὕτως

180 1228 294 1280 ιὶσὶν
347 1231 396 1281 οἱ
435 1234 774 1302 Χριστιανοί.
822 1230 1022 1305 Ὠσπερ
1072 1237 1189 1292 νοῦς
1242 1235 1469 1302 τριετοῦς
1533 1222 1756 1279 παιδίου

180 1318 228 1369 οὐ
257 1313 473 1371 δύναται
511 1328 768 1395 χωρῆσαι
822 1321 851 1379 ἣ
893 1318 1201 1373 καταλαϐεῖν
1256 1326 1374 1371 νοῦν
1419 1317 1612 1371 τελείου
1669 1335 1762 1368 σο-

180 1414 367 1477 γιστοῦ,
414 1405 702 1482 έπειδήπερ
753 1408 801 1462 ἄν
842 1414 987 1483 μέσῳ
1029 1410 1262 1484 παρῆλθε
1302 1407 1462 1470 πολύς
1518 1426 1597 1469 τις
1625 1410 1761 1481 χρό-

175 1512 277 1556 νος⁶
324 1496 461 1548 ούτω
520 1503 609 1550 καὶ
657 1501 706 1552 οἱ
763 1503 1077 1573 Χριστιανοὶ
1134 1502 1199 1559 ὡς
1255 1496 1422 1572 βρέφη
1460 1500 1624 1555 νήπια
1674 1499 1760 1547 τὸν

175 1589 354 1657 κόσμον
408 1595 782 1661 κατανοοῦσιν,
841 1587 1130 1662 ἀφορῶντες
1186 1588 1253 1648 εἰς
1304 1590 1363 1639 τὸ
1431 1589 1616 1660 μέτρον
1667 1592 1761 1647 τῆς

176 1676 413 1749 χάριτος’
466 1677 603 1740 ξένοι
640 1680 742 1750 γάρ
792 1682 894 1731 εἱσι
944 1685 1034 1732 τοῦ
1086 1678 1268 1740 αἰῶνος
1318 1679 1529 1733 τούτου.
1580 1675 1639 1728 Ἠ
1702 1668 1760 1727 δῖ

178 1763 311 1826 πόλις
346 1764 521 1818 αὐτῶν
570 1771 659 1820 καὶ
715 1769 746 1826 ἠ
811 1766 1107 1828 ἀνάπαυσις
1156 1766 1283 1825 ἄλλη
1328 1765 1470 1819 έστίν
1499 1785 1511 1797 ·
1573 1768 1763 1837 ἔχουσι

177 1854 264 1926 γὰρ
310 1856 356 1905 οἱ
406 1860 726 1930 Χριστιανοὶ
774 1861 868 1916 τὴν
932 1857 1263 1929 παράκλησιν
1312 1863 1403 1909 τοῦ
1445 1857 1762 1927 ῐινεύματος,

1793 1737 1833 1791 Β

180 1939 388 2017 δάκρυα,
442 1950 542 2008 καὶ
592 1948 795 2013 πένθος,
853 1952 942 2000 καὶ
999 1949 1305 2019 στεναγμὸν,
1366 1950 1456 1999 καὶ
1509 1945 1644 1997 αύτὰ
1699 1946 1766 1997 τὰ

179 2026 370 2103 δάκρυα
426 2039 601 2106 τρυφὴ
666 2035 840 2096 αὐτοῖς
898 2034 1058 2091 ἔστιν.
1124 2034 1354 2108 Ἐχουσι
1384 2031 1443 2087 δι
1489 2039 1579 2086 καὶ
1609 2032 1763 2107 φόϐον

178 2119 219 2171 ἐν
256 2129 401 2197 χαρᾷ
446 2129 544 2175 καὶ
597 2122 903 2197 ἀγαλλιάσει
938 2142 951 2155 ⁸
1006 2129 1097 2178 καὶ
1160 2125 1326 2187 οὕτως
1380 2124 1509 2177 εἰσὶν
1553 2127 1617 2185 ὡς
1672 2124 1765 2175 ἄν-

180 2210 355 2283 θρωποι
404 2209 769 2285 βαστάζοντες
827 2214 898 2275 εἰς
946 2216 1034 2276 τὰς
1088 2222 1274 2288 χεῖρας
1322 2216 1491 2266 αὐτῶν
1530 2216 1587 2265 τὸ
1633 2212 1765 2285 αἷμα

178 2299 349 2369 αὐτῶν,
406 2306 483 2375 μὴ
543 2301 849 2378 θαρροῦντες
898 2303 1117 2371 ἑαυτοῖς,
1167 2308 1197 2363 ἥ
1239 2303 1465 2376 οἰομενοί
1512 2322 1563 2355 τι
1610 2300 1761 2367 εἶναι,

179 2387 271 2439 ἀλλ’
348 2394 493 2454 ὄντες
563 2389 981 2466 ἐξουδενούμενοι
1058 2399 1149 2447 καὶ
1215 2388 1764 2466 ἀποδεδοκιμασμένοι

177 2480 303 2550 παρά
321 2480 527 2543 πάντας
551 2480 874 2557 ἀνθρώπους.

239 2603 351 2659 KZ'.
427 2604 636 2680 Ὠσπερ
707 2606 792 2659 ἐὰν
959 2607 1225 2681 βασιλεὺς,
1270 2614 1359 2662 καὶ
1405 2615 1606 2680 πτωχῷ
1662 2626 1765 2659 τινι

176 2696 465 2764 παράθηται
522 2699 606 2747 τὸν
658 2695 842 2749 ἑαυτοῦ
893 2699 1179 2772 θησαυρὸν,
1229 2700 1255 2750 6
1313 2697 1625 2773 παραλαϐὼν
1674 2720 1764 2771 pu-

179 2777 335 2846 λάξαι,
364 2783 464 2835 ούκ
515 2785 626 2855 ἔχει
679 2784 837 2838 αὐτὸν
888 2788 953 2847 ὡς
1001 2783 1162 2853 ἴδιον,
1208 2785 1315 2839 ἀλλ’
1365 2787 1605 2859 ὁμολογεῖ
1635 2790 1765 2841 πάν-

178 2888 279 2923 τοτε
326 2876 421 2931 τήν
475 2879 748 2945 πτωχείαν
801 2875 983 2942 αὐτοῦ,
1026 2880 1098 2949 μὴ
1140 2876 1339 2949 τολμῶν
1378 2873 1766 2953 διασκορπίσαι

180 2961 228 3010 ἐκ
275 2968 360 3013 τοῦ
397 2961 677 3034 ἀλλοτρίου
741 2965 1049 3039 θησαυροῦ·
1117 2974 1270 3018 τοῦτο
1316 2968 1418 3039 γὰρ
1472 2966 1767 3040 ἐνθυμεῖται

178 3049 401 3148 πάντοτε,
452 3053 523 3148 (ἐς
562 3051 620 3103 ού
675 3056 829 3125 μόνον
885 3051 1153 3127 ἀλλότριος
1202 3054 1342 3107 ἐστιν
1404 3057 1429 3107 6
1481 3059 1764 3132 θησαυρὸς,
1799 3090 1841 3148 C

181 3136 293 3190 ἀλλά
336 3144 427 3191 καὶ
459 3137 716 3212 βασιλεὺς
745 3137 1014 3205 δυνάστης
1064 3146 1311 3218 παρέθετό
1335 3163 1424 3217 μοι
1465 3144 1640 3212 αὐτὸν,
1674 3150 1765 3198 καὶ

179 3224 285 3279 ὅταν
338 3227 456 3300 θέλῃ
513 3228 763 3303 λαμϐάνει
812 3230 968 3283 αὐτὸν
1016 3231 1105 3285 ἀπ’
1153 3235 1278 3305 ὶμοῦ
1314 3251 1325 3263 ·
1359 3233 1522 3295 οὓτως
1553 3233 1767 3298 ἑαυτούς

178 3313 458 3387 ὀφείλουσιν
513 3319 760 3389 ἡγεῖσθαι
823 3323 914 3373 καὶ
970 3323 1018 3374 ei
1075 3323 1275 3394 ἔχοντες
1328 3327 1422 3381 τὴν
1469 3325 1631 3397 χάριν
1674 3331 1767 3377 τοῦ

180 3410 317 3471 Θεοῦ,
404 3415 822 3481 ταπεινοφρονεὶν
876 3414 964 3463 καὶ
1027 3411 1290 3485 ὁμολογεῖν
1355 3418 1448 3473 τὴν
1500 3419 1767 3485 πτωχείαν

179 3494 350 3551 αὐτῶν,
381 3496 589 3572 Α(ισππερ
647 3499 746 3573 γὰρ
784 3500 809 3550 6
860 3503 1073 3572 πτωχὸς
1128 3502 1154 3553 6
1191 3500 1358 3554 λαϐὼν
1407 3507 1494 3561 τὴν
1525 3505 1770 3576 παραθή-

177 3601 261 3640 κην
294 3592 384 3637 τοῦ
411 3588 690 3661 θησαυροῦ
722 3589 867 3659 παρὰ
914 3596 1005 3641 τοῦ
1060 3588 1340 3662 βασιλέως,
1374 3590 1459 3644 ἐὰν
1510 3595 1771 3656 πεποιθὼς

179 3672 252 3723 ἐπὶ
278 3681 347 3744 τῷ
406 3674 665 3749 ἀλλοτρίῳ
729 3677 1000 3750 θησαυρῷ,
1040 3681 1105 3739 ὡς
1164 3676 1285 3752 ἰδίῳ
1312 3680 1518 3753 πλούτῳ
1547 3680 1769 3755 ἐπαρθῇ,

178 3766 254 3856 και
298 3766 457 3837 τύφον
513 3763 644 3839 λάϐῃ
700 3767 730 3824 ἠ
781 3764 982 3840 καρδία
1044 3768 1227 3835 αὐτοῦ,
1291 3772 1426 3842 αἴρει
1482 3771 1571 3823 ἀπ’
1612 3772 1771 3824 αύτοῦ

179 3848 472 3921 ὀβασιλεύς
503 3856 587 3905 τὸν
629 3856 893 3929 θησαυρὸν
944 3856 1127 3926 αύτοῦ,
1158 3862 1248 3910 καὶ
1277 3863 1414 3929 μένει
1460 3861 1486 3911 6
1527 3858 1772 3931 ἐσχηκὼς

181 3938 318 3992 αὐτόν
356 3944 406 3994 ἒν
468 3946 914 4018 παρακαταθήκη,
957 3942 1063 4009 οἷος
1120 3943 1180 4006 ἦν
1246 3950 1345 4021 πρὸ
1400 3950 1585 4000 τούτου
1644 3968 1775 4001 πτω-

180 4032 264 4099 χός
292 4044 306 4059 ⁸
336 4032 509 4095 οὕτως
536 4038 627 4086 καὶ
666 4034 714 4085 οἱ
763 4036 971 4106 ἔχοντες
1012 4040 1107 4095 τὴν
1145 4039 1324 4111 χάριν,
1384 4036 1467 4089 έὰν
1506 4039 1775 4112 ἱπαρθῶσι

186 4121 262 4169 καὶ
302 4123 461 4193 τύφον
510 4120 739 4175 λάϐωσιν
792 4126 845 4175 αἱ
900 4122 1121 4201 κάρδιαι
1150 4126 1339 4192 αὐτῶν,
1393 4130 1529 4199 αἴρει
1558 4125 1649 4179 ἀπ’
1674 4126 1773 4180 αύ-

182 4214 267 4258 τῶν
296 4209 321 4260 6
366 4211 568 4285 Κύριος
610 4216 704 4271 τὴν
731 4214 895 4287 χάριν
935 4213 1115 4280 αὐτοῦ,
1153 4219 1242 4268 καὶ
1280 4220 1495 4287 μένουσι
1524 4223 1771 4289 τοιοῦτοι,

186 4296 270 4348 οἷοι
319 4295 458 4357 ἦσαν
504 4302 607 4373 πρὸ
650 4308 740 4354 τοῦ
792 4301 962 4356 λαϐεῖν
1020 4307 1107 4362 τὴν
1142 4306 1304 4379 χάριν
1352 4307 1497 4381 παρά
1552 4312 1644 4358 τοῦ
1677 4312 1777 4360 Κυ-

188 4389 311 4457 ρίου.

248 4513 371 4567 KH'.
424 4513 589 4568 Ἀλλὰ
644 4515 820 4569 πολλοὶ
872 4522 1045 4571 καίτοι
1095 4521 1355 4581 συνούσης
1401 4526 1495 4582 τῆς
1534 4521 1776 4595 χάριτος,

184 4600 509 4703 ξλεπτόμενοι
559 4606 659 4658 ύπό
698 4615 793 4668 τῆς
841 4606 1095 4682 ἁμαρτίας
1147 4608 1241 4661 οῦκ
1292 4606 1523 4662 οἴδασιν.
1574 4610 1774 4684 Ὠσπερ

191 4693 265 4743 ἐὰν
354 4698 579 4769 νεωτέρα
605 4693 653 4747 ἐν
684 4699 809 4768 οἴκῳ
838 4703 961 4765 τινὶ,
1006 4700 1194 4770 ὁμοίως
1244 4705 1334 4752 καὶ
1371 4705 1613 4773 νεώτερος
1646 4718 1658 4730 ’
1687 4706 1777 4753 καί

185 4777 349 4835 λοιπὸν
399 4783 780 4857 κολακευομένη
822 4786 909 4838 ὑπ’
939 4785 1132 4839 έκείνου
1164 4787 1293 4846 αῦτη
1328 4790 1584 4847 συνθῆται
1615 4788 1774 4859 αύτῷ,

185 4878 457 4943 μοιχᾶται,
491 4878 581 4926 καὶ
612 4872 903 4938 ἀπόϐλητος
946 4881 1148 4948 γίνεται
1181 4894 1193 4908 ⁶
1255 4877 1389 4929 οὕτω
1427 4882 1516 4930 καὶ
1544 4880 1569 4930 6
1611 4874 1779 4940 δεινὸς

189 4960 291 5029 ὄφις
328 4970 426 5024 τῆς
455 4961 714 5038 ἁμαρτίας
761 4966 973 5017 σύνεστι
1020 4972 1081 5038 τῇ
1135 4965 1292 5039 ψυχῇ
1322 4967 1660 5042 γαργαρίζων
1688 4973 1779 5020 καὶ

186 5055 581 5123 προτρεπόμενος
610 5074 623 5086 ·
685 5057 777 5105 καὶ
833 5051 916 5105 ἐὰν
958 5056 1235 5124 συνθῆται,
1294 5062 1524 5108 κοινωνεί
1561 5057 1591 5114 ἠ
1644 5054 1780 5107 ἀσώ-

184 5154 339 5239 ματος
384 5139 543 5213 ψυχὴ
578 5148 641 5214 τῇ
676 5140 940 5214 ἀσωμάτῳ
971 5148 1133 5215 κακίᾳ
1165 5152 1257 5197 τοῦ
1286 5148 1593 5216 πνεύματος,
1627 5163 1781 5196 τουτ-

187 5232 310 5293 έστι,
340 5237 546 5302 πνεῦμα
582 5233 839 5303 πνεύματι
875 5240 1128 5298 κοινωνεῖ,
1177 5238 1267 5286 καὶ
1323 5236 1566 5306 μοιχεύει
1619 5232 1666 5284 ἓν
1714 5240 1776 5304 τῇ

187 5312 374 5391 καρδία
403 5319 565 5372 αὐτοῦ
622 5322 648 5373 6
690 5323 1047 5394 συντιθέμενος
1074 5327 1162 5375 καί
1214 5319 1640 5395 καταδεχόμενος
1693 5324 1781 5374 τὸν

188 5401 430 5477 λογισμὸν
461 5416 550 5461 τοῦ
579 5417 830 5485 πονηροῦ.
863 5414 933 5462 Τὸ
972 5407 1061 5462 οὖν
1088 5414 1272 5486 μέτρον
1319 5419 1412 5464 τοῦ
1456 5410 1651 5483 ἀγῶνός
1685 5429 1780 5463 σου

190 5498 333 5597 τοῦτο
362 5499 523 5565 εστιν,
566 5499 649 5551 ἱνα
698 5503 769 5572 μὴ
821 5502 1118 5573 μοιχεύσῃς
1148 5499 1197 5552 έν
1225 5507 1331 5561 τοῖς
1359 5500 1633 5573 λογισμοῖς
1673 5498 1778 5551 ἀλλ’

194 5589 269 5634 ἱνα
290 5589 538 5659 ἀντιοτῇς
572 5594 643 5659 τῷ
692 5596 783 5660 νῷ,
815 5593 907 5641 καὶ
964 5591 1152 5643 ἔσωθεν
1185 5595 1414 5663 ποιήσῃς
1441 5589 1660 5662 πόλεμον
1690 5594 1780 5642 καὶ

194 5670 381 5743 ἀγῶνα,
408 5679 591 5750 καὶμὴ
645 5678 975 5752 ὑπακούσῃς,
1013 5675 1153 5752 μηδὲ
1209 5675 1536 5752 συνηδυνθῇς
1584 5686 1645 5752 τῇ
1684 5698 1779 5731 κα⁶

1866 472 2456 528 incumbuntanimo.
2475 476 2759 543 Acpravaa
2786 472 3174 542 cogitationes
3192 469 3514 543 permistm,

1830 569 1834 574 '
1866 561 2115 617 omnino
2144 560 2315 617 facta:
2349 567 2485 616 sunt
2520 560 2676 616 velut
2706 562 2834 631 ejus
2860 560 3139 632 propriae,
3177 575 3285 614 nec
3318 563 3519 614 tamen

1867 649 1987 705 ulla
2036 650 2221 721 ipsius
2252 651 2494 722 propria
2525 656 2629 715 est,
2665 649 2805 721 quia
2845 648 3231 721 possidentur
3274 664 3309 703 a
3340 645 3518 702 vitiis.

1941 778 2117 834 XXVI.
2168 777 2357 834 Debes
2387 778 2565 848 igitur
2601 794 2866 850 quaerere
2894 776 3222 842 lucernam,
3272 790 3395 848 qua
3424 790 3520 831 ac-

1867 883 2047 924 censa
2075 867 2334 938 reperias
2366 882 2549 938 puras
2580 866 2991 936 cogitationes.
3036 866 3151 921 [lite
3191 864 3352 920 enim
3382 866 3522 919 sunt

1867 956 2191 1023 naturales,
2219 972 2373 1029 quas
2404 955 2539 1011 fecit
2568 956 2851 1011 Dominus
2880 972 2893 1019 ;
2923 970 3057 1027 quae
3088 953 3335 1026 quidem
3372 968 3520 1008 enu-

1869 1046 2017 1102 tritm
2047 1046 2106 1101 in
2151 1046 2302 1101 mari
2332 1045 2667 1100 didicerunt
2712 1047 2919 1099 natare
2966 1060 2976 1096 :
3021 1059 3149 1107 nec,
3197 1042 3244 1096 si
3271 1040 3517 1113 quando

1868 1134 2303 1191 assurrexerint
2341 1138 2725 1206 tempestates
2768 1148 2838 1188 ac
2877 1131 3115 1196 ﬂuctus,
3149 1134 3519 1200 stupescunt.

1873 1224 2083 1297 Sicque
2101 1230 2237 1280 sunt
2258 1224 2596 1280 Christiani.
2625 1222 2980 1277 Velutmens
2999 1219 3166 1291 pueri
3186 1218 3360 1282 trimi,
3385 1233 3521 1289 qua:

1870 1330 1993 1370 non
2041 1319 2232 1385 potest
2284 1313 2522 1384 assequi
2567 1317 2671 1367 aut
2713 1309 3221 1381 comprehendere
3263 1310 3524 1361 mentem

1872 1402 2111 1476 perfecti
2168 1402 2475 1474 sophistae,
2516 1401 2661 1473 quia
2710 1399 3035 1455 interﬂuxit
3088 1397 3342 1453 multum
3385 1400 3527 1450 tem-

1872 1493 2053 1565 poris,
2096 1492 2180 1546 sic
2229 1507 2471 1565 quoque
2524 1490 2834 1546 Christiani
2865 1487 3112 1560 perinde
3153 1502 3221 1542 ac
3267 1484 3524 1540 infantes

1873 1583 2171 1638 mundum
2195 1580 2548 1652 despiciunt.
2574 1581 2870 1635 intuentes
2887 1577 3140 1647 gradum
3169 1576 3394 1645 gratias.
3417 1576 3525 1628 Ho-

1874 1672 2055 1744 spites
2085 1672 2245 1726 enim
2275 1675 2413 1725 sunt
2444 1669 2623 1739 hujus
2654 1667 2873 1723 smculi.
2909 1666 3125 1723 Civitas
3156 1667 3356 1719 autem
3389 1661 3521 1716 illo-

1874 1776 2007 1816 rum
2039 1766 2095 1816 et
2140 1758 2375 1830 requies
2423 1763 2513 1813 est
2558 1756 2695 1812 alia.
2745 1754 2969 1811 Habent
2999 1754 3158 1809 enim
3208 1749 3526 1807 Christiani

1874 1848 2343 1905 consolationem
2377 1846 2650 1918 Spiritus,
2669 1845 2991 1917 lacrymas,
3018 1842 3243 1897 luctum
3272 1844 3327 1895 ct
3352 1838 3525 1909 plan-

1874 1946 2035 1995 ctum
2070 1959 2083 1994 :
2113 1944 2169 1995 et
2192 1938 2337 2010 ipsae
2366 1937 2649 2009 lacrymaa
2682 1940 2823 1991 sunt
2848 1934 2956 1989 illis
2989 1934 3115 1987 vice
3146 1929 3520 1985 deliciarum.

1874 2028 2359 2100 Habentquoque
2380 2033 2606 2081 metum
2630 2040 2766 2081 cum
2790 2023 3013 2094 gaudio
3030 2026 3086 2076 et
3102 2018 3484 2075 exsultatione
3508 2035 3520 2068 :

1873 2118 2077 2190 sicque
2127 2122 2266 2171 sunt
2292 2116 2450 2170 velut
2477 2113 2757 2170 homines
2802 2114 3103 2181 gestantes
3143 2109 3203 2163 in
3245 2104 3524 2161 manibus

1873 2207 2230 2277 sanguinem
2244 2219 2573 2268 suum,non
2588 2202 2831 2257 nimium
2846 2199 2958 2255 sibi
2972 2199 3116 2271 ipsis
3129 2195 3523 2257 conﬁdentes,

1874 2302 1976 2351 aut
2001 2296 2409 2351 existimantes
2434 2308 2496 2348 se
2527 2290 2749 2364 aliquid
2778 2305 2928 2355 esse,
2957 2287 3061 2343 sed
3083 2292 3222 2341 sunt
3249 2282 3522 2354 neglecti,

1873 2384 2197 2456 contempti
2225 2400 2294 2439 ac
2322 2380 2623 2455 reprobati
2654 2378 2817 2452 apud
2856 2392 3067 2434 omnes
3104 2374 3408 2431 homines.

1951 2617 2148 2673 XXVII.
2163 2617 2283 2688 ϐο
2297 2613 2825 2682 Quemadmodum
2844 2610 2891 2665 si
2907 2624 3003 2665 rex
3017 2606 3181 2679 apud
3196 2619 3528 2679 pauperem

1877 2706 2206 2779 quemdam
2226 2706 2492 2775 deponat
2511 2717 2691 2757 suum
2710 2701 3079 2762 thesaurum,
3107 2697 3155 2751 is
3168 2694 3269 2768 qui
3298 2692 3531 2763 accepit

1876 2797 1955 2853 ad
1985 2793 2463 2858 custodiendum,
2499 2807 2619 2846 non
2652 2793 2890 2861 reputat
2912 2787 3082 2842 illum
3116 2790 3178 2840 ut
3204 2799 3403 2848 suum,
3423 2779 3532 2837 sed

1876 2886 2099 2957 ubique
2113 2883 2324 2939 fatetur
2340 2884 2753 2953 paupertatem
2780 2893 2977 2941 suam,
2994 2890 3115 2930 non
3129 2873 3361 2929 audens
3382 2869 3528 2926 dila-

1876 2974 2082 3047 pidare
2108 2970 2336 3044 aliquid
2362 2985 2433 3025 ex
2459 2968 2655 3024 alieno
2682 2967 2964 3022 thesauro
2998 2982 3011 3019 :
3050 2964 3165 3018 hoc
3205 2974 3442 3030 semper
3467 2959 3530 3013 in

1875 3062 2079 3118 animo
2102 3072 2367 3124 versans,
2381 3070 2498 3111 non
2512 3070 2639 3111 esse
2653 3052 2848 3108 solum
2875 3050 3139 3106 alienum
3153 3048 3527 3108 thesaurum,

1877 3150 1982 3206 sed
2012 3148 2193 3204 etiam
2218 3160 2417 3216 regem
2451 3144 2647 3199 virum
2674 3156 2929 3196 summas
2958 3137 3237 3211 potentiae
3263 3149 3401 3190 eum
3426 3132 3532 3188 de-

1878 3238 2152 3312 posuisse
2183 3234 2345 3307 apud
2371 3249 2449 3300 se,
2475 3248 2566 3299 ac,
2593 3229 2842 3305 quando
2859 3228 2910 3283 ei
2941 3230 3137 3283 visum
3168 3225 3260 3289 sit,
3294 3240 3329 3279 a
3360 3237 3420 3277 se
3442 3236 3531 3277 re-

1880 3342 2123 3400 poscere
2152 3343 2164 3381 :
2198 3323 2445 3382 eosdem
2473 3321 2693 3377 debent
2731 3334 2791 3375 se
2820 3322 3113 3390 reputare,
3141 3314 3243 3387 qui
3276 3312 3528 3383 gratiam

1877 3417 2146 3473 divinam
2189 3411 2491 3470 consecuti
2526 3415 2686 3475 sunt,
2714 3408 2979 3464 demisse
3022 3421 3092 3461 ac
3119 3402 3424 3460 humiliter
3453 3400 3530 3456 de

1880 3522 1942 3563 se
1990 3506 2227 3570 sentire,
2277 3518 2349 3559 ac
2402 3499 2665 3558 conﬁteri
2705 3498 2974 3570 inopiam
3034 3510 3233 3550 suam.
3285 3488 3532 3546 Perinde

1880 3596 2037 3653 enim
2058 3611 2129 3650 ac
2141 3595 2187 3649 si
2207 3608 2453 3665 pauper,
2468 3590 2572 3663 qui
2600 3589 2948 3645 thesaurum
2973 3600 3008 3641 a
3029 3599 3165 3655 rege
3190 3580 3532 3653 depositum

1881 3684 2130 3755 accepit,
2162 3682 2356 3738 alieno
2408 3680 2687 3735 thesauro
2740 3676 2919 3732 fretus
2947 3674 3110 3729 velut
3150 3671 3275 3727 suis
3314 3668 3534 3740 opibus

1882 3773 2181 3838 efferatur,
2206 3787 2275 3827 ac
2294 3786 2396 3825 cor
2415 3769 2543 3839 ejus
2566 3768 2716 3822 altos
2735 3768 2937 3820 sumat
2965 3762 3225 3834 spiritus,
3242 3758 3432 3813 aufert
3455 3757 3533 3811 ab

1882 3878 1954 3919 eo
1984 3878 2085 3918 rex
2114 3861 2458 3916 thesaurum
2491 3870 2691 3919 suum,
2720 3868 2791 3908 ac
2817 3855 3125 3924 permanet
3161 3848 3274 3912 ille,
3303 3846 3406 3917 qui
3427 3844 3531 3899 de~

1883 3949 2063 4024 positi
2087 3948 2219 4004 loco
2244 3963 2383 4002 eum
2422 3947 2752 4016 acceperat,
2788 3939 2984 4013 qualis
3009 3944 3132 3994 erat
3158 3940 3354 3999 antea,
3386 3949 3532 4005 pau-

1885 4023 1991 4112 per
2021 4055 2031 4092 :
2063 4038 2145 4094 sic
2160 4034 2539 4109 quoque,qui
2570 4031 2823 4103 gratiam
2847 4027 3147 4085 consecuti
3180 4027 3337 4089 sunt,
3366 4023 3413 4076 si
3436 4036 3533 4077 ex-

1887 4110 2189 4195 tollantur,
2220 4142 2290 4183 ac
2329 4122 2674 4197 superbiam
2705 4118 3047 4190 concipiant
3084 4128 3292 4171 eorum
3328 4110 3531 4173 corda,

1885 4218 2073 4274 aufert
2093 4215 2171 4272 ab
2191 4214 2305 4271 illis
2331 4213 2619 4269 Dominus
2642 4209 2898 4281 gratiam
2920 4221 3119 4269 suam,
3145 4207 3201 4259 et
3222 4203 3536 4258 remanent

1887 4307 2053 4371 tales,
2112 4304 2321 4377 quales
2367 4306 2538 4358 erant
2576 4300 2929 4372 priusquam
2987 4291 3288 4351 consecuti
3339 4292 3538 4346 essent

1885 4396 2137 4468 gratiam
2171 4410 2207 4450 a
2242 4392 2512 4449 Domino.

1958 4521 2184 4579 XXVIII.
2218 4519 2435 4575 Verum
2468 4515 2657 4583 multi,
2712 4530 2774 4569 se
2823 4513 2915 4568 vel
2963 4509 3330 4567 inhabitante
3378 4505 3438 4561 in
3471 4517 3537 4559 se

1887 4612 2139 4682 gratia,a
2153 4612 2398 4680 peccato
2412 4606 2564 4661 clam
2581 4603 2812 4675 subripi
2825 4618 2946 4658 non
2962 4597 3314 4672 percipiunt.
3325 4597 3537 4660 Quem-

1888 4699 2219 4757 admodum
2267 4698 2316 4752 si
2346 4696 2420 4752 sit
2458 4696 2516 4751 in
2557 4694 2740 4749 domo
2778 4691 2983 4762 aliqua
3012 4686 3292 4761 quaedam
3320 4685 3538 4753 juven-

1888 4788 2041 4859 cula,
2079 4786 2345 4843 similiter
2394 4789 2447 4841 et
2479 4782 2865 4845 adolescens;
2918 4785 3197 4834 castorum
3227 4775 3356 4830 htec
3405 4784 3539 4825 ver-

1890 4879 2101 4934 borum
2130 4874 2421 4932 illecebris
2459 4873 2536 4929 ab
2562 4888 2633 4928 eo
2662 4870 2915 4935 devicta,
2956 4866 3034 4923 illi
3068 4862 3380 4925 consentit,
3417 4865 3543 4913 stu-

1888 4982 2066 5039 prum
2088 4962 2419 5027 committit,
2452 4978 2542 5026 ac,
2574 4976 2709 5032 quae
2741 4956 3086 5029 expellatur,
3130 4956 3387 5009 meretur
3418 4966 3430 5004 :
3457 4946 3539 5005 sic

1891 5053 2163 5111 terribilis
2191 5051 2283 5107 ille
2307 5066 2552 5121 serpens
2567 5047 2793 5121 peccati
2805 5050 3095 5119 perpetuo
3109 5044 3276 5100 adest
3297 5041 3538 5097 animae.

1890 5159 2024 5199 eam
2074 5141 2339 5197 alliciens
2386 5155 2456 5193 ac
2505 5152 2862 5210 provocans,
2894 5150 3029 5208 qute
3083 5132 3130 5187 si
3163 5128 3537 5201 astipuletur,

1890 5230 2296 5288 communicat
2327 5228 2530 5284 anima
2562 5226 2915 5297 incorporea
2954 5238 3091 5279 cum
3135 5220 3270 5275 vitio
3302 5217 3543 5290 spiritus

1890 5323 2263 5392 incorporeo,
2286 5318 2398 5373 hoc
2420 5321 2525 5383 est,
2550 5314 2790 5387 spiritus
2808 5329 2945 5370 cum
2970 5310 3178 5383 spiritu
3203 5307 3542 5365 societatem

1891 5411 2016 5475 init,
2047 5414 2103 5465 et
2150 5406 2506 5465 adulterium
2555 5403 2867 5460 committit
2897 5402 2957 5457 in
2988 5399 3165 5456 corde
3198 5413 3305 5453 suo
3338 5397 3405 5460 is,
3439 5395 3543 5467 qui

1891 5498 2167 5556 societate
2227 5496 2373 5552 inita
2431 5494 2638 5567 recipit
2696 5490 3116 5563 cogitationem
3165 5485 3541 5559 nequissimi.

1891 5586 2096 5645 Modus
2124 5600 2266 5656 ergo
2295 5583 2635 5640 certaminis
2667 5583 2747 5637 tui
2778 5581 2875 5637 hic
2924 5583 3030 5645 est,
3068 5594 3141 5634 ne
3182 5574 3543 5633 adulterium

1890 5674 2233 5733 committas
2261 5673 2320 5729 in
2351 5670 2813 5743 cogitationibus
2834 5669 2967 5734 tuis,
2997 5667 3105 5723 sed
3133 5672 3193 5724 ut
3220 5663 3543 5728 relucteris,
