4076 6210
534 262 637 319 595

1826 252 1887 314 s.
1928 249 2230 309 MACAPJI
2269 236 2576 309 EGYPTII

3774 252 3866 307 596

532 410 590 464 et
618 406 919 463 internum
946 400 1168 461 bellum
1196 419 1266 460 ac
1288 417 1558 475 pugnam
1581 400 1898 473 suscipias,
1926 414 2037 455 nec
2060 414 2182 454 mo-

2314 400 2385 465 ιίᾳ
2437 396 2486 448 ἐν
2518 401 2627 457 τοῖς
2672 395 2943 467 λογισμοις
2972 408 2985 423 '
3043 395 3134 445 καὶ
3188 390 3273 445 έὰν
3330 392 3523 449 ταύτην
3552 394 3645 449 τὴν
3683 390 3867 465 ἑτοιμα-

535 511 662 551 rem
695 510 890 565 geras,
925 509 1074 549 neve
1104 490 1409 548 delecteris
1440 507 1475 545 a
1504 489 1772 562 nequitia
1796 486 1856 543 in
1882 486 2187 559 cogitatio-

536 584 732 640 nibus.
770 585 961 649 Quam
993 581 1174 638 animi
1229 578 1764 652 promptitudinem
1804 576 1854 631 si
1895 576 2185 632 Dominus

539 675 599 728 in
633 678 687 729 te
716 672 1143 743 deprehendat,
1178 670 1235 725 in
1270 666 1609 725 novissimo
1639 666 1732 721 die
1761 665 2005 738 recipiet
2035 669 2087 721 te
2127 666 2188 721 in

537 778 789 832 regnum
822 761 1132 818 cmlorum.

613 889 781 944 XXIX.
822 888 969 942 Sunt
1006 887 1163 941 enim
1196 883 1499 957 quaedam,
1532 898 1667 955 qua:
1706 881 1788 937 ita
1842 880 2190 937 moderatur

543 977 851 1043 Dominus,
881 992 952 1031 ne
979 974 1208 1029 nullum
1231 972 1638 1028 testimonium
1666 970 1870 1042 gratiae
1894 969 2112 1024 divinae
2133 972 2190 1024 et

540 1065 868 1122 vocationis
898 1080 1019 1118 sua:
1051 1061 1297 1117 ediderit
1327 1078 1338 1115 :
1372 1066 1511 1115 sunt
1539 1061 1677 1115 item
1706 1065 1762 1115 et
1789 1059 1925 1124 alia,
1954 1073 2088 1131 quae
2108 1057 2189 1112 ita

540 1152 936 1228 permittendo
1004 1151 1383 1207 administrat
1434 1150 1605 1219 Deus,
1662 1154 1724 1204 ut
1786 1148 2072 1221 probetur
2132 1149 2189 1201 et.

539 1247 882 1301 exerceatur
920 1241 1120 1305 homo,
1166 1256 1234 1294 ac
1275 1239 1517 1310 patefiat
1563 1237 1816 1294 liberum
1870 1235 2188 1292 voluntatis

538 1333 820 1387 humana:
860 1329 1191 1385 arbitrium.
1226 1327 1659 1384 Afﬂictionibus
1692 1327 1851 1383 enim
1893 1342 1964 1382 ac
1997 1328 2186 1380 tenta-

542 1420 801 1480 tionihus
855 1418 1149 1489 oppressi,
1207 1418 1254 1473 si
1294 1416 1701 1481 sustinuerint,
1737 1430 1857 1471 non
1907 1414 2190 1470 excidunt

542 1526 726 1581 regno
764 1508 1072 1564 ccelorum.
1118 1506 1429 1562 Christiani
1461 1520 1603 1575 ergo
1632 1505 1691 1560 in
1736 1504 1915 1559 rebus
1963 1502 2188 1574 asperis

538 1598 701 1655 nullo
722 1614 832 1653 nec
862 1597 1067 1652 dolore
1097 1612 1208 1651 nec
1235 1595 1469 1651 tristitia
1500 1594 1861 1649 afﬁciuntur.
1898 1592 1953 1649 Si
1985 1591 2191 1663 inopia

539 1692 641 1745 aut
676 1684 1037 1742 contumelia
1067 1684 1471 1757 explorantur,
1524 1698 1645 1738 non
1676 1681 1896 1737 debent
1934 1680 2190 1736 admira-

2300 491 2418 539 σίαν
2448 486 2568 560 εύρῃ
2612 486 2638 537 ὁ
2671 487 2861 558 Κύριος
2891 483 2938 535 έν
2973 486 3079 548 σοὶ,
3126 490 3174 534 έν
3231 488 3292 554 τῇ
3340 479 3544 555 ἐσχάτῃ
3584 482 3745 555 ἡμέρᾳ
3776 501 3869 533 πα-

2296 574 2613 651 ραλαμϐάνει
2636 594 2691 627 σε
2723 573 2770 627 iv
2788 581 2847 647 τῇ
2883 571 3135 646 βασιλείᾳ
3161 570 3342 628 αὐτοῦ.

2372 877 2502 932 ΚΘ’.
2559 883 2690 930 Εστι
2758 879 2861 949 γὰρ
2942 894 3060 928 τινα
3137 874 3441 949 πράγματα,
3488 872 3525 923 οἳ
3569 871 3869 943 οἰκονομεῖό

2302 971 2487 1043 Κύριος
2529 968 2611 1020 ἵνα
2653 970 2724 1039 μὴ
2779 966 3076 1039 ἀμάρτυρον
3123 963 3304 1016 ἑαυτὸν
3361 967 3556 1035 ποιήσῃ
3616 968 3703 1022 τῆς
3750 962 3870 1023 θείας

2298 1060 2521 1130 χάριτος
2550 1060 2637 1109 καὶ
2666 1064 2755 1117 τῆς
2784 1054 3018 1115 κλήσεως
3060 1052 3219 1105 αὐτοῦ
3244 1069 3257 1082 ⁸
3316 1056 3406 1104 καὶ
3457 1053 3570 1104 ἔστι
3616 1052 3726 1102 τινὰ
3758 1050 3871 1123 πρά-

2297 1167 2495 1220 γματα,
2550 1145 2585 1197 ἃ
2636 1144 2797 1206 ούτως
2856 1142 3115 1215 οἰκονομεῖ
3158 1143 3293 1194 κατά
3357 1144 3760 1213 παραχώρησιν,
3801 1139 3873 1190 ἶνα

2300 1233 2601 1309 δοκιμασθῇ
2647 1238 2738 1286 καὶ
2775 1234 3052 1305 γυμνασθῇ
3087 1233 3112 1284 ὁ
3139 1232 3422 1304 ἅνθρωπος,
3461 1230 3545 1282 ἶνα
3591 1224 3866 1300 ἀποδειχθῇ

2298 1328 2357 1377 τὸ
2410 1324 2743 1387 αὐτεξούσιον
2775 1330 2866 1375 τοῦ
2896 1321 3191 1395 ἀνθρώπου.
3236 1322 3302 1373 Οἱ
3330 1322 3430 1393 γὰρ
3465 1317 3514 1371 έν
3546 1317 3749 1389 θλίψεσι
3792 1320 3871 1369 καὶ

2298 1421 2610 1490 πειρασμοῖς
2668 1415 2823 1477 ὅντες,
2869 1410 2953 1463 ἐὰν
3011 1411 3380 1483 ὑπομείνωσιν,
3430 1408 3527 1461 οὐκ
3588 1406 3871 1479 ἀποτυγχά-

2297 1523 2448 1557 νουσι
2485 1512 2573 1563 τῆς
2618 1500 2890 1575 βασιλείας
2920 1508 3020 1554 τῶν
3060 1499 3307 1572 ούρανῶν.
3364 1500 3430 1550 Οἱ
3474 1493 3560 1550 οὖν
3585 1499 3871 1571 Χριστιανοὶ

2300 1593 2348 1645 έν
2373 1599 2483 1655 τοῖς
2515 1590 2766 1664 θλιϐεροίς
2804 1592 3111 1664 πράγμασιν
3163 1588 3258 1640 ούκ
3295 1588 3557 1660 ἄχθονται
3600 1590 3628 1645 ἦ
3682 1585 3871 1638 λυποῦν-

2299 1699 2430 1735 ται’
2495 1684 2579 1733 ἐὰν
2650 1678 2698 1731 ἓν
2741 1683 2889 1752 πενίᾳ
2954 1682 2983 1737 ἣ
3035 1681 3341 1752 κακουρχίᾳ
3394 1675 3752 1741 έξετασθῶσιν,
3792 1675 3872 1727 ούκ

542 1777 701 1832 tione
724 1774 877 1830 afﬁci
903 1792 916 1840 ;
952 1774 1149 1845 potius
1182 1777 1531 1845 paupertate
1552 1771 1853 1837 delectari,
1882 1787 1952 1826 ac
1975 1786 2081 1841 pro
2104 1768 2190 1824 di-

2314 1771 2567 1845 ἰφείλουσι
2618 1769 2930 1833 ξενίζεσθαι,
2983 1766 3111 1819 ἀλλὰ
3173 1766 3363 1838 μᾶλλον
3412 1761 3785 1823 συνηδύνεσθαι
3818 1772 3869 1837 τῇ

544 1866 694 1921 vitiis
722 1864 967 1929 habere,
997 1865 1295 1936 jejunium
1345 1878 1454 1934 pro
1497 1861 1747 1927 deliciis,
1794 1859 2190 1930 ignominiam

542 1970 651 2026 pro
701 1952 909 2022 gloria.
945 1952 1025 2007 Ex
1061 1952 1311 2007 adverso
1344 1952 1390 2006 si
1426 1951 1739 2007 inciderint
1772 1952 1827 2005 in
1857 1967 1950 2005 res
1978 1950 2036 2004 in
2081 1948 2193 2003 hac

542 2044 659 2099 vita
688 2041 1027 2114 praeclaras,
1058 2058 1193 2113 quae
1225 2056 1327 2096 eos
1353 2040 1628 2096 allectant
1661 2040 1737 2096 ad
1768 2041 2027 2113 quietem
2063 2054 2195 2093 car-

546 2132 767 2197 nalem,
808 2131 885 2187 ad
935 2130 1190 2193 divitias,
1242 2130 1319 2185 ad
1349 2129 1625 2199 gloriam,
1667 2134 1771 2184 aut
1820 2130 1897 2185 ad
1927 2128 2191 2192 delicias,

547 2220 796 2276 omnino
849 2235 970 2275 non
1021 2219 1111 2275 his
1168 2218 1445 2275 delectari
1491 2219 1729 2283 debent,
1765 2221 1869 2275 sed
1920 2219 2079 2275 velut
2118 2220 2195 2275 ab

543 2310 669 2381 igni
698 2309 1002 2379 aufugero.

624 2505 773 2560 XXX.
805 2502 970 2558 Idem
1008 2502 1197 2559 oculis
1233 2502 1629 2573 subjiciamus
1675 2521 1687 2558 :
1720 2504 1769 2560 si
1820 2518 1966 2574 gens
1996 2504 2200 2577 aliqua

552 2593 769 2661 exigua
800 2596 1110 2647 moveatur
1135 2592 1213 2647 ad
1236 2591 1457 2646 bellum
1490 2592 1612 2664 regi
1642 2592 2044 2658 inferendum,
2079 2610 2199 2650 non

552 2681 729 2737 valde
759 2681 1043 2736 sollicitus
1069 2680 1301 2750 estipse
1331 2681 1389 2736 in
1420 2696 1491 2736 eo
1523 2681 1915 2746 conﬁciendo,
1940 2683 2047 2737 sed
2072 2682 2203 2739 mit-

552 2770 619 2827 tit
650 2770 863 2826 milites
889 2785 1026 2825 cum
1048 2769 1327 2836 ducibus,
1348 2771 1450 2841 qui
1476 2770 1698 2826 bellum
1723 2777 1952 2840 gerant.
1983 2771 2036 2829 Si
2060 2787 2202 2828 vero

553 2875 700 2930 gens
724 2864 1015 2915 motanon
1032 2859 1104 2915 sit
1125 2859 1322 2929 exigui
1342 2860 1594 2927 numeri,
1617 2876 1752 2933 qua:
1775 2875 1992 2933 nempe
2014 2862 2206 2933 possit

551 2951 811 3003 evertere
857 2962 1109 3019 regnum
1151 2948 1299 3019 ejus,
1333 2949 1563 3017 cogitur
1602 2949 1728 3021 ipse
1770 2965 1873 3005 rex
1925 2966 2062 3005 cum
2095 2950 2209 3006 do-

555 3035 818 3092 mesticis
835 3040 886 3091 et
913 3036 1172 3091 exercitu
1195 3052 1305 3091 suo
1326 3036 1385 3091 in
1409 3037 1631 3093 bellum
1654 3038 1996 3110 procedere,
2025 3043 2204 3110 atque

2305 1864 2561 1933 πτωχείᾳ,
2606 1864 2695 1911 καὶ
2752 1858 3000 1928 ἡγεῖσθαι
3058 1855 3172 1909 ἀντὶ
3210 1855 3458 1916 πλούτου,
3518 1858 3609 1913 τὴν
3658 1859 3873 1912 νηστείαν

2302 1948 2416 2002 ἀντὶ
2467 1956 2678 2022 τρυφῆς,
2733 1951 2826 2005 τὴν
2882 1944 3091 2018 ἀτιμίαν
3130 1948 3213 1996 καὶ
3258 1940 3478 2007 ἀδοξίαν
3519 1943 3629 1996 ἀντὶ
3684 1940 3868 2006 δοξης·

2304 2039 2457 2093 πάλιν
2508 2035 2587 2105 δὲ,
2660 2035 2743 2088 ἐὰν
2792 2034 3084 2108 ἐμπέσωσιν
3149 2033 3220 2096 εἰς
3275 2035 3567 2109 πράγματα
3607 2029 3775 2095 ἔνδοξα
3809 2039 3869 2101 τῷ

2307 2126 2409 2201 βίῳ
2448 2130 2634 2198 τούτῳ,
2681 2125 2809 2199 άπερ
2855 2127 3197 2198 προτρέπεται
3246 2122 3437 2184 αύτούς
3489 2123 3559 2184 εἰς
3613 2121 3873 2174 ἀνάπαυσιν

2309 2219 2584 2290 σαρκικήν,
2629 2217 2658 2272 ἣ
2716 2214 2955 2280 πλοῦτον,
3012 2217 3043 2271 ἦ
3092 2208 3270 2277 δόξαν,
3312 2213 3343 2271 ἣ
3399 2215 3614 2286 τρυφὴν,
3646 2210 3872 2284 ὀφείλουσι

2307 2310 2378 2379 μὴ
2452 2302 2777 2363 συνήδεσθαι
2848 2305 3068 2372 τούτοις,
3150 2300 3257 2354 ἀλλ’
3326 2300 3633 2375 ἀποφεύγειν
3684 2302 3746 2362 ὡς
3788 2298 3872 2351 ἀπὸ

2308 2399 2490 2468 πυρός.

2383 2501 2463 2555 Λ’.
2498 2501 2585 2562 Εἰς
2639 2518 2695 2552 το
2746 2517 3044 2573 φαινομενον
3088 2518 3100 2531 ·
3142 2500 3251 2560 θνος
3291 2497 3377 2551 έάν
3432 2499 3701 2571 ἐλάχιστον
3736 2496 3870 2550 ἕπικι-

2309 2593 2439 2664 mea
2485 2598 2558 2660 τῷ
2618 2588 2826 2661 βασιλεῖ
2864 2592 2994 2663 πρὸς
3040 2588 3280 2661 πόλεμον,
3335 2589 3398 2641 οὐ
3453 2590 3629 2660 κάμνει
3673 2585 3869 2657 πολεμῶν

2313 2680 2484 2743 αὐτὸς,
2542 2678 2648 2730 ἀλλ’
2707 2676 3009 2731 ἀποστέλλει
3050 2683 3375 2751 στρατιώτας
3403 2680 3534 2750 μετά
3578 2684 3672 2729 τῶν
3706 2677 3873 2748 ἀρχόν-

2313 2787 2412 2820 των
2444 2767 2633 2833 αύτῶν,
2666 2771 2755 2819 καὶ
2781 2773 3053 2819 ποιοῦνται
3083 2770 3167 2819 τὸν
3222 2766 3467 2838 πόλεμον.
3526 2768 3639 2820 Ἐὰν
3678 2761 3733 2817 δὲ
3756 2766 3869 2824 ἔθνος

2315 2862 2562 2930 μέγιστον
2672 2859 2731 2909 τὸ
2760 2858 3076 2923 ἓπικινηθεν,
3125 2852 3414 2928 δυνάμενον
3453 2856 3764 2928 ἰμπορθῆσαι
3797 2856 3871 2909 τὴν

2318 2945 2593 3021 βασιλείαν
2640 2945 2818 3011 αὐτοῦ,
2870 2945 3221 3018 ἀναγκάζεται
3260 2945 3423 3007 αὐτὸς
3470 2947 3495 2997 ὁ
3535 2942 3761 3019 βασιλεὺς
3796 2943 3870 2993 σύν

2316 3043 2421 3097 τοῖς
2468 3034 2516 3087 ἄν
2576 3043 2645 3105 τῷ
2708 3034 2943 3107 παλατίῳ
2988 3040 3077 3087 καὶ
3142 3041 3248 3096 τοῖς
3320 3030 3689 3109 στρατοπέδοις
3736 3030 3870 3084 αὑτοῦ

553 3125 813 3182 collectis
863 3125 1052 3196 copiis
1102 3124 1327 3181 bellum
1372 3126 1714 3197 proﬂigare.
1772 3127 2013 3199 Respice
2062 3143 2203 3199 ergo

2318 3124 2552 3178 ἀπελθεῖν
2602 3133 2965 3198 συγκροτῆσαι
3015 3127 3103 3176 τὸν
3149 3124 3397 3197 πόλεμον,
3431 3124 3585 3179 Βλέπε
3612 3119 3692 3175 οὖν
3721 3139 3801 3173 σου
3825 3119 3870 3169 τὸ

553 3213 904 3284 dignitatem
939 3219 1124 3279 tuam,
1158 3230 1397 3285 nempe,
1423 3213 1610 3270 Deum
1640 3217 2036 3270 exsurrexisse
2067 3232 2203 3271 cum

557 3318 668 3357 suo
681 3300 1726 3374 exercitu“,angelorum,inquam,et
1740 3309 2071 3359 sanctorum
2086 3305 2144 3375 θ
2158 3306 2199 3374 ι

557 3390 897 3461 spirituum,
928 3395 1094 3455 utea,
1121 3406 1256 3460 quas
1277 3390 1355 3444 ad
1388 3405 1451 3445 se
1484 3397 1733 3462 spectat,
1764 3391 2058 3461 legatione
2083 3393 2208 3463 ipse

553 3476 901 3548 perfunctus
932 3480 988 3530 te
1018 3476 1336 3531 redimeret
1360 3494 1395 3531 a
1420 3484 1627 3533 morte.
1662 3479 1927 3535 Obtirma
1957 3480 2134 3552 igitur
2157 3485 2208 3536 te

555 3567 776 3637 ipsum,
828 3581 898 3619 ac
935 3566 1151 3634 cogita,
1185 3572 1412 3637 quanta
1459 3567 1835 3638 providentia
1887 3571 1966 3624 tui
2022 3570 2210 3639 gratia

557 3653 714 3709 facta
742 3655 816 3708 sit
848 3656 861 3709 ι
892 3655 1180 3709 Caeterum
1208 3656 1429 3710 utimur
1450 3657 1774 3729 exemploe
1796 3658 1917 3713 vita
1944 3659 2211 3715 humana

560 3743 740 3815 petito
770 3748 1058 3815 tanquam
1090 3744 1148 3799 in
1175 3744 1296 3801 vita
1325 3745 1524 3801 adhuc
1556 3747 1926 3803 exsistentes.
1963 3748 2210 3804 Perinde

560 3848 631 3888 ac
648 3833 697 3888 si
718 3848 819 3889 rex
836 3832 1128 3889 incidatin
1144 3834 1473 3906 quemdam
1495 3852 1846 3908 pauperem,
1866 3837 2212 3893 inﬁrmitate

562 3922 865 3988 affectum,
896 3938 1005 3980 nec
1031 3924 1346 3981 erubescat
1374 3926 1718 3983 salubribus
1761 3928 2212 3983 medicamentis

561 4013 690 4084 ejus
710 4029 919 4069 curare
948 4014 1213 4079 vulnera,
1237 4020 1294 4070 et
1320 4031 1456 4071 cum
1486 4016 1545 4071 in
1576 4017 1864 4087 palatium
1888 4034 2064 4073 suum
2089 4017 2214 4073 illa-

562 4106 687 4158 tum
720 4103 931 4159 induat
967 4118 1237 4174 purpura
1266 4120 1335 4159 ac
1364 4104 1725 4171 diademate,
1759 4111 1937 4177 atque
1978 4106 2215 4177 partici-

562 4205 702 4261 pem
729 4190 909 4246 faciat
940 4207 1157 4247 mensee
1189 4208 1312 4248 sum
1346 4209 1358 4246 :
1392 4194 1477 4248 sic
1506 4194 1762 4249 cmlestis
1807 4210 1906 4249 rex
1946 4195 2213 4249 Christus

565 4277 857 4332 accedens
896 4278 973 4334 ad
1014 4279 1324 4336 hominem
1356 4282 1612 4350 graviter
1651 4282 1953 4349 affectum,
1983 4284 2217 4338 sanavit

568 4380 705 4420 eum
738 4371 916 4438 atque
942 4368 1170 4422 socium
1204 4369 1337 4424 fecit
1362 4370 1539 4438 regiae
1568 4386 1789 4426 mensa:
1822 4388 1982 4437 sum;
2023 4378 2079 4427 et
2102 4373 2216 4428 hoc

567 4453 810 4525 quidem
844 4454 1005 4509 nulla
1057 4456 1105 4510 vi
1138 4456 1265 4528 ejus
1295 4457 1662 4515 voluntatem
1695 4461 2081 4533 compellens,
2114 4461 2218 4518 sed

571 4541 833 4599 alliciens
868 4543 925 4599 in
952 4548 1177 4600 tantam
1210 4546 1565 4617 dignitatem
1596 4565 1736 4606 eum
1775 4551 2095 4606 constituit.

639 4741 811 4797 XXXI.
851 4741 1147 4814 Scriptum
1194 4745 1355 4799 enim
1393 4746 1575 4801 estin
1608 4746 1929 4817 Evangelio
1963 4764 1976 4803 :
2018 4750 2218 4805 Domi-

564 4842 707 4885 num
739 4828 1029 4888 dimisisse
1047 4847 1243 4889 servos
1264 4834 1345 4889 ad
1374 4836 1707 4891 vocandum
1739 4850 1853 4901 eos,
1885 4836 1988 4908 qui
2015 4840 2220 4894 volunt

570 4919 790 4985 venire,
808 4920 1169 4977 denuntians
1190 4922 1335 4989 illis,
1362 4923 1698 4980 Prandium
1717 4940 1907 4981 meum
1935 4931 2217 4996 paratum

567 5012 669 5063 est.
702 5007 816 5075 Qui
844 5024 980 5066 vero
1013 5012 1206 5067 vocali
1235 5020 1406 5068 erant
1435 5020 1804 5069 excusarunt
1831 5029 1909 5080 se,
1942 5015 2219 5083 dicentes,

571 5098 993 5169 alterquidem.
1012 5099 1163 5164 Emi,
1183 5098 1395 5172 inquit,
1405 5103 1559 5172 juga
1574 5103 2223 5173 boum;alius,Uxorem

565 5186 717 5243 duxi
742 5189 811 5244 ⁸⁸.
844 5188 1017 5243 Vides
1042 5194 1324 5259 paratum
1349 5189 1527 5246 fuisse
1557 5192 1658 5262 qui
1694 5194 1941 5258 vocavit,
1976 5202 2221 5250 vocatos

568 5291 706 5331 vero
737 5277 1027 5332 renuisse.
1068 5277 1337 5333 Profecto
1368 5277 1427 5333 hi
1460 5280 1551 5334 sui
1578 5279 1764 5351 ipsius
1791 5282 1869 5336 rei
1896 5281 2031 5338 facti
2060 5288 2219 5339 sunt.

568 5365 753 5421 Tanta
778 5371 867 5420 est
890 5365 1067 5437 igitur
1093 5364 1355 5436 dignitas
1378 5366 1871 5425 Christianorum.
1898 5372 2219 5443 Perpende,

573 5454 890 5509 Dominum
924 5470 1295 5527 praeparasse
1326 5454 1440 5511 illis
1482 5471 1755 5527 regnum,
1784 5465 1839 5515 et
1878 5476 2123 5517 vocasse
2154 5460 2225 5518 il-

649 5634 694 5667 ⁸³
725 5631 879 5697 Psal.
919 5647 1110 5700 xxxxv,
1142 5637 1193 5691 8.

2319 3213 2543 3287 ἀξίωμα,
2601 3215 2679 3266 ὅτι
2718 3215 2743 3265 ό
2794 3217 2925 3275 Θεὸς
2970 3211 3181 3272 ἐκινήθη
3223 3216 3355 3285 μετά
3385 3221 3478 3268 τοῦ
3527 3210 3657 3266 ἰδίου
3685 3226 3871 3282 στρατο-

2316 3300 2501 3367 πέδου,
2568 3311 2665 3355 τῶν
2720 3300 2941 3374 ἀγγέλων
2999 3301 3132 3374 λέγω
3202 3307 3293 3355 καὶ
3342 3312 3445 3355 τῶν
3500 3302 3652 3374 ἁγίων
3687 3296 3873 3369 πνευμά-

2317 3411 2438 3454 των,
2478 3391 2544 3451 εἰς
2594 3396 2686 3450 σὴν
2752 3391 3030 3463 πρεσϐείαν
3111 3388 3184 3444 δι’
3243 3391 3430 3445 ἑαυτοῦ
3483 3391 3648 3455 ἐλθὼν,
3702 3390 3776 3441 ἶνα
3827 3402 3874 3436 σε

2319 3479 2655 3555 λυτρώσηται
2708 3479 2762 3532 ἔκ
2787 3488 2876 3534 τοῦ
2925 3483 3168 3538 θανάτου.
3197 3481 3521 3554 Ἀσφάλισαι
3564 3476 3646 3532 οὖν
3675 3477 3870 3536 σεαυτὸν,

2328 3574 2415 3621 καὶ
2482 3568 2751 3628 ἐννοήθητι
2794 3572 2882 3623 οἶα
2936 3574 3150 3644 πρόνοια
3199 3567 3292 3624 διά
3348 3575 3409 3624 σε
3452 3565 3871 3643 γεγένηται.’Υπο·

2322 3654 2562 3730 δείγματι
2606 3656 2666 3711 δε
2723 3656 2952 3733 βιωτικῷ
3004 3662 3285 3734 κερὴμεθα,
3340 3663 3415 3723 ὡς
3470 3660 3517 3712 έν
3559 3657 3670 3733 βίῳ.
3704 3655 3870 3722 Ὠσπερ

2320 3748 2381 3799 ἄν
2516 3746 2785 3820 βασιλεὺς,
2841 3755 2931 3802 καὶ
2988 3748 3112 3823 εύρῃ
3191 3752 3307 3801 τινά
3368 3746 3537 3815 ἐνδεῆ,
3582 3750 3665 3800 καὶ
3712 3746 3873 3815 ἔχοντα

2320 3837 2487 3902 πάθη,
2545 3842 2635 3890 καὶ
2686 3843 2759 3910 μὴ
2824 3840 3156 3910 ἓπαισχυνθῇ
3228 3838 3407 3903 αὐτὸν,
3470 3836 3593 3889 ἀλλά
3628 3833 3873 3907 φαρμάκοις

2326 3925 2622 3998 ἰαματικοίς
2699 3928 2990 4001 θεραπεύσῃ
3077 3928 3237 3981 αὐτοῦ
3313 3931 3383 3981 τὰ
3462 3929 3734 3999 τραύματα,
3804 3919 3872 3969 καὶ

2324 4014 2577 4088 ἀπενέγκῃ
2623 4016 2777 4069 αὐτὸν
2852 4016 2924 4079 εἰς
2998 4020 3057 4070 τὸ
3122 4017 3309 4070 ἑαυτοῦ
3386 4016 3644 4080 παλάτιον,
3697 4013 3775 4063 καὶ
3817 4009 3874 4058 ἓν·

2327 4100 2464 4177 δύσῃ
2526 4105 2682 4157 αύτόν
2742 4109 2837 4163 τὴν
2893 4104 3200 4181 πορφυρίδα
3264 4112 3357 4159 καὶ
3412 4110 3469 4159 τὸ
3518 4100 3757 4173 διάδημα,
3804 4096 3874 4146 καὶ

2326 4198 2525 4266 ποιήσῃ
2567 4194 2723 4246 αὐτὸν
2762 4200 3005 4247 κοινωνὸν
3056 4204 3145 4256 τῆς
3196 4197 3461 4268 τραπέζης
3516 4197 3699 4247 αὐτοῦ’
3742 4185 3873 4240 οὓτως

2327 4287 2417 4334 καὶ
2477 4283 2502 4334 ὀ
2547 4282 2851 4356 ἐπουρανίος
2903 4282 3152 4358 βασιλεὺς
3201 4289 3451 4359 Χριστὸς,
3486 4283 3632 4336 ὶλθών
3660 4280 3768 4353 πρὸς
3805 4274 3873 4323 τὸν

2330 4371 2600 4444 ἄνθρωπον
2655 4376 2847 4444 έχνντα
2893 4376 3033 4432 πάθη
3083 4374 3295 4440 ἰάσατο,
3324 4379 3416 4427 καὶ
3448 4372 3647 4430 ἐποίησε
3675 4362 3872 4419 κοινωνὸν

2254 4491 2299 4545 D
2330 4468 2427 4523 τῆς
2484 4460 2767 4534 βασιλικῆς
2832 4463 2993 4516 αὐτοῦ
3048 4464 3310 4537 τραπέζης
3342 4480 3357 4495 ⁸
3418 4468 3507 4516 καὶ
3529 4468 3670 4513 τοῦτο
3696 4454 3747 4507 οὗ
3774 4450 3873 4545 βισξ·

2332 4551 2553 4621 σάμενος
2604 4552 2661 4604 τὸ
2722 4552 2919 4624 θελημα
2952 4536 3137 4623 αὐτοῦ,
3193 4553 3321 4607 ἀ).λά
3381 4550 3765 4627 προτρεψάμενος
3802 4536 3874 4591 αὖ·

2331 4640 2416 4691 τὸν
2450 4638 2521 4701 εἰς
2553 4645 2646 4699 τὴν
2677 4644 2925 4701 τοιαύτην
2954 4644 3138 4702 ἰστησι
3163 4647 3340 4716 τιμὴν.

2404 4746 2531 4801 AA'.
2559 4753 2659 4802 Kal
2678 4751 2778 4823 γὰρ
2803 4748 2851 4802 έν
2873 4757 2944 4820 τῷ
2963 4750 3259 4823 Εύαγγελίῳ
3271 4754 3575 4824 γέγραπται,
3599 4746 3671 4796 ὅτι
3695 4738 3873 4796 Ἀπέσ-

2334 4836 2503 4889 τειλε
2542 4842 2690 4901 τοὺς
2755 4839 2988 4892 ἑαυτοῦ
3058 4837 3337 4902 δούλους
3374 4841 3400 4893 ὁ
3433 4840 3666 4910 κύριος,
3701 4824 3872 4880 καλῶν

2332 4928 2479 4987 τοὺς
2522 4926 2839 4995 θέλοντας,
2883 4925 3181 4990 δηλώσας
3219 4928 3457 4992 αὐτοῖς,
3498 4927 3590 4978 ὅτι
3625 4922 3694 4974 Τὸ
3728 4916 3874 4987 ἄρισ-

2333 5018 2436 5066 τόν
2473 5034 2593 5087 μου
2626 5017 3033 5089 ἡτοίμασται
3067 5038 3079 5051 ·
3110 5018 3298 5071 αὐτοὶ
3338 5014 3408 5070 δι
3446 5016 3501 5067 οἱ
3536 5004 3873 5076 κεκλημένοι

2332 5109 2797 5177 παρῃτήσαντο
2826 5105 3141 5177 λέγοντες,
3172 5108 3232 5167 ὃς
3260 5110 3386 5180 μὶν,
3413 5089 3870 5175 Ἤγόρασαιῗησὶθ

2338 5196 2533 5265 ζεύγη
2604 5192 2764 5267 βοῶν
2802 5213 2814 5225 ’
2869 5195 3085 5261 ἄλλος,
3156 5202 3440 5249 Γυναῖκα
3500 5184 3863 5266 ἡρμοσάμην.

2332 5282 2484 5357 Ὁρᾷς
2525 5285 2607 5336 δτι
2636 5285 2661 5336 ὁ
2691 5284 2895 5358 κλὴτωρ
2949 5287 3172 5359 ἕτοιμος,
3208 5288 3257 5338 οἱ
3287 5282 3345 5339 δὲ
3373 5283 3627 5340 κληθέντες
3654 5273 3868 5359 ἀντεῖπον.

2334 5372 2470 5447 Ἀρα
2500 5373 2649 5427 αὐτοὶ
2675 5373 2868 5427 ἑαυτῶν
2917 5377 3079 5429 αἴτιοι
3102 5380 3367 5447 γεγόνασι.
3418 5375 3662 5425 Τοσοῦτον
3688 5358 3763 5413 οὗν
3781 5353 3871 5453 id”?

2336 5446 2629 5536 τὸνάξίωμα
2660 5470 2755 5516 τῶν
2799 5446 3177 5539 Χριστιανῶνξ
3204 5464 3355 5520 Βλέπε
3382 5463 3457 5516 ὅτι
3498 5460 3522 5511 ὁ
3554 5456 3721 5526 Κύριος
3756 5446 3870 5501 im"

1274 5636 1321 5671 ⁸⁸
1354 5637 1488 5692 Luc.
1523 5652 1643 5704 ειν,
1683 5640 1875 5704 t8-20;
1905 5637 2108 5695 Matth.
2139 5654 2280 5710 xxu,
2320 5642 2374 5696 4.
