4034 6202
155 265 254 320 597

1424 263 1761 322 HOMILIE.
1804 296 1872 307 -—-
1914 266 2089 323 HOM.
2130 267 2249 325 XV.

3393 268 3499 325 598

147 409 295 463 μασεν
350 393 523 451 αὐτοῖς
575 392 670 450 τὴν
723 388 1018 465 βασιλείαν,
1068 394 1161 445 καὶ
1216 389 1361 443 καλεῖ
1388 389 1577 451 αὐτούς
1621 390 1720 444 εἰσ-

1838 391 1929 449 los
1947 394 2026 450 ad
2056 392 2533 463 ingrediendum,
2562 392 2724 464 ipsos
2780 406 2924 449 vero
2945 392 3236 451 noluisse.
3264 393 3345 449 De
3366 409 3496 450 mu-

149 480 309 545 ελθεῖν,
350 478 495 531 αύτοὶ⁵
528 474 586 531 δε
638 479 696 531 ού
730 479 955 535 θελουσι.
989 483 1124 556 Πρός
1170 481 1229 532 τὸ
1255 476 1395 551 δόμα
1424 474 1512 531 οὖν
1543 480 1568 531 ὁ
1602 480 1731 551 μέ).-

145 570 281 621 λουσι
299 567 647 643 κληρονομεῖν,
675 576 827 622 τοῦτο
849 570 993 633 ἄντες
1024 569 1186 645 ὀρθῶς
1224 572 1379 633 εἴποι,
1418 568 1475 622 Εἰ
1511 569 1730 631 ἕκαστος

149 656 221 729 ἀφ’
240 657 297 709 οὗ
322 658 533 715 ἐκτίσθη
561 658 587 708 6
608 654 803 728 Ἀδὰμ,
827 658 921 718 έως
950 667 1043 721 τῆς
1072 657 1360 719 συντελείας
1390 664 1481 710 τοῦ
1505 660 1727 730 κόσμου,

149 746 359 818 ἱπολίμει
413 749 542 820 πρὸς
597 750 685 798 τόν
743 752 995 814 Σατανᾶν,
1053 752 1145 801 καὶ
1200 748 1437 819 ὑπέμεινε
1486 749 1581 808 τὰς
1627 747 1731 799 θλί-

148 836 266 905 ψεις,
322 833 471 888 οὐδὲν
527 839 664 907 μέγα
719 839 883 890 ἒποίει
934 839 1066 911 πρὸς
1094 841 1187 895 τὴν
1246 832 1404 899 δόξαν
1455 836 1515 893 ἢν
1562 836 1731 908 μέλλει

148 924 481 996 κληρονομεῖν.
540 923 955 996 Συμϐασιλεύσει
1026 929 1128 998 γὰρ
1187 925 1259 988 εἰς
1325 927 1445 987 τοὺς
1513 923 1731 1001 ἀπεράν-

149 1033 253 1073 τους
300 1013 491 1076 αἰῶνας
547 1017 677 1086 μετὰ
733 1021 989 1087 Χριστοῦ.
1048 1015 1181 1079 Δόξα
1230 1022 1300 1086 τῷ
1331 1014 1494 1075 οὕτως
1524 1012 1729 1085 ἀγάπη-

153 1120 283 1153 σαντι
317 1106 410 1161 τὴν
453 1104 701 1161 τοιαύτην
747 1102 953 1174 ψυχὴν,
988 1105 1070 1156 ὅτι
1098 1104 1251 1157 αύτόν
1299 1102 1453 1164 αύτός
1500 1108 1590 1155 καὶ
1635 1107 1728 1161 τήν

150 1192 289 1264 χάριν
313 1192 474 1242 αύτοῦ
505 1187 688 1255 ἔδωκε,
716 1196 806 1245 καὶ
836 1191 1165 1246 ίνεπίστευσε
1192 1199 1255 1264 τῇ
1288 1191 1469 1265 ψυχῇ.
1502 1192 1634 1255 Δόξα
1662 1199 1724 1258 τῇ

151 1279 469 1353 μεγαλωσύνη
500 1284 682 1336 αὐτοῦ.

207 1404 318 1459 AB’.
376 1407 525 1459 Κατὰ
551 1406 618 1458 τὰ
670 1409 967 1477 φαινόμενα,
1036 1408 1339 1478 πράγματα,
1388 1401 1505 1458 ἰδού
1542 1407 1727 1470 πάντες

147 1494 186 1545 οἱ
233 1494 569 1565 καθεζόμενοι
621 1491 835 1567 ἀδελφοὶ
891 1498 1015 1566 μίαν
1072 1494 1245 1549 εἰκόνα
1299 1498 1509 1567 ἔχομεν,
1553 1500 1643 1548 καὶ
1679 1495 1728 1548 ἓν

146 1586 402 1653 πρόσωπον
442 1590 535 1635 τοῦ
588 1578 799 1654 Ἀδάμ’
860 1577 963 1655 ἆρα
1010 1588 1101 1635 καὶ
1149 1583 1223 1646 εἰς
1252 1585 1309 1635 τὸ
1356 1586 1605 1658 κρυπτὸν,
1637 1588 1724 1637 καὶ

146 1670 205 1731 εἰς
249 1674 309 1723 τὰ
357 1668 618 1724 ἑνδότατα
649 1674 953 1743 πράγματα,
1016 1676 1115 1745 μία
1172 1670 1311 1725 ἐστὶν
1354 1674 1385 1730 ἡ
1425 1677 1726 1746 προαίρεσις

146 1779 323 1812 παντων
358 1777 371 1826 ;

145 1847 308 1919 ἀγαθοὶ
351 1855 448 1902 καὶ
504 1849 780 1911 θεοσεϐεῖς.
823 1849 888 1903 Ἥ
945 1851 1049 1923 ἄρα
1106 1850 1209 1903 εἰσί
1260 1869 1393 1913 τινες
1449 1851 1501 1913 ἐξ
1552 1852 1721 1923 ἡμῶν,

141 1940 210 1990 ότι
274 1939 322 1991 οἱ
567 1947 873 1993 κοινωνοῦσι
948 1947 1164 2014 Χριστῷ
1238 1946 1329 1993 καὶ
1402 1947 1511 2003 τοῖς
1570 1940 1726 2012 ἁγγέ-

141 2026 231 2090 λοις
279 2028 466 2093 αὐτοῦ,
525 2030 571 2082 οἱ
628 2025 687 2082 δε
753 2037 823 2101 τῷ
881 2035 1082 2082 Σατανᾶ
1135 2033 1225 2082 καὶ
1282 2036 1387 2089 τοῖς
1440 2025 1665 2102 δαίμοσι
1706 2046 1719 2059 '

143 2121 219 2168 καὶ
275 2117 381 2169 ὅλοι
452 2120 521 2179 ὡς
577 2113 648 2179 εἰς
709 2122 1005 2191 φαινόμενοι
1067 2119 1201 2191 ὁμοῦ
1254 2120 1621 2190 καθεζόμεθα*
1673 2117 1722 2170 ἓν

143 2209 397 2278 πρόσωπον
466 2213 559 2259 τοῦ
639 2203 816 2279 Ἀδὰμ
882 2208 1069 2270 πάντες
1138 2210 1349 2279 ἔχομεν.
1404 2206 1562 2279 Ὁρᾷς
1613 2214 1723 2269 πῶς

141 2293 294 2348 ἅλλοτί
321 2296 471 2349 ἐστιν
521 2297 550 2354 ἡ
584 2297 734 2370 νοερὰ
784 2295 969 2363 ούσία,
1012 2297 1038 2348 6
1077 2298 1180 2349 ἔσω
1235 2297 1526 2369 ἅνθρωπος,
1581 2298 1724 2369 παρὰ

140 2385 213 2434 τὸν
258 2384 385 2450 ἓξω;
418 2385 501 2437 ὅτι
548 2385 617 2445 εἷς
666 2386 953 2458 φαινόμεθα
1018 2387 1068 2437 οἱ
1121 2386 1345 2448 πάντεςο
1390 2390 1480 2438 καὶ
1527 2388 1576 2438 οἱ
1633 2388 1723 2458 μεν

138 2474 250 2542 μετὰ
294 2480 385 2526 τοῦ
446 2480 681 2546 Χριστοῦ
738 2478 827 2526 καὶ
881 2482 978 2527 τῶν
1037 2472 1264 2546 ἀγγέλων
1317 2474 1446 2527 εἰσίν
1489 2494 1501 2508 ·
1558 2477 1608 2527 οἱ
1665 2471 1725 2527 δε

138 2565 248 2632 μετὰ
292 2569 382 2615 τοῦ
448 2568 653 2616 Σατανᾶ
713 2568 805 2615 καὶ
860 2571 960 2615 τῶν
1030 2561 1335 2638 ἀκαθάρτων
1398 2567 1721 2636 πνευμάτων.

140 2651 187 2704 Εἰ
229 2647 313 2703 ούν
342 2654 371 2710 ἡ
435 2648 635 2725 καρδία
680 2650 844 2725 βάθος
882 2672 933 2705 τι
979 2654 1093 2725 ἔχει
1141 2650 1446 2728 ἀπέραντον,
1480 2653 1583 2707 ἐκεῖ
1622 2653 1725 2706 εἱσι

137 2739 383 2811 τρίκλινοι,
449 2746 544 2793 καὶ
588 2748 843 2806 κοιτῶνες,
930 2742 1103 2814 θύραι,
1159 2747 1247 2795 καὶ
1315 2745 1575 2815 πρόθυρα,
1634 2746 1725 2795 καὶ

138 2825 378 2882 διακονίαι
430 2829 642 2895 πολλαὶ,
694 2836 781 2883 καὶ
833 2826 1086 2894 διέξοδοι.
1138 2830 1273 2885 Ἐκεῖ
1318 2830 1521 2885 ἔστιτὸ
1574 2831 1725 2904 ἔργα·

139 2924 327 2992 στήριον
381 2927 483 2981 τῆς
531 2915 896 2987 δικαιοσύνης,
947 2925 1037 2973 καὶ
1088 2917 1337 2982 ἀδικίας⁶
1372 2920 1477 2974 ἐκεῖ
1508 2922 1533 2973 6
1573 2923 1726 2973 θάνα-

138 3024 239 3071 τος·
288 3007 390 3061 ἐκεῖ
448 3010 591 3061 ἐστιν
656 3010 686 3067 ἡ
746 3012 892 3073 ζωή·
928 3008 1033 3062 ἐκεῖ
1090 3007 1231 3063 ἔστιν
1277 3011 1305 3069 ἡ
1342 3008 1511 3083 ἀγαθὴ
1569 3008 1725 3083 ἇμπο-

133 3100 224 3167 ρία,
254 3102 339 3151 καὶ
372 3099 402 3157 ἡ
438 3100 672 3151 ἐναντία.

193 3221 307 3277 AI“.
357 3221 566 3295 Ὠσπερ
613 3220 699 3274 ἐὰν
739 3221 1049 3295 ᾖπαλάτιον
1096 3225 1367 3293 μέγιστον,
1424 3227 1511 3275 καὶ
1568 3230 1723 3276 τοῦτο

138 3312 381 3385 ίρημωθῇ,
430 3314 525 3363 καὶ
560 3309 809 3383 πληρωθῇ
854 3314 1033 3372 πάσης
1065 3307 1360 3377 δυσωδίας,
1407 3316 1497 3365 καὶ
1534 3320 1723 3385 νεκρῶν

140 3398 311 3451 πολλῶν
340 3420 353 3432 ·
383 3404 527 3453 οὕτω
560 3405 649 3452 καὶ
681 3403 737 3452 τὸ
768 3399 1017 3452 παλάτιον
1062 3408 1154 3453 τοῦ
1198 3408 1433 3475 Χριστοῦ
1464 3403 1490 3460 ἣ
1526 3398 1726 3473 καρδία

134 3488 248 3554 εστὶ,
277 3494 364 3541 καὶ
393 3493 550 3561 γέμει
592 3489 768 3549 πάσης
818 3487 1169 3562 ἀκαθαρσίας,
1244 3494 1333 3542 καὶ
1382 3490 1554 3561 ὄχλων
1603 3490 1723 3544 πολ-

135 3574 214 3627 λῶν
258 3586 501 3652 πονηρῶν
554 3579 857 3649 πνευμάτων
907 3582 1018 3650 Χρὴ
1072 3573 1159 3630 οὖν
1208 3584 1358 3630 τοῦτο
1408 3577 1719 3639 ἁνακτισθῆ-

134 3683 221 3731 ναι,
282 3672 372 3720 καὶ
446 3662 951 3737 ἁνοικοδομηθῆναι,
1021 3670 1107 3719 καὶ
1185 3665 1587 3740 εὐτρεπισθῆναι
1657 3671 1723 3721 τὰ

133 3762 313 3823 ταμεῖα,
373 3760 469 3808 καὶ
528 3756 595 3806 τὰ
645 3753 1005 3809 κουϐούκλεια.
1063 3754 1202 3807 Ἐκεῖ
1249 3757 1351 3827 γὰρ
1401 3756 1425 3807 ό
1472 3754 1723 3827 βασιλεὺς

135 3845 335 3914 Χριστός
392 3845 534 3916 μετὰ
586 3851 686 3895 τῶν
744 3842 992 3915 ἀγγέλων,
1052 3848 1141 3896 καὶ
1198 3852 1297 3896 τῶν
1352 3842 1513 3915 ἁγίων
1567 3864 1722 3897 πνευ-

132 3933 283 3999 μάτων
372 3936 597 4007 ἔρχεται
679 3932 1060 3995 ἔπαναπαῆναι,
1152 3936 1241 3984 καὶ
1316 3932 1552 3997 οἰκῆσαι,
1630 3938 1717 3987 καὶ

132 4017 555 4095 ἐμπεριπατῆσαι,
627 4025 717 4074 καὶ
766 4022 927 4074 θεῖναι
1000 4024 1095 4080 τὸν
1166 4021 1353 4073 ἑαυτοῦ
1398 4018 1666 4094 βασιλείαν
1702 4043 1714 4056 ο

133 4114 260 4180 Λέγω
301 4108 381 4180 δὲ,
438 4113 619 4183 ὥσπερ
677 4110 766 4162 ἐὰν
910 4108 1088 4163 πλοῖον
1140 4111 1262 4182 ἔχον
1314 4109 1505 4169 πολλὴν
1558 4129 1718 4163 κατα-

130 4203 315 4265 σκευὴν,
352 4202 461 4253 ἑκεῖ
510 4200 535 4250 6
591 4197 911 4272 κυϐερνήτης
968 4194 1159 4252 διοικεῖ
1210 4201 1326 4259 τούς
1377 4200 1594 4267 πάντας,
1626 4204 1716 4253 καὶ

129 4284 379 4360 οἰκονομεῖ,
429 4294 542 4348 τοῖς
592 4290 683 4361 μεν
714 4285 1061 4351 επιπληττων,
1115 4287 1300 4350 ἄλλους
1359 4284 1418 4341 δὲ
1457 4284 1663 4360 ὁδηγῶν
1696 4303 1710 4318 ·

130 4374 269 4439 οὕτως
322 4376 436 4431 ἐστὶ
493 4380 584 4430 καὶ
638 4377 669 4435 ἠ
720 4372 919 4450 καρδία
973 4379 1179 4448 ἔχουσα
1228 4380 1316 4429 τὸν
1364 4384 1480 4429 νοῦν
1526 4376 1713 4452 κυϐερ-

1842 497 1979 537 nere
2005 497 2167 552 ergo,
2193 480 2357 554 quod
2389 481 2705 537 Christiani
2728 482 3103 537 haereditario
3110 483 3243 552 jure
3260 497 3489 553 posses-

1841 571 1961 627 suri
1991 576 2149 635 sunt,
2176 574 2329 626 recte
2359 570 2472 625 hoc
2501 571 2637 642 quis
2662 570 2859 626 dicere
2886 570 3105 641 possit:
3126 570 3180 626 Si
3214 570 3497 641 quisque,

1841 675 1913 716 ex
1937 676 2059 732 quo
2085 664 2316 715 creatus
2346 664 2432 715 est
2462 660 2672 723 Adam,
2704 675 2891 731 usque
2918 659 2995 715 ad
3026 660 3497 715 consummatio-

1841 765 1979 806 nem
2009 749 2239 817 mundi,
2271 748 2579 804 dimicaret
2607 754 2815 805 contra
2845 750 3151 813 Satanam,
3173 749 3498 805 etsustine-

1840 843 1928 895 ret
1975 836 2345 905 atﬂictiones,
2396 837 2544 892 nihil
2603 838 2809 906 magni
2862 842 3170 909 perageret
3223 839 3497 909 respectu

1841 926 2064 997 gloriae,
2095 942 2280 998 quam
2306 929 2739 982 consecuturus
2780 930 2888 981 est.
2918 926 3206 995 Regnabit
3248 927 3407 982 enim
3435 926 3496 981 in

1840 1016 2073 1071 inﬁnita
2098 1016 2317 1071 saecula
2342 1031 2465 1071 una
2495 1031 2633 1070 cum
2669 1014 2914 1069 Christo.
2940 1014 3141 1069 Gloria
3169 1016 3244 1069 sit
3266 1015 3367 1081 illi,
3391 1015 3496 1086 qui

1840 1110 2003 1163 tanto
2049 1110 2401 1176 prosecutus
2444 1110 2756 1160 estamore
2808 1103 2983 1159 talem
3018 1104 3306 1169 animam,
3336 1109 3397 1159 ut
3428 1119 3491 1158 se

1839 1196 2042 1266 ipsum
2086 1210 2156 1249 ac
2211 1210 2383 1249 suam
2416 1194 2671 1266 gratiam
2698 1192 3019 1249 contulerit
3071 1208 3139 1248 ac
3180 1192 3498 1248 crediderit

1840 1283 2079 1340 animae.
2116 1282 2310 1339 Gloria
2333 1282 2405 1338 sit
2436 1282 2894 1352 magniﬁcentiae
2928 1281 3077 1353 ejus.

1909 1407 2111 1465 XXXII.
2146 1407 2491 1464 Secundum
2540 1422 2629 1472 ea,
2673 1424 2808 1478 quae
2858 1405 3048 1462 oculis
3092 1409 3315 1478 patent,
3362 1420 3496 1461 ecce

1839 1513 1951 1553 nos
1982 1513 2195 1552 omnes
2223 1496 2456 1561 fratres,
2486 1497 2589 1568 qui
2623 1496 2925 1562 sedemus,
2962 1512 3080 1552 una
3116 1511 3327 1550 sumus
3349 1510 3498 1567 prae-

1837 1586 1939 1641 diti
1982 1586 2268 1656 imagine,
2324 1591 2503 1657 atque
2564 1601 2681 1639 una
2727 1585 2873 1641 facie
2912 1585 3073 1640 Adae.
3120 1586 3292 1639 Estne
3353 1598 3496 1653 ergo

1838 1677 2017 1732 etiam
2059 1675 2116 1730 in
2148 1675 2389 1730 secretis
2436 1678 2490 1729 et
2543 1674 2768 1729 intimis
2824 1673 3025 1737 rebus,
3057 1688 3178 1729 una
3221 1672 3495 1728 omnium

432 1766 523 1812 καὶ
577 1765 677 1833 μία
727 1758 982 1834 καρδία;
1037 1763 1217 1822 πάντες
1280 1763 1384 1837 ἄρα
1445 1761 1493 1814 ἓν
1551 1762 1720 1835 ἐσμεν,

1838 1765 2115 1821 voluntas
2154 1763 2183 1819 ‘i
2223 1780 2409 1819 unum
2443 1780 2545 1819 cor
2574 1764 2602 1818 εἴ
2630 1778 2843 1819 omnes
2876 1778 3017 1832 ergo
3052 1777 3239 1815 unum
3271 1761 3495 1816 erimus

1836 1853 1980 1910 boni
2012 1860 2069 1909 et
2094 1853 2355 1923 religiosi
2385 1869 2397 1907 :
2432 1869 2509 1907 an
2538 1853 2740 1924 utique
2769 1851 3019 1923 quidam
3044 1866 3115 1905 ex
3140 1849 3315 1904 nobis
3331 1856 3489 1915 sunt,

1833 1942 1937 2015 qui
1969 1942 2312 1998 societatem
2343 1942 2758 1997 inieruutcum
2786 1940 3013 1997 Christo
3036 1941 3285 2011 ejusque
3315 1952 3494 2009 ange-

1831 2033 1902 2087 lis
1936 2048 1950 2097 ;
1979 2031 2188 2103 reliqui
2221 2046 2359 2088 vero
2392 2046 2530 2086 cum
2563 2032 2789 2086 Satana
2810 2028 3254 2085 etdaemonibus
3280 2031 3493 2083 utcun-

1833 2136 1949 2193 que
2002 2136 2212 2176 omnes
2260 2119 2418 2175 velut
2461 2135 2616 2175 unus
2654 2119 2970 2174 videamur
3013 2118 3221 2173 sedere
3253 2118 3281 2172 ?
3307 2131 3493 2173 unam

1832 2210 2057 2282 quippe
2088 2209 2301 2266 faciem
2330 2208 2471 2264 Adae
2500 2213 2831 2279 gestamus.
2875 2207 3144 2273 Videsne,
3178 2205 3490 2279 quomodo

1834 2298 1998 2355 aliud
2024 2298 2338 2371 quidpiam
2369 2298 2440 2354 sit
2466 2298 2803 2353 substantia
2834 2294 3212 2363 intellectiva,
3250 2293 3493 2350 interior

1835 2386 2101 2443 videlicet
2131 2387 2333 2453 homo,
2366 2403 2553 2459 quam
2575 2386 2829 2442 exterior
2865 2385 2892 2440 τί
2931 2400 3142 2441 omnes
3172 2385 3332 2440 enim
3361 2387 3494 2439 tan-

1833 2493 2018 2549 quam
2042 2492 2198 2532 unus
2236 2491 2365 2531 esse
2378 2474 2670 2531 videmur.
2693 2476 3237 2547 Ethiquidemcum
3257 2473 3492 2529 Christo

1834 2571 1890 2623 et
1917 2566 2144 2635 angelis
2170 2565 2301 2635 ejus
2335 2565 2581 2629 sunt,'rlli
2611 2580 2749 2619 vero
2764 2580 2902 2619 cum
2921 2562 3493 2619 Satanaetimmun-

1834 2655 1928 2711 dis
1955 2655 2285 2725 spiritibus.
2318 2656 2465 2711 Cum
2495 2669 2637 2723 ergo
2663 2669 2766 2722 cor
2797 2652 3269 2724 profunditatem
3298 2649 3492 2705 inﬁni-

1835 2748 1957 2800 tam
2015 2744 2251 2807 habeat,
2312 2743 2392 2798 ibi
2449 2748 2587 2797 sunt
2645 2741 2914 2807 triclinia,
2950 2739 3247 2805 cubicula,
3310 2738 3488 2801 fores,

1836 2832 2487 2899 vestibula,ministeria
2519 2831 2708 2887 multa
2739 2836 2794 2886 et
2821 2830 3013 2887 exitus
3044 2851 3055 2883 :
3082 2829 3161 2884 ibi
3187 2832 3274 2883 est
3303 2826 3491 2884 offici-

1834 2937 1915 2978 na
1938 2922 2204 2993 justitite,
2238 2925 2419 2992 atque
2442 2919 2750 2991 injustitiae
2776 2919 2859 2974 ibi
2887 2935 3067 2985 mors,
3098 2917 3301 2990 ibique
3332 2916 3486 2972 vita:

1834 3012 1917 3068 ibi
1947 3012 2111 3068 bona
2130 3009 2453 3082 negotiatio
2478 3014 2534 3064 et
2556 3008 2879 3065 contraria.

1902 3223 2125 3280 XXXIII.
2145 3220 2671 3288 Quemadmodum
2693 3219 2741 3275 si
2768 3218 3059 3291 palatium
3084 3219 3155 3273 sit
3188 3216 3488 3289 amplum,

1834 3327 1904 3368 ac
1933 3311 2242 3366 deseratur
2271 3308 2438 3373 illud,
2470 3313 2525 3365 et
2562 3308 2759 3364 omnis
2802 3308 3038 3378 generis
3084 3306 3493 3377 graveolentia

1833 3400 2151 3472 repleatur,
2176 3415 2247 3455 ac
2276 3398 2673 3455 cadaveribus
2716 3397 2915 3453 multis
2949 3415 2962 3463 ;
3004 3398 3087 3452 sic
3120 3411 3364 3468 quoque
3391 3410 3492 3452 cor

1831 3489 1999 3562 quod
2025 3489 2317 3561 palatium
2346 3488 2551 3544 Christi
2574 3494 2683 3553 est,
2712 3488 2983 3543 abundat
3012 3486 3492 3542 omniinodaim-

1830 3580 2086 3651 puritate
2118 3584 2170 3633 et
2232 3577 2504 3649 plurimis
2549 3577 2741 3632 turbis
2787 3592 3104 3649 pravorum
3148 3575 3487 3647 spirituum.

1832 3670 2074 3740 Oportet
2102 3666 2281 3737 igitur
2311 3665 2371 3720 id
2393 3667 2734 3729 restaurari,
2770 3672 2825 3721 et
2852 3665 3222 3729 remdiﬁcari,
3252 3680 3320 3719 ac
3343 3678 3491 3733 prte-

1829 3757 2029 3829 parari
2060 3755 2370 3812 conclaxia
2398 3760 2455 3810 et
2484 3754 2774 3810 cubicnle.
2814 3753 2951 3809 Illuc
2989 3753 3150 3809 enim
3190 3769 3293 3807 rex
3329 3751 3488 3806 Chri-

1830 3852 1955 3901 stus
1993 3861 2132 3901 cum
2162 3844 2387 3913 angelis
2422 3850 2477 3898 et
2505 3843 2812 3913 spiritibus
2840 3842 3063 3896 sanctis
3104 3840 3284 3906 venit,
3318 3844 3378 3893 ut
3406 3838 3487 3894 ibi

1829 3934 2182 4006 requiescat,
2230 3932 2455 3989 habitet
2506 3938 2563 3986 et
2601 3930 2953 3995 inambulet,
3015 3937 3195 4001 atque
3237 3927 3486 3984 collocet

1827 4038 2081 4093 regnum
2114 4037 2313 4076 suum.
2360 4022 2496 4077 Dico
2526 4025 2750 4085 autem,
2794 4018 3043 4091 perinde
3076 4033 3147 4073 ac
3212 4018 3260 4070 si
3312 4015 3486 4071 navis

1830 4114 2016 4169 multo
2061 4114 2359 4183 apparatu
2404 4112 2694 4165 instructa
2725 4109 2815 4169 sit.
2849 4110 2909 4163 in
2957 4124 3080 4181 qua
3110 4105 3479 4176 gubernator

1786 4196 1789 4197 ⁷
1826 4206 2061 4270 regatet
2086 4200 2427 4256 moderetur
2455 4213 2687 4264 omnes,
2710 4197 2821 4253 hos
2850 4196 3095 4269 quidem
3124 4195 3484 4266 obiurgans,

1825 4291 1955 4347 illos
1986 4305 2125 4346 vero
2155 4288 2421 4358 dirigens
2447 4288 2693 4343 :eodem
2723 4285 2905 4343 modo
2933 4301 2997 4341 se
3013 4285 3195 4342 habet
3221 4300 3340 4349 cor,
3372 4298 3483 4355 pro

1825 4381 2224 4450 gubernatore
2239 4378 2468 4433 habens
2484 4382 2756 4432 mentem.
2771 4376 3203 4431 conscientiam
3231 4387 3488 4443 arguen-

126 4468 282 4530 νήτην,
325 4471 415 4525 τὴν
482 4461 792 4523 συνείδησιν
850 4463 1196 4537 ἐλέγχουσαν,
1250 4465 1536 4538 λογισμούς
1590 4486 1714 4519 κατ-

1836 4478 1966 4534 ‘Lem,
1997 4469 2113 4540 62
2148 4467 2538 4538 cogitationes
2560 4470 2911 4521 accusantes
2950 4480 3022 4520 ac
3042 4462 3430 4518 defendentes
3469 4476 3481 4516 :

126 4562 418 4622 ηγοροῦντας
452 4560 544 4607 καὶ
583 4553 1033 4626 ἀπολογουμένους
1064 4571 1077 4583 ·
1108 4553 1245 4625 λέγει
1274 4555 1376 4628 γάρ
1403 4570 1415 4584 ⁸
1454 4554 1711 4618 Μεταξὺ

127 4640 389 4702 ἀλλήλων
430 4653 551 4698 τῶν
579 4644 914 4719 λογισμῶν
953 4647 1570 4720 κατηγορούντων,ἧ
1604 4650 1711 4700 καὶ

132 4728 678 4807 ἀπολογουμένων.

188 4858 295 4912 AA'.
340 4858 506 4933 Ὁρᾷς
562 4859 643 4911 ὅτι
692 4860 722 4917 ἡ
785 4854 1094 4920 συνείδησις
1154 4857 1213 4910 ού
1276 4862 1543 4934 συγκρίνει
1590 4862 1714 4920 τούς

126 4948 368 5008 τοιούτους
417 4946 715 5019 λογισμοὺς
766 4950 888 5007 τούς
937 4947 1297 5009 ὑπακούοντας
1340 4955 1401 5020 τῇ
1458 4948 1708 5024 ἁμαρτίᾳ,

127 5030 218 5084 ἀλλ’
257 5036 408 5098 εύθύς
458 5035 681 5109 ἔλέγχει.
728 5036 806 5089 Ού
849 5031 1106 5106 ψεύδεται
1148 5038 1272 5109 γὰρ,
1318 5034 1427 5089 ἐπεὶ
1475 5041 1528 5090 τί
1575 5040 1711 5090 εἴποι

127 5118 314 5176 ἐνώπιον
364 5132 462 5179 τοῦ
511 5132 645 5180 Θεοῦ
691 5124 740 5178 ἓν
767 5134 827 5197 τῇ
888 5126 1057 5198 ἡμέρᾳ
1102 5132 1198 5187 τῆς
1248 5129 1462 5199 κρίσεως
1513 5129 1710 5199 μαρτύ-

127 5227 269 5282 ρεται,
322 5216 388 5276 ὡς
440 5215 661 5267 πάντοτε
718 5213 1034 5287 ἐλέγχουσα.
1089 5212 1289 5286 Ὠσπερ
1346 5213 1430 5266 ίαν
1566 5214 1710 5288 άρμα

127 5305 205 5350 καὶ
240 5302 404 5372 ἠνὶαι,
451 5305 518 5355 τὰ
561 5305 688 5368 ζῶα,
740 5307 831 5357 καὶ
880 5309 1028 5356 πᾶσα
1074 5304 1104 5361 ἡ
1153 5308 1449 5362 κατασκευὴ
1493 5305 1592 5357 ὑπὸ
1623 5304 1709 5357 ἕνα

132 5387 325 5461 ἡνίοχόν
366 5391 504 5456 ἐστι,
533 5392 733 5461 λοιπόν,
778 5394 861 5446 ὅτε
900 5392 1029 5444 θίλει
1072 5391 1281 5458 ἐκεῖνος,
1315 5391 1534 5465 ὀξυτάτη
1569 5394 1702 5466 ὁρμῇ

138 5480 322 5548 φέρεται
366 5482 470 5533 ύπὸ
518 5488 610 5534 τοῦ
655 5482 886 5559 ἅρματος
918 5495 932 5511 ⁶
966 5481 1047 5534 ὅτε
1084 5477 1145 5534 δε
1191 5480 1341 5549 θέλει,
1386 5480 1563 5555 ἐπίχει
1608 5482 1704 5535 αύ-

200 5647 244 5681 ⁸⁸
272 5650 439 5706 Rom.
467 5665 524 5717 ιι,
551 5652 637 5706 l5.

1823 4557 2016 4630 inquit
2039 4555 2717 4626 enim:Cogitationibus
2748 4554 2905 4611 inter
2929 4568 2989 4609 se
3018 4554 3270 4609 invicem
3311 4565 3486 4608 accu-

1822 4646 2088 4704 santibus
2118 4651 2171 4702 et
2197 4642 2642 4717 defendentibus
2675 4644 2743 4697 ⁸⁵.

1894 4861 2124 4917 XXXIV.
2166 4859 2337 4916 Vides
2363 4856 2792 4915 conscientiam
2833 4872 2953 4912 non
2993 4853 3331 4927 approbare
3371 4853 3483 4909 hu-

1816 4948 2083 5019 jusmodi
2132 4948 2540 5018 cogitationes,
2574 4961 2710 5019 quas
2751 4949 2995 5015 peccato
3038 4944 3481 5014 obtemperant,

1821 5039 1925 5094 sed
1948 5039 2146 5093 statim
2176 5051 2445 5105 arguere.
2479 5038 2604 5091 Non
2627 5033 2788 5089 enim
2824 5034 3124 5097 mentitur,
3160 5032 3308 5104 quia
3336 5030 3483 5102 quid

1819 5127 2048 5183 dictura
2088 5124 2164 5180 sit
2193 5141 2397 5180 coram
2444 5127 2559 5179 Deo
2603 5123 2661 5178 in
2709 5123 2805 5179 die
2849 5121 3059 5192 judicii
3108 5120 3479 5181 testificatur,

1819 5221 2111 5287 tanquam
2140 5213 2417 5269 continue
2450 5210 2915 5283 reprehendens.
2962 5208 3207 5263 Perinde
3234 5223 3303 5262 ac
3326 5207 3373 5261 si
3407 5206 3483 5261 sit

1818 5320 2048 5368 currus,
2080 5307 2135 5358 et
2165 5301 2352 5367 frena,
2383 5300 2688 5365 animalia,
2717 5306 2773 5355 et
2796 5298 2993 5354 omnis
3014 5301 3341 5369 apparatus
3366 5295 3481 5349 sub

1818 5408 1938 5449 uno
2002 5391 2376 5448 moderatore
2442 5395 2581 5445 sunt
2613 5408 2626 5448 :
2658 5387 2906 5460 quando
2946 5402 3089 5456 ergo
3144 5386 3196 5440 ei
3260 5383 3479 5456 placet,

1816 5480 2187 5539 velocissime
2213 5495 2388 5535 cursu
2416 5478 2647 5535 vehitur
2668 5493 2703 5533 a
2734 5491 2909 5533 curru
2937 5496 2947 5540 ;
2981 5474 3228 5548 quando
3263 5489 3401 5530 vero
3428 5473 3481 5530 ei
