4076 6210
587 263 687 317 599

1887 262 1941 316 S.
1983 259 2283 316 MACARII
2321 257 2629 314 EGYPTll
3796 262 3892 317 600

583 386 777 458 placet
806 385 992 449 aliter,
1031 383 1240 442 retinet
1278 385 1444 441 illum
1474 403 1486 438 :
1520 385 1720 441 denuo
1749 386 1851 442 ubi
1875 387 2068 458 placet
2096 402 2233 442 eum

2352 389 2402 437 τό
2436 402 2447 413 ·
2477 384 2628 437 πάλιν
2685 386 2812 437 ὅπου
2863 384 2990 437 θέλει
3044 385 3366 459 μετατρέψαι
3434 383 3577 449 αύτὸ,
3647 384 3739 438 ἐκεῖ
3787 386 3894 441 αύτό

583 481 946 542 convertere,
979 476 1059 530 ibi
1092 475 1364 546 sequitur
1391 476 1996 546 currus;totusigitur
2028 491 2236 531 currus

585 565 696 619 sub
727 569 1019 636 potestate
1052 563 1361 634 dirigentis
1384 572 1470 618 est
1499 580 1511 618 :
1546 564 1627 619 sic
1658 580 1900 636 quoque
1931 581 2032 620 cor
2057 565 2238 620 habet

585 653 807 709 multas
861 654 1250 722 cogitationes
1289 653 1610 717 naturales,
1670 654 2044 709 adhaerentes
2101 653 2235 718 sibi,

585 759 757 800 mens
790 749 986 798 autem
1031 749 1084 799 et
1131 743 1494 798 conscientia
1535 743 1979 814 reprehendunt
2016 749 2072 798 et
2102 742 2239 798 diri-

587 839 734 902 gunt
760 849 880 897 cor,
899 838 1076 903 atque
1109 831 1350 903 sopiunt
1373 837 1428 886 et
1459 832 1674 887 sedant
1700 831 2238 902 naturalescogita-

586 922 776 977 tiones
817 923 873 975 in
920 920 1096 975 corde
1135 920 1543 975 scaturientes.
1579 921 1842 976 Membra
1867 921 2025 976 enim
2066 920 2240 994 plura

588 1009 770 1067 habet
809 1011 1028 1074 anima,
1063 1009 1196 1064 licet
1228 1024 1346 1064 una
1372 1010 1461 1063 sit.

661 1135 849 1190 XXXV.
907 1135 988 1187 Ex
1044 1147 1166 1204 quo
1225 1132 1385 1188 enim
1438 1138 1847 1201 transgressus
1913 1139 1998 1189 est
2046 1133 2237 1189 Adam

588 1221 970 1288 mandatum,
1011 1220 1260 1276 accessit
1299 1237 1565 1294 serpens,
1595 1222 1999 1294 dominusque
2046 1222 2235 1278 factus

589 1315 679 1365 est
714 1309 1405 1374 domus,velutetaltera
1454 1314 1662 1366 anima
1717 1327 1854 1366 cum
1875 1311 2108 1367 anima.
2146 1312 2238 1366 Ait

586 1400 748 1454 enim
781 1399 1068 1453 Dominus
1103 1417 1115 1452 ε
1153 1400 1499 1471 Quicunque
1523 1417 1643 1455 non
1671 1402 2106 1456 renuntiaverit
2129 1401 2240 1455 sibi

584 1489 718 1555 ipsi,
752 1495 803 1543 et
837 1490 939 1558 qui
957 1505 1076 1543 non
1108 1489 1294 1544 oderit
1323 1489 1588 1544 animam
1615 1505 1806 1554 suam,
1831 1505 1951 1545 non
1973 1497 2054 1547 est
2077 1504 2239 1545 meus

587 1577 914 1646 discipulus
937 1579 1004 1628 ⁸⁸.
1033 1579 1093 1631 Et
1123 1593 1134 1631 :
1173 1577 1283 1644 Qui
1311 1578 1508 1649 diligit
1537 1579 1799 1634 animam
1826 1595 1994 1634 suam
2015 1579 2239 1648 ,ρει-ἀει

586 1682 713 1722 eam
747 1668 812 1719 ⁸⁷.
849 1666 1151 1737 Siquidem
1174 1673 1482 1736 peccatum
1514 1674 1835 1739 postquam
1867 1667 2087 1723 invasit
2118 1669 2241 1723 ani-

588 1757 1126 1820 mam,membrum
1161 1757 1521 1827 ejusfactum
1548 1763 1652 1822 est,
1687 1757 1922 1828 ipsique
1951 1772 2240 1827 corporeo

586 1845 812 1899 homini
853 1845 1133 1910 adhaeret,
1176 1861 1245 1899 ac
1289 1846 1771 1900 scaturiuntinde
1805 1846 2007 1901 multae
2058 1851 2239 1917 atque

585 1934 836 2003 impune
863 1935 1252 2002 cogitationes
1290 1935 1347 1988 in
1393 1935 1593 1990 corde.
1626 1935 1937 2002 Quocirca,
1962 1936 2064 2006 qui
2098 1935 2240 1990 facit

586 2021 951 2076 voluntatem
987 2024 1203 2078 animae
1237 2039 1382 2092 sum,
1415 2023 1784 2078 voluntatem
1819 2024 2016 2078 cordis
2051 2023 2188 2078 facit
2219 2043 2233 2094 ;

588 2111 730 2182 quia
761 2127 897 2165 cum
932 2110 1028 2166 illo
1050 2127 1320 2167 connexa
1342 2117 1396 2166 et
1417 2112 1702 2182 permista
1723 2118 1808 2167 est
1838 2114 2062 2168 anima.
2087 2115 2238 2178 Qua-

587 2206 850 2271 propter,
881 2201 981 2271 qui
1005 2201 1340 2270 subjugum
1356 2202 1619 2256 animam
1654 2218 1824 2256 suam
1845 2202 2104 2266 mittit,et
2133 2202 2231 2273 qui

589 2288 699 2343 sibi
732 2290 1068 2360 innatisque
1095 2289 1518 2359 cupiditatibus
1548 2296 1874 2356 succenset,
1897 2291 2144 2362 perinde
2178 2306 2242 2345 se

586 2377 786 2441 habet,
822 2394 892 2434 ac
929 2378 1346 2449 quicivitatem
1378 2379 1640 2434 hostium
1657 2396 1897 2435 suorum
1921 2380 2238 2451 subjugat:

589 2467 806 2538 hicque
837 2467 1056 2535 dignus
1090 2467 1344 2522 habetur
1365 2469 1604 2539 assequi
1637 2468 1862 2524 bonam
1891 2484 2242 2525 mensuram

588 2555 859 2625 Spiritus,
885 2562 1064 2626 atque
1096 2555 1514 2611 induitvirtute
1538 2557 1747 2612 divina
1760 2557 2003 2626 adjutus
2022 2573 2240 2630 purum

588 2645 921 2710 hominem,
941 2660 1122 2716 seque
1161 2645 1291 2715 ipso
1316 2647 1687 2716 praestantior
1707 2647 1924 2701 evadit.
1945 2646 2242 2717 Ejusmodi

591 2732 750 2788 enim
789 2734 891 2805 qui
931 2739 1037 2798 est,
1081 2738 1286 2804 postea
1325 2734 1542 2789 divina:
1567 2741 1792 2789 naturae
1820 2735 1883 2791 iit
1924 2737 2240 2807 particeps,

590 2827 645 2875 et
675 2819 876 2875 evadit
922 2821 1077 2875 ﬁlius
1105 2821 1226 2889 Dei,
1254 2822 1545 2892 recipiens
1591 2821 1966 2892 signaculum
2008 2823 2244 2878 cceleste

588 2909 647 2964 in
675 2910 877 2965 anima
909 2925 1036 2964 sua.
1071 2909 1247 2965 Electi
1280 2911 1434 2964 enim
1461 2911 1589 2979 ejus
1620 2917 1925 2981 unguntur
1949 2912 2081 2967 oleo
2105 2928 2246 2968 san-

591 2998 908 3066 ctiﬁcante,
942 2998 1001 3052 in
1035 3015 1256 3071 magna
1272 2999 1559 3068 dignitate
1581 3003 2042 3067 constituuntur,
2067 3017 2136 3057 ac
2162 3017 2247 3058 re-

593 3101 697 3156 ges
727 3088 1011 3144 evadunt.

665 3213 899 3268 XXXVI.
934 3213 1027 3268 Est
1057 3213 1219 3268 enim
1249 3213 1432 3269 homo
1464 3213 1760 3284 ejusmodi
1795 3217 2043 3282 natura,
2081 3221 2141 3270 ut
2193 3219 2250 3270 et

589 3303 690 3373 qui
720 3302 780 3356 in
798 3301 1164 3372 profundum
1189 3301 1465 3372 nequitiae
1482 3302 1795 3357 demersus
1819 3308 1903 3357 est
1932 3308 2246 3374 etpeccato

593 3391 791 3455 servit,
825 3390 1083 3444 converti
1116 3390 1191 3443 ad
1234 3389 1482 3454 bonum,
1525 3397 1579 3445 et
1609 3389 1714 3462 qui
1746 3392 2004 3460 Spirituo
2057 3395 2243 3449 sancti

590 3477 916 3541 devinctus,
960 3482 1014 3531 et
1051 3477 1229 3532 rebus
1273 3478 1612 3534 coelestibus
1648 3479 1976 3534 inebriatus
2021 3487 2130 3546 est,
2166 3482 2242 3537 ad

588 3564 818 3619 malum
853 3567 1116 3620 converti
1147 3568 1610 3637 possit.Perinde
1632 3585 1700 3622 ac
1733 3568 2007 3624 simulier
2027 3571 2242 3640 pannis

587 3653 796 3709 laceris
836 3655 1048 3719 obsita,
1097 3656 1361 3711 esuriens
1393 3662 1448 3712 et
1492 3657 1769 3728 squalida
1807 3676 1819 3723 ;
1855 3664 1910 3712 et
1943 3674 2079 3729 quae
2119 3674 2236 3714 non

589 3743 819 3815 absque
844 3743 1030 3799 multo
1051 3744 1248 3800 labore
1282 3746 1503 3815 regiam
1527 3746 1876 3817 dignitatem
1892 3756 2234 3809 consecuta.

591 3832 860 3889 induitur
885 3849 1153 3905 purpura
1183 3839 1240 3889 et
1269 3849 1512 3900 corona,
1537 3852 1606 3890 ac
1637 3835 1699 3890 ﬁt
1727 3852 1954 3908 sponsa
1980 3839 2152 3908 regis,
2179 3837 2238 3892 in

591 3923 947 3979 memoriam
971 3923 1082 3978 sibi
1110 3929 1341 3979 revocet
1370 3925 1647 3996 pristinas
1681 3926 1908 3992 sordes,
1934 3943 2002 3981 ac
2038 3928 2094 3981 in
2117 3928 2240 3982 ani-

591 4027 692 4067 mo
723 4012 939 4068 habeat
968 4012 1042 4068 ad
1082 4013 1394 4084 pristinum
1419 4019 1634 4070 statum
1661 4016 2017 4080 reverti,nec
2036 4020 2236 4071 tamen

591 4101 907 4171 pristinam
946 4101 1254 4157 infamiam
1301 4102 1493 4158 redire
1534 4102 1698 4157 malit
1730 4121 1742 4157 :
1777 4103 1889 4158 hoc
1925 4105 2082 4158 enim
2126 4112 2240 4159 sto-

589 4188 776 4242 lidum
802 4193 891 4243 est
925 4206 936 4243 :
971 4189 1050 4243 ita
1068 4206 1330 4262 quoque,
1353 4193 1456 4262 qui
1493 4211 1519 4240 ‹‹
1548 4195 2140 4260 gustaruntgratiam
2156 4193 2242 4247 di-

590 4275 811 4339 vinam,
835 4276 916 4332 ad
938 4277 1199 4344 Spiritus
1218 4279 1542 4349 participes
1557 4279 1713 4347 facti
1728 4284 1865 4334 sunt
1887 4281 1954 4345 ⁸⁸,
1991 4280 2107 4335 nisi
2129 4281 2241 4335 sibi

2351 479 2662 547 συνέρχεται
2697 474 2852 526 ’ὅλον
2910 471 2997 527 οὖν
3054 478 3112 526 τὸ
3164 475 3309 550 ἅρμα
3356 475 3405 527 ἓν
3461 481 3520 545 τῇ
3583 473 3774 546 ἐξουσίᾳ
3819 485 3895 528 τοῦ

2346 565 2690 635 ἡνιοχοῦντος
2739 572 2942 616 κεῖται·
2987 564 3151 625 οὕτως
3194 569 3283 616 xui
3330 565 3360 621 ἠ
3412 559 3604 637 καρδία
3655 566 3755 634 ἕχει
3796 565 3897 616 πολι

2347 651 2466 714 λοὺς
2521 652 2805 724 λογισμούς
2857 656 3128 726 φυσικούς,
3191 648 3596 723 συνδεδεμένους
3637 652 3777 723 αὐτῇ,
3825 657 3899 704 καὶ

2349 744 2373 794 6
2421 750 2538 803 νοῦς
2582 741 2694 794 ἔστι
2723 747 2808 795 xui
2851 744 2880 800 ἡ
2929 739 3234 804 συνείδησις
3283 741 3576 813 ἐπιτιμῶσα
3620 745 3701 792 καὶ
3751 760 3899 793 κατευο

2351 833 2582 884 θύνουσα
2631 837 2721 890 τήν
2775 828 3024 906 καρδίαν,
3069 836 3158 883 xui
3212 827 3567 891 διύπνίζουσα
3615 833 3727 891 τούς
3775 849 3902 901 φυσισ

2347 925 2467 981 κούς
2507 920 2764 995 βρύοντας
2816 920 2863 972 έν
2906 929 2966 994 τῇ
3016 917 3234 994 καρδίᾳ.
3282 919 3422 977 Μέλη
3463 922 3560 992 γὰρ
3612 918 3763 972 πολλὰ
3809 921 3900 989 ἔχει

2346 1011 2524 1082 ψυχὴ,
2554 1009 2649 1061 κᾶν
2680 1015 2776 1082 μία
2806 1013 2967 1064 ἑστίν.

2420 1135 2543 1189 ΛΕ’.
2588 1136 2701 1208 Ἀφ’
2759 1135 2818 1187 οὖ
2864 1139 2965 1209 γὰρ
3025 1133 3224 1206 παρέϐη
3276 1135 3301 1186 6
3350 1129 3533 1196 Ἀδὰμ
3577 1137 3668 1190 τὴν
3710 1131 3902 1194 ἐντολὴν,

2349 1225 2650 1278 ἐπεισελθὼν
2709 1226 2734 1276 ό
2787 1228 2894 1295 ὄφις
2948 1221 3212 1285 δεσπότης
3269 1227 3445 1294 γέγονε
3498 1229 3587 1273 τού
3643 1224 3797 1286 οἴκου,
3835 1226 3905 1271 xui

2348 1318 2410 1374 ὡς
2437 1314 2592 1385 ψυχὴ
2643 1314 2789 1382 ἑτέρα
2838 1315 2969 1384 μετὰ
3023 1320 3116 1372 τῆς
3160 1312 3348 1382 ψυχῆς
3380 1311 3514 1362 ἐστι.
3566 1313 3711 1381 Λέγει
3757 1311 3845 1382 γὰρ
3887 1311 3906 1359 ὸ

2350 1407 2559 1476 Κύριος.
2596 1409 2721 1463 Hei;
2761 1404 2938 1462 ὅστις
2977 1402 3086 1454 οὐκ
3126 1401 3421 1474 ἀρνεῖται
3458 1400 3695 1469 ἑαυτὸν,
3726 1403 3820 1449 καὶ
3853 1397 3906 1449 ού

2349 1500 2530 1564 μισεῖ
2566 1497 2676 1550 τὴν
2718 1491 2948 1544 ἑαυτοῦ
2987 1491 3233 1562 ψυχὴν,
3263 1489 3376 1541 ούκ
3417 1491 3557 1541 ἔστι
3596 1506 3707 1559 μου
3747 1489 3909 1557 μαθη·

2348 1587 2487 1642 της·
2521 1587 2640 1634 καί·
2673 1580 2732 1631 Ὀ
2762 1583 3020 1652 ἀγαπῶν
3059 1584 3173 1637 την
3211 1579 3442 1650 ψυχὴν
3480 1579 3689 1641 αὑτοῦ,
3721 1575 3907 1627 ἀπολέ-

2352 1690 2449 1724 σει
2488 1670 2644 1728 αύτή
2661 1690 2706 1723 ν.
2743 1670 2884 1722 Ἐπεὶ
2908 1672 2938 1728 ἡ
2974 1671 3209 1740 ἡμαρτία
3248 1667 3618 1720 ἐπεισελθοῦσα
3666 1674 3720 1738 τῇ
3759 1665 3909 1735 ψυχῇ,

2352 1759 2500 1830 μέλος
2541 1759 2704 1821 αὐτῆς
2742 1763 2936 1830 γέγονε,
2981 1763 3071 1810 καὶ
3123 1756 3264 1828 αύτῷ
3311 1765 3383 1826 τῷ
3435 1762 3706 1827 σωματικῷ
3747 1753 3910 1825 ἀνθρώ-

2351 1869 2431 1920 πῳ
2483 1848 2808 1913 κεκόλληται,
2859 1852 2947 1900 καὶ
3009 1846 3236 1919 βρύουσι
3288 1845 3469 1897 πολλοὶ
3520 1850 3606 1897 καὶ
3658 1843 3907 1915 ἀκάθαρτοι

2351 1937 2594 2010 λογισμοὶ
2647 1940 2695 1990 ἓν
2746 1945 2807 2009 τῇ
2863 1933 3079 2009 καρδία.
3131 1937 3189 1988 Ὀ
3246 1931 3333 1987 οὖν
3381 1942 3542 1987 ποιῶν
3582 1937 3645 1985 τὰ
3686 1932 3910 2003 θελήματα

2354 2036 2450 2088 τῆς
2476 2027 2665 2098 ψυχῆς
2713 2028 2893 2090 αὐτοῦ,
2948 2028 3012 2078 τὰ
3072 2025 3332 2096 θελήματα
3375 2032 3467 2084 τῆς
3499 2019 3711 2095 καρδίας
3757 2026 3906 2072 ποιιί·

2354 2115 2533 2173 ἐπειδὴ
2587 2115 2974 2187 συμπέπλεκται
3026 2119 3116 2165 xui
3168 2117 3524 2184 συγκέκραται
3581 2115 3608 2168 ἡ
3667 2110 3824 2181 ψυχήο
3865 2107 3909 2156 Ὀ

2355 2203 2442 2257 οὖν
2489 2206 2800 2257 ύποτάσσων
2847 2209 2939 2263 την
2991 2203 3172 2274 ψυχὴν
3227 2203 3437 2269 ἑαυτοῦ,
3486 2206 3576 2253 καὶ
3623 2199 3908 2274 ὀργιζόμενος

2355 2295 2520 2364 ἐαυτῷ
2571 2299 2660 2346 xui
2713 2302 2828 2355 ταῖς
2877 2296 3158 2355 συνούσαις
3208 2292 3351 2363 αύτῷ
3409 2292 3729 2361 ἐπιθυμίαις,
3775 2286 3909 2344 οὕτως

2355 2387 2514 2447 εστὶν,
2570 2386 2636 2444 ὡς
2689 2385 2715 2434 ό
2769 2384 3082 2435 ύποτάσσων
3146 2382 3290 2433 πόλιν
3357 2380 3563 2453 ἕχθρῶν
3619 2378 3784 2440 αὑτοῦ,
3840 2377 3908 2423 καὶ

2355 2473 2504 2532 οὗτος
2555 2471 2896 2534 καταξιοῦται
2944 2470 3101 2523 έλθείν
3155 2470 3225 2532 εἰς
3274 2473 3444 2542 μέτρα
3497 2468 3666 2540 ἀγαθὰ
3719 2465 3910 2533 Πνεύμαο

2353 2581 2457 2627 τος,
2503 2567 2592 2613 xui
2650 2560 3002 2633 ἀπολαμϐάνει
3060 2557 3153 2612 διὰ
3200 2569 3294 2621 τῆς
3345 2562 3490 2620 θείας
3557 2555 3802 2628 δυνάμεως
3841 2556 3906 2602 τὸν

3207 2654 3410 2720 γίνεται
3486 2648 3667 2700 ἑαυτοῦ
3734 2646 3907 2716 μείζων.

3573 2741 3658 2788 καὶ
3724 2738 3912 2804 γίγνεται

2353 2653 2580 2724 καθαρόν
2665 2653 2956 2723 ἄνθρωπον,
3035 2655 3124 2702 καὶ

2358 2741 2700 2793 Ἀποθεοῦται
2751 2742 2851 2813 γὰρ
2919 2739 3096 2790 λοιπὸν
3151 2740 3176 2789 6
3233 2745 3486 2800 τοιοῦτος,

2356 2833 2464 2890 υἱὸς
2505 2836 2657 2891 Θεοῦ,
2700 2827 2970 2900 λαμϐάνων
3011 2831 3068 2880 τό
3111 2827 3344 2900 οὐράνιον
3402 2832 3576 2898 σίγνον
3618 2824 3664 2877 έν
3701 2830 3756 2894 τῇ
3791 2820 3911 2890 ψυχῇ

2358 2919 2538 2973 αὑτοῦ.
2599 2921 2664 2970 Oi
2697 2920 2798 2992 γὰρ
2850 2918 3077 2970 ἐκλεκτοὶ
3130 2917 3285 2969 αὐτοῦ
3328 2921 3576 2990 χρίονται
3622 2917 3676 2966 τό
3723 2911 3916 2981 ἁγιαστι-

2358 3012 2447 3060 κόν
2479 3007 2666 3073 ἔλαιον,
2707 3013 2796 3060 xui
2844 3012 3113 3078 γίγνονται
3161 3006 3511 3079 ἀξιωματικοί
3558 3011 3645 3056 xui
3700 2997 3908 3073 βασιλεῖςσ

2437 3212 2580 3295 Λς.
2628 3216 2781 3286 Ἔχει
2833 3217 2934 3286 γαρ
2981 3231 3074 3269 την
3104 3229 3258 3283 φυσιν
3309 3212 3335 3262 ὀ
3381 3211 3645 3283 ἄνθρωπος
3691 3205 3917 3259 τοιαύτην,

2357 3324 2446 3371 καὶ
2503 3321 2528 3370 6
2576 3317 2642 3369 ὢν
2691 3314 2738 3367 έν
2795 3313 2947 3386 βάθει
3013 3317 3104 3382 τῇς
3173 3313 3388 3374 κακίας,
3444 3313 3536 3360 καὶ
3587 3303 3818 3358 δουλεύων

2355 3409 2605 3480 ἁμαρτίᾳ,
2661 3412 2752 3457 τοῦ
2802 3409 3065 3474 τραπῆναι
3115 3399 3197 3451 ἰπὶ
3228 3401 3286 3450 τό
3323 3397 3525 3469 ἀγαθόν
3555 3414 3568 3427 ·
3600 3400 3685 3447 xui
3734 3394 3756 3444 6
3799 3383 3919 3442 δεδε-

2352 3501 2496 3568 μένος
2567 3496 2831 3565 Πνιύματι
2903 3491 3056 3562 ἁγίῳ,
3135 3493 3223 3540 καὶ
3295 3489 3678 3560 μεμεθυσμένος
3739 3481 3798 3539 εἰς
3867 3495 3918 3526 τα

2353 3587 2651 3657 ἐπουράνια,
2711 3586 2823 3653 ἔχει
2877 3579 3115 3642 ἐξουσίαν
3165 3584 3257 3629 τού
3301 3586 3571 3646 τραπῆναι
3624 3573 3701 3626 ἐπὶ
3757 3572 3806 3621 τὸ
3845 3584 3919 3617 xu-

2351 3656 2682 3745 x6v.r'ﬂcmep
2745 3667 2893 3742 ἱναῇ
2951 3673 3081 3740 γυνη
3139 3668 3323 3739 ἱμάτια
3378 3661 3596 3741 ῥακὼδη
3662 3656 3918 3734 περιϐεϐλη-

2351 3769 2498 3837 μένη,
2574 3763 2940 3834 ).ιμὼσσουσα,
3021 3755 3382 3831 ερρυπωμένη,
3461 3758 3551 3806 καὶ
3625 3751 3748 3807 αύτή
3815 3745 3919 3815 μετὰ

2351 3831 2539 3905 πολλοῦ
2581 3831 2816 3922 καμάτου
2851 3847 2967 3918 ἔλθῃ
3030 3845 3096 3904 εἰς
3123 3843 3331 3916 ἀξίωμα
3365 3841 3662 3916 βασιλικὸν,
3690 3842 3769 3890 xui
3799 3831 3916 3887 ὴδὺο

2354 3963 2512 3999 σηται
2559 3941 2822 4013 πορφύραν
2897 3940 2986 3986 καὶ
3047 3938 3314 4004 στέφανον,
3375 3937 3466 3984 xui
3527 3935 3729 4002 γένηται
3776 3927 3916 3995 νύμφη

2354 4031 2628 4104 βασιλέως,
2698 4027 2827 4084 αὕτη
2893 4028 3150 4097 μέμνηται
3212 4028 3306 4083 τῆς
3359 4026 3614 4095 προτέρας
3665 4018 3907 4112 ῥυπαρίας,

2350 4101 2439 4172 xui
2497 4122 2608 4191 ἔχει
2677 4115 2874 4186 θέλημα
2940 4112 3225 4165 ἐπανελθεῖν
3283 4110 3359 4173 εἰς
3424 4114 3483 4162 τό
3542 4109 3773 4181 ἀρχαῖον,
3821 4101 3892 4152 eiii

2352 4209 2457 4281 οὔχ
2508 4209 2734 4279 αἱρεῖται
2787 4203 2856 4265 εἰς
2923 4207 3015 4260 τὴν
3069 4204 3324 4274 προτέραν
3393 4200 3655 4271 αἰσχύνην
3715 4195 3852 4246 ἕλθιῖν
3899 4203 3908 4216 ⁹

2352 4301 2524 4372 μωρόν
2557 4299 2657 4370 γάρ
2704 4294 2851 4347 έστιο
2886 4297 2974 4344 xui
3030 4290 3178 4342 αὐτοὶ
3220 4285 3279 4342 δε
3319 4292 3382 4342 οἱ
3421 4288 3798 4360 γευσάμενοι
3837 4284 3922 4333 τῆς

589 4367 862 4427 caveant,
902 4364 1204 4430 deﬁciunt,
1249 4383 1317 4421 ac
1375 4367 1698 4422 deteriores
1739 4373 2014 4434 evacunt,
2056 4387 2239 4442 quam

2353 4390 2625 4460 χάριτος
2691 4391 2797 4436 τοῦ
2857 4388 3038 4444 Θεοῦ,
3104 4384 3212 4432 καὶ
3277 4382 3563 4450 μέτοχοι
3625 4379 3781 4431 ὄντες
3834 4370 3922 4418 τοῦ

590 4465 727 4504 cum
769 4458 962 4505 essent
996 4453 1662 4527 mundani:non,quod
1683 4457 2239 4514 Deussitmutabilis

2357 4486 2396 4531 Π
2412 4498 2437 4527 ν
2451 4495 2470 4529 ε
2482 4479 2511 4527 ύ
2524 4496 2562 4547 μ
2576 4495 2607 4526 α
2620 4493 2647 4526 τ
2659 4493 2684 4526 ο
2698 4493 2736 4538 ς,
2773 4470 2856 4524 ἐὰν
2901 4475 2972 4544 μὴ
3026 4468 3447 4542 ἀσφαλίσωνται,
3506 4463 3921 4518 κατασϐέννυνται.

600 4543 703 4595 aut
744 4539 1051 4596 imbecilla:
1085 4544 1615 4616 mentis,autquod
1638 4546 2244 4620 exstinguaturSpiri-

592 4634 686 4684 tus
719 4635 983 4695 sanctus,
1016 4649 1243 4698 verum,
1284 4635 1449 4706 quod
1485 4635 1600 4706 ipsi
1637 4635 1912 4690 homines
1947 4652 2064 4692 non
2107 4654 2245 4693 con-

595 4719 1098 4793 sentiantgratim,
1125 4729 1439 4794 propterea
1468 4729 1833 4786 avertuntur.
1863 4730 1916 4780 et
1936 4725 1990 4779 in
2015 4726 2244 4782 inﬁnita

593 4813 840 4879 peccata
862 4811 1194 4868 incurrunt.
1219 4815 1328 4879 Qui
1345 4815 1504 4869 enim
1527 4813 1758 4869 donum
1789 4812 1932 4869 illud
1959 4815 2239 4884 degusta-

590 4903 752 4965 runt,
808 4904 1129 4973 utrumque
1162 4903 1348 4958 instar
1381 4902 1614 4958 comitis
1648 4903 1892 4964 habent.
1940 4905 2230 4972 gaudium

595 4987 944 5044 videlicetet
994 4991 1490 5055 consolationem,
1536 4997 1756 5046 metum
1798 5007 1867 5046 ac
1902 4997 2240 5062 tremorem,

592 5076 1048 5134 exsultationem
1090 5086 1143 5134 et
1184 5080 1429 5135 luctum.
1473 5081 1792 5152 Deplorant
1829 5083 2243 5151 euimteipsos

591 5170 647 5220 et
687 5167 1029 5222 universum
1049 5169 1974 5241 Adam,quiaunaesthominum
2011 5180 2238 5228 natura.

593 5259 657 5311 Et
678 5256 960 5328 lacrymaz
1001 5259 1092 5313 his
1118 5260 1240 5314 vice
1269 5261 1442 5332 panis
1465 5264 1622 5324 sunt,
1666 5266 1722 5314 et
1751 5259 1944 5314 luctus
1970 5260 2093 5316 vice
2113 5277 2244 5317 sua-

593 5345 787 5404 vitatis
811 5351 866 5402 et
906 5347 1152 5419 requiei.

665 5655 711 5688 ⁶⁶
747 5655 880 5708 Luc.
912 5669 1019 5718 XIV,
1063 5654 1150 5710 33.
1228 5655 1274 5688 ⁸⁷
1310 5655 1468 5710 toan.
1511 5670 1609 5721 xu,
1632 5658 1720 5710 25.

1800 5655 1847 5690 ⁸⁸
1889 5653 2065 5710 Hebr.
2096 5669 2168 5717 γι,
2211 5658 2261 5708 4.

2354 4571 2441 4618 καὶ
2470 4570 2701 4636 γίνονται
2726 4566 2940 4634 χείρους
2961 4560 3019 4612 οὗ
3051 4556 3202 4624 ἦσαν,
3239 4561 3494 4629 κοσμικοὶ
3535 4560 3664 4614 ὄντες
3694 4571 3705 4584 °
3743 4546 3835 4618 οὗχ
3860 4560 3924 4593 οτι

2355 4658 2380 4707 6
2455 4659 2580 4714 Θεὸς
2628 4656 2845 4725 τρεπτός
2912 4649 3024 4702 ἔστι
3098 4653 3187 4700 καὶ
3247 4646 3494 4711 ἀσθενὴς,
3563 4646 3590 4702 ἦ
3648 4645 3703 4693 τό
3751 4641 3925 4702 Πνεῦμα

2358 4743 2646 4808 σϐέννυται,
2711 4740 2817 4792 ἀλλ’
2870 4739 3020 4792 αὐτοὶ
3077 4741 3126 4790 οἱ
3180 4736 3450 4809 ἄνθρωποι
3516 4738 3574 4787 ού
3631 4729 3924 4802 συμφωνοῦσι

2354 4842 2414 4906 τῇ
2471 4834 2659 4905 χάριτι
2689 4847 2700 4861 ⁸
2767 4827 2861 4882 διὰ
2917 4835 3069 4881 τοῦτο
3128 4830 3467 4898 ἐκτρέπονται
3544 4827 3630 4874 xui
3680 4823 3922 4870 πίπτουσιν

2355 4923 2420 4983 εἰς
2474 4925 2638 4994 μυρία
2686 4922 2844 4972 κακοί.
2909 4920 2975 4971 Οἱ
3049 4920 3147 4992 γὰρ
3223 4918 3543 4987 γευσάμενοι
3625 4910 3803 4966 ἐκείνης
3847 4907 3923 4955 τῆς

2356 5008 2576 5082 δωρεᾶς,
2635 5011 2826 5080 ἔχουσι
2883 5010 2948 5059 τὰ
2981 5005 3246 5079 ἀμφότερα
3278 5009 3505 5056 συνόντα
3556 5000 3740 5059 αύτοίς,
3777 5006 3922 5088 χαραγ

2353 5105 2443 5151 καὶ
2500 5098 2852 5172 παράκλησιν,
2915 5094 3068 5168 φόϐον
3121 5099 3210 5146 xui
3263 5097 3481 5164 τρόμον,
3540 5087 3922 5172 ἁγαλλίασινβκαι

2353 5165 2584 5248 πένθος..
2615 5189 2867 5240 Πενθοῦσι
2916 5165 3017 5258 γὰρ
3080 5183 3292 5244 ἑαυτούς
3347 5186 3438 5233 xui
3490 5179 3601 5232 ὅλον
3643 5179 3722 5228 τὸν
3750 5165 3917 5264 Ἀδὰμ.»

2355 5275 2536 5335 έπειδὴ
2596 5283 2694 5348 μία
2749 5275 2886 5328 ἔστιν
2941 5276 2970 5332 ἠ
3035 5276 3191 5344 φύσις
3241 5279 3341 5323 τῶν
3394 5269 3710 5342 ἀνθρώπων·
3753 5263 3829 5310 xui
3859 5271 3918 5348 Δτοι

2360 5364 2568 5440 δάκρυα
2644 5374 2743 5417 τῶν
2820 5367 3067 5417 τοιούτων
3105 5364 3257 5436 οἰρτος
3319 5363 3454 5422 ἐστὶ,
3516 5361 3604 5409 καὶ
3657 5357 3711 5405 τὸ
3771 5345 3918 5401 πένθος

2353 5455 2616 5527 γλυκύτης
2655 5459 2746 5506 xui
2779 5453 3095 5514 ἀνάπαυσις,
