4076 6210
186 304 288 365 θοι
1463 291 1804 355 HOMILLE.
1845 325 1912 338 -
1955 294 2136 359 HOM.
2179 300 2299 359 xv.
3436 312 3544 369 602

253 434 373 489 AZ'.
402 432 527 489 Ἐἀν
578 427 641 485 δέ
690 424 817 504 ἴδῃς
870 428 989 481 τι.νά
1038 426 1319 499 ἐπηρμένον
1370 427 1461 477 καὶ
1490 425 1779 495 τιτυγωμέ-
1816 425 1856 473 Δ

1957 425 2075 497 63
2111 428 2354 483 XXXVII.
2397 427 2453 485 Si
2493 445 2635 485 vero
2673 432 3022 505 quempiam
3046 434 3252 491 videas
3274 434 3434 492 fastu
3472 452 3543 494 ac

181 542 261 576 νον
323 525 390 585 ὡς
423 525 652 594 μέτοχον
694 522 817 572 ὄντα
889 524 984 579 τῆς
1054 516 1299 589 χάριτος,
1347 513 1494 574 οὗτος
1549 510 1633 566 ea»
1688 515 1779 563 xui

1932 515 2174 586 uperbia
2210 515 2456 582 elatum,
2504 518 2683 575 veluti
2718 521 2822 593 qui
2862 522 2932 578 sit
2973 524 3271 597 particeps
3312 526 3542 595 gratim,

183 620 376 684 σημεῖα
435 615 662 682 ποιήσῃ,
733 612 824 661 καὶ
901 609 1107 681 νεκρούς
1167 605 1359 677 ἐγείρῃ,
1425 606 1496 675 μὴ
1569 604 1669 673 ἔχῃ
1721 599 1780 653 δί

1935 604 1985 658 ic
2026 602 2161 659 licet
2204 605 2377 675 signa
2414 606 2613 670 faciat,
2655 624 2726 664 ac
2770 616 3036 667 mortuos
3092 614 3431 681 exsuscitet,
3490 620 3545 672 et

177 705 266 759 τήν
368 699 557 771 ψυχὴν
633 698 793 751 αύτού
867 696 1053 768 ἄτιμον
1138 697 1230 746 καὶ
1330 688 1777 764 έξουδενουμένην,

1934 706 2013 747 on
2040 695 2240 748 tamen
2268 693 2488 750 habeat
2517 695 2813 766 abjectam
2844 704 2901 754 et
2931 699 3215 758 humilem
3249 703 3541 770 animam,

178 794 263 842 xui
322 785 352 862 ᾖ
412 791 627 860 πτωχὸς
690 794 763 857 τῷ
840 786 1096 857 πνεύματι
1168 786 1258 835 καὶ
1306 778 1609 856 βδελυκτὸς,
1672 777 1781 831 κλέα

1936 794 2002 835 ec
2032 796 2264 852 pauper
2293 783 2500 855 spiritu
2528 790 2585 840 et
2608 784 3053 844 abominandus
3085 792 3179 857 sit,
3212 792 3261 846 is
3292 792 3546 865 subripi-

179 898 359 933 πτεται
416 880 517 931 ύπό
582 884 675 938 τῆς
723 879 910 935 κακίας
939 878 1028 926 καὶ
1082 873 1179 925 ούκ
1234 868 1388 925 οἶδε·
1444 874 1533 923 καὶ
1565 869 1609 922 εἰ
1646 874 1783 921 ποιεῖ

1931 883 2037 923 ira
2067 868 2227 935 vitio,
2258 876 2314 927 et
2337 871 2583 943 quidem
2603 875 2839 931 nescius
2873 894 2884 930 :
2915 883 2970 933 et
2995 878 3129 935 licet
3150 880 3321 950 signa
3344 881 3541 941 faciat.

181 976 393 1042 σημεῖα,
445 966 542 1020 ούκ
597 968 738 1019 ἔστιν
792 964 933 1034 αύτῷ
981 968 1264 1015 πιστεῦσαι
1296 977 1309 991 ⁶
1340 962 1397 1013 τὸ
1431 962 1534 1032 γὰρ
1569 964 1782 1030 σημεῖον

1936 972 2016 1013 on
2043 963 2243 1015 tamen
2274 961 2324 1015 ei
2361 961 2723 1018 credendum
2754 970 2863 1020 est.
2898 966 3145 1035 Signum
3180 970 3340 1025 enim
3380 970 3545 1028 Chri-

179 1064 263 1110 τοῦ
305 1062 735 1130 Χριστιανισμού
772 1056 923 1105 τοῦτό
963 1050 1094 1117 ἔστι,
1127 1053 1186 1103 τὸ
1235 1054 1357 1103 ὄντα
1401 1051 1522 1101 τινά
1561 1044 1781 1119 δόκιμον

1935 1046 2189 1102 lianismi
2217 1050 2328 1104 hoc
2353 1056 2464 1114 est,
2499 1057 2560 1106 ut
2596 1051 2812 1124 aliquis
2846 1057 2961 1109 Deo
2994 1056 3067 1110 sit
3103 1058 3413 1127 probatus,
3454 1064 3545 1115 ut-

177 1154 263 1198 τοῦ
293 1153 450 1212 Θεοῦ,
506 1140 827 1205 σπουδάζειν
882 1140 1147 1193 λανθάνειν
1200 1138 1517 1213 ἀνθρώπους.
1582 1141 1682 1190 Καὶ
1742 1131 1787 1189 εἰ

1941 1150 2011 1189 ue
2038 1136 2273 1192 studeat
2296 1137 2474 1193 latere
2510 1154 2713 1194 coram
2751 1140 3133 1208 hominibus;
3177 1151 3232 1199 et
3263 1150 3345 1211 ut,
3377 1147 3426 1201 si
3457 1145 3548 1201 vel

179 1237 285 1308 ἔχει
337 1235 491 1295 ὅλους
543 1237 665 1295 τούς
715 1233 1016 1305 θησαυρούς
1064 1236 1154 1282 τοῦ
1212 1225 1489 1302 βασιλέως,
1541 1229 1785 1302 κρύπτειν

1940 1224 2209 1280 niversos
2252 1224 2563 1283 thesauros
2594 1228 2749 1301 regis
2782 1230 3109 1301 possideat,
3155 1249 3257 1289 eos
3296 1234 3550 1289 occultet

192 1325 400 1388 αύτούς,
454 1329 545 1377 καὶ
577 1326 797 1376 πάντοτε
856 1320 1021 1393 λέγειν
1070 1321 1151 1372 ὅτι
1208 1318 1336 1371 Ούκ
1384 1316 1559 1371 έστιν
1615 1318 1783 1387 ἐμὸς,

1939 1327 1967 1366 c
1988 1328 2224 1384 semper
2235 1314 2392 1370 dicat
2415 1333 2429 1370 :
2464 1315 2799 1374 Thesaurus
2817 1335 2934 1376 non
2964 1327 3047 1375 est
3067 1336 3249 1387 meus,
3266 1323 3366 1379 sed
3391 1323 3549 1379 alius

178 1414 368 1477 ἄλλος
426 1434 536 1487 μοι
576 1413 889 1487 παρέθετο
955 1413 1062 1464 τὸν
1123 1410 1450 1482 θησαυρὸν
1523 1412 1781 1459 τοῦτον·

1940 1416 2026 1455 um
2038 1403 2201 1469 apud
2222 1405 2595 1472 medeposuit
2616 1424 2633 1460 :
2657 1422 2760 1477 ego
2785 1409 2939 1465 enim
2961 1411 3267 1467 mendicus
3287 1427 3418 1469 sum
3445 1432 3464 1469 :
3496 1419 3550 1469 et

178 1506 271 1575 ἑγὼ
295 1506 423 1578 γὰρ
464 1507 726 1575 πτωχός
758 1501 910 1574 εἰμι.
946 1503 1063 1555 Καὶ
1103 1499 1206 1551 ὅτι
1248 1497 1434 1561 θέλει,
1469 1492 1781 1567 λαμϐάνει

1939 1491 2135 1546 nando
2157 1492 2209 1548 ei
2225 1493 2541 1561 placuerit,
2566 1500 2785 1565 repetet
2811 1513 2940 1553 eum
2961 1513 2994 1554 a
3026 1515 3135 1556 me.
3165 1501 3221 1556 Si
3244 1516 3386 1557 vero
3412 1501 3549 1573 quis

185 1596 373 1646 αὐτὸν
425 1591 523 1646 ἀπ’
564 1594 733 1666 ἑμοῦ.
768 1591 828 1645 Εἰ
857 1587 917 1644 δέ
953 1588 1211 1659 τιςλέγιι,
1268 1585 1588 1651 Πλούσιός
1628 1583 1779 1654 εἰμι,

1942 1579 2090 1636 icat:
2124 1582 2292 1638 Dives
2312 1598 2461 1648 sum,
2480 1584 2725 1653 sufﬁcit,
2748 1586 2901 1642 bona
2928 1588 3215 1656 possideo,
3234 1589 3416 1646 nihili
3434 1605 3552 1646 am-

193 1680 404 1755 ἀρκεί,
466 1680 873 1752 έκτησάμην,
932 1681 1148 1732 ούκέτι
1199 1677 1450 1750 χρῄζω,
1502 1676 1783 1731 ὀτοιούτος

1940 1668 2315 1740 liusindigeo,
2340 1671 2636 1742 ejusmodi
2655 1674 2756 1745 qui
2774 1680 2881 1740 est,
2906 1691 3030 1731 non
3051 1683 3139 1731 est
3160 1677 3550 1743 Christianus,

185 1770 271 1822 οὐκ
310 1774 430 1824 ἔστι
455 1772 795 1845 Χριστιανὸς,
827 1767 956 1821 ἀλλά
996 1772 1182 1829 σκεῦός
1217 1764 1331 1818 ἔστι
1354 1773 1450 1826 τῆς
1478 1761 1676 1825 πλάνης
1693 1765 1783 1814 καὶ

1939 1756 2000 1814 ad
2027 1774 2134 1814 vas
2164 1759 2507 1830 imposturae
2543 1767 2598 1817 et
2638 1762 2882 1819 diaboli.
2916 1764 3232 1822 Delectatio
3258 1766 3420 1822 enim
3450 1766 3549 1822 Dei

182 1866 267 1912 τοῦ
316 1856 597 1912 διαϐόλου.
635 1858 694 1911 Ἠ
728 1861 829 1930 γάρ
866 1856 1157 1917 ἀπόλαυσις
1220 1862 1311 1907 τοῦ
1344 1861 1477 1907 Θεοῦ
1507 1852 1783 1927 ἀκόρεστος

1942 1847 2246 1903 ιεαῑὶεώίιὶε
2286 1853 2394 1917 est,
2443 1854 2499 1905 et
2537 1857 2762 1923 quanto
2803 1854 2998 1923 magis
3039 1854 3173 1926 quis
3216 1856 3469 1925 gustarit
3493 1859 3552 1912 et

186 1949 313 2016 ἔστι,
341 1954 435 2003 xui
477 1950 600 2001 ὅσον
651 1946 812 2000 αύτοῦ
852 1949 1059 2019 γεύεταί
1088 1965 1164 2007 τις
1193 1949 1283 1997 καὶ
1312 1943 1496 2008 ἐσθίει,
1536 1949 1783 1995 τοσοῦτον

1936 1935 2097 2003 derit,
2128 1943 2291 1993 tanto
2322 1937 2515 2008 magis
2546 1941 2777 1995 esuriet.
2810 1943 2875 1995 Et
2911 1942 3015 2014 qui
3048 1943 3345 2012 ejusmodi
3386 1950 3546 2015 sunt,

178 2042 402 2099 έκπεινος
465 2043 721 2110 γίγνεται.
775 2041 875 2090 Καὶ
930 2040 1023 2095 τήν
1089 2042 1284 2087 παῦσιν
1336 2037 1427 2085 καὶ
1477 2035 1564 2084 τὸν
1618 2034 1784 2104 ἔρωτα

1934 2025 2169 2081 rdorem
2218 2032 2397 2099 atque
2435 2044 2703 2084 amorem
2744 2044 2885 2099 erga
2924 2033 3247 2088 Dominum
3298 2033 3544 2102 habent,

179 2132 300 2201 πρὸς
328 2131 421 2181 τὸν
472 2131 603 2181 Θεὸν
637 2129 855 2199 ἔχουσιν
908 2126 1272 2197 ἀκατάσχετον
1304 2125 1353 2175 οἱ
1377 2128 1605 2175 τοιοῦτοι
1629 2137 1642 2149 '
1692 2124 1781 2171 xui

1941 2115 1995 2169 ui
2026 2115 2281 2170 coerceri
2308 2116 2530 2188 nequit,
2568 2123 2625 2173 et
2658 2125 2885 2190 quanto
2930 2120 3222 2190 majorem
3263 2121 3551 2179 adhibue-

178 2218 276 2288 ὅσῳ
308 2214 692 2277 σπουδάζουσι
749 2220 1080 2289 προκόπτειν,
1140 2218 1229 2265 καὶ
1274 2211 1613 2284 ἓπιπορίξιιν,
1660 2227 1783 2261 τοσ-

1945 2207 2008 2257 nt
2027 2218 2270 2274 operam
2295 2205 2641 2275 proﬁciendi
2667 2222 2736 2262 ac
2762 2207 3089 2274 crescendi,
3118 2213 3284 2265 tanto
3311 2226 3375 2265 se
3401 2226 3550 2282 pau-

179 2315 317 2360 οῡτον
396 2306 614 2367 ἑαυτούς
669 2307 922 2377 ἡγοῦνται
1008 2306 1272 2375 πτωχούς,
1327 2304 1392 2362 ὡς
1457 2296 1644 2359 ἓνδεείς
1691 2301 1782 2350 καὶ

1941 2291 2154 2346 eriores
2183 2299 2482 2364 reputant,
2532 2301 2820 2366 tanquam
2859 2297 3032 2366 egeni
3071 2313 3142 2353 ac
3179 2298 3326 2354 nihil
3362 2300 3551 2371 possi-

176 2393 334 2467 μηδεν
371 2399 719 2469 κατημένους
750 2411 764 2425 ’
817 2401 972 2447 τοῦτο
1045 2394 1147 2465 γὰρ
1204 2391 1464 2463 λέγουσιν,
1518 2389 1600 2441 ὁτι
1652 2387 1782 2440 Ούκ

1941 2385 2118 2436 entes.
2155 2383 2273 2436 Hoc
2292 2383 2453 2438 enim
2478 2383 2681 2439 dicunt
2714 2400 2727 2439 :
2760 2385 2897 2442 Non
2923 2401 3053 2443 sum
3083 2387 3323 2458 dignus,
3356 2394 3421 2445 ut
3460 2390 3551 2447 sol

179 2486 302 2557 ιίμι
371 2485 579 2549 ἄξιος,
630 2484 735 2536 ἶνα
764 2479 942 2544 οὗτος
980 2483 1007 2534 6
1047 2480 1225 2542 ἣλιος
1259 2478 1593 2551 ἒπιλάμψῃ
1623 2495 1731 2550 μοι
1763 2493 1776 2505 ·

1943 2468 2078 2524 rdiis
2102 2470 2224 2525 suis
2254 2485 2346 2527 me
2380 2471 2696 2529 ittuminet.
2732 2475 2847 2529 Hoc
2880 2478 2968 2529 est
2996 2475 3238 2545 signum
3272 2476 3553 2535 Christia-

176 2574 328 2627 τοῦτο
384 2573 503 2628 ἔστι
543 2576 600 2627 τὸ
656 2579 870 2645 σημεῖον
919 2578 1013 2625 τοῦ
1066 2574 1509 2646 Χριστιανισμοῦ,
1564 2566 1695 2625 αὐτὴ
1745 2567 1775 2624 ἡ

1252 2574 1509 2643 ιανισμοῦ,
1564 2566 1695 2625 αὐτὴ
1745 2567 1775 2624 ἡ
1889 2558 2089 2624 nismi,
2121 2558 2255 2630 ipsa
2284 2558 2506 2616 scilicet
2539 2561 2862 2619 humilitas.

179 2682 513 2724 ταπεινωσις.

256 2788 396 2843 AH'.
430 2788 493 2842 Εἰ
521 2784 582 2840 δέ
610 2805 693 2848 τις
713 2785 848 2858 λέγει
883 2786 965 2839 ὅτι
990 2785 1348 2858 Ἀρκοῦμαι
1392 2786 1501 2836 καὶ
1550 2780 1782 2839 πεπλή-

1965 2777 2233 2832 XXXVIII.
2273 2779 2345 2833 At
2380 2776 2430 2833 si
2468 2777 2771 2850 quispiam
2808 2777 2968 2837 dicat
2999 2797 3014 2837 :
3058 2780 3383 2838 Contentus
3421 2796 3550 2838 sum

176 2898 407 2954 ρωμαι,
469 2877 615 2939 οὗτος
656 2875 847 2937 πλάνος
904 2877 1015 2928 iuri
1068 2879 1158 2927 xui
1184 2873 1436 2946 ψεύστης.
1487 2870 1688 2945 Ὠσπερ
1720 2872 1778 2922 τό

1941 2874 1942 2909 1
1965 2864 2200 2936 plenus,
2228 2867 2505 2922 seductor
2524 2866 2619 2922 ille
2638 2872 2727 2923 est
2745 2872 2804 2923 et
2835 2869 3119 2925 mendax.
3150 2871 3551 2935 Quemadmo-

183 2976 326 3041 σῶμα
365 2973 460 3019 τοῦ
495 2970 690 3039 Κυρίου
729 2961 1018 3029 έδοξάσθη,
1072 2966 1156 3016 ὅτε
1199 2961 1411 3022 ἀνῆλθεν
1441 2960 1511 3023 εἰς
1541 2963 1598 3013 τὸ
1639 2963 1776 3032 ὅρος,

1940 2970 2037 3009 um
2080 2955 2240 3009 enim
2279 2953 2675 3024 gloriﬁcatum
2723 2960 2809 3012 est
2848 2973 3068 3029 corpus
3114 2959 3365 3027 Domini,
3410 2974 3550 3015 cum

179 3062 259 3110 xui
308 3057 690 3132 μετεμορφώθη
749 3054 821 3117 εἰς
872 3058 965 3113 τὴν
1023 3056 1197 3112 θεῑκὴν
1259 3049 1438 3117 δόξαν,
1494 3054 1584 3102 xui
1624 3048 1690 3109 εἰς
1719 3051 1778 3100 τὸ

1942 3043 2343 3098 )nscendisset
2374 3050 2656 3111 montem,
2690 3050 2747 3100 et
2780 3045 2839 3100 in
2872 3046 3142 3102 divinam
3177 3047 3451 3118 gloriam,
3495 3050 3552 3103 et

187 3155 282 3217 φῶς
312 3149 378 3199 τό
436 3146 672 3218 ἄπειρον,
722 3143 883 3204 οὓτως
938 3147 1030 3196 xui
1076 3144 1143 3195 τά
1200 3147 1414 3215 σώματα
1458 3147 1556 3193 τῶν
1619 3137 1780 3210 ἀγίων

1942 3151 1950 3187 ι
2000 3132 2299 3188 inﬁnitum
2345 3133 2548 3188 lumen
2587 3138 2741 3189 esset
2772 3133 3266 3204 transﬁguratum
3303 3151 3317 3190 :
3360 3135 3443 3190 sic
3494 3138 3552 3191 et

187 3232 471 3300 δοξάζεται
557 3238 647 3287 xui
747 3232 1118 3307 έξαστράπτει.
1231 3230 1320 3293 Ὠς
1407 3232 1509 3305 γάρ
1594 3229 1780 3281 ἔσωθεν

1940 3234 2144 3291 )rpora
2165 3226 2510 3277 sanctorum
2543 3221 2973 3292 gloriﬁcantur,
3005 3228 3062 3278 et
3087 3221 3337 3293 fulgoris
3361 3222 3550 3279 instar

182 3327 209 3383 ἦ
258 3322 395 3391 δόξα
467 3332 560 3378 τοῦ
622 3329 859 3398 Χριστοῦ
935 3320 1071 3374 ούτω
1137 3319 1413 3393 ἔφηπλώθη
1466 3326 1539 3389 τῷ
1576 3323 1780 3389 σώματι

1939 3314 2110 3366 icent.
2132 3309 2659 3376 Quemadmodum
2680 3312 2839 3366 enim
2867 3310 3055 3380 gloria
3079 3310 3292 3368 Christi
3308 3311 3549 3368 interior

184 3414 332 3468 αὐτοῦ
382 3419 483 3467 xui
541 3411 791 3485 έξέλαμψε
818 3428 831 3443 ’
886 3413 972 3465 τὸν
1025 3410 1181 3463 αὐτὸν
1245 3413 1435 3484 τρόπον
1511 3409 1607 3460 κάν
1676 3413 1780 3467 τοῖς

1933 3412 1973 3452 ιο
2002 3398 2261 3455 contexit
2291 3414 2531 3471 corpus,
2563 3405 2620 3456 et
2646 3398 3020 3472 exsplenduit
3050 3417 3064 3466 ;
3106 3400 3323 3457 eodem
3360 3400 3543 3457 modo

185 3502 361 3574 ἁγίοις,
438 3504 472 3561 ἠ
528 3503 716 3555 sane»
755 3497 893 3553 οὖσα
949 3506 1043 3553 τοῦ
1109 3505 1347 3574 Χριστοῦ
1421 3493 1665 3569 δύναμις,
1729 3497 1779 3547 ἒν

1936 3488 2034 3543 tin
2074 3488 2296 3545 sanctis
2331 3488 2574 3545 interior
2607 3489 2816 3546 Christi
2858 3490 3044 3546 virtus
3082 3489 3143 3545 in
3183 3490 3279 3546 die
3310 3489 3410 3546 illa
3448 3505 3546 3546 ex-

181 3590 333 3668 ὶκείνῃ
406 3599 475 3664 τῇ
557 3592 729 3665 ἡμέρᾳ
810 3589 992 3652 ἔξωθεν
1072 3589 1141 3651 εἰς
1196 3591 1262 3641 τά
1341 3592 1563 3660 σώματα
1612 3587 1780 3638 αύτῶν

1937 3578 2071 3633 :rius
2101 3579 2162 3634 in
2197 3594 2451 3650 corpora
2483 3578 2719 3635 illorum
2765 3577 3106 3635 effunditur.
3142 3580 3371 3635 Etenim
3406 3579 3547 3635 sub-

182 3684 573 3756 ύπεμοιχείται.
628 3684 729 3734 Καί
804 3681 902 3751 γάρ
957 3681 1012 3731 ix
1078 3685 1170 3739 τῆς
1230 3676 1390 3730 αύτοῡ
1455 3675 1635 3736 ούσίας
1691 3678 1781 3727 καὶ

1937 3669 2121 3724 .antiee
2152 3674 2210 3724 et
2244 3674 2473 3724 natura)
2504 3668 2633 3738 ejus
2663 3684 2733 3723 ex
2769 3668 2883 3724 hoc
2925 3673 3191 3740 tempore
3222 3669 3547 3741 participes

183 3775 371 3841 φύσεως
405 3769 514 3823 ἀπὸ
578 3776 671 3823 τοῦ
722 3775 810 3821 νῦν
876 3772 1193 3841 μετέχουσιν
1253 3765 1302 3819 έν
1358 3773 1431 3837 τῷ
1474 3773 1544 3836 νῷ
1589 3765 1781 3820 αὐτῶν.

1945 3762 2033 3813 int
2059 3757 2119 3812 in
2149 3758 2351 3813 animo
2367 3772 2497 3813 suo.
2532 3757 2828 3828 Scriptum
2854 3763 2943 3812 est
2966 3758 3126 3813 enim
3157 3773 3170 3812 :
3201 3758 3308 3825 Qui
3332 3758 3555 3814 sancti‘

185 3865 479 3937 Γέγραπται
508 3861 635 3932 γάρ.
662 3857 728 3910 Ὀ
758 3876 820 3911 τε
860 3857 1173 3929 ἁγιάζων,
1203 3861 1310 3908 καὶ
1350 3857 1407 3908 οἰ
1433 3852 1784 3926 ἁγιαζόμε-

1935 3855 2054 3913 cat,
2080 3854 2133 3905 et
2157 3847 2589 3915 sanctiﬁcatur.
2622 3861 2698 3903 ea:
2718 3863 2834 3901 uno
2852 3852 2990 3902 sunt
3010 3848 3080 3901 ⁸9.
3114 3850 3178 3903 Et
3209 3864 3223 3902 :
3253 3848 3541 3911 Gloriam,

182 3935 367 4014 νοινέξ
432 3948 590 4010 ένός.
647 3952 781 4000 Kui'
826 3946 1021 4009 Δόξαν
1061 3946 1132 4006 ἣν
1178 3941 1471 4005 δέδωκάς
1515 3962 1643 4015 μοι,
1692 3938 1785 3995 δέ·

1932 3954 2068 3993 uam
2096 3936 2313 3994 dedisti
2333 3936 2498 4003 mihi,
2522 3935 2658 3992 dedi
2680 3935 2805 3990 illis
2821 3936 2890 3989 ⁷ο.
2911 3935 3440 4000 Quemadmodum
3463 3935 3542 3992 ab

184 4035 349 4093 δωκα
380 4040 461 4092 ut}
477 4057 545 4090 το
564 4044 583 4089 ἰ
600 4058 641 4098 ς.
665 4035 863 4111 Ὠσπερ
886 4034 989 4088 ἀπὸ
1011 4034 1119 4097 ἰνὸς
1138 4039 1303 4108 πυρός
1327 4034 1577 4086 ἅπτονται
1592 4032 1781 4103 λύχνοι

1937 4042 2013 4083 no
2039 4026 2375 4097 eodemque
2419 4024 2556 4096 igne
2590 4025 2789 4095 plures
2822 4023 3080 4079 lucernas
3110 4024 3541 4090 accenduntur,

182 4128 367 4195 πολλοὶ,
408 4127 614 4197 ἀνάγκη
668 4129 759 4178 καὶ
803 4127 870 4179 τά
900 4131 1122 4197 σώματα
1172 4132 1271 4175 τῶν
1303 4123 1466 4195 ἀγίων
1496 4122 1622 4195 μελη
1656 4128 1783 4196 Χρι-

1933 4117 1980 4172 ic
2032 4131 2272 4170 necesse
2314 4129 2557 4186 quoque
2603 4119 2713 4178 est,
2751 4118 2813 4168 ut
2861 4128 3113 4185 corpora
3171 4118 3543 4181 sanctorum,

186 4227 298 4270 στοῦ
350 4223 498 4284 ὄντα,
533 4219 593 4269 τό
643 4216 769 4269 αύτό
804 4214 1082 4287 γίγνεσθαι
1119 4214 1240 4285 ὅπερ
1282 4211 1419 4265 ἐστὶν
1458 4212 1484 4263 6
1515 4212 1771 4285 Χριστός.

1936 4221 2025 4260 uae
2044 4209 2183 4258 sunt
2204 4202 2412 4260 Christi
2431 4201 2725 4268 membra,
2746 4202 2903 4259 idem
2926 4200 3205 4267 evadant,
3229 4201 3394 4274 quod
3414 4200 3546 4274 ipse

1893 4295 2159 4353 Christus
2193 4299 2301 4349 est.

247 4432 379 4487 AG’.
412 4429 785 4505 Ἐρώτησις.
822 4435 961 4490 Πῶς
997 4426 1304 4501 ἀνώτεροι
1342 4430 1684 4499 γίγνονται
1721 4426 1780 4478 οἱ
1811 4478 1857 4505 n

1962 4423 2177 4480 XXXIX.
2222 4419 2642 4490 Interrogatio.
2678 4419 2803 4486 Quo
2838 4423 3015 4488 pacto
3054 4418 3317 4476 evadunt
3363 4418 3544 4476 Chri-

247 4478 379 4487 ην·
428 4478 785 4505 "F""""
824 4478 960 4490 “"'
1001 4478 1300 4501 "”"'r“
1348 4478 1443 4499 a'a
1512 4478 1519 4480 ‘

184 4524 570 4593 Χριστιανοὶ
634 4526 742 4571 τοῦ
779 4523 1032 4592 πρώτου
1098 4514 1303 4589 Ἀδάμ
1333 4535 1347 4586 ;
1381 4515 1622 4578 έκεῖνος
1658 4517 1777 4590 γὰρ

1938 4478 2071 4569 iani
2080 4512 2209 4579 ipso
2221 4509 2414 4580 primo
2424 4478 2485 4564 Av
2482 4508 2620 4565 dam
2632 4478 2964 4578 superiores
2977 4509 3005 4565 ?
3018 4509 3123 4565 ille
3138 4508 3425 4580 siquidem
3437 4509 3517 4565 im
3527 4538 3548 4550 -

184 4607 510 4671 ἀθάνατος
557 4617 653 4675 ῆν,
710 4612 819 4660 xui
866 4605 1094 4677 ψυχὴν
1146 4610 1254 4659 καὶ
1312 4614 1490 4675 σῶμα
1546 4604 1778 4677 ἀφθαρ-

1930 4601 2162 4657 ιονιαιίδ
2182 4607 2330 4663 erat,
2345 4605 2398 4654 et
2420 4613 2539 4654 non
2556 4597 2755 4654 anima
2771 4598 2962 4667 modo,
2989 4612 3191 4654 verum
3218 4599 3391 4655 etiam
3411 4614 3540 4655 cor-

183 4716 318 4761 τος”
378 4702 444 4753 οἱ
499 4696 568 4751 δι
637 4696 1137 4755 ἀποθνήσκουσι
1201 4700 1309 4749 xui
1375 4696 1773 4770 φθείρονται.

1933 4706 2029 4749 ore
2055 4687 2566 4759 incorruptibilis:
2594 4686 2659 4744 Ιιί
2677 4700 2809 4743 vero
2834 4686 3175 4743 moriuntur
3201 4693 3255 4743 et
3277 4702 3543 4744 corrum-

1882 4785 2137 4850 puntur.

246 4911 649 4990 ’Δπόκρισις.
708 4910 768 4964 Ὀ
799 4909 1039 4973 ἀληθινὸς
1091 4911 1307 4971 θάνατος
1354 4906 1498 4963 ἔνδον
1537 4910 1677 4962 έστὶν
1725 4907 1773 4962 έν

1954 4904 2288 4977 Responsio.
2336 4905 2481 4960 Vera
2517 4917 2680 4959 mors
2724 4900 2885 4957 intus
2923 4901 2983 4956 in
3032 4899 3210 4956 corde
3245 4899 3429 4956 haeret
3466 4914 3536 4957 ac

183 5008 238 5072 τῇ
276 4989 495 5078 καρδία,
545 5006 635 5055 xui
690 5005 998 5076 κέκρυπται,
1050 5003 1141 5052 καὶ
1188 4999 1214 5051 6
1265 5000 1535 5074 ἅνθρωπος
1587 4999 1613 5050 6
1671 5000 1772 5051 ἔσω

1926 5001 2042 5063 ιῑθι,
2093 5001 2271 5067 atque
2327 4992 2511 5048 homo
2542 4990 2786 5047 interior
2840 4995 3109 5046 mortuus
3127 4994 3249 5078 est.
3290 4990 3357 5078 Si
3402 4989 3536 5063 quis

182 5076 474 5168 νενέκρωται
510 5107 523 5121 ·
558 5094 604 5145 εἶ
652 5110 730 5153 τις
786 5085 874 5144 οὖν
917 5086 1262 5163 μεταϐέϐηκεν
1300 5087 1356 5140 ix
1398 5095 1489 5140 τοῦ
1548 5088 1769 5140 θανάτου

1927 5100 2025 5155 rgo
2058 5083 2355 5139 transierit
2383 5096 2418 5137 a
2451 5085 2636 5137 morte
2661 5080 2722 5135 in
2758 5080 2941 5136 vitam
2971 5076 3290 5143 occultam,
3327 5077 3419 5135 ille
3450 5094 3537 5135 re-

186 5178 249 5243 ιὶς
295 5167 389 5240 τήν
437 5182 579 5243 ζωὴν
624 5182 760 5233 κατὰ
806 5182 864 5232 τὸ
917 5181 1166 5253 κρυπτὸν,
1231 5176 1381 5240 οὗτος
1445 5176 1650 5239 ἀληθῶς
1701 5176 1771 5239 εἰς

1926 5189 2025 5229 era
2055 5173 2113 5228 in
2153 5171 2371 5228 smcula
2401 5171 2559 5237 vivit,
2592 5186 2700 5226 nec
2731 5170 2999 5227 moritur.
3034 5167 3186 5224 Licet
3215 5169 3374 5223 enim
3406 5182 3536 5224 cor—

184 5273 293 5333 τούς
321 5270 508 5332 αἰῶνας
556 5272 646 5342 ζῇ,
695 5273 785 5322 xui
837 5268 933 5321 ούκ
970 5269 1310 5327 ἀποθνήσκει.
1340 5264 1482 5322 Ἀλλ’
1513 5265 1557 5319 εἰ
1586 5269 1674 5317 xui
1706 5268 1772 5319 τά

1918 5279 2031 5320 »ονε
2072 5262 2287 5318 horum
2332 5259 2641 5316 solvantur
2677 5261 2755 5315 ad
2789 5265 3044 5331 tempus,
3091 5257 3290 5314 denuo
3327 5262 3528 5314 tamen

189 5364 400 5432 σώματα
444 5367 547 5412 τῶν
600 5360 844 5411 τοιούτων
903 5355 1082 5410 λύεται
1153 5360 1280 5432 πρὸς
1325 5359 1528 5430 καιρὸν,
1586 5354 1771 5427 ἐγείρε-

1927 5352 2246 5408 iscitantur
2265 5349 2323 5405 in
2342 5346 2567 5419 gloria';
2592 5353 2734 5403 sunt
2757 5347 2917 5403 enim
2941 5345 3328 5403 sanctificata.
3366 5348 3537 5402 Som-

184 5464 262 5499 ται
279 5444 426 5511 αὖθις
465 5447 514 5501 έν
546 5444 675 5521 δόξῃ
717 5462 729 5474 '
792 5448 1091 5520 ἡγιασμένοι
1124 5447 1225 5521 γὰρ
1275 5446 1427 5501 εἰσιν.
1473 5444 1657 5498 Ὕπνον
1682 5441 1769 5498 οὖν

1933 5458 2028 5498 nm
2049 5455 2192 5511 ergo
2209 5454 2279 5496 ac
2298 5436 2723 5494 dormitionem
2744 5450 2873 5490 esse
2895 5435 3152 5491 dicimus
3180 5434 3543 5491 Christiano-

185 5532 384 5608 λέγομεν
454 5542 547 5591 xui
615 5540 866 5610 κοὶμησιν
931 5544 1032 5589 τῶν
1078 5536 1402 5611 Χριστιανῶν
1469 5537 1557 5588 τὸν
1612 5534 1767 5590 θάναο

1932 5545 2020 5589 ιω
2056 5534 2332 5587 mortem.
2372 5526 2545 5594 Quod
2574 5526 2622 5582 si
2660 5526 2842 5582 homo
2870 5522 3227 5587 immortalis
3265 5526 3444 5592 esset,
3484 5527 3542 5583 et

254 5717 299 5753 "
331 5717 503 5775 Hebr.
536 5732 599 5775 ιι.
635 5722 717 5775 Η.
793 5718 843 5755 ⁷ο
868 5718 1042 5787 toan,
1072 5730 1215 5786 xvn,
1254 5718 1343 5772 22.
