4034 6202
541 303 643 358 603

1839 291 1899 348 S.
1943 287 2245 346 MACARII
2283 288 2588 347 EGYPTII
3757 299 3845 355 6οι

545 442 793 499 corpore
818 420 1298 495 incorruptibilis,
1334 419 1648 475 universus
1673 418 1932 475 mundus
1962 432 2088 472 rem
2119 416 2202 470 in-

2331 435 2418 470 τον,
2479 416 2537 470 Εἰ
2603 413 2662 468 δε
2719 415 2974 478 ἀθάνατος
3015 412 3074 474 ἦν
3128 418 3154 468 6
3212 418 3492 490 ἄνθρωπος,
3530 422 3765 472 καὶκατὰ
3797 427 3844 474 τὸ

547 517 840 574 solentem
873 513 1262 585 perspiciens,
1301 509 1465 581 quod
1503 510 1723 564 scilicet
1755 523 2007 579 corpora
2044 506 2203 561 Chri-

547 608 877 662 stianorum
902 619 1020 657 non
1046 605 1527 670 corrumpantur,
1544 597 1892 654 necessitate
1914 594 2203 668 quadam,

547 699 607 751 at
651 709 771 750 non
820 698 1152 764 spontanea
1190 689 1513 753 voluntate,
1555 687 1632 742 ad
1671 686 1732 742 id
1773 685 1936 758 quod
1976 684 2206 740 bonum

548 788 659 852 est,
691 786 1058 854 properaret.

618 910 722 964 XL.
766 909 1002 973 Verum,
1042 909 1104 959 ut
1142 902 1380 974 penitus
1422 907 1728 973 appareat,
1771 905 1827 956 et
1869 904 2000 956 rata
2031 897 2104 955 sit
2146 897 2210 952 li-

546 997 693 1052 bera
725 993 948 1050 arbitrii
993 992 1290 1056 voluntas,
1331 1006 1516 1062 quam
1554 989 1630 1044 ab
1667 989 1837 1043 initio
1875 991 2026 1043 Deus
2066 1003 2211 1045 con-

547 1085 725 1140 cessit
740 1081 859 1154 64
874 1081 1167 1149 homini,ej
1181 1097 1246 1134 us
1263 1096 1354 1134 res
1371 1095 1609 1133 summa
1623 1094 1751 1132 cum
1765 1077 2212 1148 dispensatione

547 1174 1065 1233 administrantur,
1091 1170 1271 1240 titque
1295 1169 1508 1223 solutio
1541 1184 1863 1238 corporum
1890 1183 1903 1232 ;
1933 1172 1994 1220 ut
2019 1166 2078 1220 in
2109 1181 2211 1221 vo-

547 1263 772 1318 luntate
798 1260 1057 1315 hominis
1097 1259 1189 1322 sit,
1225 1256 1488 1313 converti
1529 1273 1666 1310 eum
1697 1256 1774 1310 ad
1815 1256 1872 1310 id
1905 1255 2069 1326 quod
2104 1255 2211 1310 bo-

548 1367 718 1414 num,
749 1354 851 1404 aut
881 1349 1044 1418 quod
1087 1347 1315 1401 malum
1346 1351 1450 1400 est.
1484 1348 1682 1415 Neque
1725 1344 1882 1399 enim
1917 1344 2210 1414 perfectus

547 1440 732 1496 homo
762 1439 836 1492 ad
873 1438 1124 1500 bonum,
1167 1443 1268 1490 aut
1295 1435 1354 1488 in
1397 1440 1641 1504 peccato
1682 1432 2013 1498 demersus,
2055 1438 2108 1488 et
2150 1449 2211 1488 se

550 1531 748 1600 ipsum
773 1526 1142 1581 constituens
1167 1541 1273 1579 vas
1296 1523 1545 1591 diaboli,
1570 1540 1604 1578 a
1626 1538 1747 1594 quo
1774 1527 1930 1577 totus
1950 1522 2212 1577 mundus

550 1618 986 1673 condemnatus
1001 1620 1105 1677 est,
1131 1614 1204 1669 ad
1221 1614 1280 1667 id
1301 1613 1464 1684 quod
1487 1612 1713 1667 malum
1733 1618 1839 1676 est,
1865 1613 2212 1667 necessitate

550 1705 816 1778 quadam
863 1710 951 1758 est
987 1703 1300 1757 devinctus
1344 1719 1356 1767 ;
1403 1701 1506 1755 sed
1548 1701 1728 1756 habet
1765 1701 2017 1756 liberum
2054 1701 2213 1756 arbi-

552 1796 754 1862 trium,
809 1801 866 1848 ut
913 1794 1015 1848 tiat
1057 1809 1159 1847 vas
1209 1791 1511 1846 electionis
1554 1798 1609 1845 et
1661 1790 1814 1844 vitae.
1863 1790 2140 1846 Similiter
2183 1807 2213 1846 e

553 1899 860 1947 converso,
903 1883 1005 1954 qui
1051 1881 1358 1935 divinitate
1394 1884 1532 1934 sunt
1562 1879 1856 1943 inebriati,
1889 1879 2021 1934 licet
2055 1879 2213 1949 pleni

556 1975 671 2028 sint
704 1988 774 2028 ac
804 1971 1061 2027 devincti
1097 1970 1312 2040 Spiritu
1355 1974 1583 2032 sancto,
1619 1984 1738 2023 non
1773 1974 1974 2023 tamen
2016 1984 2215 2024 neces-

556 2062 726 2117 sitate
753 2061 872 2116 ulla
897 2065 1186 2120 tenentur,
1214 2058 1319 2112 sed
1351 2058 1604 2112 liberum
1629 2057 1854 2113 habent
1880 2057 2211 2124 arbitrium,

555 2157 618 2207 ut
657 2155 1084 2207 convertantur
1115 2155 1170 2203 et
1201 2147 1442 2211 faciant,
1481 2146 1778 2219 quidquid
1810 2146 2117 2218 placuerit,
2154 2147 2214 2202 in

554 2241 670 2296 hoc
702 2239 938 2294 saeculo.

631 2365 762 2420 XLI.
783 2364 1203 2432 Interrogatio.
1230 2361 1608 2417 Paulatimne
1629 2367 1992 2417 extenuatur
2015 2366 2067 2416 et
2089 2376 2216 2418 era-

557 2455 818 2518 dicatur,
839 2453 999 2523 quod
1011 2453 1234 2507 malum
1252 2451 1540 2521 est,alque
1553 2451 1638 2506 ita
1649 2451 1882 2519 proﬁcit
1898 2450 2067 2505 homo
2080 2466 2216 2521 gra-

558 2547 642 2599 tia
668 2560 686 2605 ;
718 2559 792 2596 an
807 2543 1028 2608 statim,
1059 2540 1159 2594 ubi
1179 2555 1560 2610 progressum
1587 2540 1818 2608 fecerit,
1844 2539 2219 2610 exstirpata:-

557 2632 716 2702 quod
741 2631 960 2686 malum
995 2636 1075 2684 est
1099 2627 1126 2682 ?

628 2753 968 2822 Responsio.
993 2751 1517 2818 Quemadmodum
1537 2751 1731 2807 infans
1749 2751 2128 2824 imperfectus
2159 2753 2218 2808 in

559 2847 728 2899 utero
759 2857 878 2898 non
921 2840 1239 2897 confestim
1288 2841 1348 2895 in
1381 2841 1688 2896 hominem
1733 2842 2077 2906 concrescit,
2114 2842 2219 2898 sed

559 2931 851 3003 paulatim
885 2931 1140 2985 formam
1170 2929 1375 3000 recipit
1395 2936 1451 2984 et
1485 2930 1781 3000 gignitur;
1812 2946 2007 3002 neque
2038 2931 2221 2987 conti-

558 3035 682 3076 nuo
701 3019 994 3091 perfectus
1025 3019 1208 3073 homo
1231 3023 1341 3083 est,
1370 3017 1473 3073 sed
1497 3018 1820 3074 multorum
1844 3018 2090 3075 demum
2118 3035 2220 3076 an-

2319 514 2472 577 σῶμα
2505 507 2788 579 ἄφθαρτος,
2832 505 3033 578 βλέπων
3091 505 3205 568 ὅλος
3256 509 3282 558 ὁ
3330 511 3518 579 κόσμος
3556 511 3610 561 τὸ
3654 508 3852 584 παράδο-

2319 595 2401 657 ξον
2444 595 2536 647 τοῦ
2583 598 2911 668 πράγματος,
2961 597 3038 647 ὅτι
3095 601 3166 668 μὴ
3226 598 3512 668 φθείρονται
3564 600 3623 649 τὰ
3673 603 3853 671 σώματα

2317 692 2418 735 τῶν
2487 692 2836 758 Χριστιανῶν,
2915 683 3115 756 ἀνάγκῃ
3207 690 3376 737 τοίνυν
3445 691 3563 753 τινὶ,
3631 686 3723 739 ἀλλ’
3770 693 3855 760 οὑχ

2321 771 2537 845 ἑκουσίᾳ
2565 778 2741 847 γνώμῃ
2774 776 2907 846 πρὸς
2943 776 3001 825 τὸ
3027 773 3221 845 ἀγαθὸν
3247 773 3523 847 ἀνήρχετο.

2390 897 2474 950 Μ’.
2517 897 2652 951 Ἀλλ’
2695 901 2776 949 ἵνα
2833 906 2962 970 φανῇ
3006 898 3248 961 καθάπαξ
3286 904 3371 951 καὶ
3425 895 3652 972 διαμείνῃ
3683 903 3733 952 τὸ
3759 901 3858 953 αὐτ-

2321 986 2572 1055 εξούσιον,
2612 989 2732 1060 ὅπερ
2774 987 2828 1050 ἐξ
2868 986 3095 1062 ἀρχῆςὸ
3143 992 3268 1049 Θεὸς
3315 984 3472 1040 ἔδωκε
3517 997 3584 1058 τῷ
3631 987 3857 1064 ἀνθρώπῳ,

2321 1078 2502 1129 τούτου
2549 1076 2891 1148 οἰκονομικῶς
2919 1080 2984 1129 τά
3017 1080 3307 1150 πράγματα
3369 1073 3655 1142 διοικεῖται,
3703 1083 3861 1149 xui-(i-

2319 1184 2494 1234 γνεται
2521 1163 2671 1224 λύσις
2723 1167 2994 1236 σωμάτων,
3049 1167 3131 1217 ἵνα
3187 1165 3236 1218 ἐν
3289 1173 3360 1236 τῷ
3402 1166 3638 1238 θελήματι
3676 1174 3755 1218 τοῦ
3799 1167 3862 1216 ἀδ-

2325 1255 2532 1326 θρωπου
2591 1251 2620 1311 ἦ
2656 1257 2714 1306 τό
2754 1261 3014 1327 τραπῆναι
3067 1256 3221 1307 αὐτὸν
3279 1255 3361 1307 ἐπὶ
3418 1258 3475 1307 τὸ
3529 1255 3708 1328 ἀγαθὸν
3751 1260 3777 1312 ἦ
3820 1259 3862 1306 τὸ

2321 1346 2499 1393 κακόν.
2548 1346 2682 1395 Οὔτε
2737 1345 2839 1416 γὰρ
2888 1345 2912 1394 6
2965 1343 3149 1405 τέλειος
3185 1343 3255 1406 εἰς
3303 1348 3360 1396 τὸ
3393 1343 3605 1416 ἀγαθόν,
3655 1345 3682 1402 ἣ
3730 1342 3864 1414 βαθύς

2323 1432 2388 1492 εἰς
2418 1436 2505 1489 τὴν
2563 1431 2847 1507 ἁμαρτίαν,
2902 1437 2991 1485 καὶ
3031 1441 3189 1486 ποιῶν
3238 1433 3417 1485 ἑαυτὸν
3451 1441 3622 1493 σκεῦος
3674 1440 3753 1484 τοῦ
3776 1429 3864 1483 διας

2323 1519 2496 1586 ϐόλον,
2537 1520 2618 1592 ὐφ’
2675 1520 2735 1572 οὐ
2773 1525 2832 1574 τό
2878 1520 2990 1573 ὅλον
3046 1523 3350 1594 κατεκρίθη,
3386 1522 3457 1581 εἰς
3499 1526 3555 1573 τὸ
3579 1524 3724 1573 κακὸν
3744 1520 3865 1590 ἀνάγ-

2321 1628 2385 1681 κῃ
2443 1614 2544 1661 τινὶ
2603 1605 2842 1662 δέτεται·
2911 1609 3018 1661 ἀλλ’
3068 1613 3179 1681 ἔχει
3233 1615 3326 1670 τὴν
3365 1609 3641 1682 ἐλευθερίαν
3688 1617 3766 1661 τοῦ
3802 1628 3866 1680 γι-

2321 1701 2502 1751 νέσθαι
2551 1706 2727 1758 σκεῦος
2794 1697 3006 1769 ἐκλογῆς
3060 1704 3150 1751 καὶ
3202 1699 3361 1761 ζωῆς.
3402 1699 3618 1771 Ὁμοίως
3659 1697 3789 1750 πάλιν
3832 1699 3867 1747 οἱ

2322 1790 2699 1859 μεμεθυσμένοι
2755 1787 2825 1848 εἰς
2872 1792 2960 1844 τὴν
3019 1790 3254 1853 θεότῃτα,
3307 1793 3482 1840 καίτοι
3534 1787 3868 1860 πεπληρωμένοι

2323 1881 2412 1928 καὶ
2479 1873 2746 1948 δεδεμένοι
2799 1879 3058 1948 Πνεύματι
3091 1876 3240 1949 ἁγίῳ,
3297 1877 3392 1929 οὐκ
3440 1876 3630 1948 ἀνάγκῃ
3685 1879 3770 1928 τινὶ
3805 1893 3870 1927 κε·

2322 1969 2628 2039 κράτῃνται,
2689 1965 2794 2016 ἀλλ’
2849 1969 3039 2037 ἔχουσι
3087 1969 3144 2018 τὸ
3198 1966 3534 2028 αὐτεξούσιον
3584 1972 3666 2018 τοῦ
3709 1971 3868 2035 τραπῆ·

2322 2077 2406 2108 ναι
2455 2057 2663 2124 αὐτούς,

2323 2153 2524 2199 τοῦτον.

2741 2060 2832 2108 καὶ
2907 2063 3068 2109 ποιεῖν
3116 2058 3141 2108 ὅ
3193 2056 3430 2110 θέλουσιν
3507 2057 3576 2118 εἰς
3614 2058 3692 2107 τὸν
3743 2053 3868 2105 αἰῶνα

2396 2358 2533 2413 MA'.
2565 2356 2935 2431 Ἐρωτησις.
2991 2362 3164 2414 Κατὰ
3201 2363 3391 2433 μέρος
3445 2360 3866 2414 λεπτύνεταιτὸ

2325 2451 2542 2514 κακὸν,
2596 2452 2702 2499 καὶ
2760 2447 3166 2519 ἕκριζοῦται,
3236 2455 3345 2502 καὶ
3432 2455 3761 2522 προκόπτει
3799 2445 3868 2504 εἰς

2327 2543 2438 2596 τὴν
2477 2538 2675 2610 χάριν
2721 2538 2747 2589 6
2799 2539 3153 2614 ἅνθρωπος,
3227 2539 3256 2598 ἣ
3311 2539 3562 2605 εὐθέως,
3620 2539 3667 2592 εἰ
3717 2541 3867 2607 τύχοι

2326 2634 2678 2700 προκοπῆς,
2720 2629 3099 2699 ἑκριζοῡται
3139 2632 3206 2681 τό
3235 2634 3434 2682 κακόν
3469 2646 3482 2696 ;

2400 2751 2803 2826 Ἀπόκρισις.
2868 2755 3112 2825 Καθάπερ
3151 2756 3209 2806 τὸ
3266 2753 3490 2827 ἔμϐρυον
3543 2755 3589 2807 ἄν
3640 2759 3694 2824 τῇ
3738 2755 3869 2822 μήτρᾳ

2327 2841 2421 2893 οὐκ
2477 2841 2658 2903 εὐθέως
2702 2846 2966 2913 πήγνυται
3024 2843 3095 2904 εἰς
3149 2844 3444 2917 ἄνθρωπον,
3513 2843 3635 2896 ἀλλὰ
3680 2843 3792 2893 κατὰ

2328 2949 2416 3004 ρος
2440 2935 2677 3001 γίγνεται
2735 2931 2882 2983 εἰκὼν
2935 2935 3022 2983 καὶ
3076 2937 3340 3003 γεννᾶται,
3399 2932 3494 2986 οὐκ
3546 2928 3647 2992 ἢδη
3698 2927 3749 2982 δέ
3790 2931 3870 2979 ἐστι

2331 3020 2514 3080 τέλειος
2562 3020 2850 3092 ἄνθρωπος,
2911 3019 3019 3072 ἀλλ’
3102 3020 3311 3083 αὐξάνει
3376 3020 3425 3073 ἓν
3501 3023 3634 3074 ἔτεσι
3695 3016 3872 3075 πολλοῖς,

558 3123 776 3164 norum
799 3109 1500 3163 decursuincrementum
1527 3107 1998 3180 sumit,atquein
2027 3109 2218 3164 virum

2331 3114 2419 3162 καὶ
2465 3113 2702 3181 γίγνεται
2753 3111 2917 3184 ἀνήρ’
2982 3113 3096 3162 ἔστι
3166 3107 3226 3163 δι
3305 3113 3483 3184 ὥσπερ
3553 3113 3615 3164 τὰ
3657 3112 3876 3180 σπέρματα

559 3197 793 3253 evadit:
824 3201 1032 3269 estque
1050 3197 1210 3252 velut
1231 3198 1464 3252 semina
1490 3197 1696 3251 hordei
1729 3202 1833 3252 aut
1859 3198 2052 3262 tritici,
2082 3213 2219 3270 quas

559 3286 619 3341 in
643 3291 859 3342 terram
883 3286 1152 3356 conjecta
1175 3300 1296 3340 non
1313 3285 1514 3342 statim
1538 3286 1769 3340 radices
1787 3291 1994 3356 agunt,
2012 3303 2220 3342 verum

559 3375 662 3429 ubi
695 3375 1084 3445 praeterierint
1103 3374 1334 3428 hiemes
1358 3379 1412 3427 et
1432 3373 1612 3437 venti,
1645 3378 1766 3428 tum
1795 3377 2040 3429 demum
2062 3390 2224 3430 com-

560 3463 744 3518 modo
769 3469 1034 3532 tempore
1068 3462 1245 3533 spica!
1267 3470 1666 3516 enascuntur:
1695 3462 1855 3527 item,
1875 3463 1978 3534 qui
2007 3478 2224 3535 pyrum

559 3552 810 3623 plantat,
839 3567 956 3606 non
981 3552 1178 3605 statim
1208 3550 1723 3621 percipitfructum
1759 3567 1770 3604 :
1804 3552 2016 3606 eodem
2043 3553 2224 3608 modo

561 3641 620 3695 in
642 3639 1050 3711 spiritualibus
1078 3655 1345 3711 quoque,
1377 3639 1475 3694 ubi
1505 3647 1664 3695 tanta
1695 3640 1989 3710 sapientia
2005 3645 2060 3696 et
2089 3642 2227 3695 sub-

563 3728 738 3785 tilitas
771 3735 876 3793 est,
923 3728 1214 3799 paulatim
1252 3728 1437 3783 homo
1479 3729 1874 3800 progreditur,
1915 3731 2228 3801 evaditque

562 3819 625 3873 in
641 3819 832 3874 virum
849 3819 1201 3888 perfectum,
1229 3825 1280 3873 et
1308 3817 1742 3886 plenitudinem
1766 3820 1954 3875 artatis
1972 3836 1990 3873 :
2006 3835 2149 3885 non,
2167 3824 2228 3874 ut

563 3909 814 3981 quidam
846 3909 1013 3964 aiunt
1046 3931 1058 3963 :
1093 3908 1350 3964 Induere
1379 3914 1432 3964 et
1462 3922 1676 3964 exuere
1706 3909 1775 3964 τί.

641 4035 792 4088 XLII.
825 4034 933 4099 Qui
971 4033 1192 4089 litteras
1227 4033 1456 4088 discere
1499 4034 1555 4087 in
1592 4033 1741 4089 votis
1782 4034 1986 4103 habet,
2025 4035 2216 4106 pergit

564 4123 830 4194 primum
865 4123 939 4177 ad
967 4123 1289 4177 ediscenda
1317 4123 1486 4191 signa
1521 4141 1532 4179 :
1570 4122 1668 4177 ubi
1694 4125 1739 4177 si
1767 4125 1996 4194 primus
2029 4123 2224 4189 fuerit,

568 4212 761 4283 pergit
789 4212 864 4266 ad
890 4211 1158 4265 scholam
1182 4211 1545 4277 Latinorum,
1569 4217 1774 4282 estque
1800 4213 2069 4268 omnium
2105 4214 2231 4268 ulti-

569 4315 726 4354 mus.
782 4301 1039 4352 Rursum
1087 4299 1200 4352 illic
1255 4297 1352 4353 ubi
1398 4298 1571 4353 fuerit
1611 4301 1859 4368 primus,
1917 4301 2107 4371 pergit
2153 4302 2229 4357 ad

568 4384 841 4440 scholam
869 4385 1189 4449 forensem,
1230 4393 1441 4456 estque
1478 4388 1536 4440 in
1571 4403 1641 4441 ea
1680 4403 1918 4442 rursum
1957 4391 2228 4445 omnium

2332 3206 2432 3251 τῶν
2472 3201 2663 3273 κριθῶν
2723 3199 2752 3257 ἦ
2808 3207 2900 3252 τοῦ
2955 3204 3125 3265 σίτου,
3178 3199 3272 3253 οὐκ
3327 3201 3516 3263 εὐθέως
3554 3192 3876 3273 βαλλόμῦαιίς

2334 3293 2427 3346 τὴν
2501 3295 2602 3359 γῆν
2672 3289 2834 3362 ῥιζοῑ,
2919 3287 3046 3341 ἀλλά
3114 3294 3476 3363 παρέρχονται
3531 3296 3762 3362 χειμῶνες
3813 3287 3878 3334 καὶ

2336 3378 2534 3449 ἄνεμοι,
2566 3381 2653 3429 καὶ
2680 3382 2795 3431 τότε
2819 3385 2891 3448 τῷ
2933 3375 3102 3431 δέοντι
3147 3386 3313 3451 καιρῷ
3346 3386 3610 3452 γίγνονται
3652 3379 3844 3446 στάχυες
3864 3385 3874 3397 '

2337 3471 2428 3518 καὶ
2484 3467 2510 3518 6
2580 3470 2805 3538 φυτεύων
2875 3469 3049 3534 ἀπιόν,

2337 3558 2424 3607 τὸν
2469 3561 2666 3629 καρπόν
2703 3571 2716 3583 ·

3140 3469 3234 3520 οὐκ
3320 3469 3506 3530 εὐθέως
3560 3461 3881 3540 μεταλαμϐάνει

2783 3559 3034 3618 ὡσαύτως
3088 3557 3182 3608 κάν
3225 3565 3337 3618 τοίς
3391 3562 3758 3630 πνευματικοῖς,
3785 3552 3881 3602 ὅπου

2339 3646 2570 3702 τοσαύτῃ
2629 3649 2784 3716 σοφία
2832 3651 2920 3698 καὶ
2977 3645 3244 3716 λεπτότης,
3292 3650 3434 3700 κατά
3485 3641 3885 3719 μικρόνὸάνθρωο

2309 3753 2435 3796 .πος
2465 3733 2692 3799 αὐξάνει,
2724 3739 3113 3806 καὶγίνεται
3162 3736 3250 3796 εἰς
3281 3733 3498 3809 ἄνδρα
3547 3734 3789 3792 τέλειον,
3816 3726 3885 3782 εἰς

2339 3827 2571 3894 μέτρον
2629 3823 2894 3884 ἡλικίας
2928 3845 2940 3858 ·

2338 3909 2676 3977 Ἕνδνσαι,
2709 3908 3010 3968 ἔκδνσαε.

3020 3829 3124 3896 οὐχ
3179 3827 3354 3899 ὥσπερ
3450 3827 3580 3886 τινες
3651 3822 3883 3892 λέγουσιν·

2410 4036 2539 4092 MB'.
2578 4036 2635 4089 Ὀ
2693 4036 2844 4089 θέλων
2901 4039 3083 4110 μαθεῖν
3162 4039 3453 4111 γράμματα
3513 4037 3777 4109 ἀπέρχεται
3821 4033 3886 4080 καὶ

2341 4127 2586 4197 μανθάνει
2622 4127 2687 4177 τὰ
2722 4133 2933 4198 σημεῖα,
2987 4131 3076 4178 καὶ
3132 4129 3253 4178 ὅταν
3305 4132 3524 4198 γένηται
3569 4125 3665 4178 ἐκεῖ
3711 4128 3887 4196 πρῶτος,

2343 4213 2634 4288 ἀπέρχεται
2662 4219 2793 4289 πρὸς
2822 4219 2915 4273 τὴν
2957 4215 3158 4286 σχολὴν
3191 4224 3288 4268 τῶν
3313 4216 3630 4289 Ῥωμαϊκῶν,
3677 4217 3756 4264 καὶ
3783 4213 3888 4260 ἔστιν

2341 4303 2467 4355 ὅλων
2545 4307 2791 4375 ἔσχατος.
2878 4303 3037 4356 Πάλιν
3101 4304 3202 4356 ἐκεῖ
3273 4305 3393 4358 ὃταν
3454 4310 3658 4376 γένηται
3709 4305 3887 4372 πρῶτος,

2344 4393 2631 4466 ἀπέρχεται
2695 4396 2822 4467 πρὸς
2881 4398 2974 4451 τὴν
3043 4394 3244 4466 σχολὴν
3298 4403 3402 4446 τῶν
3463 4394 3781 4466 γραμμάτων,
3823 4389 3890 4435 καὶ

571 4472 818 4528 ultimus
870 4481 926 4528 et
979 4474 1107 4528 tiro.
1170 4474 1388 4529 Deinde
1443 4473 1544 4528 ubi
1597 4475 1768 4529 fuerit
1814 4477 2220 4542 scholasticus,

2343 4486 2456 4535 ἔστι
2509 4481 2798 4534 πάλινὲκεί
2845 4483 2970 4535 ὅλων
3012 4485 3261 4555 ἔσχατος,
3309 4482 3589 4557 ἀρχάριος.
3641 4477 3754 4534 Εἶτα
3795 4477 3889 4527 ὅταν

570 4560 847 4617 omnium
880 4562 1324 4618 causidicorum
1355 4569 1408 4617 et
1437 4564 1692 4618 novitius
1734 4571 1787 4620 et
1821 4565 2084 4620 ultimus.
2131 4570 2231 4622 De-

570 4666 695 4707 nuo
726 4651 824 4706 ubi
857 4651 972 4706 illic
994 4653 1246 4707 evaserit
1275 4653 1525 4722 primus,
1558 4659 1683 4707 tum
1709 4653 1832 4709 dux
1859 4656 2095 4721 evadit;
2128 4657 2233 4728 qui

573 4742 620 4796 si
638 4740 1040 4813 principatum
1065 4739 1320 4810 adeptus
1345 4741 1535 4805 fuerit,
1555 4741 1891 4811 adjutorem
1917 4744 2029 4799 sibi
2053 4747 2233 4800 sumit

568 4847 966 4887 assessorem.
1020 4831 1075 4887 Si
1118 4846 1258 4900 ergo
1303 4831 1359 4885 in
1409 4831 1587 4886 rebus
1623 4835 1883 4887 externis
1935 4837 2017 4889 tot
2054 4835 2232 4890 habet

571 4919 758 4975 homo
786 4936 1168 4991 progressum
1195 4920 1417 4988 gradus
1448 4938 1459 4974 :
1495 4927 1722 4991 quanto
1742 4922 1932 4991 magis
1951 4924 2234 4995 mysteria

576 5008 840 5064 coelestia
859 5009 1084 5064 habent
1110 5008 1428 5079 profectus,
1455 5017 1509 5064 et
1531 5027 1634 5081 per
1659 5012 1874 5066 multos
1898 5014 2117 5082 gradus
2145 5015 2234 5069 in-

577 5104 946 5154 crementum
981 5103 1265 5163 sumunt;
1299 5105 1352 5154 et
1386 5104 1532 5162 tum,
1556 5099 1659 5170 qui
1693 5115 1796 5171 per
1827 5101 2045 5157 multas
2074 5119 2234 5159 exer-

578 5188 910 5253 citationes,
935 5193 991 5242 et
1005 5203 1109 5258 per
1133 5187 1316 5242 multa
1345 5188 1604 5258 pericula
1633 5191 2081 5257 transcenderit,
2106 5209 2234 5264 per-

578 5276 765 5331 fectus
797 5277 1013 5331 evadit.
1049 5276 1363 5333 Christiani
1391 5277 1572 5346 enim,
1614 5279 1715 5348 qui
1755 5295 1960 5336 revera
1991 5286 2232 5351 gustum

578 5366 784 5433 gratia:
816 5371 1229 5436 perceperunt,
1273 5371 1328 5419 et
1367 5365 1603 5434 signum
1633 5367 1822 5422 crucis
1853 5369 1910 5423 in
1953 5379 2148 5425 mente
2181 5376 2235 5426 et

581 5455 758 5508 corde
785 5453 1025 5520 habent,
1061 5455 1117 5508 hi
1147 5472 1180 5508 a
1201 5455 1443 5523 regibus
1468 5454 1543 5509 ad
1571 5471 1864 5528 pauperes
1887 5475 2094 5530 usque,
2125 5476 2233 5532 pro

581 5547 837 5598 stercore
868 5547 921 5597 et
969 5542 1174 5599 foetore
1213 5547 1491 5615 reputant
1530 5545 1734 5601 omnia
1767 5561 1777 5600 :
1808 5552 1863 5602 et
1885 5546 1946 5603 hi
1982 5555 2236 5620 possunt

653 5666 697 5702 Ἠ
730 5665 942 5739 Ephes.
973 5681 1052 5734 γι,
1091 5671 1171 5721 t2.

2341 4576 2559 4643 γίνηται
2592 4572 2966 4643 σχολαστικὸς,
3027 4572 3152 4624 ὅλων
3205 4581 3303 4624 τῶν
3347 4570 3628 4642 δικολογων
3673 4566 3889 4640 ἀρχάριος

2343 4665 2433 4713 καὶ
2462 4663 2692 4732 ἔσχατος
2743 4663 2875 4715 ἐστε.
2930 4660 3090 4714 Πάλιν
3142 4662 3261 4714 ὃταν
3311 4661 3418 4714 ἐκεῖ
3470 4665 3674 4732 γίνηται
3708 4663 3886 4728 πρῶτος.

3087 4755 3177 4802 καὶ
3260 4753 3382 4803 ὅταν
3459 4754 3664 4822 γένηται
3723 4745 3889 4816 ἅρχων.

2342 4838 2591 4910 λαμϐάνει
2641 4838 2805 4909 ἑαυτῷ
2867 4838 3060 4911 βοηθὸν
3100 4843 3187 4891 τὸν
3249 4835 3625 4912 σνγκάθερδον.
3654 4835 3708 4888 Εἰ
3733 4831 3807 4883 οὐν
3841 4828 3890 4876 τὰ

2343 4933 2622 5001 φαινόμενα
2671 4937 2928 4989 τοσαύτας
3009 4933 3122 5001 ἔχει
3206 4932 3494 5002 προκοπὰς,
3548 4933 3686 4996 πόσῳ
3737 4916 3887 4994 μᾶλλον

2345 4754 2457 4801 τότε
2512 4755 2712 4820 γίνεται
2767 4752 2973 4822 ἡγεμών
3009 4765 3021 4779 ⁸

2344 5021 2409 5070 τά
2434 5016 2714 5089 ἐπουράνια
2769 5023 3036 5090 μυστήρια
3090 5022 3205 5090 ἔχει
3248 5021 3536 5094 προκοπὰς,
3580 5020 3663 5067 καὶ
3697 5009 3888 5085 βαθμοὺς

2346 5106 2562 5168 πολλοὺς
2631 5107 2886 5170 αὐξάνειῖ
2937 5112 3028 5159 καὶ
3083 5113 3198 5160 τότε
3253 5105 3347 5160 διὰ
3402 5107 3590 5166 πολλῆς
3641 5100 3890 5174 γυμνασίας

2343 5201 2433 5247 καὶ
2489 5195 2685 5247 πολλῶν
2767 5201 3114 5269 πειρατηρίων
3183 5197 3207 5249 6
3260 5193 3528 5268 διαφυγὼν
3607 5196 3782 5263 γίνεται
3831 5187 3889 5232 τέ·

2342 5283 2494 5345 λειος.
2531 5287 2596 5336 Οἱ
2643 5286 2744 5358 γὰρ
2785 5290 3097 5356 Χριστιανοὶ
3155 5287 3202 5336 οἱ
3232 5286 3539 5356 γευσάμενοι
3589 5287 3672 5338 τῆς
3705 5277 3888 5348 χάριτος

2345 5373 2396 5436 ἒξ
2429 5373 2690 5441 ἀλήθείας,
2744 5377 2832 5425 καὶ
2875 5377 2933 5426 τὸ
2985 5381 3199 5444 σημεῖον
3251 5377 3457 5444 ἔχοντες
3495 5378 3582 5423 τοῦ
3621 5369 3820 5437 στανροῦ
3851 5376 3885 5407 εν

2345 5471 2416 5533 τῷ
2446 5471 2514 5533 νῷ
2558 5467 2647 5514 καὶ
2678 5470 2738 5534 τῇ
2795 5459 3013 5535 καρδίᾳ,
3047 5463 3188 5515 οὗτοι
3243 5461 3342 5514 ἀπὸ
3377 5459 3629 5534 βασιλέων
3666 5458 3748 5514 ἕως
3774 5468 3882 5503 πτω⁶

2349 5550 2481 5618 χῶν,
2516 5556 2734 5624 κοπρίαν
2777 5557 2866 5604 καὶ
2925 5547 3200 5605 δυσωδίαν
3242 5553 3492 5623 ἡγοῦνται
3523 5550 3586 5601 τὰ
3614 5547 3776 5600 πάντα.
3809 5539 3883 5590 Καὶ
