  <div class='ocr_page' id='page_1' title='image "/cluster/home/n/w/nwhite01/storage/ocr_20150623/34/hvd.32044073501835/312.png"; bbox 0 0 4076 6210; ppageno 0'>
   <div class='ocr_carea' id='block_1_1' title="bbox 193 288 3556 356">
    <p class='ocr_par' dir='ltr' id='par_1_1' title="bbox 193 288 3556 356">
     <span class='ocr_line' id='line_1_1' title="bbox 193 288 3556 356; baseline 0.005 -16"><span class='ocrx_word' id='word_1_1' title='bbox 193 293 293 351; x_wconf 75' lang='lat'>605</span> <span class='ocrx_word' id='word_1_2' title='bbox 1484 288 1821 347; x_wconf 71' lang='lat' dir='ltr'>HOMILIIE.</span> <span class='ocrx_word' id='word_1_3' title='bbox 1848 320 1918 336; x_wconf 82' lang='lat'>-—</span> <span class='ocrx_word' id='word_1_4' title='bbox 1961 288 2136 348; x_wconf 86' lang='lat' dir='ltr'>HOM.</span> <span class='ocrx_word' id='word_1_5' title='bbox 2163 292 2280 349; x_wconf 87' lang='lat' dir='ltr'>XV.</span> <span class='ocrx_word' id='word_1_6' title='bbox 3449 299 3556 356; x_wconf 89' lang='lat'>606</span> 
     </span>
    </p>
   </div>
   <div class='ocr_carea' id='block_1_2' title="bbox 195 413 1805 489">
    <p class='ocr_par' dir='ltr' id='par_1_2' title="bbox 195 413 1783 487">
     <span class='ocr_line' id='line_1_2' title="bbox 195 413 1783 487; baseline -0.001 -16"><span class='ocrx_word' id='word_1_7' title='bbox 195 418 332 472; x_wconf 82' lang='grc' dir='ltr'>οὗτοι</span> <span class='ocrx_word' id='word_1_8' title='bbox 369 414 619 471; x_wconf 84' lang='grc' dir='ltr'>δύνανται</span> <span class='ocrx_word' id='word_1_9' title='bbox 678 413 892 483; x_wconf 84' lang='grc' dir='ltr'>εἰδέναι,</span> <span class='ocrx_word' id='word_1_10' title='bbox 946 418 1028 469; x_wconf 83' lang='grc' dir='ltr'>ὅτι</span> <span class='ocrx_word' id='word_1_11' title='bbox 1070 416 1180 477; x_wconf 82' lang='grc' dir='ltr'>ὅλος</span> <span class='ocrx_word' id='word_1_12' title='bbox 1227 416 1253 467; x_wconf 92' lang='grc' dir='ltr'>ὁ</span> <span class='ocrx_word' id='word_1_13' title='bbox 1292 419 1489 487; x_wconf 89' lang='grc' dir='ltr'>κόσμος</span> <span class='ocrx_word' id='word_1_14' title='bbox 1528 418 1554 469; x_wconf 98' lang='lat'>6</span> <span class='ocrx_word' id='word_1_15' title='bbox 1582 421 1783 487; x_wconf 81' lang='grc' dir='ltr'>γήνοῑς,</span> 
     </span>
    </p>
   </div>
   <div class='ocr_carea' id='block_1_3' title="bbox 1942 413 3552 489">
    <p class='ocr_par' dir='ltr' id='par_1_3' title="bbox 1942 417 3552 489">
     <span class='ocr_line' id='line_1_3' title="bbox 1942 417 3552 489; baseline 0.004 -16"><span class='ocrx_word' id='word_1_16' title='bbox 1942 418 2240 489; x_wconf 77' lang='lat' dir='ltr'>itelligere,</span> <span class='ocrx_word' id='word_1_17' title='bbox 2267 417 2617 474; x_wconf 88' lang='lat' dir='ltr'>universum</span> <span class='ocrx_word' id='word_1_18' title='bbox 2648 420 2945 478; x_wconf 82' lang='lat' dir='ltr'>mundum</span> <span class='ocrx_word' id='word_1_19' title='bbox 2966 424 3552 489; x_wconf 87' lang='lat' dir='ltr'>terrenum,thesau-</span> 
     </span>
    </p>
   </div>
   <div class='ocr_carea' id='block_1_4' title="bbox 192 502 1802 587">
    <p class='ocr_par' dir='ltr' id='par_1_4' title="bbox 192 502 1787 580">
     <span class='ocr_line' id='line_1_4' title="bbox 192 502 1787 580; baseline -0.001 -20"><span class='ocrx_word' id='word_1_20' title='bbox 192 514 278 560; x_wconf 78' lang='grc' dir='ltr'>καὶ</span> <span class='ocrx_word' id='word_1_21' title='bbox 308 510 353 561; x_wconf 84' lang='grc' dir='ltr'>οἱ</span> <span class='ocrx_word' id='word_1_22' title='bbox 381 510 643 580; x_wconf 81' lang='grc' dir='ltr'>θησαυροὶ</span> <span class='ocrx_word' id='word_1_23' title='bbox 694 514 786 559; x_wconf 78' lang='grc' dir='ltr'>τοῦ</span> <span class='ocrx_word' id='word_1_24' title='bbox 841 505 1124 577; x_wconf 83' lang='grc' dir='ltr'>βασιλέως,</span> <span class='ocrx_word' id='word_1_25' title='bbox 1164 510 1255 559; x_wconf 84' lang='grc' dir='ltr'>καὶ</span> <span class='ocrx_word' id='word_1_26' title='bbox 1308 507 1338 564; x_wconf 80' lang='grc' dir='ltr'>ἡ</span> <span class='ocrx_word' id='word_1_27' title='bbox 1402 502 1553 571; x_wconf 83' lang='grc' dir='ltr'>δόξα,</span> <span class='ocrx_word' id='word_1_28' title='bbox 1595 511 1685 559; x_wconf 86' lang='grc' dir='ltr'>καὶ</span> <span class='ocrx_word' id='word_1_29' title='bbox 1737 508 1787 559; x_wconf 86' lang='grc' dir='ltr'>οἱ</span> 
     </span>
    </p>
   </div>
   <div class='ocr_carea' id='block_1_5' title="bbox 1939 502 3549 587">
    <p class='ocr_par' dir='ltr' id='par_1_5' title="bbox 1939 506 3549 587">
     <span class='ocr_line' id='line_1_5' title="bbox 1939 506 3549 587; baseline 0.005 -25"><span class='ocrx_word' id='word_1_30' title='bbox 1939 522 2117 579; x_wconf 80' lang='lat' dir='ltr'>)sque</span> <span class='ocrx_word' id='word_1_31' title='bbox 2146 507 2323 577; x_wconf 88' lang='lat' dir='ltr'>regis,</span> <span class='ocrx_word' id='word_1_32' title='bbox 2355 522 2520 579; x_wconf 90' lang='lat' dir='ltr'>opes,</span> <span class='ocrx_word' id='word_1_33' title='bbox 2555 506 2808 577; x_wconf 85' lang='lat' dir='ltr'>gloriam</span> <span class='ocrx_word' id='word_1_34' title='bbox 2834 526 2905 566; x_wconf 91' lang='lat' dir='ltr'>ac</span> <span class='ocrx_word' id='word_1_35' title='bbox 2934 513 3248 583; x_wconf 70' lang='lat' dir='ltr'>sapientiai</span> <span class='ocrx_word' id='word_1_36' title='bbox 3290 513 3549 587; x_wconf 87' lang='lat' dir='ltr'>eloquia.</span> 
     </span>
    </p>
   </div>
   <div class='ocr_carea' id='block_1_6' title="bbox 195 595 1805 671">
    <p class='ocr_par' dir='ltr' id='par_1_6' title="bbox 195 595 1789 669">
     <span class='ocr_line' id='line_1_6' title="bbox 195 595 1789 669; baseline -0.002 -19"><span class='ocrx_word' id='word_1_37' title='bbox 195 606 280 657; x_wconf 76' lang='grc' dir='ltr'>τῆς</span> <span class='ocrx_word' id='word_1_38' title='bbox 336 601 510 669; x_wconf 67' lang='grc' dir='ltr'>σοφίας</span> <span class='ocrx_word' id='word_1_39' title='bbox 553 596 725 667; x_wconf 88' lang='grc' dir='ltr'>λόγοι,</span> <span class='ocrx_word' id='word_1_40' title='bbox 780 597 827 648; x_wconf 74' lang='grc' dir='ltr'>ἐν</span> <span class='ocrx_word' id='word_1_41' title='bbox 885 600 1147 667; x_wconf 73' lang='grc' dir='ltr'>φαντασίᾳ</span> <span class='ocrx_word' id='word_1_42' title='bbox 1176 600 1277 648; x_wconf 81' lang='grc' dir='ltr'>τινί</span> <span class='ocrx_word' id='word_1_43' title='bbox 1314 595 1441 661; x_wconf 81' lang='grc' dir='ltr'>εἰσι,</span> <span class='ocrx_word' id='word_1_44' title='bbox 1481 600 1553 666; x_wconf 81' lang='grc' dir='ltr'>μὴ</span> <span class='ocrx_word' id='word_1_45' title='bbox 1599 597 1789 667; x_wconf 79' lang='grc' dir='ltr'>ἔχοντα</span> 
     </span>
    </p>
   </div>
   <div class='ocr_carea' id='block_1_7' title="bbox 1942 595 3552 671">
    <p class='ocr_par' dir='ltr' id='par_1_7' title="bbox 1942 595 3552 671">
     <span class='ocr_line' id='line_1_7' title="bbox 1942 595 3552 671; baseline 0.006 -21"><span class='ocrx_word' id='word_1_46' title='bbox 1942 602 2202 651; x_wconf 73' lang='lat' dir='ltr'>sternam</span> <span class='ocrx_word' id='word_1_47' title='bbox 2222 595 2404 651; x_wconf 92' lang='lat' dir='ltr'>modo</span> <span class='ocrx_word' id='word_1_48' title='bbox 2422 596 2683 667; x_wconf 87' lang='lat' dir='ltr'>speciem</span> <span class='ocrx_word' id='word_1_49' title='bbox 2711 599 2784 653; x_wconf 91' lang='lat' dir='ltr'>de</span> <span class='ocrx_word' id='word_1_50' title='bbox 2811 614 2872 654; x_wconf 92' lang='lat' dir='ltr'>se</span> <span class='ocrx_word' id='word_1_51' title='bbox 2890 601 3175 671; x_wconf 69' lang='lat' dir='ltr'>praebere,</span> <span class='ocrx_word' id='word_1_52' title='bbox 3197 618 3305 658; x_wconf 83' lang='lat' dir='ltr'>nec</span> <span class='ocrx_word' id='word_1_53' title='bbox 3327 603 3552 659; x_wconf 88' lang='lat' dir='ltr'>habere</span> 
     </span>
    </p>
   </div>
   <div class='ocr_carea' id='block_1_8' title="bbox 198 681 1808 759">
    <p class='ocr_par' dir='ltr' id='par_1_8' title="bbox 198 681 1788 759">
     <span class='ocr_line' id='line_1_8' title="bbox 198 681 1788 759; baseline -0.003 -20"><span class='ocrx_word' id='word_1_54' title='bbox 198 688 401 757; x_wconf 77' lang='grc' dir='ltr'>στερεὰν</span> <span class='ocrx_word' id='word_1_55' title='bbox 453 683 634 758; x_wconf 82' lang='grc' dir='ltr'>βάσιν,</span> <span class='ocrx_word' id='word_1_56' title='bbox 690 683 819 737; x_wconf 82' lang='grc' dir='ltr'>ἀλλὰ</span> <span class='ocrx_word' id='word_1_57' title='bbox 862 688 1249 759; x_wconf 74' lang='grc' dir='ltr'>παρερχόμενα.</span> <span class='ocrx_word' id='word_1_58' title='bbox 1306 688 1406 737; x_wconf 79' lang='grc' dir='ltr'>Καὶ</span> <span class='ocrx_word' id='word_1_59' title='bbox 1459 686 1503 736; x_wconf 81' lang='grc' dir='ltr'>εἴ</span> <span class='ocrx_word' id='word_1_60' title='bbox 1539 688 1590 736; x_wconf 88' lang='grc' dir='ltr'>τί</span> <span class='ocrx_word' id='word_1_61' title='bbox 1647 681 1788 735; x_wconf 76' lang='grc' dir='ltr'>ἐστιν</span> 
     </span>
    </p>
   </div>
   <div class='ocr_carea' id='block_1_9' title="bbox 1942 681 3552 759">
    <p class='ocr_par' dir='ltr' id='par_1_9' title="bbox 1942 683 3552 759">
     <span class='ocr_line' id='line_1_9' title="bbox 1942 683 3552 759; baseline 0.003 -19"><span class='ocrx_word' id='word_1_62' title='bbox 1942 683 2769 749; x_wconf 79' lang='lat' dir='ltr'>)lidumfundamentum,sed</span> <span class='ocrx_word' id='word_1_63' title='bbox 2784 691 3081 759; x_wconf 67' lang='lat' dir='ltr'>praeterire</span> <span class='ocrx_word' id='word_1_64' title='bbox 3095 707 3163 746; x_wconf 93' lang='lat' dir='ltr'>ac</span> <span class='ocrx_word' id='word_1_65' title='bbox 3177 707 3552 749; x_wconf 82' lang='lat' dir='ltr'>evanescere.</span> 
     </span>
    </p>
   </div>
   <div class='ocr_carea' id='block_1_10' title="bbox 196 771 1806 846">
    <p class='ocr_par' dir='ltr' id='par_1_10' title="bbox 196 771 1582 846">
     <span class='ocr_line' id='line_1_10' title="bbox 196 771 1582 846; baseline -0.001 -18"><span class='ocrx_word' id='word_1_66' title='bbox 196 777 289 828; x_wconf 75' lang='grc' dir='ltr'>ὑπὸ</span> <span class='ocrx_word' id='word_1_67' title='bbox 325 779 414 827; x_wconf 89' lang='grc' dir='ltr'>τόν</span> <span class='ocrx_word' id='word_1_68' title='bbox 444 776 681 846; x_wconf 78' lang='grc' dir='ltr'>οὐρανὸν,</span> <span class='ocrx_word' id='word_1_69' title='bbox 713 775 918 836; x_wconf 81' lang='grc' dir='ltr'>τούτοις</span> <span class='ocrx_word' id='word_1_70' title='bbox 943 771 1085 826; x_wconf 77' lang='grc' dir='ltr'>ἐστὶν</span> <span class='ocrx_word' id='word_1_71' title='bbox 1116 773 1582 846; x_wconf 74' lang='grc' dir='ltr'>εὐκαταφρόνητον.</span> 
     </span>
    </p>
   </div>
   <div class='ocr_carea' id='block_1_11' title="bbox 1940 771 3550 846">
    <p class='ocr_par' dir='ltr' id='par_1_11' title="bbox 1940 772 3550 845">
     <span class='ocr_line' id='line_1_11' title="bbox 1940 772 3550 845; baseline 0.005 -19"><span class='ocrx_word' id='word_1_72' title='bbox 1940 772 2269 845; x_wconf 81' lang='lat' dir='ltr'>tquidquid</span> <span class='ocrx_word' id='word_1_73' title='bbox 2296 773 2409 829; x_wconf 81' lang='lat' dir='ltr'>sub</span> <span class='ocrx_word' id='word_1_74' title='bbox 2436 774 2584 830; x_wconf 70' lang='lat' dir='ltr'>caelo</span> <span class='ocrx_word' id='word_1_75' title='bbox 2610 782 2717 841; x_wconf 90' lang='lat' dir='ltr'>est,</span> <span class='ocrx_word' id='word_1_76' title='bbox 2738 777 2815 832; x_wconf 88' lang='lat' dir='ltr'>ab</span> <span class='ocrx_word' id='word_1_77' title='bbox 2837 778 2920 833; x_wconf 90' lang='lat' dir='ltr'>eis</span> <span class='ocrx_word' id='word_1_78' title='bbox 2936 778 3109 836; x_wconf 82' lang='lat' dir='ltr'><strong>facile</strong></span> <span class='ocrx_word' id='word_1_79' title='bbox 3131 782 3550 838; x_wconf 82' lang='lat' dir='ltr'>contemnitur.</span> 
     </span>
    </p>
   </div>
   <div class='ocr_carea' id='block_1_12' title="bbox 262 897 1872 974">
    <p class='ocr_par' dir='ltr' id='par_1_12' title="bbox 262 898 1790 969">
     <span class='ocr_line' id='line_1_12' title="bbox 262 898 1790 969; baseline -0.003 -16"><span class='ocrx_word' id='word_1_80' title='bbox 262 899 398 956; x_wconf 79' lang='lat' dir='ltr'>Ml&quot;.</span> <span class='ocrx_word' id='word_1_81' title='bbox 428 901 524 952; x_wconf 86' lang='grc' dir='ltr'>Διὰ</span> <span class='ocrx_word' id='word_1_82' title='bbox 548 903 599 952; x_wconf 81' lang='grc' dir='ltr'>τί</span> <span class='ocrx_word' id='word_1_83' title='bbox 632 915 647 966; x_wconf 88' lang='grc'>;</span> <span class='ocrx_word' id='word_1_84' title='bbox 676 900 757 951; x_wconf 86' lang='grc' dir='ltr'>ὅτι</span> <span class='ocrx_word' id='word_1_85' title='bbox 810 898 927 962; x_wconf 82' lang='grc' dir='ltr'>ξένα</span> <span class='ocrx_word' id='word_1_86' title='bbox 964 902 1053 951; x_wconf 84' lang='grc' dir='ltr'>καὶ</span> <span class='ocrx_word' id='word_1_87' title='bbox 1095 898 1376 969; x_wconf 86' lang='grc' dir='ltr'>θαυμαστὰ</span> <span class='ocrx_word' id='word_1_88' title='bbox 1404 899 1471 949; x_wconf 84' lang='grc' dir='ltr'>τὰ</span> <span class='ocrx_word' id='word_1_89' title='bbox 1495 898 1661 949; x_wconf 73' lang='grc' dir='ltr'>ἐπάνω</span> <span class='ocrx_word' id='word_1_90' title='bbox 1694 904 1790 949; x_wconf 83' lang='grc' dir='ltr'>τῶν</span> 
     </span>
    </p>
   </div>
   <div class='ocr_carea' id='block_1_13' title="bbox 1944 897 3554 974">
    <p class='ocr_par' dir='ltr' id='par_1_13' title="bbox 1973 897 3554 974">
     <span class='ocr_line' id='line_1_13' title="bbox 1973 897 3554 974; baseline 0.008 -23"><span class='ocrx_word' id='word_1_91' title='bbox 1973 897 2151 952; x_wconf 77' lang='lat' dir='ltr'><strong>XLIII.</strong></span> <span class='ocrx_word' id='word_1_92' title='bbox 2195 898 2305 964; x_wconf 87' lang='lat' dir='ltr'>Qui</span> <span class='ocrx_word' id='word_1_93' title='bbox 2332 898 2446 954; x_wconf 93' lang='lat' dir='ltr'>hoc</span> <span class='ocrx_word' id='word_1_94' title='bbox 2488 898 2516 952; x_wconf 72' lang='lat' dir='ltr'>‘I</span> <span class='ocrx_word' id='word_1_95' title='bbox 2573 902 2649 955; x_wconf 85' lang='lat' dir='ltr'>Eo</span> <span class='ocrx_word' id='word_1_96' title='bbox 2691 901 2853 972; x_wconf 90' lang='lat' dir='ltr'>quod</span> <span class='ocrx_word' id='word_1_97' title='bbox 2903 904 3215 974; x_wconf 87' lang='lat' dir='ltr'>peregrina</span> <span class='ocrx_word' id='word_1_98' title='bbox 3257 912 3313 961; x_wconf 92' lang='lat' dir='ltr'>et</span> <span class='ocrx_word' id='word_1_99' title='bbox 3358 905 3554 962; x_wconf 90' lang='lat' dir='ltr'>admi-</span> 
     </span>
    </p>
   </div>
   <div class='ocr_carea' id='block_1_14' title="bbox 198 986 1808 1065">
    <p class='ocr_par' dir='ltr' id='par_1_14' title="bbox 198 986 1789 1063">
     <span class='ocr_line' id='line_1_14' title="bbox 198 986 1789 1063; baseline -0.002 -22"><span class='ocrx_word' id='word_1_100' title='bbox 198 989 442 1063; x_wconf 69' lang='grc' dir='ltr'>οὐρανῶν,</span> <span class='ocrx_word' id='word_1_101' title='bbox 472 991 542 1041; x_wconf 83' lang='grc' dir='ltr'>τὰ</span> <span class='ocrx_word' id='word_1_102' title='bbox 570 992 643 1061; x_wconf 68' lang='grc' dir='ltr'>μὴ</span> <span class='ocrx_word' id='word_1_103' title='bbox 690 991 813 1041; x_wconf 82' lang='grc' dir='ltr'>ὄντα</span> <span class='ocrx_word' id='word_1_104' title='bbox 842 994 974 1060; x_wconf 86' lang='grc' dir='ltr'>μήτε</span> <span class='ocrx_word' id='word_1_105' title='bbox 1030 986 1101 1049; x_wconf 85' lang='grc' dir='ltr'>εἰς</span> <span class='ocrx_word' id='word_1_106' title='bbox 1159 990 1459 1061; x_wconf 81' lang='grc' dir='ltr'>θησαυροὺς</span> <span class='ocrx_word' id='word_1_107' title='bbox 1508 986 1789 1060; x_wconf 84' lang='grc' dir='ltr'>βασιλέων,</span> 
     </span>
    </p>
   </div>
   <div class='ocr_carea' id='block_1_15' title="bbox 1946 986 3556 1065">
    <p class='ocr_par' dir='ltr' id='par_1_15' title="bbox 1946 986 3556 1065">
     <span class='ocr_line' id='line_1_15' title="bbox 1946 986 3556 1065; baseline 0.006 -24"><span class='ocrx_word' id='word_1_108' title='bbox 1946 987 2094 1042; x_wconf 65' lang='lat' dir='ltr'>inda</span> <span class='ocrx_word' id='word_1_109' title='bbox 2125 986 2411 1059; x_wconf 69' lang='lat' dir='ltr'>sint,quae</span> <span class='ocrx_word' id='word_1_110' title='bbox 2436 1003 2622 1059; x_wconf 80' lang='lat' dir='ltr'>supra</span> <span class='ocrx_word' id='word_1_111' title='bbox 2643 988 2821 1044; x_wconf 70' lang='lat' dir='ltr'>caelos</span> <span class='ocrx_word' id='word_1_112' title='bbox 2853 997 3009 1056; x_wconf 90' lang='lat' dir='ltr'>sunt,</span> <span class='ocrx_word' id='word_1_113' title='bbox 3027 1007 3097 1047; x_wconf 93' lang='lat' dir='ltr'>ac</span> <span class='ocrx_word' id='word_1_114' title='bbox 3124 1009 3320 1065; x_wconf 89' lang='lat' dir='ltr'>neque</span> <span class='ocrx_word' id='word_1_115' title='bbox 3340 994 3398 1049; x_wconf 93' lang='lat' dir='ltr'>in</span> <span class='ocrx_word' id='word_1_116' title='bbox 3425 995 3556 1051; x_wconf 82' lang='lat' dir='ltr'>the-</span> 
     </span>
    </p>
   </div>
   <div class='ocr_carea' id='block_1_16' title="bbox 198 1073 1808 1154">
    <p class='ocr_par' dir='ltr' id='par_1_16' title="bbox 198 1073 1789 1151">
     <span class='ocr_line' id='line_1_16' title="bbox 198 1073 1789 1151; baseline -0.004 -18"><span class='ocrx_word' id='word_1_117' title='bbox 198 1084 322 1151; x_wconf 72' lang='grc' dir='ltr'>μὴτε</span> <span class='ocrx_word' id='word_1_118' title='bbox 376 1078 447 1139; x_wconf 82' lang='grc' dir='ltr'>εἰς</span> <span class='ocrx_word' id='word_1_119' title='bbox 506 1083 690 1150; x_wconf 74' lang='grc' dir='ltr'>σοφίαν</span> <span class='ocrx_word' id='word_1_120' title='bbox 740 1076 925 1150; x_wconf 84' lang='grc' dir='ltr'>λόγων,</span> <span class='ocrx_word' id='word_1_121' title='bbox 996 1081 1129 1149; x_wconf 85' lang='grc' dir='ltr'>μήτε</span> <span class='ocrx_word' id='word_1_122' title='bbox 1180 1075 1250 1138; x_wconf 82' lang='grc' dir='ltr'>εἰς</span> <span class='ocrx_word' id='word_1_123' title='bbox 1300 1073 1457 1139; x_wconf 81' lang='grc' dir='ltr'>δόξαν</span> <span class='ocrx_word' id='word_1_124' title='bbox 1512 1079 1789 1148; x_wconf 76' lang='grc' dir='ltr'>κοσμικὴν,</span> 
     </span>
    </p>
   </div>
   <div class='ocr_carea' id='block_1_17' title="bbox 1944 1073 3554 1154">
    <p class='ocr_par' dir='ltr' id='par_1_17' title="bbox 1944 1076 3554 1154">
     <span class='ocr_line' id='line_1_17' title="bbox 1944 1076 3554 1154; baseline 0.004 -23"><span class='ocrx_word' id='word_1_125' title='bbox 1944 1076 2094 1131; x_wconf 76' lang='lat' dir='ltr'>auris</span> <span class='ocrx_word' id='word_1_126' title='bbox 2120 1090 2349 1145; x_wconf 90' lang='lat' dir='ltr'>regum,</span> <span class='ocrx_word' id='word_1_127' title='bbox 2379 1091 2574 1148; x_wconf 89' lang='lat' dir='ltr'>neque</span> <span class='ocrx_word' id='word_1_128' title='bbox 2593 1078 2652 1131; x_wconf 89' lang='lat' dir='ltr'>in</span> <span class='ocrx_word' id='word_1_129' title='bbox 2684 1078 2975 1148; x_wconf 85' lang='lat' dir='ltr'>sapientia</span> <span class='ocrx_word' id='word_1_130' title='bbox 2994 1080 3339 1146; x_wconf 89' lang='lat' dir='ltr'>verborum,</span> <span class='ocrx_word' id='word_1_131' title='bbox 3359 1097 3554 1154; x_wconf 88' lang='lat' dir='ltr'>neque</span> 
     </span>
    </p>
   </div>
   <div class='ocr_carea' id='block_1_18' title="bbox 198 1164 1808 1240">
    <p class='ocr_par' dir='ltr' id='par_1_18' title="bbox 198 1164 1788 1240">
     <span class='ocr_line' id='line_1_18' title="bbox 198 1164 1788 1240; baseline -0.001 -21"><span class='ocrx_word' id='word_1_132' title='bbox 198 1172 279 1220; x_wconf 78' lang='grc' dir='ltr'>καὶ</span> <span class='ocrx_word' id='word_1_133' title='bbox 333 1166 631 1240; x_wconf 76' lang='grc' dir='ltr'>ἀξιώματα,</span> <span class='ocrx_word' id='word_1_134' title='bbox 694 1168 723 1226; x_wconf 76' lang='grc' dir='ltr'><strong>ἦ</strong></span> <span class='ocrx_word' id='word_1_135' title='bbox 778 1167 1023 1232; x_wconf 85' lang='grc' dir='ltr'>πλοῦτον,</span> <span class='ocrx_word' id='word_1_136' title='bbox 1083 1166 1189 1219; x_wconf 81' lang='grc' dir='ltr'>οἷον</span> <span class='ocrx_word' id='word_1_137' title='bbox 1245 1164 1423 1218; x_wconf 72' lang='grc' dir='ltr'>ἐκεῖνοι</span> <span class='ocrx_word' id='word_1_138' title='bbox 1483 1164 1788 1237; x_wconf 72' lang='grc' dir='ltr'>ἐκτήσαντο,</span> 
     </span>
    </p>
   </div>
   <div class='ocr_carea' id='block_1_19' title="bbox 1946 1164 3556 1240">
    <p class='ocr_par' dir='ltr' id='par_1_19' title="bbox 1946 1164 3556 1240">
     <span class='ocr_line' id='line_1_19' title="bbox 1946 1164 3556 1240; baseline 0.005 -22"><span class='ocrx_word' id='word_1_139' title='bbox 1946 1180 1963 1218; x_wconf 83' lang='lat' dir='ltr'>i</span> <span class='ocrx_word' id='word_1_140' title='bbox 1998 1164 2186 1235; x_wconf 88' lang='lat' dir='ltr'>gloria</span> <span class='ocrx_word' id='word_1_141' title='bbox 2201 1165 2511 1221; x_wconf 88' lang='lat' dir='ltr'>mundana</span> <span class='ocrx_word' id='word_1_142' title='bbox 2528 1166 2901 1239; x_wconf 88' lang='lat' dir='ltr'>reperiantur</span> <span class='ocrx_word' id='word_1_143' title='bbox 2926 1184 2937 1222; x_wconf 92' lang='lat'><strong>:</strong></span> <span class='ocrx_word' id='word_1_144' title='bbox 2968 1184 3039 1223; x_wconf 92' lang='lat' dir='ltr'>ac</span> <span class='ocrx_word' id='word_1_145' title='bbox 3055 1170 3195 1240; x_wconf 82' lang='lat' dir='ltr'>quia</span> <span class='ocrx_word' id='word_1_146' title='bbox 3211 1170 3556 1240; x_wconf 86' lang='lat' dir='ltr'>dignitates.</span> 
     </span>
    </p>
   </div>
   <div class='ocr_carea' id='block_1_20' title="bbox 198 1250 1808 1331">
    <p class='ocr_par' dir='ltr' id='par_1_20' title="bbox 198 1250 1791 1331">
     <span class='ocr_line' id='line_1_20' title="bbox 198 1250 1791 1331; baseline -0.001 -23"><span class='ocrx_word' id='word_1_147' title='bbox 198 1262 278 1309; x_wconf 87' lang='grc' dir='ltr'>τόν</span> <span class='ocrx_word' id='word_1_148' title='bbox 316 1260 511 1331; x_wconf 76' lang='grc' dir='ltr'>Κύριον</span> <span class='ocrx_word' id='word_1_149' title='bbox 556 1260 647 1309; x_wconf 82' lang='grc' dir='ltr'>καὶ</span> <span class='ocrx_word' id='word_1_150' title='bbox 698 1261 918 1314; x_wconf 76' lang='grc' dir='ltr'>κτίστην</span> <span class='ocrx_word' id='word_1_151' title='bbox 957 1257 1161 1309; x_wconf 86' lang='grc' dir='ltr'>πάντων</span> <span class='ocrx_word' id='word_1_152' title='bbox 1222 1257 1432 1327; x_wconf 78' lang='grc' dir='ltr'>ἔχοντες</span> <span class='ocrx_word' id='word_1_153' title='bbox 1469 1253 1518 1306; x_wconf 77' lang='grc' dir='ltr'>έν</span> <span class='ocrx_word' id='word_1_154' title='bbox 1547 1262 1620 1326; x_wconf 84' lang='grc' dir='ltr'>τῷ</span> <span class='ocrx_word' id='word_1_155' title='bbox 1651 1250 1791 1307; x_wconf 74' lang='grc' dir='ltr'>ἐνδο-</span> 
     </span>
    </p>
   </div>
   <div class='ocr_carea' id='block_1_21' title="bbox 1951 1250 3561 1331">
    <p class='ocr_par' dir='ltr' id='par_1_21' title="bbox 1951 1254 3561 1330">
     <span class='ocr_line' id='line_1_21' title="bbox 1951 1254 3561 1330; baseline 0.005 -23"><span class='ocrx_word' id='word_1_156' title='bbox 1951 1258 2006 1308; x_wconf 88' lang='lat' dir='ltr'>ut</span> <span class='ocrx_word' id='word_1_157' title='bbox 2053 1254 2295 1319; x_wconf 65' lang='lat' dir='ltr'>divitias,</span> <span class='ocrx_word' id='word_1_158' title='bbox 2344 1270 2480 1326; x_wconf 66' lang='lat' dir='ltr'>quin</span> <span class='ocrx_word' id='word_1_159' title='bbox 2507 1255 2589 1310; x_wconf 88' lang='lat' dir='ltr'>illi</span> <span class='ocrx_word' id='word_1_160' title='bbox 2632 1256 2958 1326; x_wconf 88' lang='lat' dir='ltr'>possident,</span> <span class='ocrx_word' id='word_1_161' title='bbox 2999 1259 3103 1330; x_wconf 90' lang='lat' dir='ltr'>qui</span> <span class='ocrx_word' id='word_1_162' title='bbox 3151 1259 3472 1315; x_wconf 89' lang='lat' dir='ltr'>Dominum</span> <span class='ocrx_word' id='word_1_163' title='bbox 3504 1264 3561 1315; x_wconf 88' lang='lat' dir='ltr'>et</span> 
     </span>
    </p>
   </div>
   <div class='ocr_carea' id='block_1_22' title="bbox 197 1342 1807 1420">
    <p class='ocr_par' dir='ltr' id='par_1_22' title="bbox 197 1342 1795 1420">
     <span class='ocr_line' id='line_1_22' title="bbox 197 1342 1795 1420; baseline -0.003 -21"><span class='ocrx_word' id='word_1_164' title='bbox 197 1349 325 1418; x_wconf 79' lang='grc' dir='ltr'>τάτῳ</span> <span class='ocrx_word' id='word_1_165' title='bbox 387 1345 665 1420; x_wconf 78' lang='grc' dir='ltr'>ἀνθρώπῳ,</span> <span class='ocrx_word' id='word_1_166' title='bbox 725 1353 902 1419; x_wconf 80' lang='grc' dir='ltr'>κτῆμα</span> <span class='ocrx_word' id='word_1_167' title='bbox 967 1348 1026 1397; x_wconf 90' lang='grc' dir='ltr'>τὸ</span> <span class='ocrx_word' id='word_1_168' title='bbox 1076 1348 1145 1418; x_wconf 77' lang='grc' dir='ltr'>μὴ</span> <span class='ocrx_word' id='word_1_169' title='bbox 1197 1348 1606 1419; x_wconf 74' lang='grc' dir='ltr'>παρερχόμενον,</span> <span class='ocrx_word' id='word_1_170' title='bbox 1667 1342 1795 1396; x_wconf 76' lang='grc' dir='ltr'>ἀλλὰ</span> 
     </span>
    </p>
   </div>
   <div class='ocr_carea' id='block_1_23' title="bbox 1951 1342 3561 1420">
    <p class='ocr_par' dir='ltr' id='par_1_23' title="bbox 1951 1344 3561 1416">
     <span class='ocr_line' id='line_1_23' title="bbox 1951 1344 3561 1416; baseline 0.004 -19"><span class='ocrx_word' id='word_1_171' title='bbox 1951 1347 2236 1398; x_wconf 89' lang='lat' dir='ltr'>reatorem</span> <span class='ocrx_word' id='word_1_172' title='bbox 2255 1344 2528 1398; x_wconf 91' lang='lat' dir='ltr'>omnium</span> <span class='ocrx_word' id='word_1_173' title='bbox 2564 1344 2620 1401; x_wconf 87' lang='lat' dir='ltr'>in</span> <span class='ocrx_word' id='word_1_174' title='bbox 2636 1344 2897 1401; x_wconf 88' lang='lat' dir='ltr'>interiori</span> <span class='ocrx_word' id='word_1_175' title='bbox 2911 1346 3156 1403; x_wconf 90' lang='lat' dir='ltr'>homine</span> <span class='ocrx_word' id='word_1_176' title='bbox 3171 1347 3415 1416; x_wconf 84' lang='lat' dir='ltr'>habent,</span> <span class='ocrx_word' id='word_1_177' title='bbox 3442 1349 3561 1404; x_wconf 88' lang='lat' dir='ltr'>sint</span> 
     </span>
    </p>
   </div>
   <div class='ocr_carea' id='block_1_24' title="bbox 197 1429 1807 1510">
    <p class='ocr_par' dir='ltr' id='par_1_24' title="bbox 197 1429 1794 1510">
     <span class='ocr_line' id='line_1_24' title="bbox 197 1429 1794 1510; baseline -0.002 -23"><span class='ocrx_word' id='word_1_178' title='bbox 197 1438 508 1508; x_wconf 76' lang='grc' dir='ltr'>παραμένον.</span> <span class='ocrx_word' id='word_1_179' title='bbox 560 1437 628 1487; x_wconf 85' lang='grc' dir='ltr'><strong>Οἱ</strong></span> <span class='ocrx_word' id='word_1_180' title='bbox 699 1438 801 1510; x_wconf 82' lang='grc' dir='ltr'>γὰρ</span> <span class='ocrx_word' id='word_1_181' title='bbox 860 1438 1170 1507; x_wconf 82' lang='grc' dir='ltr'>Χριστιανοὶ</span> <span class='ocrx_word' id='word_1_182' title='bbox 1234 1438 1411 1505; x_wconf 81' lang='grc' dir='ltr'>τιμίαν</span> <span class='ocrx_word' id='word_1_183' title='bbox 1468 1429 1651 1486; x_wconf 79' lang='grc' dir='ltr'>οἴδασι</span> <span class='ocrx_word' id='word_1_184' title='bbox 1702 1437 1794 1492; x_wconf 76' lang='grc' dir='ltr'>τὴν</span> 
     </span>
    </p>
   </div>
   <div class='ocr_carea' id='block_1_25' title="bbox 1949 1429 3559 1510">
    <p class='ocr_par' dir='ltr' id='par_1_25' title="bbox 1949 1432 3559 1508">
     <span class='ocr_line' id='line_1_25' title="bbox 1949 1432 3559 1508; baseline 0.006 -23"><span class='ocrx_word' id='word_1_185' title='bbox 1949 1432 2207 1487; x_wconf 90' lang='lat' dir='ltr'>ossessio</span> <span class='ocrx_word' id='word_1_186' title='bbox 2235 1448 2547 1503; x_wconf 90' lang='lat' dir='ltr'>nunquam</span> <span class='ocrx_word' id='word_1_187' title='bbox 2619 1434 2947 1502; x_wconf 90' lang='lat' dir='ltr'>interitura,</span> <span class='ocrx_word' id='word_1_188' title='bbox 3010 1436 3115 1491; x_wconf 90' lang='lat' dir='ltr'>sed</span> <span class='ocrx_word' id='word_1_189' title='bbox 3178 1453 3559 1508; x_wconf 87' lang='lat' dir='ltr'>permanens.</span> 
     </span>
    </p>
   </div>
   <div class='ocr_carea' id='block_1_26' title="bbox 194 1519 1804 1598">
    <p class='ocr_par' dir='ltr' id='par_1_26' title="bbox 194 1519 1794 1597">
     <span class='ocr_line' id='line_1_26' title="bbox 194 1519 1794 1597; baseline -0.002 -21"><span class='ocrx_word' id='word_1_190' title='bbox 194 1522 375 1595; x_wconf 64' lang='grc' dir='ltr'>ψυχὴν</span> <span class='ocrx_word' id='word_1_191' title='bbox 408 1525 534 1597; x_wconf 68' lang='grc' dir='ltr'>ὑπερ</span> <span class='ocrx_word' id='word_1_192' title='bbox 565 1524 736 1576; x_wconf 85' lang='grc' dir='ltr'>πάντα</span> <span class='ocrx_word' id='word_1_193' title='bbox 786 1525 853 1575; x_wconf 84' lang='grc' dir='ltr'>τὰ</span> <span class='ocrx_word' id='word_1_194' title='bbox 907 1519 1357 1597; x_wconf 78' lang='grc' dir='ltr'>δημιουργήματα</span> <span class='ocrx_word' id='word_1_195' title='bbox 1401 1537 1414 1551; x_wconf 85' lang='grc'><em>’</em></span> <span class='ocrx_word' id='word_1_196' title='bbox 1453 1525 1603 1594; x_wconf 85' lang='grc' dir='ltr'>μόνος</span> <span class='ocrx_word' id='word_1_197' title='bbox 1647 1522 1794 1594; x_wconf 80' lang='grc' dir='ltr'>γὰρὸ</span> 
     </span>
    </p>
   </div>
   <div class='ocr_carea' id='block_1_27' title="bbox 1953 1519 3563 1598">
    <p class='ocr_par' dir='ltr' id='par_1_27' title="bbox 1953 1520 3563 1598">
     <span class='ocr_line' id='line_1_27' title="bbox 1953 1520 3563 1598; baseline 0.005 -23"><span class='ocrx_word' id='word_1_198' title='bbox 1953 1520 2222 1576; x_wconf 90' lang='lat' dir='ltr'>hristiani</span> <span class='ocrx_word' id='word_1_199' title='bbox 2242 1522 2399 1576; x_wconf 91' lang='lat' dir='ltr'>enim</span> <span class='ocrx_word' id='word_1_200' title='bbox 2428 1530 2741 1588; x_wconf 90' lang='lat' dir='ltr'>noverunt,</span> <span class='ocrx_word' id='word_1_201' title='bbox 2776 1526 3044 1580; x_wconf 90' lang='lat' dir='ltr'>animam</span> <span class='ocrx_word' id='word_1_202' title='bbox 3077 1524 3255 1595; x_wconf 89' lang='lat' dir='ltr'>longe</span> <span class='ocrx_word' id='word_1_203' title='bbox 3275 1533 3563 1598; x_wconf 68' lang='lat' dir='ltr'>prmstan-</span> 
     </span>
    </p>
   </div>
   <div class='ocr_carea' id='block_1_28' title="bbox 198 1609 1808 1685">
    <p class='ocr_par' dir='ltr' id='par_1_28' title="bbox 198 1612 1792 1685">
     <span class='ocr_line' id='line_1_28' title="bbox 198 1612 1792 1685; baseline -0.001 -21"><span class='ocrx_word' id='word_1_204' title='bbox 198 1614 460 1685; x_wconf 76' lang='grc' dir='ltr'>ἄνθρωπος</span> <span class='ocrx_word' id='word_1_205' title='bbox 514 1614 629 1665; x_wconf 83' lang='grc' dir='ltr'>κατ’</span> <span class='ocrx_word' id='word_1_206' title='bbox 683 1612 856 1665; x_wconf 86' lang='grc' dir='ltr'>εἰκόνα</span> <span class='ocrx_word' id='word_1_207' title='bbox 906 1616 996 1664; x_wconf 85' lang='grc' dir='ltr'>καὶ</span> <span class='ocrx_word' id='word_1_208' title='bbox 1056 1612 1308 1683; x_wconf 90' lang='grc' dir='ltr'>ὁμοίωσιν</span> <span class='ocrx_word' id='word_1_209' title='bbox 1361 1618 1495 1663; x_wconf 82' lang='grc' dir='ltr'>Θεοῦ</span> <span class='ocrx_word' id='word_1_210' title='bbox 1545 1614 1741 1683; x_wconf 75' lang='grc' dir='ltr'>ἐγένετο</span> <span class='ocrx_word' id='word_1_211' title='bbox 1779 1627 1792 1642; x_wconf 73' lang='grc'><strong><em>⁸</em></strong></span> 
     </span>
    </p>
   </div>
   <div class='ocr_carea' id='block_1_29' title="bbox 1950 1609 3560 1685">
    <p class='ocr_par' dir='ltr' id='par_1_29' title="bbox 1950 1609 3560 1681">
     <span class='ocr_line' id='line_1_29' title="bbox 1950 1609 3560 1681; baseline 0.004 -16"><span class='ocrx_word' id='word_1_212' title='bbox 1950 1625 2113 1665; x_wconf 90' lang='lat' dir='ltr'>orem</span> <span class='ocrx_word' id='word_1_213' title='bbox 2153 1609 2271 1681; x_wconf 77' lang='lat'>65</span> <span class='ocrx_word' id='word_1_214' title='bbox 2304 1626 2436 1665; x_wconf 90' lang='lat' dir='ltr'>esse</span> <span class='ocrx_word' id='word_1_215' title='bbox 2475 1612 2702 1666; x_wconf 61' lang='lat' dir='ltr'>caeteris</span> <span class='ocrx_word' id='word_1_216' title='bbox 2724 1614 3007 1669; x_wconf 90' lang='lat' dir='ltr'>omnibus</span> <span class='ocrx_word' id='word_1_217' title='bbox 3048 1616 3371 1671; x_wconf 85' lang='lat' dir='ltr'>creaturis:</span> <span class='ocrx_word' id='word_1_218' title='bbox 3398 1616 3560 1672; x_wconf 90' lang='lat' dir='ltr'>solus</span> 
     </span>
    </p>
   </div>
   <div class='ocr_carea' id='block_1_30' title="bbox 201 1697 1811 1775">
    <p class='ocr_par' dir='ltr' id='par_1_30' title="bbox 201 1698 1794 1775">
     <span class='ocr_line' id='line_1_30' title="bbox 201 1698 1794 1775; baseline -0.001 -21"><span class='ocrx_word' id='word_1_219' title='bbox 201 1698 307 1754; x_wconf 80' lang='grc' dir='ltr'>ἰδοὺ</span> <span class='ocrx_word' id='word_1_220' title='bbox 335 1704 363 1754; x_wconf 88' lang='grc' dir='ltr'>ὁ</span> <span class='ocrx_word' id='word_1_221' title='bbox 407 1705 625 1775; x_wconf 71' lang='grc' dir='ltr'>οὐρανὸς</span> <span class='ocrx_word' id='word_1_222' title='bbox 680 1706 842 1755; x_wconf 89' lang='grc' dir='ltr'>πόσον</span> <span class='ocrx_word' id='word_1_223' title='bbox 900 1704 1040 1753; x_wconf 74' lang='grc' dir='ltr'>ἐστὶν</span> <span class='ocrx_word' id='word_1_224' title='bbox 1089 1700 1469 1775; x_wconf 73' lang='grc' dir='ltr'>ὑπερμεγέθης,</span> <span class='ocrx_word' id='word_1_225' title='bbox 1502 1705 1592 1752; x_wconf 79' lang='grc' dir='ltr'>καὶ</span> <span class='ocrx_word' id='word_1_226' title='bbox 1638 1702 1668 1759; x_wconf 82' lang='grc' dir='ltr'>ἡ</span> <span class='ocrx_word' id='word_1_227' title='bbox 1700 1708 1794 1772; x_wconf 76' lang='grc' dir='ltr'>γῇ,</span> 
     </span>
    </p>
   </div>
   <div class='ocr_carea' id='block_1_31' title="bbox 1950 1697 3560 1775">
    <p class='ocr_par' dir='ltr' id='par_1_31' title="bbox 1950 1699 3560 1772">
     <span class='ocr_line' id='line_1_31' title="bbox 1950 1699 3560 1772; baseline 0.004 -19"><span class='ocrx_word' id='word_1_228' title='bbox 1950 1699 2204 1769; x_wconf 69' lang='lat' dir='ltr'>iquidem</span> <span class='ocrx_word' id='word_1_229' title='bbox 2237 1699 2420 1754; x_wconf 92' lang='lat' dir='ltr'>homo</span> <span class='ocrx_word' id='word_1_230' title='bbox 2447 1700 2782 1757; x_wconf 88' lang='lat' dir='ltr'>secundum</span> <span class='ocrx_word' id='word_1_231' title='bbox 2801 1702 3125 1772; x_wconf 84' lang='lat' dir='ltr'>imaginem</span> <span class='ocrx_word' id='word_1_232' title='bbox 3149 1711 3204 1760; x_wconf 92' lang='lat' dir='ltr'>et</span> <span class='ocrx_word' id='word_1_233' title='bbox 3224 1704 3560 1760; x_wconf 87' lang='lat' dir='ltr'>similitudi-</span> 
     </span>
    </p>
   </div>
   <div class='ocr_carea' id='block_1_32' title="bbox 197 1777 1807 1864">
    <p class='ocr_par' dir='ltr' id='par_1_32' title="bbox 197 1790 1799 1862">
     <span class='ocr_line' id='line_1_32' title="bbox 197 1790 1799 1862; baseline 0 -20"><span class='ocrx_word' id='word_1_234' title='bbox 197 1796 278 1843; x_wconf 78' lang='grc' dir='ltr'>καὶ</span> <span class='ocrx_word' id='word_1_235' title='bbox 337 1794 410 1844; x_wconf 83' lang='grc' dir='ltr'>τὰ</span> <span class='ocrx_word' id='word_1_236' title='bbox 465 1790 516 1844; x_wconf 78' lang='grc' dir='ltr'>έν</span> <span class='ocrx_word' id='word_1_237' title='bbox 558 1791 736 1852; x_wconf 71' lang='grc' dir='ltr'>αὐτοῖς</span> <span class='ocrx_word' id='word_1_238' title='bbox 790 1809 1059 1862; x_wconf 89' lang='grc' dir='ltr'>κτισματα</span> <span class='ocrx_word' id='word_1_239' title='bbox 1108 1794 1278 1861; x_wconf 84' lang='grc' dir='ltr'>τίμια,</span> <span class='ocrx_word' id='word_1_240' title='bbox 1337 1794 1427 1843; x_wconf 81' lang='grc' dir='ltr'>καὶ</span> <span class='ocrx_word' id='word_1_241' title='bbox 1483 1790 1684 1861; x_wconf 83' lang='grc' dir='ltr'>μεγάλα</span> <span class='ocrx_word' id='word_1_242' title='bbox 1734 1792 1799 1842; x_wconf 82' lang='grc' dir='ltr'>τὰ</span> 
     </span>
    </p>
   </div>
   <div class='ocr_carea' id='block_1_33' title="bbox 1949 1777 3559 1864">
    <p class='ocr_par' dir='ltr' id='par_1_33' title="bbox 1950 1787 3559 1864">
     <span class='ocr_line' id='line_1_33' title="bbox 1950 1787 3559 1864; baseline 0.004 -21"><span class='ocrx_word' id='word_1_243' title='bbox 1950 1804 2044 1843; x_wconf 91' lang='lat' dir='ltr'>em</span> <span class='ocrx_word' id='word_1_244' title='bbox 2079 1788 2177 1843; x_wconf 90' lang='lat' dir='ltr'>Dei</span> <span class='ocrx_word' id='word_1_245' title='bbox 2208 1787 2399 1843; x_wconf 87' lang='lat' dir='ltr'>factus</span> <span class='ocrx_word' id='word_1_246' title='bbox 2421 1793 2529 1843; x_wconf 90' lang='lat' dir='ltr'>est.</span> <span class='ocrx_word' id='word_1_247' title='bbox 2565 1792 2707 1845; x_wconf 91' lang='lat' dir='ltr'><strong>Ecce</strong></span> <span class='ocrx_word' id='word_1_248' title='bbox 2729 1790 2947 1847; x_wconf 62' lang='lat' dir='ltr'>caelum</span> <span class='ocrx_word' id='word_1_249' title='bbox 2970 1808 3156 1864; x_wconf 89' lang='lat' dir='ltr'>quam</span> <span class='ocrx_word' id='word_1_250' title='bbox 3187 1793 3559 1850; x_wconf 91' lang='lat' dir='ltr'>immensum</span> 
     </span>
    </p>
   </div>
   <div class='ocr_carea' id='block_1_34' title="bbox 200 1876 1810 1955">
    <p class='ocr_par' dir='ltr' id='par_1_34' title="bbox 200 1876 1795 1955">
     <span class='ocr_line' id='line_1_34' title="bbox 200 1876 1795 1955; baseline -0.001 -22"><span class='ocrx_word' id='word_1_251' title='bbox 200 1883 350 1938; x_wconf 84' lang='grc' dir='ltr'>σκεύη</span> <span class='ocrx_word' id='word_1_252' title='bbox 388 1881 581 1946; x_wconf 73' lang='grc' dir='ltr'>αὐτῶν,</span> <span class='ocrx_word' id='word_1_253' title='bbox 637 1881 664 1932; x_wconf 91' lang='grc' dir='ltr'>ὁ</span> <span class='ocrx_word' id='word_1_254' title='bbox 716 1876 776 1933; x_wconf 73' lang='grc' dir='ltr'>δὲ</span> <span class='ocrx_word' id='word_1_255' title='bbox 820 1880 1091 1955; x_wconf 73' lang='grc' dir='ltr'>ἄνθρωπος</span> <span class='ocrx_word' id='word_1_256' title='bbox 1144 1880 1272 1953; x_wconf 69' lang='grc' dir='ltr'>ὑπὲρ</span> <span class='ocrx_word' id='word_1_257' title='bbox 1317 1880 1486 1932; x_wconf 86' lang='grc' dir='ltr'>πάντα</span> <span class='ocrx_word' id='word_1_258' title='bbox 1536 1882 1601 1931; x_wconf 83' lang='grc' dir='ltr'>τὰ</span> <span class='ocrx_word' id='word_1_259' title='bbox 1635 1882 1795 1937; x_wconf 89' lang='grc' dir='ltr'>σκεύη</span> 
     </span>
    </p>
   </div>
   <div class='ocr_carea' id='block_1_35' title="bbox 1952 1876 3562 1955">
    <p class='ocr_par' dir='ltr' id='par_1_35' title="bbox 1952 1876 3562 1950">
     <span class='ocr_line' id='line_1_35' title="bbox 1952 1876 3562 1950; baseline 0.006 -20"><span class='ocrx_word' id='word_1_260' title='bbox 1952 1879 1983 1931; x_wconf 81' lang='lat' dir='ltr'>it</span> <span class='ocrx_word' id='word_1_261' title='bbox 2017 1876 2029 1930; x_wconf 76' lang='grc' dir='ltr'>ι</span> <span class='ocrx_word' id='word_1_262' title='bbox 2062 1877 2200 1932; x_wconf 89' lang='lat' dir='ltr'>item</span> <span class='ocrx_word' id='word_1_263' title='bbox 2232 1882 2289 1932; x_wconf 92' lang='lat' dir='ltr'>et</span> <span class='ocrx_word' id='word_1_264' title='bbox 2328 1881 2483 1933; x_wconf 90' lang='lat' dir='ltr'>terra</span> <span class='ocrx_word' id='word_1_265' title='bbox 2512 1878 2523 1932; x_wconf 90' lang='lat'><strong>!</strong></span> <span class='ocrx_word' id='word_1_266' title='bbox 2554 1895 2737 1950; x_wconf 91' lang='lat' dir='ltr'>quam</span> <span class='ocrx_word' id='word_1_267' title='bbox 2761 1884 3047 1937; x_wconf 63' lang='lat' dir='ltr'>creatura;</span> <span class='ocrx_word' id='word_1_268' title='bbox 3074 1883 3133 1937; x_wconf 91' lang='lat' dir='ltr'>in</span> <span class='ocrx_word' id='word_1_269' title='bbox 3160 1882 3271 1938; x_wconf 90' lang='lat' dir='ltr'>illis</span> <span class='ocrx_word' id='word_1_270' title='bbox 3297 1883 3562 1939; x_wconf 84' lang='lat' dir='ltr'>viventes</span> 
     </span>
    </p>
   </div>
   <div class='ocr_carea' id='block_1_36' title="bbox 196 1964 1806 2042">
    <p class='ocr_par' dir='ltr' id='par_1_36' title="bbox 196 1966 1798 2042">
     <span class='ocr_line' id='line_1_36' title="bbox 196 1966 1798 2042; baseline -0.001 -19"><span class='ocrx_word' id='word_1_271' title='bbox 196 1976 362 2042; x_wconf 82' lang='grc' dir='ltr'>τίμιός</span> <span class='ocrx_word' id='word_1_272' title='bbox 425 1970 586 2036; x_wconf 71' lang='grc' dir='ltr'>ἐστιν,</span> <span class='ocrx_word' id='word_1_273' title='bbox 651 1966 831 2029; x_wconf 74' lang='grc' dir='ltr'>ἐπειδὴ</span> <span class='ocrx_word' id='word_1_274' title='bbox 886 1969 958 2030; x_wconf 84' lang='grc' dir='ltr'>εἰς</span> <span class='ocrx_word' id='word_1_275' title='bbox 1019 1968 1173 2022; x_wconf 76' lang='grc' dir='ltr'>αὐτὸν</span> <span class='ocrx_word' id='word_1_276' title='bbox 1221 1969 1374 2041; x_wconf 88' lang='grc' dir='ltr'>μόνον</span> <span class='ocrx_word' id='word_1_277' title='bbox 1435 1966 1716 2027; x_wconf 78' lang='grc' dir='ltr'>εὐδόκησεν</span> <span class='ocrx_word' id='word_1_278' title='bbox 1772 1970 1798 2021; x_wconf 91' lang='lat'>6</span> 
     </span>
    </p>
   </div>
   <div class='ocr_carea' id='block_1_37' title="bbox 1952 1964 3562 2042">
    <p class='ocr_par' dir='ltr' id='par_1_37' title="bbox 1952 1964 3562 2040">
     <span class='ocr_line' id='line_1_37' title="bbox 1952 1964 3562 2040; baseline 0.005 -20"><span class='ocrx_word' id='word_1_279' title='bbox 1952 1965 2180 2022; x_wconf 65' lang='lat' dir='ltr'>retiose</span> <span class='ocrx_word' id='word_1_280' title='bbox 2210 1964 2221 2019; x_wconf 86' lang='lat' dir='ltr'>l</span> <span class='ocrx_word' id='word_1_281' title='bbox 2256 1981 2566 2038; x_wconf 89' lang='lat' dir='ltr'>quamque</span> <span class='ocrx_word' id='word_1_282' title='bbox 2583 1982 2808 2037; x_wconf 89' lang='lat' dir='ltr'>magna</span> <span class='ocrx_word' id='word_1_283' title='bbox 2828 1984 3081 2040; x_wconf 89' lang='lat' dir='ltr'>corpora</span> <span class='ocrx_word' id='word_1_284' title='bbox 3112 1972 3349 2027; x_wconf 78' lang='lat' dir='ltr'>eorum!</span> <span class='ocrx_word' id='word_1_285' title='bbox 3373 1973 3562 2028; x_wconf 88' lang='lat' dir='ltr'>Homo</span> 
     </span>
    </p>
   </div>
   <div class='ocr_carea' id='block_1_38' title="bbox 198 2054 1808 2134">
    <p class='ocr_par' dir='ltr' id='par_1_38' title="bbox 198 2056 1796 2134">
     <span class='ocr_line' id='line_1_38' title="bbox 198 2056 1796 2134; baseline -0.003 -19"><span class='ocrx_word' id='word_1_286' title='bbox 198 2061 391 2134; x_wconf 81' lang='grc' dir='ltr'>Κύριος</span> <span class='ocrx_word' id='word_1_287' title='bbox 426 2076 439 2088; x_wconf 82' lang='lat'>&#39;</span> <span class='ocrx_word' id='word_1_288' title='bbox 492 2065 581 2112; x_wconf 74' lang='grc' dir='ltr'>καὶ</span> <span class='ocrx_word' id='word_1_289' title='bbox 633 2062 701 2111; x_wconf 80' lang='grc' dir='ltr'>τὰ</span> <span class='ocrx_word' id='word_1_290' title='bbox 736 2063 869 2118; x_wconf 80' lang='grc' dir='ltr'>κήτη</span> <span class='ocrx_word' id='word_1_291' title='bbox 900 2056 960 2112; x_wconf 63' lang='grc' dir='ltr'>δὲ</span> <span class='ocrx_word' id='word_1_292' title='bbox 1015 2066 1107 2119; x_wconf 79' lang='grc' dir='ltr'>τῆς</span> <span class='ocrx_word' id='word_1_293' title='bbox 1140 2058 1426 2130; x_wconf 78' lang='grc' dir='ltr'>θαλάσσης,</span> <span class='ocrx_word' id='word_1_294' title='bbox 1458 2056 1643 2111; x_wconf 81' lang='grc' dir='ltr'>καὶτὰ</span> <span class='ocrx_word' id='word_1_295' title='bbox 1681 2061 1796 2130; x_wconf 86' lang='grc' dir='ltr'>ὄρη,</span> 
     </span>
    </p>
   </div>
   <div class='ocr_carea' id='block_1_39' title="bbox 1957 2054 3567 2134">
    <p class='ocr_par' dir='ltr' id='par_1_39' title="bbox 1957 2054 3567 2133">
     <span class='ocr_line' id='line_1_39' title="bbox 1957 2054 3567 2133; baseline 0.005 -24"><span class='ocrx_word' id='word_1_296' title='bbox 1957 2054 2305 2110; x_wconf 91' lang='lat' dir='ltr'>ihilominus</span> <span class='ocrx_word' id='word_1_297' title='bbox 2330 2054 2493 2110; x_wconf 87' lang='lat' dir='ltr'>hisce</span> <span class='ocrx_word' id='word_1_298' title='bbox 2520 2056 2874 2127; x_wconf 84' lang='lat' dir='ltr'>corporibus</span> <span class='ocrx_word' id='word_1_299' title='bbox 2892 2059 3178 2115; x_wconf 87' lang='lat' dir='ltr'>omnibus</span> <span class='ocrx_word' id='word_1_300' title='bbox 3208 2060 3394 2117; x_wconf 92' lang='lat' dir='ltr'>multo</span> <span class='ocrx_word' id='word_1_301' title='bbox 3413 2077 3567 2133; x_wconf 68' lang='lat' dir='ltr'>prte-</span> 
     </span>
    </p>
   </div>
   <div class='ocr_carea' id='block_1_40' title="bbox 197 2145 1807 2223">
    <p class='ocr_par' dir='ltr' id='par_1_40' title="bbox 197 2145 1800 2223">
     <span class='ocr_line' id='line_1_40' title="bbox 197 2145 1800 2223; baseline -0.002 -22"><span class='ocrx_word' id='word_1_302' title='bbox 197 2154 278 2201; x_wconf 81' lang='grc' dir='ltr'>καὶ</span> <span class='ocrx_word' id='word_1_303' title='bbox 329 2150 404 2201; x_wconf 80' lang='grc' dir='ltr'>τὰ</span> <span class='ocrx_word' id='word_1_304' title='bbox 462 2152 640 2223; x_wconf 81' lang='grc' dir='ltr'>θηρία,</span> <span class='ocrx_word' id='word_1_305' title='bbox 703 2148 775 2209; x_wconf 79' lang='grc' dir='ltr'>εἰς</span> <span class='ocrx_word' id='word_1_306' title='bbox 829 2150 888 2200; x_wconf 89' lang='grc' dir='ltr'>τὸ</span> <span class='ocrx_word' id='word_1_307' title='bbox 940 2151 1241 2220; x_wconf 68' lang='grc' dir='ltr'>φαινόμενον</span> <span class='ocrx_word' id='word_1_308' title='bbox 1288 2146 1506 2219; x_wconf 73' lang='grc' dir='ltr'>μείζονα</span> <span class='ocrx_word' id='word_1_309' title='bbox 1550 2145 1653 2199; x_wconf 74' lang='grc' dir='ltr'>εἰσι</span> <span class='ocrx_word' id='word_1_310' title='bbox 1708 2153 1800 2198; x_wconf 84' lang='grc' dir='ltr'>τοῦ</span> 
     </span>
    </p>
   </div>
   <div class='ocr_carea' id='block_1_41' title="bbox 1951 2145 3561 2223">
    <p class='ocr_par' dir='ltr' id='par_1_41' title="bbox 1951 2145 3561 2223">
     <span class='ocr_line' id='line_1_41' title="bbox 1951 2145 3561 2223; baseline 0.003 -22"><span class='ocrx_word' id='word_1_311' title='bbox 1951 2145 2163 2201; x_wconf 91' lang='lat' dir='ltr'>tantior</span> <span class='ocrx_word' id='word_1_312' title='bbox 2192 2149 2283 2200; x_wconf 89' lang='lat' dir='ltr'>est</span> <span class='ocrx_word' id='word_1_313' title='bbox 2308 2160 2323 2209; x_wconf 89' lang='lat'><strong>;</strong></span> <span class='ocrx_word' id='word_1_314' title='bbox 2345 2145 2848 2218; x_wconf 81' lang='lat' dir='ltr'>quandoquidem</span> <span class='ocrx_word' id='word_1_315' title='bbox 2868 2148 2926 2203; x_wconf 91' lang='lat' dir='ltr'>in</span> <span class='ocrx_word' id='word_1_316' title='bbox 2952 2147 3052 2205; x_wconf 90' lang='lat' dir='ltr'>illo</span> <span class='ocrx_word' id='word_1_317' title='bbox 3084 2149 3211 2205; x_wconf 92' lang='lat' dir='ltr'>solo</span> <span class='ocrx_word' id='word_1_318' title='bbox 3233 2150 3561 2223; x_wconf 90' lang='lat' dir='ltr'>complaci-</span> 
     </span>
    </p>
   </div>
   <div class='ocr_carea' id='block_1_42' title="bbox 195 2231 1805 2311">
    <p class='ocr_par' dir='ltr' id='par_1_42' title="bbox 195 2231 1797 2311">
     <span class='ocr_line' id='line_1_42' title="bbox 195 2231 1797 2311; baseline -0.002 -22"><span class='ocrx_word' id='word_1_319' title='bbox 195 2234 492 2311; x_wconf 72' lang='grc' dir='ltr'>ανθρώπου.</span> <span class='ocrx_word' id='word_1_320' title='bbox 519 2236 672 2290; x_wconf 80' lang='grc' dir='ltr'>Βλέπε</span> <span class='ocrx_word' id='word_1_321' title='bbox 722 2232 810 2290; x_wconf 84' lang='grc' dir='ltr'>οὖν</span> <span class='ocrx_word' id='word_1_322' title='bbox 855 2256 949 2290; x_wconf 87' lang='grc' dir='ltr'>σου</span> <span class='ocrx_word' id='word_1_323' title='bbox 988 2240 1047 2290; x_wconf 87' lang='grc' dir='ltr'>τὸ</span> <span class='ocrx_word' id='word_1_324' title='bbox 1106 2234 1331 2310; x_wconf 79' lang='grc' dir='ltr'>ἀξίωμα,</span> <span class='ocrx_word' id='word_1_325' title='bbox 1376 2244 1487 2297; x_wconf 84' lang='grc' dir='ltr'>πῶς</span> <span class='ocrx_word' id='word_1_326' title='bbox 1524 2231 1571 2289; x_wconf 83' lang='grc' dir='ltr'>εἶ</span> <span class='ocrx_word' id='word_1_327' title='bbox 1608 2238 1797 2307; x_wconf 86' lang='grc' dir='ltr'>τίμιος,</span> 
     </span>
    </p>
   </div>
   <div class='ocr_carea' id='block_1_43' title="bbox 1955 2231 3565 2311">
    <p class='ocr_par' dir='ltr' id='par_1_43' title="bbox 1955 2232 3565 2309">
     <span class='ocr_line' id='line_1_43' title="bbox 1955 2232 3565 2309; baseline 0.004 -21"><span class='ocrx_word' id='word_1_328' title='bbox 1955 2232 2421 2289; x_wconf 85' lang='lat' dir='ltr'>imestDomino.</span> <span class='ocrx_word' id='word_1_329' title='bbox 2441 2237 2726 2292; x_wconf 70' lang='lat' dir='ltr'>Prmterea</span> <span class='ocrx_word' id='word_1_330' title='bbox 2748 2241 2873 2292; x_wconf 92' lang='lat' dir='ltr'>cete</span> <span class='ocrx_word' id='word_1_331' title='bbox 2902 2252 3146 2309; x_wconf 89' lang='lat' dir='ltr'>quoque</span> <span class='ocrx_word' id='word_1_332' title='bbox 3173 2240 3379 2305; x_wconf 88' lang='lat' dir='ltr'>maris,</span> <span class='ocrx_word' id='word_1_333' title='bbox 3397 2254 3565 2295; x_wconf 89' lang='lat' dir='ltr'>mon-</span> 
     </span>
    </p>
   </div>
   <div class='ocr_carea' id='block_1_44' title="bbox 195 2321 1805 2401">
    <p class='ocr_par' dir='ltr' id='par_1_44' title="bbox 195 2324 1800 2401">
     <span class='ocr_line' id='line_1_44' title="bbox 195 2324 1800 2401; baseline -0.001 -24"><span class='ocrx_word' id='word_1_334' title='bbox 195 2325 269 2379; x_wconf 82' lang='grc' dir='ltr'>ὁτι</span> <span class='ocrx_word' id='word_1_335' title='bbox 319 2328 457 2401; x_wconf 68' lang='grc' dir='ltr'>ύπὶρ</span> <span class='ocrx_word' id='word_1_336' title='bbox 519 2325 767 2399; x_wconf 79' lang='grc' dir='ltr'>ἀγγέλους</span> <span class='ocrx_word' id='word_1_337' title='bbox 824 2324 1039 2385; x_wconf 68' lang='grc' dir='ltr'>ἐποίησέ</span> <span class='ocrx_word' id='word_1_338' title='bbox 1095 2345 1152 2379; x_wconf 90' lang='grc' dir='ltr'>σε</span> <span class='ocrx_word' id='word_1_339' title='bbox 1204 2326 1231 2378; x_wconf 91' lang='lat'>6</span> <span class='ocrx_word' id='word_1_340' title='bbox 1289 2328 1431 2390; x_wconf 87' lang='grc' dir='ltr'>Θεὸς,</span> <span class='ocrx_word' id='word_1_341' title='bbox 1504 2326 1658 2378; x_wconf 86' lang='grc' dir='ltr'>ὁπότε</span> <span class='ocrx_word' id='word_1_342' title='bbox 1709 2327 1800 2376; x_wconf 83' lang='grc' dir='ltr'>καὶ</span> 
     </span>
    </p>
   </div>
   <div class='ocr_carea' id='block_1_45' title="bbox 1953 2321 3563 2401">
    <p class='ocr_par' dir='ltr' id='par_1_45' title="bbox 1953 2321 3563 2399">
     <span class='ocr_line' id='line_1_45' title="bbox 1953 2321 3563 2399; baseline 0.004 -21"><span class='ocrx_word' id='word_1_343' title='bbox 1953 2341 1994 2378; x_wconf 71' lang='lat' dir='ltr'>is</span> <span class='ocrx_word' id='word_1_344' title='bbox 2048 2328 2106 2379; x_wconf 91' lang='lat' dir='ltr'>et</span> <span class='ocrx_word' id='word_1_345' title='bbox 2151 2321 2365 2378; x_wconf 72' lang='lat' dir='ltr'>belluas</span> <span class='ocrx_word' id='word_1_346' title='bbox 2416 2325 2749 2380; x_wconf 90' lang='lat' dir='ltr'>secundum</span> <span class='ocrx_word' id='word_1_347' title='bbox 2808 2333 3200 2399; x_wconf 90' lang='lat' dir='ltr'>conspectum</span> <span class='ocrx_word' id='word_1_348' title='bbox 3250 2333 3563 2386; x_wconf 81' lang='lat' dir='ltr'>externum</span> 
     </span>
    </p>
   </div>
   <div class='ocr_carea' id='block_1_46' title="bbox 194 2410 1804 2490">
    <p class='ocr_par' dir='ltr' id='par_1_46' title="bbox 194 2412 1799 2489">
     <span class='ocr_line' id='line_1_46' title="bbox 194 2412 1799 2489; baseline -0.001 -23"><span class='ocrx_word' id='word_1_349' title='bbox 194 2415 341 2479; x_wconf 66' lang='grc' dir='ltr'>αὐτὸς</span> <span class='ocrx_word' id='word_1_350' title='bbox 402 2412 482 2469; x_wconf 81' lang='grc' dir='ltr'>δι’</span> <span class='ocrx_word' id='word_1_351' title='bbox 536 2415 724 2469; x_wconf 76' lang='grc' dir='ltr'>ἑαυτοῦ</span> <span class='ocrx_word' id='word_1_352' title='bbox 782 2414 852 2477; x_wconf 78' lang='grc' dir='ltr'>εἰς</span> <span class='ocrx_word' id='word_1_353' title='bbox 906 2419 1003 2474; x_wconf 77' lang='grc' dir='ltr'>σὴν</span> <span class='ocrx_word' id='word_1_354' title='bbox 1063 2413 1337 2489; x_wconf 78' lang='grc' dir='ltr'>πρεσϐείαν</span> <span class='ocrx_word' id='word_1_355' title='bbox 1397 2417 1485 2467; x_wconf 84' lang='grc' dir='ltr'>καὶ</span> <span class='ocrx_word' id='word_1_356' title='bbox 1543 2412 1799 2489; x_wconf 83' lang='grc' dir='ltr'>λύτρωσιν</span> 
     </span>
    </p>
   </div>
   <div class='ocr_carea' id='block_1_47' title="bbox 1954 2410 3564 2490">
    <p class='ocr_par' dir='ltr' id='par_1_47' title="bbox 1954 2410 3564 2490">
     <span class='ocr_line' id='line_1_47' title="bbox 1954 2410 3564 2490; baseline 0.005 -22"><span class='ocrx_word' id='word_1_357' title='bbox 1954 2410 2322 2483; x_wconf 80' lang='lat' dir='ltr'>iagnitudine</span> <span class='ocrx_word' id='word_1_358' title='bbox 2349 2428 2462 2468; x_wconf 88' lang='lat' dir='ltr'>sua</span> <span class='ocrx_word' id='word_1_359' title='bbox 2488 2412 2783 2469; x_wconf 82' lang='lat' dir='ltr'>excedunt</span> <span class='ocrx_word' id='word_1_360' title='bbox 2809 2414 3135 2472; x_wconf 89' lang='lat' dir='ltr'>hominem.</span> <span class='ocrx_word' id='word_1_361' title='bbox 3153 2417 3401 2490; x_wconf 82' lang='lat' dir='ltr'>Respice</span> <span class='ocrx_word' id='word_1_362' title='bbox 3422 2434 3564 2489; x_wconf 90' lang='lat' dir='ltr'>ergo</span> 
     </span>
    </p>
   </div>
   <div class='ocr_carea' id='block_1_48' title="bbox 193 2502 1803 2579">
    <p class='ocr_par' dir='ltr' id='par_1_48' title="bbox 193 2503 882 2577">
     <span class='ocr_line' id='line_1_48' title="bbox 193 2503 882 2577; baseline 0.007 -21"><span class='ocrx_word' id='word_1_363' title='bbox 193 2509 502 2577; x_wconf 71' lang='grc' dir='ltr'>παρεγένετο</span> <span class='ocrx_word' id='word_1_364' title='bbox 526 2503 612 2558; x_wconf 80' lang='grc' dir='ltr'>ίπὶ</span> <span class='ocrx_word' id='word_1_365' title='bbox 641 2513 737 2567; x_wconf 83' lang='grc' dir='ltr'>τῆς</span> <span class='ocrx_word' id='word_1_366' title='bbox 765 2512 882 2576; x_wconf 79' lang='grc' dir='ltr'>γῆς.</span> 
     </span>
    </p>
   </div>
   <div class='ocr_carea' id='block_1_49' title="bbox 1960 2502 3570 2579">
    <p class='ocr_par' dir='ltr' id='par_1_49' title="bbox 1960 2503 3570 2579">
     <span class='ocr_line' id='line_1_49' title="bbox 1960 2503 3570 2579; baseline 0.005 -22"><span class='ocrx_word' id='word_1_367' title='bbox 1960 2503 2259 2572; x_wconf 87' lang='lat' dir='ltr'>ignitatem</span> <span class='ocrx_word' id='word_1_368' title='bbox 2284 2504 2472 2566; x_wconf 85' lang='lat' dir='ltr'>tuam,</span> <span class='ocrx_word' id='word_1_369' title='bbox 2514 2517 2701 2574; x_wconf 90' lang='lat' dir='ltr'>quam</span> <span class='ocrx_word' id='word_1_370' title='bbox 2734 2505 2814 2559; x_wconf 91' lang='lat' dir='ltr'>sis</span> <span class='ocrx_word' id='word_1_371' title='bbox 2844 2506 3141 2575; x_wconf 89' lang='lat' dir='ltr'>pretiosus</span> <span class='ocrx_word' id='word_1_372' title='bbox 3173 2507 3373 2579; x_wconf 87' lang='lat' dir='ltr'>lquod</span> <span class='ocrx_word' id='word_1_373' title='bbox 3398 2512 3450 2563; x_wconf 89' lang='lat' dir='ltr'>te</span> <span class='ocrx_word' id='word_1_374' title='bbox 3468 2523 3570 2565; x_wconf 89' lang='lat' dir='ltr'>su-</span> 
     </span>
    </p>
   </div>
   <div class='ocr_carea' id='block_1_50' title="bbox 191 2589 3564 2667">
    <p class='ocr_par' dir='ltr' id='par_1_50' title="bbox 191 2589 3564 2667">
     <span class='ocr_line' id='line_1_50' title="bbox 191 2589 3564 2667; baseline 0.001 -16"><span class='ocrx_word' id='word_1_375' title='bbox 191 2596 490 2667; x_wconf 82' lang='lat' dir='ltr'>perierem</span> <span class='ocrx_word' id='word_1_376' title='bbox 520 2594 752 2664; x_wconf 86' lang='lat' dir='ltr'>angelis</span> <span class='ocrx_word' id='word_1_377' title='bbox 784 2592 987 2650; x_wconf 78' lang='lat' dir='ltr'>fecerit</span> <span class='ocrx_word' id='word_1_378' title='bbox 1018 2593 1198 2663; x_wconf 89' lang='lat' dir='ltr'>Deus,</span> <span class='ocrx_word' id='word_1_379' title='bbox 1229 2592 1481 2666; x_wconf 88' lang='lat' dir='ltr'>quando</span> <span class='ocrx_word' id='word_1_380' title='bbox 1520 2591 1613 2648; x_wconf 88' lang='lat' dir='ltr'>vel</span> <span class='ocrx_word' id='word_1_381' title='bbox 1658 2591 1787 2663; x_wconf 85' lang='lat' dir='ltr'>ipse</span> <span class='ocrx_word' id='word_1_382' title='bbox 1816 2590 2113 2663; x_wconf 86' lang='lat' dir='ltr'>legatione</span> <span class='ocrx_word' id='word_1_383' title='bbox 2152 2589 2233 2646; x_wconf 90' lang='lat' dir='ltr'>ad</span> <span class='ocrx_word' id='word_1_384' title='bbox 2272 2593 2329 2644; x_wconf 78' lang='lat' dir='ltr'>te</span> <span class='ocrx_word' id='word_1_385' title='bbox 2370 2595 2429 2646; x_wconf 87' lang='lat' dir='ltr'>et</span> <span class='ocrx_word' id='word_1_386' title='bbox 2457 2592 2873 2666; x_wconf 88' lang='lat' dir='ltr'>redemptione</span> <span class='ocrx_word' id='word_1_387' title='bbox 2904 2594 2984 2650; x_wconf 92' lang='lat' dir='ltr'>tui</span> <span class='ocrx_word' id='word_1_388' title='bbox 3026 2595 3469 2666; x_wconf 84' lang='lat' dir='ltr'>perfuncturus,</span> <span class='ocrx_word' id='word_1_389' title='bbox 3502 2597 3564 2652; x_wconf 91' lang='lat' dir='ltr'>in</span> 
     </span>
    </p>
   </div>
   <div class='ocr_carea' id='block_1_51' title="bbox 195 2683 1169 2755">
    <p class='ocr_par' dir='ltr' id='par_1_51' title="bbox 195 2683 1169 2755">
     <span class='ocr_line' id='line_1_51' title="bbox 195 2683 1169 2755; baseline -0.006 -14"><span class='ocrx_word' id='word_1_390' title='bbox 195 2686 355 2741; x_wconf 86' lang='lat' dir='ltr'>terris</span> <span class='ocrx_word' id='word_1_391' title='bbox 384 2700 450 2740; x_wconf 87' lang='lat' dir='ltr'>se</span> <span class='ocrx_word' id='word_1_392' title='bbox 494 2687 848 2755; x_wconf 71' lang='lat' dir='ltr'>praesentem</span> <span class='ocrx_word' id='word_1_393' title='bbox 879 2683 1169 2739; x_wconf 83' lang='lat' dir='ltr'>exhibuit.</span> 
     </span>
    </p>
   </div>
   <div class='ocr_carea' id='block_1_52' title="bbox 266 2803 1876 2879">
    <p class='ocr_par' dir='ltr' id='par_1_52' title="bbox 266 2803 1810 2879">
     <span class='ocr_line' id='line_1_52' title="bbox 266 2803 1810 2879; baseline -0.003 -17"><span class='ocrx_word' id='word_1_394' title='bbox 266 2807 396 2864; x_wconf 57' lang='grc' dir='ltr'>ΜΚ.</span> <span class='ocrx_word' id='word_1_395' title='bbox 427 2806 555 2861; x_wconf 87' lang='grc' dir='ltr'>Ὀτε</span> <span class='ocrx_word' id='word_1_396' title='bbox 594 2803 681 2860; x_wconf 81' lang='grc' dir='ltr'>οὖν</span> <span class='ocrx_word' id='word_1_397' title='bbox 713 2812 806 2859; x_wconf 80' lang='grc' dir='ltr'>καὶ</span> <span class='ocrx_word' id='word_1_398' title='bbox 852 2808 900 2859; x_wconf 82' lang='grc' dir='ltr'>οἱ</span> <span class='ocrx_word' id='word_1_399' title='bbox 930 2805 1137 2879; x_wconf 77' lang='grc' dir='ltr'>ἄγγελοι</span> <span class='ocrx_word' id='word_1_400' title='bbox 1183 2806 1253 2869; x_wconf 82' lang='grc' dir='ltr'>εἰς</span> <span class='ocrx_word' id='word_1_401' title='bbox 1282 2810 1378 2865; x_wconf 80' lang='grc' dir='ltr'>τὴν</span> <span class='ocrx_word' id='word_1_402' title='bbox 1420 2810 1518 2864; x_wconf 76' lang='grc' dir='ltr'>σὴν</span> <span class='ocrx_word' id='word_1_403' title='bbox 1548 2809 1810 2879; x_wconf 83' lang='grc' dir='ltr'>σωτηρίαν</span> 
     </span>
    </p>
   </div>
   <div class='ocr_carea' id='block_1_53' title="bbox 1961 2803 3571 2879">
    <p class='ocr_par' dir='ltr' id='par_1_53' title="bbox 1989 2804 3571 2877">
     <span class='ocr_line' id='line_1_53' title="bbox 1989 2804 3571 2877; baseline 0.005 -18"><span class='ocrx_word' id='word_1_404' title='bbox 1989 2804 2181 2861; x_wconf 87' lang='lat' dir='ltr'>XLIV.</span> <span class='ocrx_word' id='word_1_405' title='bbox 2210 2806 2460 2871; x_wconf 89' lang='lat' dir='ltr'>Quando</span> <span class='ocrx_word' id='word_1_406' title='bbox 2490 2807 2650 2863; x_wconf 91' lang='lat' dir='ltr'>enim</span> <span class='ocrx_word' id='word_1_407' title='bbox 2676 2808 2871 2877; x_wconf 88' lang='lat' dir='ltr'>angeli</span> <span class='ocrx_word' id='word_1_408' title='bbox 2892 2809 2970 2865; x_wconf 93' lang='lat' dir='ltr'>ad</span> <span class='ocrx_word' id='word_1_409' title='bbox 2999 2813 3050 2865; x_wconf 89' lang='lat' dir='ltr'>te</span> <span class='ocrx_word' id='word_1_410' title='bbox 3078 2809 3436 2867; x_wconf 89' lang='lat' dir='ltr'>salvaudum</span> <span class='ocrx_word' id='word_1_411' title='bbox 3473 2826 3571 2867; x_wconf 88' lang='lat' dir='ltr'>ve-</span> 
     </span>
    </p>
   </div>
   <div class='ocr_carea' id='block_1_54' title="bbox 202 2893 1812 2971">
    <p class='ocr_par' dir='ltr' id='par_1_54' title="bbox 202 2893 1808 2971">
     <span class='ocr_line' id='line_1_54' title="bbox 202 2893 1808 2971; baseline -0.002 -22"><span class='ocrx_word' id='word_1_412' title='bbox 202 2893 351 2955; x_wconf 70' lang='grc' dir='ltr'>ἦλθον</span> <span class='ocrx_word' id='word_1_413' title='bbox 389 2914 406 2963; x_wconf 85' lang='grc'><strong>;</strong></span> <span class='ocrx_word' id='word_1_414' title='bbox 440 2894 692 2969; x_wconf 80' lang='grc' dir='ltr'>βασιλεύς</span> <span class='ocrx_word' id='word_1_415' title='bbox 718 2898 820 2971; x_wconf 82' lang='grc' dir='ltr'>γὰρ</span> <span class='ocrx_word' id='word_1_416' title='bbox 848 2897 961 2958; x_wconf 86' lang='grc' dir='ltr'>υἱός</span> <span class='ocrx_word' id='word_1_417' title='bbox 1002 2893 1261 2968; x_wconf 80' lang='grc' dir='ltr'>βασιλέως</span> <span class='ocrx_word' id='word_1_418' title='bbox 1292 2893 1605 2967; x_wconf 80' lang='grc' dir='ltr'>συμϐούλιον</span> <span class='ocrx_word' id='word_1_419' title='bbox 1636 2897 1808 2952; x_wconf 75' lang='grc' dir='ltr'>ἑποιήο</span> 
     </span>
    </p>
   </div>
   <div class='ocr_carea' id='block_1_55' title="bbox 1959 2893 3569 2971">
    <p class='ocr_par' dir='ltr' id='par_1_55' title="bbox 1965 2894 3569 2967">
     <span class='ocr_line' id='line_1_55' title="bbox 1965 2894 3569 2967; baseline 0.004 -17"><span class='ocrx_word' id='word_1_420' title='bbox 1965 2894 2191 2951; x_wconf 76' lang='lat' dir='ltr'>erunt?</span> <span class='ocrx_word' id='word_1_421' title='bbox 2215 2897 2330 2951; x_wconf 82' lang='lat' dir='ltr'>Rex</span> <span class='ocrx_word' id='word_1_422' title='bbox 2352 2895 2649 2967; x_wconf 91' lang='lat' dir='ltr'>siquidem</span> <span class='ocrx_word' id='word_1_423' title='bbox 2679 2897 2836 2952; x_wconf 76' lang='lat' dir='ltr'>filius</span> <span class='ocrx_word' id='word_1_424' title='bbox 2883 2898 3038 2967; x_wconf 90' lang='lat' dir='ltr'>regis</span> <span class='ocrx_word' id='word_1_425' title='bbox 3089 2900 3407 2956; x_wconf 87' lang='lat' dir='ltr'>consilium</span> <span class='ocrx_word' id='word_1_426' title='bbox 3440 2900 3569 2956; x_wconf 87' lang='lat' dir='ltr'>iniit</span> 
     </span>
    </p>
   </div>
   <div class='ocr_carea' id='block_1_56' title="bbox 209 2982 1819 3060">
    <p class='ocr_par' dir='ltr' id='par_1_56' title="bbox 209 2982 1809 3060">
     <span class='ocr_line' id='line_1_56' title="bbox 209 2982 1809 3060; baseline -0.003 -21"><span class='ocrx_word' id='word_1_427' title='bbox 209 3005 329 3041; x_wconf 84' lang='grc' dir='ltr'>σατο</span> <span class='ocrx_word' id='word_1_428' title='bbox 379 2989 515 3059; x_wconf 82' lang='grc' dir='ltr'>μετὰ</span> <span class='ocrx_word' id='word_1_429' title='bbox 542 2993 636 3040; x_wconf 84' lang='grc' dir='ltr'>τοῦ</span> <span class='ocrx_word' id='word_1_430' title='bbox 674 2989 874 3060; x_wconf 89' lang='grc' dir='ltr'>πατρὸς</span> <span class='ocrx_word' id='word_1_431' title='bbox 903 2986 1084 3050; x_wconf 78' lang='grc' dir='ltr'>αὐτοῦ,</span> <span class='ocrx_word' id='word_1_432' title='bbox 1134 2988 1220 3036; x_wconf 81' lang='grc' dir='ltr'>καὶ</span> <span class='ocrx_word' id='word_1_433' title='bbox 1266 2982 1531 3042; x_wconf 82' lang='grc' dir='ltr'>ἀπεστάλη</span> <span class='ocrx_word' id='word_1_434' title='bbox 1565 2985 1591 3035; x_wconf 96' lang='lat'>6</span> <span class='ocrx_word' id='word_1_435' title='bbox 1621 2987 1809 3054; x_wconf 88' lang='grc' dir='ltr'>Λόγος,</span> 
     </span>
    </p>
   </div>
   <div class='ocr_carea' id='block_1_57' title="bbox 1960 2982 3570 3060">
    <p class='ocr_par' dir='ltr' id='par_1_57' title="bbox 1960 2985 3570 3056">
     <span class='ocr_line' id='line_1_57' title="bbox 1960 2985 3570 3056; baseline 0.003 -17"><span class='ocrx_word' id='word_1_436' title='bbox 1960 2999 2056 3039; x_wconf 91' lang='lat' dir='ltr'>um</span> <span class='ocrx_word' id='word_1_437' title='bbox 2078 2988 2246 3055; x_wconf 88' lang='lat' dir='ltr'>patre</span> <span class='ocrx_word' id='word_1_438' title='bbox 2277 3000 2408 3048; x_wconf 91' lang='lat' dir='ltr'>suo,</span> <span class='ocrx_word' id='word_1_439' title='bbox 2442 2985 2814 3056; x_wconf 87' lang='lat' dir='ltr'>missumque</span> <span class='ocrx_word' id='word_1_440' title='bbox 2836 2993 2926 3042; x_wconf 90' lang='lat' dir='ltr'>est</span> <span class='ocrx_word' id='word_1_441' title='bbox 2950 2987 3226 3052; x_wconf 88' lang='lat' dir='ltr'>Verbum,</span> <span class='ocrx_word' id='word_1_442' title='bbox 3244 3004 3313 3043; x_wconf 93' lang='lat' dir='ltr'>ac</span> <span class='ocrx_word' id='word_1_443' title='bbox 3327 3004 3570 3044; x_wconf 85' lang='lat' dir='ltr'>carnem</span> 
     </span>
    </p>
   </div>
   <div class='ocr_carea' id='block_1_58' title="bbox 204 3072 1814 3151">
    <p class='ocr_par' dir='ltr' id='par_1_58' title="bbox 204 3072 1814 3151">
     <span class='ocr_line' id='line_1_58' title="bbox 204 3072 1814 3151; baseline -0.002 -23"><span class='ocrx_word' id='word_1_444' title='bbox 204 3082 288 3129; x_wconf 77' lang='grc' dir='ltr'>καὶ</span> <span class='ocrx_word' id='word_1_445' title='bbox 317 3077 507 3151; x_wconf 81' lang='grc' dir='ltr'>σάρκα</span> <span class='ocrx_word' id='word_1_446' title='bbox 536 3072 900 3149; x_wconf 78' lang='grc' dir='ltr'>ἰνδυσάμενος,</span> <span class='ocrx_word' id='word_1_447' title='bbox 962 3079 1049 3126; x_wconf 79' lang='grc' dir='ltr'>καὶ</span> <span class='ocrx_word' id='word_1_448' title='bbox 1091 3073 1298 3145; x_wconf 73' lang='grc' dir='ltr'>κρύψας</span> <span class='ocrx_word' id='word_1_449' title='bbox 1335 3078 1426 3131; x_wconf 80' lang='grc' dir='ltr'>τὴν</span> <span class='ocrx_word' id='word_1_450' title='bbox 1485 3072 1669 3125; x_wconf 74' lang='grc' dir='ltr'>ἑαυτοῦ</span> <span class='ocrx_word' id='word_1_451' title='bbox 1703 3073 1814 3124; x_wconf 82' lang='grc' dir='ltr'>θεό-</span> 
     </span>
    </p>
   </div>
   <div class='ocr_carea' id='block_1_59' title="bbox 1958 3072 3568 3151">
    <p class='ocr_par' dir='ltr' id='par_1_59' title="bbox 1958 3072 3568 3146">
     <span class='ocr_line' id='line_1_59' title="bbox 1958 3072 3568 3146; baseline 0.003 -19"><span class='ocrx_word' id='word_1_452' title='bbox 1958 3072 2151 3138; x_wconf 74' lang='lat' dir='ltr'>Jduit;</span> <span class='ocrx_word' id='word_1_453' title='bbox 2178 3077 2355 3145; x_wconf 91' lang='lat' dir='ltr'>atque</span> <span class='ocrx_word' id='word_1_454' title='bbox 2381 3072 2688 3129; x_wconf 87' lang='lat' dir='ltr'>occultans</span> <span class='ocrx_word' id='word_1_455' title='bbox 2701 3074 3074 3146; x_wconf 90' lang='lat' dir='ltr'>suamipsius</span> <span class='ocrx_word' id='word_1_456' title='bbox 3087 3075 3478 3141; x_wconf 87' lang='lat' dir='ltr'>divinitatem,</span> <span class='ocrx_word' id='word_1_457' title='bbox 3506 3083 3568 3132; x_wconf 90' lang='lat' dir='ltr'>ut</span> 
     </span>
    </p>
   </div>
   <div class='ocr_carea' id='block_1_60' title="bbox 214 3130 1824 3236">
    <p class='ocr_par' dir='ltr' id='par_1_60' title="bbox 214 3130 1814 3236">
     <span class='ocr_line' id='line_1_60' title="bbox 396 3130 1391 3151; baseline -0.004 0"><span class='ocrx_word' id='word_1_458' title='bbox 396 3130 407 3151; x_wconf 76' lang='grc' dir='ltr'><strong>Ι</strong></span> <span class='ocrx_word' id='word_1_459' title='bbox 732 3130 743 3149; x_wconf 76' lang='grc' dir='ltr'><strong>Ι</strong></span> <span class='ocrx_word' id='word_1_460' title='bbox 866 3130 899 3142; x_wconf 84' lang='grc'>’¹</span> <span class='ocrx_word' id='word_1_461' title='bbox 1125 3130 1134 3145; x_wconf 69' lang='grc'><strong>1</strong></span> <span class='ocrx_word' id='word_1_462' title='bbox 1204 3130 1215 3145; x_wconf 75' lang='grc'><strong><em>⁸</em></strong></span> <span class='ocrx_word' id='word_1_463' title='bbox 1282 3130 1297 3135; x_wconf 74' lang='grc'>⁷</span> <span class='ocrx_word' id='word_1_464' title='bbox 1384 3130 1391 3131; x_wconf 34' lang='grc' dir='ltr'>ί</span> 
     </span>
     <span class='ocr_line' id='line_1_61' title="bbox 214 3160 1814 3236; baseline -0.004 -18"><span class='ocrx_word' id='word_1_465' title='bbox 214 3183 365 3233; x_wconf 81' lang='grc' dir='ltr'>τητα,</span> <span class='ocrx_word' id='word_1_466' title='bbox 395 3165 488 3217; x_wconf 84' lang='grc' dir='ltr'>ἶνα</span> <span class='ocrx_word' id='word_1_467' title='bbox 518 3160 614 3217; x_wconf 81' lang='grc' dir='ltr'>διὰ</span> <span class='ocrx_word' id='word_1_468' title='bbox 636 3171 730 3216; x_wconf 81' lang='grc' dir='ltr'>τοῦ</span> <span class='ocrx_word' id='word_1_469' title='bbox 757 3164 938 3236; x_wconf 83' lang='grc' dir='ltr'>ὁμοίου</span> <span class='ocrx_word' id='word_1_470' title='bbox 992 3166 1050 3215; x_wconf 87' lang='grc' dir='ltr'>τό</span> <span class='ocrx_word' id='word_1_471' title='bbox 1104 3163 1280 3234; x_wconf 84' lang='grc' dir='ltr'>ὅμοιον</span> <span class='ocrx_word' id='word_1_472' title='bbox 1340 3163 1508 3234; x_wconf 77' lang='grc' dir='ltr'>σωθῇ,</span> <span class='ocrx_word' id='word_1_473' title='bbox 1545 3162 1695 3219; x_wconf 83' lang='grc' dir='ltr'>ἔθηκε</span> <span class='ocrx_word' id='word_1_474' title='bbox 1722 3164 1814 3219; x_wconf 78' lang='grc' dir='ltr'>τήν</span> 
     </span>
    </p>
   </div>
   <div class='ocr_carea' id='block_1_61' title="bbox 1956 3130 3566 3236">
    <p class='ocr_par' dir='ltr' id='par_1_61' title="bbox 1956 3160 3566 3236">
     <span class='ocr_line' id='line_1_62' title="bbox 1956 3160 3566 3236; baseline 0.004 -25"><span class='ocrx_word' id='word_1_475' title='bbox 1956 3176 2030 3216; x_wconf 63' lang='grc' dir='ltr'>»δι’</span> <span class='ocrx_word' id='word_1_476' title='bbox 2042 3160 2229 3216; x_wconf 90' lang='lat' dir='ltr'>simile</span> <span class='ocrx_word' id='word_1_477' title='bbox 2244 3162 2871 3225; x_wconf 84' lang='lat' dir='ltr'>servaretur.animam</span> <span class='ocrx_word' id='word_1_478' title='bbox 2899 3179 3070 3218; x_wconf 90' lang='lat' dir='ltr'>suam</span> <span class='ocrx_word' id='word_1_479' title='bbox 3085 3164 3245 3219; x_wconf 89' lang='lat' dir='ltr'>cruci</span> <span class='ocrx_word' id='word_1_480' title='bbox 3260 3164 3566 3236; x_wconf 89' lang='lat' dir='ltr'>imposuit.</span> 
     </span>
    </p>
   </div>
   <div class='ocr_carea' id='block_1_62' title="bbox 212 3246 1822 3327">
    <p class='ocr_par' dir='ltr' id='par_1_62' title="bbox 212 3246 1815 3327">
     <span class='ocr_line' id='line_1_63' title="bbox 212 3246 1815 3327; baseline -0.004 -21"><span class='ocrx_word' id='word_1_481' title='bbox 212 3253 397 3327; x_wconf 64' lang='grc' dir='ltr'>ψυχὴν</span> <span class='ocrx_word' id='word_1_482' title='bbox 424 3252 593 3305; x_wconf 76' lang='grc' dir='ltr'>αὐτοῦ</span> <span class='ocrx_word' id='word_1_483' title='bbox 625 3250 707 3304; x_wconf 73' lang='grc' dir='ltr'>ἰπὶ</span> <span class='ocrx_word' id='word_1_484' title='bbox 762 3258 855 3303; x_wconf 85' lang='grc' dir='ltr'>τοῦ</span> <span class='ocrx_word' id='word_1_485' title='bbox 896 3257 1145 3324; x_wconf 81' lang='grc' dir='ltr'>σταυροῦ.</span> <span class='ocrx_word' id='word_1_486' title='bbox 1195 3252 1437 3307; x_wconf 86' lang='grc' dir='ltr'>Τοσαύτη</span> <span class='ocrx_word' id='word_1_487' title='bbox 1494 3246 1670 3321; x_wconf 81' lang='grc' dir='ltr'>ἀγάπη</span> <span class='ocrx_word' id='word_1_488' title='bbox 1724 3255 1815 3301; x_wconf 78' lang='grc' dir='ltr'>τοῦ</span> 
     </span>
    </p>
   </div>
   <div class='ocr_carea' id='block_1_63' title="bbox 1958 3246 3568 3327">
    <p class='ocr_par' dir='ltr' id='par_1_63' title="bbox 1958 3250 3568 3322">
     <span class='ocr_line' id='line_1_64' title="bbox 1958 3250 3568 3322; baseline 0.002 -17"><span class='ocrx_word' id='word_1_489' title='bbox 1958 3253 2108 3305; x_wconf 89' lang='lat' dir='ltr'>&#39;anta</span> <span class='ocrx_word' id='word_1_490' title='bbox 2136 3256 2261 3307; x_wconf 91' lang='lat' dir='ltr'>erat</span> <span class='ocrx_word' id='word_1_491' title='bbox 2293 3252 2389 3305; x_wconf 88' lang='lat' dir='ltr'>Dei</span> <span class='ocrx_word' id='word_1_492' title='bbox 2419 3250 2655 3307; x_wconf 89' lang='lat' dir='ltr'>dilectio</span> <span class='ocrx_word' id='word_1_493' title='bbox 2676 3266 2819 3322; x_wconf 89' lang='lat' dir='ltr'>erga</span> <span class='ocrx_word' id='word_1_494' title='bbox 2848 3252 3154 3308; x_wconf 88' lang='lat' dir='ltr'>hominem</span> <span class='ocrx_word' id='word_1_495' title='bbox 3176 3253 3568 3311; x_wconf 86' lang='lat' dir='ltr'>lImmortalis</span> 
     </span>
    </p>
   </div>
   <div class='ocr_carea' id='block_1_64' title="bbox 214 3338 1824 3415">
    <p class='ocr_par' dir='ltr' id='par_1_64' title="bbox 214 3339 1815 3415">
     <span class='ocr_line' id='line_1_65' title="bbox 214 3339 1815 3415; baseline -0.004 -18"><span class='ocrx_word' id='word_1_496' title='bbox 214 3352 342 3397; x_wconf 82' lang='grc' dir='ltr'>Θεοῦ</span> <span class='ocrx_word' id='word_1_497' title='bbox 393 3342 517 3395; x_wconf 73' lang='grc' dir='ltr'>ἔστι</span> <span class='ocrx_word' id='word_1_498' title='bbox 557 3345 688 3415; x_wconf 89' lang='grc' dir='ltr'>πρὸς</span> <span class='ocrx_word' id='word_1_499' title='bbox 714 3343 800 3394; x_wconf 89' lang='grc' dir='ltr'>τόν</span> <span class='ocrx_word' id='word_1_500' title='bbox 830 3342 1098 3415; x_wconf 81' lang='grc' dir='ltr'>ἄνθρωπον</span> <span class='ocrx_word' id='word_1_501' title='bbox 1138 3339 1152 3395; x_wconf 83' lang='grc' dir='ltr'>ῐ</span> <span class='ocrx_word' id='word_1_502' title='bbox 1176 3339 1482 3414; x_wconf 83' lang='grc' dir='ltr'>ᾙρετίσατο</span> <span class='ocrx_word' id='word_1_503' title='bbox 1509 3339 1535 3390; x_wconf 90' lang='grc' dir='ltr'>ὁ</span> <span class='ocrx_word' id='word_1_504' title='bbox 1561 3339 1815 3399; x_wconf 81' lang='grc' dir='ltr'>ἀθάνατος</span> 
     </span>
    </p>
   </div>
   <div class='ocr_carea' id='block_1_65' title="bbox 1962 3338 3572 3415">
    <p class='ocr_par' dir='ltr' id='par_1_65' title="bbox 1962 3338 3572 3415">
     <span class='ocr_line' id='line_1_66' title="bbox 1962 3338 3572 3415; baseline 0.002 -20"><span class='ocrx_word' id='word_1_505' title='bbox 1962 3340 2029 3410; x_wconf 74' lang='grc' dir='ltr'>[υἱ</span> <span class='ocrx_word' id='word_1_506' title='bbox 2067 3345 2210 3405; x_wconf 89' lang='lat' dir='ltr'>erat,</span> <span class='ocrx_word' id='word_1_507' title='bbox 2240 3339 2414 3410; x_wconf 84' lang='lat' dir='ltr'>elegit</span> <span class='ocrx_word' id='word_1_508' title='bbox 2463 3338 2550 3396; x_wconf 91' lang='lat' dir='ltr'>tui</span> <span class='ocrx_word' id='word_1_509' title='bbox 2595 3356 2781 3397; x_wconf 90' lang='lat' dir='ltr'>causa</span> <span class='ocrx_word' id='word_1_510' title='bbox 2810 3341 2969 3397; x_wconf 91' lang='lat' dir='ltr'>cruci</span> <span class='ocrx_word' id='word_1_511' title='bbox 3022 3340 3204 3412; x_wconf 82' lang='lat' dir='ltr'>afﬁgi.</span> <span class='ocrx_word' id='word_1_512' title='bbox 3267 3342 3572 3415; x_wconf 89' lang='lat' dir='ltr'>Perpende</span> 
     </span>
    </p>
   </div>
   <div class='ocr_carea' id='block_1_66' title="bbox 214 3427 1824 3507">
    <p class='ocr_par' dir='ltr' id='par_1_66' title="bbox 214 3427 1817 3507">
     <span class='ocr_line' id='line_1_67' title="bbox 214 3427 1817 3507; baseline -0.004 -21"><span class='ocrx_word' id='word_1_513' title='bbox 214 3434 590 3507; x_wconf 78' lang='grc' dir='ltr'>σταυρωθῆναι</span> <span class='ocrx_word' id='word_1_514' title='bbox 619 3427 713 3484; x_wconf 84' lang='grc' dir='ltr'>διὰ</span> <span class='ocrx_word' id='word_1_515' title='bbox 737 3434 812 3485; x_wconf 89' lang='grc' dir='ltr'>σέ.</span> <span class='ocrx_word' id='word_1_516' title='bbox 838 3430 992 3483; x_wconf 87' lang='grc' dir='ltr'>Βλέπε</span> <span class='ocrx_word' id='word_1_517' title='bbox 1021 3429 1108 3482; x_wconf 82' lang='grc' dir='ltr'>οὗν</span> <span class='ocrx_word' id='word_1_518' title='bbox 1152 3438 1257 3491; x_wconf 85' lang='grc' dir='ltr'>πῶς</span> <span class='ocrx_word' id='word_1_519' title='bbox 1305 3430 1330 3481; x_wconf 93' lang='grc' dir='ltr'>ό</span> <span class='ocrx_word' id='word_1_520' title='bbox 1371 3432 1526 3490; x_wconf 85' lang='grc' dir='ltr'>Θεὸς</span> <span class='ocrx_word' id='word_1_521' title='bbox 1574 3429 1817 3499; x_wconf 80' lang='grc' dir='ltr'>ἠγάπη-</span> 
     </span>
    </p>
   </div>
   <div class='ocr_carea' id='block_1_67' title="bbox 1965 3427 3575 3507">
    <p class='ocr_par' dir='ltr' id='par_1_67' title="bbox 1965 3429 3575 3501">
     <span class='ocr_line' id='line_1_68' title="bbox 1965 3429 3575 3501; baseline 0.002 -18"><span class='ocrx_word' id='word_1_522' title='bbox 1965 3444 2089 3500; x_wconf 90' lang='lat' dir='ltr'>rgo,</span> <span class='ocrx_word' id='word_1_523' title='bbox 2121 3445 2305 3501; x_wconf 89' lang='lat' dir='ltr'>quam</span> <span class='ocrx_word' id='word_1_524' title='bbox 2332 3429 2610 3485; x_wconf 90' lang='lat' dir='ltr'>ardenter</span> <span class='ocrx_word' id='word_1_525' title='bbox 2646 3430 2802 3486; x_wconf 80' lang='lat' dir='ltr'>Deus</span> <span class='ocrx_word' id='word_1_526' title='bbox 2844 3430 3121 3487; x_wconf 73' lang='lat' dir='ltr'>dilexerit</span> <span class='ocrx_word' id='word_1_527' title='bbox 3168 3432 3477 3499; x_wconf 83' lang='lat' dir='ltr'>mundum,</span> <span class='ocrx_word' id='word_1_528' title='bbox 3510 3437 3575 3488; x_wconf 85' lang='lat' dir='ltr'>ut</span> 
     </span>
    </p>
   </div>
   <div class='ocr_carea' id='block_1_68' title="bbox 214 3517 1824 3593">
    <p class='ocr_par' dir='ltr' id='par_1_68' title="bbox 214 3518 1816 3593">
     <span class='ocr_line' id='line_1_69' title="bbox 214 3518 1816 3593; baseline -0.005 -19"><span class='ocrx_word' id='word_1_529' title='bbox 214 3541 275 3577; x_wconf 90' lang='grc' dir='ltr'>σε</span> <span class='ocrx_word' id='word_1_530' title='bbox 299 3528 410 3576; x_wconf 86' lang='grc' dir='ltr'>τόν</span> <span class='ocrx_word' id='word_1_531' title='bbox 471 3526 736 3593; x_wconf 82' lang='grc' dir='ltr'>κόσμον,</span> <span class='ocrx_word' id='word_1_532' title='bbox 774 3521 870 3573; x_wconf 78' lang='grc' dir='ltr'>ὅτι</span> <span class='ocrx_word' id='word_1_533' title='bbox 913 3521 1020 3573; x_wconf 88' lang='grc' dir='ltr'>τὸν</span> <span class='ocrx_word' id='word_1_534' title='bbox 1076 3527 1388 3591; x_wconf 82' lang='grc' dir='ltr'>μονογενῆ</span> <span class='ocrx_word' id='word_1_535' title='bbox 1432 3519 1630 3570; x_wconf 77' lang='grc' dir='ltr'>αὑτοῦ</span> <span class='ocrx_word' id='word_1_536' title='bbox 1669 3518 1816 3569; x_wconf 83' lang='grc' dir='ltr'>Υὶὸν</span> 
     </span>
    </p>
   </div>
   <div class='ocr_carea' id='block_1_69' title="bbox 1965 3517 3575 3593">
    <p class='ocr_par' dir='ltr' id='par_1_69' title="bbox 1970 3517 3575 3592">
     <span class='ocr_line' id='line_1_70' title="bbox 1970 3517 3575 3592; baseline 0.004 -21"><span class='ocrx_word' id='word_1_537' title='bbox 1970 3517 2302 3588; x_wconf 80' lang='lat' dir='ltr'>nigenitum</span> <span class='ocrx_word' id='word_1_538' title='bbox 2316 3518 2533 3575; x_wconf 77' lang='lat' dir='ltr'>Filium</span> <span class='ocrx_word' id='word_1_539' title='bbox 2555 3519 2727 3574; x_wconf 81' lang='lat' dir='ltr'>daret</span> <span class='ocrx_word' id='word_1_540' title='bbox 2746 3535 2855 3588; x_wconf 83' lang='lat' dir='ltr'>pro</span> <span class='ocrx_word' id='word_1_541' title='bbox 2881 3535 2945 3576; x_wconf 88' lang='lat' dir='ltr'>eo</span> <span class='ocrx_word' id='word_1_542' title='bbox 2966 3521 3102 3592; x_wconf 84' lang='lat' dir='ltr'>:qm&#39;</span> <span class='ocrx_word' id='word_1_543' title='bbox 3119 3521 3253 3589; x_wconf 81' lang='lat' dir='ltr'>ﬁeri</span> <span class='ocrx_word' id='word_1_544' title='bbox 3271 3528 3483 3590; x_wconf 78' lang='lat' dir='ltr'>potest,</span> <span class='ocrx_word' id='word_1_545' title='bbox 3509 3528 3575 3578; x_wconf 88' lang='lat' dir='ltr'>ut</span> 
     </span>
    </p>
   </div>
   <div class='ocr_carea' id='block_1_70' title="bbox 215 3605 1825 3687">
    <p class='ocr_par' dir='ltr' id='par_1_70' title="bbox 215 3605 1819 3687">
     <span class='ocr_line' id='line_1_71' title="bbox 215 3605 1819 3687; baseline -0.004 -24"><span class='ocrx_word' id='word_1_546' title='bbox 215 3610 452 3666; x_wconf 78' lang='grc' dir='ltr'>ἰδωκεν</span> <span class='ocrx_word' id='word_1_547' title='bbox 502 3612 659 3684; x_wconf 70' lang='grc' dir='ltr'>ὑπερ</span> <span class='ocrx_word' id='word_1_548' title='bbox 712 3608 933 3687; x_wconf 61' lang='grc' dir='ltr'>αὐτοῦ.</span> <span class='ocrx_word' id='word_1_549' title='bbox 993 3614 1128 3670; x_wconf 81' lang='grc' dir='ltr'>Πῶς</span> <span class='ocrx_word' id='word_1_550' title='bbox 1177 3611 1335 3680; x_wconf 81' lang='grc' dir='ltr'>οὐχὶ</span> <span class='ocrx_word' id='word_1_551' title='bbox 1394 3610 1507 3659; x_wconf 83' lang='grc' dir='ltr'>σὺν</span> <span class='ocrx_word' id='word_1_552' title='bbox 1545 3605 1819 3676; x_wconf 87' lang='grc' dir='ltr'>αύτῷτὰ</span> 
     </span>
    </p>
   </div>
   <div class='ocr_carea' id='block_1_71' title="bbox 1966 3605 3576 3687">
    <p class='ocr_par' dir='ltr' id='par_1_71' title="bbox 1970 3608 3576 3667">
     <span class='ocr_line' id='line_1_72' title="bbox 1970 3608 3576 3667; baseline 0.003 -5"><span class='ocrx_word' id='word_1_553' title='bbox 1970 3622 2046 3662; x_wconf 86' lang='grc' dir='ltr'>οη</span> <span class='ocrx_word' id='word_1_554' title='bbox 2076 3614 2129 3664; x_wconf 89' lang='lat' dir='ltr'>et</span> <span class='ocrx_word' id='word_1_555' title='bbox 2161 3623 2291 3663; x_wconf 85' lang='lat' dir='ltr'>cum</span> <span class='ocrx_word' id='word_1_556' title='bbox 2323 3608 2520 3664; x_wconf 86' lang='lat' dir='ltr'>eodem</span> <span class='ocrx_word' id='word_1_557' title='bbox 2546 3608 2923 3665; x_wconf 82' lang='lat' dir='ltr'>omnianobis</span> <span class='ocrx_word' id='word_1_558' title='bbox 2945 3610 3178 3666; x_wconf 69' lang='lat' dir='ltr'>donet“</span> <span class='ocrx_word' id='word_1_559' title='bbox 3203 3609 3231 3665; x_wconf 80' lang='lat'><strong>?</strong></span> <span class='ocrx_word' id='word_1_560' title='bbox 3255 3614 3320 3667; x_wconf 87' lang='lat' dir='ltr'>Et</span> <span class='ocrx_word' id='word_1_561' title='bbox 3342 3627 3576 3667; x_wconf 84' lang='lat' dir='ltr'>rursum</span> 
     </span>
    </p>
   </div>
   <div class='ocr_carea' id='block_1_72' title="bbox 212 3694 1822 3770">
    <p class='ocr_par' dir='ltr' id='par_1_72' title="bbox 212 3694 1813 3770">
     <span class='ocr_line' id='line_1_73' title="bbox 212 3694 1813 3770; baseline -0.004 -19"><span class='ocrx_word' id='word_1_562' title='bbox 212 3702 419 3753; x_wconf 79' lang='grc' dir='ltr'>πάντα</span> <span class='ocrx_word' id='word_1_563' title='bbox 453 3700 607 3770; x_wconf 72' lang='grc' dir='ltr'>ἡμῖν</span> <span class='ocrx_word' id='word_1_564' title='bbox 632 3702 993 3770; x_wconf 84' lang='grc' dir='ltr'>χαρίσεται</span> <span class='ocrx_word' id='word_1_565' title='bbox 1026 3713 1041 3763; x_wconf 89' lang='grc'>;</span> <span class='ocrx_word' id='word_1_566' title='bbox 1073 3701 1161 3750; x_wconf 79' lang='grc' dir='ltr'>καὶ</span> <span class='ocrx_word' id='word_1_567' title='bbox 1190 3696 1342 3750; x_wconf 83' lang='grc' dir='ltr'>πάλιν</span> <span class='ocrx_word' id='word_1_568' title='bbox 1374 3694 1608 3766; x_wconf 81' lang='grc' dir='ltr'>ἀλλαχοῦ</span> <span class='ocrx_word' id='word_1_569' title='bbox 1633 3694 1770 3763; x_wconf 78' lang='grc' dir='ltr'>λέγει</span> <span class='ocrx_word' id='word_1_570' title='bbox 1799 3708 1813 3724; x_wconf 87' lang='grc'><strong>·</strong></span> 
     </span>
    </p>
   </div>
   <div class='ocr_carea' id='block_1_73' title="bbox 1968 3694 3578 3770">
    <p class='ocr_par' dir='ltr' id='par_1_73' title="bbox 1968 3695 3578 3766">
     <span class='ocr_line' id='line_1_74' title="bbox 1968 3695 3578 3766; baseline 0.004 -16"><span class='ocrx_word' id='word_1_571' title='bbox 1968 3696 2066 3750; x_wconf 92' lang='lat' dir='ltr'>libi</span> <span class='ocrx_word' id='word_1_572' title='bbox 2090 3695 2235 3751; x_wconf 90' lang='lat' dir='ltr'>dicit</span> <span class='ocrx_word' id='word_1_573' title='bbox 2266 3712 2277 3749; x_wconf 93' lang='lat'>:</span> <span class='ocrx_word' id='word_1_574' title='bbox 2302 3696 2488 3751; x_wconf 87' lang='lat' dir='ltr'>Amen</span> <span class='ocrx_word' id='word_1_575' title='bbox 2518 3697 2649 3751; x_wconf 79' lang='lat' dir='ltr'>dico</span> <span class='ocrx_word' id='word_1_576' title='bbox 2671 3697 3253 3766; x_wconf 74' lang='lat' dir='ltr'>vobis,super0mm‘a</span> <span class='ocrx_word' id='word_1_577' title='bbox 3268 3700 3415 3755; x_wconf 83' lang='lat' dir='ltr'>bona</span> <span class='ocrx_word' id='word_1_578' title='bbox 3438 3716 3578 3756; x_wconf 85' lang='lat' dir='ltr'>con-</span> 
     </span>
    </p>
   </div>
   <div class='ocr_carea' id='block_1_74' title="bbox 213 3784 1823 3862">
    <p class='ocr_par' dir='ltr' id='par_1_74' title="bbox 213 3784 1816 3862">
     <span class='ocr_line' id='line_1_75' title="bbox 213 3784 1816 3862; baseline -0.006 -17"><span class='ocrx_word' id='word_1_579' title='bbox 213 3791 414 3862; x_wconf 73' lang='grc' dir='ltr'>Ἀμήν</span> <span class='ocrx_word' id='word_1_580' title='bbox 473 3787 634 3859; x_wconf 86' lang='grc' dir='ltr'>λέγω</span> <span class='ocrx_word' id='word_1_581' title='bbox 698 3788 873 3859; x_wconf 86' lang='grc' dir='ltr'>ύμῖν,</span> <span class='ocrx_word' id='word_1_582' title='bbox 919 3785 1023 3839; x_wconf 72' lang='grc' dir='ltr'>ἐπὶ</span> <span class='ocrx_word' id='word_1_583' title='bbox 1072 3792 1236 3839; x_wconf 85' lang='grc' dir='ltr'>πᾶσι</span> <span class='ocrx_word' id='word_1_584' title='bbox 1290 3791 1425 3845; x_wconf 84' lang='grc' dir='ltr'>τοῖς</span> <span class='ocrx_word' id='word_1_585' title='bbox 1488 3784 1816 3857; x_wconf 79' lang='grc' dir='ltr'>ὑπάρχου-</span> 
     </span>
    </p>
   </div>
   <div class='ocr_carea' id='block_1_75' title="bbox 1969 3784 3579 3862">
    <p class='ocr_par' dir='ltr' id='par_1_75' title="bbox 1969 3784 3579 3857">
     <span class='ocr_line' id='line_1_76' title="bbox 1969 3784 3579 3857; baseline 0.002 -18"><span class='ocrx_word' id='word_1_586' title='bbox 1969 3784 2127 3840; x_wconf 77' lang='grc' dir='ltr'>ῑίιιιει</span> <span class='ocrx_word' id='word_1_587' title='bbox 2157 3799 2289 3840; x_wconf 84' lang='lat' dir='ltr'>eum</span> <span class='ocrx_word' id='word_1_588' title='bbox 2326 3784 2394 3838; x_wconf 82' lang='grc'>⁷³.</span> <span class='ocrx_word' id='word_1_589' title='bbox 2431 3784 2697 3840; x_wconf 87' lang='lat' dir='ltr'>Ostendit</span> <span class='ocrx_word' id='word_1_590' title='bbox 2724 3801 2968 3857; x_wconf 92' lang='lat' dir='ltr'>quoque</span> <span class='ocrx_word' id='word_1_591' title='bbox 2997 3786 3160 3852; x_wconf 88' lang='lat' dir='ltr'>alibi,</span> <span class='ocrx_word' id='word_1_592' title='bbox 3188 3787 3437 3856; x_wconf 85' lang='lat' dir='ltr'>angelos</span> <span class='ocrx_word' id='word_1_593' title='bbox 3469 3788 3579 3843; x_wconf 89' lang='lat' dir='ltr'>mi-</span> 
     </span>
    </p>
   </div>
   <div class='ocr_carea' id='block_1_76' title="bbox 218 3869 1828 3935">
    <p class='ocr_par' dir='ltr' id='par_1_76' title="bbox 218 3869 1818 3935">
     <span class='ocr_line' id='line_1_77' title="bbox 218 3869 1818 3935; baseline -0.006 -3"><span class='ocrx_word' id='word_1_594' title='bbox 218 3897 314 3932; x_wconf 87' lang='grc' dir='ltr'>σιν</span> <span class='ocrx_word' id='word_1_595' title='bbox 369 3877 581 3931; x_wconf 75' lang='grc' dir='ltr'>αὐτοῦ</span> <span class='ocrx_word' id='word_1_596' title='bbox 634 3881 1044 3935; x_wconf 82' lang='grc' dir='ltr'>καταστήσει</span> <span class='ocrx_word' id='word_1_597' title='bbox 1092 3875 1307 3932; x_wconf 76' lang='grc' dir='ltr'>αὐτόν.</span> <span class='ocrx_word' id='word_1_598' title='bbox 1349 3878 1587 3927; x_wconf 85' lang='grc' dir='ltr'>Δείκνυσι</span> <span class='ocrx_word' id='word_1_599' title='bbox 1641 3869 1700 3925; x_wconf 72' lang='grc' dir='ltr'>δε</span> <span class='ocrx_word' id='word_1_600' title='bbox 1729 3875 1818 3923; x_wconf 82' lang='grc' dir='ltr'>καὶ</span> 
     </span>
    </p>
   </div>
   <div class='ocr_carea' id='block_1_77' title="bbox 1965 3869 3575 3935">
    <p class='ocr_par' dir='ltr' id='par_1_77' title="bbox 1965 3874 3575 3931">
     <span class='ocr_line' id='line_1_78' title="bbox 1965 3874 3575 3931; baseline 0.004 -6"><span class='ocrx_word' id='word_1_601' title='bbox 1965 3874 2147 3929; x_wconf 35' lang='grc' dir='ltr'>κίειτοε</span> <span class='ocrx_word' id='word_1_602' title='bbox 2180 3888 2309 3928; x_wconf 90' lang='lat' dir='ltr'>esse</span> <span class='ocrx_word' id='word_1_603' title='bbox 2340 3878 2707 3927; x_wconf 89' lang='lat' dir='ltr'>sanctorum.</span> <span class='ocrx_word' id='word_1_604' title='bbox 2750 3876 2898 3929; x_wconf 89' lang='lat' dir='ltr'>Cum</span> <span class='ocrx_word' id='word_1_605' title='bbox 2938 3876 3098 3930; x_wconf 93' lang='lat' dir='ltr'>enim</span> <span class='ocrx_word' id='word_1_606' title='bbox 3146 3876 3280 3930; x_wconf 89' lang='lat' dir='ltr'>Eias</span> <span class='ocrx_word' id='word_1_607' title='bbox 3333 3882 3485 3930; x_wconf 89' lang='lat' dir='ltr'>esset</span> <span class='ocrx_word' id='word_1_608' title='bbox 3514 3875 3575 3931; x_wconf 89' lang='lat' dir='ltr'>in</span> 
     </span>
    </p>
   </div>
   <div class='ocr_carea' id='block_1_78' title="bbox 214 3961 1824 4041">
    <p class='ocr_par' dir='ltr' id='par_1_78' title="bbox 214 3961 1814 4041">
     <span class='ocr_line' id='line_1_79' title="bbox 214 3961 1814 4041; baseline -0.006 -20"><span class='ocrx_word' id='word_1_609' title='bbox 214 3967 455 4041; x_wconf 76' lang='grc' dir='ltr'>ἀλλαχοῦ</span> <span class='ocrx_word' id='word_1_610' title='bbox 500 3969 619 4026; x_wconf 82' lang='grc' dir='ltr'>τοὺς</span> <span class='ocrx_word' id='word_1_611' title='bbox 666 3964 918 4037; x_wconf 74' lang='grc' dir='ltr'>ἀγγέλους</span> <span class='ocrx_word' id='word_1_612' title='bbox 952 3964 1283 4037; x_wconf 83' lang='grc' dir='ltr'>λειτουργοὺς</span> <span class='ocrx_word' id='word_1_613' title='bbox 1313 3962 1441 4017; x_wconf 84' lang='grc' dir='ltr'>εἶναι</span> <span class='ocrx_word' id='word_1_614' title='bbox 1477 3971 1577 4016; x_wconf 86' lang='grc' dir='ltr'>τῶν</span> <span class='ocrx_word' id='word_1_615' title='bbox 1617 3961 1779 4033; x_wconf 80' lang='grc' dir='ltr'>ἁγίων</span> <span class='ocrx_word' id='word_1_616' title='bbox 1801 3978 1814 3993; x_wconf 88' lang='grc'><strong>·</strong></span> 
     </span>
    </p>
   </div>
   <div class='ocr_carea' id='block_1_79' title="bbox 1963 3961 3573 4041">
    <p class='ocr_par' dir='ltr' id='par_1_79' title="bbox 1963 3961 3573 4034">
     <span class='ocr_line' id='line_1_80' title="bbox 1963 3961 3573 4034; baseline 0.002 -17"><span class='ocrx_word' id='word_1_617' title='bbox 1963 3966 2157 4029; x_wconf 79' lang='lat' dir='ltr'>conte,</span> <span class='ocrx_word' id='word_1_618' title='bbox 2177 3966 2235 4016; x_wconf 89' lang='lat' dir='ltr'>et</span> <span class='ocrx_word' id='word_1_619' title='bbox 2272 3961 2563 4016; x_wconf 87' lang='lat' dir='ltr'>adversus</span> <span class='ocrx_word' id='word_1_620' title='bbox 2608 3976 2740 4016; x_wconf 83' lang='lat' dir='ltr'>eum</span> <span class='ocrx_word' id='word_1_621' title='bbox 2772 3962 3149 4032; x_wconf 89' lang='lat' dir='ltr'>insurgerent</span> <span class='ocrx_word' id='word_1_622' title='bbox 3205 3962 3573 4034; x_wconf 64' lang='lat' dir='ltr'>alienigenae,</span> 
     </span>
    </p>
   </div>
   <div class='ocr_carea' id='block_1_80' title="bbox 214 4048 1824 4132">
    <p class='ocr_par' dir='ltr' id='par_1_80' title="bbox 214 4048 1820 4132">
     <span class='ocr_line' id='line_1_81' title="bbox 214 4048 1820 4132; baseline -0.006 -23"><span class='ocrx_word' id='word_1_623' title='bbox 214 4060 297 4109; x_wconf 80' lang='grc' dir='ltr'>καὶ</span> <span class='ocrx_word' id='word_1_624' title='bbox 320 4060 431 4132; x_wconf 77' lang='grc' dir='ltr'>γὰρ</span> <span class='ocrx_word' id='word_1_625' title='bbox 466 4054 644 4115; x_wconf 82' lang='grc' dir='ltr'>Ἠλίας</span> <span class='ocrx_word' id='word_1_626' title='bbox 663 4056 747 4107; x_wconf 84' lang='grc' dir='ltr'>ὅτε</span> <span class='ocrx_word' id='word_1_627' title='bbox 790 4049 853 4113; x_wconf 75' lang='grc' dir='ltr'>ἧν</span> <span class='ocrx_word' id='word_1_628' title='bbox 877 4052 949 4116; x_wconf 85' lang='grc' dir='ltr'>εἰς</span> <span class='ocrx_word' id='word_1_629' title='bbox 972 4056 1033 4106; x_wconf 83' lang='grc' dir='ltr'>τὸ</span> <span class='ocrx_word' id='word_1_630' title='bbox 1058 4057 1196 4126; x_wconf 83' lang='grc' dir='ltr'>ὅρος,</span> <span class='ocrx_word' id='word_1_631' title='bbox 1228 4058 1318 4106; x_wconf 76' lang='grc' dir='ltr'>καὶ</span> <span class='ocrx_word' id='word_1_632' title='bbox 1340 4052 1495 4110; x_wconf 75' lang='grc' dir='ltr'>ἦλθον</span> <span class='ocrx_word' id='word_1_633' title='bbox 1519 4050 1633 4103; x_wconf 86' lang='grc' dir='ltr'>κατ’</span> <span class='ocrx_word' id='word_1_634' title='bbox 1660 4048 1820 4101; x_wconf 76' lang='grc' dir='ltr'>αὐτοῦ</span> 
     </span>
    </p>
   </div>
   <div class='ocr_carea' id='block_1_81' title="bbox 1970 4048 3580 4132">
    <p class='ocr_par' dir='ltr' id='par_1_81' title="bbox 1970 4049 3580 4120">
     <span class='ocr_line' id='line_1_82' title="bbox 1970 4049 3580 4120; baseline 0.002 -14"><span class='ocrx_word' id='word_1_635' title='bbox 1970 4065 2081 4106; x_wconf 90' lang='lat' dir='ltr'>uer</span> <span class='ocrx_word' id='word_1_636' title='bbox 2107 4049 2238 4120; x_wconf 86' lang='lat' dir='ltr'>ejus</span> <span class='ocrx_word' id='word_1_637' title='bbox 2269 4049 2469 4105; x_wconf 91' lang='lat' dir='ltr'>aiebat</span> <span class='ocrx_word' id='word_1_638' title='bbox 2502 4066 2515 4104; x_wconf 89' lang='lat'>:</span> <span class='ocrx_word' id='word_1_639' title='bbox 2546 4049 2731 4106; x_wconf 76' lang='lat' dir='ltr'>Multi</span> <span class='ocrx_word' id='word_1_640' title='bbox 2775 4051 3021 4106; x_wconf 83' lang='lat' dir='ltr'>veniunt</span> <span class='ocrx_word' id='word_1_641' title='bbox 3057 4052 3341 4108; x_wconf 84' lang='lat' dir='ltr'>adversus</span> <span class='ocrx_word' id='word_1_642' title='bbox 3371 4068 3499 4118; x_wconf 83' lang='lat' dir='ltr'>nos,</span> <span class='ocrx_word' id='word_1_643' title='bbox 3528 4056 3580 4109; x_wconf 84' lang='lat' dir='ltr'>et</span> 
     </span>
    </p>
   </div>
   <div class='ocr_carea' id='block_1_82' title="bbox 214 4138 1824 4217">
    <p class='ocr_par' dir='ltr' id='par_1_82' title="bbox 214 4139 1824 4217">
     <span class='ocr_line' id='line_1_83' title="bbox 214 4139 1824 4217; baseline -0.005 -20"><span class='ocrx_word' id='word_1_644' title='bbox 214 4148 261 4198; x_wconf 81' lang='grc' dir='ltr'>οἱ</span> <span class='ocrx_word' id='word_1_645' title='bbox 282 4144 589 4217; x_wconf 72' lang='grc' dir='ltr'>ἀλλόφυλοι,</span> <span class='ocrx_word' id='word_1_646' title='bbox 630 4146 689 4196; x_wconf 85' lang='grc' dir='ltr'>τό</span> <span class='ocrx_word' id='word_1_647' title='bbox 722 4139 937 4196; x_wconf 81' lang='grc' dir='ltr'>παιδίον</span> <span class='ocrx_word' id='word_1_648' title='bbox 987 4142 1122 4214; x_wconf 79' lang='grc' dir='ltr'>ελεγι</span> <span class='ocrx_word' id='word_1_649' title='bbox 1152 4159 1165 4172; x_wconf 88' lang='grc'><strong>·</strong></span> <span class='ocrx_word' id='word_1_650' title='bbox 1218 4141 1451 4195; x_wconf 78' lang='grc' dir='ltr'>Πολλοὶ</span> <span class='ocrx_word' id='word_1_651' title='bbox 1506 4142 1824 4213; x_wconf 71' lang='grc' dir='ltr'>ἔρχορται</span> 
     </span>
    </p>
   </div>
   <div class='ocr_carea' id='block_1_83' title="bbox 1972 4138 3582 4217">
    <p class='ocr_par' dir='ltr' id='par_1_83' title="bbox 1976 4138 3582 4211">
     <span class='ocr_line' id='line_1_84' title="bbox 1976 4138 3582 4211; baseline 0.002 -16"><span class='ocrx_word' id='word_1_652' title='bbox 1976 4154 2037 4195; x_wconf 84' lang='lat' dir='ltr'>os</span> <span class='ocrx_word' id='word_1_653' title='bbox 2068 4139 2182 4195; x_wconf 81' lang='lat' dir='ltr'>soli</span> <span class='ocrx_word' id='word_1_654' title='bbox 2208 4154 2409 4194; x_wconf 80' lang='lat' dir='ltr'>sumus</span> <span class='ocrx_word' id='word_1_655' title='bbox 2438 4160 2458 4209; x_wconf 83' lang='lat'>,-</span> <span class='ocrx_word' id='word_1_656' title='bbox 2486 4143 2626 4195; x_wconf 91' lang='lat' dir='ltr'>tunc</span> <span class='ocrx_word' id='word_1_657' title='bbox 2655 4142 2980 4211; x_wconf 89' lang='lat' dir='ltr'>respondet</span> <span class='ocrx_word' id='word_1_658' title='bbox 3023 4138 3176 4195; x_wconf 85' lang='lat' dir='ltr'>Elias</span> <span class='ocrx_word' id='word_1_659' title='bbox 3215 4156 3226 4193; x_wconf 92' lang='lat'>:</span> <span class='ocrx_word' id='word_1_660' title='bbox 3262 4141 3397 4197; x_wconf 82' lang='lat' dir='ltr'>Non</span> <span class='ocrx_word' id='word_1_661' title='bbox 3418 4141 3582 4198; x_wconf 83' lang='lat' dir='ltr'>vides</span> 
     </span>
    </p>
   </div>
   <div class='ocr_carea' id='block_1_84' title="bbox 215 4226 1825 4305">
    <p class='ocr_par' dir='ltr' id='par_1_84' title="bbox 215 4226 1825 4305">
     <span class='ocr_line' id='line_1_85' title="bbox 215 4226 1825 4305; baseline -0.004 -19"><span class='ocrx_word' id='word_1_662' title='bbox 215 4235 342 4289; x_wconf 85' lang='grc' dir='ltr'>καθ’</span> <span class='ocrx_word' id='word_1_663' title='bbox 390 4237 594 4305; x_wconf 78' lang='grc' dir='ltr'>ἡμῶν,</span> <span class='ocrx_word' id='word_1_664' title='bbox 625 4236 736 4286; x_wconf 81' lang='grc' dir='ltr'>καὶ</span> <span class='ocrx_word' id='word_1_665' title='bbox 766 4235 952 4305; x_wconf 76' lang='grc' dir='ltr'>ἡμεῖς</span> <span class='ocrx_word' id='word_1_666' title='bbox 992 4250 1176 4305; x_wconf 88' lang='grc' dir='ltr'>μονοι</span> <span class='ocrx_word' id='word_1_667' title='bbox 1205 4234 1420 4302; x_wconf 72' lang='grc' dir='ltr'>ἑσμέν.</span> <span class='ocrx_word' id='word_1_668' title='bbox 1480 4234 1607 4283; x_wconf 86' lang='grc' dir='ltr'>Τότε</span> <span class='ocrx_word' id='word_1_669' title='bbox 1659 4226 1825 4280; x_wconf 74' lang='grc' dir='ltr'>ἀποκ-</span> 
     </span>
    </p>
   </div>
   <div class='ocr_carea' id='block_1_85' title="bbox 1972 4226 3582 4305">
    <p class='ocr_par' dir='ltr' id='par_1_85' title="bbox 1972 4228 3582 4299">
     <span class='ocr_line' id='line_1_86' title="bbox 1972 4228 3582 4299; baseline 0.003 -17"><span class='ocrx_word' id='word_1_670' title='bbox 1972 4229 2167 4285; x_wconf 83' lang='lat' dir='ltr'>rdines</span> <span class='ocrx_word' id='word_1_671' title='bbox 2179 4235 2231 4284; x_wconf 90' lang='lat' dir='ltr'>et</span> <span class='ocrx_word' id='word_1_672' title='bbox 2246 4228 2657 4285; x_wconf 80' lang='lat' dir='ltr'>multitudines</span> <span class='ocrx_word' id='word_1_673' title='bbox 2678 4230 3030 4299; x_wconf 83' lang='lat' dir='ltr'>angelorum</span> <span class='ocrx_word' id='word_1_674' title='bbox 3059 4229 3361 4286; x_wconf 80' lang='lat' dir='ltr'>nobiscum</span> <span class='ocrx_word' id='word_1_675' title='bbox 3386 4230 3449 4286; x_wconf 72' lang='lat' dir='ltr'>in</span> <span class='ocrx_word' id='word_1_676' title='bbox 3464 4231 3582 4287; x_wconf 76' lang='lat' dir='ltr'>cir-</span> 
     </span>
    </p>
   </div>
   <div class='ocr_carea' id='block_1_86' title="bbox 214 4316 1824 4397">
    <p class='ocr_par' dir='ltr' id='par_1_86' title="bbox 214 4316 1822 4397">
     <span class='ocr_line' id='line_1_87' title="bbox 214 4316 1822 4397; baseline -0.001 -21"><span class='ocrx_word' id='word_1_677' title='bbox 214 4330 407 4394; x_wconf 80' lang='grc' dir='ltr'>ρίνεται</span> <span class='ocrx_word' id='word_1_678' title='bbox 440 4322 619 4384; x_wconf 86' lang='grc' dir='ltr'>Ἠλίας</span> <span class='ocrx_word' id='word_1_679' title='bbox 650 4323 827 4394; x_wconf 80' lang='grc' dir='ltr'>Ὀύχ</span> <span class='ocrx_word' id='word_1_680' title='bbox 856 4323 1012 4397; x_wconf 80' lang='grc' dir='ltr'>ὁρᾷς</span> <span class='ocrx_word' id='word_1_681' title='bbox 1038 4318 1444 4395; x_wconf 79' lang='grc' dir='ltr'>παρεμϐολὰς</span> <span class='ocrx_word' id='word_1_682' title='bbox 1473 4323 1583 4372; x_wconf 79' lang='grc' dir='ltr'>καὶ</span> <span class='ocrx_word' id='word_1_683' title='bbox 1615 4316 1822 4375; x_wconf 80' lang='grc' dir='ltr'>πλήθη</span> 
     </span>
    </p>
   </div>
   <div class='ocr_carea' id='block_1_87' title="bbox 1976 4316 3586 4397">
    <p class='ocr_par' dir='ltr' id='par_1_87' title="bbox 1976 4318 3586 4387">
     <span class='ocr_line' id='line_1_88' title="bbox 1976 4318 3586 4387; baseline 0.002 -14"><span class='ocrx_word' id='word_1_684' title='bbox 1976 4320 2106 4374; x_wconf 79' lang='lat' dir='ltr'>uitu</span> <span class='ocrx_word' id='word_1_685' title='bbox 2157 4318 2323 4374; x_wconf 84' lang='lat' dir='ltr'>nobis</span> <span class='ocrx_word' id='word_1_686' title='bbox 2375 4318 2805 4387; x_wconf 73' lang='lat' dir='ltr'>opitulantium</span> <span class='ocrx_word' id='word_1_687' title='bbox 2836 4319 2882 4353; x_wconf 70' lang='grc' dir='ltr'>τι</span> <span class='ocrx_word' id='word_1_688' title='bbox 2911 4318 2941 4370; x_wconf 75' lang='lat' dir='ltr'><strong><em>‘I</em></strong></span> <span class='ocrx_word' id='word_1_689' title='bbox 2965 4318 3136 4374; x_wconf 87' lang='lat' dir='ltr'>Vides</span> <span class='ocrx_word' id='word_1_690' title='bbox 3181 4320 3498 4376; x_wconf 90' lang='lat' dir='ltr'>Dominum</span> <span class='ocrx_word' id='word_1_691' title='bbox 3530 4325 3586 4377; x_wconf 88' lang='lat' dir='ltr'>et</span> 
     </span>
    </p>
   </div>
   <div class='ocr_carea' id='block_1_88' title="bbox 218 4406 1828 4487">
    <p class='ocr_par' dir='ltr' id='par_1_88' title="bbox 218 4408 1823 4487">
     <span class='ocr_line' id='line_1_89' title="bbox 218 4408 1823 4487; baseline -0.005 -23"><span class='ocrx_word' id='word_1_692' title='bbox 218 4410 506 4487; x_wconf 78' lang='grc' dir='ltr'>ἀγγέλων</span> <span class='ocrx_word' id='word_1_693' title='bbox 538 4414 671 4484; x_wconf 87' lang='grc' dir='ltr'>μεθ’</span> <span class='ocrx_word' id='word_1_694' title='bbox 712 4413 886 4485; x_wconf 78' lang='grc' dir='ltr'>ἡμῶν</span> <span class='ocrx_word' id='word_1_695' title='bbox 926 4409 1142 4481; x_wconf 83' lang='grc' dir='ltr'>κύκλῳ</span> <span class='ocrx_word' id='word_1_696' title='bbox 1180 4408 1593 4483; x_wconf 82' lang='grc' dir='ltr'>βοηθούντων</span> <span class='ocrx_word' id='word_1_697' title='bbox 1628 4408 1823 4479; x_wconf 77' lang='grc' dir='ltr'>ἡμῖνς</span> 
     </span>
    </p>
   </div>
   <div class='ocr_carea' id='block_1_89' title="bbox 1979 4406 3589 4487">
    <p class='ocr_par' dir='ltr' id='par_1_89' title="bbox 1979 4406 3589 4477">
     <span class='ocr_line' id='line_1_90' title="bbox 1979 4406 3589 4477; baseline 0.004 -16"><span class='ocrx_word' id='word_1_698' title='bbox 1979 4407 2380 4463; x_wconf 77' lang='lat' dir='ltr'>iultitudinem</span> <span class='ocrx_word' id='word_1_699' title='bbox 2396 4407 2746 4477; x_wconf 90' lang='lat' dir='ltr'>angelorum</span> <span class='ocrx_word' id='word_1_700' title='bbox 2761 4406 2970 4462; x_wconf 88' lang='lat' dir='ltr'>adesse</span> <span class='ocrx_word' id='word_1_701' title='bbox 2984 4408 3169 4463; x_wconf 89' lang='lat' dir='ltr'>servis</span> <span class='ocrx_word' id='word_1_702' title='bbox 3185 4408 3332 4462; x_wconf 90' lang='lat' dir='ltr'>suis.</span> <span class='ocrx_word' id='word_1_703' title='bbox 3354 4409 3589 4474; x_wconf 86' lang='lat' dir='ltr'>Quanta</span> 
     </span>
    </p>
   </div>
   <div class='ocr_carea' id='block_1_90' title="bbox 215 4489 1825 4575">
    <p class='ocr_par' dir='ltr' id='par_1_90' title="bbox 215 4496 1825 4575">
     <span class='ocr_line' id='line_1_91' title="bbox 215 4496 1825 4575; baseline -0.006 -19"><span class='ocrx_word' id='word_1_704' title='bbox 215 4501 366 4575; x_wconf 71' lang='grc' dir='ltr'>Ὁρᾷς</span> <span class='ocrx_word' id='word_1_705' title='bbox 383 4505 471 4556; x_wconf 84' lang='grc' dir='ltr'>ὅτι</span> <span class='ocrx_word' id='word_1_706' title='bbox 488 4504 516 4554; x_wconf 89' lang='grc' dir='ltr'>ὁ</span> <span class='ocrx_word' id='word_1_707' title='bbox 545 4502 830 4565; x_wconf 81' lang='grc' dir='ltr'>Δεσπότης,</span> <span class='ocrx_word' id='word_1_708' title='bbox 850 4506 937 4553; x_wconf 79' lang='grc' dir='ltr'>καὶ</span> <span class='ocrx_word' id='word_1_709' title='bbox 962 4501 1030 4553; x_wconf 80' lang='grc' dir='ltr'>τὰ</span> <span class='ocrx_word' id='word_1_710' title='bbox 1048 4497 1220 4557; x_wconf 76' lang='grc' dir='ltr'>πλήθη</span> <span class='ocrx_word' id='word_1_711' title='bbox 1244 4506 1344 4550; x_wconf 83' lang='grc' dir='ltr'>τῶν</span> <span class='ocrx_word' id='word_1_712' title='bbox 1362 4496 1587 4569; x_wconf 80' lang='grc' dir='ltr'>ἀγγέλων</span> <span class='ocrx_word' id='word_1_713' title='bbox 1616 4499 1825 4549; x_wconf 89' lang='grc' dir='ltr'>σύνεστι</span> 
     </span>
    </p>
   </div>
   <div class='ocr_carea' id='block_1_91' title="bbox 1971 4489 3581 4575">
    <p class='ocr_par' dir='ltr' id='par_1_91' title="bbox 1971 4495 3581 4567">
     <span class='ocr_line' id='line_1_92' title="bbox 1971 4495 3581 4567; baseline 0.002 -16"><span class='ocrx_word' id='word_1_714' title='bbox 1971 4497 2448 4565; x_wconf 68' lang='lat' dir='ltr'>giturestanima,</span> <span class='ocrx_word' id='word_1_715' title='bbox 2469 4498 2782 4567; x_wconf 90' lang='lat' dir='ltr'>etquantis</span> <span class='ocrx_word' id='word_1_716' title='bbox 2801 4495 3130 4552; x_wconf 88' lang='lat' dir='ltr'>honoribus</span> <span class='ocrx_word' id='word_1_717' title='bbox 3146 4513 3177 4551; x_wconf 89' lang='lat' dir='ltr'>a</span> <span class='ocrx_word' id='word_1_718' title='bbox 3200 4500 3315 4553; x_wconf 91' lang='lat' dir='ltr'>Deo</span> <span class='ocrx_word' id='word_1_719' title='bbox 3329 4497 3545 4555; x_wconf 82' lang='lat' dir='ltr'>aﬂecta</span> <span class='ocrx_word' id='word_1_720' title='bbox 3569 4499 3581 4554; x_wconf 86' lang='lat'>!</span> 
     </span>
    </p>
   </div>
   <div class='ocr_carea' id='block_1_92' title="bbox 218 4582 1828 4658">
    <p class='ocr_par' dir='ltr' id='par_1_92' title="bbox 218 4582 1828 4657">
     <span class='ocr_line' id='line_1_93' title="bbox 218 4582 1828 4657; baseline -0.004 -14"><span class='ocrx_word' id='word_1_721' title='bbox 218 4600 323 4654; x_wconf 81' lang='grc' dir='ltr'>τοῖς</span> <span class='ocrx_word' id='word_1_722' title='bbox 352 4589 571 4653; x_wconf 85' lang='grc' dir='ltr'>δούλοις</span> <span class='ocrx_word' id='word_1_723' title='bbox 601 4594 782 4644; x_wconf 80' lang='grc' dir='ltr'>αὐτοῦ.</span> <span class='ocrx_word' id='word_1_724' title='bbox 812 4594 961 4647; x_wconf 88' lang='grc' dir='ltr'>Πὸση</span> <span class='ocrx_word' id='word_1_725' title='bbox 1012 4582 1101 4641; x_wconf 80' lang='grc' dir='ltr'>οὖν</span> <span class='ocrx_word' id='word_1_726' title='bbox 1135 4585 1274 4640; x_wconf 71' lang='grc' dir='ltr'>ἐστιν</span> <span class='ocrx_word' id='word_1_727' title='bbox 1326 4588 1356 4645; x_wconf 78' lang='grc' dir='ltr'>ἡ</span> <span class='ocrx_word' id='word_1_728' title='bbox 1388 4584 1567 4657; x_wconf 76' lang='grc' dir='ltr'>ψυχὴ,</span> <span class='ocrx_word' id='word_1_729' title='bbox 1601 4589 1690 4638; x_wconf 83' lang='grc' dir='ltr'>καὶ</span> <span class='ocrx_word' id='word_1_730' title='bbox 1718 4592 1828 4643; x_wconf 88' lang='grc' dir='ltr'>πῶς</span> 
     </span>
    </p>
   </div>
   <div class='ocr_carea' id='block_1_93' title="bbox 1974 4582 3584 4658">
    <p class='ocr_par' dir='ltr' id='par_1_93' title="bbox 1974 4585 3584 4658">
     <span class='ocr_line' id='line_1_94' title="bbox 1974 4585 3584 4658; baseline 0.002 -18"><span class='ocrx_word' id='word_1_731' title='bbox 1974 4585 2247 4658; x_wconf 80' lang='lat' dir='ltr'>iquidem</span> <span class='ocrx_word' id='word_1_732' title='bbox 2273 4592 2330 4642; x_wconf 89' lang='lat' dir='ltr'>et</span> <span class='ocrx_word' id='word_1_733' title='bbox 2360 4588 2514 4641; x_wconf 90' lang='lat' dir='ltr'>Deus</span> <span class='ocrx_word' id='word_1_734' title='bbox 2542 4590 2598 4641; x_wconf 92' lang='lat' dir='ltr'>et</span> <span class='ocrx_word' id='word_1_735' title='bbox 2627 4585 2821 4655; x_wconf 88' lang='lat' dir='ltr'>angeli</span> <span class='ocrx_word' id='word_1_736' title='bbox 2844 4586 2998 4641; x_wconf 86' lang='lat' dir='ltr'>hanc</span> <span class='ocrx_word' id='word_1_737' title='bbox 3025 4593 3340 4642; x_wconf 88' lang='lat' dir='ltr'>accersunt</span> <span class='ocrx_word' id='word_1_738' title='bbox 3362 4589 3419 4642; x_wconf 93' lang='lat' dir='ltr'>in</span> <span class='ocrx_word' id='word_1_739' title='bbox 3440 4604 3584 4643; x_wconf 87' lang='lat' dir='ltr'>con-</span> 
     </span>
    </p>
   </div>
   <div class='ocr_carea' id='block_1_94' title="bbox 219 4674 1829 4755">
    <p class='ocr_par' dir='ltr' id='par_1_94' title="bbox 219 4674 1829 4755">
     <span class='ocr_line' id='line_1_95' title="bbox 219 4674 1829 4755; baseline -0.005 -23"><span class='ocrx_word' id='word_1_740' title='bbox 219 4687 491 4755; x_wconf 77' lang='grc' dir='ltr'>τετίμηται</span> <span class='ocrx_word' id='word_1_741' title='bbox 526 4682 628 4734; x_wconf 87' lang='grc' dir='ltr'>ύπὸ</span> <span class='ocrx_word' id='word_1_742' title='bbox 654 4686 747 4732; x_wconf 87' lang='grc' dir='ltr'>τοῦ</span> <span class='ocrx_word' id='word_1_743' title='bbox 774 4684 902 4733; x_wconf 88' lang='grc' dir='ltr'>Θεοῦ</span> <span class='ocrx_word' id='word_1_744' title='bbox 936 4677 947 4731; x_wconf 83' lang='grc' dir='ltr'><strong>Ι</strong></span> <span class='ocrx_word' id='word_1_745' title='bbox 978 4679 1059 4730; x_wconf 87' lang='grc' dir='ltr'>ὅτι</span> <span class='ocrx_word' id='word_1_746' title='bbox 1086 4678 1112 4729; x_wconf 90' lang='grc' dir='ltr'><strong>ὀ</strong></span> <span class='ocrx_word' id='word_1_747' title='bbox 1135 4680 1263 4738; x_wconf 83' lang='grc' dir='ltr'>Θεὸς</span> <span class='ocrx_word' id='word_1_748' title='bbox 1289 4681 1380 4728; x_wconf 82' lang='grc' dir='ltr'>καὶ</span> <span class='ocrx_word' id='word_1_749' title='bbox 1399 4677 1447 4728; x_wconf 80' lang='grc' dir='ltr'>οἱ</span> <span class='ocrx_word' id='word_1_750' title='bbox 1473 4674 1686 4745; x_wconf 79' lang='grc' dir='ltr'>ἄγγελοι</span> <span class='ocrx_word' id='word_1_751' title='bbox 1706 4675 1829 4725; x_wconf 78' lang='grc' dir='ltr'>ταύ-</span> 
     </span>
    </p>
   </div>
   <div class='ocr_carea' id='block_1_95' title="bbox 1984 4674 3594 4755">
    <p class='ocr_par' dir='ltr' id='par_1_95' title="bbox 1984 4674 3594 4746">
     <span class='ocr_line' id='line_1_96' title="bbox 1984 4674 3594 4746; baseline 0.002 -17"><span class='ocrx_word' id='word_1_752' title='bbox 1984 4675 2185 4730; x_wconf 75' lang='grc' dir='ltr'>)ι’ίὶυω</span> <span class='ocrx_word' id='word_1_753' title='bbox 2214 4682 2270 4730; x_wconf 88' lang='lat' dir='ltr'>et</span> <span class='ocrx_word' id='word_1_754' title='bbox 2289 4690 2543 4745; x_wconf 89' lang='lat' dir='ltr'>regnum</span> <span class='ocrx_word' id='word_1_755' title='bbox 2568 4689 2765 4729; x_wconf 91' lang='lat' dir='ltr'>suum.</span> <span class='ocrx_word' id='word_1_756' title='bbox 2801 4674 3054 4730; x_wconf 89' lang='lat' dir='ltr'>Satanas</span> <span class='ocrx_word' id='word_1_757' title='bbox 3090 4690 3227 4730; x_wconf 88' lang='lat' dir='ltr'>vero</span> <span class='ocrx_word' id='word_1_758' title='bbox 3250 4682 3305 4730; x_wconf 91' lang='lat' dir='ltr'>et</span> <span class='ocrx_word' id='word_1_759' title='bbox 3332 4681 3594 4746; x_wconf 86' lang='lat' dir='ltr'>potesta-</span> 
     </span>
    </p>
   </div>
   <div class='ocr_carea' id='block_1_96' title="bbox 222 4761 1832 4836">
    <p class='ocr_par' dir='ltr' id='par_1_96' title="bbox 222 4761 1824 4836">
     <span class='ocr_line' id='line_1_97' title="bbox 222 4761 1824 4836; baseline -0.004 -15"><span class='ocrx_word' id='word_1_760' title='bbox 222 4788 311 4829; x_wconf 71' lang='grc' dir='ltr'>την</span> <span class='ocrx_word' id='word_1_761' title='bbox 332 4771 680 4833; x_wconf 72' lang='grc' dir='ltr'>ἂπιζητοῦσιν</span> <span class='ocrx_word' id='word_1_762' title='bbox 702 4769 775 4831; x_wconf 78' lang='grc' dir='ltr'>εἰς</span> <span class='ocrx_word' id='word_1_763' title='bbox 802 4771 1075 4820; x_wconf 78' lang='grc' dir='ltr'>κοινωνίαν</span> <span class='ocrx_word' id='word_1_764' title='bbox 1107 4762 1271 4831; x_wconf 78' lang='grc' dir='ltr'>ἰδίαν,</span> <span class='ocrx_word' id='word_1_765' title='bbox 1310 4770 1402 4818; x_wconf 79' lang='grc' dir='ltr'>καὶ</span> <span class='ocrx_word' id='word_1_766' title='bbox 1432 4763 1503 4826; x_wconf 82' lang='grc' dir='ltr'>εἰς</span> <span class='ocrx_word' id='word_1_767' title='bbox 1530 4761 1824 4836; x_wconf 87' lang='grc' dir='ltr'>βασιλείαν.</span> 
     </span>
    </p>
   </div>
   <div class='ocr_carea' id='block_1_97' title="bbox 1981 4761 3591 4836">
    <p class='ocr_par' dir='ltr' id='par_1_97' title="bbox 1981 4763 3591 4835">
     <span class='ocr_line' id='line_1_98' title="bbox 1981 4763 3591 4835; baseline 0 -16"><span class='ocrx_word' id='word_1_768' title='bbox 1981 4781 2022 4819; x_wconf 69' lang='grc' dir='ltr'>ιε</span> <span class='ocrx_word' id='word_1_769' title='bbox 2048 4764 2176 4834; x_wconf 90' lang='lat' dir='ltr'>ejus</span> <span class='ocrx_word' id='word_1_770' title='bbox 2206 4779 2342 4821; x_wconf 91' lang='lat' dir='ltr'>eam</span> <span class='ocrx_word' id='word_1_771' title='bbox 2394 4763 2738 4820; x_wconf 90' lang='lat' dir='ltr'>desiderant</span> <span class='ocrx_word' id='word_1_772' title='bbox 2774 4763 2853 4819; x_wconf 87' lang='lat' dir='ltr'>ad</span> <span class='ocrx_word' id='word_1_773' title='bbox 2890 4779 3066 4819; x_wconf 88' lang='lat' dir='ltr'>suam</span> <span class='ocrx_word' id='word_1_774' title='bbox 3113 4768 3346 4835; x_wconf 86' lang='lat' dir='ltr'>partem</span> <span class='ocrx_word' id='word_1_775' title='bbox 3377 4763 3591 4820; x_wconf 89' lang='lat' dir='ltr'>tradu-</span> 
     </span>
    </p>
   </div>
   <div class='ocr_carea' id='block_1_98' title="bbox 220 4851 2091 4929">
    <p class='ocr_par' dir='ltr' id='par_1_98' title="bbox 220 4851 2091 4929">
     <span class='ocr_line' id='line_1_99' title="bbox 220 4851 2091 4929; baseline -0.006 -16"><span class='ocrx_word' id='word_1_776' title='bbox 220 4857 277 4912; x_wconf 90' lang='grc' dir='ltr'>Ὀ</span> <span class='ocrx_word' id='word_1_777' title='bbox 302 4857 361 4913; x_wconf 68' lang='grc' dir='ltr'>δε</span> <span class='ocrx_word' id='word_1_778' title='bbox 385 4864 620 4921; x_wconf 82' lang='grc' dir='ltr'>Σατανᾶς</span> <span class='ocrx_word' id='word_1_779' title='bbox 655 4862 747 4911; x_wconf 75' lang='grc' dir='ltr'>καὶ</span> <span class='ocrx_word' id='word_1_780' title='bbox 776 4858 832 4910; x_wconf 89' lang='grc' dir='ltr'>αἱ</span> <span class='ocrx_word' id='word_1_781' title='bbox 860 4852 1105 4929; x_wconf 87' lang='grc' dir='ltr'>δυνάμεις</span> <span class='ocrx_word' id='word_1_782' title='bbox 1139 4854 1299 4909; x_wconf 77' lang='grc' dir='ltr'>αὐτοῦ</span> <span class='ocrx_word' id='word_1_783' title='bbox 1327 4856 1523 4911; x_wconf 85' lang='grc' dir='ltr'>ταύτην</span> <span class='ocrx_word' id='word_1_784' title='bbox 1554 4851 1829 4912; x_wconf 79' lang='grc' dir='ltr'>έπιζητοῦ-</span> <span class='ocrx_word' id='word_1_785' title='bbox 1937 4868 2091 4909; x_wconf 85' lang='lat' dir='ltr'>cere.</span> 
     </span>
    </p>
   </div>
   <div class='ocr_carea' id='block_1_99' title="bbox 228 4945 846 5023">
    <p class='ocr_par' dir='ltr' id='par_1_99' title="bbox 228 4945 846 5023">
     <span class='ocr_line' id='line_1_100' title="bbox 228 4945 846 5023; baseline 0.003 -23"><span class='ocrx_word' id='word_1_786' title='bbox 228 4966 306 5001; x_wconf 83' lang='grc' dir='ltr'>σιν</span> <span class='ocrx_word' id='word_1_787' title='bbox 330 4950 407 5011; x_wconf 82' lang='grc' dir='ltr'>εἰς</span> <span class='ocrx_word' id='word_1_788' title='bbox 429 4953 491 5002; x_wconf 87' lang='grc' dir='ltr'>τό</span> <span class='ocrx_word' id='word_1_789' title='bbox 514 4945 652 5001; x_wconf 79' lang='grc' dir='ltr'>ἴδιον</span> <span class='ocrx_word' id='word_1_790' title='bbox 672 4951 846 5023; x_wconf 80' lang='grc' dir='ltr'>μέρος.</span> 
     </span>
    </p>
   </div>
   <div class='ocr_carea' id='block_1_100' title="bbox 292 5061 1902 5147">
    <p class='ocr_par' dir='ltr' id='par_1_100' title="bbox 292 5061 1827 5147">
     <span class='ocr_line' id='line_1_101' title="bbox 292 5061 1827 5147; baseline -0.007 -20"><span class='ocrx_word' id='word_1_791' title='bbox 292 5074 430 5127; x_wconf 77' lang='lat' dir='ltr'>ME&#39;.</span> <span class='ocrx_word' id='word_1_792' title='bbox 482 5072 571 5135; x_wconf 77' lang='grc' dir='ltr'>Ὠς</span> <span class='ocrx_word' id='word_1_793' title='bbox 627 5075 727 5147; x_wconf 80' lang='grc' dir='ltr'>γὰρ</span> <span class='ocrx_word' id='word_1_794' title='bbox 768 5070 816 5124; x_wconf 71' lang='grc' dir='ltr'>ἓν</span> <span class='ocrx_word' id='word_1_795' title='bbox 885 5077 995 5131; x_wconf 82' lang='grc' dir='ltr'>τοίς</span> <span class='ocrx_word' id='word_1_796' title='bbox 1038 5072 1362 5143; x_wconf 73' lang='grc' dir='ltr'>φαινομένοις</span> <span class='ocrx_word' id='word_1_797' title='bbox 1406 5068 1432 5119; x_wconf 94' lang='lat'>6</span> <span class='ocrx_word' id='word_1_798' title='bbox 1474 5061 1720 5139; x_wconf 80' lang='grc' dir='ltr'>βασιλεὺς</span> <span class='ocrx_word' id='word_1_799' title='bbox 1768 5062 1827 5117; x_wconf 83' lang='grc' dir='ltr'>ού</span> 
     </span>
    </p>
   </div>
   <div class='ocr_carea' id='block_1_101' title="bbox 1979 5061 3589 5147">
    <p class='ocr_par' dir='ltr' id='par_1_101' title="bbox 2008 5062 3589 5138">
     <span class='ocr_line' id='line_1_102' title="bbox 2008 5062 3589 5138; baseline 0.001 -16"><span class='ocrx_word' id='word_1_800' title='bbox 2008 5066 2155 5123; x_wconf 84' lang='lat' dir='ltr'><strong>XLV.</strong></span> <span class='ocrx_word' id='word_1_801' title='bbox 2191 5064 2714 5133; x_wconf 86' lang='lat' dir='ltr'>Quemadmodum</span> <span class='ocrx_word' id='word_1_802' title='bbox 2738 5081 2877 5122; x_wconf 89' lang='lat' dir='ltr'>vero</span> <span class='ocrx_word' id='word_1_803' title='bbox 2908 5062 2967 5122; x_wconf 91' lang='lat' dir='ltr'>in</span> <span class='ocrx_word' id='word_1_804' title='bbox 2998 5063 3178 5121; x_wconf 92' lang='lat' dir='ltr'>rebus</span> <span class='ocrx_word' id='word_1_805' title='bbox 3211 5064 3365 5121; x_wconf 88' lang='lat' dir='ltr'>visui</span> <span class='ocrx_word' id='word_1_806' title='bbox 3393 5065 3589 5138; x_wconf 85' lang='lat' dir='ltr'>subje-</span> 
     </span>
    </p>
   </div>
   <div class='ocr_carea' id='block_1_102' title="bbox 231 5153 1841 5234">
    <p class='ocr_par' dir='ltr' id='par_1_102' title="bbox 231 5153 1828 5234">
     <span class='ocr_line' id='line_1_103' title="bbox 231 5153 1828 5234; baseline -0.004 -21"><span class='ocrx_word' id='word_1_807' title='bbox 231 5158 555 5217; x_wconf 84' lang='grc' dir='ltr'>διακονεῖται</span> <span class='ocrx_word' id='word_1_808' title='bbox 612 5164 711 5215; x_wconf 83' lang='grc' dir='ltr'>ύπὸ</span> <span class='ocrx_word' id='word_1_809' title='bbox 783 5160 1111 5234; x_wconf 73' lang='grc' dir='ltr'>ἁγελημαίων</span> <span class='ocrx_word' id='word_1_810' title='bbox 1188 5157 1490 5232; x_wconf 78' lang='grc' dir='ltr'>ἀνθρώπων,</span> <span class='ocrx_word' id='word_1_811' title='bbox 1568 5153 1676 5207; x_wconf 78' lang='grc' dir='ltr'>ἀλλ’</span> <span class='ocrx_word' id='word_1_812' title='bbox 1727 5156 1828 5206; x_wconf 84' lang='grc' dir='ltr'>ύπὸ</span> 
     </span>
    </p>
   </div>
   <div class='ocr_carea' id='block_1_103' title="bbox 1980 5153 3590 5234">
    <p class='ocr_par' dir='ltr' id='par_1_103' title="bbox 1980 5153 3590 5226">
     <span class='ocr_line' id='line_1_104' title="bbox 1980 5153 3590 5226; baseline 0 -15"><span class='ocrx_word' id='word_1_813' title='bbox 1980 5155 2068 5221; x_wconf 88' lang='lat' dir='ltr'>tis,</span> <span class='ocrx_word' id='word_1_814' title='bbox 2101 5170 2201 5210; x_wconf 84' lang='lat' dir='ltr'>rex</span> <span class='ocrx_word' id='word_1_815' title='bbox 2237 5154 2400 5209; x_wconf 92' lang='lat' dir='ltr'>nulla</span> <span class='ocrx_word' id='word_1_816' title='bbox 2430 5153 2756 5209; x_wconf 89' lang='lat' dir='ltr'>ministeria</span> <span class='ocrx_word' id='word_1_817' title='bbox 2786 5153 3082 5225; x_wconf 89' lang='lat' dir='ltr'>recipitab</span> <span class='ocrx_word' id='word_1_818' title='bbox 3098 5154 3446 5210; x_wconf 87' lang='lat' dir='ltr'>hominibus</span> <span class='ocrx_word' id='word_1_819' title='bbox 3464 5170 3590 5226; x_wconf 86' lang='lat' dir='ltr'>gre-</span> 
     </span>
    </p>
   </div>
   <div class='ocr_carea' id='block_1_104' title="bbox 231 5241 1841 5324">
    <p class='ocr_par' dir='ltr' id='par_1_104' title="bbox 231 5244 1829 5324">
     <span class='ocr_line' id='line_1_105' title="bbox 231 5244 1829 5324; baseline -0.005 -21"><span class='ocrx_word' id='word_1_820' title='bbox 231 5254 433 5324; x_wconf 70' lang='grc' dir='ltr'>ὧραίων</span> <span class='ocrx_word' id='word_1_821' title='bbox 465 5257 558 5306; x_wconf 71' lang='grc' dir='ltr'>καὶ</span> <span class='ocrx_word' id='word_1_822' title='bbox 612 5250 783 5313; x_wconf 85' lang='grc' dir='ltr'>καλῶς</span> <span class='ocrx_word' id='word_1_823' title='bbox 832 5246 1272 5321; x_wconf 74' lang='grc' dir='ltr'>πεπαιδευμένων,</span> <span class='ocrx_word' id='word_1_824' title='bbox 1320 5246 1454 5299; x_wconf 72' lang='grc' dir='ltr'>οὕτω</span> <span class='ocrx_word' id='word_1_825' title='bbox 1510 5248 1596 5298; x_wconf 76' lang='grc' dir='ltr'>καὶ</span> <span class='ocrx_word' id='word_1_826' title='bbox 1654 5244 1723 5303; x_wconf 84' lang='grc' dir='ltr'>εἰς</span> <span class='ocrx_word' id='word_1_827' title='bbox 1770 5246 1829 5296; x_wconf 86' lang='grc' dir='ltr'>τό</span> 
     </span>
    </p>
   </div>
   <div class='ocr_carea' id='block_1_105' title="bbox 1968 5241 3578 5324">
    <p class='ocr_par' dir='ltr' id='par_1_105' title="bbox 1968 5241 3578 5315">
     <span class='ocr_line' id='line_1_106' title="bbox 1968 5241 3578 5315; baseline 0 -16"><span class='ocrx_word' id='word_1_828' title='bbox 1968 5261 2046 5313; x_wconf 68' lang='lat' dir='ltr'>{es</span> <span class='ocrx_word' id='word_1_829' title='bbox 2076 5241 3057 5315; x_wconf 86' lang='lat' dir='ltr'>pascentibus,sedabspeciosiset</span> <span class='ocrx_word' id='word_1_830' title='bbox 3087 5243 3310 5315; x_wconf 91' lang='lat' dir='ltr'>optime</span> <span class='ocrx_word' id='word_1_831' title='bbox 3349 5244 3578 5299; x_wconf 87' lang='lat' dir='ltr'>institu-</span> 
     </span>
    </p>
   </div>
   <div class='ocr_carea' id='block_1_106' title="bbox 229 5330 1839 5416">
    <p class='ocr_par' dir='ltr' id='par_1_106' title="bbox 229 5332 1832 5416">
     <span class='ocr_line' id='line_1_107' title="bbox 229 5332 1832 5416; baseline -0.004 -24"><span class='ocrx_word' id='word_1_832' title='bbox 229 5343 535 5416; x_wconf 69' lang='grc' dir='ltr'>ἕπουράνιον</span> <span class='ocrx_word' id='word_1_833' title='bbox 588 5341 841 5395; x_wconf 83' lang='grc' dir='ltr'>παλάτιον</span> <span class='ocrx_word' id='word_1_834' title='bbox 896 5339 1078 5394; x_wconf 80' lang='grc' dir='ltr'>έκεῖνοι</span> <span class='ocrx_word' id='word_1_835' title='bbox 1136 5335 1447 5392; x_wconf 81' lang='grc' dir='ltr'>διακονοῦσι</span> <span class='ocrx_word' id='word_1_836' title='bbox 1483 5342 1556 5406; x_wconf 85' lang='grc' dir='ltr'>τῷ</span> <span class='ocrx_word' id='word_1_837' title='bbox 1613 5332 1832 5406; x_wconf 79' lang='grc' dir='ltr'>έπουρα-</span> 
     </span>
    </p>
   </div>
   <div class='ocr_carea' id='block_1_107' title="bbox 1982 5330 3592 5416">
    <p class='ocr_par' dir='ltr' id='par_1_107' title="bbox 1982 5330 3592 5402">
     <span class='ocr_line' id='line_1_108' title="bbox 1982 5330 3592 5402; baseline 0.001 -15"><span class='ocrx_word' id='word_1_838' title='bbox 1982 5351 2015 5388; x_wconf 91' lang='lat' dir='ltr'>s</span> <span class='ocrx_word' id='word_1_839' title='bbox 2050 5348 2062 5387; x_wconf 75' lang='grc' dir='ltr'>ε</span> <span class='ocrx_word' id='word_1_840' title='bbox 2092 5333 2177 5387; x_wconf 87' lang='lat' dir='ltr'>sic</span> <span class='ocrx_word' id='word_1_841' title='bbox 2214 5330 2349 5387; x_wconf 89' lang='lat' dir='ltr'>etin</span> <span class='ocrx_word' id='word_1_842' title='bbox 2389 5330 2610 5386; x_wconf 69' lang='lat' dir='ltr'>cmlesti</span> <span class='ocrx_word' id='word_1_843' title='bbox 2649 5330 2868 5402; x_wconf 89' lang='lat' dir='ltr'>palatio</span> <span class='ocrx_word' id='word_1_844' title='bbox 2899 5330 2980 5386; x_wconf 87' lang='lat' dir='ltr'>illi</span> <span class='ocrx_word' id='word_1_845' title='bbox 3014 5331 3592 5391; x_wconf 71' lang='lat' dir='ltr'>ministrantcmlesti</span> 
     </span>
    </p>
   </div>
   <div class='ocr_carea' id='block_1_108' title="bbox 234 5419 1844 5504">
    <p class='ocr_par' dir='ltr' id='par_1_108' title="bbox 234 5424 1833 5504">
     <span class='ocr_line' id='line_1_109' title="bbox 234 5424 1833 5504; baseline -0.007 -18"><span class='ocrx_word' id='word_1_846' title='bbox 234 5434 323 5503; x_wconf 65' lang='grc' dir='ltr'>»ίῳ</span> <span class='ocrx_word' id='word_1_847' title='bbox 356 5430 591 5503; x_wconf 80' lang='grc' dir='ltr'>βασιλεῖ,</span> <span class='ocrx_word' id='word_1_848' title='bbox 649 5431 699 5484; x_wconf 82' lang='grc' dir='ltr'>οἱ</span> <span class='ocrx_word' id='word_1_849' title='bbox 741 5432 973 5504; x_wconf 80' lang='grc' dir='ltr'>ἄμωμοι,</span> <span class='ocrx_word' id='word_1_850' title='bbox 1027 5430 1076 5483; x_wconf 86' lang='grc' dir='ltr'>οἱ</span> <span class='ocrx_word' id='word_1_851' title='bbox 1108 5426 1467 5491; x_wconf 76' lang='grc' dir='ltr'>ἀνεπίληπτοι,</span> <span class='ocrx_word' id='word_1_852' title='bbox 1522 5426 1575 5477; x_wconf 78' lang='grc' dir='ltr'>οἱ</span> <span class='ocrx_word' id='word_1_853' title='bbox 1609 5424 1833 5495; x_wconf 81' lang='grc' dir='ltr'>καθαροὶ</span> 
     </span>
    </p>
   </div>
   <div class='ocr_carea' id='block_1_109' title="bbox 1980 5419 3590 5504">
    <p class='ocr_par' dir='ltr' id='par_1_109' title="bbox 1980 5419 3590 5493">
     <span class='ocr_line' id='line_1_110' title="bbox 1980 5419 3590 5493; baseline 0.001 -16"><span class='ocrx_word' id='word_1_854' title='bbox 1980 5422 2085 5492; x_wconf 82' lang='lat' dir='ltr'>egi,</span> <span class='ocrx_word' id='word_1_855' title='bbox 2118 5420 2222 5493; x_wconf 91' lang='lat' dir='ltr'>qui</span> <span class='ocrx_word' id='word_1_856' title='bbox 2252 5420 2417 5476; x_wconf 85' lang='lat' dir='ltr'>omni</span> <span class='ocrx_word' id='word_1_857' title='bbox 2447 5419 2624 5491; x_wconf 89' lang='lat' dir='ltr'>culpa</span> <span class='ocrx_word' id='word_1_858' title='bbox 2648 5425 2705 5475; x_wconf 90' lang='lat' dir='ltr'>et</span> <span class='ocrx_word' id='word_1_859' title='bbox 2726 5419 3186 5491; x_wconf 90' lang='lat' dir='ltr'>reprehensione</span> <span class='ocrx_word' id='word_1_860' title='bbox 3210 5426 3496 5477; x_wconf 88' lang='lat' dir='ltr'>vacantes</span> <span class='ocrx_word' id='word_1_861' title='bbox 3520 5438 3590 5479; x_wconf 89' lang='lat' dir='ltr'>ac</span> 
     </span>
    </p>
   </div>
   <div class='ocr_carea' id='block_1_110' title="bbox 239 5508 1849 5597">
    <p class='ocr_par' dir='ltr' id='par_1_110' title="bbox 239 5515 1834 5597">
     <span class='ocr_line' id='line_1_111' title="bbox 239 5515 1834 5597; baseline -0.009 -18"><span class='ocrx_word' id='word_1_862' title='bbox 239 5525 333 5579; x_wconf 66' lang='grc' dir='ltr'>τῆν</span> <span class='ocrx_word' id='word_1_863' title='bbox 370 5518 625 5597; x_wconf 80' lang='grc' dir='ltr'>καρδίαν.</span> <span class='ocrx_word' id='word_1_864' title='bbox 659 5526 760 5576; x_wconf 75' lang='grc' dir='ltr'>Καὶ</span> <span class='ocrx_word' id='word_1_865' title='bbox 811 5523 986 5595; x_wconf 77' lang='grc' dir='ltr'>ὥσπερ</span> <span class='ocrx_word' id='word_1_866' title='bbox 1018 5518 1069 5573; x_wconf 79' lang='grc' dir='ltr'>έν</span> <span class='ocrx_word' id='word_1_867' title='bbox 1121 5525 1192 5592; x_wconf 79' lang='grc' dir='ltr'>τῷ</span> <span class='ocrx_word' id='word_1_868' title='bbox 1237 5516 1498 5589; x_wconf 80' lang='grc' dir='ltr'>παλατίῳ,</span> <span class='ocrx_word' id='word_1_869' title='bbox 1530 5515 1718 5589; x_wconf 80' lang='grc' dir='ltr'>ὡραῖαι</span> <span class='ocrx_word' id='word_1_870' title='bbox 1750 5516 1834 5565; x_wconf 88' lang='grc' dir='ltr'>κό-</span> 
     </span>
    </p>
   </div>
   <div class='ocr_carea' id='block_1_111' title="bbox 1985 5508 3595 5597">
    <p class='ocr_par' dir='ltr' id='par_1_111' title="bbox 1989 5508 3595 5583">
     <span class='ocr_line' id='line_1_112' title="bbox 1989 5508 3595 5583; baseline 0.002 -16"><span class='ocrx_word' id='word_1_871' title='bbox 1989 5510 2081 5568; x_wconf 88' lang='lat' dir='ltr'>uri</span> <span class='ocrx_word' id='word_1_872' title='bbox 2108 5508 2308 5567; x_wconf 88' lang='lat' dir='ltr'>cordis</span> <span class='ocrx_word' id='word_1_873' title='bbox 2346 5514 2505 5566; x_wconf 89' lang='lat' dir='ltr'>sunt.</span> <span class='ocrx_word' id='word_1_874' title='bbox 2532 5511 2601 5564; x_wconf 87' lang='lat' dir='ltr'>Et</span> <span class='ocrx_word' id='word_1_875' title='bbox 2622 5508 3139 5581; x_wconf 88' lang='lat' dir='ltr'>quemadmodum</span> <span class='ocrx_word' id='word_1_876' title='bbox 3164 5509 3225 5566; x_wconf 91' lang='lat' dir='ltr'>in</span> <span class='ocrx_word' id='word_1_877' title='bbox 3248 5510 3471 5583; x_wconf 88' lang='lat' dir='ltr'>palatio</span> <span class='ocrx_word' id='word_1_878' title='bbox 3501 5527 3595 5572; x_wconf 87' lang='lat' dir='ltr'>ve-</span> 
     </span>
    </p>
   </div>
   <div class='ocr_carea' id='block_1_112' title="bbox 326 5679 1936 5761">
    <p class='ocr_par' dir='ltr' id='par_1_112' title="bbox 326 5682 1936 5761">
     <span class='ocr_line' id='line_1_113' title="bbox 326 5682 1936 5761; baseline -0.006 -14"><span class='ocrx_word' id='word_1_879' title='bbox 326 5689 379 5727; x_wconf 72' lang='lat'><strong>&quot;</strong></span> <span class='ocrx_word' id='word_1_880' title='bbox 408 5692 583 5751; x_wconf 82' lang='lat' dir='ltr'>Joan.</span> <span class='ocrx_word' id='word_1_881' title='bbox 621 5705 710 5761; x_wconf 83' lang='grc' dir='ltr'>ιιι,</span> <span class='ocrx_word' id='word_1_882' title='bbox 735 5691 806 5748; x_wconf 77' lang='grc'><strong>16</strong></span> <span class='ocrx_word' id='word_1_883' title='bbox 838 5704 853 5758; x_wconf 87' lang='lat'><strong>;</strong></span> <span class='ocrx_word' id='word_1_884' title='bbox 896 5691 1067 5749; x_wconf 80' lang='lat' dir='ltr'>Rom.</span> <span class='ocrx_word' id='word_1_885' title='bbox 1108 5688 1236 5757; x_wconf 82' lang='lat' dir='ltr'>vni,</span> <span class='ocrx_word' id='word_1_886' title='bbox 1262 5687 1351 5746; x_wconf 84' lang='lat'>32.</span> <span class='ocrx_word' id='word_1_887' title='bbox 1429 5686 1475 5722; x_wconf 85' lang='grc'>⁷³</span> <span class='ocrx_word' id='word_1_888' title='bbox 1516 5682 1712 5744; x_wconf 77' lang='lat' dir='ltr'>Iatth.</span> <span class='ocrx_word' id='word_1_889' title='bbox 1738 5685 1936 5750; x_wconf 64' lang='lat' dir='ltr'>mm</span> 
     </span>
    </p>
   </div>
   <div class='ocr_carea' id='block_1_113' title="bbox 1020 5679 2630 5761">
    <p class='ocr_par' dir='ltr' id='par_1_113' title="bbox 1020 5679 2630 5757">
     <span class='ocr_line' id='line_1_114' title="bbox 1020 5679 2630 5757; baseline -0.009 -9"><span class='ocrx_word' id='word_1_890' title='bbox 1020 5706 1067 5748; x_wconf 76' lang='grc' dir='ltr'>ει.</span> <span class='ocrx_word' id='word_1_891' title='bbox 1108 5688 1236 5757; x_wconf 82' lang='lat' dir='ltr'>vni,</span> <span class='ocrx_word' id='word_1_892' title='bbox 1262 5687 1351 5746; x_wconf 84' lang='lat'>32.</span> <span class='ocrx_word' id='word_1_893' title='bbox 1429 5686 1475 5722; x_wconf 85' lang='grc'>⁷³</span> <span class='ocrx_word' id='word_1_894' title='bbox 1516 5682 1712 5744; x_wconf 77' lang='lat' dir='ltr'>Iatth.</span> <span class='ocrx_word' id='word_1_895' title='bbox 1738 5696 1892 5750; x_wconf 69' lang='lat' dir='ltr'>xxxv,</span> <span class='ocrx_word' id='word_1_896' title='bbox 1919 5685 2006 5739; x_wconf 84' lang='lat'>27.</span> <span class='ocrx_word' id='word_1_897' title='bbox 2083 5681 2131 5716; x_wconf 72' lang='lat'>7‘</span> <span class='ocrx_word' id='word_1_898' title='bbox 2156 5679 2223 5737; x_wconf 87' lang='lat' dir='ltr'>1V</span> <span class='ocrx_word' id='word_1_899' title='bbox 2254 5682 2394 5751; x_wconf 80' lang='lat' dir='ltr'>Reg.</span> <span class='ocrx_word' id='word_1_900' title='bbox 2425 5695 2500 5747; x_wconf 73' lang='lat' dir='ltr'>vn,</span> <span class='ocrx_word' id='word_1_901' title='bbox 2546 5682 2630 5735; x_wconf 80' lang='lat' dir='ltr'>l7.</span> 
     </span>
    </p>
   </div>
  </div>
