4076 6210
599 286 704 342 607

1900 276 1938 331 S
1950 318 1962 331 .
2005 274 2199 331 MACA
2209 272 2309 330 RH
2348 271 2655 332 EGYPTII

3792 299 3875 356 608

599 417 789 466 nustaa
828 423 1085 482 quaeque
1101 402 1705 478 puellaa,omnislabis
1738 417 1808 458 ac
1833 399 2215 472 reprehensio

2366 417 2476 471 ραι,
2505 405 2595 453 καὶ
2642 407 2714 475 μὴ
2748 406 2973 475 ἔχουσαι
3024 414 3204 480 μῶμον
3253 429 3385 476 τινα,
3439 413 3881 475 εύειδέσταταιίκεί-

599 500 691 555 nis
708 504 997 571 expertes.
1017 494 1475 567 speciosissima}
1488 492 1725 557 scilicet,
1740 490 1916 560 regia:
1945 489 2240 545 societatis

595 588 916 660 participes
937 587 1088 640 iiunt
1120 602 1133 640 :
1169 585 1252 638 sic
1282 599 1522 655 quoque
1569 583 1627 636 in
1656 579 1948 651 spirituali
1983 577 2228 649 palatio,

597 678 836 742 animae,
867 692 1002 747 qua?
1029 673 1193 730 omni
1222 672 1501 727 virtutum
1533 671 1827 725 bonarum
1855 683 2069 737 genere
2097 671 2241 722 sunt

597 772 916 829 exornatae,
948 763 1289 820 societatem
1323 761 1526 815 ineunt
1556 775 1692 813 cum
1725 756 1950 812 caelesti
1975 771 2133 826 rege.
2171 759 2232 810 In

595 857 796 922 rebus,
829 871 963 926 quae
1013 851 1160 906 visui
1189 854 1411 922 patent,
1441 849 1486 902 si
1519 847 1596 902 ad
1627 847 1878 902 domum
1907 844 2241 916 quamdam

593 943 1052 1000 inhabitandam
1081 940 1356 1010 princeps
1395 936 1591 1000 abeat,
1634 951 1769 1006 quae
1797 933 2078 990 sordibus
2117 933 2245 1005 qui-

595 1034 852 1088 busdam
886 1030 1199 1085 contractis
1233 1028 1470 1096 impura
1514 1026 1603 1089 sit,
1637 1023 2137 1096 praeparaturilla,
2174 1039 2242 1078 ac

591 1123 758 1177 vario
807 1127 1054 1177 ornatus
1103 1133 1317 1190 genere
1370 1117 1701 1179 instruitur,
1750 1113 1953 1169 effusis
1998 1129 2242 1185 quoque

594 1210 962 1268 aromatibus
997 1229 1008 1261 :
1042 1214 1268 1280 quanto
1300 1206 1513 1276 majori
1537 1204 1754 1259 domus
1773 1203 2011 1268 animae,
2045 1203 2242 1274 inqua

596 1300 879 1356 Dominus
912 1296 1474 1369 requiescit,ornatu
1492 1292 1989 1362 indiget,utillam
2008 1291 2240 1362 ingredi

591 1389 800 1460 possit,
861 1395 916 1442 et
962 1387 1040 1440 ibi
1089 1384 1457 1456 requiescere
1513 1383 1578 1446 is,
1621 1381 1724 1454 qui
1775 1381 2238 1452 reprehensione

591 1478 775 1542 nulla,
813 1492 922 1532 nec
968 1475 1224 1538 macula,
1257 1489 1363 1529 nec
1395 1472 1530 1528 labe
1561 1487 1665 1526 seu
1697 1486 1869 1526 ntevo
1900 1471 2092 1526 notari
2135 1486 2239 1542 po-

590 1572 702 1621 test
735 1567 746 1620 ι
780 1570 840 1620 In
895 1564 1240 1635 hujusmodi
1301 1562 1459 1617 enim
1502 1561 1681 1616 corde
1720 1565 1843 1615 tum
1902 1562 2075 1623 Deus,
2110 1565 2237 1615 tum

590 1655 870 1711 universa
896 1652 1153 1709 caelestis
1175 1650 1433 1706 Ecclesia
1458 1649 1794 1722 requiescit.

658 1782 839 1837 XLVI.
880 1784 1159 1834 Praeterea
1213 1777 1271 1832 in
1313 1776 1512 1839 rebus,
1544 1792 1680 1847 quae
1729 1774 1875 1830 aciei
1922 1774 2234 1830 oculorum

589 1875 808 1942 patent,
842 1869 888 1922 si
918 1873 1082 1939 pater
1111 1866 1410 1938 quispiam
1441 1863 1742 1934 possideat
1781 1862 1964 1928 bona,
1998 1867 2054 1917 et
2085 1863 2235 1918 inter

583 1959 712 2014 haec
736 1956 1076 2013 diademata
1095 1955 1312 2010 habeat
1337 1969 1407 2008 ac
1432 1952 1662 2023 lapides
1687 1952 1995 2023 pretiosos,
2016 1952 2141 2008 haec
2172 1952 2231 2008 in

584 2046 917 2102 conditoria
943 2047 1193 2115 reponit,
1229 2049 1283 2097 et
1305 2046 1567 2098 reservat
1585 2041 1704 2095 ﬁlio
1738 2056 1870 2108 suo,
1905 2041 1997 2096 cui
2032 2041 2231 2096 ealar-

584 2137 812 2206 giturus
842 2134 1314 2203 estzsicquoque
1345 2131 1498 2185 Deus
1525 2130 1965 2201 possessionem
1979 2130 2231 2200 quicum

580 2225 762 2280 rebus
802 2225 925 2278 suis
959 2221 1231 2293 pretiosis
1245 2219 1612 2274 concredidit
1632 2219 1870 2273 animae.
1891 2218 2230 2274 Tandemin

578 2314 759 2369 rebus
789 2311 1139 2374 visibilibus,
1158 2309 1203 2363 si
1232 2309 1530 2363 exoriatur
1553 2307 1865 2372 bellum,et
1891 2308 2229 2364 veneritrex

581 2419 718 2458 cum
746 2401 1003 2457 exercitu
1036 2415 1144 2453 suo
1167 2399 1241 2452 ad
1280 2396 1730 2461 decertandum,
1763 2397 1999 2467 sintque
2030 2404 2229 2468 partes

578 2492 696 2562 66
712 2491 839 2561 ejus
855 2489 1238 2552 minores,aut
1253 2485 1982 2549 imbecilliores,continuo
1995 2485 2225 2554 legatos

577 2581 772 2644 mittit,
806 2578 879 2634 ad
915 2575 1249 2647 rogandum
1295 2590 1365 2629 ea
1403 2590 1537 2645 quae
1588 2574 1813 2628 faciunt
1864 2574 1939 2628 ad
1989 2590 2221 2646 pacem.

580 2670 636 2724 Si
677 2684 816 2723 vero
843 2683 988 2736 gens
1005 2665 1418 2721 maximacum
1440 2662 1655 2733 aequali
1672 2661 2013 2717 conﬂictum
2043 2664 2220 2730 ineat,

578 2758 772 2828 sitque
790 2773 888 2811 rex
916 2772 1049 2809 cum
1085 2769 1240 2823 rege,
1275 2767 1394 2816 rex,
1429 2751 1699 2821 inquam,
1737 2753 2051 2806 Persarum
2085 2769 2222 2809 cum

574 2861 712 2914 rege
742 2849 1164 2906 Romanorum,
1197 2840 1688 2912 oportetomnino
1704 2840 1992 2909 hosreges
2007 2842 2082 2896 ad
2097 2841 2224 2898 bel-

572 2934 698 2989 lum
738 2931 1098 2988 commoveri
1131 2946 1266 2984 cum
1301 2928 1466 2983 omni
1498 2929 1757 2982 exercitu
1788 2944 1857 2983 ac
1877 2928 2056 2984 milite
2083 2947 2209 2986 suo.

573 3021 874 3092 Perpende
906 3035 1046 3089 ergo
1068 3024 1288 3089 quanta
1323 3021 1422 3072 tua
1463 3017 1535 3070 sit
1574 3017 1855 3085 dignitas,
1883 3033 2022 3072 cum
2069 3021 2218 3074 Deus

2356 510 2442 542 ναι
2498 491 2570 552 εἰς
2612 499 2880 547 κοινωνίαν
2927 495 3187 568 βασιλέων
3231 499 3544 575 ἀπέρχονται
3570 522 3583 537 '
3628 508 3766 571 οὕτως
3810 517 3881 565 xui

2357 579 2515 642 εἰςτό
2547 587 2910 655 πνευματικὸν,
2944 585 3124 658 ψυχαὶ
3181 590 3236 641 αἱ
3283 588 3331 642 έν
3384 598 3512 645 πᾶσι
3563 600 3746 668 τρόποις
3777 598 3883 670 ἁγα-

2361 670 2471 731 θοῐς
2529 677 2934 745 κεκοσμημέναι,
2994 676 3150 729 αὗται
3194 688 3496 734 κοινωνοῦσι
3541 691 3605 755 τῷ
3648 689 3883 760 ἐπουρανίῳ

2358 755 2588 829 βασιλεῖ.
2631 761 2718 822 Εἰς
2757 767 2816 814 τὸ
2857 770 3175 838 φαινόμενον,
3237 770 3365 822 ὅπου
3423 768 3688 844 ἀπέρχεται
3738 755 3883 848 ἄρχων

2354 854 2545 917 μεῖναι,
2601 855 2690 903 xui
2735 853 3010 924 συμϐαίνει
3061 858 3256 915 ἐκείνην
3314 863 3406 916 τὴν
3441 860 3597 914 οἰκίαν
3634 866 3756 935 ἔχειν
3787 864 3887 917 ἀκα-

2358 938 2578 1008 θαρσίαν
2622 943 2755 1006 τινὰ,
2809 945 3184 1016 εύτρεπίζὲται,
3246 951 3338 1000 καὶ
3387 946 3716 1022 διακόσμησις
3757 953 3882 1012 πολλὴ

2355 1030 2573 1095 γίνεται,
2609 1035 2697 1082 καὶ
2739 1030 2990 1104 ἀρώματα
3041 1035 3303 1107 ἐκχεῖται.
3350 1043 3497 1110 Πόσῳ
3533 1039 3887 1111 μᾶλλονόοᾶπ

2353 1122 2449 1176 τῆς
2479 1117 2686 1188 ψυχῆς,
2729 1120 2800 1182 εἰς
2829 1120 2882 1172 ὃν
2934 1124 2959 1174 6
2995 1127 3177 1196 Κύριος
3209 1124 3542 1194 ἀναπαύεται,
3590 1130 3761 1192 πολλῆς
3789 1129 3886 1184 δια-

2353 1211 2665 1276 κοσμήσεως
2733 1211 2950 1283 χρῄζει,
3013 1215 3095 1266 ἵνα
3167 1211 3367 1289 δυνηθῇ
3423 1220 3521 1270 ἐκεῖ
3565 1218 3778 1273 ιίσελθείν
3817 1221 3887 1273 καί

2354 1291 2651 1355 ἀναπαῆναι
2681 1300 2706 1349 6
2743 1300 2986 1365 ἄσπιλος,
3042 1303 3067 1354 6
3118 1304 3378 1377 ἄμωμοςι
3435 1307 3498 1368 εἰς
3545 1311 3638 1381 γὰρ
3683 1313 3887 1366 τοιαύτην

2351 1380 2574 1455 καρδίαν
2615 1388 2640 1437 6
2704 1391 2853 1454 Θεὸς,
2919 1395 3010 1444 καὶ
3057 1390 3147 1451 ὅλη
3199 1396 3227 1452 ἡ
3286 1393 3595 1469 ἐπουράνιος.
3652 1397 3890 1456 Ἐκκλησία

2349 1469 2754 1530 ἐπαναπαύεται.

2273 1745 2312 1799 Β
2414 1775 2543 1839 Μς·’.
2580 1775 2659 1828 ἐν
2701 1785 2808 1840 τοῖς
2847 1784 3190 1852 φαινομένοις,
3243 1785 3326 1836 ἓαν
3383 1787 3481 1856 ἔχη
3531 1789 3688 1858 πατὴρ
3716 1791 3881 1858 κτήμαο

2344 1883 2426 1928 τα,
2470 1867 2570 1936 ἔχη
2605 1862 2663 1918 δε
2701 1872 2791 1919 xui
2823 1864 3134 1940 διαδήματα
3189 1876 3280 1924 καὶ
3308 1871 3482 1935 λίθους
3520 1879 3721 1946 τιμίους,
3751 1883 3884 1927 ταῦτα

2344 1952 2414 2014 εἰς
2480 1957 2648 2015 οἴκους
2716 1955 2998 2019 ἀποθέτους
3054 1962 3290 2034 κρύπτει,
3347 1968 3437 2014 xui
3512 1966 3781 2034 ταμιεύεται
3827 1971 3882 2032 τῷ

2345 2040 2600 2113 ἀγαπητῷ
2648 2044 2808 2097 αὐτοῦ
2855 2048 2974 2117 υἱῷ,
3028 2051 3245 2120 κάκείνῳ
3309 2046 3533 2103 δίδωσιν
3571 2051 3694 2104 αύτοί
3721 2069 3734 2083 ⁸
3777 2052 3882 2104 οὕτω

2341 2136 2431 2184 καὶ
2461 2133 2485 2184 ό
2513 2137 2640 2194 Θεὸς
2672 2137 2765 2192 τὴν
2796 2134 2982 2188 ἑαυτοῦ
3032 2146 3220 2196 κτῆσιν
3263 2143 3394 2211 μετὰ
3444 2150 3539 2192 τῶν
3573 2137 3708 2193 ἰδίων
3733 2145 3880 2212 τιμίων

2341 2219 2670 2274 ένεπὶστευσε
2697 2230 2757 2294 τῇ
2799 2222 2978 2295 ψυχῇ.
3039 2226 3125 2287 Εἰς
3181 2230 3240 2279 1'6
3289 2233 3605 2301 φαινόμενον,
3644 2225 3769 2300 ἐὰνῇ
3806 2232 3878 2279 πό-

2339 2307 2508 2381 λεμος,
2569 2315 2657 2362 καὶ
2705 2311 2822 2383 ἔλθη
2884 2309 3132 2384 βασιλεὺς
3162 2319 3293 2388 μετὰ
3330 2325 3424 2370 τοῦ
3457 2314 3786 2392 στρατοπέδου
3816 2315 3880 2367 ἰπὶ

2339 2402 2396 2450 1'6
2431 2399 2743 2471 πολεμῆσαι,
2785 2405 2872 2453 xui
2914 2404 3132 2477 ὑπάρχῃ
3191 2409 3247 2458 τό
3299 2412 3453 2480 μέρος
3505 2408 3654 2460 αὐτοῦ
3693 2407 3877 2469 ἔλαττον,

2338 2491 2367 2544 ἧ
2438 2486 2822 2561 ἀσθενέστερον,
2891 2492 3076 2554 εὐθέως
3128 2492 3432 2548 ἀποστέλλει
3486 2495 3738 2570 πρεσϐείαν
3787 2494 3880 2566 ἔρω-

2335 2580 2427 2646 τᾲν
2467 2578 2533 2630 τὰ
2559 2581 2686 2649 πρὸς
2739 2579 2966 2651 εἰρήνην.
3022 2582 3083 2637 Εἰ
3115 2579 3174 2635 δὲ
3227 2585 3373 2647 ἔθνος
3405 2591 3641 2658 μέγιστον
3665 2588 3772 2658 πρὸς
3791 2587 3878 2635 ἶσον

2337 2660 2389 2735 ᾖ,
2423 2670 2508 2717 xui
2551 2667 2576 2717 6
2604 2665 2854 2738 βασιλεὺς
2902 2673 3030 2743 πρὸς
3083 2669 3330 2742 βασιλέα,
3371 2674 3501 2746 λέγω
3531 2672 3595 2733 δὴ
3641 2677 3664 2726 6
3711 2680 3878 2747 Περσῶν

2333 2756 2469 2806 καὶὸ
2498 2754 2787 2826 Ῥωμαίων,
2841 2757 3040 2829 ἀνάγκη
3095 2766 3242 2814 πᾶσα
3298 2768 3426 2824 τοὺς
3458 2760 3553 2816 δύο
3591 2760 3796 2836 βασιλεῖς
3820 2780 3877 2811 xi-

2333 2845 2549 2903 νηθῆναι
2582 2848 2714 2917 μετά
2751 2855 2849 2898 τῶν
2882 2846 3249 2920 στρατοπέδων
3290 2851 3442 2907 ὃλων.
3486 2853 3633 2906 Βλέπε
3685 2849 3760 2904 οὖν
3795 2851 3878 2902 οἶόν

2336 2936 2430 2985 σού
2463 2936 2574 2985 ἐστι
2606 2938 2663 2986 1'6
2689 2933 2912 3006 ἀξίωμα,
2942 2939 3022 2989 ὃτι
3042 2938 3068 2989 6
3092 2943 3216 3000 Θεὸς
3246 2943 3463 3000 ἐκινήθη
3496 2945 3621 3014 μετὰ
3647 2949 3735 2993 τῶν
3760 2936 3876 2991 ἰδίων

2334 3019 2722 3095 στρατοπέδων,
2777 3023 2905 3096 λέγω
2959 3023 3027 3084 δὴ
3077 3036 3176 3078 τῶν
3217 3027 3452 3100 ἀγγέλων
3492 3036 3576 3083 καὶ
3605 3031 3875 3101 πνευμάτων.

571 3118 772 3167 motus
814 3111 889 3165 sit
937 3125 1073 3163 cum
1132 3107 1298 3162 omni
1355 3121 1462 3160 suo
1510 3106 1790 3170 exercitu,
1841 3106 2214 3175 angelorum,

2329 3112 2608 3181 συμκαλεῑν
2637 3120 2706 3182 τῷ
2761 3112 3112 3187 ἀντικειμένῳ,
3168 3118 3250 3169 ἵνα
3302 3139 3368 3172 σε
3396 3120 3707 3195 λυτρώσηται
3741 3117 3786 3169 ἐκ
3807 3121 3878 3167 τοῦ

560 3203 945 3273 inquam,aut
967 3195 1388 3267 spirituum,ad
1420 3195 1914 3250 committendum
1945 3212 2211 3267 pugnam

563 3307 703 3346 cum
737 3288 1100 3349 adversario,
1137 3291 1268 3340 utte
1299 3282 1616 3339 redimeret
1638 3299 1673 3338 a
1702 3290 1909 3339 morte.
1940 3287 2091 3341 Deus
2113 3287 2214 3356 igi-

561 3384 660 3435 tur
687 3378 850 3433 venit
883 3376 965 3430 tui
990 3389 1194 3429 causa.

639 3500 842 3555 XLVII.
870 3497 1122 3553 Perinde
1170 3510 1239 3551 ac
1287 3495 1335 3549 si
1377 3495 1448 3550 sit
1490 3511 1609 3560 rex,
1641 3495 1743 3566 qui
1786 3497 1843 3551 in
1883 3512 2211 3569 pauperem

559 3589 908 3663 quemdam,
939 3585 1110 3656 cujus
1129 3583 1794 3656 membraomnialepra
1822 3589 2098 3658 pervasit,
2124 3590 2211 3645 in-

561 3680 740 3745 cidat,
773 3676 1212 3733 necerubescat
1236 3673 1674 3728 medicamenta
1700 3675 1831 3744 ejus
1865 3675 2211 3734 vulneribus

560 3769 902 3831 admovere,
943 3781 1012 3822 ac
1063 3764 1216 3819 adeo
1274 3768 1436 3817 curet
1471 3761 1602 3833 ejus
1648 3763 2210 3839 pIagas:iIIumque

559 3865 740 3932 potea
769 3859 932 3928 regia
956 3871 1167 3910 mensa
1198 3857 1537 3924 exceptum,
1571 3869 1838 3924 purpura
1879 3856 2107 3926 induat,
2140 3875 2209 3914 ac

557 3965 760 4019 regem
790 3947 968 4003 faciat
1009 3965 1021 4003 :
1059 3945 1394 4015 sicquoque
1412 3945 1562 3997 Deus
1578 3958 1641 3998 se
1664 3943 2208 4003 exhibuithumano

558 4034 1159 4110 generizabluitillius
1193 4032 1458 4095 vulnera,
1492 4037 1547 4086 et
1578 4033 1806 4088 sanavit
1839 4033 2004 4103 illud,
2030 4043 2207 4109 atque

555 4127 885 4184 introduxit
915 4126 970 4178 in
1013 4122 1310 4178 caelestem
1353 4119 1705 4175 thalamum.
1747 4123 1999 4179 Maxima
2032 4124 2208 4194 igitur

553 4221 641 4272 est
693 4213 1163 4270 Christianorum
1212 4209 1493 4279 dignitas,
1565 4213 1731 4263 tanta
1794 4211 2062 4280 quidem,
2143 4219 2207 4269 ut

556 4302 720 4376 quod
747 4317 884 4356 cum
915 4315 986 4353 ea
1015 4303 1415 4367 comparetur,
1446 4311 1566 4350 non
1608 4297 1701 4351 sit.
1738 4297 1793 4352 Si
1825 4313 1966 4354 vero
2005 4301 2081 4356 ad
2107 4302 2206 4358 de-

551 4392 866 4446 fectionem
895 4385 1626 4454 exciteturetsubripiatur
1653 4401 1688 4439 a
1724 4385 1973 4452 malitia,
2008 4391 2203 4459 perin-

551 4482 625 4536 de
654 4483 760 4543 est,
792 4493 860 4532 ac
891 4475 940 4529 si
969 4476 1040 4528 sit
1071 4473 1305 4536 civitas,
1347 4488 1480 4544 quae
1512 4472 1699 4526 muris
1733 4473 1924 4530 cincta
1959 4486 2200 4545 nonest,

551 4584 736 4641 quam
770 4565 1063 4621 invadunt
1091 4564 1375 4623 latrones,
1408 4577 1769 4633 quacunque
1792 4569 1960 4633 parte
1975 4566 2198 4633 volunt,

553 4658 719 4714 nulla
758 4653 1009 4712 omnino
1041 4668 1100 4707 re
1133 4651 1426 4722 impediti,
1455 4666 1712 4722 eamque
1751 4651 2050 4708 desertam
2073 4657 2201 4711 red-

548 4750 718 4812 dunt,
754 4762 823 4801 ac
862 4741 1138 4798 incendio
1160 4740 2200 4811 ﬂammisquetraduut:sicdumne-

555 4838 728 4908 gligis
756 4841 807 4891 te
839 4830 1353 4905 ipsum,etfrigide
1376 4829 1475 4884 tibi
1502 4829 1627 4900 ipse
1641 4829 2198 4897 attendis,subeunt

549 4933 607 4983 te
627 4926 868 4998 spiritus
883 4921 1144 4988 malitiae,
1165 4924 1344 4991 atque
1357 4917 1884 4990 deformantatque
1899 4920 2193 4979 desertam

549 5016 812 5073 reddunt
845 5015 1106 5066 mentem
1149 5008 1764 5078 tuam,dispergentes
1805 5011 2196 5079 cogitationes

551 5113 684 5163 tuas
725 5104 782 5159 in
820 5101 934 5157 hoc
961 5099 1269 5156 saeculum.

623 5227 848 5285 XLVIII.
887 5224 1043 5280 Multi
1071 5223 1248 5285 enim,
1285 5220 1560 5292 quicirca
1590 5224 1966 5278 externarum
1995 5240 2192 5282 rerum

543 5317 990 5392 inquisitionem
1030 5315 1329 5380 satagunt,
1364 5315 1419 5364 et
1459 5310 1767 5365 scientiam
1795 5312 2090 5379 excolunt,
2123 5331 2193 5370 ac

548 5423 754 5464 curam
787 5410 940 5459 recte
972 5400 1209 5457 vivendi
1241 5398 1481 5461 habent,
1509 5399 1667 5453 hunc
1707 5406 1984 5472 reputant
2009 5403 2192 5474 perfe-

546 5501 728 5561 ctum,
761 5509 882 5549 non
914 5491 1298 5562 inspicienles
1326 5488 1384 5542 in
1421 5503 1540 5552 cor,
1587 5503 1693 5542 nec
1724 5489 1992 5546 videntes
2026 5493 2192 5549 mali-

544 5586 688 5640 tiam
704 5582 968 5638 animam
985 5578 1405 5634 involventem.
1422 5576 1727 5648 Siquidem
1742 5593 1912 5634 mens
1927 5580 2187 5650 interior,

542 5672 772 5736 malitia
811 5674 1066 5736 scatens,
1106 5665 1337 5724 radices
1361 5665 1532 5722 mittit
1552 5664 1612 5722 in
1630 5665 1860 5739 reliqua
1877 5670 2184 5729 membra:

2327 3201 2566 3256 θανάτου.
2592 3201 2650 3254 Ὀ
2677 3205 2796 3266 Θεὸς
2827 3211 2914 3257 οῦν
2945 3209 3249 3280 παρεγένετο
3291 3205 3393 3262 διὰ
3424 3215 3498 3264 σέ.

2393 3501 2503 3553 ΜΖ’
2554 3501 2698 3555 *Ωσπ
2792 3504 2828 3521 ’⁸
2926 3503 2949 3523 ν
3208 3512 3218 3528 ι
3366 3515 3376 3531 ς
3447 3513 3465 3527 η
3722 3513 3730 3522 ,

2511 3544 2522 3556 ⁸
2702 3524 2751 3579 ⁶Ρ
2784 3524 2866 3557 ίαν
2921 3527 2950 3579 ἴ)
3007 3506 3257 3580 βασιλευς
3288 3531 3383 3564 και
3414 3532 3531 3586 ευρη
3564 3528 3757 3580 πτωχόν
3783 3523 3876 3558 τινα

2322 3589 2515 3659 ῖχοντα
2542 3590 2730 3664 λέπραν
2779 3593 2846 3654 εἰς
2873 3594 2967 3648 ὃλα
3016 3600 3081 3649 τὰ
3132 3598 3283 3669 μελη,
3319 3605 3409 3653 καὶ
3458 3605 3528 3673 μὴ
3564 3596 3874 3669 ἐπαισχυνθῇ,

2324 3675 2430 3728 ἀλλ’
2471 3677 2622 3752 ἐπιθῇ
2681 3683 2929 3754 φάρμακα
2966 3691 3055 3737 καὶ
3122 3686 3171 3738 ἐν
3212 3695 3321 3749 τοῖς
3382 3693 3668 3762 τραύμασιν
3723 3685 3873 3744 αὐτοῦ,

2320 3771 2410 3818 καὶ
2442 3767 2658 3825 ἰάσηται
2706 3769 2866 3823 αὐτοῦ
2899 3773 2994 3833 τὰς
3051 3773 3280 3845 πληγὰς,
3313 3782 3404 3830 καὶ
3433 3777 3606 3830 λοιπὸν
3630 3775 3692 3836 εἰς
3717 3773 3877 3847 τράπε-

2323 3856 2415 3914 ζαν
2447 3853 2728 3928 βασιλικὴν
2760 3858 3008 3934 ἀπαγάγῃ
3037 3862 3213 3929 αὐτόν,
3247 3871 3340 3919 xui
3391 3869 3574 3940 περιθῇ
3616 3865 3743 3934 αύτῷ
3777 3878 3878 3932 πορ-

2320 3947 2502 4017 φύραν,
2534 3952 2622 3998 καὶ
2670 3954 2869 4021 ποιήσῃ
2927 3951 3080 4004 αὐτὸν
3112 3949 3337 4025 βασιλέα
3377 3971 3391 3984 '
3434 3956 3594 4016 οὕτως
3623 3957 3705 4006 καὶ
3728 3952 3750 4004 6
3774 3950 3877 4007 Θεὸς

2319 4033 2532 4092 ἐποίησε
2585 4045 2656 4108 τῷ
2694 4042 2826 4109 γένει
2881 4048 2982 4092 τῶν
3039 4040 3347 4116 ἀνθρώπων.
3399 4045 3694 4099 Ἀπέπλυνεν
3736 4040 3874 4093 αὐτῶν

2316 4127 2607 4196 τραύματα,
2657 4133 2746 4179 xui
2801 4128 2988 4182 ἰάσατο
3036 4130 3249 4199 αὐτούς,
3297 4139 3389 4187 xui
3428 4134 3691 4205 εἰσήγαγεν
3719 4129 3874 4190 εἰςτόν

2317 4213 2617 4288 ἐπουράνιον
2669 4225 2931 4288 νυμφῶνα.
3000 4224 3148 4291 Μέγα
3201 4223 3293 4274 οὗν
3324 4223 3437 4276 ἐστι
3475 4227 3532 4276 τὸ
3581 4221 3767 4292 ἀξίωμα
3795 4225 3875 4268 τῶν

2317 4307 2666 4371 Χριστιανῶν,
2723 4315 2989 4377 τοσοῦτον,
3060 4313 3129 4372 ὡς
3209 4309 3352 4382 μηδὲ
3412 4317 3695 4386 συγκρίνειν
3738 4311 3873 4379 ἔχεαι

2241 4437 2286 4490 D
2315 4392 2432 4444 Ἐὰν
2509 4389 2568 4445 δὲ
2631 4399 2948 4470 μετεωρισθῇ
3009 4405 3098 4452 καὶ
3148 4399 3324 4474 κλαπῇ
3388 4403 3488 4454 ύπὸ
3549 4409 3640 4462 τῆς
3699 4400 3872 4461 κακίας,

2315 4482 2446 4532 ἔοικε
2475 4485 2690 4554 τοιούτῳ
2714 4490 2833 4550 τινὶ,
2869 4488 3044 4558 ὥσπερ
3078 4491 3160 4541 εὰν
3284 4491 3430 4552 πόλις
3481 4495 3551 4563 μὴ
3584 4493 3770 4560 ἔχουσα
3795 4490 3874 4535 tti-

2311 4588 2431 4640 χος.
2470 4577 2559 4623 καὶ
2587 4574 2635 4623 οἱ
2663 4572 2857 4645 λῃσταὶ
2905 4575 3238 4651 εἰσέρχονται
3265 4575 3341 4631 δι’
3384 4579 3562 4645 αὐτῆς,
3602 4579 3706 4631 ὅθεν
3735 4573 3876 4627 θελου-

2315 4677 2388 4723 σι,
2417 4664 2488 4729 μὴ
2523 4658 2942 4735 ἐμποδιζόμενοι,
3004 4671 3093 4718 καὶ
3151 4666 3433 4739 ἐρημοῦσι,
3475 4672 3562 4721 xui
3600 4666 3875 4739 ίμπυρίζο-ιο

2313 4766 2394 4799 σιν
2440 4747 2602 4808 αὐτὴν
2634 4769 2646 4781 ·
2709 4752 2873 4814 οὕτως
2930 4752 3238 4826 ἀμελοῦντος
3307 4777 3429 4827 σου,
3484 4761 3568 4810 καὶ
3615 4759 3682 4830 μὴ
3737 4753 3873 4819 ἐαυτῷ

2307 4841 2678 4908 προσέχοντος,
2732 4844 3129 4917 ἐπεισέρχονται
3176 4849 3244 4898 τὰ
3313 4850 3582 4918 πνεύματα
3625 4853 3714 4906 τῆς
3739 4857 3876 4895 πονη-

2305 4929 2444 4998 ρίας,
2509 4933 2597 4980 καὶ
2642 4927 2955 5002 ἀφανίζουσι
3012 4938 3098 4985 καὶ
3136 4933 3401 5009 ἐρημοῡσι
3449 4940 3532 4990 τὸν
3567 4941 3700 4999 νοῦν,
3747 4946 3876 5002 σκορ-

2306 5015 2541 5077 πίζοντες
2563 5021 2681 5080 τοὺς
2703 5019 2988 5093 λογισμούς
3017 5022 3085 5084 εἰς
3111 5027 3196 5077 τὸν
3229 5025 3397 5079 αἰῶνα
3425 5032 3621 5079 τοῦτον.

2377 5228 2511 5281 MH'.
2568 5229 2753 5284 Πολλοὶ
2791 5236 2891 5306 γὰρ
2944 5239 3062 5306 περὶ
3093 5239 3158 5289 τὰ
3195 5237 3381 5299 ἔξωθεν
3422 5236 3767 5312 ἠκριϐωμένοι,
3795 5234 3868 5282 καὶ

2305 5315 2598 5390 ἐπιστήμην
2653 5318 2946 5391 ἀσκοῦντες,
2997 5330 3085 5377 καὶ
3143 5325 3268 5396 βίου
3302 5326 3459 5402 ὀρθοῦ
3499 5325 3866 5398 ἐπιμελούμενοι,

2305 5413 2484 5458 τοῦτον
2532 5409 2839 5480 νομίζουσιν
2895 5409 3025 5465 εἶναι
3072 5414 3282 5482 τέλειον,
3331 5421 3406 5488 μὴ
3464 5415 3780 5487 ἕγκύπτοντες
3811 5408 3870 5466 εἷς

2301 5499 2393 5553 τὴν
2423 5493 2667 5569 καρδίαν,
2721 5504 2812 5552 xui
2865 5503 3078 5576 όρνῶτες
3106 5506 3170 5556 τὰ
3227 5506 3333 5558 ἐκεῖ
3363 5509 3648 5578 συνέχοντα
3678 5505 3756 5559 τὴν
3780 5497 3866 5569 φν-

2301 5589 2408 5656 χὴν
2457 5589 2613 5639 κακοί.
2670 5585 2883 5649 Ἐπειδὴ
2939 5594 3076 5644 κατά
3120 5595 3205 5645 τὸν
3273 5602 3366 5654 τῆς
3416 5599 3600 5656 κακίας
3651 5595 3864 5659 ἐσώτερον

2304 5681 2440 5740 νοῦν,
2465 5675 2594 5749 ῥίζα
2648 5675 2788 5732 ἐστὶν
2828 5677 2876 5734 έν
2929 5687 3037 5746 τοῖς
3067 5682 3277 5755 μέλεσιν
3303 5701 3316 5715 ο
3367 5688 3458 5738 xui
3487 5685 3512 5737 6
3536 5683 3723 5757 λῃστὴς
3749 5677 3790 5732 δν
3811 5679 3860 5745 τῇ
