4076 6210
159 307 249 366 609

1388 310 1728 371 HOMILIE.
1772 340 1839 356 -ι-
1880 312 2056 373 ΗΟΜ.
2096 318 2217 375 XV.

3349 385 3360 393 κ
3397 327 3504 380 610

154 433 277 505 οἰκίᾳ
332 432 466 498 ἐστὶ,
524 436 791 487 τουτέστιν
836 436 867 493 ἡ
922 432 1127 487 ἐναντία
1172 432 1417 509 δύναμις.
1468 437 1734 492 Ἀντιστα-

1850 444 1907 497 et
1935 441 2106 511 latro,
2130 443 2248 499 hoc
2287 447 2395 509 est,
2439 445 2784 502 adversaria
2814 451 3099 519 potestas,
3123 448 3375 505 domum
3407 450 3502 505 in-

153 527 253 581 τικὴ
304 519 393 575 οὖν
437 527 529 576 καὶ
577 525 725 596 νοεροί
754 523 904 577 ἔστι·
938 528 1029 578 καὶ
1082 523 1166 577 ἰὰν
1195 530 1268 598 μή
1318 546 1393 588 τις
1448 529 1508 600 θῇ
1567 527 1741 599 ἀγῶνα

152 614 267 664 κατά
291 620 387 673 τῆς
430 611 716 687 ἁμαρτίας,
762 616 899 668 κατὰ
941 618 1092 688 μέρος
1142 616 1500 688 ὑπεκχεομένη
1554 619 1582 675 ἡ
1637 620 1738 671 ἔσω

152 706 290 754 κακία
344 697 440 754 διὰ
487 705 574 754 τόν
617 702 960 777 πλεονασμόν,
1008 708 1146 778 φέρει
1201 708 1288 758 τὸν
1339 707 1608 783 ἄνθρωπον
1667 706 1740 771 εἰς

152 791 349 863 οανεράς
402 790 683 865 ἁμαρτίας,
740 790 823 845 έπὶ
860 796 918 845 τό
964 794 1382 867 κατεργάζεσθαι
1431 794 1613 857 αὐτάς.
1659 795 1737 850 Τό

147 883 231 953 γὰρ
282 882 446 933 κακόν
508 883 683 952 ὥσπερ
761 890 935 954 πηγῆς
1012 881 1275 956 ὀφθαλμός
1336 883 1447 936 ἔστι
1518 886 1737 943 πάντοτε

150 967 317 1041 βρύων.
355 975 460 1024 Καὶ
501 974 567 1023 σὺ
606 967 693 1023 οὖν
730 975 877 1042 γίνου
917 970 1000 1024 ἐπὶ
1029 974 1088 1023 τό
1128 972 1371 1044 ἐπισχεῖν
1408 976 1473 1026 τὰ
1500 975 1737 1049 ῥεύματα

150 1066 225 1121 τῆς
271 1063 486 1123 κακίας,
544 1060 628 1112 ἵνα
678 1064 750 1131 μὴ
807 1058 879 1121 εἰς
930 1065 1097 1133 μυρία
1161 1065 1299 1113 κακὰ
1345 1061 1613 1134 ἐμπίπτων
1665 1066 1736 1126 ὡς

150 1147 481 1221 θαμϐούμενος
519 1145 598 1221 ᾖς.
642 1147 736 1201 “Ov
774 1152 962 1221 τρόπον
1014 1148 1100 1201 ἐὰν
1228 1169 1308 1211 τις
1348 1151 1555 1222 εὐγενὴς
1614 1151 1733 1224 ἀμέ-

144 1255 302 1310 ριμνος
330 1237 585 1299 πλούσιος
609 1255 623 1268 ⁸
662 1242 753 1291 καὶ
791 1245 973 1291 τοῦτον
1002 1240 1053 1291 οἱ
1085 1236 1324 1291 διάκονοι
1350 1246 1441 1292 τοῦ
1473 1242 1732 1312 ἄρχοντος

146 1332 218 1378 καὶ
260 1329 308 1379 οἱ
366 1326 622 1389 ταξεῶται
672 1326 1002 1402 ἁρπάσωσιν,
1051 1326 1391 1403 ἀποφέροντες
1447 1333 1579 1402 πρός
1635 1330 1733 1383 αὐ-

146 1420 230 1481 τόν,
258 1414 517 1487 λέγοντες,
567 1417 649 1469 ὅτι
686 1421 1030 1491 κατηγορή
1057 1419 1172 1479 θης
1208 1421 1310 1471 επὶ
1345 1418 1726 1491 ἐγκλήματι,

142 1508 230 1556 καὶ
266 1506 526 1575 θανοὶτῳ
566 1505 938 1561 ὑπόκιισαι.
988 1509 1185 1559 Λοιπὸν
1216 1510 1270 1559 ἐκ
1301 1516 1391 1567 τῆς
1430 1511 1607 1580 φήμης
1641 1515 1731 1561 τοῦ

144 1592 276 1663 φόϐου
310 1592 563 1647 ἀπόλεσεν
604 1595 767 1647 αὑτοῦ
796 1597 969 1656 πάσας
1007 1598 1100 1657 τὰς
1131 1594 1458 1669 ἐνθυμήσεις,
1500 1602 1590 1650 καὶ
1630 1600 1730 1650 ὦσ-

140 1700 216 1757 περ
252 1681 489 1756 τεθαμϐη
494 1686 657 1755 μένος
674 1686 837 1737 ἐστίν.

199 1897 328 1951 ΜΘ¹.
359 1895 715 1969 ’Υπολοίμϐανε
762 1893 849 1950 οὖν
902 1900 1066 1961 οὕτως
1114 1903 1205 1953 καὶ
1265 1903 1382 1971 περὶ
1436 1907 1534 1951 τῶν
1581 1918 1729 1953 πνευ-

137 1988 291 2055 μάτων
331 1993 429 2047 τῆς
458 1992 732 2059 πονηρίας.
776 1985 835 2040 Ὀ
875 1990 977 2061 γὰρ
1031 1992 1332 2060 φαινόμενος
1382 1992 1580 2059 κόσμος
1627 1988 1726 2041 ἀπὸ

138 2070 377 2145 βασιλέων
436 2075 530 2136 ἕως
588 2082 837 2147 πτωχῶν,
872 2074 919 2127 έν
973 2075 1175 2148 θορύϐῳ
1221 2076 1347 2140 εἰσὶ,
1392 2081 1480 2129 καὶ
1530 2076 1729 2130 ἀκατα-

140 2167 333 2235 στασία,
377 2169 471 2215 καὶ
509 2165 689 2236 μάχη,
720 2169 812 2217 καὶ
846 2161 1023 2227 οὐδεὶς
1047 2164 1216 2217 αὐτῶν
1242 2163 1355 2219 οἶδε
1375 2170 1468 2224 τὴν
1500 2168 1667 2219 αἰτίαν
1708 2181 1724 2197 ⁸

140 2251 276 2322 ἧγουν
328 2255 637 2323 φαινόμενον
671 2255 730 2304 τό
767 2255 948 2318 κακόν,
1002 2258 1060 2305 τό
1114 2255 1451 2329 παρεισελθόν
1506 2252 1601 2308 διὰ
1638 2264 1727 2317 τῆς

138 2348 390 2411 παρακοῆς
452 2347 543 2393 τοῦ
598 2337 795 2412 ’Δδάμ,
846 2346 905 2393 τό
964 2346 1170 2415 κέντρον
1217 2351 1308 2396 τοῦ
1364 2345 1608 2396 θανάτου.
1665 2343 1726 2399 Ἡ

137 2429 219 2501 γὰρ
246 2428 491 2502 ἁμαρτία
518 2431 549 2487 ἡ
603 2429 957 2501 παρελθοῦσα,
1012 2426 1238 2502 δύναμίς
1274 2451 1350 2491 τις
1377 2428 1511 2485 οὖσα
1551 2434 1729 2504 λογικὴ
1754 2416 1757 2419 Δ

135 2525 212 2567 τοῦ
258 2524 489 2582 Σατανᾶ,
547 2522 639 2570 καὶ
686 2517 863 2582 οὐσία,
919 2521 1177 2591 ἑνίσπειρε
1218 2522 1286 2571 τὰ
1334 2524 1474 2573 κακὰ
1522 2525 1684 2575 πάντα
1711 2539 1724 2552 ο

134 2604 297 2665 ἔπειδύ
358 2606 649 2669 λεληθότως
688 2607 761 2669 εἰς
799 2611 887 2660 τόν
935 2611 1035 2661 ἔσω
1083 2610 1353 2683 ἄνθρωπον
1403 2616 1493 2662 καὶ
1544 2611 1610 2671 εἰς
1644 2614 1729 2663 τόν

134 2702 236 2746 νοῦν
282 2694 468 2769 ένερεί,
524 2700 614 2748 καὶ
663 2697 896 2768 μάχεται
937 2704 1046 2758 τοῖς
1086 2698 1380 2770 λογισμοῖς.
1437 2698 1547 2750 Οὐκ
1576 2702 1732 2753 ἴσασι

136 2779 185 2835 δι
231 2789 278 2837 οἱ
325 2786 614 2857 ἄνθρωποι,
672 2786 752 2838 ὅτι
800 2783 900 2837 ἀπό
951 2785 1223 2858 ἀλλοτρίας
1279 2791 1414 2848 τινός
1466 2784 1733 2861 δυνάμεως

135 2870 452 2947 έλαυνόμενοι
507 2881 677 2927 ταῦτα
728 2876 1072 2949 πράττουσιν,
1127 2874 1258 2929 ἀλλὰ
1307 2877 1586 2950 νομίζουσι
1642 2893 1734 2950 qm"

138 2966 244 3015 σικά
282 2970 459 3017 ταῦτα
512 2958 663 3031 εἶναι,
715 2968 806 3017 καὶ
869 2962 971 3016 ἀπὸ
1029 2961 1167 3025 ἰδίας
1212 2971 1504 3037 φρονήσεως
1566 2975 1734 3019 ταῦτα

136 3060 305 3108 ποιεῖν.
357 3054 424 3105 Oi
474 3048 534 3105 δὲ
588 3056 681 3110 τὴν
739 3053 946 3127 εἰρήνην
998 3061 1089 3106 τοῦ
1138 3062 1372 3129 Χριστοῦ
1428 3058 1639 3127 ἔχοντες
1680 3055 1731 3107 έν

1848 544 2089 600 gressus
2131 537 2237 587 est.
2273 534 2575 594 Contraria
2606 534 2782 605 igitur
2825 541 3089 606 potestas
3130 537 3308 593 etiam
3336 538 3500 594 intel-

1845 618 2115 676 lectualis
2175 627 2282 677 est.
2314 622 2380 677 Et
2431 623 2543 678 nisi
2575 624 2710 695 quis
2752 622 2978 679 bellum
3020 625 3178 682 ineat
3208 626 3502 682 adversus

1845 709 2484 781 peccatum,paulatim
2498 710 2726 767 malitia
2750 711 2909 767 intus
2930 712 3139 779 latens,
3158 713 3352 771 eﬁ'usa
3378 730 3501 786 prae

1846 796 2032 853 nimia
2045 797 2796 867 copiaabducithominem
2821 802 2895 857 ad
2922 802 3502 875 manifestapeccata

1845 886 2295 943 committenda.
2334 887 2548 945 Malitia
2578 888 2738 944 enim
2781 889 2937 945 velut
2971 890 3150 945 fontis
3199 892 3499 962 scaturigo

1842 978 1929 1028 est
1970 974 2359 1047 undiquaque
2390 976 2740 1033 scaturiens.
2765 981 2845 1033 Tu
2861 977 3040 1047 igitur
3066 994 3210 1034 cura
3247 978 3500 1051 diligen-

1842 1066 1947 1127 ter,
1975 1068 2035 1117 ut
2092 1063 2374 1120 cohibeas
2424 1065 2582 1122 rivos
2632 1066 2890 1132 malitiae,
2929 1082 3005 1122 ne
3036 1067 3281 1123 inﬁnitis
3320 1069 3498 1124 malis

1841 1149 2095 1206 obrutus
2121 1154 2579 1209 velutattonitus
2595 1155 2836 1210 evadas.
2870 1154 3418 1221 Quemadmodum,
3445 1157 3499 1211 si

1840 1238 2138 1311 quispiam
2172 1242 2248 1295 sit
2279 1242 2520 1308 nobilis,
2553 1243 2677 1314 qui,
2712 1259 2858 1300 cura
2914 1244 3079 1299 omni
3138 1242 3392 1314 abjecta,
3434 1244 3496 1299 in

1841 1326 2151 1385 afﬂuentia
2181 1346 2378 1387 rerum
2416 1332 2569 1387 vivat
2604 1348 2615 1397 ;
2643 1347 2819 1403 quem
2846 1332 3099 1387 ministri
3133 1333 3418 1404 principis
3434 1338 3491 1389 et

1838 1418 2214 1488 apparitores
2240 1420 2579 1491 abreptum,
2609 1421 2687 1477 ad
2713 1437 2852 1476 eum
2888 1421 3259 1491 protrahant,
3289 1421 3490 1477 dicen-

1838 1510 1925 1561 tes
1956 1528 1968 1560 :
1996 1508 2327 1563 Accusatus
2354 1524 2410 1565 es
2442 1509 2512 1564 ob
2561 1508 2785 1565 crimen
2817 1509 3084 1581 aliquod,
3145 1525 3215 1565 ac
3237 1508 3490 1579 capitali

1838 1596 2134 1665 supplicio
2154 1595 2435 1667 subjaces.
2466 1598 2751 1653 Caeterum
2779 1598 2873 1652 ille
2906 1612 3026 1669 prae
3052 1603 3209 1653 metu
3225 1613 3298 1653 ex
3327 1597 3493 1655 fama

1839 1690 2163 1749 contracto,
2181 1685 2374 1756 perdit
2394 1701 2606 1741 omnes
2630 1686 3017 1756 cogitationes
3048 1701 3208 1751 suas,
3243 1701 3312 1742 ac
3335 1688 3497 1743 velut

1771 1798 1808 1852 Β
1840 1771 2089 1830 attonito
2121 1778 2364 1845 stupore
2404 1779 2601 1846 pavet.

1910 1898 2099 1953 XLIX.
2136 1899 2422 1953 Eamdem
2462 1899 2639 1969 igitur
2660 1900 3015 1954 sententiam
3033 1915 3275 1972 quoque
3295 1900 3488 1955 conci-

1838 1985 1970 2056 pias
1983 1986 2057 2040 de
2070 1986 2376 2057 spiritibus
2390 1986 2918 2043 malitimMundus
2948 1988 3108 2044 enim
3131 1989 3495 2061 conspicuus

1837 2089 1873 2130 a
1904 2074 2141 2144 regibus
2168 2076 2245 2131 ad
2276 2075 2517 2131 inﬁmos
2548 2077 2607 2131 in
2634 2076 2913 2142 tumultu,
2945 2077 3396 2148 perturbatione
3420 2094 3493 2133 ac

1837 2178 2044 2236 pugna
2073 2167 2427 2221 constitutus
2440 2171 2550 2233 est,
2564 2181 2673 2221 nec
2688 2165 2841 2221 ullus
2868 2166 3106 2221 illorum
3122 2181 3373 2221 causam
3389 2182 3490 2222 no-

1837 2253 1921 2307 vit
1954 2269 1965 2306 :
2002 2253 2284 2309 nimirum
2334 2259 2610 2324 apertum
2642 2254 2892 2318 malum,
2938 2254 3103 2326 quod
3135 2254 3321 2309 subiit
3359 2270 3492 2327 pro-

1838 2348 1968 2413 pter
2018 2341 2486 2398 inobedientiam
2514 2342 2676 2407 Adae,
2709 2350 2764 2398 et
2796 2342 3078 2399 stimulus
3137 2348 3225 2399 est
3254 2345 3484 2399 mortis.

1839 2430 2152 2486 Peccatum
2173 2432 2332 2485 enim
2354 2431 2521 2502 quod
2546 2431 2745 2499 subiit,
2768 2446 2907 2487 cum
2937 2432 3010 2486 sit
3038 2432 3304 2502 potentia
3333 2448 3496 2504 quas-

1839 2519 1980 2575 dam
2008 2525 2065 2575 et
2095 2519 2428 2575 substantia
2441 2520 2743 2575 rationalis
2766 2521 3023 2586 Satanas,
3051 2521 3265 2576 inserit
3289 2521 3495 2577 omnia

1842 2608 2027 2665 mala.
2057 2607 2367 2679 Siquidem
2395 2608 2624 2664 occulte
2643 2614 2697 2663 et
2724 2607 2975 2664 latenter
3010 2610 3069 2664 in
3097 2609 3361 2665 interiori
3393 2609 3495 2664 ho-

1844 2698 2001 2753 mine
2031 2713 2101 2752 ac
2132 2704 2329 2753 mente
2359 2702 2660 2767 operatur,
2694 2703 2872 2769 atque
2907 2697 3374 2766 cogitationibus
3403 2712 3499 2753 re-

1842 2792 2090 2857 pugnat.
2109 2789 2597 2842 Nesciunttamen
2622 2786 2916 2847 homines,
2942 2788 3105 2858 quod
3128 2786 3323 2842 aliena
3348 2802 3495 2858 qua-

1840 2874 1987 2931 dam
2018 2875 2071 2930 vi
2103 2876 2344 2947 impulsi
2369 2876 2497 2930 haec
2512 2880 2715 2944 agant,
2737 2875 2842 2930 sed
2865 2876 3217 2946 putanthasc
3242 2891 3370 2930 esse
3390 2891 3497 2931 na-

1842 2964 2075 3031 turalia,
2116 2972 2171 3019 et
2225 2966 2466 3035 propria
2496 2964 2779 3035 quasdam
2835 2964 3020 3018 animi
3064 2963 3493 3019 deliberatione

1842 3069 1906 3107 se
1957 3054 2085 3108 haec
2116 3067 2310 3122 agere.
2345 3052 2455 3117 Qui
2488 3067 2626 3107 vero
2655 3052 2862 3107 Christi
2895 3067 3106 3123 pacem
3156 3052 3381 3108 habent
3430 3053 3489 3107 in

136 3141 259 3213 αὐτῷ
295 3150 374 3213 τῷ
420 3149 512 3212 νῷ,
566 3146 657 3195 καὶ
705 3145 793 3195 τόν
834 3146 1099 3216 φωτισμόν
1149 3144 1327 3211 αὐτοῦ,
1384 3148 1538 3198 ἰσασι
1579 3147 1731 3207 πόθεν

1847 3142 2044 3198 animo
2074 3141 2232 3213 ipso,
2259 3146 2317 3196 et
2348 3140 2425 3196 ab
2453 3156 2521 3197 eo
2574 3148 2713 3195 sunt
2760 3140 3099 3205 illuminati,
3143 3140 3224 3198 illi
3274 3146 3497 3196 norunt

138 3238 287 3283 ταῦτα
325 3237 570 3285 κινεῖται.

192 3336 268 3392 Ν⁴.
319 3338 535 3410 Πάσχει
580 3338 683 3409 γὰρ
724 3337 749 3389 ό
791 3342 988 3410 κόσμος
1034 3340 1200 3402 πάθος
1260 3344 1461 3405 κακίας,
1502 3344 1593 3392 καὶ
1638 3340 1730 3392 οῦκ

134 3421 244 3481 οἵδε.
300 3430 407 3479 Καὶ
467 3428 579 3477 ἔστι
632 3433 735 3498 πῦρ
789 3425 1105 3503 ἀκάθαρτον,
1172 3429 1293 3505 ὅπερ
1360 3430 1575 3482 ἀνάπτει
1639 3433 1731 3488 τὴν

130 3511 369 3585 καρδίαν,
421 3519 513 3566 καὶ
552 3514 688 3566 οὕτω
735 3511 1010 3591 διατρέχει
1056 3516 1148 3569 ὅλα
1194 3519 1260 3570 τὰ
1288 3517 1436 3590 μέλη,
1479 3522 1568 3571 καὶ
1608 3538 1733 3592 προ-

131 3606 361 3671 τρέπεται
406 3606 529 3665 τοὺς
591 3601 894 3677 ἀνθρώπους
957 3604 1027 3667 εἰς
1081 3604 1367 3678 ἀσελγείας,
1424 3611 1515 3659 καί
1569 3610 1735 3679 μυρία

129 3696 271 3744 κακά.
333 3694 401 3744 Οἱ
450 3687 537 3743 οὖν
589 3693 1028 3765 γαργαλιζόμενοι
1081 3699 1171 3747 καὶ
1231 3692 1597 3767 συνηδόμενοι,
1647 3697 1732 3747 ἓν-

132 3775 212 3831 δον
265 3782 315 3835 έν
364 3788 426 3854 τῇ
456 3777 659 3855 καρδίᾳ
688 3780 983 3836 ἐπιτελοῦσι
1012 3790 1109 3843 τὴν
1163 3789 1422 3858 πορνείαν,
1452 3790 1542 3838 καὶ
1573 3785 1733 3845 οὕτως

131 3875 404 3943 νιμομένου
460 3876 552 3923 τοῦ
598 3880 783 3936 κακοῦ,
835 3879 1227 3926 καταπίπτουσι
1274 3879 1364 3927 καὶ
1398 3875 1477 3936 εἰς
1514 3876 1734 3949 φανερὰν

135 3965 382 4033 πορνείαν.
431 3963 503 4013 Τό
567 3960 694 4013 αὐτό
750 3965 853 4014 νόει
897 3967 987 4015 καὶ
1038 3968 1156 4036 περὶ
1219 3970 1316 4025 τῆς
1366 3963 1731 4037 φιλαργυρίας,

134 4046 446 4115 κενοδοξίας,
507 4052 692 4121 τύφου,
748 4050 931 4117 ζήλου,
991 4053 1176 4124 θυμοῦ.
1230 4051 1428 4125 Ὠσπερ
1488 4054 1608 4105 ὅταν
1655 4071 1734 4114 τις

138 4134 294 4209 κληθῇ
355 4138 429 4198 εἰς
484 4138 722 4213 ἄριστον,
776 4144 866 4191 καὶ
926 4142 1190 4213 παρατεθῇ
1260 4140 1397 4210 αὐτῷ
1468 4138 1739 4213 ἐδέσματα

141 4225 317 4295 πολλὰ,
366 4226 548 4279 λοιπόν
606 4228 637 4286 ἡ
711 4227 944 4302 ἁμαρτία
994 4228 1271 4299 ὑποϐάλλει
1334 4233 1537 4283 πάντων
1593 4229 1737 4301 ἀψα-

144 4317 296 4368 σθαι·
333 4320 423 4369 καὶ
462 4316 623 4377 οὕτως
649 4317 678 4374 ἡ
710 4316 865 4388 ψυχὴ
902 4315 1228 4391 συνηδομένη
1262 4317 1562 4393 βαρύνεται.
1600 4318 1735 4394 'Opa

140 4408 237 4475 γὰρ
278 4402 665 4458 δυσϐάστακτα
709 4404 824 4459 ἐστι
878 4409 943 4458 τὰ
977 4409 1144 4473 πάθη,
1175 4409 1243 4460 ὧν
1295 4407 1344 4460 ἐν
1392 4414 1534 4481 μέσῳ
1581 4428 1741 4462 ποτα-

1840 3231 1998 3287 unde
2024 3231 2151 3287 haec
2189 3230 2473 3286 oriantur.

1910 3339 1969 3394 L.
1999 3339 2259 3395 Sustinet
2289 3337 2445 3393 enim
2474 3337 2737 3393 mundus
2774 3336 3117 3393 aﬁectiones
3140 3335 3406 3404 vitiosas,
3438 3341 3495 3391 et

1839 3427 1953 3499 67
1985 3427 2045 3482 id
2060 3427 2249 3483 nescit
2281 3442 2445 3499 :quaa
2461 3426 2709 3499 quidem
2726 3433 2865 3481 sunt
2886 3424 3041 3495 ignis
3068 3426 3358 3497 impurus,
3388 3426 3496 3497 qui

1840 3517 2246 3584 accenditcor,
2274 3521 2329 3571 et
2354 3515 2626 3587 pervadit
2654 3514 2861 3570 omnia
2881 3515 3173 3578 membra,
3204 3519 3382 3585 atque
3410 3514 3495 3570 in-

1841 3606 1979 3661 citat
2007 3606 2279 3661 homines
2293 3604 2371 3660 ad
2392 3603 2663 3658 libidines
2686 3610 2741 3658 et
2769 3603 3001 3659 inﬁnita
3025 3602 3201 3658 mala.
3234 3602 3493 3667 Quicun-

1840 3710 1959 3767 que
1989 3694 2161 3765 igitur
2181 3692 2507 3756 titillantur,
2542 3698 2597 3746 et
2655 3691 2953 3763 voluptate
2985 3690 3353 3758 afﬁciuntur,
3406 3692 3495 3745 in-

1842 3790 1938 3840 tus
1968 3784 2029 3838 in
2056 3782 2234 3838 corde
2272 3780 2722 3836 fornicationem
2755 3779 3158 3843 committunt,
3193 3783 3374 3849 atque
3408 3780 3492 3833 sic

1841 3870 2150 3943 paulatim,
2183 3870 2329 3925 dum
2360 3868 2592 3924 fovetur
2624 3868 2869 3932 malum,
2913 3867 3181 3922 incidunt
3210 3869 3271 3921 in
3302 3866 3494 3922 mani-

1841 3962 2057 4017 festum
2086 3966 2383 4031 stuprum.
2410 3956 2572 4011 Idem
2603 3954 2823 4010 sentias
2853 3970 3095 4027 quoque
3125 3955 3199 4010 de
3225 3954 3495 4017 avaritia,

1844 4067 2002 4107 vana
2035 4048 2241 4119 gloria,
2275 4047 2454 4115 fastu,
2488 4045 2867 4101 aemulatione
2907 4049 2963 4100 et
2992 4046 3097 4100 ira.
3147 4043 3391 4100 Perinde
3424 4059 3492 4098 ac

1845 4141 1894 4196 si
1923 4140 2057 4212 quis
2080 4138 2158 4194 ad
2185 4134 2973 4208 prandiumfueritvocatus,
2993 4133 3086 4189 cui
3108 4139 3493 4205 apponuntur

1845 4230 2011 4285 varia
2022 4228 2295 4283 ciborum
2307 4240 2557 4296 genera;
2591 4229 2715 4279 tum
2729 4238 2863 4279 vero
2877 4227 3191 4294 peccatum
3210 4221 3494 4291 suggerit,

1849 4323 1911 4374 ut
1936 4318 2142 4374 omnia
2161 4316 2434 4385 degustet
2465 4331 2478 4368 :
2513 4314 2596 4369 sic
2620 4327 2863 4384 quoque
2884 4310 3493 4367 animadelectalione

1846 4412 2022 4478 capta
2038 4411 2338 4461 oneratur.
2371 4404 2595 4460 Montes
2619 4402 2778 4457 enim
2806 4399 3140 4456 ditﬁcillimi
3189 4404 3329 4455 sunt
3356 4398 3497 4455 aﬂ'e-

140 4499 223 4558 μοὶ
280 4490 579 4567 δρακόντων
636 4498 727 4547 καὶ
797 4494 1007 4551 ἰοϐόλων
1070 4498 1261 4569 θηρίων
1318 4502 1408 4551 καὶ
1464 4498 1687 4571 ἑρπετῶν
1722 4520 1733 4532 ·

1848 4493 2226 4564 ctionesillae,
2264 4508 2524 4565 quorum
2556 4492 2613 4546 in
2649 4490 2845 4546 medio
2876 4489 3203 4544 decurrunt
3243 4487 3499 4543 ﬂumina

142 4582 308 4658 ὥσπερ
356 4586 441 4636 ἑὰν
472 4580 501 4655 ᾖ
538 4592 719 4651 κῆτος,
772 4591 862 4637 καὶ
890 4590 1120 4659 καταπίῃ
1152 4589 1235 4639 τόν
1275 4588 1543 4662 ἄνθρωπον
1596 4586 1644 4640 έν
1673 4596 1734 4660 τῇ

139 4670 342 4743 κοιλίᾳ·
382 4672 521 4725 οὕτω
551 4677 641 4726 καὶ
696 4674 725 4731 ἡ
779 4673 1011 4747 ἁμαρτία
1050 4681 1322 4729 καταπίνει
1371 4678 1462 4738 τάς
1519 4676 1728 4748 ψυχάς.

142 4758 325 4830 Φλόγες
368 4765 530 4833 πυρός
580 4761 686 4814 εἰσι
734 4768 1143 4829 κατακαίουσαι,
1195 4769 1286 4817 καὶ
1332 4763 1457 4836 βέλη
1504 4784 1742 4838 πεπυρω-

297 4856 389 4901 τοῦ
418 4857 671 4921 πονηροῦ.
706 4855 861 4923 Λέγει
887 4854 989 4926 γὰρ
1031 4855 1057 4904 ό
1092 4852 1427 4916 Ἀπόστολος,
1472 4861 1515 4907 Π
1528 4873 1556 4926 ρ
1573 4857 1631 4913 ὸς
1673 4858 1739 4906 τὸ

144 4931 510 4998 δυνηθῆναι
548 4940 715 5011 ὑμᾶς
754 4943 830 4993 τά
867 4939 1019 5014 βέλη
1061 4948 1171 4994 τοῦ
1211 4950 1496 5015 πονηροῦ
1534 4947 1609 4995 τὰ
1647 4963 1741 4996 πε-

144 5032 483 5098 πυρωμένα
523 5026 782 5084 σϐέσαι.
818 5030 1072 5103 Ἐνεμήθη
1102 5034 1205 5105 ⁴γὰρ
1238 5034 1296 5084 τό
1325 5034 1504 5096 κακόν,
1547 5036 1635 5084 καὶ
1664 5052 1738 5085 τε·

147 5112 446 5181 θῳελίωται
476 5121 595 5191 περὶ
626 5121 722 5176 τὴν
750 5117 959 5190 ψυχήν.

214 5220 339 5274 ΝΑ”
371 5223 440 5274 Οἱ
466 5219 527 5276 δι
557 5227 818 5297 φρόνιμοι,
869 5226 989 5279 ὅταν
1018 5224 1283 5297 έπαναστῇ
1328 5227 1395 5279 τὰ
1430 5227 1595 5292 πάθη,
1637 5226 1743 5298 οὐχ

145 5308 513 5379 ὑπακούουσιν,
585 5311 692 5365 ἀλλ’
757 5313 1058 5387 ὀργίζονται
1128 5322 1245 5377 ταῖς
1325 5323 1508 5375 κακαῖς
1566 5317 1743 5367 ἐπιθυ-

147 5402 309 5463 μίαις,
356 5406 443 5453 καί
489 5399 675 5477 έχθροὶ
708 5402 901 5456 ἑαυτῶν
948 5409 1231 5477 γίγνονται.
1258 5404 1319 5457 Ὀ
1355 5407 1458 5479 γὰρ
1513 5410 1743 5464 Σατανᾶς

144 5485 284 5537 πολὺ
309 5487 434 5542 θελει
484 5489 851 5552 ἕπαναπαῆναι
905 5501 967 5568 τῇ
994 5493 1175 5567 ψυχῇ,
1221 5498 1314 5547 καὶ
1359 5491 1742 5567 ὶφαπλωθῆναι,

220 5683 277 5717 ⁷³
304 5686 512 5760 Ephes.
541 5706 623 5755 τι,
661 5691 743 5746 16.

428 5794 672 5853 ΡΑτιιοι..
710 5796 816 5854 Gn.
856 5798 1104 5857 XXXIV.

1848 4585 2203 4647 draconum,
2218 4596 2653 4637 venenosarum
2668 4578 2927 4635 ferarum
2942 4593 3012 4633 ac
3027 4576 3345 4648 reptilium.
3365 4576 3495 4630 Per-

1849 4674 1987 4728 inde
2008 4687 2149 4727 vero
2175 4686 2246 4727 ac
2278 4672 2325 4725 si
2358 4669 2595 4725 balaana
2622 4668 2932 4724 hominem
2982 4667 3226 4721 devoret
3261 4665 3321 4718 in
3362 4680 3496 4719 ven-

1850 4767 2018 4825 trem,
2053 4760 2140 4816 sic
2152 4775 2391 4831 quoque
2405 4762 2719 4829 peccatum
2744 4754 3292 4812 absorbetanimas.
3315 4752 3502 4807 Flam-

1853 4866 1966 4905 mas
1997 4846 2587 4917 suntignisardentes
2619 4845 2729 4902 illa:
2754 4843 3118 4907 affectiones,
3152 4840 3334 4896 ettela
3360 4839 3500 4894 mali

1851 4939 2060 5009 ignita.
2088 4937 2282 5008 lnquit
2312 4937 2473 4991 enim
2497 4933 2816 5005 Apostolus
2842 4949 2853 4986 :
2891 4933 2961 4988 Ut
2990 4929 3227 4999 possitis
3255 4944 3351 4984 vos
3378 4944 3503 4983 om-

1852 5028 1955 5084 nia
1980 5027 2097 5083 tela
2128 5026 2273 5081 mali
2300 5023 2490 5095 ignita
2522 5022 2904 5091 exstinguere
2935 5021 2983 5055 ⁷⁵
3013 5020 3041 5075 ?
3061 5022 3311 5074 Fovetur
3340 5018 3501 5072 enim

1852 5118 2082 5181 vitium,
2110 5130 2180 5169 ac
2211 5112 2671 5168 fundamentum
2707 5110 2872 5181 ponit
2902 5109 2962 5163 in
2989 5108 3213 5164 amina.

1929 5225 2010 5279 LI.
2036 5221 2359 5276 Prudentes
2391 5223 2591 5274 autem
2620 5215 3062 5286 insurgentibus
3083 5210 3501 5268 affectionibus

1852 5327 1974 5368 non
1988 5310 2418 5379 obtemperant,
2429 5308 2529 5362 sed
2547 5301 3357 5374 iramconcipiuntadversus
3374 5315 3506 5371 pra-

1854 5415 1963 5455 vas
1990 5397 2369 5469 cupiditates,
2392 5401 2569 5467 atque
2590 5394 2791 5449 hostes
2820 5392 2911 5447 sui
2933 5390 3215 5455 evadunt,
3249 5390 3504 5444 Satanas

1859 5490 2021 5547 enim
2054 5485 2228 5543 valde
2271 5484 2435 5556 cupit
2462 5485 2523 5540 in
2573 5483 2782 5540 anima
2808 5479 3200 5552 requiescere,
3228 5494 3299 5536 ac
3322 5477 3502 5534 cuble
