4034 6202
548 303 645 358 611
1852 281 1906 340 s.
1952 276 2141 339 MACA

2303 275 2600 336 EGYPTII
3795 271 3896 329 612

545 445 720 483 suum
738 425 1116 488 constituere,
1133 426 1187 476 et
1201 419 1486 487 afﬂigitur
1507 432 1576 472 ac
1591 417 1916 485 torquetur,
1946 407 2138 482 quanc'

2306 410 2394 457 xui
2439 405 2667 457 θλίϐεται
2693 408 2782 456 καὶ
2829 406 3231 472 στενοχωρετται
3278 400 3350 470 μὴ
3399 396 3769 459 ύπακουούσης
3807 406 3899 458 τῆς

544 533 667 573 non
707 483 1360 583 obtemperat’anima:
1397 508 1526 561 Non
1576 483 1775 559 tamen
1816 501 2050 562 desunt,
2094 514 2130 568 q

2309 495 2493 565 ψυχῆς
2550 494 2674 548 Εἰσὶ
2725 490 2787 544 δέ
2826 511 2959 553 τινες
3016 490 3358 562 κρατούμενοι
3408 488 3508 539 ὑπὸ
3557 489 3690 546 θείας
3747 483 3902 538 δυνά-

545 607 746 662 divina
777 605 986 658 virtute
1010 599 1408 661 continentur,
1437 594 1600 666 quia,
1624 609 1760 646 cum
1796 590 2034 644 videant
2059 602 2131 641 cu

2308 599 2457 651 μεως,
2504 580 2584 630 ὅτι
2631 579 2717 629 ἐὰν
2763 573 2927 629 ἴδωσί
2975 594 3090 627 τινα
3132 577 3263 645 μετά
3306 574 3549 643 γυναικὸς
3588 575 3718 638 νέον,
3763 571 3901 623 οὗτοι

547 661 794 750 muliere
820 691 1281 750 adolescentem,
1311 661 1745 754 licetqumdam
1775 679 2050 748 cogitent,
2076 674 2140 730 ill

2310 669 2353 720 εἰ
2402 672 2490 719 καὶ
2542 663 2932 737 διαλογίζονταί
2983 683 3118 726 τινα,
3174 664 3312 734 ὅμως
3337 665 3396 713 ού
3444 666 3706 732 μιαίνεται
3740 661 3764 710 ό
3795 667 3903 721 νοῦς

548 800 684 839 rum
716 788 916 836 tamen
936 780 1176 833 animus
1200 790 1320 830 non
1339 772 1640 844 polluitur,
1662 783 1858 839 neque
1882 767 2041 821 intus
2069 779 2141 835 pe

2311 760 2497 828 αὐτῶν,
2554 759 2669 808 οὔτε
2733 754 2947 808 ἐπιτελεῖ
3020 747 3165 804 ἔνδον
3221 751 3503 823 ἁμαρτίαν.
3561 748 3698 802 ’Δλλ’
3765 752 3904 801 οὔπω

546 835 1121 928 cat—umwcommittit.
1163 835 1377 919 Verum
1409 835 1678 917 nondum
1707 835 1846 912 huic
1883 861 1972 910 est
2008 853 2139 908 fidei

2312 845 2419 898 ἐστὶ
2452 854 2521 916 τῷ
2562 847 2780 915 τοιούτῳ
2831 846 3120 916 θαρσῆσαι.
3163 840 3285 892 Εἰσὶ
3334 835 3394 891 δε
3421 837 3565 891 ἄλλοι
3597 837 3668 898 εἰς
3719 837 3800 898 οὓς
3831 857 3905 890 τε-

778 961 923 1014 Sunt
982 970 1124 1010 vero
1175 953 1296 1016 alii,
1343 952 1403 1006 in
1452 948 1672 1020 quibus
1720 945 1907 1002 libido
1951 957 2140 1015 prorst

2308 935 2450 997 λείως
2522 939 2803 1000 πέπαυται,
2862 938 2950 985 xui
3019 929 3370 994 κατεσϐέσθη,
3429 933 3520 980 xui
3595 927 3845 999 ἐξηράνθη
3886 943 3897 955 ·

546 1050 838 1106 exstincta
869 1051 1048 1116 atque
1075 1042 1334 1098 arefacta
1363 1044 1560 1094 cessat
1588 1060 1601 1090 :
1644 1050 1850 1091 verum
1874 1034 1932 1088 hi
1974 1031 2139 1102 gradi

2313 1023 2438 1076 ἀλλὰ
2483 1027 2549 1076 τὰ
2600 1027 2764 1098 μέτρα
2810 1031 2908 1076 τῶν
2947 1021 3181 1094 μεγάλων
3227 1019 3377 1072 εἰσίν.
3410 1017 3608 1092 Ὠσπερ
3645 1013 3702 1069 δε
3747 1019 3792 1068 οἱ
3819 1018 3906 1088 ἔμ-

548 1144 688 1193 sunt
702 1128 1625 1196 summorumﬂuemadmodum
1638 1132 1828 1181 autem
1841 1126 2141 1178 mercator:

2318 1133 2462 1186 ποροι
2516 1119 2705 1185 γυμνοὶ
2750 1116 3104 1182 κατέρχονται
3156 1109 3224 1170 εἰς
3272 1107 3436 1180 βυθόν
3493 1105 3787 1171 Θαλάσσης,
3839 1105 3911 1165 εἰς

547 1227 695 1282 nudi
741 1227 800 1279 in
841 1221 1210 1294 profundum
1248 1218 1450 1282 maris,
1496 1232 1564 1270 ac
1605 1223 1859 1269 mortem
1891 1226 2064 1282 aquae
2103 1209 2140 1263 d

2317 1205 2527 1255 θάνατον
2583 1209 2674 1254 τοῦ
2707 1198 2920 1264 ὕδατος,
2970 1202 3053 1251 ἵνα
3083 1199 3188 1252 ἐκεῖ
3235 1199 3426 1269 εὕρωσι
3483 1200 3808 1269 μαργαρίτας
3841 1193 3910 1255 εἰς

548 1314 863 1378 scendunt,
891 1317 951 1364 ut
968 1309 1084 1363 illic
1109 1308 1408 1376 accipiant
1430 1304 1787 1372 margaritas
1810 1301 1886 1356 ad
1913 1314 2136 1356 corona

2323 1295 2557 1363 στέφανον
2610 1298 2887 1352 ποιοῦντας
2933 1287 3230 1361 βασιλικόν,
3273 1290 3364 1338 καὶ
3415 1288 3697 1357 πορφύραν,
3750 1283 3916 1344 οὕτως

547 1403 776 1472 regiam
807 1408 863 1455 et
896 1413 1226 1470 purpuram
1258 1396 1652 1457 commodas;
1690 1392 1774 1446 sic
1803 1405 2063 1462 quoque,
2098 1405 2136 1459 q

2322 1385 2400 1432 ιιαὶ
2453 1382 2501 1432 οἱ
2557 1380 2881 1452 μονάζοντες,
2934 1383 3124 1449 γυμνοὶ
3179 1375 3483 1450 ἐξέρχονται
3539 1381 3631 1426 τοῦ
3687 1378 3915 1444 κόσμου,

548 1491 872 1547 solitariam
904 1489 1084 1542 vitam
1121 1491 1328 1554 agunt,
1358 1483 1502 1538 nudi
1535 1487 1752 1537 exeunt
1784 1481 2033 1542 mundo,
2059 1485 2114 1532 et

2325 1475 2401 1521 tui
2438 1474 2788 1544 κατέρχονται
2839 1468 2909 1530 εἰς
2953 1465 3114 1539 βυθὸν
3150 1465 3421 1526 θαλάσσης
3458 1471 3553 1526 τῆς
3583 1467 3791 1527 κακίας,
3825 1467 3918 1514 xui

547 1578 915 1651 profundum
983 1548 1190 1630 maris.
1225 1548 1483 1640 malitiae,
1545 1576 1723 1640 atque
1775 1569 1837 1623 in
1903 1567 2135 1638 abyssu

2323 1558 2382 1618 εἰς
2439 1563 2530 1617 τήν
2583 1557 2818 1610 ἄϐυσσον
2861 1564 2953 1608 τοῦ
2987 1560 3224 1620 σκότους,
3283 1557 3373 1606 xui
3428 1551 3528 1604 ἀπὸ
3573 1560 3671 1603 τῶν
3713 1548 3916 1624 βαθίων

547 1641 931 1724 tenebrarum
1005 1661 1448 1718 descendunt:
1527 1674 1558 1714 e
1624 1673 1747 1729 qua
1813 1661 2058 1712 sumunt
2132 1673 2140 1709 ε

2328 1645 2635 1718 ιαμϐάνουσι
2683 1651 2772 1698 xui
2827 1645 3142 1717 ἀναφέρουσι
3199 1647 3408 1714 τιμίους
3463 1641 3641 1700 λίθους
3703 1659 3921 1712 προχω-

545 1759 855 1826 reportant
904 1750 1196 1821 pretiosos
1249 1747 1502 1820 lapides,
1554 1728 1727 1817 aptos
1783 1744 1862 1800 ad
1913 1759 2136 1800 corona

2324 1743 2526 1797 νούντας
2579 1735 2646 1796 εἰς
2706 1739 2948 1807 στέφανον
2979 1741 3074 1786 τοῦ
3113 1738 3368 1804 Χριστοῦ,
3423 1729 3496 1791 εἰς
3548 1734 3640 1787 τὴν
3698 1728 3917 1785 Ἐκκλη-

549 1816 776 1906 Christi,
847 1816 925 1896 ad
988 1816 1330 1894 Ecclesiam_
1381 1816 1698 1897 caelestem,
1764 1834 1841 1889 ad
1915 1831 2135 1888 saeculu

2324 1830 2429 1877 τίαν
2487 1829 2579 1882 τὴν
2633 1826 2955 1895 ἐπουράνιον,
3021 1822 3093 1883 εἰς
3149 1821 3311 1873 αἰῶνα
3365 1822 3560 1888 καινόν,
3623 1821 3712 1870 xui
3766 1816 3917 1869 πόλιν

547 1949 794 1996 novum,
828 1931 904 1986 ad
937 1929 1231 1984 civitatem
1263 1925 1643 1998 splendidam
1683 1928 1738 1979 et
1768 1922 2060 1996 populum
2101 1937 2136 1976 a

1626 1941 1643 1978 ι
1683 1928 1738 1979 et
1768 1922 2060 1996 populum
2101 1937 2203 1976 an-
2311 1918 2576 1987 φωτεινὴν,
2606 1917 2697 1966 καὶ
2724 1909 2893 1984 δῆμον
2929 1911 3219 1983 ἀγγελικόν.

549 2022 826 2092 gelicum.

620 2147 727 2201 LII.
768 2143 1013 2200 Perinde
1042 2159 1184 2198 vero
1225 2157 1295 2196 ac
1333 2141 1390 2195 in
1425 2155 1713 2211 sagenam
1757 2137 1945 2193 multa
1983 2153 2206 2208 genera

2380 2146 2500 2203 NB'.
2550 2144 2750 2218 Ὠσπερ
2787 2143 2836 2197 ἓν
2868 2152 2928 2216 τῇ
2985 2147 3189 2215 σαγήνῃ
3243 2141 3408 2195 πολλὰ
3445 2138 3560 2198 εἴδη
3595 2140 3797 2212 ἰχθύων
3827 2139 3919 2211 ίμ-

547 2236 801 2306 piscium
834 2233 1124 2299 incidunt,
1155 2237 1210 2286 et
1242 2231 1441 2285 minus
1483 2228 1653 2284 utiles
1683 2228 1883 2283 denuo
1917 2228 2114 2282 statim

2327 2240 2508 2301 πίπτει,
2562 2240 2652 2286 xui
2707 2236 2775 2286 τὰ
2817 2232 3191 2307 ἀχρηστότερα
3215 2231 3370 2284 πάλιν
3396 2231 3579 2291 εὐθέως
3620 2229 3692 2289 εἰς
3724 2227 3920 2281 θάλασ-

548 2341 713 2379 mare
740 2324 1159 2394 projiciuntur:
1184 2321 1266 2374 sic
1281 2334 1524 2390 quoque
1547 2333 1775 2388 sagena
1795 2317 2004 2386 gratia:
2023 2334 2136 2387 sup

2325 2344 2406 2376 ταν
2449 2325 2726 2397 ῥίπτουσιν
2762 2339 2774 2352 ⁸
2808 2322 2971 2383 οὕτως
2998 2327 3087 2373 καὶ
3135 2323 3165 2378 ἡ
3203 2324 3404 2391 σαγήνη
3437 2327 3532 2379 τῆς
3561 2319 3789 2391 χάριτος
3827 2319 3918 2387 εφ-

548 2429 760 2468 omnes
785 2426 1053 2483 expansa
1079 2414 1188 2475 est,
1213 2425 1281 2463 ac
1302 2407 1514 2479 quaerit
1535 2407 1824 2478 requiem.
1845 2408 2058 2461 Verum
2081 2421 2141 2460 nt

2325 2412 2563 2465 επλοῠται
2612 2410 2695 2464 ἰπὶ
2748 2413 2962 2475 πάντας,
3016 2415 3104 2463 xui
3137 2411 3284 2470 ζητεί
3325 2408 3641 2462 ἀνάπαυσιν.
3677 2405 3820 2459 Ἀλλ’
3866 2409 3918 2458 οἱ

548 2498 1259 2571 obtemperanthomines
1287 2504 1599 2567 propterea
1623 2496 1822 2550 denuo
1841 2496 1899 2550 in
1926 2495 2138 2550 eamde

2324 2504 2573 2576 ἶνθρωποι
2611 2501 2716 2573 οὐχ
2747 2501 3075 2553 ὑπακούουσι
3107 2518 3120 2531 ⁸
3157 2495 3250 2550 διὰ
3278 2505 3430 2550 τοῦτο
3460 2497 3615 2549 πάλιν
3648 2496 3722 2557 εἰς
3757 2495 3917 2547 αὑτὸν

547 2589 1018 2659 profunditatem
1084 2587 1465 2640 tenebrarum
1529 2585 1946 2654 conjiciuntur.
2018 2583 2140 2638 Veli

2324 2594 2395 2642 τόν
2458 2589 2678 2662 βόθυνον
2735 2596 2828 2641 τοῦ
2878 2593 3094 2648 σκότους
3164 2585 3633 2661 καταρῥίπτονται.
3713 2583 3917 2654 Ὠσπερ

549 2679 708 2732 enim
747 2694 959 2732 aurum
1004 2693 1039 2732 a
1082 2675 1328 2746 copiosa
1368 2689 1550 2729 arena
1587 2673 1843 2729 dilutum
1883 2674 2142 2728 invenitu

2328 2681 2409 2750 γὰρ
2456 2681 2480 2730 ό
2531 2681 2739 2749 χρυσός
2788 2675 2888 2728 ἀπὸ
2928 2675 3121 2736 πολλῆς
3173 2676 3351 2747 ἅμμου
3404 2673 3721 2745 πλυνόμενος
3779 2673 3921 2743 εύρί-

551 2771 810 2837 suntque
860 2781 1051 2834 grana
1099 2765 1316 2833 exigua
1359 2764 1544 2818 instar
1585 2762 1730 2817 milii
1775 2779 1786 2817 :
1830 2762 1913 2817 sic
1960 2779 2144 2835 quoqi

2321 2787 2509 2833 τκεται,
2572 2772 2664 2819 καί
2712 2774 2882 2819 ταῦτα
2940 2764 3202 2836 ἐλάχιστα
3246 2767 3312 2824 ὡς
3367 2758 3689 2837 κεγχρίδεςο
3749 2761 3914 2822 οὖτῶς

550 2871 621 2909 ex
675 2853 876 2908 multis
945 2852 1122 2924 pauci
1173 2851 1610 2923 probabuntur.
1663 2851 1772 2918 Qui
1822 2853 1981 2906 enim
2033 2866 2143 2920 reg

2327 2862 2398 2910 tui
2455 2857 2554 2910 ἀπὸ
2617 2855 2815 2909 πολλῶν
2869 2855 3035 2925 ὀλίγοι
3085 2855 3188 2907 εἰσὶ
3246 2851 3482 2925 δόκιμοι.
3545 2856 3642 2904 Kui
3707 2853 3809 2923 γὰρ
3869 2853 3920 2902 οἱ

547 2960 704 3014 opus
740 2942 986 3005 habent,
1029 2941 1332 2998 manifesti
1377 2947 1533 3004 sunt,
1565 2947 1620 2995 et
1658 2942 1760 3011 qui
1794 2940 2045 2995 verbum
2071 2939 2140 3011 ej:

2328 2949 2512 3018 ῗχοντες
2560 2949 2618 2998 τὸ
2653 2949 2800 3017 ἔργον
2841 2952 2931 3004 τῆς
2971 2942 3265 3016 βασιλείας,
3315 2946 3523 3016 φανεροί
3557 2940 3683 3004 εἰσι,
3729 2946 3823 2992 xui
3870 2943 3921 2992 οἱ

546 3036 857 3095 exornant,
883 3031 1190 3101 conspicui
1213 3035 1367 3084 sunt.
1394 3031 1616 3084 Eadem
1640 3030 1869 3084 ratione
1903 3028 2139 3084 manifes

2328 3043 2622 3107 ιοσμοῦντες
2678 3038 2766 3088 τόν
2817 3033 2966 3105 λόγον
3020 3033 3180 3093 αὐτῆς
3229 3037 3508 3103 φαίνονται.
3574 3030 3804 3101 Ὁμοίως
3859 3026 3921 3081 δε

545 3126 702 3186 sunt,
753 3122 858 3193 qui
923 3120 1047 3176 sale
1104 3120 1324 3174 cmlesti
1382 3124 1516 3174 sunt
1571 3118 1815 3183 conditi,
1864 3124 1920 3174 et
1976 3119 2080 3189 qui
2125 3135 2138 3173 ι

2325 3129 2398 3178 ιαὶ
2427 3128 2476 3177 οἱ
2521 3125 2800 3199 ἠρτυμένοι
2850 3131 2921 3193 τῷ
2977 3123 3130 3176 οἷλατι
3186 3129 3258 3191 τῷ
3290 3122 3578 3192 ἐπουρανίῳ
3620 3123 3918 3190 φαίνονται,

545 3211 843 3266 thesauris
896 3209 1146 3279 Spiritus
1183 3208 1532 3279 loquuntur.
1578 3211 1884 3278 Apparent
1929 3224 2095 3272 vasa,
2136 3224 2138 3262 ;

2312 3219 2398 3265 xui
2441 3214 2490 3266 οἰ
2545 3213 2598 3265 ἐκ
2651 3222 2749 3264 τῶν
2799 3215 3075 3285 θησαυρῶν
3118 3218 3210 3263 τοῦ
3269 3213 3567 3280 Πνεύματος
3609 3207 3905 3266 λαλοῦντες.

543 3299 769 3370 quibus
796 3297 1223 3367 complacitum
1251 3302 1340 3352 est
1363 3299 1499 3362 Deo,
1525 3296 1867 3368 quibusque
1891 3313 2062 3352 suam
2088 3296 2136 3352 la

2325 3308 2549 3357 βαίνεται
2591 3306 2654 3355 τὰ
2699 3304 2858 3359 σκεύη
2899 3300 2948 3353 ἕν
2989 3302 3066 3362 οἶς
3096 3302 3121 3352 ὁ
3150 3303 3279 3368 Θεὸς
3318 3295 3541 3360 εὐδοκεῖ,
3587 3301 3680 3350 καὶ
3712 3292 3918 3348 δίδωσι

545 3387 701 3456 gitur
745 3389 1020 3453 gratiam.
1049 3385 1196 3440 Sunt
1235 3401 1476 3456 quoque
1521 3384 1641 3452 alii,
1674 3385 1777 3456 qui
1827 3385 2014 3440 multa
2057 3401 2138 3439 cu

2327 3396 2401 3449 τὴν
2433 3392 2617 3444 ἑαυτοῦ
2655 3394 2816 3464 χάριν
2851 3408 2863 3420 ·
2905 3395 2994 3442 xui
3042 3388 3186 3441 ἄλλοι
3229 3390 3361 3461 μετὰ
3411 3385 3599 3445 πολλῆς
3646 3386 3920 3455 ὑπομονῆς

543 3475 827 3545 patientia
911 3474 1211 3545 accipiunt
1291 3475 1567 3528 virtutem
1661 3473 2136 3529 sanctificatricec

2327 3479 2561 3553 Γέχονται
2617 3486 2711 3539 τὴν
2760 3479 3076 3551 ἁγιαστικὴν
3123 3475 3364 3548 δύναμιν,
3419 3476 3586 3535 καθὼς
3635 3475 3662 3525 ὀ
3716 3473 3920 3545 Κύριος

542 3570 719 3634 prout
774 3564 1058 3618 Dominus
1093 3564 1213 3618 vult
1252 3563 1481 3618 ratione
1514 3561 1844 3632 multiplici.
1897 3564 2006 3628 Qui
2056 3580 2135 3633 erg

2325 3571 2440 3624 Ξελει
2489 3570 2843 3643 πολυτρόπως.
2870 3568 2927 3620 Ὀ
2967 3564 3056 3619 οὖν
3106 3566 3292 3632 λαλῶν,
3343 3565 3388 3617 εἰ
3427 3568 3497 3636 μὴ
3543 3560 3572 3634 ᾖ
3615 3559 3918 3634 ὁδηγούμεο

538 3653 823 3724 loquitur,
873 3653 984 3706 nisi
1030 3652 1319 3718 dirigatur
1362 3669 1397 3707 a
1447 3651 1668 3706 caelesti
1716 3652 1938 3706 lumine
1979 3669 2047 3707 ac
2103 3670 2128 3708 s

2326 3680 2391 3720 »ος
2439 3659 2538 3711 ὐπὸ
2575 3662 2738 3730 φωτός
2767 3658 3009 3728 οὐρανίου
3040 3661 3129 3708 xui
3183 3658 3390 3726 σοφίας,
3431 3652 3490 3704 ού
3527 3648 3755 3704 δύναται
3786 3650 3919 3708 πληο

542 3742 780 3812 pientia,
801 3742 1273 3812 uniuscujusque
1288 3741 1622 3795 mentemin
1645 3740 1951 3811 plenaﬁde
1981 3757 2135 3797 cons

2322 3755 2538 3820 θοφορείν
2594 3751 2680 3798 τὸν
2729 3746 2949 3798 ἑκάστου
3003 3752 3141 3811 νοῦν,
3199 3739 3376 3800 ἐπειδὴ
3433 3740 3621 3793 πολλαί
3676 3740 3812 3792 εἰσιν
3864 3743 3915 3791 ui

540 3837 703 3885 tuere
761 3833 1022 3902 nequit;
1075 3832 1217 3902 quia
1278 3831 1442 3885 varia
1495 3839 1630 3884 sunt
1684 3830 2003 3886 hominum
2061 3833 2133 3885 vil

2312 3842 2658 3912 προαιρέσεις,
2717 3838 2773 3888 αἰ
2809 3839 2899 3907 μὲν
2951 3833 2999 3886 ἐν
3037 3833 3261 3905 πολέμῳ,
3313 3831 3463 3883 α’λλαι
3492 3828 3541 3882 ἐν
3582 3829 3905 3882 ἀναπαύσει.

536 3920 834 3984 instituta;
855 3922 1098 3991 quidam
1116 3921 1274 3975 enim
1298 3919 1476 3985 bello,
1501 3919 1600 3975 alii
1617 3936 1753 3975 vero
1776 3927 1978 3991 quieta
1997 3921 2192 3990 magis

538 4008 907 4063 delectantur
932 4010 1069 4063 vita.

615 4133 742 4186 LIII.
789 4133 1030 4187 Perinde
1057 4149 1126 4188 ac
1166 4134 1268 4205 qui
1300 4134 1597 4189 civitatem
1640 4134 1766 4189 solo
1815 4140 2190 4206 exaequatam

2373 4137 2495 4193 NI".
2547 4137 2746 4210 Ὠσπερ
2787 4139 2907 4189 ὅταν
3015 4136 3330 4207 ἠρημωμίνη
3380 4131 3549 4194 πόλις,
3581 4136 3672 4184 καὶ
3709 4130 3906 4201 θελήσῃ

538 4220 770 4274 {edibus
804 4221 1041 4276 reficere
1070 4223 1229 4290 velit,
1263 4225 1548 4277 continuo
1580 4223 1814 4277 ruinam
1850 4239 1918 4277 ac
1948 4224 2122 4294 lapsu

2315 4246 2376 4287 rt;
2418 4230 2610 4285 ταύτην
2656 4231 2953 4292 ἀνακτίσαι,
3000 4224 3186 4284 εὐθέως
3229 4226 3296 4274 τὰ
3336 4219 3772 4295 καταῤῥεύσαντα
3823 4224 3908 4270 xui

537 4309 829 4363 minantia
860 4311 1106 4365 omnino
1133 4310 1331 4380 dejicit
1355 4328 1424 4366 ac
1451 4311 1716 4376 destruit,
1754 4313 1957 4383 sicque
1986 4312 2130 4382 inci;

2318 4320 2524 4369 πεσόντα
2575 4316 2782 4378 τελείως
2830 4311 3160 4378 καταϐάλλει,
3193 4317 3281 4364 xui
3321 4311 3483 4370 οὕτως
3521 4312 3751 4384 ἄρχεται
3785 4315 3911 4361 σκά-

534 4397 755 4464 fodere,
797 4403 853 4452 et
893 4401 949 4453 in
991 4399 1121 4454 loco
1147 4399 1389 4454 defosso
1431 4399 1823 4454 fundamenta
1867 4401 2085 4470 jacere,
2119 4418 2127 4455 ε

2316 4424 2462 4471 ττειν,
2513 4411 2602 4457 καὶ
2652 4404 2699 4456 ἐν
2752 4413 2824 4475 τῷ
2857 4406 3131 4475 σκάμματι
3185 4405 3305 4462 τούς
3361 4399 3623 4471 θεμελίους
3679 4399 3909 4460 τιθέναι,

534 4486 655 4556 68
685 4487 1005 4542 {editicium
1028 4496 1430 4559 superstruere
1457 4504 1468 4539 :
1506 4503 1610 4542 nec
1635 4490 1780 4543 dum
1801 4505 1937 4542 vero
1971 4495 2058 4543 est
2087 4491 2124 4543 d

2316 4500 2386 4546 ιαὶ
2438 4493 2821 4567 προϐάλλεσθαι
2868 4498 2961 4550 τὴν
3019 4487 3326 4562 οἰκοδομὴν,
3381 4485 3589 4541 οὐδέπω
3643 4483 3706 4539 δέ
3767 4487 3909 4538 ἐστιν

534 4592 686 4629 mus.
723 4577 950 4641 Itidem,
980 4578 1081 4648 qui
1110 4578 1346 4632 hortum
1369 4583 1821 4632 constructnrus
1843 4578 2006 4633 estin
2040 4578 2127 4633 loc

2318 4583 2452 4636 ἁλιέα.
2511 4587 2610 4635 Καὶ
2654 4586 2679 4635 ό
2726 4583 2877 4635 θέλων
2929 4577 3251 4655 παράδεισον
3317 4585 3538 4636 ποιῆσαι
3589 4576 3664 4638 εἰς
3713 4581 3911 4633 τόπους

530 4664 778 4719 desertis
831 4681 899 4720 ac
941 4666 1347 4734 graveolentia
1397 4666 1613 4729 fetidis,
1659 4666 1920 4736 primum
1979 4668 2123 4739 inci;

2311 4671 2516 4744 ἐρήμους
2553 4677 2637 4723 xui
2688 4669 2966 4734 δυσώδεις,
3019 4678 3222 4745 πρῶτον
3283 4669 3508 4741 ἄρχεται
3574 4666 3904 4740 καθαρίζειν,

529 4770 806 4824 purgare,
840 4772 908 4809 ac
941 4756 1335 4824 sepimentum
1365 4757 1835 4826 circumponere,
1864 4764 1916 4810 et
1948 4773 2122 4829 praep.

2309 4767 2381 4813 cui
2449 4765 2683 4832 φραγμὸν
2749 4763 3086 4833 περιτιθέναι,
3154 4763 3243 4810 καὶ
3300 4757 3590 4828 ἑτοιμάζειν
3659 4753 3902 4826 ὀχετούς,

529 4859 659 4896 rare
687 4845 1100 4914 aquaaductus,
1121 4851 1174 4897 et
1207 4845 1288 4898 sic
1320 4846 1562 4897 tandem
1593 4844 1841 4915 plantat,
1875 4853 1929 4900 et
1962 4847 2122 4917 plant

2313 4856 2380 4901 :ui
2437 4851 2600 4911 οὕτως
2644 4853 2866 4921 φυτεύει,
2908 4852 2996 4900 xui
3040 4847 3284 4910 αὔξονται
3319 4848 3386 4897 τὰ
3434 4847 3588 4916 φυτὰ,
3625 4846 3709 4894 ἶνα
3741 4844 3906 4900 οὕτως

525 4931 960 4987 incrementum
978 4938 1243 4995 sumunt,
1277 4938 1337 4985 ut
1356 4932 1466 4986 hoc
1485 4935 1665 4987 modo
1686 4934 1866 5002 longo
1886 4942 2020 5006 post
2037 4944 2118 4992 ter

2297 4941 2419 4990 ιεετάι
2461 4938 2620 4991 πολύν
2681 4945 2871 5010 χρόνον
2914 4940 3090 5009 ἱνὲγκη
3145 4938 3378 5009 καρποὺς
3421 4935 3447 4985 ό
3500 4929 3831 5006 παράδεισος
3877 4943 3890 4953 ⁸

527 5036 669 5090 pore
688 5021 891 5075 hortus
913 5021 1171 5090 proferat
1187 5021 1440 5074 fructus:
1466 5021 1549 5074 sic
1564 5037 1804 5093 quoque
1821 5025 2120 5080 intentioni

2310 5029 2452 5088 ιῦτως
2498 5034 2588 5080 καὶ
2635 5031 2688 5079 αἱ
2741 5031 3070 5102 προαιρέσεις
3120 5033 3218 5076 τῶν
3269 5023 3572 5097 ἀνθρώπων,
3623 5025 3755 5092 μετὰ
3809 5022 3903 5074 τὴν

525 5109 837 5163 hominum
857 5117 991 5179 post
1008 5109 1545 5177 transgressionem
1561 5113 1826 5179 desertae,
1847 5116 2118 5170 devastat

2307 5116 2586 5189 παράϐασιν
2642 5121 3032 5190 κεχερσωμέναι
3078 5115 3203 5184 εἰσὶ,
3256 5118 3346 5166 xui
3396 5113 3763 5186 ἡρημωμίναι,
3811 5111 3900 5159 καὶ

523 5204 701 5268 atque
755 5199 1015 5267 spinosas
1062 5205 1215 5252 sunt.
1281 5199 1430 5254 Dixit
1465 5201 1623 5254 enim
1677 5201 1906 5258 homini
1960 5207 2111 5258 Deus

2304 5203 2627 5266 ικανθώδεις.
2665 5204 2796 5261 Elin
2819 5209 2920 5280 γὰρ
2948 5207 2974 5257 ό
3007 5209 3136 5267 Θεὸς
3166 5212 3236 5275 τῷ
3277 5201 3553 5276 ἀνθρώπῳ,
3583 5200 3897 5255 Ἀκείνθας

522 5289 744 5354 Spinas
766 5302 836 5342 ac
851 5288 1100 5342 tribulos
1123 5287 1229 5341 tibi
1251 5295 1410 5344 terra
1423 5291 1785 5357 producet”.
1816 5295 1979 5364 Opus
1997 5293 2115 5363 igitr

2302 5301 2397 5348 cui
2433 5295 2784 5369 τριϐόλους
2823 5293 3125 5347 ἁνατελεί
3185 5311 3286 5344 σοι
3334 5293 3363 5348 ἠ
3427 5299 3524 5362 γῆ.
3577 5293 3748 5364 Χρεία
3809 5281 3895 5337 οὖν

522 5382 608 5429 est
645 5376 849 5429 labore
880 5391 950 5430 ac
981 5376 1196 5430 sudore
1241 5378 1447 5444 multo,
1483 5385 1543 5434 ut
1584 5382 1722 5451 quis
1754 5383 2069 5454 conquirat
2101 5400 2115 5438 ε

2300 5386 2522 5457 ιαμάτου
2557 5389 2646 5436 xui
2676 5390 2839 5436 κόπου
2892 5382 3102 5447 πολλοῦ,
3138 5383 3219 5434 ἵνα
3269 5399 3348 5441 τις
3394 5382 3603 5450 ζητήσῃ
3645 5384 3733 5430 xui
3763 5375 3893 5427 ἀπο·-

515 5463 698 5534 jaciat
725 5463 1208 5535 fundamentum,
1242 5466 1434 5523 donec
1459 5469 1654 5525 veniat
1685 5470 1744 5530 in
1774 5472 1959 5528 corda
1983 5473 2108 5528 hor:

2300 5476 2442 5546 Ξῇται
2470 5477 2576 5543 τόν,
2611 5472 2859 5545 θεμέλιον,
2891 5473 2984 5533 ἓως
3015 5473 3097 5524 ὅτε
3129 5469 3248 5542 ἔλθη
3299 5468 3373 5530 εἰς
3404 5469 3500 5528 τὰς
3536 5463 3759 5540 καρδίας
3791 5469 3893 5514 τῶν

597 5675 643 5713 ⁷⁶
672 5679 812 5734 Gen.
840 5695 919 5747 III,
967 5679 1049 5738 18.
