4076 6210
177 300 268 358 613

1417 301 1758 364 HOMlLIE.
1798 338 1867 351 —-
1912 309 2085 367 HOM.
2128 309 2265 369 XVI.

3412 317 3517 375 6M

175 426 443 501 ἆνθρὼπων
528 433 653 499 πῦρ,
726 431 816 481 καὶ
894 426 1122 502 ἄρξηται
1206 430 1593 502 περικαθαίρειν
1664 434 1758 494 τὰς

1886 449 2017 491 sum
2058 436 2233 507 ignis,
2265 438 2367 511 qui
2406 439 2725 496 comburat
2747 456 2819 497 ac
2856 441 3146 513 depurgat
3178 442 3423 515 spinas;
3465 449 3522 501 et

174 514 388 578 ἀκάνθας
416 532 428 545 ·
461 519 553 569 καὶ
577 516 741 579 οὕτως
768 518 1032 591 ἄρχονται
1079 516 1415 588 ἁγιάξεσθαι,
1450 515 1761 584 δοξάζοντες

174 609 384 677 Πατέρα,
428 610 519 658 καὶ
566 609 707 673 Υῖόν,
752 612 841 660 καὶ
873 608 1022 679 ἅγιον
1072 614 1300 680 Πνεῦμα,
1360 607 1436 670 εἰς
1485 613 1605 673 τοὺς
1637 610 1759 663 αἰῶ-

172 714 261 756 νας.
293 695 490 767 Ἀμήν.

765 791 1008 840 omum
1049 792 1148 852 Ις·¹.

169 877 312 935 Τοὺς
360 878 846 946 πνευμαιτικοὺς
922 874 1298 948 ἀνθρώπους
1365 876 1761 931 ὑποκεῖσθαι

224 972 357 1025 τοίς
406 972 810 1037 πειρασμοῖς
847 969 958 1017 καὶ
998 964 1293 1038 θλίψεσι,
1334 974 1481 1030 ταῖς
1510 966 1574 1021 ἐκ
1604 972 1763 1041 πρώ-

224 1071 335 1114 της
366 1053 704 1125 ἁμαρτιας
743 1052 1133 1127 βρυούσανις.
1476 1096 1479 1099 -

226 1143 301 1197 A’.
345 1148 530 1195 Πᾶσαι
558 1145 617 1195 αἱ
647 1148 815 1216 νοεραὶ
844 1142 1045 1211 οὐσίαι,
1093 1144 1224 1215 λέγω
1264 1141 1334 1203 δὴ
1392 1144 1641 1217 ἀγγέλων,
1673 1165 1762 1216 καὶ

168 1230 364 1302 ψυχῶν,
393 1236 488 1284 καὶ
530 1229 814 1304 δαιμόνων,
864 1231 1100 1305 ἀκέραιοι
1142 1238 1232 1287 καὶ
1270 1233 1623 1287 ἁπλούστατοι
1660 1237 1762 1288 ὑπό

169 1328 242 1373 τοῦ
268 1327 612 1395 Δημιουργοῦ
666 1320 988 1380 ἐκτίσθησαν
1021 1340 1035 1355 ι
1095 1324 1154 1375 τό
1215 1318 1274 1375 δι
1300 1340 1443 1384 τινας
1488 1322 1544 1387 ἐξ
1592 1324 1762 1377 αὐτῶν

170 1418 415 1483 τραπῆναι
454 1409 523 1471 εἰς
564 1414 621 1463 τὸ
674 1414 855 1476 κακὸν,
904 1414 959 1463 εκ
993 1418 1087 1464 τοῦ
1144 1412 1484 1475 αὐτεξουσίου
1516 1418 1763 1486 προσεγί-

167 1518 260 1551 νετο
314 1499 524 1561 αὐτοῖς.
581 1496 725 1571 ’ἰδίῳ
775 1503 879 1572 γὰρ
957 1499 1209 1573 θελήματι
1259 1501 1617 1577 ἐξετράπησαν
1668 1510 1759 1555 τοῦ

166 1593 516 1660 προσήκοντος
552 1588 831 1662 λογισμοῦ.
886 1590 946 1644 Εἰ
1002 1586 1064 1643 δέ
1116 1610 1279 1664 φαμεν
1325 1592 1491 1654 οὕτως
1530 1594 1630 1645 ὑπό
1668 1600 1761 1645 τοῦ

171 1685 491 1753 suntcap-76c}
546 1680 849 1749 κτισθῆναι,
909 1676 1098 1733 ἄδικον
1172 1686 1356 1755 κριτὴν
1419 1680 1629 1754 λέγομεν
1672 1686 1760 1736 τὸν

1871 526 1957 582 sic
2009 526 2302 599 incipiant
2354 528 2629 586 homines
2686 531 3066 596 sanctiﬁcari,
3122 532 3521 603 gloriﬁcantes

1868 614 2119 755 Κοίνου),
2146 622 2203 671 οι
2232 617 2466 683 Filium,
2492 623 2547 674 et
2570 619 2853 691 Spiritum
2879 626 3156 679 sanctum
3185 623 3247 679 in
3277 622 3518 680 saecula.

1918 717 2076 755 men.

1918 717 2055 758 men
2064 745 2076 758 .

2458 797 2755 853 HOMILIA
2794 801 2923 854 XVI.

1870 877 2227 948 Spirituales
2246 882 2508 940 homines
2528 885 2815 942 obnoxios
2839 901 2961 943 esse
2987 889 3406 945 tentationibus
3429 896 3523 946 al-

1943 983 2055 1039 que
2086 971 2539 1040 afﬂictionibus,
2573 987 2648 1030 ex
2670 974 2868 1043 primo
2909 981 3148 1045 peccato
3191 978 3524 1036 scaturien-

1946 1059 2121 1114 tibus.

1946 1150 1985 1201 l.
2030 1148 2249 1205 Omnes
2298 1150 2596 1207 intellectu
2630 1152 2895 1223 prmditze
2936 1153 3308 1221 substantiae,
3342 1171 3527 1225 ange-

1873 1234 2093 1302 lorum,
2115 1238 2387 1311 inquam,
2420 1240 2766 1297 animarum
2788 1257 2857 1298 ac
2887 1242 3257 1310 daemonum,
3281 1244 3526 1299 sincera

1874 1341 1944 1381 ac
1957 1326 2416 1398 simplicissimte
2430 1345 2465 1385 a
2478 1329 2797 1386 Conditore
2814 1336 3024 1387 creatas
3037 1332 3373 1398 sunt.Quod
3388 1347 3527 1388 vero

1871 1415 2178 1471 nonnullas
2208 1432 2280 1472 ex
2305 1416 2376 1473 iis
2419 1418 2496 1474 ad
2528 1418 2817 1475 malitiam
2857 1420 3108 1491 dilapsae
3139 1428 3295 1487 sunt,
3328 1427 3527 1477 ortum

1872 1510 1964 1560 est
2000 1504 2058 1559 id
2100 1522 2137 1561 a
2185 1504 2372 1563 libero
2431 1507 2696 1564 arbitrio.
2732 1509 2971 1580 Propria
3018 1510 3176 1565 enim
3220 1510 3528 1567 voluntate

1872 1593 2293 1652 deﬂexerunta
2317 1601 2476 1652 recta
2492 1598 2742 1654 ratione.
2765 1598 2823 1653 Si
2848 1614 2987 1654 vero
3013 1614 3358 1655 asseramus
3377 1598 3528 1655 tales

1873 1698 1909 1739 a
1952 1686 2070 1741 Deo
2110 1684 2416 1741 conditore
2465 1692 2699 1742 creatas
2737 1702 2885 1752 esse,
2931 1687 3221 1758 injustam
3262 1687 3529 1758 judicem

171 1773 305 1834 Θεὸν,
364 1772 639 1841 πέμποντα
682 1767 748 1830 εἰς
776 1775 880 1841 πῦρ
922 1772 1011 1822 τὸν
1059 1777 1307 1825 Σατανᾶν.
1348 1770 1469 1829 Εἰσὶ
1499 1774 1601 1845 γάρ
1629 1791 1763 1834 τινες

1886 1787 2009 1828 esse
2042 1775 2226 1829 Deum
2269 1773 2605 1841 statuimus,
2634 1776 2739 1847 qui
2765 1774 3051 1832 Satanam
3084 1776 3141 1831 in
3168 1775 3370 1847 ignem
3390 1791 3529 1833 con-

170 1865 254 1908 τῶν
332 1859 634 1933 αἱρετικῶν,
717 1857 945 1930 λέγοντες
996 1859 1123 1918 ὕλην
1178 1861 1433 1934 ἄναρχον,
1496 1866 1585 1913 καὶ
1636 1860 1763 1920 ὕλην

168 1945 332 2017 ῥίζαν,
380 1952 479 2000 καὶ
521 1947 674 2021 ῥίζαν
758 1943 1003 2020 δύναμιν,
1078 1952 1167 2002 καὶ
1216 1945 1583 2021 ἰσοδυναμίαν.
1627 1954 1762 2023 Πρὸς

171 2039 325 2109 τούτῳ
393 2036 483 2088 οὖν
536 2039 676 2107 ἔχεις
727 2036 948 2109 εὐλόγως
995 2036 1297 2103 ἀντιθεῖναι,
1348 2040 1428 2091 ὅτι
1486 2044 1614 2091 ποία
1651 2039 1763 2093 ἐστὶ

168 2123 333 2178 λοιπὸν
364 2128 395 2184 ἡ
428 2133 633 2178 νικῶσα
663 2122 887 2199 δύναμις
916 2142 929 2194 ;
977 2125 1175 2199 ἀνάγκη
1207 2123 1268 2180 δὲ
1294 2129 1375 2180 ὃτι
1413 2129 1442 2186 ἡ
1485 2136 1576 2181 τοῦ
1606 2136 1761 2185 Θεοῦ.

173 2218 361 2267 Λοιπὸν
410 2214 587 2267 οὐκέτι
634 2216 770 2267 ἑστιν
820 2215 1120 2291 ὶσὸχρονος,
1174 2220 1204 2276 ἤ
1266 2213 1638 2290 ἰσοδύναμοςὸ
1678 2221 1765 2277 ἠτ-

168 2310 397 2377 τώμενος.
452 2305 521 2356 Οἱ
571 2303 803 2375 λέγοντες
856 2308 1206 2360 ίνυπόστατον
1270 2310 1328 2359 τὸ
1381 2311 1559 2373 κακὸν,
1614 2304 1764 2360 οὐδεν

168 2394 326 2446 ἴσασι.
364 2400 483 2465 Θεῷ
511 2396 614 2467 γὰρ
672 2390 822 2447 οὐδέν
876 2396 991 2448 ἑστι
1047 2398 1207 2448 κακὸν
1238 2394 1602 2461 ἐνυπόστατον,
1634 2399 1766 2449 κατὰ

170 2485 217 2534 τὸ
244 2481 442 2543 ἀπαθὲς
497 2480 659 2534 αὐτοῦ
699 2486 789 2535 καὶ
849 2484 1013 2536 θεῖκὸν
1042 2501 1055 2515 '
1091 2486 1216 2557 ἡμῖν
1277 2481 1336 2537 δέ
1364 2483 1504 2537 ἔστιν
1535 2480 1764 2559 ἐνεργοῦν

171 2569 382 2644 ἱνποίσῃ
441 2565 666 2645 δυνάμει
718 2577 808 2625 καὶ
856 2566 1125 2640 αἰσθήσει,
1172 2575 1351 2635 πάσας
1381 2573 1658 2646 ἐπιθυμίας
1676 2574 1767 2648 ῥυ-

169 2664 326 2737 παρὰς
377 2658 692 2730 ὑποϐάλλον,
748 2661 807 2713 οὗ
842 2664 1132 2738 συνεκράθη
1175 2658 1235 2715 δὲ
1274 2662 1453 2729 οὕτως,
1487 2665 1541 2716 ὃν
1579 2668 1767 2738 τρόπον

169 2754 284 2811 τινες
314 2749 537 2822 λέγουσι
581 2754 674 2808 τήν
719 2750 861 2823 μίξιν
912 2758 1004 2803 τοῦ
1044 2754 1182 2804 οἰνου
1228 2757 1317 2804 καὶ
1364 2760 1456 2804 τοῦ
1515 2749 1709 2814 ὓδατος
1745 2766 1757 2778 ⁸

170 2836 260 2889 ἀλλ’
293 2840 362 2899 ὡς
389 2840 536 2890 ἔστιν
586 2836 633 2890 ἑν
682 2845 783 2912 μιᾷ
810 2845 969 2914 χώρᾳ
1015 2841 1040 2892 6
1073 2847 1220 2902 σῖτος
1276 2838 1394 2893 καθ’
1449 2839 1652 2907 ἑαυτὸν,
1681 2840 1767 2893 καὶ

169 2930 226 2980 τὰ
248 2928 470 2989 ζιζάνια
526 2927 645 2980 καθ’
692 2928 892 2981 ἑαυτὰ*
942 2932 1011 2991 ὡς
1059 2932 1197 2983 ἔστιν
1250 2930 1299 2981 ἓν
1351 2928 1529 2998 οῖκῳὸ
1569 2929 1770 3003 λῃστὴς

172 3020 272 3071 κατ’
305 3014 478 3085 ἰδίαν,
510 3021 598 3069 καὶ
630 3018 655 3070 6
687 3015 1064 3079 οἰκοδεσπότης
1088 3018 1203 3071 κατ’
1235 3014 1396 3072 ἰδίαν.

171 3121 289 3178 quo
340 3106 552 3161 vinum
593 3122 755 3178 aqua
793 3105 939 3163 dilui
978 3108 1240 3178 tradunt,
1284 3107 1633 3181 permistum
1675 3111 1813 3162 est:

1870 1862 2055 1933 jiciat.
2085 1865 2209 1919 Non
2227 1862 2615 1920 desuntenim
2634 1864 2883 1936 quidam
2911 1865 3189 1931 heretici,
3205 1866 3309 1937 qui
3326 1865 3530 1923 dicant

1872 1952 2186 2008 materiam
2217 1952 2384 2009 initio
2410 1969 2630 2022 carere,
2658 1958 2713 2009 et
2734 1953 3045 2011 materiam
3075 1969 3208 2011 esse
3238 1952 3525 2021 radicem,

1875 2046 1929 2096 et
1954 2041 2219 2098 radicem
2250 2057 2381 2097 esse
2403 2043 2702 2109 virtutem,
2732 2048 2788 2098 et
2812 2042 3059 2115 quidem
3089 2047 3383 2115 potestate
3413 2046 3530 2098 Deo

1873 2144 2102 2201 parem.
2158 2131 2261 2186 Cui
2301 2131 2620 2187 commode
2677 2147 2747 2187 ac
2806 2131 2949 2188 scite
3007 2132 3263 2204 objicere
3309 2131 3525 2204 possis,

1873 2233 2154 2291 quaenam
2171 2233 2313 2288 ergo
2333 2219 2580 2275 demum
2602 2226 2689 2276 est
2702 2221 2883 2276 virtus
2902 2220 3168 2292 palmam
3182 2219 3531 2293 reportans?

1876 2310 2117 2379 Oportet
2152 2313 2351 2363 autem
2393 2308 2578 2365 dubio
2609 2308 2811 2379 procul
2839 2312 3190 2380 potestatem
3230 2310 3326 2366 Dei
3352 2324 3527 2376 esse;

1873 2401 2241 2469 quapropter
2258 2403 2523 2470 tempore
2553 2403 2657 2453 aut
2687 2402 2976 2469 potestate
2999 2414 3110 2469 par
3129 2414 3257 2455 esse
3287 2413 3406 2455 non
3430 2413 3533 2470 po-

1875 2489 2008 2549 test,
2051 2486 2153 2557 qui
2206 2485 2396 2541 victus
2445 2485 2805 2542 succumbit.
2849 2487 2959 2551 Qui
3012 2502 3153 2543 vero
3203 2486 3529 2553 afﬁrmant,

1878 2573 2105 2629 malum
2139 2573 2586 2630 subsistentiam
2627 2574 2686 2629 in
2729 2574 2932 2647 aliquo
2971 2573 3213 2630 habere.
3256 2575 3530 2631 omnium

1875 2678 2077 2719 rerum
2120 2662 2299 2718 rudes
2340 2669 2526 2719 sunt:
2568 2663 2628 2717 in
2664 2663 2776 2718 Deo
2824 2663 2984 2718 enim
3031 2662 3259 2718 nullum
3307 2662 3534 2719 malum

1878 2751 2169 2818 subsistit,
2203 2767 2342 2807 cum
2382 2753 2509 2824 ipse
2547 2751 2935 2823 passionibus
2979 2767 3102 2808 non
3131 2751 3207 2806 sit
3234 2750 3535 2807 obnoxius

1878 2845 1934 2898 et
1971 2838 2251 2897 deitatem
2284 2840 2592 2912 possideat
2633 2856 2646 2895 :
2688 2840 2747 2895 in
2789 2840 2963 2896 nobis
3015 2845 3217 2896 autem
3258 2846 3539 2912 operatur

1879 2945 2016 2985 cum
2048 2928 2213 2983 omni
2248 2933 2537 3000 potestate
2565 2932 2621 2983 et
2651 2944 2854 2993 sensu,
2887 2928 3183 2984 obscenas
3215 2927 3413 2983 omnis
3436 2943 3539 2998 ge-

1879 3017 2036 3072 neris
2066 3016 2422 3088 cupiditates
2452 3031 2817 3087 suggerens:
2850 3031 2969 3071 non
3005 3022 3207 3072 tamen
3239 3030 3308 3071 eo
3328 3014 3535 3084 modo,

1872 3121 2075 3161 verum
2118 3106 2365 3178 perinde
2416 3122 2487 3162 ac
2525 3111 2613 3162 est
2669 3106 2729 3160 in
2777 3120 2899 3161 una
2929 3103 3260 3176 eademque
3299 3102 3537 3173 regione

178 3195 425 3251 seorsim
456 3193 638 3252 situm
664 3194 1053 3264 frumentum,
1081 3197 1407 3255 etseorsim
1434 3194 1577 3254 lolia
1605 3212 1616 3253 :
1652 3194 1899 3270 perinde
1917 3210 1987 3251 ac
2004 3199 2091 3251 est
2122 3192 2182 3251 in
2203 3194 2389 3252 domo
2420 3194 2669 3252 seorsim
2693 3193 2865 3260 latro,
2887 3198 2942 3250 et
2969 3193 3219 3252 seorsim
3250 3192 3536 3249 dominus

179 3286 412 3341 domus.

241 3408 321 3464 B'.
351 3408 505 3463 Ἐστι
558 3412 706 3479 πηγῆ
742 3408 938 3484 ῥέουσα
966 3405 1110 3484 ὕδωρ
1141 3412 1392 3487 καθαρὸν,
1432 3416 1522 3464 καὶ
1572 3412 1773 3465 ὑπόκει-

1961 3411 2029 3466 ll.
2071 3410 2153 3468 Sit
2189 3409 2343 3480 fons,
2375 3410 2480 3483 qui
2510 3426 2725 3482 puram
2754 3426 2977 3485 aquam
3018 3371 3268 3475 emittat,
3296 3424 3367 3466 ac
3398 3408 3542 3466 sub-

180 3516 260 3552 ται
291 3496 566 3573 βόρϐορος,
626 3500 745 3551 ὅταν
793 3499 993 3573 ταράξῃ
1048 3519 1128 3562 τις
1172 3504 1260 3553 τὸν
1308 3499 1581 3574 βόρϐορον,
1621 3501 1711 3560 ὅλη
1744 3504 1775 3561 ἡ

179 3592 317 3659 πηνή
346 3587 613 3641 θολοῦται.
657 3586 809 3641 Οὒτω
859 3593 950 3643 καὶ
1003 3590 1037 3648 ἦ
1076 3588 1232 3662 ψυχὴ
1272 3591 1395 3643 ὅταν
1445 3594 1779 3664 ταράσσηται
1820 3591 1833 3605 ⁸

180 3684 262 3730 καὶ
311 3684 559 3751 κιρνᾶται
614 3685 677 3750 τῇ
708 3681 869 3750 κακίᾳ
912 3692 926 3705 ⁸
964 3683 1055 3733 καὶ
1093 3679 1144 3733 ἓν
1184 3699 1237 3733 τι
1270 3685 1469 3752 γίνεται
1498 3682 1524 3733 6
1550 3687 1780 3744 Σατανᾶς

182 3769 306 3838 μετὰ
357 3774 450 3829 τῆς
506 3765 717 3839 ψυχῆς,
802 3770 1072 3840 πνεύματα
1135 3767 1417 3845 ἀμφότερα,
1484 3772 1621 3823 κατὰ
1684 3774 1778 3829 τὴν

181 3858 434 3930 πορνείαν,
465 3856 495 3914 ἢ
519 3860 607 3909 τὸν
637 3861 789 3929 φόνον
812 3876 826 3890 υ
869 3853 965 3911 διὰ
992 3864 1146 3912 τοῦτο
1184 3859 1210 3910 6
1253 3858 1654 3931 κολλώμενος
1704 3864 1775 3929 τῇ

186 3948 374 4016 πόρνῃ
414 3943 477 3995 ἓν
532 3945 711 4015 σῶμα
771 3946 935 3998 ἔστι.
970 3944 1109 4005 Πλὴν
1138 3944 1190 3999 ἄν
1219 3945 1347 4018 ἄλλῃ
1380 3947 1489 4018 ὥρᾳ
1517 3945 1633 3998 καθ’
1666 3945 1780 3998 ίαν-

183 4038 271 4090 τήν
298 4032 441 4087 ἐστιν
472 4034 503 4091 ἦ
534 4031 692 4104 ψυχὴ
722 4034 1089 4106 ἓνυπόστατος,
1148 4034 1561 4108 μεταμελονμίνη
1598 4032 1671 4106 ἄρ’
1702 4034 1780 4095 οἷς

185 4121 378 4193 ἔπραξε,
442 4124 531 4172 καὶ
588 4120 774 4187 κλαίει,
834 4126 925 4174 καὶ
991 4124 1222 4195 εὔχεται,
1312 4126 1405 4175 καὶ
1473 4124 1781 4194 μνημονεύει

189 4212 332 4262 Θεοῦ.
384 4208 448 4262 Εἰ
489 4211 592 4281 γὰρ
622 4211 845 4262 πάντοτε
874 4206 937 4268 ἦν
984 4212 1013 4268 ἡ
1041 4210 1195 4284 ψυχὴ
1232 4210 1583 4285 βεϐυθισριένη
1624 4211 1692 4272 εἰς
1719 4212 1780 4263 τὸ

188 4301 355 4364 κακόν,
386 4305 495 4359 πῶς
537 4294 767 4355 ἠδύνατο
819 4306 985 4353 ταῦτα
1034 4303 1299 4375 πράττειν,
1330 4308 1423 4354 τοῦ
1453 4306 1655 4353 Σατανᾶ
1682 4319 1783 4373 μη.

193 4380 365 4438 δέκοτε
402 4385 634 4448 θὲλοντος
682 4386 756 4449 εἰς
804 4390 1077 4460 μετάνοιαν
1118 4389 1374 4463 ἔρχεσθαι
1420 4392 1538 4451 τοὺς
1585 4387 1779 4461 ἀνθρὼ-

193 4490 324 4539 πους,
376 4474 721 4547 ἄσπλαγχνος
772 4478 874 4551 γὰρ
937 4478 1194 4552 ὑπάρχει.
1240 4482 1341 4531 Καὶ
1393 4478 1424 4537 ἡ
1483 4482 1615 4549 γυνὴ
1646 4477 1782 4529 κατὰ

197 4565 525 4617 συντίθεσθαι
581 4573 655 4636 τῷ
698 4561 867 4638 ἀνδρὶ,
925 4566 975 4619 ἓν
1030 4566 1140 4639 μετ’
1192 4566 1372 4636 αὐτοῦ,
1425 4566 1552 4625 ἄλλη
1586 4564 1644 4620 δὲ
1674 4568 1783 4642 ὥρᾳ

194 4660 568 4730 κεχωρισμένοι
611 4656 743 4710 εἰσίν
776 4674 793 4688 ⁸
845 4659 923 4711 ὅτι
981 4658 1229 4723 πολλάκις
1283 4662 1308 4713 6
1343 4659 1413 4723 εἷς
1439 4660 1603 4713 αὐτῶν
1652 4658 1785 4713 ἀπο-

1882 3500 2106 3571 jectum
2130 3500 2351 3556 habeat
2378 3515 2620 3557 caenum
2653 3520 2666 3560 :
2700 3516 2839 3557 cum
2869 3515 3012 3571 ergo
3052 3498 3269 3571 aliquis
3295 3513 3538 3556 ccenum

1888 3589 2237 3653 turbaverit,
2264 3594 2420 3645 totus
2458 3588 2592 3646 fons
2622 3590 3006 3661 inquinatur:
3038 3590 3121 3645 sic
3144 3603 3386 3661 quoque
3403 3587 3542 3644 ani-

1886 3693 2009 3743 ma,
2029 3679 2076 3733 si
2095 3677 2270 3734 fuerit
2297 3678 2660 3749 perturbata,
2694 3679 3043 3750 inquinatur
3068 3686 3123 3733 et
3154 3677 3543 3749 permiscetur

1888 3766 2127 3823 malitias
2142 3782 2155 3821 :
2172 3766 2355 3839 ﬁtque
2374 3769 2625 3824 Satanas
2638 3782 2936 3823 consensu
2953 3782 3139 3821 unum
3153 3781 3290 3820 cum
3310 3764 3539 3829 anima,

1888 3860 2206 3927 utrumque
2232 3855 2475 3927 quidem
2500 3854 2763 3925 spiritus.
2780 3855 2859 3910 ad
2881 3851 3541 3925 stuprum,autcaadem

1887 3944 2383 4001 committendum
2399 3985 2412 3998 .
2435 3943 2783 4009 Quorcirca:
2811 3943 2927 4009 Qui
2936 3943 3199 3998 adhaeret
3214 3940 3538 4005 meretrici,

1889 4048 2075 4089 unum
2102 4048 2314 4101 corpus
2331 4038 2414 4088 est
2436 4033 2505 4084 ⁷⁷.
2535 4033 2750 4087 Verum
2772 4030 2888 4087 alia
2899 4029 3049 4086 hora
3070 4029 3317 4085 seorsim
3336 4027 3543 4086 anima

1890 4121 2178 4187 subsistit,
2219 4126 2400 4193 atque
2430 4120 2778 4193 poenitentia
2807 4134 3013 4175 eorum
3063 4133 3199 4191 qute
3242 4116 3544 4174 commisit

1888 4211 2088 4276 ducta,
2130 4210 2287 4279 luget
2317 4217 2371 4265 et
2404 4213 2701 4282 precatur,
2746 4214 2925 4280 atque
2955 4208 3057 4263 Dei
3087 4206 3456 4264 recordatur.
3485 4206 3542 4263 Si

1889 4306 2046 4358 enim
2070 4299 2272 4356 anima
2287 4314 2523 4371 semper
2539 4298 2815 4354 demersa
2836 4303 2988 4353 esset
3008 4298 3065 4352 in
3092 4296 3395 4361 malitiam,
3420 4310 3543 4368 quo

1890 4395 2065 4464 pacto
2078 4393 2277 4461 posset
2289 4388 2417 4444 haec
2434 4387 2626 4444 facere
2637 4388 2666 4445 7
2679 4404 2817 4444 cum
2838 4387 3093 4443 Satanas
3122 4401 3157 4441 n
3168 4400 3437 4457 unquam
3452 4398 3546 4440 ve-

1890 4480 1972 4547 lit,
2000 4485 2060 4536 ut
2084 4478 2159 4536 ad
2179 4478 2592 4552 penitentiam
2616 4481 2992 4533 revertantur
3012 4476 3287 4531 homines
3312 4491 3325 4543 ;
3352 4475 3430 4529 im
3443 4474 3545 4529 mi-

1893 4570 2146 4626 sericors
2179 4568 2474 4641 siquidem
2506 4573 2613 4623 est.
2637 4567 2848 4622 Itidem
2873 4564 3107 4632 mulier,
3135 4564 3385 4636 quando
3407 4577 3545 4618 cum

1890 4660 2019 4714 viro
2058 4658 2247 4714 foedus
2277 4656 2563 4712 connubii
2593 4656 2718 4721 init,
2756 4660 2845 4711 est
2877 4670 3060 4709 unum
3095 4669 3231 4708 cum
3274 4651 3393 4716 illo,
3428 4650 3547 4706 alia

198 4742 418 4811 θνήσκει,
465 4750 556 4798 καὶ
609 4746 635 4797 6
691 4746 859 4820 ἕτερος
912 4747 999 4820 ζῇ.
1032 4754 1276 4803 Τοιοῦτόν
1324 4754 1376 4802 τί
1414 4749 1529 4801 ἐστι
1568 4752 1657 4801 καὶ
1698 4748 1773 4801 ἐπὶ

1892 4763 2030 4804 vero
2062 4748 2207 4803 hora
2250 4745 2530 4818 disjuncti
2556 4750 2712 4808 sunt,
2749 4759 2888 4798 cum
2916 4742 3135 4813 saepius
3176 4756 3332 4795 unus
3372 4754 3443 4793 ex
3474 4738 3547 4793 iis

194 4839 254 4903 τῇ
290 4839 530 4907 κοινωνίᾳ
584 4842 677 4888 τοῦ
728 4835 881 4908 ἁγίου
932 4840 1246 4911 Πνεύματος,
1299 4839 1348 4892 ἓν
1390 4846 1590 4911 πνεῦμα
1615 4844 1781 4911 γίνον·

196 4923 373 4976 ται.⁹0
421 4923 825 4998 κολλώμενος
861 4928 977 5003 γὰρ
1030 4927 1111 4999 τῷ
1168 4933 1383 5004 Κυρίῳ
1437 4929 1494 4980 ἓν
1538 4929 1785 5000 πνεῦμά

198 5006 342 5068 ὶστι.
371 5020 539 5068 τοῦτο
594 5012 654 5068 δι
704 5021 919 5089 γίνεται,
975 5017 1095 5071 ὅταν
1125 5021 1396 5092 καταποθῇ
1463 5018 1785 5093 ὀοῖνθρωπος

198 5100 381 5177 back;
414 5111 477 5178 τῇ
504 5107 715 5179 χάριτι.

263 5278 329 5335 Γ.
360 5280 478 5335 Εἰσὶ
509 5278 573 5338 δέ
594 5302 729 5346 τινες
753 5284 957 5357 ἔχοντες
994 5292 1177 5358 γεῦσιν
1219 5291 1373 5352 Θεοῦ,
1439 5288 1514 5338 ἔτι
1556 5285 1788 5362 ἐνεργού-

196 5384 321 5434 μινοι
364 5370 463 5424 ὑπὸ
518 5380 614 5425 τοῦ
665 5371 1037 5447 ἀντικειμένου,
1072 5380 1160 5428 καὶ
1193 5375 1502 5442 ξενίζονται,
1582 5376 1788 5449 ἄπειροι

201 5453 348 5523 ὄντες,
396 5460 471 5514 ὅτι
519 5465 652 5535 μετὰ
702 5468 793 5522 τὴν
845 5462 1121 5537 iniens-{ww
1180 5462 1272 5518 τοῦ
1336 5472 1467 5519 Θεοῦ
1520 5466 1789 5538 ἑνιργοῦσι

271 5695 311 5729 π
344 5700 360 5753 l
390 5700 513 5760 Cor.
547 5718 628 5769 γι,
666 5706 750 5759 t7.
829 5704 876 5742 ⁷⁸
906 5702 1055 5763 Ibid.

1892 4838 2015 4893 vita
2044 4835 2425 4904 defungatur,
2454 4834 2598 4889 alter
2627 4848 2767 4888 vero
2800 4835 3099 4903 superstes
3130 4832 3391 4884 maneat.
3421 4828 3547 4885 Non

1895 4926 2061 4983 aliter
2092 4941 2153 4980 se
2192 4941 2284 4980 res
2327 4924 2506 4980 habet
2536 4922 2595 4977 in
2637 4921 2919 4976 societate
2952 4919 3202 4991 Spiritus
3244 4915 3454 4983 sancti,
3486 4916 3550 4971 in

1898 5031 2083 5071 unum
2103 5014 2375 5086 spiritum
2400 5011 2806 5079 evadunt.Qui
2824 5009 2977 5066 enim
3002 5008 3249 5064 Domino
3263 5005 3546 5070 adhaeret,

1898 5119 2052 5161 unus
2078 5102 2323 5174 spiritus
2345 5109 2426 5159 est
2443 5102 2513 5156 ⁷⁸.
2529 5100 2702 5168 Quod
2727 5099 2811 5167 ﬁt,
2831 5115 2966 5156 cum
2983 5098 3166 5153 homo
3188 5094 3555 5152 absorbetur

1898 5211 1934 5251 a
1973 5194 2183 5265 gratia.

1973 5283 2094 5355 69
2111 5283 2196 5337 IlI.
2216 5278 2667 5344 Suntnonnulli,
2687 5277 2935 5352 quilicet
2952 5278 3195 5346 gustum
3224 5269 3557 5328 divinitatis

1902 5370 2501 5446 perceperint,adhuc
2515 5374 2714 5425 tamen
2730 5368 2807 5424 ab
2822 5362 3170 5422 adversario
3186 5361 3487 5431 agitantur
3502 5362 3557 5415 et

1900 5464 2210 5528 vexantur,
2230 5462 2380 5517 adeo
2397 5464 2458 5517 ut
2473 5459 2920 5531 obstupescant,
2944 5453 3103 5511 velut
3123 5451 3322 5509 adhuc
3340 5448 3557 5523 ignari,
