4034 6202
570 236 678 292 615

1868 231 1928 289 S.
1976 229 2273 287 MACARII
2312 227 2615 287 IEGYPTll

3769 241 3857 297 6t6

559 363 725 435 quod
759 367 895 436 post
940 361 1344 419 visitationem
1378 360 1642 417 divinam
1672 361 2061 432 cogitationes
2100 360 2185 414 vin

2330 358 2575 429 λογισμοὶ
2599 358 2670 421 εἰς
2724 362 2791 410 τὰ
2837 360 3109 430 μυστήριᾶ
3145 365 3235 411 τοῦ
3281 364 3681 433 Χριστιανισμοῦ
3707 386 3719 397 ·
3759 369 3862 420 οίίιι

560 469 735 509 suam
748 458 1024 509 exserant
1038 452 1115 507 ad
1130 451 1413 523 mysteria
1429 451 1771 506 Christianae
1786 448 2218 519 religionis.Qui

558 556 700 596 vero
727 545 785 596 in
805 542 872 596 iis
890 555 1281 605 consenuere,
1298 538 1463 595 nulla
1485 538 1880 594 admiratione
1894 538 2217 593 ducuntur.

558 631 637 684 Ac
669 629 914 700 perinde
952 635 1011 685 ut
1053 629 1333 699 agricolae
1366 628 1557 699 periti,
1590 644 1661 682 ex
1687 627 1867 699 longa
1902 633 2218 683 consuetu-

553 717 714 783 dine,
758 718 806 772 si
832 717 1082 774 feracior
1111 734 1182 773 ac
1216 718 1455 773 uberior
1482 715 1658 772 fuerit
1695 717 1839 771 anni
1866 721 2214 788 tempestas,

558 821 679 861 non
714 807 891 877 plane
922 808 1152 879 absque
1190 823 1336 861 cura
1370 806 1590 871 vivunt,
1633 805 1736 861 sed
1763 809 2109 876 exspectant
2135 805 2216 862 fa-

556 911 715 951 mem
743 902 801 951 et
822 898 1167 966 angustiam
1196 913 1208 950 :
1244 910 1352 950 nec
1375 911 1405 949 e
1427 895 1681 959 diverso,
1706 894 1754 949 si
1777 894 1968 950 fames
1989 900 2090 949 aut
2112 909 2218 949 an-

554 985 751 1052 gustia
779 1002 881 1040 eos
898 986 1223 1057 opprimat,
1254 1000 1423 1056 spem
1448 999 1691 1039 omnem
1715 983 2045 1055 deponunt,
2075 999 2212 1039 cum

556 1074 1027 1130 vicissitudinem
1063 1076 1289 1145 optime
1320 1072 1622 1143 cognitam
1657 1073 1916 1128 habeant
1950 1089 1963 1127 :
1996 1072 2209 1129 eodem

554 1164 738 1218 modo
754 1180 817 1218 se
844 1179 935 1219 res
958 1163 1139 1219 habet
1161 1164 1220 1218 in
1246 1161 1659 1233 spiritualibus
1687 1179 1701 1227 ;
1726 1162 1826 1217 ubi
1854 1162 2013 1218 enim
2034 1162 2210 1217 variis

555 1253 983 1307 tentationibus
1005 1268 1298 1323 oppressa
1324 1250 1499 1307 fuerit
1525 1251 1752 1313 anima,
1784 1267 1905 1306 non
1932 1251 2210 1323 obstupe-

556 1342 684 1408 scit,
716 1358 905 1414 neque
932 1357 1101 1412 spem
1132 1341 1336 1412 abjicit
1364 1357 1377 1407 ;
1410 1341 1553 1412 quia
1584 1341 1745 1395 novit
1773 1356 1836 1395 se
1862 1356 1932 1395 ex
1965 1341 2210 1411 permis-

557 1432 723 1486 sione
745 1431 1082 1502 expositam
1114 1447 1241 1486 esse
1269 1430 1750 1502 probationibus,
1772 1447 1841 1485 ac
1872 1430 2149 1500 castigari
2172 1446 2208 1485 a

549 1519 809 1574 malitia:
832 1535 940 1574 nec
959 1518 1224 1574 vicissim
1243 1517 1493 1590 quando
1511 1534 1707 1574 rerum
1731 1518 2004 1574 omnium
2031 1519 2207 1590 copia

548 1614 604 1663 et
627 1608 832 1679 requie
865 1608 1073 1673 afﬂuit,
1108 1624 1252 1663 cura
1277 1612 1468 1672 vacat,
1503 1607 1609 1662 sed
1641 1612 1946 1678 exspectat
1984 1606 2205 1663 vicissi-

547 1698 839 1752 tudinem.
880 1700 1073 1769 Atque
1117 1696 1208 1752 sol
1248 1712 1388 1751 cum
1430 1698 1504 1752 sit
1530 1712 1747 1767 corpus
1777 1701 1833 1750 et
1870 1695 2179 1767 opiﬁcium

2315 1694 2450 1755 σίαι,
2481 1688 2632 1744 οὐδὲν
2687 1690 2971 1765 βλάπτεται
3006 1693 3039 1751 ἡ
3072 1693 3347 1765 μολύνεται

544 1785 892 1841 illuminans
938 1802 1181 1858 quoque
1210 1785 1343 1842 loca
1372 1785 1573 1850 fetida,
1600 1801 1773 1841 emno
1815 1801 1887 1840 ac
1923 1784 2201 1840 sordibus

545 1874 746 1945 plena,
780 1874 926 1929 nihil
957 1874 1193 1929 laeditur
1223 1874 1713 1930 autinfuscatur:
1750 1881 1976 1946 quanto
2008 1875 2200 1943 magis

542 1978 733 2034 purus
756 1970 810 2018 et
844 1970 1088 2018 sanctus
1119 1964 1393 2034 Spiritus,
1419 1962 1778 2033 conjunctus
1797 1964 2035 2029 animas,
2060 1979 2197 2035 quas

543 2051 743 2107 adhuc
772 2068 804 2106 a
828 2051 987 2106 malo
1016 2049 1321 2120 afﬂigitur,
1355 2049 1503 2105 nihil
1536 2050 1672 2105 inde
1698 2050 1995 2106 contrahit
2026 2050 2144 2105 vitii
2169 2050 2197 2105 ‘i

542 2141 807 2195 Etenim:
841 2141 972 2195 Lua:
992 2139 1060 2193 in
1083 2139 1338 2196 tenebris
1366 2140 1607 2204 lucet,et
1639 2139 1894 2196 tenebrae
1920 2154 2047 2196 eam
2075 2155 2195 2195 non

540 2229 1115 2298 comprehenderunt
1142 2229 1217 2285 ⁸⁷⁸.

610 2372 695 2426 IV.
728 2371 1012 2437 Quamvis
1044 2371 1222 2440 igitur
1255 2370 1438 2425 homo
1472 2370 1531 2425 in
1563 2370 1965 2441 profunditate
1998 2371 2089 2440 sit,
2121 2387 2192 2427 ac

539 2460 786 2516 ditescat
808 2460 1019 2528 gratia,
1047 2461 1437 2514 nihilominus
1460 2460 1631 2515 adest
1652 2460 1704 2515 ei
1735 2460 1864 2515 olus
1886 2461 1960 2515 ad
1990 2460 2190 2515 foven-

536 2548 677 2604 dam
707 2549 1017 2605 malitiam.
1060 2548 1244 2603 Habet
1271 2565 1407 2603 vero
1437 2552 1828 2619 protectorem
1861 2549 1975 2603 sibi
2002 2549 2191 2621 opitu-

534 2636 782 2694 lantem.
807 2640 999 2703 Quare
1027 2638 1220 2709 siquis
1242 2635 1663 2692 afﬂictionibus
1687 2637 2188 2693 autaﬂectionum

535 2726 816 2783 ﬂuctibus
841 2728 1091 2783 obrutus
1124 2728 1319 2791 fuerit,
1357 2742 1526 2796 spem
1560 2741 1681 2781 non
1704 2726 1959 2797 abjicere
1990 2727 2185 2783 debet.

534 2816 721 2885 Magis
762 2818 921 2871 enim
962 2817 1075 2871 hoc
1114 2816 1299 2871 modo
1339 2821 1648 2887 peccatum
1680 2817 2096 2872 accumulatur
2132 2820 2190 2872 et

535 2906 859 2963 subintrat.
898 2906 951 2961 Si
979 2906 1114 2978 quis
1143 2920 1279 2961 vero
1303 2910 1586 2977 perpetuo
1605 2920 1772 2976 spem
1797 2922 1969 2961 suam
1992 2906 2049 2961 in
2073 2908 2188 2963 Deo

532 2994 855 3054 collocarit,
888 2998 1229 3050 attenuatur
1258 2994 1728 3064 quodammodo,
1764 3000 1821 3050 et
1857 2996 2188 3051 exsiccatur

530 3084 777 3140 malum.
798 3083 968 3148 Quod
988 3084 1163 3155 igitur
1175 3082 1426 3155 quidam
1447 3099 1519 3137 ex
1534 3082 1818 3155 paralysi,
1834 3099 1905 3138 ex
1928 3084 2182 3155 partium

530 3174 934 3245 quarumdam
986 3171 1374 3236 mutilatione,
1425 3188 1495 3226 ex
1530 3171 1698 3235 febri,
1733 3177 1788 3226 et
1835 3187 1907 3227 ex
1958 3172 2186 3228 morbis

528 3262 826 3330 laborent,
874 3262 989 3316 hoc
1031 3265 1219 3315 totum
1251 3277 1287 3315 a
1316 3265 1563 3331 peccato
1616 3260 2032 3331 proﬁciscitur.
2068 3264 2185 3317 Hoc

529 3352 825 3422 siquidem
841 3350 1006 3405 radix
1022 3350 1398 3405 estomnium
1416 3349 1713 3405 malorum
1730 3370 1743 3409 :
1761 3354 1817 3406 et
1837 3350 2183 3407 affectiones

526 3440 1149 3510 concupiscentiarum
1182 3438 1423 3505 animae,
1449 3444 1505 3493 et
1529 3454 1853 3510 pravarum
1880 3440 2185 3509 cogitatio-

526 3543 786 3596 num,ex
815 3544 881 3582 eo
907 3528 1257 3583 scaturiunt.
1284 3526 1530 3582 Perinde
1549 3544 1618 3582 ac
1636 3527 1682 3581 si
1715 3526 1851 3584 fons
1881 3529 2179 3595 decurrat,

526 3618 618 3673 cui
642 3618 771 3672 loca
795 3616 1067 3689 proxime
1089 3616 1359 3687 subjecta
1383 3616 1495 3671 sint
1522 3616 1813 3688 uliginosa
1829 3618 2178 3675 ethumida:

523 3707 720 3763 calore
746 3708 1226 3776 veroingruente,
1244 3711 1362 3762 tam
1379 3705 1531 3770 fons,
1548 3722 1732 3778 quam
1762 3706 1893 3763 loca
1909 3709 2181 3778 proxima

524 3797 938 3863 exsiccantur;
991 3796 1077 3850 sic
1128 3810 1371 3867 quoque
1424 3794 1614 3850 servis
1672 3796 1769 3850 Dei
1825 3797 2058 3865 accidit,
2116 3797 2177 3852 in

520 3887 740 3958 quibus
771 3887 1039 3942 abundat
1078 3886 1305 3956 gratia;
1333 3886 1599 3939 exsiccat
1626 3884 1786 3940 enim
1818 3901 1937 3940 non
1981 3886 2175 3941 solum

517 3976 1032 4048 concupiscentias
1081 3990 1117 4030 a
1145 3975 1384 4038 Satana,
1425 3988 1635 4027 verum
1675 3974 1856 4030 etiam
1887 3990 1923 4029 a
1961 3980 2176 4032 natura

517 4070 829 4137 suggestas
870 4084 882 4119 :
926 4080 996 4118 eo
1044 4063 1205 4136 quod
1256 4078 1417 4117 nunc
1448 4062 1554 4117 viri
1597 4063 1693 4118 Dei
1731 4063 2174 4135 praestantiores

519 4154 638 4209 sint
667 4153 861 4223 primo
892 4151 1038 4207 Ada.

589 4296 655 4348 V.
675 4297 824 4349 Deus
844 4294 1393 4364 incircumscriptus
1419 4298 1575 4349 estet
1605 4293 2166 4367 incomprehensus,

2222 3055 2265 3113 C

2330 447 2508 509 αὐτοῖς
2546 444 2606 501 δὲ
2659 448 2980 518 γηράσαντες
3035 448 3094 499 ού
3134 446 3435 509 ξενίζονται.
3504 454 3596 503 Καὶ
3647 454 3792 527 ὥσπερ
3824 458 3866 507 οἱ

2327 539 2562 609 ἔμπειροι
2627 541 2848 609 γεωργοὶ
2918 538 2974 589 ἑκ
3042 544 3137 598 τῆς
3186 536 3376 597 πολλῆς
3450 540 3717 605 συνηθείας,
3768 544 3867 595 ὅταν

2325 630 2541 696 γένηται
2606 625 2842 699 εὐφορία,
2910 625 2970 677 ού
3033 625 3231 688 τελείως
3306 624 3570 699 ἆμριμνοί
3607 628 3741 695 εἰσιν,
3777 630 3865 683 ἀλλ’

2328 711 2639 786 έκδέχονται
2666 720 2756 766 καὶ
2800 714 2950 786 λιμόν
2980 718 3070 767 καὶ
3097 720 3451 787 στενοχωρίαν
3480 734 3492 747 ·
3524 719 3633 769 οὔτε
3652 714 3703 770 δι
3724 719 3868 785 πάλιν,

2325 805 2447 856 ὃταν
2478 802 2744 876 καταλάϐῃ
2806 803 2998 863 αὐτοὺς
3049 803 3217 876 λιμός,
3257 807 3288 862 ἤ
3324 809 3652 879 στενοχωρία,
3688 804 3869 860 ἐπιπολὺ

2324 892 2699 961 ἀπελπίζουσι,
2782 893 3114 967 γνωρίζοντες
3197 897 3291 951 τὴν
3379 892 3652 965 μεταϐολήν
3678 912 3690 925 ·
3739 896 3876 959 οὓτως

2324 984 2412 1032 καὶ
2460 981 2534 1042 εἰς
2590 984 2646 1033 τό
2700 985 3068 1053 πνευματικὸν,
3122 981 3245 1033 ὅταν
3298 988 3606 1053 πειρασμοῖς
3661 984 3874 1045 ποικῦιοις

2322 1072 2575 1143 περιπέσῃ
2632 1071 2662 1127 ἡ
2711 1070 2892 1142 ψυχὴ,
2946 1070 3007 1123 οῦ
3086 1070 3361 1134 ξενίζεται,
3443 1072 3555 1122 οὔτε
3620 1069 3875 1137 ἀπελπίζει,

2321 1155 2502 1217 ἕπειδή
2530 1155 2693 1224 οἶδεν,
2734 1158 2817 1212 ὃτι
2867 1163 3003 1213 κατὰ
3064 1164 3410 1233 συγχώρησιν
3462 1158 3659 1230 ἀφίεται
3685 1156 3878 1233 δοκιμα-

2321 1249 2531 1311 σθῆναι,
2582 1253 2673 1301 καί
2724 1244 3076 1307 παιδευθῆναι
3133 1250 3235 1301 ὑπὸ
3288 1256 3383 1309 τῆς
3426 1253 3631 1311 κακίας.
3676 1252 3796 1302 Οὔτε
3833 1247 3881 1304 δι

2318 1335 2489 1401 πάλιν,
2537 1336 2622 1389 ὅτε
2677 1336 2726 1388 έν
2786 1336 2993 1409 πλούτῳ
3074 1335 3243 1408 πολλῷ
3314 1335 3434 1391 έστι
3481 1343 3569 1390 καὶ
3627 1335 3879 1391 ἀναπαύσει

2319 1422 2606 1499 ἀμεριμνεῖ,
2684 1423 2793 1478 ἀλλ’
2865 1423 3142 1497 ἐκδέχεται
3217 1430 3312 1484 τὴν
3376 1424 3680 1498 μεταϐολήν.
3726 1429 3881 1480 Καὶὸ

2318 1511 2462 1575 ἣλιος
2517 1521 2670 1586 σῶμα
2722 1519 2813 1567 καὶ
2865 1511 3250 1589 δημιούργημα
3302 1515 3394 1581 ὦν,
3462 1514 3792 1587 καταλάμπων
3835 1512 3883 1569 δι

2316 1600 2387 1664 εἰς
2413 1606 2605 1666 τόπους
2637 1600 2923 1672 δυσώδεις,
2954 1607 3077 1661 ἔνθα
3123 1603 3234 1657 ἔστὶ
3266 1601 3526 1678 βόρϐορος
3549 1609 3638 1657 καὶ
3672 1604 3880 1678 ἀκαθαρ·

3379 1707 3396 1723 ⁹
3455 1698 3601 1765 πόσῳ
3638 1693 3811 1766 μᾶλλον
3837 1696 3883 1745 τὸ

2311 1781 2539 1853 καθαρὸν
2581 1785 2667 1832 καὶ
2699 1781 2847 1853 ἅγιον
2891 1789 3100 1854 Πνεῦμα
3152 1801 3303 1836 συνον
3366 1791 3431 1855 τῇ
3475 1781 3627 1855 ψυχῇ
3682 1784 3883 1857 ετιίνερ-

2308 1874 2534 1941 γουμένη
2596 1871 2697 1922 ύπό
2755 1879 2847 1923 τοῦ
2900 1879 3156 1946 πονηροῦ,
3212 1868 3367 1925 οὐδὲν
3439 1870 3883 1947 συμπεριλαμϐάνει

2310 1956 2396 2010 ἀπ’
2424 1958 2594 2011 αὐτῶν
2623 1981 2635 2023 ;
2669 1963 2883 2032 καὶγὰρ
2911 1963 2988 2013 Τὸ
3021 1962 3215 2032 φῶςὲν
3268 1969 3341 2033 τῇ
3404 1966 3639 2033 σκοτίᾳ
3682 1964 3879 2033 φαίνει,

2307 2051 2414 2099 καὶ
2443 2049 2473 2105 ἡ
2509 2053 2740 2101 σκοτία
2763 2048 2919 2102 αύτό
2958 2048 3025 2101 ού
3053 2047 3391 2103 κατέλαϐε.

2373 2365 2450 2423 Δ’.
2489 2371 2588 2420 Καὶ
2641 2368 2725 2420 ὅτε
2772 2365 2859 2420 οὖν
2890 2367 2938 2420 έν
2966 2367 3121 2442 βάθει
3169 2368 3301 2435 ἔστι,
3359 2375 3452 2424 καὶ
3482 2369 3691 2423 πλουτεῖ
3714 2378 3769 2443 τῇ
3802 2371 3883 2442 χά·

2299 2474 2407 2528 ριτι
2460 2456 2485 2507 ὁ
2533 2458 2822 2530 ἅνθρωπος,
2879 2460 2991 2510 ἔστι
3038 2457 3268 2531 λάχανον
3328 2461 3409 2512 ἔτι
3458 2460 3585 2532 παρ’
3639 2464 3768 2531 αὐτῷ
3809 2466 3885 2517 τῆς

2300 2548 2486 2607 κακίας
2526 2559 2538 2571 ’
2622 2547 2735 2617 ἔχει
2806 2566 2889 2598 τον
2962 2545 3316 2620 ἀντιληπτορα
3384 2546 3685 2621 βοηθοῦντα
3742 2548 3878 2616 αὐτῷ.

2297 2633 2458 2686 Ὀταν
2512 2630 2599 2686 οὖν
2652 2655 2728 2696 τις
2776 2634 2823 2687 ἓν
2875 2635 3111 2707 θλίψεσιν
3248 2644 3343 2691 καὶ
3375 2641 3564 2691 παθῶν
3600 2643 3881 2714 τρικυμίαις,

2299 2723 2394 2775 οὐκ
2426 2722 2610 2796 ὀφεᾶει
2661 2722 2947 2777 ἁπελτιίσαι
2981 2745 2992 2757 ·
3050 2725 3136 2779 έπὶ
3182 2726 3361 2780 πλεῖον
3414 2731 3522 2801 γὰρ
3564 2728 3697 2780 οὕτω
3736 2728 3883 2797 παχύ-

2297 2832 2438 2866 νεται
2463 2815 2492 2871 ἠ
2528 2813 2761 2887 ἁμαρτία
2811 2819 2901 2867 καὶ
2955 2814 3348 2889 έπεισέρχεται.
3404 2816 3573 2870 Ὀταν
3614 2814 3672 2870 δι
3707 2819 3797 2889 ἔχη
3822 2833 3887 2874 τις

2296 2904 2513 2955 πάντοτε
2560 2907 2655 2961 τὴν
2713 2901 2903 2956 ἐλπίδα
2942 2912 3034 2956 τοῦ
3066 2913 3221 2974 Θεοῦ,
3277 2907 3465 2980 ὥσπερ
3496 2906 3884 2959 λεπτύνεταικαὶ

2297 2988 2642 3066 έξυδαροῦται
2671 2996 2728 3044 τὸ
2762 2999 2941 3046 κακόν.
3004 2996 3073 3046 Τὸ
3123 2990 3209 3046 οὖν
3250 2990 3392 3047 εἶναί
3432 3015 3577 3057 τινας
3630 2992 3885 3068 παραλελυ-

2295 3086 2492 3153 μένους,
2562 3084 2591 3140 ἤ
2660 3080 3060 3154 λελωϐημένους,
3134 3102 3509 3159 πυρέσσοντας
3590 3090 3679 3136 καὶ
3758 3082 3886 3134 ἀσθε-

2294 3177 2526 3233 νοῦντας,
2568 3177 2721 3222 τοῦτο
2780 3168 2835 3222 έκ
2885 3179 2979 3231 τῆς
3037 3172 3299 3245 ἅμαρτίας
3346 3177 3711 3248 προσεγένετο.
3768 3168 3885 3225 Αὕτη

2293 3262 2394 3333 γὰρ
2436 3260 2564 3334 ῥίζα
2611 3259 2725 3311 ἐστὶ
2773 3261 2977 3312 πάντων
3038 3268 3135 3313 τῶν
3191 3270 3399 3328 κακῶν,
3445 3268 3539 3316 καὶ
3580 3265 3646 3315 τὰ
3685 3261 3813 3316 πάθη
3844 3254 3892 3310 ὄε

2254 3354 2394 3400 λτῶν
2433 3347 2720 3420 ἐπιθυμιῶν
2775 3356 2872 3410 τῆς
2915 3348 3123 3422 ψυχῆς,
3182 3354 3272 3403 καί
3361 3360 3469 3405 τῶν
3521 3360 3693 3405 κακῶν
3744 3346 3895 3403 610.10-

2291 3445 2497 3509 γισμῶν
2548 3438 2603 3501 ἔξ
2646 3438 2810 3501 αὐτῆς
2858 3438 3011 3491 εἰσιν.
3064 3438 3267 3515 Ὠσπερ
3335 3440 3428 3493 ἐὰν
3532 3446 3678 3513 πηγὴ
3706 3441 3895 3515 ῥέουσα,

2236 3522 2246 3533 ’
2291 3530 2382 3577 καί
2436 3529 2537 3599 ἔχη
2591 3531 2708 3588 τοὺς
2766 3532 3173 3602 παρακειμένους
3258 3534 3468 3593 τόπους
3528 3527 3775 3605 διῦγρους
3818 3530 3895 3578 καὶ

2291 3618 2524 3690 νοτερούς
2557 3633 2571 3646 θ
2652 3618 2845 3690 θέρμης
2894 3614 2952 3670 δε
3012 3622 3316 3691 γενομένης,
3383 3626 3481 3673 καὶ
3534 3620 3670 3679 αῦτη
3728 3623 3811 3670 καὶ
3858 3617 3899 3667 οἱ

2289 3706 2510 3775 ἔγγιστα
2564 3710 2716 3758 τόποι
2771 3706 3099 3780 ξηραίνονται
3126 3724 3141 3738 ’
3200 3708 3379 3771 οὕτως
3411 3716 3507 3763 καὶ
3540 3711 3613 3772 εἰς
3656 3712 3768 3768 τοὺς
3794 3703 3899 3759 δού-

2288 3792 2407 3856 λους
2435 3802 2527 3846 τοῦ
2576 3800 2729 3864 Θεοῦ,
2761 3796 2835 3857 εἰς
2868 3796 2982 3857 οὓς
3032 3796 3311 3859 πλεονάζει
3366 3802 3400 3858 ἠ
3437 3802 3632 3874 χάρις,
3694 3798 3901 3872 ξηραίνει

2286 3887 2380 3940 τὴν
2410 3891 2501 3936 τοῦ
2548 3893 2776 3959 πονηροῦ
2819 3887 3117 3959 ἐπιθυμίαν,
3172 3888 3378 3959 ὁμοίως
3441 3886 3508 3943 δὲ
3553 3893 3644 3941 καὶ
3688 3892 3774 3946 τὴν
3824 3904 3901 3956 fv-

2287 3977 2457 4043 σικὴν,
2501 3971 2681 4033 έπειδὴ
2734 3982 2822 4028 νῦν
2872 3977 2923 4028 οἱ
2981 3983 3074 4028 τοῦ
3132 3984 3271 4030 Θεοῦ
3330 3979 3618 4055 ἄνθρωποι
3687 3979 3897 4050 μείζονες

2281 4068 2550 4135 γίγνονται
2573 4071 2667 4116 τοῦ
2695 4069 2905 4140 πρώτου
2935 4061 3137 4138 Ἀδάμ.

2348 4295 2423 4349 E’.
2472 4294 2527 4354 ὀ
2576 4299 2702 4358 Θεὸς
2749 4278 3131 4371 ἀπερίγραπτός
3172 4296 3296 4352 ἔστι
3353 4306 3453 4355 καὶ
3514 4300 3888 4362 ἀκατάληκτός,

515 4382 741 4453 ubique
780 4398 1100 4453 apparens,
1142 4386 1199 4437 et
1228 4384 1286 4437 in
1337 4381 1666 4448 montibus,
1706 4391 1762 4438 et
1802 4382 1861 4437 in
1912 4385 2080 4449 mari,
2113 4393 2167 4442 et

2294 4393 2551 4455 πανταχοῦ
2603 4384 3005 4458 ἐπιφαινόμενος,
3054 4392 3143 4439 καί
3196 4386 3247 4439 έν
3304 4398 3425 4453 τοῖς
3479 4396 3633 4463 ὄρεσι
3655 4388 3887 4457 καὶέντῇ

513 4472 719 4527 subter
740 4471 1058 4543 abyssum;
1074 4471 1197 4525 etid
1214 4472 1456 4543 quidem
1482 4487 1601 4527 non
1618 4472 1846 4527 ratione
1863 4475 2163 4544 transitus,

510 4560 663 4616 sicut
691 4560 887 4630 angeli
911 4560 1285 4615 descendunt
1305 4578 1334 4614 e
1366 4560 1516 4615 caalo
1538 4560 1597 4615 in
1623 4566 1861 4616 terram.
1883 4561 1980 4617 Est
2000 4565 2162 4618 enim

507 4649 569 4705 in
602 4650 772 4714 caelo,
796 4656 884 4706 est
905 4665 1148 4722 quoque
1179 4650 1294 4704 hic.
1329 4649 1545 4703 Verum
1574 4648 1818 4718 objicies
1843 4651 2008 4716 mihi,
2037 4668 2160 4723 quo

505 4745 683 4811 pacto
716 4746 907 4811 potest
942 4742 1091 4793 Deus
1122 4754 1257 4793 esse
1284 4740 1343 4793 in
1371 4738 1667 4806 gehenua,
1699 4746 1800 4793 aut
1830 4756 1951 4813 quo
1982 4748 2157 4812 pacto

500 4837 692 4902 potest
720 4831 777 4884 in
811 4828 1069 4885 tenebris
1100 4844 1253 4895 esse,
1290 4835 1393 4882 aut
1422 4828 1481 4881 in
1515 4829 1753 4892 Satana,
1788 4834 1889 4883 aut
1918 4829 1978 4884 in
2008 4829 2155 4887 locis

498 4918 900 4989 graveolentia
932 4917 1125 4973 fetidis
1170 4916 1197 4970 ?
1236 4914 1589 4986 Respondeo
1618 4915 1744 4983 tibi,
1800 4917 1923 4988 pati
1952 4919 2152 4990 ipsum

496 5024 615 5064 non
632 5013 1015 5078 posse,atque
1031 5006 1237 5061 omnia
1250 5005 1551 5060 continere
1570 5021 1581 5058 :
1600 5003 2151 5078 incircumscriptus

494 5098 652 5153 enim
680 5102 770 5150 est
799 5112 811 5160 ;
857 5100 1109 5150 Satanas
1146 5109 1306 5157 vero,
1337 5100 1436 5163 qui
1479 5100 1564 5147 est
1604 5094 1732 5163 ejus
1766 5101 2056 5161 creatura,
2085 5096 2149 5152 li-

489 5191 681 5255 gatur.
714 5187 941 5239 Bonum
975 5188 1173 5238 autem
1203 5182 1400 5253 ipsum
1433 5197 1541 5237 nec
1564 5182 1842 5238 sordibus
1874 5184 2146 5256 inquina-

488 5277 604 5337 tur,
638 5288 745 5328 nec
791 5272 1043 5328 tenebris
1102 5268 1451 5325 offunditur.
1485 5270 1653 5336 Quod
1696 5272 1743 5325 si
1786 5287 1964 5342 neges
2006 5290 2144 5330 eum

485 5363 691 5418 omnia
717 5362 1041 5428 continere,
1059 5366 1115 5413 et
1141 5359 1501 5428 gehennam,
1523 5365 1579 5415 et
1603 5362 1911 5423 Satanam,
1942 5362 2141 5434 ipsum

484 5450 630 5506 facis
678 5449 1212 5523 circumscriptum,
1253 5449 1451 5531 quoad
1500 5465 1639 5505 eum
1670 5449 1870 5506 locum
1920 5452 1978 5507 in
2017 5467 2141 5525 quo

556 5627 602 5667 7’
641 5628 809 5684 Joan.
843 5644 879 5694 ι,
928 5632 1008 5686 15.

2278 4472 2540 4536 θαλάσση,
2586 4481 2675 4527 καί
2734 4476 2979 4528 ὑποκάτω
3008 4484 3100 4537 τῆς
3144 4474 3404 4531 ἀϐύσσου
3445 4498 3457 4509 ·
3494 4486 3591 4533 καὶ
3616 4480 3741 4552 οὐχὶ
3770 4476 3892 4529 κατὰ

2270 4561 2579 4633 μετάϐασιν,
2620 4564 2673 4616 ὃν
2724 4570 2913 4639 τρόπον
2984 4566 3033 4618 οἱ
3095 4566 3317 4638 ἄγγελοι
3410 4575 3800 4644 κατερχόμενα
3848 4564 3893 4626 ἐξ

2270 4652 2490 4725 ούρανοῦ
2521 4652 2603 4706 ἐπὶ
2638 4659 2733 4712 τὴν
2780 4664 2900 4725 γῆν.
2939 4653 3093 4709 ’Ἐστι
3142 4659 3249 4730 γὰρ
3289 4657 3351 4710 έν
3383 4660 3625 4731 οὐρανῷ,
3658 4664 3744 4710 καὶ
3767 4660 3890 4708 ἔστιν

2267 4738 2397 4795 ὧδε.
2431 4741 2564 4793 Ἀλλ’
2594 4741 2725 4817 ίρεῖς
2772 4762 2863 4814 μοι
2910 4752 3015 4805 πῶς
3066 4740 3301 4798 δύναται
3331 4749 3359 4800 ὀ
3392 4756 3538 4811 Θεος
3571 4748 3621 4802 ἄν
3650 4756 3711 4821 τῇ
3734 4749 3888 4819 γεέννῃ

2266 4826 2414 4896 εἶναι,
2446 4834 2475 4888 ἦ
2523 4839 2633 4892 πῶς
2672 4828 2893 4885 δύναται
2933 4832 2981 4884 έν
3039 4840 3112 4904 τῷ
3175 4839 3369 4889 σκότει
3437 4836 3595 4903 εἶναι,
3662 4837 3691 4894 ἦ
3746 4833 3791 4887 έν
3830 4840 3891 4901 τῷ

2264 4924 2485 4989 Σατανᾷ,
2518 4924 2547 4979 ἦ
2596 4925 2775 4983 τόποις
2822 4921 2949 4974 ὅπου
2994 4926 3109 4975 ἐστὶ
3150 4918 3468 4993 δυσωδία;
3524 4925 3889 4999 Ἀποκρίνομιιί

2263 5026 2348 5059 σοι
2390 5009 2558 5080 κάγὼ,
2638 5009 2719 5062 ὃτι
2770 5008 2976 5072 ἀπαθής
3026 5010 3148 5063 ἐστι
3203 5018 3304 5066 καὶ
3365 5018 3553 5069 πάντα
3609 5018 3836 5089 περιέχει
3869 5027 3879 5037 “

2258 5095 2649 5172 ἀπερίγραπτος
2690 5102 2792 5173 γὰρ
2853 5098 2988 5166 ἔστι,
3038 5106 3128 5153 καὶ
3187 5101 3216 5152 ὁ
3284 5110 3536 5167 Σατανᾶς
3584 5109 3655 5156 ὧν
3702 5107 3888 5173 κτίσμα

2258 5186 2418 5238 αὐτοῦ
2451 5184 2743 5259 δεσμείται.
2802 5191 2871 5241 Τό
2930 5185 2989 5243 δε
3045 5190 3248 5260 ἀγαθόν
3293 5194 3421 5246 οὔτε
3461 5195 3752 5268 ῥυποῦται,
3783 5194 3886 5242 οὔτε

2260 5276 2579 5337 σκοτίζεται.
2616 5278 2673 5331 Εἰ
2703 5273 2762 5330 δι
2788 5278 2847 5331 ού
2895 5278 3061 5351 λέγεις
3089 5278 3251 5337 αὐτὸν
3282 5286 3572 5356 περιέχειν
3603 5285 3673 5338 τὰ
3708 5282 3881 5341 πάντα,

2254 5370 2343 5418 καὶ
2398 5369 2491 5424 τὴν
2527 5369 2751 5437 γέενναν,
2798 5371 2884 5420 καὶ
2940 5371 3025 5419 τόν
3079 5374 3348 5437 Σατανᾶν,
3387 5382 3569 5434 ποιεῖς
3627 5372 3781 5426 αὐτόν
3808 5386 3881 5421 πε·

2253 5459 2540 5527 ρίγραπτον
2588 5454 2659 5518 εἰς
2697 5454 2883 5509 ἐκεῖνον
2930 5459 3016 5509 τόν
3070 5461 3257 5528 τόπον,
3321 5458 3375 5513 έν
3440 5462 3484 5535 ᾧ
3546 5461 3692 5517 ἔστιν
3740 5461 3877 5514 ὀπυ-
