4076 6210
192 216 286 277 617

1423 219 1761 276 HOMILUE.
1796 251 1867 261 —
1904 220 2080 277 HOM.
2122 223 2276 280 XVI.

3417 219 3522 274 6l8

189 352 348 422 νηρός,
380 348 465 399 ἵνα
512 346 754 417 ζητῶμεν
797 343 946 398 ἄλλον
1001 343 1250 421 ἀνώτερον
1305 344 1488 400 αὑτοῦ.
1546 345 1769 419 Ἀνάγκη

1883 346 2116 404 habitat
2144 348 2238 404 ille
2269 363 2554 421 nequam,
2577 354 2641 405 ut
2673 349 2811 405 inde
2852 348 3232 421 inquiramus
3257 346 3441 403 alium
3463 360 3536 401 eo

190 440 279 511 γὰρ
307 439 390 489 τόν
439 439 570 490 Θεὸν
610 442 886 506 πανταχοῦ
945 433 1194 510 ἀνώτερον
1247 435 1399 487 αὐτόν
1442 432 1573 488 εἶναι
1611 450 1623 462 ⁶
1680 433 1776 489 διὰ

193 522 241 579 ὥ
283 530 343 578 τό
368 530 662 598 μυστήριον
708 531 800 585 τῆς
860 524 1101 585 θεότητος
1139 529 1227 577 καὶ
1264 528 1352 576 τόν
1403 525 1696 583 λεπτότητα
1724 525 1772 577 έν

192 613 316 684 αὐτῷ
342 618 713 687 περιεχόμενον
760 614 820 663 τό
871 616 1077 682 σκότος,
1131 612 1191 665 οὐ
1249 613 1633 685 καταλαμϐάνει
1684 620 1775 666 αῦ-

191 710 263 755 τόν
294 724 306 737 ·
351 706 470 756 οὔτε
528 699 751 757 δύναται
798 702 854 753 τό
902 704 1061 753 κακόν
1113 706 1350 773 μετέχειν
1402 712 1511 764 τῆς
1550 706 1774 777 καθαρό-

191 811 342 857 τητος,
378 795 410 851 ἦ
439 795 490 845 ἓν
520 791 663 862 αὐτῷ
711 791 844 847 ἔστι.
894 800 977 864 Τῷ
1016 790 1104 845 οὖν
1161 801 1275 865 Θεῷ
1324 788 1475 847 οὐδὲν
1504 797 1663 846 κακὸν
1693 792 1775 845 έν-

194 885 496 947 υκόστατον,
528 880 637 935 επεὶ
667 878 819 934 οὐδὲν
849 878 1133 939 ἀδικεῖται.

252 1077 314 1142 ς’.
341 1077 502 1149 Ἡμῖν
555 1073 617 1130 δέ
667 1079 781 1130 ἔστι
810 1080 967 1131 κακὸν
1032 1075 1127 1131 διὰ
1163 1080 1221 1131 τό
1252 1078 1437 1131 οἰκεῖον
1468 1077 1518 1130 έν
1652 1098 1775 1151 καρ-

194 1161 289 1237 δία,
337 1170 435 1218 καὶ
467 1164 709 1239 ἕνεργεῖν,
764 1165 1052 1219 ὑποϐάλλον
1081 1166 1365 1239 λογισμοὺς
1395 1170 1655 1240 πονηροὺς
1685 1170 1774 1219 καὶ

190 1256 463 1327 ῥυπαροὺς,
524 1259 614 1307 καὶ
670 1258 763 1326 μη
808 1263 1123 1327 συγχωροῦν
1173 1258 1416 1329 καθαρῶς
1483 1259 1772 1329 προσεύχε-

194 1347 318 1411 σθαι,
348 1343 463 1397 ἀλλ’
504 1343 913 1416 αἰχμαλωτίζον
956 1348 1045 1397 τόν
1098 1353 1215 1397 νοῦν
1245 1345 1315 1408 εἰς
1354 1348 1440 1398 τόν
1470 1345 1633 1397 αἰῶνα
1660 1350 1775 1397 τοῦ.

189 1452 278 1487 τον.
310 1429 629 1488 Ἐνδέδυται
684 1430 772 1485 οὖν
823 1435 919 1496 τὰς
968 1434 1164 1506 ψυχὰς,
1198 1435 1370 1506 ἣψατό
1403 1431 1462 1488 δέ
1489 1439 1579 1487 καὶ
1605 1434 1773 1486 αὐτῶν

184 1531 268 1574 τῶν
290 1524 489 1576 ὀστέων
530 1522 719 1596 μελῶν,
764 1522 1097 1597 Ὠσπεροοῦν
1147 1525 1293 1576 ἐσσιν
1342 1524 1414 1586 εἰς
1471 1527 1557 1576 τόν
1584 1523 1708 1599 ἀέρα
1748 1524 1773 1576 6

182 1618 412 1675 Σατανᾶς,
476 1616 569 1664 καὶ
632 1612 658 1662 ό
708 1616 841 1673 Θεός
882 1618 1063 1685 παρὼν
1116 1611 1221 1665 ἐκεῖ
1275 1609 1427 1666 οὐδὲν
1484 1609 1772 1683 ἀδικεῖται,

1882 437 2271 507 superiorem.
2301 439 2555 494 Necesse
2579 444 2666 494 est
2686 439 2846 494 enim
2877 440 3061 493 Deum
3090 438 3289 508 ipsum
3318 435 3536 506 ubique

1883 525 2251 595 superiorem
2292 543 2439 582 esse.
2475 529 2689 584 Verum
2728 536 2968 600 propter
3000 526 3285 599 mysteria
3320 524 3536 579 divini-

1884 614 2019 668 tatis
2036 618 2091 668 et
2112 614 2495 671 subtilitatem
2518 617 2665 687 ejus,
2683 618 3074 688 tenebraequae
3100 615 3177 670 ab
3198 631 3268 669 eo
3291 613 3535 684 capiun-

1884 707 1997 768 tur,
2031 718 2170 759 eum
2202 720 2319 759 non
2356 706 2914 777 comprehendunt:
2950 722 3058 761 nec
3089 703 3253 777 quod
3296 702 3524 758 malum

1885 796 1993 856 est,
2022 794 2321 865 particeps
2356 810 2487 850 esse
2513 800 2709 866 potest
2740 796 3033 866 puritatis,
3072 810 3205 867 quae
3236 798 3323 849 est
3367 790 3532 863 apud

1886 880 2092 936 Deum.
2142 886 2202 937 In
2238 886 2352 938 Deo
2401 898 2543 953 ergo
2578 884 2719 939 nihil
2766 884 2905 940 mali
2957 883 3247 946 subsistit,
3291 881 3436 954 quia
3474 894 3536 935 re

1884 970 2135 1027 omnino
2165 972 2329 1027 nulla
2356 972 2491 1028 laedi
2523 978 2734 1045 potest.

1956 1096 2006 1165 7
2019 1097 2074 1166 0
2098 1095 2190 1150 VI.
2216 1098 2278 1151 In
2301 1097 2472 1152 nobis
2492 1114 2626 1153 vero
2642 1096 2825 1152 haeret
2844 1097 3091 1161 malum,
3109 1111 3179 1150 eo
3194 1094 3355 1166 quod
3370 1093 3444 1148 ha
3457 1093 3539 1147 bi-

1885 1186 1966 1237 tet
1996 1185 2051 1239 in
2085 1186 2284 1250 corde,
2320 1193 2377 1240 et
2416 1186 2566 1241 vires
2609 1203 2750 1241 suas
2782 1186 3005 1243 ibidem
3039 1188 3294 1251 exserat,
3328 1196 3540 1251 sugge-

1882 1287 2020 1328 rens
2034 1274 2422 1343 cogitationes
2438 1290 2655 1345 pravas
2675 1280 2731 1330 et
2744 1276 3175 1341 0bscenas,nec
3192 1270 3539 1343 permittens

1883 1377 2088 1433 preces
2114 1361 2417 1417 effundere
2442 1379 2642 1434 puras,
2667 1364 2773 1418 sed
2797 1364 3097 1433 captivam
3125 1362 3351 1417 ducens
3375 1375 3537 1413 men-

1887 1452 2001 1505 tem
2043 1452 2101 1504 in
2134 1450 2245 1506 hoc
2277 1451 2583 1506 saeculum.
2622 1451 2813 1506 Induit
2846 1450 3024 1520 igitur
3063 1450 3320 1513 animas,
3350 1454 3531 1519 atque

1883 1540 2076 1611 attigit
2101 1557 2343 1613 quoque
2369 1556 2541 1596 ossea
2566 1540 2856 1596 membra.
2879 1538 3406 1605 Quemadmodum
3431 1536 3538 1605 igi-

1883 1634 1978 1684 tur
2003 1632 2252 1686 Satanas
2278 1630 2451 1685 estin
2481 1646 2636 1694 aere,
2662 1635 2717 1685 et
2747 1633 2915 1693 Deus,
2935 1629 3037 1700 qui
3058 1635 3271 1699 praesto
3304 1626 3382 1679 ibi
3415 1632 3524 1689 est,

182 1703 325 1764 οὕτως
353 1706 449 1754 καὶ
510 1700 559 1753 έν
615 1709 677 1774 τῇ
710 1700 866 1774 ψυχῇ
923 1700 1064 1755 ἐστιν
1111 1704 1143 1760 ἠ
1204 1702 1453 1775 ἁμαρτία,
1497 1702 1683 1774 ὁμοίως
1715 1700 1769 1757 δί

1883 1718 2027 1773 nihil
2054 1718 2286 1774 laeditur
2310 1721 2590 1774 omnino:
2627 1719 2710 1773 sic
2748 1725 3060 1788 peccatum
3093 1722 3181 1770 est
3213 1715 3270 1769 in
3308 1714 3532 1780 anima,

175 1795 251 1843 καὶ
295 1794 466 1864 χάρις
522 1795 650 1845 Θεοῦ
703 1793 917 1843 σύνεστι
954 1794 1121 1864 μηδεν
1172 1789 1514 1866 ἀδικουμένη.
1570 1801 1767 1870 Ὥσπερ

176 1882 247 1931 ἐὰν
282 1878 532 1953 ᾔδοῦλος
576 1882 734 1951 ἔγγὺς
782 1888 872 1933 τοῦ
927 1876 1188 1933 δεσπότου
1219 1882 1400 1945 αὐτοῦ,
1443 1883 1595 1946 οὗτος
1633 1887 1768 1937 πάνυ

171 1987 270 2022 τοτε
308 1973 543 2041 ἔγγιστα
583 1969 744 2022 αὐτοῦ
773 1973 841 2021 ὤν
894 1971 994 2022 ὑπό
1050 1969 1205 2043 φοϐον
1255 1970 1392 2038 ἐστὶ,
1443 1969 1609 2043 μηδεν
1647 1973 1768 2026 ἄνευ

174 2058 315 2111 αὑτοῦ
348 2055 802 2131 διαπραττόμενος
832 2073 846 2088 ⁶
906 2059 1070 2120 οὕτως
1100 2063 1189 2112 καὶ
1227 2061 1379 2132 ἡμεῖς
1419 2069 1491 2131 τῷ
1531 2066 1765 2134 Δεσπότῃ

174 2154 375 2220 Χριστῷ
413 2157 492 2220 τῷ
529 2144 935 2221 καρδιογνώστῃ
986 2153 1109 2212 τοὺς
1146 2149 1430 2222 λογισμοὺς
1468 2152 1613 2223 ἡμῶν
1645 2150 1768 2203 ἀνα-

172 2239 349 2290 τιθέναι
390 2241 490 2289 καὶ
512 2244 759 2311 φανεροῦν
807 2236 1088 2310 ὀφείλομεν,
1132 2242 1221 2290 καὶ
1276 2241 1418 2310 ἔχειν
1457 2243 1551 2297 τὴν
1582 2237 1770 2293 ἐλπίδα

174 2330 251 2377 καὶ
271 2331 367 2385 την
408 2328 730 2384 πεποίθησιν
772 2325 1031 2392 ὲπάὐτόν,
1071 2328 1149 2379 ὅτι
1204 2327 1407 2389 Αὐτός
1459 2331 1577 2400 μού
1629 2331 1769 2382 ἔστι

175 2411 338 2483 δόξα,
399 2420 514 2467 καὶ
555 2419 744 2476 αὑτός
773 2418 891 2488 μού
950 2418 1090 2469 ἐστι
1141 2421 1380 2490 Πατὴρ,
1424 2422 1532 2470 καὶ
1580 2419 1771 2483 αὐτός

173 2510 277 2574 μού
332 2505 487 2561 ἐστι
525 2504 819 2567 πλοῦτος.
872 2506 1098 2559 Πάντοτε
1128 2506 1217 2557 οὖν
1268 2505 1410 2579 έντῇ
1469 2504 1772 2567 συνειδήσει

174 2593 370 2666 ὀφείλεις
400 2597 545 2666 ἔχειν
571 2598 664 2652 τὴν
694 2599 944 2667 μέριμναν
974 2598 1176 2647 καὶτὸν
1226 2584 1401 2667 φόϐον.
1438 2596 1553 2649 Ἐὰν
1585 2594 1644 2649 δε
1683 2603 1773 2652 καὶ

178 2703 245 2744 τις
276 2690 351 2758 μὴ
414 2686 519 2757 ἔχῃ
578 2688 673 2741 τὴν
716 2685 879 2756 χάριν
925 2691 1019 2736 τοῦ
1077 2691 1211 2737 Θεοῦ
1263 2690 1644 2757 πεφυτευμένην
1684 2693 1773 2741 καὶ

174 2778 504 2846 πεπηγμένην
547 2771 598 2824 ἕν
664 2771 853 2845 ἐαυτῷ,
903 2775 1036 2825 ἔστω
1088 2777 1268 2834 νυκτός
1316 2778 1405 2826 καὶ
1461 2777 1655 2849 ἡμέρας
1708 2780 1771 2837 ὡς

174 2866 381 2932 φυσικόν
436 2859 568 2915 εἶναι
615 2861 1126 2935 προσκεκολλημένον
1194 2870 1256 2935 τῇ
1309 2862 1488 2936 ψυχῇ,
1526 2868 1585 2916 τὸ
1649 2866 1767 2918 καθ’

173 2952 289 3025 ὤραν
314 2947 558 3023 ὀδηγοῦν
590 2950 749 3004 αὐτὸν
800 2955 890 3005 καὶ
944 2947 1243 3017 διῦπνίζον,
1283 2957 1373 3005 καὶ
1400 2954 1659 3026 ὑπορθοῦν
1697 2954 1770 3015 εἰς

1881 1807 2147 1863 similiter
2175 1824 2416 1881 quoque
2439 1809 2629 1877 gratia
2654 1808 2878 1871 divina,
2912 1823 3021 1860 nec
3050 1812 3249 1860 tamen
3276 1802 3531 1858 laeditur.

1882 1896 2125 1951 Perinde
2149 1913 2217 1952 ac
2238 1898 2284 1950 si
2316 1898 2388 1952 sit
2420 1912 2629 1951 servus
2656 1896 2828 1966 juxta
2855 1895 3172 1951 dominum
3207 1907 3404 1956 suum,
3430 1890 3536 1962 qui

1879 2002 2017 2041 cum
2041 1993 2345 2057 perpetuo,
2371 1986 2515 2041 dum
2540 1985 2617 2040 ab
2636 1988 2765 2054 ejus
2790 1983 2969 2039 latere
2983 1988 3090 2049 est,
3116 1982 3189 2035 sit
3211 1981 3324 2035 sub
3348 1985 3531 2045 metu,

1879 2075 2024 2129 nihil
2070 2074 2298 2146 absque
2340 2076 2466 2145 ejus
2491 2075 2664 2144 jussu
2710 2072 2995 2143 suscipit:
3032 2073 3116 2125 sic
3147 2084 3385 2143 quoque
3419 2084 3532 2123 nos

1881 2162 2134 2217 Domino
2175 2163 2399 2217 Christo
2431 2162 2701 2217 cci-dium
2739 2159 3101 2232 exploratori
3143 2159 3536 2227 cogitationes

1878 2256 2113 2307 nostras
2125 2267 2422 2323 esponere
2435 2257 2529 2323 atq
2540 2269 2608 2305 ue
2627 2251 2877 2322 aperire,
2895 2265 2964 2305 ac
2984 2264 3148 2319 spem
3166 2252 3220 2302 et
3244 2245 3529 2301 fiduciam

1879 2341 1938 2395 in
1970 2356 2037 2395 eo
2075 2339 2428 2395 collocatam
2458 2339 2680 2395 habere
2711 2338 3024 2403 debemus,
3067 2336 3328 2391 dicentes
3356 2352 3367 2389 :
3403 2334 3535 2401 Ipse

1880 2434 1964 2485 est
1999 2429 2195 2499 gloria
2240 2443 2391 2495 mea,
2426 2429 2550 2497 ipse
2582 2433 2660 2483 est
2697 2428 2875 2483 Pater
2912 2441 3095 2491 meus,
3145 2425 3271 2494 ipse
3308 2422 3534 2478 divitia

1880 2532 2041 2574 meai.
2071 2520 2425 2587 Perpetuam
2446 2517 2622 2586 igitur
2646 2516 2706 2571 in
2728 2514 3079 2571 conscentia
3102 2513 3325 2567 habere
3351 2510 3536 2565 debes

1885 2605 2347 2662 sollicitudinem
2375 2622 2444 2662 ac
2473 2612 2717 2660 metum.
2741 2603 2914 2670 Quod
2936 2606 2983 2657 si
3011 2602 3146 2675 quis
3171 2601 3425 2670 gratiam
3449 2599 3538 2653 di-

1883 2695 2086 2751 vinam
2128 2696 2459 2767 plantatam
2490 2700 2546 2751 et
2578 2694 2825 2750 infixam
2865 2694 2924 2748 in
2970 2708 3099 2748 sese
3128 2707 3251 2747 non
3289 2689 3534 2756 habeat,

1881 2791 2065 2840 noctu
2093 2784 2319 2855 diuque
2348 2788 2527 2853 curet,
2561 2789 2643 2847 ut,
2677 2789 2970 2855 tanquam
3003 2780 3272 2836 naturale
3305 2780 3395 2844 sit,
3425 2778 3535 2833 ad-

1880 2874 2104 2930 hareat
2142 2875 2361 2930 animai
2398 2874 2479 2941 id,
2512 2873 2677 2943 quod
2715 2871 2795 2927 ad
2838 2872 3051 2926 horam
3104 2870 3303 2939 ipsum
3347 2867 3533 2936 ducit,

1880 2964 2096 3019 excitat
2141 2968 2320 3034 atque
2364 2960 2565 3030 dirigit
2607 2960 2684 3016 ad
2734 2975 2805 3016 ea
2853 2975 2989 3031 quae
3042 2957 3205 3013 bona
3252 2960 3413 3018 sunt,
3472 2960 3534 3008 ut

169 3043 226 3092 τὰ
248 3040 467 3114 ἀγαθοί·
518 3043 603 3092 ἵνα
647 3046 772 3111 γοῦν
824 3043 918 3097 την
969 3044 1222 3112 μέριμναν
1276 3044 1399 3113 ἔχῃ,
1454 3044 1540 3094 τόν
1593 3041 1767 3118 φόϐον,

1883 3052 2092 3109 saltem
2116 3068 2322 3108 curam
2346 3050 2588 3118 habeat,
2606 3054 2831 3104 metum
2847 3047 3223 3111 aclaborem,
3240 3049 3532 3115 tanquam

171 3134 243 3181 τόν
278 3136 462 3196 πόνον,
506 3131 578 3191 ὡς
607 3131 829 3201 φυσικόν
878 3134 970 3182 καὶ
1031 3131 1282 3202 ἄτρεπτον
1328 3134 1416 3183 τὸν
1447 3136 1769 3205 συντριμμόν

170 3228 248 3282 τῆς
275 3216 512 3290 καρδίας
538 3220 763 3271 πάντοτε
796 3222 1152 3290 πεπηγμένον.

228 3327 296 3382 Ζ’.
344 3325 550 3398 Ὠσπερ
605 3322 667 3379 δε
732 3325 960 3397 μέλισσα
1004 3334 1248 3401 κρυπτῶς
1310 3325 1633 3399 ἐργαζομένη
1714 3332 1770 3380 τὸ

168 3422 336 3488 κηρίον
406 3415 457 3467 ἓν
500 3423 575 3486 τῷ
611 3434 858 3486 κοσκινῳ,
918 3416 1083 3476 οὕτως
1131 3420 1221 3467 καὶ
1251 3417 1281 3473 ἠ
1324 3418 1486 3489 χάρις
1526 3426 1769 3489 κρυπτῶς

170 3504 441 3576 ἕργοξζεται
480 3502 528 3555 ἐν
585 3510 703 3564 ταῖς
754 3499 998 3577 καρδίαις
1046 3507 1142 3561 τὴν
1186 3503 1374 3565 ἑαυτῆς
1408 3503 1638 3575 ἀγαπην,
1680 3511 1769 3558 καὶ

167 3593 469 3661 μεταϐάλλει
498 3591 600 3644 ἀπό
638 3596 966 3665 πικρότεητος
1034 3591 1104 3652 εἰς
1133 3591 1450 3663 γλυκύτητα,
1508 3592 1608 3645 ἀπὸ
1647 3613 1770 3667 τρα-

169 3685 392 3751 χύτητος
437 3680 506 3741 εἰς
557 3680 817 3738 λειότητα.
884 3678 1085 3756 Ὠσπερ
1143 3677 1201 3733 δε
1260 3679 1619 3755 ἀργυροκόπος
1677 3689 1767 3735 καὶ

169 3770 549 3844 ἀναγλυφοὶριος
589 3769 890 3842 ἁναγλῦφων
958 3766 1144 3823 δίσκον
1187 3774 1323 3823 κατὰ
1387 3776 1537 3845 μέρος
1578 3775 1767 3825 σκεπά-

174 3864 236 3921 ζει
264 3862 398 3933 ἂπερ
428 3860 612 3932 γλύφει
644 3855 871 3931 διάφορα
902 3855 1093 3925 quam,
1135 3858 1259 3912 ἐπὰν
1304 3857 1363 3913 δε
1415 3861 1615 3933 τελέσῃ,
1654 3866 1767 3915 τότε

170 3957 369 4024 pangat
431 3948 589 4001 αὐτόν
632 3946 1055 4023 έξαστράπτοντα
1105 3957 1177 4020 τῷ
1235 3954 1365 4022 φωτί
1399 3969 1411 3981 ·

168 4039 405 4112 όΚύριος
465 4036 705 4098 ἀληθινός
753 4042 999 4109 τεχνίτης
1068 4036 1353 4111 ἀναγλῦφει
1391 4041 1478 4099 τὰς
1542 4036 1766 4113 καρδίας

170 4129 325 4198 ἡμῶν,
384 4131 476 4179 καὶ
539 4126 861 4188 ἀνακαινίζει
917 4125 965 4178 έν
1021 4133 1316 4200 μυστηρίῳ,
1359 4129 1450 4189 ἕως
1506 4124 1564 4180 οὗ
1605 4126 1762 4188 ἐκδη-

1474 3950 1638 4011 οὖτως
1676 3950 1766 4002 καί

168 4222 402 4284 μὲσωσιν
466 4217 524 4269 έκ
579 4224 671 4268 τοῦ
712 4222 975 4288 σώματος,
1059 4222 1148 4268 καὶ
1208 4222 1323 4269 τότε
1384 4223 1617 4288 φαίνεται
1670 4227 1765 4281 τῆς

170 4304 346 4377 ψυχῆς
396 4309 457 4358 τό
487 4305 692 4367 κάλλος,
743 4306 807 4358 Οἱ
851 4309 953 4377 γὰρ
995 4305 1214 4366 θελοντες
1272 4308 1429 4364 σκεύη
1474 4325 1764 4359 κατασκευ-

1879 3142 2213 3198 naturalem
2226 3138 2731 3197 etimmutabilem
2750 3135 3167 3193 contritionem
3181 3132 3379 3189 cordis
3402 3146 3533 3203 per-

1882 3234 2064 3302 petuo
2094 3229 2366 3285 inﬁxam.

1951 3337 2068 3391 VII.
2112 3334 2637 3402 Quemadmodum
2667 3337 2869 3390 autem
2910 3331 3041 3403 apis
3072 3332 3294 3385 secreto
3326 3327 3531 3384 favum

1880 3426 2053 3495 ﬁngit
2090 3442 2160 3481 ac
2192 3426 2479 3480 construit
2502 3424 2561 3479 in
2593 3423 2802 3487 alveo;
2836 3422 2921 3476 sic
2950 3435 3195 3493 quoque
3225 3416 3412 3489 gratia
3443 3431 3535 3471 se-

1880 3522 2039 3570 creto
2051 3515 2352 3570 exercetin
2369 3513 2650 3569 cordibus
2668 3511 3046 3567 dilectionem
3065 3524 3258 3571 suam,
3287 3512 3343 3561 et
3367 3504 3534 3578 quod

1880 3620 2157 3661 amarum
2179 3610 2265 3658 est
2290 3608 2477 3657 mutat
2506 3603 2563 3657 in
2592 3601 2784 3665 dulce,
2810 3599 2973 3671 quod
2997 3604 3195 3652 autem
3228 3610 3534 3666 asperum,

1878 3694 1937 3749 in
1968 3693 2028 3749 id
2054 3692 2218 3764 quod
2249 3692 2377 3746 leve
2408 3696 2518 3745 est.
2557 3689 2716 3746 Sicut
2745 3698 2945 3744 autem
2972 3686 3139 3741 faber
3163 3682 3535 3752 argentarius

1877 3779 2479 3852 etsculptor,quando
2493 3780 2730 3833 discum
2745 3776 2979 3846 sculpit,
2999 3774 3377 3844 aliquatenus
3397 3786 3535 3839 ope-

1875 3873 1950 3927 rit
1979 3871 2143 3926 varia
2178 3869 2450 3940 illa,quaa
2473 3866 2689 3937 sculpit
2725 3863 3046 3920 animalia:
3079 3861 3178 3916 ubi
3211 3874 3347 3914 vero
3378 3873 3535 3928 opus

1873 3958 2095 4023 fecerit,
2116 3964 2254 4013 tunc
2281 3955 2501 4028 profert
2519 3953 2687 4009 illum
2718 3954 2776 4008 in
2802 3952 2933 4007 luce
2961 3949 3376 4018 splendentem
3402 3962 3414 4000 :
3448 3946 3533 4000 sic

1873 4063 2115 4121 quoque
2149 4046 2454 4114 Dominus,
2505 4060 2679 4099 verus
2709 4042 2801 4098 ille
2835 4039 3067 4105 artifex,
3101 4037 3316 4108 sculpit
3346 4035 3535 4091 corda

1872 4147 2093 4201 nostra,
2127 4154 2197 4194 ac
2226 4138 2459 4192 occulte
2487 4140 2749 4200 renovat,
2778 4134 2971 4188 donec
2997 4148 3028 4186 c
3058 4144 3308 4200 corpore
3345 4127 3530 4182 disce-

1872 4229 2038 4293 dant,
2065 4233 2245 4297 atque
2268 4232 2392 4282 tum
2424 4225 2753 4294 conpiscua
2784 4223 2846 4277 ﬁt
2880 4222 3096 4276 animae
3132 4216 3531 4291 pulchritudo.

1872 4318 1985 4389 Qui
2012 4317 2170 4372 enim
2202 4314 2625 4387 supellectilem
2653 4327 2862 4383 parare
2885 4311 2943 4365 in
2961 4324 3151 4380 eaque
3174 4302 3537 4361 animalcula

170 4398 310 4463 οἱσαι,
372 4401 460 4447 καὶ
532 4396 763 4467 ἒνυφάνει
817 4390 1010 4458 ζὼδια,
1060 4404 1263 4469 πρῶτον
1310 4395 1761 4466 κηροπλαστοῦσι,

1883 4408 2204 4479 exprimere
2236 4405 2463 4469 volunt,
2497 4404 2757 4475 primum
2800 4415 2998 4455 ceram
3033 4396 3321 4467 efﬁgiant,
3355 4400 3535 4465 atque

170 4490 252 4536 καὶ
287 4486 450 4545 οὑτως
508 4484 759 4556 ἐκχέουσι
806 4483 924 4536 καθ’
970 4486 1252 4556 ὁμοιότητα
1291 4482 1501 4549 ἑκείνου,
1544 4487 1678 4538 ὥστε
1708 4490 1763 4537 τὸ

172 4576 312 4645 ἔργον
362 4577 479 4627 κατ’
532 4578 693 4629 έκεῖνο
744 4572 1152 4635 ἀποτελεσθῆναι
1202 4576 1257 4626 τό
1313 4582 1506 4647 σχῆμα
1547 4594 1559 4607 ·
1602 4576 1764 4637 οὕτως

174 4669 254 4715 καὶ
284 4666 317 4722 ἡ
360 4665 595 4737 ἁμαρτία
649 4670 852 4736 πνεῦμα
906 4660 1043 4715 οὖσα
1082 4663 1253 4715 εἰκόνα
1298 4666 1430 4735 ἔχει,
1472 4667 1562 4716 καὶ
1607 4683 1767 4735 μετα-

175 4750 406 4806 ϐάλλεται
476 4753 547 4816 εἰς
602 4754 807 4825 μορφὰς
853 4751 1061 4814 πολλάς.
1118 4751 1337 4823 Ὁμοίως
1392 4747 1450 4803 δε
1480 4758 1568 4804 καὶ
1608 4753 1633 4803 ό
1665 4754 1766 4803 ἔσω

175 4839 437 4913 ἄνθρωπος
473 4838 666 4905 ζώδιόν
704 4840 817 4893 ἔστί
846 4859 919 4905 τι,
976 4842 1099 4911 ἔχον
1138 4839 1309 4893 εἰκόνα
1336 4845 1426 4892 καὶ
1476 4845 1762 4913 μόρφωσιν.

174 4928 437 5002 Ὀμοέωμα
488 4934 592 5004 γὰρ
646 4931 758 4983 ἐστι
810 4936 899 4981 τοῦ
948 4928 1043 4992 ἔξω
1094 4927 1364 5001 ἀνθρώπου
1406 4931 1431 4981 6
1470 4932 1590 4981 ἔσω.
1620 4933 1769 4999 Μέγα

176 5019 260 5070 οὖν
291 5024 403 5074 ἑστι
456 5024 513 5074 τό
564 5027 749 5079 σκεῦος
804 5023 894 5071 καὶ
927 5023 1121 5089 τίμιον,
1176 5014 1356 5077 ἐπειδὴ
1415 5016 1516 5071 ἀπό
1562 5019 1765 5069 πάντων

176 5116 272 5159 τῶν
334 5112 636 5180 κτισμάτων
718 5106 823 5159 ἐκεῖ
904 5102 1189 5163 εὐδόκησεν
1237 5108 1262 5157 ό
1310 5109 1522 5180 Κύριος.
1581 5109 1681 5158 Καὶ
1720 5106 1768 5156 οἰ

178 5200 267 5263 μέν
298 5196 481 5268 ἀγαθοὶ
518 5197 765 5269 λογισμοὶ
817 5202 910 5256 τῆς
937 5194 1126 5266 ψυχῆς
1150 5193 1354 5247 ἐοίκασι
1378 5194 1541 5256 λίθοις
1579 5196 1769 5265 τιμίοις

176 5293 266 5336 καὶ
330 5291 696 5359 μαργαρίταις,
762 5285 812 5336 οἱ
860 5280 920 5336 δε
976 5282 1260 5357 ἀκάθαρτοι
1317 5282 1566 5354 λογισμοὶ
1616 5300 1769 5353 μεμε-

182 5379 426 5443 στωμένοι
477 5375 609 5428 εἰσὶν
674 5373 868 5426 ὀστέων
926 5381 1116 5447 νεκρῶν
1164 5377 1255 5424 καὶ
1320 5375 1497 5432 πάσης
1537 5373 1773 5445 ἀκαθαρ-

184 5469 327 5527 σίας,
355 5472 439 5517 καὶ
464 5460 762 5523 δυσωδίας.

260 5587 333 5642 [ι’.
380 5592 441 5642 Οἱ
498 5587 585 5644 οὖν
638 5594 943 5661 Χριστιανοὶ
1003 5588 1157 5642 ἄλλον
1216 5587 1401 5648 αἰῶνός
1460 5586 1611 5650 εἰσιν,
1670 5587 1774 5637 υἱοὶ

1875 4503 1999 4551 tum
2012 4495 2089 4552 ad
2105 4496 2432 4564 imaginem
2454 4492 2617 4547 illam
2636 4490 2916 4553 fundunt,
2940 4494 3000 4543 ut
3028 4503 3182 4558 opus
3199 4484 3535 4540 secundum

1874 4585 2133 4655 efﬁgiem
2152 4584 2315 4639 illam
2341 4582 2684 4638 absolutum
2714 4578 3032 4634 reddatur:
3068 4591 3189 4631 non
3213 4573 3379 4628 aliter
3404 4586 3537 4642 pec-

1875 4680 2098 4741 catum,
2138 4690 2275 4727 cum
2324 4672 2396 4727 sit
2435 4670 2698 4742 spiritus,
2740 4668 3067 4736 imaginem
3120 4663 3320 4723 habet,
3363 4675 3434 4714 ac
3475 4658 3534 4712 in

1878 4765 2066 4819 varias
2086 4765 2303 4818 formas
2316 4760 2694 4816 convertitur.
2719 4756 2999 4813 Similiter
3020 4750 3264 4807 interior
3287 4762 3533 4820 quoque

1874 4853 2058 4909 homo
2088 4849 2519 4906 animalculum
2551 4845 2863 4919 quoddam
2896 4848 3005 4908 est,
3031 4840 3290 4910 imagine
3325 4841 3383 4891 et
3411 4835 3532 4889 for-

1878 4958 1977 4997 ma
2006 4940 2343 5012 praeditum,
2390 4937 2686 5007 siquidem
2738 4930 3065 4988 similitudo
3104 4934 3191 4983 est
3231 4924 3537 4980 exterioris

1875 5030 2134 5087 hominis
2157 5027 2417 5082 interior.
2445 5023 2797 5079 Prieclarum
2826 5036 2966 5089 ergo
2990 5034 3058 5074 ac
3084 5016 3405 5088 pretiosum
3429 5027 3537 5065 vas

1878 5119 2142 5191 est,quia
2156 5132 2280 5189 prae
2307 5113 2588 5169 omnibus
2610 5111 2897 5167 creaturis
2922 5109 2979 5163 in
3004 5123 3073 5162 eo
3102 5104 3351 5160 Domino
3376 5115 3535 5155 com-

1879 5188 2171 5282 placitum
2194 5210 2299 5260 est.
2327 5205 2390 5257 Et
2411 5203 2585 5256 bona;
2606 5199 2856 5271 quidem
2879 5196 3267 5266 cogitationes
3294 5188 3535 5247 assimi-

1878 5297 2077 5354 lantur
2108 5293 2411 5366 lapidibus
2449 5288 2718 5362 pretiosis
2770 5295 2825 5343 et
2868 5284 3204 5354 margaritis
3235 5299 3248 5347 ;
3284 5282 3537 5351 impune

1881 5402 2018 5442 vero
2057 5382 2445 5453 cogitationes
2482 5379 2669 5451 plenas
2703 5384 2841 5432 sunt
2877 5376 3104 5431 ossium
3143 5378 3539 5432 mortuorum,

1884 5482 1939 5533 et
1971 5475 2167 5531 omnis
2198 5468 2497 5545 spurcitiei
2530 5483 2599 5523 ac
2628 5466 2853 5521 fetoris.

1958 5582 2090 5636 VIII.
2134 5575 2451 5636 Christiani
2497 5590 2637 5645 ergo
2676 5573 2917 5629 alterius
2981 5576 3121 5625 sunt
3162 5568 3385 5632 seaculi,
3438 5566 3538 5621 lilii
