4076 6210
577 292 687 348 619

1881 285 1942 340 S.
1981 281 2283 341 MACARII
2324 276 2633 335 [mYPTII
3787 286 3875 341 620

576 417 717 474 Adae
748 415 1023 479 ccelestis,
1053 427 1296 484 germen
1326 427 1575 475 novum,
1606 410 1710 467 ﬁlii
1736 410 1991 482 Spiritus
2020 406 2233 471 sancti,

2356 398 2519 474 Αδὰμ
2556 408 2647 455 τοῦ
2705 402 3035 477 ἐπουρανίου,
3088 407 3324 479 γέννημα
3360 409 3548 474 καινὸν,
3586 410 3720 462 τέκνα
3751 416 3880 463 nm-

574 506 835 561 illustres
860 504 1071 560 fratres
1098 501 1331 567 Christi,
1357 500 1579 556 similes
1598 500 1783 556 Patris
1811 498 1925 564 sui,
1953 497 2094 553 Adae
2122 496 2240 568 spi-

571 594 827 656 ritualis,
862 599 919 648 et
950 592 1189 647 illustris
1216 590 1372 646 illius
1407 590 1678 654 civitatis,
1711 587 1868 643 illius
1904 586 2138 656 generis
2169 599 2240 639 ac

580 683 736 739 illius
765 682 1030 747 virtutis;
1060 694 1449 753 nequaquam
1482 684 1618 734 sunt
1644 678 1823 747 hujus
1869 675 2100 743 mundi,
2134 672 2241 729 sed

580 773 821 829 alterius
845 771 1054 827 mundi
1078 774 1235 825 sunt.
1261 773 1388 839 lpse
1411 769 1569 824 enim
1594 768 1706 823 ait:
1729 767 1867 822 Non
1885 765 2023 822 estis
2046 765 2119 820 de
2133 763 2242 819 hoc

580 862 818 927 mundo,
834 862 1112 933 quoniam
1127 874 1233 915 nec
1243 874 1346 928 ego
1357 873 1481 913 sum
1498 858 1569 914 de
1582 856 1691 913 hoc
1706 856 1930 912 mundo
1946 856 2015 909 ⁸ο.
2031 856 2243 908 Verum

581 951 828 1024 perinde
849 966 918 1005 ac
951 955 1243 1004 mercator
1265 964 1337 1003 ex
1351 947 1531 1017 longa
1554 945 2030 1017 peregrinatione
2052 956 2245 998 rever-

578 1056 699 1107 sus,
741 1044 1034 1109 auctaque
1074 1052 1185 1091 sua
1229 1035 1629 1107 negotiatione
1669 1034 1748 1090 ad
1789 1048 1931 1089 suos
1961 1032 2136 1095 mitit,
2180 1035 2245 1088 ut

579 1132 929 1185 construant
951 1126 1061 1180 sibi
1082 1125 1298 1180 domos
1318 1130 1374 1180 et
1394 1124 1618 1189 hortos,
1635 1139 1705 1178 ac
1727 1122 2091 1178 vestimenta
2103 1135 2244 1201 con-

586 1218 787 1272 ﬁciant
813 1214 1185 1272 necessaria:
1220 1218 1275 1269 et
1308 1229 1448 1269 eum
1484 1212 1817 1285 pervenerit
1842 1210 1920 1266 ad
1949 1226 2081 1277 sua,
2108 1215 2242 1281 tum

586 1320 839 1375 magnas
862 1303 1100 1358 divitias
1123 1302 1292 1357 affert
1318 1319 1330 1369 ;
1367 1317 1589 1371 magna
1622 1317 1758 1356 vero
1780 1298 2085 1372 excipiunt
2105 1315 2244 1356 eum

582 1393 803 1456 laetitia,
857 1400 980 1447 tum
1011 1391 1341 1458 domestici,
1389 1397 1511 1445 tum
1563 1389 1804 1459 cognati
1834 1406 1847 1455 ;
1878 1388 1967 1444 sic
1996 1403 2241 1460 quoque

587 1500 651 1539 se
673 1499 765 1538 res
788 1481 970 1537 habet
995 1484 1053 1536 in
1082 1480 1489 1552 spiritualibus
1516 1479 1718 1543 rebus,
1750 1479 1797 1533 si
1822 1476 2073 1550 quidam
2099 1493 2245 1533 mer-

585 1572 699 1629 cati
727 1571 940 1626 fuerint
958 1570 1220 1625 caelestes
1240 1568 1495 1633 divitias,
1518 1573 1738 1622 norunt
1755 1566 1817 1621 id
1837 1582 2045 1621 eorum
2065 1567 2242 1633 cives,

585 1662 700 1718 hoc
757 1665 863 1725 est,
925 1659 1166 1732 spiritus
1234 1662 1581 1714 sanctorum
1644 1662 1699 1712 et
1757 1655 2132 1726 angelorum,
2192 1660 2248 1713 et

2346 511 2503 564 ματος
2543 491 2717 563 ἁγίου,
2751 490 2967 566 ἀδελφοὶ
2991 501 3229 568 Χριστοῦ
3260 501 3508 568 φωτεινοὶ,
3539 498 3693 569 ὅμοιοι
3722 506 3780 569 τῷ
3802 516 3883 551 πα-

2348 586 2431 655 τρὶ
2461 580 2652 651 αὐτῶν,
2680 578 2856 654 ’Δδὰμ
2885 591 2957 654 τῷ
2981 593 3316 656 πνευματικῷ
3342 590 3430 638 καὶ
3459 594 3686 658 φωτεινῷ,
3722 586 3884 648 ἐκείνης

2350 678 2448 734 τῆς
2476 670 2685 737 πόλεως,
2709 671 2901 725 ἑκείνου
2929 681 3021 725 τοῦ
3059 678 3262 744 γένους,
3296 673 3503 737 ὶκιίνης
3530 683 3616 739 τῆς
3641 672 3883 747 δυνάμεως,

2351 764 2451 813 οὐκ»
2477 760 2580 813 εἰσί
2606 768 2697 813 τοῦ
2726 764 2928 834 κόσμου
2953 764 3162 828 τούτου,
3204 762 3333 816 ἀλλὰ
3356 764 3508 817 ἄλλου
3530 769 3714 837 κόσμου
3740 766 3847 818 εἰσίν
3874 780 3885 796 ⁸

2352 848 2506 909 αὐτὸς
2525 852 2626 920 γὰρ
2653 849 2806 921 λέγει,
2840 850 2969 904 Ούκ
3001 849 3141 905 ἐστὶ
3172 850 3235 905 ἔκ
3261 860 3373 905 τοῦ
3407 857 3643 926 κόσμου
3676 857 3888 919 τούτου,

2352 940 2557 999 καθὼς
2596 938 2710 1010 ἐγὼ
2749 938 2861 991 ούκ
2914 941 3051 1013 εἰμὶ
3112 939 3179 994 ἐκ
3231 950 3343 994 τοῦ
3405 947 3640 1015 κόσμου
3679 945 3888 995 τούτου.

2353 1026 2492 1083 Ἀλλ’
2519 1030 2692 1101 ὥσπερ
2724 1030 2946 1104 ἔμπορος
2986 1028 3088 1082 ἀπὸ
3140 1030 3340 1083 πολλῶν
3371 1039 3530 1103 μονῶν
3568 1030 3890 1106 ἀπερχόμενος,

2353 1121 2442 1169 xui
2472 1116 2919 1185 πολυπλασιοὶςων
2976 1118 3138 1172 αὐτοῦ
3190 1122 3285 1180 τὴν
3342 1119 3602 1193 ἐμπορίαν,
3641 1119 3894 1177 ἀποστέλλει

2353 1209 2479 1281 πρὸς
2522 1210 2643 1269 τοὺς
2691 1203 2863 1271 ἰδίους
2909 1206 2995 1261 επὶ
3024 1216 3098 1279 τῷ
3124 1210 3407 1269 κτισθῆναι
3459 1209 3595 1285 αύτῷ
3620 1212 3789 1275 οῖκους,
3812 1228 3893 1262 πα-

2354 1291 2655 1367 ραδείσους,
2690 1292 2958 1368 ἐνδύματα
2989 1295 3253 1369 ἀναγκαῖα
3279 1317 3292 1333 ο
3349 1303 3440 1365 καὶ
3467 1300 3583 1353 ὅταν
3616 1296 3821 1369 ἀναλύσῃ
3841 1297 3897 1357 εἰς

2355 1387 2421 1438 τὰ
2458 1382 2597 1451 ῖδια,
2632 1404 2746 1438 τοτε
2798 1386 3017 1439 πλοῦτον
3067 1386 3225 1440 πολὺν
3285 1387 3570 1463 ἐπιφέρεται
3609 1405 3622 1421 ο
3661 1389 3778 1460 μετὰ
3799 1385 3896 1438 πολ-

2354 1474 2444 1534 λῆς
2470 1469 2528 1526 δι
2557 1479 2735 1546 χαρᾶς
2764 1471 3159 1548 προσδέχονται
3207 1475 3364 1537 αὐτὸν
3418 1478 3465 1530 οἱ
3503 1472 3631 1531 ἴδιοι
3662 1475 3804 1531 αὐτοῦ
3828 1478 3895 1527 xui

2354 1570 2688 1636 προσγενεῖς·
2749 1563 2884 1617 οὕτω
2936 1563 3031 1616 κᾶν
3094 1570 3209 1627 τοῖς
3283 1572 3662 1637 πνευματικοῖς,
3702 1567 3744 1617 εἶ
3791 1582 3897 1625 τινες

2356 1650 2727 1725 ἐμπορεύονται
2808 1655 2895 1705 τὸν
2960 1655 3263 1728 ἰπουροξνιον
3334 1654 3566 1722 πλουτον,
3652 1657 3808 1707 ἴσασιν
3858 1654 3898 1705 οἱ

585 1750 982 1807 admiratione
1004 1748 1183 1814 ducti,
1213 1747 1417 1803 dicunt
1441 1766 1453 1802 :
1483 1746 1809 1803 Immensas
1838 1745 2079 1802 divitias
2105 1760 2245 1801 con-

2360 1741 2697 1814 συμπολῖται,
2755 1747 2998 1796 τουτέστι
3047 1747 3113 1798 τὰ
3163 1746 3434 1818 πνεύματα
3486 1752 3582 1798 τῶν
3643 1743 3787 1815 ἁγίων
3826 1746 3899 1795 καὶ

583 1838 921 1897 secutisunt
936 1840 1159 1908 fratres
1182 1836 1388 1901 nostri,
1412 1836 1597 1907 quiin
1622 1836 1800 1890 terris
1826 1840 1985 1889 sunt.
2012 1834 2077 1889 Hi
2107 1849 2245 1905 ergo

585 1929 635 2000 7
655 1930 699 1998 1
718 1944 854 1982 cum
881 1942 1087 1981 secum
1102 1925 1362 1981 habeant
1388 1923 1727 1993 Dominum,
1743 1938 1881 1979 cum
1905 1921 2244 1987 discedunt,

589 2032 815 2087 magna
827 2031 963 2071 cum
978 2014 1178 2070 laetitia
1191 2013 1435 2069 veniunt
1450 2011 1524 2067 ad
1540 2010 1804 2069 caelestes
1820 2010 2047 2067 incolas
2064 2028 2076 2078 ;
2093 2027 2247 2082 quos

589 2106 909 2177 excipiunt,
957 2102 1060 2175 qui
1109 2107 1247 2157 sunt
1290 2118 1325 2156 a
1369 2101 1548 2156 latere
1580 2099 1830 2165 Domini,
1866 2115 1936 2156 ac
1966 2100 2071 2173 qui
2126 2099 2247 2158 illic

588 2194 671 2249 eis
701 2193 916 2248 domos
934 2196 991 2247 et
1016 2191 1222 2246 hortos
1246 2194 1303 2245 et
1331 2188 1650 2262 splendida
1675 2193 1853 2261 atque
1887 2193 2249 2260 sumptuosa

591 2281 943 2339 vestimenta
972 2283 1332 2351 praeparant,
1353 2277 1672 2349 excipiunt.

661 2496 749 2550 IX.
784 2494 1110 2551 Sobrietate
1156 2494 1335 2563 igitur
1377 2494 1436 2548 in
1485 2492 1767 2550 omnibus
1810 2508 1964 2564 qpus
1995 2495 2102 2558 est,
2150 2507 2245 2558 ne,

591 2599 725 2654 quae
739 2583 1010 2638 videmur
1022 2582 1331 2654 possidere
1344 2582 1527 2648 bona,
1547 2582 1605 2638 in
1630 2581 1955 2654 perniciem
1981 2587 2251 2638 nostram

592 2676 912 2727 vertantur.
941 2675 1087 2727 Nam
1137 2672 1240 2744 qui
1288 2677 1503 2728 natura
1542 2677 1681 2727 sunt
1726 2670 1991 2741 benigni,
2033 2671 2093 2726 ni
2133 2669 2249 2727 sibi

595 2766 860 2825 caveant,
896 2776 1109 2832 parum
1142 2761 1329 2827 abest,
1361 2761 1498 2833 quin
1535 2761 1613 2817 ab
1643 2761 1775 2833 ipsa
1807 2760 2070 2817 bonitate
2102 2760 2250 2815 sub-

595 2848 939 2906 trahantur:
970 2854 1024 2904 et
1045 2850 1459 2921 quisapientia
1486 2849 1729 2921 pollent,
1751 2850 1898 2921 quin
1921 2849 1998 2905 ab
2023 2865 2095 2905 ea
2116 2849 2251 2920 ipsa

595 2939 1009 3010 surripiantur.
1047 2940 1299 3010 Oportet
1334 2954 1476 3008 ergo
1519 2938 1579 2994 in
1629 2937 1910 2994 omnibus
1952 2938 2246 3011 partibus,

593 3031 991 3098 temperatum
1020 3043 1146 3083 esse
1194 3027 1523 3093 hominem,
1557 3042 1773 3098 nempe
1812 3026 2247 3083 humanitatem

2355 1840 2454 1884 τῶν
2485 1830 2731 1903 ἀγγέλων,
2784 1836 2873 1897 xui
2907 1833 3248 1904 θαυμάζουσι
3285 1832 3533 1906 λέγοντες,
3583 1832 3686 1895 Εἰς
3738 1836 3898 1905 μέγαν

2356 1918 2628 1972 πλοῦτον
2663 1920 2966 1980 εἰσῆλθον
3006 1924 3065 1975 οἱ
3104 1919 3383 1994 ἀδελφοὶ
3416 1920 3585 1997 ἡμῷν
3621 1923 3674 1976 οἱ
3707 1920 3899 1980 irriti;

2355 2017 2431 2079 γῆ
2453 2029 2493 2071 ς.
2524 2008 2768 2081 Ἔχοντες
2796 2007 2884 2062 οὖν
2916 2010 3059 2064 οὗτοι
3108 2011 3223 2083 μεθ’
3249 2010 3445 2064 ἑαυτῶν
3467 2014 3551 2064 τὸν
3583 2013 3753 2086 Κύριον
3785 2010 3826 2061 ἓν
3846 2015 3896 2079 τῇ

2358 2095 2621 2162 ἀναλύσει,
2676 2097 2724 2150 ἐν
2770 2098 2970 2171 μεγάλῃ
3025 2106 3176 2176 χαρᾲ
3224 2102 3471 2174 ἔρχονται
3511 2102 3631 2173 πρὸς
3673 2102 3775 2160 τοὺς
3798 2099 3897 2163 ἅνω,

2357 2191 2446 2239 καὶ
2478 2183 2730 2259 δέχονται
2786 2187 2973 2250 αύτούς
3002 2190 3051 2241 οἱ
3097 2196 3189 2241 τοῦ
3245 2194 3466 2261 Κυρίου,
3496 2188 3596 2242 ἐκεῖ
3621 2188 3899 2262 εὐτρεπίσαν-

2357 2294 2438 2336 τες
2464 2274 2637 2337 αὐτοῖς
2666 2278 2842 2338 οἴκους
2868 2283 2960 2331 καὶ
2988 2274 3373 2352 παραδείσους,
3431 2284 3517 2335 καὶ
3544 2274 3788 2351 ἐνδύματα
3808 2274 3899 2329 ὁλό-

2356 2362 2573 2438 λαμπρα
2599 2369 2689 2419 καὶ
2713 2365 2961 2427 πολυτελῆ
2977 2410 2991 2426 .

2435 2497 2515 2545 ϐ’.
2548 2491 2771 2563 Νήψιως
2822 2487 2909 2544 οὖν
2948 2489 2997 2543 ἐν
3026 2496 3160 2546 πᾶσι
3201 2498 3388 2569 χρεία,
3432 2495 3512 2548 ἶνα
3555 2497 3622 2566 μὴ
3673 2494 3749 2544 xui
3775 2488 3806 2542 ai
3833 2485 3901 2540 o‘o-

2358 2587 2544 2652 κοῦμεν
2594 2583 2736 2652 ἔχειν
2792 2579 3009 2651 ἀγαθὰ,
3061 2584 3189 2655 πρὸς
3244 2579 3447 2657 βλάϐην
3490 2585 3627 2657 ἡμῶν
3683 2583 3895 2653 γίνωνται.

2362 2674 2462 2722 Καὶ
2509 2672 2609 2742 γὰρ
2664 2672 2714 2721 οἱ
2756 2675 2993 2744 χρηστοὶ
3063 2673 3198 2724 κατά
3254 2675 3434 2744 φύσιν,
3494 2672 3576 2725 ἑὰν
3618 2674 3683 2743 μὴ
3729 2666 3899 2741 ἀσφαλί-

2361 2775 2576 2825 σωνται,
2638 2760 2774 2810 κατὰ
2827 2762 3013 2833 μικρὸν
3076 2756 3151 2812 δι’
3226 2760 3393 2824 αὐτῆς
3454 2768 3543 2822 τῆς
3591 2760 3897 2833 χρηστότητος

2359 2847 2733 2921 ύποσύρονται,
2787 2852 2875 2900 καὶ
2923 2850 2971 2901 οἱ
3020 2850 3235 2920 ἔχοντες
3290 2855 3493 2923 σοφίαν,
3551 2845 3620 2902 δι’
3666 2846 3897 2905 αύτῆςτῆς

2362 2940 2547 3008 σοφίας
2601 2936 2925 2992 κλέπτονται.
2986 2943 3069 2990 Δεῖ
3125 2934 3213 2990 οὖν
3274 2938 3325 2990 ἓν
3399 2945 3531 2992 πᾶσι
3592 2943 3690 2997 τοῖς
3736 2938 3894 3008 μέρεσι,

2362 3028 2777 3099 συγκεκραμένον
2806 3023 2935 3078 εἶναι
2981 3029 3065 3079 τὸν
3118 3028 3412 3098 ἄνθρωπον,
3465 3033 3521 3081 τὸ
3561 3027 3775 3101 χρηστόν
3798 3022 3898 3094 μετά

593 3132 731 3171 cum
759 3117 1063 3172 severitate
1086 3116 1434 3188 permistam
1455 3116 1699 3182 habere,
1728 3116 2086 3188 sapientiam
2108 3133 2246 3172 cum

2357 3121 2449 3165 τοῦ
2490 3113 2776 3187 ἀποτόμου,
2816 3118 2873 3168 τὸ
2925 3118 3079 3188 σοφὸν
3118 3119 3249 3189 μετὰ
3308 3116 3634 3191 διακρίσεως,
3682 3111 3896 3181 τὸνλόγον

587 3205 829 3276 jucicio,
849 3221 1185 3261 sermonem
1216 3221 1354 3260 cum
1382 3221 1580 3276 opere,
1613 3210 1794 3276 atque
1824 3206 2073 3261 omnino
2100 3205 2252 3260 fidu-

591 3294 747 3350 ciam
761 3311 930 3349 suam
955 3295 1011 3348 in
1040 3295 1313 3357 Domino,
1343 3310 1463 3348 non
1489 3294 1694 3364 seipso
1724 3293 2037 3349 collocare.
2059 3294 2249 3349 Virtus

592 3382 750 3437 enim
774 3383 1048 3437 conditur
1073 3382 1252 3436 variis
1278 3381 1493 3447 modis,
1514 3382 2247 3454 tanquamcibusquidam

596 3471 969 3525 necessarius
1009 3471 1254 3526 conditu
1285 3475 1386 3525 aut
1420 3469 1536 3526 alio
1567 3470 1858 3541 quodam,
1892 3476 1950 3527 et
1985 3472 2100 3528 hoc
2126 3488 2247 3528 non

596 3562 827 3613 tantum
869 3558 1061 3627 melle,
1093 3558 1197 3613 sed
1249 3558 1427 3614 etiam
1479 3559 1701 3631 pipere,
1745 3564 1801 3615 et
1825 3559 1907 3617 ita
1947 3560 2249 3632 reperitur

590 3645 783 3703 utilis.

666 3774 724 3828 X.
758 3771 865 3838 Qui
912 3775 1187 3829 asserunt
1216 3786 1338 3829 non
1371 3786 1502 3828 esse
1533 3776 1848 3844 peccatum
1892 3773 1953 3830 in
1980 3772 2246 3841 homine,

591 3861 837 3935 perinde
870 3866 1025 3927 sunt,
1056 3876 1126 3917 ac
1148 3860 1249 3933 qui
1275 3860 1671 3917 inundatione
1703 3862 2035 3932 ingentium
2066 3879 2250 3936 aqua-

590 3968 724 4008 rum
746 3951 1027 4017 demersi,
1054 3950 1167 4006 hoc
1195 3951 1392 4022 ipsum
1412 3950 1579 4007 fateri
1602 3957 1900 4019 verentur,
1916 3952 2019 4008 sed
2045 3954 2245 4010 aiunt:

588 4041 807 4098 Sanum
846 4056 1143 4112 aquarum.
1183 4039 1538 4096 audivimus.
1585 4040 1681 4095 Sic
1723 4056 1965 4112 quoque
2002 4042 2246 4113 profun-

588 4130 679 4185 dis
711 4129 953 4185 malitiae
986 4128 1267 4184 ﬂuctibus
1301 4128 1578 4193 demersi,
1614 4134 1835 4199 negant
1863 4129 1919 4184 in
1952 4134 2149 4185 mente
2177 4146 2247 4187 ac

589 4216 1053 4288 cogitationibus
1102 4217 1224 4270 suis
1280 4223 1595 4286 peccatum
1650 4217 1895 4273 haerere.
1951 4218 2057 4272 Alii
2110 4224 2247 4274 sunt

588 4306 788 4374 igitur,
821 4305 923 4376 qui
956 4319 1230 4359 sermone
1266 4303 1508 4375 quidem
1553 4304 1770 4369 valent,
1800 4310 1856 4361 et
1895 4306 2242 4378 loquuntur,

590 4408 709 4449 non
744 4398 941 4448 tamen
975 4392 1096 4447 sale
1133 4391 1353 4447 caelesti
1396 4392 1617 4447 conditi
1651 4400 1789 4449 sunt
1822 4412 1839 4465 ;
1882 4400 2251 4469 narrantque

2356 3206 2488 3275 μετὰ
2516 3211 2609 3257 τοὺ
2637 3206 2812 3279 ἔργου,
2861 3207 2919 3258 τὸ
2981 3205 3093 3258 ὅλον
3140 3210 3444 3261 πεποιθέναι
3496 3206 3579 3259 ἐπὶ
3624 3206 3807 3277 Κύριον,
3828 3200 3895 3250 καὶ

2357 3297 2428 3364 μὴ
2482 3293 2558 3367 ἐφ’
2595 3293 2794 3349 ἑαυτόν.
2825 3293 2883 3347 Ἠ
2937 3297 3038 3366 γὰρ
3098 3297 3248 3368 ἁρετὴ
3306 3292 3401 3350 διὰ
3453 3294 3642 3349 πολλῶν
3678 3290 3896 3365 ἆρτύιταιν

2357 3384 2531 3453 ὥσπερ
2562 3380 2763 3456 ἔδεσμά
2791 3403 2843 3436 τι
2895 3391 2994 3437 τῶν
3050 3382 3349 3456 ἀναγκαίων
3400 3382 3495 3439 διὰ
3519 3381 3744 3438 κονδίτου
3770 3379 3794 3438 ἦ
3819 3376 3896 3429 έτέ·

2356 3489 2449 3544 ρου
2480 3474 2637 3538 τινὸς,
2696 3477 2788 3525 καὶ
2832 3480 2986 3526 τοῦτο
3015 3472 3075 3526 ού
3104 3479 3260 3545 μονον
3303 3471 3398 3528 διὰ
3438 3475 3649 3547 μέλιτος,
3699 3468 3899 3522 ἀλλὰκαὶ

2357 3564 2632 3635 πεπέρεως,
2659 3565 2745 3614 καὶ
2775 3561 2935 3624 οὓτως
2965 3563 3265 3636 εὑρίσκεται
3287 3567 3576 3639 χρήσιμον.

2432 3772 2491 3827 l’.
2564 3774 2628 3825 Oi
2671 3771 2903 3845 λέγοντες
2956 3779 3026 3848 μή
3076 3770 3207 3828 εἶναι
3262 3780 3357 3835 τὴν
3392 3776 3639 3849 ἁμαρτίαν
3677 3770 3719 3825 ἕν
3749 3774 3809 3840 τῷ
3839 3763 3902 3817 ἂν·

2362 3863 2572 3935 θρώπῳ,
2633 3863 2792 3923 οὕτως
2840 3863 2991 3931 εἰσὶν,
3044 3867 3111 3927 ὡς
3170 3864 3271 3918 ὑπὸ
3354 3866 3662 3939 πλημμύρας
3733 3854 3901 3912 ὑδάτων

2358 3950 2554 4004 πολλῶν
2635 3957 3187 4026 καταπεποντισμίνοι,
3268 3960 3359 4008 καὶ
3430 3961 3579 4009 τοῦτο
3633 3953 3698 4026 μὴ
3760 3944 3899 4020 ὁμολο-

2357 4048 2583 4111 γοῦντες,
2601 4040 2727 4093 ἀλλὰ
2741 4041 2986 4113 λέγοντες,
3008 4042 3032 4061 ⁷
3054 4048 3224 4115 Ηχον
3262 4046 3291 4096 ὑ
3308 4040 3516 4097 δοὶτων
3554 4042 3700 4102 ἦκοῦ
3716 4047 3897 4108 σοφεν·

2359 4130 2493 4182 οὕτω
2540 4136 2629 4183 xui
2683 4130 2831 4184 αὐτοὶ
2901 4137 3439 4208 καταπεποντισμένοι
3492 4134 3587 4185 ὑπὸ
3633 4135 3715 4183 τοῦ
3767 4121 3900 4197 βυθοῦ

2358 4226 2456 4270 τῶν
2486 4220 2729 4291 κυμάτων
2760 4228 2855 4281 τῆς
2884 4226 3089 4289 κακίας,
3139 4221 3197 4273 ού
3246 4222 3488 4296 λέγουσιν
3538 4220 3659 4274 εἶναι
3698 4216 3740 4270 ἐν
3764 4220 3823 4282 τῷ
3849 4214 3902 4307 ’δνῷ

2358 4311 2447 4359 καὶ
2503 4315 2612 4369 τοῖς
2666 4308 2938 4381 λογισμοῖς
2989 4308 3157 4361 αὐτῶν
3210 4316 3307 4370 τὴν
3348 4311 3633 4385 ἁμαρτία-ν’
3678 4302 3803 4357 ἄλλοι
3833 4302 3901 4347 οὑν

2360 4396 2507 4462 εἰσιν,
2567 4399 2614 4450 οἱ
2664 4397 2816 4469 λόγον
2860 4402 2951 4469 μὲν
2987 4401 3199 4470 ἔχοντες
3236 4405 3331 4453 καὶ
3379 4399 3661 4466 λαλοῦντες,
3687 4396 3750 4467 μὴ
3777 4390 3902 4460 ἠρτυ-

591 4481 778 4537 multa
801 4482 873 4535 de
902 4495 1109 4536 mensa
1127 4480 1293 4550 regia
1326 4496 1501 4546 ;cum
1537 4487 1736 4537 tamen
1779 4482 1920 4538 nihil
1975 4486 2246 4541 comede-

2358 4488 2500 4557 μένοι
2550 4482 2609 4539 δὲ
2647 4494 2718 4557 τῷ
2771 4486 3057 4562 ἐπουρανίῳ
3113 4489 3287 4555 ἅλατι,
3349 4493 3439 4542 καὶ
3496 4483 3777 4560 διηγοῦνται
3810 4474 3902 4546 περὶ

587 4571 723 4636 rint,
761 4585 871 4626 nec
896 4569 1232 4643 quidquam
1273 4570 1470 4641 adepti
1499 4572 1634 4626 sint.
1670 4572 1833 4628 Alius
1866 4588 2001 4629 vero
2040 4577 2245 4647 estqui

585 4666 907 4733 conspecto
939 4675 1092 4731 rege.
1132 4661 1472 4732 apertisque
1503 4661 1615 4716 sibi
1648 4660 1961 4729 thesauris,
1993 4664 2249 4735 ingredi-

589 4754 681 4806 tur
700 4792 713 4815 ,
748 4765 817 4807 ac
841 4749 1245 4805 haereditatem
1263 4750 1469 4816 cernit,
1487 4750 1673 4806 edens
1693 4756 1747 4807 et
1765 4750 1977 4807 bibens
2007 4752 2081 4809 de
2102 4752 2247 4811 cibis

586 4838 699 4896 illis
726 4838 1201 4912 pretiosissimis.

661 5055 743 5110 XI.
778 5054 1025 5110 Perinde
1057 5069 1191 5110 vero
1223 5069 1293 5110 ac
1334 5057 1607 5123 matrem,
1640 5053 1962 5113 habentem
2003 5056 2247 5114 unicum

585 5144 799 5208 ﬁlium,
830 5143 1365 5211 formosissimum,
1394 5144 1725 5216 sapientem
1753 5146 2038 5219 omnique
2060 5147 2246 5204 bono-

585 5250 719 5290 rum
743 5248 955 5305 genere
979 5238 1355 5297 exornatum,
1380 5232 1439 5287 in
1463 5249 1585 5305 quo
1613 5249 1857 5291 omnem
1882 5251 2051 5307 spem
2070 5236 2245 5293 sitam

586 5323 783 5394 habet,
834 5323 878 5377 si
922 5338 1059 5378 eum
1105 5322 1413 5391 contingat
1459 5321 1536 5377 ab
1579 5322 1676 5378 illa
1722 5325 1889 5379 terris
1946 5325 2241 5397 mandari,

587 5412 737 5469 nihil
770 5412 884 5467 nisi
915 5411 1087 5467 dolor
1117 5410 1424 5478 assiduus,
1451 5417 1507 5467 et
1547 5411 1742 5468 luctus
1764 5413 2243 5471 consolationem
2268 5402 2271 5403 ν

587 5516 709 5557 non
742 5499 1063 5557 admittens
1086 5505 1376 5571 occupat:
1410 5500 1493 5557 sic
1520 5517 1762 5575 quoque
1790 5519 1977 5570 mens,
2009 5502 2185 5576 quasi
2211 5519 2247 5560 a

668 5653 717 5690 ⁸ο
740 5653 907 5713 Joan.
940 5667 1076 5724 xvu,
1112 5652 1200 5708 t6.

2359 4576 2622 4647 τραπέζης
2672 4574 2953 4649 βασιλικῆς
2992 4574 3157 4650 μηδὲν
3214 4582 3482 4651 φαγόντες,
3537 4578 3565 4636 ᾖ
3610 4570 3900 4640 κτησάμενοι.

2359 4662 2543 4726 Ἀλλος
2584 4661 2643 4718 δέ
2678 4664 2819 4719 ἔστιν
2849 4668 2873 4718 ὁ
2913 4668 3227 4739 θεασάμενος
3274 4668 3430 4720 αὑτὸν
3477 4670 3558 4720 τὸν
3590 4660 3804 4739 βασιλέα,
3830 4653 3901 4703 καὶ

2361 4751 2660 4825 ἁνοιγέντων
2715 4756 2853 4827 αύτῷ
2914 4757 3214 4831 θησαυρῶν,
3264 4756 3526 4823 εἰσελθὼν,
3576 4757 3657 4806 καὶ
3696 4748 3902 4820 κληρονο-

2357 4847 2535 4915 μήσας
2588 4848 2676 4896 καὶ
2721 4849 2895 4917 φαγὼν
2937 4849 3028 4897 καὶ
3070 4850 3195 4899 πιὼν
3250 4848 3307 4899 ἐκ
3364 4856 3461 4901 τῶν
3501 4841 3775 4915 ἐδεσμάτων
3802 4832 3900 4884 ἔκπι-

2358 4952 2453 4985 νων
2481 4942 2578 4985 τῶν
2610 4933 2916 4990 πολυτελῶν.

2431 5056 2539 5113 IA'.
2586 5057 2785 5131 ’Ὠσπερ
2841 5058 2924 5112 ἐὰν
3036 5064 3215 5135 μήτηρ
3271 5063 3480 5133 ἔχουσα
3528 5075 3631 5111 υιον
3671 5050 3898 5125 μονογενῆ,

2359 5144 2738 5215 εύειδέστατον,
2821 5152 3000 5221 σοφὸν,
3073 5156 3207 5205 πᾶσι
3270 5148 3645 5221 κεκασμημένον
3697 5137 3897 5212 ἀγαθοῖς,

2358 5235 2432 5309 ἔφ’
2581 5236 2693 5309 ἔχει
2736 5240 2907 5299 πάσας
2951 5242 3039 5300 τὰς
3077 5235 3337 5306 ἕλπιδοιςς
3397 5242 3485 5293 καὶ
3543 5231 3704 5308 συμϐῇ
3750 5230 3896 5280 τοῦτον

2356 5334 2577 5397 ταφῆναι
2629 5327 2715 5378 ὑπ’
2774 5327 2954 5389 αὐτῆς.
2989 5327 3168 5381 λοιπὸν
3214 5331 3553 5401 προσγίνεται
3606 5320 3725 5392 αὐτῇ
3776 5317 3901 5404 πόγοξ

2358 5416 2645 5480 ἄπαυστος,
2694 5420 2785 5468 xui
2842 5418 3019 5478 πένθος
3095 5416 3503 5490 ἀπαραμύθητον
3536 5430 3548 5443 ·
3589 5411 3735 5466 οὕτως
3778 5403 3894 5490 καξο

2355 5511 2471 5564 νοῦς
2526 5506 2590 5565 ὡς
2633 5502 2997 5569 ἀποθανούσης
3048 5504 3147 5561 ἀπὸ
3197 5485 3331 5561 Θεοῦ
3372 5512 3469 5567 τῆς
3505 5502 3702 5577 ψυχῆς,
3739 5485 3895 5565 ὀφείλω
