4076 6210
182 294 288 353 621

1456 297 1794 356 ΗΟΜῚΙΑῘᾸΞ.
1835 326 1906 343 --
1948 298 2121 357 HOM.
2164 302 2308 360 XVI.

3457 307 3564 366 622

181 422 375 481 πένθος
413 418 676 473 ἁναλαϐιῖν
713 423 803 473 καὶ
842 416 1069 494 δάκρυα,
1127 424 1281 475 πόνον
1318 423 1610 490 ἄπαυστον,
1667 442 1792 476 συν-

1917 427 2034 481 Deo
2065 432 2304 483 mortua
2342 428 2416 484 sit
2443 429 2668 497 anima,
2703 430 2903 503 lugere
2934 431 3133 496 debet,
3166 447 3236 489 ac
3258 433 3561 505 Iacrymas

180 512 530 582 τετριμμένην
586 512 725 582 ἔχειν
772 507 1019 586 καρδίαν,
1068 511 1169 563 ὑπὸ
1200 510 1353 585 φόϐον
1401 510 1531 566 εἶναι
1581 519 1671 566 καὶ
1702 518 1792 586 μὲ-

180 618 399 672 ριμναν,
441 601 585 669 ἔχειν
630 594 689 651 δὲ
733 603 824 651 καὶ
848 603 943 657 τὴν
968 607 1144 652 πεῖναν
1196 607 1285 653 καὶ
1319 598 1483 672 δίψαν
1539 610 1632 655 τοῦ
1668 604 1793 676 ἀγα-

180 694 270 740 τοῦ
310 690 579 741 πάντ-οτι·
625 691 711 740 τόν
760 695 994 741 τοιοῦτον
1046 688 1229 742 λοιπὸν
1276 688 1590 763 διαδέχεται
1627 695 1794 766 χάρις

181 784 316 831 Θεοῦ
342 783 439 830 καὶ
477 777 637 840 ὶλπὶς,
671 782 762 830 καὶ
789 778 962 831 οὐκέτι
1014 780 1155 832 ἐστὶν
1195 782 1245 832 ἓν
1300 789 1371 850 τῷ
1400 784 1621 853 τοιούτῳ
1678 777 1792 837 πέν·

184 868 289 929 θος,
341 864 477 919 ἀλλὰ
526 870 710 941 χαίρει
738 869 807 929 ὡς
857 868 884 918 ὀ
941 869 1099 942 εὑρὼν
1150 870 1434 942 θησαυρόν,
1493 875 1580 924 καὶ
1638 872 1792 925 πάλιν

180 960 360 1028 τρέμει
392 960 466 1027 μὴ
516 975 625 1017 πως
682 954 906 1029 ἁπολίση
967 957 1144 1010 αὐτόν.
1200 960 1545 1031 Ἐπέρχονται
1596 963 1699 1035 γὰρ
1744 963 1793 1014 οἱ

179 1043 402 1117 λῃσταὶ.
431 1042 636 1115 ’Ὠσπερ
690 1041 777 1096 ἐάν
804 1063 881 1107 τις
914 1045 985 1106 εἰς
1036 1046 1224 1107 πολλὰς
1275 1047 1649 1122 ληστουργίας,
1703 1055 1792 1102 καὶ

179 1132 384 1204 ζημίας
449 1132 708 1204 ἑμπισών,
778 1136 906 1205 μιτόι
969 1133 1158 1188 πολλοῦ
1214 1138 1455 1207 καμάτου
1531 1134 1789 1211 διαφύγῃ,

179 1226 268 1272 καὶ
298 1225 439 1294 μιτὰ
464 1229 636 1275 ταῦτα
691 1223 812 1295 αὔρη
866 1228 1173 1295 περιουσίαν
1229 1226 1479 1296 μεγάλην,
1527 1232 1618 1279 καὶ
1667 1229 1792 1280 ὑπό-

182 1328 375 1364 στασιν
426 1310 643 1377 πολλὴν,
691 1317 781 1365 καὶ
830 1312 1002 1366 οὐκίτι
1045 1310 1255 1366 δέδοικε
1313 1316 1512 1387 ζημίαν
1566 1313 1659 1368 διὰ
1705 1320 1792 1369 τόν

180 1399 549 1452 πλεονάσαντα
603 1399 825 1454 πλοῦτον
849 1417 862 1430 ·
940 1402 1103 1464 οὕτως
1177 1406 1267 1455 καὶ
1316 1406 1364 1455 οἱ
1429 1410 1787 1476 πνευματικοὶ,

178 1496 385 1562 πρῶτον
445 1486 733 1550 διελθόντες
774 1491 823 1541 ἓν
875 1489 1085 1550 πολλοῖς
1133 1500 1447 1564 πειρασμοῖς
1501 1497 1591 1545 καὶ
1642 1494 1793 1566 φοϐε-

178 1584 289 1649 ροῖς
355 1583 563 1639 τόποις.
630 1574 754 1631 Εἶτα
804 1579 1023 1652 χάριτος
1078 1579 1425 1654 πληρωθέντες
1480 1587 1570 1634 καὶ
1635 1602 1791 1655 μιμε-

183 1671 442 1739 στωμίνοι
492 1674 593 1718 τῶν
637 1665 867 1737 ἀγαθῶν,
912 1667 1086 1721 οὐκέτι
1133 1665 1415 1722 δεδοίκασι
1465 1674 1583 1732 τοὺς
1628 1672 1790 1724 θίλον-

1904 514 2231 580 effundere,
2273 519 2677 590 continuoque
2727 537 2983 577 maerore
3021 521 3199 589 affici,
3239 523 3560 583 contritum

1902 603 2124 660 habere
2154 620 2275 673 cor,
2301 623 2438 661 cum
2459 613 2620 663 metu
2651 615 2709 664 et
2728 610 3122 665 sollicitudine
3148 612 3337 666 vitam
3360 626 3559 679 agere,

1902 698 1959 748 et
1988 693 2269 750 continua
2283 694 2438 750 fame
2467 712 2537 751 ac
2559 698 2649 752 siti
2679 697 2868 769 ipsius
2891 699 3033 754 boni
3056 699 3560 756 laborare.Talem

1905 782 2287 852 postmodum
2304 784 2681 855 amplectitur
2694 787 2883 855 gratia
2897 788 2994 842 Dei
3011 793 3069 843 et
3095 805 3253 859 spes,
3282 804 3391 844 nec
3406 789 3560 844 ultra

1903 876 1991 925 est
2013 870 2072 925 in
2103 869 2285 936 luctu,
2310 872 2410 927 sed
2432 873 2655 941 gaudio
2678 874 3069 946 perfunditur,
3096 877 3342 947 perinde
3376 894 3447 934 ac
3464 878 3560 934 ille

1902 960 2004 1030 qui
2050 959 2395 1016 thesaurum
2440 964 2674 1033 reperit,
2717 979 2788 1018 ac
2829 979 3033 1019 rursus
3076 965 3447 1033 intremiscit,
3485 981 3560 1022 ne

1902 1062 2025 1119 quo
2054 1054 2233 1119 pacto
2270 1065 2408 1105 eum
2443 1050 2673 1121 perdat.
2715 1053 3039 1121 Insurgunt
3081 1054 3235 1108 enim
3276 1054 3559 1112 latrones.

1904 1137 2150 1193 Perinde
2181 1154 2321 1194 vero
2350 1156 2419 1194 ac
2440 1141 2545 1212 qui
2566 1140 2625 1196 in
2658 1140 2879 1197 multas
2913 1141 3215 1197 latronum
3240 1143 3484 1214 rapinas
3506 1148 3562 1199 et

1901 1228 2167 1299 pericula
2193 1228 2461 1301 illapsus,
2483 1246 2603 1285 non
2616 1232 2848 1303 absque
2864 1247 3089 1301 magno
3105 1231 3308 1287 labore
3334 1233 3561 1302 evadit,

1902 1332 1971 1372 ac
2000 1322 2224 1388 postea,
2249 1318 2589 1387 ingentibus
2605 1320 2824 1390 opibus
2845 1336 2915 1376 ac
2943 1320 3327 1377 facultatibus
3353 1320 3559 1375 inven-

1902 1405 1992 1473 tis,
2016 1421 2137 1460 non
2157 1407 2417 1477 amplius
2433 1408 2724 1463 damnum
2752 1408 2898 1464 illud
2920 1415 3165 1481 propter
3184 1409 3560 1465 afﬂuentiam

1900 1494 2244 1550 divitiarum
2276 1496 2478 1550 metuit
2498 1514 2510 1550 :
2530 1497 2614 1551 sic
2637 1512 2880 1568 quoque
2904 1498 3240 1568 spirituales
3257 1498 3557 1563 homines,

1866 1578 2003 1655 ‘qui
2055 1584 2218 1654 prius
2260 1599 2365 1654 per
2402 1584 2622 1640 multas
2662 1588 3015 1641 tentationes
3051 1591 3108 1640 et
3154 1586 3560 1641 formidabilis

1898 1672 2033 1728 loca
2059 1672 2417 1729 transierunt
2459 1689 2471 1727 :
2507 1673 2725 1729 deinde
2764 1675 2956 1744 gratia
2982 1675 3230 1745 impleti,
3262 1676 3560 1745 bonisque

179 1774 269 1817 τας
323 1755 525 1816 αὐτοὺς
592 1754 840 1821 συλῆσαι,
904 1754 1087 1815 ἑπιιδὴ
1150 1759 1175 1809 ό
1221 1758 1437 1819 πλοῦτος
1493 1759 1587 1811 οὐκ
1647 1763 1789 1813 ἔστιν

1906 1761 2183 1817 cumulati
2215 1768 2372 1827 sunt,
2417 1777 2537 1818 non
2582 1764 2841 1834 amplius
2882 1763 3018 1819 illos
3058 1763 3405 1828 formidant,
3455 1764 3558 1835 qui

174 1843 348 1904 αὐτοῖς
380 1844 557 1915 ὀλίγος
582 1861 597 1876 δ
658 1846 849 1915 ἰχουσι
902 1840 961 1897 δὲ
990 1851 1080 1898 καὶ
1143 1846 1317 1918 φόϐον,
1359 1847 1418 1899 οὐ
1447 1856 1548 1900 τῶν
1598 1849 1789 1921 φοϐον-

174 1936 333 2003 μένων
390 1935 463 1984 τὰ
518 1936 721 2006 πονηρὰ
771 1937 1060 2005 πνεύματα,
1118 1934 1246 1988 ἀλλὰ
1302 1935 1455 2008 φόϐον
1507 1942 1596 1990 καὶ
1637 1943 1784 2013 μέρι-

173 2041 321 2093 μναν,
402 2030 516 2082 πῶς
583 2017 925 2080 διοικήσουσι
989 2026 1057 2076 τὰ
1130 2023 1537 2095 ἐμπιστευθέντα
1610 2027 1788 2091 αὐτοῖς

174 2113 512 2183 πνιυματτκὰ
533 2115 869 2185 χαρίσματα.

245 2413 340 2467 IB’.
400 2419 567 2487 Ἔχει
621 2411 681 2469 δί
745 2417 771 2468 ὁ
835 2422 1071 2479 τοιοῦτος
1130 2413 1554 2490 ἓξουδενούμενον
1611 2418 1790 2473 ἑαυτὸν

178 2509 316 2580 παρὰ
382 2509 588 2570 πάντας
652 2509 1009 2585 ἁμαρτωλοὺς,
1068 2515 1158 2563 καὶ
1210 2513 1323 2583 ἔχει
1378 2510 1427 2563 ἓν
1486 2511 1651 2583 ἑαυτῷ
1704 2518 1790 2567 τὸν

178 2604 414 2650 τοιοῦτον
483 2597 735 2671 λογισμὸν
807 2601 1189 2672 ἑμγντιυθέντα
1259 2604 1329 2662 ὡς
1388 2606 1630 2672 φυσικόν,
1706 2618 1791 2665 καὶ

177 2688 293 2738 ὅσον
324 2687 627 2760 εἰσέρκεται
684 2688 752 2749 εἰς
775 2696 969 2759 γνῶσιν
1027 2696 1179 2752 Θεοῦ,
1232 2695 1484 2742 τοσοῦτον
1538 2694 1650 2762 ἔχει
1703 2693 1793 2745 αὐ-

176 2778 256 2827 τὸν
308 2772 562 2840 ἰδιώτην,
618 2781 711 2829 καὶ
767 2778 890 2830 ὅσον
950 2779 1212 2850 μανθάνοι,
1286 2779 1361 2841 εἰς
1414 2776 1581 2852 μηδὲν
1642 2780 1791 2843 εἰδώς

177 2866 303 2920 ἑστι.
332 2872 524 2919 Ταῦτα
563 2862 625 2918 δί
652 2867 681 2923 ἠ
723 2867 891 2938 χάρις
916 2863 1260 2934 διακονοῦσα,
1292 2871 1362 2930 ὼς
1401 2872 1599 2940 φυσικὰ
1636 2871 1687 2923 ἐν

176 2956 325 3027 ψυχῇ
370 2952 754 3026 ἀπεργάζεται.
796 2954 998 3030 ’Ὠσπερ
1037 2958 1123 3008 ἰὰν
1235 2954 1447 3010 παιδίον
1485 2959 1585 3010 ὑπὸ
1625 2964 1794 3012 νεανία-

178 3061 301 3095 σκου
358 3041 764 3116 βασταζόμενον
802 3049 893 3097 καὶ
939 3045 965 3096 ό
1012 3042 1314 3118 βαστάζων.
1363 3047 1489 3099 αὐτὸ
1532 3053 1791 3121 περιφέρει

1897 1850 2232 1921 deprtedari
2246 1867 2349 1905 eos
2363 1851 2660 1917 volebant,
2674 1854 2964 1924 quoniam
2989 1852 3149 1907 haud
3163 1852 3393 1920 exiguae
3422 1856 3559 1907 sunt

1898 1942 2164 2012 ipsorum
2197 1954 2341 2011 opes
2365 1959 2378 2009 ;
2402 1955 2524 1996 non
2556 1947 2755 1996 tamen
2778 1956 3027 2011 prorsus
3058 1944 3219 1996 metu
3248 1956 3318 1995 ac
3347 1940 3558 1995 timore

1896 2029 2062 2085 omni
2092 2035 2314 2099 carent,
2361 2035 2540 2097 metu,
2588 2029 2864 2101 inquam,
2898 2046 3019 2085 non
3059 2030 3253 2101 qualis
3292 2034 3401 2094 est,
3443 2029 3548 2099 qui

1896 2120 2289 2175 extimescunt
2318 2119 2511 2175 malos
2530 2119 2811 2190 spiritus;
2841 2123 2946 2174 sed
2967 2120 3082 2174 hoc
3116 2125 3279 2174 metu
3312 2135 3382 2173 ac
3404 2116 3559 2173 solli-

1898 2207 2157 2263 citudine
2176 2214 2478 2277 urgentur,
2509 2208 2816 2280 quomodo
2841 2208 2947 2264 rite
2971 2207 3395 2264 administrent
3418 2221 3558 2263 con-

1899 2297 2120 2353 credita
2146 2295 2257 2352 sibi
2290 2296 2618 2368 spiritualia
2654 2297 2839 2353 dona.

1969 2422 2082 2477 XII.
2110 2424 2323 2477 Verum
2345 2422 2447 2494 qui
2470 2421 2769 2493 ejusmodi
2787 2424 2896 2491 est,
2925 2425 3163 2495 reputat
3190 2437 3251 2476 se
3275 2420 3557 2499 abjectiof

1899 2527 2025 2567 rem
2039 2511 2321 2567 omnibus
2342 2511 2777 2582 peccatoribus,
2800 2511 3096 2583 talemque
3109 2510 3554 2581 cogitationem,

1900 2600 2060 2655 velut
2103 2600 2459 2663 naturalem,
2503 2599 2616 2654 sibi
2666 2601 2905 2655 insitam
2953 2600 3176 2665 habet;
3233 2605 3290 2654 et
3330 2604 3557 2668 quanto

1903 2688 2175 2759 magisin
2206 2689 2413 2744 notitia
2438 2688 2536 2743 Dei
2570 2688 2822 2759 prolicit,
2849 2695 3010 2745 tanto
3041 2688 3469 2759 simpliciorem
3496 2701 3559 2741 se

1901 2778 2200 2834 existimat
2232 2777 2482 2833 idiotam
2519 2790 2532 2830 :
2573 2782 2630 2833 et
2660 2783 2888 2848 quanto
2927 2777 3119 2847 magis
3158 2776 3447 2844 didicerit,
3490 2791 3558 2831 eo

1900 2867 2207 2922 rudiorem
2243 2882 2307 2921 se
2346 2872 2598 2937 reputat.
2638 2869 2770 2921 Haec
2808 2872 3008 2922 autem
3049 2867 3240 2937 gratia
3283 2864 3558 2921 directrix

1900 2955 2283 3011 velutinnata
2297 2954 2537 3018 animae,
2552 2956 2804 3025 peragit.
2823 2955 3348 3020 Quemadmodum
3373 2956 3421 3024 7
3438 2956 3489 3024 2
3507 2954 3557 3009 si

1901 3046 1974 3101 sit
1998 3045 2219 3109 infans,
2254 3044 2414 3114 quia
2439 3044 2661 3113 juvene
2678 3048 2959 3112 gestetur,
2995 3042 3042 3097 is
3062 3042 3319 3111 quicum
3338 3047 3554 3114 portat,

173 3134 296 3185 ὅπου
348 3131 506 3196 θέλει,
563 3133 700 3186 οὕτω
728 3136 816 3186 καὶ
868 3136 1005 3186 κατὰ
1033 3131 1191 3207 βάθος
1243 3135 1581 3210 ίνιργουμένη
1631 3140 1792 3210 χάρις

1906 3132 2240 3189 circumfert
2263 3132 2545 3187 eumdem
2585 3147 2947 3202 quocunque
2985 3131 3222 3186 libuerit
3249 3146 3261 3185 :
3288 3131 3373 3185 sic
3411 3146 3558 3201 quo-

174 3218 445 3293 βαστάζει
485 3224 576 3275 τὸν
625 3229 765 3288 νοῦν,
814 3228 909 3276 καὶ
952 3221 1188 3296 ἀναφέρει
1230 3225 1304 3287 είς
1354 3230 1469 3287 τοὺς
1522 3226 1787 3301 οὐρανοὺς,

170 3309 232 3371 εἰς
275 3312 383 3364 τὸν
424 3310 613 3364 τέλειον
663 3316 881 3383 κόσμον,
927 3311 1000 3372 είς
1045 3316 1140 3371 τὴν
1183 3312 1389 3366 αἰώνιον
1432 3317 1786 3371 κατάπαυσιν.

171 3400 269 3454 Καὶ
296 3402 367 3452 ἄν
579 3396 640 3453 δ’(
667 3408 731 3472 τῇ
784 3402 975 3473 χάριτί
1002 3400 1105 3453 εἰσι
1147 3406 1315 3474 μέτρα
1354 3408 1446 3455 καὶ
1493 3401 1786 3476 ἀξιώματα.

170 3489 363 3551 Ἄλλος
418 3487 565 3542 ἐστὶν
621 3491 647 3541 ὀ
695 3489 1060 3563 στρατηλάτης
1107 3492 1247 3561 ἔχων
1306 3491 1607 3566 παρρησίαν
1664 3499 1790 3569 πρὸς

177 3582 253 3630 τόν
301 3576 562 3651 βασιλέα,
616 3583 707 3629 καὶ
752 3579 779 3629 ὁ
831 3577 984 3639 ἄλλος
1037 3578 1178 3632 ἔστὶν
1230 3580 1256 3631 ὀ
1310 3582 1532 3653 ἡγεμών.
1588 3582 1787 3657 Ὠσπερ

176 3664 313 3731 οἶκος
370 3667 775 3741 πεπληρωμένος
835 3675 1033 3720 καπνοῦ
1100 3668 1382 3740 ὑπερεκχιῖ
1437 3677 1639 3735 τουτον,
1698 3679 1787 3723 καὶ

182 3758 242 3817 ti;
278 3761 374 3810 τὸν
410 3755 511 3819 ἔξω
550 3754 676 3830 ἀέρα
700 3772 713 3785 ·
764 3756 926 3817 οὕτως
971 3754 1069 3808 κᾶν
1110 3763 1173 3828 τῇ
1214 3756 1369 3830 ψυχῇ
1422 3764 1788 3832 μιμεστωμὲνη

181 3850 209 3904 ἡ
258 3852 435 3899 κακία
474 3846 846 3920 ὑπιρεκχιῖται
893 3845 1074 3908 ἔξωθεν
1120 3851 1211 3898 καὶ
1262 3845 1481 3900 ἐπιτελεῖ
1533 3853 1786 3922 καρπούς.

178 3931 263 3997 Ὠς
312 3938 369 3989 οἱ
428 3933 880 4009 ἕγκσχιιρισμένοι
939 3933 1114 4007 ἀρχὰς
1171 3934 1549 4009 ἑπαρχότητος,
1608 3939 1638 3996 ἡ
1700 3940 1790 3997 θη.

184 4029 380 4100 σαυρόν
410 4022 711 4097 βασιλικὸν,
750 4026 922 4077 πάντα
957 4026 1045 4077 τὸν
1084 4029 1275 4097 χρόνον
1315 4023 1362 4076 ἐν
1402 4030 1620 4097 μερίμνῃ
1662 4030 1788 4091 εἶσὶ,

182 4120 370 4185 μήπως
407 4115 516 4186 ἄρα
559 4116 971 4187 προσκρούσωσι
1000 4121 1073 4183 τῷ
1114 4111 1321 4186 βασιλεῖ
1354 4131 1367 4144 ο
1418 4114 1555 4166 οὓτω
1602 4120 1689 4167 καὶ
1742 4117 1791 4167 οἱ

185 4204 611 4272 ἰμπιστιυθὲντις
673 4205 820 4276 ἔργον
892 4206 1237 4275 πνευματικόν
1312 4201 1390 4255 ἁιὶ
1454 4202 1504 4254 ἐν
1568 4204 1788 4277 μερίμνη

186 4293 306 4359 εἰσὶ,
354 4297 449 4345 καὶ
505 4294 714 4363 ἔχοντες
761 4292 1073 4355 ἀνάπαυσιν,
1124 4293 1298 4364 ὥσπερ
1342 4294 1436 4343 οὔκ
1489 4292 1618 4345 εἰσιν
1672 4295 1793 4345 ἀνα-

187 4378 532 4449 πεπαυμένοι.
576 4375 636 4429 Ἠ
687 4374 930 4450 βασιλεία
976 4380 1080 4449 γὰρ
1126 4384 1216 4429 τοῦ
1270 4382 1487 4437 σκότους
1537 4380 1567 4436 ἠ
1624 4381 1793 4431 ἔπεισ-

1900 3237 2017 3293 que
2035 3220 2246 3290 gratia.
2281 3220 2341 3275 in
2375 3218 2678 3291 profundo
2704 3219 2857 3274 vires
2885 3235 3024 3274 suas
3046 3234 3344 3283 exserens,
3370 3222 3559 3287 gestat

1900 3312 2194 3376 animum,
2226 3323 2487 3379 eumque
2522 3307 2713 3364 defert
2752 3307 2830 3363 ad
2892 3308 3095 3372 caelos,
3132 3307 3210 3363 ad
3261 3307 3557 3363 mundum

1900 3400 2249 3473 perfectum,
2283 3397 2362 3453 ad
2409 3403 2697 3453 aeternam
2728 3397 3018 3469 requiem.
3050 3397 3269 3452 Verum
3321 3396 3380 3450 in
3428 3395 3558 3467 ipsa

1900 3490 2093 3563 gratia
2132 3496 2271 3544 sunt
2307 3486 2533 3559 gradus
2573 3491 2629 3542 et
2666 3486 3009 3557 dignitates.
3055 3485 3217 3540 Alius
3259 3484 3420 3540 enim
3468 3488 3561 3539 est

1902 3578 2213 3651 praefectus
2239 3576 2633 3649 militum,qui
2648 3576 2900 3631 liberam
2914 3573 3375 3631 habetadeundi
3399 3572 3557 3643 regis

1900 3674 2290 3740 potestatem:
2319 3666 2472 3721 alius
2515 3681 2653 3720 vero
2706 3672 2797 3719 est
2834 3664 2977 3720 dux.
3032 3665 3276 3719 Perinde
3325 3679 3461 3718 vero
3491 3668 3556 3718 ut

1900 3759 2118 3813 domus
2140 3756 2307 3811 fumo
2330 3754 2573 3826 repleta,
2607 3770 2747 3808 eum
2779 3752 3033 3808 effundit
3054 3753 3113 3807 in
3153 3768 3353 3807 aerem
3374 3758 3561 3806 exter-

1900 3862 2044 3902 num
2073 3865 2085 3913 ;
2129 3846 2213 3899 sic
2243 3845 2421 3899 etiam
2444 3844 2505 3897 in
2535 3842 2739 3897 anima
2753 3840 3339 3896 redundansmalitia
3369 3838 3564 3894 effun-

1901 3934 2059 3990 ditur
2085 3933 2262 3995 foras,
2286 3948 2357 3987 ac
2388 3931 2615 3989 fructus
2644 3929 2938 4001 producit.
2963 3932 3027 3983 Et
3056 3930 3206 3983 sicut
3248 3928 3303 3991 ii,
3336 3926 3563 3996 quibus

1902 4023 2177 4094 gerendas
2192 4018 3081 4090 prmfecturaa,autcustodiendi
3099 4015 3360 4072 thesauri
3390 4014 3558 4084 regii,

1901 4128 2043 4169 cura
2061 4111 2384 4167 commissa
2405 4114 2514 4177 est,
2546 4122 2862 4179 nunquam
2885 4108 3043 4162 curis
3076 4110 3311 4169 vacant,
3332 4120 3405 4158 ne
3438 4119 3560 4174 quo

1906 4206 2076 4275 pacto
2112 4215 2315 4271 regem
2345 4197 2657 4254 offendant
2696 4213 2707 4250 :
2753 4197 2839 4251 sic
2864 4211 3106 4267 quoque
3136 4210 3397 4266 quorum
3418 4193 3555 4248 ﬁdei

1902 4308 2057 4362 opus
2089 4287 2335 4360 aliquod
2366 4286 2673 4358 spirituale
2696 4284 3087 4341 commissum
3131 4289 3240 4349 est,
3273 4284 3562 4338 continua

1904 4378 2297 4437 sollicitudine
2332 4381 2608 4433 tenentur
2640 4394 2653 4443 ;
2686 4379 2743 4431 et
2766 4375 2845 4430 ita
2882 4374 3078 4446 quiete
3110 4373 3405 4439 fruuntur,
3432 4387 3566 4444 per-

191 4466 417 4520 ιλθοῡσα
442 4473 507 4538 τῇ
555 4466 719 4533 πόλει,
748 4469 991 4519 τουτέστι
1016 4472 1079 4537 τῇ
1132 4464 1310 4537 ψυχῇ,
1342 4471 1432 4519 καὶ
1473 4468 1523 4519 οἱ
1575 4464 1792 4520 διακατ·

1906 4470 2043 4526 inde
2073 4484 2143 4523 ac
2173 4467 2221 4522 si
2252 4483 2322 4523 ea
2348 4469 2639 4521 carerent.
2676 4468 2944 4533 Regnum
2966 4464 3125 4518 enim
3168 4463 3554 4517 tenebrarum

191 4554 399 4628 ἄκοντος
440 4554 702 4631 βάρϐαροι
765 4559 856 4616 τὰς
919 4557 1080 4628 νομὰς
1133 4554 1318 4622 αὐτῆς,
1372 4554 1653 4618 ἐξωθῡνται
1709 4556 1796 4610 ἀπ’

192 4646 378 4709 αὐτῆς.

260 4788 363 4843 11⁷⁸.
408 4785 741 4842 Ἀποστίλλιι
778 4789 879 4859 γὰρ
919 4786 945 4837 ὁ
985 4783 1233 4859 βασιλεὺς
1270 4788 1499 4857 Χριστός
1547 4787 1614 4848 εἰς
1654 4784 1799 4840 ἐκδί-

191 4896 351 4935 κησιν
404 4884 502 4937 τῆς
555 4874 761 4940 πόλεως,
810 4880 901 4927 καὶ
959 4871 1152 4947 δισμοί
1198 4878 1316 4936 τοὺς
1361 4878 1661 4948 τυράννους,
1709 4881 1799 4929 καὶ

197 4970 522 5039 στρατηγίαν
589 4962 913 5039 ίπουρανίον,
977 4970 1067 5017 καὶ
1142 4967 1429 5038 παράταξιν
1496 4966 1797 5038 πνευμάτων

196 5058 359 5125 ἁγίων
413 5052 515 5106 illi
568 5053 876 5118 κατοικίζει,
936 5054 1109 5126 ὥσπερ
1168 5054 1402 5128 πατρίδα
1463 5052 1637 5107 ἰδίαν
1708 5058 1798 5104 καὶ

195 5144 373 5196 λοιπόν
422 5143 640 5215 φαίνιιὸ
689 5138 832 5205 ἣλιος
878 5141 926 5194 ἐν
975 5149 1037 5215 τῇ
1089 5140 1307 5217 καρδίᾳ,
1349 5150 1437 5197 καὶ
1493 5146 1547 5195 αἱ
1599 5142 1800 5202 ἀκτῖνες

200 5232 359 5286 αὐτοῦ
390 5228 773 5306 διατρέχουσιν
828 5231 898 5293 ιίς
928 5229 1019 5284 ὅλα
1069 5234 1135 5285 τὰ
1180 5232 1329 5305 μέλη.
1362 5237 1463 5287 Καὶ
1493 5236 1632 5285 ἔστιν
1700 5230 1802 5283 ἐκεῖ

201 5321 376 5374 λοιπον
434 5318 624 5395 βαθιία
693 5319 866 5394 εἰρήνη
922 5322 951 5380 ἡ
1007 5319 1378 5395 βασιλεύουσα.
1436 5322 1493 5373 Ὀ
1550 5318 1607 5373 δί
1663 5318 1801 5391 ἀγὼν

199 5418 293 5462 τοῦ
341 5409 612 5483 ἀνθρώπου
650 5415 741 5462 καὶ
787 5412 816 5468 ἠ
859 5411 1097 5475 ἄθλησις,
1143 5416 1232 5463 καὶ
1277 5410 1589 5483 δοκιμασία,
1634 5415 1723 5461 καὶ
1768 5410 1798 5466 ἡ

203 5502 327 5574 πρὸς
387 5503 518 5554 Θιόν
576 5502 746 5551 εὔνοια
795 5504 909 5551 τότε
974 5503 1227 5571 φαίνεται,
1292 5500 1374 5553 ὅτε
1435 5508 1530 5561 τῆς
1582 5502 1806 5571 χάριτος

204 5589 636 5661 ὑποστελλομᾰνης
711 5584 1017 5663 ἀνδρίσεται
1089 5594 1178 5642 καὶ
1252 5586 1438 5661 βοήσει
1512 5592 1636 5661 πρός
1719 5593 1805 5640 τὸν

214 5683 339 5731 Θιόν
362 5696 374 5708 ⁸
419 5677 550 5731 ἀλλὰ
594 5680 662 5732 σὺ
691 5676 911 5745 ἁκούων,
944 5681 1026 5731 ὅτι
1070 5678 1172 5732 οἰσὶ
1207 5683 1435 5751 ποταμοὶ
1485 5675 1804 5754 δρακόντων,

1908 4559 2251 4615 subintrans
2274 4557 2594 4620 civitatem,
2618 4554 2731 4609 hoc
2760 4560 2871 4617 est,
2900 4553 3189 4617 animam,
3215 4558 3271 4607 et
3308 4552 3553 4607 barbari

1909 4652 2273 4719 occupantes
2295 4646 2426 4717 ejus
2451 4658 2699 4716 pascua,
2727 4658 2799 4698 ex
2822 4642 2921 4698 illa
2963 4640 3359 4713 expelluntur.

1985 4789 2118 4844 XIII.
2153 4787 2315 4844 Mittit
2342 4785 2501 4839 enim
2544 4782 2959 4857 rex‘Christus,
2994 4782 3094 4853 qui
3124 4779 3446 4835 vindictam
3488 4781 3563 4834 de

1908 4878 2143 4934 civitate
2170 4875 2267 4931 illa
2284 4878 2544 4937 sumant,
2564 4878 2616 4928 et
2645 4877 2932 4943 tyrannos
2964 4871 3025 4924 in
3041 4869 3278 4924 vincula
3300 4867 3560 4938 conjicit,

1910 4982 1979 5022 ac
2009 4965 2325 5021 exercitum
2351 4962 2674 5024 caelestem,
2709 4966 2765 5015 et
2791 4959 3030 5015 ordines
3069 4958 3387 5028 spirituum
3429 4972 3563 5011 san-

1908 5059 2138 5110 ctorum
2184 5053 2297 5106 illic
2325 5051 2592 5118 collocat,
2637 5055 2929 5119 tanquam
2962 5046 3023 5101 in
3063 5045 3252 5117 patria
3287 5044 3554 5117 propria.

1909 5145 2055 5199 Tum
2085 5156 2221 5196 vero
2263 5139 2351 5195 sol
2378 5141 2433 5193 in
2456 5138 2633 5194 corde
2649 5137 2942 5208 splendet,
2968 5139 3023 5190 et
3046 5133 3191 5189 radii
3228 5134 3356 5204 ejus
3387 5148 3561 5204 pene-

1911 5235 2069 5288 trant
2096 5229 2299 5285 omnia
2324 5229 2809 5297 membra,atque
2830 5225 2941 5279 sibi
2968 5239 3209 5278 summa
3241 5237 3356 5292 pax
3376 5221 3560 5292 impe-

1912 5319 2070 5376 rium
2112 5323 2286 5373 tenet.
2326 5318 2538 5371 Verum
2582 5320 2885 5370 certamen
2927 5330 2995 5369 ac
3034 5328 3243 5385 pugna
3282 5310 3563 5379 hominis,

1914 5408 2212 5481 probatio,
2240 5412 2295 5461 et
2313 5421 2454 5475 erga
2487 5405 2672 5460 Deum
2692 5404 3105 5458 benevolentia
3133 5407 3270 5456 tunc
3294 5403 3563 5470 apparet,

1914 5497 2184 5570 quando,
2209 5494 2399 5566 gratia
2426 5511 2487 5549 se
2519 5494 2909 5557 subducente,
2941 5492 3135 5546 virum
3154 5506 3216 5545 se
3240 5495 3492 5561 praestat,
3513 5493 3569 5545 et

1917 5587 2141 5643 clamat
2169 5585 2244 5640 ad
2274 5584 2615 5638 Dominum.
2649 5584 2793 5637 Cum
2840 5597 2975 5635 vero
3008 5580 3181 5635 audis
3200 5580 3413 5634 ﬂthiOs
3435 5593 3567 5634 esse

1921 5677 2276 5743 draconum,
2302 5689 2408 5729 ora
2424 5673 2688 5739 leonum,
2712 5677 2772 5728 et
2787 5676 3105 5743 potestates
3124 5671 3237 5726 sub
3262 5670 3412 5725 cmlo
3430 5670 3565 5725 cali-
