  <div class='ocr_page' id='page_1' title='image "/cluster/home/n/w/nwhite01/storage/ocr_20150623/34/hvd.32044073501835/321.png"; bbox 0 0 4076 6210; ppageno 0'>
   <div class='ocr_carea' id='block_1_1' title="bbox 580 267 689 323">
    <p class='ocr_par' dir='ltr' id='par_1_1' title="bbox 580 267 689 323">
     <span class='ocr_line' id='line_1_1' title="bbox 580 267 689 323; baseline -0.028 0"><span class='ocrx_word' id='word_1_1' title='bbox 580 267 689 323; x_wconf 76' lang='grc'>623</span> 
     </span>
    </p>
   </div>
   <div class='ocr_carea' id='block_1_2' title="bbox 1901 252 2655 315">
    <p class='ocr_par' dir='ltr' id='par_1_2' title="bbox 1901 252 2655 315">
     <span class='ocr_line' id='line_1_2' title="bbox 1901 252 2655 315; baseline -0.009 -2"><span class='ocrx_word' id='word_1_2' title='bbox 1901 257 1961 313; x_wconf 91' lang='lat' dir='ltr'>S.</span> <span class='ocrx_word' id='word_1_3' title='bbox 2003 256 2304 315; x_wconf 81' lang='lat' dir='ltr'><strong>MACABII</strong></span> <span class='ocrx_word' id='word_1_4' title='bbox 2344 252 2655 315; x_wconf 59' lang='lat' dir='ltr'>IEGYPTII</span> 
     </span>
    </p>
   </div>
   <div class='ocr_carea' id='block_1_3' title="bbox 3784 259 3875 315">
    <p class='ocr_par' dir='ltr' id='par_1_3' title="bbox 3784 259 3875 315">
     <span class='ocr_line' id='line_1_3' title="bbox 3784 259 3875 315; baseline 0.022 -2"><span class='ocrx_word' id='word_1_5' title='bbox 3784 259 3875 315; x_wconf 71' lang='grc'>624</span> 
     </span>
    </p>
   </div>
   <div class='ocr_carea' id='block_1_4' title="bbox 578 374 2211 463">
    <p class='ocr_par' dir='ltr' id='par_1_4' title="bbox 578 382 2211 463">
     <span class='ocr_line' id='line_1_4' title="bbox 578 382 2211 463; baseline -0.007 -14"><span class='ocrx_word' id='word_1_6' title='bbox 578 390 1051 463; x_wconf 80' lang='lat' dir='ltr'>ginosas,ignem</span> <span class='ocrx_word' id='word_1_7' title='bbox 1081 389 1434 454; x_wconf 83' lang='lat' dir='ltr'>urentem,et</span> <span class='ocrx_word' id='word_1_8' title='bbox 1447 384 1854 456; x_wconf 87' lang='lat' dir='ltr'>strepitantem</span> <span class='ocrx_word' id='word_1_9' title='bbox 1869 384 1927 439; x_wconf 88' lang='lat' dir='ltr'>in</span> <span class='ocrx_word' id='word_1_10' title='bbox 1946 382 2211 439; x_wconf 72' lang='lat' dir='ltr'>omnibus</span> 
     </span>
    </p>
   </div>
   <div class='ocr_carea' id='block_1_5' title="bbox 2322 374 3875 463">
    <p class='ocr_par' dir='ltr' id='par_1_5' title="bbox 2342 374 3875 452">
     <span class='ocr_line' id='line_1_5' title="bbox 2342 374 3875 452; baseline 0.003 -21"><span class='ocrx_word' id='word_1_11' title='bbox 2342 382 2434 431; x_wconf 84' lang='grc' dir='ltr'>καὶ</span> <span class='ocrx_word' id='word_1_12' title='bbox 2465 381 2702 451; x_wconf 84' lang='grc' dir='ltr'>στόματα</span> <span class='ocrx_word' id='word_1_13' title='bbox 2742 375 2973 442; x_wconf 88' lang='grc' dir='ltr'>λεόντων,</span> <span class='ocrx_word' id='word_1_14' title='bbox 3028 381 3119 431; x_wconf 84' lang='grc' dir='ltr'>καὶ</span> <span class='ocrx_word' id='word_1_15' title='bbox 3178 374 3425 452; x_wconf 78' lang='grc' dir='ltr'>δυνάμεις</span> <span class='ocrx_word' id='word_1_16' title='bbox 3474 382 3525 432; x_wconf 81' lang='grc' dir='ltr'>αἱ</span> <span class='ocrx_word' id='word_1_17' title='bbox 3572 381 3661 434; x_wconf 79' lang='grc' dir='ltr'><strong>ὑπό</strong></span> <span class='ocrx_word' id='word_1_18' title='bbox 3703 384 3774 435; x_wconf 87' lang='grc' dir='ltr'>τὸν</span> <span class='ocrx_word' id='word_1_19' title='bbox 3807 384 3875 436; x_wconf 75' lang='grc' dir='ltr'>οὐ·</span> 
     </span>
    </p>
   </div>
   <div class='ocr_carea' id='block_1_6' title="bbox 582 473 2230 550">
    <p class='ocr_par' dir='ltr' id='par_1_6' title="bbox 582 473 2230 550">
     <span class='ocr_line' id='line_1_6' title="bbox 582 473 2230 550; baseline -0.007 -13"><span class='ocrx_word' id='word_1_20' title='bbox 582 479 868 537; x_wconf 89' lang='lat' dir='ltr'>membris</span> <span class='ocrx_word' id='word_1_21' title='bbox 898 480 984 550; x_wconf 91' lang='lat' dir='ltr'>(ut</span> <span class='ocrx_word' id='word_1_22' title='bbox 1022 477 1169 533; x_wconf 87' lang='lat' dir='ltr'>nihil</span> <span class='ocrx_word' id='word_1_23' title='bbox 1200 477 1312 533; x_wconf 91' lang='lat' dir='ltr'>tale</span> <span class='ocrx_word' id='word_1_24' title='bbox 1350 480 1507 531; x_wconf 90' lang='lat' dir='ltr'>terra</span> <span class='ocrx_word' id='word_1_25' title='bbox 1545 473 1926 545; x_wconf 86' lang='lat' dir='ltr'>continet),et</span> <span class='ocrx_word' id='word_1_26' title='bbox 1966 473 2230 544; x_wconf 86' lang='lat' dir='ltr'>ignoras,</span> 
     </span>
    </p>
   </div>
   <div class='ocr_carea' id='block_1_7' title="bbox 579 561 2232 640">
    <p class='ocr_par' dir='ltr' id='par_1_7' title="bbox 579 561 2232 640">
     <span class='ocr_line' id='line_1_7' title="bbox 579 561 2232 640; baseline -0.006 -15"><span class='ocrx_word' id='word_1_27' title='bbox 579 570 692 625; x_wconf 88' lang='lat' dir='ltr'>nisi</span> <span class='ocrx_word' id='word_1_28' title='bbox 732 569 1030 640; x_wconf 88' lang='lat' dir='ltr'>acceperis</span> <span class='ocrx_word' id='word_1_29' title='bbox 1057 565 1462 622; x_wconf 89' lang='lat' dir='ltr'>arrhabonem</span> <span class='ocrx_word' id='word_1_30' title='bbox 1490 563 1740 636; x_wconf 83' lang='lat' dir='ltr'>Spiritus</span> <span class='ocrx_word' id='word_1_31' title='bbox 1771 562 2017 624; x_wconf 89' lang='lat' dir='ltr'>sanctis,</span> <span class='ocrx_word' id='word_1_32' title='bbox 2036 561 2182 617; x_wconf 92' lang='lat' dir='ltr'>dum</span> <span class='ocrx_word' id='word_1_33' title='bbox 2200 577 2232 615; x_wconf 94' lang='lat' dir='ltr'>e</span> 
     </span>
    </p>
   </div>
   <div class='ocr_carea' id='block_1_8' title="bbox 580 652 2228 730">
    <p class='ocr_par' dir='ltr' id='par_1_8' title="bbox 580 652 2228 730">
     <span class='ocr_line' id='line_1_8' title="bbox 580 652 2228 730; baseline -0.006 -15"><span class='ocrx_word' id='word_1_34' title='bbox 580 674 830 730; x_wconf 89' lang='lat' dir='ltr'>corpore</span> <span class='ocrx_word' id='word_1_35' title='bbox 858 656 1118 713; x_wconf 78' lang='lat' dir='ltr'>discedis</span> <span class='ocrx_word' id='word_1_36' title='bbox 1144 674 1156 723; x_wconf 92' lang='lat'><strong>;</strong></span> <span class='ocrx_word' id='word_1_37' title='bbox 1200 654 1466 710; x_wconf 92' lang='lat' dir='ltr'>animam</span> <span class='ocrx_word' id='word_1_38' title='bbox 1498 653 1621 708; x_wconf 65' lang='lat' dir='ltr'>haec</span> <span class='ocrx_word' id='word_1_39' title='bbox 1647 657 1810 708; x_wconf 88' lang='lat' dir='ltr'>tuam</span> <span class='ocrx_word' id='word_1_40' title='bbox 1841 652 2228 722; x_wconf 90' lang='lat' dir='ltr'>comprehen-</span> 
     </span>
    </p>
   </div>
   <div class='ocr_carea' id='block_1_9' title="bbox 578 740 2228 812">
    <p class='ocr_par' dir='ltr' id='par_1_9' title="bbox 578 740 2228 812">
     <span class='ocr_line' id='line_1_9' title="bbox 578 740 2228 812; baseline -0.005 -9"><span class='ocrx_word' id='word_1_41' title='bbox 578 747 747 812; x_wconf 90' lang='lat' dir='ltr'>dunt,</span> <span class='ocrx_word' id='word_1_42' title='bbox 765 762 874 802; x_wconf 90' lang='lat' dir='ltr'>nec</span> <span class='ocrx_word' id='word_1_43' title='bbox 886 746 962 802; x_wconf 86' lang='lat' dir='ltr'>ad</span> <span class='ocrx_word' id='word_1_44' title='bbox 976 745 1158 801; x_wconf 79' lang='lat' dir='ltr'>caelos</span> <span class='ocrx_word' id='word_1_45' title='bbox 1175 744 1277 799; x_wconf 91' lang='lat' dir='ltr'>tibi</span> <span class='ocrx_word' id='word_1_46' title='bbox 1305 758 1624 798; x_wconf 85' lang='lat' dir='ltr'>ascensum</span> <span class='ocrx_word' id='word_1_47' title='bbox 1648 740 2002 796; x_wconf 87' lang='lat' dir='ltr'>concedunt.</span> <span class='ocrx_word' id='word_1_48' title='bbox 2019 740 2228 795; x_wconf 89' lang='lat' dir='ltr'>Itidem</span> 
     </span>
    </p>
   </div>
   <div class='ocr_carea' id='block_1_10' title="bbox 576 828 2231 907">
    <p class='ocr_par' dir='ltr' id='par_1_10' title="bbox 576 828 2231 907">
     <span class='ocr_line' id='line_1_10' title="bbox 576 828 2231 907; baseline -0.006 -16"><span class='ocrx_word' id='word_1_49' title='bbox 576 836 651 892; x_wconf 91' lang='lat' dir='ltr'>de</span> <span class='ocrx_word' id='word_1_50' title='bbox 674 836 961 907; x_wconf 75' lang='lat' dir='ltr'>dignitate</span> <span class='ocrx_word' id='word_1_51' title='bbox 984 835 1198 891; x_wconf 71' lang='lat' dir='ltr'>animas</span> <span class='ocrx_word' id='word_1_52' title='bbox 1227 832 1325 888; x_wconf 92' lang='lat' dir='ltr'>ubi</span> <span class='ocrx_word' id='word_1_53' title='bbox 1349 830 1631 895; x_wconf 88' lang='lat' dir='ltr'>audieris,</span> <span class='ocrx_word' id='word_1_54' title='bbox 1647 845 1833 902; x_wconf 89' lang='lat' dir='ltr'>quam</span> <span class='ocrx_word' id='word_1_55' title='bbox 1857 828 2143 901; x_wconf 70' lang='lat' dir='ltr'>praeclara</span> <span class='ocrx_word' id='word_1_56' title='bbox 2158 828 2231 882; x_wconf 90' lang='lat' dir='ltr'>sit</span> 
     </span>
    </p>
   </div>
   <div class='ocr_carea' id='block_1_11' title="bbox 579 915 2225 991">
    <p class='ocr_par' dir='ltr' id='par_1_11' title="bbox 579 915 2225 991">
     <span class='ocr_line' id='line_1_11' title="bbox 579 915 2225 991; baseline -0.005 -12"><span class='ocrx_word' id='word_1_57' title='bbox 579 926 915 981; x_wconf 77' lang='lat' dir='ltr'>substantia</span> <span class='ocrx_word' id='word_1_58' title='bbox 953 923 1052 978; x_wconf 89' lang='lat' dir='ltr'>illa</span> <span class='ocrx_word' id='word_1_59' title='bbox 1090 921 1387 977; x_wconf 89' lang='lat' dir='ltr'>intellectu</span> <span class='ocrx_word' id='word_1_60' title='bbox 1438 919 1708 991; x_wconf 55' lang='lat' dir='ltr'>praedita,</span> <span class='ocrx_word' id='word_1_61' title='bbox 1752 934 1873 973; x_wconf 92' lang='lat' dir='ltr'>non</span> <span class='ocrx_word' id='word_1_62' title='bbox 1923 915 2225 986; x_wconf 82' lang='lat' dir='ltr'>intelligis,</span> 
     </span>
    </p>
   </div>
   <div class='ocr_carea' id='block_1_12' title="bbox 579 1006 2229 1085">
    <p class='ocr_par' dir='ltr' id='par_1_12' title="bbox 579 1006 2229 1085">
     <span class='ocr_line' id='line_1_12' title="bbox 579 1006 2229 1085; baseline -0.003 -18"><span class='ocrx_word' id='word_1_63' title='bbox 579 1013 744 1085; x_wconf 90' lang='lat' dir='ltr'>quod</span> <span class='ocrx_word' id='word_1_64' title='bbox 769 1016 919 1068; x_wconf 89' lang='lat' dir='ltr'>Deus</span> <span class='ocrx_word' id='word_1_65' title='bbox 951 1027 1071 1067; x_wconf 90' lang='lat' dir='ltr'>non</span> <span class='ocrx_word' id='word_1_66' title='bbox 1099 1010 1173 1066; x_wconf 91' lang='lat' dir='ltr'>de</span> <span class='ocrx_word' id='word_1_67' title='bbox 1206 1008 1451 1080; x_wconf 81' lang='lat' dir='ltr'>angelis,</span> <span class='ocrx_word' id='word_1_68' title='bbox 1488 1008 1593 1064; x_wconf 89' lang='lat' dir='ltr'>sed</span> <span class='ocrx_word' id='word_1_69' title='bbox 1624 1007 1699 1063; x_wconf 91' lang='lat' dir='ltr'>de</span> <span class='ocrx_word' id='word_1_70' title='bbox 1721 1012 1936 1063; x_wconf 88' lang='lat' dir='ltr'>natura</span> <span class='ocrx_word' id='word_1_71' title='bbox 1961 1006 2229 1062; x_wconf 84' lang='lat' dir='ltr'>humana</span> 
     </span>
    </p>
   </div>
   <div class='ocr_carea' id='block_1_13' title="bbox 575 1095 2227 1167">
    <p class='ocr_par' dir='ltr' id='par_1_13' title="bbox 575 1095 2227 1167">
     <span class='ocr_line' id='line_1_13' title="bbox 575 1095 2227 1167; baseline -0.006 -9"><span class='ocrx_word' id='word_1_72' title='bbox 575 1101 988 1158; x_wconf 83' lang='lat' dir='ltr'>dixeritillud:</span> <span class='ocrx_word' id='word_1_73' title='bbox 1020 1100 1334 1156; x_wconf 83' lang='lat' dir='ltr'>Faciamus</span> <span class='ocrx_word' id='word_1_74' title='bbox 1363 1098 1443 1154; x_wconf 86' lang='lat' dir='ltr'>ad</span> <span class='ocrx_word' id='word_1_75' title='bbox 1465 1097 1785 1167; x_wconf 74' lang='lat' dir='ltr'>imaginem</span> <span class='ocrx_word' id='word_1_76' title='bbox 1816 1101 1869 1153; x_wconf 83' lang='lat' dir='ltr'>et</span> <span class='ocrx_word' id='word_1_77' title='bbox 1892 1095 2227 1152; x_wconf 83' lang='lat' dir='ltr'>similitudi-</span> 
     </span>
    </p>
   </div>
   <div class='ocr_carea' id='block_1_14' title="bbox 575 1185 2223 1260">
    <p class='ocr_par' dir='ltr' id='par_1_14' title="bbox 575 1185 2223 1260">
     <span class='ocr_line' id='line_1_14' title="bbox 575 1185 2223 1260; baseline -0.004 -14"><span class='ocrx_word' id='word_1_78' title='bbox 575 1206 707 1247; x_wconf 90' lang='lat' dir='ltr'>nem</span> <span class='ocrx_word' id='word_1_79' title='bbox 747 1191 1167 1254; x_wconf 71' lang='lat' dir='ltr'>nostram“,et</span> <span class='ocrx_word' id='word_1_80' title='bbox 1197 1186 1361 1260; x_wconf 84' lang='lat' dir='ltr'>quod</span> <span class='ocrx_word' id='word_1_81' title='bbox 1385 1185 1602 1243; x_wconf 78' lang='lat' dir='ltr'>cmlum</span> <span class='ocrx_word' id='word_1_82' title='bbox 1624 1190 1681 1242; x_wconf 90' lang='lat' dir='ltr'>et</span> <span class='ocrx_word' id='word_1_83' title='bbox 1714 1192 1867 1242; x_wconf 87' lang='lat' dir='ltr'>terra</span> <span class='ocrx_word' id='word_1_84' title='bbox 1899 1189 2223 1249; x_wconf 82' lang='lat' dir='ltr'>transeant,</span> 
     </span>
    </p>
   </div>
   <div class='ocr_carea' id='block_1_15' title="bbox 573 1273 2225 1342">
    <p class='ocr_par' dir='ltr' id='par_1_15' title="bbox 573 1273 2225 1342">
     <span class='ocr_line' id='line_1_15' title="bbox 573 1273 2225 1342; baseline -0.004 -7"><span class='ocrx_word' id='word_1_85' title='bbox 573 1285 636 1335; x_wconf 86' lang='lat' dir='ltr'>tu</span> <span class='ocrx_word' id='word_1_86' title='bbox 664 1295 803 1335; x_wconf 87' lang='lat' dir='ltr'>vero</span> <span class='ocrx_word' id='word_1_87' title='bbox 833 1278 911 1335; x_wconf 91' lang='lat' dir='ltr'>ad</span> <span class='ocrx_word' id='word_1_88' title='bbox 938 1277 1445 1333; x_wconf 84' lang='lat' dir='ltr'>immortalitatem</span> <span class='ocrx_word' id='word_1_89' title='bbox 1478 1281 1725 1331; x_wconf 87' lang='lat' dir='ltr'>vocatus</span> <span class='ocrx_word' id='word_1_90' title='bbox 1745 1274 1848 1339; x_wconf 88' lang='lat' dir='ltr'>sis,</span> <span class='ocrx_word' id='word_1_91' title='bbox 1869 1280 1931 1330; x_wconf 91' lang='lat' dir='ltr'>ut</span> <span class='ocrx_word' id='word_1_92' title='bbox 1946 1274 2024 1329; x_wconf 86' lang='lat' dir='ltr'>sis</span> <span class='ocrx_word' id='word_1_93' title='bbox 2044 1273 2225 1342; x_wconf 79' lang='lat' dir='ltr'>ﬁlius,</span> 
     </span>
    </p>
   </div>
   <div class='ocr_carea' id='block_1_16' title="bbox 575 1363 2226 1438">
    <p class='ocr_par' dir='ltr' id='par_1_16' title="bbox 575 1363 2226 1438">
     <span class='ocr_line' id='line_1_16' title="bbox 575 1363 2226 1438; baseline -0.004 -14"><span class='ocrx_word' id='word_1_94' title='bbox 575 1367 755 1424; x_wconf 81' lang='lat' dir='ltr'>frater</span> <span class='ocrx_word' id='word_1_95' title='bbox 790 1372 846 1423; x_wconf 87' lang='lat' dir='ltr'>et</span> <span class='ocrx_word' id='word_1_96' title='bbox 875 1383 1098 1438; x_wconf 90' lang='lat' dir='ltr'>sponsa</span> <span class='ocrx_word' id='word_1_97' title='bbox 1128 1366 1282 1436; x_wconf 92' lang='lat' dir='ltr'>regis</span> <span class='ocrx_word' id='word_1_98' title='bbox 1305 1365 1332 1419; x_wconf 85' lang='lat'><strong>?</strong></span> <span class='ocrx_word' id='word_1_99' title='bbox 1363 1368 1426 1420; x_wconf 90' lang='lat' dir='ltr'>In</span> <span class='ocrx_word' id='word_1_100' title='bbox 1455 1364 1634 1421; x_wconf 83' lang='lat' dir='ltr'>rebus</span> <span class='ocrx_word' id='word_1_101' title='bbox 1655 1365 1812 1420; x_wconf 90' lang='lat' dir='ltr'>enim</span> <span class='ocrx_word' id='word_1_102' title='bbox 1840 1379 1975 1436; x_wconf 71' lang='lat' dir='ltr'>quas</span> <span class='ocrx_word' id='word_1_103' title='bbox 2017 1363 2076 1417; x_wconf 93' lang='lat' dir='ltr'>in</span> <span class='ocrx_word' id='word_1_104' title='bbox 2111 1363 2226 1419; x_wconf 90' lang='lat' dir='ltr'>hoc</span> 
     </span>
    </p>
   </div>
   <div class='ocr_carea' id='block_1_17' title="bbox 574 1452 2223 1526">
    <p class='ocr_par' dir='ltr' id='par_1_17' title="bbox 574 1452 2223 1526">
     <span class='ocr_line' id='line_1_17' title="bbox 574 1452 2223 1526; baseline -0.002 -15"><span class='ocrx_word' id='word_1_105' title='bbox 574 1456 791 1512; x_wconf 74' lang='lat' dir='ltr'>saaculo</span> <span class='ocrx_word' id='word_1_106' title='bbox 818 1456 1112 1521; x_wconf 88' lang='lat' dir='ltr'>videntur,</span> <span class='ocrx_word' id='word_1_107' title='bbox 1132 1456 1339 1511; x_wconf 86' lang='lat' dir='ltr'>omnia</span> <span class='ocrx_word' id='word_1_108' title='bbox 1366 1470 1503 1526; x_wconf 66' lang='lat' dir='ltr'>quae</span> <span class='ocrx_word' id='word_1_109' title='bbox 1533 1458 1668 1509; x_wconf 91' lang='lat' dir='ltr'>sunt</span> <span class='ocrx_word' id='word_1_110' title='bbox 1690 1452 1919 1523; x_wconf 88' lang='lat' dir='ltr'>sponsi,</span> <span class='ocrx_word' id='word_1_111' title='bbox 1950 1452 2027 1508; x_wconf 90' lang='lat' dir='ltr'>ad</span> <span class='ocrx_word' id='word_1_112' title='bbox 2046 1467 2223 1523; x_wconf 87' lang='lat' dir='ltr'>spon-</span> 
     </span>
    </p>
   </div>
   <div class='ocr_carea' id='block_1_18' title="bbox 574 1540 2221 1616">
    <p class='ocr_par' dir='ltr' id='par_1_18' title="bbox 574 1540 2221 1616">
     <span class='ocr_line' id='line_1_18' title="bbox 574 1540 2221 1616; baseline -0.004 -16"><span class='ocrx_word' id='word_1_113' title='bbox 574 1562 705 1601; x_wconf 89' lang='lat' dir='ltr'>sam</span> <span class='ocrx_word' id='word_1_114' title='bbox 736 1544 1027 1616; x_wconf 84' lang='lat' dir='ltr'>pertinent</span> <span class='ocrx_word' id='word_1_115' title='bbox 1044 1562 1057 1611; x_wconf 89' lang='lat'><strong>;</strong></span> <span class='ocrx_word' id='word_1_116' title='bbox 1076 1543 1161 1599; x_wconf 90' lang='lat' dir='ltr'>sic</span> <span class='ocrx_word' id='word_1_117' title='bbox 1173 1558 1414 1615; x_wconf 92' lang='lat' dir='ltr'>quoque</span> <span class='ocrx_word' id='word_1_118' title='bbox 1437 1542 1644 1597; x_wconf 88' lang='lat' dir='ltr'>omnia</span> <span class='ocrx_word' id='word_1_119' title='bbox 1657 1557 1793 1614; x_wconf 59' lang='lat' dir='ltr'>quas</span> <span class='ocrx_word' id='word_1_120' title='bbox 1807 1544 1949 1595; x_wconf 84' lang='lat' dir='ltr'>sunt</span> <span class='ocrx_word' id='word_1_121' title='bbox 1966 1540 2221 1605; x_wconf 89' lang='lat' dir='ltr'>Domini,</span> 
     </span>
    </p>
   </div>
   <div class='ocr_carea' id='block_1_19' title="bbox 571 1629 2228 1707">
    <p class='ocr_par' dir='ltr' id='par_1_19' title="bbox 571 1629 2228 1707">
     <span class='ocr_line' id='line_1_19' title="bbox 571 1629 2228 1707; baseline -0.002 -18"><span class='ocrx_word' id='word_1_122' title='bbox 571 1638 801 1707; x_wconf 88' lang='lat' dir='ltr'>quanta</span> <span class='ocrx_word' id='word_1_123' title='bbox 827 1638 1053 1706; x_wconf 85' lang='lat' dir='ltr'>quanta</span> <span class='ocrx_word' id='word_1_124' title='bbox 1093 1633 1227 1697; x_wconf 90' lang='lat' dir='ltr'>sint,</span> <span class='ocrx_word' id='word_1_125' title='bbox 1251 1631 1568 1688; x_wconf 90' lang='lat' dir='ltr'>committit</span> <span class='ocrx_word' id='word_1_126' title='bbox 1598 1630 1693 1686; x_wconf 90' lang='lat' dir='ltr'>ille</span> <span class='ocrx_word' id='word_1_127' title='bbox 1719 1636 1836 1686; x_wconf 72' lang='lat' dir='ltr'>tuae</span> <span class='ocrx_word' id='word_1_128' title='bbox 1874 1629 2031 1685; x_wconf 84' lang='lat' dir='ltr'>ﬁdei.</span> <span class='ocrx_word' id='word_1_129' title='bbox 2061 1631 2228 1685; x_wconf 84' lang='lat' dir='ltr'>Venit</span> 
     </span>
    </p>
   </div>
   <div class='ocr_carea' id='block_1_20' title="bbox 2340 468 3879 543">
    <p class='ocr_par' dir='ltr' id='par_1_20' title="bbox 2340 468 3879 543">
     <span class='ocr_line' id='line_1_20' title="bbox 2340 468 3879 543; baseline 0.003 -23"><span class='ocrx_word' id='word_1_130' title='bbox 2340 471 2492 543; x_wconf 87' lang='grc' dir='ltr'>ρανόν</span> <span class='ocrx_word' id='word_1_131' title='bbox 2554 471 2836 533; x_wconf 63' lang='grc' dir='ltr'>αοτειναὶ,</span> <span class='ocrx_word' id='word_1_132' title='bbox 2894 471 2983 518; x_wconf 79' lang='grc' dir='ltr'>καὶ</span> <span class='ocrx_word' id='word_1_133' title='bbox 3035 474 3138 541; x_wconf 87' lang='grc' dir='ltr'>πῦρ</span> <span class='ocrx_word' id='word_1_134' title='bbox 3196 468 3376 541; x_wconf 69' lang='grc' dir='ltr'>φλέγον</span> <span class='ocrx_word' id='word_1_135' title='bbox 3434 474 3518 521; x_wconf 86' lang='grc' dir='ltr'>καὶ</span> <span class='ocrx_word' id='word_1_136' title='bbox 3563 470 3796 541; x_wconf 77' lang='grc' dir='ltr'>καχλάζον</span> <span class='ocrx_word' id='word_1_137' title='bbox 3838 472 3879 525; x_wconf 76' lang='grc' dir='ltr'>ἓν</span> 
     </span>
    </p>
   </div>
   <div class='ocr_carea' id='block_1_21' title="bbox 2338 551 3876 633">
    <p class='ocr_par' dir='ltr' id='par_1_21' title="bbox 2338 551 3876 633">
     <span class='ocr_line' id='line_1_21' title="bbox 2338 551 3876 633; baseline 0.001 -23"><span class='ocrx_word' id='word_1_138' title='bbox 2338 565 2442 618; x_wconf 89' lang='grc' dir='ltr'>τοῖς</span> <span class='ocrx_word' id='word_1_139' title='bbox 2492 556 2717 628; x_wconf 86' lang='grc' dir='ltr'>μέλεσιν,</span> <span class='ocrx_word' id='word_1_140' title='bbox 2748 558 2818 616; x_wconf 82' lang='grc' dir='ltr'>ὡς</span> <span class='ocrx_word' id='word_1_141' title='bbox 2866 551 3017 609; x_wconf 72' lang='grc' dir='ltr'>οῦδὶν</span> <span class='ocrx_word' id='word_1_142' title='bbox 3066 557 3095 615; x_wconf 79' lang='grc' dir='ltr'>ἡ</span> <span class='ocrx_word' id='word_1_143' title='bbox 3142 564 3235 628; x_wconf 70' lang='grc' dir='ltr'>γῆ,</span> <span class='ocrx_word' id='word_1_144' title='bbox 3284 562 3357 629; x_wconf 72' lang='grc' dir='ltr'>μὴ</span> <span class='ocrx_word' id='word_1_145' title='bbox 3410 554 3552 620; x_wconf 82' lang='grc' dir='ltr'>εἰδὼς</span> <span class='ocrx_word' id='word_1_146' title='bbox 3599 561 3669 611; x_wconf 84' lang='grc' dir='ltr'>ὅτι</span> <span class='ocrx_word' id='word_1_147' title='bbox 3712 559 3783 612; x_wconf 73' lang='grc' dir='ltr'>ἐὰν</span> <span class='ocrx_word' id='word_1_148' title='bbox 3817 567 3876 633; x_wconf 70' lang='grc' dir='ltr'>μὴ</span> 
     </span>
    </p>
   </div>
   <div class='ocr_carea' id='block_1_22' title="bbox 2342 643 3878 720">
    <p class='ocr_par' dir='ltr' id='par_1_22' title="bbox 2342 643 3878 720">
     <span class='ocr_line' id='line_1_22' title="bbox 2342 643 3878 720; baseline 0.001 -21"><span class='ocrx_word' id='word_1_149' title='bbox 2342 643 2465 718; x_wconf 72' lang='grc' dir='ltr'>δέξῃ</span> <span class='ocrx_word' id='word_1_150' title='bbox 2509 650 2594 697; x_wconf 88' lang='grc' dir='ltr'>τόν</span> <span class='ocrx_word' id='word_1_151' title='bbox 2640 643 2913 719; x_wconf 77' lang='grc' dir='ltr'>ἀρραϐῶνα</span> <span class='ocrx_word' id='word_1_152' title='bbox 2962 652 3053 697; x_wconf 87' lang='grc' dir='ltr'>τοῦ</span> <span class='ocrx_word' id='word_1_153' title='bbox 3104 648 3396 718; x_wconf 76' lang='grc' dir='ltr'>Πνεῦματος</span> <span class='ocrx_word' id='word_1_154' title='bbox 3447 653 3533 699; x_wconf 87' lang='grc' dir='ltr'>τοῦ</span> <span class='ocrx_word' id='word_1_155' title='bbox 3561 646 3696 719; x_wconf 69' lang='grc' dir='ltr'>ἁγίου</span> <span class='ocrx_word' id='word_1_156' title='bbox 3738 651 3777 700; x_wconf 75' lang='grc' dir='ltr'>ἓν</span> <span class='ocrx_word' id='word_1_157' title='bbox 3819 659 3878 720; x_wconf 78' lang='grc' dir='ltr'>τῷ</span> 
     </span>
    </p>
   </div>
   <div class='ocr_carea' id='block_1_23' title="bbox 2339 734 3878 810">
    <p class='ocr_par' dir='ltr' id='par_1_23' title="bbox 2339 734 3878 810">
     <span class='ocr_line' id='line_1_23' title="bbox 2339 734 3878 810; baseline 0.002 -24"><span class='ocrx_word' id='word_1_158' title='bbox 2339 734 2649 808; x_wconf 78' lang='grc' dir='ltr'>ἐξέρχεσθαι</span> <span class='ocrx_word' id='word_1_159' title='bbox 2688 741 2775 787; x_wconf 77' lang='grc' dir='ltr'>τοῦ</span> <span class='ocrx_word' id='word_1_160' title='bbox 2812 740 3069 806; x_wconf 84' lang='grc' dir='ltr'>σώματος,</span> <span class='ocrx_word' id='word_1_161' title='bbox 3111 739 3404 807; x_wconf 83' lang='grc' dir='ltr'>κατέχουσί</span> <span class='ocrx_word' id='word_1_162' title='bbox 3440 755 3529 788; x_wconf 92' lang='grc' dir='ltr'>σου</span> <span class='ocrx_word' id='word_1_163' title='bbox 3579 741 3663 795; x_wconf 75' lang='grc' dir='ltr'>τὴν</span> <span class='ocrx_word' id='word_1_164' title='bbox 3705 737 3878 810; x_wconf 77' lang='grc' dir='ltr'>ψυχὴν,</span> 
     </span>
    </p>
   </div>
   <div class='ocr_carea' id='block_1_24' title="bbox 2338 822 3884 899">
    <p class='ocr_par' dir='ltr' id='par_1_24' title="bbox 2338 822 3884 899">
     <span class='ocr_line' id='line_1_24' title="bbox 2338 822 3884 899; baseline 0.003 -24"><span class='ocrx_word' id='word_1_165' title='bbox 2338 829 2410 897; x_wconf 74' lang='grc' dir='ltr'>μὴ</span> <span class='ocrx_word' id='word_1_166' title='bbox 2469 826 2643 884; x_wconf 80' lang='grc' dir='ltr'>ἐῶντές</span> <span class='ocrx_word' id='word_1_167' title='bbox 2707 842 2765 876; x_wconf 87' lang='grc' dir='ltr'>σε</span> <span class='ocrx_word' id='word_1_168' title='bbox 2820 822 3041 876; x_wconf 76' lang='grc' dir='ltr'>ἀνελθεῖν</span> <span class='ocrx_word' id='word_1_169' title='bbox 3103 823 3175 887; x_wconf 83' lang='grc' dir='ltr'>εἰς</span> <span class='ocrx_word' id='word_1_170' title='bbox 3228 828 3349 887; x_wconf 84' lang='grc' dir='ltr'>τοὺς</span> <span class='ocrx_word' id='word_1_171' title='bbox 3384 826 3644 899; x_wconf 76' lang='grc' dir='ltr'>οὐρανούς.</span> <span class='ocrx_word' id='word_1_172' title='bbox 3698 826 3884 899; x_wconf 83' lang='grc' dir='ltr'>Ὁμοίως</span> 
     </span>
    </p>
   </div>
   <div class='ocr_carea' id='block_1_25' title="bbox 2340 909 3883 986">
    <p class='ocr_par' dir='ltr' id='par_1_25' title="bbox 2340 909 3883 986">
     <span class='ocr_line' id='line_1_25' title="bbox 2340 909 3883 986; baseline 0 -20"><span class='ocrx_word' id='word_1_173' title='bbox 2340 909 2399 967; x_wconf 66' lang='grc' dir='ltr'>δὲ</span> <span class='ocrx_word' id='word_1_174' title='bbox 2428 917 2517 965; x_wconf 84' lang='grc' dir='ltr'>καὶ</span> <span class='ocrx_word' id='word_1_175' title='bbox 2555 917 2671 985; x_wconf 82' lang='grc' dir='ltr'>περὶ</span> <span class='ocrx_word' id='word_1_176' title='bbox 2711 920 2801 965; x_wconf 89' lang='grc' dir='ltr'>τοῦ</span> <span class='ocrx_word' id='word_1_177' title='bbox 2851 911 3144 985; x_wconf 79' lang='grc' dir='ltr'>ἀξιώματος</span> <span class='ocrx_word' id='word_1_178' title='bbox 3178 921 3274 977; x_wconf 81' lang='grc' dir='ltr'>τῆς</span> <span class='ocrx_word' id='word_1_179' title='bbox 3312 914 3499 986; x_wconf 75' lang='grc' dir='ltr'>ψυχῆς</span> <span class='ocrx_word' id='word_1_180' title='bbox 3535 913 3736 984; x_wconf 72' lang='grc' dir='ltr'>ἁκούων,</span> <span class='ocrx_word' id='word_1_181' title='bbox 3793 924 3883 978; x_wconf 81' lang='grc' dir='ltr'>πῶς</span> 
     </span>
    </p>
   </div>
   <div class='ocr_carea' id='block_1_26' title="bbox 2339 1001 3886 1075">
    <p class='ocr_par' dir='ltr' id='par_1_26' title="bbox 2339 1001 3886 1075">
     <span class='ocr_line' id='line_1_26' title="bbox 2339 1001 3886 1075; baseline 0.001 -20"><span class='ocrx_word' id='word_1_182' title='bbox 2339 1001 2449 1056; x_wconf 78' lang='grc' dir='ltr'>ἐστι</span> <span class='ocrx_word' id='word_1_183' title='bbox 2500 1006 2654 1075; x_wconf 89' lang='grc' dir='ltr'>τιμία</span> <span class='ocrx_word' id='word_1_184' title='bbox 2694 1003 2724 1060; x_wconf 74' lang='grc' dir='ltr'>ἡ</span> <span class='ocrx_word' id='word_1_185' title='bbox 2771 1004 2920 1075; x_wconf 84' lang='grc' dir='ltr'>νοερὰ</span> <span class='ocrx_word' id='word_1_186' title='bbox 2965 1002 3141 1070; x_wconf 78' lang='grc' dir='ltr'>οὐσία,</span> <span class='ocrx_word' id='word_1_187' title='bbox 3182 1002 3241 1055; x_wconf 76' lang='grc' dir='ltr'>οὐ</span> <span class='ocrx_word' id='word_1_188' title='bbox 3298 1011 3505 1071; x_wconf 82' lang='grc' dir='ltr'>συνιεῖς,</span> <span class='ocrx_word' id='word_1_189' title='bbox 3552 1006 3627 1056; x_wconf 85' lang='grc' dir='ltr'>ὅτι</span> <span class='ocrx_word' id='word_1_190' title='bbox 3676 1003 3760 1056; x_wconf 77' lang='grc' dir='ltr'>οὐκ</span> <span class='ocrx_word' id='word_1_191' title='bbox 3796 1001 3886 1057; x_wconf 81' lang='grc' dir='ltr'>εἶπε</span> 
     </span>
    </p>
   </div>
   <div class='ocr_carea' id='block_1_27' title="bbox 2338 1090 3883 1167">
    <p class='ocr_par' dir='ltr' id='par_1_27' title="bbox 2338 1090 3883 1167">
     <span class='ocr_line' id='line_1_27' title="bbox 2338 1090 3883 1167; baseline 0.001 -23"><span class='ocrx_word' id='word_1_192' title='bbox 2338 1096 2455 1164; x_wconf 85' lang='grc' dir='ltr'>περὶ</span> <span class='ocrx_word' id='word_1_193' title='bbox 2522 1090 2771 1163; x_wconf 69' lang='grc' dir='ltr'>ἀγγέλων,</span> <span class='ocrx_word' id='word_1_194' title='bbox 2831 1090 2958 1144; x_wconf 76' lang='grc' dir='ltr'>ἀλλὰ</span> <span class='ocrx_word' id='word_1_195' title='bbox 3008 1096 3128 1165; x_wconf 85' lang='grc' dir='ltr'>περὶ</span> <span class='ocrx_word' id='word_1_196' title='bbox 3178 1099 3275 1155; x_wconf 81' lang='grc' dir='ltr'>τῆς</span> <span class='ocrx_word' id='word_1_197' title='bbox 3330 1092 3642 1167; x_wconf 75' lang='grc' dir='ltr'>ἀνθρωπίνης</span> <span class='ocrx_word' id='word_1_198' title='bbox 3695 1096 3883 1165; x_wconf 75' lang='grc' dir='ltr'>φύσεως,</span> 
     </span>
    </p>
   </div>
   <div class='ocr_carea' id='block_1_28' title="bbox 2338 1180 3887 1255">
    <p class='ocr_par' dir='ltr' id='par_1_28' title="bbox 2338 1180 3887 1255">
     <span class='ocr_line' id='line_1_28' title="bbox 2338 1180 3887 1255; baseline -0.001 -21"><span class='ocrx_word' id='word_1_199' title='bbox 2338 1185 2418 1246; x_wconf 87' lang='grc' dir='ltr'>τὸ,</span> <span class='ocrx_word' id='word_1_200' title='bbox 2488 1186 2875 1252; x_wconf 74' lang='grc' dir='ltr'>Ποιήσωμεν</span> <span class='ocrx_word' id='word_1_201' title='bbox 2942 1180 3077 1234; x_wconf 84' lang='grc' dir='ltr'>κατ’</span> <span class='ocrx_word' id='word_1_202' title='bbox 3153 1181 3376 1237; x_wconf 85' lang='grc' dir='ltr'>εἰκόνα</span> <span class='ocrx_word' id='word_1_203' title='bbox 3437 1185 3731 1255; x_wconf 75' lang='grc' dir='ltr'>ἡμετέραν</span> <span class='ocrx_word' id='word_1_204' title='bbox 3795 1187 3887 1234; x_wconf 84' lang='grc' dir='ltr'>καὶ</span> 
     </span>
    </p>
   </div>
   <div class='ocr_carea' id='block_1_29' title="bbox 2339 1271 3886 1345">
    <p class='ocr_par' dir='ltr' id='par_1_29' title="bbox 2339 1271 3886 1345">
     <span class='ocr_line' id='line_1_29' title="bbox 2339 1271 3886 1345; baseline 0.001 -23"><span class='ocrx_word' id='word_1_205' title='bbox 2339 1272 2649 1342; x_wconf 86' lang='grc' dir='ltr'>ὁμοίωσιν</span> <span class='ocrx_word' id='word_1_206' title='bbox 2666 1286 2678 1299; x_wconf 85' lang='grc'>⁶</span> <span class='ocrx_word' id='word_1_207' title='bbox 2711 1273 2820 1334; x_wconf 79' lang='grc' dir='ltr'>καὶ,</span> <span class='ocrx_word' id='word_1_208' title='bbox 2848 1271 2968 1322; x_wconf 87' lang='grc' dir='ltr'>ὃτιό</span> <span class='ocrx_word' id='word_1_209' title='bbox 2990 1273 3307 1344; x_wconf 81' lang='grc' dir='ltr'>οὐρανόςκαὶ</span> <span class='ocrx_word' id='word_1_210' title='bbox 3326 1273 3355 1330; x_wconf 80' lang='grc' dir='ltr'>ἡ</span> <span class='ocrx_word' id='word_1_211' title='bbox 3384 1278 3451 1343; x_wconf 65' lang='grc' dir='ltr'>γῆ</span> <span class='ocrx_word' id='word_1_212' title='bbox 3480 1276 3777 1345; x_wconf 76' lang='grc' dir='ltr'>παρέρχεται</span> <span class='ocrx_word' id='word_1_213' title='bbox 3800 1288 3811 1299; x_wconf 71' lang='grc'><strong>⁸</strong></span> <span class='ocrx_word' id='word_1_214' title='bbox 3834 1274 3886 1323; x_wconf 84' lang='grc' dir='ltr'>σὺ</span> 
     </span>
    </p>
   </div>
   <div class='ocr_carea' id='block_1_30' title="bbox 2338 1355 3884 1433">
    <p class='ocr_par' dir='ltr' id='par_1_30' title="bbox 2338 1355 3884 1433">
     <span class='ocr_line' id='line_1_30' title="bbox 2338 1355 3884 1433; baseline 0.003 -22"><span class='ocrx_word' id='word_1_215' title='bbox 2338 1355 2397 1412; x_wconf 73' lang='grc' dir='ltr'>δὲ</span> <span class='ocrx_word' id='word_1_216' title='bbox 2427 1358 2500 1420; x_wconf 85' lang='grc' dir='ltr'>εὶς</span> <span class='ocrx_word' id='word_1_217' title='bbox 2527 1360 2811 1426; x_wconf 83' lang='grc' dir='ltr'>υἱοθεσίαν,</span> <span class='ocrx_word' id='word_1_218' title='bbox 2844 1359 2914 1421; x_wconf 85' lang='grc' dir='ltr'>εἰς</span> <span class='ocrx_word' id='word_1_219' title='bbox 2945 1357 3293 1433; x_wconf 75' lang='grc' dir='ltr'>ἀδελφότητα,</span> <span class='ocrx_word' id='word_1_220' title='bbox 3328 1360 3399 1423; x_wconf 85' lang='grc' dir='ltr'>εἰς</span> <span class='ocrx_word' id='word_1_221' title='bbox 3425 1364 3619 1433; x_wconf 67' lang='grc' dir='ltr'>νύμφην</span> <span class='ocrx_word' id='word_1_222' title='bbox 3646 1358 3884 1433; x_wconf 83' lang='grc' dir='ltr'>βασιλέως.</span> 
     </span>
    </p>
   </div>
   <div class='ocr_carea' id='block_1_31' title="bbox 2337 1448 3890 1525">
    <p class='ocr_par' dir='ltr' id='par_1_31' title="bbox 2337 1448 3890 1525">
     <span class='ocr_line' id='line_1_31' title="bbox 2337 1448 3890 1525; baseline 0.001 -26"><span class='ocrx_word' id='word_1_223' title='bbox 2337 1448 2417 1503; x_wconf 86' lang='grc' dir='ltr'>Ἐν</span> <span class='ocrx_word' id='word_1_224' title='bbox 2446 1454 2554 1510; x_wconf 88' lang='grc' dir='ltr'>τοῖς</span> <span class='ocrx_word' id='word_1_225' title='bbox 2607 1453 2923 1521; x_wconf 75' lang='grc' dir='ltr'>φαινομένοις</span> <span class='ocrx_word' id='word_1_226' title='bbox 2970 1452 3073 1525; x_wconf 70' lang='grc' dir='ltr'>γὰρ</span> <span class='ocrx_word' id='word_1_227' title='bbox 3104 1451 3275 1503; x_wconf 77' lang='grc' dir='ltr'>πάντα</span> <span class='ocrx_word' id='word_1_228' title='bbox 3322 1453 3386 1503; x_wconf 76' lang='grc' dir='ltr'>τὰ</span> <span class='ocrx_word' id='word_1_229' title='bbox 3451 1456 3539 1503; x_wconf 85' lang='grc' dir='ltr'>τοῦ</span> <span class='ocrx_word' id='word_1_230' title='bbox 3565 1453 3767 1522; x_wconf 70' lang='grc' dir='ltr'>νυμφίου</span> <span class='ocrx_word' id='word_1_231' title='bbox 3812 1456 3890 1509; x_wconf 75' lang='grc' dir='ltr'>τῆς</span> 
     </span>
    </p>
   </div>
   <div class='ocr_carea' id='block_1_32' title="bbox 2333 1537 3883 1611">
    <p class='ocr_par' dir='ltr' id='par_1_32' title="bbox 2333 1537 3883 1611">
     <span class='ocr_line' id='line_1_32' title="bbox 2333 1537 3883 1611; baseline 0 -23"><span class='ocrx_word' id='word_1_232' title='bbox 2333 1540 2534 1611; x_wconf 75' lang='grc' dir='ltr'>νύμφης</span> <span class='ocrx_word' id='word_1_233' title='bbox 2591 1538 2714 1603; x_wconf 77' lang='grc' dir='ltr'>εἰσὶ,</span> <span class='ocrx_word' id='word_1_234' title='bbox 2768 1542 2856 1591; x_wconf 88' lang='grc' dir='ltr'>καί</span> <span class='ocrx_word' id='word_1_235' title='bbox 2913 1540 3083 1591; x_wconf 80' lang='grc' dir='ltr'>πάντα</span> <span class='ocrx_word' id='word_1_236' title='bbox 3138 1543 3202 1592; x_wconf 79' lang='grc' dir='ltr'>τὰ</span> <span class='ocrx_word' id='word_1_237' title='bbox 3244 1546 3345 1599; x_wconf 78' lang='grc' dir='ltr'>τοῦ</span> <span class='ocrx_word' id='word_1_238' title='bbox 3403 1543 3590 1610; x_wconf 78' lang='grc' dir='ltr'>Κυρίου</span> <span class='ocrx_word' id='word_1_239' title='bbox 3643 1540 3734 1592; x_wconf 85' lang='grc' dir='ltr'>ὅσα</span> <span class='ocrx_word' id='word_1_240' title='bbox 3776 1537 3883 1590; x_wconf 70' lang='grc' dir='ltr'>εἰσιν</span> 
     </span>
    </p>
   </div>
   <div class='ocr_carea' id='block_1_33' title="bbox 2336 1623 3875 1702">
    <p class='ocr_par' dir='ltr' id='par_1_33' title="bbox 2336 1623 3875 1702">
     <span class='ocr_line' id='line_1_33' title="bbox 2336 1623 3875 1702; baseline -0.001 -23"><span class='ocrx_word' id='word_1_241' title='bbox 2336 1624 2634 1698; x_wconf 77' lang='grc' dir='ltr'>έμπιστεύει</span> <span class='ocrx_word' id='word_1_242' title='bbox 2701 1646 2804 1681; x_wconf 88' lang='grc' dir='ltr'>σοι.</span> <span class='ocrx_word' id='word_1_243' title='bbox 2868 1627 3026 1681; x_wconf 83' lang='grc' dir='ltr'>Ἦλθε</span> <span class='ocrx_word' id='word_1_244' title='bbox 3083 1630 3186 1702; x_wconf 74' lang='grc' dir='ltr'>γὰρ</span> <span class='ocrx_word' id='word_1_245' title='bbox 3240 1628 3312 1690; x_wconf 87' lang='grc' dir='ltr'>εἰς</span> <span class='ocrx_word' id='word_1_246' title='bbox 3368 1627 3633 1701; x_wconf 79' lang='grc' dir='ltr'>πρεσϐείαν</span> <span class='ocrx_word' id='word_1_247' title='bbox 3693 1631 3777 1686; x_wconf 74' lang='grc' dir='ltr'>σὴν</span> <span class='ocrx_word' id='word_1_248' title='bbox 3830 1623 3875 1678; x_wconf 81' lang='grc' dir='ltr'>δι</span> 
     </span>
    </p>
   </div>
   <div class='ocr_carea' id='block_1_34' title="bbox 570 1712 2211 1795">
    <p class='ocr_par' dir='ltr' id='par_1_34' title="bbox 570 1719 2211 1795">
     <span class='ocr_line' id='line_1_34' title="bbox 570 1719 2211 1795; baseline -0.004 -16"><span class='ocrx_word' id='word_1_249' title='bbox 570 1724 696 1795; x_wconf 89' lang='lat' dir='ltr'>ipse</span> <span class='ocrx_word' id='word_1_250' title='bbox 719 1724 795 1778; x_wconf 91' lang='lat' dir='ltr'>ad</span> <span class='ocrx_word' id='word_1_251' title='bbox 817 1723 1177 1793; x_wconf 83' lang='lat' dir='ltr'>legationem</span> <span class='ocrx_word' id='word_1_252' title='bbox 1206 1721 1289 1777; x_wconf 89' lang='lat' dir='ltr'>tui</span> <span class='ocrx_word' id='word_1_253' title='bbox 1319 1736 1505 1776; x_wconf 86' lang='lat' dir='ltr'>causa</span> <span class='ocrx_word' id='word_1_254' title='bbox 1521 1719 1888 1784; x_wconf 89' lang='lat' dir='ltr'>obeundam,</span> <span class='ocrx_word' id='word_1_255' title='bbox 1912 1726 1973 1775; x_wconf 89' lang='lat' dir='ltr'>ut</span> <span class='ocrx_word' id='word_1_256' title='bbox 1991 1725 2043 1775; x_wconf 90' lang='lat' dir='ltr'>te</span> <span class='ocrx_word' id='word_1_257' title='bbox 2061 1734 2211 1774; x_wconf 89' lang='lat' dir='ltr'>revo-</span> 
     </span>
    </p>
   </div>
   <div class='ocr_carea' id='block_1_35' title="bbox 2322 1712 3876 1795">
    <p class='ocr_par' dir='ltr' id='par_1_35' title="bbox 2335 1712 3876 1785">
     <span class='ocr_line' id='line_1_35' title="bbox 2335 1712 3876 1785; baseline -0.001 -17"><span class='ocrx_word' id='word_1_258' title='bbox 2335 1716 2540 1785; x_wconf 79' lang='grc' dir='ltr'>ἑαυτοῦ,</span> <span class='ocrx_word' id='word_1_259' title='bbox 2589 1719 2674 1769; x_wconf 83' lang='grc' dir='ltr'>ἵνα</span> <span class='ocrx_word' id='word_1_260' title='bbox 2722 1736 2781 1769; x_wconf 85' lang='grc' dir='ltr'>σε</span> <span class='ocrx_word' id='word_1_261' title='bbox 2824 1715 3211 1777; x_wconf 78' lang='grc' dir='ltr'>ἁνακαλέσηται</span> <span class='ocrx_word' id='word_1_262' title='bbox 3242 1733 3255 1747; x_wconf 90' lang='grc'><strong>·</strong></span> <span class='ocrx_word' id='word_1_263' title='bbox 3304 1722 3391 1771; x_wconf 76' lang='grc' dir='ltr'>καὶ</span> <span class='ocrx_word' id='word_1_264' title='bbox 3455 1722 3518 1770; x_wconf 81' lang='grc' dir='ltr'>σὺ</span> <span class='ocrx_word' id='word_1_265' title='bbox 3570 1712 3708 1770; x_wconf 69' lang='grc' dir='ltr'>οὐδὲν</span> <span class='ocrx_word' id='word_1_266' title='bbox 3753 1723 3876 1780; x_wconf 84' lang='grc' dir='ltr'>νοεῖς,</span> 
     </span>
    </p>
   </div>
   <div class='ocr_carea' id='block_1_36' title="bbox 571 1808 2228 1882">
    <p class='ocr_par' dir='ltr' id='par_1_36' title="bbox 571 1808 2228 1882">
     <span class='ocr_line' id='line_1_36' title="bbox 571 1808 2228 1882; baseline -0.003 -14"><span class='ocrx_word' id='word_1_267' title='bbox 571 1818 748 1868; x_wconf 89' lang='lat' dir='ltr'>caret.</span> <span class='ocrx_word' id='word_1_268' title='bbox 767 1814 849 1868; x_wconf 91' lang='lat' dir='ltr'>&#39;l‘u</span> <span class='ocrx_word' id='word_1_269' title='bbox 874 1827 1014 1867; x_wconf 88' lang='lat' dir='ltr'>vero</span> <span class='ocrx_word' id='word_1_270' title='bbox 1038 1810 1185 1867; x_wconf 84' lang='lat' dir='ltr'>nihil</span> <span class='ocrx_word' id='word_1_271' title='bbox 1225 1810 1528 1879; x_wconf 88' lang='lat' dir='ltr'>intelligis,</span> <span class='ocrx_word' id='word_1_272' title='bbox 1563 1824 1751 1882; x_wconf 91' lang='lat' dir='ltr'>neque</span> <span class='ocrx_word' id='word_1_273' title='bbox 1779 1808 2039 1880; x_wconf 89' lang='lat' dir='ltr'>percipis</span> <span class='ocrx_word' id='word_1_274' title='bbox 2056 1808 2228 1864; x_wconf 86' lang='lat' dir='ltr'>nobi-</span> 
     </span>
    </p>
   </div>
   <div class='ocr_carea' id='block_1_37' title="bbox 572 1897 2222 1969">
    <p class='ocr_par' dir='ltr' id='par_1_37' title="bbox 572 1897 2222 1969">
     <span class='ocr_line' id='line_1_37' title="bbox 572 1897 2222 1969; baseline -0.002 -14"><span class='ocrx_word' id='word_1_275' title='bbox 572 1901 797 1957; x_wconf 87' lang='lat' dir='ltr'>litatem</span> <span class='ocrx_word' id='word_1_276' title='bbox 832 1918 842 1956; x_wconf 92' lang='lat'>:</span> <span class='ocrx_word' id='word_1_277' title='bbox 886 1917 953 1956; x_wconf 90' lang='lat' dir='ltr'>ac</span> <span class='ocrx_word' id='word_1_278' title='bbox 986 1900 1195 1956; x_wconf 91' lang='lat' dir='ltr'>merito</span> <span class='ocrx_word' id='word_1_279' title='bbox 1236 1914 1377 1969; x_wconf 87' lang='lat' dir='ltr'>ergo</span> <span class='ocrx_word' id='word_1_280' title='bbox 1408 1898 1679 1969; x_wconf 88' lang='lat' dir='ltr'>deplorat</span> <span class='ocrx_word' id='word_1_281' title='bbox 1697 1913 1907 1954; x_wconf 87' lang='lat' dir='ltr'>casum</span> <span class='ocrx_word' id='word_1_282' title='bbox 1934 1905 2104 1953; x_wconf 86' lang='lat' dir='ltr'>tuum</span> <span class='ocrx_word' id='word_1_283' title='bbox 2128 1897 2222 1953; x_wconf 90' lang='lat' dir='ltr'>ille</span> 
     </span>
    </p>
   </div>
   <div class='ocr_carea' id='block_1_38' title="bbox 570 1986 2222 2061">
    <p class='ocr_par' dir='ltr' id='par_1_38' title="bbox 570 1986 2222 2061">
     <span class='ocr_line' id='line_1_38' title="bbox 570 1986 2222 2061; baseline -0.002 -16"><span class='ocrx_word' id='word_1_284' title='bbox 570 1988 793 2059; x_wconf 85' lang='lat' dir='ltr'>Spiritu</span> <span class='ocrx_word' id='word_1_285' title='bbox 809 1988 1325 2061; x_wconf 86' lang='lat' dir='ltr'>plenus,inquiens</span> <span class='ocrx_word' id='word_1_286' title='bbox 1344 2005 1357 2043; x_wconf 90' lang='lat'><strong>:</strong></span> <span class='ocrx_word' id='word_1_287' title='bbox 1375 1988 1562 2043; x_wconf 84' lang='lat' dir='ltr'>Homo</span> <span class='ocrx_word' id='word_1_288' title='bbox 1577 2003 1709 2044; x_wconf 86' lang='lat' dir='ltr'>cum</span> <span class='ocrx_word' id='word_1_289' title='bbox 1732 1989 1795 2044; x_wconf 86' lang='lat' dir='ltr'>in</span> <span class='ocrx_word' id='word_1_290' title='bbox 1821 1986 2044 2044; x_wconf 86' lang='lat' dir='ltr'>honore</span> <span class='ocrx_word' id='word_1_291' title='bbox 2054 1993 2197 2043; x_wconf 80' lang='lat' dir='ltr'>esset</span> <span class='ocrx_word' id='word_1_292' title='bbox 2209 2028 2222 2051; x_wconf 95' lang='lat'>,</span> 
     </span>
    </p>
   </div>
   <div class='ocr_carea' id='block_1_39' title="bbox 569 2075 2226 2146">
    <p class='ocr_par' dir='ltr' id='par_1_39' title="bbox 569 2075 2226 2146">
     <span class='ocr_line' id='line_1_39' title="bbox 569 2075 2226 2146; baseline -0.001 -14"><span class='ocrx_word' id='word_1_293' title='bbox 569 2094 690 2133; x_wconf 83' lang='lat' dir='ltr'>non</span> <span class='ocrx_word' id='word_1_294' title='bbox 726 2077 1018 2134; x_wconf 75' lang='lat' dir='ltr'>intellexit</span> <span class='ocrx_word' id='word_1_295' title='bbox 1058 2094 1069 2130; x_wconf 89' lang='lat'><strong>:</strong></span> <span class='ocrx_word' id='word_1_296' title='bbox 1111 2081 1493 2145; x_wconf 81' lang='lat' dir='ltr'>comparatus</span> <span class='ocrx_word' id='word_1_297' title='bbox 1521 2084 1601 2133; x_wconf 86' lang='lat' dir='ltr'>est</span> <span class='ocrx_word' id='word_1_298' title='bbox 1623 2078 1912 2146; x_wconf 77' lang='lat' dir='ltr'>jumentis</span> <span class='ocrx_word' id='word_1_299' title='bbox 1944 2075 2226 2142; x_wconf 83' lang='lat' dir='ltr'>insipien-</span> 
     </span>
    </p>
   </div>
   <div class='ocr_carea' id='block_1_40' title="bbox 570 2165 2221 2236">
    <p class='ocr_par' dir='ltr' id='par_1_40' title="bbox 570 2165 2221 2236">
     <span class='ocr_line' id='line_1_40' title="bbox 570 2165 2221 2236; baseline 0.001 -16"><span class='ocrx_word' id='word_1_300' title='bbox 570 2167 745 2232; x_wconf 87' lang='lat' dir='ltr'>tibus,</span> <span class='ocrx_word' id='word_1_301' title='bbox 762 2175 814 2223; x_wconf 90' lang='lat' dir='ltr'>et</span> <span class='ocrx_word' id='word_1_302' title='bbox 829 2167 1040 2223; x_wconf 81' lang='lat' dir='ltr'>similis</span> <span class='ocrx_word' id='word_1_303' title='bbox 1049 2167 1250 2236; x_wconf 81' lang='lat' dir='ltr'>factus</span> <span class='ocrx_word' id='word_1_304' title='bbox 1265 2166 1568 2223; x_wconf 66' lang='lat' dir='ltr'>estillis“.</span> <span class='ocrx_word' id='word_1_305' title='bbox 1585 2165 1786 2221; x_wconf 86' lang='lat' dir='ltr'>Gloria</span> <span class='ocrx_word' id='word_1_306' title='bbox 1800 2165 1973 2230; x_wconf 83' lang='lat' dir='ltr'>Patri,</span> <span class='ocrx_word' id='word_1_307' title='bbox 1989 2170 2043 2222; x_wconf 90' lang='lat' dir='ltr'>et</span> <span class='ocrx_word' id='word_1_308' title='bbox 2059 2165 2221 2232; x_wconf 88' lang='lat' dir='ltr'>Filio,</span> 
     </span>
    </p>
   </div>
   <div class='ocr_carea' id='block_1_41' title="bbox 568 2254 1770 2328">
    <p class='ocr_par' dir='ltr' id='par_1_41' title="bbox 568 2254 1770 2328">
     <span class='ocr_line' id='line_1_41' title="bbox 568 2254 1770 2328; baseline -0.001 -16"><span class='ocrx_word' id='word_1_309' title='bbox 568 2261 624 2312; x_wconf 86' lang='lat' dir='ltr'>et</span> <span class='ocrx_word' id='word_1_310' title='bbox 653 2255 896 2328; x_wconf 89' lang='lat' dir='ltr'>Spiritui</span> <span class='ocrx_word' id='word_1_311' title='bbox 923 2261 1148 2320; x_wconf 90' lang='lat' dir='ltr'>sancto,</span> <span class='ocrx_word' id='word_1_312' title='bbox 1192 2256 1249 2310; x_wconf 91' lang='lat' dir='ltr'>in</span> <span class='ocrx_word' id='word_1_313' title='bbox 1285 2254 1521 2311; x_wconf 71' lang='lat' dir='ltr'>saecula.</span> <span class='ocrx_word' id='word_1_314' title='bbox 1557 2258 1770 2312; x_wconf 82' lang='lat' dir='ltr'>Amen.</span> 
     </span>
    </p>
   </div>
   <div class='ocr_carea' id='block_1_42' title="bbox 1163 2344 1626 2401">
    <p class='ocr_par' dir='ltr' id='par_1_42' title="bbox 1163 2344 1626 2401">
     <span class='ocr_line' id='line_1_42' title="bbox 1163 2344 1626 2401; baseline 0.002 -3"><span class='ocrx_word' id='word_1_315' title='bbox 1163 2344 1451 2401; x_wconf 81' lang='lat' dir='ltr'>HOMILIA</span> <span class='ocrx_word' id='word_1_316' title='bbox 1472 2344 1626 2399; x_wconf 87' lang='lat' dir='ltr'><strong>XVII.</strong></span> 
     </span>
    </p>
   </div>
   <div class='ocr_carea' id='block_1_43' title="bbox 571 2432 2222 2503">
    <p class='ocr_par' dir='ltr' id='par_1_43' title="bbox 571 2432 2222 2503">
     <span class='ocr_line' id='line_1_43' title="bbox 571 2432 2222 2503; baseline 0 -16"><span class='ocrx_word' id='word_1_317' title='bbox 571 2434 646 2490; x_wconf 87' lang='lat' dir='ltr'>De</span> <span class='ocrx_word' id='word_1_318' title='bbox 674 2433 983 2500; x_wconf 82' lang='lat' dir='ltr'>spirituali</span> <span class='ocrx_word' id='word_1_319' title='bbox 1015 2432 1499 2488; x_wconf 78' lang='lat' dir='ltr'>Christianorum</span> <span class='ocrx_word' id='word_1_320' title='bbox 1530 2432 1801 2488; x_wconf 82' lang='lat' dir='ltr'>unctione</span> <span class='ocrx_word' id='word_1_321' title='bbox 1838 2439 1889 2488; x_wconf 84' lang='lat' dir='ltr'>et</span> <span class='ocrx_word' id='word_1_322' title='bbox 1922 2432 2153 2503; x_wconf 72' lang='lat' dir='ltr'>gloria:</span> <span class='ocrx_word' id='word_1_323' title='bbox 2168 2439 2222 2489; x_wconf 86' lang='lat' dir='ltr'>et</span> 
     </span>
    </p>
   </div>
   <div class='ocr_carea' id='block_1_44' title="bbox 639 2503 2223 2575">
    <p class='ocr_par' dir='ltr' id='par_1_44' title="bbox 639 2503 2223 2575">
     <span class='ocr_line' id='line_1_44' title="bbox 639 2503 2223 2575; baseline 0.001 -18"><span class='ocrx_word' id='word_1_324' title='bbox 639 2504 797 2575; x_wconf 84' lang='lat' dir='ltr'>quod</span> <span class='ocrx_word' id='word_1_325' title='bbox 825 2505 1045 2574; x_wconf 83' lang='lat' dir='ltr'>absque</span> <span class='ocrx_word' id='word_1_326' title='bbox 1072 2503 1308 2575; x_wconf 80' lang='lat' dir='ltr'>Christo</span> <span class='ocrx_word' id='word_1_327' title='bbox 1334 2505 1581 2575; x_wconf 83' lang='lat' dir='ltr'>salvari,</span> <span class='ocrx_word' id='word_1_328' title='bbox 1612 2512 1716 2559; x_wconf 84' lang='lat' dir='ltr'>aut</span> <span class='ocrx_word' id='word_1_329' title='bbox 1732 2506 1915 2559; x_wconf 85' lang='lat' dir='ltr'>vitam</span> <span class='ocrx_word' id='word_1_330' title='bbox 1942 2513 2223 2559; x_wconf 64' lang='lat' dir='ltr'>aeternam</span> 
     </span>
    </p>
   </div>
   <div class='ocr_carea' id='block_1_45' title="bbox 640 2574 1418 2645">
    <p class='ocr_par' dir='ltr' id='par_1_45' title="bbox 640 2574 1418 2645">
     <span class='ocr_line' id='line_1_45' title="bbox 640 2574 1418 2645; baseline -0.004 -14"><span class='ocrx_word' id='word_1_331' title='bbox 640 2574 916 2645; x_wconf 67' lang='lat' dir='ltr'>Consequi</span> <span class='ocrx_word' id='word_1_332' title='bbox 940 2574 1299 2644; x_wconf 84' lang='lat' dir='ltr'>impossibile</span> <span class='ocrx_word' id='word_1_333' title='bbox 1322 2574 1418 2629; x_wconf 89' lang='lat' dir='ltr'>sit.</span> 
     </span>
    </p>
   </div>
   <div class='ocr_carea' id='block_1_46' title="bbox 638 2750 2223 2824">
    <p class='ocr_par' dir='ltr' id='par_1_46' title="bbox 638 2750 2223 2824">
     <span class='ocr_line' id='line_1_46' title="bbox 638 2750 2223 2824; baseline 0.002 -19"><span class='ocrx_word' id='word_1_334' title='bbox 638 2751 678 2805; x_wconf 86' lang='grc' dir='ltr'>Ι.</span> <span class='ocrx_word' id='word_1_335' title='bbox 714 2751 1031 2807; x_wconf 88' lang='lat' dir='ltr'>Christiani</span> <span class='ocrx_word' id='word_1_336' title='bbox 1074 2752 1335 2822; x_wconf 83' lang='lat' dir='ltr'>perfecti,</span> <span class='ocrx_word' id='word_1_337' title='bbox 1364 2752 1467 2824; x_wconf 90' lang='lat' dir='ltr'>qui</span> <span class='ocrx_word' id='word_1_338' title='bbox 1516 2751 1686 2821; x_wconf 89' lang='lat' dir='ltr'>digni</span> <span class='ocrx_word' id='word_1_339' title='bbox 1724 2750 2023 2808; x_wconf 86' lang='lat' dir='ltr'>habentur</span> <span class='ocrx_word' id='word_1_340' title='bbox 2052 2753 2223 2810; x_wconf 86' lang='lat' dir='ltr'>attin-</span> 
     </span>
    </p>
   </div>
   <div class='ocr_carea' id='block_1_47' title="bbox 566 2840 2221 2912">
    <p class='ocr_par' dir='ltr' id='par_1_47' title="bbox 566 2840 2221 2912">
     <span class='ocr_line' id='line_1_47' title="bbox 566 2840 2221 2912; baseline 0.001 -17"><span class='ocrx_word' id='word_1_341' title='bbox 566 2854 703 2911; x_wconf 82' lang='lat' dir='ltr'>gere</span> <span class='ocrx_word' id='word_1_342' title='bbox 735 2840 991 2909; x_wconf 89' lang='lat' dir='ltr'>gradum</span> <span class='ocrx_word' id='word_1_343' title='bbox 1024 2841 1425 2912; x_wconf 81' lang='lat' dir='ltr'>perfectionis,</span> <span class='ocrx_word' id='word_1_344' title='bbox 1444 2857 1514 2896; x_wconf 92' lang='lat' dir='ltr'>ac</span> <span class='ocrx_word' id='word_1_345' title='bbox 1537 2841 1665 2896; x_wconf 87' lang='lat' dir='ltr'>ﬁeri</span> <span class='ocrx_word' id='word_1_346' title='bbox 1693 2841 1818 2912; x_wconf 90' lang='lat' dir='ltr'>regi</span> <span class='ocrx_word' id='word_1_347' title='bbox 1847 2842 2124 2912; x_wconf 86' lang='lat' dir='ltr'>proximi,</span> <span class='ocrx_word' id='word_1_348' title='bbox 2163 2842 2221 2897; x_wconf 89' lang='lat' dir='ltr'>hi</span> 
     </span>
    </p>
   </div>
   <div class='ocr_carea' id='block_1_48' title="bbox 562 2928 2222 3001">
    <p class='ocr_par' dir='ltr' id='par_1_48' title="bbox 562 2928 2222 3001">
     <span class='ocr_line' id='line_1_48' title="bbox 562 2928 2222 3001; baseline 0.001 -18"><span class='ocrx_word' id='word_1_349' title='bbox 562 2929 722 2983; x_wconf 90' lang='lat' dir='ltr'>cruci</span> <span class='ocrx_word' id='word_1_350' title='bbox 755 2928 967 2986; x_wconf 88' lang='lat' dir='ltr'>Christi</span> <span class='ocrx_word' id='word_1_351' title='bbox 1025 2934 1315 3001; x_wconf 90' lang='lat' dir='ltr'>perpetuo</span> <span class='ocrx_word' id='word_1_352' title='bbox 1350 2930 1683 2985; x_wconf 88' lang='lat' dir='ltr'>consecrati</span> <span class='ocrx_word' id='word_1_353' title='bbox 1727 2936 1883 2985; x_wconf 89' lang='lat' dir='ltr'>sunt.</span> <span class='ocrx_word' id='word_1_354' title='bbox 1920 2930 2222 2995; x_wconf 85' lang='lat' dir='ltr'>Quemad-</span> 
     </span>
    </p>
   </div>
   <div class='ocr_carea' id='block_1_49' title="bbox 2333 1801 3885 1877">
    <p class='ocr_par' dir='ltr' id='par_1_49' title="bbox 2333 1801 3885 1877">
     <span class='ocr_line' id='line_1_49' title="bbox 2333 1801 3885 1877; baseline -0.001 -20"><span class='ocrx_word' id='word_1_355' title='bbox 2333 1802 2457 1858; x_wconf 71' lang='grc' dir='ltr'>οὐδὲ</span> <span class='ocrx_word' id='word_1_356' title='bbox 2523 1812 2750 1866; x_wconf 81' lang='grc' dir='ltr'>συνῆκας</span> <span class='ocrx_word' id='word_1_357' title='bbox 2809 1810 2901 1865; x_wconf 78' lang='grc' dir='ltr'>τὴν</span> <span class='ocrx_word' id='word_1_358' title='bbox 2963 1806 3215 1877; x_wconf 73' lang='grc' dir='ltr'>εὐγένειάν</span> <span class='ocrx_word' id='word_1_359' title='bbox 3290 1824 3426 1873; x_wconf 71' lang='grc' dir='ltr'>σονς</span> <span class='ocrx_word' id='word_1_360' title='bbox 3490 1810 3693 1867; x_wconf 80' lang='grc' dir='ltr'>Δικαίως</span> <span class='ocrx_word' id='word_1_361' title='bbox 3739 1801 3812 1857; x_wconf 81' lang='grc' dir='ltr'>οὖν</span> <span class='ocrx_word' id='word_1_362' title='bbox 3864 1806 3885 1855; x_wconf 85' lang='grc' dir='ltr'><strong>ὁ</strong></span> 
     </span>
    </p>
   </div>
   <div class='ocr_carea' id='block_1_50' title="bbox 2333 1892 3885 1968">
    <p class='ocr_par' dir='ltr' id='par_1_50' title="bbox 2333 1892 3885 1968">
     <span class='ocr_line' id='line_1_50' title="bbox 2333 1892 3885 1968; baseline -0.001 -23"><span class='ocrx_word' id='word_1_363' title='bbox 2333 1902 2745 1968; x_wconf 77' lang='grc' dir='ltr'>πνευματοφόρος</span> <span class='ocrx_word' id='word_1_364' title='bbox 2793 1897 2961 1947; x_wconf 87' lang='grc' dir='ltr'>πενθεῖ</span> <span class='ocrx_word' id='word_1_365' title='bbox 3009 1914 3106 1947; x_wconf 91' lang='grc' dir='ltr'>σου</span> <span class='ocrx_word' id='word_1_366' title='bbox 3162 1898 3252 1954; x_wconf 73' lang='grc' dir='ltr'>τὴν</span> <span class='ocrx_word' id='word_1_367' title='bbox 3302 1903 3523 1962; x_wconf 82' lang='grc' dir='ltr'>πτσῶιν,</span> <span class='ocrx_word' id='word_1_368' title='bbox 3574 1894 3735 1966; x_wconf 70' lang='grc' dir='ltr'>λέγων,</span> <span class='ocrx_word' id='word_1_369' title='bbox 3774 1892 3885 1945; x_wconf 78' lang='grc' dir='ltr'>Ἀν-</span> 
     </span>
    </p>
   </div>
   <div class='ocr_carea' id='block_1_51' title="bbox 2336 1979 3887 2057">
    <p class='ocr_par' dir='ltr' id='par_1_51' title="bbox 2336 1979 3887 2057">
     <span class='ocr_line' id='line_1_51' title="bbox 2336 1979 3887 2057; baseline -0.001 -22"><span class='ocrx_word' id='word_1_370' title='bbox 2336 1984 2583 2057; x_wconf 85' lang='grc' dir='ltr'>θρωπος</span> <span class='ocrx_word' id='word_1_371' title='bbox 2632 1986 2689 2036; x_wconf 81' lang='grc' dir='ltr'>ἓν</span> <span class='ocrx_word' id='word_1_372' title='bbox 2751 1992 2907 2057; x_wconf 69' lang='grc' dir='ltr'>τιμῇ</span> <span class='ocrx_word' id='word_1_373' title='bbox 2972 1984 3049 2035; x_wconf 83' lang='grc' dir='ltr'>ὢν</span> <span class='ocrx_word' id='word_1_374' title='bbox 3106 1983 3176 2036; x_wconf 80' lang='grc' dir='ltr'>οῦ</span> <span class='ocrx_word' id='word_1_375' title='bbox 3235 1992 3501 2043; x_wconf 80' lang='grc' dir='ltr'>συνῆκε”</span> <span class='ocrx_word' id='word_1_376' title='bbox 3549 1979 3887 2056; x_wconf 79' lang='grc' dir='ltr'>παρεσυνεϐ-</span> 
     </span>
    </p>
   </div>
   <div class='ocr_carea' id='block_1_52' title="bbox 2332 2071 3884 2144">
    <p class='ocr_par' dir='ltr' id='par_1_52' title="bbox 2332 2071 3884 2144">
     <span class='ocr_line' id='line_1_52' title="bbox 2332 2071 3884 2144; baseline 0 -19"><span class='ocrx_word' id='word_1_377' title='bbox 2332 2072 2489 2131; x_wconf 73' lang='grc' dir='ltr'>λήθη</span> <span class='ocrx_word' id='word_1_378' title='bbox 2523 2079 2658 2135; x_wconf 87' lang='grc' dir='ltr'>τοῖς</span> <span class='ocrx_word' id='word_1_379' title='bbox 2696 2078 2962 2131; x_wconf 78' lang='grc' dir='ltr'>κτήνεσι</span> <span class='ocrx_word' id='word_1_380' title='bbox 2992 2080 3129 2135; x_wconf 89' lang='grc' dir='ltr'>τοῖς</span> <span class='ocrx_word' id='word_1_381' title='bbox 3168 2071 3468 2135; x_wconf 76' lang='grc' dir='ltr'>ἀνοήτοις</span> <span class='ocrx_word' id='word_1_382' title='bbox 3496 2077 3600 2126; x_wconf 86' lang='grc' dir='ltr'>καὶ</span> <span class='ocrx_word' id='word_1_383' title='bbox 3627 2071 3884 2144; x_wconf 75' lang='grc' dir='ltr'>ὡμοιώθη</span> 
     </span>
    </p>
   </div>
   <div class='ocr_carea' id='block_1_53' title="bbox 2333 2158 3887 2235">
    <p class='ocr_par' dir='ltr' id='par_1_53' title="bbox 2333 2158 3887 2235">
     <span class='ocr_line' id='line_1_53' title="bbox 2333 2158 3887 2235; baseline -0.003 -21"><span class='ocrx_word' id='word_1_384' title='bbox 2333 2163 2575 2222; x_wconf 76' lang='grc' dir='ltr'>αὐτοις.</span> <span class='ocrx_word' id='word_1_385' title='bbox 2611 2161 2742 2225; x_wconf 84' lang='grc' dir='ltr'>Δόξα</span> <span class='ocrx_word' id='word_1_386' title='bbox 2770 2166 2958 2234; x_wconf 82' lang='grc' dir='ltr'>Πατρὶ,</span> <span class='ocrx_word' id='word_1_387' title='bbox 2992 2166 3083 2214; x_wconf 83' lang='grc' dir='ltr'>καὶ</span> <span class='ocrx_word' id='word_1_388' title='bbox 3114 2167 3241 2234; x_wconf 74' lang='grc' dir='ltr'>Υίῷ,</span> <span class='ocrx_word' id='word_1_389' title='bbox 3265 2168 3355 2215; x_wconf 83' lang='grc' dir='ltr'>καὶ</span> <span class='ocrx_word' id='word_1_390' title='bbox 3388 2162 3520 2235; x_wconf 74' lang='grc' dir='ltr'>ἁγίῳ</span> <span class='ocrx_word' id='word_1_391' title='bbox 3550 2163 3803 2233; x_wconf 84' lang='grc' dir='ltr'>Πνεύματι,</span> <span class='ocrx_word' id='word_1_392' title='bbox 3830 2158 3887 2219; x_wconf 80' lang='grc' dir='ltr'>εἰς</span> 
     </span>
    </p>
   </div>
   <div class='ocr_carea' id='block_1_54' title="bbox 2332 2250 2891 2324">
    <p class='ocr_par' dir='ltr' id='par_1_54' title="bbox 2332 2250 2891 2324">
     <span class='ocr_line' id='line_1_54' title="bbox 2332 2250 2891 2324; baseline -0.002 -21"><span class='ocrx_word' id='word_1_393' title='bbox 2332 2255 2450 2313; x_wconf 82' lang='grc' dir='ltr'>τοὺς</span> <span class='ocrx_word' id='word_1_394' title='bbox 2482 2250 2891 2324; x_wconf 83' lang='grc' dir='ltr'>αἱῶνας.Ἀμήν.</span> 
     </span>
    </p>
   </div>
   <div class='ocr_carea' id='block_1_55' title="bbox 2936 2339 3329 2399">
    <p class='ocr_par' dir='ltr' id='par_1_55' title="bbox 2936 2339 3329 2399">
     <span class='ocr_line' id='line_1_55' title="bbox 2936 2339 3329 2399; baseline 0.02 -8"><span class='ocrx_word' id='word_1_395' title='bbox 2936 2341 3185 2395; x_wconf 84' lang='grc' dir='ltr'>ΟΜΙΛΙΑ</span> <span class='ocrx_word' id='word_1_396' title='bbox 3226 2339 3329 2399; x_wconf 82' lang='grc' dir='ltr'><strong>ῙΖ’.</strong></span> 
     </span>
    </p>
   </div>
   <div class='ocr_carea' id='block_1_56' title="bbox 2335 2428 3886 2502">
    <p class='ocr_par' dir='ltr' id='par_1_56' title="bbox 2335 2428 3886 2502">
     <span class='ocr_line' id='line_1_56' title="bbox 2335 2428 3886 2502; baseline -0.005 -20"><span class='ocrx_word' id='word_1_397' title='bbox 2335 2433 2485 2499; x_wconf 85' lang='grc' dir='ltr'>Περὶ</span> <span class='ocrx_word' id='word_1_398' title='bbox 2525 2437 2646 2490; x_wconf 81' lang='grc' dir='ltr'>τῆς</span> <span class='ocrx_word' id='word_1_399' title='bbox 2687 2436 3137 2502; x_wconf 72' lang='grc' dir='ltr'>πνευματικῆς</span> <span class='ocrx_word' id='word_1_400' title='bbox 3193 2438 3313 2481; x_wconf 83' lang='grc' dir='ltr'>τῶν</span> <span class='ocrx_word' id='word_1_401' title='bbox 3352 2434 3750 2502; x_wconf 83' lang='grc' dir='ltr'>Χριστιανῶν</span> <span class='ocrx_word' id='word_1_402' title='bbox 3775 2428 3886 2497; x_wconf 85' lang='grc' dir='ltr'>χρί-</span> 
     </span>
    </p>
   </div>
   <div class='ocr_carea' id='block_1_57' title="bbox 2406 2496 3884 2573">
    <p class='ocr_par' dir='ltr' id='par_1_57' title="bbox 2406 2496 3884 2573">
     <span class='ocr_line' id='line_1_57' title="bbox 2406 2496 3884 2573; baseline -0.003 -21"><span class='ocrx_word' id='word_1_403' title='bbox 2406 2496 2565 2561; x_wconf 82' lang='grc' dir='ltr'>σεως</span> <span class='ocrx_word' id='word_1_404' title='bbox 2637 2505 2745 2552; x_wconf 85' lang='grc' dir='ltr'>καὶ</span> <span class='ocrx_word' id='word_1_405' title='bbox 2798 2496 3201 2573; x_wconf 18' lang='grc' dir='ltr'>,δ’όξηςηκαὶ</span> <span class='ocrx_word' id='word_1_406' title='bbox 3270 2503 3369 2553; x_wconf 87' lang='grc' dir='ltr'>ὃτι</span> <span class='ocrx_word' id='word_1_407' title='bbox 3414 2496 3575 2553; x_wconf 72' lang='grc' dir='ltr'>’ἄνευ</span> <span class='ocrx_word' id='word_1_408' title='bbox 3638 2502 3884 2573; x_wconf 73' lang='grc' dir='ltr'>Χριστοῦ</span> 
     </span>
    </p>
   </div>
   <div class='ocr_carea' id='block_1_58' title="bbox 2406 2570 3883 2645">
    <p class='ocr_par' dir='ltr' id='par_1_58' title="bbox 2406 2570 3883 2645">
     <span class='ocr_line' id='line_1_58' title="bbox 2406 2570 3883 2645; baseline -0.003 -22"><span class='ocrx_word' id='word_1_409' title='bbox 2406 2573 2691 2645; x_wconf 75' lang='grc' dir='ltr'>σωθῆναι</span> <span class='ocrx_word' id='word_1_410' title='bbox 2723 2571 2964 2645; x_wconf 41' lang='grc' dir='ltr'>ἣ-ξωῆς</span> <span class='ocrx_word' id='word_1_411' title='bbox 3002 2571 3270 2625; x_wconf 81' lang='grc' dir='ltr'>αἰωνίου</span> <span class='ocrx_word' id='word_1_412' title='bbox 3308 2577 3595 2645; x_wconf 85' lang='grc' dir='ltr'>μέτοχον</span> <span class='ocrx_word' id='word_1_413' title='bbox 3629 2570 3883 2643; x_wconf 67' lang='grc' dir='ltr'>γίνεσθαι</span> 
     </span>
    </p>
   </div>
   <div class='ocr_carea' id='block_1_59' title="bbox 2403 2640 2922 2698">
    <p class='ocr_par' dir='ltr' id='par_1_59' title="bbox 2403 2640 2922 2698">
     <span class='ocr_line' id='line_1_59' title="bbox 2403 2640 2922 2698; baseline 0.006 -3"><span class='ocrx_word' id='word_1_414' title='bbox 2403 2640 2725 2697; x_wconf 78' lang='grc' dir='ltr'>ἀδύνατόν</span> <span class='ocrx_word' id='word_1_415' title='bbox 2765 2641 2922 2698; x_wconf 84' lang='grc' dir='ltr'>έστι.</span> 
     </span>
    </p>
   </div>
   <div class='ocr_carea' id='block_1_60' title="bbox 2398 2745 3880 2823">
    <p class='ocr_par' dir='ltr' id='par_1_60' title="bbox 2398 2745 3880 2823">
     <span class='ocr_line' id='line_1_60' title="bbox 2398 2745 3880 2823; baseline -0.007 -18"><span class='ocrx_word' id='word_1_416' title='bbox 2398 2749 2483 2805; x_wconf 79' lang='grc' dir='ltr'>Δ’.</span> <span class='ocrx_word' id='word_1_417' title='bbox 2535 2752 2600 2803; x_wconf 82' lang='grc' dir='ltr'><strong>Οἱ</strong></span> <span class='ocrx_word' id='word_1_418' title='bbox 2644 2749 2823 2803; x_wconf 88' lang='grc' dir='ltr'>τέλειοι</span> <span class='ocrx_word' id='word_1_419' title='bbox 2872 2755 3183 2823; x_wconf 74' lang='grc' dir='ltr'>Χριστιανοὶ</span> <span class='ocrx_word' id='word_1_420' title='bbox 3222 2753 3271 2803; x_wconf 88' lang='grc' dir='ltr'>οί</span> <span class='ocrx_word' id='word_1_421' title='bbox 3321 2750 3715 2814; x_wconf 76' lang='grc' dir='ltr'>καταξιωθέντες</span> <span class='ocrx_word' id='word_1_422' title='bbox 3753 2745 3880 2799; x_wconf 79' lang='grc' dir='ltr'>ἕλθεῖν</span> 
     </span>
    </p>
   </div>
   <div class='ocr_carea' id='block_1_61' title="bbox 2329 2832 3885 2916">
    <p class='ocr_par' dir='ltr' id='par_1_61' title="bbox 2329 2832 3885 2916">
     <span class='ocr_line' id='line_1_61' title="bbox 2329 2832 3885 2916; baseline -0.002 -24"><span class='ocrx_word' id='word_1_423' title='bbox 2329 2839 2397 2900; x_wconf 86' lang='grc' dir='ltr'>εἰς</span> <span class='ocrx_word' id='word_1_424' title='bbox 2447 2845 2613 2916; x_wconf 88' lang='grc' dir='ltr'>μέτρα</span> <span class='ocrx_word' id='word_1_425' title='bbox 2665 2839 3003 2906; x_wconf 79' lang='grc' dir='ltr'>τελειότητος,</span> <span class='ocrx_word' id='word_1_426' title='bbox 3064 2844 3154 2893; x_wconf 80' lang='grc' dir='ltr'>καὶ</span> <span class='ocrx_word' id='word_1_427' title='bbox 3210 2843 3457 2912; x_wconf 73' lang='grc' dir='ltr'>γενέσθαι</span> <span class='ocrx_word' id='word_1_428' title='bbox 3512 2840 3765 2912; x_wconf 75' lang='grc' dir='ltr'>έγγύτατοι</span> <span class='ocrx_word' id='word_1_429' title='bbox 3811 2832 3885 2906; x_wconf 77' lang='grc' dir='ltr'>βα·</span> 
     </span>
    </p>
   </div>
   <div class='ocr_carea' id='block_1_62' title="bbox 2330 2929 3884 3005">
    <p class='ocr_par' dir='ltr' id='par_1_62' title="bbox 2330 2929 3884 3005">
     <span class='ocr_line' id='line_1_62' title="bbox 2330 2929 3884 3005; baseline -0.005 -24"><span class='ocrx_word' id='word_1_430' title='bbox 2330 2929 2521 2993; x_wconf 82' lang='grc' dir='ltr'>σιλέως,</span> <span class='ocrx_word' id='word_1_431' title='bbox 2591 2930 2736 2982; x_wconf 80' lang='grc' dir='ltr'>οὗτοι</span> <span class='ocrx_word' id='word_1_432' title='bbox 2808 2938 2880 3001; x_wconf 82' lang='grc' dir='ltr'>τῷ</span> <span class='ocrx_word' id='word_1_433' title='bbox 2957 2937 3168 3004; x_wconf 83' lang='grc' dir='ltr'>σταυρῷ</span> <span class='ocrx_word' id='word_1_434' title='bbox 3240 2936 3335 2982; x_wconf 83' lang='grc' dir='ltr'>τοῦ</span> <span class='ocrx_word' id='word_1_435' title='bbox 3413 2936 3639 3005; x_wconf 82' lang='grc' dir='ltr'>Χριστοῦ</span> <span class='ocrx_word' id='word_1_436' title='bbox 3704 2930 3884 2979; x_wconf 75' lang='grc' dir='ltr'>πάντοτε</span> 
     </span>
    </p>
   </div>
   <div class='ocr_carea' id='block_1_63' title="bbox 564 3017 2211 3101">
    <p class='ocr_par' dir='ltr' id='par_1_63' title="bbox 564 3017 2211 3090">
     <span class='ocr_line' id='line_1_63' title="bbox 564 3017 2211 3090; baseline 0.001 -17"><span class='ocrx_word' id='word_1_437' title='bbox 564 3017 814 3073; x_wconf 89' lang='lat' dir='ltr'>modum</span> <span class='ocrx_word' id='word_1_438' title='bbox 832 3018 992 3073; x_wconf 91' lang='lat' dir='ltr'>enim</span> <span class='ocrx_word' id='word_1_439' title='bbox 1019 3018 1448 3090; x_wconf 90' lang='lat' dir='ltr'>prophetarum</span> <span class='ocrx_word' id='word_1_440' title='bbox 1479 3019 1851 3090; x_wconf 86' lang='lat' dir='ltr'>temporibus</span> <span class='ocrx_word' id='word_1_441' title='bbox 1881 3021 2078 3075; x_wconf 91' lang='lat' dir='ltr'>unctio</span> <span class='ocrx_word' id='word_1_442' title='bbox 2096 3025 2211 3077; x_wconf 82' lang='lat' dir='ltr'>erat</span> 
     </span>
    </p>
   </div>
   <div class='ocr_carea' id='block_1_64' title="bbox 2322 3017 3883 3101">
    <p class='ocr_par' dir='ltr' id='par_1_64' title="bbox 2329 3017 3883 3094">
     <span class='ocr_line' id='line_1_64' title="bbox 2329 3017 3883 3094; baseline -0.005 -23"><span class='ocrx_word' id='word_1_443' title='bbox 2329 3017 2664 3094; x_wconf 76' lang='grc' dir='ltr'>ἀφιερωμένοι</span> <span class='ocrx_word' id='word_1_444' title='bbox 2719 3018 2870 3071; x_wconf 83' lang='grc' dir='ltr'>εἰσίν.</span> <span class='ocrx_word' id='word_1_445' title='bbox 2928 3017 3128 3094; x_wconf 79' lang='grc' dir='ltr'>’Ὠσπερ</span> <span class='ocrx_word' id='word_1_446' title='bbox 3184 3021 3286 3094; x_wconf 72' lang='grc' dir='ltr'>’γὰρ</span> <span class='ocrx_word' id='word_1_447' title='bbox 3352 3023 3439 3073; x_wconf 76' lang='grc' dir='ltr'>επὶ</span> <span class='ocrx_word' id='word_1_448' title='bbox 3494 3027 3589 3071; x_wconf 85' lang='grc' dir='ltr'>τῶν</span> <span class='ocrx_word' id='word_1_449' title='bbox 3650 3019 3883 3091; x_wconf 68' lang='grc' dir='ltr'>προφητῶν</span> 
     </span>
    </p>
   </div>
   <div class='ocr_carea' id='block_1_65' title="bbox 560 3106 2217 3180">
    <p class='ocr_par' dir='ltr' id='par_1_65' title="bbox 560 3106 2217 3180">
     <span class='ocr_line' id='line_1_65' title="bbox 560 3106 2217 3180; baseline 0.001 -18"><span class='ocrx_word' id='word_1_450' title='bbox 560 3121 656 3162; x_wconf 88' lang='lat' dir='ltr'>res</span> <span class='ocrx_word' id='word_1_451' title='bbox 696 3106 944 3162; x_wconf 89' lang='lat' dir='ltr'>omnino</span> <span class='ocrx_word' id='word_1_452' title='bbox 989 3109 1267 3179; x_wconf 90' lang='lat' dir='ltr'>pretiosa,</span> <span class='ocrx_word' id='word_1_453' title='bbox 1310 3123 1447 3163; x_wconf 89' lang='lat' dir='ltr'>cum</span> <span class='ocrx_word' id='word_1_454' title='bbox 1488 3107 1547 3162; x_wconf 91' lang='lat' dir='ltr'>in</span> <span class='ocrx_word' id='word_1_455' title='bbox 1595 3122 1765 3176; x_wconf 87' lang='lat' dir='ltr'>reges</span> <span class='ocrx_word' id='word_1_456' title='bbox 1803 3113 1861 3164; x_wconf 89' lang='lat' dir='ltr'>et</span> <span class='ocrx_word' id='word_1_457' title='bbox 1893 3108 2217 3180; x_wconf 84' lang='lat' dir='ltr'>prophetas</span> 
     </span>
    </p>
   </div>
   <div class='ocr_carea' id='block_1_66' title="bbox 559 3196 2219 3267">
    <p class='ocr_par' dir='ltr' id='par_1_66' title="bbox 559 3196 2219 3267">
     <span class='ocr_line' id='line_1_66' title="bbox 559 3196 2219 3267; baseline 0.002 -18"><span class='ocrx_word' id='word_1_458' title='bbox 559 3199 928 3265; x_wconf 87' lang='lat' dir='ltr'>ungerentur</span> <span class='ocrx_word' id='word_1_459' title='bbox 961 3211 973 3251; x_wconf 88' lang='lat'>:</span> <span class='ocrx_word' id='word_1_460' title='bbox 1008 3196 1093 3251; x_wconf 91' lang='lat' dir='ltr'>sic</span> <span class='ocrx_word' id='word_1_461' title='bbox 1135 3211 1378 3267; x_wconf 70' lang='lat' dir='ltr'>quoque</span> <span class='ocrx_word' id='word_1_462' title='bbox 1412 3211 1571 3251; x_wconf 92' lang='lat' dir='ltr'>nunc</span> <span class='ocrx_word' id='word_1_463' title='bbox 1604 3196 1965 3266; x_wconf 88' lang='lat' dir='ltr'>spirituales,</span> <span class='ocrx_word' id='word_1_464' title='bbox 1990 3196 2219 3253; x_wconf 64' lang='lat' dir='ltr'>caelesti</span> 
     </span>
    </p>
   </div>
   <div class='ocr_carea' id='block_1_67' title="bbox 564 3280 2212 3355">
    <p class='ocr_par' dir='ltr' id='par_1_67' title="bbox 564 3280 2212 3355">
     <span class='ocr_line' id='line_1_67' title="bbox 564 3280 2212 3355; baseline 0.001 -16"><span class='ocrx_word' id='word_1_465' title='bbox 564 3285 845 3339; x_wconf 88' lang='lat' dir='ltr'>unctione</span> <span class='ocrx_word' id='word_1_466' title='bbox 866 3286 1156 3355; x_wconf 88' lang='lat' dir='ltr'>peruncti,</span> <span class='ocrx_word' id='word_1_467' title='bbox 1186 3280 1446 3339; x_wconf 85' lang='lat' dir='ltr'>evadunt</span> <span class='ocrx_word' id='word_1_468' title='bbox 1467 3284 1779 3339; x_wconf 89' lang='lat' dir='ltr'>Christiani</span> <span class='ocrx_word' id='word_1_469' title='bbox 1802 3300 1907 3355; x_wconf 93' lang='lat' dir='ltr'>per</span> <span class='ocrx_word' id='word_1_470' title='bbox 1937 3287 2212 3353; x_wconf 85' lang='lat' dir='ltr'>gratiam,</span> 
     </span>
    </p>
   </div>
   <div class='ocr_carea' id='block_1_68' title="bbox 565 3372 2215 3444">
    <p class='ocr_par' dir='ltr' id='par_1_68' title="bbox 565 3372 2215 3444">
     <span class='ocr_line' id='line_1_68' title="bbox 565 3372 2215 3444; baseline 0.002 -19"><span class='ocrx_word' id='word_1_471' title='bbox 565 3372 753 3443; x_wconf 89' lang='lat' dir='ltr'>utipsi</span> <span class='ocrx_word' id='word_1_472' title='bbox 778 3373 893 3426; x_wconf 91' lang='lat' dir='ltr'>sint</span> <span class='ocrx_word' id='word_1_473' title='bbox 920 3387 1091 3441; x_wconf 86' lang='lat' dir='ltr'>reges</span> <span class='ocrx_word' id='word_1_474' title='bbox 1121 3379 1175 3427; x_wconf 88' lang='lat' dir='ltr'>et</span> <span class='ocrx_word' id='word_1_475' title='bbox 1209 3372 1511 3443; x_wconf 73' lang='lat' dir='ltr'>prophetas</span> <span class='ocrx_word' id='word_1_476' title='bbox 1543 3372 1868 3427; x_wconf 73' lang='lat' dir='ltr'>cmlestium</span> <span class='ocrx_word' id='word_1_477' title='bbox 1895 3374 2215 3444; x_wconf 88' lang='lat' dir='ltr'>mysterio-</span> 
     </span>
    </p>
   </div>
   <div class='ocr_carea' id='block_1_69' title="bbox 559 3460 2212 3528">
    <p class='ocr_par' dir='ltr' id='par_1_69' title="bbox 559 3460 2212 3528">
     <span class='ocr_line' id='line_1_69' title="bbox 559 3460 2212 3528; baseline 0.002 -13"><span class='ocrx_word' id='word_1_478' title='bbox 559 3476 714 3515; x_wconf 90' lang='lat' dir='ltr'>rum.</span> <span class='ocrx_word' id='word_1_479' title='bbox 751 3461 1026 3524; x_wconf 88' lang='lat' dir='ltr'>Quinimo</span> <span class='ocrx_word' id='word_1_480' title='bbox 1056 3461 1115 3514; x_wconf 93' lang='lat' dir='ltr'>hi</span> <span class='ocrx_word' id='word_1_481' title='bbox 1145 3467 1283 3514; x_wconf 90' lang='lat' dir='ltr'>sunt</span> <span class='ocrx_word' id='word_1_482' title='bbox 1309 3460 1410 3515; x_wconf 78' lang='lat' dir='ltr'>filii</span> <span class='ocrx_word' id='word_1_483' title='bbox 1450 3466 1505 3515; x_wconf 91' lang='lat' dir='ltr'>et</span> <span class='ocrx_word' id='word_1_484' title='bbox 1535 3460 1763 3516; x_wconf 89' lang='lat' dir='ltr'>domini</span> <span class='ocrx_word' id='word_1_485' title='bbox 1817 3468 1873 3517; x_wconf 91' lang='lat' dir='ltr'>et</span> <span class='ocrx_word' id='word_1_486' title='bbox 1903 3462 2006 3528; x_wconf 90' lang='lat' dir='ltr'>dii,</span> <span class='ocrx_word' id='word_1_487' title='bbox 2030 3464 2212 3519; x_wconf 91' lang='lat' dir='ltr'>vincti</span> 
     </span>
    </p>
   </div>
   <div class='ocr_carea' id='block_1_70' title="bbox 562 3548 2210 3619">
    <p class='ocr_par' dir='ltr' id='par_1_70' title="bbox 562 3548 2210 3619">
     <span class='ocr_line' id='line_1_70' title="bbox 562 3548 2210 3619; baseline 0.004 -17"><span class='ocrx_word' id='word_1_488' title='bbox 562 3564 631 3602; x_wconf 90' lang='lat' dir='ltr'>ac</span> <span class='ocrx_word' id='word_1_489' title='bbox 677 3548 916 3618; x_wconf 85' lang='lat' dir='ltr'>captivi,</span> <span class='ocrx_word' id='word_1_490' title='bbox 972 3548 1670 3619; x_wconf 79' lang='lat' dir='ltr'>abjectissimi,crucitixi</span> <span class='ocrx_word' id='word_1_491' title='bbox 1724 3566 1794 3605; x_wconf 89' lang='lat' dir='ltr'>ac</span> <span class='ocrx_word' id='word_1_492' title='bbox 1855 3553 2210 3608; x_wconf 85' lang='lat' dir='ltr'>consecrati.</span> 
     </span>
    </p>
   </div>
   <div class='ocr_carea' id='block_1_71' title="bbox 557 3637 2211 3711">
    <p class='ocr_par' dir='ltr' id='par_1_71' title="bbox 557 3637 2211 3711">
     <span class='ocr_line' id='line_1_71' title="bbox 557 3637 2211 3711; baseline 0.005 -21"><span class='ocrx_word' id='word_1_493' title='bbox 557 3637 673 3708; x_wconf 79' lang='lat'>&#39;73</span> <span class='ocrx_word' id='word_1_494' title='bbox 704 3638 760 3691; x_wconf 90' lang='lat' dir='ltr'>Si</span> <span class='ocrx_word' id='word_1_495' title='bbox 809 3638 967 3693; x_wconf 93' lang='lat' dir='ltr'>enim</span> <span class='ocrx_word' id='word_1_496' title='bbox 1021 3638 1217 3692; x_wconf 87' lang='lat' dir='ltr'>unctio</span> <span class='ocrx_word' id='word_1_497' title='bbox 1261 3638 1395 3700; x_wconf 91' lang='lat' dir='ltr'>olei,</span> <span class='ocrx_word' id='word_1_498' title='bbox 1427 3654 1463 3693; x_wconf 91' lang='lat' dir='ltr'>a</span> <span class='ocrx_word' id='word_1_499' title='bbox 1512 3638 1717 3709; x_wconf 89' lang='lat' dir='ltr'>planta</span> <span class='ocrx_word' id='word_1_500' title='bbox 1755 3640 2102 3711; x_wconf 88' lang='lat' dir='ltr'>aspectabili</span> <span class='ocrx_word' id='word_1_501' title='bbox 2154 3648 2211 3698; x_wconf 89' lang='lat' dir='ltr'>et</span> 
     </span>
    </p>
   </div>
   <div class='ocr_carea' id='block_1_72' title="bbox 555 3724 2209 3797">
    <p class='ocr_par' dir='ltr' id='par_1_72' title="bbox 555 3724 2209 3797">
     <span class='ocr_line' id='line_1_72' title="bbox 555 3724 2209 3797; baseline 0.004 -19"><span class='ocrx_word' id='word_1_502' title='bbox 555 3724 719 3795; x_wconf 87' lang='lat' dir='ltr'>ligno</span> <span class='ocrx_word' id='word_1_503' title='bbox 760 3725 975 3780; x_wconf 88' lang='lat' dir='ltr'>visibili</span> <span class='ocrx_word' id='word_1_504' title='bbox 1006 3726 1291 3797; x_wconf 82' lang='lat' dir='ltr'>profecta,</span> <span class='ocrx_word' id='word_1_505' title='bbox 1320 3730 1547 3782; x_wconf 86' lang='lat' dir='ltr'>tantam</span> <span class='ocrx_word' id='word_1_506' title='bbox 1576 3727 1785 3783; x_wconf 89' lang='lat' dir='ltr'>habuit</span> <span class='ocrx_word' id='word_1_507' title='bbox 1816 3728 2111 3797; x_wconf 87' lang='lat' dir='ltr'>virtutem,</span> <span class='ocrx_word' id='word_1_508' title='bbox 2146 3735 2209 3785; x_wconf 84' lang='lat' dir='ltr'>ut</span> 
     </span>
    </p>
   </div>
   <div class='ocr_carea' id='block_1_73' title="bbox 555 3815 2208 3886">
    <p class='ocr_par' dir='ltr' id='par_1_73' title="bbox 555 3815 2208 3886">
     <span class='ocr_line' id='line_1_73' title="bbox 555 3815 2208 3886; baseline 0.003 -17"><span class='ocrx_word' id='word_1_509' title='bbox 555 3828 626 3869; x_wconf 91' lang='lat' dir='ltr'>eo</span> <span class='ocrx_word' id='word_1_510' title='bbox 652 3816 919 3886; x_wconf 89' lang='lat' dir='ltr'>peruncti</span> <span class='ocrx_word' id='word_1_511' title='bbox 953 3815 1302 3883; x_wconf 88' lang='lat' dir='ltr'>dignitatem</span> <span class='ocrx_word' id='word_1_512' title='bbox 1318 3815 1464 3870; x_wconf 86' lang='lat' dir='ltr'>citra</span> <span class='ocrx_word' id='word_1_513' title='bbox 1481 3831 1723 3871; x_wconf 90' lang='lat' dir='ltr'>omnem</span> <span class='ocrx_word' id='word_1_514' title='bbox 1740 3819 2208 3874; x_wconf 86' lang='lat' dir='ltr'>controversiam</span> 
     </span>
    </p>
   </div>
   <div class='ocr_carea' id='block_1_74' title="bbox 554 3904 2208 3975">
    <p class='ocr_par' dir='ltr' id='par_1_74' title="bbox 554 3904 2208 3975">
     <span class='ocr_line' id='line_1_74' title="bbox 554 3904 2208 3975; baseline 0.004 -18"><span class='ocrx_word' id='word_1_515' title='bbox 554 3910 1064 3975; x_wconf 84' lang='lat' dir='ltr'>consequerentur</span> <span class='ocrx_word' id='word_1_516' title='bbox 1090 3905 1309 3974; x_wconf 86' lang='lat' dir='ltr'>(ratum</span> <span class='ocrx_word' id='word_1_517' title='bbox 1344 3904 1503 3959; x_wconf 91' lang='lat' dir='ltr'>enim</span> <span class='ocrx_word' id='word_1_518' title='bbox 1538 3910 1751 3969; x_wconf 86' lang='lat' dir='ltr'>erat,ut</span> <span class='ocrx_word' id='word_1_519' title='bbox 1779 3906 2208 3964; x_wconf 88' lang='lat' dir='ltr'>constitueren-</span> 
     </span>
    </p>
   </div>
   <div class='ocr_carea' id='block_1_75' title="bbox 552 3993 2205 4064">
    <p class='ocr_par' dir='ltr' id='par_1_75' title="bbox 552 3993 2205 4064">
     <span class='ocr_line' id='line_1_75' title="bbox 552 3993 2205 4064; baseline 0.003 -15"><span class='ocrx_word' id='word_1_520' title='bbox 552 3998 647 4049; x_wconf 88' lang='lat' dir='ltr'>tur</span> <span class='ocrx_word' id='word_1_521' title='bbox 676 3993 789 4064; x_wconf 89' lang='lat' dir='ltr'>ipsi</span> <span class='ocrx_word' id='word_1_522' title='bbox 810 3994 1173 4064; x_wconf 81' lang='lat' dir='ltr'>reges):quo</span> <span class='ocrx_word' id='word_1_523' title='bbox 1201 3994 1380 4047; x_wconf 85' lang='lat' dir='ltr'>etiam</span> <span class='ocrx_word' id='word_1_524' title='bbox 1401 3994 1585 4049; x_wconf 84' lang='lat' dir='ltr'>David</span> <span class='ocrx_word' id='word_1_525' title='bbox 1619 3994 1897 4049; x_wconf 87' lang='lat' dir='ltr'>inunctus</span> <span class='ocrx_word' id='word_1_526' title='bbox 1927 3998 2205 4057; x_wconf 75' lang='lat' dir='ltr'>&quot;.statim</span> 
     </span>
    </p>
   </div>
   <div class='ocr_carea' id='block_1_76' title="bbox 552 4080 2206 4155">
    <p class='ocr_par' dir='ltr' id='par_1_76' title="bbox 552 4080 2206 4155">
     <span class='ocr_line' id='line_1_76' title="bbox 552 4080 2206 4155; baseline 0.004 -20"><span class='ocrx_word' id='word_1_527' title='bbox 552 4082 1063 4151; x_wconf 89' lang='lat' dir='ltr'>persecutionibus</span> <span class='ocrx_word' id='word_1_528' title='bbox 1103 4087 1159 4136; x_wconf 85' lang='lat' dir='ltr'>et</span> <span class='ocrx_word' id='word_1_529' title='bbox 1188 4080 1610 4137; x_wconf 79' lang='lat' dir='ltr'>aﬂlictionibus</span> <span class='ocrx_word' id='word_1_530' title='bbox 1649 4085 1958 4155; x_wconf 87' lang='lat' dir='ltr'>expositus</span> <span class='ocrx_word' id='word_1_531' title='bbox 1997 4094 2102 4146; x_wconf 91' lang='lat' dir='ltr'>est.</span> <span class='ocrx_word' id='word_1_532' title='bbox 2138 4103 2206 4142; x_wconf 86' lang='lat' dir='ltr'>ac</span> 
     </span>
    </p>
   </div>
   <div class='ocr_carea' id='block_1_77' title="bbox 553 4169 2203 4243">
    <p class='ocr_par' dir='ltr' id='par_1_77' title="bbox 553 4169 2203 4243">
     <span class='ocr_line' id='line_1_77' title="bbox 553 4169 2203 4243; baseline 0.005 -22"><span class='ocrx_word' id='word_1_533' title='bbox 553 4170 810 4237; x_wconf 87' lang='lat' dir='ltr'>septimo</span> <span class='ocrx_word' id='word_1_534' title='bbox 854 4176 985 4237; x_wconf 88' lang='lat' dir='ltr'>post</span> <span class='ocrx_word' id='word_1_535' title='bbox 1029 4184 1187 4223; x_wconf 90' lang='lat' dir='ltr'>anno</span> <span class='ocrx_word' id='word_1_536' title='bbox 1227 4184 1323 4223; x_wconf 82' lang='lat' dir='ltr'>rex</span> <span class='ocrx_word' id='word_1_537' title='bbox 1353 4169 1539 4225; x_wconf 89' lang='lat' dir='ltr'>factus</span> <span class='ocrx_word' id='word_1_538' title='bbox 1564 4171 1611 4206; x_wconf 69' lang='grc'><strong>⁸4</strong></span> <span class='ocrx_word' id='word_1_539' title='bbox 1646 4188 1659 4225; x_wconf 89' lang='lat'><strong>:</strong></span> <span class='ocrx_word' id='word_1_540' title='bbox 1701 4178 1928 4243; x_wconf 88' lang='lat' dir='ltr'>quanto</span> <span class='ocrx_word' id='word_1_541' title='bbox 1964 4174 2203 4243; x_wconf 88' lang='lat' dir='ltr'>magisii</span> 
     </span>
    </p>
   </div>
   <div class='ocr_carea' id='block_1_78' title="bbox 548 4258 2196 4329">
    <p class='ocr_par' dir='ltr' id='par_1_78' title="bbox 548 4258 2196 4329">
     <span class='ocr_line' id='line_1_78' title="bbox 548 4258 2196 4329; baseline 0.005 -21"><span class='ocrx_word' id='word_1_542' title='bbox 548 4258 649 4326; x_wconf 90' lang='lat' dir='ltr'>qui</span> <span class='ocrx_word' id='word_1_543' title='bbox 678 4258 1010 4310; x_wconf 85' lang='lat' dir='ltr'>secundum</span> <span class='ocrx_word' id='word_1_544' title='bbox 1054 4262 1311 4312; x_wconf 89' lang='lat' dir='ltr'>mentem</span> <span class='ocrx_word' id='word_1_545' title='bbox 1380 4264 1435 4313; x_wconf 91' lang='lat' dir='ltr'>et</span> <span class='ocrx_word' id='word_1_546' title='bbox 1466 4260 1804 4315; x_wconf 86' lang='lat' dir='ltr'>interiorem</span> <span class='ocrx_word' id='word_1_547' title='bbox 1864 4261 2196 4329; x_wconf 91' lang='lat' dir='ltr'>hominem,</span> 
     </span>
    </p>
   </div>
   <div class='ocr_carea' id='block_1_79' title="bbox 547 4344 2201 4418">
    <p class='ocr_par' dir='ltr' id='par_1_79' title="bbox 547 4344 2201 4418">
     <span class='ocr_line' id='line_1_79' title="bbox 547 4344 2201 4418; baseline 0.006 -21"><span class='ocrx_word' id='word_1_548' title='bbox 547 4344 949 4399; x_wconf 81' lang='lat' dir='ltr'>sanctiﬁcante</span> <span class='ocrx_word' id='word_1_549' title='bbox 976 4350 1032 4399; x_wconf 92' lang='lat' dir='ltr'>et</span> <span class='ocrx_word' id='word_1_550' title='bbox 1057 4344 1389 4402; x_wconf 70' lang='lat' dir='ltr'>testiﬁcante</span> <span class='ocrx_word' id='word_1_551' title='bbox 1421 4347 1642 4403; x_wconf 68' lang='lat' dir='ltr'>caelesti</span> <span class='ocrx_word' id='word_1_552' title='bbox 1685 4364 1754 4403; x_wconf 89' lang='lat' dir='ltr'>ac</span> <span class='ocrx_word' id='word_1_553' title='bbox 1772 4349 2065 4418; x_wconf 89' lang='lat' dir='ltr'>spirituali</span> <span class='ocrx_word' id='word_1_554' title='bbox 2106 4368 2201 4407; x_wconf 85' lang='lat' dir='ltr'>ex-</span> 
     </span>
    </p>
   </div>
   <div class='ocr_carea' id='block_1_80' title="bbox 544 4431 2196 4508">
    <p class='ocr_par' dir='ltr' id='par_1_80' title="bbox 544 4431 2196 4508">
     <span class='ocr_line' id='line_1_80' title="bbox 544 4431 2196 4508; baseline 0.007 -23"><span class='ocrx_word' id='word_1_555' title='bbox 544 4431 881 4487; x_wconf 88' lang='lat' dir='ltr'>sultationis</span> <span class='ocrx_word' id='word_1_556' title='bbox 921 4432 1053 4489; x_wconf 91' lang='lat' dir='ltr'>oleo</span> <span class='ocrx_word' id='word_1_557' title='bbox 1075 4434 1120 4469; x_wconf 78' lang='grc'>⁸⁵</span> <span class='ocrx_word' id='word_1_558' title='bbox 1158 4436 1424 4505; x_wconf 89' lang='lat' dir='ltr'>peruncti</span> <span class='ocrx_word' id='word_1_559' title='bbox 1456 4444 1613 4500; x_wconf 86' lang='lat' dir='ltr'>sunt,</span> <span class='ocrx_word' id='word_1_560' title='bbox 1634 4438 1925 4507; x_wconf 90' lang='lat' dir='ltr'>recipiunt</span> <span class='ocrx_word' id='word_1_561' title='bbox 1956 4439 2196 4508; x_wconf 81' lang='lat' dir='ltr'>signum</span> 
     </span>
    </p>
   </div>
   <div class='ocr_carea' id='block_1_81' title="bbox 542 4520 2194 4596">
    <p class='ocr_par' dir='ltr' id='par_1_81' title="bbox 542 4520 2194 4596">
     <span class='ocr_line' id='line_1_81' title="bbox 542 4520 2194 4596; baseline 0.007 -22"><span class='ocrx_word' id='word_1_562' title='bbox 542 4522 708 4590; x_wconf 79' lang='lat' dir='ltr'>regni</span> <span class='ocrx_word' id='word_1_563' title='bbox 762 4520 915 4576; x_wconf 89' lang='lat' dir='ltr'>illius</span> <span class='ocrx_word' id='word_1_564' title='bbox 994 4523 1485 4596; x_wconf 90' lang='lat' dir='ltr'>incorruptibilis,</span> <span class='ocrx_word' id='word_1_565' title='bbox 1541 4531 1896 4596; x_wconf 66' lang='lat' dir='ltr'>aeternaeque</span> <span class='ocrx_word' id='word_1_566' title='bbox 1966 4528 2194 4585; x_wconf 89' lang='lat' dir='ltr'>virtutis</span> 
     </span>
    </p>
   </div>
   <div class='ocr_carea' id='block_1_82' title="bbox 538 4610 2193 4685">
    <p class='ocr_par' dir='ltr' id='par_1_82' title="bbox 538 4610 2193 4685">
     <span class='ocr_line' id='line_1_82' title="bbox 538 4610 2193 4685; baseline 0.006 -21"><span class='ocrx_word' id='word_1_567' title='bbox 538 4610 935 4667; x_wconf 84' lang='lat' dir='ltr'>arrhabonem</span> <span class='ocrx_word' id='word_1_568' title='bbox 965 4612 1182 4668; x_wconf 86' lang='lat' dir='ltr'>scilicet</span> <span class='ocrx_word' id='word_1_569' title='bbox 1222 4614 1492 4684; x_wconf 87' lang='lat' dir='ltr'>Spiritus,</span> <span class='ocrx_word' id='word_1_570' title='bbox 1518 4615 1718 4685; x_wconf 86' lang='lat' dir='ltr'>ipsum</span> <span class='ocrx_word' id='word_1_571' title='bbox 1751 4616 2031 4685; x_wconf 89' lang='lat' dir='ltr'>Spiritum</span> <span class='ocrx_word' id='word_1_572' title='bbox 2052 4633 2193 4673; x_wconf 89' lang='lat' dir='ltr'>san-</span> 
     </span>
    </p>
   </div>
   <div class='ocr_carea' id='block_1_83' title="bbox 536 4700 2185 4773">
    <p class='ocr_par' dir='ltr' id='par_1_83' title="bbox 536 4700 2185 4773">
     <span class='ocr_line' id='line_1_83' title="bbox 536 4700 2185 4773; baseline 0.006 -20"><span class='ocrx_word' id='word_1_573' title='bbox 536 4704 698 4755; x_wconf 89' lang='lat' dir='ltr'>ctum</span> <span class='ocrx_word' id='word_1_574' title='bbox 732 4706 787 4755; x_wconf 92' lang='lat' dir='ltr'>et</span> <span class='ocrx_word' id='word_1_575' title='bbox 839 4700 1258 4772; x_wconf 79' lang='lat' dir='ltr'>paracletum?</span> <span class='ocrx_word' id='word_1_576' title='bbox 1285 4701 1567 4773; x_wconf 86' lang='lat' dir='ltr'>(intellige</span> <span class='ocrx_word' id='word_1_577' title='bbox 1607 4717 1748 4756; x_wconf 92' lang='lat' dir='ltr'>vero</span> <span class='ocrx_word' id='word_1_578' title='bbox 1794 4702 2185 4772; x_wconf 89' lang='lat' dir='ltr'>Paracletum,</span> 
     </span>
    </p>
   </div>
   <div class='ocr_carea' id='block_1_84' title="bbox 533 4788 2191 4862">
    <p class='ocr_par' dir='ltr' id='par_1_84' title="bbox 533 4788 2191 4862">
     <span class='ocr_line' id='line_1_84' title="bbox 533 4788 2191 4862; baseline 0.005 -19"><span class='ocrx_word' id='word_1_579' title='bbox 533 4789 635 4858; x_wconf 90' lang='lat' dir='ltr'>qui</span> <span class='ocrx_word' id='word_1_580' title='bbox 660 4788 1017 4857; x_wconf 89' lang='lat' dir='ltr'>consoletur,</span> <span class='ocrx_word' id='word_1_581' title='bbox 1052 4796 1107 4845; x_wconf 88' lang='lat' dir='ltr'>et</span> <span class='ocrx_word' id='word_1_582' title='bbox 1145 4791 1369 4861; x_wconf 88' lang='lat' dir='ltr'>gaudio</span> <span class='ocrx_word' id='word_1_583' title='bbox 1411 4790 1730 4862; x_wconf 79' lang='lat' dir='ltr'>perfundat</span> <span class='ocrx_word' id='word_1_584' title='bbox 1769 4789 2191 4852; x_wconf 85' lang='lat' dir='ltr'>aﬂlictionibus</span> 
     </span>
    </p>
   </div>
   <div class='ocr_carea' id='block_1_85' title="bbox 532 4879 906 4951">
    <p class='ocr_par' dir='ltr' id='par_1_85' title="bbox 532 4879 906 4951">
     <span class='ocr_line' id='line_1_85' title="bbox 532 4879 906 4951; baseline 0.005 -19"><span class='ocrx_word' id='word_1_585' title='bbox 532 4879 906 4951; x_wconf 88' lang='lat' dir='ltr'>oppressos).</span> 
     </span>
    </p>
   </div>
   <div class='ocr_carea' id='block_1_86' title="bbox 603 4984 2188 5056">
    <p class='ocr_par' dir='ltr' id='par_1_86' title="bbox 603 4984 2188 5056">
     <span class='ocr_line' id='line_1_86' title="bbox 603 4984 2188 5056; baseline 0.007 -19"><span class='ocrx_word' id='word_1_586' title='bbox 603 4984 668 5038; x_wconf 88' lang='lat' dir='ltr'>ll.</span> <span class='ocrx_word' id='word_1_587' title='bbox 693 4986 759 5040; x_wconf 88' lang='lat' dir='ltr'>Hi</span> <span class='ocrx_word' id='word_1_588' title='bbox 812 4991 1117 5056; x_wconf 89' lang='lat' dir='ltr'>unguento</span> <span class='ocrx_word' id='word_1_589' title='bbox 1161 5002 1231 5041; x_wconf 82' lang='lat' dir='ltr'>ex</span> <span class='ocrx_word' id='word_1_590' title='bbox 1278 4985 1440 5055; x_wconf 90' lang='lat' dir='ltr'>ligno</span> <span class='ocrx_word' id='word_1_591' title='bbox 1498 4986 1627 5042; x_wconf 66' lang='lat' dir='ltr'>vitas</span> <span class='ocrx_word' id='word_1_592' title='bbox 1667 4987 1809 5044; x_wconf 87' lang='lat' dir='ltr'>Jesu</span> <span class='ocrx_word' id='word_1_593' title='bbox 1858 4990 2089 5055; x_wconf 87' lang='lat' dir='ltr'>Christi,</span> <span class='ocrx_word' id='word_1_594' title='bbox 2132 4996 2188 5048; x_wconf 93' lang='lat' dir='ltr'>et</span> 
     </span>
    </p>
   </div>
   <div class='ocr_carea' id='block_1_87' title="bbox 528 5071 2186 5150">
    <p class='ocr_par' dir='ltr' id='par_1_87' title="bbox 528 5071 2186 5150">
     <span class='ocr_line' id='line_1_87' title="bbox 528 5071 2186 5150; baseline 0.005 -22"><span class='ocrx_word' id='word_1_595' title='bbox 528 5071 734 5144; x_wconf 87' lang='lat' dir='ltr'>planta</span> <span class='ocrx_word' id='word_1_596' title='bbox 755 5075 974 5131; x_wconf 70' lang='lat' dir='ltr'>ccalesti</span> <span class='ocrx_word' id='word_1_597' title='bbox 1008 5074 1259 5136; x_wconf 88' lang='lat' dir='ltr'>inuncti,</span> <span class='ocrx_word' id='word_1_598' title='bbox 1290 5074 1485 5130; x_wconf 83' lang='lat' dir='ltr'>idonei</span> <span class='ocrx_word' id='word_1_599' title='bbox 1520 5075 1834 5143; x_wconf 88' lang='lat' dir='ltr'>habentur,</span> <span class='ocrx_word' id='word_1_600' title='bbox 1861 5079 1961 5149; x_wconf 90' lang='lat' dir='ltr'>qui</span> <span class='ocrx_word' id='word_1_601' title='bbox 1987 5096 2186 5150; x_wconf 85' lang='lat' dir='ltr'>perve-</span> 
     </span>
    </p>
   </div>
   <div class='ocr_carea' id='block_1_88' title="bbox 526 5163 2183 5239">
    <p class='ocr_par' dir='ltr' id='par_1_88' title="bbox 526 5163 2183 5239">
     <span class='ocr_line' id='line_1_88' title="bbox 526 5163 2183 5239; baseline 0.005 -23"><span class='ocrx_word' id='word_1_602' title='bbox 526 5163 693 5218; x_wconf 89' lang='lat' dir='ltr'>niant</span> <span class='ocrx_word' id='word_1_603' title='bbox 722 5164 799 5219; x_wconf 86' lang='lat' dir='ltr'>ad</span> <span class='ocrx_word' id='word_1_604' title='bbox 846 5165 1098 5231; x_wconf 85' lang='lat' dir='ltr'>gradum</span> <span class='ocrx_word' id='word_1_605' title='bbox 1177 5164 1573 5234; x_wconf 82' lang='lat' dir='ltr'>perfectionis,</span> <span class='ocrx_word' id='word_1_606' title='bbox 1612 5168 1795 5234; x_wconf 84' lang='lat' dir='ltr'>regni,</span> <span class='ocrx_word' id='word_1_607' title='bbox 1831 5168 2099 5239; x_wconf 88' lang='lat' dir='ltr'>inquam,</span> <span class='ocrx_word' id='word_1_608' title='bbox 2129 5178 2183 5227; x_wconf 82' lang='lat' dir='ltr'>et</span> 
     </span>
    </p>
   </div>
   <div class='ocr_carea' id='block_1_89' title="bbox 524 5250 2182 5328">
    <p class='ocr_par' dir='ltr' id='par_1_89' title="bbox 524 5250 2182 5328">
     <span class='ocr_line' id='line_1_89' title="bbox 524 5250 2182 5328; baseline 0.006 -23"><span class='ocrx_word' id='word_1_609' title='bbox 524 5250 906 5324; x_wconf 89' lang='lat' dir='ltr'>adoptionis;</span> <span class='ocrx_word' id='word_1_610' title='bbox 937 5253 1160 5323; x_wconf 89' lang='lat' dir='ltr'>quippe</span> <span class='ocrx_word' id='word_1_611' title='bbox 1183 5254 1286 5323; x_wconf 89' lang='lat' dir='ltr'>qui</span> <span class='ocrx_word' id='word_1_612' title='bbox 1312 5257 1451 5307; x_wconf 88' lang='lat' dir='ltr'>sunt</span> <span class='ocrx_word' id='word_1_613' title='bbox 1490 5256 1784 5311; x_wconf 89' lang='lat' dir='ltr'>secretarii</span> <span class='ocrx_word' id='word_1_614' title='bbox 1818 5260 1971 5328; x_wconf 83' lang='lat' dir='ltr'>regis</span> <span class='ocrx_word' id='word_1_615' title='bbox 2011 5259 2182 5315; x_wconf 66' lang='lat' dir='ltr'>coale-</span> 
     </span>
    </p>
   </div>
   <div class='ocr_carea' id='block_1_90' title="bbox 522 5339 2181 5417">
    <p class='ocr_par' dir='ltr' id='par_1_90' title="bbox 522 5339 2181 5417">
     <span class='ocr_line' id='line_1_90' title="bbox 522 5339 2181 5417; baseline 0.007 -24"><span class='ocrx_word' id='word_1_616' title='bbox 522 5339 644 5403; x_wconf 89' lang='lat' dir='ltr'>stis.</span> <span class='ocrx_word' id='word_1_617' title='bbox 682 5340 891 5396; x_wconf 85' lang='lat' dir='ltr'>acfreti</span> <span class='ocrx_word' id='word_1_618' title='bbox 915 5340 1136 5396; x_wconf 82' lang='lat' dir='ltr'>fiducia</span> <span class='ocrx_word' id='word_1_619' title='bbox 1157 5341 1616 5410; x_wconf 88' lang='lat' dir='ltr'>Omnipotentis,</span> <span class='ocrx_word' id='word_1_620' title='bbox 1637 5345 2052 5413; x_wconf 88' lang='lat' dir='ltr'>ingrediuntur</span> <span class='ocrx_word' id='word_1_621' title='bbox 2079 5365 2181 5417; x_wconf 89' lang='lat' dir='ltr'>pa-</span> 
     </span>
    </p>
   </div>
   <div class='ocr_carea' id='block_1_91' title="bbox 520 5426 2173 5503">
    <p class='ocr_par' dir='ltr' id='par_1_91' title="bbox 520 5426 2173 5503">
     <span class='ocr_line' id='line_1_91' title="bbox 520 5426 2173 5503; baseline 0.006 -21"><span class='ocrx_word' id='word_1_622' title='bbox 520 5426 730 5484; x_wconf 84' lang='lat' dir='ltr'>latium</span> <span class='ocrx_word' id='word_1_623' title='bbox 762 5430 968 5499; x_wconf 90' lang='lat' dir='ltr'>ipsius,</span> <span class='ocrx_word' id='word_1_624' title='bbox 990 5429 1089 5485; x_wconf 88' lang='lat' dir='ltr'>ubi</span> <span class='ocrx_word' id='word_1_625' title='bbox 1107 5430 1453 5501; x_wconf 89' lang='lat' dir='ltr'>suntaugeli</span> <span class='ocrx_word' id='word_1_626' title='bbox 1478 5433 1790 5503; x_wconf 88' lang='lat' dir='ltr'>etspiritus</span> <span class='ocrx_word' id='word_1_627' title='bbox 1805 5441 2173 5503; x_wconf 88' lang='lat' dir='ltr'>sanctorum,</span> 
     </span>
    </p>
   </div>
   <div class='ocr_carea' id='block_1_92' title="bbox 595 5612 2187 5703">
    <p class='ocr_par' dir='ltr' id='par_1_92' title="bbox 595 5612 2187 5703">
     <span class='ocr_line' id='line_1_92' title="bbox 595 5612 2187 5703; baseline 0.009 -25"><span class='ocrx_word' id='word_1_628' title='bbox 595 5627 637 5660; x_wconf 77' lang='grc' dir='ltr'>ει</span> <span class='ocrx_word' id='word_1_629' title='bbox 665 5626 808 5682; x_wconf 84' lang='lat' dir='ltr'>Gen.</span> <span class='ocrx_word' id='word_1_630' title='bbox 852 5643 887 5692; x_wconf 88' lang='grc' dir='ltr'>ι,</span> <span class='ocrx_word' id='word_1_631' title='bbox 912 5628 998 5682; x_wconf 80' lang='lat'>‘26.</span> <span class='ocrx_word' id='word_1_632' title='bbox 1079 5629 1467 5698; x_wconf 69' lang='lat' dir='ltr'>3’Psal.x01x,</span> <span class='ocrx_word' id='word_1_633' title='bbox 1507 5635 1593 5690; x_wconf 78' lang='lat'>21.</span> <span class='ocrx_word' id='word_1_634' title='bbox 1674 5634 1926 5703; x_wconf 69' lang='lat' dir='ltr'>“lReg.</span> <span class='ocrx_word' id='word_1_635' title='bbox 1954 5612 2187 5699; x_wconf 68' lang='lat' dir='ltr'>&#39;xvi,13.</span> 
     </span>
    </p>
   </div>
   <div class='ocr_carea' id='block_1_93' title="bbox 2328 3102 3881 3181">
    <p class='ocr_par' dir='ltr' id='par_1_93' title="bbox 2328 3102 3881 3181">
     <span class='ocr_line' id='line_1_93' title="bbox 2328 3102 3881 3181; baseline 0.001 -21"><span class='ocrx_word' id='word_1_636' title='bbox 2328 3111 2387 3160; x_wconf 84' lang='grc' dir='ltr'>τὸ</span> <span class='ocrx_word' id='word_1_637' title='bbox 2438 3112 2652 3181; x_wconf 86' lang='grc' dir='ltr'>χρίσμα</span> <span class='ocrx_word' id='word_1_638' title='bbox 2707 3104 2767 3165; x_wconf 72' lang='grc' dir='ltr'>ἦν</span> <span class='ocrx_word' id='word_1_639' title='bbox 2797 3106 2910 3159; x_wconf 84' lang='grc' dir='ltr'>ὅλον</span> <span class='ocrx_word' id='word_1_640' title='bbox 2959 3111 3285 3181; x_wconf 84' lang='grc' dir='ltr'>τιμιώτερον,</span> <span class='ocrx_word' id='word_1_641' title='bbox 3330 3105 3516 3167; x_wconf 77' lang='grc' dir='ltr'>έπειδὴ</span> <span class='ocrx_word' id='word_1_642' title='bbox 3570 3107 3635 3167; x_wconf 78' lang='grc' dir='ltr'>εἰς</span> <span class='ocrx_word' id='word_1_643' title='bbox 3683 3102 3881 3177; x_wconf 73' lang='grc' dir='ltr'>βασιλεῖς</span> 
     </span>
    </p>
   </div>
   <div class='ocr_carea' id='block_1_94' title="bbox 2327 3193 3881 3272">
    <p class='ocr_par' dir='ltr' id='par_1_94' title="bbox 2327 3193 3881 3272">
     <span class='ocr_line' id='line_1_94' title="bbox 2327 3193 3881 3272; baseline -0.005 -24"><span class='ocrx_word' id='word_1_644' title='bbox 2327 3202 2418 3250; x_wconf 77' lang='grc' dir='ltr'>καὶ</span> <span class='ocrx_word' id='word_1_645' title='bbox 2480 3202 2742 3272; x_wconf 78' lang='grc' dir='ltr'>προφήτας</span> <span class='ocrx_word' id='word_1_646' title='bbox 2798 3195 3057 3269; x_wconf 75' lang='grc' dir='ltr'>ἐχρέοντο,</span> <span class='ocrx_word' id='word_1_647' title='bbox 3123 3196 3258 3249; x_wconf 81' lang='grc' dir='ltr'>οὕτω</span> <span class='ocrx_word' id='word_1_648' title='bbox 3324 3205 3415 3250; x_wconf 85' lang='grc' dir='ltr'>νῦν</span> <span class='ocrx_word' id='word_1_649' title='bbox 3482 3200 3530 3250; x_wconf 86' lang='grc' dir='ltr'>οἱ</span> <span class='ocrx_word' id='word_1_650' title='bbox 3582 3193 3881 3266; x_wconf 76' lang='grc' dir='ltr'>πνευματικοί</span> 
     </span>
    </p>
   </div>
   <div class='ocr_carea' id='block_1_95' title="bbox 2323 3283 3883 3359">
    <p class='ocr_par' dir='ltr' id='par_1_95' title="bbox 2323 3283 3883 3359">
     <span class='ocr_line' id='line_1_95' title="bbox 2323 3283 3883 3359; baseline -0.006 -21"><span class='ocrx_word' id='word_1_651' title='bbox 2323 3288 2380 3338; x_wconf 88' lang='grc' dir='ltr'>τό</span> <span class='ocrx_word' id='word_1_652' title='bbox 2419 3284 2719 3359; x_wconf 70' lang='grc' dir='ltr'>ἐπουράνιον</span> <span class='ocrx_word' id='word_1_653' title='bbox 2757 3290 2971 3358; x_wconf 84' lang='grc' dir='ltr'>χρίσμα</span> <span class='ocrx_word' id='word_1_654' title='bbox 3006 3290 3300 3358; x_wconf 87' lang='grc' dir='ltr'>χριόμενοι,</span> <span class='ocrx_word' id='word_1_655' title='bbox 3339 3291 3573 3357; x_wconf 74' lang='grc' dir='ltr'>γίνονται</span> <span class='ocrx_word' id='word_1_656' title='bbox 3618 3283 3883 3357; x_wconf 83' lang='grc' dir='ltr'>Χριστιανοὶ</span> 
     </span>
    </p>
   </div>
   <div class='ocr_carea' id='block_1_96' title="bbox 2323 3371 3887 3449">
    <p class='ocr_par' dir='ltr' id='par_1_96' title="bbox 2323 3371 3887 3449">
     <span class='ocr_line' id='line_1_96' title="bbox 2323 3371 3887 3449; baseline -0.001 -24"><span class='ocrx_word' id='word_1_657' title='bbox 2323 3377 2456 3427; x_wconf 82' lang='grc' dir='ltr'>κατὰ</span> <span class='ocrx_word' id='word_1_658' title='bbox 2499 3376 2682 3448; x_wconf 80' lang='grc' dir='ltr'>χάριν,</span> <span class='ocrx_word' id='word_1_659' title='bbox 2737 3376 2871 3426; x_wconf 77' lang='grc' dir='ltr'>ὥστε</span> <span class='ocrx_word' id='word_1_660' title='bbox 2921 3372 3049 3427; x_wconf 84' lang='grc' dir='ltr'>εἶναι</span> <span class='ocrx_word' id='word_1_661' title='bbox 3088 3374 3275 3436; x_wconf 77' lang='grc' dir='ltr'>αὐτοὺς</span> <span class='ocrx_word' id='word_1_662' title='bbox 3326 3373 3565 3449; x_wconf 81' lang='grc' dir='ltr'>βασιλεῖς</span> <span class='ocrx_word' id='word_1_663' title='bbox 3604 3376 3687 3426; x_wconf 80' lang='grc' dir='ltr'>καὶ</span> <span class='ocrx_word' id='word_1_664' title='bbox 3724 3371 3887 3445; x_wconf 72' lang='grc' dir='ltr'>προφή·</span> 
     </span>
    </p>
   </div>
   <div class='ocr_carea' id='block_1_97' title="bbox 2319 3460 3886 3535">
    <p class='ocr_par' dir='ltr' id='par_1_97' title="bbox 2319 3460 3886 3535">
     <span class='ocr_line' id='line_1_97' title="bbox 2319 3460 3886 3535; baseline -0.001 -21"><span class='ocrx_word' id='word_1_665' title='bbox 2319 3481 2408 3523; x_wconf 86' lang='grc' dir='ltr'>τας</span> <span class='ocrx_word' id='word_1_666' title='bbox 2449 3465 2764 3535; x_wconf 69' lang='grc' dir='ltr'>ἐπουρανίων</span> <span class='ocrx_word' id='word_1_667' title='bbox 2808 3467 3135 3535; x_wconf 84' lang='grc' dir='ltr'>μυστηρίων.</span> <span class='ocrx_word' id='word_1_668' title='bbox 3187 3460 3353 3517; x_wconf 79' lang='grc' dir='ltr'>Οὗτοί</span> <span class='ocrx_word' id='word_1_669' title='bbox 3384 3466 3488 3518; x_wconf 89' lang='grc' dir='ltr'>εὶσι</span> <span class='ocrx_word' id='word_1_670' title='bbox 3530 3468 3616 3516; x_wconf 75' lang='grc' dir='ltr'>καὶ</span> <span class='ocrx_word' id='word_1_671' title='bbox 3656 3464 3771 3523; x_wconf 79' lang='grc' dir='ltr'>υἱοὶ,</span> <span class='ocrx_word' id='word_1_672' title='bbox 3814 3460 3886 3508; x_wconf 74' lang='grc' dir='ltr'>καὶ</span> 
     </span>
    </p>
   </div>
   <div class='ocr_carea' id='block_1_98' title="bbox 2321 3544 3883 3627">
    <p class='ocr_par' dir='ltr' id='par_1_98' title="bbox 2321 3544 3883 3627">
     <span class='ocr_line' id='line_1_98' title="bbox 2321 3544 3883 3627; baseline -0.002 -25"><span class='ocrx_word' id='word_1_673' title='bbox 2321 3555 2513 3625; x_wconf 82' lang='grc' dir='ltr'>κύριοι,</span> <span class='ocrx_word' id='word_1_674' title='bbox 2559 3556 2648 3604; x_wconf 81' lang='grc' dir='ltr'>καὶ</span> <span class='ocrx_word' id='word_1_675' title='bbox 2702 3554 2829 3621; x_wconf 83' lang='grc' dir='ltr'>θεοὶ,</span> <span class='ocrx_word' id='word_1_676' title='bbox 2885 3549 3175 3625; x_wconf 74' lang='grc' dir='ltr'>δεδεμένοι,</span> <span class='ocrx_word' id='word_1_677' title='bbox 3233 3553 3712 3627; x_wconf 69' lang='grc' dir='ltr'>ᾐχμαλωτισμένοι,</span> <span class='ocrx_word' id='word_1_678' title='bbox 3761 3544 3883 3621; x_wconf 75' lang='grc' dir='ltr'>βεϐυ-</span> 
     </span>
    </p>
   </div>
   <div class='ocr_carea' id='block_1_99' title="bbox 2323 3636 3882 3716">
    <p class='ocr_par' dir='ltr' id='par_1_99' title="bbox 2323 3636 3882 3716">
     <span class='ocr_line' id='line_1_99' title="bbox 2323 3636 3882 3716; baseline -0.004 -24"><span class='ocrx_word' id='word_1_679' title='bbox 2323 3642 2574 3712; x_wconf 88' lang='grc' dir='ltr'>θισμένοι,</span> <span class='ocrx_word' id='word_1_680' title='bbox 2653 3640 3059 3716; x_wconf 73' lang='grc' dir='ltr'>ἕσταυρωμένοι,</span> <span class='ocrx_word' id='word_1_681' title='bbox 3124 3641 3508 3716; x_wconf 75' lang='grc' dir='ltr'>ἀφιερωμένοι’</span> <span class='ocrx_word' id='word_1_682' title='bbox 3586 3641 3628 3694; x_wconf 85' lang='grc' dir='ltr'>εἰ</span> <span class='ocrx_word' id='word_1_683' title='bbox 3684 3640 3775 3711; x_wconf 71' lang='grc' dir='ltr'>γὰρ</span> <span class='ocrx_word' id='word_1_684' title='bbox 3835 3636 3882 3685; x_wconf 82' lang='grc' dir='ltr'>τό</span> 
     </span>
    </p>
   </div>
   <div class='ocr_carea' id='block_1_100' title="bbox 2318 3728 3879 3804">
    <p class='ocr_par' dir='ltr' id='par_1_100' title="bbox 2318 3728 3879 3804">
     <span class='ocr_line' id='line_1_100' title="bbox 2318 3728 3879 3804; baseline 0 -23"><span class='ocrx_word' id='word_1_685' title='bbox 2318 3734 2535 3802; x_wconf 88' lang='grc' dir='ltr'>χρίσμα</span> <span class='ocrx_word' id='word_1_686' title='bbox 2583 3737 2676 3782; x_wconf 87' lang='grc' dir='ltr'>τοῦ</span> <span class='ocrx_word' id='word_1_687' title='bbox 2726 3729 2920 3797; x_wconf 77' lang='grc' dir='ltr'>ἐλαίου,</span> <span class='ocrx_word' id='word_1_688' title='bbox 2967 3732 3089 3804; x_wconf 85' lang='grc' dir='ltr'>ὅπερ</span> <span class='ocrx_word' id='word_1_689' title='bbox 3140 3728 3201 3789; x_wconf 76' lang='grc' dir='ltr'>ἦν</span> <span class='ocrx_word' id='word_1_690' title='bbox 3250 3740 3418 3804; x_wconf 72' lang='grc' dir='ltr'>φυτοῦ</span> <span class='ocrx_word' id='word_1_691' title='bbox 3466 3732 3767 3804; x_wconf 54' lang='grc' dir='ltr'>φαινομνου,</span> <span class='ocrx_word' id='word_1_692' title='bbox 3807 3728 3879 3775; x_wconf 75' lang='grc' dir='ltr'>καὶ</span> 
     </span>
    </p>
   </div>
   <div class='ocr_carea' id='block_1_101' title="bbox 2318 3817 3881 3893">
    <p class='ocr_par' dir='ltr' id='par_1_101' title="bbox 2318 3817 3881 3893">
     <span class='ocr_line' id='line_1_101' title="bbox 2318 3817 3881 3893; baseline -0.003 -22"><span class='ocrx_word' id='word_1_693' title='bbox 2318 3818 2470 3871; x_wconf 71' lang='grc' dir='ltr'>ξύλου</span> <span class='ocrx_word' id='word_1_694' title='bbox 2532 3820 2741 3893; x_wconf 86' lang='grc' dir='ltr'>ὁρατοῦ,</span> <span class='ocrx_word' id='word_1_695' title='bbox 2797 3822 3056 3878; x_wconf 75' lang='grc' dir='ltr'>τοσαύτην</span> <span class='ocrx_word' id='word_1_696' title='bbox 3112 3817 3227 3891; x_wconf 85' lang='grc' dir='ltr'>εἶχε</span> <span class='ocrx_word' id='word_1_697' title='bbox 3285 3817 3535 3893; x_wconf 80' lang='grc' dir='ltr'>δύναμιν,</span> <span class='ocrx_word' id='word_1_698' title='bbox 3601 3822 3724 3871; x_wconf 80' lang='grc' dir='ltr'>ὥστε</span> <span class='ocrx_word' id='word_1_699' title='bbox 3781 3817 3881 3873; x_wconf 85' lang='grc' dir='ltr'>τοὺς</span> 
     </span>
    </p>
   </div>
   <div class='ocr_carea' id='block_1_102' title="bbox 2316 3903 3877 3984">
    <p class='ocr_par' dir='ltr' id='par_1_102' title="bbox 2316 3903 3877 3984">
     <span class='ocr_line' id='line_1_102' title="bbox 2316 3903 3877 3984; baseline 0.004 -25"><span class='ocrx_word' id='word_1_700' title='bbox 2316 3912 2625 3983; x_wconf 79' lang='grc' dir='ltr'>χρωμένους</span> <span class='ocrx_word' id='word_1_701' title='bbox 2681 3908 3065 3984; x_wconf 79' lang='grc' dir='ltr'>ἁναντιρῥήτως</span> <span class='ocrx_word' id='word_1_702' title='bbox 3116 3908 3327 3982; x_wconf 76' lang='grc' dir='ltr'>ἀξίωμα</span> <span class='ocrx_word' id='word_1_703' title='bbox 3371 3910 3645 3982; x_wconf 75' lang='grc' dir='ltr'>λαμϐάνειν</span> <span class='ocrx_word' id='word_1_704' title='bbox 3681 3903 3758 3978; x_wconf 75' lang='grc' dir='ltr'>(ἦν</span> <span class='ocrx_word' id='word_1_705' title='bbox 3796 3906 3877 3973; x_wconf 77' lang='grc' dir='ltr'>γὰρ</span> 
     </span>
    </p>
   </div>
   <div class='ocr_carea' id='block_1_103' title="bbox 2315 3990 3879 4071">
    <p class='ocr_par' dir='ltr' id='par_1_103' title="bbox 2315 3990 3879 4071">
     <span class='ocr_line' id='line_1_103' title="bbox 2315 3990 3879 4071; baseline 0 -24"><span class='ocrx_word' id='word_1_706' title='bbox 2315 4001 2685 4071; x_wconf 80' lang='grc' dir='ltr'>κεκυρωμένον,</span> <span class='ocrx_word' id='word_1_707' title='bbox 2731 3999 2866 4050; x_wconf 82' lang='grc' dir='ltr'>ὥστε</span> <span class='ocrx_word' id='word_1_708' title='bbox 2902 4000 3255 4051; x_wconf 81' lang='grc' dir='ltr'>καθίστασθαι</span> <span class='ocrx_word' id='word_1_709' title='bbox 3302 3997 3493 4060; x_wconf 78' lang='grc' dir='ltr'>αὐτοῦς</span> <span class='ocrx_word' id='word_1_710' title='bbox 3552 3990 3879 4069; x_wconf 80' lang='grc' dir='ltr'>βασιλεῖς)·ὃ</span> 
     </span>
    </p>
   </div>
   <div class='ocr_carea' id='block_1_104' title="bbox 2314 4082 3878 4161">
    <p class='ocr_par' dir='ltr' id='par_1_104' title="bbox 2314 4082 3878 4161">
     <span class='ocr_line' id='line_1_104' title="bbox 2314 4082 3878 4161; baseline -0.001 -24"><span class='ocrx_word' id='word_1_711' title='bbox 2314 4091 2403 4137; x_wconf 77' lang='grc' dir='ltr'>καὶ</span> <span class='ocrx_word' id='word_1_712' title='bbox 2449 4082 2617 4138; x_wconf 79' lang='grc' dir='ltr'>Δαϐὶδ</span> <span class='ocrx_word' id='word_1_713' title='bbox 2664 4088 2907 4159; x_wconf 84' lang='grc' dir='ltr'>χρισθεὶς</span> <span class='ocrx_word' id='word_1_714' title='bbox 2959 4087 3144 4148; x_wconf 77' lang='grc' dir='ltr'>εὐθέως</span> <span class='ocrx_word' id='word_1_715' title='bbox 3198 4084 3462 4161; x_wconf 66' lang='grc' dir='ltr'>διωγμοῖς</span> <span class='ocrx_word' id='word_1_716' title='bbox 3509 4091 3759 4161; x_wconf 83' lang='grc' dir='ltr'>περιέπεσε</span> <span class='ocrx_word' id='word_1_717' title='bbox 3805 4083 3878 4130; x_wconf 75' lang='grc' dir='ltr'>καὶ</span> 
     </span>
    </p>
   </div>
   <div class='ocr_carea' id='block_1_105' title="bbox 2313 4173 3878 4251">
    <p class='ocr_par' dir='ltr' id='par_1_105' title="bbox 2313 4173 3878 4251">
     <span class='ocr_line' id='line_1_105' title="bbox 2313 4173 3878 4251; baseline -0.001 -26"><span class='ocrx_word' id='word_1_718' title='bbox 2313 4173 2560 4239; x_wconf 79' lang='grc' dir='ltr'>έθλίϐετο,</span> <span class='ocrx_word' id='word_1_719' title='bbox 2611 4180 2700 4227; x_wconf 81' lang='grc' dir='ltr'>καὶ</span> <span class='ocrx_word' id='word_1_720' title='bbox 2746 4179 2876 4247; x_wconf 80' lang='grc' dir='ltr'>μετὰ</span> <span class='ocrx_word' id='word_1_721' title='bbox 2935 4175 3068 4228; x_wconf 79' lang='grc' dir='ltr'>ἑπτὰ</span> <span class='ocrx_word' id='word_1_722' title='bbox 3097 4179 3184 4234; x_wconf 76' lang='grc' dir='ltr'>ἔτη</span> <span class='ocrx_word' id='word_1_723' title='bbox 3236 4177 3434 4248; x_wconf 72' lang='grc' dir='ltr'>ἐγένετο</span> <span class='ocrx_word' id='word_1_724' title='bbox 3461 4174 3878 4251; x_wconf 68' lang='grc' dir='ltr'>βασιλεύςθπόσῳ</span> 
     </span>
    </p>
   </div>
   <div class='ocr_carea' id='block_1_106' title="bbox 2309 4259 3877 4339">
    <p class='ocr_par' dir='ltr' id='par_1_106' title="bbox 2309 4259 3877 4339">
     <span class='ocr_line' id='line_1_106' title="bbox 2309 4259 3877 4339; baseline -0.003 -25"><span class='ocrx_word' id='word_1_725' title='bbox 2309 4262 2499 4333; x_wconf 83' lang='grc' dir='ltr'>μᾶλλον</span> <span class='ocrx_word' id='word_1_726' title='bbox 2543 4264 2659 4316; x_wconf 82' lang='grc' dir='ltr'>ὅσοι</span> <span class='ocrx_word' id='word_1_727' title='bbox 2705 4268 2951 4339; x_wconf 86' lang='grc' dir='ltr'>χρίονται</span> <span class='ocrx_word' id='word_1_728' title='bbox 2988 4268 3125 4318; x_wconf 81' lang='grc' dir='ltr'>κατὰ</span> <span class='ocrx_word' id='word_1_729' title='bbox 3166 4268 3253 4318; x_wconf 89' lang='grc' dir='ltr'>τὸν</span> <span class='ocrx_word' id='word_1_730' title='bbox 3282 4274 3403 4319; x_wconf 78' lang='grc' dir='ltr'>νοῦν</span> <span class='ocrx_word' id='word_1_731' title='bbox 3434 4270 3523 4319; x_wconf 84' lang='grc' dir='ltr'>καὶ</span> <span class='ocrx_word' id='word_1_732' title='bbox 3561 4268 3646 4317; x_wconf 85' lang='grc' dir='ltr'>τόν</span> <span class='ocrx_word' id='word_1_733' title='bbox 3685 4264 3776 4314; x_wconf 78' lang='grc' dir='ltr'>ἔσω</span> <span class='ocrx_word' id='word_1_734' title='bbox 3809 4259 3877 4309; x_wconf 79' lang='grc' dir='ltr'>ἄν·</span> 
     </span>
    </p>
   </div>
   <div class='ocr_carea' id='block_1_107' title="bbox 2312 4352 3878 4429">
    <p class='ocr_par' dir='ltr' id='par_1_107' title="bbox 2312 4352 3878 4429">
     <span class='ocr_line' id='line_1_107' title="bbox 2312 4352 3878 4429; baseline -0.001 -25"><span class='ocrx_word' id='word_1_735' title='bbox 2312 4354 2533 4426; x_wconf 88' lang='grc' dir='ltr'>θρωπον,</span> <span class='ocrx_word' id='word_1_736' title='bbox 2601 4357 2660 4405; x_wconf 89' lang='grc' dir='ltr'>τὸ</span> <span class='ocrx_word' id='word_1_737' title='bbox 2724 4353 3036 4424; x_wconf 75' lang='grc' dir='ltr'>ἁγιαστικὸν</span> <span class='ocrx_word' id='word_1_738' title='bbox 3096 4359 3184 4407; x_wconf 81' lang='grc' dir='ltr'>καὶ</span> <span class='ocrx_word' id='word_1_739' title='bbox 3240 4358 3535 4429; x_wconf 86' lang='grc' dir='ltr'>χαροποιόν</span> <span class='ocrx_word' id='word_1_740' title='bbox 3604 4352 3756 4407; x_wconf 72' lang='grc' dir='ltr'>ἔλαιον</span> <span class='ocrx_word' id='word_1_741' title='bbox 3804 4353 3878 4404; x_wconf 74' lang='grc' dir='ltr'>τῆς</span> 
     </span>
    </p>
   </div>
   <div class='ocr_carea' id='block_1_108' title="bbox 2309 4438 3877 4517">
    <p class='ocr_par' dir='ltr' id='par_1_108' title="bbox 2309 4438 3877 4517">
     <span class='ocr_line' id='line_1_108' title="bbox 2309 4438 3877 4517; baseline -0.002 -25"><span class='ocrx_word' id='word_1_742' title='bbox 2309 4440 2682 4512; x_wconf 69' lang='grc' dir='ltr'>ἀγαλλιάσεως,</span> <span class='ocrx_word' id='word_1_743' title='bbox 2738 4445 2797 4495; x_wconf 86' lang='grc' dir='ltr'>τὸ</span> <span class='ocrx_word' id='word_1_744' title='bbox 2831 4442 3066 4515; x_wconf 73' lang='grc' dir='ltr'>οὐράνιον</span> <span class='ocrx_word' id='word_1_745' title='bbox 3110 4448 3200 4496; x_wconf 80' lang='grc' dir='ltr'>καὶ</span> <span class='ocrx_word' id='word_1_746' title='bbox 3249 4446 3619 4517; x_wconf 82' lang='grc' dir='ltr'>πνευματικὸν,</span> <span class='ocrx_word' id='word_1_747' title='bbox 3660 4438 3877 4509; x_wconf 80' lang='grc' dir='ltr'>δέχονται</span> 
     </span>
    </p>
   </div>
   <div class='ocr_carea' id='block_1_109' title="bbox 2304 4527 3876 4605">
    <p class='ocr_par' dir='ltr' id='par_1_109' title="bbox 2304 4527 3876 4605">
     <span class='ocr_line' id='line_1_109' title="bbox 2304 4527 3876 4605; baseline -0.003 -22"><span class='ocrx_word' id='word_1_748' title='bbox 2304 4531 2361 4583; x_wconf 88' lang='grc' dir='ltr'>τὸ</span> <span class='ocrx_word' id='word_1_749' title='bbox 2407 4535 2582 4603; x_wconf 78' lang='grc' dir='ltr'>σίγνον</span> <span class='ocrx_word' id='word_1_750' title='bbox 2633 4539 2723 4591; x_wconf 83' lang='grc' dir='ltr'>τῆς</span> <span class='ocrx_word' id='word_1_751' title='bbox 2774 4530 3052 4603; x_wconf 83' lang='grc' dir='ltr'>βασιλείας</span> <span class='ocrx_word' id='word_1_752' title='bbox 3107 4531 3305 4594; x_wconf 76' lang='grc' dir='ltr'>έκείνης</span> <span class='ocrx_word' id='word_1_753' title='bbox 3360 4541 3454 4594; x_wconf 84' lang='grc' dir='ltr'>τῆς</span> <span class='ocrx_word' id='word_1_754' title='bbox 3508 4531 3754 4605; x_wconf 74' lang='grc' dir='ltr'>ἀφθάρτου</span> <span class='ocrx_word' id='word_1_755' title='bbox 3802 4527 3876 4575; x_wconf 76' lang='grc' dir='ltr'>καὶ</span> 
     </span>
    </p>
   </div>
   <div class='ocr_carea' id='block_1_110' title="bbox 2306 4614 3875 4697">
    <p class='ocr_par' dir='ltr' id='par_1_110' title="bbox 2306 4614 3875 4697">
     <span class='ocr_line' id='line_1_110' title="bbox 2306 4614 3875 4697; baseline 0.003 -26"><span class='ocrx_word' id='word_1_756' title='bbox 2306 4617 2483 4672; x_wconf 79' lang='grc' dir='ltr'>ἀϊδίου</span> <span class='ocrx_word' id='word_1_757' title='bbox 2537 4617 2823 4692; x_wconf 77' lang='grc' dir='ltr'>δυνάμεως,</span> <span class='ocrx_word' id='word_1_758' title='bbox 2875 4624 2962 4673; x_wconf 86' lang='grc' dir='ltr'>τόν</span> <span class='ocrx_word' id='word_1_759' title='bbox 3010 4621 3284 4697; x_wconf 70' lang='grc' dir='ltr'>ἀρραϐῶνα</span> <span class='ocrx_word' id='word_1_760' title='bbox 3334 4630 3426 4674; x_wconf 85' lang='grc' dir='ltr'>τοῦ</span> <span class='ocrx_word' id='word_1_761' title='bbox 3485 4624 3778 4692; x_wconf 76' lang='grc' dir='ltr'>Πνεῦματος.</span> <span class='ocrx_word' id='word_1_762' title='bbox 3826 4614 3875 4663; x_wconf 71' lang='grc' dir='ltr'>τὸ</span> 
     </span>
    </p>
   </div>
   <div class='ocr_carea' id='block_1_111' title="bbox 2303 4702 3874 4783">
    <p class='ocr_par' dir='ltr' id='par_1_111' title="bbox 2303 4702 3874 4783">
     <span class='ocr_line' id='line_1_111' title="bbox 2303 4702 3874 4783; baseline -0.003 -22"><span class='ocrx_word' id='word_1_763' title='bbox 2303 4715 2511 4782; x_wconf 80' lang='grc' dir='ltr'>Πνεῦμα</span> <span class='ocrx_word' id='word_1_764' title='bbox 2567 4714 2623 4761; x_wconf 86' lang='grc' dir='ltr'>τὸ</span> <span class='ocrx_word' id='word_1_765' title='bbox 2680 4709 2829 4782; x_wconf 71' lang='grc' dir='ltr'>ἅγιον</span> <span class='ocrx_word' id='word_1_766' title='bbox 2885 4715 2975 4763; x_wconf 85' lang='grc' dir='ltr'>καὶ</span> <span class='ocrx_word' id='word_1_767' title='bbox 3030 4711 3403 4783; x_wconf 59' lang='lat' dir='ltr'>«amabam-av;</span> <span class='ocrx_word' id='word_1_768' title='bbox 3456 4711 3639 4767; x_wconf 76' lang='grc' dir='ltr'>Ἄκουε</span> <span class='ocrx_word' id='word_1_769' title='bbox 3693 4702 3746 4758; x_wconf 63' lang='grc' dir='ltr'>δε</span> <span class='ocrx_word' id='word_1_770' title='bbox 3788 4720 3874 4754; x_wconf 86' lang='grc' dir='ltr'>πα-</span> 
     </span>
    </p>
   </div>
   <div class='ocr_carea' id='block_1_112' title="bbox 2299 4788 3872 4874">
    <p class='ocr_par' dir='ltr' id='par_1_112' title="bbox 2299 4788 3872 4874">
     <span class='ocr_line' id='line_1_112' title="bbox 2299 4788 3872 4874; baseline -0.001 -26"><span class='ocrx_word' id='word_1_771' title='bbox 2299 4797 2575 4871; x_wconf 81' lang='grc' dir='ltr'>ράκλητον,</span> <span class='ocrx_word' id='word_1_772' title='bbox 2608 4803 2695 4851; x_wconf 82' lang='grc' dir='ltr'>καὶ</span> <span class='ocrx_word' id='word_1_773' title='bbox 2741 4802 2799 4851; x_wconf 86' lang='grc' dir='ltr'>τό</span> <span class='ocrx_word' id='word_1_774' title='bbox 2855 4799 3171 4872; x_wconf 85' lang='grc' dir='ltr'>παρακαλεῖν</span> <span class='ocrx_word' id='word_1_775' title='bbox 3194 4804 3283 4852; x_wconf 81' lang='grc' dir='ltr'>καὶ</span> <span class='ocrx_word' id='word_1_776' title='bbox 3314 4806 3623 4874; x_wconf 87' lang='grc' dir='ltr'>χαροποιεῖν</span> <span class='ocrx_word' id='word_1_777' title='bbox 3676 4798 3778 4853; x_wconf 82' lang='grc' dir='ltr'>τοὺς</span> <span class='ocrx_word' id='word_1_778' title='bbox 3831 4788 3872 4841; x_wconf 74' lang='grc' dir='ltr'>ἓν</span> 
     </span>
    </p>
   </div>
   <div class='ocr_carea' id='block_1_113' title="bbox 2302 4886 2727 4957">
    <p class='ocr_par' dir='ltr' id='par_1_113' title="bbox 2302 4886 2727 4957">
     <span class='ocr_line' id='line_1_113' title="bbox 2302 4886 2727 4957; baseline 0.002 -18"><span class='ocrx_word' id='word_1_779' title='bbox 2302 4886 2536 4957; x_wconf 72' lang='grc' dir='ltr'>θλίψεσιν</span> <span class='ocrx_word' id='word_1_780' title='bbox 2563 4890 2727 4948; x_wconf 80' lang='grc' dir='ltr'>ὄντας.</span> 
     </span>
    </p>
   </div>
   <div class='ocr_carea' id='block_1_114' title="bbox 2370 4992 3865 5065">
    <p class='ocr_par' dir='ltr' id='par_1_114' title="bbox 2370 4992 3865 5065">
     <span class='ocr_line' id='line_1_114' title="bbox 2370 4992 3865 5065; baseline 0.003 -20"><span class='ocrx_word' id='word_1_781' title='bbox 2370 4993 2441 5048; x_wconf 88' lang='grc' dir='ltr'>Β’.</span> <span class='ocrx_word' id='word_1_782' title='bbox 2494 4994 2653 5047; x_wconf 85' lang='grc' dir='ltr'>Οὗτοι</span> <span class='ocrx_word' id='word_1_783' title='bbox 2702 4993 2755 5047; x_wconf 81' lang='grc' dir='ltr'>ἐκ</span> <span class='ocrx_word' id='word_1_784' title='bbox 2783 5002 2873 5048; x_wconf 89' lang='grc' dir='ltr'>τοῦ</span> <span class='ocrx_word' id='word_1_785' title='bbox 2926 4993 3080 5057; x_wconf 78' lang='grc' dir='ltr'>ξύλου</span> <span class='ocrx_word' id='word_1_786' title='bbox 3112 5003 3207 5065; x_wconf 81' lang='grc' dir='ltr'>τῆς</span> <span class='ocrx_word' id='word_1_787' title='bbox 3239 4996 3384 5059; x_wconf 80' lang='grc' dir='ltr'>ζωῆς</span> <span class='ocrx_word' id='word_1_788' title='bbox 3416 4996 3590 5054; x_wconf 81' lang='grc' dir='ltr'>Ἰησοῦ</span> <span class='ocrx_word' id='word_1_789' title='bbox 3643 4992 3865 5065; x_wconf 62' lang='grc' dir='ltr'>Χριστοῦ,</span> 
     </span>
    </p>
   </div>
   <div class='ocr_carea' id='block_1_115' title="bbox 2295 5079 3869 5159">
    <p class='ocr_par' dir='ltr' id='par_1_115' title="bbox 2295 5079 3869 5159">
     <span class='ocr_line' id='line_1_115' title="bbox 2295 5079 3869 5159; baseline 0.004 -25"><span class='ocrx_word' id='word_1_790' title='bbox 2295 5083 2350 5135; x_wconf 71' lang='grc' dir='ltr'>ἑκ</span> <span class='ocrx_word' id='word_1_791' title='bbox 2395 5090 2485 5135; x_wconf 88' lang='grc' dir='ltr'>τοῦ</span> <span class='ocrx_word' id='word_1_792' title='bbox 2534 5091 2693 5155; x_wconf 67' lang='grc' dir='ltr'>φυτοῦ</span> <span class='ocrx_word' id='word_1_793' title='bbox 2743 5092 2834 5136; x_wconf 85' lang='grc' dir='ltr'>τοῦ</span> <span class='ocrx_word' id='word_1_794' title='bbox 2887 5083 3194 5158; x_wconf 71' lang='grc' dir='ltr'>ἐπουρανίου</span> <span class='ocrx_word' id='word_1_795' title='bbox 3250 5090 3544 5159; x_wconf 88' lang='grc' dir='ltr'>χριόμενοι,</span> <span class='ocrx_word' id='word_1_796' title='bbox 3605 5079 3869 5140; x_wconf 77' lang='grc' dir='ltr'>καταειοῦν·</span> 
     </span>
    </p>
   </div>
   <div class='ocr_carea' id='block_1_116' title="bbox 2292 5167 3866 5247">
    <p class='ocr_par' dir='ltr' id='par_1_116' title="bbox 2292 5167 3866 5247">
     <span class='ocr_line' id='line_1_116' title="bbox 2292 5167 3866 5247; baseline -0.001 -25"><span class='ocrx_word' id='word_1_797' title='bbox 2292 5191 2379 5225; x_wconf 88' lang='grc' dir='ltr'>ται</span> <span class='ocrx_word' id='word_1_798' title='bbox 2426 5171 2585 5225; x_wconf 84' lang='grc' dir='ltr'>ἐλθεῖν</span> <span class='ocrx_word' id='word_1_799' title='bbox 2634 5173 2705 5234; x_wconf 85' lang='grc' dir='ltr'>εἰς</span> <span class='ocrx_word' id='word_1_800' title='bbox 2747 5178 2909 5247; x_wconf 85' lang='grc' dir='ltr'>μέτρα</span> <span class='ocrx_word' id='word_1_801' title='bbox 2962 5182 3052 5235; x_wconf 83' lang='grc' dir='ltr'>τῆς</span> <span class='ocrx_word' id='word_1_802' title='bbox 3102 5173 3443 5238; x_wconf 79' lang='grc' dir='ltr'>τελειότητος,</span> <span class='ocrx_word' id='word_1_803' title='bbox 3498 5182 3591 5235; x_wconf 80' lang='grc' dir='ltr'>τῆς</span> <span class='ocrx_word' id='word_1_804' title='bbox 3634 5167 3866 5243; x_wconf 82' lang='grc' dir='ltr'>βασιλείας</span> 
     </span>
    </p>
   </div>
   <div class='ocr_carea' id='block_1_117' title="bbox 2290 5258 3860 5337">
    <p class='ocr_par' dir='ltr' id='par_1_117' title="bbox 2290 5258 3860 5337">
     <span class='ocr_line' id='line_1_117' title="bbox 2290 5258 3860 5337; baseline -0.008 -24"><span class='ocrx_word' id='word_1_805' title='bbox 2290 5259 2421 5332; x_wconf 72' lang='grc' dir='ltr'>λέγω</span> <span class='ocrx_word' id='word_1_806' title='bbox 2454 5267 2667 5324; x_wconf 82' lang='grc' dir='ltr'>καὶτῆς</span> <span class='ocrx_word' id='word_1_807' title='bbox 2724 5264 3011 5327; x_wconf 84' lang='grc' dir='ltr'>υἱοθεσίας,</span> <span class='ocrx_word' id='word_1_808' title='bbox 3041 5268 3178 5325; x_wconf 80' lang='grc' dir='ltr'>ὄντες</span> <span class='ocrx_word' id='word_1_809' title='bbox 3228 5266 3539 5337; x_wconf 75' lang='grc' dir='ltr'>συμμύσται</span> <span class='ocrx_word' id='word_1_810' title='bbox 3589 5258 3860 5329; x_wconf 68' lang='grc' dir='ltr'>ἐπουρανίου</span> 
     </span>
    </p>
   </div>
   <div class='ocr_carea' id='block_1_118' title="bbox 2292 5342 3859 5427">
    <p class='ocr_par' dir='ltr' id='par_1_118' title="bbox 2292 5342 3859 5427">
     <span class='ocr_line' id='line_1_118' title="bbox 2292 5342 3859 5427; baseline -0.003 -24"><span class='ocrx_word' id='word_1_811' title='bbox 2292 5349 2551 5423; x_wconf 84' lang='grc' dir='ltr'>βασιλέως</span> <span class='ocrx_word' id='word_1_812' title='bbox 2615 5354 2817 5425; x_wconf 82' lang='grc' dir='ltr'>ἔχοντες</span> <span class='ocrx_word' id='word_1_813' title='bbox 2884 5351 3184 5427; x_wconf 79' lang='grc' dir='ltr'>παῤῥησιαν</span> <span class='ocrx_word' id='word_1_814' title='bbox 3253 5356 3384 5427; x_wconf 84' lang='grc' dir='ltr'>πρός</span> <span class='ocrx_word' id='word_1_815' title='bbox 3450 5356 3535 5405; x_wconf 87' lang='grc' dir='ltr'>τὸν</span> <span class='ocrx_word' id='word_1_816' title='bbox 3598 5342 3859 5416; x_wconf 79' lang='grc' dir='ltr'>παντοκρά-</span> 
     </span>
    </p>
   </div>
   <div class='ocr_carea' id='block_1_119' title="bbox 2286 5430 3845 5514">
    <p class='ocr_par' dir='ltr' id='par_1_119' title="bbox 2286 5430 3845 5514">
     <span class='ocr_line' id='line_1_119' title="bbox 2286 5430 3845 5514; baseline -0.006 -22"><span class='ocrx_word' id='word_1_817' title='bbox 2286 5458 2431 5512; x_wconf 88' lang='grc' dir='ltr'>τορα,</span> <span class='ocrx_word' id='word_1_818' title='bbox 2482 5440 2839 5514; x_wconf 78' lang='grc' dir='ltr'>εἰσερχόμενοι</span> <span class='ocrx_word' id='word_1_819' title='bbox 2890 5441 2961 5504; x_wconf 86' lang='grc' dir='ltr'>εἰς</span> <span class='ocrx_word' id='word_1_820' title='bbox 3015 5444 3073 5493; x_wconf 86' lang='grc' dir='ltr'>τὸ</span> <span class='ocrx_word' id='word_1_821' title='bbox 3128 5442 3377 5496; x_wconf 81' lang='grc' dir='ltr'>παλατιον</span> <span class='ocrx_word' id='word_1_822' title='bbox 3443 5441 3618 5503; x_wconf 76' lang='grc' dir='ltr'>αὐτοῦ,</span> <span class='ocrx_word' id='word_1_823' title='bbox 3670 5436 3777 5488; x_wconf 77' lang='grc' dir='ltr'>ἔνθα</span> <span class='ocrx_word' id='word_1_824' title='bbox 3804 5430 3845 5482; x_wconf 84' lang='grc' dir='ltr'>οἱ</span> 
     </span>
    </p>
   </div>
   <div class='ocr_carea' id='block_1_120' title="bbox 2286 5636 3295 5707">
    <p class='ocr_par' dir='ltr' id='par_1_120' title="bbox 2286 5636 3295 5707">
     <span class='ocr_line' id='line_1_120' title="bbox 2286 5636 3295 5707; baseline 0.004 -15"><span class='ocrx_word' id='word_1_825' title='bbox 2286 5636 2331 5671; x_wconf 77' lang='grc'>⁸⁴</span> <span class='ocrx_word' id='word_1_826' title='bbox 2359 5637 2405 5692; x_wconf 89' lang='lat' dir='ltr'>ll</span> <span class='ocrx_word' id='word_1_827' title='bbox 2427 5638 2565 5707; x_wconf 82' lang='lat' dir='ltr'>Reg.</span> <span class='ocrx_word' id='word_1_828' title='bbox 2610 5655 2665 5703; x_wconf 83' lang='grc' dir='ltr'>ιι,</span> <span class='ocrx_word' id='word_1_829' title='bbox 2690 5640 2743 5694; x_wconf 78' lang='grc'><strong>4.</strong></span> <span class='ocrx_word' id='word_1_830' title='bbox 2821 5640 2868 5675; x_wconf 76' lang='grc'>⁸³</span> <span class='ocrx_word' id='word_1_831' title='bbox 2900 5637 3047 5699; x_wconf 83' lang='lat' dir='ltr'>Psal.</span> <span class='ocrx_word' id='word_1_832' title='bbox 3074 5654 3209 5703; x_wconf 74' lang='lat' dir='ltr'>XLV,</span> <span class='ocrx_word' id='word_1_833' title='bbox 3238 5639 3295 5697; x_wconf 90' lang='lat'>8.</span> 
     </span>
    </p>
   </div>
  </div>
