4034 6202
177 304 273 361 635
1447 299 1755 358 ΗΟΜΠΛΑΞ

1870 333 1888 343 -
1917 300 2091 357 HOM.
2132 300 2314 357 XVll.

3419 294 3526 350 626

174 425 363 500 ἄγγελοι
417 429 509 479 καὶ
556 426 624 478 τὰ
668 426 933 496 πνεύματα
962 431 1062 477 τῶν
1107 423 1289 497 ἁγίων,
1343 430 1433 486 καὶ
1492 429 1565 480 ἔτι
1621 431 1755 489 ὄντες

1870 433 1925 484 et
1945 427 2052 500 qui
2081 427 2280 483 adhuc
2309 427 2371 482 in
2409 426 2524 483 hoc
2553 433 2693 484 sunt
2721 426 2980 484 mundo.
3017 425 3168 481 Licet
3193 422 3356 482 enim
3379 422 3527 478 inte-

173 515 214 568 εν
240 525 306 587 τῷ
352 519 535 586 κόσμῳ
581 517 784 585 τούτῳ·
827 518 986 586 μήπω
1041 516 1144 588 γὰρ
1191 518 1285 573 τὴν
1337 514 1530 569 τελείαν
1572 516 1756 591 κληρο,

169 610 336 679 νομίαν
371 603 611 667 λαϐόντες
654 608 766 662 τὴν.
797 603 1199 676 εὐτρεπισμένην
1266 605 1443 666 αὐτοῖς
1486 607 1537 659 ίν
1587 609 1760 677 ἱκείνῳ

175 704 236 766 τῷ
285 694 453 759 αἰῶνι,
508 693 752 766 ἀσφαλεῖς
814 693 944 745 εἰσιν
1001 695 1103 744 άπό
1172 701 1268 746 τοῦ
1324 693 1639 768 ἆρῥκϐῶνος,
1697 696 1756 748 οὗ

175 781 398 846 ἐδέξαντο
442 791 552 847 νῦν,
605 784 674 844 ὡς
726 778 833 840 ἤδη
894 780 1316 855 ἕστεφανωμίνοι,
1376 789 1468 838 καὶ
1516 783 1760 858 βασιλεύ-

175 891 318 933 οντες.
391 876 489 926 Καὶ
570 871 630 924 ού
686 871 971 935 ξενίζονται
1026 871 1290 942 μέλλοντες
1359 873 1758 946 συμϐασιλεύειν

176 968 395 1036 Χριστῷ,
435 959 519 1014 ἐπὶ
569 969 642 1030 τῷ
691 960 1020 1032 πλεονασμῷ,
1076 966 1167 1014 καὶ
1219 969 1280 1033 τῇ
1336 961 1610 1037 παρῥησίᾳ
1665 969 1756 1014 τοῦ

174 1053 474 1122 Πνεύματος.
507 1051 603 1103 Διά
639 1053 691 1101 τί
722 1069 736 1117 ;
769 1045 950 1107 ἐπειδὴ
1007 1054 1137 1111 ὄντες
1167 1053 1240 1103 ἔτι
1281 1049 1330 1104 ἕν
1360 1059 1422 1124 τῇ
1487 1056 1644 1124 σαρκὶ
1685 1050 1756 1104 εἷο

171 1159 262 1212 χον
311 1142 400 1192 τόν
456 1143 639 1192 νόστον
691 1139 878 1192 incisos
903 1147 993 1200 τῆς
1019 1139 1366 1212 γλυκύτητος,
1394 1146 1484 1194 καὶ
1509 1145 1604 1200 τὴν
1626 1140 1758 1214 ἐνέρ-

170 1247 298 1300 γειαν
327 1231 524 1286 ἐκείνην
552 1235 644 1290 τῆς
669 1224 965 1300 δυνάμεως.

234 1351 301 1408 I".
357 1352 452 1405 Ὃν
508 1355 610 1424 γὰρ
659 1356 845 1427 τρόπον
895 1354 1016 1406 ὅταν
1147 1373 1228 1416 τις
1285 1355 1428 1426 φίλος
1480 1352 1756 1427 βασιλέως,

170 1441 437 1515 σχολάζων
493 1450 562 1513 τῷ
614 1441 864 1514 παλατίῳ,
908 1443 1172 1518 γνωρίζων
1221 1445 1287 1496 τὰ
1322 1449 1615 1519 μυστήρια,
1668 1449 1763 1496 καὶ

167 1533 284 1604 ὀρῶν
341 1531 503 1584 αὐτοῦ
556 1536 652 1590 τὴν
704 1535 973 1606 πορφύραν
1006 1549 1019 1561 ’
1056 1532 1230 1606 συμϐῇ
1282 1529 1342 1586 δε
1399 1541 1580 1585 τοῦτον
1621 1539 1756 1606 γενίι

169 1623 280 1673 σθαι
307 1618 556 1694 βασιλέα,
596 1626 687 1673 καὶ
743 1624 1152 1694 στεφανωθῆναι,
1199 1630 1258 1674 οῦ
1317 1623 1585 1689 ξενίζεται,
1642 1627 1774 1676 οὗτε-

164 1718 412 1778 πτοεῖται,
464 1706 644 1769 ίπειδὴ
709 1709 758 1763 ἄν
813 1711 982 1782 πολλῷ
1033 1715 1212 1783 χρόνῳ
1267 1711 1623 1784 ίνεγυμνάσθη
1688 1713 1755 1773 εἰς

164 1803 221 1853 τὰ
269 1806 546 1874 μυστήρια
592 1808 684 1853 τοῦ
734 1801 1012 1854 παλατίου.
1061 1801 1137 1855 Ού
1167 1804 1268 1874 γὰρ
1322 1799 1592 1874 ἐνδέχεταί
1639 1822 1756 1855 τινα

167 1898 254 1942 τῶν
293 1889 631 1962 άγελημαίων
680 1895 768 1943 καὶ
801 1886 1021 1943 ἰδιωτῶν
1075 1896 1165 1944 καὶ
1204 1890 1355 1954 ξένων
1407 1900 1506 1944 τὼν
1544 1911 1755 1964 μυστη-

161 1984 273 2053 ρίων
306 1978 580 2044 εἰσελθεῖν,
622 1984 712 2032 καὶ
762 1976 1099 2052 βασιλεῦσαι,
1135 1980 1178 2032 εἰ
1217 1985 1290 2052 μὴ
1322 1985 1438 2041 τοὺς
1481 1979 1754 2056 ἐμπείρους

164 2071 240 2120 καὶ
297 2063 746 2139 πεπαιδευμένους
788 2086 801 2098 °
863 2069 1026 2130 οὕτως
1078 2073 1168 2122 καὶ
1234 2071 1283 2121 οἱ
1338 2075 1648 2143 Χριστιανοὶ

162 2155 320 2229 ἐκείνῳ
373 2165 446 2228 τῷ
493 2157 642 2210 αἰῶνι
684 2157 949 2230 μέλλοντες
978 2155 1296 2231 βασιλεύειν,
1353 2159 1412 2210 οῦ
1444 2158 1748 2224 ξενίζονται,

163 2243 255 2304 ἢδη
288 2252 670 2321 προεγνωκότες
704 2266 772 2299 τα
815 2252 1092 2322 μυστήρια
1121 2255 1212 2308 τῆς
1254 2249 1501 2321 χάριτος.
1535 2246 1749 2316 Ἐπειδὴ

159 2338 249 2408 γὰρ
296 2337 321 2387 ὁ
386 2337 661 2409 ἄνθρωπος
722 2335 921 2408 παρέϐη
986 2340 1080 2395 τὴν
1134 2335 1364 2400 ἐντολὴν,
1417 2339 1443 2388 ό
1504 2333 1749 2400 διάϐολος

162 2423 268 2482 ὅλην
312 2429 414 2482 τὴν
453 2424 640 2498 ψυχὴν
681 2424 905 2496 ἑκάλυψε
958 2425 1257 2499 καλύμματι
1306 2434 1574 2496 σκοτεινῷ.
1626 2434 1756 2482 Λοι-

161 2518 242 2565 πόν
274 2510 367 2566 οὖν
397 2516 612 2588 ἱρχεται
633 2514 663 2572 ἡ
698 2516 878 2588 χάρις,
921 2519 1010 2568 καὶ
1041 2511 1358 2570 ἁπεκδύιται
1396 2516 1509 2568 ὅλον
1552 2520 1610 2569 τό
1639 2521 1755 2569 σκί-

160 2621 350 2676 πασμα,
410 2604 548 2656 ὥστε
587 2602 766 2656 λοιπόν
795 2606 908 2674 ,τὴν
954 2603 1142 2676 ψυχὴν
1196 2607 1430 2678 καθαρὰν
1477 2609 1752 2677 γενομένην

157 2696 238 2744 καὶ
269 2690 641 2746 ἀπολαϐοῦσαν
673 2696 766 2751 τὴν
823 2689 963 2746 ἰδίαν
1003 2696 1158 2765 φύσιν
1202 2696 1258 2744 τό
1289 2698 1495 2766 κτίσμα
1525 2698 1581 2748 τὸ
1611 2694 1753 2767 ἄμω-

161 2799 243 2852 μον
287 2786 377 2834 καὶ
435 2783 688 2854 καθαρόν,
747 2783 967 2834 πάντοτε
1024 2785 1200 2834 λοιπόν
1253 2785 1496 2856 καθαρῶς
1549 2783 1596 2835 ἐν
1645 2790 1754 2845 τοῖς

162 2873 390 2945 καθαροῖς
452 2869 732 2944 ὀφθαλμοῖς
787 2875 882 2930 τὴν
921 2867 1078 2934 δόξαν
1133 2879 1224 2924 τοῦ
1277 2875 1440 2944 φωτός
1491 2880 1583 2925 τοῦ
1632 2871 1756 2932 ἁλη-

164 2961 290 3012 θινοῦ
320 2962 580 3033 καθορᾲν,
615 2965 705 3014 καὶ
745 2963 832 3012 τόν
875 2959 1120 3019 ἀληθινόν
1141 2960 1319 3014 Ἥλιον
1351 2969 1448 3024 τῆς
1479 2959 1513 3015 δ
1519 2967 1754 3016 ικαιοσύο

163 3067 239 3110 νης
273 3048 703 3123 ἕξαστράπτοντα
727 3049 858 3122 αὐτῇ
894 3058 955 3123 τῇ
997 3046 1216 3124 καρδίᾳ.

226 3334 293 3389 .t'.
349 3333 559 3408 Ὠσπερ
616 3335 717 3406 γὰρ
776 3337 824 3386 εν
887 3341 949 3406 τῇ
1009 3332 1276 3407 συντελείᾳ
1322 3338 1752 3409 περιαιρουμίνου

161 3431 241 3476 τοῦ
268 3428 654 3499 στερεώματος,
691 3422 869 3476 λοιπόν
900 3426 950 3476 οἱ
977 3421 1176 3476 δίκαιοι
1203 3426 1258 3476 is
1287 3424 1350 3496 τῇ
1393 3420 1640 3497 βασιλείᾳ
1663 3429 1754 3477 καὶ

157 3518 218 3587 τῷ
246 3522 372 3590 φωτὶ
402 3521 501 3569 καὶ
537 3525 602 3589 τῇ
635 3513 764 3590 δόξῃ
801 3513 1072 3588 διάγουσι,
1113 3513 1281 3588 μηδεν
1315 3520 1482 3589 ἕτερον
1513 3521 1752 3592 ὁρῶντες,

162 3605 186 3663 ἦ
215 3608 381 3668 καθὼς
421 3608 450 3658 ὁ
482 3609 713 3680 Χριστὸς
746 3605 795 3658 ἐν
829 3603 960 3676 δόξῃ
1001 3605 1115 3659 ἐστὶ
1143 3608 1360 3660 πάντοτε
1391 3606 1438 3659 ἄν
1477 3604 1627 3678 δεξιᾲ
1663 3616 1754 3660 τοῦ

161 3702 346 3770 Πατρός
378 3715 392 3726 ·
428 3696 596 3756 οὕτως
644 3701 734 3749 καὶ
779 3696 925 3749 οὗτοι
951 3695 1052 3748 ἀπὸ
1099 3703 1190 3749 τοῦ
1216 3704 1304 3748 νῦν
1348 3697 1419 3759 είς
1449 3698 1636 3750 ἐκεῖνον
1665 3701 1754 3750 τόν

160 3784 307 3838 αἰῶνα
355 3785 709 3856 ἀπαχθέντες,
754 3789 844 3838 καὶ
889 3784 1424 3856 αἰχμαλωτισθέντες,
1475 3789 1646 3839 πάντα
1692 3789 1757 3839 τὰ

161 3871 251 3927 ἐκεῖ
298 3875 492 3939 κάλλη,
546 3879 636 3926 καὶ
693 3877 784 3934 τὰς
841 3876 1269 3947 θαυματουργίας
1316 3877 1526 3950 ὁρῶσιν.
1580 3875 1756 3947 Ἡμεῖς

159 3965 248 4034 γὰρ
299 3967 383 4017 ἰπὶ
413 3971 516 4036 γῆς
557 3967 710 4028 ὄντες,
752 3961 801 4016 ἕν
853 3963 1088 4038 οὐρανοῖς
1126 3966 1313 4035 ἔχομεν
1370 3968 1424 4016 τό
1456 3964 1753 4038 πιλίτευμα,

161 4051 219 4112 εἰς
265 4052 460 4107 Exciso»
510 4055 597 4104 τόν
623 4057 820 4124 κόσμον
867 4054 1074 4124 ἔχοντες
1126 4057 1219 4111 τὴν
1246 4049 1520 4125 διαγωγὴν
1550 4060 1639 4107 καὶ
1664 4060 1757 4114 τὴν

159 4142 428 4206 πολιτείαν,
494 4143 630 4194 κατὰ
695 4145 781 4194 τόν
832 4150 949 4194 νοῦν
1015 4147 1104 4194 καὶ
1160 4145 1247 4194 τὸν
1300 4145 1400 4194 ἔσω
1466 4145 1755 4214 ανθρωπον.

163 4228 350 4305 Ὠσπερ
405 4235 514 4305 γὰρ
547 4232 575 4283 ὁ
605 4236 902 4304 φαινόμενος
960 4230 1216 4304 ὀφθαλμός
1266 4234 1496 4306 καθαρὸς
1526 4233 1614 4298 ὠν,
1665 4253 1757 4286 κα-

170 4321 322 4395 θαρῶς
353 4324 459 4395 όρᾲ
507 4339 726 4373 παντοτε
776 4325 864 4373 τόν
901 4319 1044 4380 ἣλιον
1075 4338 1087 4350 ο
1122 4321 1286 4384 οὕτως
1346 4322 1484 4374 καὶὸ
1515 4329 1627 4383 νοῦς
1679 4341 1758 4376 τε-

165 4405 300 4473 λείως
337 4411 708 4484 καθαρισθεὶς,
755 4412 974 4462 πάντοτε
1003 4411 1101 4484 ὁρᾷ
1143 4415 1236 4469 τὴν
1269 4407 1426 4474 δόξαν
1471 4419 1562 4464 τοῦ
1592 4417 1760 4486 φωτός

1869 534 2033 590 gram
2067 517 2494 580 hmreditatem,
2519 517 2631 572 sibi
2648 517 2705 571 in
2732 517 2832 572 illo
2848 515 3070 572 saeculo
3098 518 3522 587 praeparatam,

1869 605 2140 662 nondum
2171 606 2444 673 adierint,
2472 605 2777 662 certissimi
2813 611 3014 662 tamen
3045 609 3182 660 sunt
3213 619 3284 658 ex
3315 601 3522 658 arrha-

1868 694 2026 750 boue
2056 710 2234 767 quem
2269 695 2451 751 modo
2484 702 2854 766 receperunt,
2892 711 2962 750 ac
3010 695 3058 748 si
3081 694 3208 764 jam
3258 690 3525 747 coronati

1867 790 2088 848 essent,
2129 791 2186 840 et
2214 784 2381 854 regni
2415 785 2652 839 clavum
2685 788 2986 849 tenerent;
3019 798 3213 854 neque
3243 781 3524 852 obstupe-

1869 879 2062 941 scunt,
2093 873 2233 929 utin
2266 889 2325 928 re
2355 873 2596 929 insolita
2623 889 2694 928 ac
2720 887 2898 937 nova,
2927 872 3093 944 quod
3119 887 3257 926 cum
3291 869 3523 926 Christo

1868 965 2169 1036 regnaturi
2218 964 2357 1030 sint,
2399 967 2641 1034 propter
2675 961 3109 1018 abundantiam
3141 964 3200 1016 et
3236 960 3522 1015 ﬁduciam

1867 1051 2132 1124 Spiritus.
2177 1051 2582 1118 Quamobrem
2613 1051 2641 1105 ‘?
2695 1067 2765 1106 eo
2803 1049 2991 1122 quod,
3040 1065 3176 1104 cum
3231 1049 3430 1103 adhuc
3463 1047 3525 1102 in

1867 1156 2046 1197 carne
2089 1148 2309 1206 essent,
2365 1141 2656 1196 suavitate
2701 1139 2800 1195 illa
2844 1155 2915 1193 ac
2966 1136 3306 1206 dulcedine,
3341 1141 3524 1207 atque

1867 1229 2136 1286 efﬁcacia
2163 1229 2457 1286 facultatis
2485 1228 2638 1285 illius
2669 1227 3039 1285 tenebantur.

1941 1370 2030 1425 ΙΙΙ.
2062 1369 2589 1435 Quemadmodum
2619 1368 2803 1429 enim,
2838 1368 2886 1422 si
2914 1366 3130 1439 aliquis
3153 1371 3239 1421 est
3268 1364 3371 1437 qui
3404 1366 3530 1419 erat

1868 1460 2101 1516 amicus
2147 1460 2320 1528 regis,
2371 1466 2425 1513 et
2456 1459 2679 1529 palatio
2729 1459 2832 1513 dat
2878 1472 3148 1528 operam,
3198 1471 3268 1510 ac
3301 1460 3528 1508 secreta

1867 1550 2020 1621 regis
2048 1550 2378 1618 cognoscit,
2399 1554 2576 1619 atque
2608 1547 2837 1618 regiam
2859 1546 3523 1615 conspicitpurpuram;

1867 1654 2125 1710 eumque
2147 1637 2451 1707 contingat
2477 1635 2599 1691 ﬁeri
2617 1651 2840 1704 regem,
2865 1640 2920 1689 et
2937 1633 3235 1697 coronari,
3266 1632 3525 1687 novitate

1865 1743 2062 1783 rerum
2115 1742 2233 1781 non
2267 1725 2656 1796 obstupescit,
2688 1740 2797 1779 nec
2856 1729 3017 1778 metu
3065 1721 3418 1792 percellitur,
3453 1736 3523 1776 eo

1864 1817 2029 1888 quod
2068 1816 2249 1884 longo
2299 1822 2564 1885 tempore
2603 1815 2663 1869 in
2695 1812 2931 1870 arcanis
2974 1811 3178 1882 palatii
3222 1809 3517 1866 exercitus

1864 1905 2038 1960 fuerit
2083 1921 2096 1959 :
2151 1919 2540 1976 nequaquam
2585 1902 2746 1958 enim
2800 1902 2926 1956 ﬁeri
2965 1901 3138 1964 solet,
3195 1905 3259 1954 ut
3305 1899 3442 1970 quis
3489 1914 3518 1952 e

1864 1993 2174 2065 gregariis,
2207 1992 2584 2064 simplicibus
2617 1998 2797 2062 atque
2830 1991 3250 2062 mysteriorum
3297 1986 3524 2056 ignaris

1863 2081 2498 2147 hominibus,accedat
2511 2080 2590 2136 ad
2603 2083 2768 2149 regni
2794 2079 3391 2140 administrationem,
3417 2074 3526 2130 sed

1865 2171 2062 2228 solum
2093 2171 2132 2226 ii
2159 2172 2262 2243 qui
2293 2169 2566 2227 doctrina
2593 2175 2650 2226 et
2678 2165 3332 2240 experientiainstructi
3359 2168 3520 2220 sunt.

1865 2261 1958 2316 Sic
2010 2275 2256 2333 quoque
2285 2258 2654 2323 Christianis,
2695 2257 2793 2328 qui
2828 2256 3130 2326 regnaturi
3163 2261 3304 2310 sunt
3333 2255 3392 2310 in
3421 2252 3522 2309 illo

1865 2349 2098 2411 staculo,
2136 2348 2280 2404 nihil
2330 2347 2466 2403 novi
2494 2355 2550 2403 et
2597 2345 2986 2417 inexspectati
3025 2344 3262 2409 accidit,
3294 2343 3521 2414 quippe

1863 2439 1967 2510 qui
1985 2446 2158 2494 antea
2177 2439 2305 2507 jam
2330 2444 2625 2495 noverunt
2643 2435 2933 2508 mysteria
2949 2434 3151 2501 gratiae
3172 2452 3184 2488 :
3207 2437 3527 2504 propterea

1863 2529 2046 2592 enim,
2079 2527 2242 2598 quod
2274 2527 2458 2582 homo
2498 2533 2903 2596 transgressus
2936 2523 3010 2579 sit
3050 2522 3200 2577 lines
3232 2520 3522 2589 mandati,

1863 2617 2140 2674 diabolus
2175 2617 2518 2672 universam
2549 2616 2817 2671 animam
2857 2612 3187 2684 caliginoso
3221 2611 3517 2666 velamine

1864 2707 2099 2776 operuit
2151 2723 2164 2762 :
2216 2721 2422 2762 verum
2485 2703 2876 2777 postmodum
2935 2700 3164 2758 accedit
3217 2699 3426 2770 gratia,
3469 2703 3525 2754 et

1864 2795 2096 2852 exuitur
2118 2811 2362 2867 prorsus
2390 2794 2655 2850 velamen
2687 2791 2856 2861 illud,
2886 2792 2968 2848 ita
2991 2798 3050 2845 ut
3070 2795 3275 2862 postea
3295 2789 3522 2852 anima,

1865 2885 2130 2956 pristiam
2149 2883 2396 2956 puritati.
2414 2889 2596 2954 atque
2612 2881 2889 2952 propriae,
2914 2879 3095 2936 statui
3116 2882 3346 2934 naturas
3365 2892 3528 2932 creac

1867 2980 2012 3029 tura:
2045 2973 2270 3028 scilicet
2297 2987 2461 3042 puras
2484 2975 2663 3042 atque
2690 2966 3520 3040 irreprehensibili,restituta,

1867 3067 2154 3134 perpetuo
2207 3076 2278 3116 ac
2319 3075 2464 3132 pure
2527 3057 2810 3130 purisque
2865 3055 3054 3112 oculis
3097 3055 3350 3125 gloriam
3403 3053 3526 3108 veri

1791 3138 1832 3194 C
1867 3150 2113 3206 luminis
2169 3148 2519 3220 conspiciat,
2571 3161 2899 3218 verumque
2941 3144 3138 3201 Solem
3179 3142 3425 3216 justitim
3461 3141 3524 3196 in

1866 3239 2194 3296 visceribus
2221 3237 2438 3302 cordis,
2467 3235 2712 3306 fulgoris
2734 3236 2794 3291 in
2809 3234 3059 3290 modum
3081 3231 3518 3304 splendentem.

1943 3346 2031 3400 ιν.
2057 3345 2217 3401 Sicut
2237 3344 2396 3400 enim
2431 3343 2489 3398 in
2517 3341 3038 3398 consummatione
3059 3337 3302 3410 perituri
3326 3337 3524 3392 ﬁrma-

1871 3436 2082 3505 menti,
2109 3435 2260 3506 justi
2291 3433 2349 3488 in
2381 3437 2688 3504 posterum
2720 3431 2778 3485 in
2819 3444 3026 3499 regno,
3074 3427 3296 3482 lumine
3346 3431 3526 3496 atque

1869 3525 2057 3594 gloria
2085 3523 2287 3578 victuri
2311 3528 2463 3584 sunt,
2489 3519 2635 3576 nihil
2666 3519 2828 3575 aliud
2857 3520 3170 3582 intuentes,
3196 3531 3381 3588 quam
3403 3528 3528 3586 quo

1868 3620 2044 3685 pacto
2074 3613 2336 3668 Christus
2366 3611 2423 3666 in
2463 3611 2652 3680 gloria
2682 3615 2968 3680 perpetuo
3000 3607 3073 3662 sit
3124 3606 3199 3662 ad
3250 3605 3523 3660 dextram

1868 3701 2056 3758 Patris
2084 3717 2097 3755 :
2134 3702 2217 3755 sic
2233 3714 2476 3771 quoque
2506 3700 2566 3754 hi
2589 3699 2690 3770 qui
2715 3714 2784 3752 ex
2813 3697 2925 3752 hoc
2958 3697 3014 3750 in
3048 3694 3209 3749 aliud
3237 3692 3525 3747 saeculum

1868 3791 2293 3862 abreptiatque
2314 3788 2529 3859 captivi
2545 3787 2786 3842 abducti
2811 3791 2969 3848 sunt,
2987 3797 3364 3854 quaecunque
3389 3784 3528 3834 sunt

1866 3881 1946 3938 ibi
1981 3879 2229 3952 pulchra
2254 3883 2433 3948 atque
2464 3875 2855 3931 admiratione
2898 3873 3084 3942 digna
3114 3867 3528 3938 contemplan-

1867 3978 1981 4026 tur.
2012 3971 2127 4024 Nos
2159 3965 2342 4030 enim,
2376 3965 2476 4036 qui
2511 3965 2710 4019 adhuc
2741 3964 2801 4018 in
2833 3967 2987 4017 terra
3017 3975 3244 4022 sumus,
3274 3957 3332 4012 in
3360 3955 3526 4012 caelis

1866 4059 2166 4115 habemus
2216 4053 2756 4114 conversationem,
2803 4051 2861 4104 in
2918 4047 3017 4104 illo
3068 4046 3286 4101 saeculo
3335 4045 3524 4100 vitam

1866 4152 2134 4218 agentes,
2169 4150 2346 4218 atque
2369 4146 2791 4198 conservantes
2823 4137 3153 4194 secundum
3189 4139 3446 4190 mentem
3471 4138 3526 4188 et

1867 4237 2202 4292 interiorem
2235 4234 2563 4289 hominem.
2586 4226 3110 4295 Quemadmodum
3135 4225 3293 4279 enim
3316 4221 3526 4277 oculus

1867 4326 2135 4388 exterior,
2168 4324 2212 4378 si
2249 4337 2433 4394 purus
2466 4320 2560 4385 sit,
2596 4317 2783 4374 solem
2823 4332 2969 4387 pure
3003 4329 3238 4384 semper
3270 4311 3479 4382 aspicit
3509 4326 3520 4365 :

1869 4416 1951 4470 sic
1981 4429 2224 4487 quoque
2264 4427 2434 4466 mens
2463 4413 2668 4464 exacte
2700 4405 2938 4474 puritati
2964 4402 3254 4469 restituta,
3290 4414 3530 4470 semper

164 4507 244 4550 τοῦ
270 4507 538 4572 Χριστοῦ,
594 4504 684 4552 καὶ
723 4502 933 4552 σύνεστι
962 4508 1034 4570 τῷ
1080 4505 1252 4572 Κυρίῳ
1281 4504 1464 4562 νυκτός
1519 4506 1606 4554 καὶ
1639 4504 1755 4573 ἠμέ-

1871 4474 2144 4559 intuetur.
2162 4501 2414 4571 gloriam
2451 4497 2696 4553 luminis
2723 4495 2952 4557 Christi,
2991 4490 3111 4564 74
3146 4497 3354 4561 estque
3389 4504 3528 4543 cum

160 4606 265 4658 ρας,
311 4591 370 4641 ὃν
427 4593 623 4662 τρόπον
672 4592 728 4641 τό
789 4597 942 4661 σῶμα
995 4596 1087 4640 τοῦ
1147 4593 1340 4664 Κυρίου
1397 4593 1649 4664 συναφθεν
1693 4599 1754 4664 τῇ

164 4678 376 4745 θεότητι,
424 4681 648 4731 πάντοτε
702 4680 912 4730 σύνεστι
959 4685 1028 4747 τῷ
1084 4677 1219 4749 ἁγίῳ
1281 4681 1559 4750 Ῐινεύματι.
1603 4680 1760 4733 Ἀλλὰ

161 4774 316 4820 ταῦτα
345 4771 415 4820 τόι
454 4772 618 4840 μίτρα
665 4765 758 4819 οὐκ
803 4767 990 4829 εῦθίως
1040 4764 1532 4839 καταλαμϐάνουσιν
1571 4771 1620 4821 οἱ
1671 4772 1757 4822 άν-

162 4855 365 4926 θρωποι,
421 4857 468 4910 εἰ
496 4859 570 4928 μὴ
617 4851 714 4908 διὰ
755 4859 1014 4928 καμάτου,
1069 4862 1160 4909 καὶ
1208 4856 1449 4928 θλίψεως,
1491 4864 1581 4911 καὶ
1612 4858 1757 4932 ἀγῶ-

159 4961 232 5005 νος
276 4946 496 5002 πολλοῦ.
554 4945 674 4998 Εἰσὶ
722 4953 824 5020 γάρ
873 4965 1022 5009 τινες,
1074 4947 1155 4997 ὅτι
1205 4948 1446 4998 σύνεστιν
1496 4947 1675 5011 αὐτοῖς
1721 4951 1752 5007 ἡ

156 5035 304 5107 χάρις
356 5033 648 5109 ἱνεργοῦσα
690 5039 779 5087 καὶ
836 5033 1200 5100 ἀναπαύουσα,
1245 5035 1456 5088 σύνεστι
1503 5037 1559 5090 δὲ
1602 5043 1691 5090 καὶ
1721 5041 1751 5097 ἡ

158 5128 308 5176 κακία
359 5120 534 5190 ἔνδον,
567 5129 658 5176 καὶ
697 5126 763 5176 τὰ
791 5117 891 5176 δύο
939 5123 1291 5196 πολιτεύματα
1335 5125 1405 5188 εἰς
1451 5131 1574 5199 μίαν
1624 5127 1754 5200 ἐνερ-

154 5218 227 5280 γεῖ
247 5207 482 5285 καρδίαν
511 5221 604 5267 τοῦ
636 5218 824 5283 φωτός,
854 5218 944 5266 καί
973 5219 1065 5266 τοῦ
1100 5219 1343 5275 σκότους.

221 5405 292 5460 E'.
350 5405 515 5461 Ἀλλὰ
568 5409 772 5470 πάντως
829 5406 960 5483 ἐρεῖς
1011 5428 1124 5481 μοι,
1184 5413 1262 5471 τίς
1324 5413 1567 5462 κοινωνία
1623 5414 1766 5487 φωτὶ-

158 5496 275 5563 πρός
325 5502 568 5564 σκότος;
611 5504 718 5550 Ποῦ
765 5499 864 5570 γὰρ
909 5501 968 5550 τὸ
1022 5499 1153 5550 θεῖον
1204 5506 1310 5570 φῶς
1360 5500 1751 5560 ἑπισκοτίςεται

159 5586 240 5634 καὶ
301 5584 571 5650 θολοῦται,
649 5591 739 5639 καὶ
790 5590 849 5638 τό
912 5585 1159 5659 ἀμίαντον
1212 5593 1302 5640 καὶ
1367 5589 1596 5662 καθαρόν
1651 5596 1752 5640 ποῦ

159 5677 459 5740 μιαίνεται;
505 5679 794 5750 Γέγραπται
817 5678 941 5750 γὰρ,
975 5681 1095 5730 Καὶ
1131 5681 1198 5730 τὸ
1237 5683 1364 5748 φῶς
1401 5676 1458 5729 ίν
1497 5685 1568 5750 τῇ
1614 5697 1752 5731 σκο-

1872 4593 2124 4649 Domino
2156 4596 2332 4646 noctu
2363 4589 2610 4657 diuque,
2646 4583 2890 4655 perinde
2922 4599 2990 4637 ac
3027 4596 3247 4651 corpus
3295 4575 3530 4632 Domini

1868 4680 2161 4738 divinitati
2216 4679 2604 4748 conjunctum
2654 4679 2940 4746 perpetuo
2992 4675 3080 4725 est
3129 4684 3266 4723 cum
3314 4665 3532 4738 Spiritu

1868 4776 2094 4828 sancto.
2116 4770 2330 4823 Verum
2350 4766 2529 4822 hosce
2561 4761 2781 4835 gradus
2818 4777 2937 4816 non
2968 4759 3170 4813 statim
3199 4768 3531 4825 assequun-

1867 4865 1960 4916 tur
2010 4857 2306 4920 homines,
2350 4855 2465 4909 nisi
2511 4869 2646 4907 cum
2704 4850 2929 4913 labore,
2979 4845 3299 4902 afﬂictione
3356 4849 3534 4912 atque

1866 4964 2074 5020 pugna
2123 4944 2326 5001 multa.
2378 4946 2499 4999 Non
2549 4941 2769 4996 desunt
2817 4937 3000 4999 enim,
3034 4936 3092 4990 in
3145 4932 3366 5005 quibus
3400 4929 3534 4984 licet

1865 5038 2057 5110 gratia
2085 5037 2199 5091 vim
2231 5050 2402 5088 suam
2436 5031 2494 5086 in
2521 5029 2670 5101 ipsis
2701 5032 2933 5083 exserat
2962 5031 3141 5096 atque
3171 5020 3529 5092 requiescat,

1864 5107 2022 5182 intus
2053 5130 2252 5179 tamen
2269 5121 2471 5193 aliqua
2496 5119 2634 5174 latet
2661 5116 2906 5178 malitia,
2927 5120 3105 5185 atque
3134 5112 3264 5165 dua:
3313 5107 3534 5163 adsunt

1863 5211 2260 5273 conversandi
2289 5205 2744 5279 rationes,lucis
2777 5203 2994 5259 scilicet
3029 5206 3085 5257 et
3117 5198 3528 5261 tenebrarum,

1863 5305 1923 5359 in
1957 5318 2075 5358 uno
2107 5300 2286 5356 corde
2317 5299 2437 5353 vim
2468 5313 2642 5352 suam
2666 5297 3035 5350 exercentes.

1936 5411 2001 5465 V.
2038 5407 2214 5480 Atqui
2240 5406 2505 5470 omnino,
2545 5404 2708 5459 dices
2747 5400 2912 5464 mihi,
2954 5413 3090 5471 qum
3132 5393 3385 5451 societas
3412 5391 3533 5447 luci

1863 5516 2002 5556 cum
2027 5497 2287 5553 tenebris
2311 5497 2339 5553 ?
2370 5494 2616 5550 ubinam
2635 5493 2737 5547 lux
2759 5490 2962 5545 divina
2983 5485 3239 5542 tenebris
3264 5481 3534 5538 offundi-

1863 5594 1957 5644 tur
1983 5593 2160 5659 atque
2209 5585 2578 5657 inquinatur,
2617 5586 2674 5637 et
2712 5580 2814 5634 ubi
2855 5577 3020 5650 quod
3052 5573 3429 5648 impollutam
3461 5586 3531 5626 ac

1870 5693 2087 5750 purum
2137 5681 2241 5741 est,
2301 5673 2582 5746 polluitur
2629 5676 2808 5743 atque
2864 5667 3138 5724 turbatur
3170 5665 3198 5720 ‘l
3228 5662 3529 5734 Scriptura
