4034 6202
413 288 519 347 627

1718 283 1777 340 S.
1820 282 2119 339 MACARII
2158 279 2471 338 EGYPTII

3677 277 3795 338 628

411 415 571 471 enim
601 419 692 471 est
719 431 731 470 :
766 415 861 471 Ea:
891 416 1000 472 tua:
1023 414 1087 470 in
1110 414 1364 471 tenebris
1392 415 1565 479 lucet,
1598 417 1653 470 et
1680 412 1929 469 tenebrat
1948 423 2074 466 eam

2187 412 2291 481 τία
2335 411 2568 480 φαίνει,
2619 412 2727 460 καὶ
2772 407 2805 465 ἦ
2860 409 3091 460 σκοτία
3136 404 3291 459 αὐτὸ
3331 405 3400 458 οῦ
3438 404 3776 463 κατέλαϐε.

413 521 533 561 non
565 505 1139 576 comprehenderunt
1170 505 1238 554 ⁸⁸.
1272 506 1398 559 Non
1431 518 1573 572 ergo
1603 502 1946 573 simpliciter
1969 514 2077 555 nec

416 610 538 650 uno
571 594 753 649 modo
783 595 909 649 haec
936 598 1075 648 sunt
1097 591 1499 662 intelligenda.
1535 591 1790 656 Quidam
1822 588 1979 645 enim
2015 589 2074 643 in

414 686 651 738 tantum
687 682 1124 753 conquiescunt
1151 682 1207 735 in
1239 681 1428 751 gratia
1460 681 1578 745 Dei,
1607 679 1771 750 quod
1802 677 2074 733 fortiores

415 771 699 836 evadant,
741 786 925 842 quam
968 774 1056 825 est
1094 770 1416 840 conjuncta
1444 768 1558 824 illis
1591 767 1813 824 malitia
1844 784 1861 833 ;
1894 771 2073 838 atque

418 875 658 916 summa
723 875 867 929 erga
942 862 1128 914 Deum
1186 857 1501 913 devotione
1565 862 1622 912 et
1680 855 2071 912 oblectatione

419 953 735 1005 teneantur
763 967 776 1005 :
810 949 925 1004 alia
958 951 1162 1003 tamen
1194 948 1342 1003 hora
1378 946 1575 1018 pravis
1605 943 2071 1015 cogitationibus

418 1039 739 1109 agitantur,
768 1054 839 1094 ac
860 1037 1272 1106 subripiuntur
1298 1052 1334 1091 a
1354 1040 1621 1107 peccato,
1647 1035 1845 1091 adhuc
1871 1039 2069 1090 tamen

416 1128 769 1183 exsistentes
798 1127 858 1181 in
899 1126 1092 1196 gratia
1136 1125 1255 1180 Dei.
1289 1123 1692 1196 Simpliciores
1725 1138 1863 1178 vero
1890 1131 2070 1193 atque

416 1216 636 1281 idiotaa,
672 1216 773 1270 ubi
798 1216 954 1270 vires
984 1230 1127 1269 suas
1158 1213 1360 1285 aliqua
1379 1230 1449 1269 ex
1482 1219 1649 1285 parte
1677 1214 1737 1268 in
1768 1212 1880 1268 illis
1909 1227 2070 1267 exse—

414 1305 597 1360 ruerit
632 1304 843 1374 gratia,
885 1320 946 1358 se
977 1318 1222 1375 prorsus
1258 1319 1293 1357 a
1332 1308 1579 1372 peccato
1619 1301 1839 1356 liberos
1870 1300 2070 1356 existi-

419 1397 605 1447 mant.
634 1395 702 1447 At
730 1392 833 1465 qui
864 1391 1139 1447 acumine
1160 1391 1367 1462 judicii
1389 1407 1457 1446 ac
1484 1390 1799 1462 prudentia
1825 1389 2066 1461 pollent,

416 1484 693 1536 verentur
733 1496 973 1549 negare,
1020 1479 1202 1551 quod,
1238 1479 1367 1534 licet
1408 1478 1599 1550 gratia
1631 1478 1838 1533 divina
1866 1478 2069 1533 donati

415 1570 627 1635 simus,
653 1570 926 1642 turpibus
953 1572 1132 1640 atque
1153 1568 1429 1624 obscenis
1459 1567 1917 1638 cogitationibus
1948 1582 2069 1623 non

417 1673 826 1714 exerceamur.

488 1802 573 1855 VI.
633 1802 1058 1872 Saepenumero
1107 1800 1266 1856 enim
1328 1800 1627 1873 quosdam
1677 1801 1736 1855 in
1794 1799 2075 1855 fratribus

412 1889 763 1961 reperimus,
798 1895 1029 1945 tantum
1062 1889 1225 1960 ipsos
1252 1889 1539 1960 gaudium
1576 1896 1632 1944 et
1656 1889 1906 1959 gratiam
1938 1905 2073 1944 esse

416 1984 793 2042 consecutos,
826 1985 891 2033 ut
932 1978 1009 2033 ad
1042 1978 1309 2049 quinque
1339 1984 1441 2033 aut
1476 1992 1578 2034 sex
1609 1992 1906 2032 annorum
1941 1992 2076 2049 spa-

414 2067 562 2124 tium
589 2068 1139 2139 concupiscentiam
1168 2068 1474 2123 exaruisse
1501 2071 1851 2131 assererent,
1893 2071 2075 2138 atque

416 2155 477 2210 in
516 2160 821 2227 posterum
863 2155 941 2211 ab
977 2170 1048 2210 ea
1088 2172 1149 2211 se
1193 2155 1477 2211 liberatos
1522 2160 1819 2227 putarent.
1856 2155 2073 2211 Verum

414 2244 625 2300 vitium
643 2244 833 2300 latens
854 2244 1170 2300 insurrexit
1185 2245 1245 2300 in
1264 2243 1415 2309 illos,
1439 2249 1617 2316 atque
1646 2243 2076 2315 concupiscen-

416 2333 509 2389 tiae
532 2332 652 2402 igni
683 2333 836 2388 adeo
865 2332 1164 2389 combusti
1194 2338 1353 2398 sunt,
1379 2336 1439 2387 ut
1461 2332 1690 2388 attoniti
1716 2348 1785 2388 ac
1816 2331 2072 2405 perculsi

415 2421 697 2487 dicerent,
734 2422 1041 2478 Undenam
1074 2427 1238 2477 tanto
1269 2426 1407 2493 post
1438 2426 1697 2493 tempore
1733 2421 1908 2477 nobis
1935 2436 2075 2492 pro-

416 2510 525 2566 diit
548 2516 778 2566 tantum
808 2511 1015 2567 vitium
1033 2512 1061 2567 ?
1082 2513 1266 2566 Nemo
1287 2526 1428 2581 ergo
1450 2525 1611 2565 sana
1640 2510 1855 2565 mentis
1875 2510 2071 2566 dicere

416 2599 654 2664 audeat,
682 2599 835 2665 Quia
860 2615 1098 2655 mecum
1114 2604 1202 2655 est
1231 2599 1442 2668 gratia,
1461 2616 1497 2654 a
1525 2599 1787 2669 peccatis
1826 2614 2071 2671 prorsus

416 2688 704 2745 liberatus
749 2705 881 2743 sum
918 2705 931 2743 :
975 2689 1079 2743 sed
1135 2688 1271 2743 dum
1313 2703 1585 2759 personas
1624 2688 1745 2744 vim
1788 2704 1957 2745 suam
2009 2690 2068 2745 in

418 2782 616 2832 mente
646 2783 940 2834 exercent.
968 2777 1228 2848 Imperiti
1249 2778 1408 2833 enim
1431 2777 1533 2849 qui
1556 2784 1693 2832 sunt
1718 2792 1936 2847 rerum,
1968 2778 2069 2834 ubi

419 2865 729 2922 modicum
758 2867 904 2939 quid
933 2866 993 2921 in
1015 2866 1129 2922 illis
1156 2872 1402 2938 operata
1419 2866 1591 2922 fuerit
1620 2868 1829 2938 gratia,
1864 2883 1927 2921 se
1943 2867 2071 2938 jam

416 2955 633 3011 vicisse
672 2960 853 3027 atque
884 2954 1179 3027 perfectos
1217 2955 1579 3012 Christianos
1609 2971 1742 3011 esse
1781 2960 2068 3011 statuunt.

418 3046 535 3116 Ego
564 3059 709 3100 vero
744 3045 829 3099 sic
852 3060 915 3099 se
945 3060 1069 3100 rem
1099 3044 1322 3100 habere
1355 3049 1521 3114 puto,
1556 3044 1801 3115 perinde
1829 3060 1900 3099 ac
1926 3044 1973 3099 si
2001 3046 2076 3102 sit

419 3134 481 3189 in
520 3133 670 3190 cmlo
696 3132 803 3199 sol,
836 3134 938 3207 qui
970 3134 1029 3188 in
1057 3148 1208 3204 puro
1229 3148 1363 3188 aere
1395 3134 1567 3200 lucet,
1600 3139 1656 3188 et
1680 3132 1871 3189 nubes
1897 3134 2075 3188 adve-

419 3224 648 3278 nientes
665 3239 802 3277 eum
824 3223 1119 3294 operiant,
1140 3228 1318 3292 atque
1340 3236 1537 3277 aerem
1565 3224 1918 3277 crassiorem
1939 3222 2076 3277 red—

420 3311 589 3378 dant,
612 3311 779 3366 nullo
812 3318 988 3381 pacto
1017 3312 1269 3382 (quippe
1298 3326 1436 3366 cum
1465 3311 1713 3365 interius
1740 3311 1941 3381 lateat)
1968 3326 2075 3368 nec

420 3400 479 3453 in
508 3400 751 3463 lumine,
779 3415 886 3453 nec
908 3400 967 3453 in
991 3398 1611 3455 substantialmditur:
1644 3400 1727 3455 sic
1744 3416 1806 3455 re
1827 3401 2073 3464 habent,

423 3488 525 3557 qui
551 3487 723 3557 plene
750 3487 1020 3544 nondum
1047 3493 1183 3542 sunt
1209 3487 1541 3557 puriﬁcati;
1578 3488 1679 3560 qui
1712 3488 1846 3544 licet
1884 3490 2076 3558 gratia

423 3574 524 3631 Dei
557 3576 791 3647 prasditi
834 3576 970 3641 sint,
1012 3576 1071 3631 in
1122 3576 1261 3631 imis
1301 3582 1497 3633 tamen
1549 3582 1790 3649 peccato
1831 3579 2073 3638 detenti.

420 3663 648 3721 habent
668 3665 848 3720 simul
875 3670 1072 3721 motus
1095 3662 1419 3732 naturales,
1443 3671 1499 3721 et
1519 3668 1912 3737 cogitationes
1933 3685 2076 3740 erga

423 3755 608 3808 Deum
640 3752 870 3819 ﬁrmas,
903 3754 1129 3826 quippe
1160 3770 1197 3810 a
1229 3760 1394 3825 parte
1421 3754 1563 3812 boni
1597 3757 1869 3813 nondum
1902 3757 2075 3829 plene

424 3846 676 3900 stantes.

492 3985 611 4039 VII.
645 3985 738 4041 Sic
792 4002 823 4042 e
872 4001 1184 4056 converso,
1244 3986 1348 4058 qui
1402 3988 1732 4043 secundum
1788 3988 1929 4056 ima,
1963 3991 2076 4045 sub

424 4074 585 4131 bona
598 4075 887 4147 portione,
899 4076 1112 4145 gratia,
1128 4076 1402 4146 inquam,
1423 4080 1711 4143 tenentur,
1727 4078 1920 4133 adhuc
1938 4085 2078 4135 sunt

425 4163 575 4218 servi
613 4168 793 4235 atque
827 4164 1068 4219 obnoxii
1100 4166 1299 4237 pravis
1332 4166 1798 4234 cogitationibus
1830 4183 1899 4222 ac
1927 4170 2079 4238 parti

425 4251 668 4306 vitiosae.
703 4253 950 4307 Summo
977 4253 1153 4323 igitur
1179 4253 1404 4324 judicio
1439 4270 1593 4325 opus
1618 4260 1724 4320 est,
1756 4260 1819 4310 ut
1849 4271 1954 4326 per
1982 4271 2079 4311 ex-

424 4340 773 4411 perientiam
805 4340 940 4412 quis
962 4349 1306 4410 cognoscat,
1331 4343 1456 4397 baac
1479 4359 1541 4398 se
1564 4344 1644 4398 ita
1666 4344 1908 4399 habere.
1940 4345 2077 4399 Dico

427 4435 626 4483 autem
648 4428 775 4492 tibi,
793 4428 972 4485 etiam
994 4431 1318 4502 apostolos,
1333 4432 1554 4503 quibus
1572 4437 1697 4486 erat
1714 4432 2073 4499 Paracletus,

428 4532 549 4571 non
576 4515 759 4572 fuisse
791 4534 863 4573 ex
902 4518 1065 4574 omni
1090 4524 1256 4591 parte
1282 4536 1523 4575 securos
1550 4538 1563 4586 ;
1593 4520 1815 4590 gaudio
1838 4522 1998 4577 enim
2021 4528 2079 4577 et

425 4604 803 4661 exsultationi
834 4607 1040 4663 aderat
1067 4608 1241 4663 timor
1267 4614 1582 4674 ettremor,
1620 4609 1695 4663 ab
1726 4608 1860 4681 ipsa
1886 4611 2081 4681 gratia

427 4710 547 4749 non
577 4710 647 4750 ex
672 4702 837 4766 parte
871 4697 1079 4752 vitiosa
1111 4697 1431 4768 profectus:
1474 4713 1673 4752 verum
1707 4698 1838 4769 ipsa
1868 4702 2077 4769 gratia,

428 4783 711 4839 tuebatur
742 4785 891 4849 illos,
933 4802 1005 4841 ne
1049 4786 1141 4840 vel
1175 4786 1488 4841 minimum
1528 4785 1675 4859 quid
1701 4786 2076 4845 diverterent.

430 4872 680 4928 Perinde
706 4875 863 4929 enim
887 4890 957 4930 ac
992 4875 1037 4928 si
1065 4874 1200 4945 quis
1235 4873 1546 4929 frustulum
1575 4876 1790 4947 lapidis
1822 4878 2080 4951 projece-

430 4960 502 5016 rit
526 4960 584 5016 in
604 4977 865 5027 murum,
903 4979 1140 5018 murum
1166 4963 1502 5018 nullatenus
1521 4963 1767 5021 offendit
1798 4973 1900 5022 aut
1923 4984 2082 5023 com-

429 5049 644 5105 movit:
676 5055 779 5106 aut
807 5052 957 5106 sicut
983 5051 1167 5106 telum
1195 5052 1526 5124 projectum
1559 5060 1767 5111 contra
1802 5072 1959 5121 eum,
1980 5058 2083 5129 qui

433 5138 541 5195 fert
579 5138 903 5205 clibanum,
940 5139 1102 5195 nullo
1149 5139 1329 5196 modo
1371 5141 1517 5197 laesit
1554 5159 1663 5199 nec
1711 5143 1934 5201 ferrum
1973 5163 2083 5203 nec

433 5244 648 5299 corpus
678 5229 894 5299 (referit
928 5228 1088 5283 enim
1133 5245 1201 5284 ac
1237 5234 1578 5303 repercutit)
1613 5252 1625 5303 ;
1656 5234 1735 5290 ita
1770 5234 1902 5291 licet
1934 5235 2081 5308 quid

431 5318 552 5373 vitii
585 5317 662 5373 ad
694 5317 1004 5388 apostolos
1031 5319 1562 5392 appropinquaret,
1597 5330 2080 5395 nequaquamta-

431 5421 568 5461 men
585 5408 745 5478 ipsos
759 5405 1263 5481 lasdebat,quippe
1280 5411 1381 5481 qui
1396 5417 1563 5468 erant
1585 5412 1848 5485 perfecta
1873 5413 2079 5469 Christi

506 5637 553 5673 ⁸⁸
586 5638 759 5695 Joan.
788 5652 826 5705 ι,
861 5642 911 5695 5.

2187 503 2529 569 Μονοτρόπως
2571 494 2659 549 οὖν
2689 496 2750 548 οὐ
2780 500 2890 570 χρή
2937 497 3002 548 τὰ
3053 497 3636 570 πράγματαςνοεῖσθαι,
3668 499 3789 549 οῦτε

2187 595 2499 659 μονομερῶς.
2571 586 2655 648 Et;
2697 592 2945 637 τοσοῦτον
2989 586 3093 658 γάρ
3168 602 3296 645 τινες
3338 583 3696 637 ἀναπαύονται
3732 582 3783 635 iv

2182 684 2245 747 τῇ
2301 684 2393 728 τοῦ
2436 682 2571 729 Θεοῦ
2618 676 2828 749 χάριτι,
2878 675 2959 726 ὃτι
3013 670 3366 747 ἀνδρειότεροι
3410 678 3646 744 γίνονται
3693 677 3787 732 τῆς

2185 768 2447 828 συνούσης
2477 763 2649 825 αὐτοῖς
2694 768 2904 828 κακίας,
2948 768 3037 815 καὶ
3077 766 3292 835 ἔχοντες
3320 763 3507 834 εὐχὴν,
3537 766 3625 814 καὶ
3657 760 3789 813 ἀνά-

2180 872 2377 905 παυσιν
2429 852 2618 911 πολλὴν
2670 855 2797 926 πρὸς
2838 854 2925 903 τόν
2954 854 3100 915 Θεὸν,
3148 850 3277 925 ἄλλη
3311 852 3421 924 ὥρᾳ
3461 850 3789 924 ἄνεργοῦνται

2181 943 2281 994 ὑπὸ
2344 942 2611 1013 λογισμῶν
2666 948 2923 1013 πονηρῶν,
2990 945 3083 992 καὶ
3146 940 3451 993 κλέπτονται
3524 940 3626 991 ὑπό
3690 947 3787 999 τῆς

2181 1030 2460 1106 ἁμαρτίας,
2510 1034 2588 1083 ἔτι
2633 1034 2771 1092 ὄντες
2820 1028 2868 1081 έν
2918 1037 2979 1101 τῇ
3032 1030 3220 1101 χάριτι
3272 1036 3365 1081 τοῦ
3404 1035 3558 1082 Θεοῦ.
3611 1029 3680 1080 Οἱ
3723 1022 3787 1079 δι

2180 1119 2389 1195 ελαφροὶ
2440 1124 2529 1172 καὶ
2576 1115 2806 1185 ἰδιῶται,
2861 1127 3082 1191 μερικῶς
3130 1117 3441 1189 ένεργούσης
3490 1115 3538 1168 ἄν
3589 1118 3777 1177 αὐτοῖς

2178 1217 2271 1271 τῆς
2320 1216 2561 1280 χάριτος,
2601 1208 2881 1279 νομίξουσι
2932 1210 3120 1279 μηκέτι
3166 1204 3297 1259 εἶναι
3339 1212 3433 1265 τὴν
3472 1206 3737 1278 ἁμαρτίαν
3764 1222 3786 1237 ο

2179 1299 2228 1349 οἱ
2267 1294 2325 1350 δὲ
2371 1300 2580 1369 ἔχοντες
2626 1294 2920 1369 διάκρισιν,
2968 1300 3058 1349 καὶ
3111 1299 3242 1356 ὄντες
3279 1295 3605 1370 φρόνιμοι,οῦ
3657 1293 3784 1346 τολ-

2178 1395 2346 1460 μῶσιν
2396 1386 2741 1462 ἀρνήσασθαι,
2797 1388 2879 1440 ὅτι
2907 1389 3111 1458 ἔχοντες
3143 1390 3235 1445 τήν
3272 1384 3439 1459 χάριν
3480 1392 3574 1437 τοῦ
3623 1390 3787 1451 Θεοῦ,

2180 1476 2275 1530 οῦκ
2344 1475 2687 1553 ένεργούμιθα
2757 1477 2857 1529 ὑπὸ
2915 1475 3156 1549 αἰσχρῶν
3231 1480 3321 1527 καὶ
3392 1475 3641 1549 ῥυπαρῶν
3695 1472 3790 1525 λο-

2178 1584 2413 1639 γισμων,

2105 1752 2147 1807 Β

2270 1788 2367 1862 ς’.
2398 1787 2648 1846 Πολλάκις
2683 1789 2785 1861 γὰρ
2831 1785 3042 1860 εὕρομεν
3071 1784 3119 1837 έν
3150 1792 3260 1846 τοῖς
3290 1781 3552 1857 ἀδελφοῖς,
3590 1784 3671 1836 ὅτι
3700 1786 3791 1835 τό-

2186 1890 2383 1945 σαύτην
2436 1886 2579 1959 εὗρον
2632 1886 2807 1959 χαράν
2831 1890 2920 1936 καὶ
2949 1885 3131 1958 χάριν,
3167 1885 3302 1936 ὥστε
3352 1882 3400 1935 έν
3440 1886 3587 1935 πέντε
3614 1886 3705 1933 καὶ
3735 1881 3795 1944 ἓξ

2184 1978 2322 2029 ἔτεσι
2363 1974 2526 2046 λέγειν
2584 1973 2792 2041 αὐτοὺς,
2838 1974 2915 2025 ὃτι
2976 1971 3230 2047 έξηράνθη
3282 1973 3313 2030 ἠ
3371 1973 3643 2042 ἓπιθυμία,
3694 1974 3791 2023 καὶ

2183 2067 2313 2137 μετά
2364 2069 2530 2116 ταῦτα
2571 2066 2640 2125 ὡς
2697 2062 2942 2134 ἐνόμισαν
2996 2058 3389 2136 ἠλευθερῶσθαι
3450 2058 3538 2111 ἀπ’
3595 2058 3788 2124 αὐτῆς,

2182 2153 2496 2229 ἓγκρυϐιίσα
2537 2154 2567 2211 ἡ
2627 2154 2788 2204 κακία
2831 2150 3108 2209 έπεκινήθη
3154 2150 3350 2215 αὐτοῖς,
3402 2154 3490 2202 καὶ
3531 2150 3791 2202 κατεκαύ-

2185 2246 2352 2302 θησαν
2402 2251 2461 2316 τῇ
2500 2241 2770 2315 ἐπιθυμίᾳ,
2822 2243 2957 2293 ὥστε
3000 2239 3293 2303 ξενίζεσθαι
3341 2238 3531 2301 αὐτοὺς
3568 2242 3661 2291 καὶ
3709 2237 3792 2290 λέ·

2180 2352 2306 2404 γειν,
2360 2334 2441 2384 ὃτι
2490 2333 2620 2403 μετά
2662 2337 2909 2382 τοσοῦτον
2951 2332 3142 2404 χρόνον
3179 2330 3334 2381 πόθεν
3364 2329 3488 2401 ἡμῖν
3523 2328 3785 2384 ἐπανέστη

2181 2424 2412 2479 τοσαύτη
2474 2424 2676 2486 κακία;
2710 2415 2887 2480 οὗδεὶς
2947 2415 3034 2471 οὖν
3088 2426 3188 2470 τῶν
3253 2420 3547 2492 ὲχεφρόνων
3618 2416 3792 2487 τολμᾷ

2182 2512 2337 2565 εἰπεῖν
2384 2511 2464 2563 ὅτι
2505 2512 2767 2571 συνούσης
2813 2526 2902 2581 μοι
2949 2514 3039 2568 τῆς
3069 2508 3295 2580 χάριτος
3331 2511 3387 2560 τό
3417 2505 3532 2559 ὅλον
3574 2505 3791 2564 ἠλευθέ-

2178 2620 2352 2676 ρωμαι
2396 2606 2489 2661 τῆς
2541 2598 2819 2673 ἁμαρτίας,
2868 2596 3005 2649 ἀλλὰ
3042 2600 3108 2649 τὰ
3155 2594 3253 2649 δύο
3305 2602 3563 2669 πρόσωπα
3612 2598 3661 2647 ἂν
3706 2596 3784 2665 τῷ

2178 2696 2248 2760 νῷ
2301 2687 2599 2763 ἐνεργεῖται.
2651 2689 2718 2739 Οἱ
2761 2688 2863 2759 γὰρ
2917 2687 3122 2759 ἄπειροι
3170 2692 3270 2737 τῶν
3300 2686 3642 2758 πραγμάτων,
3682 2704 3785 2756 μι-

2179 2782 2300 2849 κρόν
2351 2796 2400 2830 τι
2455 2776 2811 2849 ένεργησάσης
2854 2775 2926 2837 εἰς
2973 2774 3164 2837 αὐτοὺς
3191 2782 3290 2835 τῆς
3335 2775 3583 2847 χάριτος,
3629 2777 3785 2845 νομί-

2181 2867 2384 2933 ζουσιν,
2420 2868 2501 2919 ὅτι
2525 2863 2634 2925 ἤδη
2667 2867 2930 2929 ἓνίκησαν,
2972 2869 3063 2916 καὶ
3094 2863 3193 2916 εἰσὶ
3218 2868 3532 2935 Χριστιανοὶ
3562 2864 3776 2919 τέλειοι.

2178 2956 2312 3027 Ἐγώ
2354 2952 2413 3007 δέ
2450 2956 2610 3015 οὕτως
2648 2959 2779 3026 φημὶ
2815 2956 2880 3006 τὰ
2914 2954 3213 3027 πράγματα
3241 2948 3389 3017 εἶναι,
3435 2954 3611 3024 ῶσπερ
3662 2954 3789 3005 ὅταν

2111 3043 2210 3140 cf;
2271 3044 2319 3097 έν
2371 3044 2571 3117 οὐρανῷ
2634 3043 2781 3105 ἣλιος
2836 3041 2885 3093 έν
2950 3043 3164 3115 καθαρῷ
3230 3040 3341 3113 ἀέρι
3398 3040 3786 3113 καταλάμπων,

2180 3139 2270 3186 καὶ
2298 3133 2488 3185 ἔλθωσι
2532 3136 2649 3205 περὶ
2702 3132 2857 3183 αὐτόν
2902 3129 3124 3202 νεφελαι,
3175 3134 3263 3183 καὶ
3302 3128 3638 3183 καλύπτωσιν
3688 3130 3792 3182 αῦ-

2180 3227 2285 3286 τόν,
2336 3226 2425 3273 καὶ
2462 3224 2775 3290 παχύνωσιν
2818 3222 2906 3272 τὸν
2946 3218 3090 3292 ἀέρα,
3135 3216 3286 3271 οὐδὲν
3328 3215 3587 3277 ἠδίκηται
3627 3218 3792 3281 αὐτὸς

2182 3309 2445 3385 ἐνδότερος
2483 3311 2550 3361 ῶν
2588 3308 2644 3361 έκ
2682 3316 2774 3361 τοῦ
2813 3312 2981 3381 φωτός
3022 3308 3204 3373 αὐτοῦ,
3248 3312 3462 3369 καὶτῆς
3495 3304 3634 3369 ἰδίας
3658 3310 3793 3362 ὑπο-

2184 3402 2414 3461 στάσεως
2446 3418 2461 3431 ·
2502 3397 2666 3460 οὕτως
2713 3397 2842 3450 εἰσιν
2885 3399 2935 3449 οἱ
2984 3402 3059 3469 μὴ
3104 3396 3303 3457 τελείως
3342 3398 3782 3472 καθαρισθέντες.

2181 3489 2360 3551 Ὀντις
2400 3485 2459 3542 δε
2494 3488 2541 3540 έν
2572 3495 2634 3559 τῇ
2670 3492 2760 3539 τοῦ
2797 3493 2932 3540 Θεοῦ
2972 3489 3184 3558 χάριτι,
3226 3491 3317 3538 καὶ
3345 3490 3694 3558 κατεχόμενοι
3740 3487 3793 3539 έν

2184 3577 2339 3651 βάθει
2376 3580 2477 3631 ὑπὸ
2517 3584 2614 3638 τῆς
2652 3575 2925 3650 ἁμαρτίας,
2959 3578 3151 3648 έχουσι
3185 3577 3250 3627 τά
3278 3578 3477 3648 φυσικά
3518 3581 3795 3648 κινήματα

2182 3673 2272 3721 καὶ
2311 3671 2428 3728 τοὺς
2462 3666 2749 3738 λογισμοὺς
2788 3664 2979 3727 αὐτοὺς
3008 3664 3329 3739 έρῥωμένους
3358 3669 3486 3740 πρὸς
3518 3668 3606 3717 τὸν
3637 3668 3793 3731 Θεὸν,

2183 3762 2273 3810 καὶ
2301 3761 2372 3829 μὴ
2414 3760 2551 3836 ὄντες
2579 3762 2671 3808 τοῦ
2698 3754 2899 3826 ἀγαθοῦ
2933 3752 3203 3815 όλοτελῶς.

2254 3990 2328 4043 Ζ’.
2367 3990 2542 4050 Οὕτως
2581 3990 2733 4042 πάλιν
2771 3989 2820 4041 οἱ
2854 3993 3200 4061 κατεχόμενοι
3257 3986 3306 4040 ἐν
3364 3987 3519 4061 βάθει
3561 3990 3662 4043 ὑπὸ
3697 3998 3796 4042 τοῦ

2184 4080 2384 4151 ἀγαθοῦ
2440 4082 2645 4153 μέρους,
2702 4086 2792 4139 τῆς
2847 4079 3066 4150 χάριτός
3091 4077 3243 4150 λέγω,
3305 4081 3381 4130 ἔτι
3440 4078 3545 4131 εἰσὶ
3607 4074 3797 4132 δοῦλοι

2184 4174 2271 4222 καί
2313 4170 2612 4242 ὑποχείριοι
2648 4154 2751 4229 τοῖς
2787 4175 3031 4241 πονηροῖς
3070 4168 3365 4240 λογισμοῖς,
3408 4174 3497 4221 καὶ
3534 4177 3605 4239 τῷ
3643 4173 3799 4243 μέρει

2184 4267 2277 4321 τῆς
2328 4263 2535 4320 κακίας.
2589 4256 2781 4318 Πολλῆς
2830 4252 2917 4308 οὖν
2966 4260 3127 4332 χρεία
3177 4254 3517 4330 διακρίσεως,
3563 4259 3647 4309 ἶνα
3698 4256 3800 4311 διὰ

2188 4353 2362 4423 πείρας
2401 4366 2475 4409 τις
2512 4355 2621 4418 γνῷ
2652 4354 2818 4398 ταῦτα
2852 4354 3033 4398 τοῦτον
3073 4349 3213 4418 ἔχειν
3254 4350 3342 4399 τὸν
3388 4352 3595 4422 τρόπον.
3638 4352 3797 4418 Λέγω

2112 4429 2157 4483 Ῐ)
2189 4434 2248 4490 δέ
2296 4456 2403 4503 σοι,
2441 4438 2521 4488 ὅτι
2553 4440 2642 4487 καὶ
2678 4438 2726 4487 οὶ
2780 4433 3063 4488 ἀπόστολοι
3122 4438 3331 4508 ἔχοντες
3374 4440 3460 4488 τόν
3514 4436 3796 4510 Παράκλη-

2190 4546 2294 4591 τον,
2345 4524 2587 4587 όλοτελῶς
2636 4524 2728 4577 οῦκ
2799 4522 2934 4584 ἦσαν
2993 4524 3289 4599 ἀμέριμνοι.
3353 4533 3513 4585 Συνῆν
3567 4528 3670 4601 γάρ
3730 4536 3795 4601 τῇ

2190 4621 2339 4689 χαρᾷ
2380 4620 2468 4666 καὶ
2518 4622 2578 4687 τῇ
2612 4612 2919 4684 ἀγαλλιάσει
2969 4612 3125 4687 φόϐος
3154 4619 3474 4688 καὶητρόμος
3522 4614 3575 4677 ἕξ
3627 4614 3805 4679 αὐτῆς

2190 4712 2280 4765 τῆς
2326 4705 2568 4775 χάριτος,
2622 4702 2681 4755 οῦ
2717 4710 2808 4756 τοῦ
2840 4708 3027 4777 μέρους
3059 4711 3154 4767 τῆς
3182 4709 3392 4771 κακίας,
3431 4704 3560 4757 ἀλλά
3589 4704 3726 4764 αῦτη
3762 4709 3795 4765 ἡ

2191 4795 2353 4867 χάρις
2385 4786 2702 4865 ἠσφαλίζετο
2733 4791 2944 4857 αὐτοὺς,
3002 4793 3085 4845 ἱνα
3136 4796 3207 4864 μὴ
3267 4792 3361 4845 κᾶν
3407 4792 3474 4855 εἰς
3523 4799 3715 4869 μικρόν
3747 4815 3805 4848 τι

2191 4886 2535 4956 ἑκτραπῶσιν.
2576 4880 2774 4952 Ὠσπερ
2815 4883 2917 4955 γὰρ
2961 4885 3005 4933 εἰ
3043 4901 3123 4944 τις
3167 4880 3412 4955 βιζάκιον
3450 4882 3596 4935 λίθου
3633 4883 3804 4959 ῥίψας

2193 4972 2259 5032 εἰς
2293 4978 2492 5043 τεῖχος,
2535 4965 2684 5022 οὐδὲν
2724 4967 2941 5041 ἔϐλαψεν
2984 4971 3013 5029 ἧ
3057 4974 3373 5045 παρεκίνησε
3411 4975 3467 5024 τὸ
3508 4979 3684 5043 τεῖχος
3715 4989 3729 5003 ⁸
3766 4975 3800 5034 ᾗ

2194 5060 2365 5131 ὥσπερ
2434 5057 2583 5132 βέλος
2651 5057 3085 5132 ἀποστελλόμενον
3148 5063 3285 5112 κατά
3344 5067 3436 5112 τοῦ
3516 5069 3807 5134 φοροῦντος

2192 5147 2453 5213 κλίϐανον,
2485 5144 2635 5201 οὐδ’ἐν
2672 5145 2927 5207 ἠδίκησεν
2960 5149 2989 5207 ἣ
3031 5152 3115 5200 τόν
3150 5145 3394 5223 σίδηρον,
3426 5151 3455 5210 ἡ
3486 5154 3545 5203 τὸ
3585 5160 3743 5225 σῶμα
3780 5167 3795 5180 ·

2194 5236 2483 5311 ἀντικρούει
2526 5236 2649 5309 γὰρ
2681 5243 2771 5290 καὶ
2819 5236 3116 5291 ἀντιπίπτει
3145 5255 3155 5268 ·
3192 5238 3357 5301 οὕτως
3409 5238 3452 5291 εἰ
3494 5245 3585 5292 καὶ
3633 5259 3808 5311 προσ-

2192 5327 2383 5397 ηγγιζέ
2434 5344 2485 5377 τι
2528 5330 2678 5401 μέρος
2728 5330 2919 5388 κακίας
2968 5333 3077 5389 τοῖς
3138 5327 3445 5387 ἀποστόλοις
3502 5328 3598 5381 οῦκ
3650 5328 3809 5381 ἔϐλα-

2192 5433 2312 5467 πτεν
2370 5413 2579 5480 αὐτοὺς,
2635 5411 2813 5475 έπειδὴ
2865 5412 2999 5475 ἦσαν
3064 5412 3394 5490 ένδεδυμένοι
3441 5421 3536 5477 τήν
3603 5417 3807 5471 τελείαν
