4076 6210
204 289 314 345 629

1443 288 1784 346 HOMILLE.
1825 318 1893 330 -
1933 288 2106 346 HOM.
2139 288 2312 344 Χνιι.

3450 289 3556 344 630

204 409 427 486 δύναμιν
453 420 544 467 τοῦ
575 421 806 488 Χριστοῦ
844 420 934 470 καὶ
960 415 1105 470 οὗτοι
1145 413 1204 470 δε
1233 415 1382 470 αὐτοὶ
1421 416 1605 470 τέλειοι
1635 419 1794 482 ὅντες,

1914 413 2119 470 virtute
2166 415 2284 486 75
2315 414 2543 470 induti:
2598 415 2800 488 illique
2831 432 2968 472 cum
3021 419 3222 472 essent
3273 413 3542 487 perfecti,

203 499 346 574 εἶχον
394 507 484 562 τὴν
529 502 816 578 ἐλευθερίου
853 511 948 559 τοῦ
987 504 1393 581 ἀπεργάσασθαι
1441 508 1530 566 τὰς
1592 501 1799 558 δικαιο-

203 611 388 654 σννας.

265 698 347 753 Η’.
375 697 591 759 Ἐπειδὴ
625 697 712 755 οὖν
750 720 886 765 τινες
929 702 1192 775 λέγουσιν,
1225 705 1307 756 ὅτι
1353 707 1482 776 μετὰ
1509 707 1604 763 τὴν
1635 703 1797 776 χάριν

202 786 476 862 ἀμεριμνία
502 793 617 844 ἐστὶ
654 799 752 854 τῆς
787 792 992 866 ψυχῆς,
1034 795 1060 846 ὁ
1089 797 1216 856 Θεὸς
1242 797 1331 846 καὶ
1362 795 1414 846 ἐν
1452 801 1562 855 τοῖς
1584 792 1795 854 τελείοις

201 875 431 939 ὶπιζητεῐ
489 884 548 932 τὸ
609 881 807 954 θέλημα
860 890 954 945 τῆς
1017 882 1207 955 ψυχῆς
1260 883 1327 944 εἰς
1381 880 1654 936 διακονίαν
1701 889 1796 934 τοῦ

203 969 512 1039 Πνεῦματος,
567 971 706 1032 ὅπως
753 978 1170 1045 συμφωνήσωσιέ
1220 977 1373 1044 Λέγει
1420 975 1522 1046 γὰρ
1565 973 1590 1024 ό
1635 971 1793 1024 Ἀπό-

201 1054 390 1126 στολος,
441 1060 524 1111 Τό
560 1065 811 1132 πνεῦμα
846 1066 924 1133 μὴ
966 1061 1292 1118 σϐέννυτε.
1323 1065 1466 1124 Τινὲς
1504 1064 1594 1134 μεν
1625 1056 1712 1112 οὖν
1743 1059 1792 1111 ἐν

198 1143 367 1207 αὐτοῖς
409 1145 508 1199 ούκ
562 1148 744 1206 ἤθελον
801 1148 1055 1224 ἐπιϐαρείς
1107 1151 1282 1215 ἄλλοις
1341 1155 1600 1224 γίνεσθαι,
1663 1151 1792 1205 τινὲς

199 1230 251 1287 δι
296 1233 504 1299 ἑαυτοῖς
556 1235 835 1310 ἓστοίχουν
867 1256 881 1270 ·
941 1226 1087 1292 ἄλλοι
1135 1238 1204 1294 ’δι
1241 1241 1587 1314 λαμϐάνοντες
1649 1245 1792 1315 παρὰ

197 1334 455 1397 κωμικῶν
485 1322 605 1379 διεδ
611 1324 801 1380 ίδοσαν
838 1335 944 1389 τοῖς
991 1336 1223 1402 πτωχοῖς
1255 1352 1266 1364 ·
1297 1338 1449 1384 τοῦτο
1490 1328 1548 1384 δὶς
1581 1319 1788 1394 ascan-

195 1417 274 1487 ρόν
325 1416 492 1469 ἐστιν.
522 1418 590 1468 Οἱ
631 1420 722 1490 μὶν
773 1419 874 1490 γὰρ
903 1421 1112 1490 ἔχοντες
1154 1429 1249 1479 τῆν
1279 1423 1462 1493 χάριν,
1506 1424 1564 1472 τὸ
1598 1420 1790 1473 ἑαυτῶν

196 1507 337 1574 μόνον
387 1514 714 1578 μεριμνῶσιν
746 1522 759 1534 ⁶
792 1507 936 1560 ἄλλοι
963 1505 1043 1574 δι,
1091 1514 1179 1562 καὶ
1229 1509 1402 1585 ἑτέρας
1443 1509 1628 1582 ψυχὰς
1668 1511 1792 1582 ὢφε-

196 1592 346 1652 λῆσαι
377 1592 785 1657 σπουδάζουσιν
825 1611 838 1624 ·
877 1597 1022 1650 οὗτοι
1055 1597 1225 1670 πολλῴ
1264 1601 1463 1651 ἐκείνων
1502 1600 1792 1676 ὑπερέχου-

202 1701 299 1740 σιν.
337 1682 521 1738 Ἀλλοι
575 1681 632 1738 δι
665 1689 760 1745 τὴν
788 1687 951 1760 χάριν
983 1690 1188 1760 ἔχοντες
1218 1689 1344 1761 ύπερ
1395 1696 1486 1740 τοῦ
1543 1681 1792 1761 ὀνόματος

198 1780 280 1825 τοῦ
319 1781 458 1827 Θεοῦ
497 1775 564 1826 τὰ
610 1780 831 1848 σώματα
870 1776 1038 1828 αὐτῶν
1090 1773 1483 1851 παραδιδόασιν
1514 1778 1586 1840 εἰς
1624 1777 1793 1852 ὕϐρεις

199 1866 280 1914 καὶ
327 1865 500 1930 πάθη,
546 1864 702 1916 πάλιν
749 1863 895 1917 οὗτοι
935 1863 1136 1918 ἐκείνων
1188 1865 1434 1938 ἀνώτεροί
1474 1866 1598 1922 εἱσι.
1646 1869 1792 1929 Τινὲς

201 1948 374 2024 ἀρετὴν
449 1957 712 2024 μετιόντες
777 1956 992 2007 θέλουσι
1041 1955 1331 2024 κομπάζειν
1381 1959 1471 2008 καὶ
1535 1957 1793 2029 τιμᾶσθαι

200 2039 290 2093 ὑπὸ
340 2050 444 2095 τῶν
500 2043 802 2118 ἀνθρώπων,
854 2043 1086 2116 λέγοντες
1138 2049 1444 2118 Χριστιανοὶ
1506 2047 1656 2114 εἶναι,
1705 2050 1794 2098 καὶ

199 2135 428 2203 μετέχειν
501 2135 790 2205 Πνεύματος
836 2133 988 2206 ἁγίου
1018 2151 1032 2164 ·
1074 2134 1218 2187 ἄλλοι
1268 2131 1326 2187 δὲ
1377 2137 1620 2211 κρύπτειν
1678 2134 1796 2187 ἑαυ-

200 2223 305 2280 τούς
365 2225 466 2274 καὶ
523 2221 625 2274 ἀπὸ
677 2228 966 2296 συντυχίας
1019 2223 1302 2300 ἀνθρώπων
1348 2221 1745 2289 σπουδάζουσιν
1776 2243 1789 2256 ·

198 2304 331 2361 οὗτοι
385 2309 567 2382 πολλῷ
624 2314 824 2365 εκείνων
867 2313 1243 2388 ὑπερέχουσιν.
1319 2313 1498 2387 Ὁρᾷς,
1543 2322 1649 2374 πὼς
1704 2318 1794 2366 καὶ

199 2394 242 2448 ἕν
289 2397 422 2472 αὐτῇ
488 2408 552 2472 τῇ
608 2400 890 2460 τελειότητι
943 2403 1234 2475 εὑρίσκεται
1301 2406 1473 2456 εὔνοια
1526 2406 1651 2477 πρὸς
1707 2405 1793 2454 τόν

201 2489 316 2539 Θεὸν
370 2487 483 2542 ἀπὸ
532 2497 759 2562 φυσικοῦ
812 2489 1094 2564 θελήματος
1133 2490 1517 2566 ἐπιτελουμένη,
1568 2489 1796 2566 ἁνωτέρα

199 2582 277 2631 καὶ
311 2578 683 2640 πλεονάζουσα
706 2597 723 2651 ;

261 2687 344 2744 8'.
405 2686 616 2760 Ὠσπερ
655 2691 699 2740 εἶ
740 2707 816 2750 τις
859 2691 1088 2762 πενιχρὰ
1124 2686 1394 2763 ἐνδύματα
1429 2689 1794 2766 περιϐεϐλημέ-

197 2792 271 2835 νος
323 2774 370 2828 ἐν
427 2777 661 2851 ὁράματι
690 2776 869 2832 ἑαυτὸν
914 2775 1006 2852 ἴδῃ
1057 2779 1328 2846 πλούσιον,
1381 2778 1610 2842 ἀναστὰς
1654 2777 1713 2834 δι
1740 2780 1796 2843 ἐξ

202 2864 348 2919 ὕπνου
403 2864 568 2920 πάλιν
603 2862 693 2940 ἴδῃ
742 2867 923 2920 ἑαυτὸν
961 2873 1159 2927 πένητα
1209 2874 1300 2924 καὶ
1349 2874 1544 2942 γυμνόν
1571 2889 1582 2902 ·
1636 2870 1798 2931 οὕτως

201 2959 280 3006 καὶ
331 2957 379 3008 οἱ
454 2955 605 3026 λόγον
665 2960 1013 3029 πνευματικόν
1068 2957 1337 3021 λαλοῦντες
1395 2966 1458 3032 τῇ
1515 2957 1799 3030 ἀκολουθίᾳ

204 3037 416 3098 δοκοῦσι
466 3043 636 3098 λαλεῖν
674 3064 687 3076 ⁸
725 3051 796 3118 μὴ
841 3049 1043 3119 ἔχοντες
1069 3045 1128 3100 δὲ
1153 3052 1210 3101 τὸ
1250 3051 1398 3124 ἔργον
1429 3057 1525 3101 τῶν
1562 3047 1724 3120 λόγων
1750 3050 1798 3100 ἓν

1906 507 2182 576 poterant
2206 503 2389 560 libere
2424 507 2658 576 operari
2682 507 2923 578 justitiae
2955 523 3158 580 opera.

1976 700 2116 754 Vlll.
2134 699 2428 767 Quoniam
2456 701 2633 771 igitur
2657 703 3390 778 asseruntquidam,quod
3412 706 3556 775 post

1903 793 2212 860 acceptam
2233 789 2483 859 gratiam
2509 791 2672 848 nulla
2696 794 2910 849 animae
2924 794 3256 850 sollicitudo
3269 793 3550 865 supersit,

1901 875 2056 932 Deus
2083 893 2325 950 quoque
2365 879 2424 934 in
2452 880 2724 951 perfectis
2754 883 2994 954 requirit
3025 883 3396 938 voluntatem
3424 881 3554 938 ani-

1904 981 2016 1021 mte
2074 965 2136 1021 in
2185 967 2579 1024 ministerium
2627 969 2899 1040 Spiritus,
2959 977 3020 1025 ut
3050 970 3268 1025 scilicet
3299 985 3553 1025 consen-

1903 1055 2066 1110 tiant.
2097 1055 2294 1127 Inquit
2324 1056 2482 1110 enim
2514 1057 2833 1128 Apostolus
2866 1075 2878 1110 :
2911 1058 3202 1127 Spiritum
3233 1059 3419 1114 nolite
3448 1073 3550 1116 ert:-

1897 1143 2202 1214 stinguere
2219 1147 2287 1203 ⁸’¹.
2303 1146 2576 1201 Nonnulli
2601 1146 2781 1216 igitur
2801 1147 3034 1202 illorum
3057 1147 3409 1202 noluntaliis
3425 1163 3550 1202 mo-

1901 1232 2027 1287 lesti
2055 1249 2207 1302 esse,
2241 1233 2339 1289 alii
2369 1250 2506 1290 vero
2535 1236 2646 1291 sibi
2678 1237 2788 1307 ipsi
2810 1251 3051 1308 gressus
3083 1252 3223 1292 suos
3247 1235 3512 1306 dirigunt
3538 1258 3549 1302 ;

1900 1320 2111 1392 reliqui
2142 1337 2280 1379 vero
2305 1339 2342 1379 a
2383 1325 2776 1381 saecularibus
2827 1326 3184 1397 accipientes
3214 1325 3553 1394 largiuntur

1902 1412 2269 1482 pauperibus
2293 1431 2306 1472 :
2341 1413 2506 1486 quod
2534 1415 3132 1487 utiqueprtestantius
3159 1421 3268 1471 est.
3299 1414 3554 1480 Quidam

1899 1499 2650 1573 enim,quigratiapraed1ti
2683 1509 2838 1568 sunt,
2872 1515 3230 1574 eorumquae
3258 1519 3369 1558 sua
3392 1508 3551 1569 sunt,

1903 1589 2073 1644 unice
2092 1606 2300 1646 curam
2327 1599 2541 1661 gerunt
2567 1594 2697 1659 ;alIi
2718 1609 2856 1650 vero
2889 1593 3141 1649 aliorum
3163 1610 3405 1667 quoque
3429 1595 3556 1650 ani-

1903 1694 2033 1733 mas
2058 1679 2270 1749 juvare
2300 1680 2577 1738 laborant
2605 1700 2616 1737 :
2650 1683 2709 1738 hi
2763 1684 2893 1740 illos
2942 1684 3193 1739 multum
3226 1687 3550 1754 praestant;

1825 1767 1866 1821 Β
1901 1769 1997 1824 alii
2022 1785 2162 1824 vero
2181 1769 2432 1840 gratiam
2455 1772 2741 1829 habentes
2760 1791 2866 1844 pro
2890 1775 3132 1831 nomine
3171 1774 3266 1828 Dei
3298 1787 3555 1844 corpora

1903 1874 2014 1914 sua
2040 1859 2414 1916 contumeliis
2430 1867 2486 1917 et
2516 1862 2937 1920 afﬂictionibus
2969 1867 3314 1935 exponunt:
3348 1862 3406 1917 hi
3437 1860 3553 1916 illis

1904 1948 2116 2004 iterum
2171 1950 2508 2021 superiores
2557 1959 2710 2008 sunt.
2749 1953 3021 2009 Nonnulli
3051 1953 3327 2008 virtutem
3359 1966 3555 2024 perse—

1903 2044 2176 2110 quentes,
2210 2038 2472 2110 gloriari,
2495 2046 2550 2098 et
2569 2041 2647 2097 ab
2664 2042 3010 2098 hominibus
3044 2040 3376 2098 honoribus
3396 2039 3556 2096 afﬁci

1904 2126 2130 2193 volunt,
2164 2127 2428 2184 dicentes
2460 2145 2523 2185 se
2564 2130 2922 2186 Christianos
2953 2137 3009 2186 et
3057 2130 3306 2202 Spiritus
3363 2128 3554 2184 sancti

1904 2215 2222 2288 participes
2249 2232 2381 2273 esse
2406 2237 2420 2287 ;
2448 2218 2543 2275 alii
2578 2235 2713 2274 vero
2743 2235 2804 2274 se
2834 2219 3135 2275 occultare
3166 2223 3222 2274 et
3250 2219 3328 2274 ab
3358 2216 3551 2274 homi-

1904 2319 2049 2360 num
2102 2321 2357 2362 occursu
2389 2307 2687 2366 nituntur:
2721 2309 2826 2381 qui
2876 2308 3008 2364 illos
3041 2308 3216 2380 longe
3244 2310 3550 2379 superant.

1903 2393 2075 2448 Vides
2103 2396 2415 2466 quomodo
2449 2396 2538 2452 vel
2565 2397 2625 2453 in
2648 2398 2778 2472 ipsa
2807 2397 3164 2470 perfectione
3196 2396 3558 2453 benevolen-

1905 2482 1983 2538 tia
2011 2499 2152 2556 erga
2180 2484 2390 2552 Deum,
2424 2503 2558 2559 quae
2586 2503 2622 2542 a
2652 2487 2957 2544 voluntate
2993 2486 3244 2543 naturali
3279 2485 3556 2554 efﬁcitur,

1903 2575 2278 2644 praestantior
2308 2581 2487 2650 atque
2517 2576 2922 2632 abundantior
2969 2574 3346 2650 reperiatur?

1974 2680 2057 2737 1X.
2093 2682 2339 2740 Perinde
2366 2699 2437 2740 ac
2467 2683 2514 2739 si
2545 2683 2679 2755 quis
2710 2683 3191 2743 vilibusindutus
3222 2682 3563 2740 vestimen-

1905 2767 1976 2828 tis
1989 2785 2094 2842 per
2115 2771 2313 2827 visum
2340 2772 2617 2843 seipsum
2646 2773 3236 2844 conspiciatdivitem
3262 2792 3279 2844 ;
3302 2787 3560 2844 surgens

1906 2863 2107 2915 autem
2133 2875 2164 2915 e
2195 2876 2429 2924 somno,
2481 2877 2722 2918 rursum
2778 2879 2840 2918 se
2880 2878 3208 2934 pauperem
3241 2867 3298 2917 et
3326 2861 3559 2916 nudum

1904 2947 2134 3003 videat:
2173 2948 2258 3004 sic
2282 2965 2544 3022 quoque.
2579 2951 2682 3023 qui
2715 2966 3057 3006 sermonem
3083 2952 3447 3021 spiritualem
3474 2950 3562 3005 lo-

1906 3042 2190 3108 quuntur,
2221 3039 2638 3094 convenienter
2661 3038 2825 3110 loqui
2860 3039 3170 3110 videntur;
3205 3038 3252 3093 si
3275 3053 3414 3092 vero
3437 3052 3562 3092 non

202 3135 365 3202 γεύσει
415 3139 525 3186 τινὶ
580 3139 669 3187 καὶ
727 3131 966 3208 δυνάμει,
1022 3141 1110 3189 καὶ
1152 3136 1500 3213 πληροφορίᾳ,
1551 3139 1599 3190 ἓν
1631 3144 1701 3208 τῷ
1730 3144 1797 3208 νῷ

1914 3124 2517 3198 habeantremipsam
2537 3144 2672 3183 cum
2705 3127 2972 3200 quodam
2992 3133 3192 3197 gustu,
3210 3126 3474 3197 potentia
3486 3140 3556 3180 ac

204 3227 552 3297 κεκυρωμένον
584 3221 632 3275 ἓν
680 3229 940 3298 φαντασίᾳ
981 3231 1083 3279 τινὶ
1143 3232 1453 3286 στήκουσιν,
1517 3226 1583 3280 Ἠ
1624 3229 1798 3310 ὥσπερ

203 3317 319 3380 γυνή
370 3317 587 3385 ἔχουσα
635 3312 940 3389 όλοσὴρικα,
1002 3319 1092 3368 καὶ
1129 3320 1457 3391 μαργαρίτας
1503 3315 1803 3390 περιϐεϐλη-

203 3419 336 3471 μενη,
416 3402 484 3463 είς
533 3409 764 3476 πορνεῖον
813 3407 1150 3480 προέστηκεν,
1211 3404 1390 3466 οὕτως
1421 3410 1507 3458 xui
1565 3404 1649 3459 ἐπὶ
1705 3413 1802 3458 τῶν

202 3493 444 3544 τοιούτων
491 3493 521 3550 ἡ
566 3487 765 3567 καρδία
818 3493 984 3546 αὐτῶν
1024 3499 1255 3570 πορνεῖόν
1294 3493 1430 3547 ἔστιν
1489 3496 1801 3569 ἀκαθάρτων

203 3584 524 3654 πνευμάτων,
555 3585 645 3634 καὶ
688 3581 854 3635 λαλεῖν
910 3581 1114 3636 θέλουσι
1144 3589 1263 3658 περὶ
1313 3581 1679 3650 δικαιοσύνης,
1727 3589 1799 3659 μὴ

201 3670 601 3744 παρακῦψαντις
628 3670 695 3732 είς
724 3674 788 3724 τὰ
811 3675 1121 3746 πράγματα.

265 3847 320 3904 l'.
351 3848 562 3921 Ὠσπερ
593 3849 692 3923 γὰρ
726 3847 819 3901 οὐκ
858 3850 970 3901 ἔστι
1014 3846 1233 3902 δυνατὸν
1269 3849 1425 3923 ἰχθύν
1455 3850 1573 3903 ἄνευ
1606 3847 1803 3912 ὕδατος

207 3937 380 4004 ζῆσαι,
443 3937 472 3996 ἦ
535 3937 658 3990 ἄνευ
711 3934 889 3991 ποδῶν
957 3943 1320 4013 περιπατῆσαί
1385 3959 1522 4005 τινα,
1582 3939 1612 3999 ἣ
1683 3941 1801 3992 ἄνευ

207 4024 474 4098 ὄφθαλμῶν
528 4023 658 4079 ἰδεῖν
713 4025 896 4100 φῶς,ἢ
939 4029 1058 4082 ἄνευ
1090 4027 1339 4101 γλώσσης
1380 4028 1569 4094 λαλεῖν,
1601 4029 1631 4087 ἢ
1683 4029 1802 4082 ἄνευ

207 4118 334 4168 ὢτων
378 4115 592 4168 ἀκούειν
634 4135 646 4149 ’
708 4116 868 4178 οὕτως
915 4118 1034 4169 ἄνευ
1087 4125 1178 4170 τοῦ
1233 4120 1428 4193 Κυρίου
1465 4119 1664 4184 Ἰησοῦ,
1711 4125 1803 4174 καὶ

207 4211 286 4266 τῆς
336 4207 595 4281 ἐνεργείας
637 4213 734 4268 τῆς
788 4207 928 4268 θείας
985 4203 1274 4278 δυνάμεως,
1327 4211 1418 4260 ούκ
1473 4208 1588 4260 ἐστι
1643 4215 1804 4282 γινώ-

211 4311 337 4346 σκειν
395 4299 672 4368 μυστήρια
724 4299 812 4348 καί
846 4299 1028 4368 σοφίαν
1083 4303 1238 4362 Θεοῦ,
1283 4299 1313 4357 ἣ
1350 4295 1478 4350 εἶναί
1509 4318 1624 4351 τινα
1653 4299 1804 4351 πλού-

213 4399 310 4434 σιον
355 4389 450 4436 καὶ
502 4388 842 4458 Χριστιανὸν.
877 4384 1034 4438 Οὗτοι
1066 4388 1167 4459 γάρ
1209 4385 1338 4438 εἰσιν
1370 4385 1575 4450 ἀληθῶς
1627 4393 1800 4460 σοφοὶ,

1911 3213 2260 3270 certitudine
2287 3214 2445 3281 ﬁdei,
2481 3217 2535 3271 in
2599 3223 2855 3272 mentem
2912 3217 3230 3282 firmatam,
3288 3214 3347 3269 in
3394 3213 3561 3268 nuda

1911 3305 2174 3376 quadam
2203 3304 2485 3375 opinione
2516 3302 2864 3361 consistunt.
2925 3311 3037 3361 Aut
3087 3304 3264 3359 veluti
3316 3303 3559 3367 femina,

1911 3391 2379 3447 holosericorum
2437 3409 2505 3448 ac
2561 3395 3022 3463 margaritarum
3055 3391 3216 3448 cultu
3247 3399 3557 3460 exornata,

1911 3485 2138 3552 prostat
2167 3481 2227 3536 in
2261 3480 2534 3554 lupanari
2562 3500 2575 3538 :
2611 3483 2692 3538 sic
2723 3499 2963 3556 quoque
2990 3493 3098 3538 cor'
3126 3480 3422 3552 ejusmodi
3454 3479 3564 3535 ho-

1909 3571 2135 3624 minum
2149 3569 2722 3644 lupanarquoddam
2737 3578 2822 3627 est
2836 3573 3093 3644 ipsorum
3107 3573 3252 3626 imm
3263 3569 3559 3626 nudorum

1912 3657 2229 3730 spirituum
2262 3677 2275 3726 ;
2308 3676 2378 3715 ac
2404 3661 2612 3716 volunt
2639 3677 2782 3717 sane
2805 3676 3112 3716 sermones
3137 3659 3357 3716 habere
3384 3658 3568 3729 deju-

1912 3745 2089 3812 stitia,
2123 3763 2260 3803 cum
2296 3764 2481 3820 opera
2511 3751 2644 3821 ipsa
2674 3765 2792 3805 non
2824 3749 3142 3819 attigerint.

1990 3863 2048 3918 Χ.
2081 3858 2606 3928 Quemadmodum
2637 3858 2799 3914 enim
2830 3856 2958 3911 ﬁeri
2988 3871 3109 3911 non
3143 3859 3354 3926 potest,
3387 3860 3453 3910 ut
3479 3854 3567 3926 pi-

1911 3951 2026 4008 scis
2057 3951 2289 4020 absque
2322 3963 2476 4020 aqua
2497 3949 2677 4002 vitam
2692 3945 2892 4012 ducat,
2910 3950 3016 4002 aut
3045 3946 3275 4017 absque
3307 3943 3560 4016 pedibus

1911 4042 2125 4113 aliquis
2157 4036 2591 4110 progrediatur,
2625 4040 2730 4090 aut
2758 4035 2986 4107 absque
3025 4034 3209 4090 oculis
3237 4033 3442 4088 lumen
3471 4033 3564 4088 in-

1912 4135 2162 4193 tueatur,
2198 4131 2302 4182 aut
2334 4125 2565 4197 absque
2620 4124 2823 4195 lingua
2860 4123 3164 4196 loquatur,
3197 4127 3300 4178 aut
3328 4122 3559 4194 absque

1912 4220 2159 4277 auribus
2191 4215 2395 4272 audiat
2421 4232 2432 4270 :
2462 4215 2543 4269 sic
2569 4230 2814 4286 quoque
2859 4212 3089 4285 absque
3143 4212 3394 4268 Domino
3420 4212 3562 4267 Jesu

1911 4315 1966 4364 et
2001 4307 2226 4364 virtutis
2277 4304 2496 4360 divinae
2527 4301 2810 4367 efﬁcacia,
2873 4318 2993 4358 non
3039 4301 3170 4356 licet
3201 4316 3564 4369 cognoscere

1915 4397 2197 4469 mysteria
2245 4401 2299 4450 et
2329 4392 2684 4462 sapientiam
2740 4392 2860 4458 Dei,
2895 4395 3000 4445 aut
3042 4406 3174 4446 esse
3222 4390 3469 4446 divitem
3507 4394 3562 4444 et

210 4479 289 4523 καὶ
345 4472 684 4545 πολεμισταὶ,
739 4478 831 4526 καὶ
884 4470 1134 4550 ἀνδρεῖοι,
1185 4479 1272 4528 καὶ
1323 4482 1598 4549 φιλόσοφοι
1645 4485 1797 4543 Θεοῦ,

1914 4486 2333 4541 Christianum.
2368 4483 2433 4536 Hi
2464 4480 2620 4537 enim
2657 4486 2794 4536 sunt
2824 4496 3031 4536 revera
3062 4481 3383 4554 sapientes,
3418 4478 3566 4534 mili-

211 4562 252 4612 οἱ
319 4559 678 4635 ὁδηγούμενοι
748 4567 838 4616 καὶ
910 4568 1302 4636 ποιμαινόμενοι
1370 4567 1502 4617 κατά
1557 4569 1645 4618 τόν
1701 4567 1803 4618 ἔσω

211 4650 470 4723 ἄνθρωπον
507 4653 608 4705 ὑπό
635 4659 726 4713 τῆς
767 4653 937 4714 θεῑκῆς
968 4649 1254 4724 δυνάμεως.
1296 4655 1364 4706 Οἱ
1392 4656 1490 4729 γὰρ
1532 4654 1804 4728 φιλόσοφοι

211 4747 301 4792 τῶν
348 4741 624 4806 Ἑλλήνων,
683 4741 870 4813 λόγους
916 4744 1240 4816 μανθάνουσι
1275 4759 1287 4773 ⁸
1320 4747 1410 4795 καὶ
1469 4743 1615 4795 ἄλλοι
1674 4744 1803 4797 εἰσὶν

215 4823 408 4883 ἰδιῶται
455 4838 531 4900 τῷ
568 4829 730 4902 λόγῳ,
782 4829 1167 4905 εὐφραινόμενοι
1199 4835 1287 4884 καὶ
1342 4830 1688 4902 ἁγαλλιῶντες
1721 4831 1804 4885 ἐπὶ

211 4923 269 4988 τῇ
289 4925 380 4971 τοῦ
405 4927 543 4973 Θεοῦ
565 4921 774 4993 χάριτι,
802 4916 992 4992 ἄνδρες
1018 4917 1296 4983 θεοσεϐεῖς.
1333 4926 1685 4994 Διακρίνωμεν
1717 4929 1803 4972 νῦν

214 5012 347 5059 ποῖοί
364 5007 470 5061 εἰσι
496 5006 770 5081 βελτίονες.
825 5008 915 5062 Ἐν
942 5007 1127 5081 ἔργῳ,
1163 5015 1315 5082 φησι,
1360 5014 1470 5063 καὶ
1523 5007 1806 5083 δυνάμει

217 5091 382 5149 ἐστὶν
417 5099 451 5156 ἡ
487 5095 796 5170 βασιλεία
838 5105 950 5150 τοῦ
1000 5102 1177 5166 Θεοῦ,
1237 5098 1350 5152 οὐκ
1397 5098 1454 5151 ἕν
1506 5098 1698 5172 λόγῳ.

283 5294 379 5350 ιΑκ
428 5301 502 5351 τό
552 5292 640 5350 οὖν
700 5296 858 5350 εἰπεῖν
894 5315 1029 5365 τινα,
1082 5298 1163 5351 ὅτι
1208 5299 1234 5350 ό
1289 5299 1442 5374 ἄρτος
1509 5297 1660 5360 οὗτος
1707 5299 1809 5352 ἀπὸ

223 5387 360 5438 σίτου
447 5391 742 5459 γεγένηται,
823 5386 1030 5440 εὔκολόν
1088 5387 1202 5440 ίστι
1249 5405 1262 5418 ·
1325 5397 1433 5452 πῶς
1499 5385 1559 5442 δε
1615 5389 1812 5453 λεπτῶς

221 5479 678 5544 κατασκευάζεται,
729 5481 820 5531 καὶ
867 5483 1106 5531 πέττεται
1153 5471 1331 5556 ἄρτος,
1385 5484 1494 5556 χρὴ
1531 5479 1709 5533 εἰπεῖν.
1741 5483 1812 5535 Τὸ

292 5657 335 5692 ’τ
362 5658 609 5718 l'l‘hess.
642 5674 700 5726 ν,
731 5665 816 5718 to.
894 5661 941 5698 ⁸⁸
973 5663 992 5719 l
1023 5662 1154 5719 Cor.
1199 5676 1274 5730 ιν,
1310 5661 1400 5721 20.

1913 4579 1997 4630 tes
2031 4575 2210 4630 fortes
2243 4588 2313 4628 ac
2340 4569 2681 4644 philosophi
2732 4570 2850 4631 Dei,
2882 4569 2985 4642 qui
3018 4569 3362 4637 diriguntur
3386 4573 3440 4622 et
3464 4583 3568 4638 gu-

1913 4662 2239 4720 bernantur
2255 4660 2586 4715 secundum
2602 4658 2941 4714 interiorem
2971 4657 3279 4712 hominem
3305 4673 3340 4711 a
3362 4661 3564 4727 poten-

1915 4751 2236 4806 tiadivina:
2262 4747 2774 4822 philosophienim
2791 4746 3133 4801 Graecorum
3157 4743 3564 4817 eloquentiam

1914 4839 2221 4903 ediscunt;
2254 4837 2351 4892 alii
2373 4853 2512 4892 vero
2561 4843 2699 4890 sunt
2727 4835 2901 4889 rudes
2929 4835 3303 4906 eloquentiae,
3334 4832 3435 4886 sed
3471 4833 3566 4886 1(8-

1916 4934 2112 4986 tantur
2127 4933 2184 4983 et
2207 4926 2497 4983 exsultant
2519 4925 2591 4980 de
2619 4925 2808 4994 gratia
2832 4923 3054 4986 divina,
3079 4921 3303 4994 quippe
3329 4919 3431 4993 qui
3451 4921 3568 4976 sint

1918 5015 2220 5073 viricultui
2244 5015 2448 5072 divino
2470 5012 2712 5069 addicti.
2746 5012 3004 5067 Iudicem
3018 5028 3083 5066 us
3114 5011 3290 5080 igitur
3317 5011 3419 5082 qui
3453 5011 3569 5065 sint

1919 5105 2377 5180 praestantiores.
2395 5103 2466 5157 In
2480 5117 2672 5173 opere,
2689 5102 2901 5173 inquit,
2916 5105 2970 5157 et
3001 5101 3215 5157 virtute
3226 5105 3309 5156 est
3321 5116 3566 5171 regnum

1923 5195 2045 5261 Dei,
2077 5194 2282 5250 nonin
2309 5208 2576 5249 sermone
2607 5193 2676 5244 ⁸⁸.

1991 5305 2075 5360 XI.
2105 5301 2252 5368 Quid
2284 5316 2425 5369 ergo
2465 5305 2570 5367 est,
2613 5304 2674 5356 ut
2713 5299 2870 5355 dicat
2900 5298 3113 5371 aliquis
3153 5314 3370 5370 panem
3409 5298 3570 5353 hunc

1922 5413 1952 5451 e
1988 5393 2284 5450 frumento
2309 5407 2436 5446 esse
2460 5390 2799 5447 confectum
2828 5405 2841 5455 ;
2876 5404 3020 5444 nam
3045 5389 3103 5443 id
3133 5388 3303 5444 facile
3332 5393 3440 5443 est.
3465 5391 3570 5444 Ve-

1921 5499 2056 5542 rum
2089 5483 2204 5539 hoc
2231 5479 2508 5538 convenit
2527 5480 2745 5544 dicere,
2769 5495 2890 5554 quo
2921 5484 3096 5552 pacto
3124 5477 3399 5535 minutim
3427 5493 3574 5551 prae-
