4034 6202
514 286 615 343 631
1818 288 1877 343 S.
1922 284 2107 342 MACA

2262 282 2570 341 (EGYPTII
3730 299 3818 355 632

516 415 785 484 paretur,
809 415 862 467 et
892 416 1184 484 coquatur
1204 411 1397 484 panis.
1458 412 1769 484 Disputare
1800 426 1942 482 ergo
1971 410 2046 466 de
2076 427 2109 466 a

2222 414 2249 464 ι
2276 407 2364 462 οὖν
2413 409 2639 471 λαλῆσαι
2700 416 2819 486 περὶ
2870 413 3120 478 ἀπαθείας
3173 421 3260 471 καὶ
3292 416 3610 487 τελειότητος,
3663 422 3815 493 ὀλίγων

514 501 843 558 fectionum
876 502 1172 557 vacuitate
1216 506 1272 556 et
1302 500 1680 573 perfectione,
1715 501 1923 572 paucis
1953 500 2107 556 datui

2275 498 2410 552 ἐστί.
2440 504 2508 554 Τό
2532 503 2632 573 γὰρ
2687 503 3000 574 Εύαγγέλιον
3032 504 3079 556 έν
3112 511 3350 579 συντόμῳ
3402 506 3694 581 ἀπεφήνατο,
3738 518 3816 570 Μὴ

515 595 630 647 est.
656 590 1041 661 Evangelium
1065 591 1219 644 enim
1247 606 1481 646 concise
1513 590 1778 663 loquitur
1803 608 1816 646 :
1837 591 1930 646 Ne
1945 592 2108 645 irasc.

2275 588 2613 663 ὀργισθῇς,
2689 597 2772 663 μὴ
2850 594 3267 668 ἐπιθυμήσῃς
3335 614 3348 626 ·
3446 595 3542 649 έάν
3612 604 3701 662 τίς
3765 620 3820 654 σε

516 682 601 738 ris
620 700 637 734 :
670 696 744 736 ne
774 679 1176 748 concupiscas.
1225 679 1291 736 Si
1317 680 1449 751 quis
1487 680 1799 751 impegerat
1828 682 2072 749 alapam
2100 694 2109 731 1

2272 679 2515 752 ῥαπίση
2559 680 2647 742 εἰς
2687 686 2797 740 τὴν
2838 678 3057 746 δεξιάν
3099 704 3212 737 σου
3255 689 3541 757 σιαγόνα,
3579 691 3823 761 παράθες

514 771 792 827 dextram
806 770 1142 834 maxillam,
1158 769 1351 838 praebe
1363 785 1595 842 quoque
1605 774 1657 826 et
1669 772 1942 827 alteram.
1958 768 2023 825 Si
2033 783 2107 840 qu

2274 771 2382 820 καὶ
2427 773 2537 827 τὴν
2599 769 2791 829 οῖλλην
2827 786 2839 798 ·
2885 771 2988 824 ἐάν
3049 792 3143 835 τις
3200 780 3382 847 κρίνῃ
3442 770 3586 849 ἀραί
3622 796 3721 829 σου
3767 781 3822 830 τό

516 858 1549 928 tetrahatinjudicium,uttunicam
1579 860 1776 925 tollat,
1805 860 1944 915 dato
1961 858 2109 929 eiqui

2278 858 2554 927 ἱμάτιον,
2592 855 2703 921 δός
2741 860 2905 931 αύτῷ
2944 865 3193 915 καὶτὸν
3232 872 3499 935 χιτῶνα.
3537 864 3593 918 Ὀ
3618 861 3828 919 δι’Δπό-

515 964 627 1020 que
650 948 910 1019 pallium
942 950 1011 999 ⁸9.
1068 949 1277 1002 Verum
1333 949 1673 1019 Apostolus,
1724 948 2107 1005 haecimitatu

2276 945 2457 1007 στολος
2487 946 2864 1016 ἐπακολουθῶν,
2892 959 3002 1012 πῶς
3021 956 3131 1026 χρὴ
3159 954 3294 1004 κατὰ
3316 955 3499 1026 μικρὸν
3521 955 3829 1027 τόνὲργοντῆς

516 1053 640 1110 qua
664 1037 893 1092 ratione
921 1036 1213 1109 paulatim
1241 1052 1393 1108 opus
1422 1038 1695 1108 puritatis
1714 1053 1852 1093 cum
1879 1036 2109 1109 patient:

2272 1036 2576 1109 καθάρσεως
2603 1041 2733 1109 μετὰ
2770 1039 3031 1111 ὑπομονῆς
3059 1044 3149 1092 καὶ
3200 1042 3562 1115 μακροθυμίας
3594 1044 3825 1113 γίνεσθαι,

516 1132 572 1182 et
603 1125 1055 1195 longanimitate
1095 1125 1220 1182 fieri
1262 1127 1475 1182 debeat
1518 1126 1787 1199 pluribus
1826 1126 2017 1191 docet,
2048 1141 2109 1197 pr

2273 1119 2367 1176 διὰ
2438 1124 2635 1177 πολλῶν
2702 1122 2971 1193 διδάσκει,
3047 1136 3251 1200 πρῶτον
3315 1128 3726 1202 γαλακτοτροφῶν
3772 1133 3830 1194 ὡς

519 1231 687 1270 mum
713 1214 1001 1286 761acte
1022 1214 1288 1270 nutriens
1308 1216 1460 1270 velut
1491 1215 1767 1281 infantes,
1789 1214 2007 1269 deinde
2032 1230 2112 1284 pri

2271 1216 2507 1277 νηπίους,
2539 1213 2649 1267 εἶτα
2701 1219 2863 1290 φέρων
2888 1218 2955 1278 εἰς
2999 1217 3221 1282 αῦξησιν
3251 1223 3339 1271 καὶ
3388 1218 3686 1277 τελειότητα.
3722 1216 3829 1273 Εἶπι

516 1320 760 1360 movens
791 1304 867 1359 ad
893 1304 1328 1359 incrementum
1353 1307 1408 1358 et
1429 1304 1873 1374 perfectionem.
1901 1306 2109 1373 Evangi

2270 1305 2371 1378 γὰρ
2402 1306 2458 1355 τό
2484 1303 2795 1376 Εὑαγγέλιον
2821 1308 3062 1376 γενέσθαι
3091 1309 3194 1360 ἀπό
3219 1306 3364 1381 έρέας
3391 1310 3659 1382 στιχάριον
3684 1327 3696 1341 ο
3723 1310 3746 1360 ό
3779 1305 3829 1361 δι

512 1392 657 1449 lium
673 1393 832 1448 enim
847 1392 991 1448 dixit
1005 1408 1071 1447 ex
1088 1391 1225 1448 lana
1238 1392 1361 1447 ﬁeri
1378 1394 1795 1449 vestimentum
1816 1392 2105 1463 :Apostoli

2272 1392 2584 1454 Ἀπόστολος
2631 1395 2857 1467 ἐμήνυσε
2884 1400 2977 1454 τὴν
3025 1395 3334 1466 λεπτότητα,
3377 1405 3485 1459 πῶς
3535 1399 3830 1451 κατασκευά-

513 1498 654 1538 vero
679 1482 1056 1552 signiﬁcavit,
1090 1497 1195 1553 per
1224 1482 1453 1537 minuta
1479 1482 1786 1553 quomodo
1816 1489 2159 1537 consuatur.
2274 1482 2445 1543 ζεται.
2768 1480 2771 1481 ⁷

584 1626 690 1681 XII.
717 1624 826 1693 Qui
860 1625 1037 1694 igitur
1068 1625 1253 1680 verba
1287 1624 1618 1691 spiritualia
1648 1624 1975 1695 proferunt,
2009 1640 2160 1696 quo-

2343 1629 2445 1682 IB'.
2476 1629 2541 1680 Οἱ
2586 1625 2674 1680 οὖν
2703 1627 2891 1701 λόγους
2922 1634 3299 1701 πνωματικοὺς
3325 1630 3589 1692 λαλοῦντες
3618 1632 3727 1685 ἄνευ
3753 1640 3832 1695 τῆς

509 1730 646 1771 rum
684 1730 807 1769 non
863 1714 1090 1770 habent
1142 1719 1404 1783 gustum,
1476 1713 1698 1769 similes
1751 1719 1889 1769 sunt
1918 1713 1970 1768 ei
2032 1730 2102 1785 qu

2269 1720 2513 1789 γεύσεως,
2589 1720 2808 1789 τοιούτῳ
2879 1724 2981 1771 τινὶ
3055 1722 3306 1787 έοίκασιν,
3386 1723 3556 1794 ὥσπερ
3631 1721 3708 1772 ἵνα
3772 1741 3834 1783 τις

508 1805 774 1859 maximo
796 1811 944 1859 aestu
975 1811 1300 1875 premente,
1333 1802 1637 1857 desertum
1683 1817 1895 1872 agrum
1928 1818 2101 1873 peran

2268 1806 2599 1869 ἐπιϐαλόντος
2640 1811 2904 1869 καύσωνος
2931 1805 2966 1861 δ
2971 1805 3057 1862 ιοδ
3060 1812 3242 1866 εύηται
3265 1806 3433 1882 πεδίῳ
3462 1808 3654 1883 ἐρήμῳ,
3679 1814 3758 1862 καὶ
3779 1811 3833 1861 ὠν

510 1892 697 1957 bulat,
734 1898 788 1948 et
820 1893 1159 1948 sitibundus
1190 1892 1460 1963 depingit
1489 1891 1598 1946 sibi
1631 1891 1856 1949 fontem
1888 1893 2103 1947 emittet

2268 1892 2485 1967 ἓκδιψος
2518 1892 2781 1969 διαγράφη
2837 1901 3012 1969 πηγὴν
3048 1898 3270 1972 ῥέουσαν
3310 1896 3477 1973 ὕδωρ,
3538 1907 3834 1972 σκιογραφῶν

508 1984 625 2037 tem
656 1998 901 2054 aquam,
934 1981 1305 2037 adumbrans
1336 1997 1397 2036 se
1428 1982 1627 2054 ipsum
1670 1981 1985 2046 bibentem,
2018 1998 2101 2036 (ιω

2268 1985 2446 2038 έαυτόν
2476 1990 2707 2057 πίνοντα,
2741 1987 2893 2039 ὁπότε
2944 1988 3009 2039 τά
3037 1986 3190 2059 χείλη
3250 1988 3417 2040 αὑτοῦ
3470 1987 3834 2063 κατεξηρανται,

509 2077 711 2127 tamen
736 2070 904 2126 labra
925 2071 1053 2141 ejus
1075 2070 1366 2140 aclingua
1396 2075 1746 2125 exarescant
1774 2086 1893 2142 prae
1921 2070 2010 2125 siti
2036 2087 2102 2142 qi

2266 2079 2355 2126 καὶ
2385 2076 2415 2133 ἡ
2467 2074 2704 2146 γλῶσσα,
2761 2075 2817 2127 ἐκ
2865 2083 2959 2138 τῆς
3015 2076 3416 2139 καταλαϐούσης
3469 2074 3632 2148 δίψης
3660 2078 3728 2136 ’ἢ
3768 2078 3835 2128 ἶνα

507 2164 739 2216 tenetur
767 2176 777 2211 :
814 2165 917 2215 aut
970 2162 1015 2215 si
1046 2160 1182 2232 quis
1216 2159 1469 2215 disserat
1499 2161 1573 2215 de
1616 2159 1802 2214 mellis
1835 2160 2099 2214 suavitat

2266 2183 2347 2225 τις
2393 2163 2594 2238 λαλήσῃ
2641 2170 2759 2240 περὶ
2798 2165 3022 2237 μέλιτος,
3073 2167 3149 2218 ὅτι
3178 2166 3344 2238 γλυκύ
3395 2166 3526 2232 έστι,
3559 2171 3627 2238 μὴ
3673 2168 3834 2237 γευσά-

504 2253 562 2303 et
621 2249 738 2303 vim
792 2247 1124 2303 dulcedinis
1155 2248 1303 2319 ejus,
1335 2264 1408 2303 eo
1454 2247 1617 2320 quod
1652 2263 1770 2303 non
1798 2248 2097 2318 degustari

2265 2272 2415 2325 μενος
2461 2250 2538 2318 δὲ,
2591 2254 2683 2306 ούκ
2741 2249 2854 2307 οἶδε
2905 2259 2999 2313 τὴν
3055 2252 3276 2327 δύναμιν
3349 2264 3439 2316 τῆς
3489 2256 3832 2327 γλυκύτητος·

507 2342 754 2405 gnoret:
789 2336 872 2391 sic
900 2353 960 2392 se
989 2336 1234 2402 habent,
1258 2336 1359 2407 qui
1379 2338 1453 2392 de
1481 2336 1862 2409 perfectione,
1896 2336 2100 2394 exsulti

2266 2345 2429 2406 οὕτως
2456 2347 2547 2395 καὶ
2600 2346 2649 2395 οἱ
2703 2342 2852 2415 λόγον
2899 2342 3168 2407 λαλοῦντες
3224 2349 3343 2418 περὶ
3398 2343 3721 2407 τελειότητος,
3763 2348 3835 2395 καὶ

506 2425 665 2481 tione
723 2431 825 2481 aut
879 2426 1202 2481 atl'ectuum
1258 2428 1554 2481 vacuitate
1594 2442 1933 2481 sermonem
1975 2444 2099 2481 susc

2268 2432 2651 2503 ἀγαλλιασμοῦ,
2713 2436 2831 2491 ἤτοι
2882 2430 3149 2499 ἀπαθείας,
3213 2437 3284 2504 μὴ
3348 2436 3561 2506 ἔχοντες
3614 2432 3834 2507 ἐνέργειαν

506 2514 696 2585 piunt,
737 2514 789 2569 vi
818 2530 887 2569 ac
919 2514 1268 2569 certitudine
1300 2514 1437 2569 ﬁdei
1490 2520 1791 2582 carentes;
1852 2520 2006 2571 certe
2035 2533 2099 2571 nc

2266 2527 2351 2574 καὶ
2420 2520 2787 2595 πληροφορίαν,
2865 2524 2931 2574 τὰ
2979 2523 3269 2595 πράγματα
3327 2522 3435 2594 οὑχ
3490 2525 3553 2584 ὡς
3600 2521 3832 2583 λαλοῦσιν,

504 2603 731 2668 omnia,
768 2608 829 2658 ut
862 2603 1205 2675 loquuntur,
1264 2604 1345 2658 sic
1399 2620 1460 2658 se
1510 2604 1751 2658 habent.
1806 2606 1951 2660 Cum
1997 2606 2087 2661 eni

2267 2612 2431 2673 οὑτως
2461 2611 2592 2664 εἰσὶν
2639 2611 2864 2665 ἅπαντα.
2894 2610 3055 2664 Ὀταν
3084 2614 3184 2686 γὰρ
3217 2612 3243 2663 ό
3273 2620 3518 2674 τοιοῦτος
3569 2609 3831 2681 καταξιωθῇ

505 2690 806 2762 ejusmodi
826 2692 1011 2747 homo
1032 2691 1252 2761 dignus
1276 2691 1602 2763 aliquando
1630 2692 2074 2759 fuerithabitus,

2268 2719 2391 2754 ποτε
2441 2708 2663 2776 μερικῶς
2736 2703 2785 2753 ἓν
2854 2703 2985 2775 ἲργῳ
3060 2701 3356 2776 εὑρεθῆναι,
3440 2697 3691 2776 διακρίνει
3743 2697 3838 2751 καθ’

505 2796 576 2836 ex
609 2786 774 2853 parte
805 2779 1017 2835 saltem
1050 2781 1109 2835 in
1163 2796 1343 2852 opere
1395 2781 1525 2851 ipso
1550 2782 1896 2854 reperiatur,
1950 2799 2091 2839 secu

2269 2790 2465 2857 έαυτόν,
2518 2792 2598 2843 ὅτι
2674 2789 2732 2842 οῦ
2784 2792 2959 2851 καθὼς
3024 2788 3386 2862 ὑπελάμϐανον
3435 2790 3598 2852 οὕτως
3641 2789 3770 2861 εὗρον
3819 2801 3829 2816 '

504 2870 631 2943 ipse
659 2868 1017 2941 dijudicabit.
1046 2889 1057 2928 :
1095 2870 1222 2925 Non
1252 2870 1771 2942 quemadmodum
1803 2871 2097 2929 arbitraba

2269 2878 2431 2943 ἄλλως
2482 2883 2580 2954 γὰρ
2635 2879 2863 2945 ἐλάλουν,
2931 2883 3021 2932 καὶ
3069 2878 3234 2942 ἄλλως
3281 2882 3345 2932 τὸ
3399 2886 3599 2953 πνεῦμα
3651 2877 3836 2951 έργάζι-

504 2958 588 3015 sic
614 2959 842 3031 reperi;
898 2958 1064 3015 aliter
1111 2958 1267 3015 enim
1325 2959 1640 3031 loquebar,
1694 2960 1860 3017 aliter
1903 2963 2156 3034 Spiritus
2267 2988 2374 3022 ται.

502 3047 884 3120 operabatur.

574 3174 709 3230 XIII.
746 3173 1214 3230 Christianorum
1245 3174 1406 3231 enim
1446 3174 1640 3230 cultus
1694 3180 1786 3231 est
1811 3192 1947 3232 esus
1976 3182 2153 3250 atque

2338 3178 2435 3234 II".
2465 3187 2522 3233 Ὀ
2551 3183 2652 3255 γὰρ
2685 3184 3106 3253 Χριστιανισμὸς
3134 3178 3340 3253 βρῶσίς
3389 3184 3505 3235 ἐστι
3542 3186 3630 3235 καὶ
3661 3184 3795 3241 πόσις
3822 3196 3831 3209 ·

499 3268 713 3334 potus;
746 3266 802 3317 et
828 3268 1055 3333 quanto
1079 3263 1210 3333 plus
1240 3264 1377 3335 quis
1408 3280 1479 3318 ex
1510 3279 1580 3319 eo
1611 3264 1956 3330 comederit,
1992 3273 2089 3321 tan

2264 3276 2353 3323 καὶ
2392 3272 2511 3323 ὅσον
2542 3289 2617 3330 τις
2666 3268 2825 3323 ἐσθίει
2866 3268 2955 3322 ἀπ’
3003 3269 3185 3335 αύτοῦ,
3222 3269 3276 3322 έκ
3332 3280 3427 3333 τῆς
3455 3268 3710 3331 ἠδύτητος
3752 3268 3838 3321 έπι.

498 3351 914 3407 vehementius
934 3351 1226 3407 suavitate
1246 3351 1344 3407 illa
1366 3351 1618 3407 allicitur
1636 3352 1898 3417 animus,
1920 3354 2070 3409 adeo

2262 3360 2431 3413 πλεῖον
2481 3357 2763 3433 ἐρεθίζεται
2795 3361 2819 3411 ὁ
2850 3367 2967 3422 νοῦς
3024 3358 3395 3432 ἀκατάσχετος
3448 3366 3539 3414 καὶ
3594 3359 3841 3434 ἀκόρεστος

498 3440 737 3495 retineri
766 3446 869 3494 aut
924 3440 1148 3510 expleri
1199 3448 1479 3511 nequeat,
1512 3447 1692 3512 atque
1742 3442 2088 3498 insatiabilit

2261 3452 2539 3521 ὑπάρχων,
2592 3453 2681 3500 καὶ
2712 3448 2992 3511 ἀπλήστως
3055 3448 3322 3512 ἐπιζητῶν
3375 3456 3466 3503 καὶ
3514 3452 3691 3503 ἐσθίων
3721 3467 3733 3480 ο
3786 3447 3840 3499 Ἥ

497 3527 764 3599 inquirat
793 3532 850 3581 et
876 3527 1172 3583 comedat.
1194 3529 1305 3582 Aut
1333 3528 1530 3594 veluti,
1550 3546 1685 3584 cum
1714 3532 1847 3602 quis
1867 3531 1958 3586 siti
1990 3532 2087 3588 lab

2261 3540 2433 3612 ὥσπερ
2492 3539 2577 3589 ἐὰν
2631 3534 2660 3605 ἦ
2708 3557 2787 3597 τις
2846 3534 3038 3608 διψῶν,
3100 3543 3189 3590 καὶ
3248 3536 3475 3612 έπιδοθῇ
3538 3538 3672 3608 αύτῷ
3719 3540 3842 3607 πόμα

496 3621 607 3679 rat,
640 3613 1096 3687 praebeaturque
1128 3616 1179 3671 ei
1207 3621 1383 3687 potus
1401 3617 1622 3684 suavis,
1647 3620 1891 3690 ipseque
1921 3622 2021 3675 ubi
2053 3621 2087 3675 d

2259 3627 2446 3698 γλυκὺ,
2526 3627 2638 3678 εἶτα
2693 3623 2975 3698 ἀρξάμενος
3037 3633 3129 3687 τῆς
3210 3629 3448 3699 γεύσεως
3509 3624 3842 3700 σφοδροτέρως

498 3710 740 3773 gustare
765 3706 1032 3773 cmperit,
1064 3705 1310 3776 prOpius
1341 3706 1417 3760 ad
1448 3708 1729 3777 poculum
1762 3710 2026 3773 accedit;
2061 3726 2091 3765 a

2260 3715 2457 3787 ἐγγίζει
2504 3722 2576 3785 τῷ
2618 3712 2780 3786 ποτῷ,
2829 3716 3077 3786 μειζόνως
3125 3724 3482 3788 εκκαιόμενος,
3532 3721 3620 3768 καὶ
3669 3710 3840 3786 σχεδόν

497 3791 732 3848 dentius
757 3792 974 3848 scilicet
996 3810 1310 3849 accensus:
1348 3795 1427 3849 sic
1457 3802 1668 3864 gustus
1695 3798 1942 3868 Spiritus
1966 3797 2090 3852 fern

2260 3805 2531 3866 ἄπαυστός
2577 3802 2717 3856 έστιν
2745 3806 2774 3863 ἠ
2825 3811 3007 3875 γεῦσις
3040 3811 3129 3856 τοῦ
3174 3807 3503 3878 Πνεύματος,
3536 3809 3600 3866 ὡς
3649 3804 3842 3871 τοιούτῳ

498 3882 693 3938 sedari
714 3882 938 3954 nequit,
967 3888 1028 3939 ut
1058 3884 1404 3955 bujusmodi
1423 3884 1505 3940 rei
1531 3902 1650 3940 non
1673 3886 1968 3943 immerito
1992 3903 2091 3943 con

2261 3898 2361 3945 τινὶ
2419 3889 2641 3955 δικαίως
2701 3893 3079 3955 ἀπεικάζεσθαι
3130 3912 3143 3925 ·
3200 3899 3292 3947 καὶ
3361 3903 3532 3947 ταῦτα
3604 3894 3660 3945 ού
3717 3892 3842 3962 λόγοι

495 3977 759 4043 paretur.
796 3974 859 4027 Et
880 3971 1006 4027 haec
1033 3973 1275 4045 quidem
1303 3989 1420 4028 non
1456 3980 1591 4028 sunt
1623 3975 1803 4030 verba
1835 3977 2019 4045 nuda,
2044 3994 2088 4032 ει

2258 3980 2425 4054 ψιλοί.
2485 3981 2739 4055 Ἐργασία
2785 3984 2885 4055 γὰρ
2940 3983 3054 4034 ἔστι
3111 3989 3203 4034 τοῦ
3254 3982 3414 4055 ἁγίου
3482 3985 3760 4057 Πνεύματος
3804 3978 3843 4030 ἕν

496 4076 651 4132 opus
690 4061 939 4132 Spiritus
995 4064 1207 4128 sancti,
1263 4079 1487 4117 arcana
1534 4064 1759 4119 ratione
1817 4064 2089 4120 inserviei

2259 4076 2539 4144 μυστηρίῳ
2583 4066 2906 4124 διακονοῦσα
2953 4079 3025 4141 τῷ
3055 4080 3144 4142 νῷ.
3196 4071 3506 4144 Νομίζουσι
3547 4069 3607 4124 δέ
3632 4075 3753 4129 τινές
3780 4069 3845 4120 ὅτι

497 4149 1250 4205 animo.Existimantvero
1265 4151 1535 4205 nonnulli
1550 4167 1672 4215 eos,
1698 4152 1857 4222 quia
1882 4153 2090 4209 mulier

2260 4158 2576 4232 ἀπεχόμενοι
2629 4163 2892 4230 γυναικός,
2940 4166 3029 4212 καὶ
3102 4161 3308 4212 πάντων
3379 4170 3482 4214 τῶν
3536 4162 3842 4235 φαινομένων,

498 4242 556 4290 et
582 4237 659 4290 ab
692 4237 1002 4301 omnibus,
1032 4254 1166 4309 quae
1200 4238 1344 4292 visui
1393 4246 1616 4309 patent,
1652 4237 1972 4305 abstinent,
2012 4257 2091 4297 es:

2257 4245 2365 4307 ἤδη
2407 4249 2547 4321 ἆγιοί
2594 4248 2726 4301 εἰσιν
2761 4266 2772 4278 ·
2809 4248 2916 4301 ἀλλ’
2963 4248 3068 4321 οὐχ
3098 4250 3264 4311 οὕτως
3316 4253 3485 4303 ἐστίν.
3532 4249 3681 4303 Ἐστι
3707 4247 3840 4319 γὰρὴ

491 4325 618 4394 jam
655 4328 912 4378 sanctos.
946 4327 1159 4379 Verum
1192 4341 1310 4379 non
1343 4327 1422 4381 ita
1472 4343 1536 4382 se
1590 4344 1682 4382 res
1729 4328 1929 4384 habet.
1958 4331 2084 4386 Hasr

2256 4343 2416 4390 κακία
2446 4338 2493 4391 ἐν
2524 4347 2595 4410 τῷ
2637 4346 2728 4410 νῷ,
2756 4343 2845 4391 καὶ
2877 4338 2927 4389 έν
2972 4347 3033 4411 τῇ
3065 4336 3265 4413 καρδίᾳ
3295 4340 3361 4412 ζῇ
3422 4345 3512 4393 καὶ
3562 4339 3839 4412 ἐπαίρει-αι’

497 4413 660 4466 enim
690 4412 915 4467 malum
950 4413 1007 4467 in
1041 4422 1258 4477 mente,
1292 4420 1469 4486 atque
1509 4417 1565 4470 in
1596 4418 1773 4473 corde
1802 4419 1941 4474 vivit
1964 4427 2019 4476 et
2045 4437 2090 4476 e:

497 4500 721 4523 L-II:A--..
775 4500 869 4523 111-
923 4518 1052 4523 _.-..-
1123 4508 1355 4523 ___.-L-_
1419 4520 1433 4523 _
1478 4512 1489 4523 ι
1594 4522 1597 4523 ,
1656 4506 1667 4516 -
1834 4508 1886 4523 on
1973 4516 1982 4523 .

2254 4424 2401 4488 οὗτος
2432 4424 2490 4480 δὲ
2517 4426 2655 4480 ἔστιν
2686 4428 2852 4499 οἷγιος,
2886 4429 2911 4479 ό
2961 4430 3240 4502 καθαρθεὶς
3288 4434 3380 4481 καὶ
3425 4430 3696 4501 ἀγιασθεὶς
3728 4424 3844 4477 κατὰ

496 4500 739 4555 tollitur.
775 4500 874 4556 llle
923 4518 1058 4557 vero
1119 4508 1359 4558 sanctus
1411 4512 1514 4572 est,
1566 4506 1669 4578 qui
1718 4508 2061 4577 puriﬁcatus

2254 4520 2340 4568 τόν
2366 4519 2467 4569 ἔσω
2515 4518 2806 4590 ἄνθρωπον.
2863 4515 3035 4569 Ὀπου
3087 4520 3188 4590 γὰρ
3225 4520 3253 4576 ἡ
3296 4516 3520 4577 ἀλήθεια
3564 4513 3839 4575 ἀνακύπτει,

493 4589 901 4645 sanctiﬁcatus
939 4598 1025 4647 est
1055 4591 1386 4649 secundum
1441 4594 1782 4652 interiorem
1812 4598 2086 4655 hominen

2254 4603 2359 4657 έκεῐ
2401 4607 2635 4678 μάχεται
2684 4607 2713 4663 ἡ
2770 4604 2962 4670 πλάνη,
3048 4603 3442 4667 σπουδάζουσα
3488 4605 3715 4677 καλύψαι
3764 4604 3841 4653 καὶ

495 4679 605 4736 Ubi
651 4681 809 4736 enim
864 4683 1084 4741 veritas
1137 4683 1443 4756 paulisper
1488 4687 1762 4757 inspexit,
1814 4688 1926 4744 illic
1983 4705 2145 4747 error
2255 4694 2506 4748 θολῶσαι.
3436 4692 3440 4696 ’

492 4776 723 4843 pugnat
757 4776 934 4845 atque
967 4789 1029 4829 se
1055 4773 1250 4829 velare
1279 4784 1335 4830 et
1360 4776 1637 4846 obtegere
1659 4784 1926 4833 conatur.

565 4898 698 4952 XIV.
730 4898 873 4952 Cum
903 4898 1097 4953 Judaei
1130 4899 1465 4955 sacerdotio
1524 4901 1871 4971 potirentur,
1904 4918 2049 4959 sane
2070 4920 2142 4960 ex

2324 4906 2420 4963 lA'.
2475 4906 2598 4961 Ὅτε
2653 4909 2723 4964 οἱ.
2764 4905 3019 4963 Ἰουδαῖοι
3095 4911 3345 4983 ἑκράτουν
3413 4913 3510 4968 τὴν
3560 4908 3837 4984 ἱερωσύνην.

490 4984 591 5041 illa
610 4986 745 5056 ipsa
759 4993 929 5055 gente
957 4988 1429 5057 persecutionem
1448 4988 1849 5059 patiebantur,
1864 4992 2083 5061 gravite

2250 5001 2337 5049 καὶ
2383 4995 2435 5059 έξ
2491 4997 2651 5049 αὑτοῦ
2701 5005 2796 5051 τοῦ
2847 5000 3026 5061 ἔθνους
3080 4995 3361 5053 έδιὼκοντο
3424 5006 3519 5052 καὶ
3582 4994 3837 5055 ἐθλίϐοντο,

491 5089 609 5145 que
634 5074 1071 5145 aﬂligcbantur,
1096 5093 1166 5132 eo
1188 5078 1428 5149 quodin
1454 5078 1693 5133 veritate
1722 5080 2084 5149 persisteban

2250 5081 2431 5142 έπειδὴ
2492 5087 2828 5144 εἱστήκεισαν
2881 5086 2930 5138 έν
2996 5095 3059 5161 τῇ
3119 5086 3360 5160 ἀληθείᾳ,
3418 5087 3718 5160 Ἐλεάζαρος
3758 5084 3838 5133 ιιιὶ

494 5161 803 5219 Eleazarus
829 5170 884 5219 et
906 5165 1246 5221 Machabaai.
1276 5169 1442 5221 Nunc
1476 5181 1632 5231 vero,
1653 5182 1789 5222 cum
1817 5184 1853 5223 a
1876 5176 2087 5240 tempon

2250 5174 2299 5224 oi
2329 5173 2651 5227 Μακαϐαῖοι.
2696 5182 2803 5228 Νῦν
2854 5174 2913 5229 δε
2958 5173 3139 5235 όπειδὴ
3192 5176 3291 5230 ἀπὸ
3350 5184 3442 5230 τοῦ
3496 5180 3719 5248 σταυροῦ
3760 5174 3838 5222 καὶ

490 5253 681 5306 crucis
705 5258 761 5306 et
786 5253 895 5307 veli
918 5256 1083 5309 scissi
1102 5255 1409 5310 recesserit
1447 5256 1525 5309 ab
1543 5257 1625 5309 eis
1650 5255 1932 5327 Spiritus;
1956 5265 2083 5331 atqi

2247 5268 2340 5314 τοῦ
2382 5266 2848 5336 καταπετάσματος
2904 5264 3240 5340 ἀνεχώρησεν
3293 5264 3350 5328 έξ
3402 5267 3574 5319 αὐτῶν
3604 5266 3659 5316 τό
3692 5265 3833 5314 Πνεῦ-

491 5339 591 5395 hic
622 5340 883 5396 revelata
904 5342 998 5410 sit,
1031 5348 1088 5398 et
1143 5349 1420 5414 operetur
1453 5344 1512 5398 in
1536 5344 1708 5399 nobis
1742 5348 1973 5413 veritas,
2005 5365 2084 5420 pl't

2247 5371 2340 5423 μα,
2396 5351 2574 5405 λοιπόν
2605 5350 2708 5406 ὧδε
2758 5339 3093 5428 ἀπεκαλύφθη
3144 5360 3226 5407 καὶ
3274 5356 3474 5429 ἐνεργεῖ
3518 5356 3547 5412 ἡ
3601 5351 3820 5409 ἀλήθεια.

488 5433 940 5500 pterearursum
966 5432 1214 5503 quidam
1236 5431 1431 5488 exbac
1462 5439 1633 5502 gente
1660 5436 2081 5506 persecutione]

2249 5442 2408 5492 Πάλιν
2440 5441 2529 5493 οὖν
2577 5441 2629 5505 ἑξ
2662 5444 2821 5497 αὑτοῦ
2860 5451 2951 5496 τοῦ
3000 5445 3177 5507 ἔθνους
3218 5440 3526 5499 διώκονται.
3570 5440 3654 5502 Ἐξ
3690 5437 3829 5491 αὗτθῡ

490 5518 805 5573 sustinent.
838 5519 916 5574 Ex
951 5519 1049 5576 illa
1078 5536 1218 5577 vero
1248 5525 1422 5591 gente
1454 5524 1861 5592 persecutione
1888 5530 1943 5582 et
1990 5525 2083 5583 aﬁl

2249 5525 2309 5583 δι
2338 5538 2429 5584 τοῦ
2484 5532 2659 5595 ἔθνους
2708 5527 2987 5587 έδιὼκοντο
3032 5539 3125 5586 καὶ
3170 5531 3452 5603 ἐθλίϐοντο,
3499 5532 3581 5585 ἱνα
3607 5536 3830 5602 γίνωνται

562 5654 608 5687 ⁸⁹
639 5653 777 5708 Luc.
809 5669 882 5723 vn,
918 5654 1022 5721 29;
1052 5655 1251 5711 Matth.
1284 5671 1341 5727 v,
1382 5658 1471 5711 40.
