4076 6210
239 278 354 338 633

1499 274 1841 340 ΗΟΜΙΕΙᾸί.
1884 309 1949 339 τ-
1994 278 2168 339 ΗΟΜ.
2210 278 2408 338 XVIII.
2502 268 2505 271 ’

3482 293 3589 349 634

213 407 479 480 μάρτυρες
525 407 577 458 οἱ
627 404 945 478 φιλαλήθεις.
987 411 1097 467 Πῶς
1134 409 1249 479 γὰρ
1295 409 1638 479 φανήσεταῖή
1692 406 1813 465 ἁλή-

1932 406 2123 463 ctione
2147 406 2667 477 opprimebantur,
2700 413 2761 463 ut
2783 415 3075 482 martyres
3108 414 3448 484 evaderent,
3480 420 3583 490 qui

215 495 354 559 θεία,
392 493 433 547 εἰ
458 498 530 566 μὴ
568 497 681 566 ἔχει
730 500 853 557 τοὺς
885 496 1219 556 ὑπεναντίους
1264 492 1479 566 ψευδεῖς
1533 498 1680 556 ὄντας
1730 500 1821 548 καὶ

208 586 351 635 κατὰ
384 580 624 645 ἀληθείας
653 588 965 657 τρέχοντας
1018 583 1137 637 Εἰσὶ
1195 580 1253 637 δι
1300 589 1389 636 καὶ
1440 584 1489 636 ἐν
1518 590 1628 646 τοῖς
1671 580 1819 637 ἀδελ.

210 678 322 743 φοίς
354 668 709 744 βαστάζοντες
756 674 897 731 πάθη
930 677 1019 725 καὶ
1052 671 1251 744 θλίψεις
1280 688 1294 702 ⁸
1355 672 1548 734 πολλῆς
1600 669 1658 725 δι
1686 677 1822 747 χρῄ-

210 761 403 821 ζουσιν
450 760 756 833 ἀσφαλείας,
796 763 879 815 ἵνα
933 766 1004 835 μὴ
1034 767 1286 817 πέσωσιν.
1320 763 1409 824 Εἷς
1434 763 1535 837 γάρ
1589 782 1669 822 τις
1720 770 1821 814 τῶν

210 845 448 922 ἀδελφῶν
501 855 881 923 συνευχόμενός
920 870 1041 917 τινι,
1094 850 1484 923 ᾐχμαλωτίσθη
1525 852 1626 903 ὑπό
1682 853 1821 913 θείας

214 936 511 1011 δυνάμεως,
548 944 639 992 καὶ
682 939 981 1015 ἁρπαχθεὶς
1027 936 1133 993 εἶδε
1184 944 1278 999 τὴν
1302 940 1408 992 ἅνω
1452 940 1600 993 πόλιν
1637 940 1823 1015 Ἰερου-

213 1027 410 1100 σαλὴμ,
454 1033 547 1081 καὶ
592 1028 793 1090 εἰκόνας
836 1031 1083 1101 φωτεινὰς
1134 1034 1225 1082 καὶ
1270 1037 1375 1102 φῶς
1424 1031 1672 1103 ἄπειρονο
1732 1032 1821 1082 καὶ

209 1121 403 1174 ἤκουσε
429 1125 604 1189 φωνῆς
630 1118 1116 1190 λεγούσης,οὗτός
1155 1117 1330 1171 ἔστιν
1389 1119 1416 1170 6
1459 1123 1648 1179 τόπος
1707 1126 1822 1180 τῆς

207 1209 684 1270 καταπαύσεως
723 1215 840 1260 τῶν
880 1204 1153 1260 δικαίων
1177 1223 1190 1235 ·
1228 1210 1479 1279 καὶμετὰ
1506 1210 1692 1281 μικρὸν
1723 1228 1817 1278 φυ·

208 1297 438 1363 σιωθεὶς,
510 1302 602 1350 καὶ
659 1301 875 1369 νομίσας
928 1302 1046 1369 περὶ
1098 1297 1283 1350 ἑαυτοῦ
1336 1296 1633 1369 ἑωρακέναι,
1688 1296 1820 1367 μετὰ

208 1392 356 1438 τοῦτο
412 1387 600 1458 εὑρέθη
654 1386 888 1458 ἐμπεσὼν
938 1386 1004 1447 εἰς
1049 1388 1117 1439 τὰ
1165 1383 1341 1439 ἄδυτα
1392 1391 1481 1439 καὶ
1542 1382 1821 1459 βαθύτατα

208 1482 296 1535 τῆς
315 1474 611 1548 ἁμαρτίας,
644 1476 717 1539 εἰς
737 1480 901 1549 μυρία
930 1477 1087 1532 κακά.

1934 495 2160 551 veritati
2186 495 2531 551 studebant.
2562 497 2874 561 Quomodo
2903 501 3064 556 enim
3089 505 3406 575 apparebit
3435 509 3581 564 veri-

1933 587 2044 648 tas,
2072 584 2186 638 nisi
2217 583 2489 640 habuerit
2537 583 2929 652 adversarios,
2958 589 3059 660 qui
3086 595 3142 645 et
3183 592 3298 648 sint
3339 596 3582 653 menda-

1931 678 2119 738 ces,et
2151 673 2452 727 veritatem
2478 674 2968 732 invadant‘lSunt
2995 683 3310 753 quoquein
3332 682 3581 741 fratrum

1930 776 2205 829 numero,
2224 761 2326 833 qui
2359 761 2770 818 affectionibus
2786 771 2889 821 aut
2902 765 3321 827 afﬂictionibus
3334 772 3582 830 obnoxii

1932 856 2087 906 sunt.
2104 850 2331 916 Quibus
2353 850 2599 922 quidem
2634 868 2856 922 magna
2881 857 3077 912 cautio
3094 859 3439 918 adhibenda
3470 867 3580 931 est,

1932 954 2006 994 ne
2032 938 2329 996 labantur.
2371 938 2629 1007 Quidam
2656 942 2815 998 enim
2845 959 2917 999 ex
2955 944 3256 1015 fratribus,
3290 965 3426 1006 cum
3455 968 3583 1022 pre-

1933 1032 2163 1084 caretur
2190 1044 2326 1084 cum
2356 1028 2493 1093 alio,
2523 1034 2733 1100 captus
2764 1039 2850 1087 est
2892 1034 3096 1091 divina
3114 1036 3349 1103 virtute,
3389 1056 3580 1113 eaque

1930 1117 2215 1188 abreptus
2260 1117 2404 1172 vidit
2442 1134 2768 1189 supernam
2805 1120 3103 1179 civitatem
3151 1126 3501 1195 Jerusalem,
3526 1134 3581 1185 et

1929 1221 2219 1278 personas
2269 1205 2546 1272 illustres,
2580 1206 2904 1281 lumenque
2963 1211 3373 1286 immensum;
3404 1224 3582 1289 atque

1928 1294 2161 1351 audivit
2202 1296 2720 1352 vocemdicentem
2754 1315 2765 1352 :
2802 1299 3013 1364 Hicest
3029 1302 3584 1377 locusrequietisju-

1927 1387 2151 1440 storum
2179 1401 2198 1438 :
2232 1384 2533 1457 pauloque
2554 1385 3404 1457 postintlatus,etexistimans
3430 1395 3503 1451 de
3522 1411 3584 1452 se

1926 1473 2058 1543 ipso
2105 1489 2178 1529 ea
2223 1473 2463 1538 vidisse,
2515 1480 2728 1545 postea
2779 1484 3045 1547 repertus
3082 1486 3168 1535 est
3211 1481 3269 1536 in
3299 1482 3483 1555 adyta
3529 1490 3586 1540 et

1926 1562 2401 1633 profundissima
2432 1568 2836 1635 peccatorum,
2866 1572 3046 1637 atque
3075 1568 3135 1623 in
3165 1569 3397 1628 inﬁnita
3419 1573 3583 1631 mala

1927 1650 2229 1708 incidisse.

278 1795 378 1850 IE'.
439 1795 504 1849 Ei
554 1792 642 1849 οὖν
695 1797 720 1849 ό
770 1794 1014 1870 ίσὼτερος
1069 1799 1160 1848 καὶ
1212 1795 1413 1867 ὑψηλὸς
1460 1798 1627 1861 ἔπεσε,
1705 1805 1813 1862 πῶς

1999 1796 2103 1850 XV.
2148 1795 2202 1851 Si
2235 1809 2376 1864 ergo
2416 1794 2684 1850 internus
2727 1800 2780 1851 et
2821 1795 3095 1853 sublimis
3144 1799 3327 1857 homo
3368 1802 3578 1874 lapsus

208 1880 432 1939 δύναται
462 1886 904 1958 λέγεινότυχὼν,
936 1885 1017 1937 ὃτι
1062 1888 1408 1943 Νηστεύων
1480 1892 1588 1938 καὶ
1646 1885 1815 1950 ξενη-

205 1978 397 2026 τεύων
429 1979 543 2027 καὶ
581 1971 1079 2048 διασκορπίζων
1138 1976 1217 2026 τὰ
1255 1975 1644 2049 ὑπάρχοντα
1685 1973 1809 2037 ἤδη

206 2064 389 2134 ἅγιός
431 2063 603 2135 εἰμι;
645 2063 705 2116 οὐ
741 2066 842 2135 γὰρ
874 2065 905 2122 ἠ
940 2062 1120 2135 ἀποχὴ
1169 2070 1267 2116 τῶν
1296 2072 1469 2115 κακῶν
1498 2064 1631 2123 αὕτη
1674 2065 1813 2119 ἔστὶν
1842 2096 1845 2097 ν

202 2154 231 2210 ἡ
262 2153 555 2219 τελείωσις,
590 2152 697 2204 ἀλλ’
727 2152 771 2205 εί
793 2151 1029 2215 εἰσῆλθες
1059 2152 1127 2214 είς
1155 2157 1238 2205 τόν
1264 2161 1382 2205 νοῦν
1413 2157 1499 2205 τὸν
1530 2154 1814 2228 ἠφανισμέ-

201 2261 293 2306 νον,
322 2246 421 2293 καὶ
480 2240 783 2304 ἀπέκτεινας
824 2244 916 2293 τόν
968 2246 1081 2314 ὄφιν
1113 2244 1199 2294 τὸν
1244 2247 1531 2317 κατώτερον
1562 2252 1654 2296 τοῦ
1699 2253 1811 2319 νοῦ,

200 2335 282 2382 καὶ
334 2328 634 2404 βαθύτερον
685 2338 781 2383 τῶν
830 2330 1118 2403 λογισμῶν,
1184 2330 1251 2393 εἰς
1305 2334 1371 2384 τὰ
1426 2331 1673 2404 λεγόμενα
1727 2353 1814 2388 τα-

199 2426 333 2490 μιεῖα
399 2425 499 2471 καὶ
549 2418 818 2482 ἀποθήκας
884 2428 979 2481 τῆς
1023 2420 1212 2492 ψυχῆς
1276 2423 1554 2493 φονεύοντα
1610 2442 1668 2475 σε
1722 2428 1812 2477 καὶ

200 2510 527 2580 φωλεύονταο
580 2506 818 2571 ἄϐυσσος
867 2510 967 2581 γάρ
1006 2508 1117 2561 im
1170 2512 1200 2568 ἡ
1247 2507 1484 2582 καρδία*
1545 2511 1589 2564 εἰ
1640 2517 1811 2565 τοίνυν

200 2598 380 2651 ἐκεῖνον
456 2596 754 2670 ἐφόνευσας,
829 2602 918 2650 καὶ
982 2604 1159 2651 πᾶσαν
1232 2604 1325 2657 τὴν
1401 2598 1449 2651 ἐν
1528 2605 1611 2653 σοὶ
1687 2602 1812 2656 ἀκα-

204 2690 425 2759 θαρσίαν
502 2685 773 2750 ἐξέϐαλεςο
834 2687 941 2740 ὅλοι
1008 2690 1111 2763 γὰρ
1173 2690 1222 2740 οἱ
1295 2687 1566 2760 φιλόσοφοι
1629 2697 1719 2745 καὶ
1784 2695 1810 2745 6

198 2782 342 2849 νόμος
371 2782 473 2829 καὶ
516 2779 567 2829 οἱ
621 2776 923 2842 ἀπόστολοι,
968 2782 1057 2830 καὶ
1100 2778 1130 2834 ἡ
1183 2783 1275 2829 τοῦ
1324 2785 1560 2853 Σωτῆρος
1612 2781 1811 2844 ἴλευσις

201 2870 307 2941 περὶ
344 2867 718 2938 καθαρότητος
758 2874 1051 2923 ποιοῦνται.
1086 2872 1194 2928 Πᾶς
1233 2870 1336 2937 γὰρ
1382 2866 1662 2940 ἀνθρώπων
1712 2874 1811 2925 εἴτε

197 2952 493 3021 Ἰουδαίων,
554 2957 656 3008 εἴτε
715 2954 984 3022 Ἑλλήνων,
1054 2954 1235 3027 ἁγαπᾴ
1299 2960 1393 3015 τὴν
1449 2960 1805 3031 καθαρότητα,

199 3048 276 3096 καὶ
328 3045 395 3097 οὐ
464 3040 718 3096 δύνανται
774 3046 1099 3119 καθαρεύειν.
1160 3049 1273 3119 Χρή
1332 3042 1420 3097 οὖν
1464 3044 1805 3118 ἐπιζητῆσαι,

198 3141 294 3193 πῶς
327 3138 432 3186 καὶ
472 3129 568 3185 διὰ
598 3137 747 3186 τίνων
799 3117 1022 3186 δύναται
1072 3136 1131 3186 τό
1168 3117 1398 3209 καθαρὸν
1446 3143 1541 3198 τῆς
1586 3117 1809 3212 καρδίας
1844 3117 1885 3173 C

196 3226 457 3292 γενέσθαι.
512 3218 781 3294 Οὐδαμῶς
845 3221 1104 3296 ἑτέρωθεν,
1165 3223 1209 3275 εἰ
1264 3228 1336 3297 μὴ
1394 3222 1488 3278 διὰ
1542 3234 1632 3278 τοῦ
1679 3228 1805 3301 ὑπὲρ

196 3313 329 3384 ἡμῶν
384 3313 781 3384 σταυρωθέντος
807 3330 819 3344 '
867 3313 1021 3375 αὐτὸς
1048 3315 1151 3388 γάρ
1178 3312 1318 3367 ἔστιν
1350 3317 1377 3374 ἡ
1425 3312 1571 3381 ὁδὸς,
1612 3318 1642 3376 ἠ
1673 3317 1801 3383 ζωὴ,

194 3402 222 3458 ἡ
248 3401 496 3465 ἀλήθεια,
534 3403 561 3460 ὃ
620 3403 773 3474 θύρα,
806 3404 832 3454 6
863 3408 1216 3477 μαργαρίτης,
1251 3404 1277 3455 6
1335 3404 1439 3465 ζῶν
1495 3410 1584 3458 καὶ
1640 3408 1667 3458 6
1717 3407 1805 3460 οὖ-

193 3495 358 3563 ράνιος
418 3492 600 3561 ἄρτος.
664 3495 764 3544 Καὶ
824 3490 918 3543 οὐκ
974 3491 1196 3565 ἑγχαρεῖ
1250 3511 1367 3545 τινα
1425 3495 1545 3546 ἄνευ
1610 3494 1807 3557 ἐκείνης

194 3588 282 3642 τῆς
326 3580 605 3643 ἀληθείας,
659 3578 902 3638 ἀλήθειαν
956 3589 1169 3652 γνῶναι,
1201 3584 1231 3639 ἦ
1294 3583 1547 3642 σωθῆναι.
1606 3582 1805 3658 Ὠσπερ

198 3667 279 3721 οὖν
344 3670 426 3731 εἰς
491 3673 580 3722 τόν
630 3669 728 3732 ἕξω
791 3671 1064 3744 ἄνθρωπον
1114 3675 1204 3723 καὶ
1271 3671 1343 3733 εἰς
1408 3675 1474 3724 τὰ
1531 3680 1808 3745 φαινόμενα

198 3762 500 3832 πράγματα,
556 3757 793 3822 ἀπετάξω
845 3764 999 3823 πᾶσι,
1056 3764 1146 3811 καὶ
1179 3756 1442 3820 διέδωκας
1496 3766 1589 3819 τὴν
1644 3761 1808 3835 ὓπαρ-

200 3846 270 3910 ξίν
300 3868 405 3902 σου
432 3862 448 3877 ⁸
484 3848 622 3899 οὕτω
650 3852 739 3899 καὶ
769 3846 817 3900 ἐν
851 3855 914 3920 τῇ
951 3851 1110 3919 σοφίᾳ
1135 3856 1197 3920 τῇ
1237 3856 1492 3921 κοσμικῇ,
1534 3849 1578 3902 εἰ
1614 3858 1807 3920 γνῶσιν

200 3938 335 4007 ἔχεις
386 3941 481 3989 καὶ
534 3935 698 4007 λόγων
757 3936 940 4007 ἰσχὺν,
999 3934 1400 4010 ἀπορρίψασθαι
1446 3938 1619 3990 πάντα
1668 3937 1809 4010 ὀφεί-

200 4022 307 4089 λεις,
367 4029 459 4078 καὶ
523 4020 690 4096 μηδεν
742 4026 1071 4097 ἡγήσασθαι,
1128 4024 1189 4077 ἶν’
1240 4024 1375 4077 οὕτω
1434 4020 1669 4098 δυνηθῇς
1724 4025 1809 4079 ἐπὶ

203 4120 466 4187 τῇμωρίᾳ
514 4121 608 4166 τοῦ
661 4117 997 4187 κηρύγματος
1046 4110 1483 4186 οἰκοδομηθῆναι,
1542 4116 1663 4190 ὅπερ
1712 4121 1811 4174 κή-

203 4206 381 4276 ρνγμά
438 4206 583 4256 ἔστιν
634 4205 664 4262 ἠ
725 4202 924 4265 ἀληθὴς
978 4208 1156 4276 σοφία,
1211 4203 1303 4256 οὐκ
1352 4206 1557 4275 ἔχουσα
1610 4208 1809 4277 κόμπον

203 4289 383 4363 λόγων,
433 4290 565 4344 ἀλλὰ
613 4287 836 4363 δύναμιν
888 4288 962 4346 δι’
1014 4292 1170 4364 ἁγίου
1226 4300 1457 4368 σταυροῦ
1512 4292 1809 4370 ἐνεργουμέ-

204 4400 304 4439 νην.
378 4381 516 4445 Δόξα
580 4388 641 4453 τῇ
675 4383 701 4433 6
740 4387 944 4455 μουσίῳ
1003 4378 1196 4458 Τριοίδι
1266 4382 1338 4445 εἰς
1406 4385 1526 4446 τοὺς
1592 4383 1803 4444 αἰῶνας.

208 4468 392 4543 ’Δμήν.

814 4599 1063 4649 OMIAIA
1096 4593 1200 4647 IH’.

205 4725 351 4793 Περὶ
392 4727 501 4772 τοῦ
545 4721 877 4791 θησαυροῦ
915 4726 1504 4794 τῶννΧριστιμανῶν,
1548 4716 1802 4794 δηλαδὴ

268 4788 381 4845 τοῦ
420 4798 713 4865 Χριστοῦ
752 4788 858 4843 καὶ
900 4788 1271 4862 Πνεῦματος
1308 4790 1521 4861 ἁγίου,
1550 4788 1805 4877 ,διαφό-

264 4883 391 4939 ρως
428 4862 787 4939 ἀσκοῦντος
846 4862 1077 4924 αὐτοὺς
1115 4866 1272 4938 πρὸς
1310 4866 1378 4915 τὸ
1441 4863 1681 4935 φθάναι
1715 4862 1806 4925 είς
1884 4924 1888 4928 θ

265 4936 380 4995 τὴν
416 4936 718 4994 τελειότη
741 4951 835 4992 τα.

265 5060 343 5114 Α’.
376 5063 434 5114 Εἰ
458 5080 538 5122 τις
578 5058 626 5111 ἰν
664 5066 736 5131 τῷ
766 5064 948 5132 κόσμῳ
1001 5057 1250 5119 πλούσιος
1283 5054 1494 5131 σφόδρα
1519 5059 1799 5131 τυγχάνει,

200 5153 283 5202 καὶ
313 5152 582 5215 θησαυρόν
613 5147 908 5221 ἀπόκρυφον
939 5152 1207 5211 κέκτηται,
1263 5148 1317 5199 ἑκ
1370 5154 1461 5199 τοῦ
1532 5149 1801 5219 θησαυροῦ

201 5243 284 5289 καὶ
328 5238 555 5291 πλούτου
606 5237 762 5309 οὗπερ
812 5240 944 5309 ἔχει,
1004 5239 1175 5289 πάντα
1213 5236 1313 5288 ὃσα
1362 5234 1512 5301 θέλει,
1571 5241 1796 5288 κτᾶται·

202 5332 285 5379 καὶ
340 5328 424 5380 οἶα
476 5325 721 5401 βούλεται
778 5326 827 5377 ἐν
883 5334 955 5397 τῷ
1010 5330 1191 5397 κόσμῳ
1248 5330 1507 5396 κτήματα,
1569 5327 1799 5398 εὐχερῶς

204 5412 515 5488 ίπισυνάγει,
577 5424 649 5487 τῷ
713 5417 964 5489 θησαυρῷ
1024 5415 1300 5477 πεποιθὼς,
1367 5413 1447 5465 ὃτι
1497 5409 1571 5464 δι’
1639 5411 1798 5465 αὐτοῦ

204 5509 367 5557 πᾶσαν
407 5508 622 5573 κτῆσίν,
668 5509 730 5563 ἧν
760 5506 821 5557 ἄν
853 5503 1133 5577 βούληται,
1178 5502 1394 5563 εὐκόλως
1435 5507 1642 5555 κτᾶται.
1690 5501 1798 5554 Οὕ-

206 5610 302 5658 τως
329 5602 415 5650 καὶ
471 5598 520 5650 οἱ
548 5604 755 5671 πρῶτον
801 5595 1078 5656 ζητοῦντες
1136 5595 1280 5669 παρὰ
1327 5600 1461 5664 Θεῷ,
1510 5596 1600 5645 καὶ
1631 5592 1800 5666 εὑρόν-

208 5700 307 5753 τες,
334 5690 421 5739 uel
474 5689 688 5759 ἔχοντες
743 5688 829 5739 τὸν
879 5684 1180 5760 ίπουροίνιον
1216 5690 1310 5737 τοῦ
1365 5684 1655 5756 Πνεῦματος
1713 5684 1800 5741 θη-

1923 1888 2029 1948 est,
2062 1900 2184 1954 quo
2227 1892 2400 1954 pacto
2428 1890 2617 1956 potest
2644 1885 2838 1939 dicere
2878 1887 3071 1957 quivis
3104 1888 3258 1944 alius
3289 1906 3320 1946 e
3362 1892 3576 1962 vulgo:

1924 1972 2077 2039 Quia
2095 1975 2329 2044 jejuno,
2364 1974 2824 2043 hospitalitatem
2864 1990 3123 2041 exerceo,
3154 1993 3227 2033 ac
3258 1979 3410 2036 bona
3450 1997 3580 2038 mea

1922 2062 2236 2130 distribuo,
2254 2064 2387 2131 jam
2414 2078 2518 2133 ego
2549 2070 2794 2119 sanctus
2822 2064 3131 2121 sum?Non
3163 2069 3319 2123 enim
3347 2086 3382 2124 a
3401 2070 3575 2126 malis

1921 2167 1985 2207 se
2011 2151 2290 2208 cohibere
2318 2153 2449 2223 ipsa
2487 2151 2777 2224 peafectio
2814 2158 2922 2218 est,
2958 2154 3063 2209 sed
3107 2155 3158 2209 si
3198 2156 3579 2228 inquinatam

1925 2246 2182 2296 mentem
2217 2247 2381 2297 tuam
2439 2242 2765 2310 ingressus.
2808 2242 3098 2298 occideris
3136 2252 3474 2317 serpentem
3518 2263 3578 2303 in

1922 2328 2300 2385 interioribus
2316 2330 2529 2385 mentis
2541 2344 2611 2386 ac
2624 2329 3116 2401 profundioribus
3141 2335 3577 2402 cogitationum

1925 2424 2161 2474 tuarum
2176 2419 2288 2489 7⁵1
2309 2418 2772 2482 delitescentem,
2788 2420 3087 2492 quippein
3110 2422 3492 2481 conclavibus
3522 2430 3580 2483 et

1921 2507 2293 2579 repositoriis
2307 2509 2526 2563 anima:
2540 2509 2612 2564 ad
2633 2514 2686 2563 te
2701 2509 3163 2567 interimendum
3179 2513 3379 2568 nidum
3397 2531 3576 2571 suum

1921 2598 2228 2670 componit
2250 2600 2376 2668 (cor
2401 2599 2560 2653 enim
2586 2602 2676 2653 est
2692 2598 2995 2672 abyssus),
3016 2601 3086 2667 si,
3111 2601 3383 2674 inquam,
3408 2603 3575 2660 illum

1920 2685 2303 2755 interfeceris,
2333 2691 2390 2742 et
2413 2702 2679 2751 omnem,
2710 2703 2833 2759 qua
2854 2688 3207 2760 inquinatus
3237 2707 3321 2757 es,
3353 2693 3580 2763 spurci-

1922 2776 2059 2830 tiem
2099 2775 2368 2846 ejeceris.
2394 2777 2613 2832 Omnes
2640 2778 2801 2831 enim
2831 2777 3192 2850 philosophi,
3217 2779 3306 2835 lex
3340 2786 3397 2837 et
3426 2797 3577 2854 apo-

1920 2863 2049 2920 stoli
2082 2870 2261 2935 atque
2293 2865 2470 2919 etiam
2493 2865 2813 2921 Salvatoris
2841 2866 3133 2922 adventus
3162 2869 3319 2925 circa
3353 2872 3577 2941 purita-

1921 2957 2037 3007 tem
2107 2952 2399 3009 laborant.
2458 2954 2677 3008 Omnes
2741 2954 3037 3025 siquidem
3096 2958 3393 3024 homines,
3451 2960 3576 3016 sive

1916 3041 2271 3108 Judasi,sive
2302 3042 2504 3104 Graeci,
2550 3043 2865 3112 puritatem
2902 3050 3208 3115 exoptant,
3239 3052 3295 3103 et
3333 3049 3577 3117 assequi

1918 3136 2239 3203 nequeunt.
2261 3131 2691 3203 lnquirendum
2707 3133 3329 3206 igiturest,quomodo
3351 3140 3408 3192 et
3439 3137 3576 3210 qui-

1918 3219 2036 3275 bus
2076 3220 2270 3275 modis
2299 3220 2527 3292 puritas
2542 3220 2738 3276 cordis
2762 3223 3101 3293 comparari
3124 3224 3329 3295 possit.
3346 3227 3575 3297 Nequa-

1917 3325 2106 3382 quam
2144 3309 2608 3381 aliunde,quam
2639 3326 2744 3381 per
2782 3312 3061 3383 eum,qui
3079 3328 3187 3384 pro
3206 3314 3576 3370 nobiscruci-

1918 3397 2073 3453 ﬁxus
2114 3404 2223 3454 est.
2250 3400 2380 3471 Ipse
2418 3399 2577 3454 enim
2618 3405 2703 3454 est
2743 3399 2859 3464 via,
2892 3400 3033 3467 vita,
3059 3403 3298 3471 veritas,
3330 3403 3569 3471 ostium,

1920 3488 2264 3559 margarita,
2294 3489 2459 3544 vivus
2501 3504 2569 3545 ac
2583 3488 2838 3545 caslestis
2858 3489 3189 3560 panis;uec
3215 3491 3345 3548 licet
3376 3492 3571 3559 alicui,

1918 3576 2148 3649 absque
2182 3577 2281 3633 illa
2314 3578 2575 3647 veritate,
2606 3578 2914 3634 veritatem
2948 3594 3334 3649 cognoscere,
3371 3586 3426 3638 et
3453 3597 3575 3638 ser-

1916 3668 2061 3722 vari.
2087 3667 2612 3732 Quemadmodum
2630 3667 2833 3739 quoad
2861 3670 3213 3725 exteriorem
3235 3670 3570 3736 hominem,

1918 3761 1973 3810 et
2011 3770 2081 3809 ea
2111 3771 2249 3827 quae
2295 3755 2608 3824 subjacent
2632 3755 2839 3818 oculis,
2874 3757 3158 3812 omnibus
3199 3759 3571 3823 renuntiasti,

1918 3847 1974 3899 et
2011 3842 2173 3899 bona
2201 3849 2301 3899 tua
2319 3842 2669 3899 distribuisti
2700 3865 2713 3898 :
2744 3843 2830 3898 sic
2863 3844 3197 3916 quoquead
3212 3846 3571 3917 sapientiam

1922 3931 2319 3992 mundanam,
2354 3932 2403 3986 si
2436 3948 2633 3986 rerum
2662 3931 2932 3987 notitiam
2966 3938 3067 3987 aut
3106 3932 3448 3989 facultatem
3487 3935 3573 3991 di-

1919 4019 2170 4074 cendies
2206 4020 2482 4091 adeptus,
2517 4020 2643 4075 haec
2673 4021 2951 4075 universa
2975 4020 3234 4091 abjicere
3259 4023 3466 4093 debes,
3502 4040 3573 4080 ac

1919 4124 2028 4181 pro
2093 4109 2278 4165 nihilo
2316 4109 2553 4178 ducere,
2600 4114 2661 4165 ut
2720 4110 2801 4165 ita
2844 4110 3039 4181 possis
3107 4125 3289 4181 super
3329 4111 3572 4169 stultitia

1920 4197 2362 4270 praedicationis
2377 4197 2826 4269 mdiﬁcari,quaa
2845 4197 3092 4269 quidem
3108 4200 3450 4270 praedicatio
3481 4206 3573 4258 est

1921 4302 2062 4344 vera
2080 4287 2397 4359 sapientia,
2435 4302 2646 4343 carens
2673 4292 2886 4345 ornatu
2918 4288 3261 4354 verborum,
3293 4290 3394 4345 sed
3425 4306 3573 4361 prae-

1918 4375 2045 4431 dita
2072 4376 2302 4442 virtute,
2336 4391 2440 4448 per
2466 4382 2737 4432 sanctam
2771 4391 3008 4431 crucem
3040 4383 3348 4449 operante.
3377 4380 3573 4438 Gloria

1842 4472 1888 4527 D
1918 4464 2411 4521 consubstantiali
2440 4464 2702 4521 Trinitati
2732 4464 2791 4520 in
2823 4466 3064 4521 saecula.
3088 4468 3298 4523 Amen.

2486 4590 2780 4647 HOMILIA
2805 4591 2992 4646 XVIII.

1916 4716 2291 4772 Dethesauro
2311 4714 2811 4789 Christianorum,
2830 4716 3098 4772 videlicet
3108 4716 3336 4772 Christo
3361 4724 3415 4773 et
3430 4718 3567 4789 Spi-

1987 4791 2107 4860 ritu
2119 4793 2347 4860 sancto,
2384 4787 2771 4860 variis_modis
2797 4796 3231 4855 exercenteeos,
3254 4789 3412 4845 utad
3431 4787 3565 4860 per.

1980 4858 2296 4927 fectionem
2324 4857 2696 4927 perveniant.

1984 5058 2021 5108 1.
2067 5054 2121 5111 Si
2173 5055 2308 5127 quis
2348 5054 2408 5109 in
2456 5053 2568 5109 hoc
2608 5053 2837 5109 mundo
2890 5053 3061 5109 valde
3102 5052 3420 5125 opulentus
3468 5054 3562 5119 sit,

1911 5143 2407 5215 reconditumque
2466 5143 2811 5198 thesaurum
2874 5144 3201 5214 possideat,
3262 5159 3366 5213 per
3420 5160 3559 5200 eum

1910 5240 2091 5305 atque
2120 5232 2353 5288 divitias
2393 5232 2617 5295 omnia,
2651 5247 3026 5303 quaecunque
3064 5232 3320 5299 libuerit,
3353 5249 3563 5289 conse-

1910 5323 2113 5395 quitur
2148 5338 2160 5376 :
2192 5328 2248 5376 et
2276 5336 2667 5392 quascunque
2694 5320 2941 5376 voluerit
2968 5320 3029 5376 in
3064 5322 3291 5377 mundo
3326 5338 3559 5394 posses-

1912 5414 2129 5475 siones,
2160 5409 2388 5481 absque
2418 5410 2582 5465 omni
2612 5409 2838 5475 labore,
2881 5410 3161 5467 thesauro
3203 5427 3314 5467 suo
3355 5410 3557 5479 fretus,

1909 5498 2171 5557 corradit
2201 5515 2215 5565 ;
2249 5513 2321 5555 eo
2350 5498 2514 5571 quod
2540 5499 2592 5569 ej
2604 5515 2671 5553 us
2691 5514 2807 5568 ope
2833 5514 3074 5555 omnem
3096 5502 3558 5572 possessionem,

1908 5603 2339 5663 quamcunque
2367 5586 2635 5653 voluerit,
2666 5586 2837 5644 facile
2877 5595 3298 5662 consequatur.
3335 5590 3426 5648 Sic
3456 5590 3560 5663 qui

1912 5680 2175 5753 primum
2206 5684 2263 5735 et
2291 5682 2427 5735 ante
2448 5676 2653 5736 omnia
2671 5684 2949 5751 quaerunt
2974 5695 3010 5735 a
3031 5678 3155 5751 Deo
3180 5680 3560 5753 etinveniunt
