4076 6210
557 249 662 308 635

1850 248 1909 307 S.
1953 248 2252 307 MACARII
2292 247 2597 308 EGYPTII

3764 262 3854 319 636

555 394 625 433 ac
679 380 1129 450 consequuntur
1180 375 1479 432 scelestam
1527 375 1876 431 thesaurum
1934 375 2195 445 Spiritus,

2326 379 2541 450 σαυρὸν,
2590 378 2746 431 αὐτὸν
2795 381 2883 431 τὸν
2941 381 3131 455 Κύριον
3183 379 3231 432 ἐν
3286 387 3403 443 ταῖς
3448 376 3674 455 καρδίαις
3718 385 3856 437 αὑτῶν

552 468 750 538 ipsum
778 466 1001 521 scilicet
1029 464 1370 529 Dominum,
1406 464 1464 519 in
1503 464 1789 521 cordibus
1827 464 2085 529 illorum,
2127 463 2207 519 illi

552 571 795 611 omnem
819 555 1105 624 justitiam
1147 555 1455 619 virtutum,
1489 568 1855 625 omnemque
1878 553 2209 623 possessio-

553 659 695 699 nem
743 643 1030 699 bonitatis
1078 648 1514 715 praeceptorum
1585 642 1841 710 Domini,
1869 658 1982 714 ope
2048 641 2205 697 illius

551 733 956 805 thesauri,qui
987 733 1168 787 haeret
1195 733 1255 786 in
1286 731 1372 787 eis
1396 730 1652 799 Christo,
1678 732 2012 803 perﬁciunt,
2028 737 2207 804 atque

553 822 683 893 ejus
735 837 850 892 ope
894 820 1162 875 caelestes
1207 820 1443 875 divitias
1482 819 1887 875 accumulant.
1918 820 2204 875 Thesauri

554 911 712 966 enim
741 910 996 965 caelestis
1036 909 1330 964 beneficio
1357 924 1603 964 omnem
1636 910 1909 964 virtutem
1937 908 2203 980 justitiaa,

557 1000 689 1055 freti
721 1000 894 1070 copia
910 999 1247 1053 divitiarum
1278 997 1677 1068 spiritualium
1704 1014 1841 1070 qute
1870 1004 2011 1053 sunt
2031 999 2089 1053 in
2114 999 2203 1068 iis,

557 1096 904 1161 operantur,
936 1087 1221 1159 nulloque
1262 1088 1503 1157 negotio
1542 1103 1785 1142 omnem
1814 1088 2103 1158 justitiam
2136 1103 2204 1143 ac

556 1178 911 1233 mandatum
944 1176 1194 1239 Domini.
1213 1175 1605 1231 invisibilium
1622 1177 1964 1231 divitiarum
1980 1177 2202 1246 gratias,

553 1281 688 1338 quae
714 1272 801 1320 est
825 1266 879 1319 in
908 1265 1074 1335 ipsis,
1098 1281 1234 1337 ope,
1268 1264 1459 1334 reipsa
1498 1269 1812 1336 peragunt.
1849 1265 2039 1337 lnquit
2060 1280 2197 1321 vero

553 1362 606 1410 et
622 1355 935 1425 Apostolus
958 1370 1227 1425 quoque:
1255 1353 1552 1409 Habentes
1579 1355 1925 1410 thesaurum
1941 1356 2115 1410 istum
2140 1356 2203 1409 in

556 1444 713 1500 vasis
739 1444 1015 1511 ﬁctilibus
1041 1446 1108 1513 9°,
1125 1443 1239 1497 hoc
1260 1443 1709 1515 est,quem,qui
1732 1443 1791 1498 in
1815 1444 2205 1500 carueadhuc

552 1540 708 1597 sunt,
742 1533 1028 1602 consequi
1061 1531 1223 1600 digni
1254 1531 1440 1586 habiti
1482 1538 1637 1597 sunt,
1673 1533 1947 1588 virtutem
1983 1531 2205 1589 scilicet

549 1621 800 1692 Spiritus
834 1621 1369 1676 sanctiﬁcatricem.
1391 1622 1454 1674 Et
1475 1636 1683 1676 rursus
1718 1637 1729 1674 ε
1762 1621 1875 1687 Qui
1891 1622 2086 1692 factus
2099 1636 2205 1677 no-

2322 464 2663 539 ίλλάμποντα,
2718 474 2892 523 πᾶσαν
2948 465 3293 528 δικαιοσύνην
3352 469 3555 544 ἀρετῶν,
3597 477 3677 525 καὶ
3715 478 3858 526 πᾶσαν

2323 564 2510 615 κτῆσιν
2557 556 2884 627 ἀγαθότητος
2928 567 3028 611 τῶν
3061 556 3269 612 ἕντολῶν
3316 567 3408 613 τοῦ
3465 564 3664 633 Κυρίου,
3693 564 3739 613 ἔκ
3786 570 3859 615 τοῦ

2324 647 2595 719 θησαυροῦ
2641 654 2733 700 τοῦ
2788 646 2836 700 ἓν
2886 652 3065 710 αὑτοῖς
3119 652 3259 710 ὄντος
3313 656 3543 724 Χριστοῦ
3593 649 3861 717 ὶπιτελοῦσι,

2319 740 2409 787 καὶ
2476 732 2549 789 δι’
2616 736 2777 789 αὑτοῦ
2838 737 3047 791 πλείονα
3105 738 3324 792 πλοῦτον
3410 738 3633 813 οὐράνιον
3691 739 3864 793 ἕπισυν-

2320 826 2535 895 άγουσι.
2607 829 2702 878 Διὰ
2749 828 2850 900 γὰρ
2905 834 2997 880 τοῦ
3058 828 3367 902 ἐπουρανίου
3423 830 3675 901 θησαυροῦ
3722 835 3867 882 πᾶσαν

2320 911 2507 987 ἀρετὴν
2571 911 2912 977 δικαιοσύνης
2978 919 3403 993 κατεργάζονται,
3476 920 3748 980 πεποιθότες
3802 917 3869 972 ἐπὶ

2318 1018 2389 1074 τῳ
2446 1002 2633 1061 πλήθει
2681 1011 2773 1057 τοῦ
2817 1003 2865 1056 ἐν
2916 1004 3093 1067 αὐτοῖς
3135 1006 3361 1059 πλούτου
3407 1014 3749 1079 πνευματικοῦ,
3797 1012 3870 1059 καὶ

2318 1092 2537 1155 εὐκόλως
2591 1100 2765 1145 πᾶσαν
2814 1091 3157 1153 δικαιοσύνην
3202 1101 3295 1148 καὶ
3332 1096 3536 1154 ἐντολὴν
3580 1104 3662 1148 τοῦ
3706 1096 3869 1169 Κυρίου

2321 1177 2412 1233 διὰ
2442 1189 2534 1234 τοῦ
2580 1180 2805 1255 ἀοράτου
2835 1192 2930 1245 τῆς
2959 1187 3181 1260 χάριτος
3214 1187 3262 1237 ἓν
3294 1184 3466 1246 αὑτοῖς
3501 1184 3709 1237 πλούτου
3741 1186 3872 1259 ἔργά·

2319 1268 2517 1331 ζονται.
2576 1276 2714 1330 Φησὶ
2762 1268 2822 1324 δὲ
2869 1278 2959 1325 καὶ
3001 1275 3029 1325 ὁ
3075 1273 3397 1336 Ἀπόστολος
3427 1294 3440 1307 ·
3474 1272 3754 1346 Ἔχοντες
3790 1276 3872 1326 τὸν

2317 1362 2651 1435 θησαυρὸν
2709 1369 2940 1416 τοῦτον
3007 1363 3063 1415 ἐν
3121 1363 3543 1437 ὀστρακίνοις
3623 1365 3869 1425 σκεύεσι,

2315 1454 2599 1521 τουτέστιν,
2628 1452 2681 1503 ὃν
2714 1450 2761 1504 ἐν
2803 1456 2961 1526 σαρκὶ
3000 1455 3137 1514 ὄντες
3174 1454 3481 1510 κτήσασθαι
3517 1451 3562 1505 ἐν
3593 1453 3754 1513 αὑτοῖς
3772 1469 3871 1503 κατ-

2316 1538 2634 1605 ηξιώθησαν,
2663 1544 2757 1598 τὴν
2802 1540 3119 1611 ἀγιαστικην
3168 1536 3391 1613 δύναμιν
3440 1548 3529 1593 τοῦ
3584 1542 3869 1611 Πνεύματος’

2312 1631 2402 1680 καὶ
2428 1627 2601 1682 πάλιν.
2652 1626 2755 1691 ’ος
2817 1631 3087 1700 ἐγενήθη
3158 1630 3310 1702 ἡμῖν
3375 1634 3568 1702 σοφία
3628 1627 3733 1681 ἀπὸ
3785 1634 3872 1680 τοῦ

554 1710 641 1765 bis
662 1717 746 1767 est
776 1726 811 1765 a
840 1712 956 1767 Deo
981 1710 1299 1779 sapientia,
1323 1709 1585 1779 justitia,
1619 1711 2013 1779 sanctiﬁcatio
2035 1719 2089 1768 et
2116 1727 2195 1769 re-

2314 1723 2497 1780 Θεοῦ,
2542 1713 2940 1777 δικαιοσύνη
2983 1737 3046 1770 τε
3099 1722 3208 1771 καὶ
3234 1718 3576 1792 ἁγιασμὸς,
3616 1722 3715 1770 καί
3746 1715 3873 1769 ἁπο-

551 1799 808 1868 demptio
830 1801 900 1856 ⁰¹.

622 1924 686 1978 ΙΙ.
722 1924 1074 1995 Quicunque
1103 1922 1280 1993 igitur
1305 1923 1522 1994 reperit
1555 1939 1626 1979 ac
1652 1923 1915 1995 possidet
1944 1924 2105 1996 apud
2139 1940 2202 1982 se

549 2012 850 2068 caelestem
894 2012 1054 2067 hunc
1101 2013 1449 2067 thesaurum
1500 2012 1776 2083 Spiritus,
1813 2012 1908 2069 ille
1956 2028 2204 2070 omnem

542 2100 836 2171 justitiam
880 2106 1334 2172 praeceptorum,
1386 2117 1457 2156 ac
1496 2116 1741 2157 omnem
1787 2104 2201 2173 operationem

552 2190 852 2254 virtutum,
896 2192 1124 2262 absque
1147 2191 1312 2246 omni
1347 2190 1813 2261 reprehensione
1849 2198 1903 2247 et
1940 2192 2199 2259 macula,

547 2280 676 2350 ejus
706 2296 821 2351 ope
854 2281 1104 2351 peragit,
1132 2286 1188 2335 et
1215 2279 1461 2351 quidem
1476 2279 1640 2335 nullo
1671 2282 1933 2349 negotio,
1957 2296 2064 2336 nec
2083 2281 2202 2339 ulla

546 2370 627 2424 vi.
661 2369 1055 2426 Obsecremus
1080 2368 1255 2439 igitur
1285 2384 1395 2423 nos
1425 2385 1669 2440 quoque
1704 2371 1909 2434 Deum,
1942 2370 2197 2442 postule-

548 2474 687 2513 mus
717 2473 787 2511 ac
826 2456 1215 2528 deprecemur
1244 2473 1405 2524 eum,
1441 2461 1503 2512 ut
1548 2458 1897 2514 thesaurum
1948 2458 2199 2530 Spiritus

548 2546 637 2598 sui
669 2544 845 2599 nobis
875 2544 1179 2613 largiatur,
1226 2548 1283 2598 ut
1312 2547 1425 2599 hoc
1454 2544 1636 2600 modo
1662 2547 1722 2600 in
1749 2546 2049 2601 mandatis
2071 2546 2200 2617 ejus

547 2633 832 2687 omnibus
860 2633 987 2687 sine
1018 2632 1478 2703 reprehensione
1508 2638 1564 2688 et
1596 2634 1835 2690 macula
1866 2637 2112 2702 versari,
2145 2640 2202 2692 et

547 2736 789 2776 omnem
826 2721 1123 2791 justitiam
1168 2722 1417 2793 Spiritus
1468 2738 1613 2792 pure
1645 2739 1713 2777 ac
1742 2722 2001 2794 perfecte
2032 2740 2192 2780 com-

543 2810 725 2881 plere,
759 2810 1013 2867 caelestis
1045 2810 1326 2875 thesauri,
1353 2812 1457 2882 qui
1479 2816 1568 2866 est
1600 2812 1881 2877 Christus,
1907 2813 2200 2870 beneﬁcio

549 2899 871 2971 possimus.
902 2902 1133 2970 Pauper
1163 2900 1321 2954 enim
1353 2915 1422 2954 ac
1456 2899 1788 2969 mendicus,
1808 2907 1866 2956 et
1907 2903 2009 2975 qui
2041 2902 2200 2958 fame

544 2986 793 3049 labarat,
825 2987 885 3043 in
920 2987 1147 3044 mundo
1163 2987 1308 3043 nihil
1336 2994 1528 3059 potest
1548 3004 1923 3061 comparare,
1949 3007 2200 3063 pauper-

2311 1805 2647 1879 λύτρωσις.

2384 1931 2455 1985 B’.
2487 1931 2547 1984 Ὀ
2590 1928 2677 1984 οὖν
2719 1933 2881 2006 εὑρὼν
2924 1936 3014 1985 καὶ
3057 1935 3194 2004 ἔχων
3243 1935 3292 1985 ἓν
3336 1932 3502 2002 ἑαυτῷ
3554 1934 3635 1984 τὸν
3689 1929 3872 2005 ἐπουρά-

2310 2040 2418 2077 νιον
2472 2028 2563 2077 τοῦ
2627 2023 2925 2094 Πνεύματος
2978 2024 3264 2095 θησαυρὸν,
3328 2028 3505 2075 πᾶσαν
3570 2018 3870 2076 δικαιοσύνην

2311 2110 2541 2176 ἐντολῶν,
2600 2116 2686 2166 καὶ
2740 2117 2914 2164 πᾶσαν
2972 2110 3223 2184 ἐργασίαν
3282 2110 3496 2186 ἀρετῶν,
3548 2109 3753 2185 ἀμώμως
3796 2111 3869 2159 καί

2312 2202 2553 2273 καθαρῶς
2607 2199 2656 2252 ἓν
2702 2203 2870 2272 τούτῳ
2934 2202 3331 2273 κατεργάζεται,
3406 2200 3657 2263 ἆϐἡιάστως
3715 2198 3867 2251 λοιπὸν

2310 2295 2399 2347 καὶ
2464 2289 2704 2351 εὐκόλως.
2770 2290 3218 2363 Παρακαλωωμεν
3284 2286 3374 2347 οὖν
3454 2295 3544 2347 καὶ
3618 2291 3750 2362 ἡμεῖς
3800 2288 3869 2337 τὸν

2312 2383 2460 2444 Θεὸν,
2520 2383 2610 2431 καὶ
2682 2382 3049 2453 ἑκζητήσωμεν
3106 2384 3196 2433 καὶ
3262 2377 3532 2453 sweep»
3599 2378 3766 2445 αὑτοῦ,
3804 2372 3872 2427 ἵνα

2310 2472 2396 2521 τὸν
2425 2471 2689 2542 θησαυρὸν
2721 2478 2811 2522 τοῦ
2854 2472 3155 2542 Πνεῦματος
3205 2473 3369 2523 αὑτοῦ
3425 2475 3712 2543 χαρίσηται
3752 2467 3870 2539 ἡμῖν,

2309 2562 2398 2610 καὶ
2455 2558 2619 2619 οὑτως
2676 2556 2724 2610 ἒν
2780 2564 2893 2618 ταῖς
2944 2558 3167 2619 ἒντολαῖς
3216 2558 3381 2611 αὑτοῦ
3438 2563 3631 2620 πάσαις
3686 2555 3873 2627 ἀμώμους

2308 2652 2399 2700 καὶ
2468 2650 2709 2723 καθαρῶς
2794 2646 3189 2720 ἀναστραφῆναι
3262 2645 3590 2721 δυνηθῶμεν,
3652 2650 3732 2698 καὶ
3797 2646 3872 2700 τὴν

2310 2734 2653 2795 δικαιοσύνην
2698 2744 2791 2791 τοῦ
2841 2739 3138 2809 Πνεὺματος
3189 2743 3368 2792 πᾶσαν
3425 2740 3660 2810 καθαρῶς
3694 2738 3771 2786 καὶ
3810 2750 3872 2783 rr-

2307 2825 2449 2886 λείως
2507 2825 2908 2898 ἀποπληρῶσαι,
2961 2822 3058 2879 διὰ
3106 2833 3196 2878 τοῦ
3253 2828 3563 2901 ἐπουρανίου
3623 2827 3870 2893 θησαυροῦ,

2309 2916 2363 2975 ὃς
2393 2914 2507 2967 ἔστι
2537 2920 2787 2990 Χριστός.
2821 2913 2880 2966 Ὀ
2909 2916 3011 2987 ’γὰρ
3036 2918 3195 2977 πένης
3228 2919 3319 2968 καὶ
3353 2919 3567 2987 πτωχὸς
3595 2918 3679 2966 καὶ
3713 2911 3871 2983 λιμώτ·

2307 3025 2428 3069 των,
2459 3003 2509 3056 ἐν
2547 3009 2729 3077 κόσμῳ
2767 3000 2919 3058 οὐδὲν
2968 3000 3191 3058 δύναται
3222 3007 3550 3070 κτήσασθαι,
3597 3011 3686 3065 τῆς
3726 3003 3871 3059 πενίας

546 3080 662 3132 tate
684 3092 821 3133 eum
855 3084 1179 3149 premente.
1217 3077 1326 3142 Qui
1351 3094 1492 3134 vero
1521 3078 1871 3135 thesaurum
1904 3082 2192 3151 possidet,

2309 3094 2462 3147 αὑτὸν
2493 3096 2841 3166 συνεχούσης.
2899 3092 2957 3146 Ὀ
2998 3090 3059 3145 δε
3110 3096 3248 3166 ἔχων
3281 3096 3571 3170 θησαυρὸν,
3625 3095 3689 3154 ὡς
3734 3090 3874 3164 xposi-

547 3170 609 3222 ut
637 3167 991 3236 praedictum
1016 3166 1135 3236 78
1161 3173 1266 3233 est,
1283 3166 1513 3238 absque
1540 3168 1963 3238 omninegotio
1983 3175 2039 3225 et
2072 3187 2197 3227 mo-

543 3254 733 3319 lestia,
772 3270 1167 3326 quascunque
1204 3256 1497 3325 exaptarit
1535 3257 1958 3326 possessiones,
1994 3275 2199 3315 conse-

545 3343 747 3413 quitur
775 3361 787 3398 :
818 3344 901 3398 sic
920 3358 1162 3413 quoque
1183 3344 1386 3398 anima
1418 3343 1599 3412 nuda,
1616 3358 1687 3398 ac
1717 3344 1994 3401 societate
2022 3348 2197 3414 Spiri-

546 3437 640 3486 tus
677 3431 977 3493 destituta,
1009 3438 1065 3484 et
1102 3430 1179 3485 ad
1232 3431 1448 3486 duram
1507 3437 1919 3502 paupertatem
1968 3438 2197 3506 peccati

543 3519 807 3584 redacta,
838 3519 1068 3574 nullum
1110 3523 1324 3589 potest,
1352 3524 1723 3591 quantopere
1763 3520 2036 3592 voluerit,
2067 3524 2197 3597 Spi-

542 3608 687 3662 ritus
720 3608 959 3679 justitiaa
990 3607 1244 3663 fructum
1270 3623 1477 3663 revera
1502 3608 1851 3679 producere,
1869 3616 2194 3684 antequam

550 3696 803 3768 Spiritus
834 3697 1130 3769 particeps
1161 3696 1317 3753 facta
1338 3698 1429 3753 sit.

613 3821 706 3877 Ill.
735 3821 1156 3878 Verumtamen
1188 3821 1245 3877 vi
1272 3822 1537 3895 quadam
1597 3838 1658 3879 se
1679 3840 1981 3897 quemque
2026 3842 2191 3883 com-

539 3912 756 3985 pellere
816 3918 1069 3984 oportet,
1096 3912 1171 3967 ad
1231 3911 1567 3982 rogandum
1624 3914 1831 3978 Deum,
1866 3920 1927 3969 ut
1972 3915 2191 3986 dignus

534 4002 851 4072 judicetur,
894 4001 995 4072 qui
1050 4006 1455 4073 consequatur
1492 4006 1546 4055 et
1598 4002 1862 4058 inveniat
1889 4004 2189 4061 caelestem

538 4090 891 4146 thesaurum
915 4090 1183 4161 Spiritus,
1212 4106 1279 4145 ac
1296 4089 1719 4163 possitabsque
1734 4093 1897 4146 omni
1919 4092 2191 4149 molestia

539 4183 595 4233 et
616 4178 822 4234 labore
850 4180 1128 4249 perﬁcere
1154 4179 1359 4233 omnia
1391 4187 1689 4251 praecepta
1721 4181 1975 4244 Domini,
2018 4197 2190 4252 pure-

538 4281 608 4322 ac
663 4268 787 4321 sine
830 4268 1313 4337 reprehensione,
1347 4283 1481 4338 quae
1518 4267 1702 4338 prius,
1737 4284 1810 4322 ne
1839 4268 1893 4323 vi
1941 4270 2185 4341 quidem

537 4355 831 4425 adhibita,
864 4370 979 4409 non
1014 4360 1242 4425 poterat
1272 4366 1425 4409 recte
1447 4357 1748 4425 perlicere.
1768 4358 1998 4427 Pauper
2026 4360 2181 4413 enim

537 4459 675 4498 cum
705 4448 857 4497 esset
896 4448 952 4497 et
982 4444 1200 4511 nudus,
1228 4459 1294 4497 ac
1329 4444 1605 4498 societate
1650 4446 1899 4515 Spiritus
1938 4446 2182 4503 destitu-
2216 4437 2263 4493 Ι)

540 4538 631 4587 tus
661 4548 803 4603 ,qua
852 4533 1079 4588 ratione
1108 4532 1267 4588 bona
1320 4536 1447 4587 haec
1505 4533 1839 4604 spiritualia
1896 4538 2181 4609 consequi

536 4622 746 4694 potuit,
771 4621 1000 4694 absque
1040 4622 1318 4677 thesauro
1358 4628 1412 4676 et
1450 4623 1856 4693 spiritualihus
1895 4624 2117 4680 divitiis
2157 4629 2184 4684 ?

537 4714 752 4767 Verum
780 4712 1147 4783 aumia,qute
1172 4712 1510 4775 Dominum,
1538 4728 1640 4783 per
1668 4712 2179 4784 investigationem

539 4802 809 4872 Spiritus,
827 4801 1004 4855 ﬁdem
1026 4816 1088 4855 re
1103 4800 1349 4855 multam
1365 4801 1950 4870 patientiam,verum
1965 4819 2181 4877 nempe

538 4890 882 4945 thesaurum
946 4891 1177 4961 reperit,
1222 4890 1444 4943 fructus
1496 4888 1749 4960 Spiritus
1796 4891 2089 4961 producit,
2120 4900 2181 4950 ut

531 4980 759 5034 dictum
788 4984 894 5043 est,
932 4980 1161 5052 absque
1187 4979 1351 5034 omni
1381 4978 1603 5044 labore,
1638 4983 2181 5053 omnemquejusti-

534 5070 700 5134 tiam,
727 5085 794 5125 ac
820 5072 1116 5141 przecepta
1140 5067 1391 5131 Domini,
1423 5084 1559 5139 quae
1584 5069 1832 5140 Spiritus
1850 5071 2177 5139 mandavit,

439 5195 443 5199 ι
530 5158 589 5212 in
649 5173 730 5223 se,
761 5162 816 5212 et
837 5172 942 5229 per
984 5172 1065 5225 se,
1099 5172 1246 5229 pure
1272 5163 1328 5212 et
1350 5160 1596 5229 integre,
1621 5164 1675 5214 et
1701 5158 1829 5215 sine
1856 5161 2174 5232 reprehen-

535 5247 701 5303 sione
727 5246 974 5319 perﬁcit.

603 5354 690 5407 IV.
716 5355 828 5409 Aut
880 5368 1089 5407 rursus
1130 5352 1245 5409 alio
1272 5356 1511 5408 utamur
1549 5354 1845 5427 exemplo.
1876 5356 2180 5421 Quemad-

532 5442 786 5499 modum
810 5442 860 5497 si
888 5442 962 5498 sit
989 5441 1205 5514 aliquis
1234 5441 1415 5508 dives,
1444 5442 1545 5514 qui
1568 5459 1705 5499 cum
1720 5460 1955 5502 coenam
1978 5446 2181 5519 exqui-

600 5657 651 5697 νο
681 5655 730 5714 ιι
756 5657 887 5713 Cor.
920 5659 995 5727 iv,
1025 5656 1079 5711 6.
1158 5655 1201 5691 οι
1236 5655 1257 5711 1
1289 5656 1417 5714 Cor.
1449 5672 1487 5729 ι,
1518 5656 1605 5713 30.

2306 3202 2484 3258 ρηται,
2513 3182 2762 3255 εὐχερῶς,
2790 3182 2875 3235 οἷα
2920 3179 3161 3255 βούλεται
3202 3188 3476 3255 κτήματα,
3503 3186 3593 3237 καὶ
3637 3176 3874 3237 ἀνωδύνως

2305 3278 2514 3327 κτᾶται.
2563 3272 2735 3332 Οὕτως
2781 3276 2870 3324 καὶ
2915 3271 3071 3344 ψυχὴ
3122 3272 3152 3331 ἡ
3202 3277 3377 3345 γυμνὴ
3432 3278 3523 3327 καὶ
3568 3275 3744 3346 ἕρημος
3790 3266 3873 3318 διπό

2304 3366 2570 3421 κοινωνίας
2627 3362 2939 3433 Πνεύματος,
2985 3365 3069 3413 καὶ
3118 3362 3219 3415 ὑπὸ
3268 3366 3366 3420 τὴν
3425 3359 3598 3420 δεινὴν
3642 3360 3873 3429 πτωχείαν

2304 3457 2395 3511 τῆς
2459 3449 2721 3522 ἁμαρτίας
2779 3446 2933 3515 οὖσα,
2985 3447 3136 3504 οὐδὲν
3186 3448 3438 3519 dibu-rat,
3501 3453 3596 3503 κοῖν
3656 3448 3759 3520 θέλῃ
3802 3448 3875 3497 τὸν

2303 3542 2500 3614 καρπὸν
2548 3546 2641 3591 τοῦ
2692 3542 2986 3611 Πνεύματος
3037 3548 3132 3602 τῆς
3181 3536 3531 3603 δικαιοσύνης
3572 3539 3625 3602 ἐξ
3669 3536 3875 3595 ἀληθείας

2305 3635 2546 3693 ποιῆσαι,
2580 3630 2678 3703 πρὸ
2703 3637 2795 3690 τῆς
2823 3628 3152 3701 μεταληψεως
3180 3637 3271 3683 τοῦ
3304 3633 3623 3704 Πνεῦματος.

2374 3823 2447 3877 Γ’.
2479 3822 2655 3898 Ὀμως
2700 3823 2984 3899 βιάζεσθαι
3026 3831 3135 3900 χρὴ
3192 3828 3416 3880 ἕκαστον
3467 3826 3643 3880 ἑαυτὸν
3690 3822 3755 3884 εἰς
3796 3821 3874 3876 τὴν

2303 3917 2516 3972 αἴτησιν
2552 3922 2647 3966 τοῦ
2687 3919 2902 3989 Κυρίου,
2941 3917 3024 3969 ἱνα
3060 3915 3358 3990 καταξιωθῇ
3387 3915 3579 3982 λαϐεῖν,
3616 3917 3699 3966 καὶ
3735 3910 3873 3983 εὑρεῖν

2300 4006 2387 4055 τὸν
2435 4003 2736 4077 ἐπουράνιον
2784 4012 2877 4058 τοῦ
2918 4008 3209 4075 Πνεύματος
3251 4007 3543 4081 θησαυρὸν,
3598 4006 3724 4063 ὥστε
3767 3998 3873 4051 ἀκο-

2299 4094 2537 4154 πιάστως
2571 4098 2661 4145 καὶ
2713 4092 2941 4168 εὐχερῶς
2982 4091 3275 4153 δυνηθῆναι
3306 4103 3533 4155 ποιῆσαι
3584 4094 3746 4151 πάσας
3795 4087 3873 4144 τὰς

2299 4180 2502 4243 ἐντολὰς
2549 4189 2642 4234 τοῦ
2691 4186 2907 4257 Κυρίου,
2956 4182 3185 4256 ἆμὼμως
3238 4189 3329 4237 καὶ
3381 4184 3638 4258 καθαρῶς,
3682 4179 3735 4241 ἇς
3770 4179 3873 4249 πρὶν

2297 4274 2428 4342 μετά
2465 4270 2589 4344 βίας
2628 4272 2723 4324 οῦκ
2780 4270 3009 4330 ἠδύνατο
3060 4274 3419 4345 κατορθῶσαι.
3464 4278 3620 4334 Πένης
3666 4272 3759 4343 ’γὰρ
3796 4267 3872 4317 καὶ

2295 4364 2492 4432 γυμνὸς
2555 4365 2656 4414 ἀπὸ
2730 4367 2997 4424 κοινωνίας
3055 4366 3355 4434 Ῑινεύματος
3437 4365 3709 4435 ὑπάρχων,
3778 4360 3873 4415 πῶς

2296 4446 2528 4507 ἠδύνατο
2592 4458 2811 4503 τοιαῦτα
2875 4454 3203 4523 πνευματικὰ
3267 4456 3517 4525 κτήματα
3577 4446 3866 4511 κτήσασθαι,

2294 4539 2412 4591 ἄνευ
2442 4542 2711 4613 θησαυροῦ
2745 4546 2832 4593 καὶ
2858 4541 3083 4594 πλούτου
3108 4550 3466 4614 πνευματικοῦ
3494 4558 3507 4607 ;
3552 4541 3607 4593 Ἠ
3640 4535 3694 4592 δὲ
3720 4537 3870 4607 εὑροῦ-

2296 4647 2363 4680 σα
2387 4628 2541 4701 ψυχὴ
2574 4632 2657 4682 τὸν
2692 4632 2900 4703 Κύριον,
2928 4626 3021 4683 διὰ
3052 4632 3320 4692 ζητήσεως
3352 4634 3668 4703 Πνεύματος,
3697 4630 3776 4678 καί
3801 4625 3872 4674 πί-

2295 4737 2450 4779 στεως
2475 4722 2558 4770 καὶ
2608 4720 2869 4791 ὑπομονῆς
2920 4719 3078 4779 πολλῆ
3091 4742 3132 4784 ς,
3165 4724 3251 4773 τὸν
3313 4719 3557 4779 ἀληθινόν
3611 4713 3867 4789 θησαυρὸν,

2291 4810 2406 4867 τοὺς
2485 4810 2717 4879 καρποὺς
2796 4815 2886 4861 τοῦ
2954 4812 3251 4881 Πνεύματος
3336 4809 3729 4883 κατεργάζεται,
3814 4801 3871 4857 ὡς

2290 4899 2612 4971 προείρηται,
2669 4900 2918 4971 εὐχερῶς,
2982 4900 3156 4950 πᾶσάν
3200 4916 3254 4951 τε
3304 4894 3618 4953 δικαιοσύνη
3679 4896 3762 4945 καὶ
3804 4890 3868 4941 ἂν·

2290 4984 2443 5047 τολάς
2472 4993 2565 5037 τοῦ
2617 4990 2833 5062 Κυρίου,
2875 4987 2936 5051 ἅς
2992 4986 3269 5040 ἐνετείλατο
3314 4991 3373 5040 τὸ
3403 4982 3682 5059 Πνεῦμαὲν
3732 4978 3867 5049 αὐτῇ»

2290 5078 2380 5126 καὶ
2438 5070 2472 5125 δ
2479 5072 2513 5125 ι’
2557 5075 2723 5137 αὐτῆς
2772 5082 2910 5128 ποιεῖ
2966 5078 3211 5151 καθαρῶς
3252 5080 3341 5130 καὶ
3374 5075 3574 5135 τελείως
3618 5074 3702 5125 καὶ
3741 5067 3868 5141 ἀμώ-

2290 5182 2420 5234 μως.

2361 5356 2432 5413 A'.
2465 5356 2533 5411 Ἥ
2561 5358 2714 5412 πάλιν
2769 5361 2919 5433 ἑτέρῳ
2961 5357 3310 5433 ὑποδείγματι
3355 5358 3704 5433 χρησώμεθα.
3748 5351 3866 5407 Ὠσ-

2289 5467 2383 5523 περ
2448 5447 2532 5501 ἑάν
2586 5468 2667 5513 τις
2796 5449 3050 5513 πλούσιος
3096 5455 3186 5505 καὶ
3236 5454 3437 5524 ποιήσῃ
3491 5445 3692 5502 δεῖπνον
3730 5439 3865 5495 πολυ-
