4076 6210
248 265 365 324 637

1578 262 1916 325 HOMIUE.
1952 299 2024 311 --
2068 264 2242 326 HOM.
2284 268 2482 326 XVIII.

3516 275 3623 333 638

250 391 411 456 τελες,
470 390 526 444 ἐκ
581 398 677 444 τοῦ
730 390 957 444 πλούτου
1006 389 1167 445 αὐτοῦ
1217 396 1313 445 καὶ
1384 394 1659 465 θησαυροῦ
1699 394 1853 467 οὗπερ

1976 394 2266 450 sitissimis
2302 395 2483 450 rebus
2516 394 2875 454 instructam
2930 404 3249 471 praeparet,
3275 416 3348 456 ex
3398 400 3621 458 divitiis

251 482 392 550 ἔχει,
423 478 712 545 ἀναλίσκει,
743 486 835 533 καὶ
885 480 945 533 οὐ
998 478 1227 552 δέδοικε,
1286 486 1357 553 μή
1417 500 1555 543 τινος
1587 481 1728 551 αὐτῷ
1785 481 1859 533 έν·

251 564 441 627 δεήσει
476 569 699 622 πλοῦτον
762 572 943 641 ἔχοντι
998 574 1161 642 μέγαν
1194 586 1209 600 ⁸
1250 576 1342 625 καὶ
1374 571 1542 633 οὕτως
1600 570 1858 645 εύφροίινει

248 661 374 720 τοὺς
425 654 749 730 δαιτυμόνας
802 656 1093 720 πολυτελῶς
1149 664 1240 712 καὶ
1270 658 1518 733 λαμπρῶς
1571 662 1687 719 τούς
1738 659 1862 717 κλη-

255 750 438 809 θέντας
495 747 583 799 ὐπ’
626 746 810 815 αὐτοῦ,
882 744 1112 822 διάφορα
1164 752 1256 801 xui
1306 752 1581 823 καινότερα
1609 748 1858 822 παρέχων

254 837 437 898 αὐτοῖς
494 832 780 907 ὶδέσματα.
820 835 879 889 Ὀ
938 832 997 889 δε
1048 840 1206 897 πένης
1243 842 1332 891 xui
1386 834 1563 897 ἐνδεὴς
1604 837 1856 903 πλούτου,

252 924 338 978 ἐὰν
371 924 611 998 βουληθῇ
647 923 854 979 δεῖπνον
883 928 1283 981 κατασκευάσαι
1311 933 1431 994 τινὶ,
1469 930 1642 980 πάντα
1666 933 1857 1001 κιχρᾱ-

252 1034 364 1081 ται,
394 1020 489 1067 xui
518 1016 657 1068 αὐτά
705 1017 774 1068 τὰ
812 1019 997 1081 σκεύη,
1027 1021 1117 1069 xui
1144 1018 1348 1088 ἱμάτια,
1393 1020 1484 1069 καὶ
1520 1015 1653 1069 ἄλλα
1689 1013 1806 1074 εἴδη
1842 1035 1854 1048 ·

252 1110 341 1156 καὶ
372 1102 469 1157 εἶθ’
523 1105 688 1167 οὕτως
755 1107 887 1177 μετά
951 1108 1008 1158 τό
1066 1101 1351 1163 δειπνῆσαι
1400 1109 1522 1167 τούς
1560 1105 1856 1170 κληθέντας,

250 1196 317 1255 ὡς
376 1202 425 1246 εν
485 1191 681 1265 δείπνῳ
719 1199 958 1260 πένητος,
1009 1194 1226 1268 ὕστερον
1278 1194 1351 1247 ένὶ
1399 1194 1602 1267 ἑκάστῳ
1667 1190 1861 1248 ἀποδί-

250 1280 443 1351 δωσιν,
502 1282 616 1336 ὅθεν
676 1287 947 1356 ἰχρησατο
1002 1291 1181 1344 σκεῦος
1227 1282 1507 1357 ἀργυροῦν,
1548 1288 1579 1342 ἤ
1632 1286 1858 1356 ἱμάτιον,

250 1376 282 1431 ἦ
325 1375 499 1447 ἕτερον
527 1368 671 1436 εἶδος
700 1389 713 1402 ·
755 1378 845 1425 xui
898 1372 1057 1433 οὕτως
1085 1373 1286 1445 ἑκάστῳ
1342 1370 1700 1428 ἀποδοθέντων
1729 1376 1863 1427 πάν-

250 1481 377 1526 των,
437 1461 599 1524 αὐτὸς
666 1466 821 1524 πένης
869 1467 960 1515 καὶ
1029 1465 1226 1534 γυμνὸς
1294 1463 1558 1534 ἀπομένει,
1600 1466 1672 1535 μὴ
1724 1464 1861 1534 ἔχων

250 1547 393 1603 ῖδιον
422 1549 650 1603 πλοῦτον
677 1550 731 1613 ἓξ
759 1550 818 1604 οὐ
858 1551 1230 1625 εὐφραίνεσθαι
1260 1547 1502 1607 δύναται.

327 1871 402 1927 Ε’.
447 1872 631 1934 Οὕτως
675 1890 765 1923 και
814 1872 863 1924 οἱ
892 1870 1135 1925 πλούσιοι
1182 1891 1253 1944 τῳ
1294 1873 1556 1945 Πνεύματι
1597 1879 1667 1942 τῷ
1702 1871 1856 1942 ἁγίῳ,

258 1964 476 2033 ἔχοντες
520 1964 609 2013 τὸν
662 1960 881 2013 πλοῦτον
912 1964 1000 2014 τὸν
1045 1961 1351 2034 ἐπουράνιον
1404 1960 1452 2012 έν
1506 1958 1737 2032 ἀληθείᾳ,
1774 1964 1864 2011 xui

260 2056 534 2103 κοινωνίαν
595 2051 893 2123 Πνεύματος
957 2052 1006 2102 ἓν
1049 2051 1251 2115 αὐτοῖς,
1325 2047 1450 2101 ἐπάν
1504 2069 1618 2101 τισι
1668 2048 1864 2109 λαλῶσι

256 2144 349 2192 τὸν
387 2139 545 2211 λόγον
577 2146 671 2201 τῆς
705 2138 967 2204 ἀληθείας,
1018 2142 1107 2191 καὶ
1146 2137 1269 2190 έπάν
1316 2158 1428 2191 τισι
1466 2136 1751 2191 κοινωνῶσι
1779 2136 1865 2189 λό-

256 2250 350 2301 γον
399 2232 772 2302 πνευματικόν,

257 2318 313 2371 ix
344 2328 439 2371 τοῦ
482 2316 622 2371 ἰδίου
653 2318 874 2371 πλούτου
924 2321 1014 2370 καὶ
1061 2318 1115 2369 ἐκ
1145 2325 1238 2370 τοῦ
1296 2314 1435 2370 ἰδίου
1478 2318 1771 2391 θησαυροῦ,
1806 2311 1865 2367 οὗ

256 2414 537 2467 κέκτηνται
569 2410 617 2460 ἑν
648 2407 870 2472 ἑαυτοῖς,
930 2407 982 2470 ἑξ
1020 2407 1181 2459 αὐτοῦ
1208 2404 1448 2471 λαλοῦσι,
1504 2409 1593 2457 xui
1622 2404 1676 2468 ἒξ
1705 2404 1864 2457 αὐτοῦ

852 2234 942 2281 καὶ
1002 2228 1246 2304 εὐφρᾶναι
1306 2227 1489 2299 ψυχὰς
1556 2226 1862 2292 θελήσωσιν,

257 2503 600 2572 εὐφραίνουσι
659 2499 751 2560 τὰς
804 2496 993 2569 ψυχὰς
1025 2505 1125 2548 τῶν
1186 2493 1474 2547 ἀκουόντων
1514 2497 1601 2546 τὸν
1639 2514 1867 2567 πνευμα-

254 2593 405 2639 τικόν
433 2586 611 2658 λόγον,
660 2590 750 2639 καὶ
803 2587 861 2638 οὐ
917 2581 1196 2638 δεδοίκασι
1246 2587 1317 2656 μὴ
1352 2578 1639 2642 ἐνδεήσειεν
1669 2584 1863 2648 αὐτοῖς,

256 2676 344 2728 ὃτι
373 2679 650 2735 κέκτηνται
705 2678 755 2727 ἑν
807 2675 986 2735 αὐτοῖς
1017 2676 1281 2745 θησαυρὸν
1320 2672 1558 2745 οὐράνιον
1591 2671 1867 2744 ἀγαθωσύ-

254 2784 374 2831 νης,
409 2763 465 2827 έξ
493 2763 555 2817 οὗ
583 2767 903 2839 προφέρουσι
948 2768 1038 2814 xui
1087 2761 1422 2836 εὐφραίνουσι
1468 2765 1585 2821 τούς
1636 2779 1868 2830 πνευμα-

256 2862 425 2915 τικῶς
474 2852 839 2924 ἑστιωμένους.
901 2850 959 2906 Ὀ
1009 2846 1067 2903 δὲ
1123 2855 1279 2912 πένης
1318 2854 1406 2902 καὶ
1442 2854 1513 2923 μη
1556 2854 1867 2921 κεκτημένος

257 2944 322 2995 ix
377 2948 471 2993 τοῦ
522 2941 748 2993 πλούτου
797 2946 889 2992 τοῦ
948 2944 1205 3011 Χριστοῦ,
1271 2944 1401 3012 μήτε
1448 2940 1586 3011 ἔχων
1648 2937 1865 2990 πλοῦτον

258 3033 615 3103 πνευματικόν
668 3029 717 3082 έν
767 3036 830 3102 τῇ
872 3027 1051 3101 ψυχῇ,
1118 3031 1206 3079 τὸν
1255 3023 1484 3102 βρύοντα
1532 3034 1708 3080 πᾶσαν
1739 3026 1865 3099 ἀγα-

262 3123 509 3177 θωσύνην
536 3118 705 3191 λόγων
744 3138 797 3171 τε
836 3117 926 3170 κᾶὶ
956 3120 1138 3191 ἔργων,
1168 3122 1259 3169 καὶ
1288 3118 1664 3190 ἐνθυμημάτων
1697 3118 1863 3181 θείων,

258 3215 356 3262 καὶ
388 3214 697 3282 μυστηρίων
728 3207 1017 3272 ἀλαλήτων,
1075 3207 1119 3260 εἰ
1148 3211 1237 3259 xui
1267 3204 1506 3281 βούλετάι
1535 3207 1687 3269 οὗτος
1712 3206 1864 3278 λόγον

260 3298 518 3360 ἀληθείας
577 3297 769 3362 λαλεῖν,
810 3301 900 3349 xui
952 3296 1239 3369 εὐφραίνειν
1293 3298 1438 3357 τινάς
1491 3304 1590 3348 τῶν
1656 3294 1864 3349 ἀκουόν-

256 3408 387 3455 των,
421 3386 532 3439 ἀλλ’
562 3386 610 3438 έν
642 3383 860 3459 δυνάμει
902 3390 993 3438 καὶ
1034 3384 1248 3457 ἀληθείᾳ
1293 3388 1378 3438 τὸν
1425 3384 1577 3456 λόγον
1608 3393 1699 3438 τοῦ
1733 3392 1864 3439 Θεοῦ

255 3482 338 3551 μὴ
424 3480 734 3548 κεκτημένος
800 3474 847 3526 έν
921 3474 1105 3546 ἑαυτῷ,

254 3568 490 3639 μονεύων
531 3570 619 3617 καὶ
648 3569 977 3640 κιχρὼμενος
1010 3566 1190 3636 λόγους
1228 3562 1281 3627 ἐξ
1312 3561 1536 3625 ἑκάστης
1572 3573 1797 3636 γραφῆς,
1830 3565 1859 3623 ἦ

256 3658 409 3729 παρά
450 3661 810 3726 πνευματικῶν
864 3649 1068 3729 ἀνδρῶν
1127 3651 1352 3713 ἀκούσας
1389 3658 1478 3704 καὶ
1523 3649 1865 3726 διηγούμενος

252 3750 351 3797 καὶ
392 3740 692 3808 διδάσκων,
729 3739 846 3795 ἰδού
877 3743 1063 3804 ἄλλους
1098 3745 1188 3816 μὶν
1238 3738 1386 3795 δοκεῖ
1415 3741 1718 3814 εὐφραίνειν,
1774 3748 1863 3795 καὶ

252 3832 409 3887 ἄλλοι
462 3831 785 3885 ἀπολαύουσι
840 3840 939 3884 τῶν
1012 3830 1175 3904 λόγων
1206 3848 1220 3861 ⁸
1272 3832 1402 3903 μετά
1460 3826 1518 3883 δι
1561 3834 1619 3883 τὸ
1673 3827 1864 3903 διηγή-

256 3924 467 3976 σασθαι
520 3921 697 3990 αὐτὸν,
752 3923 967 3982 ἕκαστος
1023 3921 1172 3993 λόγος
1222 3924 1354 3995 πρός
1399 3922 1465 3972 τὰ
1520 3916 1638 3972 ἴδια
1677 3917 1760 3992 ἀφ’
1796 3918 1863 3970 ὧν

1203 3473 1331 3526 ἀλλά
1406 3478 1559 3547 μόνον
1625 3473 1863 3547 ἀπομνη-

253 4014 425 4085 ἦρθη,
468 4008 781 4085 ἀπέρχεται,
839 4014 929 4063 xui
968 4009 1121 4070 αὐτὸς
1168 4010 1321 4062 πάλιν
1370 4012 1566 4081 γυμνὸς
1623 4006 1865 4079 ἀπομένει

252 4105 349 4152 xui
417 4103 593 4164 πένης,
653 4103 725 4170 μὴ
812 4100 949 4171 ἔχων
1026 4094 1163 4149 ἴδιον
1232 4098 1494 4171 θησαυρὸν
1550 4099 1860 4169 Πνεύματος,

253 4185 431 4260 ἀφόὖ
479 4193 743 4262 προφέρει,
794 4192 883 4240 καὶ
941 4186 1138 4260 ὠφελεῖ,
1188 4190 1278 4238 καὶ
1331 4185 1588 4258 εὐφραίνει
1639 4185 1863 4262 ἐτέρους,

254 4280 419 4339 αὐτὸς
458 4286 665 4352 πρῶτος
714 4281 783 4351 μὴ
823 4276 1237 4352 εὐφραινόμενος,
1290 4271 1431 4349 μηδὲ
1488 4273 1865 4349 ἀγαλλιῶμενος

254 4376 331 4440 τῷ
364 4373 658 4439 Πνεῦματι.

328 4493 406 4561 ς’.
469 4496 567 4546 Διά
611 4491 762 4546 τοῦτο
809 4495 919 4565 χρὴ
972 4499 1175 4563 πρῶτον
1228 4490 1463 4551 ζητῆσαι
1522 4491 1666 4562 ποιρά
1731 4496 1866 4543 Θεοῦ

252 4583 304 4636 έν
338 4602 480 4653 πόνῳ
509 4577 734 4656 καρδίας
756 4586 846 4632 xui
897 4584 1093 4645 πίστει,
1151 4580 1235 4631 ἶνα
1265 4576 1343 4650 δῷ
1395 4580 1523 4649 ἡμῖν
1572 4579 1735 4651 εὑρεῖν
1781 4582 1866 4631 τὸν

252 4673 482 4725 πλοῦτον
514 4671 697 4736 αὐτοῦ,
752 4676 837 4722 τόν
889 4666 1130 4728 ἀληθινὸν
1181 4671 1445 4740 θησαυρὸν
1484 4675 1577 4720 τοῦ
1628 4675 1869 4740 Χριστοῦ

254 4762 306 4814 έν
353 4768 475 4823 ταῖς
532 4754 781 4831 καρδίαις
858 4759 1023 4829 ἡμῶν,
1078 4756 1128 4810 έν
1187 4753 1408 4828 δυνάμει
1492 4761 1581 4808 xui
1639 4756 1865 4829 ένεργείᾳ

256 4854 582 4922 Πνεύματος.
632 4852 733 4901 Καὶ
783 4847 947 4908 οὕτως
994 4850 1240 4921 πρότερον
1293 4845 1608 4918 ὢφελειανίν
1640 4844 1860 4911 ἑαυτοῖς,

255 4948 350 4993 καὶ
376 4941 661 5011 σωτηρίαν,
712 4941 803 4989 καὶ
833 4936 972 4997 ζωὴν
1004 4935 1207 4988 αἰώνιον
1237 4936 1483 5009 εὑρόντες,
1521 4937 1606 4987 τόν
1645 4936 1858 5008 Κύριον,

257 5036 380 5083 τότε
406 5034 500 5081 xui
522 5026 733 5092 ἄλλους,
789 5027 856 5088 ὡς
905 5021 940 5077 δ
947 5027 1125 5081 υνατόν
1177 5029 1268 5078 xui
1308 5027 1510 5096 ἔφικτόν
1540 5022 1704 5091 ἐστιν,
1734 5023 1863 5095 ὡφε-

256 5120 523 5189 λήσωμεν,
554 5116 657 5168 ἀπὸ
704 5122 796 5167 τοῦ
825 5110 972 5167 ἔνδον
1016 5116 1284 5187 θησαυροῦ
1338 5120 1430 5166 τοῦ
1465 5120 1701 5186 Χριστοῦ
1739 5131 1867 5185 προ-

256 5213 494 5281 φέροντες
584 5211 759 5258 πᾶσαν
814 5204 1161 5275 ἀγαθωσύνην
1231 5201 1396 5275 λόγων
1472 5210 1858 5274 πνευματικῶν,

256 5302 353 5350 καὶ
393 5299 701 5370 μυστηρίων
740 5296 1054 5368 ἑπουρανίων
1101 5294 1399 5365 ποιούμενοι
1442 5287 1719 5362 διήγησιν.
1763 5294 1865 5344 Οὔ-

260 5407 366 5450 τως
390 5388 493 5461 γὰρ
517 5381 849 5444 εὐδόκησηή
880 5381 1145 5453 ἀγαθότης
1164 5389 1256 5437 τοῦ
1287 5382 1575 5453 θελήματος
1603 5388 1696 5437 τοῦ
1725 5387 1866 5435 Πατ-

262 5482 372 5549 ρός,
398 5482 492 5527 τοῦ
515 5481 836 5533 κατοικῆσαι
873 5475 922 5524 ἓν
971 5476 1127 5525 παντὶ
1156 5479 1229 5544 τῷ
1253 5473 1546 5524 πιστεύοντι
1573 5475 1663 5523 καὶ
1693 5470 1865 5522 αἰτου-

262 5570 402 5639 μένῳ
427 5564 608 5619 αὐτόν.
631 5560 693 5615 Ὀ
738 5564 857 5635 γὰρ
890 5559 1146 5633 ἀγαπῶν
1196 5579 1290 5633 με,
1324 5564 1504 5633 φησὶν,
1534 5558 1863 5633 ἀγαπηθή-

267 5672 459 5710 σεται
500 5654 620 5707 ὐπὸ
667 5658 779 5706 τοῦ
822 5655 1077 5725 Πατρός
1125 5669 1266 5722 μου,
1330 5648 1500 5722 κάγὼ
1550 5648 1865 5722 ἀγαπήσω

1969 483 2093 539 suis
2137 488 2198 538 et
2248 484 2548 549 thesauro,
2581 501 2763 556 quem
2808 488 3097 558 possidet,
3133 495 3412 561 sumptus
3462 490 3624 560 facit,

1967 587 2077 627 nec
2124 573 2353 637 metuit,
2388 588 2462 628 ne
2502 574 2616 628 sibi
2655 574 2883 647 aliquid
2926 577 3098 643 desit,
3131 578 3369 634 divitias
3402 578 3623 636 multas

1968 661 2303 732 possidenti
2333 677 2346 715 :
2381 662 2588 734 sicque
2615 663 2774 719 laute
2804 666 3192 736 etsplendide
3208 668 3497 723 convivas
3514 684 3626 724 ase

1968 755 2213 805 vocatos
2242 750 2555 816 exhilarat,
2570 753 2749 808 variis
2769 769 2839 808 ac
2861 755 3032 810 novis
3056 756 3314 812 subinde
3326 756 3623 829 appositis

1968 836 2225 893 cibis.At
2255 855 2483 911 pauper
2511 842 2615 912 qui
2656 844 3275 916 est,omniquererum
3308 847 3626 903 abundan-

1970 926 2048 982 tia
2069 927 2405 995 destitutus,
2440 929 2487 983 si
2520 928 2770 985 voluerit
2786 930 3161 1001 quibusdam
3182 950 3418 991 canam
3440 952 3625 1008 appa-

1968 1032 2118 1082 rare,
2160 1024 2472 1074 mutuatur
2514 1021 2740 1085 omnia,
2784 1020 2876 1075 vel
2926 1022 3123 1091 ipsam
3168 1024 3619 1094 supellectilem,

1967 1110 2184 1170 vestes,
2225 1123 2296 1162 ac
2351 1108 2611 1179 reliquas
2673 1108 2902 1180 species
2945 1130 2959 1165 :
3002 1110 3209 1181 sicque
3249 1120 3476 1183 postea,
3522 1114 3629 1169 ubi

1968 1197 2353 1261 coenaverint,
2386 1200 2489 1269 qui
2530 1202 2700 1252 erant
2731 1200 2940 1264 vocati,
2966 1204 3029 1254 ut
3057 1199 3185 1255 ﬁeri
3217 1200 3368 1256 solet
3396 1202 3456 1257 in
3480 1218 3628 1257 con-

1968 1284 2127 1339 vivio
2166 1288 2469 1356 pauperis,
2510 1286 2767 1358 denique
2817 1287 3156 1360 unicuique,
3202 1289 3361 1344 unde
3414 1296 3624 1346 mutuo

1970 1381 2330 1444 sumpserat,
2362 1376 2610 1431 restituit
2645 1376 3078 1447 supellectilem
3113 1385 3483 1447 argenteam,
3527 1394 3627 1434 ve-

1970 1467 2087 1516 stes
2125 1478 2197 1517 ac
2234 1463 2531 1535 reliquum
2570 1470 2847 1519 ornatum
2875 1483 2888 1520 :
2914 1466 3136 1536 quibus
3174 1467 3459 1523 omnibus
3499 1467 3628 1523 uni-

1972 1550 2185 1622 cuique
2211 1551 2293 1607 sic
2312 1554 2618 1618 restitutis,
2632 1554 2763 1625 ipse
2782 1570 3011 1625 pauper
3025 1572 3096 1611 ac
3125 1556 3324 1612 nudus
3338 1562 3625 1625 remanet,

1972 1654 2094 1695 non
2124 1640 2356 1696 habens
2403 1642 2677 1713 proprias
2718 1642 3048 1712 facultates,
3079 1660 3151 1701 ex
3188 1645 3411 1718 quibus
3440 1646 3633 1718 possit

1895 1741 1935 1797 Β
1974 1730 2246 1786 recreari.

2046 1873 2110 1925 V.
2153 1873 2247 1928 Sic
2273 1888 2536 1945 quoque,
2570 1873 2829 1946 quisunt
2861 1875 3080 1947 Spiritu
3109 1881 3317 1933 sancto
3355 1876 3630 1948 locuple-

1975 1965 2083 2027 tes,
2125 1977 2196 2016 ac
2221 1960 2484 2017 caelestes
2524 1962 2760 2018 divitias
2798 1980 3004 2020 revera
3029 1967 3333 2021 consecuti
3361 1982 3631 2022 commu-

1973 2050 2218 2105 nionem
2253 2051 2503 2121 Spiritus
2537 2051 2594 2106 in
2627 2068 2687 2107 se
2717 2051 2963 2120 habent,
2979 2053 3025 2109 si
3051 2054 3422 2126 quibusdam
3447 2056 3630 2112 verba

1974 2138 2235 2194 veritatis
2262 2139 2608 2211 loquantur,
2638 2146 2692 2196 et
2713 2156 3054 2197 sermonem
3089 2143 3461 2214 spiritualem
3492 2143 3630 2217 qui-

1975 2226 2235 2282 busdam
2266 2228 2732 2294 communicent,
2767 2246 2838 2285 ac
2876 2231 3114 2286 animas
3137 2230 3376 2288 reﬁcere
3408 2239 3630 2289 statue-

1975 2322 2091 2371 rint
2113 2333 2132 2382 ;
2166 2332 2239 2371 ex
2282 2318 2538 2389 propriis
2568 2317 2806 2389 opibus,
2839 2324 2896 2374 et
2924 2336 2995 2374 ex
3038 2321 3282 2392 proprio
3323 2322 3624 2389 thesauro,

1976 2422 2156 2477 quem
2190 2406 2671 2479 possidentapud
2698 2423 2865 2473 se,ex
2881 2409 3627 2482 eo,inquam,loquuntur.

1976 2510 2044 2549 ex
2070 2510 2260 2566 eoque
2288 2494 2557 2550 reﬁciunt
2588 2496 2823 2552 animas
2850 2497 3218 2554 audientiam
3256 2499 3630 2570 spiritualem

1976 2599 2337 2649 sermonem,
2367 2600 2476 2639 nec
2502 2585 2946 2656 pertimescunt,
2964 2587 3196 2658 nequid
3218 2587 3329 2643 sibi
3352 2587 3506 2643 desit
3526 2610 3538 2642 :
3558 2605 3630 2645 eo

1975 2673 2139 2746 quod
2170 2674 2519 2745 possideant
2547 2675 2606 2730 in
2647 2692 2709 2730 se
2750 2676 3048 2732 caelestem
3086 2678 3367 2734 bonitatis
3394 2678 3629 2735 thesau-

1975 2779 2129 2829 rum,
2159 2779 2189 2819 e
2215 2780 2337 2835 quo
2359 2764 2666 2836 proferunt
2695 2770 3035 2822 etrecreant
3074 2783 3175 2823 eos
3202 2768 3305 2839 qui
3335 2767 3628 2840 spirituali

1976 2850 2109 2907 cibo
2137 2859 2473 2908 vescuntur.
2496 2853 2721 2925 Pauper
2751 2870 2906 2920 vero,
2936 2856 3036 2926 qui
3070 2871 3179 2911 nec
3210 2856 3446 2912 divitias
3468 2858 3630 2913 Chri-

1975 2940 2045 2996 sti
2072 2940 2355 3012 possidet,
2385 2957 2494 2997 nec
2512 2941 2849 3012 spirituales
2872 2943 3101 2998 obtinet
3131 2944 3190 2999 in
3221 2946 3426 3000 anima
3455 2960 3621 3016 opes,

1975 3029 2372 3101 producentes
2388 3030 2767 3101 scaturiginis
2791 3032 2978 3086 instar
3017 3047 3259 3087 omnem
3291 3033 3626 3090 bonitatem

1974 3134 2342 3182 sermonum,
2383 3134 2657 3192 operum,
2699 3120 3127 3188 cogitationum
3167 3120 3530 3187 divinarum,
3572 3127 3630 3177 et

1976 3208 2395 3281 mysteriorum
2431 3206 2843 3276 ineﬁ‘abilium,
2884 3208 2979 3264 hic
3014 3210 3285 3282 inquam,
3312 3208 3445 3264 licet
3487 3209 3629 3266 velit

1974 3298 2226 3353 verbum
2251 3297 2509 3353 veritatis
2535 3297 2758 3369 eloqui,
2791 3313 2861 3352 ac
2899 3312 3167 3353 recreare
3194 3298 3496 3369 quosdam
3519 3314 3626 3354 au—

1974 3385 2222 3451 dientes,
2251 3402 2389 3441 cum
2421 3391 2621 3463 tamen
2646 3389 2982 3441 secundum
3018 3386 3287 3441 virtutem
3321 3386 3627 3443 acinveri-

1975 3479 2089 3530 tate
2121 3490 2461 3531 sermonem
2494 3475 2594 3530 Dei
2620 3490 2741 3531 non
2772 3474 3427 3541 obtineat;verumillos
3444 3476 3627 3532 modo

1975 3568 2583 3638 sermones,quos;aut
2612 3580 2647 3619 a
2684 3580 3050 3637 quacunque
3074 3567 3371 3636 scriptura
3392 3570 3627 3621 mutua-

1975 3658 2088 3715 tur,
2116 3659 2219 3708 aut
2244 3651 2321 3708 ab
2362 3653 2491 3708 aliis
2540 3653 2950 3725 spiritualibus
2999 3655 3246 3719 audivit,
3280 3662 3543 3725 exponat
3573 3660 3629 3711 et

1974 3741 2328 3809 doceat;en
2362 3742 2591 3796 videtur
2620 3742 2868 3813 quidem
2926 3742 3021 3797 ille
3080 3741 3229 3798 alios
3278 3759 3525 3813 recrere,
3573 3748 3629 3799 et

1975 3846 2121 3886 sane
2150 3830 2933 3886 fruunturaliisermouibus
2967 3847 2980 3885 :
3020 3830 3118 3885 ubi
3154 3847 3293 3885 vero
3324 3848 3463 3887 eum
3507 3848 3628 3886 ser-

1976 3934 2217 3973 monem
2250 3919 2595 3982 recitaverit,
2628 3919 3105 3989 unumquodque
3137 3919 3388 3975 verbum
3407 3921 3481 3974 ad
3497 3936 3628 3984 sua,

1976 4005 2134 4062 unde
2176 4007 2528 4062 translatum
2581 4012 2726 4071 erat,
2756 4007 3069 4061 revertitur
3102 4024 3115 4061 :
3145 4014 3271 4062 tum
3299 4006 3393 4062 ille
3425 4008 3627 4064 denuo

1975 4094 2177 4152 nudus
2206 4111 2275 4150 ac
2307 4111 2535 4167 pauper
2563 4101 2850 4161 remanet,
2868 4110 3077 4151 carens
3090 4097 3333 4168 proprio
3348 4096 3628 4153 thesauro

1979 4185 2299 4256 Spiritus,e
2326 4200 2447 4256 quo
2477 4190 2734 4257 promat,
2763 4185 2931 4255 juvet
2986 4190 3043 4240 et
3087 4190 3309 4240 recreet
3363 4186 3529 4249 alios,
3558 4201 3628 4242 ac

1977 4274 2209 4346 primus
2238 4275 2365 4346 ipse
2397 4288 2515 4329 non
2546 4272 2828 4345 reﬁcitur,
2861 4289 2970 4330 nec
2996 4273 3216 4345 Spiritu
3248 4274 3526 4331 exsultat.

2047 4488 2164 4558 79
2195 4489 2282 4543 VI.
2310 4488 2624 4559 Propterea
2652 4488 2711 4542 in
2753 4489 2962 4560 primis
3002 4488 3432 4561 postulandum
3471 4491 3561 4545 est
3586 4504 3625 4545 a

1978 4578 2098 4633 Deo
2130 4594 2266 4632 cum
2300 4579 2677 4633 contentione
2702 4578 2897 4633 cordis
2923 4594 2993 4633 ac
3024 4578 3163 4642 ﬁde,
3204 4578 3305 4635 det
3335 4578 3533 4643 nobis,
3568 4584 3630 4633 ut

1976 4667 2354 4723 inveniamus
2383 4667 2618 4723 divitias
2643 4668 2791 4738 ejus,
2818 4683 3028 4722 verum
3046 4668 3389 4723 thesaurum
3406 4666 3631 4724 Christi

1973 4757 2033 4812 in
2063 4756 2344 4812 cordibus
2374 4756 2589 4811 nostris
2615 4756 2674 4811 in
2707 4756 2916 4811 virtute
2946 4772 3015 4810 ac
3041 4755 3309 4810 efﬁcacia
3351 4756 3625 4827 Spiritus.

1975 4848 2041 4901 Et
2066 4846 2193 4901 haec
2222 4847 2470 4909 ratione,
2505 4846 2605 4900 ubi
2636 4846 2797 4915 prius
2825 4845 2883 4899 in
2905 4844 3076 4899 nobis
3094 4846 3511 4911 commodum,
3533 4859 3627 4898 sa-

1972 4933 2156 4989 lutem
2200 4951 2269 4989 ac
2300 4934 2482 4989 vitam
2523 4940 2832 4996 teternam,
2864 4934 3181 4989 Dominum
3219 4932 3460 4998 scilicet,
3479 4946 3627 4987 con-

1972 5023 2157 5079 secuti
2187 5022 2498 5085 t‘uerimus,
2527 5022 2913 5095 postmodum
2952 5037 3196 5094 quoque
3220 5021 3368 5076 alios
3399 5036 3506 5092 pro
3534 5022 3621 5076 fa-

1973 5112 2189 5168 cultate
2226 5116 2283 5167 et
2309 5112 2537 5166 viribus
2585 5112 2805 5167 nostris
2837 5111 3217 5182 adjuvemus,
3246 5126 3318 5166 ex
3358 5110 3623 5166 interiori

1974 5202 2183 5259 Christi
2196 5202 2475 5257 thesauro
2488 5208 2829 5273 promentes
2845 5216 3088 5256 omnem
3104 5198 3432 5256 bonitatem
3455 5199 3625 5270 spiri-

1972 5290 2222 5346 tualium
2238 5304 2672 5354 sermonum,ac
2686 5289 3003 5345 ccelestium
3021 5289 3431 5347 mvsteriorum
3447 5303 3623 5343 enar-

1972 5379 2266 5436 rationem
2324 5378 2719 5434 instituentes.
2748 5380 2842 5434 Sic
2907 5380 3066 5434 enim
3098 5378 3319 5450 placuit
3369 5376 3623 5433 bonitati

1974 5466 2291 5524 voluntatis
2322 5468 2528 5534 Patris,
2559 5467 2827 5523 habitare
2858 5469 3022 5540 apud
3041 5484 3285 5523 omnem
3310 5468 3411 5540 qui
3437 5467 3625 5523 credit

1976 5558 2037 5615 in
2090 5572 2228 5613 eum
2281 5572 2539 5630 eumque
2590 5556 2873 5630 postulat.
2908 5556 3023 5624 Qui
3064 5560 3217 5613 enim
3268 5557 3462 5629 diligit
3514 5572 3623 5627 me,

1980 5647 2203 5720 inquit,
2221 5645 2511 5720 diligetur
2532 5659 2569 5703 ει
2595 5647 2779 5705 Patre
2800 5660 2947 5713 meo,
2964 5644 3135 5718 etego
3161 5648 3411 5719 diligam
3425 5650 3629 5723 eum,et
