4076 6210
489 256 595 311 639

1794 245 1855 301 S.
1899 242 2199 302 MACARII
2224 239 2547 299 .EGYPTII
3732 243 3826 303 640

492 379 891 451 mani/astabo
922 378 975 435 ei
998 392 1089 434 me
1117 377 1313 448 ipsum
1332 377 1401 442 θ’,
1434 376 1500 430 Et
1539 374 1751 429 iterum
1789 390 1802 425 :
1840 372 2150 428 ch'emus

2264 368 2476 434 αὐτόν,
2508 373 2616 420 καὶ
2642 365 2964 440 ἐμφανίσω
3002 363 3171 437 αύτῷ
3213 367 3502 439 ἑημαυτόν.
3541 371 3637 421 Καὶ
3663 369 3822 422 πάλιν·

494 487 599 542 ego
630 474 682 527 et
716 472 897 525 Pater
920 483 1102 531 meus,
1132 471 1185 522 et
1224 466 1593 521 mansionem
1617 463 1784 532 apud
1814 476 1945 518 eum
1970 461 2152 530 facie-

488 576 620 616 mus
660 562 729 614 ⁸³.
759 559 852 613 Sic
884 556 1127 613 inﬁnitae
1177 554 1511 610 clementiae
1559 552 1747 608 Patris
1790 552 1986 607 visum
2041 554 2147 613 est,

493 649 576 705 sic
619 645 1207 717 incomprehensibili
1267 642 1543 699 charitati
1592 641 1801 697 Christi
1855 638 2082 711 placuit
2134 656 2147 696 :

496 739 581 793 sic
608 736 929 792 ineﬂ‘abilis
967 735 1209 791 bonitas
1248 733 1501 805 Spiritus
1543 729 1837 803 promisii.
1865 728 2053 786 Gloria
2079 728 2154 782 sit

489 826 807 884 ineffabilis
838 823 1260 880 misericordiae
1300 826 1520 877 sanctae
1543 818 1857 876 Trinitatis.

562 1007 676 1064 VII.
710 1006 817 1070 Qui
863 1003 1022 1059 enim
1076 1000 1328 1057 evadere
1379 998 1505 1056 Filii
1556 998 1675 1062 Dei,
1704 1002 1761 1052 et
1806 1011 1879 1053 ex
1937 994 2155 1067 Spiritu

494 1100 695 1151 sancto
739 1095 996 1163 desuper
1044 1090 1274 1145 renasci
1332 1088 1492 1158 digni
1547 1091 1688 1142 sunt
1738 1084 1947 1150 habiti,
1975 1088 2154 1154 atque

495 1184 791 1240 Christum
847 1180 1284 1235 illuminantem
1316 1194 1386 1233 ac
1439 1181 1807 1231 recreantem
1859 1189 1962 1228 eos
2001 1173 2058 1226 in
2092 1184 2154 1225 se

492 1272 822 1344 possident,
852 1268 1028 1325 variis
1076 1284 1146 1323 ac
1176 1267 1426 1323 diversis
1473 1266 1665 1321 modis
1693 1281 1729 1319 a
1764 1262 1980 1334 Spiritu
2010 1260 2151 1315 diri-

494 1366 734 1431 guntur,
769 1366 826 1415 et
856 1357 1231 1413 invisibiliter
1252 1357 1311 1410 in
1339 1355 1518 1412 corde
1558 1371 1695 1410 cum
1736 1352 1942 1424 requie
1980 1350 2155 1423 spiri-

492 1448 633 1505 tuali
667 1466 702 1503 a
754 1448 942 1517 gratia
983 1447 1305 1501 ducuntur.
1340 1443 1719 1499 Proferamus
1770 1456 1912 1497 vero
1945 1456 2016 1495 ex
2059 1439 2148 1501 iis,

494 1553 628 1609 quae
643 1538 701 1592 in
736 1536 964 1591 mundo
981 1534 1477 1605 suntconspicua,
1496 1546 1885 1603 personarum
1900 1529 2149 1598 ﬁguras,

492 1632 579 1692 ut,
610 1642 731 1697 qua
752 1626 980 1679 ratione
1007 1624 1199 1692 gratia
1230 1623 1289 1677 in
1317 1622 1522 1677 anima
1553 1636 1618 1677 se
1639 1628 1825 1691 gerat,
1853 1618 2060 1689 aliqua
2078 1632 2151 1672 ex

2268 459 2694 530 Ἐλευσόμεθα
2725 457 2839 528 ἐγὼ
2878 462 2987 509 καὶ
3015 456 3042 508 ό
3074 460 3290 531 Πατήρ
3344 476 3481 528 μου,
3509 462 3616 511 καὶ
3651 464 3823 531 μονὴν

2266 547 2407 622 παρ’
2439 548 2607 618 αὐτῷ
2644 550 3026 619 ποιήσομεν.
3065 545 3242 606 Οὕτως
3266 548 3297 605 ἡ
3321 544 3529 621 ἄπειρος
3554 554 3831 623 χρηστότης

2264 646 2357 689 τοῦ
2409 640 2613 711 Πατρός
2664 635 2935 701 ἠθέλησεν,
2994 635 3155 698 οὕτως
3203 636 3232 694 ἠ
3282 634 3603 698 ἀνεννότητος
3663 637 3821 710 ἀγάπη

2264 734 2356 779 τοῦ
2415 734 2651 800 Χριστοῦ
2705 722 3010 790 εὐδόκησεν,
3055 724 3213 785 οὓτως
3264 727 3294 783 ἡ
3336 724 3555 801 ἄρῥητος
3594 726 3830 797 ἀγαθότης

2265 824 2357 869 τοῦ
2410 818 2708 889 Πνεῦματος
2752 816 3121 888 ἑπηγγείλατο,
3205 815 3338 879 Δόξα
3387 824 3448 887 τῇ
3502 815 3701 891 ἁρῥητῳ
3769 818 3844 871 εύ-

2269 905 2578 978 σπ).αγχνίᾳ
2600 912 2687 978 τῇς
2713 904 2867 976 ἁγίας
2889 901 3139 977 Τριάδος.

2272 1013 2276 1016 ’
2336 994 2413 1046 Z'.
2466 996 2532 1046 Οἱ
2581 996 2684 1069 γὰρ
2754 994 3154 1057 καταξιωθέντες
3210 997 3365 1047 τέκνα
3413 996 3653 1066 γενέσθαι
3702 1002 3843 1062 Θεοῦ,

2265 1088 2354 1136 καὶ
2405 1083 2461 1135 ἔκ
2518 1086 2810 1157 Πνεύματος
2848 1083 3003 1155 ἁγίου
3042 1084 3236 1136 ἄνωθεν
3272 1085 3601 1155 γεννηθῆναι,
3644 1090 3727 1136 καὶ
3769 1088 3843 1137 τόν

2267 1175 2496 1246 Χριστὸν
2528 1176 2733 1245 ἔχοντες
2784 1176 2835 1225 iv
2888 1172 3094 1234 ἑαυτοῖς
3146 1173 3468 1246 ἐλλάμποντα
3514 1178 3603 1225 καὶ
3636 1173 3844 1227 ἀναπαύ-

2264 1281 2387 1315 οντα
2458 1262 2669 1327 αὐτοὺς,
2725 1265 2774 1314 iv
2828 1262 3085 1325 ποικίλοις
3160 1267 3249 1315 καὶ
3318 1259 3584 1335 διαφόροις
3652 1268 3845 1336 τρόποις

2266 1354 2561 1423 Πνεύματός
2624 1350 2757 1404 εἰσιν
2805 1347 3173 1424 ὁδηγούμενοι,
3251 1371 3342 1403 και
3403 1350 3635 1424 ἀοράτως
3693 1354 3739 1405 iv
3790 1360 3843 1424 τῇ

2262 1437 2482 1513 καρδίᾳ,
2528 1443 2577 1493 ἓν
2632 1442 2925 1493 ἀναπαύσει
2975 1449 3298 1513 πνευματικῇ
3338 1442 3438 1493 ύπό
3501 1449 3589 1501 τῆς
3642 1443 3847 1516 χάριτος

2262 1532 2633 1604 ἑνεργούμενοι.
2686 1534 2954 1603 Πρόσωπα
3010 1531 3071 1582 δι
3102 1532 3155 1582 ἐκ
3194 1538 3294 1581 τῶν
3332 1534 3645 1603 φαινομένων
3686 1533 3733 1583 iv
3766 1535 3845 1583 κὸ·

2264 1637 2379 1691 σμῳ
2464 1618 2796 1671 ἀπολαύσεων
2865 1617 3163 1692 ἔνέγκωμεν,
3223 1623 3313 1671 καὶ
3396 1619 3447 1671 iv
3504 1619 3658 1693 ψυχῇ
3742 1618 3847 1672 ἀνα-

495 1720 660 1787 parte
710 1712 1000 1784 exemplis
1049 1712 1223 1767 veluti
1254 1713 1731 1767 demontremus.
1765 1711 1911 1765 Sunt
1970 1707 2148 1763 inter-

2264 1709 2491 1781 στροφὰς
2571 1716 2667 1769 τῆς
2732 1710 2957 1780 χάριτος
3011 1707 3068 1759 ἐκ
3145 1704 3592 1781 παραδειγμάτων
3645 1716 3843 1783 μερικῶς

494 1804 662 1868 dum,
696 1803 798 1874 qui
830 1818 864 1857 a
886 1801 1076 1871 gratia
1114 1800 1440 1864 ducuntur,
1473 1804 1534 1855 ut
1573 1798 1676 1871 qui
1705 1798 1764 1853 in
1791 1812 1963 1853 ccena
1987 1795 2152 1868 regia

493 1892 792 1958 laetantur,
821 1898 876 1947 et
908 1890 1205 1946 exsultant
1237 1888 1632 1945 exsultatione
1655 1904 1723 1942 ac
1754 1884 1954 1942 laetitia
2009 1883 2152 1939 inef-

496 1981 658 2037 fabili
694 1998 705 2035 :
746 1982 863 2036 alia
905 1996 1044 2035 vero
1084 1979 1233 2034 hora
1274 1978 1495 2032 similes
1537 1982 1674 2032 sunt
1713 1991 1973 2047 sponsae,
2014 1989 2149 2045 quae

494 2070 707 2128 fruitur
737 2071 794 2125 in
836 2069 1118 2140 conjugio
1158 2083 1296 2122 cum
1335 2082 1559 2138 sponso
1588 2082 1697 2120 suo
1729 2064 2033 2135 voluptate
2065 2062 2151 2117 di-

492 2159 657 2215 vina.
686 2159 1023 2230 Aliquando
1054 2158 1203 2212 fiunt
1236 2156 1416 2210 veluti
1464 2155 1662 2225 angeli
1695 2152 2047 2224 incorporei,
2089 2151 2149 2205 in

497 2251 658 2305 tanta
691 2248 927 2304 levitate
959 2264 1029 2302 ac
1063 2244 1383 2301 subtilitate
1407 2260 1527 2299 una
1562 2259 1699 2299 cum
1731 2257 1979 2314 corpore
2012 2256 2151 2295 con-

497 2337 700 2393 stituti.
736 2337 1039 2391 Interdum
1066 2340 1227 2401 sunt,
1264 2334 1445 2404 utqui
1477 2339 1621 2404 patu
1649 2332 1919 2387 inebriati
1939 2335 1994 2385 et
2025 2330 2151 2400 Spi-

496 2427 611 2482 ritu
656 2426 1041 2487 delectantur,
1079 2423 1470 2490 inebriantur,
1500 2422 1782 2477 ebrietate
1814 2419 2034 2476 scilicet
2066 2418 2149 2474 di-

498 2516 771 2569 vinorum
803 2530 873 2568 ac
897 2512 1294 2583 spiritualium
1320 2510 1764 2583 mysteriorum.

571 2604 703 2655 VIII.
742 2602 1041 2657 Interdum
1070 2605 1205 2655 sunt
1237 2599 1396 2654 velut
1444 2600 1501 2653 in
1542 2598 1703 2653 luctu
1758 2604 1813 2654 et
1865 2598 2150 2653 lamenta-

498 2692 657 2747 tione
703 2696 943 2762 propter
978 2706 1167 2761 genus
1218 2690 1574 2753 humanum,
1604 2704 1672 2743 ac
1724 2687 1995 2759 precibus
2042 2702 2150 2759 pro

500 2782 621 2837 toto
649 2794 862 2849 genere
884 2779 1154 2833 humano
1178 2777 1399 2842 eﬂ‘usis,
1424 2778 1499 2833 ad
1526 2776 1847 2848 lacrymas.
1877 2784 1932 2831 et
1963 2776 2039 2831 ad
2066 2776 2150 2831 lu-

501 2874 661 2924 ctum
692 2867 1106 2940 prolabuntur,
1137 2867 1448 2923 dilectione
1464 2866 1757 2936 spirituali
1781 2881 1921 2936 erga
1939 2865 2151 2921 huma-

496 2972 645 3014 num
669 2974 857 3030 genus
888 2956 1456 3012 accensi.Interdum
1498 2971 1637 3011 vero
1670 2955 1745 3011 ad
1789 2961 2013 3010 tantam
2055 2971 2152 3010 ex-

500 3047 882 3103 sultationem
917 3062 985 3100 ac
1012 3045 1393 3101 dilectionem
1421 3061 1457 3101 a
1483 3045 1697 3116 Spiritu
1717 3042 2146 3110 inﬂammatur,
2188 3072 2227 3128 ρ

499 3140 586 3201 ut,
611 3137 657 3190 si
686 3136 808 3190 fieri
844 3136 1051 3207 possit.
1084 3150 1295 3190 omnes
1327 3134 1603 3189 homines
1652 3134 1712 3188 in
1758 3150 1867 3188 sua
1926 3133 2150 3188 viscera

499 3224 1058 3295 conjicerent.nulla
1087 3238 1194 3277 nec
1227 3224 1521 3278 bonorum
1560 3237 1667 3276 nec
1707 3222 2002 3277 malorum
2045 3222 2152 3278 ha-

501 3314 624 3370 bita
676 3314 926 3368 ratione.
980 3311 1282 3365 Interdum
1353 3325 1491 3365 vero
1547 3310 1939 3364 demittuntur
2000 3310 2151 3364 infra

498 3418 710 3458 omnes
735 3402 1006 3455 homines
1034 3401 1091 3453 in
1138 3398 1469 3454 humilitate
1514 3398 1753 3469 Spiritu,
1797 3404 1858 3451 ut
1890 3414 1952 3451 se
1986 3397 2151 3468 ipsos

426 3522 432 3529 ο
499 3490 774 3547 omnium
797 3487 1216 3558 abjectissimaa
1249 3502 1317 3541 ac
1343 3486 1563 3541 inﬁmae
1597 3486 1953 3541 conditionis
1985 3502 2153 3558 repu-

501 3581 644 3634 tent.
672 3576 971 3631 Interdum
1004 3577 1060 3629 in
1105 3576 1326 3641 gaudio
1358 3574 1645 3631 ineffabili
1685 3592 1719 3631 a
1760 3576 1976 3646 Spiritu
2017 3591 2155 3631 con-

504 3670 838 3722 servantur.
868 3664 1170 3719 Interdum
1216 3669 1356 3718 sunt
1408 3664 1563 3719 velut
1617 3665 1782 3720 fortis
1820 3663 2151 3735 quispiam,

501 3756 626 3829 qui,
654 3754 988 3809 universam
1038 3760 1405 3810 armaturam
1461 3754 1616 3826 regis
1673 3751 1949 3817 induens,
1991 3759 2048 3808 et
2095 3754 2153 3807 in

501 3844 773 3918 praelium
824 3843 1219 3908 descendens,
1271 3844 1565 3899 adversus
1615 3843 1818 3898 hostes
1863 3842 2026 3898 fortis
2070 3842 2155 3897 di-

500 3935 702 3990 micat.
757 3949 983 4006 eosque
1041 3933 1235 3987 vincit.
1302 3933 1521 3988 Eodem
1590 3932 1770 3988 modo
1831 3931 2154 4004 spiritualis

498 4022 705 4088 homo,
740 4022 1067 4094 assumptis
1099 4022 1442 4076 cmlestibus
1462 4023 1645 4076 armis
1666 4020 2152 4093 Spiritus,hostes

498 4112 746 4176 invadit,
780 4111 1106 4182 praelioque
1133 4112 1457 4166 commisso
1481 4110 1865 4181 subjicitillos
1899 4110 2151 4181 pedibus

505 4202 630 4255 suis
668 4201 735 4251 9‘.

572 4290 657 4343 IX.
692 4288 991 4341 interdum
1035 4286 1094 4341 in
1148 4302 1390 4342 summo
1440 4286 1692 4356 silentio,
1729 4285 2151 4359 tranquillitate

502 4381 559 4432 et
596 4392 743 4448 pace
771 4375 1089 4447 requiescit
1128 4376 1351 4441 anima,
1381 4378 1437 4430 in
1494 4376 1621 4431 sola
1661 4376 1949 4448 spirituali
1982 4375 2148 4431 volu-

500 4470 682 4537 ptate,
711 4469 767 4518 et
809 4462 1095 4518 ineffabili
1148 4464 1351 4535 requie
1408 4465 1678 4535 atquein
1710 4465 1938 4535 optimo
1992 4470 2149 4522 statu

502 4552 814 4609 exsistens.
838 4550 1137 4607 Interdum
1172 4553 1228 4606 in
1263 4551 1647 4622 intelligentia
1677 4552 1945 4624 quadam
1961 4568 2030 4608 ac
2061 4570 2143 4610 sa-

501 4640 725 4717 pientia
761 4639 1067 4706 iueﬂabili,
1095 4646 1153 4696 et
1191 4641 1398 4696 notitia
1430 4641 1679 4713 Spiritus
1718 4641 2151 4700 inscrutabilia

503 4731 693 4800 gratia
717 4730 1058 4795 instituitur,
1092 4730 1250 4785 circa
1281 4747 1370 4800 ea,
1402 4747 1536 4801 quae
1566 4747 1673 4786 nec
1690 4731 1894 4799 lingua
1915 4746 2025 4786 nec
2048 4748 2161 4787 ore.

502 4820 693 4878 eﬁerri
733 4825 981 4891 queunt.
1027 4819 1327 4874 Interdum
1370 4826 1430 4875 ut
1462 4821 1658 4890 quivis
1696 4820 2012 4875 hominum
2054 4822 2141 4880 tit.

504 4910 590 4966 Ita
639 4909 797 4964 varie
838 4909 1024 4981 gratia
1066 4914 1329 4964 versatur
1367 4909 1424 4963 in
1479 4910 1570 4974 iis,
1605 4925 1674 4964 ac
1715 4908 1918 4964 multis
1957 4910 2151 4966 modis

503 4998 667 5054 ducit
692 4999 1273 5061 animam,recreans
1294 4997 1465 5067 juxta
1481 4997 1844 5061 voluntatem
1859 4998 2147 5060 divinam.

503 5092 855 5158 exercetque
897 5102 1029 5141 eum
1070 5086 1497 5152 diversimode,
1530 5092 1590 5142 ut
1628 5087 1786 5143 illam
1831 5086 2143 5158 integram,

503 5176 624 5247 80
672 5175 1256 5247 irreprehensibilem
1286 5181 1465 5247 atque
1508 5192 1721 5247 puram
1762 5177 1926 5249 apud
1972 5178 2143 5233 coele-

505 5270 657 5322 stem
684 5266 917 5321 Patrem
939 5265 1274 5321 constituat.

572 5357 633 5411 X.
664 5356 954 5410 Craterum
988 5354 1286 5426 praedicta)
1322 5353 1413 5409 ha:
1458 5354 1708 5426 Spiritus
1752 5357 2149 5428 operationes,

575 5618 625 5657 9*
654 5616 825 5676 Joan.
846 5629 945 5685 xu,
980 5617 1073 5669 2t.
1149 5615 1198 5650 ⁸³
1225 5614 1395 5673 Joan.
1426 5630 1544 5681 χει,
1579 5615 1667 5672 23.

2261 1792 2681 1857 ύποδεικνύντες.
2737 1801 2921 1849 Ἔστιν
2974 1797 3057 1849 ὅτε
3102 1801 3333 1869 γίνονται
3381 1798 3453 1861 ὡς
3498 1795 3545 1849 iv
3598 1796 3841 1871 βασιλικῷ

2263 1881 2453 1957 δείπνῳ
2538 1885 2942 1958 εὐφραινόμενοι,
3004 1888 3094 1939 καὶ
3173 1885 3513 1957 ἀγαλλιῶντες
3559 1886 3841 1958 ἀγαλλιάσει

2260 1980 2349 2027 καὶ
2406 1975 2691 2050 εὐφροσύνη
2736 1974 3062 2047 ἀνεκλαλήτῳ
3100 1993 3113 2005 ·
3164 1975 3289 2049 άλλη
3350 1977 3462 2049 ὥρᾳ
3515 1976 3645 2029 εἰσὶν
3686 1978 3842 2049 ὥσπερ

2259 2070 2430 2138 νύμφη
2500 2071 2961 2139 συναναπαυομένη
3059 2071 3108 2119 ἐν
3174 2074 3421 2141 κοινωνίᾳ
3499 2077 3571 2139 τῷ
3658 2073 3840 2141 νυμφίῳ

2261 2155 2426 2216 αὐτῆς
2478 2153 2770 2209 ἀναπαύσει
2816 2158 2983 2228 θεῑκῇ.
3018 2156 3229 2210 Ἀλλοτε
3280 2162 3515 2228 γίνονται
3554 2159 3720 2232 ὥσπερ
3760 2158 3840 2227 ἆγ-

2259 2243 2400 2315 γελοι
2451 2242 2744 2317 ἀσώματοι,
2802 2248 2851 2297 ἱν
2908 2248 3138 2319 τοσαύτη
3198 2251 3490 2319 κουφότητι
3543 2250 3678 2308 ὄντες
3730 2248 3843 2319 μετά

2261 2339 2352 2384 τοῦ
2409 2338 2652 2404 σώματος
2683 2350 2696 2363 ⁸
2749 2332 2923 2386 ἄλλοτέ
2971 2334 3101 2387 εἰσιν
3160 2336 3334 2408 ὧσπερ
3388 2334 3441 2387 iv
3495 2337 3626 2409 μέθη
3677 2341 3836 2400 ποτοῦ,

2262 2420 2647 2493 εὐφραινόμενοι
2713 2417 2801 2475 καὶ
2871 2425 3143 2494 μεθύοντες
3213 2424 3283 2495 τῷ
3353 2427 3639 2497 ῐΙνεύματι,
3700 2426 3841 2496 μέθην

2264 2512 2410 2562 θείων
2440 2516 2747 2583 μυστηρίων
2772 2521 3152 2583 πνευματικῶν.

2335 2598 2416 2653 Η’.
2492 2598 2705 2653 Ἀλλοτέ
2756 2600 2887 2653 εἰσιν
2965 2603 3036 2663 ὡς
3095 2603 3143 2653 iv
3201 2600 3457 2674 κλαυθμῷ
3511 2623 3603 2656 και
3649 2598 3841 2674 ὀδυρμῷ

2261 2688 2387 2760 ὑπερ
2442 2697 2533 2741 τοῦ
2580 2694 2755 2760 γένους
2805 2698 2901 2742 τῶν
2956 2689 3256 2763 ἀνθρώπων,
3304 2697 3397 2743 καὶ
3446 2689 3681 2765 δεόμενον
3731 2692 3840 2762 ὑπὲρ

2261 2776 2378 2828 ὅλου
2451 2786 2542 2830 τοῦ
2593 2775 2792 2851 Ἀδὰμ,
2852 2782 3033 2840 πένθος
3088 2784 3174 2832 καὶ
3233 2778 3505 2854 κλαυθμὸν
3565 2777 3841 2853 ἀναλαμϐά-

2260 2884 2438 2917 νουσιν
2493 2866 2592 2917 ύπὸ
2652 2874 2745 2928 τῆς
2798 2865 3005 2939 ἀράπης
3061 2876 3152 2921 τοῦ
3214 2871 3519 2940 Πνεύματος
3549 2869 3615 2930 εἰς
3665 2874 3751 2927 τὴν
3770 2866 3841 2918 ἀν-

2263 2955 2575 3029 Θρωπότητα
2627 2958 2968 3027 ἐκκαιόμενοι.
3004 2956 3237 3013 ..ἷΔλλοτε
3292 2956 3340 3009 iv
3414 2962 3643 3032 τοσαύτῃ
3702 2954 3841 3027 ἀγαλ-

2259 3041 2431 3095 λιασει
2478 3048 2567 3095 καὶ
2621 3042 2795 3119 ἀγάπη
2859 3046 2959 3097 ὑπὸ
3008 3052 3098 3097 τοῦ
3155 3048 3451 3118 Πνεύματος
3503 3041 3841 3120 ἐκπυροῦνται,

2262 3133 2349 3196 ὡς,
2429 3132 2472 3184 εἰ
2544 3129 2785 3197 δυνατόν,
2851 3135 3023 3187 πάντα
3084 3136 3353 3209 ἄνθρωπον
3412 3139 3463 3189 iv
3521 3144 3631 3199 τοῖς
3704 3130 3841 3194 ἰδίοις

2267 3220 2595 3293 σπλάγχνοις
2661 3220 2916 3293 ἐμϐαλεῖν,
2998 3228 3070 3295 μὴ
3142 3220 3501 3297 διακρίνοντες
3552 3228 3704 3277 κακόν
3756 3220 3840 3274 ἀπὸ

2264 3306 2461 3380 ἀγαθοῦ
2490 3326 2502 3339 ·
2571 3310 2750 3363 ἄλλοτε
2829 3320 3078 3365 τοσοῦτον
3154 3322 3524 3366 ταπεινοῦνται
3621 3313 3839 3365 ὑποκάτω

2264 3402 2455 3458 παντὸς
2505 3398 2775 3474 ἀνθρώπου
2825 3400 2872 3452 iv
2924 3406 3370 3476 ταπεινοφροσύνῃ
3425 3411 3517 3457 τοῦ
3577 3406 3845 3476 Πνούματος

2265 3488 2332 3548 ὡς
2364 3485 2573 3549 ἑαυτοὺς
2616 3491 2820 3542 πάντων
2863 3490 3259 3564 ἐσχατωτέρους
3314 3497 3408 3545 καὶ
3460 3492 3695 3552 ἐλάττους
3720 3492 3843 3560 νομί-

2268 3578 2391 3638 ζειν.
2425 3574 2640 3630 Ἀλλοτε
2682 3578 2729 3651 ἐν
2778 3585 2927 3651 χαρᾲ
2952 3579 3276 3652 ἀνεκλαλήτῳ
3316 3582 3421 3634 ὑπὸ
3452 3590 3546 3634 τοῦ
3576 3584 3844 3652 Πνεύματος

2266 3659 2660 3740 διατηροῦνται.
2690 3667 2903 3721 Ἀλλοτέ
2930 3667 3059 3721 εἰσιν
3103 3672 3278 3743 ὥσπερ
3311 3690 3395 3732 τις
3422 3667 3665 3736 δυνατός,
3696 3667 3848 3720 λαϐὼν

2263 3754 2549 3806 πανοπλίαν
2602 3755 2907 3827 βασιλικὴν,
2971 3763 3060 3810 καὶ
3104 3758 3361 3811 κατελθὼν
3414 3760 3462 3812 iv
3527 3760 3723 3832 πολέμῳ
3778 3755 3848 3810 ἐπὶ

2265 3846 2382 3905 τούς
2433 3842 2653 3920 ἐχθρούς
2696 3846 2930 3920 ἰσχυρῶς
2976 3852 3395 3918 καταγωνίσεται
3446 3854 3662 3910 τούτους
3718 3850 3844 3902 vixi-

2267 3950 2388 3992 σας.
2449 3938 2673 4005 Ὁμοίως
2726 3938 2828 4008 γὰρ
2890 3940 2979 3987 καὶ
3031 3940 3383 4006 πνευματικὸς
3441 3937 3689 4012 λαμϐάνει
3732 3933 3849 3987 ὅπλα

2265 4018 2547 4096 ἐπουράνια
2593 4030 2683 4074 τού
2756 4026 3072 4096 Πνιύματος,
3141 4031 3231 4077 καὶ
3310 4024 3398 4079 ἰπὶ
3468 4032 3591 4090 τοὺς
3650 4027 3849 4099 ἐχθροὺς

2263 4116 2578 4185 κατέρχεται
2622 4116 2706 4164 καὶ
2746 4111 2975 4186 πολεμεῖ,
3031 4120 3119 4167 καὶ
3153 4116 3489 4169 ύποστάσσει
3536 4116 3714 4176 αύτούς
3759 4114 3845 4165 ὑπὸ

2261 4204 2379 4261 τοὺς
2409 4198 2576 4263 πόδας
2621 4201 2802 4257 αὑτοῦ.

2335 4289 2412 4343 Θ’.
2474 4289 2686 4344 ’Λλλοτε
2732 4289 2779 4343 iv
2838 4290 2997 4365 πολλῇ
3047 4311 3149 4345 τινι
3210 4294 3445 4367 ἠσυχίᾳ,
3500 4301 3591 4348 καὶ
3640 4294 3842 4366 γαλήνῃ,

2226 4378 2475 4456 ἰἡψυχὴ
2528 4379 2867 4447 ἀναπαύεται,
2926 4382 2996 4444 εἰς
3048 4387 3208 4453 μόνην
3258 4381 3457 4443 ἡδονήν
3514 4385 3845 4456 πνευματικὴν

2260 4472 2350 4520 καὶ
2389 4467 2685 4522 ἀνάπαυσιν
2737 4469 2961 4545 ἇρῥητον
3006 4467 3159 4539 οὖσα,
3213 4478 3300 4526 καὶ
3350 4473 3613 4532 εὐθηνίαν.
3655 4471 3845 4525 ’Ἄλλοι-ε

2263 4555 2310 4608 iv
2357 4562 2560 4610 συνέσει
2608 4564 2710 4611 τινὶ
2758 4565 2847 4612 καὶ
2887 4566 3041 4632 σοφίᾳ
3072 4559 3301 4635 ἀρῥὴτῳ,
3349 4568 3442 4615 καὶ
3484 4569 3672 4635 γνώσει
3700 4561 3843 4613 Πνεύ-

2261 4664 2425 4717 ματος
2495 4646 2886 4722 ἀνεξερευνήτου
2964 4651 3064 4702 ὑπὸ
3126 4658 3221 4711 τῆς
3272 4653 3505 4725 χάριτος
3573 4652 3841 4723 σοφίζεται,

2261 4734 2390 4807 άπερ
2439 4733 2534 4788 διὰ
2568 4737 2825 4809 ’γλώσσης
2870 4743 2959 4791 καὶ
3005 4744 3265 4812 στόματος
3310 4740 3545 4798 λαλῆσαι
3574 4737 3835 4794 ἀδύνατον.

2261 4822 2476 4878 Ἀλλοτε
2532 4828 2704 4900 ὥσπερ
2777 4824 2849 4889 εἷς
2904 4836 3004 4879 τῶν
3073 4827 3353 4902 ἀνθρώπων
3399 4834 3653 4901 γίγνεται.
3706 4826 3843 4880 Οῦτω

2261 4913 2509 4976 ποικίλως
2562 4913 2611 4966 ἐν
2650 4916 2824 4977 αὐτοῖς
2874 4918 2904 4974 ἠ
2957 4918 3120 4989 χάρις
3177 4916 3578 4993 ἀναστρέφεται,
3632 4922 3716 4971 καὶ
3761 4934 3841 4968 πο-

2259 5000 2529 5074 λυτρόπως
2553 4999 2743 5074 ὁδηγεῖ
2791 5009 2883 5062 τὴν
2911 5003 3099 5076 ψυχὴν
3148 5004 3498 5060 ἀναπαύουσα
3535 5010 3667 5060 κατὰ
3689 5009 3744 5059 τὸ
3773 5006 3841 5056 θέο

2260 5089 2402 5162 λημα
2442 5099 2535 5144 τοῦ
2583 5100 2736 5162 Θεοῦ,
2779 5099 2869 5146 καὶ
2916 5095 3174 5167 γυμνάζει
3223 5096 3387 5154 αὐτὴν
3442 5093 3717 5170 διαφόρως,
3766 5094 3840 5144 ἵνα

2263 5179 2453 5232 τελείαν
2521 5186 2609 5233 καὶ
2660 5184 2876 5255 ἄμωμον
2936 5188 3025 5237 καὶ
3097 5186 3330 5260 καθαρὰν
3412 5193 3486 5256 τῷ
3566 5185 3837 5258 ἐπουρανίῳ

2263 5274 2431 5345 Πατρὶ
2467 5269 2903 5346 ἀποκαταστήσῃ.

2337 5360 2392 5414 l’.
2449 5366 2627 5415 Ταῦτα
2681 5357 2741 5415 δι
2790 5363 2856 5414 τὰ
2911 5368 3259 5437 προειρημένα
3308 5370 3401 5415 τοῦ
3434 5366 3725 5434 Πνεύματος
3772 5358 3836 5410 ἕν’

1746 5616 1795 5653 “
1826 5614 2038 5689 Ephes.
2070 5632 2154 5683 τι,
2181 5618 2243 5672 I2
2274 5631 2402 5690 seq.
