  <div class='ocr_page' id='page_1' title='image "/cluster/home/n/w/nwhite01/storage/ocr_20150623/34/hvd.32044073501835/330.png"; bbox 0 0 4034 6202; ppageno 0'>
   <div class='ocr_carea' id='block_1_1' title="bbox 188 251 295 307">
    <p class='ocr_par' dir='ltr' id='par_1_1' title="bbox 188 251 295 307">
     <span class='ocr_line' id='line_1_1' title="bbox 188 251 295 307; baseline -0.009 -1"><span class='ocrx_word' id='word_1_1' title='bbox 188 251 295 307; x_wconf 71' lang='lat'><strong>6“</strong></span> 
     </span>
    </p>
   </div>
   <div class='ocr_carea' id='block_1_2' title="bbox 1451 241 2303 303">
    <p class='ocr_par' dir='ltr' id='par_1_2' title="bbox 1451 241 2303 303">
     <span class='ocr_line' id='line_1_2' title="bbox 1451 241 2303 303; baseline 0.001 -2"><span class='ocrx_word' id='word_1_2' title='bbox 1451 241 1791 301; x_wconf 77' lang='lat' dir='ltr'><strong>HOMILUE.</strong></span> <span class='ocrx_word' id='word_1_3' title='bbox 1833 270 1901 284; x_wconf 93' lang='lat'><strong><em>—</em></strong></span> <span class='ocrx_word' id='word_1_4' title='bbox 1941 241 2117 299; x_wconf 86' lang='lat' dir='ltr'><strong>HOM.</strong></span> <span class='ocrx_word' id='word_1_5' title='bbox 2158 246 2303 303; x_wconf 85' lang='lat' dir='ltr'><strong>XIX.</strong></span> 
     </span>
    </p>
   </div>
   <div class='ocr_carea' id='block_1_3' title="bbox 3455 258 3558 311">
    <p class='ocr_par' dir='ltr' id='par_1_3' title="bbox 3455 258 3558 311">
     <span class='ocr_line' id='line_1_3' title="bbox 3455 258 3558 311; baseline -0.01 0"><span class='ocrx_word' id='word_1_6' title='bbox 3455 258 3558 311; x_wconf 72' lang='grc'>642</span> 
     </span>
    </p>
   </div>
   <div class='ocr_carea' id='block_1_4' title="bbox 179 368 1786 452">
    <p class='ocr_par' dir='ltr' id='par_1_4' title="bbox 179 368 1786 451">
     <span class='ocr_line' id='line_1_4' title="bbox 179 368 1786 451; baseline -0.005 -22"><span class='ocrx_word' id='word_1_7' title='bbox 179 379 490 451; x_wconf 73' lang='grc' dir='ltr'>εργήματα,</span> <span class='ocrx_word' id='word_1_8' title='bbox 567 370 798 445; x_wconf 72' lang='grc' dir='ltr'>μεγάλων</span> <span class='ocrx_word' id='word_1_9' title='bbox 871 373 1068 443; x_wconf 83' lang='grc' dir='ltr'>μέτρων</span> <span class='ocrx_word' id='word_1_10' title='bbox 1127 369 1230 423; x_wconf 82' lang='grc' dir='ltr'>εἰσι</span> <span class='ocrx_word' id='word_1_11' title='bbox 1301 378 1399 422; x_wconf 84' lang='grc' dir='ltr'>τῶν</span> <span class='ocrx_word' id='word_1_12' title='bbox 1473 368 1626 441; x_wconf 72' lang='grc' dir='ltr'>ἐγγύς</span> <span class='ocrx_word' id='word_1_13' title='bbox 1699 377 1786 431; x_wconf 77' lang='grc' dir='ltr'><strong>τῆς</strong></span> 
     </span>
    </p>
   </div>
   <div class='ocr_carea' id='block_1_5' title="bbox 1904 368 3555 452">
    <p class='ocr_par' dir='ltr' id='par_1_5' title="bbox 1905 368 3555 452">
     <span class='ocr_line' id='line_1_5' title="bbox 1905 368 3555 452; baseline 0.008 -29"><span class='ocrx_word' id='word_1_14' title='bbox 1905 368 1982 425; x_wconf 89' lang='lat' dir='ltr'><strong>ad</strong></span> <span class='ocrx_word' id='word_1_15' title='bbox 1997 387 2301 428; x_wconf 89' lang='lat' dir='ltr'><strong>summum</strong></span> <span class='ocrx_word' id='word_1_16' title='bbox 2317 375 2572 445; x_wconf 81' lang='lat' dir='ltr'><strong>gradum</strong></span> <span class='ocrx_word' id='word_1_17' title='bbox 2595 378 2891 446; x_wconf 80' lang='lat' dir='ltr'><strong>pertinent</strong></span> <span class='ocrx_word' id='word_1_18' title='bbox 2905 395 3135 445; x_wconf 88' lang='lat' dir='ltr'><strong>eorum,</strong></span> <span class='ocrx_word' id='word_1_19' title='bbox 3159 379 3263 452; x_wconf 86' lang='lat' dir='ltr'><strong>qui</strong></span> <span class='ocrx_word' id='word_1_20' title='bbox 3284 381 3555 452; x_wconf 83' lang='lat' dir='ltr'><strong>proxime</strong></span> 
     </span>
    </p>
   </div>
   <div class='ocr_carea' id='block_1_6' title="bbox 175 460 1794 534">
    <p class='ocr_par' dir='ltr' id='par_1_6' title="bbox 175 460 1794 534">
     <span class='ocr_line' id='line_1_6' title="bbox 175 460 1794 534; baseline -0.005 -16"><span class='ocrx_word' id='word_1_21' title='bbox 175 465 506 524; x_wconf 75' lang='grc' dir='ltr'><strong>τελειότητος</strong></span> <span class='ocrx_word' id='word_1_22' title='bbox 536 464 708 515; x_wconf 79' lang='grc' dir='ltr'>ὄντων.</span> <span class='ocrx_word' id='word_1_23' title='bbox 761 461 826 512; x_wconf 81' lang='grc' dir='ltr'><strong>Αἰ</strong></span> <span class='ocrx_word' id='word_1_24' title='bbox 853 461 955 533; x_wconf 72' lang='grc' dir='ltr'><strong>γὰρ</strong></span> <span class='ocrx_word' id='word_1_25' title='bbox 1008 462 1379 534; x_wconf 77' lang='grc' dir='ltr'>προειρημέναι</span> <span class='ocrx_word' id='word_1_26' title='bbox 1426 466 1518 519; x_wconf 83' lang='grc' dir='ltr'><strong>τῆς</strong></span> <span class='ocrx_word' id='word_1_27' title='bbox 1568 460 1794 532; x_wconf 85' lang='grc' dir='ltr'>χάριτος</span> 
     </span>
    </p>
   </div>
   <div class='ocr_carea' id='block_1_7' title="bbox 177 545 1794 624">
    <p class='ocr_par' dir='ltr' id='par_1_7' title="bbox 177 545 1794 624">
     <span class='ocr_line' id='line_1_7' title="bbox 177 545 1794 624; baseline -0.004 -18"><span class='ocrx_word' id='word_1_28' title='bbox 177 553 426 606; x_wconf 74' lang='grc' dir='ltr'><strong>ποικίλαι</strong></span> <span class='ocrx_word' id='word_1_29' title='bbox 465 551 802 615; x_wconf 76' lang='grc' dir='ltr'><strong>ἀναπαύσεις,</strong></span> <span class='ocrx_word' id='word_1_30' title='bbox 853 545 1119 624; x_wconf 72' lang='grc' dir='ltr'><strong>διαφόρως</strong></span> <span class='ocrx_word' id='word_1_31' title='bbox 1172 552 1261 620; x_wconf 71' lang='grc' dir='ltr'>μὲν</span> <span class='ocrx_word' id='word_1_32' title='bbox 1290 547 1586 614; x_wconf 89' lang='grc' dir='ltr'>λαλοῦνται,</span> <span class='ocrx_word' id='word_1_33' title='bbox 1635 545 1794 600; x_wconf 78' lang='grc' dir='ltr'>ἀδια-</span> 
     </span>
    </p>
   </div>
   <div class='ocr_carea' id='block_1_8' title="bbox 177 637 1792 714">
    <p class='ocr_par' dir='ltr' id='par_1_8' title="bbox 177 637 1792 714">
     <span class='ocr_line' id='line_1_8' title="bbox 177 637 1792 714; baseline -0.005 -17"><span class='ocrx_word' id='word_1_34' title='bbox 177 645 404 704; x_wconf 86' lang='grc' dir='ltr'>λείπτως</span> <span class='ocrx_word' id='word_1_35' title='bbox 505 637 564 694; x_wconf 65' lang='grc' dir='ltr'><strong>δὲ</strong></span> <span class='ocrx_word' id='word_1_36' title='bbox 637 640 711 703; x_wconf 86' lang='grc' dir='ltr'><strong>εἰς</strong></span> <span class='ocrx_word' id='word_1_37' title='bbox 811 639 998 700; x_wconf 76' lang='grc' dir='ltr'>αὐτοὺς</span> <span class='ocrx_word' id='word_1_38' title='bbox 1094 637 1438 714; x_wconf 77' lang='grc' dir='ltr'>ίνεργοῦνται,</span> <span class='ocrx_word' id='word_1_39' title='bbox 1535 639 1792 712; x_wconf 71' lang='grc' dir='ltr'><strong>ἐνέργειαν</strong></span> 
     </span>
    </p>
   </div>
   <div class='ocr_carea' id='block_1_9' title="bbox 180 725 1790 807">
    <p class='ocr_par' dir='ltr' id='par_1_9' title="bbox 180 725 1790 807">
     <span class='ocr_line' id='line_1_9' title="bbox 180 725 1790 807; baseline -0.005 -21"><span class='ocrx_word' id='word_1_40' title='bbox 180 733 438 807; x_wconf 73' lang='grc' dir='ltr'><strong>ἐνεργείας</strong></span> <span class='ocrx_word' id='word_1_41' title='bbox 495 725 903 802; x_wconf 78' lang='grc' dir='ltr'>διαδεχομένης.</span> <span class='ocrx_word' id='word_1_42' title='bbox 935 735 1094 781; x_wconf 87' lang='grc' dir='ltr'>Ὅταν</span> <span class='ocrx_word' id='word_1_43' title='bbox 1146 731 1248 802; x_wconf 77' lang='grc' dir='ltr'><strong>γὰρ</strong></span> <span class='ocrx_word' id='word_1_44' title='bbox 1281 730 1310 787; x_wconf 79' lang='grc' dir='ltr'><strong>ἠ</strong></span> <span class='ocrx_word' id='word_1_45' title='bbox 1343 727 1498 800; x_wconf 78' lang='grc' dir='ltr'>ψυχή</span> <span class='ocrx_word' id='word_1_46' title='bbox 1535 730 1664 800; x_wconf 87' lang='grc' dir='ltr'>πρὸς</span> <span class='ocrx_word' id='word_1_47' title='bbox 1700 731 1790 784; x_wconf 80' lang='grc' dir='ltr'>τὴν</span> 
     </span>
    </p>
   </div>
   <div class='ocr_carea' id='block_1_10' title="bbox 181 817 1791 890">
    <p class='ocr_par' dir='ltr' id='par_1_10' title="bbox 181 817 1791 890">
     <span class='ocr_line' id='line_1_10' title="bbox 181 817 1791 890; baseline -0.006 -14"><span class='ocrx_word' id='word_1_48' title='bbox 181 823 481 879; x_wconf 73' lang='grc' dir='ltr'>τελειότητα</span> <span class='ocrx_word' id='word_1_49' title='bbox 534 827 626 872; x_wconf 88' lang='grc' dir='ltr'><strong>τοῦ</strong></span> <span class='ocrx_word' id='word_1_50' title='bbox 687 821 978 890; x_wconf 85' lang='grc' dir='ltr'>πνεύματος</span> <span class='ocrx_word' id='word_1_51' title='bbox 1023 823 1343 890; x_wconf 80' lang='grc' dir='ltr'><strong>καταντήσῃ,</strong></span> <span class='ocrx_word' id='word_1_52' title='bbox 1414 820 1614 878; x_wconf 78' lang='grc' dir='ltr'><strong>τελείως</strong></span> <span class='ocrx_word' id='word_1_53' title='bbox 1667 817 1791 868; x_wconf 85' lang='grc' dir='ltr'>πάν-</span> 
     </span>
    </p>
   </div>
   <div class='ocr_carea' id='block_1_11' title="bbox 192 903 1789 981">
    <p class='ocr_par' dir='ltr' id='par_1_11' title="bbox 192 903 1789 981">
     <span class='ocr_line' id='line_1_11' title="bbox 192 903 1789 981; baseline -0.006 -17"><span class='ocrx_word' id='word_1_54' title='bbox 192 932 290 964; x_wconf 81' lang='grc' dir='ltr'><strong>των</strong></span> <span class='ocrx_word' id='word_1_55' title='bbox 350 919 444 962; x_wconf 80' lang='grc' dir='ltr'>τῶν</span> <span class='ocrx_word' id='word_1_56' title='bbox 498 911 682 962; x_wconf 89' lang='grc' dir='ltr'>παθῶν</span> <span class='ocrx_word' id='word_1_57' title='bbox 731 907 1237 981; x_wconf 80' lang='grc' dir='ltr'>ἀποκαθαρισθεῖσα,</span> <span class='ocrx_word' id='word_1_58' title='bbox 1279 910 1370 958; x_wconf 82' lang='grc' dir='ltr'>καὶ</span> <span class='ocrx_word' id='word_1_59' title='bbox 1408 912 1479 975; x_wconf 83' lang='grc' dir='ltr'>τῷ</span> <span class='ocrx_word' id='word_1_60' title='bbox 1513 903 1789 976; x_wconf 87' lang='grc' dir='ltr'>Παρακλή-</span> 
     </span>
    </p>
   </div>
   <div class='ocr_carea' id='block_1_12' title="bbox 199 993 1793 1072">
    <p class='ocr_par' dir='ltr' id='par_1_12' title="bbox 199 993 1793 1072">
     <span class='ocr_line' id='line_1_12' title="bbox 199 993 1793 1072; baseline -0.005 -20"><span class='ocrx_word' id='word_1_61' title='bbox 199 1020 268 1072; x_wconf 78' lang='grc' dir='ltr'>τῳ</span> <span class='ocrx_word' id='word_1_62' title='bbox 318 1001 576 1070; x_wconf 66' lang='grc' dir='ltr'>Πνεῦματι</span> <span class='ocrx_word' id='word_1_63' title='bbox 633 993 727 1049; x_wconf 82' lang='grc' dir='ltr'><strong>διὰ</strong></span> <span class='ocrx_word' id='word_1_64' title='bbox 788 1005 884 1058; x_wconf 85' lang='grc' dir='ltr'><strong>τῆς</strong></span> <span class='ocrx_word' id='word_1_65' title='bbox 942 994 1170 1070; x_wconf 78' lang='grc' dir='ltr'>ἀρρήτου</span> <span class='ocrx_word' id='word_1_66' title='bbox 1225 999 1493 1057; x_wconf 81' lang='grc' dir='ltr'><strong>κοινωνίας</strong></span> <span class='ocrx_word' id='word_1_67' title='bbox 1549 993 1793 1046; x_wconf 77' lang='grc' dir='ltr'>ἐνωθεῑσα</span> 
     </span>
    </p>
   </div>
   <div class='ocr_carea' id='block_1_13' title="bbox 200 1084 1793 1158">
    <p class='ocr_par' dir='ltr' id='par_1_13' title="bbox 200 1084 1793 1158">
     <span class='ocr_line' id='line_1_13' title="bbox 200 1084 1793 1158; baseline -0.005 -17"><span class='ocrx_word' id='word_1_68' title='bbox 200 1094 278 1142; x_wconf 77' lang='grc' dir='ltr'><strong>καῖ</strong></span> <span class='ocrx_word' id='word_1_69' title='bbox 342 1088 716 1156; x_wconf 79' lang='grc' dir='ltr'>ἁνακραθεῖσα,</span> <span class='ocrx_word' id='word_1_70' title='bbox 789 1090 876 1138; x_wconf 75' lang='grc' dir='ltr'>καὶ</span> <span class='ocrx_word' id='word_1_71' title='bbox 935 1085 1230 1158; x_wconf 69' lang='grc' dir='ltr'>καταξιωθῇ</span> <span class='ocrx_word' id='word_1_72' title='bbox 1297 1090 1498 1156; x_wconf 87' lang='grc' dir='ltr'>πνεῦμα</span> <span class='ocrx_word' id='word_1_73' title='bbox 1551 1084 1793 1154; x_wconf 72' lang='grc' dir='ltr'>γενέσθαι</span> 
     </span>
    </p>
   </div>
   <div class='ocr_carea' id='block_1_14' title="bbox 198 1171 1788 1251">
    <p class='ocr_par' dir='ltr' id='par_1_14' title="bbox 198 1171 1788 1251">
     <span class='ocr_line' id='line_1_14' title="bbox 198 1171 1788 1251; baseline -0.005 -20"><span class='ocrx_word' id='word_1_74' title='bbox 198 1181 579 1251; x_wconf 78' lang='grc' dir='ltr'>σνγκεκραμένη</span> <span class='ocrx_word' id='word_1_75' title='bbox 678 1182 751 1246; x_wconf 84' lang='grc' dir='ltr'>τῷ</span> <span class='ocrx_word' id='word_1_76' title='bbox 829 1177 1110 1247; x_wconf 70' lang='grc' dir='ltr'>Πνεῦματι,</span> <span class='ocrx_word' id='word_1_77' title='bbox 1183 1177 1296 1227; x_wconf 89' lang='grc' dir='ltr'>τότε</span> <span class='ocrx_word' id='word_1_78' title='bbox 1340 1173 1430 1232; x_wconf 90' lang='grc' dir='ltr'><strong>ὅλη</strong></span> <span class='ocrx_word' id='word_1_79' title='bbox 1509 1181 1632 1245; x_wconf 85' lang='grc' dir='ltr'>φῶς,</span> <span class='ocrx_word' id='word_1_80' title='bbox 1699 1171 1788 1229; x_wconf 86' lang='grc' dir='ltr'><strong>ὅλη</strong></span> 
     </span>
    </p>
   </div>
   <div class='ocr_carea' id='block_1_15' title="bbox 189 1260 1786 1340">
    <p class='ocr_par' dir='ltr' id='par_1_15' title="bbox 189 1260 1786 1340">
     <span class='ocr_line' id='line_1_15' title="bbox 189 1260 1786 1340; baseline -0.006 -19"><span class='ocrx_word' id='word_1_81' title='bbox 189 1267 469 1340; x_wconf 78' lang='grc' dir='ltr'>ὀφθαλμός,</span> <span class='ocrx_word' id='word_1_82' title='bbox 525 1265 616 1324; x_wconf 88' lang='grc' dir='ltr'><strong>ὅλη</strong></span> <span class='ocrx_word' id='word_1_83' title='bbox 645 1271 865 1336; x_wconf 87' lang='grc' dir='ltr'>πνεῦμα,</span> <span class='ocrx_word' id='word_1_84' title='bbox 919 1264 1030 1316; x_wconf 89' lang='grc' dir='ltr'>ὅλον</span> <span class='ocrx_word' id='word_1_85' title='bbox 1082 1265 1252 1337; x_wconf 82' lang='grc' dir='ltr'>χαρὰ,</span> <span class='ocrx_word' id='word_1_86' title='bbox 1311 1262 1424 1315; x_wconf 89' lang='grc' dir='ltr'>ὅλον</span> <span class='ocrx_word' id='word_1_87' title='bbox 1472 1260 1786 1327; x_wconf 70' lang='grc' dir='ltr'><strong>ἀνάπαυσις,</strong></span> 
     </span>
    </p>
   </div>
   <div class='ocr_carea' id='block_1_16' title="bbox 183 1349 1790 1428">
    <p class='ocr_par' dir='ltr' id='par_1_16' title="bbox 183 1349 1790 1428">
     <span class='ocr_line' id='line_1_16' title="bbox 183 1349 1790 1428; baseline -0.006 -18"><span class='ocrx_word' id='word_1_88' title='bbox 183 1358 286 1411; x_wconf 83' lang='grc' dir='ltr'>ὅλον</span> <span class='ocrx_word' id='word_1_89' title='bbox 348 1355 688 1428; x_wconf 72' lang='grc' dir='ltr'>ἀγαλλίασις,</span> <span class='ocrx_word' id='word_1_90' title='bbox 747 1355 860 1406; x_wconf 86' lang='grc' dir='ltr'>ὅλον</span> <span class='ocrx_word' id='word_1_91' title='bbox 909 1352 1112 1425; x_wconf 73' lang='grc' dir='ltr'>ἀγάπη,</span> <span class='ocrx_word' id='word_1_92' title='bbox 1167 1354 1280 1406; x_wconf 89' lang='grc' dir='ltr'>ὅλον</span> <span class='ocrx_word' id='word_1_93' title='bbox 1321 1351 1625 1423; x_wconf 79' lang='grc' dir='ltr'>σπλάγχνα,</span> <span class='ocrx_word' id='word_1_94' title='bbox 1677 1349 1790 1402; x_wconf 87' lang='grc' dir='ltr'>ὅλον</span> 
     </span>
    </p>
   </div>
   <div class='ocr_carea' id='block_1_17' title="bbox 181 1438 1777 1518">
    <p class='ocr_par' dir='ltr' id='par_1_17' title="bbox 181 1438 1777 1518">
     <span class='ocr_line' id='line_1_17' title="bbox 181 1438 1777 1518; baseline -0.006 -18"><span class='ocrx_word' id='word_1_95' title='bbox 181 1447 446 1518; x_wconf 72' lang='grc' dir='ltr'>ἀγαθότης</span> <span class='ocrx_word' id='word_1_96' title='bbox 467 1449 557 1496; x_wconf 82' lang='grc' dir='ltr'><strong>καὶ</strong></span> <span class='ocrx_word' id='word_1_97' title='bbox 579 1447 885 1516; x_wconf 82' lang='grc' dir='ltr'>χρηστότης</span> <span class='ocrx_word' id='word_1_98' title='bbox 913 1447 1132 1514; x_wconf 73' lang='grc' dir='ltr'>γίνεται.</span> <span class='ocrx_word' id='word_1_99' title='bbox 1163 1440 1364 1513; x_wconf 87' lang='grc' dir='ltr'>Ὠσπερ</span> <span class='ocrx_word' id='word_1_100' title='bbox 1393 1443 1494 1512; x_wconf 76' lang='grc' dir='ltr'><strong>γὰρ</strong></span> <span class='ocrx_word' id='word_1_101' title='bbox 1526 1443 1574 1492; x_wconf 75' lang='grc' dir='ltr'><strong>ἓν</strong></span> <span class='ocrx_word' id='word_1_102' title='bbox 1615 1438 1777 1491; x_wconf 78' lang='grc' dir='ltr'>ἀϐύσ-</span> 
     </span>
    </p>
   </div>
   <div class='ocr_carea' id='block_1_18' title="bbox 184 1526 1785 1608">
    <p class='ocr_par' dir='ltr' id='par_1_18' title="bbox 184 1526 1785 1608">
     <span class='ocr_line' id='line_1_18' title="bbox 184 1526 1785 1608; baseline -0.006 -18"><span class='ocrx_word' id='word_1_103' title='bbox 184 1557 250 1608; x_wconf 84' lang='grc' dir='ltr'><strong>σῳ</strong></span> <span class='ocrx_word' id='word_1_104' title='bbox 307 1537 592 1595; x_wconf 77' lang='grc' dir='ltr'>θαλάσσης</span> <span class='ocrx_word' id='word_1_105' title='bbox 642 1533 786 1595; x_wconf 88' lang='grc' dir='ltr'>λίθος</span> <span class='ocrx_word' id='word_1_106' title='bbox 838 1533 1170 1604; x_wconf 71' lang='grc' dir='ltr'>πανταχόθεν</span> <span class='ocrx_word' id='word_1_107' title='bbox 1229 1526 1386 1583; x_wconf 79' lang='grc' dir='ltr'>ὕδατι</span> <span class='ocrx_word' id='word_1_108' title='bbox 1437 1531 1739 1602; x_wconf 75' lang='grc' dir='ltr'>περιέχεται</span> <span class='ocrx_word' id='word_1_109' title='bbox 1772 1544 1785 1558; x_wconf 87' lang='grc'><strong>·</strong></span> 
     </span>
    </p>
   </div>
   <div class='ocr_carea' id='block_1_19' title="bbox 167 1616 1789 1695">
    <p class='ocr_par' dir='ltr' id='par_1_19' title="bbox 167 1616 1789 1695">
     <span class='ocr_line' id='line_1_19' title="bbox 167 1616 1789 1695; baseline -0.006 -17"><span class='ocrx_word' id='word_1_110' title='bbox 167 1627 345 1687; x_wconf 75' lang='grc' dir='ltr'>ὀὕτως</span> <span class='ocrx_word' id='word_1_111' title='bbox 408 1624 576 1691; x_wconf 74' lang='grc' dir='ltr'>οὗτοι,</span> <span class='ocrx_word' id='word_1_112' title='bbox 642 1626 799 1675; x_wconf 87' lang='grc' dir='ltr'>παντὶ</span> <span class='ocrx_word' id='word_1_113' title='bbox 855 1625 1028 1695; x_wconf 80' lang='grc' dir='ltr'>τρόπῳ</span> <span class='ocrx_word' id='word_1_114' title='bbox 1095 1622 1359 1692; x_wconf 82' lang='grc' dir='ltr'>Πνεύματι</span> <span class='ocrx_word' id='word_1_115' title='bbox 1414 1618 1545 1690; x_wconf 78' lang='grc' dir='ltr'>ἁγίῳ</span> <span class='ocrx_word' id='word_1_116' title='bbox 1605 1616 1789 1669; x_wconf 77' lang='grc' dir='ltr'>ἀνακε-</span> 
     </span>
    </p>
   </div>
   <div class='ocr_carea' id='block_1_20' title="bbox 180 1712 1361 1788">
    <p class='ocr_par' dir='ltr' id='par_1_20' title="bbox 180 1712 1361 1788">
     <span class='ocr_line' id='line_1_20' title="bbox 180 1712 1361 1788; baseline -0.007 -20"><span class='ocrx_word' id='word_1_117' title='bbox 180 1719 454 1788; x_wconf 80' lang='grc' dir='ltr'>κραμένοι,</span> <span class='ocrx_word' id='word_1_118' title='bbox 558 1712 931 1785; x_wconf 75' lang='grc' dir='ltr'>ἀφομοιοῦνται</span> <span class='ocrx_word' id='word_1_119' title='bbox 989 1718 1062 1782; x_wconf 85' lang='grc' dir='ltr'>τῷ</span> <span class='ocrx_word' id='word_1_120' title='bbox 1122 1717 1361 1784; x_wconf 79' lang='grc' dir='ltr'>Χριστῷ,</span> 
     </span>
    </p>
   </div>
   <div class='ocr_carea' id='block_1_21' title="bbox 184 1795 1790 1873">
    <p class='ocr_par' dir='ltr' id='par_1_21' title="bbox 184 1795 1790 1873">
     <span class='ocr_line' id='line_1_21' title="bbox 184 1795 1790 1873; baseline -0.005 -17"><span class='ocrx_word' id='word_1_121' title='bbox 184 1812 275 1864; x_wconf 79' lang='grc' dir='ltr'><strong>τῆς</strong></span> <span class='ocrx_word' id='word_1_122' title='bbox 323 1800 601 1873; x_wconf 82' lang='grc' dir='ltr'>δυνάμεως</span> <span class='ocrx_word' id='word_1_123' title='bbox 657 1807 749 1852; x_wconf 90' lang='grc' dir='ltr'><strong>τοῦ</strong></span> <span class='ocrx_word' id='word_1_124' title='bbox 803 1801 1103 1871; x_wconf 88' lang='grc' dir='ltr'>Πνεύματος</span> <span class='ocrx_word' id='word_1_125' title='bbox 1158 1797 1421 1871; x_wconf 77' lang='grc' dir='ltr'>ἀτρέπτως</span> <span class='ocrx_word' id='word_1_126' title='bbox 1472 1796 1520 1849; x_wconf 76' lang='grc' dir='ltr'><strong>ἐν</strong></span> <span class='ocrx_word' id='word_1_127' title='bbox 1585 1795 1790 1858; x_wconf 75' lang='grc' dir='ltr'>ἑαυτοῖς</span> 
     </span>
    </p>
   </div>
   <div class='ocr_carea' id='block_1_22' title="bbox 192 1885 1787 1964">
    <p class='ocr_par' dir='ltr' id='par_1_22' title="bbox 192 1885 1787 1964">
     <span class='ocr_line' id='line_1_22' title="bbox 192 1885 1787 1964; baseline -0.004 -19"><span class='ocrx_word' id='word_1_128' title='bbox 192 1896 413 1964; x_wconf 73' lang='grc' dir='ltr'>ἔχοντες,</span> <span class='ocrx_word' id='word_1_129' title='bbox 486 1891 678 1944; x_wconf 77' lang='grc' dir='ltr'>ἔσωθεν</span> <span class='ocrx_word' id='word_1_130' title='bbox 749 1893 890 1952; x_wconf 82' lang='grc' dir='ltr'>ὄντες</span> <span class='ocrx_word' id='word_1_131' title='bbox 956 1890 1186 1962; x_wconf 84' lang='grc' dir='ltr'>ἄμωμοι,</span> <span class='ocrx_word' id='word_1_132' title='bbox 1261 1893 1349 1940; x_wconf 76' lang='grc' dir='ltr'>καὶ</span> <span class='ocrx_word' id='word_1_133' title='bbox 1421 1885 1634 1940; x_wconf 64' lang='grc' dir='ltr'>ἄσπιλοι</span> <span class='ocrx_word' id='word_1_134' title='bbox 1697 1890 1787 1938; x_wconf 87' lang='grc' dir='ltr'>καὶ</span> 
     </span>
    </p>
   </div>
   <div class='ocr_carea' id='block_1_23' title="bbox 194 1985 428 2056">
    <p class='ocr_par' dir='ltr' id='par_1_23' title="bbox 194 1985 428 2056">
     <span class='ocr_line' id='line_1_23' title="bbox 194 1985 428 2056; baseline 0.013 -22"><span class='ocrx_word' id='word_1_135' title='bbox 194 1985 428 2056; x_wconf 79' lang='grc' dir='ltr'>καθαροί.</span> 
     </span>
    </p>
   </div>
   <div class='ocr_carea' id='block_1_24' title="bbox 256 2067 1786 2142">
    <p class='ocr_par' dir='ltr' id='par_1_24' title="bbox 256 2067 1786 2142">
     <span class='ocr_line' id='line_1_24' title="bbox 256 2067 1786 2142; baseline -0.007 -16"><span class='ocrx_word' id='word_1_136' title='bbox 256 2072 359 2126; x_wconf 81' lang='lat' dir='ltr'><strong>IA’.</strong></span> <span class='ocrx_word' id='word_1_137' title='bbox 412 2073 511 2124; x_wconf 83' lang='grc' dir='ltr'><strong>Διὰ</strong></span> <span class='ocrx_word' id='word_1_138' title='bbox 559 2072 663 2142; x_wconf 70' lang='grc' dir='ltr'><strong>γὰρ</strong></span> <span class='ocrx_word' id='word_1_139' title='bbox 711 2077 801 2122; x_wconf 90' lang='grc' dir='ltr'><strong>τοῦ</strong></span> <span class='ocrx_word' id='word_1_140' title='bbox 859 2070 1155 2141; x_wconf 88' lang='grc' dir='ltr'>Πνεύματος</span> <span class='ocrx_word' id='word_1_141' title='bbox 1201 2067 1648 2139; x_wconf 82' lang='grc' dir='ltr'>καταρτισθέντες,</span> <span class='ocrx_word' id='word_1_142' title='bbox 1680 2073 1786 2125; x_wconf 86' lang='grc' dir='ltr'>πῶς</span> 
     </span>
    </p>
   </div>
   <div class='ocr_carea' id='block_1_25' title="bbox 184 2154 1788 2233">
    <p class='ocr_par' dir='ltr' id='par_1_25' title="bbox 184 2154 1788 2233">
     <span class='ocr_line' id='line_1_25' title="bbox 184 2154 1788 2233; baseline -0.005 -19"><span class='ocrx_word' id='word_1_143' title='bbox 184 2160 436 2214; x_wconf 74' lang='grc' dir='ltr'>δύνανται</span> <span class='ocrx_word' id='word_1_144' title='bbox 487 2163 691 2233; x_wconf 89' lang='grc' dir='ltr'>καρπὸν</span> <span class='ocrx_word' id='word_1_145' title='bbox 751 2157 933 2222; x_wconf 80' lang='grc' dir='ltr'>ἔξωθεν</span> <span class='ocrx_word' id='word_1_146' title='bbox 971 2162 1161 2219; x_wconf 87' lang='grc' dir='ltr'>κακίας</span> <span class='ocrx_word' id='word_1_147' title='bbox 1215 2163 1578 2230; x_wconf 70' lang='grc' dir='ltr'>προαγαγεῖν;</span> <span class='ocrx_word' id='word_1_148' title='bbox 1628 2154 1788 2208; x_wconf 86' lang='grc' dir='ltr'><strong>Ἀλλὰ</strong></span> 
     </span>
    </p>
   </div>
   <div class='ocr_carea' id='block_1_26' title="bbox 177 2242 1786 2320">
    <p class='ocr_par' dir='ltr' id='par_1_26' title="bbox 177 2242 1786 2320">
     <span class='ocr_line' id='line_1_26' title="bbox 177 2242 1786 2320; baseline -0.006 -15"><span class='ocrx_word' id='word_1_149' title='bbox 177 2256 408 2305; x_wconf 83' lang='grc' dir='ltr'>πάντοτε</span> <span class='ocrx_word' id='word_1_150' title='bbox 464 2246 561 2302; x_wconf 80' lang='grc' dir='ltr'><strong>διὰ</strong></span> <span class='ocrx_word' id='word_1_151' title='bbox 612 2250 835 2313; x_wconf 88' lang='grc' dir='ltr'>πάντων,</span> <span class='ocrx_word' id='word_1_152' title='bbox 888 2249 940 2299; x_wconf 86' lang='grc' dir='ltr'>οἱ</span> <span class='ocrx_word' id='word_1_153' title='bbox 993 2250 1187 2320; x_wconf 83' lang='grc' dir='ltr'>καρποὶ</span> <span class='ocrx_word' id='word_1_154' title='bbox 1234 2253 1327 2298; x_wconf 91' lang='grc' dir='ltr'><strong>τοῦ</strong></span> <span class='ocrx_word' id='word_1_155' title='bbox 1394 2247 1692 2316; x_wconf 84' lang='grc' dir='ltr'>Πνεύματος</span> <span class='ocrx_word' id='word_1_156' title='bbox 1738 2242 1786 2294; x_wconf 73' lang='grc' dir='ltr'>ἐν</span> 
     </span>
    </p>
   </div>
   <div class='ocr_carea' id='block_1_27' title="bbox 173 2335 1784 2411">
    <p class='ocr_par' dir='ltr' id='par_1_27' title="bbox 173 2335 1784 2411">
     <span class='ocr_line' id='line_1_27' title="bbox 173 2335 1784 2411; baseline -0.006 -17"><span class='ocrx_word' id='word_1_157' title='bbox 173 2343 358 2404; x_wconf 74' lang='grc' dir='ltr'>αὐτοῖς</span> <span class='ocrx_word' id='word_1_158' title='bbox 449 2336 839 2411; x_wconf 85' lang='grc' dir='ltr'>διαλάμπουσι.</span> <span class='ocrx_word' id='word_1_159' title='bbox 918 2335 1363 2409; x_wconf 78' lang='grc' dir='ltr'>Παρακαλέσωμεν</span> <span class='ocrx_word' id='word_1_160' title='bbox 1430 2339 1601 2387; x_wconf 85' lang='grc' dir='ltr'>τοίνυν</span> <span class='ocrx_word' id='word_1_161' title='bbox 1697 2338 1784 2385; x_wconf 83' lang='grc' dir='ltr'>καὶ</span> 
     </span>
    </p>
   </div>
   <div class='ocr_carea' id='block_1_28' title="bbox 171 2418 1786 2504">
    <p class='ocr_par' dir='ltr' id='par_1_28' title="bbox 171 2418 1786 2504">
     <span class='ocr_line' id='line_1_28' title="bbox 171 2418 1786 2504; baseline -0.007 -19"><span class='ocrx_word' id='word_1_162' title='bbox 171 2435 327 2504; x_wconf 74' lang='grc' dir='ltr'>ἡμεῖς</span> <span class='ocrx_word' id='word_1_163' title='bbox 352 2432 444 2482; x_wconf 87' lang='grc' dir='ltr'>τὸν</span> <span class='ocrx_word' id='word_1_164' title='bbox 493 2430 641 2489; x_wconf 84' lang='grc' dir='ltr'>Θεὸν,</span> <span class='ocrx_word' id='word_1_165' title='bbox 684 2431 774 2479; x_wconf 81' lang='grc' dir='ltr'>καὶ</span> <span class='ocrx_word' id='word_1_166' title='bbox 804 2428 1166 2498; x_wconf 81' lang='grc' dir='ltr'>πιστεύσωμεν</span> <span class='ocrx_word' id='word_1_167' title='bbox 1197 2423 1244 2476; x_wconf 78' lang='grc' dir='ltr'><strong>ἐν</strong></span> <span class='ocrx_word' id='word_1_168' title='bbox 1274 2422 1449 2497; x_wconf 74' lang='grc' dir='ltr'>ἀγάπη</span> <span class='ocrx_word' id='word_1_169' title='bbox 1482 2428 1572 2475; x_wconf 83' lang='grc' dir='ltr'>καὶ</span> <span class='ocrx_word' id='word_1_170' title='bbox 1616 2418 1764 2475; x_wconf 78' lang='grc' dir='ltr'>ἐλπίδ</span> <span class='ocrx_word' id='word_1_171' title='bbox 1770 2441 1786 2473; x_wconf 94' lang='grc' dir='ltr'><strong>ι</strong></span> 
     </span>
    </p>
   </div>
   <div class='ocr_carea' id='block_1_29' title="bbox 169 2512 1784 2592">
    <p class='ocr_par' dir='ltr' id='par_1_29' title="bbox 169 2512 1784 2592">
     <span class='ocr_line' id='line_1_29' title="bbox 169 2512 1784 2592; baseline -0.005 -20"><span class='ocrx_word' id='word_1_172' title='bbox 169 2519 370 2592; x_wconf 71' lang='grc' dir='ltr'>πολλῇ,</span> <span class='ocrx_word' id='word_1_173' title='bbox 450 2518 534 2569; x_wconf 81' lang='grc' dir='ltr'>ἵνα</span> <span class='ocrx_word' id='word_1_174' title='bbox 588 2512 697 2586; x_wconf 84' lang='grc' dir='ltr'><strong>δῴη</strong></span> <span class='ocrx_word' id='word_1_175' title='bbox 755 2516 876 2587; x_wconf 74' lang='grc' dir='ltr'>ἡμῖν</span> <span class='ocrx_word' id='word_1_176' title='bbox 955 2518 1048 2572; x_wconf 86' lang='grc' dir='ltr'><strong>τήν</strong></span> <span class='ocrx_word' id='word_1_177' title='bbox 1105 2513 1406 2587; x_wconf 77' lang='grc' dir='ltr'>ἐπουράνιον</span> <span class='ocrx_word' id='word_1_178' title='bbox 1478 2515 1640 2584; x_wconf 83' lang='grc' dir='ltr'>χάριν</span> <span class='ocrx_word' id='word_1_179' title='bbox 1691 2519 1784 2573; x_wconf 82' lang='grc' dir='ltr'>τῆς</span> 
     </span>
    </p>
   </div>
   <div class='ocr_carea' id='block_1_30' title="bbox 169 2602 1789 2684">
    <p class='ocr_par' dir='ltr' id='par_1_30' title="bbox 169 2602 1789 2684">
     <span class='ocr_line' id='line_1_30' title="bbox 169 2602 1789 2684; baseline -0.006 -22"><span class='ocrx_word' id='word_1_180' title='bbox 169 2606 381 2684; x_wconf 76' lang='grc' dir='ltr'>δωρεᾶς</span> <span class='ocrx_word' id='word_1_181' title='bbox 411 2614 505 2660; x_wconf 91' lang='grc' dir='ltr'><strong>τοῦ</strong></span> <span class='ocrx_word' id='word_1_182' title='bbox 537 2608 854 2678; x_wconf 85' lang='grc' dir='ltr'>Πνεύματος,</span> <span class='ocrx_word' id='word_1_183' title='bbox 910 2605 994 2656; x_wconf 90' lang='grc' dir='ltr'>ἰνα</span> <span class='ocrx_word' id='word_1_184' title='bbox 1043 2607 1128 2655; x_wconf 84' lang='grc' dir='ltr'>καὶ</span> <span class='ocrx_word' id='word_1_185' title='bbox 1157 2605 1293 2676; x_wconf 77' lang='grc' dir='ltr'>ἡμᾶς</span> <span class='ocrx_word' id='word_1_186' title='bbox 1323 2602 1449 2655; x_wconf 79' lang='grc' dir='ltr'>αύτό</span> <span class='ocrx_word' id='word_1_187' title='bbox 1488 2606 1545 2654; x_wconf 91' lang='lat'><strong>1&#39;6</strong></span> <span class='ocrx_word' id='word_1_188' title='bbox 1578 2609 1789 2674; x_wconf 81' lang='grc' dir='ltr'>Πνεῦμα</span> 
     </span>
    </p>
   </div>
   <div class='ocr_carea' id='block_1_31' title="bbox 166 2691 1782 2772">
    <p class='ocr_par' dir='ltr' id='par_1_31' title="bbox 166 2691 1782 2772">
     <span class='ocr_line' id='line_1_31' title="bbox 166 2691 1782 2772; baseline -0.007 -20"><span class='ocrx_word' id='word_1_189' title='bbox 166 2697 476 2772; x_wconf 73' lang='grc' dir='ltr'>κυϐερνήση</span> <span class='ocrx_word' id='word_1_190' title='bbox 521 2701 612 2748; x_wconf 86' lang='grc' dir='ltr'>καὶ</span> <span class='ocrx_word' id='word_1_191' title='bbox 651 2691 900 2766; x_wconf 74' lang='grc' dir='ltr'>ὁδηγήση</span> <span class='ocrx_word' id='word_1_192' title='bbox 935 2693 1007 2755; x_wconf 78' lang='grc' dir='ltr'>εἷς</span> <span class='ocrx_word' id='word_1_193' title='bbox 1034 2699 1134 2746; x_wconf 86' lang='grc' dir='ltr'>πᾶν</span> <span class='ocrx_word' id='word_1_194' title='bbox 1177 2696 1235 2744; x_wconf 89' lang='grc' dir='ltr'><strong>τό</strong></span> <span class='ocrx_word' id='word_1_195' title='bbox 1286 2691 1482 2764; x_wconf 83' lang='grc' dir='ltr'>θέλημα</span> <span class='ocrx_word' id='word_1_196' title='bbox 1519 2698 1609 2743; x_wconf 91' lang='grc' dir='ltr'><strong>τοῦ</strong></span> <span class='ocrx_word' id='word_1_197' title='bbox 1636 2695 1782 2758; x_wconf 80' lang='grc' dir='ltr'>Θεοῦ,</span> 
     </span>
    </p>
   </div>
   <div class='ocr_carea' id='block_1_32' title="bbox 169 2779 1788 2858">
    <p class='ocr_par' dir='ltr' id='par_1_32' title="bbox 169 2779 1788 2858">
     <span class='ocr_line' id='line_1_32' title="bbox 169 2779 1788 2858; baseline -0.006 -16"><span class='ocrx_word' id='word_1_198' title='bbox 169 2795 261 2841; x_wconf 86' lang='grc' dir='ltr'><strong>καὶ</strong></span> <span class='ocrx_word' id='word_1_199' title='bbox 322 2787 608 2858; x_wconf 72' lang='grc' dir='ltr'>ἀναπαύσῃ</span> <span class='ocrx_word' id='word_1_200' title='bbox 661 2782 876 2857; x_wconf 76' lang='grc' dir='ltr'>ἠμᾶςέν</span> <span class='ocrx_word' id='word_1_201' title='bbox 931 2790 991 2855; x_wconf 77' lang='grc' dir='ltr'>τῇ</span> <span class='ocrx_word' id='word_1_202' title='bbox 1024 2780 1354 2839; x_wconf 88' lang='grc' dir='ltr'>ποικιλότητι</span> <span class='ocrx_word' id='word_1_203' title='bbox 1409 2788 1500 2842; x_wconf 82' lang='grc' dir='ltr'><strong>τῆς</strong></span> <span class='ocrx_word' id='word_1_204' title='bbox 1551 2779 1788 2833; x_wconf 76' lang='grc' dir='ltr'>ἀναπαύ-</span> 
     </span>
    </p>
   </div>
   <div class='ocr_carea' id='block_1_33' title="bbox 179 2868 1785 2942">
    <p class='ocr_par' dir='ltr' id='par_1_33' title="bbox 179 2868 1785 2942">
     <span class='ocr_line' id='line_1_33' title="bbox 179 2868 1785 2942; baseline -0.005 -13"><span class='ocrx_word' id='word_1_205' title='bbox 179 2896 301 2938; x_wconf 82' lang='grc' dir='ltr'>σεως</span> <span class='ocrx_word' id='word_1_206' title='bbox 331 2875 524 2940; x_wconf 71' lang='grc' dir='ltr'>αὐτοῦ,</span> <span class='ocrx_word' id='word_1_207' title='bbox 579 2875 662 2926; x_wconf 86' lang='grc' dir='ltr'>ἱνα</span> <span class='ocrx_word' id='word_1_208' title='bbox 715 2869 809 2925; x_wconf 80' lang='grc' dir='ltr'><strong>διὰ</strong></span> <span class='ocrx_word' id='word_1_209' title='bbox 859 2880 955 2932; x_wconf 86' lang='grc' dir='ltr'><strong>τῆς</strong></span> <span class='ocrx_word' id='word_1_210' title='bbox 1005 2873 1247 2931; x_wconf 82' lang='grc' dir='ltr'>τοιαύτης</span> <span class='ocrx_word' id='word_1_211' title='bbox 1291 2868 1646 2942; x_wconf 78' lang='grc' dir='ltr'>κυϐερνήσεως</span> <span class='ocrx_word' id='word_1_212' title='bbox 1696 2873 1785 2921; x_wconf 82' lang='grc' dir='ltr'>καὶ</span> 
     </span>
    </p>
   </div>
   <div class='ocr_carea' id='block_1_34' title="bbox 185 2963 1785 3038">
    <p class='ocr_par' dir='ltr' id='par_1_34' title="bbox 185 2963 1785 3038">
     <span class='ocr_line' id='line_1_34' title="bbox 185 2963 1785 3038; baseline -0.005 -20"><span class='ocrx_word' id='word_1_213' title='bbox 185 2974 272 3018; x_wconf 81' lang='grc' dir='ltr'><strong>τοῦ</strong></span> <span class='ocrx_word' id='word_1_214' title='bbox 310 2970 630 3038; x_wconf 71' lang='grc' dir='ltr'>γυμνασμοῦ</span> <span class='ocrx_word' id='word_1_215' title='bbox 658 2971 749 3022; x_wconf 86' lang='grc' dir='ltr'><strong>τῆς</strong></span> <span class='ocrx_word' id='word_1_216' title='bbox 805 2963 1047 3034; x_wconf 85' lang='grc' dir='ltr'>χάριτος,</span> <span class='ocrx_word' id='word_1_217' title='bbox 1101 2965 1192 3012; x_wconf 83' lang='grc' dir='ltr'>καὶ</span> <span class='ocrx_word' id='word_1_218' title='bbox 1256 2966 1525 3032; x_wconf 76' lang='grc' dir='ltr'>προκοπῆς</span> <span class='ocrx_word' id='word_1_219' title='bbox 1562 2977 1785 3031; x_wconf 86' lang='grc' dir='ltr'>πνευμα-</span> 
     </span>
    </p>
   </div>
   <div class='ocr_carea' id='block_1_35' title="bbox 196 3048 1787 3124">
    <p class='ocr_par' dir='ltr' id='par_1_35' title="bbox 196 3048 1787 3124">
     <span class='ocr_line' id='line_1_35' title="bbox 196 3048 1787 3124; baseline -0.005 -18"><span class='ocrx_word' id='word_1_220' title='bbox 196 3063 361 3119; x_wconf 71' lang='grc' dir='ltr'>τικῆς,</span> <span class='ocrx_word' id='word_1_221' title='bbox 397 3053 800 3124; x_wconf 79' lang='grc' dir='ltr'>καταξιωθῶμεν</span> <span class='ocrx_word' id='word_1_222' title='bbox 854 3050 926 3112; x_wconf 86' lang='grc' dir='ltr'><strong>εἰς</strong></span> <span class='ocrx_word' id='word_1_223' title='bbox 971 3054 1065 3109; x_wconf 77' lang='grc' dir='ltr'><strong>τήν</strong></span> <span class='ocrx_word' id='word_1_224' title='bbox 1111 3049 1409 3107; x_wconf 84' lang='grc' dir='ltr'>τελειότητα</span> <span class='ocrx_word' id='word_1_225' title='bbox 1436 3056 1528 3101; x_wconf 89' lang='grc' dir='ltr'><strong>τοῦ</strong></span> <span class='ocrx_word' id='word_1_226' title='bbox 1574 3048 1787 3121; x_wconf 86' lang='grc' dir='ltr'>πληρώ-</span> 
     </span>
    </p>
   </div>
   <div class='ocr_carea' id='block_1_36' title="bbox 188 3136 1780 3217">
    <p class='ocr_par' dir='ltr' id='par_1_36' title="bbox 188 3136 1780 3217">
     <span class='ocr_line' id='line_1_36' title="bbox 188 3136 1780 3217; baseline -0.006 -19"><span class='ocrx_word' id='word_1_227' title='bbox 188 3163 351 3217; x_wconf 77' lang='grc' dir='ltr'>ματος</span> <span class='ocrx_word' id='word_1_228' title='bbox 390 3151 474 3196; x_wconf 78' lang='grc' dir='ltr'><strong>τοῦ</strong></span> <span class='ocrx_word' id='word_1_229' title='bbox 504 3149 746 3216; x_wconf 76' lang='grc' dir='ltr'>Χριστοῦ</span> <span class='ocrx_word' id='word_1_230' title='bbox 790 3141 1008 3213; x_wconf 78' lang='grc' dir='ltr'>φθάσαι,</span> <span class='ocrx_word' id='word_1_231' title='bbox 1058 3140 1127 3201; x_wconf 82' lang='grc' dir='ltr'>ὣς</span> <span class='ocrx_word' id='word_1_232' title='bbox 1172 3157 1330 3211; x_wconf 86' lang='grc' dir='ltr'>φησιν</span> <span class='ocrx_word' id='word_1_233' title='bbox 1357 3139 1383 3190; x_wconf 90' lang='lat'><strong>6</strong></span> <span class='ocrx_word' id='word_1_234' title='bbox 1432 3136 1780 3198; x_wconf 86' lang='grc' dir='ltr'>Ἀπόστολος·</span> 
     </span>
    </p>
   </div>
   <div class='ocr_carea' id='block_1_37' title="bbox 183 3228 1784 3307">
    <p class='ocr_par' dir='ltr' id='par_1_37' title="bbox 183 3228 1784 3307">
     <span class='ocr_line' id='line_1_37' title="bbox 183 3228 1784 3307; baseline -0.006 -20"><span class='ocrx_word' id='word_1_235' title='bbox 183 3234 308 3287; x_wconf 83' lang='grc' dir='ltr'><strong>ἰνα</strong></span> <span class='ocrx_word' id='word_1_236' title='bbox 345 3231 736 3307; x_wconf 76' lang='grc' dir='ltr'>πληρωθῆτε</span> <span class='ocrx_word' id='word_1_237' title='bbox 775 3229 866 3292; x_wconf 86' lang='grc' dir='ltr'><strong>εἰς</strong></span> <span class='ocrx_word' id='word_1_238' title='bbox 904 3234 1026 3282; x_wconf 89' lang='grc' dir='ltr'><strong>πᾶν</strong></span> <span class='ocrx_word' id='word_1_239' title='bbox 1055 3231 1122 3280; x_wconf 90' lang='lat'><strong>1&#39;6</strong></span> <span class='ocrx_word' id='word_1_240' title='bbox 1151 3228 1463 3304; x_wconf 89' lang='grc' dir='ltr'>πλήρωμα</span> <span class='ocrx_word' id='word_1_241' title='bbox 1490 3234 1596 3280; x_wconf 92' lang='grc' dir='ltr'><strong>τοῦ</strong></span> <span class='ocrx_word' id='word_1_242' title='bbox 1636 3234 1784 3302; x_wconf 83' lang='grc' dir='ltr'>Χρι-</span> 
     </span>
    </p>
   </div>
   <div class='ocr_carea' id='block_1_38' title="bbox 176 3318 1785 3394">
    <p class='ocr_par' dir='ltr' id='par_1_38' title="bbox 176 3318 1785 3394">
     <span class='ocr_line' id='line_1_38' title="bbox 176 3318 1785 3394; baseline -0.006 -16"><span class='ocrx_word' id='word_1_243' title='bbox 176 3331 336 3378; x_wconf 84' lang='grc' dir='ltr'>στοῦ</span> <span class='ocrx_word' id='word_1_244' title='bbox 363 3341 377 3353; x_wconf 90' lang='grc'><strong>·</strong></span> <span class='ocrx_word' id='word_1_245' title='bbox 422 3328 517 3376; x_wconf 86' lang='grc' dir='ltr'><strong>καὶ</strong></span> <span class='ocrx_word' id='word_1_246' title='bbox 545 3320 721 3392; x_wconf 82' lang='grc' dir='ltr'>πάλιν,</span> <span class='ocrx_word' id='word_1_247' title='bbox 752 3324 966 3394; x_wconf 72' lang='grc' dir='ltr'>Μέχρι</span> <span class='ocrx_word' id='word_1_248' title='bbox 1001 3323 1502 3390; x_wconf 78' lang='grc' dir='ltr'>καταντήσωμεν</span> <span class='ocrx_word' id='word_1_249' title='bbox 1542 3319 1600 3370; x_wconf 86' lang='grc' dir='ltr'>οἱ</span> <span class='ocrx_word' id='word_1_250' title='bbox 1636 3318 1785 3370; x_wconf 86' lang='grc' dir='ltr'>πάν-</span> 
     </span>
    </p>
   </div>
   <div class='ocr_carea' id='block_1_39' title="bbox 168 3406 1782 3483">
    <p class='ocr_par' dir='ltr' id='par_1_39' title="bbox 168 3406 1782 3483">
     <span class='ocr_line' id='line_1_39' title="bbox 168 3406 1782 3483; baseline -0.007 -15"><span class='ocrx_word' id='word_1_251' title='bbox 168 3434 268 3476; x_wconf 86' lang='grc' dir='ltr'><strong>τες</strong></span> <span class='ocrx_word' id='word_1_252' title='bbox 308 3413 405 3475; x_wconf 85' lang='grc' dir='ltr'><strong>εἰς</strong></span> <span class='ocrx_word' id='word_1_253' title='bbox 439 3406 651 3483; x_wconf 81' lang='grc' dir='ltr'>ἄνδρα</span> <span class='ocrx_word' id='word_1_254' title='bbox 689 3409 951 3473; x_wconf 75' lang='grc' dir='ltr'>τέλειον,</span> <span class='ocrx_word' id='word_1_255' title='bbox 992 3408 1085 3470; x_wconf 88' lang='grc' dir='ltr'>εἰς</span> <span class='ocrx_word' id='word_1_256' title='bbox 1122 3412 1347 3482; x_wconf 80' lang='grc' dir='ltr'>μέτρον</span> <span class='ocrx_word' id='word_1_257' title='bbox 1387 3406 1636 3469; x_wconf 74' lang='grc' dir='ltr'>ἡλικίας</span> <span class='ocrx_word' id='word_1_258' title='bbox 1674 3413 1782 3459; x_wconf 87' lang='grc' dir='ltr'><strong>τοῦ</strong></span> 
     </span>
    </p>
   </div>
   <div class='ocr_carea' id='block_1_40' title="bbox 167 3496 1784 3577">
    <p class='ocr_par' dir='ltr' id='par_1_40' title="bbox 167 3496 1784 3577">
     <span class='ocr_line' id='line_1_40' title="bbox 167 3496 1784 3577; baseline -0.006 -20"><span class='ocrx_word' id='word_1_259' title='bbox 167 3504 614 3577; x_wconf 74' lang='grc' dir='ltr'>πληρώματος</span> <span class='ocrx_word' id='word_1_260' title='bbox 649 3505 759 3552; x_wconf 90' lang='grc' dir='ltr'><strong>τοῦ</strong></span> <span class='ocrx_word' id='word_1_261' title='bbox 798 3504 1118 3572; x_wconf 80' lang='grc' dir='ltr'>Χριστοῦ.</span> <span class='ocrx_word' id='word_1_262' title='bbox 1151 3496 1572 3569; x_wconf 76' lang='grc' dir='ltr'>Ἐπηγγείλατοό</span> <span class='ocrx_word' id='word_1_263' title='bbox 1595 3499 1784 3571; x_wconf 80' lang='grc' dir='ltr'>Κύριος</span> 
     </span>
    </p>
   </div>
   <div class='ocr_carea' id='block_1_41' title="bbox 167 3584 1785 3660">
    <p class='ocr_par' dir='ltr' id='par_1_41' title="bbox 167 3584 1785 3660">
     <span class='ocr_line' id='line_1_41' title="bbox 167 3584 1785 3660; baseline -0.004 -15"><span class='ocrx_word' id='word_1_264' title='bbox 167 3601 306 3647; x_wconf 72' lang='grc' dir='ltr'>πᾶσι</span> <span class='ocrx_word' id='word_1_265' title='bbox 336 3597 455 3652; x_wconf 84' lang='grc' dir='ltr'>τοῖς</span> <span class='ocrx_word' id='word_1_266' title='bbox 479 3591 819 3643; x_wconf 81' lang='grc' dir='ltr'>πιστεύουσιν</span> <span class='ocrx_word' id='word_1_267' title='bbox 843 3587 1002 3658; x_wconf 76' lang='grc' dir='ltr'>αὐτῷ,</span> <span class='ocrx_word' id='word_1_268' title='bbox 1029 3591 1115 3639; x_wconf 78' lang='grc' dir='ltr'><strong>καῖ</strong></span> <span class='ocrx_word' id='word_1_269' title='bbox 1145 3587 1470 3660; x_wconf 85' lang='grc' dir='ltr'>αἰτουμένοις</span> <span class='ocrx_word' id='word_1_270' title='bbox 1494 3586 1544 3638; x_wconf 81' lang='grc' dir='ltr'><strong>ἐν</strong></span> <span class='ocrx_word' id='word_1_271' title='bbox 1571 3584 1785 3658; x_wconf 80' lang='grc' dir='ltr'>ἀληθείᾳ</span> 
     </span>
    </p>
   </div>
   <div class='ocr_carea' id='block_1_42' title="bbox 166 3676 1782 3757">
    <p class='ocr_par' dir='ltr' id='par_1_42' title="bbox 166 3676 1782 3757">
     <span class='ocr_line' id='line_1_42' title="bbox 166 3676 1782 3757; baseline -0.006 -20"><span class='ocrx_word' id='word_1_272' title='bbox 166 3680 534 3757; x_wconf 79' lang='grc' dir='ltr'>δωρήσασθαι</span> <span class='ocrx_word' id='word_1_273' title='bbox 578 3681 646 3733; x_wconf 84' lang='grc' dir='ltr'><strong>τὰ</strong></span> <span class='ocrx_word' id='word_1_274' title='bbox 673 3683 944 3752; x_wconf 85' lang='grc' dir='ltr'>μυστήρια</span> <span class='ocrx_word' id='word_1_275' title='bbox 971 3685 1068 3739; x_wconf 86' lang='grc' dir='ltr'><strong>τῆς</strong></span> <span class='ocrx_word' id='word_1_276' title='bbox 1124 3676 1352 3752; x_wconf 82' lang='grc' dir='ltr'>ἁῤῥήτου</span> <span class='ocrx_word' id='word_1_277' title='bbox 1383 3681 1649 3739; x_wconf 81' lang='grc' dir='ltr'>κοινωνίας</span> <span class='ocrx_word' id='word_1_278' title='bbox 1691 3683 1782 3728; x_wconf 87' lang='grc' dir='ltr'><strong>τοῦ</strong></span> 
     </span>
    </p>
   </div>
   <div class='ocr_carea' id='block_1_43' title="bbox 164 3762 1780 3846">
    <p class='ocr_par' dir='ltr' id='par_1_43' title="bbox 164 3762 1780 3846">
     <span class='ocr_line' id='line_1_43' title="bbox 164 3762 1780 3846; baseline -0.007 -18"><span class='ocrx_word' id='word_1_279' title='bbox 164 3776 498 3846; x_wconf 76' lang='grc' dir='ltr'>Πνεύματος.</span> <span class='ocrx_word' id='word_1_280' title='bbox 580 3773 682 3823; x_wconf 78' lang='grc' dir='ltr'><strong>Καὶ</strong></span> <span class='ocrx_word' id='word_1_281' title='bbox 753 3770 901 3840; x_wconf 78' lang='grc' dir='ltr'>ἡμεῖς</span> <span class='ocrx_word' id='word_1_282' title='bbox 957 3762 1045 3820; x_wconf 79' lang='grc' dir='ltr'>οὖν</span> <span class='ocrx_word' id='word_1_283' title='bbox 1135 3766 1374 3829; x_wconf 84' lang='grc' dir='ltr'>ὅλοτελῶς</span> <span class='ocrx_word' id='word_1_284' title='bbox 1452 3767 1658 3826; x_wconf 76' lang='grc' dir='ltr'>ἑαυτοὺς</span> <span class='ocrx_word' id='word_1_285' title='bbox 1709 3772 1780 3836; x_wconf 87' lang='grc' dir='ltr'>τῷ</span> 
     </span>
    </p>
   </div>
   <div class='ocr_carea' id='block_1_44' title="bbox 165 3854 1785 3940">
    <p class='ocr_par' dir='ltr' id='par_1_44' title="bbox 165 3854 1785 3940">
     <span class='ocr_line' id='line_1_44' title="bbox 165 3854 1785 3940; baseline -0.008 -21"><span class='ocrx_word' id='word_1_286' title='bbox 165 3868 358 3940; x_wconf 74' lang='grc' dir='ltr'>Κυρίῳ</span> <span class='ocrx_word' id='word_1_287' title='bbox 406 3859 676 3922; x_wconf 71' lang='grc' dir='ltr'>ἀναθέντες</span> <span class='ocrx_word' id='word_1_288' title='bbox 745 3866 844 3911; x_wconf 85' lang='grc' dir='ltr'>τῶν</span> <span class='ocrx_word' id='word_1_289' title='bbox 905 3860 1286 3930; x_wconf 75' lang='grc' dir='ltr'>προειρημένων</span> <span class='ocrx_word' id='word_1_290' title='bbox 1347 3854 1554 3927; x_wconf 73' lang='grc' dir='ltr'>ἀγαθῶν</span> <span class='ocrx_word' id='word_1_291' title='bbox 1606 3861 1785 3927; x_wconf 84' lang='grc' dir='ltr'>τυχεῖν</span> 
     </span>
    </p>
   </div>
   <div class='ocr_carea' id='block_1_45' title="bbox 161 3944 1786 4023">
    <p class='ocr_par' dir='ltr' id='par_1_45' title="bbox 161 3944 1786 4023">
     <span class='ocr_line' id='line_1_45' title="bbox 161 3944 1786 4023; baseline -0.009 -16"><span class='ocrx_word' id='word_1_292' title='bbox 161 3955 515 4023; x_wconf 80' lang='grc' dir='ltr'>σπεύσωμεν,</span> <span class='ocrx_word' id='word_1_293' title='bbox 581 3947 736 4020; x_wconf 72' lang='grc' dir='ltr'>ψυχῇ</span> <span class='ocrx_word' id='word_1_294' title='bbox 804 3951 895 3999; x_wconf 87' lang='grc' dir='ltr'><strong>καὶ</strong></span> <span class='ocrx_word' id='word_1_295' title='bbox 973 3950 1177 4018; x_wconf 89' lang='grc' dir='ltr'>σώματι</span> <span class='ocrx_word' id='word_1_296' title='bbox 1247 3945 1627 4016; x_wconf 77' lang='grc' dir='ltr'>ἁφιερωθέντες,</span> <span class='ocrx_word' id='word_1_297' title='bbox 1695 3944 1786 3994; x_wconf 83' lang='grc' dir='ltr'>καὶ</span> 
     </span>
    </p>
   </div>
   <div class='ocr_carea' id='block_1_46' title="bbox 157 4033 1790 4114">
    <p class='ocr_par' dir='ltr' id='par_1_46' title="bbox 157 4033 1790 4114">
     <span class='ocr_line' id='line_1_46' title="bbox 157 4033 1790 4114; baseline -0.007 -19"><span class='ocrx_word' id='word_1_298' title='bbox 157 4051 236 4114; x_wconf 75' lang='grc' dir='ltr'>τῷ</span> <span class='ocrx_word' id='word_1_299' title='bbox 308 4046 526 4114; x_wconf 87' lang='grc' dir='ltr'>σταυρῷ</span> <span class='ocrx_word' id='word_1_300' title='bbox 573 4044 665 4090; x_wconf 87' lang='grc' dir='ltr'><strong>τοῦ</strong></span> <span class='ocrx_word' id='word_1_301' title='bbox 716 4043 953 4111; x_wconf 86' lang='grc' dir='ltr'>Χριστοῦ</span> <span class='ocrx_word' id='word_1_302' title='bbox 1012 4033 1451 4110; x_wconf 82' lang='grc' dir='ltr'>προσηλωθέντες,</span> <span class='ocrx_word' id='word_1_303' title='bbox 1504 4033 1643 4096; x_wconf 79' lang='grc' dir='ltr'>ἄξιοι</span> <span class='ocrx_word' id='word_1_304' title='bbox 1699 4041 1790 4093; x_wconf 81' lang='grc' dir='ltr'><strong>τῆς</strong></span> 
     </span>
    </p>
   </div>
   <div class='ocr_carea' id='block_1_47' title="bbox 160 4119 1784 4200">
    <p class='ocr_par' dir='ltr' id='par_1_47' title="bbox 160 4119 1784 4200">
     <span class='ocr_line' id='line_1_47' title="bbox 160 4119 1784 4200; baseline -0.007 -14"><span class='ocrx_word' id='word_1_305' title='bbox 160 4132 395 4186; x_wconf 82' lang='grc' dir='ltr'>αἰωνίου</span> <span class='ocrx_word' id='word_1_306' title='bbox 465 4125 741 4200; x_wconf 86' lang='grc' dir='ltr'>βασιλείας</span> <span class='ocrx_word' id='word_1_307' title='bbox 815 4125 1099 4198; x_wconf 72' lang='grc' dir='ltr'>γενώμεθα,</span> <span class='ocrx_word' id='word_1_308' title='bbox 1169 4119 1478 4185; x_wconf 81' lang='grc' dir='ltr'>δοξάζοντες</span> <span class='ocrx_word' id='word_1_309' title='bbox 1557 4123 1784 4195; x_wconf 74' lang='grc' dir='ltr'>Πατέρα,</span> 
     </span>
    </p>
   </div>
   <div class='ocr_carea' id='block_1_48' title="bbox 161 4212 1784 4300">
    <p class='ocr_par' dir='ltr' id='par_1_48' title="bbox 161 4212 1784 4300">
     <span class='ocr_line' id='line_1_48' title="bbox 161 4212 1784 4300; baseline -0.008 -25"><span class='ocrx_word' id='word_1_310' title='bbox 161 4227 261 4275; x_wconf 76' lang='grc' dir='ltr'>καὶ</span> <span class='ocrx_word' id='word_1_311' title='bbox 297 4221 444 4284; x_wconf 85' lang='grc' dir='ltr'>Υἱόν,</span> <span class='ocrx_word' id='word_1_312' title='bbox 476 4221 570 4270; x_wconf 83' lang='grc' dir='ltr'>καὶ</span> <span class='ocrx_word' id='word_1_313' title='bbox 623 4214 772 4289; x_wconf 76' lang='grc' dir='ltr'>ἅγιον</span> <span class='ocrx_word' id='word_1_314' title='bbox 804 4221 1031 4288; x_wconf 90' lang='grc' dir='ltr'>Πνεῦμα,</span> <span class='ocrx_word' id='word_1_315' title='bbox 1081 4213 1152 4277; x_wconf 83' lang='grc' dir='ltr'><strong>εἰς</strong></span> <span class='ocrx_word' id='word_1_316' title='bbox 1189 4216 1308 4300; x_wconf 74' lang='grc' dir='ltr'>τοῦς</span> <span class='ocrx_word' id='word_1_317' title='bbox 1349 4212 1560 4275; x_wconf 85' lang='grc' dir='ltr'>αἰῶνας.</span> <span class='ocrx_word' id='word_1_318' title='bbox 1596 4213 1784 4285; x_wconf 85' lang='grc' dir='ltr'>Ἀμήν.</span> 
     </span>
    </p>
   </div>
   <div class='ocr_carea' id='block_1_49' title="bbox 792 4336 1186 4393">
    <p class='ocr_par' dir='ltr' id='par_1_49' title="bbox 792 4336 1186 4393">
     <span class='ocr_line' id='line_1_49' title="bbox 792 4336 1186 4393; baseline -0.008 0"><span class='ocrx_word' id='word_1_319' title='bbox 792 4344 1037 4393; x_wconf 83' lang='lat' dir='ltr'><strong>OMIAIA</strong></span> <span class='ocrx_word' id='word_1_320' title='bbox 1079 4336 1186 4393; x_wconf 75' lang='lat'><strong>18&#39;.</strong></span> 
     </span>
    </p>
   </div>
   <div class='ocr_carea' id='block_1_50' title="bbox 1904 461 3552 540">
    <p class='ocr_par' dir='ltr' id='par_1_50' title="bbox 1904 461 3552 540">
     <span class='ocr_line' id='line_1_50' title="bbox 1904 461 3552 540; baseline 0.007 -27"><span class='ocrx_word' id='word_1_321' title='bbox 1904 472 1941 514; x_wconf 91' lang='lat' dir='ltr'><strong>a</strong></span> <span class='ocrx_word' id='word_1_322' title='bbox 1971 461 2332 530; x_wconf 73' lang='lat' dir='ltr'><strong>perfectione</strong></span> <span class='ocrx_word' id='word_1_323' title='bbox 2363 463 2609 522; x_wconf 88' lang='lat' dir='ltr'><strong>absunt.</strong></span> <span class='ocrx_word' id='word_1_324' title='bbox 2642 465 2757 522; x_wconf 71' lang='lat' dir='ltr'><strong>lllaa</strong></span> <span class='ocrx_word' id='word_1_325' title='bbox 2798 469 2978 534; x_wconf 90' lang='lat' dir='ltr'><strong>enim,</strong></span> <span class='ocrx_word' id='word_1_326' title='bbox 3011 485 3272 540; x_wconf 90' lang='lat' dir='ltr'><strong>quarum</strong></span> <span class='ocrx_word' id='word_1_327' title='bbox 3304 470 3552 526; x_wconf 88' lang='lat' dir='ltr'><strong>mentio-</strong></span> 
     </span>
    </p>
   </div>
   <div class='ocr_carea' id='block_1_51' title="bbox 1903 547 3555 628">
    <p class='ocr_par' dir='ltr' id='par_1_51' title="bbox 1903 547 3555 628">
     <span class='ocr_line' id='line_1_51' title="bbox 1903 547 3555 628; baseline 0.007 -27"><span class='ocrx_word' id='word_1_328' title='bbox 1903 561 2042 602; x_wconf 88' lang='lat' dir='ltr'><strong>nem</strong></span> <span class='ocrx_word' id='word_1_329' title='bbox 2088 547 2358 617; x_wconf 85' lang='lat' dir='ltr'><strong>fecimus,</strong></span> <span class='ocrx_word' id='word_1_330' title='bbox 2413 553 2592 609; x_wconf 70' lang='lat' dir='ltr'><strong>varim</strong></span> <span class='ocrx_word' id='word_1_331' title='bbox 2640 555 3078 613; x_wconf 88' lang='lat' dir='ltr'><strong>moderationes</strong></span> <span class='ocrx_word' id='word_1_332' title='bbox 3119 557 3341 628; x_wconf 65' lang='lat' dir='ltr'><strong>gratiae,</strong></span> <span class='ocrx_word' id='word_1_333' title='bbox 3392 558 3555 614; x_wconf 86' lang='lat' dir='ltr'><strong>varie</strong></span> 
     </span>
    </p>
   </div>
   <div class='ocr_carea' id='block_1_52' title="bbox 1901 637 3554 712">
    <p class='ocr_par' dir='ltr' id='par_1_52' title="bbox 1901 637 3554 712">
     <span class='ocr_line' id='line_1_52' title="bbox 1901 637 3554 712; baseline 0.007 -20"><span class='ocrx_word' id='word_1_334' title='bbox 1901 637 2146 708; x_wconf 86' lang='lat' dir='ltr'><strong>quidem</strong></span> <span class='ocrx_word' id='word_1_335' title='bbox 2187 640 2623 712; x_wconf 89' lang='lat' dir='ltr'><strong>exprimuntur.</strong></span> <span class='ocrx_word' id='word_1_336' title='bbox 2657 646 2898 704; x_wconf 86' lang='lat' dir='ltr'><strong>assidue</strong></span> <span class='ocrx_word' id='word_1_337' title='bbox 2937 654 3136 704; x_wconf 90' lang='lat' dir='ltr'><strong>tamen</strong></span> <span class='ocrx_word' id='word_1_338' title='bbox 3176 647 3237 702; x_wconf 93' lang='lat' dir='ltr'><strong>in</strong></span> <span class='ocrx_word' id='word_1_339' title='bbox 3276 647 3554 704; x_wconf 87' lang='lat' dir='ltr'><strong>homines</strong></span> 
     </span>
    </p>
   </div>
   <div class='ocr_carea' id='block_1_53' title="bbox 1901 729 3552 809">
    <p class='ocr_par' dir='ltr' id='par_1_53' title="bbox 1901 729 3552 809">
     <span class='ocr_line' id='line_1_53' title="bbox 1901 729 3552 809; baseline 0.007 -28"><span class='ocrx_word' id='word_1_340' title='bbox 1901 732 2109 796; x_wconf 87' lang='lat' dir='ltr'><strong>agunt,</strong></span> <span class='ocrx_word' id='word_1_341' title='bbox 2170 729 2401 787; x_wconf 78' lang='lat' dir='ltr'><strong>actione</strong></span> <span class='ocrx_word' id='word_1_342' title='bbox 2461 733 2753 790; x_wconf 80' lang='lat' dir='ltr'><strong>actionem</strong></span> <span class='ocrx_word' id='word_1_343' title='bbox 2807 737 3157 809; x_wconf 78' lang='lat' dir='ltr'><strong>excipiente.</strong></span> <span class='ocrx_word' id='word_1_344' title='bbox 3219 737 3326 794; x_wconf 91' lang='lat' dir='ltr'><strong>Ubi</strong></span> <span class='ocrx_word' id='word_1_345' title='bbox 3393 737 3552 793; x_wconf 92' lang='lat' dir='ltr'><strong>enim</strong></span> 
     </span>
    </p>
   </div>
   <div class='ocr_carea' id='block_1_54' title="bbox 1902 817 3552 898">
    <p class='ocr_par' dir='ltr' id='par_1_54' title="bbox 1902 817 3552 898">
     <span class='ocr_line' id='line_1_54' title="bbox 1902 817 3552 898; baseline 0.007 -27"><span class='ocrx_word' id='word_1_346' title='bbox 1902 817 2106 874; x_wconf 88' lang='lat' dir='ltr'><strong>anima</strong></span> <span class='ocrx_word' id='word_1_347' title='bbox 2122 819 2199 874; x_wconf 91' lang='lat' dir='ltr'><strong>ad</strong></span> <span class='ocrx_word' id='word_1_348' title='bbox 2222 820 2644 891; x_wconf 82' lang='lat' dir='ltr'><strong>perfectionem</strong></span> <span class='ocrx_word' id='word_1_349' title='bbox 2664 825 2907 895; x_wconf 84' lang='lat' dir='ltr'><strong>spiritus</strong></span> <span class='ocrx_word' id='word_1_350' title='bbox 2925 829 3276 897; x_wconf 80' lang='lat' dir='ltr'><strong>pervenerit,</strong></span> <span class='ocrx_word' id='word_1_351' title='bbox 3297 827 3552 898; x_wconf 84' lang='lat' dir='ltr'><strong>perfecte</strong></span> 
     </span>
    </p>
   </div>
   <div class='ocr_carea' id='block_1_55' title="bbox 1902 904 3551 987">
    <p class='ocr_par' dir='ltr' id='par_1_55' title="bbox 1902 904 3551 987">
     <span class='ocr_line' id='line_1_55' title="bbox 1902 904 3551 987; baseline 0.007 -27"><span class='ocrx_word' id='word_1_352' title='bbox 1902 904 1979 961; x_wconf 89' lang='lat' dir='ltr'><strong>ab</strong></span> <span class='ocrx_word' id='word_1_353' title='bbox 2005 907 2288 963; x_wconf 90' lang='lat' dir='ltr'><strong>omnibus</strong></span> <span class='ocrx_word' id='word_1_354' title='bbox 2317 908 2628 967; x_wconf 76' lang='lat' dir='ltr'><strong>affectibus</strong></span> <span class='ocrx_word' id='word_1_355' title='bbox 2654 920 3002 985; x_wconf 88' lang='lat' dir='ltr'><strong>expurgata,</strong></span> <span class='ocrx_word' id='word_1_356' title='bbox 3035 920 3090 970; x_wconf 92' lang='lat' dir='ltr'><strong>et</strong></span> <span class='ocrx_word' id='word_1_357' title='bbox 3111 915 3353 987; x_wconf 86' lang='lat' dir='ltr'><strong>Spiritui</strong></span> <span class='ocrx_word' id='word_1_358' title='bbox 3382 916 3551 971; x_wconf 89' lang='lat' dir='ltr'><strong>Para-</strong></span> 
     </span>
    </p>
   </div>
   <div class='ocr_carea' id='block_1_56' title="bbox 1901 994 3550 1076">
    <p class='ocr_par' dir='ltr' id='par_1_56' title="bbox 1901 994 3550 1076">
     <span class='ocr_line' id='line_1_56' title="bbox 1901 994 3550 1076; baseline 0.007 -27"><span class='ocrx_word' id='word_1_359' title='bbox 1901 994 2052 1051; x_wconf 87' lang='lat' dir='ltr'><strong>cleto</strong></span> <span class='ocrx_word' id='word_1_360' title='bbox 2066 1012 2286 1053; x_wconf 88' lang='lat' dir='ltr'><strong>arcana</strong></span> <span class='ocrx_word' id='word_1_361' title='bbox 2301 1000 2580 1056; x_wconf 82' lang='lat' dir='ltr'><strong>societate</strong></span> <span class='ocrx_word' id='word_1_362' title='bbox 2594 1002 2759 1057; x_wconf 89' lang='lat' dir='ltr'><strong>unita</strong></span> <span class='ocrx_word' id='word_1_363' title='bbox 2771 1005 3216 1074; x_wconf 87' lang='lat' dir='ltr'><strong>etpermista,ac</strong></span> <span class='ocrx_word' id='word_1_364' title='bbox 3231 1009 3550 1076; x_wconf 89' lang='lat' dir='ltr'><strong>temperata</strong></span> 
     </span>
    </p>
   </div>
   <div class='ocr_carea' id='block_1_57' title="bbox 1901 1087 3552 1165">
    <p class='ocr_par' dir='ltr' id='par_1_57' title="bbox 1901 1087 3552 1165">
     <span class='ocr_line' id='line_1_57' title="bbox 1901 1087 3552 1165; baseline 0.005 -25"><span class='ocrx_word' id='word_1_365' title='bbox 1901 1100 2039 1140; x_wconf 91' lang='lat' dir='ltr'><strong>cum</strong></span> <span class='ocrx_word' id='word_1_366' title='bbox 2076 1087 2291 1158; x_wconf 87' lang='lat' dir='ltr'><strong>Spiritu</strong></span> <span class='ocrx_word' id='word_1_367' title='bbox 2313 1088 2496 1160; x_wconf 85' lang='lat' dir='ltr'><strong>digna</strong></span> <span class='ocrx_word' id='word_1_368' title='bbox 2525 1090 2783 1146; x_wconf 90' lang='lat' dir='ltr'><strong>habetur</strong></span> <span class='ocrx_word' id='word_1_369' title='bbox 2803 1092 2929 1148; x_wconf 87' lang='lat' dir='ltr'><strong>ﬁeri</strong></span> <span class='ocrx_word' id='word_1_370' title='bbox 2954 1093 3234 1165; x_wconf 83' lang='lat' dir='ltr'><strong>spiritus;</strong></span> <span class='ocrx_word' id='word_1_371' title='bbox 3268 1098 3394 1148; x_wconf 90' lang='lat' dir='ltr'><strong>tum</strong></span> <span class='ocrx_word' id='word_1_372' title='bbox 3430 1098 3552 1148; x_wconf 90' lang='lat' dir='ltr'><strong>tota</strong></span> 
     </span>
    </p>
   </div>
   <div class='ocr_carea' id='block_1_58' title="bbox 1899 1173 3553 1252">
    <p class='ocr_par' dir='ltr' id='par_1_58' title="bbox 1899 1173 3553 1252">
     <span class='ocr_line' id='line_1_58' title="bbox 1899 1173 3553 1252; baseline 0.004 -23"><span class='ocrx_word' id='word_1_373' title='bbox 1899 1173 2022 1240; x_wconf 88' lang='lat' dir='ltr'><strong>lux,</strong></span> <span class='ocrx_word' id='word_1_374' title='bbox 2056 1180 2180 1231; x_wconf 91' lang='lat' dir='ltr'><strong>tota</strong></span> <span class='ocrx_word' id='word_1_375' title='bbox 2206 1177 2434 1245; x_wconf 84' lang='lat' dir='ltr'><strong>oculus,</strong></span> <span class='ocrx_word' id='word_1_376' title='bbox 2477 1184 2599 1235; x_wconf 90' lang='lat' dir='ltr'><strong>tota</strong></span> <span class='ocrx_word' id='word_1_377' title='bbox 2630 1181 2893 1252; x_wconf 87' lang='lat' dir='ltr'><strong>spiritus,</strong></span> <span class='ocrx_word' id='word_1_378' title='bbox 2928 1187 3050 1238; x_wconf 88' lang='lat' dir='ltr'><strong>tota</strong></span> <span class='ocrx_word' id='word_1_379' title='bbox 3076 1183 3388 1252; x_wconf 79' lang='lat' dir='ltr'><strong>gaudium,</strong></span> <span class='ocrx_word' id='word_1_380' title='bbox 3433 1186 3553 1237; x_wconf 91' lang='lat' dir='ltr'><strong>tota</strong></span> 
     </span>
    </p>
   </div>
   <div class='ocr_carea' id='block_1_59' title="bbox 1899 1263 3551 1335">
    <p class='ocr_par' dir='ltr' id='par_1_59' title="bbox 1899 1263 3551 1335">
     <span class='ocr_line' id='line_1_59' title="bbox 1899 1263 3551 1335; baseline 0.005 -18"><span class='ocrx_word' id='word_1_381' title='bbox 1899 1263 2233 1325; x_wconf 87' lang='lat' dir='ltr'><strong>delectatio.</strong></span> <span class='ocrx_word' id='word_1_382' title='bbox 2263 1271 2384 1323; x_wconf 91' lang='lat' dir='ltr'><strong>tota</strong></span> <span class='ocrx_word' id='word_1_383' title='bbox 2415 1268 2746 1333; x_wconf 86' lang='lat' dir='ltr'><strong>exsultatio,</strong></span> <span class='ocrx_word' id='word_1_384' title='bbox 2782 1275 2904 1326; x_wconf 88' lang='lat' dir='ltr'><strong>tota</strong></span> <span class='ocrx_word' id='word_1_385' title='bbox 2928 1271 3188 1335; x_wconf 89' lang='lat' dir='ltr'><strong>dilectio,</strong></span> <span class='ocrx_word' id='word_1_386' title='bbox 3217 1275 3340 1327; x_wconf 89' lang='lat' dir='ltr'><strong>tota</strong></span> <span class='ocrx_word' id='word_1_387' title='bbox 3369 1271 3551 1326; x_wconf 89' lang='lat' dir='ltr'><strong>visce-</strong></span> 
     </span>
    </p>
   </div>
   <div class='ocr_carea' id='block_1_60' title="bbox 1899 1355 3551 1431">
    <p class='ocr_par' dir='ltr' id='par_1_60' title="bbox 1899 1355 3551 1431">
     <span class='ocr_line' id='line_1_60' title="bbox 1899 1355 3551 1431; baseline 0.004 -24"><span class='ocrx_word' id='word_1_388' title='bbox 1899 1367 1986 1414; x_wconf 84' lang='lat' dir='ltr'><strong>ra,</strong></span> <span class='ocrx_word' id='word_1_389' title='bbox 2019 1357 2144 1409; x_wconf 88' lang='lat' dir='ltr'><strong>tota</strong></span> <span class='ocrx_word' id='word_1_390' title='bbox 2173 1355 2412 1412; x_wconf 86' lang='lat' dir='ltr'><strong>bonitas</strong></span> <span class='ocrx_word' id='word_1_391' title='bbox 2453 1363 2510 1414; x_wconf 91' lang='lat' dir='ltr'><strong>et</strong></span> <span class='ocrx_word' id='word_1_392' title='bbox 2539 1357 2854 1416; x_wconf 87' lang='lat' dir='ltr'><strong>clementia</strong></span> <span class='ocrx_word' id='word_1_393' title='bbox 2891 1359 2976 1418; x_wconf 93' lang='lat' dir='ltr'><strong>ﬁt.</strong></span> <span class='ocrx_word' id='word_1_394' title='bbox 3010 1361 3172 1416; x_wconf 90' lang='lat' dir='ltr'><strong>Sicut</strong></span> <span class='ocrx_word' id='word_1_395' title='bbox 3207 1361 3366 1416; x_wconf 91' lang='lat' dir='ltr'><strong>enim</strong></span> <span class='ocrx_word' id='word_1_396' title='bbox 3396 1358 3551 1431; x_wconf 84' lang='lat' dir='ltr'><strong>lapis</strong></span> 
     </span>
    </p>
   </div>
   <div class='ocr_carea' id='block_1_61' title="bbox 1900 1441 3550 1522">
    <p class='ocr_par' dir='ltr' id='par_1_61' title="bbox 1900 1441 3550 1522">
     <span class='ocr_line' id='line_1_61' title="bbox 1900 1441 3550 1522; baseline 0.005 -27"><span class='ocrx_word' id='word_1_397' title='bbox 1900 1441 1960 1496; x_wconf 91' lang='lat' dir='ltr'><strong>in</strong></span> <span class='ocrx_word' id='word_1_398' title='bbox 1983 1442 2284 1513; x_wconf 87' lang='lat' dir='ltr'><strong>profundo</strong></span> <span class='ocrx_word' id='word_1_399' title='bbox 2311 1446 2492 1501; x_wconf 88' lang='lat' dir='ltr'><strong>maris</strong></span> <span class='ocrx_word' id='word_1_400' title='bbox 2519 1447 2784 1520; x_wconf 87' lang='lat' dir='ltr'><strong>undique</strong></span> <span class='ocrx_word' id='word_1_401' title='bbox 2810 1465 2970 1522; x_wconf 89' lang='lat' dir='ltr'><strong>aqua</strong></span> <span class='ocrx_word' id='word_1_402' title='bbox 2993 1449 3398 1505; x_wconf 85' lang='lat' dir='ltr'><strong>circumdatur</strong></span> <span class='ocrx_word' id='word_1_403' title='bbox 3422 1465 3434 1503; x_wconf 94' lang='lat'><strong>:</strong></span> <span class='ocrx_word' id='word_1_404' title='bbox 3465 1448 3550 1504; x_wconf 89' lang='lat' dir='ltr'><strong>sic</strong></span> 
     </span>
    </p>
   </div>
   <div class='ocr_carea' id='block_1_62' title="bbox 1898 1529 3550 1610">
    <p class='ocr_par' dir='ltr' id='par_1_62' title="bbox 1898 1529 3550 1610">
     <span class='ocr_line' id='line_1_62' title="bbox 1898 1529 3550 1610; baseline 0.004 -25"><span class='ocrx_word' id='word_1_405' title='bbox 1898 1529 1980 1595; x_wconf 86' lang='lat' dir='ltr'><strong>hi,</strong></span> <span class='ocrx_word' id='word_1_406' title='bbox 2021 1534 2187 1587; x_wconf 90' lang='lat' dir='ltr'><strong>omni</strong></span> <span class='ocrx_word' id='word_1_407' title='bbox 2233 1535 2417 1590; x_wconf 92' lang='lat' dir='ltr'><strong>modo</strong></span> <span class='ocrx_word' id='word_1_408' title='bbox 2463 1536 2698 1608; x_wconf 85' lang='lat' dir='ltr'><strong>Spiritui</strong></span> <span class='ocrx_word' id='word_1_409' title='bbox 2747 1545 2952 1594; x_wconf 91' lang='lat' dir='ltr'><strong>sancto</strong></span> <span class='ocrx_word' id='word_1_410' title='bbox 2989 1539 3280 1610; x_wconf 88' lang='lat' dir='ltr'><strong>permisti,</strong></span> <span class='ocrx_word' id='word_1_411' title='bbox 3328 1537 3550 1595; x_wconf 89' lang='lat' dir='ltr'><strong>similes</strong></span> 
     </span>
    </p>
   </div>
   <div class='ocr_carea' id='block_1_63' title="bbox 1899 1620 3549 1699">
    <p class='ocr_par' dir='ltr' id='par_1_63' title="bbox 1899 1620 3549 1699">
     <span class='ocr_line' id='line_1_63' title="bbox 1899 1620 3549 1699; baseline 0.006 -25"><span class='ocrx_word' id='word_1_412' title='bbox 1899 1620 2051 1676; x_wconf 91' lang='lat' dir='ltr'><strong>ﬁunt</strong></span> <span class='ocrx_word' id='word_1_413' title='bbox 2076 1621 2305 1687; x_wconf 88' lang='lat' dir='ltr'><strong>Christi,</strong></span> <span class='ocrx_word' id='word_1_414' title='bbox 2334 1623 2581 1680; x_wconf 86' lang='lat' dir='ltr'><strong>virtutes</strong></span> <span class='ocrx_word' id='word_1_415' title='bbox 2619 1629 2896 1696; x_wconf 69' lang='lat' dir='ltr'><strong>potentias</strong></span> <span class='ocrx_word' id='word_1_416' title='bbox 2929 1629 3179 1699; x_wconf 87' lang='lat' dir='ltr'><strong>Spiritus</strong></span> <span class='ocrx_word' id='word_1_417' title='bbox 3204 1633 3549 1684; x_wconf 86' lang='lat' dir='ltr'><strong>constanter</strong></span> 
     </span>
    </p>
   </div>
   <div class='ocr_carea' id='block_1_64' title="bbox 1445 1705 3548 1782">
    <p class='ocr_par' dir='ltr' id='par_1_64' title="bbox 1445 1705 3548 1782">
     <span class='ocr_line' id='line_1_64' title="bbox 1445 1705 3548 1782; baseline 0.006 -22"><span class='ocrx_word' id='word_1_418' title='bbox 1445 1709 1540 1768; x_wconf 84' lang='grc' dir='ltr'><strong>τὰς</strong></span> <span class='ocrx_word' id='word_1_419' title='bbox 1608 1705 1789 1780; x_wconf 78' lang='grc' dir='ltr'>ἀρετὰς</span> <span class='ocrx_word' id='word_1_420' title='bbox 1822 1724 1868 1780; x_wconf 81' lang='grc' dir='ltr'>Β</span> <span class='ocrx_word' id='word_1_421' title='bbox 1897 1709 1958 1764; x_wconf 92' lang='lat' dir='ltr'><strong>in</strong></span> <span class='ocrx_word' id='word_1_422' title='bbox 1984 1726 2046 1765; x_wconf 88' lang='lat' dir='ltr'><strong>se</strong></span> <span class='ocrx_word' id='word_1_423' title='bbox 2067 1710 2212 1782; x_wconf 88' lang='lat' dir='ltr'><strong>ipsis</strong></span> <span class='ocrx_word' id='word_1_424' title='bbox 2241 1711 2598 1778; x_wconf 90' lang='lat' dir='ltr'><strong>obtinentes,</strong></span> <span class='ocrx_word' id='word_1_425' title='bbox 2627 1714 2784 1770; x_wconf 91' lang='lat' dir='ltr'><strong>intus</strong></span> <span class='ocrx_word' id='word_1_426' title='bbox 2809 1716 3182 1780; x_wconf 89' lang='lat' dir='ltr'><strong>exsistentes,</strong></span> <span class='ocrx_word' id='word_1_427' title='bbox 3202 1717 3400 1773; x_wconf 91' lang='lat' dir='ltr'><strong>omnis</strong></span> <span class='ocrx_word' id='word_1_428' title='bbox 3422 1733 3548 1774; x_wconf 89' lang='lat' dir='ltr'><strong>ma-</strong></span> 
     </span>
    </p>
   </div>
   <div class='ocr_carea' id='block_1_65' title="bbox 1899 1798 3364 1878">
    <p class='ocr_par' dir='ltr' id='par_1_65' title="bbox 1899 1798 3364 1878">
     <span class='ocr_line' id='line_1_65' title="bbox 1899 1798 3364 1878; baseline 0.005 -24"><span class='ocrx_word' id='word_1_429' title='bbox 1899 1798 2044 1855; x_wconf 62' lang='lat' dir='ltr'><strong>culis</strong></span> <span class='ocrx_word' id='word_1_430' title='bbox 2085 1816 2154 1856; x_wconf 91' lang='lat' dir='ltr'><strong>ac</strong></span> <span class='ocrx_word' id='word_1_431' title='bbox 2183 1801 2660 1872; x_wconf 89' lang='lat' dir='ltr'><strong>reprehensionis</strong></span> <span class='ocrx_word' id='word_1_432' title='bbox 2691 1811 2959 1876; x_wconf 85' lang='lat' dir='ltr'><strong>expertes</strong></span> <span class='ocrx_word' id='word_1_433' title='bbox 2998 1810 3178 1878; x_wconf 90' lang='lat' dir='ltr'><strong>atque</strong></span> <span class='ocrx_word' id='word_1_434' title='bbox 3209 1805 3364 1877; x_wconf 92' lang='lat' dir='ltr'><strong>puri.</strong></span> 
     </span>
    </p>
   </div>
   <div class='ocr_carea' id='block_1_66' title="bbox 1971 2067 3547 2153">
    <p class='ocr_par' dir='ltr' id='par_1_66' title="bbox 1971 2067 3547 2153">
     <span class='ocr_line' id='line_1_66' title="bbox 1971 2067 3547 2153; baseline 0.01 -32"><span class='ocrx_word' id='word_1_435' title='bbox 1971 2068 2052 2124; x_wconf 90' lang='lat' dir='ltr'><strong>Xl.</strong></span> <span class='ocrx_word' id='word_1_436' title='bbox 2081 2067 2227 2124; x_wconf 90' lang='lat' dir='ltr'><strong>Cum</strong></span> <span class='ocrx_word' id='word_1_437' title='bbox 2257 2070 2418 2126; x_wconf 87' lang='lat' dir='ltr'><strong>enim</strong></span> <span class='ocrx_word' id='word_1_438' title='bbox 2446 2087 2551 2142; x_wconf 90' lang='lat' dir='ltr'><strong>per</strong></span> <span class='ocrx_word' id='word_1_439' title='bbox 2569 2072 2853 2145; x_wconf 88' lang='lat' dir='ltr'><strong>Spiritum</strong></span> <span class='ocrx_word' id='word_1_440' title='bbox 2880 2075 2999 2132; x_wconf 90' lang='lat' dir='ltr'><strong>sint</strong></span> <span class='ocrx_word' id='word_1_441' title='bbox 3026 2079 3359 2146; x_wconf 87' lang='lat' dir='ltr'><strong>restaurati,</strong></span> <span class='ocrx_word' id='word_1_442' title='bbox 3391 2095 3547 2153; x_wconf 89' lang='lat' dir='ltr'><strong>quo-</strong></span> 
     </span>
    </p>
   </div>
   <div class='ocr_carea' id='block_1_67' title="bbox 1896 2156 3545 2238">
    <p class='ocr_par' dir='ltr' id='par_1_67' title="bbox 1896 2156 3545 2238">
     <span class='ocr_line' id='line_1_67' title="bbox 1896 2156 3545 2238; baseline 0.008 -27"><span class='ocrx_word' id='word_1_443' title='bbox 1896 2156 2079 2212; x_wconf 91' lang='lat' dir='ltr'><strong>modo</strong></span> <span class='ocrx_word' id='word_1_444' title='bbox 2099 2164 2262 2214; x_wconf 86' lang='lat' dir='ltr'><strong>extra</strong></span> <span class='ocrx_word' id='word_1_445' title='bbox 2285 2166 2534 2230; x_wconf 88' lang='lat' dir='ltr'><strong>possunt</strong></span> <span class='ocrx_word' id='word_1_446' title='bbox 2555 2160 2812 2217; x_wconf 86' lang='lat' dir='ltr'><strong>fructum</strong></span> <span class='ocrx_word' id='word_1_447' title='bbox 2843 2164 3082 2220; x_wconf 71' lang='lat' dir='ltr'><strong>malitiae</strong></span> <span class='ocrx_word' id='word_1_448' title='bbox 3103 2165 3370 2238; x_wconf 85' lang='lat' dir='ltr'><strong>proferre</strong></span> <span class='ocrx_word' id='word_1_449' title='bbox 3386 2169 3413 2222; x_wconf 89' lang='lat'><strong>?</strong></span> <span class='ocrx_word' id='word_1_450' title='bbox 3448 2171 3545 2224; x_wconf 89' lang='lat' dir='ltr'><strong>Ve-</strong></span> 
     </span>
    </p>
   </div>
   <div class='ocr_carea' id='block_1_68' title="bbox 1895 2251 3546 2327">
    <p class='ocr_par' dir='ltr' id='par_1_68' title="bbox 1895 2251 3546 2327">
     <span class='ocr_line' id='line_1_68' title="bbox 1895 2251 3546 2327; baseline 0.008 -28"><span class='ocrx_word' id='word_1_451' title='bbox 1895 2261 2027 2300; x_wconf 88' lang='lat' dir='ltr'><strong>rum</strong></span> <span class='ocrx_word' id='word_1_452' title='bbox 2061 2253 2345 2318; x_wconf 91' lang='lat' dir='ltr'><strong>perpetuo</strong></span> <span class='ocrx_word' id='word_1_453' title='bbox 2365 2265 2469 2320; x_wconf 90' lang='lat' dir='ltr'><strong>per</strong></span> <span class='ocrx_word' id='word_1_454' title='bbox 2499 2251 2706 2306; x_wconf 85' lang='lat' dir='ltr'><strong>omnia</strong></span> <span class='ocrx_word' id='word_1_455' title='bbox 2727 2251 2955 2308; x_wconf 89' lang='lat' dir='ltr'><strong>fructus</strong></span> <span class='ocrx_word' id='word_1_456' title='bbox 2979 2254 3227 2327; x_wconf 86' lang='lat' dir='ltr'><strong>Spiritus</strong></span> <span class='ocrx_word' id='word_1_457' title='bbox 3245 2257 3306 2312; x_wconf 89' lang='lat' dir='ltr'><strong>in</strong></span> <span class='ocrx_word' id='word_1_458' title='bbox 3332 2258 3402 2312; x_wconf 90' lang='lat' dir='ltr'><strong>iis</strong></span> <span class='ocrx_word' id='word_1_459' title='bbox 3423 2257 3546 2313; x_wconf 89' lang='lat' dir='ltr'><strong>eni-</strong></span> 
     </span>
    </p>
   </div>
   <div class='ocr_carea' id='block_1_69' title="bbox 1898 2338 3542 2414">
    <p class='ocr_par' dir='ltr' id='par_1_69' title="bbox 1898 2338 3542 2414">
     <span class='ocr_line' id='line_1_69' title="bbox 1898 2338 3542 2414; baseline 0.008 -24"><span class='ocrx_word' id='word_1_460' title='bbox 1898 2340 2149 2391; x_wconf 89' lang='lat' dir='ltr'><strong>tescunt.</strong></span> <span class='ocrx_word' id='word_1_461' title='bbox 2184 2338 2432 2393; x_wconf 89' lang='lat' dir='ltr'><strong>Oremus</strong></span> <span class='ocrx_word' id='word_1_462' title='bbox 2466 2339 2642 2408; x_wconf 84' lang='lat' dir='ltr'><strong>igitur</strong></span> <span class='ocrx_word' id='word_1_463' title='bbox 2669 2356 2911 2414; x_wconf 90' lang='lat' dir='ltr'><strong>quoque</strong></span> <span class='ocrx_word' id='word_1_464' title='bbox 2940 2357 3050 2398; x_wconf 92' lang='lat' dir='ltr'><strong>nos</strong></span> <span class='ocrx_word' id='word_1_465' title='bbox 3084 2347 3290 2410; x_wconf 86' lang='lat' dir='ltr'><strong>Deum,</strong></span> <span class='ocrx_word' id='word_1_466' title='bbox 3333 2351 3389 2402; x_wconf 90' lang='lat' dir='ltr'><strong>et</strong></span> <span class='ocrx_word' id='word_1_467' title='bbox 3416 2362 3542 2402; x_wconf 87' lang='lat' dir='ltr'><strong>cre-</strong></span> 
     </span>
    </p>
   </div>
   <div class='ocr_carea' id='block_1_70' title="bbox 1898 2425 3544 2505">
    <p class='ocr_par' dir='ltr' id='par_1_70' title="bbox 1898 2425 3544 2505">
     <span class='ocr_line' id='line_1_70' title="bbox 1898 2425 3544 2505; baseline 0.009 -28"><span class='ocrx_word' id='word_1_468' title='bbox 1898 2441 2032 2478; x_wconf 90' lang='lat' dir='ltr'><strong>mus</strong></span> <span class='ocrx_word' id='word_1_469' title='bbox 2087 2425 2148 2480; x_wconf 92' lang='lat' dir='ltr'><strong>in</strong></span> <span class='ocrx_word' id='word_1_470' title='bbox 2204 2425 2514 2484; x_wconf 89' lang='lat' dir='ltr'><strong>dilectione</strong></span> <span class='ocrx_word' id='word_1_471' title='bbox 2571 2445 2641 2484; x_wconf 91' lang='lat' dir='ltr'><strong>ac</strong></span> <span class='ocrx_word' id='word_1_472' title='bbox 2691 2445 2794 2502; x_wconf 90' lang='lat' dir='ltr'><strong>spe</strong></span> <span class='ocrx_word' id='word_1_473' title='bbox 2844 2447 3087 2501; x_wconf 89' lang='lat' dir='ltr'><strong>magna,</strong></span> <span class='ocrx_word' id='word_1_474' title='bbox 3144 2439 3208 2488; x_wconf 92' lang='lat' dir='ltr'><strong>ut</strong></span> <span class='ocrx_word' id='word_1_475' title='bbox 3257 2434 3544 2505; x_wconf 81' lang='lat' dir='ltr'><strong>largiatur</strong></span> 
     </span>
    </p>
   </div>
   <div class='ocr_carea' id='block_1_71' title="bbox 1896 2513 3543 2592">
    <p class='ocr_par' dir='ltr' id='par_1_71' title="bbox 1896 2513 3543 2592">
     <span class='ocr_line' id='line_1_71' title="bbox 1896 2513 3543 2592; baseline 0.007 -24"><span class='ocrx_word' id='word_1_476' title='bbox 1896 2513 2073 2569; x_wconf 90' lang='lat' dir='ltr'><strong>nobis</strong></span> <span class='ocrx_word' id='word_1_477' title='bbox 2112 2515 2410 2572; x_wconf 74' lang='lat' dir='ltr'><strong>cmlestem</strong></span> <span class='ocrx_word' id='word_1_478' title='bbox 2451 2518 2704 2586; x_wconf 81' lang='lat' dir='ltr'><strong>gratiam</strong></span> <span class='ocrx_word' id='word_1_479' title='bbox 2737 2518 2879 2574; x_wconf 91' lang='lat' dir='ltr'><strong>doni</strong></span> <span class='ocrx_word' id='word_1_480' title='bbox 2932 2521 3201 2592; x_wconf 90' lang='lat' dir='ltr'><strong>Spiritus,</strong></span> <span class='ocrx_word' id='word_1_481' title='bbox 3241 2529 3302 2579; x_wconf 92' lang='lat' dir='ltr'><strong>ut</strong></span> <span class='ocrx_word' id='word_1_482' title='bbox 3337 2530 3391 2580; x_wconf 89' lang='lat' dir='ltr'><strong>et</strong></span> <span class='ocrx_word' id='word_1_483' title='bbox 3432 2539 3543 2579; x_wconf 91' lang='lat' dir='ltr'><strong>nos</strong></span> 
     </span>
    </p>
   </div>
   <div class='ocr_carea' id='block_1_72' title="bbox 1895 2601 3544 2676">
    <p class='ocr_par' dir='ltr' id='par_1_72' title="bbox 1895 2601 3544 2676">
     <span class='ocr_line' id='line_1_72' title="bbox 1895 2601 3544 2676; baseline 0.007 -19"><span class='ocrx_word' id='word_1_484' title='bbox 1895 2601 2024 2674; x_wconf 89' lang='lat' dir='ltr'><strong>ipse</strong></span> <span class='ocrx_word' id='word_1_485' title='bbox 2054 2603 2307 2676; x_wconf 88' lang='lat' dir='ltr'><strong>Spiritus</strong></span> <span class='ocrx_word' id='word_1_486' title='bbox 2329 2605 2637 2675; x_wconf 83' lang='lat' dir='ltr'><strong>gubernet,</strong></span> <span class='ocrx_word' id='word_1_487' title='bbox 2672 2613 2726 2663; x_wconf 90' lang='lat' dir='ltr'><strong>et</strong></span> <span class='ocrx_word' id='word_1_488' title='bbox 2746 2608 2928 2664; x_wconf 90' lang='lat' dir='ltr'><strong>ducat</strong></span> <span class='ocrx_word' id='word_1_489' title='bbox 2953 2609 3031 2666; x_wconf 92' lang='lat' dir='ltr'><strong>ad</strong></span> <span class='ocrx_word' id='word_1_490' title='bbox 3061 2627 3306 2667; x_wconf 87' lang='lat' dir='ltr'><strong>omnem</strong></span> <span class='ocrx_word' id='word_1_491' title='bbox 3341 2611 3544 2668; x_wconf 86' lang='lat' dir='ltr'><strong>volun-</strong></span> 
     </span>
    </p>
   </div>
   <div class='ocr_carea' id='block_1_73' title="bbox 1895 2692 3543 2772">
    <p class='ocr_par' dir='ltr' id='par_1_73' title="bbox 1895 2692 3543 2772">
     <span class='ocr_line' id='line_1_73' title="bbox 1895 2692 3543 2772; baseline 0.005 -24"><span class='ocrx_word' id='word_1_492' title='bbox 1895 2696 2075 2748; x_wconf 85' lang='lat' dir='ltr'><strong>tatem</strong></span> <span class='ocrx_word' id='word_1_493' title='bbox 2096 2692 2386 2761; x_wconf 90' lang='lat' dir='ltr'><strong>divinam,</strong></span> <span class='ocrx_word' id='word_1_494' title='bbox 2411 2711 2481 2750; x_wconf 91' lang='lat' dir='ltr'><strong>ac</strong></span> <span class='ocrx_word' id='word_1_495' title='bbox 2502 2711 2613 2751; x_wconf 89' lang='lat' dir='ltr'><strong>nos</strong></span> <span class='ocrx_word' id='word_1_496' title='bbox 2633 2696 2859 2753; x_wconf 86' lang='lat' dir='ltr'><strong>reﬁciat</strong></span> <span class='ocrx_word' id='word_1_497' title='bbox 2880 2699 3057 2754; x_wconf 87' lang='lat' dir='ltr'><strong>variis</strong></span> <span class='ocrx_word' id='word_1_498' title='bbox 3079 2700 3306 2772; x_wconf 88' lang='lat' dir='ltr'><strong>requiei</strong></span> <span class='ocrx_word' id='word_1_499' title='bbox 3325 2702 3543 2769; x_wconf 90' lang='lat' dir='ltr'><strong>modis,</strong></span> 
     </span>
    </p>
   </div>
   <div class='ocr_carea' id='block_1_74' title="bbox 1895 2782 3539 2860">
    <p class='ocr_par' dir='ltr' id='par_1_74' title="bbox 1895 2782 3539 2860">
     <span class='ocr_line' id='line_1_74' title="bbox 1895 2782 3539 2860; baseline 0.006 -23"><span class='ocrx_word' id='word_1_500' title='bbox 1895 2787 1960 2837; x_wconf 90' lang='lat' dir='ltr'><strong>ut</strong></span> <span class='ocrx_word' id='word_1_501' title='bbox 1975 2797 2089 2853; x_wconf 89' lang='lat' dir='ltr'><strong>ope</strong></span> <span class='ocrx_word' id='word_1_502' title='bbox 2105 2782 2207 2853; x_wconf 89' lang='lat' dir='ltr'><strong>huj</strong></span> <span class='ocrx_word' id='word_1_503' title='bbox 2218 2800 2282 2838; x_wconf 90' lang='lat' dir='ltr'><strong>us</strong></span> <span class='ocrx_word' id='word_1_504' title='bbox 2306 2783 2777 2854; x_wconf 87' lang='lat' dir='ltr'><strong>gubernationis,</strong></span> <span class='ocrx_word' id='word_1_505' title='bbox 2792 2793 2849 2842; x_wconf 84' lang='lat' dir='ltr'><strong>et</strong></span> <span class='ocrx_word' id='word_1_506' title='bbox 2861 2789 3300 2845; x_wconf 87' lang='lat' dir='ltr'><strong>exercitationis</strong></span> <span class='ocrx_word' id='word_1_507' title='bbox 3314 2792 3539 2860; x_wconf 68' lang='lat' dir='ltr'><strong>gratim,</strong></span> 
     </span>
    </p>
   </div>
   <div class='ocr_carea' id='block_1_75' title="bbox 1896 2872 3541 2948">
    <p class='ocr_par' dir='ltr' id='par_1_75' title="bbox 1896 2872 3541 2948">
     <span class='ocr_line' id='line_1_75' title="bbox 1896 2872 3541 2948; baseline 0.007 -23"><span class='ocrx_word' id='word_1_508' title='bbox 1896 2886 1966 2927; x_wconf 90' lang='lat' dir='ltr'><strong>ac</strong></span> <span class='ocrx_word' id='word_1_509' title='bbox 2012 2872 2405 2942; x_wconf 88' lang='lat' dir='ltr'><strong>promotionis</strong></span> <span class='ocrx_word' id='word_1_510' title='bbox 2464 2874 2809 2946; x_wconf 89' lang='lat' dir='ltr'><strong>spiritualis,</strong></span> <span class='ocrx_word' id='word_1_511' title='bbox 2860 2877 3024 2948; x_wconf 90' lang='lat' dir='ltr'><strong>digni</strong></span> <span class='ocrx_word' id='word_1_512' title='bbox 3072 2877 3409 2936; x_wconf 85' lang='lat' dir='ltr'><strong>habeamur</strong></span> <span class='ocrx_word' id='word_1_513' title='bbox 3461 2882 3541 2938; x_wconf 88' lang='lat' dir='ltr'><strong>ad</strong></span> 
     </span>
    </p>
   </div>
   <div class='ocr_carea' id='block_1_76' title="bbox 1895 2961 3543 3037">
    <p class='ocr_par' dir='ltr' id='par_1_76' title="bbox 1895 2961 3543 3037">
     <span class='ocr_line' id='line_1_76' title="bbox 1895 2961 3543 3037; baseline 0.005 -21"><span class='ocrx_word' id='word_1_514' title='bbox 1895 2961 2318 3032; x_wconf 80' lang='lat' dir='ltr'><strong>perfectionem</strong></span> <span class='ocrx_word' id='word_1_515' title='bbox 2351 2961 2736 3033; x_wconf 87' lang='lat' dir='ltr'><strong>plenitudinis</strong></span> <span class='ocrx_word' id='word_1_516' title='bbox 2765 2963 2976 3021; x_wconf 87' lang='lat' dir='ltr'><strong>Christi</strong></span> <span class='ocrx_word' id='word_1_517' title='bbox 3007 2968 3338 3037; x_wconf 86' lang='lat' dir='ltr'><strong>pervenire,</strong></span> <span class='ocrx_word' id='word_1_518' title='bbox 3366 2979 3428 3024; x_wconf 82' lang='lat' dir='ltr'><strong>ut</strong></span> <span class='ocrx_word' id='word_1_519' title='bbox 3457 2969 3543 3024; x_wconf 84' lang='lat' dir='ltr'><strong>in-</strong></span> 
     </span>
    </p>
   </div>
   <div class='ocr_carea' id='block_1_77' title="bbox 1895 3048 3543 3126">
    <p class='ocr_par' dir='ltr' id='par_1_77' title="bbox 1895 3048 3543 3126">
     <span class='ocr_line' id='line_1_77' title="bbox 1895 3048 3543 3126; baseline 0.005 -23"><span class='ocrx_word' id='word_1_520' title='bbox 1895 3048 2024 3122; x_wconf 89' lang='lat' dir='ltr'><strong>quit</strong></span> <span class='ocrx_word' id='word_1_521' title='bbox 2041 3049 2388 3120; x_wconf 86' lang='lat' dir='ltr'><strong>Apostolus:</strong></span> <span class='ocrx_word' id='word_1_522' title='bbox 2420 3051 2492 3106; x_wconf 93' lang='lat' dir='ltr'><strong>Ut</strong></span> <span class='ocrx_word' id='word_1_523' title='bbox 2513 3053 2882 3122; x_wconf 79' lang='lat' dir='ltr'><strong>z&#39;mpleamim‘</strong></span> <span class='ocrx_word' id='word_1_524' title='bbox 2897 3054 2957 3108; x_wconf 83' lang='lat' dir='ltr'><strong>in</strong></span> <span class='ocrx_word' id='word_1_525' title='bbox 2974 3070 3202 3112; x_wconf 82' lang='lat' dir='ltr'><strong>omnem</strong></span> <span class='ocrx_word' id='word_1_526' title='bbox 3222 3057 3543 3126; x_wconf 78' lang='lat' dir='ltr'><strong>plenitudi-</strong></span> 
     </span>
    </p>
   </div>
   <div class='ocr_carea' id='block_1_78' title="bbox 1895 3138 3541 3215">
    <p class='ocr_par' dir='ltr' id='par_1_78' title="bbox 1895 3138 3541 3215">
     <span class='ocr_line' id='line_1_78' title="bbox 1895 3138 3541 3215; baseline 0.004 -21"><span class='ocrx_word' id='word_1_527' title='bbox 1895 3154 2028 3195; x_wconf 85' lang='lat' dir='ltr'><strong>nem</strong></span> <span class='ocrx_word' id='word_1_528' title='bbox 2078 3138 2298 3194; x_wconf 80' lang='lat' dir='ltr'><strong>Christi</strong></span> <span class='ocrx_word' id='word_1_529' title='bbox 2332 3140 2400 3191; x_wconf 69' lang='grc'><strong>⁵⁵.</strong></span> <span class='ocrx_word' id='word_1_530' title='bbox 2433 3139 2500 3195; x_wconf 90' lang='lat' dir='ltr'><strong>Et</strong></span> <span class='ocrx_word' id='word_1_531' title='bbox 2547 3156 2826 3196; x_wconf 89' lang='lat' dir='ltr'><strong>rursum:</strong></span> <span class='ocrx_word' id='word_1_532' title='bbox 2884 3143 3080 3200; x_wconf 87' lang='lat' dir='ltr'><strong>Donec</strong></span> <span class='ocrx_word' id='word_1_533' title='bbox 3123 3146 3541 3215; x_wconf 79' lang='lat' dir='ltr'><strong>perveniamus</strong></span> 
     </span>
    </p>
   </div>
   <div class='ocr_carea' id='block_1_79' title="bbox 1894 3226 3544 3306">
    <p class='ocr_par' dir='ltr' id='par_1_79' title="bbox 1894 3226 3544 3306">
     <span class='ocr_line' id='line_1_79' title="bbox 1894 3226 3544 3306; baseline 0.004 -22"><span class='ocrx_word' id='word_1_534' title='bbox 1894 3241 2092 3284; x_wconf 86' lang='lat' dir='ltr'><strong>omnes</strong></span> <span class='ocrx_word' id='word_1_535' title='bbox 2113 3226 2174 3282; x_wconf 85' lang='lat' dir='ltr'><strong>in</strong></span> <span class='ocrx_word' id='word_1_536' title='bbox 2190 3227 2383 3283; x_wconf 83' lang='lat' dir='ltr'><strong>virum</strong></span> <span class='ocrx_word' id='word_1_537' title='bbox 2398 3230 2750 3299; x_wconf 82' lang='lat' dir='ltr'><strong>perfectum,</strong></span> <span class='ocrx_word' id='word_1_538' title='bbox 2774 3230 2837 3285; x_wconf 84' lang='lat' dir='ltr'><strong>in</strong></span> <span class='ocrx_word' id='word_1_539' title='bbox 2853 3246 3191 3290; x_wconf 82' lang='lat' dir='ltr'><strong>mensuram</strong></span> <span class='ocrx_word' id='word_1_540' title='bbox 3215 3235 3404 3291; x_wconf 77' lang='lat' dir='ltr'><strong>aetatis</strong></span> <span class='ocrx_word' id='word_1_541' title='bbox 3420 3235 3544 3306; x_wconf 84' lang='lat' dir='ltr'><strong>ple-</strong></span> 
     </span>
    </p>
   </div>
   <div class='ocr_carea' id='block_1_80' title="bbox 1893 3316 3542 3380">
    <p class='ocr_par' dir='ltr' id='par_1_80' title="bbox 1893 3316 3542 3380">
     <span class='ocr_line' id='line_1_80' title="bbox 1893 3316 3542 3380; baseline 0.004 -7"><span class='ocrx_word' id='word_1_542' title='bbox 1893 3317 2186 3373; x_wconf 72' lang='lat' dir='ltr'><strong>nitudinis</strong></span> <span class='ocrx_word' id='word_1_543' title='bbox 2221 3316 2528 3373; x_wconf 75' lang='lat' dir='ltr'><strong>Christi”.</strong></span> <span class='ocrx_word' id='word_1_544' title='bbox 2558 3317 2828 3374; x_wconf 90' lang='lat' dir='ltr'><strong>Promisit</strong></span> <span class='ocrx_word' id='word_1_545' title='bbox 2860 3322 3152 3377; x_wconf 90' lang='lat' dir='ltr'><strong>Dominus</strong></span> <span class='ocrx_word' id='word_1_546' title='bbox 3172 3323 3454 3380; x_wconf 90' lang='lat' dir='ltr'><strong>omnibus</strong></span> <span class='ocrx_word' id='word_1_547' title='bbox 3479 3324 3542 3380; x_wconf 91' lang='lat' dir='ltr'><strong>in</strong></span> 
     </span>
    </p>
   </div>
   <div class='ocr_carea' id='block_1_81' title="bbox 1895 3406 3543 3482">
    <p class='ocr_par' dir='ltr' id='par_1_81' title="bbox 1895 3406 3543 3482">
     <span class='ocr_line' id='line_1_81' title="bbox 1895 3406 3543 3482; baseline 0.005 -20"><span class='ocrx_word' id='word_1_548' title='bbox 1895 3422 1960 3462; x_wconf 91' lang='lat' dir='ltr'><strong>se</strong></span> <span class='ocrx_word' id='word_1_549' title='bbox 1994 3406 2395 3477; x_wconf 87' lang='lat' dir='ltr'><strong>credentibus,</strong></span> <span class='ocrx_word' id='word_1_550' title='bbox 2417 3411 2473 3463; x_wconf 92' lang='lat' dir='ltr'><strong>et</strong></span> <span class='ocrx_word' id='word_1_551' title='bbox 2494 3406 2556 3462; x_wconf 92' lang='lat' dir='ltr'><strong>in</strong></span> <span class='ocrx_word' id='word_1_552' title='bbox 2579 3408 2825 3465; x_wconf 84' lang='lat' dir='ltr'><strong>veritate</strong></span> <span class='ocrx_word' id='word_1_553' title='bbox 2853 3410 3319 3482; x_wconf 90' lang='lat' dir='ltr'><strong>postulantibus,</strong></span> <span class='ocrx_word' id='word_1_554' title='bbox 3348 3429 3409 3469; x_wconf 88' lang='lat' dir='ltr'><strong>se</strong></span> <span class='ocrx_word' id='word_1_555' title='bbox 3429 3413 3543 3471; x_wconf 88' lang='lat' dir='ltr'><strong>lar-</strong></span> 
     </span>
    </p>
   </div>
   <div class='ocr_carea' id='block_1_82' title="bbox 1894 3495 3542 3576">
    <p class='ocr_par' dir='ltr' id='par_1_82' title="bbox 1894 3495 3542 3576">
     <span class='ocr_line' id='line_1_82' title="bbox 1894 3495 3542 3576; baseline 0.005 -24"><span class='ocrx_word' id='word_1_556' title='bbox 1894 3496 2157 3568; x_wconf 86' lang='lat' dir='ltr'><strong>giturum</strong></span> <span class='ocrx_word' id='word_1_557' title='bbox 2178 3495 2790 3569; x_wconf 80' lang='lat' dir='ltr'><strong>mysteriaineﬂ‘abilis</strong></span> <span class='ocrx_word' id='word_1_558' title='bbox 2806 3501 3250 3558; x_wconf 89' lang='lat' dir='ltr'><strong>communionis</strong></span> <span class='ocrx_word' id='word_1_559' title='bbox 3268 3503 3542 3576; x_wconf 88' lang='lat' dir='ltr'><strong>Spiritus.</strong></span> 
     </span>
    </p>
   </div>
   <div class='ocr_carea' id='block_1_83' title="bbox 1895 3585 3545 3658">
    <p class='ocr_par' dir='ltr' id='par_1_83' title="bbox 1895 3585 3545 3658">
     <span class='ocr_line' id='line_1_83' title="bbox 1895 3585 3545 3658; baseline 0.005 -18"><span class='ocrx_word' id='word_1_560' title='bbox 1895 3589 2265 3657; x_wconf 83' lang='lat' dir='ltr'><strong>Quapropter</strong></span> <span class='ocrx_word' id='word_1_561' title='bbox 2304 3585 2538 3657; x_wconf 88' lang='lat' dir='ltr'><strong>penitus</strong></span> <span class='ocrx_word' id='word_1_562' title='bbox 2575 3602 2684 3641; x_wconf 91' lang='lat' dir='ltr'><strong>nos</strong></span> <span class='ocrx_word' id='word_1_563' title='bbox 2719 3586 2885 3658; x_wconf 91' lang='lat' dir='ltr'><strong>ipsos</strong></span> <span class='ocrx_word' id='word_1_564' title='bbox 2935 3591 3186 3646; x_wconf 90' lang='lat' dir='ltr'><strong>Domino</strong></span> <span class='ocrx_word' id='word_1_565' title='bbox 3232 3607 3545 3649; x_wconf 88' lang='lat' dir='ltr'><strong>consecre-</strong></span> 
     </span>
    </p>
   </div>
   <div class='ocr_carea' id='block_1_84' title="bbox 1895 3674 3542 3750">
    <p class='ocr_par' dir='ltr' id='par_1_84' title="bbox 1895 3674 3542 3750">
     <span class='ocr_line' id='line_1_84' title="bbox 1895 3674 3542 3750; baseline 0.003 -19"><span class='ocrx_word' id='word_1_566' title='bbox 1895 3691 2051 3740; x_wconf 89' lang='lat' dir='ltr'><strong>mus,</strong></span> <span class='ocrx_word' id='word_1_567' title='bbox 2071 3680 2126 3730; x_wconf 93' lang='lat' dir='ltr'><strong>et</strong></span> <span class='ocrx_word' id='word_1_568' title='bbox 2143 3674 2219 3730; x_wconf 91' lang='lat' dir='ltr'><strong>ad</strong></span> <span class='ocrx_word' id='word_1_569' title='bbox 2243 3674 2526 3746; x_wconf 72' lang='lat' dir='ltr'><strong>praedicta</strong></span> <span class='ocrx_word' id='word_1_570' title='bbox 2547 3674 2708 3731; x_wconf 91' lang='lat' dir='ltr'><strong>bona</strong></span> <span class='ocrx_word' id='word_1_571' title='bbox 2720 3679 3146 3750; x_wconf 90' lang='lat' dir='ltr'><strong>consequenda</strong></span> <span class='ocrx_word' id='word_1_572' title='bbox 3168 3679 3542 3748; x_wconf 86' lang='lat' dir='ltr'><strong>festinemus,</strong></span> 
     </span>
    </p>
   </div>
   <div class='ocr_carea' id='block_1_85' title="bbox 1897 3763 3538 3835">
    <p class='ocr_par' dir='ltr' id='par_1_85' title="bbox 1897 3763 3538 3835">
     <span class='ocr_line' id='line_1_85' title="bbox 1897 3763 3538 3835; baseline 0.005 -17"><span class='ocrx_word' id='word_1_573' title='bbox 1897 3779 2144 3834; x_wconf 89' lang='lat' dir='ltr'><strong>corpore</strong></span> <span class='ocrx_word' id='word_1_574' title='bbox 2210 3763 2534 3835; x_wconf 90' lang='lat' dir='ltr'><strong>animoque</strong></span> <span class='ocrx_word' id='word_1_575' title='bbox 2593 3766 2942 3828; x_wconf 88' lang='lat' dir='ltr'><strong>consecrati,</strong></span> <span class='ocrx_word' id='word_1_576' title='bbox 3000 3773 3054 3822; x_wconf 90' lang='lat' dir='ltr'><strong>et</strong></span> <span class='ocrx_word' id='word_1_577' title='bbox 3101 3769 3258 3823; x_wconf 90' lang='lat' dir='ltr'><strong>cruci</strong></span> <span class='ocrx_word' id='word_1_578' title='bbox 3329 3770 3538 3826; x_wconf 87' lang='lat' dir='ltr'><strong>Christi</strong></span> 
     </span>
    </p>
   </div>
   <div class='ocr_carea' id='block_1_86' title="bbox 1898 3851 3544 3927">
    <p class='ocr_par' dir='ltr' id='par_1_86' title="bbox 1898 3851 3544 3927">
     <span class='ocr_line' id='line_1_86' title="bbox 1898 3851 3544 3927; baseline 0.005 -21"><span class='ocrx_word' id='word_1_579' title='bbox 1898 3851 2079 3918; x_wconf 78' lang='lat' dir='ltr'><strong>atﬁxi,</strong></span> <span class='ocrx_word' id='word_1_580' title='bbox 2131 3851 2298 3920; x_wconf 86' lang='lat' dir='ltr'><strong>digni</strong></span> <span class='ocrx_word' id='word_1_581' title='bbox 2341 3867 2528 3921; x_wconf 86' lang='lat' dir='ltr'><strong>regno</strong></span> <span class='ocrx_word' id='word_1_582' title='bbox 2581 3857 2802 3909; x_wconf 65' lang='lat' dir='ltr'><strong>aeterno</strong></span> <span class='ocrx_word' id='word_1_583' title='bbox 2846 3853 3086 3920; x_wconf 87' lang='lat' dir='ltr'><strong>ﬁamus,</strong></span> <span class='ocrx_word' id='word_1_584' title='bbox 3143 3856 3544 3927; x_wconf 87' lang='lat' dir='ltr'><strong>gloriﬁcantes</strong></span> 
     </span>
    </p>
   </div>
   <div class='ocr_carea' id='block_1_87' title="bbox 1900 3939 3544 4014">
    <p class='ocr_par' dir='ltr' id='par_1_87' title="bbox 1900 3939 3544 4014">
     <span class='ocr_line' id='line_1_87' title="bbox 1900 3939 3544 4014; baseline 0.002 -18"><span class='ocrx_word' id='word_1_585' title='bbox 1900 3943 2151 4006; x_wconf 87' lang='lat' dir='ltr'><strong>Patrem,</strong></span> <span class='ocrx_word' id='word_1_586' title='bbox 2194 3939 2400 3996; x_wconf 87' lang='lat' dir='ltr'><strong>Filium</strong></span> <span class='ocrx_word' id='word_1_587' title='bbox 2439 3945 2496 3998; x_wconf 90' lang='lat' dir='ltr'><strong>et</strong></span> <span class='ocrx_word' id='word_1_588' title='bbox 2536 3941 2820 4014; x_wconf 92' lang='lat' dir='ltr'><strong>Spiritum</strong></span> <span class='ocrx_word' id='word_1_589' title='bbox 2865 3949 3142 4000; x_wconf 89' lang='lat' dir='ltr'><strong>sanctum</strong></span> <span class='ocrx_word' id='word_1_590' title='bbox 3197 3945 3256 4001; x_wconf 90' lang='lat' dir='ltr'><strong>in</strong></span> <span class='ocrx_word' id='word_1_591' title='bbox 3304 3947 3544 4003; x_wconf 69' lang='lat' dir='ltr'><strong>saecula.</strong></span> 
     </span>
    </p>
   </div>
   <div class='ocr_carea' id='block_1_88' title="bbox 1900 4033 2108 4085">
    <p class='ocr_par' dir='ltr' id='par_1_88' title="bbox 1900 4033 2108 4085">
     <span class='ocr_line' id='line_1_88' title="bbox 1900 4033 2108 4085; baseline -0.005 0"><span class='ocrx_word' id='word_1_592' title='bbox 1900 4033 2108 4085; x_wconf 83' lang='lat' dir='ltr'><strong>Amen.</strong></span> 
     </span>
    </p>
   </div>
   <div class='ocr_carea' id='block_1_89' title="bbox 2491 4335 2948 4394">
    <p class='ocr_par' dir='ltr' id='par_1_89' title="bbox 2491 4335 2948 4394">
     <span class='ocr_line' id='line_1_89' title="bbox 2491 4335 2948 4394; baseline 0 -3"><span class='ocrx_word' id='word_1_593' title='bbox 2491 4335 2780 4393; x_wconf 80' lang='lat' dir='ltr'><strong>HOMILIA</strong></span> <span class='ocrx_word' id='word_1_594' title='bbox 2821 4337 2948 4394; x_wconf 87' lang='lat' dir='ltr'><strong>XIX.</strong></span> 
     </span>
    </p>
   </div>
   <div class='ocr_carea' id='block_1_90' title="bbox 166 4459 1786 4540">
    <p class='ocr_par' dir='ltr' id='par_1_90' title="bbox 166 4463 1778 4540">
     <span class='ocr_line' id='line_1_90' title="bbox 166 4463 1778 4540; baseline -0.004 -17"><span class='ocrx_word' id='word_1_595' title='bbox 166 4475 248 4525; x_wconf 89' lang='grc' dir='ltr'><strong>Οἱ</strong></span> <span class='ocrx_word' id='word_1_596' title='bbox 299 4469 726 4540; x_wconf 63' lang='grc' dir='ltr'><strong>ΧριστιανοὶΔ</strong></span> <span class='ocrx_word' id='word_1_597' title='bbox 764 4467 1156 4540; x_wconf 34' lang='grc' dir='ltr'>προκόπτει-ν</span> <span class='ocrx_word' id='word_1_598' title='bbox 1222 4467 1330 4540; x_wconf 70' lang='grc' dir='ltr'><strong>καῖ</strong></span> <span class='ocrx_word' id='word_1_599' title='bbox 1386 4463 1778 4540; x_wconf 11' lang='grc' dir='ltr'>αύξάνγεσθαι</span> 
     </span>
    </p>
   </div>
   <div class='ocr_carea' id='block_1_91' title="bbox 1904 4459 3549 4540">
    <p class='ocr_par' dir='ltr' id='par_1_91' title="bbox 1904 4459 3549 4540">
     <span class='ocr_line' id='line_1_91' title="bbox 1904 4459 3549 4540; baseline 0.005 -25"><span class='ocrx_word' id='word_1_600' title='bbox 1904 4459 2230 4540; x_wconf 62' lang='lat' dir='ltr'><strong>Christiani</strong></span> <span class='ocrx_word' id='word_1_601' title='bbox 2258 4461 2544 4540; x_wconf 66' lang='lat' dir='ltr'><strong>proﬁcere</strong></span> <span class='ocrx_word' id='word_1_602' title='bbox 2573 4468 2623 4517; x_wconf 90' lang='lat' dir='ltr'><strong>et</strong></span> <span class='ocrx_word' id='word_1_603' title='bbox 2656 4476 2917 4540; x_wconf 67' lang='lat' dir='ltr'><strong>crescere</strong></span> <span class='ocrx_word' id='word_1_604' title='bbox 2945 4464 3216 4540; x_wconf 59' lang='lat' dir='ltr'><strong>notentes,</strong></span> <span class='ocrx_word' id='word_1_605' title='bbox 3244 4464 3449 4522; x_wconf 84' lang='lat' dir='ltr'><strong>debent</strong></span> <span class='ocrx_word' id='word_1_606' title='bbox 3488 4481 3549 4523; x_wconf 88' lang='lat' dir='ltr'><strong>se</strong></span> 
     </span>
    </p>
   </div>
   <div class='ocr_carea' id='block_1_92' title="bbox 241 4533 1786 4614">
    <p class='ocr_par' dir='ltr' id='par_1_92' title="bbox 241 4533 1786 4614">
     <span class='ocr_line' id='line_1_92' title="bbox 241 4533 1786 4614; baseline -0.003 -22"><span class='ocrx_word' id='word_1_607' title='bbox 241 4533 648 4614; x_wconf 78' lang='grc' dir='ltr'>βουλόμενοι</span> <span class='ocrx_word' id='word_1_608' title='bbox 703 4533 1072 4614; x_wconf 67' lang='grc' dir='ltr'>ὀφείλουσιν</span> <span class='ocrx_word' id='word_1_609' title='bbox 1113 4536 1399 4614; x_wconf 45' lang='grc' dir='ltr'>ἑαυτούς.</span> <span class='ocrx_word' id='word_1_610' title='bbox 1429 4533 1786 4614; x_wconf 79' lang='grc' dir='ltr'>βιάζεσθαι</span> 
     </span>
    </p>
   </div>
   <div class='ocr_carea' id='block_1_93' title="bbox 243 4606 1784 4683">
    <p class='ocr_par' dir='ltr' id='par_1_93' title="bbox 243 4606 1784 4683">
     <span class='ocr_line' id='line_1_93' title="bbox 243 4606 1784 4683; baseline -0.003 -17"><span class='ocrx_word' id='word_1_611' title='bbox 243 4606 414 4683; x_wconf 60' lang='grc' dir='ltr'>ἱερός</span> <span class='ocrx_word' id='word_1_612' title='bbox 469 4606 615 4683; x_wconf 67' lang='grc' dir='ltr'><strong>⁷πὸἱν</strong></span> <span class='ocrx_word' id='word_1_613' title='bbox 683 4606 755 4661; x_wconf 76' lang='grc' dir='ltr'><strong>τό</strong></span> <span class='ocrx_word' id='word_1_614' title='bbox 832 4607 1094 4683; x_wconf 75' lang='grc' dir='ltr'>ἀγαθόν,</span> <span class='ocrx_word' id='word_1_615' title='bbox 1159 4609 1326 4683; x_wconf 36' lang='grc' dir='ltr'>ὥστ-ε</span> <span class='ocrx_word' id='word_1_616' title='bbox 1385 4606 1784 4680; x_wconf 82' lang='grc' dir='ltr'>λυτροῦσθαι</span> 
     </span>
    </p>
   </div>
   <div class='ocr_carea' id='block_1_94' title="bbox 241 4678 1776 4754">
    <p class='ocr_par' dir='ltr' id='par_1_94' title="bbox 241 4678 1776 4754">
     <span class='ocr_line' id='line_1_94' title="bbox 241 4678 1776 4754; baseline -0.005 -17"><span class='ocrx_word' id='word_1_617' title='bbox 241 4678 496 4742; x_wconf 77' lang='grc' dir='ltr'>αὖτοὺς</span> <span class='ocrx_word' id='word_1_618' title='bbox 536 4679 660 4733; x_wconf 78' lang='grc' dir='ltr'><strong>ἀπὸ</strong></span> <span class='ocrx_word' id='word_1_619' title='bbox 689 4688 813 4754; x_wconf 71' lang='grc' dir='ltr'><strong>τῆς</strong></span> <span class='ocrx_word' id='word_1_620' title='bbox 849 4678 1250 4754; x_wconf 16' lang='grc' dir='ltr'>ἐνοικούσηςῗ</span> <span class='ocrx_word' id='word_1_621' title='bbox 1277 4678 1620 4754; x_wconf 84' lang='grc' dir='ltr'>ἁμαρτίας,</span> <span class='ocrx_word' id='word_1_622' title='bbox 1666 4685 1776 4732; x_wconf 82' lang='grc' dir='ltr'>καὶ</span> 
     </span>
    </p>
   </div>
   <div class='ocr_carea' id='block_1_95' title="bbox 242 4751 1356 4826">
    <p class='ocr_par' dir='ltr' id='par_1_95' title="bbox 242 4751 1356 4826">
     <span class='ocr_line' id='line_1_95' title="bbox 242 4751 1356 4826; baseline -0.002 -19"><span class='ocrx_word' id='word_1_623' title='bbox 242 4757 633 4826; x_wconf 81' lang='grc' dir='ltr'>Πνεῦματος</span> <span class='ocrx_word' id='word_1_624' title='bbox 676 4751 864 4824; x_wconf 73' lang='grc' dir='ltr'>ἁγίου</span> <span class='ocrx_word' id='word_1_625' title='bbox 917 4751 1356 4826; x_wconf 86' lang='grc' dir='ltr'>πληροῦσθαι.</span> 
     </span>
    </p>
   </div>
   <div class='ocr_carea' id='block_1_96' title="bbox 245 4875 1787 4951">
    <p class='ocr_par' dir='ltr' id='par_1_96' title="bbox 245 4875 1787 4951">
     <span class='ocr_line' id='line_1_96' title="bbox 245 4875 1787 4951; baseline -0.005 -17"><span class='ocrx_word' id='word_1_626' title='bbox 245 4879 331 4934; x_wconf 81' lang='grc' dir='ltr'><strong>Δ’.</strong></span> <span class='ocrx_word' id='word_1_627' title='bbox 365 4878 426 4931; x_wconf 89' lang='grc'><strong>’0</strong></span> <span class='ocrx_word' id='word_1_628' title='bbox 479 4875 788 4951; x_wconf 84' lang='grc' dir='ltr'>βουλομενος</span> <span class='ocrx_word' id='word_1_629' title='bbox 817 4876 1115 4950; x_wconf 83' lang='grc' dir='ltr'>προσελόεῖν</span> <span class='ocrx_word' id='word_1_630' title='bbox 1161 4883 1235 4948; x_wconf 83' lang='grc' dir='ltr'>τῷ</span> <span class='ocrx_word' id='word_1_631' title='bbox 1268 4879 1463 4950; x_wconf 81' lang='grc' dir='ltr'>Κυρίῳ,</span> <span class='ocrx_word' id='word_1_632' title='bbox 1513 4880 1602 4928; x_wconf 83' lang='grc' dir='ltr'><strong>καῖ</strong></span> <span class='ocrx_word' id='word_1_633' title='bbox 1654 4879 1787 4939; x_wconf 85' lang='grc' dir='ltr'>ζωῆς</span> 
     </span>
    </p>
   </div>
   <div class='ocr_carea' id='block_1_97' title="bbox 163 4966 1788 5041">
    <p class='ocr_par' dir='ltr' id='par_1_97' title="bbox 163 4966 1788 5041">
     <span class='ocr_line' id='line_1_97' title="bbox 163 4966 1788 5041; baseline -0.004 -17"><span class='ocrx_word' id='word_1_634' title='bbox 163 4971 402 5023; x_wconf 80' lang='grc' dir='ltr'>αἰωνίου</span> <span class='ocrx_word' id='word_1_635' title='bbox 429 4966 822 5029; x_wconf 74' lang='grc' dir='ltr'>καταξιωθῆναι</span> <span class='ocrx_word' id='word_1_636' title='bbox 868 4971 959 5019; x_wconf 81' lang='grc' dir='ltr'>καὶ</span> <span class='ocrx_word' id='word_1_637' title='bbox 984 4969 1386 5041; x_wconf 80' lang='grc' dir='ltr'>κατοικητήριον</span> <span class='ocrx_word' id='word_1_638' title='bbox 1432 4972 1524 5017; x_wconf 88' lang='grc' dir='ltr'><strong>τοῦ</strong></span> <span class='ocrx_word' id='word_1_639' title='bbox 1550 4973 1788 5040; x_wconf 84' lang='grc' dir='ltr'>Χριστοῦ</span> 
     </span>
    </p>
   </div>
   <div class='ocr_carea' id='block_1_98' title="bbox 159 5053 1792 5134">
    <p class='ocr_par' dir='ltr' id='par_1_98' title="bbox 159 5053 1792 5134">
     <span class='ocr_line' id='line_1_98' title="bbox 159 5053 1792 5134; baseline -0.004 -22"><span class='ocrx_word' id='word_1_640' title='bbox 159 5059 452 5134; x_wconf 67' lang='grc' dir='ltr'>γενέσθαι,</span> <span class='ocrx_word' id='word_1_641' title='bbox 528 5060 619 5109; x_wconf 86' lang='grc' dir='ltr'>καὶ</span> <span class='ocrx_word' id='word_1_642' title='bbox 685 5059 980 5130; x_wconf 85' lang='grc' dir='ltr'>Πνεύματος</span> <span class='ocrx_word' id='word_1_643' title='bbox 1040 5056 1192 5127; x_wconf 78' lang='grc' dir='ltr'>ἁγίου</span> <span class='ocrx_word' id='word_1_644' title='bbox 1271 5053 1628 5129; x_wconf 84' lang='grc' dir='ltr'>πληρωθῆναι,</span> <span class='ocrx_word' id='word_1_645' title='bbox 1708 5056 1792 5107; x_wconf 83' lang='grc' dir='ltr'>ἱνα</span> 
     </span>
    </p>
   </div>
   <div class='ocr_carea' id='block_1_99' title="bbox 163 5142 1792 5218">
    <p class='ocr_par' dir='ltr' id='par_1_99' title="bbox 163 5142 1792 5218">
     <span class='ocr_line' id='line_1_99' title="bbox 163 5142 1792 5218; baseline -0.003 -17"><span class='ocrx_word' id='word_1_646' title='bbox 163 5153 309 5210; x_wconf 83' lang='grc' dir='ltr'>τοὺς</span> <span class='ocrx_word' id='word_1_647' title='bbox 385 5149 620 5218; x_wconf 82' lang='grc' dir='ltr'>καρπούς</span> <span class='ocrx_word' id='word_1_648' title='bbox 698 5153 790 5198; x_wconf 91' lang='grc' dir='ltr'><strong>τοῦ</strong></span> <span class='ocrx_word' id='word_1_649' title='bbox 851 5147 1163 5218; x_wconf 81' lang='grc' dir='ltr'>Πνεύματος,</span> <span class='ocrx_word' id='word_1_650' title='bbox 1255 5148 1345 5197; x_wconf 82' lang='grc' dir='ltr'>καὶ</span> <span class='ocrx_word' id='word_1_651' title='bbox 1422 5146 1512 5205; x_wconf 87' lang='grc' dir='ltr'><strong>τὰς</strong></span> <span class='ocrx_word' id='word_1_652' title='bbox 1590 5142 1792 5206; x_wconf 74' lang='grc' dir='ltr'>ἐντολὰς</span> 
     </span>
    </p>
   </div>
   <div class='ocr_carea' id='block_1_100' title="bbox 166 5231 1785 5310">
    <p class='ocr_par' dir='ltr' id='par_1_100' title="bbox 166 5231 1785 5310">
     <span class='ocr_line' id='line_1_100' title="bbox 166 5231 1785 5310; baseline -0.004 -19"><span class='ocrx_word' id='word_1_653' title='bbox 166 5244 278 5292; x_wconf 82' lang='grc' dir='ltr'><strong>τοῦ</strong></span> <span class='ocrx_word' id='word_1_654' title='bbox 333 5243 571 5310; x_wconf 82' lang='grc' dir='ltr'>Χριστοῦ</span> <span class='ocrx_word' id='word_1_655' title='bbox 603 5231 803 5309; x_wconf 75' lang='grc' dir='ltr'>δυνηθῇ</span> <span class='ocrx_word' id='word_1_656' title='bbox 832 5243 1054 5294; x_wconf 84' lang='grc' dir='ltr'>ποιῆσαι</span> <span class='ocrx_word' id='word_1_657' title='bbox 1109 5235 1350 5309; x_wconf 86' lang='grc' dir='ltr'>καθαρῶς</span> <span class='ocrx_word' id='word_1_658' title='bbox 1401 5238 1492 5286; x_wconf 83' lang='grc' dir='ltr'>καὶ</span> <span class='ocrx_word' id='word_1_659' title='bbox 1541 5231 1785 5306; x_wconf 78' lang='grc' dir='ltr'>ἀμώμως,</span> 
     </span>
    </p>
   </div>
   <div class='ocr_carea' id='block_1_101' title="bbox 167 5325 1790 5399">
    <p class='ocr_par' dir='ltr' id='par_1_101' title="bbox 167 5325 1790 5399">
     <span class='ocr_line' id='line_1_101' title="bbox 167 5325 1790 5399; baseline -0.006 -18"><span class='ocrx_word' id='word_1_660' title='bbox 167 5328 332 5388; x_wconf 74' lang='grc' dir='ltr'>οὗτος</span> <span class='ocrx_word' id='word_1_661' title='bbox 377 5325 567 5399; x_wconf 76' lang='grc' dir='ltr'>ὀφείλει</span> <span class='ocrx_word' id='word_1_662' title='bbox 614 5325 880 5399; x_wconf 84' lang='grc' dir='ltr'>ἄρξασθαι</span> <span class='ocrx_word' id='word_1_663' title='bbox 924 5332 1123 5396; x_wconf 88' lang='grc' dir='ltr'>πρῶτον</span> <span class='ocrx_word' id='word_1_664' title='bbox 1176 5325 1438 5377; x_wconf 86' lang='grc' dir='ltr'>πιστεύειν</span> <span class='ocrx_word' id='word_1_665' title='bbox 1490 5331 1562 5394; x_wconf 82' lang='grc' dir='ltr'>τῷ</span> <span class='ocrx_word' id='word_1_666' title='bbox 1618 5327 1790 5395; x_wconf 81' lang='grc' dir='ltr'>Κυρίῳ</span> 
     </span>
    </p>
   </div>
   <div class='ocr_carea' id='block_1_102' title="bbox 171 5410 1789 5491">
    <p class='ocr_par' dir='ltr' id='par_1_102' title="bbox 171 5410 1789 5491">
     <span class='ocr_line' id='line_1_102' title="bbox 171 5410 1789 5491; baseline -0.004 -22"><span class='ocrx_word' id='word_1_667' title='bbox 171 5415 434 5491; x_wconf 70' lang='grc' dir='ltr'>βεϐαίως,</span> <span class='ocrx_word' id='word_1_668' title='bbox 485 5419 575 5468; x_wconf 81' lang='grc' dir='ltr'><strong>καὶ</strong></span> <span class='ocrx_word' id='word_1_669' title='bbox 620 5411 895 5468; x_wconf 79' lang='grc' dir='ltr'>ίπιδοῦναι</span> <span class='ocrx_word' id='word_1_670' title='bbox 947 5413 1128 5466; x_wconf 76' lang='grc' dir='ltr'>ἑαυτὸν</span> <span class='ocrx_word' id='word_1_671' title='bbox 1181 5413 1234 5476; x_wconf 74' lang='grc' dir='ltr'><strong>ἐξ</strong></span> <span class='ocrx_word' id='word_1_672' title='bbox 1280 5411 1398 5465; x_wconf 91' lang='grc' dir='ltr'>ὅλου</span> <span class='ocrx_word' id='word_1_673' title='bbox 1457 5419 1565 5472; x_wconf 81' lang='grc' dir='ltr'>τοῖς</span> <span class='ocrx_word' id='word_1_674' title='bbox 1619 5410 1789 5480; x_wconf 76' lang='grc' dir='ltr'>λόγοις</span> 
     </span>
    </p>
   </div>
   <div class='ocr_carea' id='block_1_103' title="bbox 170 5501 1788 5574">
    <p class='ocr_par' dir='ltr' id='par_1_103' title="bbox 170 5501 1788 5574">
     <span class='ocr_line' id='line_1_103' title="bbox 170 5501 1788 5574; baseline -0.004 -15"><span class='ocrx_word' id='word_1_675' title='bbox 170 5514 291 5559; x_wconf 84' lang='grc' dir='ltr'>τῶν</span> <span class='ocrx_word' id='word_1_676' title='bbox 341 5503 550 5558; x_wconf 71' lang='grc' dir='ltr'>ἐντολῶν</span> <span class='ocrx_word' id='word_1_677' title='bbox 613 5503 795 5570; x_wconf 77' lang='grc' dir='ltr'>αὐτοῦ,</span> <span class='ocrx_word' id='word_1_678' title='bbox 860 5507 952 5556; x_wconf 82' lang='grc' dir='ltr'>καὶ</span> <span class='ocrx_word' id='word_1_679' title='bbox 1031 5501 1393 5566; x_wconf 81' lang='grc' dir='ltr'>ἀποτάξασθαι</span> <span class='ocrx_word' id='word_1_680' title='bbox 1471 5508 1544 5574; x_wconf 83' lang='grc' dir='ltr'>τῷ</span> <span class='ocrx_word' id='word_1_681' title='bbox 1605 5503 1788 5572; x_wconf 86' lang='grc' dir='ltr'>κόσμῳ</span> 
     </span>
    </p>
   </div>
   <div class='ocr_carea' id='block_1_104' title="bbox 262 5654 1414 5731">
    <p class='ocr_par' dir='ltr' id='par_1_104' title="bbox 262 5654 1414 5731">
     <span class='ocr_line' id='line_1_104' title="bbox 262 5654 1414 5731; baseline -0.002 -18"><span class='ocrx_word' id='word_1_682' title='bbox 262 5659 312 5694; x_wconf 73' lang='grc'>⁸⁸</span> <span class='ocrx_word' id='word_1_683' title='bbox 344 5657 562 5731; x_wconf 87' lang='lat' dir='ltr'><strong>Ephes.</strong></span> <span class='ocrx_word' id='word_1_684' title='bbox 597 5673 679 5723; x_wconf 84' lang='lat' dir='ltr'><strong>Ill,</strong></span> <span class='ocrx_word' id='word_1_685' title='bbox 714 5660 802 5714; x_wconf 77' lang='lat' dir='ltr'><strong>to.</strong></span> <span class='ocrx_word' id='word_1_686' title='bbox 879 5657 927 5693; x_wconf 80' lang='lat'><strong><em>°°</em></strong></span> <span class='ocrx_word' id='word_1_687' title='bbox 968 5655 1189 5728; x_wconf 85' lang='lat' dir='ltr'><strong>Ephes.</strong></span> <span class='ocrx_word' id='word_1_688' title='bbox 1222 5670 1300 5720; x_wconf 79' lang='lat' dir='ltr'><strong>iv,</strong></span> <span class='ocrx_word' id='word_1_689' title='bbox 1327 5654 1414 5712; x_wconf 80' lang='grc'><strong>13.</strong></span> 
     </span>
    </p>
   </div>
   <div class='ocr_carea' id='block_1_105' title="bbox 447 5755 1098 5815">
    <p class='ocr_par' dir='ltr' id='par_1_105' title="bbox 447 5755 1098 5815">
     <span class='ocr_line' id='line_1_105' title="bbox 447 5755 1098 5815; baseline -0.003 -1"><span class='ocrx_word' id='word_1_690' title='bbox 447 5759 689 5815; x_wconf 65' lang='grc' dir='ltr'>Ρλτιοι.</span> <span class='ocrx_word' id='word_1_691' title='bbox 724 5757 825 5814; x_wconf 78' lang='lat' dir='ltr'><strong>Gn.</strong></span> <span class='ocrx_word' id='word_1_692' title='bbox 859 5755 1098 5813; x_wconf 83' lang='lat' dir='ltr'><strong>XXXIV.</strong></span> 
     </span>
    </p>
   </div>
   <div class='ocr_carea' id='block_1_106' title="bbox 1969 4531 3552 4604">
    <p class='ocr_par' dir='ltr' id='par_1_106' title="bbox 1969 4531 3552 4604">
     <span class='ocr_line' id='line_1_106' title="bbox 1969 4531 3552 4604; baseline 0.006 -20"><span class='ocrx_word' id='word_1_693' title='bbox 1969 4532 2032 4604; x_wconf 73' lang='grc' dir='ltr'><strong>υί</strong></span> <span class='ocrx_word' id='word_1_694' title='bbox 2059 4531 2404 4604; x_wconf 82' lang='lat' dir='ltr'><strong>compellere</strong></span> <span class='ocrx_word' id='word_1_695' title='bbox 2430 4533 2514 4604; x_wconf 80' lang='lat' dir='ltr'><strong>ad</strong></span> <span class='ocrx_word' id='word_1_696' title='bbox 2542 4548 2712 4604; x_wconf 84' lang='lat' dir='ltr'><strong>omne</strong></span> <span class='ocrx_word' id='word_1_697' title='bbox 2734 4533 2799 4588; x_wconf 82' lang='lat' dir='ltr'><strong>id</strong></span> <span class='ocrx_word' id='word_1_698' title='bbox 2820 4534 2977 4604; x_wconf 84' lang='lat' dir='ltr'><strong>quod</strong></span> <span class='ocrx_word' id='word_1_699' title='bbox 3009 4535 3222 4591; x_wconf 85' lang='lat' dir='ltr'><strong>bonum</strong></span> <span class='ocrx_word' id='word_1_700' title='bbox 3252 4543 3354 4604; x_wconf 86' lang='lat' dir='ltr'><strong>est,</strong></span> <span class='ocrx_word' id='word_1_701' title='bbox 3386 4545 3450 4593; x_wconf 84' lang='lat' dir='ltr'><strong>ut</strong></span> <span class='ocrx_word' id='word_1_702' title='bbox 3484 4540 3552 4593; x_wconf 80' lang='lat' dir='ltr'><strong>ti-</strong></span> 
     </span>
    </p>
   </div>
   <div class='ocr_carea' id='block_1_107' title="bbox 1970 4603 3548 4677">
    <p class='ocr_par' dir='ltr' id='par_1_107' title="bbox 1970 4603 3548 4677">
     <span class='ocr_line' id='line_1_107' title="bbox 1970 4603 3548 4677; baseline 0.006 -20"><span class='ocrx_word' id='word_1_703' title='bbox 1970 4603 2252 4677; x_wconf 80' lang='lat' dir='ltr'><strong>berentur</strong></span> <span class='ocrx_word' id='word_1_704' title='bbox 2281 4603 2356 4658; x_wconf 88' lang='lat' dir='ltr'><strong>ab</strong></span> <span class='ocrx_word' id='word_1_705' title='bbox 2381 4603 2758 4661; x_wconf 81' lang='lat' dir='ltr'><strong>inhabitante</strong></span> <span class='ocrx_word' id='word_1_706' title='bbox 2773 4603 3034 4674; x_wconf 84' lang='lat' dir='ltr'><strong>peccato,</strong></span> <span class='ocrx_word' id='word_1_707' title='bbox 3059 4613 3111 4664; x_wconf 88' lang='lat' dir='ltr'><strong>et</strong></span> <span class='ocrx_word' id='word_1_708' title='bbox 3137 4603 3366 4677; x_wconf 74' lang='lat' dir='ltr'><strong>Spiritu</strong></span> <span class='ocrx_word' id='word_1_709' title='bbox 3379 4625 3548 4666; x_wconf 85' lang='lat' dir='ltr'><strong>sanc-</strong></span> 
     </span>
    </p>
   </div>
   <div class='ocr_carea' id='block_1_108' title="bbox 1967 4676 2423 4745">
    <p class='ocr_par' dir='ltr' id='par_1_108' title="bbox 1967 4676 2423 4745">
     <span class='ocr_line' id='line_1_108' title="bbox 1967 4676 2423 4745; baseline -0.007 -15"><span class='ocrx_word' id='word_1_710' title='bbox 1967 4681 2024 4730; x_wconf 89' lang='lat' dir='ltr'><strong>to</strong></span> <span class='ocrx_word' id='word_1_711' title='bbox 2053 4676 2423 4745; x_wconf 78' lang='lat' dir='ltr'><strong>repleantur.</strong></span> 
     </span>
    </p>
   </div>
   <div class='ocr_carea' id='block_1_109' title="bbox 1967 4872 3545 4945">
    <p class='ocr_par' dir='ltr' id='par_1_109' title="bbox 1967 4872 3545 4945">
     <span class='ocr_line' id='line_1_109' title="bbox 1967 4872 3545 4945; baseline 0.006 -19"><span class='ocrx_word' id='word_1_712' title='bbox 1967 4874 2010 4930; x_wconf 90' lang='lat' dir='ltr'><strong>l.</strong></span> <span class='ocrx_word' id='word_1_713' title='bbox 2055 4873 2161 4937; x_wconf 92' lang='lat' dir='ltr'><strong>Qui</strong></span> <span class='ocrx_word' id='word_1_714' title='bbox 2217 4876 2457 4943; x_wconf 90' lang='lat' dir='ltr'><strong>exoptat</strong></span> <span class='ocrx_word' id='word_1_715' title='bbox 2485 4872 2767 4928; x_wconf 90' lang='lat' dir='ltr'><strong>accedere</strong></span> <span class='ocrx_word' id='word_1_716' title='bbox 2810 4874 2887 4930; x_wconf 92' lang='lat' dir='ltr'><strong>ad</strong></span> <span class='ocrx_word' id='word_1_717' title='bbox 2944 4875 3283 4945; x_wconf 90' lang='lat' dir='ltr'><strong>Dominum,</strong></span> <span class='ocrx_word' id='word_1_718' title='bbox 3326 4885 3380 4933; x_wconf 92' lang='lat' dir='ltr'><strong>et</strong></span> <span class='ocrx_word' id='word_1_719' title='bbox 3428 4879 3545 4935; x_wconf 89' lang='lat' dir='ltr'><strong>vita</strong></span> 
     </span>
    </p>
   </div>
   <div class='ocr_carea' id='block_1_110' title="bbox 1897 4961 3544 5038">
    <p class='ocr_par' dir='ltr' id='par_1_110' title="bbox 1897 4961 3544 5038">
     <span class='ocr_line' id='line_1_110' title="bbox 1897 4961 3544 5038; baseline 0.004 -21"><span class='ocrx_word' id='word_1_720' title='bbox 1897 4967 2122 5018; x_wconf 68' lang='lat' dir='ltr'><strong>aeterna</strong></span> <span class='ocrx_word' id='word_1_721' title='bbox 2142 4961 2360 5031; x_wconf 88' lang='lat' dir='ltr'><strong>dignus</strong></span> <span class='ocrx_word' id='word_1_722' title='bbox 2389 4961 2620 5025; x_wconf 89' lang='lat' dir='ltr'><strong>haberi,</strong></span> <span class='ocrx_word' id='word_1_723' title='bbox 2652 4961 3022 5020; x_wconf 89' lang='lat' dir='ltr'><strong>domicilium</strong></span> <span class='ocrx_word' id='word_1_724' title='bbox 3055 4965 3263 5021; x_wconf 87' lang='lat' dir='ltr'><strong>Christi</strong></span> <span class='ocrx_word' id='word_1_725' title='bbox 3298 4967 3442 5038; x_wconf 87' lang='lat' dir='ltr'><strong>ﬁeri,</strong></span> <span class='ocrx_word' id='word_1_726' title='bbox 3475 4985 3544 5024; x_wconf 90' lang='lat' dir='ltr'><strong>ac</strong></span> 
     </span>
    </p>
   </div>
   <div class='ocr_carea' id='block_1_111' title="bbox 1902 5050 3549 5128">
    <p class='ocr_par' dir='ltr' id='par_1_111' title="bbox 1902 5050 3549 5128">
     <span class='ocr_line' id='line_1_111' title="bbox 1902 5050 3549 5128; baseline 0.004 -20"><span class='ocrx_word' id='word_1_727' title='bbox 1902 5052 2117 5122; x_wconf 87' lang='lat' dir='ltr'><strong>Spiritu</strong></span> <span class='ocrx_word' id='word_1_728' title='bbox 2166 5055 2374 5106; x_wconf 89' lang='lat' dir='ltr'><strong>sancto</strong></span> <span class='ocrx_word' id='word_1_729' title='bbox 2415 5050 2649 5121; x_wconf 89' lang='lat' dir='ltr'><strong>repleri,</strong></span> <span class='ocrx_word' id='word_1_730' title='bbox 2695 5067 2818 5124; x_wconf 91' lang='lat' dir='ltr'><strong>quo</strong></span> <span class='ocrx_word' id='word_1_731' title='bbox 2851 5051 3077 5110; x_wconf 88' lang='lat' dir='ltr'><strong>fructus</strong></span> <span class='ocrx_word' id='word_1_732' title='bbox 3111 5055 3359 5126; x_wconf 87' lang='lat' dir='ltr'><strong>Spiritus</strong></span> <span class='ocrx_word' id='word_1_733' title='bbox 3407 5073 3549 5128; x_wconf 91' lang='lat' dir='ltr'><strong>pro-</strong></span> 
     </span>
    </p>
   </div>
   <div class='ocr_carea' id='block_1_112' title="bbox 1900 5139 3547 5219">
    <p class='ocr_par' dir='ltr' id='par_1_112' title="bbox 1900 5139 3547 5219">
     <span class='ocr_line' id='line_1_112' title="bbox 1900 5139 3547 5219; baseline 0.003 -23"><span class='ocrx_word' id='word_1_734' title='bbox 1900 5140 2137 5209; x_wconf 89' lang='lat' dir='ltr'><strong>ducere,</strong></span> <span class='ocrx_word' id='word_1_735' title='bbox 2171 5144 2226 5196; x_wconf 89' lang='lat' dir='ltr'><strong>et</strong></span> <span class='ocrx_word' id='word_1_736' title='bbox 2254 5139 2546 5195; x_wconf 84' lang='lat' dir='ltr'><strong>mandata</strong></span> <span class='ocrx_word' id='word_1_737' title='bbox 2581 5141 2790 5196; x_wconf 91' lang='lat' dir='ltr'><strong>Christi</strong></span> <span class='ocrx_word' id='word_1_738' title='bbox 2819 5141 3012 5199; x_wconf 88' lang='lat' dir='ltr'><strong>facere</strong></span> <span class='ocrx_word' id='word_1_739' title='bbox 3045 5160 3192 5214; x_wconf 89' lang='lat' dir='ltr'><strong>pure</strong></span> <span class='ocrx_word' id='word_1_740' title='bbox 3231 5149 3287 5200; x_wconf 90' lang='lat' dir='ltr'><strong>et</strong></span> <span class='ocrx_word' id='word_1_741' title='bbox 3316 5146 3547 5219; x_wconf 88' lang='lat' dir='ltr'><strong>absque</strong></span> 
     </span>
    </p>
   </div>
   <div class='ocr_carea' id='block_1_113' title="bbox 1900 5229 3550 5301">
    <p class='ocr_par' dir='ltr' id='par_1_113' title="bbox 1900 5229 3550 5301">
     <span class='ocr_line' id='line_1_113' title="bbox 1900 5229 3550 5301; baseline 0.004 -17"><span class='ocrx_word' id='word_1_742' title='bbox 1900 5229 2360 5301; x_wconf 87' lang='lat' dir='ltr'><strong>reprehensione</strong></span> <span class='ocrx_word' id='word_1_743' title='bbox 2407 5229 2615 5300; x_wconf 89' lang='lat' dir='ltr'><strong>possit,</strong></span> <span class='ocrx_word' id='word_1_744' title='bbox 2648 5229 2742 5284; x_wconf 86' lang='lat' dir='ltr'><strong>ille</strong></span> <span class='ocrx_word' id='word_1_745' title='bbox 2791 5230 2929 5286; x_wconf 88' lang='lat' dir='ltr'><strong>hinc</strong></span> <span class='ocrx_word' id='word_1_746' title='bbox 2959 5232 3193 5290; x_wconf 91' lang='lat' dir='ltr'><strong>initium</strong></span> <span class='ocrx_word' id='word_1_747' title='bbox 3225 5241 3442 5301; x_wconf 83' lang='lat' dir='ltr'><strong>sumat,</strong></span> <span class='ocrx_word' id='word_1_748' title='bbox 3488 5241 3550 5292; x_wconf 92' lang='lat' dir='ltr'><strong>ut</strong></span> 
     </span>
    </p>
   </div>
   <div class='ocr_carea' id='block_1_114' title="bbox 1901 5315 3546 5394">
    <p class='ocr_par' dir='ltr' id='par_1_114' title="bbox 1901 5315 3546 5394">
     <span class='ocr_line' id='line_1_114' title="bbox 1901 5315 3546 5394; baseline 0.004 -21"><span class='ocrx_word' id='word_1_749' title='bbox 1901 5318 1963 5374; x_wconf 91' lang='lat' dir='ltr'><strong>in</strong></span> <span class='ocrx_word' id='word_1_750' title='bbox 2013 5317 2222 5389; x_wconf 89' lang='lat' dir='ltr'><strong>primis</strong></span> <span class='ocrx_word' id='word_1_751' title='bbox 2267 5315 2514 5372; x_wconf 80' lang='lat' dir='ltr'><strong>firmiter</strong></span> <span class='ocrx_word' id='word_1_752' title='bbox 2551 5317 2806 5374; x_wconf 90' lang='lat' dir='ltr'><strong>Domido</strong></span> <span class='ocrx_word' id='word_1_753' title='bbox 2854 5319 3077 5386; x_wconf 89' lang='lat' dir='ltr'><strong>credat,</strong></span> <span class='ocrx_word' id='word_1_754' title='bbox 3131 5337 3316 5394; x_wconf 89' lang='lat' dir='ltr'><strong>seque</strong></span> <span class='ocrx_word' id='word_1_755' title='bbox 3357 5329 3546 5380; x_wconf 85' lang='lat' dir='ltr'><strong>totum</strong></span> 
     </span>
    </p>
   </div>
   <div class='ocr_carea' id='block_1_115' title="bbox 1903 5406 3552 5480">
    <p class='ocr_par' dir='ltr' id='par_1_115' title="bbox 1903 5406 3552 5480">
     <span class='ocr_line' id='line_1_115' title="bbox 1903 5406 3552 5480; baseline 0.004 -17"><span class='ocrx_word' id='word_1_756' title='bbox 1903 5407 2098 5464; x_wconf 89' lang='lat' dir='ltr'><strong>tradat</strong></span> <span class='ocrx_word' id='word_1_757' title='bbox 2141 5406 2453 5478; x_wconf 72' lang='lat' dir='ltr'><strong>praeceptis</strong></span> <span class='ocrx_word' id='word_1_758' title='bbox 2501 5421 2571 5462; x_wconf 91' lang='lat' dir='ltr'><strong>ac</strong></span> <span class='ocrx_word' id='word_1_759' title='bbox 2609 5407 2913 5464; x_wconf 89' lang='lat' dir='ltr'><strong>mandatis</strong></span> <span class='ocrx_word' id='word_1_760' title='bbox 2957 5410 3106 5480; x_wconf 89' lang='lat' dir='ltr'><strong>ejus,</strong></span> <span class='ocrx_word' id='word_1_761' title='bbox 3141 5427 3210 5467; x_wconf 90' lang='lat' dir='ltr'><strong>ac</strong></span> <span class='ocrx_word' id='word_1_762' title='bbox 3254 5414 3552 5470; x_wconf 89' lang='lat' dir='ltr'><strong>renuntiet</strong></span> 
     </span>
    </p>
   </div>
   <div class='ocr_carea' id='block_1_116' title="bbox 1905 5495 3549 5576">
    <p class='ocr_par' dir='ltr' id='par_1_116' title="bbox 1905 5495 3549 5576">
     <span class='ocr_line' id='line_1_116' title="bbox 1905 5495 3549 5576; baseline 0.005 -23"><span class='ocrx_word' id='word_1_763' title='bbox 1905 5495 2132 5553; x_wconf 90' lang='lat' dir='ltr'><strong>mundo</strong></span> <span class='ocrx_word' id='word_1_764' title='bbox 2178 5510 2283 5568; x_wconf 90' lang='lat' dir='ltr'><strong>per</strong></span> <span class='ocrx_word' id='word_1_765' title='bbox 2331 5495 2555 5560; x_wconf 88' lang='lat' dir='ltr'><strong>omnia,</strong></span> <span class='ocrx_word' id='word_1_766' title='bbox 2608 5511 2683 5553; x_wconf 89' lang='lat' dir='ltr'><strong>ne</strong></span> <span class='ocrx_word' id='word_1_767' title='bbox 2716 5495 2834 5554; x_wconf 93' lang='lat' dir='ltr'><strong>ullo</strong></span> <span class='ocrx_word' id='word_1_768' title='bbox 2868 5498 3049 5555; x_wconf 91' lang='lat' dir='ltr'><strong>modo</strong></span> <span class='ocrx_word' id='word_1_769' title='bbox 3095 5501 3252 5561; x_wconf 88' lang='lat' dir='ltr'><strong>circa</strong></span> <span class='ocrx_word' id='word_1_770' title='bbox 3281 5518 3372 5570; x_wconf 88' lang='lat' dir='ltr'><strong>ea,</strong></span> <span class='ocrx_word' id='word_1_771' title='bbox 3413 5520 3549 5576; x_wconf 76' lang='lat' dir='ltr'><strong>quea</strong></span> 
     </span>
    </p>
   </div>
   <div class='ocr_carea' id='block_1_117' title="bbox 3127 5754 3191 5811">
    <p class='ocr_par' dir='ltr' id='par_1_117' title="bbox 3127 5754 3191 5811">
     <span class='ocr_line' id='line_1_117' title="bbox 3127 5754 3191 5811; baseline 0.016 -1"><span class='ocrx_word' id='word_1_772' title='bbox 3127 5754 3191 5811; x_wconf 77' lang='grc'><strong>21</strong></span> 
     </span>
    </p>
   </div>
  </div>
