4034 6202
516 210 621 265 643

506 333 699 389 oculis
738 335 964 405 patent,
1006 334 1132 387 tota
1174 329 1303 401 eius
1334 342 1506 385 mens
1539 329 1881 397 occupetur.
1936 322 2159 379 Deinde

505 438 754 495 quoque
778 425 1165 491 oporteteum
1198 424 1486 491 perpetuo
1512 416 1571 471 in
1601 416 1866 472 oratione
1888 428 2164 486 perseve-

503 528 657 577 rare,
696 512 756 566 in
800 510 917 565 ﬁde
955 525 1091 582 quae
1144 511 1447 579 exspectat
1492 504 1835 569 Dominum,
1876 502 2160 559 visitatio-

510 616 649 656 nem
690 605 745 655 et
770 598 1059 655 auxilium
1103 598 1230 667 ejus
1260 611 1496 667 semper
1520 598 1986 666 exspectantem,
2030 607 2162 647 sco-

506 704 775 762 pumque
796 689 1011 743 mentis
1034 703 1157 742 suae
1181 702 1250 741 eo
1270 700 1509 756 semper
1530 682 1910 753 dirigentem.
1938 681 2159 737 Deinde

505 776 865 850 compellere
886 780 1121 848 oportet
1142 774 1420 845 seipsum
1446 772 1523 828 ad
1536 787 1716 828 omne
1737 786 1890 842 opus
1904 769 2158 837 bonum,

510 867 622 937 81
662 871 717 922 et
746 866 823 922 ad
854 865 1062 921 omnia
1102 864 1391 919 mandata
1421 862 1675 929 Domini,
1708 864 1950 932 propter
1988 859 2162 913 inna-

507 960 636 1011 tum
668 955 778 1010 sibi
811 960 1145 1026 peccatum.
1176 952 1361 1007 Veluti
1399 949 1719 1022 compellat
1757 964 1819 1004 se
1852 949 2047 1020 ipsum
2080 947 2159 1002 ad

507 1045 937 1101 demissionem
962 1042 1144 1099 animi
1168 1058 1371 1098 coram
1395 1039 1679 1096 omnibus
1696 1038 2064 1106 hominibus,
2089 1053 2160 1093 ac

507 1151 569 1189 se
612 1133 951 1189 inferiorem
991 1140 1048 1187 et
1072 1131 1455 1202 abjectiorem
1501 1129 1813 1194 existimet,
1847 1142 1967 1183 non
1998 1143 2160 1198 quae-

502 1238 639 1278 rens
677 1222 989 1287 honorem,
1035 1220 1301 1285 laudem,
1340 1225 1443 1274 aut
1486 1217 1735 1288 gloriam
1770 1234 1806 1273 a
1843 1231 2159 1288 quoquam

504 1311 843 1380 hominum,
872 1316 933 1366 ut
953 1311 1013 1365 in
1031 1308 1344 1379 Evangelio
1372 1309 1658 1379 scriptum
1685 1312 1808 1362 est:
1831 1308 1936 1361 sed
1960 1306 2158 1361 solum

509 1399 826 1454 Dominum
861 1414 1097 1469 semper
1134 1397 1213 1452 ob
1252 1396 1458 1451 oculos
1492 1395 1731 1459 habeat,
1775 1401 1831 1450 et
1874 1395 2159 1449 mandata

504 1488 655 1559 ejus,
707 1487 819 1559 ipsi
861 1487 966 1541 soli
1015 1487 1247 1558 placere
1294 1485 1539 1540 studens
1584 1486 1642 1539 in
1696 1483 2159 1539 mansuetudine

504 1577 721 1640 cordis,
757 1582 818 1631 ut
845 1576 1039 1649 inquit
1069 1576 1354 1631 Dominus
1385 1591 1398 1629 :
1438 1574 1656 1630 Discite
1684 1589 1721 1629 a
1752 1589 1843 1629 me
1870 1573 2031 1643 quod
2054 1573 2160 1627 mi-

507 1666 581 1720 tis
602 1682 731 1721 sum
758 1672 811 1721 et
841 1664 1083 1721 humilis
1113 1664 1302 1730 corde,
1327 1670 1379 1720 et
1403 1665 1712 1720 invenietis
1737 1663 1997 1735 requiem
2026 1662 2159 1719 ani-

504 1755 711 1811 mabus
750 1754 960 1811 vestris
982 1755 1050 1807 υτ.

574 1862 641 1915 ΙΙ.
685 1861 891 1917 Itidem
943 1865 1004 1917 ut
1034 1860 1109 1916 sit
1155 1860 1517 1924 misericors,
1557 1860 1875 1931 benignus,
1928 1875 2154 1933 pronus

504 1949 581 2007 ad
598 1950 1008 2006 miserandum
1031 1967 1099 2005 ac
1125 1950 1341 2015 bonus,
1360 1966 1467 2023 pro
1488 1950 1714 2005 viribus
1732 1949 1857 2005 suis
1872 1966 1935 2005 se
1956 1966 2157 2005 assue-

499 2037 699 2105 faciat,
731 2045 792 2094 ut
818 2040 1009 2112 inquit
1043 2041 1362 2094 Dominus:
1401 2040 1597 2095 Estote
1627 2038 1762 2094 boni
1793 2054 1864 2094 ac
1896 2038 2153 2108 benigni,

502 2128 652 2184 sicut
680 2129 860 2184 Pater
887 2136 1077 2185 vester
1106 2129 1350 2184 cwlestis
1379 2128 1714 2184 misericors
1735 2129 1901 2184 est“.
1929 2131 1993 2183 Et
2022 2144 2154 2183 rur-

504 2233 610 2271 sus
634 2217 851 2289 inquit:
884 2218 1218 2288 Siditigitis
1239 2233 1348 2280 me,
1362 2225 1664 2288 praecepta
1686 2233 1816 2274 mea
1841 2218 2151 2274 servate".

503 2308 569 2360 Et
607 2321 853 2361 rursus:
885 2306 950 2362 Si
988 2307 1319 2363 contendite
1350 2308 1584 2363 intrare
1610 2322 1720 2376 per
1762 2312 2002 2377 portam
2041 2323 2153 2363 an-

499 2396 794 2465 gustam‘.
830 2398 950 2451 Prae
971 2396 1256 2451 omnibus
1281 2396 1685 2452 humilitatem
1708 2396 1962 2459 Domini,
1996 2396 2155 2467 ejus-

500 2499 618 2555 que
645 2484 882 2539 vivendi
908 2485 1221 2552 rationem,
1242 2485 1773 2540 mansuetudinem
1804 2500 1874 2540 ac
1904 2501 2153 2541 conver-

498 2572 816 2638 sationem,
870 2579 1158 2645 tanquam
1205 2574 1510 2645 exemplar
1553 2573 1611 2629 in
1652 2574 1819 2630 omni
1864 2575 2153 2631 memoria

502 2660 750 2716 minime
792 2662 1086 2718 obliviosa
1131 2662 1400 2727 retineat,
1434 2663 1493 2717 in
1542 2662 1913 2719 orationibus
1960 2680 2154 2735 perse-

498 2755 680 2817 veret,
703 2767 941 2824 semper
961 2767 1142 2807 orans
1165 2752 1223 2806 in
1246 2751 1385 2815 ﬁde,
1413 2758 1473 2807 ut
1495 2753 1781 2807 Dominus
1804 2753 2024 2818 veniat,
2045 2753 2153 2808 ha-

501 2838 646 2895 bitet
692 2839 752 2895 in
802 2856 894 2907 eo,
948 2846 1330 2896 consummet
1377 2857 1445 2896 ac
1504 2841 1846 2897 corroboret
1900 2858 2038 2896 eum
2094 2844 2152 2898 in

498 2928 783 2984 omnibus
806 2929 1109 2986 mandatis
1131 2932 1286 3005 suis;
1312 2936 1492 3003 atque
1515 2931 1691 2987 etiam
1715 2931 1845 3003 ipse
1869 2931 2156 2987 Dominus

498 3015 603 3073 ﬁat
642 3016 1014 3073 domicilium
1048 3019 1306 3086 animae;
1349 3024 1405 3074 et
1430 3020 1509 3074 ita
1543 3036 1679 3091 quae
1706 3035 1866 3074 nunc
1899 3022 1953 3075 vi
1990 3021 2155 3076 inviti

497 3108 697 3163 cordis
715 3107 872 3173 facit,
889 3113 1101 3180 sponte
1116 3107 1445 3181 aliquando
1461 3114 1728 3180 peragat,
1747 3110 2157 3165 assuefaciens

500 3212 562 3251 se
592 3196 785 3267 ipsum
822 3204 1108 3268 perpetuo
1136 3196 1213 3251 ad
1244 3196 1305 3251 id
1329 3198 1494 3268 quod
1517 3197 1747 3252 bonum
1780 3203 1886 3265 est,
1918 3198 2153 3253 Domini

497 3299 734 3355 semper
762 3285 1111 3349 recordans,
1139 3290 1195 3340 et
1218 3291 1575 3356 exspectans
1608 3302 1746 3340 eum
1774 3293 2062 3357 perpetuo
2092 3288 2152 3341 in

497 3387 739 3426 summa
786 3373 1123 3428 dilectione.
1172 3376 1318 3428 Tum
1366 3390 1505 3429 vero
1553 3374 1860 3439 Dominus,
1912 3376 2149 3445 cognito

499 3466 661 3515 tanto
704 3460 833 3529 ejns
874 3461 1181 3533 proposito
1212 3466 1266 3517 et
1293 3461 1545 3517 consilio
1577 3478 1647 3516 ac
1689 3462 1977 3518 laudabili
2019 3464 2149 3533 ejus

498 3550 715 3615 studio,
758 3550 1011 3605 nimium
1051 3556 1360 3622 quomodo
1391 3569 1452 3608 se
1483 3551 1805 3623 compellat
1855 3557 1917 3606 ut
1950 3554 2149 3608 Domi-

499 3652 647 3692 num
665 3636 725 3692 in
748 3639 1037 3694 memoria
1058 3640 1325 3705 retineat,
1350 3646 1407 3695 et
1423 3641 1499 3696 ad
1523 3640 1581 3695 id
1604 3640 1767 3712 quod
1783 3640 2013 3696 bonum
2036 3647 2143 3699 est.

497 3727 575 3783 ad
609 3728 1130 3784 mansuetudinem
1154 3745 1223 3784 ac
1246 3729 1623 3785 dilectionem
1643 3746 1745 3786 cor
1771 3730 1866 3785 vel
1897 3731 2145 3786 invitum

496 3817 835 3888 compellat,
862 3834 931 3874 ac
961 3818 1177 3890 dirigat
1201 3835 1307 3890 pro
1341 3819 1565 3875 viribus
1588 3820 1713 3874 suis
1737 3820 1902 3875 omni
1924 3819 2145 3875 violen-

495 3907 614 3972 tia;
648 3913 878 3962 exercet
910 3908 971 3962 in
1003 3924 1140 3963 eum
1174 3908 1649 3965 misericordiam
1681 3926 1879 3975 suam,
1914 3914 1968 3965 et
1994 3909 2147 3964 redi-

496 3995 604 4050 mit
633 4012 772 4051 eum
797 3996 875 4052 ab
914 3997 1167 4052 inimicis
1201 3997 1347 4066 suis,
1379 4003 1435 4052 et
1466 3997 1834 4053 inhabitante
1875 4005 2139 4069 peccato,

494 4085 712 4154 Spiritu
755 4102 892 4141 eum
938 4092 1147 4142 sancto
1195 4086 1477 4158 replens;
1530 4092 1587 4142 et
1634 4088 1715 4142 ita
1756 4087 2146 4158 postmodum

493 4172 724 4245 absque
756 4175 875 4230 ulla
895 4176 950 4230 vi
976 4192 1045 4231 ac
1065 4175 1271 4231 labore
1298 4192 1434 4231 vere
1458 4175 1603 4231 facit
1623 4178 1830 4231 omnia
1858 4176 2144 4233 mandata

494 4261 750 4317 Domini.
774 4263 1051 4328 Quinimo
1068 4264 1354 4319 Dominus
1377 4265 1436 4320 in
1458 4280 1528 4320 eo
1552 4282 1661 4319 sua
1682 4264 1969 4320 mandata
1982 4265 2140 4331 facit,

492 4356 549 4407 et
574 4349 800 4406 fructus
831 4352 1171 4423 spirituales
1202 4356 1344 4409 tunc
1371 4369 1519 4425 pure
1558 4353 1857 4426 producit.

562 4637 649 4692 Ill.
680 4638 918 4708 Oportet
943 4641 1144 4695 autem
1171 4637 1431 4708 primum
1472 4638 1819 4710 quempiam
1851 4639 1934 4695 sic
1969 4656 2141 4696 acce-

488 4726 728 4781 dentem
755 4725 832 4780 ad
876 4725 1195 4781 Dominum
1229 4727 1279 4781 vi
1331 4727 1686 4798 compellere
1728 4743 1791 4781 se
1821 4728 2019 4798 ipsum
2060 4729 2139 4785 ad

485 4813 736 4877 bonum,
766 4814 1046 4884 quamvis
1085 4814 1371 4869 renitatur
1396 4815 1655 4877 animus,
1687 4822 2136 4884 exspectantem

481 4909 770 4976 perpetuo
802 4904 859 4957 in
883 4902 1001 4957 ﬁde
1024 4901 1364 4959 indubitata
1389 4904 1858 4960 misericordiam
1882 4906 2032 4976 ejus,
2065 4923 2135 4961 ac

483 4992 837 5064 compellere
878 5008 939 5046 se
964 4992 1161 5063 ipsum
1195 4992 1271 5047 ad
1310 4992 1708 5058 dilectionem,
1744 4994 1792 5048 si
1820 4993 2135 5051 dilectione

481 5081 797 5136 destitutus
826 5080 898 5135 sit
928 5098 941 5135 :
975 5081 1329 5152 compellere
1360 5098 1420 5136 se
1452 5083 1650 5153 ipsum
1679 5082 1757 5137 ad
1788 5090 2135 5139 mansuetu-

481 5169 705 5237 dinem,
726 5169 773 5223 si
803 5185 873 5224 ea
905 5177 1138 5224 careat:
1166 5170 1521 5241 compellere
1543 5186 1604 5225 se
1628 5171 1828 5242 ipsum
1848 5172 1922 5227 ad
1953 5174 2133 5228 mise-

480 5257 825 5323 ricordiam,
854 5264 910 5312 et
927 5259 1002 5313 ad
1022 5259 1293 5313 animum
1312 5258 1390 5313 ad
1408 5259 1815 5314 miserendum
1836 5276 2094 5331 pronum
2115 5281 2127 5319 :

478 5346 864 5418 compellerre
877 5362 939 5402 se
957 5347 1156 5419 ipsum
1171 5347 1249 5403 ad
1261 5353 1671 5420 contemptum
1686 5350 2128 5420 perferendum,

550 5577 596 5612 ⁹⁷
630 5575 828 5635 Matth.
857 5592 937 5644 xi,
967 5576 1055 5631 29.
1133 5577 1181 5613 ⁸⁸
1214 5578 1351 5633 Luc.
1384 5594 1463 5643 v1,
1496 5580 1582 5634 36.

1819 196 1879 255 S.
1927 193 2230 255 MACARII
2278 190 2584 251 EGYPTII

1661 5581 1709 5615 9°
1738 5581 1906 5637 Joan.
1936 5584 2057 5646 xiv,
2094 5586 2177 5637 15.

3763 196 3872 254 644

2192 322 2238 378 Α
2271 323 2409 373 κατὰ
2457 322 2644 384 πάντα,
2700 321 2782 372 ἶνα
2834 339 2907 392 μη
2963 322 3083 394 περί
3138 338 3189 372 τι
3245 325 3345 371 τῶν
3391 324 3704 392 φαινομένων
3756 321 3875 383 ὅλος

2271 412 2297 461 ὁ
2318 418 2433 471 νοῦς
2464 407 2785 481 ἀσχολῆται.
2834 414 2933 461 Καὶ
2966 408 3033 470 εἰς
3087 413 3182 467 τὴν
3230 408 3387 480 εὐχήν
3424 413 3534 482 χρή
3562 409 3718 461 αὐτόν
3747 415 3876 462 παν-

2269 519 2380 553 τοτε
2409 504 2833 573 προσκαρτερεῖν,
2888 497 2934 550 ἐν
2973 503 3153 551 πίστει
3181 494 3515 572 προσδοκίας
3554 507 3645 551 τοῦ
3676 504 3875 574 Κυρίου

2269 593 2363 647 τήν
2408 588 2680 659 ἐπίσκεψιν
2729 593 2819 640 καὶ
2875 586 3123 660 βοήθειαν
3181 587 3340 639 αὐτοῦ
3383 590 3603 640 πάντοτε
3650 585 3880 660 ἐκδεχό-

2269 697 2438 749 μενον,
2500 682 2588 730 τόν
2632 681 2826 730 σκοπόν
2883 686 2974 730 τοῦ
3013 681 3129 739 νοός
3182 676 3342 730 αὑτοῦ
3373 677 3443 739 εἰς
3471 685 3626 729 τοῦτο
3678 680 3880 749 ἔχοντα

2272 765 2365 820 διὰ
2415 772 2627 829 παντός.
2710 764 2836 821 Εἶτα
2899 766 3187 839 βιάζεσθαι
3246 770 3357 839 χρὴ
3420 766 3599 819 ἑαυτὸν
3642 767 3713 828 εἰς
3767 774 3878 819 πᾶν

2270 858 2416 931 ἔργον
2450 856 2643 928 ἀγαθόν
2674 862 2761 908 καὶ
2818 856 2890 918 εἰς
2927 859 3105 918 πάσας
3160 858 3255 918 τὰς
3284 855 3483 917 ἐντολὰς
3523 864 3615 909 τοῦ
3650 862 3876 931 Κυρίου,

2271 942 2365 998 διὰ
2411 950 2504 1005 τήν
2560 954 2820 998 συνοῦσαν
2873 946 3012 1016 αὐτῷ
3064 946 3325 1021 ἁμαρτίαν
3355 967 3368 979 ’
3418 947 3542 1012 οἷον,
3601 944 3877 1019 βιαζέσθω

2270 1035 2453 1089 ἑαυτόν
2504 1035 2571 1096 εἰς
2599 1039 2657 1087 τό
2714 1043 3126 1109 ταπεινοφρονεῖν
3170 1034 3383 1088 ἐνώπιον
3429 1039 3621 1096 παντὸς
3675 1038 3873 1110 ανθρώ-

2278 1144 2402 1192 που,
2464 1131 2553 1177 καὶ
2610 1125 2789 1178 ἑαυτὸν
2842 1124 3034 1177 ἐλάττω
3082 1126 3328 1197 ἡγεῖσθαι
3380 1130 3466 1177 καὶ
3508 1130 3746 1200 χείρονα,
3797 1131 3873 1198 μή

2268 1214 2439 1274 ζητῶν
2496 1219 2673 1286 τιμήν,
2725 1215 2755 1272 ἡ
2813 1218 3039 1279 ἔπαινον,
3082 1216 3111 1273 ἡ
3157 1211 3314 1277 δόξαν
3389 1214 3668 1288 ἀνθρώπων
3726 1219 3876 1289 παρά

2268 1323 2422 1369 τινος,
2484 1306 2660 1365 καθὼς
2715 1302 2761 1355 ἐν
2819 1311 2891 1373 τῷ
2973 1303 3269 1375 Εύαγγελίῳ
3332 1308 3623 1378 γέγραπται
3667 1320 3685 1336 ⁶
3744 1302 3876 1356 ἀλλὰ

2267 1398 2420 1465 μόνον
2470 1391 2547 1445 ἀεὶ
2598 1396 2685 1445 τόν
2741 1396 2929 1466 Κύριον
2984 1396 3084 1465 πρό
3140 1392 3413 1464 ὀφθαλμῶν
3461 1395 3598 1464 ἔχων
3637 1399 3730 1445 καὶ
3777 1397 3876 1455 τὰς

2268 1483 2468 1543 ἐντολὰς
2497 1482 2677 1548 αὐτοῦ,
2731 1483 2871 1553 αὐτῷ
2902 1480 3205 1555 βουλόμενος
3239 1481 3475 1557 ἀρέσκειν
3510 1486 3649 1553 μόνῳ
3678 1482 3753 1543 εἰς
3778 1488 3875 1542 τήν

2267 1578 2540 1644 πραότητα
2556 1581 2651 1633 τῆς
2669 1569 2915 1645 καρδίας,
2934 1574 3002 1634 ὦς
3019 1592 3175 1645 φησιν
3201 1573 3227 1623 ό
3252 1575 3437 1645 Κύριος
3452 1589 3464 1601 ·
3488 1574 3583 1625 Ma
3598 1574 3625 1624 θ
3644 1592 3744 1624 ετε
3772 1571 3873 1623 ἀπ’

2188 1680 2230 1734 Β
2269 1658 2421 1733 ἐμοῦ
2458 1663 2556 1713 ὅτι
2594 1666 2795 1736 πραός
2834 1661 2965 1733 εἰμι
3003 1667 3114 1713 καὶ
3152 1666 3455 1722 ταπεινός
3491 1669 3560 1733 τῇ
3596 1658 3874 1734 καρδία,

2268 1755 2382 1802 καὶ
2429 1752 2737 1822 εὑρήσετε
2776 1748 3139 1803 ἀνάπαυσιν
3181 1758 3321 1810 ταῖς
3381 1750 3633 1821 ψυχαῖς
3678 1753 3872 1822 ὑμῶν.

2340 1856 2417 1911 Β¹.
2491 1856 2715 1930 Ὁμοίως
2776 1857 2844 1919 εἰς
2915 1860 2972 1909 τό
3054 1853 3183 1909 εἶναι
3257 1856 3523 1929 ἐλεήμονα,
3604 1877 3871 1931 χρηστόν,

2269 1946 2651 2018 εὔσπλαγχνον,
2707 1945 2917 2017 ἀγαθόν,
2970 1947 3067 2004 ὅση
3105 1942 3343 2018 δύναμις,
3401 1950 3579 1999 εαυτόν
3635 1947 3868 2013 ἐθιζέτω,

2268 2037 2336 2097 ὦς
2359 2037 2568 2107 φησινό
2602 2038 2792 2110 Κύριος
2816 2052 2829 2065 ⁸
2854 2037 3123 2088 Γίνεσθε
3154 2034 3387 2107 ἁγαθοὶ
3417 2041 3525 2087 καὶ
3557 2045 3866 2112 χρηστοὶ,

2266 2127 2481 2186 καθὼς
2538 2128 2647 2176 καὶ
2678 2126 2704 2176 ὁ
2745 2129 2959 2198 Πατήρ
3001 2126 3169 2197 ὑμῶν
3199 2126 3225 2177 ὁ
3271 2124 3572 2197 οὐράνιος
3629 2127 3870 2203 οἰκτίρο

2266 2235 2392 2285 μων
2423 2216 2582 2268 ἐστί.
2619 2220 2719 2267 Καὶ
2748 2214 2901 2265 πάλιν
2933 2219 3089 2285 φησίν
3120 2232 3132 2243 ³
3163 2215 3297 2267 Ἐὰν
3330 2213 3611 2285 ἀγαπᾶτέ
3640 2237 3739 2288 με,
3770 2222 3865 2278 τὰς

3546 2306 3857 2369 Βιάζεσθε

2267 2391 2575 2445 εἰσελθεῖν
2617 2389 2733 2444 διὰ
2789 2400 2896 2452 τῆς
2943 2401 3169 2454 στενῆς
3217 2395 3426 2468 θύρας.
3474 2394 3591 2446 Ἐπὶ
3616 2400 3851 2452 πασιτὴν

2264 2489 2353 2534 τοῦ
2387 2486 2580 2553 Κυρίου
2624 2486 2934 2534 ταπείνωσιν
2994 2486 3083 2534 καὶ
3114 2481 3391 2547 πολιτείαν,
3443 2487 3532 2535 καὶ
3583 2488 3681 2541 τήν
3714 2490 3859 2556 πραό-

2268 2303 2523 2363 ἒντολάς
2574 2323 2691 2375 μου
2736 2309 3069 2375 τηρήσατε
3102 2320 3116 2333 ⁶
3177 2309 3267 2355 καὶ
3296 2303 3449 2355 πάλιν
3480 2325 3493 2337 ο

2265 2590 2418 2636 τητα,
2488 2575 2577 2622 καὶ
2629 2574 2723 2629 τήν
2772 2572 3126 2643 ἀναστροφὴν,
3179 2574 3352 2645 ὥσπερ
3424 2572 3777 2645 ὑπογραμμὸν
3825 2574 3867 2625 ἐν

2263 2662 2407 2732 πάσῃ
2441 2665 2619 2733 μνήμη
2666 2658 3014 2735 ἆληθαργήτῳ
3069 2664 3256 2731 ἐχέτω,
3306 2668 3419 2722 ταῖς
3471 2661 3657 2733 εὐχαῖς
3709 2683 3870 2736 προσ-

2266 2754 2595 2824 καρτερείτω,
2675 2746 2768 2801 διὰ
2831 2754 3021 2810 παντὸς
3090 2746 3330 2822 δεόμενος
3412 2755 3499 2803 καὶ
3580 2756 3870 2819 πιστεύων,

2268 2839 2349 2889 ἶνα
2379 2837 2531 2890 ἐλθὼν
2560 2840 2585 2889 ό
2636 2840 2822 2913 Κύριος
2853 2837 3095 2911 ἐνοικήση
3140 2837 3187 2889 ἐν
3219 2838 3380 2905 αύτῷ,
3437 2844 3522 2890 καὶ
3566 2846 3871 2913 καταρτίση

2268 2933 2356 2980 καὶ
2397 2924 2683 3000 δυναμώση
2732 2927 2888 2979 αὐτόν
2921 2927 2969 2978 ἐν
2999 2930 3196 2988 πάσα.ς
3234 2935 3346 2988 ταῖς
3396 2927 3615 2988 ἐντολαῖς
3649 2928 3827 2982 αὐτοῦ
3860 2948 3872 2959 ·

2188 3034 2229 3090 C
2268 3022 2355 3069 καὶ
2407 3018 2489 3069 ἱνα
2549 3017 2761 3078 αύτόςό
2825 3020 3015 3089 Κύριος
3062 3021 3270 3089 γένηται
3324 3022 3729 3090 κατοικητήριον
3782 3029 3873 3079 τῆς

2266 3104 2449 3177 ψυχῆς
2481 3124 2494 3136 ·
2529 3112 2618 3157 καὶ
2649 3106 2807 3166 οὕτως
2836 3104 2870 3157 ἃ
2898 3113 2985 3157 νῦν
3016 3108 3147 3176 μετά
3179 3104 3304 3177 βίας
3353 3105 3587 3168 ἀκούσης
3618 3116 3714 3169 τῆς
3742 3128 3869 3181 καθ’

2267 3191 2387 3256 δίας
2434 3202 2590 3259 ποιεῖ,
2642 3194 2887 3255 ἑκουσιως
2920 3194 3109 3267 πράξει
3137 3197 3276 3259 ποτὲ,
3322 3192 3508 3255 ἐθίζων
3561 3195 3733 3247 ἑαυτὸν
3763 3193 3861 3247 διὰ

2262 3286 2454 3344 παντὸς
2511 3283 2583 3345 εἰς
2620 3287 2678 3335 τό
2728 3282 2943 3354 ἀγαθόν,
3000 3289 3090 3335 καὶ
3144 3291 3237 3335 τοῦ
3287 3288 3481 3355 Κυρίου
3535 3288 3863 3356 μνημονεύων

2262 3371 2364 3439 ἀεὶ,
2414 3377 2504 3425 καὶ
2532 3369 2843 3447 προσδοκῶν
2897 3371 2975 3425 ἀεὶ
3006 3375 3053 3425 ἑν
3084 3371 3243 3445 πολλῇ
3302 3371 3481 3445 ἀγάπη
3514 3373 3686 3429 αὐτόν.
3733 3380 3870 3426 Τότε

2262 3462 2461 3536 θεωρῶν
2516 3463 2540 3513 ό
2585 3465 2774 3534 Κύριος
2825 3466 2919 3519 τήν
2968 3464 3213 3520 τοιαύτην
3268 3466 3595 3534 προαίρεσιν,
3628 3468 3717 3515 καὶ
3772 3468 3869 3521 τήν

2259 3548 2460 3621 ἀγαθήν
2519 3551 2679 3603 αὐτοῦ
2740 3546 3000 3615 σπουδήν,
3074 3558 3183 3611 πῶς
3244 3548 3486 3623 βιαζεται
3560 3551 3740 3603 ἑαυτὸν
3794 3552 3867 3612 εἰς

2258 3644 2465 3712 μνήμην
2520 3647 2611 3692 τοῦ
2656 3645 2874 3713 Κυρίου,
2927 3644 3017 3692 καὶ
3074 3639 3141 3700 εἰς
3169 3644 3227 3691 τό
3280 3640 3475 3711 ἀγαθόν
3526 3638 3604 3692 ἀεὶ
3651 3647 3744 3693 καὶ
3799 3641 3866 3700 εἰς

2256 3733 2349 3785 τήν
2398 3732 2867 3803 ταπεινοφροσύνην
2897 3734 2987 3781 καὶ
3040 3733 3318 3803 πραότητα
3366 3735 3457 3781 καὶ
3490 3728 3703 3799 ἀγάπην
3747 3732 3865 3803 οἷγει

2257 3822 2447 3890 καὶμὴ
2502 3818 2750 3870 θέλουσαν
2804 3823 2897 3876 τὴν
2928 3815 3169 3891 καρδίαν,
3222 3824 3311 3871 καὶ
3351 3820 3465 3890 ἄγει
3496 3820 3596 3877 ὅση
3640 3815 3868 3892 δύναμις

2258 3909 2398 3979 αύτῷ
2429 3910 2559 3979 μετὰ
2605 3906 2751 3980 βίας,
2809 3914 2950 3959 ποιεῖ
2996 3909 3105 3978 μετ’
3168 3908 3329 3960 αὑτοῦ
3377 3908 3449 3969 εἰς
3492 3907 3623 3969 ἕλεος
3680 3910 3863 3972 αὐτοῦ,

2257 4002 2349 4050 καὶ
2396 3996 2679 4069 λυτροῡται
2736 3995 2892 4048 αὐτόν
2925 3995 3025 4048 ἆπό
3056 4004 3155 4048 τῶν
3208 3999 3413 4069 ἑχθρῶν
3457 3997 3622 4050 αὐτοῦ
3652 4003 3868 4059 καὶτῆς

2256 4086 2564 4146 ἐνοικούσης
2638 4085 2920 4160 ἁμαρτίας,
3000 4088 3301 4158 Πνεύματος
3366 4085 3517 4157 ἁγίου
3595 4088 3864 4159 ἐμπιπλῶν

2256 4177 2411 4228 αὐτόν
2465 4194 2477 4207 ’
2533 4179 2622 4227 καὶ
2675 4175 2809 4226 οὕτω
2880 4174 3057 4227 λοιπόν
3114 4175 3233 4226 ἄνευ
3306 4173 3428 4246 βίας
3479 4179 3568 4227 καὶ
3624 4178 3867 4247 καμτου

2254 4272 2393 4317 ποιεῖ
2442 4266 2619 4325 πάσας
2676 4265 2769 4325 τὰς
2820 4262 3027 4325 ἐντολὰς
3076 4271 3168 4316 τοῦ
3220 4267 3417 4336 Κυρίου
3477 4264 3532 4326 ἐξ
3582 4262 3818 4324 ἀληθείας
3850 4281 3861 4292 ·

2175 4388 2221 4443 D
2254 4352 2444 4425 μᾶλλον
2495 4350 2605 4405 δὶιό
2658 4356 2846 4427 Κύριος
2895 4359 3035 4405 ποιεῖ
3077 4354 3125 4404 ἐν
3154 4351 3293 4423 αὐτῷ
3319 4355 3415 4415 τὰς
3464 4349 3607 4415 ἰδίας
3638 4351 3864 4421 ἐντολὰς,

2254 4448 2343 4495 καὶ
2395 4446 2516 4502 τοὺς
2567 4446 2795 4518 καρποὺς
2865 4450 2957 4495 τοῦ
3015 4444 3314 4514 Πνεύματος
3371 4447 3489 4495 τότε
3542 4451 3868 4517 καρποφορεῖ

2254 4536 2517 4607 καθαρῶς.

2324 4642 2396 4695 Γ’.
2428 4644 2544 4711 Χρὴ
2600 4638 2659 4693 δὲ
2690 4644 2937 4716 πρότερον
2990 4640 3347 4713 προσελθόντα
3403 4643 3520 4693 τινὰ
3547 4650 3621 4713 τῷ
3653 4647 3849 4713 Κυρίῳ,

2250 4731 2384 4783 οὕτω
2428 4728 2712 4802 βιάζεσθαι
2767 4730 2947 4782 ἑαυτόν
2993 4729 3064 4791 εἰς
3113 4733 3170 4782 τό
3203 4727 3399 4800 ἀγαθόν
3460 4735 3549 4783 καὶ
3578 4736 3651 4802 μή
3686 4730 3859 4782 θελούο

2253 4839 2352 4880 σης
2382 4827 2472 4878 τῆς
2528 4814 2772 4892 καρδίας,
2804 4815 3185 4891 προσδοκῶντα
3216 4815 3310 4871 διὰ
3359 4822 3552 4880 παντὸς
3595 4819 3647 4871 ἓν
3674 4824 3852 4871 πίστει

2248 4904 2555 4979 ἁδιστάκτῳ
2622 4911 2680 4959 τό
2720 4907 2856 4971 ἔλεος
2887 4907 3067 4974 αὐτοῦ,
3094 4913 3183 4960 καί
3239 4905 3527 4979 βιάζεσθαι
3585 4908 3759 4961 ἑαυτὸν
3786 4908 3856 4969 εἰς

2244 5001 2338 5055 τὴν
2388 4994 2614 5066 ἀγάπην,
2673 5000 2744 5068 μή
2798 4999 2989 5067 ἔχοντα
3027 4996 3237 5068 ἀγάπην
3286 5013 3299 5026 '
3355 4995 3645 5069 βιάζεσθαι
3676 4998 3851 5050 ἑαυτὸν

2245 5085 2315 5147 εἰς
2365 5089 2458 5143 τὴν
2502 5090 2792 5157 πραότητα,
2844 5091 2915 5157 μὴ
2968 5088 3161 5157 ἔχοντα
3215 5091 3489 5160 πραότητα
3520 5104 3532 5115 ⁸
3572 5085 3851 5158 βιάζεσθαι

2243 5174 2426 5226 ἑαυτόν
2486 5174 2552 5233 εἰς
2619 5178 2677 5226 τό
2726 5174 3015 5241 οἰκτείρειν,
3063 5180 3153 5227 καὶ
3210 5173 3457 5247 ἐλεήμονα
3529 5178 3672 5247 ἔχειν
3724 5194 3847 5245 καρ-

2245 5260 2364 5315 δίαν
2394 5282 2405 5293 ·
2452 5261 2740 5335 βιάζεσθαι
2772 5264 2954 5317 ἑαυτόν
2986 5264 3058 5325 εἰς
3104 5267 3162 5316 τὸ
3194 5266 3645 5340 κσιτεφρόνεῖσθοιι⁹
3689 5263 3755 5325 εἰς
3780 5266 3841 5313 τό

2240 5355 2716 5425 καταφρονούμενον
2804 5355 3179 5427 μακροθυμεῖν,
3258 5359 3348 5407 καὶ
3424 5351 3839 5425 ἑξουδενούμενον

2257 5584 2273 5618 ¹
2316 5582 2454 5639 Luc.
2492 5598 2618 5649 xm,
2648 5583 2737 5640 24.
