4076 6210
199 306 315 364 645

1490 305 1831 363 ΗΟΜῙΙιΙιΕ.
1871 336 1940 347 -
1981 305 2154 362 HOM.
2196 307 2340 362 XIX.

3455 311 3561 367 646

196 433 228 492 ἦ
287 432 681 505 ἀτιμαζόμενον
732 435 805 505 μὴ
865 430 1192 504 ἀγανακτεῖν,
1244 432 1382 484 κατὰ
1420 433 1479 483 τό
1508 431 1800 506 εἰρημένονι

1929 434 1985 488 et
2008 432 2069 487 in
2095 447 2166 488 eo
2217 430 2441 487 fortiter
2468 430 2944 502 perdurandum,
2972 447 3048 489 ne
3073 432 3377 506 despectui
3399 435 3577 491 habi-

195 527 297 581 Μη
340 522 618 584 ἑαυτοὺς
677 518 1111 587 ἐκδικοῦντες,
1155 520 1497 593 ἀγαπητοί.
1530 522 1815 582 Βιάςεσθαι

196 614 391 665 ἑαυτὸν
419 610 493 673 εἰς
523 614 617 669 τὴν
648 610 833 683 εὐχὴν,
866 614 939 685 μὴ
990 614 1179 683 ἔχοντα
1225 611 1389 683 εὐχὴν
1418 615 1768 683 πνευματικήν
1798 628 1811 641 ·

196 707 287 755 καὶ
335 702 560 762 οὕτωςὸ
614 704 764 767 Θεὸς,
818 702 1017 776 θεωρῶν
1067 704 1154 753 τόν
1205 701 1365 763 οὕτως
1413 699 1809 772 ἀγωνιζόμενον,

197 797 285 843 καὶ
318 788 419 863 βίᾳ
476 790 655 843 ἑαυτὸν
699 791 958 862 ἄγχοντα,
1011 794 1083 862 μὴ
1119 790 1368 850 θελούσης
1416 797 1512 851 τῆς
1562 785 1807 863 καρδίας,

206 876 435 933 δίδωσιν
469 880 637 951 εὐχὴν
682 877 931 937 ἀληθινὴν
978 882 1292 952 Πνεύματος,
1326 875 1552 931 δίδωσιν
1602 879 1811 949 ἀγάπην

213 968 477 1037 ἀληθινήν,
537 972 813 1041 πραότητα
861 967 1122 1035 ἀληθείας,
1185 968 1469 1040 σπλάγχνα
1504 968 1805 1041 οἰκτιρμῶν,

216 1061 561 1129 χρηστότητα
639 1056 910 1121 ἀληθινὴν,
990 1062 1076 1109 xui
1177 1057 1513 1123 ἁπαξαπλῶς,
1620 1056 1811 1131 πληροῖ

216 1146 359 1199 αὐτόν
387 1154 493 1199 τῶν
520 1154 735 1222 καρπῶν
764 1154 855 1200 τοῦ
885 1149 1201 1220 Πνεύματος.

264 1440 341 1494 Δ¹.
379 1440 443 1494 Εἰ
470 1436 531 1493 δέ
561 1459 639 1502 τις
683 1439 757 1501 εἰς
784 1444 879 1499 τὴν
906 1440 1070 1513 εὐχὴν
1118 1443 1278 1513 μόνην
1328 1439 1510 1493 ἑαυτὸν
1544 1438 1805 1513 βιάζεται,

196 1535 265 1602 μη
326 1533 473 1602 ἔχων
514 1529 702 1601 εὐχήν,
760 1530 843 1582 ἶνα
889 1538 999 1603 σχῇ
1057 1529 1219 1602 εύχῆς
1270 1532 1454 1602 χάριν,
1486 1528 1557 1589 εἰς
1610 1524 1670 1581 δε
1715 1531 1808 1585 την

196 1626 479 1695 πραότητα
536 1626 627 1672 xui
674 1621 1147 1692 ταπεινοφροσύνην
1197 1624 1286 1672 καὶ
1334 1618 1541 1690 ἀγάπην
1598 1623 1686 1670 xui
1716 1619 1808 1676 τὰς

194 1708 380 1771 λοιπὰς
408 1708 614 1769 ἐντολὰς
656 1716 749 1761 τοῦ
799 1714 994 1783 Κυρίου
1048 1709 1227 1762 ἑαυτὸν
1256 1708 1316 1761 ού
1375 1706 1637 1782 βιάζεται,
1692 1711 1809 1760 οὔτε

1926 525 2021 576 tus
2055 528 2158 577 aut
2205 520 2632 576 dehonestatus
2684 520 3045 590 indignetur,
3083 522 3256 592 juxta
3306 523 3572 579 dictum:

1925 609 2057 665 Non
2080 608 2453 677 vosmetipsos
2476 609 2841 676 ulciscentes,
2870 609 3208 666 charissimi
3224 614 3245 647 ³
3270 628 3283 664 :
3313 611 3577 683 compel-

1922 698 2041 754 lere
2071 714 2133 753 se
2156 698 2354 769 ipsum
2383 698 2459 753 ad
2488 714 2714 769 preces,
2748 698 2796 753 si
2828 714 3032 770 preces
3084 700 3425 773 spirituales
3451 718 3571 757 non

1920 786 2160 843 habeat.
2191 786 2287 842 Sic
2305 788 2505 858 itaque
2532 790 2704 851 Deus,
2726 788 3102 859 conspiciens
3128 806 3287 857 eum,
3314 790 3419 863 qui
3442 796 3574 847 tan-

1922 882 2124 948 topere
2145 876 2467 941 contendit,
2493 892 2563 931 ac
2589 876 2669 941 vi,
2689 876 3013 933 reluctante
3039 879 3262 945 animo,
3284 897 3347 935 se
3369 880 3571 953 ipsum

1920 967 2293 1036 constringit,
2320 982 2525 1021 veram
2576 967 2823 1037 Spiritus
2865 968 3272 1038 precationem
3301 969 3568 1039 largitur,

1919 1072 2121 1112 veram
2153 1055 2531 1111 dilectionem
2588 1056 2880 1120 concedit,
2929 1072 3132 1112 veram
3164 1060 3572 1115 mansuetudi-

1919 1161 2080 1209 nem,
2127 1146 2359 1201 viscera
2404 1144 2847 1210 misericordias,
2906 1144 3287 1202 clementiam
3343 1163 3569 1216 veram,

1919 1239 2119 1307 atque,
2154 1239 2216 1290 ut
2243 1234 2419 1291 unico
2470 1234 2652 1290 verbo
2708 1232 2927 1301 dicam,
2961 1234 3147 1307 replet
3194 1250 3332 1291 eum
3377 1235 3571 1293 fructu

1922 1324 2189 1396 Spiritus.

1990 1449 2082 1502 1V.
2113 1447 2284 1515 Quod
2312 1447 2361 1503 si
2382 1447 2541 1519 quis,
2575 1463 2713 1503 cum
2767 1447 2982 1503 affectu
3038 1449 3318 1519 precandi
3350 1454 3570 1518 careat,

1920 1537 1998 1594 ad
2022 1553 2228 1610 preces
2259 1537 2417 1593 solas
2448 1553 2510 1593 se
2548 1537 2749 1608 ipsum
2800 1537 3024 1606 adigat,
3059 1543 3121 1594 ut
3170 1545 3575 1611 consequatur

1920 1626 2277 1698 precationis
2332 1626 2585 1696 gratiam
2629 1642 2640 1681 :
2702 1627 2776 1681 ad
2837 1627 3359 1683 mansuetudinem
3408 1644 3570 1698 vero,

1916 1714 2317 1771 humilitatem
2336 1715 2541 1781 animi,
2560 1715 2939 1771 dilectionem
2959 1721 3015 1771 et
3030 1715 3258 1788 reliqua
3282 1717 3570 1774 mandata

199 1804 457 1873 μέριμναν
507 1802 601 1850 καὶ
671 1802 827 1851 πόνον
884 1803 975 1851 καὶ
1006 1797 1181 1871 ἀγῶνα
1236 1802 1347 1871 ἔχει
1400 1797 1567 1851 ἐκεῖνα
1621 1816 1800 1870 κατορ-

1921 1804 2174 1871 Domini,
2209 1804 2408 1859 minus
2470 1820 2534 1860 se
2580 1804 2779 1877 ipsum
2833 1784 3180 1876 compellat,
3221 1821 3330 1861 nec
3388 1805 3572 1862 ullam

206 1890 386 1958 ϐῶσαι,
451 1888 579 1940 ὅσον
635 1889 695 1938 τό
755 1886 808 1939 ἐκ
886 1892 1253 1962 προαιρέσεως,
1312 1892 1401 1939 καὶ
1467 1886 1804 1949 αύτεξουσίου

211 1976 505 2047 θελήματος,
543 1973 702 2029 ἐνίοτε
754 1971 969 2029 δίδοται
1021 1976 1163 2047 αύτῷ
1210 1976 1369 2047 εὐχῆς
1398 1979 1556 2049 χάρις
1581 1975 1629 2028 ἓν
1684 1975 1805 2028 ἀνα-

207 2070 383 2118 παύσει
425 2071 519 2119 xui
577 2064 866 2138 εὐφροσύνη
923 2073 1012 2118 τοῦ
1054 2068 1348 2137 Πνεύματος
1398 2074 1621 2138 μερικῶς
1672 2069 1808 2118 κατὰ

201 2158 252 2206 τὸ
302 2159 513 2228 αἴτημα
563 2154 743 2207 αὐτοῦ.
774 2162 897 2217 Τοῖς
928 2152 987 2208 δι
1032 2159 1243 2229 τρόποις
1300 2157 1476 2227 ὅμοιός
1523 2154 1636 2207 ἔστι
1686 2158 1803 2208 καθ’

196 2244 333 2297 ὁκαὶ
384 2249 514 2317 πρὶν
547 2240 630 2310 ἦν,
684 2244 780 2297 οὐκ
821 2248 935 2317 ἕχει
966 2249 1259 2319 πραότητα,
1311 2246 1387 2296 ὅτι
1434 2244 1527 2296 ούκ
1580 2243 1806 2305 ἒζήτησε

193 2340 359 2400 πόνον,
423 2338 516 2386 xui
570 2337 977 2407 προωτρέπισεν
1038 2332 1215 2386 ἐαυτὸν
1273 2333 1433 2396 οὕτως
1490 2336 1731 2406 γενέσθαι
1787 2352 1800 2364 ·

196 2424 280 2475 οὐκ
336 2426 461 2496 ἕχει
516 2425 1011 2495 ταπεινοφροσύνην,
1070 2419 1250 2481 ἐπειδὴ
1321 2422 1415 2475 οὐκ
1470 2427 1658 2496 ᾔτησε,
1714 2428 1803 2477 καὶ

203 2513 368 2565 ἑαυτὸν
445 2512 542 2565 ούκ
601 2510 846 2565 ἑϐιάσατο
906 2512 979 2575 εἰς
1023 2520 1198 2569 τοῦτο.
1254 2511 1365 2565 Οὐκ
1423 2515 1535 2584 ἔχει
1593 2512 1801 2585 ἀγάπην

210 2604 322 2674 πρὸς
390 2603 613 2671 πάντας,
687 2597 866 2660 ἐπειδὴ
933 2606 1052 2675 περὶ
1122 2604 1308 2654 τούτου
1382 2605 1633 2675 μέριμναν
1712 2607 1801 2654 xui

212 2687 370 2759 ἀγῶνα
418 2690 519 2742 ούκ
568 2693 725 2761 ἔσχεν
772 2688 820 2742 ἓν
870 2698 931 2764 τῇ
989 2690 1197 2749 αἰτήσει
1236 2699 1333 2753 τῆς
1380 2690 1545 2762 εὐχῆς
1575 2708 1587 2720 ⁶
1622 2695 1713 2743 καὶ
1751 2693 1800 2743 ἓν

209 2777 324 2851 αὐτῇ
353 2788 418 2852 τῇ
481 2776 820 2837 ἕπιτηδεύσει
861 2787 954 2832 τοῦ
979 2782 1151 2855 ἔργου,
1183 2779 1275 2832 οὐκ
1323 2782 1437 2852 ἔχει
1482 2785 1659 2834 πίστιν
1710 2785 1799 2833 καὶ

201 2870 511 2926 πεποίθησιν
566 2871 695 2942 πρὸς
750 2871 837 2920 τόν
890 2871 1033 2935 Θεὸν,
1092 2865 1271 2927 ἓπειδὴ
1332 2870 1546 2940 ἔγνωκεν
1596 2869 1793 2935 ἑαυτὸν,

199 2956 279 3009 οὐκ
332 2954 655 3029 ἐδοκίμασεν
700 2961 771 3029 μὴ
823 2960 983 3029 ἔχειν,
1039 2963 1129 3011 xui
1166 2958 1262 3010 οὐκ
1313 2962 1560 3016 ἑπόνησεν
1609 2958 1656 3011 ἕν
1690 2958 1797 3011 θλί-

204 3045 293 3115 ψει,
344 3052 528 3111 ζητῶν
605 3050 749 3119 παρά
807 3051 1001 3122 Κυρίου
1062 3055 1215 3120 σχεῖν
1293 3052 1387 3107 τήν
1438 3051 1569 3121 πρὸς
1640 3048 1796 3101 αὐτόν

202 3131 401 3206 βεϐαίαν
434 3141 642 3203 πίστιν,
664 3140 756 3189 καὶ
780 3138 1093 3196 πεποίθησιν
1120 3136 1396 3196 ἀληθινήν,

252 3348 322 3405 E'.
366 3354 484 3424 Χρὴ
540 3350 641 3424 γὰρ
672 3349 888 3405 ἕκαστον
936 3351 1109 3425 ὥσπερ
1164 3350 1235 3413 εἰς
1274 3354 1369 3409 τὴν
1419 3351 1577 3423 εύχην
1618 3348 1795 3424 βιάζε-

189 3441 307 3491 σθαι
367 3438 555 3491 ἑαυτὸν
608 3443 697 3491 xui
726 3440 937 3512 ἄγχειν,
982 3444 1055 3511 μὴ
1115 3439 1367 3503 θελούσης
1394 3448 1485 3501 τῆς
1524 3437 1744 3513 καρδίας
1779 3457 1791 3469 ·

187 3529 348 3591 οὕτως
407 3531 502 3580 xui
556 3526 629 3590 εἰς
677 3533 771 3587 τὴν
827 3530 1163 3599 πεποίθησιν,
1222 3529 1387 3591 οὕτως
1451 3534 1540 3582 xui
1589 3530 1655 3591 εἰς
1702 3536 1795 3589 την

189 3619 687 3688 ταπεινοφροσύνην,
732 3618 893 3679 οὕτως
952 3618 1025 3681 εἰς
1077 3622 1170 3677 τήν
1231 3616 1461 3691 ἀγάπην,
1518 3618 1681 3681 οὑτως
1725 3620 1797 3681 εἰς

189 3712 273 3764 τὴν
303 3710 607 3782 πραότητα,
658 3704 1007 3780 ἀκεραιότητά
1046 3727 1101 3762 τε
1149 3713 1238 3761 καὶ
1285 3708 1553 3765 ἁπλότητα
1586 3726 1597 3737 ·
1638 3709 1797 3770 ούτως

185 3794 250 3856 εἱς
303 3813 489 3848 πασαν
554 3794 817 3865 ὑπομονὴν
864 3801 954 3848 xui
1014 3798 1381 3871 μακροθυμίαν
1434 3815 1799 3871 καταγεγραμ-

182 3889 327 3955 μένον
374 3886 511 3955 μετά
560 3890 773 3956 χαρᾶς·
831 3886 993 3947 οὕτως
1050 3882 1331 3959 βιάζεσθαι
1375 3884 1445 3947 εἰς
1498 3889 1555 3937 τὸ
1616 3889 1798 3938 ἑαυτὸν

187 3972 489 4036 ὶξουθενεῖν.
556 3979 659 4026 Καὶ
714 3978 931 4046 πτωχόν
987 3980 1077 4027 xui
1132 3978 1360 4047 ἔσχατον
1414 3974 1720 4047 λογίζεσθαι
1780 3992 1793 4005 ⁸

187 4064 349 4125 οὕτως
394 4062 467 4124 εἰς
500 4065 558 4114 τό
609 4066 682 4134 μὴ
737 4062 931 4135 ὁμιλεῖν
983 4066 1144 4136 τάμή
1200 4067 1322 4115 ὄντα
1371 4072 1642 4141 χρήσιμα,
1672 4065 1799 4119 ἀλλά

190 4149 264 4203 ἀεὶ
321 4152 392 4203 τὰ
443 4158 539 4202 τοῦ
603 4158 738 4204 Θεοῦ
781 4152 1011 4224 μελετᾴν,
1064 4156 1154 4205 καὶ
1207 4152 1374 4205 λαλεῖν
1434 4159 1657 4229 στόματι
1705 4159 1795 4207 καὶ

186 4237 406 4315 καρδίᾳ.
459 4239 637 4301 Οὒτως
698 4239 767 4301 εἰς
818 4244 878 4294 τὸ
924 4246 995 4313 μὴ
1055 4242 1374 4314 θυμοῦσθαι,
1427 4249 1515 4296 καὶ
1566 4247 1797 4319 κραυγά-

194 4329 292 4388 ζειν
322 4330 464 4381 κατὰ
494 4331 551 4381 τό
583 4329 866 4404 εἰρημένον,
904 4336 1088 4383 Πᾶσα
1123 4335 1383 4405 πικρία,
1425 4338 1531 4386 καὶ
1574 4334 1793 4407 θυμός,

194 4424 301 4471 καὶ
340 4418 531 4490 ὀργὴ,
573 4423 682 4471 καὶ
714 4424 992 4493 κραυγὴ,
1036 4425 1145 4473 καὶ
1194 4419 1582 4494 βλασφημία
1611 4422 1797 4497 ἀρθή-

1917 1909 2148 1958 curam,
2179 1893 2447 1949 laborem
2480 1910 2549 1949 ac
2577 1893 2843 1949 studium
2890 1893 3193 1960 adhibeat,
3227 1899 3286 1950 ut
3316 1910 3386 1950 ea
3415 1903 3569 1951 recte

1917 1982 2033 2053 82
2051 1984 2370 2038 constituat
2396 1999 2409 2037 :
2433 1982 2637 2054 quoad
2664 1982 2822 2038 illius
2836 1983 3212 2055 propositum
3235 1999 3305 2040 ac
3319 1983 3569 2041 liberam

1916 2072 2308 2137 voluntatem,
2368 2071 2711 2127 conceditur
2781 2072 2859 2127 illi
2930 2072 3228 2127 interdum
3282 2073 3569 2145 precandi

1917 2160 2108 2229 gratia
2130 2175 2265 2214 cum
2286 2159 2671 2214 delectatione
2691 2176 2762 2215 ac
2780 2158 2983 2215 laetitia
3010 2159 3283 2231 Spiritus,
3308 2177 3379 2216 ex
3401 2166 3569 2231 parte

1918 2250 2303 2319 tamenjuxta
2325 2248 2673 2321 petitionem
2692 2249 2821 2319 ejus
2847 2262 2858 2300 :
2883 2248 3156 2304 moribus
3177 2254 3376 2305 tamen
3408 2249 3567 2306 idem

1916 2342 2024 2403 est,
2059 2337 2279 2411 quibus
2310 2342 2486 2393 antea
2514 2342 2659 2403 erat,
2713 2337 3031 2394 destitutus
3081 2337 3565 2403 mansuetudine,

1914 2443 1985 2483 eo
2015 2428 2179 2499 quod
2212 2442 2329 2481 non
2360 2426 2663 2493 laborarit,
2696 2442 2804 2481 nec
2838 2443 2900 2481 se
2943 2428 3313 2498 praepararit,
3344 2432 3404 2482 ut
3433 2426 3568 2482 talis

1914 2515 2194 2571 evaderet
2218 2538 2229 2570 :
2264 2514 2583 2570 destitutus
2611 2514 2965 2579 humilitate,
2998 2530 3069 2570 eo
3095 2514 3259 2584 quod
3289 2530 3410 2570 non
3438 2530 3570 2587 pos-

1913 2603 2129 2669 tularit,
2152 2619 2261 2660 nec
2276 2603 2551 2674 seipsum
2585 2602 2660 2658 ad
2681 2619 2815 2658 eam
2837 2602 3223 2674 compulerit:
3252 2602 3569 2659 destitutus

1911 2693 2223 2749 dilectione
2245 2707 2389 2763 erga
2414 2708 2645 2757 omnes,
2671 2709 2741 2747 eo
2759 2692 2921 2765 quod
2950 2692 3024 2747 de
3046 2708 3115 2748 ea
3142 2692 3289 2748 nihil
3320 2694 3568 2750 omnino

1912 2781 2198 2838 sollicitus
2224 2781 2397 2837 fuerit
2417 2782 2477 2836 in
2501 2782 2904 2853 postulatione
2926 2782 3215 2837 orationis
3239 2797 3363 2836 suae
3391 2799 3404 2838 :
3437 2783 3568 2838 etin

1909 2871 2039 2941 ipsa
2065 2871 2263 2942 operis
2295 2869 2813 2926 administratione
2854 2886 2975 2927 non
3020 2870 3201 2926 habet
3230 2870 3435 2937 ﬁdem,
3459 2887 3569 2927 nec

1909 2958 2189 3015 ﬁduciam
2223 2974 2365 3029 erga
2394 2959 2603 3024 Deum,
2647 2976 2717 3016 eo
2747 2960 2910 3031 quod
2959 2960 3016 3014 in
3072 2960 3414 3029 cognitione
3473 2961 3569 3016 sui

1909 3063 2109 3103 carere
2139 3064 2201 3103 se
2228 3064 2348 3103 non
2374 3052 2653 3119 expertus
2707 3053 2813 3113 est,
2873 3064 3067 3120 neque
3099 3049 3406 3104 contendit
3428 3065 3566 3104 cum

1837 3135 1877 3191 C
1907 3135 2225 3192 afﬂictione
2247 3136 2565 3192 Dominum
2583 3136 2909 3207 postulare,
2933 3142 2996 3193 ut
3026 3136 3293 3193 obtineat
3323 3137 3567 3194 ﬁrmam

1906 3225 1967 3281 in
1999 3225 2166 3281 illum
2190 3224 2377 3281 ﬁdem
2408 3241 2475 3282 ac
2501 3240 2707 3282 veram
2732 3225 3037 3281 ﬁduciam.

1976 3352 2043 3405 V.
2077 3352 2319 3424 Oportet
2373 3349 2532 3405 enim
2580 3364 3081 3423 unumquemque
3112 3350 3359 3423 perinde
3401 3354 3463 3407 ut
3488 3350 3568 3407 ad

1906 3456 2113 3513 preces
2146 3456 2207 3496 se
2259 3439 2617 3511 compellere
2673 3445 2857 3511 atque
2891 3440 3157 3509 adigere,
3189 3445 3567 3512 repugnante

1908 3530 2112 3585 animo
2138 3550 2150 3593 ;
2181 3529 2264 3585 sic
2285 3544 2529 3601 quoque
2549 3528 2625 3584 ad
2655 3528 2963 3594 ﬁduciam,
2991 3529 3073 3584 sic
3094 3544 3339 3601 quoque
3356 3529 3435 3585 ad
3458 3529 3568 3585 hu-

1908 3618 2237 3683 militatem,
2275 3620 2359 3673 sic
2388 3633 2632 3690 quoque
2663 3617 2740 3672 ad
2777 3617 3178 3683 dilectionem,
3215 3618 3299 3673 sic
3322 3633 3567 3691 quoque

1908 3708 1983 3764 ad
2008 3707 2557 3771 mansuetudinem,
2582 3706 2981 3762 sinceritatem
3006 3711 3059 3762 et
3082 3706 3523 3778 simplicitatem
3551 3724 3563 3762 :

1909 3801 1993 3851 sic
2006 3812 2245 3868 quoque
2262 3795 2338 3851 ad
2353 3811 2595 3851 omnem
2611 3796 2960 3866 patientiam
2977 3802 3028 3850 et
3044 3795 3565 3866 longanimitatem

1909 3902 2047 3941 cum
2079 3885 2303 3954 gaudio
2335 3900 2405 3939 ac
2427 3889 2702 3955 prompte
2742 3884 3078 3939 collimare:
3115 3885 3197 3939 sic
3227 3899 3471 3956 quoque
3504 3900 3566 3940 se

1906 3973 2265 4045 compellere
2296 3973 2371 4027 ad
2404 3973 2699 4043 suiipsius
2732 3972 3105 4043 despectum.
3139 3989 3209 4028 ac
3241 3989 3302 4028 se
3334 3989 3563 4044 paupe-

1906 4079 2033 4118 rem
2066 4062 2410 4134 inﬁmteque
2426 4062 3081 4117 sortishomuncionem
3099 4068 3378 4132 reputare
3406 4078 3418 4115 :
3453 4063 3557 4127 sic,

1905 4168 1980 4208 ne
2010 4152 2271 4207 intentus
2303 4152 2375 4206 sit
2402 4150 2581 4206 rebus
2642 4150 2841 4205 minus
2901 4150 3163 4216 utilibus,
3194 4151 3298 4206 sed
3324 4167 3564 4223 semper

1906 4257 2038 4313 quae
2072 4240 2171 4296 Dei
2207 4245 2348 4296 sunt
2379 4239 2715 4305 meditetur,
2750 4244 2807 4294 et
2827 4239 3089 4311 proferat
3135 4255 3236 4295 ore
3266 4247 3322 4295 et
3346 4240 3561 4296 corde:

1907 4330 1990 4386 sic
2016 4346 2089 4385 ne
2124 4331 2210 4385 ira
2232 4329 2633 4386 excandescat
2666 4333 2769 4384 aut
2812 4328 3090 4394 clamitet,
3126 4328 3302 4383 sicuti
3335 4328 3564 4386 dictum

1908 4426 2024 4477 est:
2064 4419 2264 4475 Omnis
2294 4419 2722 4482 amarulentia,
2755 4422 2809 4473 et
2851 4419 3097 4481 clamor,
3132 4422 3184 4473 et
3210 4418 3307 4473 ira
3336 4421 3389 4474 et
3416 4418 3566 4475 voci-

190 4525 269 4559 τω
306 4506 403 4579 ἀφ’
447 4508 621 4579 ὑμῶν
662 4511 773 4560 σὺν
814 4511 987 4582 πάσῃ
1028 4514 1244 4582 κακίᾳ.
1288 4511 1465 4573 Ούτως
1509 4511 1575 4573 εἰς
1597 4514 1799 4577 πάντας

1916 4511 2146 4576 f‘eratio,
2177 4515 2230 4565 et
2262 4507 2685 4564 maledicentia
2711 4508 2965 4564 tollatur
2986 4522 3022 4563 a
3048 4507 3211 4563 vobis
3243 4522 3375 4564 cum
3404 4508 3568 4564 omni

190 4601 306 4657 τούς
335 4604 430 4650 τοῦ
485 4601 684 4671 Κυρίου
711 4602 957 4673 τρόπους,
999 4599 1066 4660 εἰς
1113 4606 1286 4653 πᾶσαν
1334 4603 1564 4660 ἄσκησιν
1593 4601 1795 4675 ἀρετῆς,

193 4691 282 4737 καὶ
350 4685 615 4748 πολιτείας
654 4686 856 4758 ἀγαθῆς
909 4692 998 4740 καὶ
1070 4689 1233 4752 καλῆς
1261 4709 1275 4722 ’
1318 4689 1390 4752 εἰς
1448 4699 1620 4744 πᾶσαν
1672 4691 1799 4745 ἀνα-

197 4778 422 4847 στροφήν
502 4774 852 4847 ἀγαθότητος,
931 4776 1004 4839 εἰς
1080 4784 1255 4830 πᾶσαν
1323 4784 1795 4853 ταπεινοφροσύνην

192 4868 505 4933 πραότητος,
538 4864 689 4926 εἰςτό
749 4870 820 4939 μὴ
884 4866 1215 4943 ἕπαίρεσθαι,
1267 4872 1357 4921 xui
1402 4868 1793 4946 ὑψηλοφρονεῖν,

187 4955 278 5003 xui
306 4956 646 5025 φυσιοῦσθαι,
675 4960 767 5008 xui
798 4954 966 5009 λαλεῖν
986 4959 1119 5010 κατά
1144 4976 1302 5020 τινος.

270 5165 333 5230 ς’,
369 5168 452 5229 Εἰς
500 5175 669 5222 ταῦτα
716 5172 888 5223 πάντα
939 5170 1126 5244 ὀφείλει
1180 5168 1464 5245 βιάζεσθαι
1512 5173 1711 5239 ἑαυτόν,
1767 5176 1792 5226 ό

201 5253 346 5307 eam
412 5254 769 5331 εὐδοκιμῆσαι
839 5264 929 5313 xui
984 5260 1339 5334 εὐαρεστῆσαι
1413 5270 1651 5334 Χριστῷ,
1731 5263 1792 5313 ἶν’

200 5342 351 5404 οὕτως
404 5347 431 5397 ό
485 5348 675 5419 Κύριος
740 5343 865 5399 ἰδὼν
946 5348 1109 5401 αὐτοῦ
1160 5355 1252 5407 τὴν
1329 5352 1642 5425 προθυμίαν,
1706 5355 1794 5403 xui

201 5439 515 5506 προαίρεσιν,
581 5444 673 5489 τοῦ
740 5437 904 5500 οὕτως
982 5438 1054 5499 εἰς
1128 5445 1303 5492 πᾶσαν
1359 5442 1661 5512 ἀγαθότητα
1708 5444 1795 5492 xui

204 5517 481 5592 ἁπλότητα,
541 5530 632 5579 xui
695 5531 1067 5602 χρηστότητα,
1131 5532 1222 5582 xui
1299 5532 1793 5603 ταπεινοφροσύνην,

275 5702 296 5735 ¹
321 5702 485 5761 Rom.
512 5720 615 5771 xu,
649 5707 733 5762 t9.
810 5708 833 5742 ³
859 5706 1076 5780 Ephes.
1102 5723 1184 5775 ιν,
1206 5711 1293 5765 3t.

1907 4600 2143 4656 malitia
2171 4603 2212 4649 ³.
2242 4598 2335 4654 Sic
2365 4597 2444 4653 ad
2473 4613 2685 4653 omnes
2717 4612 2914 4652 mores
2937 4596 3169 4652 Domini
3202 4596 3563 4665 induendos,

1907 4689 1984 4747 ad
2011 4704 2254 4744 omnem
2275 4687 2530 4756 virtutis,
2562 4686 2733 4758 probi
2772 4686 3129 4757 honestique
3156 4685 3289 4740 vitae
3316 4684 3567 4741 instituti

1906 4778 2412 4842 exercitationem,
2439 4776 2515 4830 ad
2538 4790 2778 4831 omnem
2794 4776 3312 4830 conversationem
3337 4774 3567 4830 bonita-

1906 4868 2002 4931 tis,
2036 4866 2114 4923 ad
2145 4880 2389 4921 omnem
2449 4864 2845 4919 humilitatem
2898 4862 3378 4918 mansuetudinis
3408 4885 3418 4927 ;
3454 4878 3565 4919 nec

1905 4955 2241 5020 extollatur,
2300 4970 2409 5010 nec
2454 4953 2642 5009 altum
2675 4952 2889 5024 sapiat,
2919 4957 3022 5008 aut
3046 4950 3303 5017 inﬂetur,
3339 4951 3429 5006 vel
3463 4968 3566 5007 cu—

1902 5046 2146 5116 jusdam
2179 5043 2405 5101 famam
2428 5042 2729 5098 detrectet.

1978 5170 2067 5224 VI.
2099 5168 2181 5224 Ad
2211 5168 2338 5223 haec
2363 5168 2568 5223 omnia
2598 5183 2659 5222 se
2678 5164 3033 5237 compellere
3065 5164 3241 5220 debet
3270 5165 3370 5238 qui
3391 5165 3554 5237 cupit

1904 5257 2147 5331 probari
2178 5274 2248 5312 ac
2281 5256 2513 5329 placere
2545 5255 2801 5323 Christo,
2832 5255 2912 5309 ita
2962 5259 3022 5309 ut
3075 5254 3382 5320 Dominus,
3417 5270 3556 5309 con-

1904 5353 2106 5419 specta
2156 5346 2285 5416 ejus
2343 5343 2833 5416 promptitudine,
2893 5358 2963 5398 ac
3021 5342 3364 5407 intentione,
3400 5344 3551 5414 ejus,

1902 5437 2172 5509 inquam,
2188 5434 2289 5508 qui
2304 5434 2379 5490 ad
2396 5434 2776 5499 probitatem,
2792 5431 3255 5502 simplicitatem,
3274 5432 3553 5503 benigni-

1904 5534 2103 5597 tatem,
2157 5524 2573 5593 bumilitatem,
2631 5520 3025 5580 dilectionem
3067 5526 3122 5577 et
3153 5522 3566 5593 precationem
