4034 6202
614 262 725 319 647

1921 260 1977 313 s.
2017 247 2317 313 MACARII
2357 230 2667 306 ASGYPTII
3767 252 3836 309 iis

616 409 680 448 se
706 394 905 465 ipsum
922 389 1244 461 compellit,
1269 405 1337 445 ac
1367 388 1425 443 vi
1456 387 1724 460 quadam
1751 385 1953 457 adigit,
1989 400 2053 438 se
2073 387 2239 438 totuu

2327 405 2341 433 ι
2373 381 2462 428 καὶ
2537 376 2763 447 ἀγάπην,
2842 380 2929 427 καὶ
3006 375 3171 447 εὐχὴν
3244 376 3497 447 ἄγχοντος
3579 377 3733 445 ἑαυτὸν,
3784 386 3843 431 καὶ

611 481 691 537 illi
718 481 958 539 offerat:
995 482 1144 551 ipse,
1200 479 1468 549 inquam,
1530 476 1834 539 Dominus,
1886 472 2142 544 implens
2171 486 2264 524 re-

609 588 751 628 vera
778 571 905 627 haec
935 570 1141 626 omnia
1172 569 1233 623 in
1265 584 1335 623 eo
1366 581 1514 638 pure
1545 565 1777 636 absque
1808 562 1930 618 ullo
1972 562 2177 617 labore
2207 563 2263 614 et

608 660 686 725 vi,
720 676 855 731 quae
882 675 956 714 ne
1005 658 1062 712 vi
1092 657 1336 728 quidem
1374 654 1491 709 ulla
1544 658 1720 709 antea
1750 652 2071 707 observare
2101 652 2236 719 pote

607 755 718 815 rat,
753 755 997 821 propter
1026 746 1370 801 inhabitans
1395 744 1455 798 in
1499 758 1570 798 eo
1609 747 1938 813 peccatum.
1971 739 2261 807 Fiuntque

606 837 689 893 illi
720 839 846 893 haec
876 837 1081 892 omnia
1113 836 1394 890 virtutum
1427 832 1703 888 exercitia
1731 836 1788 886 et
1842 828 2062 892 studia,
2101 824 2263 881 velut

606 927 795 983 altera
823 933 1055 981 natura.
1090 923 1476 979 Postmodum
1536 921 1824 976 Dominus
1855 917 2181 974 adveniens
2208 919 2263 968 et

606 1020 877 1071 versatus
934 1031 1071 1069 cum
1140 1029 1231 1078 eo,
1298 1017 1353 1067 et
1422 1010 1518 1066 ille
1580 1026 1716 1065 cum
1795 1008 2065 1069 Domino,
2134 1004 2260 1074 ipse

605 1104 837 1175 perﬁcit
867 1103 925 1157 in
956 1118 1027 1157 eo
1058 1117 1169 1156 sua
1198 1101 1482 1156 mandata
1520 1098 1665 1154 citra
1695 1111 1938 1152 omnem
1966 1094 2256 1156 laborem,

604 1192 839 1263 replens
862 1208 999 1247 eum
1031 1190 1224 1245 fructu
1247 1190 1519 1260 Spiritus.
1547 1185 1717 1252 Quod
1734 1186 1783 1241 si
1807 1200 1946 1240 vero
1962 1182 2039 1238 ad
2065 1180 2254 1236 solam

605 1282 1008 1351 precationem
1068 1295 1131 1333 se
1175 1280 1309 1350 quis
1369 1278 1575 1345 adigit,
1632 1276 1823 1329 donec
1854 1274 2258 1342 consequatur

604 1370 857 1439 gratiam
912 1369 1069 1424 hanc
1100 1384 1136 1422 a
1183 1370 1337 1433 Deo;
1371 1366 1446 1421 ad
1506 1381 1575 1420 ea
1606 1380 1768 1428 vero,
1806 1379 1941 1433 quae
1974 1360 2257 1431 praadicta

605 1464 761 1521 sunt,
798 1474 859 1513 se
895 1474 1014 1513 non
1048 1456 1389 1528 compellat,
1446 1460 1621 1524 cogat
1663 1461 1720 1508 et
1750 1450 2124 1513 assuefaciat,
2161 1446 2254 1503 ille

600 1562 758 1612 vere,
792 1563 939 1619 pure
968 1562 1036 1602 ac
1078 1548 1203 1600 sine
1245 1545 1710 1616 reprehensione
1766 1540 1895 1596 haec
1926 1538 2252 1609 adimplere

600 1636 823 1707 nequit.
860 1638 1072 1691 Verum
1104 1635 1186 1689 ita
1216 1635 1492 1689 convenit
1522 1650 1583 1688 se
1617 1644 1952 1703 praeparare
1979 1643 2087 1701 pro
2116 1627 2253 1680 viri-

593 1724 713 1779 bus
729 1726 804 1779 ad
822 1725 878 1779 id
894 1725 1056 1796 quod
1073 1725 1301 1780 bonum
1324 1728 1429 1778 est.
1461 1721 1767 1776 Interdum
1799 1720 1959 1775 enim
1984 1715 2239 1788 pervenit

2361 1717 2481 1767 ὅσον
2512 1712 2733 1768 δυνατὸν
2764 1718 2831 1777 εἰς
2874 1723 2931 1769 τό
2972 1717 3165 1790 ἀγαθόν
3199 1740 3211 1751 ·

598 1814 673 1869 ad
692 1830 828 1868 eum
848 1820 1146 1885 petentem
1163 1829 1232 1869 ac
1247 1816 1591 1884 precantem
1606 1811 1798 1880 gratia
1811 1808 2034 1863 divina.
2055 1807 2249 1860 Bonus

596 1904 753 1957 enim
774 1910 829 1957 et
850 1903 1147 1972 benignus
1171 1910 1255 1957 est
1277 1905 1451 1965 Deus,
1472 1917 1541 1955 ac
1563 1898 1905 1971 petentibus
1934 1913 1969 1951 a
1989 1912 2052 1950 se
2074 1894 2245 1963 largi-

594 1997 690 2047 tur
719 2009 854 2063 quae
890 1991 1202 2063 petierant.
1237 1994 1449 2046 Verum
1481 1989 1585 2062 qui
1618 1994 1777 2045 caret
1803 1987 1893 2055 iis,
1928 1986 2001 2040 de
2026 1984 2247 2056 quibus

592 2080 774 2136 locuti
804 2098 1013 2135 sumus
1050 2087 1244 2146 antea,
1280 2096 1387 2135 nec
1441 2095 1501 2133 se
1560 2078 1636 2133 ad
1679 2094 1750 2132 ea
1780 2074 2099 2132 assuefacit
2146 2080 2248 2128 aut

595 2176 913 2241 praeparat,
935 2172 1187 2240 gratiam
1209 2186 1394 2241 quam
1424 2167 1921 2236 consecutusjam
1953 2167 2098 2229 erat,
2118 2178 2246 2234 per-

594 2259 699 2322 dit,
726 2276 797 2314 ac
815 2260 973 2314 cadit
1000 2275 1119 2330 prae
1138 2260 1323 2313 nimia
1349 2256 1691 2326 arrogantia
1723 2272 1735 2320 ;
1765 2260 1867 2311 aut
1896 2252 2037 2309 nihil
2064 2251 2247 2324 proﬁ-

594 2348 691 2412 cit,
725 2363 833 2401 nec
864 2354 1115 2416 augetur
1147 2348 1203 2400 in
1237 2347 1429 2416 gratia
1472 2346 1583 2399 sibi
1612 2360 1922 2411 concessa,
1955 2342 2243 2414 quoniam

596 2436 905 2491 mandatis
940 2437 1171 2490 Domini
1203 2435 1534 2491 deliberato
1562 2434 1764 2489 animo
1798 2450 1861 2487 se
1894 2448 2013 2487 non
2046 2431 2240 2485 dedit:

592 2524 813 2579 domus
872 2525 1029 2580 enim
1090 2532 1144 2580 et.
1196 2526 1429 2597 requies
1484 2523 1732 2595 Spiritus
1785 2528 1871 2577 est
1914 2520 2239 2582 humilitas,

592 2612 824 2669 dilectio
854 2619 909 2669 et
936 2614 1357 2678 mansuetudo,
1403 2618 1459 2668 et
1506 2612 1734 2684 reliqua
1792 2610 2022 2666 Domini
2074 2623 2242 2664 man-

590 2702 752 2758 data.

661 2918 776 2989 83
801 2918 908 2973 VII.
939 2918 1122 2974 Debet
1141 2932 1303 2988 ergo,
1324 2918 1667 2991 quicunque
1696 2918 1815 2973 Deo
1843 2931 1977 2973 vere
2008 2915 2243 2988 placere

587 3009 768 3079 cupit,
793 3007 871 3063 ab
892 3023 1083 3080 eoque
1106 3007 1363 3079 recipere
1388 3007 1684 3062 caelestem
1711 3007 1961 3077 Spiritus
1989 3006 2242 3075 gratiam

587 3104 643 3152 et
673 3098 732 3151 in
764 3098 979 3169 Spiritu
1011 3101 1216 3153 sancto
1271 3113 1532 3153 crescere
1564 3114 1633 3151 ac
1664 3096 1887 3168 perlici,
1924 3096 2001 3151 ad
2036 3096 2242 3150 omnia
2271 3073 2313 3129 ο

582 3193 885 3258 praecepta
919 3189 1013 3241 Dei
1049 3202 1112 3241 se
1140 3188 1337 3258 ipsum
1362 3186 1737 3258 compellere,
1770 3192 1823 3240 et
1876 3186 1963 3239 vel
1990 3185 2239 3239 invitum

584 3277 857 3331 animum
882 3276 1230 3345 subjugare,
1255 3276 1582 3330 secundum
1616 3275 1777 3346 quod
1811 3273 2055 3328 dicitur:
2090 3276 2240 3326 Pro-

580 3372 785 3433 pterea
801 3366 880 3419 ad
895 3367 1089 3420 omnia
1104 3365 1382 3419 mandata
1397 3370 1496 3419 tua
1510 3364 1843 3434 dirigebar:
1862 3378 2073 3418 omnem
2090 3363 2239 3418 viam

580 3453 852 3523 iniquam
875 3454 1008 3507 odio
1023 3453 1206 3508 habui
1223 3455 1262 3507 δ.
1279 3452 1806 3517 Quemadmodum
1840 3453 1999 3507 enim
2022 3451 2238 3523 aliquis

582 3542 659 3596 ad
680 3542 1189 3611 perseverandum
1221 3542 1279 3596 in
1304 3542 1645 3612 precatione
1664 3559 1723 3596 se
1750 3543 1949 3612 ipsum
1974 3540 2239 3611 compel-

580 3630 645 3684 lit
666 3637 847 3701 atque
870 3630 1075 3699 adigit,
1105 3630 1297 3685 donec
1331 3630 1391 3685 id
1418 3637 1572 3686 recte
1594 3630 1961 3686 constituerit
1986 3644 1998 3682 :
2024 3630 2237 3685 eodem

582 3718 788 3783 modo,
814 3719 1136 3788 silibuerit,
1162 3720 1239 3776 ad
1269 3721 1475 3775 omnia
1496 3736 1736 3793 quoque
1767 3721 2050 3776 virtutum
2076 3735 2237 3775 exer-

581 3808 720 3863 citia
742 3824 803 3862 se
826 3808 1534 3881 ipsumcompellitatque
1557 3808 1761 3879 adigit,
1789 3808 1961 3863 bona:
1985 3824 2233 3863 consue-

580 3896 766 3951 tudini
793 3905 1269 3965 assuescens;et
1326 3900 1423 3961 sic,
1462 3899 1564 3953 ubi
1626 3897 1868 3954 assidue
1916 3898 2233 3953 Dominum

576 3987 909 4042 obtestatus
937 4004 1006 4043 ac
1036 3988 1411 4059 deprecatus,
1444 3996 1649 4059 etquae
1674 3988 1921 4059 petierit,
1979 3988 2233 4058 adeptus

583 4074 777 4139 fuerit,
808 4079 993 4131 Deum
1026 4083 1267 4146 gustare
1296 4078 1495 4149 coepit,
1522 4094 1591 4132 ac
1620 4078 1869 4148 Spiritus
1892 4079 2077 4132 sancti
2101 4093 2230 4147 par-

581 4164 771 4233 ticeps
800 4163 988 4219 factus
1019 4165 1211 4230 fuerit,
1264 4166 1377 4221 hoc
1408 4168 1548 4235 agit,
1580 4173 1641 4221 ut
1670 4172 1894 4221 crescat
1950 4173 2007 4221 et
2036 4166 2232 4221 foveat

575 4251 830 4318 gratiam
864 4253 974 4307 sibi
997 4270 1375 4319 concessam,
1404 4255 1876 4325 requiescentem
1909 4256 1967 4309 in
2000 4255 2229 4309 humili-

574 4344 713 4406 tate,
751 4340 810 4393 in
838 4341 1149 4397 dilectione
1182 4348 1238 4397 et
1267 4345 1729 4399 mansuetudine
1751 4346 1904 4414 ejus.

650 4549 783 4605 VIII.
814 4551 944 4621 Ipse
978 4553 1225 4625 Spiritus
1252 4554 1497 4626 largitur
1526 4554 1653 4610 haec
1685 4554 1757 4620 ei,
1787 4561 1962 4628 atque
1988 4556 2224 4616 instruit

570 4656 708 4695 cum
745 4657 881 4697 vera
909 4644 1191 4713 precandi
1246 4647 1493 4711 ratione,
1528 4661 1663 4700 vera
1694 4644 2030 4713 dilectione,
2088 4664 2222 4705 vera

570 4732 1051 4797 mansuetudine,
1085 4732 1161 4787 ad
1210 4750 1345 4803 quae
1404 4742 1580 4789 antea
1614 4736 1665 4789 vi
1708 4752 1771 4789 se
1802 4736 2218 4807 compellebat,

566 4835 699 4890 quae
724 4822 1084 4892 inquirebat,
1114 4823 1188 4877 de
1220 4825 1442 4895 quibus
1499 4824 1784 4879 sollicitus
1815 4831 1957 4892 erat,
1995 4843 2064 4882 ac
2085 4844 2219 4900 qum

564 4909 982 4977 meditabatur,
1018 4928 1271 4984 quaeque
1332 4914 1555 4969 donata
1601 4914 1845 4969 tandem
1874 4916 1923 4970 ei
1957 4923 2125 4972 sunt:
2163 4923 2219 4973 et

570 4997 650 5053 ita
671 5007 882 5053 auctus
899 5006 953 5055 et
975 5009 1428 5058 consummatus
1461 5004 1518 5057 in
1542 5006 1677 5067 Deo,
1706 5004 1809 5075 qui
1838 5004 2026 5061 haeres
2050 5008 2217 5077 regni

560 5088 793 5157 evadat,
828 5089 1046 5158 dignus
1087 5090 1359 5146 habetur.
1418 5093 1663 5147 Humilis
1690 5094 1846 5148 enim
1899 5110 2216 5166 nunquam

557 5175 797 5231 labitur.
819 5179 981 5232 Unde
1003 5178 1164 5233 enim
1196 5179 1313 5234 labi
1336 5180 1534 5236 liceret
1560 5182 1633 5245 ei,
1658 5182 1758 5253 qui
1794 5184 1904 5238 sub
1929 5185 2213 5240 omnibus

556 5267 690 5319 est?
720 5268 910 5321 Nimia
943 5268 1143 5339 itaque
1162 5270 1344 5324 animi
1389 5269 1564 5325 elatio
1597 5287 1837 5327 summa
1866 5280 1952 5328 est
1979 5275 2213 5329 humili-

558 5359 675 5409 tas:
712 5355 1020 5411 humilitas
1049 5372 1188 5411 vero
1219 5374 1441 5427 magna
1476 5366 1562 5414 est
1583 5360 1877 5432 exultatio,
1913 5364 2213 5419 existima-

557 5442 636 5497 tio
668 5450 846 5515 atque
872 5445 1157 5515 dignitas.
1178 5450 1293 5503 Nos
1317 5463 1457 5519 ergo
1483 5464 1725 5522 quoque
1757 5467 1867 5508 nos
1894 5454 2210 5525 compella-

626 5628 647 5664 ⁴
679 5628 893 5687 Psalm.
950 5647 1119 5701 cxvu,
1160 5636 1281 5692 104.

2372 468 2588 537 ἄγοντος
2616 468 2746 537 μετά
2785 463 2926 537 βίας,
2977 462 3125 539 δώτῃ
3182 466 3359 518 ἑαυτὸν
3406 466 3510 518 ὅλον
3551 467 3681 538 αύτῷ,
3706 468 3844 530 circa

2373 556 2566 628 Κύριος
2618 564 2773 607 ποιῶν
2819 554 2871 617 ἐξ
2910 554 3151 617 ἀληθείας
3194 563 3358 607 ταῦτα
3409 558 3563 608 πάντα
3605 560 3785 629 καθαρῶς
3817 562 3848 609 ἐν

2372 644 2512 715 αὐτῷ
2572 642 2773 705 ἀκόπως
2824 650 2913 697 καὶ
2962 644 3242 711 ἀϐιάστως,
3284 646 3318 696 ἃ
3346 650 3460 720 πρὶν
3505 642 3613 698 οὐδὲ
3649 650 3746 719 μετὰ
3772 645 3847 719 βίας

2373 734 2594 807 φυλάξαι
2624 731 2873 802 ἠδύνατο,
2929 731 3021 787 διὰ
3073 740 3164 794 τὴν
3209 734 3258 787 ἐν
3314 736 3449 806 αύτῷ
3494 736 3703 788 οἰκούσαν
3740 736 3850 807 αμαρ-

2370 828 2481 875 τίαν
2538 843 2551 855 ·
2607 829 2694 876 καὶ
2740 828 2937 895 γίνεται
2977 824 3117 895 αύτῷ
3146 827 3211 877 τὰ
3262 833 3353 887 τῆς
3406 823 3576 898 ἀρετῆς
3613 826 3745 876 πάντα
3774 829 3848 875 ἑπι-

2368 909 2673 983 τηδεύματα
2726 915 2793 973 ὡς
2838 916 3012 985 φύσις.
3067 916 3135 969 Τὸ
3201 912 3377 966 λοιπὸν
3443 912 3585 965 ἐλθὼν
3641 915 3662 964 ὁ
3710 918 3849 986 Κύριος,

2371 1006 2455 1053 καὶ
2511 1007 2769 1074 γενόμενος
2834 1004 2882 1055 ἓν
2934 1002 3093 1073 αύτῷ,
3160 1008 3250 1055 καὶ
3318 1002 3472 1065 αὐτὸς
3521 1002 3563 1054 ἐν
3618 1012 3677 1073 τῷ
3720 1009 3848 1073 Κυρίῳ,

2371 1090 2524 1152 αύτός
2572 1098 2710 1143 ποιεῖ
2759 1090 2806 1142 ἐν
2848 1091 3005 1162 αὐτῷ,
3053 1094 3146 1153 τάς
3206 1087 3343 1153 ἰδίας
3373 1091 3562 1153 ἐντολὰς
3607 1093 3704 1143 ἄνευ
3745 1094 3851 1162 κεμάς

2368 1198 2481 1245 του,
2541 1180 2749 1253 πληρῶν
2806 1180 2961 1232 αὐτόν
3017 1184 3102 1232 τὸν
3152 1185 3349 1247 καρπὸν
3407 1189 3494 1234 τοῦ
3532 1184 3784 1251 Πνεύματος.
3816 1180 3850 1231 Εἰ

2370 1263 2428 1319 δὲ
2455 1268 2521 1328 εἰς
2560 1268 2723 1341 εύχὴν
2762 1275 2913 1341 μόνον
2964 1268 3209 1342 βιάζεταί
3255 1291 3334 1332 τις
3364 1271 3555 1335 ἑαυτὸν,
3586 1272 3665 1331 ἕως
3703 1270 3747 1321 οὗ
3767 1267 3847 1337 λιες

2366 1359 2617 1430 χάρισμα
2665 1362 2808 1433 παρὰ
2864 1365 3011 1425 Θεοῦ,
3066 1362 3133 1421 εἰς
3184 1369 3351 1412 ταῦτα
3398 1358 3456 1413 δι
3509 1364 3570 1413 τὰ
3602 1364 3847 1432 προειρημέτε

2366 1448 2557 1519 ὁμοίως
2609 1448 2788 1501 ἑαυτὸν
2843 1450 2901 1502 ού
2947 1448 3212 1520 βιάζεται,
3242 1456 3330 1503 καὶ
3362 1452 3517 1522 ἄγχει
3560 1454 3639 1501 καὶ
3666 1448 3796 1511 ἐθίζει,
3817 1447 3845 1497 r3

2366 1533 2584 1589 δύναται
2639 1538 2692 1601 ἐξ
2766 1540 3025 1603 ἀληθείας,
3097 1542 3341 1603 καθαρῶς
3404 1546 3491 1592 καὶ
3545 1538 3735 1611 ἀμώμως
3772 1538 3844 1587 αὐτὰ

2362 1634 2610 1685 ποιῆσαι.
2668 1628 2803 1681 Ἀλλ’
2872 1628 3004 1680 οὕτω
3063 1634 3173 1702 χρὴ
3254 1633 3654 1705 προευτρεπίςειν
3719 1626 3840 1685 ἑαυτὸν,

3264 1722 3422 1771 ἐνίοτε
3458 1724 3551 1793 γὰρ
3596 1722 3755 1788 γίνεται
3772 1720 3838 1783 πρὶς

2360 1804 2514 1857 αὐτὸν
2544 1808 2571 1864 ἦ
2630 1808 2741 1859 θεία
2791 1810 2949 1881 χάρις
3006 1808 3249 1861 αἰτοῦντα
3286 1814 3378 1860 κᾶὶ
3431 1805 3664 1881 δεόμενον.
3706 1806 3840 1874 ’Δγαΰές

2357 1898 2457 1967 γὰρ
2502 1902 2590 1947 καὶ
2647 1902 2888 1971 χρηστός
2946 1897 3085 1950 ἔστιν
3125 1900 3149 1948 ὀ
3200 1902 3352 1965 Θεὸς,
3416 1904 3501 1950 καὶ
3558 1905 3649 1957 τοῖς
3692 1896 3843 1947 αἱτοῦσο

2358 1985 2509 2036 αύτόν
2539 1988 2568 2043 ἡ
2614 1988 2725 2037 θεία
2771 1988 2932 2061 χάρις
2986 1988 3231 2039 αἰτοῦντα
3284 1994 3377 2040 καὶ
3422 1984 3660 2059 δεόμενον.
3700 1984 3844 2055 Ἀγαθός

2355 2079 2486 2146 μήτε
2562 2078 2761 2141 ἐθίσας,
2826 2082 2957 2149 μήτε
3030 2083 3445 2150 προευτρεπίσας
3514 2078 3670 2130 ἑαυτὸν
3711 2075 3840 2134 εἰςτὰς

2355 2168 2743 2239 προειρημένας,
2817 2170 2920 2237 εἶγε
3001 2165 3170 2235 λάϐοι,
3228 2166 3413 2219 ἀπολεῖ
3490 2172 3577 2224 τὴν
3655 2166 3768 2236 χάριν
3803 2161 3838 2214 ἓν

2355 2252 2517 2317 ἔλαϐε,
2569 2259 2658 2306 καὶ
2713 2260 2888 2307 πίπτει
2945 2256 3407 2331 ὑψηλοφρονήσας,
3467 2250 3495 2316 ᾖ
3550 2256 3604 2307 ού
3654 2256 3831 2325 προκόπτει

2354 2347 2443 2394 καὶ
2494 2344 2643 2403 αὔξει
2702 2343 2748 2395 ἐν
2806 2352 2866 2417 τῇ
2917 2347 3105 2418 χάριτι
3153 2354 3214 2417 τῇ
3271 2351 3401 2417 πρὸς
3474 2349 3619 2398 αὐτὸν
3668 2344 3823 2414 γοοξιένῌ,

2354 2430 2533 2489 ἐπειδὴ
2588 2440 2697 2493 ταῖς
2776 2436 3003 2496 ἐντολαῖς
3080 2442 3171 2487 τοῦ
3246 2441 3446 2509 Κυρίου
3498 2435 3549 2486 ἐκ
3599 2436 3823 2506 προαιρέσεως

2708 2520 2904 2575 δίδωσι
2962 2540 2973 2550 ·

2354 2608 2648 2673 ἀνάπαυσις
2708 2620 2799 2664 τοῦ
2860 2616 3174 2685 Πνεύματος,
3230 2616 3259 2672 ἡ
3297 2616 3701 2688 ταπεινοφροσύνη
3742 2607 3840 2667 ἐστὶν»

2353 2700 2382 2756 ἡ
2428 2698 2605 2769 ἀγάπη
2638 2720 2691 2753 τε
2746 2707 2835 2755 καὶ
2880 2704 3132 2778 πραότης,
3165 2709 3255 2757 καὶ
3291 2708 3353 2757 αἱ
3408 2705 3574 2758 λοιπαὶ
3618 2708 3692 2753 τοῦ
3714 2698 3845 2766 Κυρίου

2353 2788 2573 2844 ἕντολαί.

2353 2518 2533 2572 ἑαυτὸν
2591 2522 2648 2573 ού
2708 2520 2904 2575 δίδωσι
2962 2540 2973 2550 ·
3049 2527 3106 2576 τὸ
3158 2528 3255 2598 γὰρ
3326 2529 3695 2595 κατοικητήριον
3733 2516 3827 2569 uti

2423 2914 2498 2967 Z'.
2534 2916 2753 2989 Ὀφεῦιει
2807 2913 2893 2969 οὖν
2943 2919 2969 2969 ό
3020 2916 3336 2992 βουλόμενος
3366 2921 3421 2984 ἐξ
3479 2921 3680 2978 ἀληθείας
3720 2909 3853 2979 dati“

2355 3014 2551 3064 στῆσαι
2582 3008 2652 3077 τῷ
2701 3015 2835 3078 Θεῷ,
2876 3013 2967 3059 καὶ
3021 3004 3277 3071 δέξασθαι
3322 3011 3443 3084 παρ’
3474 3016 3613 3063 αὐτου
3636 3010 3707 3063 τήν
3741 2999 3853 3052 ἕποιθ’

2349 3096 2524 3166 ράνιον
2607 3105 2698 3148 τοῦ
2784 3099 3082 3169 Πνεύματος
3146 3100 3335 3173 χάριν,
3413 3106 3499 3153 καὶ
3566 3096 3749 3158 αὐξῆσαι
3790 3092 3849 3137 καὶ

2349 3184 2678 3243 τελειωθῆναι
2730 3185 2778 3237 ἄν
2840 3194 2912 3257 τῷ
2960 3187 3092 3257 ἁγίῳ
3156 3192 3441 3262 Πνεύματι,
3489 3189 3555 3251 εἰς
3611 3187 3748 3241 πάσας
3789 3177 3850 3234 τὰς

2349 3274 2553 3336 ἐντολὰς
2579 3282 2669 3326 τοῦ
2700 3283 2832 3329 Θεοῦ
2867 3274 3149 3349 βιάζεσθαι
3190 3276 3398 3345 ἑαυτὸν,
3453 3284 3536 3331 καὶ
3583 3281 3642 3349 μὴ
3673 3271 3849 3325 θελουσαν

2348 3366 2441 3419 τὴν
2497 3360 2722 3437 καρδίαν
2771 3366 3088 3416 ύποτάσσειν
3162 3370 3301 3419 κατὰ
3347 3372 3405 3420 τὸ
3457 3368 3725 3440 εἰρημένον·
3776 3362 3850 3406 Δία

2347 3459 2536 3503 τοῦτο
2601 3458 2754 3524 πρὸς
2806 3458 3015 3515 πάσας
3061 3458 3169 3516 τάς
3230 3456 3485 3517 ἐντολάς
3540 3474 3639 3508 σου
3686 3460 3850 3512 tam!"

2349 3540 2610 3611 θούμην,
2674 3548 2882 3594 πᾶσαν
2931 3540 3081 3596 ὁδόν
3120 3542 3358 3599 ἄδικον
3398 3550 3680 3619 ἐμίσησα.
3710 3544 3847 3601 Ὥσπερ

2344 3630 2445 3703 γάρ
2472 3650 2547 3690 τις
2600 3631 2666 3691 εἰς
2710 3637 2802 3690 τὴν
2833 3638 3293 3708 προσκαρτέρησιν
3346 3646 3438 3697 τῆς
3489 3636 3641 3706 εὐχῆς
3678 3627 3848 3701 βιάζεταί

2346 3716 2524 3770 ἑαυτὸν
2549 3726 2638 3773 καὶ
2666 3724 2835 3793 ἔγχει,
2860 3725 2955 3784 ἕως
2976 3724 3035 3775 οὗ
3066 3733 3217 3793 τοῦτο
3250 3728 3550 3798 κατορθώσῃ
3586 3741 3597 3752 ·
3628 3724 3777 3792 ὁμοίως
3797 3713 3844 3761 ἐάν

2345 3807 2461 3880 θέλῃ
2494 3814 2581 3861 καὶ
2624 3810 2693 3871 εἰς
2726 3814 2893 3864 πάντα
2938 3816 3004 3864 τά
3033 3822 3128 3875 τῆς
3168 3814 3358 3889 ἀρετῆς
3406 3810 3756 3883 ἐπιτηδεύματα
3779 3801 3843 3875 βω

2344 3897 2488 3957 ζεται
2541 3899 2722 3951 ἑαυτὸν
2766 3908 2855 3954 καὶ
2893 3904 3075 3974 ἄγχει,
3108 3908 3191 3954 καὶ
3242 3903 3401 3965 ἐθίζει
3443 3906 3550 3963 ἔθος
3594 3900 3773 3970 ἀγαθὸν,
3794 3908 3841 3940 111

2341 3988 2497 4048 οὕτως
2535 3990 2839 4061 αἰτούμενος
2867 3997 2956 4043 καὶ
2984 3988 3223 4064 δεόμενος
3255 4002 3345 4046 τοῦ
3380 3996 3564 4067 Κύριον
3594 3986 3677 4042 διὰ
3705 3984 3843 4038 nautis,

2339 4082 2427 4129 καὶ
2455 4078 2632 4149 τυχὼν
2660 4088 2753 4140 τῆς
2776 4080 3051 4145 αἰτήσεως,
3084 4087 3171 4134 καὶ
3198 4081 3495 4153 μεταλαϐὠν
3523 4082 3724 4152 γεύσεως
3745 4076 3845 4125 Θιωι

2338 4173 2427 4219 καὶ
2485 4171 2777 4240 Πνεύματος
2852 4169 3003 4241 ἀγίου
3086 4176 3316 4243 μέτοχος
3388 4177 3658 4243 γενόμενος,
3732 4159 3847 4220 αὔξειν

2337 4264 2475 4308 ποιεῖ
2529 4262 2618 4309 καὶ
2680 4258 2875 4311 θάλλειν
2918 4264 2977 4311 τὸ
3022 4262 3273 4335 χάρισμα
3316 4266 3374 4314 τό
3407 4258 3550 4313 δοθεν
3600 4257 3736 4325 αύτῷ.
3771 4248 3849 4299 ἀπ’

2336 4352 2623 4418 παυόμενον
2711 4348 2760 4399 ἄν
2834 4357 2895 4421 τῇ
2973 4354 3414 4425 ταπεινοφροσύνῃ
3497 4349 3663 4413 αὐτοῦ,
3727 4341 3765 4394 έν

2259 4430 2303 4484 D
2337 4436 2536 4509 ἀγάπη,
2580 4440 2628 4490 ἓν
2654 4445 2715 4511 τῇ
2761 4444 3040 4514 πραότητι.

2407 4561 2486 4617 Η’.
2546 4563 2687 4617 Αὐτὸ
2738 4568 2793 4616 τὸ
2836 4572 3043 4638 Πνεῦμα
3092 4566 3380 4641 χαρίζεται
3409 4565 3544 4635 αύτῷ
3594 4567 3752 4619 ταῦτα,
3789 4556 3850 4602 καί

2334 4648 2583 4705 διδάσκει
2634 4654 2790 4706 αὐτὸν
2850 4654 3097 4714 ἀληθινὴν
3164 4656 3348 4727 εὐχὴν,
3404 4654 3637 4711 ἀληθινὴν
3679 4646 3849 4717 ἀγάπην,

2332 4740 2579 4801 ἀληθινὴν
2627 4748 2920 4818 πραότητα,
2951 4745 2985 4796 ά
3030 4744 3379 4817 προεϐιάσατο
3430 4748 3516 4795 καὶ
3544 4741 3753 4801 ἐζήτησε,
3790 4732 3851 4780 καί

2330 4834 2661 4905 ἑμερίμνησε,
2716 4838 2805 4885 καὶ
2865 4833 3159 4905 ἐμελέτησε,
3235 4840 3326 4887 καὶ
3375 4830 3529 4890 ἐδόθη
3583 4828 3742 4896 αὐτῷ’
3789 4819 3850 4867 καὶ

2329 4922 2492 4981 οὕτως
2544 4922 2780 4985 αὐξήσας
2834 4928 2923 4975 καὶ
2976 4922 3253 4984 τελειωθεὶς
3306 4922 3355 4975 ἐν
3413 4930 3540 4992 Θεῷ,
3602 4912 3849 4988 κληρονόμσί

2328 5018 2417 5070 τῆς
2446 5009 2716 5081 βασιλιίας
2747 5015 2984 5083 γενέσθαι
3038 5013 3396 5075 καταξιοῦται.
3452 5011 3507 5063 Ὀ
3534 5011 3626 5080 γὰρ
3669 4998 3847 5057 ταπεινός

2326 5096 2574 5152 οὐδέποτε
2626 5106 2805 5153 πίπτει
2848 5119 2859 5131 ’
2921 5104 3073 5153 πόθεν
3133 5106 3229 5175 γὰρ
3281 5108 3453 5155 πεσεῖν
3507 5102 3612 5170 ἔχει
3659 5088 3847 5144 ὑποκάτω

2324 5192 2526 5240 πάντων
2580 5194 2696 5257 ὤν;
2751 5190 2947 5262 μεγάλη
2998 5198 3329 5256 ταπείνωσις,
3382 5194 3411 5249 ἡ
3462 5182 3843 5259 ὑψηλοφροσύνυ“

2322 5282 2411 5330 καὶ
2468 5280 2664 5351 μεγάλη
2716 5278 2943 5350 ύψωσις,
2997 5286 3086 5332 καὶ
3147 5287 3404 5353 τιμιότης,
3461 5281 3544 5329 καὶ
3596 5272 3840 5353 ἀξίωμανῖ

2322 5372 2789 5443 ταπεινοφροσύνη.
2853 5374 2951 5422 Καὶ
3023 5372 3168 5442 ἡμεῖς
3204 5352 3391 5421 τοίνυν
3443 5362 3721 5441 βιασώμιθα
3779 5352 3841 5443 κέλ

2329 5441 2578 5532 άγχωμεν
2619 5458 2833 5522 ἑαυτούς
2884 5460 2957 5521 εἰς
3012 5441 3106 5518 τὴν
3154 5458 3628 5531 ταπεινοφροσύνην,
3677 5448 3749 5499 καλ
3786 5441 3836 5512 μὴ
