4034 6202
174 324 286 378 649

1465 317 1784 376 ΗΟΜΙΙΛιΕ
1821 348 1888 358 -
1931 317 2108 376 HOM.
2144 323 2256 378 XX.

3417 319 3521 376 650

169 447 435 508 θελούσης
454 454 550 507 τῆς
586 442 822 520 καρδίας,
870 465 959 500 και
998 445 1064 508 εἰς
1111 449 1204 505 τὴν
1234 449 1526 521 πραότητα,
1575 449 1664 496 καὶ
1703 443 1770 504 εἰς

1889 460 2024 500 mus
2054 451 2234 519 atque
2264 461 2678 518 cogamusnos
2708 448 2874 520 ipsos
2905 447 2980 504 ad
3010 444 3540 508 humilitatem,vel

165 543 265 596 τὴν
297 535 514 608 ἀγάπην
553 532 784 608 δεόμενοι
835 541 921 587 καὶ
973 536 1394 612 παρακαλοῦντες
1443 537 1529 587 τόν
1556 539 1684 588 Θεόν
1725 533 1772 585 ἐν

167 633 377 690 πίστει,
405 631 494 679 καὶ
533 622 729 695 ἐλπίδι,
761 631 850 679 καὶ
881 625 1082 699 ἀγάπη,
1139 623 1484 687 ἀδιαλείπτως
1532 623 1580 676 ἓν
1605 643 1772 695 προσ-

173 714 341 788 δοκίᾳ
371 717 587 787 τοιαύτη
638 720 728 767 καὶ
771 722 972 786 σκοπῷ,
1035 717 1118 767 ῖνα
1146 715 1426 787 ἀποστείλῃ
1478 717 1536 766 τό
1571 721 1777 785 Πνεῦμα

173 807 340 858 αὐτοῦ
369 805 441 866 εἰς
469 807 562 866 τάς
599 801 822 878 καρδίας
876 806 1040 875 ἡμῶν,
1077 806 1158 857 ἵνα
1190 805 1452 876 εύξωμεθα
1481 808 1568 856 καὶ
1613 822 1776 876 προσ-

179 900 486 966 κυνήσωμεν
517 902 590 964 τῷ
622 901 736 964 Θεῷ
765 893 813 945 ἂν
847 895 1106 965 Πνεύματι
1135 899 1224 946 καὶ
1247 892 1480 967 ἀληθείᾳ.

257 1073 338 1128 ϐ’.
373 1077 474 1127 Καὶ
513 1073 641 1126 αύτό
679 1075 735 1124 τό
767 1079 978 1144 Πνεῦμα
1017 1068 1226 1136 διδάξει
1273 1074 1412 1145 ἡμᾶς
1443 1071 1607 1143 εὐχὴν
1647 1070 1778 1130 ἀλη-

189 1167 351 1229 θινὴν,
402 1165 463 1222 ἦν
511 1171 599 1214 νῦν
648 1169 738 1216 καὶ
796 1165 928 1234 μετά
978 1161 1093 1236 βίας
1140 1163 1198 1215 ού
1254 1159 1524 1234 δυνάμεθα
1567 1170 1729 1215 ποιεῖν
1760 1179 1773 1193 °

183 1254 475 1324 σπλάγχνα
537 1253 838 1327 οἰκτιρμῶν,
892 1257 1262 1326 χρηστότητα,
1303 1257 1393 1304 καὶ
1449 1254 1624 1312 πάσας
1688 1253 1777 1313 τάς

175 1343 385 1403 ἐντολὰς
419 1350 512 1394 τοῦ
572 1347 788 1414 Κυρίου,
843 1338 1054 1405 διδάξει
1112 1344 1250 1409 ἡμᾶς
1295 1349 1517 1400 ποιῆσαι
1565 1341 1621 1403 ἐξ
1651 1339 1780 1398 ἀλη-

175 1435 323 1494 θείας
357 1431 565 1493 ἀλύπως
593 1436 684 1483 καὶ
729 1430 1012 1496 ἀϐιάστως,
1059 1434 1126 1493 ὡς
1167 1431 1292 1484 αύτό
1345 1435 1403 1483 τό
1437 1437 1645 1502 Πνεῦμα
1669 1427 1780 1482 οἶδε

171 1521 418 1594 πληροῦν
484 1523 624 1592 ἡμᾶς
670 1523 757 1573 τόν
818 1524 1017 1594 καρπόν
1096 1520 1277 1585 αύτοῦ,
1327 1526 1414 1573 καὶ
1472 1521 1636 1580 οὕτως
1679 1528 1778 1572 τῶν

171 1611 396 1664 ἐντολῶν
454 1618 544 1664 τοῦ
595 1618 727 1663 Θεοῦ
783 1609 1154 1683 πληρωθεισῶν
1207 1609 1288 1682 ὑφ’
1338 1613 1482 1682 ἡμῶν
1549 1606 1644 1662 διὰ
1688 1617 1779 1662 του

174 1704 484 1772 Πνεύματος
531 1699 714 1768 αὐτοῦ,
756 1706 848 1752 τοῦ
899 1705 1057 1771 μόνου
1105 1705 1445 1771 γινώσκοντος
1482 1702 1541 1750 τό
1584 1698 1780 1769 θελημα

1886 534 2066 591 invito
2096 537 2321 604 animo,
2341 542 2398 592 et
2428 537 2503 593 ad
2535 536 3064 594 mansuetudinem
3091 540 3146 590 et
3175 535 3252 590 ad
3279 534 3542 590 dilectio-

1886 639 2046 690 nem,
2078 631 2390 696 precantes
2420 632 2598 698 atque
2637 627 3025 682 obsecrantes
3075 626 3260 680 Deum
3306 624 3366 678 in
3401 623 3538 689 ﬁde,

1885 729 1990 785 spe
2016 729 2085 769 ac
2124 715 2458 781 dilectione,
2492 715 2899 772 indesinenter
2938 715 3052 770 hac
3095 713 3540 784 exspectatione

1885 806 2067 873 atque
2124 819 2308 874 scopo
2366 804 2518 863 freti.
2549 809 2612 859 ut
2679 805 2873 860 mittat
2923 803 3205 874 Spiritum
3257 817 3435 856 suum
3477 801 3537 856 in

1885 890 2069 947 corda
2092 897 2316 958 nostra,
2347 909 2469 964 quo
2509 908 2824 965 precemur
2840 892 3234 949 etadoremus
3269 892 3452 946 Deum
3477 891 3536 945 in

1889 980 2107 1052 Spiritu
2132 986 2190 1036 et
2219 982 2484 1038 veritate.

1959 1087 2043 1143 IX.
2072 1089 2200 1159 Ipse
2226 1105 2468 1161 quoque
2493 1089 2743 1161 Spiritus
2773 1088 3010 1144 docebit
3036 1102 3146 1142 nos
3177 1102 3379 1142 veram
3409 1100 3541 1157 pre-

1887 1192 2026 1231 cum
2066 1178 2380 1244 rationem,
2413 1194 2564 1250 quas
2593 1193 2770 1242 nunc,
2807 1192 2880 1232 ne
2899 1177 2951 1230 vi
2979 1175 3225 1248 quidem
3248 1175 3537 1240 adhibita,

1887 1281 2210 1337 possumus
2264 1266 2478 1322 facere.
2514 1269 2748 1323 Viscera
2790 1281 3034 1338 quoque
3086 1263 3536 1330 misericordiae,

1887 1353 2316 1424 benignitatem
2355 1363 2409 1410 et
2443 1357 2646 1412 omnia
2699 1355 2987 1410 mandata
3028 1353 3265 1408 Domini
3303 1352 3542 1408 docebit

1889 1458 2001 1498 nos
2030 1443 2222 1499 facere
2244 1460 2450 1499 revera
2481 1445 2713 1516 absque
2732 1444 2851 1499 ulla
2870 1443 3143 1498 molestia
3159 1447 3260 1498 aut
3286 1441 3540 1497 coactio-

1887 1548 1983 1600 ne,
2025 1539 2200 1604 prout
2222 1534 2384 1588 novit
2408 1535 2659 1604 Spiritus
2691 1533 2782 1588 ille
2809 1532 3034 1603 replere
3053 1547 3163 1586 nos
3196 1531 3388 1586 fructu
3406 1545 3537 1586 suo.

1886 1626 2074 1692 Atque
2113 1621 2228 1676 hoc
2276 1627 2450 1692 pacto
2511 1621 2811 1678 mandatis
2853 1621 2950 1674 Dei
2991 1636 3026 1675 a
3063 1619 3240 1674 nobis
3281 1619 3538 1690 impletis

1886 1710 2178 1766 beneﬁcio
2207 1711 2457 1782 Spiritus
2493 1710 2604 1777 sui,
2649 1711 2753 1782 qui
2788 1709 2949 1765 solus
3001 1708 3169 1764 novit
3211 1707 3536 1763 volutatem

174 1798 266 1843 τοῦ
326 1795 547 1862 Κυρίου,
595 1794 685 1841 xui
731 1788 1094 1850 τελειώσαντος
1147 1790 1286 1861 ἡμᾶς
1331 1795 1421 1841 τοῦ
1482 1792 1770 1859 Πνεύματος

1890 1798 2140 1863 Domini,
2164 1800 2388 1872 quique
2435 1799 2685 1870 Spiritus
2719 1814 2828 1853 nos
2855 1802 3238 1852 consummat
3264 1795 3324 1850 in
3358 1811 3439 1860 se,
3469 1810 3540 1850 ac

181 1881 254 1942 εἰς
300 1880 478 1949 ἑαυτό,
524 1884 614 1931 καὶ
669 1878 1017 1941 τελειωθέντος
1065 1879 1134 1940 εἰς
1188 1880 1327 1950 ἡμᾶς
1366 1879 1776 1951 καθαρισθέντας

183 1969 282 2022 ἀπό
337 1972 532 2031 παντὸς
597 1967 869 2040 μολυσμοῦ
923 1973 1012 2020 καὶ
1079 1967 1269 2020 σπίλου
1331 1975 1424 2030 τῆς
1491 1967 1770 2042 ἁμαρτίας,

179 2060 347 2132 ὥσπερ
381 2060 582 2130 νύμφας
629 2057 805 2123 καλάς,
856 2059 950 2118 τάς
986 2057 1174 2130 ψυχὰς
1224 2059 1368 2130 ἡμῶν
1421 2059 1654 2130 καθαράς
1685 2063 1774 2110 xui

173 2147 420 2220 ἀμώμους
503 2151 838 2220 παραστήσει
922 2155 992 2218 τῷ
1077 2154 1292 2219 Χριστῷ
1375 2145 1772 2216 ἀναπαυομένων

167 2239 314 2308 ἡμῶν
356 2237 407 2288 ἐν
445 2241 574 2301 Θεῶ,
619 2234 666 2287 ὗν
716 2243 777 2308 τῇ
837 2233 1081 2308 βασιλείᾳ
1128 2235 1308 2302 αὐτοῦ,
1364 2239 1452 2286 καὶ
1515 2233 1773 2286 ἀναπαυο-

162 2330 319 2398 μένου
354 2333 448 2378 τοῦ
501 2332 634 2378 Θεοῦ
684 2327 732 2376 ἂν
785 2327 908 2397 ἡμῖν
957 2324 1026 2387 εἰς
1055 2327 1176 2386 τοὺς
1205 2323 1522 2397 ἀπεράντους
1565 2323 1768 2384 αἰῶνας.

163 2417 302 2479 Δόξα
357 2423 469 2476 τοῖς
519 2413 806 2488 οἰκτιρμοῑς
861 2413 1023 2466 αύτοῦ
1093 2419 1183 2466 καὶ
1225 2422 1297 2484 τῷ
1357 2412 1498 2477 ἰλέει,
1560 2416 1649 2464 καὶ
1705 2421 1766 2485 τῇ

161 2505 377 2577 ἀγαπῃ,
420 2502 498 2556 ότι
559 2501 632 2565 εἰς
683 2505 918 2560 τοιεύτην
948 2507 1102 2574 τιμὴν
1142 2508 1232 2555 καὶ
1269 2499 1426 2564 δόξαν
1477 2501 1770 2563 κατηξίωσε

159 2600 218 2648 τό
283 2598 437 2665 γένος
487 2601 587 2645 τῶν
637 2590 940 2666 ἀνθρώπων,
999 2594 1138 2652 υἱούς
1196 2595 1397 2663 Πατρός
1463 2593 1768 2663 ἐπουρανίου

161 2684 496 2746 κατηξίωσεν
541 2683 748 2745 αύτούς,
816 2686 906 2733 xui
979 2677 1144 2741 ἰδίους
1206 2677 1446 2753 ἀδελφοὶς
1498 2684 1769 2752 προσηγό-

163 2792 369 2848 ρευσεν.
401 2771 559 2842 Αύτῷ
587 2772 616 2829 ἠ
648 2767 781 2833 δόξα
810 2770 881 2832 εἰς
906 2773 1026 2833 τούς
1052 2771 1256 2830 αἰῶνας.
1296 2770 1482 2842 Ἀμήν.

777 2879 1028 2933 ΟΜΙΛῙΑ
1071 2875 1147 2931 κ’.

178 2989 422 3050 Ἆόνοςό
478 2991 784 3058 Χριστός,
822 2989 848 3039 ό
887 2985 1335 3058 ἀληθινόςτοῦ
1377 2987 1498 3037 ἔσω
1533 2981 1769 3058 ἀνθρώ-

249 3079 360 3111 που
411 3054 660 3145 ἱατρός,
703 3061 1107 3134 θεραπεῦσαι
1166 3054 1603 3145 δύναταατῂν
1655 3054 1766 3126 Ζ«ρυ-

249 3124 890 3204 χήν,καὶάύτὴν’τῷ
949 3139 1065 3191 τῆς
1109 3131 1388 3204 χάριτος
1444 3124 1766 3199 ἐνδύματι
1800 3147 1840 3204 C

248 3201 725 3274 διακοσμῆσαι.

239 3311 312 3366 Α’.
347 3314 408 3363 Εἴ
464 3329 543 3372 τις
585 3312 782 3382 γυμνός
829 3311 969 3362 ἑστιν
1021 3307 1122 3361 ἀπό
1181 3314 1273 3360 τοῦ
1336 3303 1622 3381 ἐνδύματος
1677 3316 1767 3360 τοῦ

169 3402 344 3454 θεῐκοῦ
394 3405 486 3452 καὶ
540 3398 870 3471 ἐπουρανίου,
911 3400 1032 3472 ὅπερ
1093 3400 1234 3450 ἐστὶν
1274 3399 1303 3455 ἠ
1338 3405 1430 3450 τοῦ
1472 3401 1766 3468 Πνεύματος

168 3486 422 3562 δύναμις,
450 3491 618 3549 καθὼς
648 3491 852 3562 εἴρηται
885 3507 898 3520 ο
929 3487 1005 3541 Εἰ
1060 3484 1246 3548 δέτις
1291 3494 1545 3558 Πνεῦμα
1575 3493 1767 3560 Χρισ-

164 3587 270 3632 τοῦ
311 3579 430 3631 οὐκ
483 3581 642 3649 ἔχει,
675 3577 859 3639 οὗτος
900 3576 1010 3629 οὐκ
1043 3579 1220 3628 ἔστιν
1261 3576 1460 3628 αὐτοῦ
1492 3593 1504 3605 ·
1549 3575 1767 3628 κλαιέτω

163 3675 251 3722 xui
309 3667 675 3742 παρακαλείτω
723 3670 808 3718 τόν
843 3669 1050 3741 Κύριον,
1086 3667 1168 3717 ἵνα
1208 3665 1339 3724 λάϐη
1378 3669 1434 3717 τό
1465 3664 1518 3727 ἐξ
1547 3665 1764 3736 ούρανοῦ

163 3760 520 3830 πνευματικόν
578 3752 818 3828 ἔνδυμα·
877 3757 960 3807 ἶνα
1023 3754 1293 3828 ἀμφιασθῇ
1343 3759 1434 3812 τὴν
1487 3753 1589 3806 ἀπό
1633 3756 1766 3813 θείας

162 3848 390 3923 ὶνεργείς
439 3849 835 3917 γεγυμνωμένην
883 3845 1070 3916 ψυχήν
1101 3864 1114 3877 ·
1174 3846 1249 3896 ὅτι
1278 3843 1462 3901 πολλὴν
1504 3843 1766 3914 αἰσχύνην

162 3937 388 4010 ἀτιμίας
445 3937 622 3988 παθῶν
668 3933 1054 4008 περιϐέϐληται,
1116 3935 1140 3984 ό
1193 3937 1264 4005 μὴ
1327 3929 1657 4004 ἐνδεδυμένος
1708 3935 1766 3983 τό

158 4036 254 4080 τοῦ
309 4029 608 4098 Πνεύματος
650 4021 872 4097 ἔνδυμα,
943 4024 1136 4097 Ὠσπερ
1194 4025 1295 4094 γὰρ
1347 4025 1394 4074 ἐν
1432 4029 1541 4083 τοῖς
1593 4041 1770 4094 φαινο-

160 4123 342 4188 μένοις
372 4118 456 4168 ἓάν
505 4135 579 4176 τις
629 4117 822 4187 γυμνός
853 4111 908 4186 ᾖ,
969 4114 1019 4165 ἐν
1059 4111 1218 4184 πολλῇ
1271 4111 1502 4184 αἰσχύνη
1531 4117 1620 4163 xui
1646 4111 1764 4163 ἀτι-

161 4212 260 4279 μίᾳ
315 4207 455 4268 ἐστὶ,
512 4207 601 4256 xui
632 4203 767 4276 φίλοι
819 4202 998 4275 φίλους
1055 4200 1466 4274 ἀποστρέφονται
1517 4204 1763 4272 γυμνούς,

163 4301 260 4348 καὶ
315 4300 527 4365 γνήσιοι
570 4289 755 4358 ἰδίους,
804 4297 896 4344 καὶ
942 4295 1094 4344 τέκνα
1153 4287 1335 4343 ἰδόντα
1382 4295 1766 4362 γεγυμνωμένον

159 4389 370 4454 πατέρα
411 4381 663 4454 ἔστρεψαν
719 4384 812 4442 τάς
867 4380 1058 4434 ἑαυτῶν
1109 4378 1272 4450 ὄψεις,
1325 4387 1416 4431 τοῦ
1463 4383 1534 4451 μὴ
1595 4378 1766 4432 ἐνατε-

1887 1887 2180 1958 perfectus
2209 1887 2270 1942 in
2301 1887 2494 1956 nobis,
2537 1887 2867 1958 puriticatis
2913 1885 2990 1940 ab
3034 1886 3198 1940 omni
3262 1883 3536 1955 inquina-

1887 1983 2106 2040 mento,
2123 1992 2193 2032 ac
2207 1976 2485 2032 sordibus
2503 1975 2750 2046 peccati,
2767 1975 2923 2030 velut
2940 1989 3200 2044 sponsas
3225 1979 3533 2037 venustas,

1883 2067 2118 2122 animas
2143 2071 2374 2121 nostras
2400 2081 2582 2136 puras
2620 2063 3106 2120 etimmaculatas
3133 2062 3362 2118 Christo
3377 2061 3538 2116 exhi-

1882 2153 2066 2217 bebit,
2095 2153 2610 2225 requiescentibus
2637 2152 2811 2208 nobis
2834 2154 2892 2206 in
2915 2153 3050 2220 Deo,
3083 2151 3141 2205 in
3167 2165 3352 2219 regno
3379 2151 3530 2219 ejus,

1883 2259 1953 2298 ac
1992 2245 2110 2298 Deo
2153 2242 2523 2314 requiscente
2579 2241 2639 2296 in
2682 2240 2858 2296 nobis
2905 2242 2964 2295 in
3005 2238 3236 2294 inﬁnita
3277 2237 3524 2295 saecula.

1882 2331 2076 2388 Gloria
2131 2332 2202 2386 sit
2255 2329 2739 2386 miserationibus
2789 2331 2939 2401 ejus,
2984 2327 3404 2383 misericordiae
3463 2343 3533 2382 ac

1880 2420 2201 2486 dilectioni,
2233 2421 2398 2492 quod
2418 2426 2579 2476 tanto
2610 2419 2837 2475 honore
2868 2425 2924 2474 et
2946 2417 3136 2488 gloria
3157 2417 3439 2485 dignatus
3457 2415 3532 2472 sit

1880 2526 2068 2582 genus
2091 2510 2449 2573 humanum,
2476 2525 2628 2580 quos
2667 2508 2886 2578 dignos
2919 2506 3296 2578 judicaverit,
3340 2511 3402 2560 ut
3430 2521 3536 2560 vo-

1879 2599 2212 2655 caretfilios
2237 2599 2416 2654 Patris
2442 2597 2697 2653 caelestis
2737 2613 2809 2653 ac
2843 2596 3117 2669 proprios
3158 2594 3367 2651 fratres
3409 2594 3527 2666 Ipsi

1879 2689 2069 2759 gloria
2091 2689 2152 2744 in
2183 2688 2425 2745 saacula.
2462 2694 2671 2743 Amen.

2479 2883 2773 2942 HOMILIA
2808 2885 2911 2940 XX.

1876 2993 2049 3049 Solus
2083 2992 2373 3052 Christus.
2407 3006 2580 3048 verus
2607 2990 2866 3046 medicus
2908 2988 3210 3044 interioris
3249 2988 3524 3051 hominis,

1946 3079 2167 3121 sanare
2187 3063 2670 3132 potestanimam,
2690 3076 2935 3132 eamque
2956 3062 3294 3116 vestimento
3315 3058 3529 3130 gratiae

1948 3151 2070 3192 suae
2100 3149 2417 3192 exornare.

1948 3319 1988 3372 l.
2023 3316 2076 3372 Si
2119 3315 2256 3390 quis
2289 3313 2486 3370 nudus
2513 3313 2586 3368 sit
2612 3316 2668 3368 et
2697 3314 2897 3367 careat
2924 3309 3279 3365 indumento
3324 3307 3530 3364 divino

1875 3421 1946 3462 ac
1975 3405 2217 3469 caalesti,
2251 3404 2411 3476 quod
2427 3401 2792 3473 estpotentia
2820 3400 3092 3471 Spiritus,
3124 3399 3272 3454 sicut
3301 3397 3529 3454 dictum

1875 3501 1962 3550 est
1995 3511 2006 3548 :
2036 3495 2104 3551 Si
2122 3497 2250 3566 quis
2273 3500 2469 3550 autem
2499 3491 2789 3560 Spiritum
2809 3490 3034 3546 Christi
3064 3505 3181 3544 non
3213 3489 3407 3552 habet,
3429 3488 3525 3544 hic

1876 3599 1995 3639 non
2021 3591 2105 3640 est
2131 3587 2256 3653 ejus
2289 3585 2309 3618 ⁵
2340 3599 2351 3637 :
2386 3583 2574 3650 ploret
2594 3586 2770 3652 atque
2793 3580 3061 3634 obsecret
3090 3579 3428 3639 Dominum.
3460 3583 3526 3632 ut

1877 3673 2108 3728 ccelitus
2119 3689 2228 3728 con
2239 3678 2520 3743 sequatur
2534 3668 2831 3741 spirituale
2846 3665 3394 3738 indumentum,“
3408 3682 3530 3737 quo

1875 3763 2082 3819 induat
2095 3763 2360 3818 animam
2375 3760 2577 3814 divina
2592 3759 2802 3813 virtute
2819 3757 3135 3827 spoliatam
3156 3773 3166 3811 :
3185 3757 3328 3828 quia
3348 3756 3528 3810 multo

1875 3852 2105 3924 pudore
2135 3867 2204 3906 ac
2236 3849 2480 3904 infamia
2509 3845 2892 3902 aerctionum
2924 3844 3211 3905 induitur,
3231 3845 3331 3915 qui
3357 3843 3528 3898 vesti-

1877 3946 2075 3996 mento
2112 3939 2361 4010 Spiritus
2402 3935 2654 3992 amictus
2693 3949 2812 3988 non
2855 3940 2960 3987 est.
2996 3931 3522 3997 Quemadmodum

1877 4031 2034 4086 enim
2067 4044 2126 4082 in
2158 4028 2336 4082 rebus
2367 4024 2642 4088 externis,
2673 4024 2721 4076 si
2761 4023 2896 4094 quis
2924 4021 3121 4075 nudus
3160 4022 3250 4086 sit,
3286 4035 3525 4074 summo

1876 4119 2107 4193 pudore
2159 4121 2337 4188 atque
2383 4113 2630 4169 infamia
2675 4110 2930 4167 afﬁcitur
2962 4126 2976 4176 ;
3005 4116 3061 4164 et
3100 4109 3275 4164 amici
3330 4108 3525 4164 nudos

1876 4212 2229 4265 aversantur
2249 4205 2494 4268 amicos,
2538 4207 2593 4258 et
2619 4200 2889 4271 germani
2918 4214 3079 4260 suos,
3111 4203 3165 4253 et
3197 4197 3364 4253 liberi
3395 4197 3524 4252 viso

1875 4298 2040 4354 nudo
2071 4303 2256 4368 patre,
2277 4297 2616 4349 averterunt
2646 4290 2827 4346 facies
2857 4304 3022 4354 suas,
3057 4303 3131 4342 ne
3157 4288 3526 4342 intuerentur

1873 4387 2108 4444 nudum
2145 4399 2364 4456 corpus
2382 4381 2563 4454 patris
2579 4383 2622 4446 θ,
2643 4385 2698 4434 et
2714 4386 3036 4434 retrorsum
3052 4376 3357 4448 progressi
3383 4391 3523 4446 ope-

160 4479 316 4524 νίσαι
343 4481 525 4544 γυμνῷ
568 4480 638 4542 τῷ
671 4477 872 4542 σώματι
901 4478 991 4522 τοῦ
1026 4473 1248 4542 Πατρός,
1290 4473 1378 4521 καὶ
1406 4467 1766 4540 ὁπισθοφανώς

1885 4480 2121 4533 ruerunt
2164 4489 2322 4539 eum,
2359 4477 2416 4527 et
2472 4470 2556 4525 sic
2613 4472 2954 4525 averterunt
3002 4466 3276 4521 vultum:
3311 4464 3524 4520 eodem

161 4561 476 4623 ἀπελθόντες
525 4560 849 4631 ἐπεκάλυψαν
919 4559 1091 4621 αὐτόν,
1165 4565 1252 4611 καὶ
1304 4557 1466 4619 οὓτως
1524 4556 1766 4632 ἐπέστρε-

159 4651 280 4721 ψαν
332 4653 424 4711 τὰς
462 4649 631 4721 ὄψεις.
691 4650 842 4702 Ούτω
896 4649 1042 4700 καὶὸ
1096 4651 1225 4710 Θεός
1281 4648 1646 4719 ἀπέστραπται
1674 4649 1764 4710 τὰς

162 4740 358 4810 ψυχὰς
385 4742 478 4801 τάς
520 4743 592 4811 μὴ
625 4735 968 4811 ἐνδεδυμένας
1021 4741 1080 4790 τό
1112 4744 1202 4790 τοῦ
1235 4738 1531 4808 Πνεύματος
1567 4733 1767 4808 ἔνδυμα

165 4827 217 4879 ἐν
278 4827 618 4902 πληροφορίᾳ,
675 4831 796 4889 τοὺς
861 4832 930 4898 μὴ
1001 4822 1371 4896 ἐνδεδυμένους
1436 4828 1522 4876 τόν
1579 4827 1765 4898 Κύριον

164 4919 376 4973 Ἰησοῦν
395 4922 630 4990 Χριστόν
651 4915 701 4969 ίν
728 4913 946 4988 δυνάμει
971 4921 1060 4968 xui
1100 4914 1335 4986 ἀληθείᾳ.

257 5031 320 5086 B'.
357 5035 524 5096 Αὐτός
564 5035 590 5086 ό
648 5041 852 5104 πρῶτος
902 5033 1172 5107 ἄνθρωπος
1219 5033 1532 5104 θεασάμενος
1584 5031 1764 5084 ἑαυτὸν

166 5126 366 5194 γυμνόν
393 5124 640 5196 ᾐσχύνθη
668 5139 680 5152 ⁸
713 5125 944 5180 τοσαύτη
975 5121 1158 5192 ἀτιμία
1192 5129 1253 5194 τῇ
1285 5126 1575 5193 γυμνότητι
1604 5125 1766 5192 πρόσ-

174 5230 334 5264 εστιν.
392 5213 454 5268 Εἰ
504 5209 594 5264 οὖν
655 5214 737 5264 ini
783 5220 881 5263 τῶν
937 5220 1246 5283 σωματικῶν
1296 5213 1548 5268 τοσεύτην
1570 5210 1764 5281 αἰσχύ-

171 5320 269 5357 νην
330 5299 595 5355 δείκνυσιν
635 5303 664 5359 ἡ
724 5305 1008 5373 γυμνότης,
1060 5306 1207 5372 πόσῳ
1266 5299 1457 5372 μᾶλλον
1507 5301 1536 5357 ἠ
1588 5303 1758 5369 γυμνή

177 5388 282 5441 ἀπὸ
317 5393 451 5453 θείας
477 5388 748 5463 δυνάμεως
793 5391 972 5462 ψυχὴ,
1009 5393 1039 5449 ἡ
1085 5395 1154 5462 μὴ
1187 5398 1421 5465 φοροῦσα
1463 5393 1552 5441 καὶ
1583 5389 1764 5460 ἠμφιε-

184 5482 336 5548 σμένη
383 5485 440 5534 τό
492 5479 719 5556 οῖῤῥητον
784 5485 874 5532 xui
932 5480 1211 5554 ἄφθαρτον,
1267 5485 1356 5532 καὶ
1417 5479 1763 5550 πνευματικόν

184 5563 389 5640 ἔνδυμα,
467 5570 622 5623 αὐτόν
685 5572 873 5646 Κύριον
940 5569 1142 5629 Ἰησοῦν
1219 5571 1450 5644 Χριστόν
1517 5566 1564 5619 ἐν
1638 5565 1762 5624 ἀλη-

791 5724 812 5758 ⁶
834 5720 981 5779 Gen.
1007 5739 1086 5790 ix,
1127 5725 1216 5778 23.

260 5720 280 5754 ⁵
307 5723 466 5779 Rom.
492 5737 616 5791 Vill,
659 5725 714 5778 9.
791 5724 812 5758 ⁶
834 5720 981 5779 Gen.
1007 5739 1086 5790 ix,
1127 5725 1216 5778 23.
1295 5723 1315 5757 ⁷
1342 5719 1488 5778 Gen.
1517 5736 1596 5786 lli,
1629 5720 1683 5774 7.

1877 4566 2059 4623 modo
2116 4565 2269 4618 Deus
2338 4564 2643 4616 aversatur
2706 4558 2962 4621 animas,
3010 4571 3129 4610 non
3206 4559 3526 4610 exornatas

1873 4655 2227 4711 indumento
2253 4651 2500 4722 Spiritus
2532 4665 2668 4704 cum
2698 4646 2838 4701 ﬁdei
2882 4644 3251 4708 certitudine,
3287 4659 3408 4707 eos,
3440 4643 3526 4697 in-

1874 4742 2191 4817 quam,qui
2208 4755 2325 4796 non
2341 4739 2662 4794 induerunt
2675 4735 2994 4792 Dominum
3006 4735 3211 4788 Iesum
3227 4732 3524 4787 Christum

1875 4834 1934 4888 in
1976 4833 2182 4888 virtute
2205 4836 2261 4886 et
2285 4828 2546 4884 veritate.

1947 5030 2010 5083 Il.
2039 5027 2269 5082 Primus
2292 5037 2533 5096 quoque
2565 5022 2765 5086 homo,
2798 5019 3168 5089 conspiciens
3196 5031 3258 5071 se
3288 5014 3522 5070 nudum

1875 5134 2024 5182 esse,
2057 5114 2311 5172 erubuit.
2337 5113 2523 5167 Tanta
2552 5109 2882 5181 ignominia
2922 5107 3246 5162 nuditatem
3279 5103 3524 5160 comita-

1875 5215 1968 5264 tur
1995 5209 2038 5261 ⁷.
2054 5206 2109 5260 Si
2139 5219 2282 5273 ergo
2307 5203 2365 5256 in
2381 5201 2558 5257 rebus
2579 5197 2989 5270 corporalibus
3006 5202 3236 5251 tantum
3256 5193 3522 5248 dedecus

1873 5291 2659 5362 conciliatnuditas,quanto
2696 5288 2920 5360 majore
2940 5286 3314 5355 anima,quas
3341 5283 3525 5338 denu-

1875 5387 2016 5441 data
2065 5388 2155 5438 est
2209 5383 2418 5436 virtute
2461 5379 2684 5441 divina,
2713 5393 2822 5431 nec
2850 5379 3060 5444 gestat,
3084 5379 3189 5429 aut
3238 5376 3527 5428 exornata

1875 5480 1962 5530 est
1984 5469 2291 5536 ineffabili,
2306 5465 2739 5538 incorruptibili
2762 5481 2831 5519 ac
2849 5463 3134 5535 spirituali
3150 5461 3522 5523 indumento,

1875 5566 2008 5636 ipso
2061 5560 2279 5617 scilicet
2328 5558 2578 5614 Domino
2634 5556 2770 5610 Jesu
2836 5553 3065 5608 Christo
3125 5553 3184 5606 in
3260 5549 3524 5614 veritate,
