4076 6210
565 279 661 337 65i
1879 272 1938 331 S.
1977 271 2277 331 MACARII
2316 270 2617 329 EGYPTII
3772 284 3858 339 552

554 410 782 476 quanto
814 405 1064 476 majore,
1096 404 1370 476 inquam,
1402 402 1632 475 pudore
1659 407 1838 474 atque
1879 401 2212 473 ignominia

2326 400 2456 471 θείᾳ,
2520 399 2729 454 πλείονα
2779 407 2867 455 καὶ
2901 402 3166 475 αἰσχύνην
3222 408 3312 457 καὶ
3355 403 3559 477 ἀτιμίαν
3604 409 3759 461 παθῶν
3789 430 3860 463 πε-

557 494 943 551 affectionum
975 493 1347 551 circumdata
1375 498 1429 549 et
1451 494 1672 549 amicta
1697 498 1782 548 est
1809 493 1836 546 ?
1860 492 2214 562 Quicunque

558 600 703 654 ergo
734 591 895 640 caret
922 584 1126 639 divina
1170 583 1270 638 illa
1295 583 1501 655 gloria,
1533 583 1616 639 ita
1663 583 1841 638 debet
1888 582 1981 636 sui
2024 581 2215 652 ipsius

555 674 786 744 pudore
806 674 966 739 duci,
996 678 1171 745 atque
1201 687 1531 741 agnoscere
1558 688 1731 727 suam
1758 670 2216 743 ipsiusignomi—

557 764 743 827 niam,
763 764 915 818 sicut
937 763 1125 818 Adam
1141 763 1377 817 erubuit
1397 777 1644 832 corpore
1662 762 1860 816 nudus
1873 777 2009 816 cum
2024 764 2204 816 esset.

562 852 848 920 Quamvis
861 851 1283 907 construxisset
1297 851 1409 906 sibi
1424 867 1494 906 ex
1518 850 1675 906 foliis
1698 849 1847 905 ﬁcus
1866 849 2154 905 amictum
2170 850 2215 911 ⁸,

560 940 947 997 nihilominus
990 940 1220 1011 pudore
1278 939 1671 1007 afﬁciebatur,
1731 938 2107 994 mendicitate
2162 943 2217 993 et

558 1031 829 1086 nuditate
855 1045 964 1084 sua
993 1031 1233 1098 cognita
1261 1035 1439 1100 atque
1462 1034 1788 1101 perspecta.
1817 1026 2074 1083 Postulet
2112 1026 2216 1097 igi-

559 1125 654 1176 tur
670 1118 972 1190 ejusmodi
1018 1118 1222 1174 anima
1253 1134 1287 1173 a
1328 1119 1573 1184 Christo,
1608 1117 1712 1190 qui
1749 1117 1996 1187 largitur
2036 1124 2215 1188 atque

558 1213 807 1264 exornat
837 1223 971 1263 eam
1004 1207 1193 1278 gloria
1214 1207 1517 1263 inlumine
1551 1222 1773 1263 arcano
1800 1223 1813 1262 ε
1840 1222 1948 1261 nec
1966 1210 2217 1262 consuta

561 1297 680 1352 sibi
718 1304 877 1353 veste
915 1313 1211 1353 vanarum
1252 1297 1677 1366 cogitationum
1718 1296 2056 1360 arbitretur,
2083 1310 2211 1367 pro~

560 1386 704 1457 priaa
726 1385 970 1458 justitiae
1001 1384 1286 1457 opinione
1298 1386 1567 1457 decepta,
1585 1401 1649 1441 se
1664 1385 1887 1442 habere
1901 1384 2217 1441 vestimen-

563 1479 689 1530 tum
713 1474 899 1546 ipsius
927 1474 1227 1530 salutaris.

636 1598 733 1653 III.
762 1598 820 1654 Si
851 1599 1009 1655 enim
1064 1601 1123 1654 in
1175 1598 1533 1671 suajustitia
1572 1604 1753 1671 atque
1800 1597 2215 1671 redemptione

2321 488 2663 563 ριϐἐϐληταις
2720 498 2810 545 καὶ
2847 499 2949 556 πᾶς
2988 513 3069 555 τις
3122 498 3189 546 ὤν
3240 498 3433 567 γυμνὸς
3471 495 3565 549 ἀπὸ
3611 507 3696 559 τῆς
3750 502 3865 562 θείας

2323 577 2513 640 ἐκείνης
2560 578 2741 647 δόξης,
2798 582 2963 645 οὕτως
3024 583 3211 656 ὀφείλει
3262 584 3445 637 ἑαυτὸν
3474 585 3862 659 ἐπαισχύνεσθαι,

2323 673 2413 720 καὶ
2462 675 2737 740 γινώσκειν
2804 669 3014 743 ἀτιμίαν
3086 674 3265 739 αὑτοῦ,
3351 676 3521 747 ὥσπερ
3602 688 3869 748 σωματικῶς

2323 755 2501 831 Ἀδὰμ
2530 762 2792 831 ησχύνετο
2848 766 3045 833 γυμνὸς
3100 766 3189 827 ὧν,
3244 762 3337 815 κᾶν
3377 762 3608 822 ἐποίησεν
3657 765 3869 838 ἐαυτῷέκ

2327 856 2489 909 συκῆς
2542 849 2738 921 φύλλων
2787 850 3103 924 περίϐλημα,
3149 854 3290 925 ὅμως
3314 857 3410 913 τὴν
3449 853 3698 926 αἰσχύνην
3734 854 3872 929 ἐφόρει

2324 942 2418 996 τὴν
2469 943 2736 1011 πτωχείαν
2788 939 2970 992 ἐαυτοῦ
3025 941 3382 1013 ἐπιγινώσκων
3415 962 3428 976 ο
3476 943 3674 997 αἰτείτω
3722 941 3797 997 οὖν
3845 946 3869 1003 ἡ

2323 1030 2541 1086 τοιαύτη
2592 1027 2748 1100 ψυχὴ
2806 1032 2950 1103 παρὰ
3001 1037 3094 1083 τοῦ
3146 1028 3391 1095 διδόντος
3438 1038 3525 1085 καὶ
3556 1032 3875 1105 ἀμφιεννύντος

2327 1112 2484 1179 δόξαν
2528 1124 2762 1190 Χριστοῦ
2814 1121 2862 1171 ἑν
2894 1124 3025 1191 φωτὶ
3081 1118 3310 1195 ἀρρήτῳ,
3367 1127 3436 1194 μὴ
3486 1129 3703 1175 ποιοῦσα
3744 1122 3871 1195 ἑαυτῇ

2328 1207 2532 1276 ἱμάτιον
2559 1205 2824 1280 λογισμῶν
2853 1214 3109 1281 ματαίων,
3148 1206 3369 1269 δοκήσει
3409 1208 3549 1273 ἰδίας
3572 1208 3877 1274 δικαιοσύνης

2327 1294 2635 1368 ἀπατωμίνη
2667 1301 2757 1350 καὶ
2783 1302 3076 1371 νομίζουσα
3104 1302 3246 1372 ἔχειν
3278 1299 3465 1374 ἀμφιον
3500 1305 3766 1375 σωτηρίου.

2398 1599 2469 1652 I".
2505 1603 2565 1653 Εἰ
2592 1620 2673 1663 τις
2700 1604 2799 1674 γὰρ
2853 1600 2900 1653 ἐν
2948 1609 3011 1675 τῇ
3046 1601 3235 1655 ἐαυτοῦ
3275 1606 3428 1675 μόνον
3468 1601 3678 1656 ἱσταται
3705 1600 3881 1656 δικαιο-

565 1688 758 1743 solum
792 1688 924 1760 quis
977 1690 1311 1759 perstiterit,
1342 1687 1563 1744 frustra
1607 1705 1675 1745 ac
1716 1694 1935 1744 temere
1980 1687 2216 1743 laborcs

2329 1692 2454 1763 σύνῃ
2515 1695 2605 1743 καὶ
2662 1689 3043 1763 ἀτιόλυτρώσει⁷
3098 1695 3337 1764 ματαίως
3390 1696 3481 1745 καὶ
3528 1700 3679 1754 κενῶς
3732 1698 3881 1762 κοπιᾷ.

559 1776 654 1831 ille
685 1778 957 1848 suscipit.
981 1776 1185 1832 Omnis
1210 1777 1367 1832 enim
1394 1777 1857 1850 opiniojustitise
1884 1777 2033 1849 ejus,
2059 1776 2219 1833 velut

560 1880 798 1937 pannus
841 1872 1221 1921 menstruatac
1261 1872 1509 1938 apparet
1550 1868 1609 1921 in
1667 1872 1934 1922 extremo
1986 1867 2101 1931 die,
2157 1870 2219 1921 ut

560 1955 753 2026 inquit
792 1957 1084 2027 propheta
1110 1956 1292 2012 Isaias
1329 1973 1341 2011 :
1376 1958 1561 2012 Facta
1591 1955 2217 2026 estuniversajustitia

565 2052 773 2100 nostra
802 2048 1085 2116 tanquam
1104 2060 1343 2113 pannus
1358 2049 1799 2103 menstruam“.
1822 2044 2216 2102 Obsecremus

564 2133 743 2202 igitur
786 2131 971 2187 Deum
1006 2139 1186 2205 atque
1217 2149 1518 2203 rogemus,
1552 2140 1615 2189 ut
1652 2134 2009 2190 amiciamur
2046 2133 2217 2188 indu-

562 2226 763 2277 mento
789 2220 977 2291 ipsius
1022 2221 1319 2286 salutaris,
1338 2222 1587 2278 Domino
1600 2222 1883 2278 nimirum
1908 2224 2042 2278 Jesu
2059 2222 2215 2279 Chri-

560 2314 671 2373 sto,
717 2325 937 2365 arcano
984 2309 1230 2375 lumine,
1265 2327 1446 2382 quem
1497 2318 1796 2380 gestantes
1836 2312 2053 2366 animae
2093 2326 2215 2366 non

560 2403 851 2454 exuentnr
869 2399 927 2451 in
950 2398 1232 2454 saeculum
1263 2416 1276 2464 ;
1310 2399 1413 2454 sed
1435 2400 1496 2455 in
1519 2401 1948 2456 resurrectione
1962 2416 2217 2472 corpora

561 2502 803 2559 quoque
833 2502 1039 2542 eorum
1073 2486 1567 2556 gloriﬁcabuntur
1587 2488 1774 2560 gloria
1794 2489 2059 2559 luminis,
2092 2505 2214 2560 quo

563 2577 797 2633 amicta:
858 2592 1020 2631 nunc
1075 2582 1211 2632 sunt
1256 2577 1460 2632 ﬁdeles
1505 2594 1576 2633 ac
1624 2594 1927 2648 generoste
1974 2581 2211 2647 animae,

563 2665 714 2720 sicut
742 2664 1065 2735 Apostolus
1091 2666 1201 2721 ait:
1224 2666 1334 2733 Qui
1346 2667 1626 2723 excitavit
1642 2667 1944 2724 Christum
1968 2683 2043 2724 ex
2062 2685 2214 2724 mor-

563 2754 1031 2822 tuis,viviﬁcabit
1062 2762 1115 2811 et
1138 2756 1424 2812 mortalia
1446 2772 1701 2826 corpora
1730 2762 1958 2826 nostra,
1968 2765 2219 2828 propter

563 2844 746 2914 ipsius
772 2842 1058 2913 Spiritum
1081 2843 1513 2902 inhabitantem
1547 2846 1610 2901 in
1640 2846 1806 2903 nobis
1837 2848 1903 2901 ιο.
1939 2847 2133 2904 Gloria
2146 2848 2219 2903 sit

560 2931 850 2988 ineffabili
882 2932 1011 3002 ejus
1053 2932 1421 2989 miserationi
1462 2940 1642 3007 atque
1674 2935 2057 2993 inenarrabili
2107 2936 2221 2992 mi-

565 3021 904 3078 sericordiae
936 3023 1090 3093 ejus.

636 3147 725 3202 IV.
752 3146 819 3202 Et
842 3147 1054 3202 iterum
1080 3166 1092 3202 :
1121 3148 1623 3214 Quemadmodum
1646 3151 1866 3207 mulier
1888 3153 2064 3221 ﬂuxu
2086 3168 2221 3209 san-

560 3236 762 3308 guinis
794 3236 1243 3299 taborans,cum
1277 3238 1539 3293 crederet
1550 3239 1669 3306 ﬁde
1683 3254 1843 3303 vera,
1859 3242 2218 3309 etﬁmbriam

565 3325 897 3381 vestimenti
927 3326 1167 3381 Domini
1184 3327 1552 3397 contingeret
1576 3330 1639 3397 ¹¹,
1676 3330 1873 3384 statim
1901 3332 2217 3386 sanitatem

562 3419 888 3469 consecuta
923 3419 1030 3479 est,
1060 3421 1238 3485 atque
1273 3416 1605 3471 exsiccatus
1644 3422 1732 3472 est
1768 3417 1967 3473 ﬂuxus
1998 3420 2218 3491 impuri

564 3500 741 3557 fontis
772 3501 1088 3570 sanguinis
1132 3517 1144 3556 :
1181 3503 1264 3557 sic
1303 3504 1500 3558 omnis
1525 3504 1729 3561 anima
1760 3505 2220 3564 incurabilivul-

559 3604 700 3645 nere
732 3590 957 3661 peccati
976 3606 1282 3662 percussa,
1302 3608 1371 3647 ac
1403 3592 1562 3648 fonte
1591 3593 1991 3651 obscenarum
2007 3612 2218 3667 prava-

560 3694 816 3751 rumque
868 3680 1301 3748 cogitationum
1371 3680 1610 3748 obruta,
1654 3684 1704 3738 si
1752 3700 2072 3755 progressa
2139 3686 2217 3742 ad

564 3767 861 3824 Christum
894 3768 1192 3840 supplices
1215 3785 1420 3841 preces
1444 3770 1665 3838 fecerit,
1699 3774 1873 3845 eique
1923 3790 2057 3831 vere
2090 3791 2219 3831 cre-

564 3856 795 3927 diderit,
828 3859 1146 3913 sanitatem
1177 3859 1498 3916 salutarem
1528 3862 1918 3934 consequitur
1947 3864 2026 3920 ab
2056 3865 2220 3920 incu-

563 3946 734 4001 rabili
774 3946 935 4002 fonte
967 3947 1379 4015 affectionnm,
1406 3955 1587 4022 atque
1605 3952 1935 4007 exsiccatur
1958 3954 2094 4009 fons
2125 3953 2220 4009 ille

564 4035 867 4103 deﬁciens,
889 4037 993 4109 qui
1012 4036 1358 4094 immundas
1380 4039 1769 4110 cogitationes
1784 4042 2217 4113 ejaculabatur,

564 4127 774 4181 virtute
804 4126 988 4181 solius
1016 4128 1150 4182 Jesu
1177 4143 1188 4181 :
1220 4127 1375 4183 alius
1423 4145 1563 4185 vero
1604 4129 1719 4186 hoc
1752 4131 1966 4187 vulnus
2012 4150 2220 4191 curare

564 4228 809 4284 prorsus
834 4215 1060 4286 nequit.
1093 4216 1343 4271 Tantam
1386 4218 1547 4272 enim
1573 4233 1817 4289 operam
1857 4236 1927 4275 ac
1965 4222 2220 4291 diligen»

564 4301 709 4357 tiam
763 4302 1035 4358 adhibuit
1073 4303 1260 4359 hostis
1309 4305 1367 4359 in
1430 4306 1569 4360 Adae
1626 4310 2115 4379 transgressione,
2158 4319 2221 4370 ut

2329 1786 2483 1832 Πᾶσα
2510 1782 2610 1851 γάρ
2637 1782 2667 1838 ἡ
2710 1784 2880 1841 οἴησις
2918 1788 3011 1842 τῆς
3068 1777 3411 1842 δικαιοσύνης
3462 1782 3622 1834 αὐτοῦ
3663 1784 3723 1842 ὡς
3754 1782 3884 1856 ῥάκος

2328 1867 2731 1940 ἀποκαθημένης
2783 1878 3091 1943 φανεροῦται
3144 1869 3191 1923 ἓν
3247 1879 3309 1943 τῇ
3376 1870 3582 1944 ἐσχάτη
3628 1873 3799 1944 ἡμέρᾳ,
3834 1869 3886 1930 ὣς

2327 1977 2484 2030 φησιν
2511 1956 2733 2021 Ἠσαίας
2780 1960 2805 2010 ό
2833 1964 3125 2034 προφήτης,
3181 1960 3487 2032 Ἐγενήθη
3540 1965 3710 2013 πᾶσα
3752 1961 3778 2017 ἡ
3815 1955 3885 2011 δι-

2325 2049 2639 2106 καιοσύνη
2716 2050 2891 2120 ἡμῶν
2968 2052 3045 2109 ὡς
3110 2049 3307 2123 ῥάκος
3390 2047 3878 2120 ἀποκαθημίνης.

2326 2136 2453 2195 Ain}
2466 2155 2632 2209 σωμεν
2663 2132 2750 2189 οὖν
2781 2142 2870 2189 καὶ
2910 2134 3176 2209 δεηθῶμεν
3220 2145 3314 2191 τοῦ
3346 2145 3484 2192 Θεοῦ
3515 2135 3817 2191 ἐνδύσασθαι
3840 2139 3883 2185 τὸ

2328 2227 2531 2298 ἱμάτιον
2596 2234 2688 2278 τοῦ
2745 2231 3030 2299 σωτηρίου,
3094 2230 3180 2279 τόν
3256 2230 3452 2301 Κύριον
3510 2228 3653 2301 ἡμῶν
3714 2226 3885 2284 Ἰησοῦν

2324 2317 2573 2388 Χριστὸν,
2608 2318 2665 2366 τό
2693 2314 2916 2390 οῖρρητον
2975 2324 3096 2388 φῶς,
3151 2317 3204 2367 ὃν
3258 2321 3559 2389 φορέσασαι
3600 2316 3768 2387 ψυχαὶ
3815 2313 3885 2365 οὐκ

2324 2399 2750 2462 ἀποδυθήσονται
2803 2404 2871 2465 εἰς
2912 2407 2998 2457 τὸν
3038 2404 3235 2457 αἰῶναο
3289 2404 3405 2457 ἀλλ’
3437 2406 3486 2458 ἐν
3542 2414 3603 2479 τῇ
3645 2404 3882 2456 ἀναστάσει

2323 2496 2413 2544 καὶ
2444 2495 2509 2544 τὰ
2539 2498 2757 2561 σώματα
2796 2492 2963 2545 αὐτῶν
3020 2490 3453 2556 δοξασθὴσονται
3492 2496 3591 2548 ὑπὸ
3644 2501 3731 2553 τῆς
3760 2489 3881 2553 δόξης

2322 2589 2412 2634 τοῦ
2442 2586 2629 2655 φωτός,
2675 2582 2736 2635 οῦ
2773 2581 3168 2655 περιϐέϐληνται
3215 2583 3318 2637 ἀπὸ
3369 2592 3465 2638 τοῦ
3509 2591 3596 2637 νῦν
3646 2585 3698 2636 αἱ
3731 2584 3883 2634 πισταὶ

2325 2676 2415 2723 καὶ
2469 2670 2684 2742 εὐγενεῖς
2739 2670 2941 2743 ψυχαὶ,
2978 2674 3155 2735 καθώς
3203 2691 3367 2745 φησιν
3422 2675 3448 2726 ό
3483 2668 3885 2730 Ἀπόστολος”’0

2327 2762 2586 2833 ἐγείρας
2639 2765 2924 2835 Χριστόν
2964 2758 3028 2813 ἐκ
3065 2771 3323 2834 νεκρῶν,
3378 2764 3760 2824 ζωοποιήσει
3795 2752 3880 2807 κειιἰ

2328 2852 2403 2902 τὰ
2442 2852 2639 2907 θνητά
2679 2856 2941 2923 σώματα
2979 2853 3153 2923 ἡμῶν
3199 2848 3316 2905 διὰ
3353 2861 3471 2905 τοῦ
3526 2851 3877 2905 ἐνοικοῦντος

3412 2943 3549 3005 Δόξα
3592 2949 3649 3014 τῇ
3710 2936 3881 3011 ἀῤῥήτῳ

2330 2940 2526 2993 αὐτοῦ
2584 2942 2955 3013 Πνεύματος
3020 2939 3081 2992 ἐν
3142 2943 3324 3012 ημῖν.

2257 3065 2297 3121 C
2331 3028 2716 3102 εὐσπλαγχνίᾳ,
2747 3034 2838 3082 καὶ
2875 3036 2945 3101 τῷ
2969 3028 3220 3103 ἀφράστω
3242 3030 3368 3085 ἐλέει
3396 3031 3583 3087 αὐτοῦ.

2401 3153 2452 3206 Δ’
2507 3158 2608 3207 Καὶ
2664 3153 2839 3219 πάλιν,
2892 3153 3128 3230 ⁸Ὠσπερ
3193 3155 3222 3213 ἠ
3313 3148 3893 3231 αἱμορροοῦσαγυνή

2330 3246 2754 3296 πιστεύσασα
2799 3246 2857 3296 ἐν
2933 3242 3227 3316 ἀληθείᾳ,
3287 3250 3403 3297 καὶ
3464 3245 3746 3316 ἁψαμένη
3809 3240 3899 3288 τοῦ

2328 3330 2705 3407 κρασπέδου
2738 3341 2847 3387 τοῦ
2891 3338 3153 3406 Κυρίου,
3191 3333 3385 3397 εύθέως
3419 3335 3603 3394 ἰάσεως
3635 3334 3797 3402 ἔτυχε.
3827 3328 3898 3377 καί

2329 3421 2582 3494 ἐξηράνθη
2616 3425 2645 3481 η
2676 3424 2832 3498 ῥύσις
2861 3432 2955 3486 τῆς
3000 3421 3308 3495 ἀκαθάρτου
3339 3432 3527 3496 πηγῆς
3556 3430 3643 3476 τοῦ
3669 3421 3864 3491 αἵματος
3890 3434 3899 3445 ⁸

2329 3510 2463 3563 οῦτω
2488 3518 2635 3564 πᾶσα
2661 3512 2817 3584 ψυχὴ
2852 3516 3057 3585 ἔχουσα
3088 3515 3146 3565 τό
3174 3510 3388 3567 ἀνίατον
3420 3520 3631 3586 τραῦμα
3649 3517 3739 3571 τῆς
3762 3508 3901 3577 ἀμαρ-

2327 3604 2458 3665 τίας,
2482 3606 2574 3659 τὴν
2599 3605 2773 3673 πηγὴν
2798 3609 2897 3654 τῶν
2924 3600 3231 3677 ἀκαθάρτων
3263 3608 3360 3656 καὶ
3389 3611 3629 3675 πονηρῶν
3649 3600 3902 3670 λογισμῶν,

2328 3687 2412 3741 ἐὰν
2466 3690 2727 3763 προσελθη
2783 3698 2856 3761 τῷ
2906 3698 3145 3764 Χριστῷ,
3195 3697 3288 3745 καὶ
3321 3689 3491 3765 δεηθῇ
3525 3692 3842 3745 πιστεύσασα
3865 3680 3901 3731 ἐκ

2330 3778 2566 3851 ἀληθείᾳ,
2614 3780 2800 3842 ἰάσεως
2850 3785 3111 3852 σωτηρίου
3161 3784 3432 3854 τυγχάνει
3484 3780 3541 3833 ἐκ
3596 3789 3686 3840 τῆς
3723 3774 3902 3828 ἀνιάτου

2328 3878 2498 3941 πηγῆς
2568 3876 2666 3921 τῶν
2737 3871 2935 3933 παθῶν,
3002 3874 3090 3922 καὶ
3154 3868 3467 3944 ξηραίνεται
3548 3860 3900 3922 ἐκλείπουσαὲ

2328 3963 2470 4028 πηγή
2510 3962 2697 4024 εκείνη,
2742 3960 2771 4017 ἡ
2818 3961 2937 4021 τοὺς
2989 3957 3323 4032 ἀκαθάρτους
3365 3960 3649 4033 λογισμοὺς
3678 3954 3903 4030 βρύουσαν

2332 4043 2425 4100 διὰ
2449 4054 2541 4108 τῆς
2573 4045 2841 4119 δυνάμεως
2887 4046 3065 4105 Ἰησοῦ
3110 4050 3270 4120 μόνου
3306 4065 3319 4078 ·
3378 4049 3521 4119 ἄλλῳ
3568 4044 3628 4101 δε
3657 4065 3753 4098 τινι
3781 4042 3905 4094 ἰάσα-

2334 4138 2458 4189 σθαι
2510 4139 2567 4188 τό
2615 4143 2824 4209 τραῦμα
2874 4144 3027 4190 τοῦτο
3070 4134 3354 4191 ἀδύνατον.
3415 4138 3593 4198 Οῦτως
3629 4137 3727 4209 γὰρ
3758 4130 3906 4184 ἐπετή-

2332 4222 2512 4279 δευσεν
2546 4226 2571 4277 ό
2602 4227 2791 4300 ἐχθρός
2844 4225 2893 4278 ἐν
2950 4234 3011 4298 τῇ
3062 4234 3154 4279 τοῦ
3205 4224 3390 4301 Ἀδὰμ
3440 4225 3755 4301 παραϐάσει,
3799 4219 3909 4270 ὥστε

2331 4319 2685 4386 τραυματίσαι
2756 4320 2845 4368 καὶ
2898 4319 3145 4369 σκοτίσαι
3217 4319 3308 4369 τόν
3360 4319 3467 4369 ἔσω
3521 4318 3801 4389 ἄνθρωπον,
3839 4308 3909 4357 τὸν

576 4390 915 4446 vulneraret
940 4407 1009 4446 ac
1036 4391 1291 4447 tenebris
1312 4392 1645 4449 offunderet
1665 4396 2001 4453 interiorem
2031 4399 2216 4457 homi-

2330 4405 2560 4475 ηγεμόνα
2589 4412 2704 4456 νοῦν
2764 4408 2849 4456 τὸν
2898 4405 3097 4479 ὁρῶντα
3145 4410 3298 4459 Θεόν.
3361 4405 3647 4476 Διέϐλεψοιν
3686 4394 3910 4454 λοιπὸνοὶ

566 4493 725 4544 nem,
802 4485 1063 4536 mentem
1120 4482 1401 4536 nimirum
1453 4482 1670 4539 ducem
1728 4485 2015 4553 hominis,
2083 4505 2219 4561 quae

562 4570 746 4624 Deum
786 4568 1148 4625 intuebatur.
1186 4572 1592 4641 Respexerunt
1640 4587 1781 4643 ergo
1826 4578 2219 4646 postmodum

558 4656 714 4713 oculi
746 4658 877 4728 ejus
910 4658 986 4713 ad
1032 4658 1169 4715 vitia
1207 4664 1264 4715 et
1296 4658 1661 4727 affectiones,
1704 4678 1739 4718 a
1763 4663 1939 4719 bonis
1970 4666 2218 4723 coelesti-

556 4746 671 4803 bus
702 4747 951 4804 exclusi.

628 4872 744 4945 35
794 4873 855 4926 V.
878 4873 1079 4929 Tantis
1122 4872 1301 4941 igitur
1348 4874 1695 4932 vulneribus
1740 4876 1989 4935 affectus
2017 4885 2128 4947 est,
2153 4887 2217 4938 ut

555 4962 780 5017 nemini
820 4961 1030 5017 datum
1061 4961 1133 5018 sit
1156 4978 1226 5018 ea
1262 4978 1495 5029 curare,
1524 4966 1637 5021 nisi
1668 4966 1779 5023 soli
1813 4970 2085 5037 Domino,
2118 4974 2213 5028 cui

554 5051 660 5106 soli
675 5051 963 5124 possibile
985 5052 1229 5122 est.Ipse
1246 5053 1403 5109 enim
1422 5056 1949 5121 veniens,Sustulit
1969 5069 2214 5128 peccata

551 5140 763 5197 mundi
801 5143 868 5208 ³³,
904 5141 1017 5197 hoc
1046 5147 1157 5208 est,
1182 5143 1674 5213 impurnmillum
1717 5146 1945 5203 fontem
1983 5150 2209 5219 cogita-

552 5230 780 5284 tionum
830 5231 1049 5286 animae
1106 5232 1452 5287 exsiccavit.
1480 5233 2003 5297 Quemadmodum
2052 5238 2211 5294 enim

552 5317 671 5385 illa,
706 5336 842 5392 quae
864 5321 1175 5390 sanguinis
1191 5320 1487 5393 proﬂuvio
1503 5321 1834 5387 laborabat,
1854 5341 1992 5381 cum
2005 5329 2213 5383 omnia

549 5424 659 5464 sua
688 5408 849 5464 bona
883 5410 940 5463 in
971 5409 1235 5466 medicos
1264 5409 1659 5480 impendisset
1687 5413 1806 5477 “,a
1834 5414 2211 5473 nullotamen

551 5512 759 5554 eorum
802 5502 1008 5555 curata
1036 5504 1122 5554 est
1147 5515 1161 5563 ;
1194 5498 1386 5555 donec
1408 5514 1728 5571 progressa
1754 5503 1832 5559 ad
1863 5504 2206 5575 Dominum,

635 5676 654 5711 ⁸
689 5677 833 5733 Gen.
882 5692 962 5743 ιιι,
994 5681 1053 5733 7.

1137 5678 1158 5712 θ
1187 5677 1303 5736 Isa.
1334 5683 1557 5751 LX1V,6.
1642 5682 1689 5717 ιο
1712 5683 2119 5751 Rom.vin,tt.

2204 5687 2249 5723 ¹¹
2272 5687 2475 5747 Matth.
2520 5706 2596 5757 ix,
2628 5694 2723 5751 20.

2330 4492 2581 4565 ὀφθαλμοὶ
2629 4493 2784 4547 αὑτοῦ
2837 4496 2904 4554 εἰς
2944 4496 3008 4547 τά
3063 4496 3199 4546 κακά
3247 4499 3344 4548 καὶ
3388 4498 3459 4548 τὰ
3510 4495 3673 4557 πάθη,
3707 4486 3912 4542 ἀποκλει-

2331 4584 2534 4643 σθέντες
2565 4592 2660 4635 τῶν
2692 4581 3005 4657 ἐπουρανίων
3033 4583 3269 4656 ἀγαθῶν,

2396 4884 2471 4942 Ε¹.
2527 4886 2709 4947 Οῦτως
2760 4882 2847 4938 οὖν
2912 4888 3340 4959 ἓτραυματίσθη,
3402 4890 3545 4941 ὥστε
3599 4882 3781 4960 μηδενὶ
3830 4876 3911 4932 δυ·

2324 4977 2476 5025 νατὸν
2530 4972 2657 5028 εἶναι
2690 4975 2965 5040 ἰάσασθαι,
3012 4976 3155 5049 εἰμὴ
3198 4982 3347 5049 μόνῳ
3404 4986 3480 5049 τῷ
3527 4982 3718 5051 Κυρίῳ,
3773 4972 3911 5037 τούτῳ

2324 5069 2463 5136 μόνῳ
2485 5061 2705 5117 δυνάτον
2727 5063 2887 5119 ἐστιν.
2909 5066 3071 5127 Αὐτός
3090 5069 3187 5140 γὰρ
3203 5065 3390 5133 ἐλθὼν,
3424 5068 3536 5142 Ἦρ
3551 5087 3573 5119 ε
3602 5071 3671 5124 τὴ
3686 5086 3710 5115 ν
3748 5062 3913 5134 ἁμαρ·

2324 5159 2465 5205 τίαν
2537 5162 2645 5207 τοῦ
2741 5159 3014 5229 κόσμου,
3099 5161 3370 5229 τουτέστι,
3462 5164 3558 5217 τὴν
3647 5154 3911 5226 ἀκάθαρτον

2325 5248 2503 5313 πηγὴν
2534 5253 2632 5296 τῶν
2666 5241 3019 5319 διαλογισμῶν
3072 5254 3166 5308 τῆς
3193 5246 3392 5320 ψυχῆς
3437 5247 3698 5321 ἐξήρανεν.
3734 5243 3908 5308 Ὠσπερ

2322 5334 2423 5404 γὰρ
2483 5335 2648 5391 ἐκείνη
2693 5336 2722 5394 ἠ
2778 5336 3137 5411 αἱμορροοῦσα
3167 5338 3351 5391 πάντα
3408 5340 3476 5390 τά
3529 5337 3716 5395 ἑαυτῆς
3760 5327 3911 5385 δαῖεν

2323 5425 2534 5479 νήσασα
2602 5430 2712 5483 τοῖς
2794 5424 3067 5497 ἰατρεῦσαι
3149 5422 3494 5499 δυναμένοις,
3554 5425 3674 5498 παρ’
3729 5414 3911 5474 οὐδενὸς

2327 5507 2641 5585 ἐθεραπεύθη
2696 5515 2912 5582 τούτων,
2967 5515 3059 5578 ἕως
3108 5514 3165 5569 οὗ
3221 5521 3571 5590 προσηγγισε
3616 5522 3687 5587 τῷ
3736 5509 3906 5583 Κυρίῳ»

2810 5694 2856 5731 ¹²
2893 5694 3069 5754 Joan.
3106 5713 3142 5762 ι,
3169 5696 3271 5754 20.
3384 5698 3431 5734 ¹³
3476 5693 3680 5755 Matth.
3716 5706 3786 5749 ix.
3820 5686 3900 5741 20-
