4034 6202
193 329 301 383 853

1469 323 1816 382 HOMILIE.
1859 357 1928 368 —
1964 327 2138 384 HOM.
2181 330 2300 386 XX.

3441 331 3551 391 654-

183 455 534 506 πιστεύσασα
569 456 620 506 ἓν
656 453 889 527 ἀληθείᾳ,
949 458 1040 507 καὶ
1095 452 1330 525 ἁψαμένη
1381 459 1472 505 τοῦ
1501 449 1795 527 κρασπέδου

1913 460 1969 511 et
1995 457 2244 512 credens
2273 457 2334 513 in
2367 457 2630 522 veritate,
2664 457 2848 528 tetigit
2893 458 3192 515 ﬁmbriam
3218 459 3552 517 vestimenti

181 545 379 609 αὐτοῦ,
427 550 517 597 καὶ
576 546 737 608 ούτως
786 546 970 607 εύθίως
1026 547 1216 617 ᾔσθετο
1280 553 1371 604 τῆς
1425 544 1613 604 ἰοὲσεως
1645 561 1658 573 ο
1711 549 1798 597 καὶ

181 636 313 691 ἔστη
373 634 404 690 ἡ
461 634 616 708 ῥύσις
663 642 755 688 τοῦ
814 637 1074 706 αἷματος’
1108 634 1240 686 οὕτω
1283 638 1377 691 τὴν
1411 632 1593 703 ψυχὴν
1644 651 1799 704 τραυο

181 724 541 796 ματισθεῖσαν
607 723 659 787 ἐξ
718 723 892 798 ἀρχῆς
944 731 1155 796 τραῦμα
1211 723 1418 776 ἀνίατον
1480 725 1659 776 παθῶν
1710 743 1800 775 κα⁶

184 817 328 876 κίας,
374 809 546 874 οὐδεὶς
594 817 711 866 οὔτε
759 810 1002 880 δικαίων,
1047 816 1164 866 οὔτε
1208 817 1469 886 Πατέρων,
1512 815 1628 865 οὔτε
1667 831 1800 886 προ-

194 910 388 973 φητῶν,
421 906 538 956 οὔτε
562 911 906 978 πατριαρχῶν
931 905 1136 974 ἴσχυσε
1165 903 1499 978 θεραπεῦσαι.

266 1133 335 1197 ς’.
376 1140 612 1196 Μωύσῆς
664 1130 836 1198 ἦλθεν,
891 1131 998 1186 ἀλλ’
1050 1133 1142 1186 ούκ
1200 1130 1442 1192 ἠδυνήθη
1474 1136 1617 1186 ἴασιν
1671 1154 1796 1186 παν-

188 1223 304 1280 τελῆ
362 1219 548 1276 δοῦναι
582 1241 594 1253 ·
642 1225 812 1299 ἱερεῖς,
873 1219 1040 1298 δῶρα,
1096 1219 1542 1287 ἀποδεκατώσεις,
1597 1222 1795 1276 σαϐϐα-

181 1317 395 1384 τισμοι,
455 1316 742 1384 νεομηνίαι,
803 1309 1172 1384 βαπτίσματα,
1244 1313 1442 1377 θυσίαι,
1507 1311 1793 1365 ὁλοκαυτώο

181 1420 318 1467 σεις,
378 1405 468 1453 καὶ
499 1407 646 1453 πᾶσα
673 1402 704 1458 ἠ
737 1400 890 1459 λοιπὴ
947 1397 1260 1458 δικαιοσύνη
1312 1399 1590 1453 ἐπετελεῖτο
1630 1404 1678 1454 ἓν
1721 1410 1793 1472 τῷ

174 1497 348 1562 νόμῳ,
407 1493 496 1541 καὶ
553 1489 766 1561 ἡψυχὴ
823 1489 1031 1548 ἰαθῆναι
1062 1488 1162 1541 ἀπὸ
1208 1496 1304 1550 τῆς
1357 1487 1654 1562 ἀκαθάρτου
1707 1491 1794 1564 ῥύ-

179 1599 318 1640 σεως
379 1589 478 1631 τῶν
525 1588 696 1632 κακῶν
741 1579 1005 1653 λογισμῶν
1059 1579 1150 1632 ούκ
1197 1576 1461 1645 ἠδυνήθη,
1517 1585 1606 1632 καὶ
1649 1587 1795 1632 πᾶσα

176 1672 207 1728 ἡ
250 1666 571 1727 δικαιοσύνη
619 1668 776 1728 αὐτῆς
824 1672 1141 1743 θεραπεῦσαι
1198 1668 1353 1721 αὐτόν
1399 1669 1493 1721 ούκ
1541 1673 1789 1741 ἰσχυσεν,

178 1761 274 1818 ἔως
333 1759 398 1810 οὗ
446 1755 596 1816 ἦλθεν
626 1761 652 1809 6
693 1763 864 1831 Σωτὴρ
897 1759 922 1810 6
963 1757 1202 1819 ἀληθινὸς
1266 1759 1458 1831 ἰατρὸς,
1515 1760 1540 1810 6
1596 1755 1792 1832 δωρεὰν

189 1847 422 1918 ἰώμενος,
478 1848 504 1897 6
573 1847 751 1908 ἑαυτός
804 1848 930 1920 ὑπερ
989 1855 1078 1900 τοῦ
1120 1853 1300 1918 γένους
1348 1856 1446 1899 τῶν
1511 1847 1793 1918 ἀνθρώπων

188 1935 373 2006 λύτρον
400 1933 548 1997 δούς.
596 1935 768 1998 Αὐτὸς
798 1942 954 2007 μόνος
1005 1941 1097 1995 τὴν
1150 1935 1377 2008 μεγάλην
1416 1940 1501 1988 καὶ
1546 1941 1796 2008 σωτήριον

191 2025 446 2097 λύτρωσιν
520 2029 611 2077 καὶ
671 2028 814 2078 ἴασιν
874 2033 965 2085 τῆς
1041 2025 1230 2096 ψυχῆς
1291 2025 1531 2083 ἐποίησεν
1565 2045 1578 2058 ·
1640 2025 1798 2085 αὐτὸς

190 2114 543 2188 ἠλευθέρωσεν
603 2113 764 2172 αύτὴν
817 2113 872 2165 ἐκ
928 2121 1018 2174 τῆς
1079 2113 1336 2179 δουλείας,
1402 2119 1492 2166 καὶ
1549 2113 1796 2186 ἐξήγαγεν

183 2203 356 2258 αὐτὴν
407 2201 462 2253 ἔκ
513 2207 744 2272 σκοτίας,
802 2199 926 2274 ἰδίῳ
957 2207 1086 2274 φωτὶ
1141 2199 1369 2264 δοξάσᾶς
1398 2201 1562 2260 αὐτήν
1593 2221 1604 2234 ο
1641 2202 1797 2263 αὐτὸς

179 2291 408 2364 ἐξήρανε
459 2297 551 2350 τὴν
617 2291 665 2343 ἐν
729 2291 859 2364 αὐτῇ
915 2296 1090 2364 πηγὴν
1144 2301 1242 2344 τῶν
1299 2291 1607 2364 ἀκαθάρτων
1659 2291 1796 2363 λογι-

437 2377 603 2434 Ἰδού
641 2384 784 2455 γὰρ,
826 2386 1005 2453 φησὶν,
1055 2382 1081 2432 6
1122 2382 1347 2453 Ἀμνός
1399 2388 1508 2435 τοῦ
1549 2388 1727 2447 Οεοῦ,
1770 2381 1796 2433 6

175 2474 393 2544 αῑρων
431 2474 544 2528 τὴν
583 2470 906 2542 ἁμαρτίαν
945 2477 1052 2522 τοῦ
1091 2473 1366 2542 κόσμου.

180 2389 339 2453 σμὼν
375 2397 390 2411 ⁸

255 2594 335 2646 Ζ’.
403 2599 479 2646 Ού
532 2598 633 2668 γὰρ
691 2591 924 2653 ἠδύνατο
976 2597 1042 2647 τὰ
1097 2591 1216 2648 ἴδιοί
1263 2593 1318 2646 ἐκ
1370 2604 1468 2667 γῆς
1526 2597 1792 2668 φάρμακα,

178 2687 436 2736 τουτέστι
487 2687 553 2735 τὰ
619 2683 804 2746 ἑαυτῆς
871 2681 1208 2756 δικαιώματα
1266 2689 1418 2756 μόνον
1479 2687 1796 2760 θεραπεῦσαι

181 2778 273 2824 καὶ
351 2772 613 2825 ἰάσασθαι
676 2773 840 2831 αὐτὴν
904 2776 959 2824 ἑκ
1026 2781 1118 2833 τῆς
1189 2774 1509 2836 τηλικαύτης
1567 2773 1796 2846 ἀοράτου

187 2862 423 2933 πληγῆς,
480 2861 606 2914 ἀλλὰ
663 2858 758 2914 διά
809 2871 904 2923 τῆς
957 2863 1200 2936 ούρανίου
1249 2868 1339 2915 καὶ
1399 2865 1540 2926 θείας
1594 2867 1798 2936 φύσεως

193 2960 288 3013 τῆς
346 2947 543 3023 δωρεᾶς
585 2959 676 3003 τοῦ
705 2951 861 3023 ἁγίου
916 2954 1229 3022 Πνεύματος,
1261 2949 1354 3004 διὰ
1383 2956 1568 3005 τούτου
1595 2954 1796 3028 φαρμάο

202 3059 292 3090 κου
335 3046 495 3110 μόνου
539 3037 777 3098 ἠδυνήθη
834 3039 1019 3100 ἰάσεως
1067 3047 1250 3112 τυχεῖν
1304 3042 1330 3092 6
1377 3042 1665 3113 ἄνθρωπος,
1708 3047 1797 3093 καὶ

1912 547 2080 614 ejus;
2115 551 2171 602 et
2201 546 2285 601 sic
2346 563 2485 602 mox
2536 547 2851 603 sanitatem
2899 563 2960 602 se
3018 556 3402 605 consecutam
3435 565 3564 605 esse

1911 634 2118 698 sensit,
2151 651 2222 691 ac
2252 636 2410 690 stetit
2441 635 2802 708 proﬂuvium
2832 635 3144 706 sanguinis
3169 653 3181 692 :
3214 637 3298 692 sic
3322 653 3571 709 quoque

1910 721 2178 778 animam
2237 723 2573 780 sauciatam
2621 724 2698 780 ab
2751 725 2918 780 initio
2975 724 3219 782 vulnere
3251 725 3570 782 incurabili

1908 809 2264 868 vitiosarum
2290 812 2695 877 aﬂ‘ectionum,
2729 813 2926 868 nullus
2954 829 3062 870 nec
3100 815 3421 885 justorum,
3457 831 3566 872 nec

1909 898 2172 967 Patrum,
2225 917 2334 958 nec
2406 902 2858 975 prophetarum,
2927 917 3037 958 nec
3089 904 3564 975 patriarcharum

1907 1002 2117 1046 curare
2139 990 2356 1062 potuit.

1981 1133 2067 1187 VI.
2088 1135 2280 1190 Moses
2301 1134 2549 1206 quidem
2567 1135 2748 1200 venit,
2767 1133 2870 1190 sed
2893 1134 3214 1191 sanitatem
3238 1136 3563 1208 perfectam

1905 1221 2176 1278 conferre
2206 1224 2489 1296 nequivit.
2556 1224 2928 1290 Sacerdotes,
2984 1240 3255 1290 munera,
3297 1224 3564 1281 decima-

1905 1310 2120 1376 tiones,
2150 1312 2525 1377 sabbatismi,
2561 1313 2917 1377 neomeniaa,
2964 1313 3322 1380 ablutiones,
3350 1313 3572 1369 sacriﬁ-

1904 1399 2403 1467 cia,holocausta,
2419 1402 2769 1458 etuniversa
2793 1401 3568 1473 reliquajustitiaconsum-

1905 1488 2184 1544 mabatur
2215 1489 2275 1544 in
2303 1489 2468 1558 lege;
2506 1506 2613 1545 nec
2645 1496 2844 1546 tamen
2892 1490 3096 1546 anima
3127 1492 3326 1548 sanari
3355 1508 3426 1547 ac
3459 1507 3566 1564 pu-

1904 1577 2121 1633 riﬁcari
2152 1578 2229 1633 ab
2262 1578 2503 1650 impuro
2555 1579 2724 1634 ﬂuxu
2778 1595 3102 1651 pravarum
3131 1581 3563 1649 cogitationum

1905 1668 2130 1738 potuit;
2165 1683 2273 1723 nec
2302 1668 2585 1724 universa
2636 1668 2868 1738 justitia
2919 1669 3048 1739 ejus
3108 1684 3315 1724 curare
3363 1670 3560 1740 ipsum

1904 1754 2106 1819 valuit,
2131 1757 2324 1811 donec
2349 1758 2506 1812 venit
2560 1757 2848 1822 Salvator,
2907 1773 3086 1812 verus
3137 1758 3426 1823 medicus,
3459 1759 3563 1830 qui

1905 1844 2090 1913 gratis
2121 1851 2294 1900 sanat
2319 1859 2332 1898 :
2357 1847 2456 1918 qui
2493 1861 2553 1901 se
2581 1846 2778 1918 ipsum
2806 1862 2916 1918 pro
2953 1847 3224 1902 humano
3256 1862 3474 1916 genere
3501 1846 3563 1902 in

1905 1933 2161 2005 pretium
2194 1935 2626 2007 redemptionis
2651 1936 2915 1998 tradens,
2940 1934 3101 1991 solus
3128 1937 3253 2006 ipse
3273 1951 3558 2005 magnam

1905 2027 1961 2078 et
1985 2023 2306 2079 salutarem
2353 2024 2830 2096 redemptionem
2885 2041 2956 2079 ac
2987 2025 3305 2081 sanitatem
3342 2027 3560 2080 anima:

1905 2116 2186 2184 operatus
2226 2118 2330 2167 est.
2389 2119 2520 2184 Ipse
2572 2113 2842 2168 liberavit
2870 2129 3005 2169 eam
3058 2129 3095 2169 a
3138 2114 3437 2174 servitute.
3497 2118 3554 2170 et

1904 2200 2105 2256 eduxit
2125 2216 2260 2256 eam
2275 2218 2345 2257 ex
2373 2203 2774 2267 tenebris,suo
2805 2201 3034 2258 lumine
3059 2218 3192 2258 eam
3209 2201 3513 2258 illustrans
3539 2219 3552 2257 :

1904 2289 2030 2360 ipse
2055 2289 2373 2344 exsiccavit
2396 2291 2454 2345 in
2507 2307 2577 2346 ea
2604 2291 2828 2346 fontem
2861 2289 3308 2346 immundarum
3337 2291 3560 2360 cogita-

1904 2378 2168 2434 tionum:
2203 2380 2352 2435 Ecce
2380 2380 2558 2446 enim,
2591 2380 2801 2451 inquit,
2856 2381 3065 2450 Agnus
3093 2379 3219 2446 Dei,
3267 2380 3370 2451 qui
3400 2381 3563 2436 tollit

1902 2472 2147 2537 peccata
2183 2468 2394 2524 mundi
2425 2471 2493 2522 ιι.

1977 2602 2092 2656 VII.
2125 2602 2254 2658 Non
2285 2603 2446 2658 enim
2499 2608 2824 2674 potuerunt
2876 2609 3108 2659 terrena
3132 2603 3264 2676 ejus
3296 2603 3560 2659 medica-

1910 2697 2130 2756 menta,
2166 2691 2280 2748 hoc
2309 2699 2398 2748 est
2422 2692 2881 2764 justiﬁcationes
2917 2693 3048 2765 ejus
3075 2691 3235 2756 solae,
3269 2708 3476 2748 curare
3498 2699 3558 2750 et

1906 2796 2121 2835 sanare
2148 2780 2309 2836 illam
2341 2797 2377 2836 a
2409 2787 2571 2837 tanta
2596 2781 2881 2837 invisibili
2925 2781 3106 2852 plaga
3133 2797 3145 2837 :
3175 2781 3277 2836 sed
3301 2781 3558 2837 caelestis

1905 2875 1960 2925 et
1988 2869 2208 2924 divinae
2230 2876 2454 2925 natura)
2479 2869 2790 2935 beneﬁcio,
2810 2870 2954 2925 doni
2982 2869 3270 2926 nimirum
3305 2871 3556 2942 Spiritus

1905 2959 2114 3022 sancti,
2137 2958 2317 3028 hujus
2350 2957 2773 3014 medicamenti
2831 2958 3016 3014 solius
3046 2974 3159 3031 ope
3185 2959 3374 3030 potuit
3405 2960 3561 3016 sani-

1907 3051 2086 3102 tatem
2143 3046 2428 3118 consequi
2486 3046 2690 3111 homo,
2751 3051 2808 3102 et
2855 3047 2934 3102 ad
2989 3047 3171 3103 vitam
3231 3047 3558 3118 pervenire,

206 3130 343 3191 ζωῆς
387 3129 677 3201 ἐφικέσθαι,
732 3131 1070 3203 καθαρισθεὶς
1137 3131 1236 3181 ὑπὸ
1289 3137 1380 3181 τοῦ
1436 3130 1590 3202 ἁγίου
1642 3133 1795 3183 Πνεύ-

1909 3135 2219 3208 puriﬁcato
2248 3135 2426 3191 corde
2448 3152 2483 3191 a
2508 3136 2727 3208 Spiritu
2757 3141 2989 3192 sancto.
3019 3135 3330 3202 Cmterum,
3355 3151 3564 3208 quem-

192 3238 355 3291 ματος
405 3223 496 3277 τὴν
548 3216 790 3293 καρδίαν.
847 3218 984 3273 Ἀλλ’
1043 3221 1216 3292 ὥσπερ
1285 3221 1387 3272 ὶκεί
1433 3223 1462 3278 ἡ
1520 3224 1650 3290 γυνὴ
1703 3219 1798 3271 κάν

192 3309 413 3368 ἰαθῆναι
465 3309 561 3361 ούκ
613 3305 880 3375 ἠδυνήθη,
936 3313 1025 3362 καὶ
1053 3312 1486 3385 τετραυμοίτιστο,
1520 3309 1626 3362 ἀλλ’
1658 3312 1794 3382 ὅμως

187 3397 367 3460 πόδας
414 3397 527 3470 εἶχε
556 3406 646 3451 τοῦ
677 3398 834 3452 ἐλθεῖν
864 3403 995 3473 πρὸς
1046 3403 1131 3451 τὸν
1193 3403 1404 3472 Κύριον,
1459 3405 1549 3452 καὶ
1578 3398 1801 3453 ἐλθοῦσα

185 3495 381 3562 τυχεῖν
438 3489 626 3549 ἰάσεως
668 3505 684 3518 ·
740 3489 926 3559 ὁμοίως
982 3493 1072 3540 καὶ
1115 3490 1142 3540 6
1203 3488 1389 3561 τυφλός
1437 3488 1643 3553 ἐκεῖνος⁹
1704 3490 1798 3542 κᾶν

183 3576 486 3652 ὑπερϐῆναι
528 3577 621 3630 οὐκ
653 3573 903 3643 ἠδύνατο,
958 3583 1046 3630 καὶ
1103 3576 1263 3630 ἕλθεῖν
1313 3581 1444 3652 πρὸς
1489 3582 1577 3630 τὸν
1611 3582 1798 3653 Κύριον

184 3663 280 3720 διὰ
323 3669 390 3718 τό
419 3671 491 3737 μὴ
543 3665 768 3738 βλέπειν,
813 3666 922 3718 ἀλλ’
973 3665 1216 3740 ὀξυτέραν
1263 3665 1492 3738 ἀγγέλων
1533 3667 1799 3721 ἀπέστειλε

180 3762 277 3815 τὴν
309 3761 509 3828 φωνην.
551 3755 727 3827 Ἐλεγε
765 3759 888 3830 γὰρ,
939 3759 1045 3809 Υἱε
1085 3753 1319 3824 Δαϐὶδ,
1362 3757 1632 3815 ἐλέησόν
1676 3777 1748 3829 με
1780 3775 1793 3788 °

177 3851 270 3899 καὶ
326 3845 468 3897 οὕτω
529 3849 834 3909 πιστεύσας,
899 3845 1086 3906 ἰάσεως
1160 3849 1365 3918 ἔτυχεν,
1421 3847 1654 3905 ἐλθόντος
1705 3853 1796 3898 τοῦ

179 3939 393 4010 Κυρίου
449 3937 581 4006 πρὸς
643 3934 796 3987 αὐτόν
851 3939 940 3987 καὶ
981 3931 1263 4006 διαϐλέψαι
1311 3940 1653 3997 ποιήσαντος,
1714 3935 1798 3986 ού·

178 4045 294 4086 τως
345 4027 435 4076 καὶ
493 4025 523 4081 ἡ
579 4022 757 4094 ψυχὴ,
841 4023 936 4076 κᾶν
1002 4027 1451 4096 τετραυματισται
1527 4027 1797 4096 τραύμασι

178 4118 293 4168 θῶν
344 4111 579 4184 ἀτιμίας,
633 4111 727 4164 κάν
784 4113 1100 4185 τετύφλωται
1135 4115 1236 4165 ύπὸ
1287 4122 1379 4165 τοῦ
1429 4119 1644 4174 σκότους
1703 4121 1798 4175 τῆς

178 4205 472 4277 ἁμαρτίας,
520 4201 624 4253 ἀλλ’
705 4203 839 4274 ὅμως
891 4206 1003 4274 ἔχει
1062 4202 1259 4275 θέλημα
1304 4210 1396 4255 τοῦ
1455 4201 1652 4276 βοῆσαι
1707 4208 1797 4256 καὶ

180 4293 411 4346 καλέσαι
453 4293 684 4360 Ἰησοῦν,
727 4293 808 4344 ἶνα
860 4291 1018 4354 αὐτὸς
1065 4290 1218 4345 ἐλθὼν
1283 4291 1540 4367 λύτρωσιν
1591 4291 1797 4344 αἰώνιον

183 4388 314 4442 ποιὴ
327 4401 397 4456 σῃ
429 4378 493 4454 τῇ
521 4380 700 4452 ψυχῇ.

1909 3223 2237 3280 admodum
2288 3224 2368 3280 ibi
2420 3223 2652 3289 mulier,
2681 3225 2964 3298 quamvis
2991 3227 3326 3288 vulnerata,
3359 3223 3560 3280 curari

1908 3329 2030 3369 non
2063 3320 2324 3385 poterat;
2350 3313 2740 3370 nihilominus
2791 3313 2976 3387 pedes
3018 3313 3301 3378 habebat,
3337 3313 3559 3384 quibus

1909 3402 2217 3458 accederet
2269 3402 2346 3458 ad
2383 3403 2724 3467 Dominum,
2771 3407 2827 3458 et
2883 3403 3129 3459 veniens
3180 3402 3558 3458 sanationem

1909 3497 2401 3564 consequeretur:
2437 3491 2638 3547 itidem
2692 3498 2749 3547 et
2778 3507 2972 3548 caecus
3023 3490 3141 3558 ille,
3167 3490 3447 3564 quamvis
3478 3491 3564 3545 in-

1909 3581 2116 3636 cedere
2143 3597 2263 3638 non
2288 3585 2540 3652 poterat,
2567 3588 2624 3637 et
2639 3582 2839 3636 venire
2856 3581 2934 3637 ad
2970 3581 3283 3638 Dominum
3303 3595 3374 3636 eo
3396 3579 3559 3654 quod

1909 3671 2039 3725 visu
2060 3671 2493 3734 destitueretur,
2517 3671 2843 3726 acutiorem
2879 3677 3077 3725 tamen
3109 3670 3337 3739 angelis
3367 3669 3563 3724 emisit

1907 3774 2138 3814 vocem.
2165 3759 2540 3814 Aiebateniui
2565 3775 2576 3814 :
2609 3759 2956 3822 FiliDavid,
2980 3758 3382 3814 misereremei
3402 3760 3448 3793 ¹⁵
3475 3764 3566 3813 :et

1907 3846 1987 3901 ita
2013 3847 2282 3910 credens,
2315 3846 2633 3902 sanitatem
2661 3853 3016 3902 consecutus
3047 3851 3156 3914 est,
3184 3845 3455 3901 veniente
3484 3845 3562 3900 ad

1907 3933 2070 3988 illum
2099 3935 2372 4000 Domino,
2395 3935 2569 4005 eique
2593 3935 2787 3989 visum
2807 3935 3179 3988 restituente:
3213 3933 3294 3988 sic
3316 3948 3562 4005 quoque

1907 4021 2131 4083 anima,
2153 4023 2438 4094 quamvis
2461 4021 2730 4078 sauciata
2754 4021 2826 4077 sit
2855 4021 3391 4091 ignominiosarum
3420 4019 3561 4075 aﬂ‘e-

1907 4113 2171 4167 ctionum
2193 4111 2562 4180 vulneribus,
2579 4113 2861 4185 quamvis
2885 4113 3188 4167 obcaecata
3207 4111 3279 4165 sit
3302 4109 3561 4164 tenebris

1906 4200 2156 4271 peccati,
2178 4199 2570 4255 nihilominus
2593 4198 3152 4256 habetvoluntatem
3179 4197 3482 4254 clamandi
3505 4203 3562 4253 et

1908 4288 2230 4344 invocandi
2256 4290 2482 4355 Jesum,
2506 4295 2571 4344 ut
2602 4289 2729 4359 ipse
2759 4289 3004 4344 veniens
3022 4293 3306 4344 aeternam
3329 4287 3562 4342 redem-

1907 4376 2175 4448 ptionem
2209 4377 2428 4433 animm
2456 4382 2754 4449 procuret.

259 4506 346 4561 H'.
391 4506 596 4579 Ὠσπερ
649 4507 750 4580 γὰρ
803 4508 988 4566 ἐκεῖνος
1035 4507 1060 4558 ὁ
1110 4506 1316 4578 τυφλὸς,
1373 4507 1415 4559 εἰ
1466 4511 1538 4580 μὴ
1589 4506 1794 4573 ἐϐόησε,

1981 4512 2116 4567 VIII.
2150 4511 2676 4577 Quemadmodum
2703 4510 2866 4567 enim
2909 4526 3103 4566 caecus
3137 4509 3252 4576 ille,
3300 4509 3416 4566 nisi
3445 4508 3561 4566 ela-

185 4603 277 4650 καὶ
329 4597 362 4653 ἡ
430 4593 786 4670 αἱμορροοῦσα
867 4595 1128 4670 προσῆλθε
1183 4596 1254 4666 τῷ
1329 4601 1523 4671 Κυρίῳ,
1583 4597 1674 4649 οὐκ
1737 4597 1796 4648 ἂν

190 4685 489 4758 ἐτύγχανον
532 4684 715 4744 ἰάσεως
747 4701 760 4714 ·
814 4684 996 4748 ούτως,
1044 4684 1127 4736 ἐὰν
1153 4689 1224 4757 μή
1280 4705 1360 4746 τις
1399 4685 1454 4738 ἐκ
1505 4694 1597 4739 τοῦ
1656 4683 1795 4739 ἰδίου

192 4776 508 4847 θελήματος,
569 4777 656 4825 καὶ
706 4772 830 4836 ὅλης
879 4779 1231 4847 προαιρέσεως
1271 4773 1388 4848 ἔλθη
1425 4778 1551 4847 πρὸς
1586 4779 1794 4850 Κύριον,

190 4870 281 4917 καὶ
334 4865 468 4934 μετά
534 4862 890 4936 πληροφορίας
954 4868 1174 4925 πίστεως
1224 4859 1411 4936 δεηθῇ,
1493 4865 1674 4926 ἰάσεως
1739 4865 1796 4917 ού

192 4955 472 5026 τηχοίνει.
553 4958 646 5004 Δια
715 4957 767 5004 τί
813 4954 914 5024 γάρ
975 4951 1155 5004 ἐκεῖνοι
1223 4956 1591 5014 πιστεύσαντες
1650 4955 1797 5008 ἰῶντο

193 5043 397 5106 εύθίως,
471 5043 623 5112 ἡμεῖς
699 5037 758 5093 δὲ
807 5044 950 5093 οὔπω
1027 5038 1366 5114 διεϐλέψαμεν
1433 5043 1486 5106 ἒξ
1535 5042 1792 5107 ἀληθείας,

1625 5139 1796 5187 καίτοι

195 5220 386 5293 μᾶλλον
445 5221 470 5271 ό
512 5223 704 5292 Κύριος
757 5215 1014 5294 φροντίδα
1062 5227 1288 5272 ποιεῖται
1343 5222 1468 5293 ὑπὲρ
1525 5229 1618 5280 τῆς
1669 5223 1795 5274 ἀθα-

197 5311 351 5361 νάτου
380 5308 588 5380 ψυχῆς,
614 5309 644 5366 ἣ
679 5310 805 5382 ύπερ
838 5315 928 5361 τοῦ
963 5315 1204 5380 σώματος
1237 5327 1250 5338 '
1287 5311 1405 5370 ἣτις
1429 5309 1512 5360 ἰὰν
1536 5307 1791 5384 διαϐλίψη

199 5400 335 5450 κατά
361 5401 449 5450 τὸν
477 5397 710 5469 λέγοντα,
753 5397 1202 5468 Ἀποκάλυψον
1241 5402 1392 5460 τούς
1431 5397 1795 5470 ὀφθαλμούς

205 5506 341 5556 μου,
380 5487 552 5540 ούκίτι
583 5486 656 5548 εἰς
696 5490 782 5539 τὸν
835 5487 998 5539 αἰῶνα
1025 5487 1445 5560 τυφλωθὼσεται,
1475 5491 1562 5539 καὶ
1591 5488 1796 5542 ἰαθεῖσα

207 5575 373 5629 ούκέτι
441 5578 982 5650 τραυματισθήσεται.
1041 5576 1100 5630 Εἰ
1162 5579 1261 5650 γὰρ
1333 5576 1622 5649 ἐπιμέλειαν
1695 5586 1794 5630 τῶν

191 5137 282 5183 καὶ
340 5131 437 5183 ούκ
492 5130 706 5202 ἰάθημεν
769 5129 823 5183 ἐκ
879 5138 978 5182 τῶν
1038 5137 1266 5202 κρυφίων
1341 5134 1566 5199 παθῶνς

282 5720 324 5754 ¹⁶
363 5720 534 5778 Joan.
568 5737 606 5787 ι,
637 5717 726 5775 29.
805 5720 849 5756 ³⁵
881 5719 1075 5777 Matth.
1108 5735 1206 5786 xv,
1239 5719 1328 5775 22.

1910 4606 2158 4666 masset,
2187 4606 2243 4657 et
2264 4601 2376 4657 nisi
2400 4616 2533 4673 quae
2553 4600 2844 4672 proﬂuvio
2871 4600 3183 4670 sanguinis
3218 4598 3558 4666 laborabat,

1911 4692 1989 4747 ad
2017 4691 2336 4746 Dominum
2355 4690 2724 4756 accessisset,
2748 4689 3124 4746 sanationem
3158 4703 3277 4743 non
3307 4687 3559 4743 fuissent

1909 4779 2215 4836 consecuti
2239 4795 2250 4833 :
2285 4779 2498 4834 eodem
2524 4778 2704 4833 modo
2728 4778 2844 4836 nisi
2871 4779 3006 4849 quis
3035 4777 3276 4848 proprio
3302 4781 3466 4832 motu
3490 4791 3561 4830 ac

1907 4870 2137 4938 integro
2169 4868 2480 4940 proposito
2513 4867 2590 4922 ad
2642 4866 2961 4922 Dominum
3019 4865 3286 4928 accedat,
3318 4870 3373 4920 et
3421 4880 3561 4919 cum

1907 4957 2276 5029 plenitudine
2329 4956 2466 5011 tidei
2527 4971 2666 5011 eum
2721 4956 3092 5026 deprecetur,
3156 4953 3318 5008 nullo
3376 4953 3559 5008 modo

1907 5046 2237 5102 sanationis
2295 5045 2360 5100 ﬁt
2411 5045 2730 5116 particeps.
2787 5045 2899 5099 Cur
2945 5044 3103 5098 enim
3160 5042 3237 5096 illi
3281 5041 3460 5096 simul
3492 5057 3562 5097 ac

1907 5135 2215 5192 crederent
2240 5133 2634 5198 sanabantur,
2662 5148 2771 5188 nos
2818 5139 3016 5188 autem
3049 5131 3319 5188 nondum
3353 5147 3560 5187 revera

1906 5225 2099 5279 visum
2141 5223 2496 5294 recepimus,
2548 5238 2657 5276 nec
2711 5221 2790 5276 ab
2843 5221 3088 5276 occultis
3146 5219 3562 5276 aﬂectionibus

1906 5314 2099 5369 sanati
2122 5328 2332 5366 sumus
2357 5311 2384 5365 ‘I
2416 5313 2628 5366 Verum
2656 5310 2942 5366 Dominus
2977 5313 3269 5380 majorem
3297 5311 3443 5378 gerit
3465 5325 3563 5365 cu-

1906 5418 2034 5457 ram
2049 5399 2403 5456 immortalis
2417 5399 2847 5471 animae,quam
2862 5398 3298 5469 corporis.0u£e
3312 5397 3560 5470 quidem

1905 5489 2062 5545 visui
2093 5489 2380 5554 restituta,
2415 5487 2749 5543 secundum
2781 5503 2942 5550 eum,
2996 5487 3100 5559 qui
3135 5485 3311 5543 dicit:
3341 5488 3560 5545 Revela

1908 5579 2106 5636 oculos
2131 5593 2283 5634 meos
2310 5579 2380 5646 ¹⁶,
2405 5577 2464 5633 in
2491 5582 2780 5633 aeternum
2802 5590 2924 5631 non
2951 5575 3212 5649 amplius
3230 5576 3556 5634 excaecabi-

1406 5721 1454 5756 ¹⁶
1494 5718 1706 5775 Psalm.
1740 5735 1932 5788 cxvm,
1958 5721 2042 5776 18.
