4076 6210
568 314 676 369 655

1869 308 1929 364 S.
1970 305 2275 363 MACARII
2315 304 2625 361 EGYPTII

3770 310 3855 366 656

568 444 681 506 tur,
709 442 765 494 et
795 441 1009 494 sanata
1045 451 1167 492 non
1200 434 1461 508 amplius
1494 432 1924 489 vulnerabitur.
1966 432 2024 489 Si
2048 431 2204 488 enim

2328 432 2563 505 φθαρτῶν
2628 429 2881 501 σωμάτων
2930 431 2957 481 ό
3007 431 3199 503 Κύριος
3253 428 3552 498 ἕποιήσατο,
3618 431 3748 486 nam
3791 435 3860 489 ἰπὶ

566 526 1041 599 corruptibilium
1060 541 1381 596 corporum
1403 540 1609 580 curam
1626 522 1885 593 suscepit
1901 522 2213 584 Dominus,

566 618 626 673 in
659 617 952 671 mundum
1006 630 1143 670 cum
1173 614 1459 679 venisset;
1488 616 1717 684 quanto
1770 610 1964 680 magis
1998 610 2215 666 animae

566 706 919 761 immortalis
942 704 1059 775 86
1082 709 1138 758 et
1161 702 1493 759 secundum
1512 700 1837 771 imaginem
1859 701 1989 769 ejus
2014 698 2217 754 condi-

566 800 640 850 ιω
671 793 698 848 7
729 797 973 864 Propter
993 791 1464 848 incredulitatem
1480 796 1678 845 autem
1702 794 1975 844 nostram
1995 794 2049 844 et
2067 788 2217 843 sedi-

566 885 785 940 tionem
813 891 1107 947 nostram,
1130 881 1296 953 quod
1324 896 1442 935 non
1472 878 1797 949 diligamus
1823 893 1961 932 eum
1992 893 2062 932 ex
2091 882 2214 932 toto

564 973 762 1041 corde,
780 987 973 1043 neque
988 986 1117 1026 vere
1130 972 1181 1025 ei
1196 970 1532 1033 credamus,
1549 967 1820 1024 nondum
1841 966 2213 1038 spiritualem

564 1064 879 1118 sanitatem
910 1076 979 1115 ac
1006 1060 1258 1115 salutem
1291 1058 1591 1113 consecuti
1616 1072 1852 1113 sumus.
1885 1056 2213 1111 Credamus

563 1167 703 1220 ergo
725 1152 796 1217 ei,
830 1156 884 1205 et
916 1150 1278 1205 accedamus
1307 1150 1368 1204 in
1418 1148 1683 1213 veritate,
1719 1151 1783 1202 ut
1809 1145 2083 1201 velociter
2112 1160 2213 1200 ve-

562 1255 690 1295 ram
722 1239 1093 1294 sanationem
1112 1237 1171 1292 in
1196 1236 1369 1292 nobis
1388 1236 1737 1307 adimpleat.
1762 1232 2212 1289 Promisitenim

562 1344 623 1382 se
642 1328 991 1397 largiturum
1005 1326 1448 1395 postulantibus
1469 1340 1506 1381 a
1522 1340 1581 1381 se
1594 1323 1890 1394 Spiritum
1912 1328 2184 1379 sanctum
2197 1364 2210 1391 ,

566 1432 637 1472 ac
650 1416 1019 1485 pulsantibus
1034 1418 1459 1484 aperturum,et
1471 1428 1505 1468 a
1519 1412 1911 1483 quaerentibus
1923 1412 2213 1467 inventum

557 1508 637 1561 iri
663 1508 704 1540 1⁷
732 1513 920 1577 Atque
946 1521 955 1559 :
981 1506 1111 1560 Non
1135 1502 1549 1575 mentitur,qui
1563 1501 1835 1571 promisit
1862 1501 1929 1553 1⁸.
1950 1500 2067 1572 Ipsi
2091 1500 2213 1570 gloc

558 1595 650 1650 ria
678 1598 732 1650 et
757 1594 1025 1666 potentia
1053 1592 1111 1648 in
1146 1591 1385 1648 saecula.
1414 1599 1621 1645 Amen.

1159 1700 1447 1756 HOMILIA
1477 1699 1621 1755 XXI.

563 1808 906 1865 Christiano
922 1807 1376 1879 hominiduplex
1386 1807 1568 1861 incum
1578 1806 1656 1879 bit
1668 1806 1899 1879 bellum,
1916 1805 2210 1879 internum

634 1881 901 1936 videlicet
934 1885 984 1936 et
1012 1878 1344 1936 externum.
1373 1880 1501 1934 Hoc
1533 1878 1787 1949 quidem,
1821 1893 1954 1932 cum
1987 1878 2208 1933 recedit

628 1952 801 2019 ipsea
815 1951 1306 2007 distractionibus
1320 1948 1569 2005 terrenis
1588 1966 1605 2014 ;
1630 1949 1789 2004 illud
1805 1964 1939 2005 vero
1952 1949 2016 2003 in
2035 1948 2212 2005 corde

631 2024 915 2080 adversus
946 2023 1327 2094 cogitationes
1358 2021 1679 2092 spirituum
1710 2022 2026 2076 malorum.

634 2220 678 2277 Ι.
702 2219 1079 2291 Quicumque
1102 2234 1238 2273 vere
1266 2218 1382 2273 Deo
1401 2216 1635 2290 placere
1656 2220 1918 2289 exoptat,
1945 2232 2015 2271 ac
2039 2231 2210 2271 veras

560 2308 854 2365 adversus
886 2307 1292 2363 adversariam
1320 2311 1549 2378 partem
1592 2306 1924 2362 inimicitias
1945 2304 2210 2377 suscipit,

558 2398 720 2453 hunc
731 2395 812 2451 du
823 2396 955 2467 plici
972 2396 1249 2451 conﬂictu
1272 2412 1341 2451 ac
1354 2396 1580 2467 duplici
1594 2396 1914 2450 certamine
1929 2395 2215 2450 dimicare

558 2490 827 2558 oportet:
894 2490 1019 2540 tum
1073 2486 1132 2539 in
1182 2485 1361 2540 rebus
1392 2483 1726 2539 visibilibus
1774 2484 1955 2554 hujus
1995 2484 2147 2553 vitae,
2180 2499 2216 2539 a

558 2573 1052 2629 distractionibus
1080 2575 1348 2638 terrenis,
1382 2589 1451 2629 ac
1498 2572 1812 2628 dilectione
1840 2572 2212 2629 vinculorum

559 2664 1033 2725 mundanorum,
1067 2668 1244 2734 atque
1277 2661 1692 2717 affectionibus
1740 2661 1965 2733 peccati
1992 2661 2216 2718 abhor-

561 2758 789 2807 rentem
813 2768 825 2805 :
858 2757 983 2805 tum
1009 2752 1065 2805 in
1092 2751 1338 2807 occultis
1364 2757 1571 2806 contra
1595 2751 1758 2823 ipsos
1784 2749 2022 2805 malitiae
2049 2751 2214 2823 spiri-

559 2846 655 2896 tus
683 2840 1074 2912 praeliantem,
1108 2840 1180 2896 de
1211 2841 1434 2913 quibus
1465 2839 1785 2911 Apostolus
1813 2839 2005 2895 aiebat
2032 2856 2043 2893 ε
2078 2841 2213 2896 Νοη

558 2938 641 2987 est
662 2930 827 2986 nobis
841 2931 1185 2987 colluctatio
1198 2931 1487 2986 adversus
1503 2929 1851 3000 sanguinem
1878 2937 1930 2985 et
1948 2944 2209 2994 carnem,

554 3020 657 3075 sed
667 3020 951 3076 adversus
966 3020 1099 3089 prin
1108 3019 1646 3088 cipatus,adversus
1656 3019 2212 3090 potestates,adver-
2272 3079 2279 3089 ,

557 3124 657 3165 sus
671 3109 869 3164 mundi
879 3109 1415 3174 dominos,rectores
1430 3110 1795 3164 tenebrarum
1807 3108 2000 3164 saeculi
2014 3108 2204 3178 hujus,

560 3199 846 3255 adversus
877 3198 1219 3268 spirituales
1249 3200 1501 3254 astutias
1526 3197 1588 3252 in
1621 3197 1944 3253 cwlestibus
1980 3198 2043 3251 ιθ.

627 3394 694 3448 ΙΙ.
747 3393 990 3448 Duobus
1034 3394 1192 3447 enim
1234 3392 1431 3447 modis
1480 3398 1536 3447 et
1594 3391 1847 3447 vinculis
1896 3392 2207 3447 devinctus

562 3481 747 3537 homo
768 3487 873 3543 est,
896 3487 1218 3552 postquam
1242 3480 1596 3535 mandatum
1614 3486 2024 3550 transgressus
2042 3486 2200 3536 extra

561 3569 776 3624 limites
794 3570 1057 3640 paradisi
1084 3570 1385 3640 projectus
1404 3575 1512 3624 est.
1534 3570 1596 3623 In
1623 3570 1736 3624 hac
1760 3570 2041 3624 nimirum
2066 3571 2201 3636 vita,

553 3658 733 3714 rebus
757 3658 833 3713 ad
862 3660 1043 3713 vitam
1072 3658 1524 3730 pertinentibus,
1546 3675 1612 3713 ac
1629 3658 1942 3714 dilectione
1970 3660 2202 3729 mundi,

554 3746 887 3804 carnalium
912 3762 1129 3819 nempe
1150 3747 1523 3819 voluptatum
1544 3752 1602 3802 et
1622 3746 2028 3814 affectionum,
2052 3748 2205 3803 divi-

551 3836 771 3893 tiarum
794 3843 850 3893 et
873 3835 1076 3908 glorias
1104 3853 1117 3896 :
1141 3853 1209 3892 ac
1233 3841 1665 3907 creaturarum,
1693 3838 1895 3893 uxoris
1918 3843 1973 3892 et
1993 3837 2205 3894 libero-

550 3942 723 3993 rum;
756 3926 1314 3995 consanguinitatis,
1351 3928 1577 3997 patriaa,
1629 3926 1917 3993 locorum,
1950 3934 2007 3983 et
2035 3927 2205 3982 indu-

549 4022 912 4081 mentorum,
947 4021 1019 4079 et,
1053 4022 1112 4070 ut
1145 4016 1493 4071 summatim
1517 4015 1736 4085 dicam,
1761 4018 2035 4071 omnium
2066 4033 2202 4088 quae

548 4105 700 4159 visui
730 4111 952 4176 patent,
987 4121 1021 4158 a
1049 4106 1270 4175 quibus
1320 4104 1567 4159 verbum
1620 4106 1718 4159 Dei
1750 4106 2018 4176 praecipit
2063 4122 2201 4161 eum

548 4193 775 4248 exsolvi
806 4194 1049 4265 propria
1071 4193 1374 4248 voluntate
1406 4194 1530 4264 (qui
1565 4210 1656 4260 ea,
1686 4210 1821 4264 quae
1848 4195 2034 4249 oculis
2065 4194 2203 4249 sub-

542 4282 701 4352 jecta
754 4286 914 4340 sunt.
976 4285 1189 4352 sponte
1242 4282 1498 4353 quisque
1555 4282 1860 4354 sectatur),
1922 4289 1985 4338 ut
2023 4283 2200 4338 abiis

546 4369 830 4425 omnibus
857 4384 919 4423 se
937 4370 1259 4440 expediens
1276 4386 1345 4424 ac
1362 4370 1644 4433 liberans,
1674 4371 1925 4439 perfecte
1947 4373 2201 4427 manda-

546 4462 670 4513 tum
702 4457 1022 4513 observare
1050 4458 1255 4528 possit.
1284 4459 1447 4513 Intus
1474 4474 1615 4513 vero
1639 4459 1928 4525 iutricata,
1950 4461 2199 4516 circum-

545 4546 785 4609 vallata,
822 4546 1007 4601 muris
1065 4547 1275 4616 cincta,
1339 4554 1513 4619 atque
1563 4548 1787 4603 catenis
1813 4549 2194 4605 tenebrarum

546 4634 824 4691 devincta
876 4640 964 4690 est
1020 4635 1244 4701 anima,
1303 4652 1404 4707 per
1457 4636 1698 4707 spiritus
1730 4638 1991 4703 malitias,
2025 4640 2103 4694 ita
2137 4646 2198 4696 ut

544 4740 663 4780 non
694 4725 881 4797 possit
906 4741 1013 4796 pro
1072 4725 1263 4780 lubitu
1295 4725 1541 4795 diligere
1571 4726 1911 4791 Dominum,
1946 4744 2056 4784 nec
2087 4745 2195 4801 pro

538 4813 730 4871 lubitu
763 4815 1021 4880 credere,
1052 4830 1159 4871 nec
1190 4831 1298 4886 pro
1328 4816 1515 4871 lubitu
1543 4816 1814 4872 adorare.
1851 4820 1993 4873 Nam
2028 4819 2193 4890 peni-

542 4908 635 4959 tus
660 4904 1047 4960 contrarietas
1104 4910 1225 4960 tam
1280 4904 1339 4959 in
1370 4906 1702 4961 manifestis
1732 4922 1920 4978 quam
1948 4908 2193 4963 occultis

538 4993 718 5049 rebus
770 4999 905 5064 post
951 4994 1491 5063 transgressionem
1541 4995 1717 5066 primi
1770 4995 2030 5051 hominis
2085 5013 2192 5053 nos

537 5082 775 5139 invasit.

608 5190 698 5243 III.
732 5188 788 5245 Si
833 5189 971 5261 quis
1019 5189 1221 5261 itaque
1274 5190 1478 5245 audito
1534 5190 1717 5246 verbo
1764 5191 1863 5246 Dei
1919 5207 2188 5263 pugnam

535 5279 747 5343 inierit,
778 5284 955 5349 atque
985 5278 1060 5333 ad
1091 5279 1249 5333 hanc
1280 5279 1464 5333 vitam
1498 5280 1830 5349 spectantia
1860 5287 1917 5335 et
1940 5280 2189 5353 laqueos

535 5369 745 5423 mundi
777 5384 813 5423 a
842 5384 905 5422 se
931 5368 1243 5439 projecerit
1265 5384 1595 5440 omnesque
1623 5370 1819 5424 carnis
1853 5370 2186 5442 voluptates

533 5457 953 5529 repudiaverit,
1006 5472 1077 5511 ex
1102 5456 1193 5511 bis
1244 5472 1305 5510 se
1347 5457 1545 5526 ipsum
1577 5458 1901 5528 expediens
1929 5476 1941 5525 ;
1968 5465 2091 5514 tum
2125 5460 2184 5515 in

534 5546 770 5602 Domini
794 5544 1119 5600 intentione
1156 5546 1659 5615 perseveraverit:
1695 5561 2058 5617 cognoscere
2088 5548 2183 5605 hic

605 5684 650 5717 ³⁷
688 5681 825 5735 Luc.
859 5696 937 5747 χι,
976 5681 1039 5735 t3
1063 5697 1076 5747 ;
1102 5680 1303 5737 Matth.
1332 5697 1429 5751 vn,
1464 5688 1516 5738 7.
1596 5684 1641 5718 ¹⁸
1673 5682 1778 5739 Tit.
1810 5698 1848 5751 1,
1881 5687 1935 5739 2.

2327 526 2416 579 τῆς
2454 528 2571 591 γῆς,
2612 522 2759 589 πόσῳ
2815 518 3007 589 μᾶλλον
3055 526 3152 581 τῆς
3199 516 3459 571 ἀθανάτου
3484 525 3567 573 καὶ
3605 524 3702 575 κατ’
3724 524 3864 577 εἰκόνα

2326 608 2483 661 αὐτοῦ
2534 611 2881 679 πεποιημένης
2911 607 3139 679 ψυχῆςς
3197 607 3356 662 Ἀλλά
3414 605 3504 661 διὰ
3530 614 3615 668 τὴν
3658 612 3862 666 ἀπιστίαν

2326 699 2491 769 ἡμῶν,
2527 693 2619 749 διὰ
2647 701 2741 755 τὴν
2779 694 3142 768 διχοστασίαν
3172 699 3339 769 ἡμῶν,
3394 693 3485 750 διὰ
3512 702 3564 750 τὸ
3587 704 3651 771 μὴ
3697 699 3868 773 ἀγαπᾷν

2324 787 2478 839 αὐτὸν
2533 786 2584 850 εξ
2640 786 2759 849 ὅλης
2839 783 3087 860 καρδίας,
3174 791 3305 858 μήτε
3354 786 3406 849 ἐξ
3480 786 3701 851 ἀληθείας
3754 792 3867 862 αύτῷ

2323 878 2604 942 πιστεύειν,
2633 872 2839 928 οὐδέπω
2867 883 2962 938 τῆς
3012 884 3369 948 πνευματικῆς
3402 875 3578 939 ἰάσεως
3618 884 3699 932 καὶ
3728 899 3870 938 σωτη-

2322 970 2440 1037 ρίας
2490 964 2762 1037 ἐτύχομεν.
2822 967 3190 1037 Πιστεύσωμεν
3251 961 3339 1017 οὖν
3407 964 3562 1036 αύτῷ,
3609 973 3692 1019 καὶ
3740 988 3871 1043 προσ-

2323 1054 2543 1125 έλθωμεν
2602 1052 2649 1105 ἐν
2725 1052 2955 1126 ἀληθείᾳ,
3020 1055 3102 1106 ἵνα
3177 1056 3225 1106 ἓν
3279 1057 3434 1125 τάχει
3502 1059 3586 1113 τὴν
3664 1055 3872 1117 ἀληθινὴν

2322 1146 2465 1195 ἴασιν
2535 1141 2582 1194 iv
2657 1145 2782 1215 ἡμῖν
2839 1147 3062 1216 ποιήσῃ.
3115 1143 3490 1215 Ἐπηγγείλατο
3544 1148 3639 1218 γὰρ
3698 1142 3873 1200 διδόναι

2322 1240 2459 1293 τοῖς
2497 1231 2800 1285 αἰτοῦσιν
2839 1232 3031 1285 αύτόν
3073 1240 3336 1301 Πνεῦμα
3394 1234 3595 1305 ἅγιον,
3631 1239 3732 1287 καὶ
3763 1242 3875 1296 τοῖς

2323 1324 2678 1395 κρούουσιν
2718 1320 3027 1393 ἀνοίγειν,
3069 1326 3178 1375 καὶ
3217 1329 3350 1383 τοῖς
3390 1322 3690 1383 ζητοῦσιν
3739 1325 3873 1396 εὑρί-

2326 1412 2631 1462 σκεσθαι·
2672 1414 2760 1462 καὶ
2819 1407 3109 1481 ἀψευδής
3158 1413 3336 1463 ἔστιν
3376 1412 3402 1463 ό
3457 1411 3874 1484 ἑπαγγειλάμε·

2322 1520 2439 1561 νος.
2472 1503 2623 1572 Αύτῷ
2640 1502 2670 1559 ἠ
2693 1496 2942 1563 δόξακαὶ
2974 1504 3032 1554 τὸ
3055 1504 3247 1575 κράτος
3266 1501 3339 1565 εἰς
3359 1505 3476 1564 τοὺς
3491 1502 3691 1565 αἰῶνας.
3719 1502 3873 1575 Ἀμήν.

2926 1703 3171 1751 ΟΜΙΛΙΑ
3202 1696 3328 1752 ΚΝ⁸

2246 1794 2413 1875 ΒΤῷ
2474 1807 2847 1879 Χριστιανῷ
2911 1806 3221 1879 ἀνθρωπῳ
3278 1802 3881 1879 δισσόςῌπροκειται

2394 1873 3489 1963 πόλεμοςηὲσῶιτεροςλδηλαδηααὶ
3515 1873 3815 1950 ἐξώτερος.
3841 1877 3885 1929 Ὁ

2394 1950 2505 2023 μεν
2542 1949 2604 1998 iv
2644 1954 2725 2023 τῷ
2768 1949 3162 2023 ἐφίστασθαι
3228 1949 3419 2023 αὐτὸν
3457 1949 3883 2023 περίισπασμῶν

2393 2017 2650 2091 γηΐνων,
2692 2022 2717 2071 ό
2759 2017 2827 2072 δὲ
2866 2020 2923 2073 iv
2962 2028 3033 2093 τῇ
3085 2018 3325 2094 καρδίᾳ
3364 2017 3885 2095 πρὸξλογισιίοὺς

2395 2099 2516 2144 τῶν
2554 2095 2940 2164 πνευμάτων
2980 2101 3097 2155 τῆς
3136 2098 3477 2168 πονηρίας.

2396 2214 2480 2270 A'.
2520 2214 2577 2267 Ὀ
2631 2213 2935 2289 βουλόμενος
2994 2217 3348 2291 εὐαρεστῆσαι
3396 2225 3511 2288 Θεῷ
3562 2215 3613 2281 iE
3664 2215 3889 2277 ἀληθείας,

2325 2308 2414 2356 καὶ
2488 2304 2601 2357 κατ’
2655 2304 2895 2363 ἀλήθειαν
2973 2314 3044 2376 τῷ
3118 2304 3330 2379 ἐναντίῳ
3388 2311 3531 2380 μέρει
3584 2315 3675 2368 τῆς
3737 2309 3889 2362 κακίας

2326 2391 2770 2466 ἀπεχθανόμενος,
2840 2398 2969 2466 πρὸς
3028 2392 3126 2448 δύο
3201 2394 3455 2459 ἀθλήσεις
3510 2400 3598 2449 καὶ
3651 2398 3768 2469 πρὸς
3818 2390 3887 2446 δύο

2327 2482 2525 2553 ἀγῶνας
2572 2486 2687 2555 ἔχει
2718 2488 2805 2542 τὴν
2856 2483 3026 2543 πάλην
3054 2501 3071 2517 θ
3119 2487 3168 2537 ἓν
3199 2504 3253 2538 τε
3309 2494 3422 2549 τοῖς
3478 2489 3781 2558 φαινομένοις
3826 2490 3889 2536 τοῦ

2327 2569 2450 2643 βίου
2563 2575 2748 2625 τούτου
2852 2580 3153 2646 πράγμασι,
3260 2583 3649 2650 περισπασμῶν
3738 2574 3891 2643 γηίνων

2326 2658 2692 2732 ἀφιστάμενος,
2724 2667 2814 2714 καὶ
2858 2661 3070 2734 ἀγάπης
3097 2660 3310 2736 δεσμῶν
3357 2672 3626 2737 κοσμικῶν
3649 2668 3729 2715 καὶ
3757 2663 3893 2714 παθῶν

2323 2757 2415 2811 τῆς
2476 2750 2739 2823 ἁμαρτίας
2766 2771 2779 2783 ·
2819 2756 2909 2803 καὶ
2942 2754 2992 2805 ἓν
3044 2760 3154 2814 τοῖς
3207 2761 3486 2823 κρυπτοῖς,
3546 2757 3672 2826 πρὸς
3710 2751 3818 2803 αύτὰ
3839 2750 3890 2799 τὰ

2323 2846 2419 2901 τῆς
2484 2845 2739 2912 πονηρίας
2814 2840 3220 2914 ἀπομαχόμενος
3275 2846 3579 2915 πνεύματα,
3647 2844 3741 2913 περὶ
3798 2837 3883 2899 δινὲ

2325 2926 2639 2991 Ἀπόστολος
2672 2930 2857 3001 ἔλεγεν,
2914 2930 3044 2983 Ούκ
3083 2934 3259 2983 ἔστιν
3303 2933 3467 3004 ἡμῖν
3508 2934 3537 2991 ἡ
3580 2929 3723 2985 πάλη
3757 2928 3886 2997 πρὸς

2323 3019 2479 3091 αἷμα
2519 3023 2627 3071 καὶ
2669 3021 2895 3091 σάρκα,
2939 3017 3093 3071 ἀλλὰ
3154 3024 3313 3095 πρός
3352 3024 3464 3083 τὰς
3506 3021 3724 3095 ἀρχὰς,
3759 3016 3895 3087 πρὸς

2249 3152 2290 3210 C
2320 3110 2431 3170 τὰς
2470 3106 2791 3175 ἐξουσίας,
2830 3111 2981 3180 πρὸς
3021 3112 3167 3171 τοὺς
3230 3116 3772 3183 κοσμοκράτορας
3805 3109 3898 3156 τοῡ

2321 3202 2597 3258 σκότους
2635 3205 2747 3249 τοῦ
2788 3197 3016 3259 αἰῶνος
3055 3200 3319 3264 τούτου,
3352 3203 3519 3273 πρὸς
3548 3202 3625 3253 τὰ
3658 3211 3902 3267 πνευμα-

2318 3287 2463 3337 τικά
2515 3294 2628 3346 τῆς
2683 3291 3001 3361 πονηρίας
3052 3286 3108 3339 iv
3183 3295 3329 3351 τοῖς
3399 3288 3817 3360 ἐπουρανίοις.

2563 2575 2748 2625 τούτου

2388 3391 2465 3445 B'.
2520 3395 2666 3445 Κατά
2723 3389 2821 3445 δύο
2868 3396 2969 3467 γὰρ
3018 3398 3244 3467 τρόπους
3295 3401 3391 3449 καὶ
3448 3392 3674 3468 δεσμοὺς
3726 3386 3902 3446 ἐδίθηά

2315 3482 2590 3554 ἄνθρωπος
2626 3481 2864 3554 παραϐὰς
2914 3487 3009 3541 τὴν
3068 3483 3303 3551 ἐντολὴν,
3363 3490 3457 3538 καὶ
3506 3485 3781 3557 ἑξορισθεὶς
3822 3477 3901 3529 ἀπὸ

2313 3578 2405 3623 τοῦ
2437 3568 2788 3642 παραδείσου,
2840 3570 2888 3622 ἐν
2918 3579 2988 3643 τῷ
3038 3569 3138 3644 βίῳ
3177 3574 3378 3646 τούτῳ,
3412 3573 3461 3626 iv
3514 3580 3620 3634 τοῖς
3674 3569 3905 3645 βιωτικοῖς

2313 3662 2613 3734 πράγμασι,
2655 3665 2744 3712 καὶ
2775 3663 2823 3712 ἓν
2879 3668 2942 3733 τῇ
2990 3668 3081 3713 τοῦ
3134 3667 3345 3734 κόσμου
3396 3662 3598 3735 ἀγάπη,
3644 3665 3793 3731 ἤγουν
3826 3663 3904 3707 τῶν

2317 3757 2577 3822 σαρκικῶν
2642 3745 2863 3816 ἡδονῶν,
2909 3754 2997 3802 καὶ
3040 3752 3241 3816 παθῶν,
3328 3751 3585 3816 πλούτου,
3632 3753 3717 3802 καὶ
3751 3743 3901 3807 δόξης,

2313 3843 2400 3890 καὶ
2473 3840 2793 3909 κτισμάτων,
2848 3842 3110 3910 γυναικὸς,
3171 3846 3264 3894 καὶ
3318 3849 3536 3900 τέκνων,
3617 3840 3901 3910 συγγενείας,

2312 3924 2603 4003 πατρίδων,
2656 3932 2847 3991 τόπων,
2895 3924 3215 4001 ἐνδυμάτων,
3269 3936 3365 3983 καὶ
3430 3928 3746 3993 ἁπαξαπλῶς
3805 3924 3904 3976 πρὶν⁸

2312 4036 2411 4069 των
2472 4025 2571 4068 τῶν
2634 4022 2967 4089 φαινομένων,
3038 4017 3121 4090 ἀφ’
3197 4019 3267 4071 ὧν
3343 4022 3368 4073 ό
3418 4020 3570 4091 λόγος
3649 4026 3736 4070 τοῦ
3798 4019 3906 4068 Θεοῦ

2313 4105 2501 4157 κελεύει
2547 4105 2703 4157 αὑτὸν
2750 4106 2969 4165 λυθῆναι
3029 4103 3143 4179 ἰδίᾳ
3202 4113 3535 4183 προαιρέσει,
3611 4101 3798 4162 ἐπειδὴ
3855 4100 3907 4157 εἱς

2311 4197 2480 4247 πάντα
2525 4196 2588 4246 τὰ
2637 4200 2916 4268 φαινόμενα
2968 4196 3215 4258 ἑκουσίως
3270 4199 3495 4260 ἕκαστος
3546 4194 3771 4261 δέδεται,
3821 4194 3906 4250 ἶνας

2314 4286 2507 4335 τούτων
2600 4287 2805 4338 πάντων
2908 4285 3090 4337 ἑαυτὸν
3192 4286 3361 4348 λύσας
3465 4287 3901 4359 καὶέλευθερώσας,

2313 4368 2514 4443 δυνηθῇ
2548 4372 2751 4435 τελείως
2778 4382 2874 4437 τῆς
2937 4373 3143 4437 ἐντολῆς
3195 4374 3471 4448 ἐγκρατὴς
3518 4377 3775 4448 γενέσθαι.
3819 4372 3903 4424 Καὶ

2233 4506 2278 4561 D
2311 4461 2358 4513 iv
2384 4472 2454 4532 τῷ
2484 4484 2697 4535 κρυπτῳ
2730 4461 2788 4517 δι
2824 4470 3289 4539 περιτετρίχωται,
3345 4472 3439 4519 καὶ
3493 4471 3901 4539 περιπέφρακται,

2308 4555 2395 4603 καὶ
2439 4558 2907 4626 περιτετείχισται,
2967 4560 3054 4606 καὶ
3108 4551 3331 4608 δέδεται
3381 4556 3608 4610 ἁλύσεσι
3655 4550 3902 4611 σκότουςὲ

2306 4640 2460 4712 ψυχὴ
2517 4643 2615 4694 ύπὸ
2652 4652 2748 4694 τῶν
2803 4652 2896 4705 τῆς
2944 4647 3198 4717 πονηρίας
3269 4648 3610 4719 πνευμάτων,
3656 4647 3725 4716 μὴ
3773 4638 3906 4694 δυνα-

2306 4734 2454 4803 μένη,
2500 4732 2569 4793 ὡς
2627 4731 2779 4800 θέλει,
2835 4731 3042 4804 ἀγαπᾷν
3098 4736 3183 4785 τὸν
3258 4737 3479 4809 Κύριον,
3528 4738 3619 4787 καὶ
3670 4736 3735 4793 ὡς
3779 4726 3907 4794 θελει,

2304 4822 2583 4886 πιστεύειν,
2627 4824 2718 4872 καὶ
2779 4824 2847 4882 ὡς
2910 4820 3059 4885 θέλει,
3111 4823 3545 4895 προσεύξασθαι,
3614 4825 3781 4877 Πάντη
3820 4819 3905 4888 γὰρ

2304 4910 2333 4966 ἠ
2368 4911 2658 4971 ἐναντιότης
2711 4910 2761 4961 ἐν
2806 4917 2910 4970 τοῖς
2942 4918 3197 4985 φανεροῖς,
3256 4917 3353 4965 καὶ
3403 4913 3452 4965 iv
3505 4919 3617 4975 τοῖς
3660 4912 3903 4985 κρυπτοῖς,

2304 4996 2403 5049 ἀπό
2431 5006 2521 5060 τῆς
2583 4998 2927 5071 παραϐάσεως
2974 5006 3066 5052 τοῦ
3107 5005 3328 5074 πρώτου
3384 5000 3662 5077 ἀνθρώπου
3697 5000 3765 5061 εἰς
3790 4999 3906 5068 ἡμᾶς

2302 5106 2649 5145 κατηντησεν.

2373 5194 2448 5250 1".
2491 5196 2648 5248 Ἐπάν
2697 5215 2773 5255 τις
2818 5200 2988 5248 τοίνυν
3033 5194 3272 5259 ἀκούσας
3327 5202 3418 5251 τὸν
3466 5199 3618 5270 λόγον
3672 5204 3761 5249 τοῦ
3790 5198 3905 5247 Θεοῦ

2299 5280 2641 5354 ἀγωνίσηται,
2698 5290 2789 5337 καὶ
2848 5283 3115 5359 ἀπορῥίψη
3177 5288 3249 5338 τὰ
3299 5296 3395 5341 τοῦ
3450 5287 3571 5362 βίου
3610 5288 3899 5362 πράγματα,

2297 5377 2384 5424 καὶ
2422 5369 2597 5444 δεσμά
2641 5379 2866 5445 κόσμου,
2917 5379 3006 5426 καὶ
3048 5376 3229 5437 πάσας
3285 5380 3385 5439 τὰς
3438 5380 3692 5452 σαρκικάς
3733 5369 3902 5433 ἡδονὰς

2296 5458 2613 5534 ἀρνήσηται,
2690 5462 2855 5525 λύσας
2923 5462 3106 5515 ἑαυτὸν
3162 5462 3271 5517 ἀπὸ
3324 5470 3542 5531 τούτων,
3610 5472 3723 5517 τότε
3762 5476 3898 5533 προσ,

2295 5560 2552 5625 καρτερῶν
2590 5552 2660 5623 τῷ
2712 5558 2887 5629 Κυρίῳ
2914 5558 3003 5606 καὶ
3054 5552 3368 5626 σχολάζων,
3431 5553 3655 5611 δύναται
3710 5560 3901 5627 γνῶναι-

2014 5686 2061 5721 ¹⁹
2088 5686 2299 5759 Ephes.
2334 5704 2410 5759 v1,
2443 5688 2523 5744 12.
2560 5704 2684 5761 seq.
