  <div class='ocr_page' id='page_1' title='image "/cluster/home/n/w/nwhite01/storage/ocr_20150623/34/hvd.32044073501835/338.png"; bbox 0 0 4034 6202; ppageno 0'>
   <div class='ocr_carea' id='block_1_1' title="bbox 216 343 324 399">
    <p class='ocr_par' dir='ltr' id='par_1_1' title="bbox 216 343 324 399">
     <span class='ocr_line' id='line_1_1' title="bbox 216 343 324 399; baseline -0.019 0"><span class='ocrx_word' id='word_1_1' title='bbox 216 343 324 399; x_wconf 77' lang='grc'>657</span> 
     </span>
    </p>
   </div>
   <div class='ocr_carea' id='block_1_2' title="bbox 1482 342 2326 402">
    <p class='ocr_par' dir='ltr' id='par_1_2' title="bbox 1482 342 2326 402">
     <span class='ocr_line' id='line_1_2' title="bbox 1482 342 2326 402; baseline -0.001 -2"><span class='ocrx_word' id='word_1_2' title='bbox 1482 343 1817 402; x_wconf 72' lang='lat' dir='ltr'>HOMILIE.</span> <span class='ocrx_word' id='word_1_3' title='bbox 1857 373 1928 388; x_wconf 90' lang='lat'>—-</span> <span class='ocrx_word' id='word_1_4' title='bbox 1967 342 2142 401; x_wconf 86' lang='lat' dir='ltr'>HOM.</span> <span class='ocrx_word' id='word_1_5' title='bbox 2176 344 2326 400; x_wconf 81' lang='lat' dir='ltr'>XXI.</span> 
     </span>
    </p>
   </div>
   <div class='ocr_carea' id='block_1_3' title="bbox 3436 337 3542 393">
    <p class='ocr_par' dir='ltr' id='par_1_3' title="bbox 3436 337 3542 393">
     <span class='ocr_line' id='line_1_3' title="bbox 3436 337 3542 393; baseline 0 -1"><span class='ocrx_word' id='word_1_6' title='bbox 3436 337 3542 393; x_wconf 75' lang='lat'>658</span> 
     </span>
    </p>
   </div>
   <div class='ocr_carea' id='block_1_4' title="bbox 185 466 1789 544">
    <p class='ocr_par' dir='ltr' id='par_1_4' title="bbox 185 466 1780 544">
     <span class='ocr_line' id='line_1_4' title="bbox 185 466 1780 544; baseline 0.002 -23"><span class='ocrx_word' id='word_1_7' title='bbox 185 470 269 521; x_wconf 83' lang='grc' dir='ltr'>ὅτι</span> <span class='ocrx_word' id='word_1_8' title='bbox 298 471 441 522; x_wconf 75' lang='grc' dir='ltr'><strong><em>ἔστιν</em></strong></span> <span class='ocrx_word' id='word_1_9' title='bbox 473 471 522 522; x_wconf 73' lang='grc' dir='ltr'>ἓν</span> <span class='ocrx_word' id='word_1_10' title='bbox 567 477 629 542; x_wconf 75' lang='grc' dir='ltr'><strong><em>τῇ</em></strong></span> <span class='ocrx_word' id='word_1_11' title='bbox 685 466 884 544; x_wconf 84' lang='grc' dir='ltr'><strong><em>καρδίᾳ</em></strong></span> <span class='ocrx_word' id='word_1_12' title='bbox 937 470 1064 529; x_wconf 82' lang='grc' dir='ltr'><strong><em>ἄλλη</em></strong></span> <span class='ocrx_word' id='word_1_13' title='bbox 1109 469 1268 537; x_wconf 92' lang='grc' dir='ltr'><strong><em>πάλη,</em></strong></span> <span class='ocrx_word' id='word_1_14' title='bbox 1308 470 1436 529; x_wconf 83' lang='grc' dir='ltr'><strong><em>ἄλλη</em></strong></span> <span class='ocrx_word' id='word_1_15' title='bbox 1483 469 1780 534; x_wconf 74' lang='grc' dir='ltr'><strong><em>ἐναντίωσις</em></strong></span> 
     </span>
    </p>
   </div>
   <div class='ocr_carea' id='block_1_5' title="bbox 1901 466 3544 544">
    <p class='ocr_par' dir='ltr' id='par_1_5' title="bbox 1901 467 3544 543">
     <span class='ocr_line' id='line_1_5' title="bbox 1901 467 3544 543; baseline -0.004 -15"><span class='ocrx_word' id='word_1_16' title='bbox 1901 473 2124 543; x_wconf 89' lang='lat' dir='ltr'>poterit,</span> <span class='ocrx_word' id='word_1_17' title='bbox 2153 486 2284 527; x_wconf 92' lang='lat' dir='ltr'>esse</span> <span class='ocrx_word' id='word_1_18' title='bbox 2309 472 2368 526; x_wconf 92' lang='lat' dir='ltr'>in</span> <span class='ocrx_word' id='word_1_19' title='bbox 2399 469 2578 527; x_wconf 89' lang='lat' dir='ltr'>corde</span> <span class='ocrx_word' id='word_1_20' title='bbox 2608 469 2787 526; x_wconf 91' lang='lat' dir='ltr'>aliam</span> <span class='ocrx_word' id='word_1_21' title='bbox 2817 469 3060 535; x_wconf 86' lang='lat' dir='ltr'>luctam,</span> <span class='ocrx_word' id='word_1_22' title='bbox 3093 467 3275 523; x_wconf 87' lang='lat' dir='ltr'>aliam</span> <span class='ocrx_word' id='word_1_23' title='bbox 3307 472 3544 523; x_wconf 90' lang='lat' dir='ltr'>contra-</span> 
     </span>
    </p>
   </div>
   <div class='ocr_carea' id='block_1_6' title="bbox 183 559 1781 633">
    <p class='ocr_par' dir='ltr' id='par_1_6' title="bbox 183 559 1781 633">
     <span class='ocr_line' id='line_1_6' title="bbox 183 559 1781 633; baseline 0.002 -23"><span class='ocrx_word' id='word_1_24' title='bbox 183 563 417 632; x_wconf 67' lang='grc' dir='ltr'><strong><em>κρυπτὴ,</em></strong></span> <span class='ocrx_word' id='word_1_25' title='bbox 493 563 583 612; x_wconf 86' lang='grc' dir='ltr'><strong><em>καὶ</em></strong></span> <span class='ocrx_word' id='word_1_26' title='bbox 638 559 786 620; x_wconf 77' lang='grc' dir='ltr'><strong><em>ἄλλος</em></strong></span> <span class='ocrx_word' id='word_1_27' title='bbox 864 560 1079 633; x_wconf 88' lang='grc' dir='ltr'><strong><em>πόλεμος</em></strong></span> <span class='ocrx_word' id='word_1_28' title='bbox 1133 560 1398 632; x_wconf 76' lang='grc' dir='ltr'>λογισμῶν</span> <span class='ocrx_word' id='word_1_29' title='bbox 1482 563 1781 632; x_wconf 79' lang='grc' dir='ltr'>πνευμάτων</span> 
     </span>
    </p>
   </div>
   <div class='ocr_carea' id='block_1_7' title="bbox 183 648 1786 723">
    <p class='ocr_par' dir='ltr' id='par_1_7' title="bbox 183 648 1786 723">
     <span class='ocr_line' id='line_1_7' title="bbox 183 648 1786 723; baseline 0 -21"><span class='ocrx_word' id='word_1_30' title='bbox 183 652 464 723; x_wconf 75' lang='grc' dir='ltr'>πονηρίας,</span> <span class='ocrx_word' id='word_1_31' title='bbox 529 654 618 701; x_wconf 84' lang='grc' dir='ltr'><strong><em>καὶ</em></strong></span> <span class='ocrx_word' id='word_1_32' title='bbox 673 648 824 712; x_wconf 78' lang='grc' dir='ltr'><strong><em>ἄλλος</em></strong></span> <span class='ocrx_word' id='word_1_33' title='bbox 907 649 1043 721; x_wconf 89' lang='grc' dir='ltr'><strong><em>ἀγὼν</em></strong></span> <span class='ocrx_word' id='word_1_34' title='bbox 1121 655 1410 722; x_wconf 89' lang='grc' dir='ltr'><strong><em>πρόκειται.</em></strong></span> <span class='ocrx_word' id='word_1_35' title='bbox 1474 652 1576 704; x_wconf 85' lang='grc' dir='ltr'><strong><em>Καὶ</em></strong></span> <span class='ocrx_word' id='word_1_36' title='bbox 1621 651 1786 712; x_wconf 81' lang='grc' dir='ltr'><strong><em>οὓτως</em></strong></span> 
     </span>
    </p>
   </div>
   <div class='ocr_carea' id='block_1_8' title="bbox 188 734 1784 816">
    <p class='ocr_par' dir='ltr' id='par_1_8' title="bbox 188 734 1784 816">
     <span class='ocr_line' id='line_1_8' title="bbox 188 734 1784 816; baseline 0.001 -25"><span class='ocrx_word' id='word_1_37' title='bbox 188 734 415 791; x_wconf 80' lang='grc' dir='ltr'><strong><em>δύναται</em></strong></span> <span class='ocrx_word' id='word_1_38' title='bbox 481 741 790 810; x_wconf 76' lang='grc' dir='ltr'>παραμένων</span> <span class='ocrx_word' id='word_1_39' title='bbox 855 745 944 792; x_wconf 90' lang='lat' dir='ltr'>xui</span> <span class='ocrx_word' id='word_1_40' title='bbox 991 739 1390 811; x_wconf 73' lang='grc' dir='ltr'><strong><em>ἑπικαλούμενος</em></strong></span> <span class='ocrx_word' id='word_1_41' title='bbox 1455 744 1540 792; x_wconf 87' lang='grc' dir='ltr'>τόν</span> <span class='ocrx_word' id='word_1_42' title='bbox 1595 742 1784 816; x_wconf 78' lang='grc' dir='ltr'>Κύριον</span> 
     </span>
    </p>
   </div>
   <div class='ocr_carea' id='block_1_9' title="bbox 191 824 1785 902">
    <p class='ocr_par' dir='ltr' id='par_1_9' title="bbox 191 824 1785 902">
     <span class='ocr_line' id='line_1_9' title="bbox 191 824 1785 902; baseline 0.001 -22"><span class='ocrx_word' id='word_1_43' title='bbox 191 831 446 880; x_wconf 78' lang='grc' dir='ltr'><strong><em>ἱνπίστει</em></strong></span> <span class='ocrx_word' id='word_1_44' title='bbox 516 824 824 900; x_wconf 83' lang='grc' dir='ltr'><strong><em>ἀδιστάκτῳ</em></strong></span> <span class='ocrx_word' id='word_1_45' title='bbox 861 833 950 881; x_wconf 82' lang='grc' dir='ltr'><strong><em>καὶ</em></strong></span> <span class='ocrx_word' id='word_1_46' title='bbox 1016 830 1247 902; x_wconf 79' lang='grc' dir='ltr'><strong><em>ὑπομονῇ</em></strong></span> <span class='ocrx_word' id='word_1_47' title='bbox 1311 829 1494 902; x_wconf 77' lang='grc' dir='ltr'><strong><em>πολλῇ,</em></strong></span> <span class='ocrx_word' id='word_1_48' title='bbox 1552 833 1642 882; x_wconf 86' lang='grc' dir='ltr'><strong><em>καὶ</em></strong></span> <span class='ocrx_word' id='word_1_49' title='bbox 1691 835 1785 888; x_wconf 78' lang='grc' dir='ltr'><strong><em>τὴν</em></strong></span> 
     </span>
    </p>
   </div>
   <div class='ocr_carea' id='block_1_10' title="bbox 197 915 1788 991">
    <p class='ocr_par' dir='ltr' id='par_1_10' title="bbox 197 915 1788 991">
     <span class='ocr_line' id='line_1_10' title="bbox 197 915 1788 991; baseline 0.001 -21"><span class='ocrx_word' id='word_1_50' title='bbox 197 918 314 988; x_wconf 83' lang='grc' dir='ltr'><strong><em>παρ’</em></strong></span> <span class='ocrx_word' id='word_1_51' title='bbox 359 916 524 969; x_wconf 77' lang='grc' dir='ltr'><strong><em>αὐτοῦ</em></strong></span> <span class='ocrx_word' id='word_1_52' title='bbox 573 915 821 989; x_wconf 82' lang='grc' dir='ltr'><strong><em>βοήθειαν</em></strong></span> <span class='ocrx_word' id='word_1_53' title='bbox 851 915 1211 991; x_wconf 74' lang='grc' dir='ltr'><strong><em>ἐκδεχόμενος,</em></strong></span> <span class='ocrx_word' id='word_1_54' title='bbox 1245 927 1426 990; x_wconf 86' lang='grc' dir='ltr'><strong><em>τυχεῖν</em></strong></span> <span class='ocrx_word' id='word_1_55' title='bbox 1475 921 1661 972; x_wconf 71' lang='grc' dir='ltr'><strong><em>ἐκεῖθεν</em></strong></span> <span class='ocrx_word' id='word_1_56' title='bbox 1692 927 1788 982; x_wconf 79' lang='grc' dir='ltr'><strong><em>τῆς</em></strong></span> 
     </span>
    </p>
   </div>
   <div class='ocr_carea' id='block_1_11' title="bbox 201 1002 1787 1080">
    <p class='ocr_par' dir='ltr' id='par_1_11' title="bbox 201 1002 1787 1080">
     <span class='ocr_line' id='line_1_11' title="bbox 201 1002 1787 1080; baseline 0.003 -22"><span class='ocrx_word' id='word_1_57' title='bbox 201 1002 390 1059; x_wconf 76' lang='grc' dir='ltr'><strong><em>ἔνδοθεν</em></strong></span> <span class='ocrx_word' id='word_1_58' title='bbox 447 1005 754 1080; x_wconf 84' lang='grc' dir='ltr'><strong><em>λυτρώσεως</em></strong></span> <span class='ocrx_word' id='word_1_59' title='bbox 806 1016 907 1060; x_wconf 90' lang='grc' dir='ltr'>τῶν</span> <span class='ocrx_word' id='word_1_60' title='bbox 965 1005 1194 1080; x_wconf 80' lang='grc' dir='ltr'>δεσμῶν,</span> <span class='ocrx_word' id='word_1_61' title='bbox 1248 1013 1338 1061; x_wconf 86' lang='grc' dir='ltr'><strong><em>καὶ</em></strong></span> <span class='ocrx_word' id='word_1_62' title='bbox 1409 1017 1630 1080; x_wconf 83' lang='grc' dir='ltr'>τριχῶν,</span> <span class='ocrx_word' id='word_1_63' title='bbox 1699 1015 1787 1062; x_wconf 84' lang='grc' dir='ltr'><strong><em>καὶ</em></strong></span> 
     </span>
    </p>
   </div>
   <div class='ocr_carea' id='block_1_12' title="bbox 202 1099 1784 1172">
    <p class='ocr_par' dir='ltr' id='par_1_12' title="bbox 202 1099 1784 1172">
     <span class='ocr_line' id='line_1_12' title="bbox 202 1099 1784 1172; baseline 0.003 -25"><span class='ocrx_word' id='word_1_64' title='bbox 202 1103 472 1170; x_wconf 84' lang='grc' dir='ltr'><strong><em>φραχμῶν,</em></strong></span> <span class='ocrx_word' id='word_1_65' title='bbox 523 1102 614 1148; x_wconf 83' lang='grc' dir='ltr'><strong><em>καὶ</em></strong></span> <span class='ocrx_word' id='word_1_66' title='bbox 673 1102 889 1158; x_wconf 80' lang='grc' dir='ltr'>σκότους</span> <span class='ocrx_word' id='word_1_67' title='bbox 961 1099 1264 1170; x_wconf 73' lang='grc' dir='ltr'>πνευμάτων</span> <span class='ocrx_word' id='word_1_68' title='bbox 1321 1102 1590 1171; x_wconf 79' lang='grc' dir='ltr'>πονηρίας,</span> <span class='ocrx_word' id='word_1_69' title='bbox 1657 1099 1784 1172; x_wconf 85' lang='grc' dir='ltr'><strong><em>άπερ</em></strong></span> 
     </span>
    </p>
   </div>
   <div class='ocr_carea' id='block_1_13' title="bbox 193 1185 1307 1260">
    <p class='ocr_par' dir='ltr' id='par_1_13' title="bbox 193 1185 1307 1260">
     <span class='ocr_line' id='line_1_13' title="bbox 193 1185 1307 1260; baseline 0.003 -24"><span class='ocrx_word' id='word_1_70' title='bbox 193 1185 322 1237; x_wconf 80' lang='grc' dir='ltr'><strong><em>εἰσὶν</em></strong></span> <span class='ocrx_word' id='word_1_71' title='bbox 359 1187 412 1237; x_wconf 81' lang='grc' dir='ltr'><strong><em>αἱ</em></strong></span> <span class='ocrx_word' id='word_1_72' title='bbox 440 1193 541 1237; x_wconf 87' lang='grc' dir='ltr'>τῶν</span> <span class='ocrx_word' id='word_1_73' title='bbox 571 1195 808 1260; x_wconf 84' lang='grc' dir='ltr'><strong><em>κρυπτῶν</em></strong></span> <span class='ocrx_word' id='word_1_74' title='bbox 837 1188 1012 1238; x_wconf 87' lang='grc' dir='ltr'><strong><em>παθῶν</em></strong></span> <span class='ocrx_word' id='word_1_75' title='bbox 1037 1185 1307 1259; x_wconf 76' lang='grc' dir='ltr'><strong><em>ἕνέργειαι.</em></strong></span> 
     </span>
    </p>
   </div>
   <div class='ocr_carea' id='block_1_14' title="bbox 263 1305 1790 1391">
    <p class='ocr_par' dir='ltr' id='par_1_14' title="bbox 263 1305 1790 1391">
     <span class='ocr_line' id='line_1_14' title="bbox 263 1305 1790 1391; baseline 0.003 -29"><span class='ocrx_word' id='word_1_76' title='bbox 263 1307 331 1362; x_wconf 84' lang='grc' dir='ltr'><strong>Δ’.</strong></span> <span class='ocrx_word' id='word_1_77' title='bbox 366 1309 534 1370; x_wconf 79' lang='grc' dir='ltr'><strong><em>Οὗτος</em></strong></span> <span class='ocrx_word' id='word_1_78' title='bbox 566 1305 623 1362; x_wconf 62' lang='grc' dir='ltr'>δι</span> <span class='ocrx_word' id='word_1_79' title='bbox 669 1310 696 1362; x_wconf 90' lang='grc' dir='ltr'>ό</span> <span class='ocrx_word' id='word_1_80' title='bbox 746 1311 964 1383; x_wconf 89' lang='grc' dir='ltr'><strong><em>πόλεμος</em></strong></span> <span class='ocrx_word' id='word_1_81' title='bbox 1005 1307 1099 1391; x_wconf 77' lang='grc' dir='ltr'><strong><em>διὰ</em></strong></span> <span class='ocrx_word' id='word_1_82' title='bbox 1139 1313 1364 1383; x_wconf 86' lang='grc' dir='ltr'><strong><em>χάριτος</em></strong></span> <span class='ocrx_word' id='word_1_83' title='bbox 1406 1317 1495 1366; x_wconf 84' lang='grc' dir='ltr'><strong><em>καὶ</em></strong></span> <span class='ocrx_word' id='word_1_84' title='bbox 1526 1309 1790 1384; x_wconf 86' lang='grc' dir='ltr'><strong><em>δυνάμεως</em></strong></span> 
     </span>
    </p>
   </div>
   <div class='ocr_carea' id='block_1_15' title="bbox 189 1396 1788 1477">
    <p class='ocr_par' dir='ltr' id='par_1_15' title="bbox 189 1396 1788 1477">
     <span class='ocr_line' id='line_1_15' title="bbox 189 1396 1788 1477; baseline 0.003 -27"><span class='ocrx_word' id='word_1_85' title='bbox 189 1405 327 1450; x_wconf 84' lang='grc' dir='ltr'><strong><em>Θεοῦ</em></strong></span> <span class='ocrx_word' id='word_1_86' title='bbox 361 1400 742 1470; x_wconf 88' lang='grc' dir='ltr'><strong><em>καταργείσθαι</em></strong></span> <span class='ocrx_word' id='word_1_87' title='bbox 785 1396 1006 1452; x_wconf 85' lang='grc' dir='ltr'><strong><em>δύναται</em></strong></span> <span class='ocrx_word' id='word_1_88' title='bbox 1039 1419 1051 1432; x_wconf 91' lang='grc'><strong>·</strong></span> <span class='ocrx_word' id='word_1_89' title='bbox 1096 1396 1168 1453; x_wconf 84' lang='grc' dir='ltr'><strong><em>δι’</em></strong></span> <span class='ocrx_word' id='word_1_90' title='bbox 1209 1400 1392 1454; x_wconf 73' lang='grc' dir='ltr'><strong><em>ἑαυτοῦ</em></strong></span> <span class='ocrx_word' id='word_1_91' title='bbox 1445 1403 1547 1475; x_wconf 88' lang='grc' dir='ltr'><strong><em>γάρ</em></strong></span> <span class='ocrx_word' id='word_1_92' title='bbox 1591 1403 1788 1477; x_wconf 88' lang='grc' dir='ltr'>τις</span> 
     </span>
    </p>
   </div>
   <div class='ocr_carea' id='block_1_16' title="bbox 191 1486 1789 1557">
    <p class='ocr_par' dir='ltr' id='par_1_16' title="bbox 191 1486 1789 1557">
     <span class='ocr_line' id='line_1_16' title="bbox 191 1486 1789 1557; baseline 0.003 -19"><span class='ocrx_word' id='word_1_93' title='bbox 191 1488 395 1538; x_wconf 89' lang='grc' dir='ltr'><strong><em>σασθαι</em></strong></span> <span class='ocrx_word' id='word_1_94' title='bbox 460 1486 639 1540; x_wconf 74' lang='grc' dir='ltr'><strong><em>ἑαυτὸν</em></strong></span> <span class='ocrx_word' id='word_1_95' title='bbox 691 1496 781 1549; x_wconf 81' lang='grc' dir='ltr'>τῆς</span> <span class='ocrx_word' id='word_1_96' title='bbox 843 1491 1220 1556; x_wconf 76' lang='grc' dir='ltr'><strong><em>ἑναντιότητος,</em></strong></span> <span class='ocrx_word' id='word_1_97' title='bbox 1277 1494 1387 1557; x_wconf 90' lang='lat' dir='ltr'>xui,</span> <span class='ocrx_word' id='word_1_98' title='bbox 1446 1490 1639 1553; x_wconf 78' lang='grc' dir='ltr'>πλάνης</span> <span class='ocrx_word' id='word_1_99' title='bbox 1691 1499 1789 1544; x_wconf 88' lang='grc' dir='ltr'>τῶν</span> 
     </span>
    </p>
   </div>
   <div class='ocr_carea' id='block_1_17' title="bbox 187 1575 1788 1652">
    <p class='ocr_par' dir='ltr' id='par_1_17' title="bbox 187 1575 1788 1652">
     <span class='ocr_line' id='line_1_17' title="bbox 187 1575 1788 1652; baseline 0.004 -25"><span class='ocrx_word' id='word_1_100' title='bbox 187 1575 480 1648; x_wconf 88' lang='grc' dir='ltr'><strong><em>λογισμῶν,</em></strong></span> <span class='ocrx_word' id='word_1_101' title='bbox 547 1581 636 1629; x_wconf 89' lang='lat' dir='ltr'>xui</span> <span class='ocrx_word' id='word_1_102' title='bbox 699 1579 878 1630; x_wconf 86' lang='grc' dir='ltr'><strong><em>παθῶν</em></strong></span> <span class='ocrx_word' id='word_1_103' title='bbox 949 1577 1183 1652; x_wconf 82' lang='grc' dir='ltr'><strong><em>ἀοράτων</em></strong></span> <span class='ocrx_word' id='word_1_104' title='bbox 1249 1585 1338 1632; x_wconf 90' lang='lat' dir='ltr'>xui</span> <span class='ocrx_word' id='word_1_105' title='bbox 1394 1589 1648 1652; x_wconf 81' lang='grc' dir='ltr'><strong><em>μηχανῶν</em></strong></span> <span class='ocrx_word' id='word_1_106' title='bbox 1698 1589 1788 1634; x_wconf 85' lang='grc' dir='ltr'><strong><em>τοῦ</em></strong></span> 
     </span>
    </p>
   </div>
   <div class='ocr_carea' id='block_1_18' title="bbox 180 1662 1790 1742">
    <p class='ocr_par' dir='ltr' id='par_1_18' title="bbox 180 1662 1790 1742">
     <span class='ocr_line' id='line_1_18' title="bbox 180 1662 1790 1742; baseline 0.004 -24"><span class='ocrx_word' id='word_1_107' title='bbox 180 1673 440 1739; x_wconf 82' lang='grc' dir='ltr'><strong><em>πονηροῦ,</em></strong></span> <span class='ocrx_word' id='word_1_108' title='bbox 512 1662 779 1721; x_wconf 88' lang='grc' dir='ltr'><strong><em>ἀδυνατεῖ.</em></strong></span> <span class='ocrx_word' id='word_1_109' title='bbox 843 1667 904 1721; x_wconf 83' lang='grc' dir='ltr'>Εἰ</span> <span class='ocrx_word' id='word_1_110' title='bbox 949 1664 1008 1720; x_wconf 73' lang='grc' dir='ltr'>δε</span> <span class='ocrx_word' id='word_1_111' title='bbox 1059 1667 1108 1720; x_wconf 75' lang='grc' dir='ltr'>ἕν</span> <span class='ocrx_word' id='word_1_112' title='bbox 1159 1676 1267 1730; x_wconf 86' lang='grc' dir='ltr'><strong><em>τοῖς</em></strong></span> <span class='ocrx_word' id='word_1_113' title='bbox 1333 1675 1656 1742; x_wconf 70' lang='grc' dir='ltr'><strong><em>φαινομένοις</em></strong></span> <span class='ocrx_word' id='word_1_114' title='bbox 1708 1691 1790 1734; x_wconf 87' lang='grc' dir='ltr'>τις</span> 
     </span>
    </p>
   </div>
   <div class='ocr_carea' id='block_1_19' title="bbox 190 1754 1786 1834">
    <p class='ocr_par' dir='ltr' id='par_1_19' title="bbox 190 1754 1786 1834">
     <span class='ocr_line' id='line_1_19' title="bbox 190 1754 1786 1834; baseline 0.004 -27"><span class='ocrx_word' id='word_1_115' title='bbox 190 1754 428 1826; x_wconf 72' lang='grc' dir='ltr'><strong><em>ἐνέχεται</em></strong></span> <span class='ocrx_word' id='word_1_116' title='bbox 458 1762 550 1807; x_wconf 85' lang='grc' dir='ltr'><strong><em>τοῦ</em></strong></span> <span class='ocrx_word' id='word_1_117' title='bbox 596 1761 800 1828; x_wconf 89' lang='grc' dir='ltr'><strong><em>κόσμου</em></strong></span> <span class='ocrx_word' id='word_1_118' title='bbox 857 1759 1040 1810; x_wconf 88' lang='grc' dir='ltr'><strong><em>τούτου</em></strong></span> <span class='ocrx_word' id='word_1_119' title='bbox 1080 1759 1382 1830; x_wconf 80' lang='grc' dir='ltr'><strong><em>πράγμασι,</em></strong></span> <span class='ocrx_word' id='word_1_120' title='bbox 1435 1764 1523 1812; x_wconf 86' lang='lat' dir='ltr'>xui</span> <span class='ocrx_word' id='word_1_121' title='bbox 1573 1757 1786 1834; x_wconf 77' lang='grc' dir='ltr'><strong><em>δεσμοῖς</em></strong></span> 
     </span>
    </p>
   </div>
   <div class='ocr_carea' id='block_1_20' title="bbox 1890 557 3540 628">
    <p class='ocr_par' dir='ltr' id='par_1_20' title="bbox 1890 557 3540 628">
     <span class='ocr_line' id='line_1_20' title="bbox 1890 557 3540 628; baseline -0.003 -12"><span class='ocrx_word' id='word_1_122' title='bbox 1890 561 2161 617; x_wconf 89' lang='lat' dir='ltr'>rietatem</span> <span class='ocrx_word' id='word_1_123' title='bbox 2211 560 2528 624; x_wconf 84' lang='lat' dir='ltr'>occultam,</span> <span class='ocrx_word' id='word_1_124' title='bbox 2593 558 2758 616; x_wconf 82' lang='lat' dir='ltr'>aliud</span> <span class='ocrx_word' id='word_1_125' title='bbox 2819 558 3042 614; x_wconf 91' lang='lat' dir='ltr'>bellum</span> <span class='ocrx_word' id='word_1_126' title='bbox 3105 557 3540 628; x_wconf 80' lang='lat' dir='ltr'>cogitationum</span> 
     </span>
    </p>
   </div>
   <div class='ocr_carea' id='block_1_21' title="bbox 1894 646 3544 721">
    <p class='ocr_par' dir='ltr' id='par_1_21' title="bbox 1894 646 3544 721">
     <span class='ocr_line' id='line_1_21' title="bbox 1894 646 3544 721; baseline -0.004 -16"><span class='ocrx_word' id='word_1_127' title='bbox 1894 649 2210 721; x_wconf 82' lang='lat' dir='ltr'>spirituum</span> <span class='ocrx_word' id='word_1_128' title='bbox 2233 649 2532 721; x_wconf 78' lang='lat' dir='ltr'>nequitiae,</span> <span class='ocrx_word' id='word_1_129' title='bbox 2567 654 2743 720; x_wconf 90' lang='lat' dir='ltr'>atque</span> <span class='ocrx_word' id='word_1_130' title='bbox 2773 647 2937 703; x_wconf 83' lang='lat' dir='ltr'>aliud</span> <span class='ocrx_word' id='word_1_131' title='bbox 2976 653 3276 702; x_wconf 85' lang='lat' dir='ltr'>certamen</span> <span class='ocrx_word' id='word_1_132' title='bbox 3307 646 3544 717; x_wconf 91' lang='lat' dir='ltr'>impen-</span> 
     </span>
    </p>
   </div>
   <div class='ocr_carea' id='block_1_22' title="bbox 1895 733 3544 808">
    <p class='ocr_par' dir='ltr' id='par_1_22' title="bbox 1895 733 3544 808">
     <span class='ocr_line' id='line_1_22' title="bbox 1895 733 3544 808; baseline -0.004 -14"><span class='ocrx_word' id='word_1_133' title='bbox 1895 739 2055 794; x_wconf 84' lang='lat' dir='ltr'>dere.</span> <span class='ocrx_word' id='word_1_134' title='bbox 2089 739 2198 804; x_wconf 86' lang='lat' dir='ltr'>Qui</span> <span class='ocrx_word' id='word_1_135' title='bbox 2230 739 2314 793; x_wconf 90' lang='lat' dir='ltr'>sic</span> <span class='ocrx_word' id='word_1_136' title='bbox 2338 743 2675 808; x_wconf 82' lang='lat' dir='ltr'>perseverat</span> <span class='ocrx_word' id='word_1_137' title='bbox 2704 737 2764 791; x_wconf 90' lang='lat' dir='ltr'>in</span> <span class='ocrx_word' id='word_1_138' title='bbox 2797 737 3171 792; x_wconf 86' lang='lat' dir='ltr'>invocatione</span> <span class='ocrx_word' id='word_1_139' title='bbox 3197 733 3456 798; x_wconf 88' lang='lat' dir='ltr'>Domini,</span> <span class='ocrx_word' id='word_1_140' title='bbox 3483 733 3544 788; x_wconf 91' lang='lat' dir='ltr'>in</span> 
     </span>
    </p>
   </div>
   <div class='ocr_carea' id='block_1_23' title="bbox 1895 820 3543 895">
    <p class='ocr_par' dir='ltr' id='par_1_23' title="bbox 1895 820 3543 895">
     <span class='ocr_line' id='line_1_23' title="bbox 1895 820 3543 895; baseline -0.004 -13"><span class='ocrx_word' id='word_1_141' title='bbox 1895 827 2010 882; x_wconf 86' lang='lat' dir='ltr'>ﬁde</span> <span class='ocrx_word' id='word_1_142' title='bbox 2032 827 2364 882; x_wconf 74' lang='lat' dir='ltr'>indubitata</span> <span class='ocrx_word' id='word_1_143' title='bbox 2394 842 2463 881; x_wconf 89' lang='lat' dir='ltr'>ac</span> <span class='ocrx_word' id='word_1_144' title='bbox 2505 825 2813 881; x_wconf 77' lang='lat' dir='ltr'>tolerantia</span> <span class='ocrx_word' id='word_1_145' title='bbox 2841 825 3048 888; x_wconf 88' lang='lat' dir='ltr'>multa,</span> <span class='ocrx_word' id='word_1_146' title='bbox 3081 825 3330 895; x_wconf 89' lang='lat' dir='ltr'>ejusque</span> <span class='ocrx_word' id='word_1_147' title='bbox 3370 820 3543 877; x_wconf 82' lang='lat' dir='ltr'>auxi-</span> 
     </span>
    </p>
   </div>
   <div class='ocr_carea' id='block_1_24' title="bbox 1894 912 3540 986">
    <p class='ocr_par' dir='ltr' id='par_1_24' title="bbox 1894 912 3540 986">
     <span class='ocr_line' id='line_1_24' title="bbox 1894 912 3540 986; baseline -0.004 -15"><span class='ocrx_word' id='word_1_148' title='bbox 1894 915 2042 972; x_wconf 90' lang='lat' dir='ltr'>lium</span> <span class='ocrx_word' id='word_1_149' title='bbox 2081 920 2406 986; x_wconf 80' lang='lat' dir='ltr'>exspectat,</span> <span class='ocrx_word' id='word_1_150' title='bbox 2451 915 2662 986; x_wconf 88' lang='lat' dir='ltr'>poterit</span> <span class='ocrx_word' id='word_1_151' title='bbox 2690 913 2828 969; x_wconf 86' lang='lat' dir='ltr'>inde</span> <span class='ocrx_word' id='word_1_152' title='bbox 2868 914 3153 984; x_wconf 84' lang='lat' dir='ltr'>consequi</span> <span class='ocrx_word' id='word_1_153' title='bbox 3198 912 3540 967; x_wconf 88' lang='lat' dir='ltr'>interiorem</span> 
     </span>
    </p>
   </div>
   <div class='ocr_carea' id='block_1_25' title="bbox 1894 999 3539 1076">
    <p class='ocr_par' dir='ltr' id='par_1_25' title="bbox 1894 999 3539 1076">
     <span class='ocr_line' id='line_1_25' title="bbox 1894 999 3539 1076; baseline -0.005 -16"><span class='ocrx_word' id='word_1_154' title='bbox 1894 1003 2308 1060; x_wconf 81' lang='lat' dir='ltr'>liberationem</span> <span class='ocrx_word' id='word_1_155' title='bbox 2339 1020 2375 1059; x_wconf 92' lang='lat' dir='ltr'>a</span> <span class='ocrx_word' id='word_1_156' title='bbox 2425 1003 2672 1076; x_wconf 86' lang='lat' dir='ltr'>laqueis,</span> <span class='ocrx_word' id='word_1_157' title='bbox 2729 1003 2908 1060; x_wconf 82' lang='lat' dir='ltr'>tricis.</span> <span class='ocrx_word' id='word_1_158' title='bbox 2967 1000 3132 1056; x_wconf 88' lang='lat' dir='ltr'>vallis</span> <span class='ocrx_word' id='word_1_159' title='bbox 3181 1007 3238 1055; x_wconf 91' lang='lat' dir='ltr'>et</span> <span class='ocrx_word' id='word_1_160' title='bbox 3284 999 3539 1055; x_wconf 88' lang='lat' dir='ltr'>tenebris</span> 
     </span>
    </p>
   </div>
   <div class='ocr_carea' id='block_1_26' title="bbox 1899 1088 3545 1166">
    <p class='ocr_par' dir='ltr' id='par_1_26' title="bbox 1899 1088 3545 1166">
     <span class='ocr_line' id='line_1_26' title="bbox 1899 1088 3545 1166; baseline -0.004 -17"><span class='ocrx_word' id='word_1_161' title='bbox 1899 1094 2216 1166; x_wconf 85' lang='lat' dir='ltr'>spirituum</span> <span class='ocrx_word' id='word_1_162' title='bbox 2241 1093 2538 1164; x_wconf 69' lang='lat' dir='ltr'>nequitiae,</span> <span class='ocrx_word' id='word_1_163' title='bbox 2566 1108 2702 1164; x_wconf 69' lang='lat' dir='ltr'>quin</span> <span class='ocrx_word' id='word_1_164' title='bbox 2722 1096 2864 1146; x_wconf 90' lang='lat' dir='ltr'>sunt</span> <span class='ocrx_word' id='word_1_165' title='bbox 2888 1090 3259 1147; x_wconf 90' lang='lat' dir='ltr'>occultarum</span> <span class='ocrx_word' id='word_1_166' title='bbox 3283 1088 3545 1144; x_wconf 78' lang='lat' dir='ltr'>affectio-</span> 
     </span>
    </p>
   </div>
   <div class='ocr_carea' id='block_1_27' title="bbox 1898 1181 2478 1255">
    <p class='ocr_par' dir='ltr' id='par_1_27' title="bbox 1898 1181 2478 1255">
     <span class='ocr_line' id='line_1_27' title="bbox 1898 1181 2478 1255; baseline -0.005 -16"><span class='ocrx_word' id='word_1_167' title='bbox 1898 1199 2046 1239; x_wconf 91' lang='lat' dir='ltr'>num</span> <span class='ocrx_word' id='word_1_168' title='bbox 2077 1181 2478 1255; x_wconf 90' lang='lat' dir='ltr'>operationes.</span> 
     </span>
    </p>
   </div>
   <div class='ocr_carea' id='block_1_28' title="bbox 1970 1394 3548 1467">
    <p class='ocr_par' dir='ltr' id='par_1_28' title="bbox 1970 1394 3548 1467">
     <span class='ocr_line' id='line_1_28' title="bbox 1970 1394 3548 1467; baseline -0.002 -16"><span class='ocrx_word' id='word_1_169' title='bbox 1970 1398 2057 1452; x_wconf 80' lang='grc' dir='ltr'><strong><em>ιν.</em></strong></span> <span class='ocrx_word' id='word_1_170' title='bbox 2101 1401 2220 1454; x_wconf 88' lang='lat' dir='ltr'>Hoc</span> <span class='ocrx_word' id='word_1_171' title='bbox 2251 1403 2452 1453; x_wconf 91' lang='lat' dir='ltr'>autem</span> <span class='ocrx_word' id='word_1_172' title='bbox 2485 1396 2708 1453; x_wconf 90' lang='lat' dir='ltr'>bellum</span> <span class='ocrx_word' id='word_1_173' title='bbox 2742 1411 2846 1467; x_wconf 90' lang='lat' dir='ltr'>per</span> <span class='ocrx_word' id='word_1_174' title='bbox 2887 1395 3141 1466; x_wconf 81' lang='lat' dir='ltr'>gratiam</span> <span class='ocrx_word' id='word_1_175' title='bbox 3175 1401 3232 1450; x_wconf 92' lang='lat' dir='ltr'>et</span> <span class='ocrx_word' id='word_1_176' title='bbox 3261 1394 3548 1450; x_wconf 87' lang='lat' dir='ltr'>virtutem</span> 
     </span>
    </p>
   </div>
   <div class='ocr_carea' id='block_1_29' title="bbox 1900 1484 3546 1558">
    <p class='ocr_par' dir='ltr' id='par_1_29' title="bbox 1900 1484 3546 1558">
     <span class='ocr_line' id='line_1_29' title="bbox 1900 1484 3546 1558; baseline -0.003 -16"><span class='ocrx_word' id='word_1_177' title='bbox 1900 1488 1996 1542; x_wconf 91' lang='lat' dir='ltr'>Dei</span> <span class='ocrx_word' id='word_1_178' title='bbox 2024 1487 2237 1543; x_wconf 87' lang='lat' dir='ltr'>conﬁci</span> <span class='ocrx_word' id='word_1_179' title='bbox 2255 1493 2470 1558; x_wconf 88' lang='lat' dir='ltr'>potest.</span> <span class='ocrx_word' id='word_1_180' title='bbox 2503 1489 2619 1542; x_wconf 90' lang='lat' dir='ltr'>Sua</span> <span class='ocrx_word' id='word_1_181' title='bbox 2640 1486 2798 1541; x_wconf 90' lang='lat' dir='ltr'>enim</span> <span class='ocrx_word' id='word_1_182' title='bbox 2822 1485 3030 1540; x_wconf 91' lang='lat' dir='ltr'>virtute</span> <span class='ocrx_word' id='word_1_183' title='bbox 3053 1501 3088 1539; x_wconf 93' lang='lat' dir='ltr'><strong>a</strong></span> <span class='ocrx_word' id='word_1_184' title='bbox 3109 1484 3546 1547; x_wconf 87' lang='lat' dir='ltr'>contrarietate,</span> 
     </span>
    </p>
   </div>
   <div class='ocr_carea' id='block_1_30' title="bbox 1899 1571 3554 1648">
    <p class='ocr_par' dir='ltr' id='par_1_30' title="bbox 1899 1571 3554 1648">
     <span class='ocr_line' id='line_1_30' title="bbox 1899 1571 3554 1648; baseline -0.005 -15"><span class='ocrx_word' id='word_1_185' title='bbox 1899 1577 2011 1648; x_wconf 80' lang='lat'>87</span> <span class='ocrx_word' id='word_1_186' title='bbox 2049 1583 2106 1632; x_wconf 90' lang='lat' dir='ltr'>et</span> <span class='ocrx_word' id='word_1_187' title='bbox 2135 1592 2330 1632; x_wconf 88' lang='lat' dir='ltr'>errore</span> <span class='ocrx_word' id='word_1_188' title='bbox 2357 1576 2811 1646; x_wconf 82' lang='lat' dir='ltr'>cogitationum,</span> <span class='ocrx_word' id='word_1_189' title='bbox 2851 1579 2905 1630; x_wconf 92' lang='lat' dir='ltr'>et</span> <span class='ocrx_word' id='word_1_190' title='bbox 2935 1573 3321 1630; x_wconf 81' lang='lat' dir='ltr'>aifectionum</span> <span class='ocrx_word' id='word_1_191' title='bbox 3352 1571 3554 1627; x_wconf 89' lang='lat' dir='ltr'>invisi-</span> 
     </span>
    </p>
   </div>
   <div class='ocr_carea' id='block_1_31' title="bbox 1899 1661 3550 1734">
    <p class='ocr_par' dir='ltr' id='par_1_31' title="bbox 1899 1661 3550 1734">
     <span class='ocr_line' id='line_1_31' title="bbox 1899 1661 3550 1734; baseline -0.004 -12"><span class='ocrx_word' id='word_1_192' title='bbox 1899 1668 2132 1731; x_wconf 90' lang='lat' dir='ltr'>bilium,</span> <span class='ocrx_word' id='word_1_193' title='bbox 2180 1672 2238 1722; x_wconf 91' lang='lat' dir='ltr'>et</span> <span class='ocrx_word' id='word_1_194' title='bbox 2268 1664 2812 1722; x_wconf 81' lang='lat' dir='ltr'>machinationibus</span> <span class='ocrx_word' id='word_1_195' title='bbox 2855 1663 3012 1722; x_wconf 89' lang='lat' dir='ltr'>illius</span> <span class='ocrx_word' id='word_1_196' title='bbox 3069 1661 3441 1734; x_wconf 89' lang='lat' dir='ltr'>nequissimi,</span> <span class='ocrx_word' id='word_1_197' title='bbox 3487 1676 3550 1716; x_wconf 89' lang='lat' dir='ltr'>se</span> 
     </span>
    </p>
   </div>
   <div class='ocr_carea' id='block_1_32' title="bbox 1897 1750 3549 1830">
    <p class='ocr_par' dir='ltr' id='par_1_32' title="bbox 1897 1750 3549 1830">
     <span class='ocr_line' id='line_1_32' title="bbox 1897 1750 3549 1830; baseline -0.005 -18"><span class='ocrx_word' id='word_1_198' title='bbox 1897 1755 2115 1830; x_wconf 88' lang='lat' dir='ltr'>aliquis</span> <span class='ocrx_word' id='word_1_199' title='bbox 2152 1755 2404 1812; x_wconf 89' lang='lat' dir='ltr'>liberare</span> <span class='ocrx_word' id='word_1_200' title='bbox 2436 1754 2656 1826; x_wconf 90' lang='lat' dir='ltr'>nequit.</span> <span class='ocrx_word' id='word_1_201' title='bbox 2690 1753 2858 1819; x_wconf 85' lang='lat' dir='ltr'>Quod</span> <span class='ocrx_word' id='word_1_202' title='bbox 2885 1754 2932 1808; x_wconf 90' lang='lat' dir='ltr'>si</span> <span class='ocrx_word' id='word_1_203' title='bbox 2958 1753 3116 1825; x_wconf 90' lang='lat' dir='ltr'>quis,</span> <span class='ocrx_word' id='word_1_204' title='bbox 3159 1750 3549 1807; x_wconf 57' lang='lat' dir='ltr'>saecularibus</span> 
     </span>
    </p>
   </div>
   <div class='ocr_carea' id='block_1_33' title="bbox 185 1839 1789 1918">
    <p class='ocr_par' dir='ltr' id='par_1_33' title="bbox 185 1844 1785 1918">
     <span class='ocr_line' id='line_1_33' title="bbox 185 1844 1785 1918; baseline 0.005 -23"><span class='ocrx_word' id='word_1_205' title='bbox 185 1844 448 1906; x_wconf 77' lang='grc' dir='ltr'><strong><em>ποικίλοις</em></strong></span> <span class='ocrx_word' id='word_1_206' title='bbox 492 1847 694 1916; x_wconf 83' lang='grc' dir='ltr'><strong><em>γηῖνοις</em></strong></span> <span class='ocrx_word' id='word_1_207' title='bbox 754 1844 1120 1918; x_wconf 74' lang='grc' dir='ltr'><strong><em>ἕμπέπλεκται,</em></strong></span> <span class='ocrx_word' id='word_1_208' title='bbox 1174 1851 1263 1900; x_wconf 88' lang='lat' dir='ltr'>xui</span> <span class='ocrx_word' id='word_1_209' title='bbox 1309 1855 1416 1909; x_wconf 88' lang='grc' dir='ltr'><strong><em>τοῖς</em></strong></span> <span class='ocrx_word' id='word_1_210' title='bbox 1470 1850 1662 1902; x_wconf 88' lang='grc' dir='ltr'><strong><em>πάθεσι</em></strong></span> <span class='ocrx_word' id='word_1_211' title='bbox 1692 1859 1785 1913; x_wconf 80' lang='grc' dir='ltr'><strong><em>τῆς</em></strong></span> 
     </span>
    </p>
   </div>
   <div class='ocr_carea' id='block_1_34' title="bbox 1901 1839 3548 1918">
    <p class='ocr_par' dir='ltr' id='par_1_34' title="bbox 1901 1839 3548 1918">
     <span class='ocr_line' id='line_1_34' title="bbox 1901 1839 3548 1918; baseline -0.005 -16"><span class='ocrx_word' id='word_1_212' title='bbox 1901 1845 2078 1918; x_wconf 87' lang='lat' dir='ltr'>hujus</span> <span class='ocrx_word' id='word_1_213' title='bbox 2126 1846 2334 1900; x_wconf 85' lang='lat' dir='ltr'>mundi</span> <span class='ocrx_word' id='word_1_214' title='bbox 2387 1845 2565 1901; x_wconf 89' lang='lat' dir='ltr'>rebus</span> <span class='ocrx_word' id='word_1_215' title='bbox 2623 1844 2916 1908; x_wconf 89' lang='lat' dir='ltr'>detentus,</span> <span class='ocrx_word' id='word_1_216' title='bbox 2966 1843 3262 1912; x_wconf 89' lang='lat' dir='ltr'>variisque</span> <span class='ocrx_word' id='word_1_217' title='bbox 3296 1839 3548 1895; x_wconf 88' lang='lat' dir='ltr'>vinculis</span> 
     </span>
    </p>
   </div>
   <div class='ocr_carea' id='block_1_35' title="bbox 199 1932 1786 2008">
    <p class='ocr_par' dir='ltr' id='par_1_35' title="bbox 199 1932 1786 2008">
     <span class='ocr_line' id='line_1_35' title="bbox 199 1932 1786 2008; baseline 0.004 -23"><span class='ocrx_word' id='word_1_218' title='bbox 199 1938 381 1995; x_wconf 85' lang='grc' dir='ltr'><strong><em>κακίας</em></strong></span> <span class='ocrx_word' id='word_1_219' title='bbox 461 1935 760 2006; x_wconf 71' lang='grc' dir='ltr'><strong><em>συνάγεται,</em></strong></span> <span class='ocrx_word' id='word_1_220' title='bbox 858 1932 982 1988; x_wconf 79' lang='grc' dir='ltr'>οὐδί</span> <span class='ocrx_word' id='word_1_221' title='bbox 1067 1935 1401 2008; x_wconf 73' lang='grc' dir='ltr'><strong><em>ἐπιγινώσκει</em></strong></span> <span class='ocrx_word' id='word_1_222' title='bbox 1483 1939 1564 1990; x_wconf 92' lang='grc' dir='ltr'>ὅτι</span> <span class='ocrx_word' id='word_1_223' title='bbox 1645 1942 1786 1992; x_wconf 78' lang='grc' dir='ltr'><strong><em>ἔστιν</em></strong></span> 
     </span>
    </p>
   </div>
   <div class='ocr_carea' id='block_1_36' title="bbox 195 2022 1786 2098">
    <p class='ocr_par' dir='ltr' id='par_1_36' title="bbox 195 2022 1786 2098">
     <span class='ocr_line' id='line_1_36' title="bbox 195 2022 1786 2098; baseline 0.004 -23"><span class='ocrx_word' id='word_1_224' title='bbox 195 2022 312 2080; x_wconf 74' lang='grc' dir='ltr'><strong><em>ἄλλη</em></strong></span> <span class='ocrx_word' id='word_1_225' title='bbox 377 2022 514 2081; x_wconf 88' lang='grc' dir='ltr'><strong><em>πάλη</em></strong></span> <span class='ocrx_word' id='word_1_226' title='bbox 571 2027 660 2075; x_wconf 83' lang='grc' dir='ltr'><strong><em>καὶ</em></strong></span> <span class='ocrx_word' id='word_1_227' title='bbox 717 2028 888 2082; x_wconf 84' lang='grc' dir='ltr'><strong><em>πυκτή</em></strong></span> <span class='ocrx_word' id='word_1_228' title='bbox 943 2029 1032 2076; x_wconf 97' lang='lat' dir='ltr'>xui</span> <span class='ocrx_word' id='word_1_229' title='bbox 1083 2024 1304 2098; x_wconf 88' lang='grc' dir='ltr'><strong><em>πόλεμος</em></strong></span> <span class='ocrx_word' id='word_1_230' title='bbox 1329 2022 1474 2078; x_wconf 78' lang='grc' dir='ltr'><strong><em>ἔνδον</em></strong></span> <span class='ocrx_word' id='word_1_231' title='bbox 1507 2043 1520 2058; x_wconf 83' lang='grc'><em>’</em></span> <span class='ocrx_word' id='word_1_232' title='bbox 1587 2031 1786 2098; x_wconf 82' lang='grc' dir='ltr'><strong><em>γένοιτο</em></strong></span> 
     </span>
    </p>
   </div>
   <div class='ocr_carea' id='block_1_37' title="bbox 186 2111 1786 2188">
    <p class='ocr_par' dir='ltr' id='par_1_37' title="bbox 186 2111 1786 2188">
     <span class='ocr_line' id='line_1_37' title="bbox 186 2111 1786 2188; baseline 0.006 -26"><span class='ocrx_word' id='word_1_233' title='bbox 186 2115 303 2186; x_wconf 80' lang='grc' dir='ltr'><strong><em>γὰρ,</em></strong></span> <span class='ocrx_word' id='word_1_234' title='bbox 362 2112 445 2163; x_wconf 83' lang='grc' dir='ltr'><strong><em>ἱνα</em></strong></span> <span class='ocrx_word' id='word_1_235' title='bbox 491 2111 612 2164; x_wconf 89' lang='grc' dir='ltr'><strong><em>ὅταν</em></strong></span> <span class='ocrx_word' id='word_1_236' title='bbox 689 2131 769 2175; x_wconf 89' lang='grc' dir='ltr'>τις</span> <span class='ocrx_word' id='word_1_237' title='bbox 822 2113 924 2186; x_wconf 75' lang='grc' dir='ltr'>άρη</span> <span class='ocrx_word' id='word_1_238' title='bbox 1005 2112 1186 2166; x_wconf 73' lang='grc' dir='ltr'><strong><em>ἑαυτὸν</em></strong></span> <span class='ocrx_word' id='word_1_239' title='bbox 1245 2115 1652 2188; x_wconf 79' lang='grc' dir='ltr'><strong><em>ἀγωνισάμενος,</em></strong></span> <span class='ocrx_word' id='word_1_240' title='bbox 1697 2122 1786 2172; x_wconf 88' lang='grc' dir='ltr'><strong><em>καὶ</em></strong></span> 
     </span>
    </p>
   </div>
   <div class='ocr_carea' id='block_1_38' title="bbox 188 2199 1785 2279">
    <p class='ocr_par' dir='ltr' id='par_1_38' title="bbox 188 2199 1785 2279">
     <span class='ocr_line' id='line_1_38' title="bbox 188 2199 1785 2279; baseline 0.004 -25"><span class='ocrx_word' id='word_1_241' title='bbox 188 2201 320 2273; x_wconf 75' lang='grc' dir='ltr'><strong><em>λυσῃ</em></strong></span> <span class='ocrx_word' id='word_1_242' title='bbox 387 2201 567 2253; x_wconf 72' lang='grc' dir='ltr'><strong><em>ἑαυτὸν</em></strong></span> <span class='ocrx_word' id='word_1_243' title='bbox 627 2199 728 2253; x_wconf 85' lang='grc' dir='ltr'><strong><em>ἀπὸ</em></strong></span> <span class='ocrx_word' id='word_1_244' title='bbox 791 2203 986 2254; x_wconf 79' lang='grc' dir='ltr'><strong><em>τούτων</em></strong></span> <span class='ocrx_word' id='word_1_245' title='bbox 1057 2209 1158 2254; x_wconf 80' lang='grc' dir='ltr'>τῶν</span> <span class='ocrx_word' id='word_1_246' title='bbox 1213 2209 1523 2276; x_wconf 73' lang='grc' dir='ltr'><strong><em>φαινομένων</em></strong></span> <span class='ocrx_word' id='word_1_247' title='bbox 1577 2203 1785 2279; x_wconf 81' lang='grc' dir='ltr'><strong><em>δεσμῶν</em></strong></span> 
     </span>
    </p>
   </div>
   <div class='ocr_carea' id='block_1_39' title="bbox 188 2288 1788 2368">
    <p class='ocr_par' dir='ltr' id='par_1_39' title="bbox 188 2288 1788 2368">
     <span class='ocr_line' id='line_1_39' title="bbox 188 2288 1788 2368; baseline 0.004 -26"><span class='ocrx_word' id='word_1_248' title='bbox 188 2298 460 2362; x_wconf 88' lang='grc' dir='ltr'><strong><em>κοσμικῶν</em></strong></span> <span class='ocrx_word' id='word_1_249' title='bbox 489 2295 580 2342; x_wconf 83' lang='grc' dir='ltr'><strong><em>καὶ</em></strong></span> <span class='ocrx_word' id='word_1_250' title='bbox 609 2288 796 2341; x_wconf 76' lang='grc' dir='ltr'><strong><em>ὑλικῶν</em></strong></span> <span class='ocrx_word' id='word_1_251' title='bbox 850 2293 1189 2364; x_wconf 82' lang='grc' dir='ltr'><strong><em>πραγμάτων,</em></strong></span> <span class='ocrx_word' id='word_1_252' title='bbox 1230 2296 1319 2344; x_wconf 82' lang='grc' dir='ltr'><strong><em>καὶ</em></strong></span> <span class='ocrx_word' id='word_1_253' title='bbox 1361 2290 1567 2352; x_wconf 79' lang='grc' dir='ltr'><strong><em>ἡδονῶν</em></strong></span> <span class='ocrx_word' id='word_1_254' title='bbox 1606 2315 1788 2368; x_wconf 88' lang='grc' dir='ltr'><strong><em>σαρκι-</em></strong></span> 
     </span>
    </p>
   </div>
   <div class='ocr_carea' id='block_1_40' title="bbox 194 2379 1788 2459">
    <p class='ocr_par' dir='ltr' id='par_1_40' title="bbox 194 2379 1788 2459">
     <span class='ocr_line' id='line_1_40' title="bbox 194 2379 1788 2459; baseline 0.004 -27"><span class='ocrx_word' id='word_1_255' title='bbox 194 2390 320 2445; x_wconf 76' lang='grc' dir='ltr'><strong><em>κῶν,</em></strong></span> <span class='ocrx_word' id='word_1_256' title='bbox 362 2385 452 2432; x_wconf 83' lang='grc' dir='ltr'><strong><em>καὶ</em></strong></span> <span class='ocrx_word' id='word_1_257' title='bbox 493 2379 721 2454; x_wconf 80' lang='grc' dir='ltr'><strong><em>ἄρξηται</em></strong></span> <span class='ocrx_word' id='word_1_258' title='bbox 775 2388 847 2451; x_wconf 85' lang='grc' dir='ltr'>τῷ</span> <span class='ocrx_word' id='word_1_259' title='bbox 916 2386 1090 2454; x_wconf 83' lang='grc' dir='ltr'><strong><em>Κυρίῳ</em></strong></span> <span class='ocrx_word' id='word_1_260' title='bbox 1153 2393 1580 2459; x_wconf 81' lang='grc' dir='ltr'><strong><em>προσκαρτερεῖν,</em></strong></span> <span class='ocrx_word' id='word_1_261' title='bbox 1633 2395 1788 2440; x_wconf 86' lang='grc' dir='ltr'><strong><em>κενῶν</em></strong></span> 
     </span>
    </p>
   </div>
   <div class='ocr_carea' id='block_1_41' title="bbox 193 2469 1784 2550">
    <p class='ocr_par' dir='ltr' id='par_1_41' title="bbox 193 2469 1784 2550">
     <span class='ocr_line' id='line_1_41' title="bbox 193 2469 1784 2550; baseline 0.004 -27"><span class='ocrx_word' id='word_1_262' title='bbox 193 2471 376 2524; x_wconf 76' lang='grc' dir='ltr'><strong><em>ἑαυτὸν</em></strong></span> <span class='ocrx_word' id='word_1_263' title='bbox 429 2469 531 2522; x_wconf 84' lang='grc' dir='ltr'><strong><em>ἀπὸ</em></strong></span> <span class='ocrx_word' id='word_1_264' title='bbox 597 2477 692 2522; x_wconf 79' lang='grc' dir='ltr'>τοῦ</span> <span class='ocrx_word' id='word_1_265' title='bbox 740 2475 945 2542; x_wconf 85' lang='grc' dir='ltr'><strong><em>κόσμου</em></strong></span> <span class='ocrx_word' id='word_1_266' title='bbox 993 2473 1198 2537; x_wconf 87' lang='grc' dir='ltr'><strong><em>τούτου,</em></strong></span> <span class='ocrx_word' id='word_1_267' title='bbox 1266 2474 1361 2525; x_wconf 83' lang='grc' dir='ltr'>κάν</span> <span class='ocrx_word' id='word_1_268' title='bbox 1423 2479 1536 2527; x_wconf 91' lang='grc' dir='ltr'><strong><em>τότε</em></strong></span> <span class='ocrx_word' id='word_1_269' title='bbox 1583 2471 1784 2550; x_wconf 81' lang='grc' dir='ltr'><strong><em>δυνηθῇ</em></strong></span> 
     </span>
    </p>
   </div>
   <div class='ocr_carea' id='block_1_42' title="bbox 180 2555 1786 2637">
    <p class='ocr_par' dir='ltr' id='par_1_42' title="bbox 180 2555 1786 2637">
     <span class='ocr_line' id='line_1_42' title="bbox 180 2555 1786 2637; baseline 0.004 -25"><span class='ocrx_word' id='word_1_270' title='bbox 180 2563 466 2632; x_wconf 69' lang='grc' dir='ltr'><strong><em>ἐπιγνῶναι</em></strong></span> <span class='ocrx_word' id='word_1_271' title='bbox 513 2563 608 2618; x_wconf 79' lang='grc' dir='ltr'><strong><em>τὴν</em></strong></span> <span class='ocrx_word' id='word_1_272' title='bbox 651 2555 796 2611; x_wconf 80' lang='grc' dir='ltr'><strong><em>ἔνδον</em></strong></span> <span class='ocrx_word' id='word_1_273' title='bbox 838 2559 1003 2618; x_wconf 83' lang='grc' dir='ltr'><strong><em>πάλην</em></strong></span> <span class='ocrx_word' id='word_1_274' title='bbox 1058 2569 1156 2613; x_wconf 87' lang='grc' dir='ltr'>τῶν</span> <span class='ocrx_word' id='word_1_275' title='bbox 1187 2564 1364 2614; x_wconf 85' lang='grc' dir='ltr'><strong><em>παθῶν</em></strong></span> <span class='ocrx_word' id='word_1_276' title='bbox 1423 2563 1786 2637; x_wconf 76' lang='grc' dir='ltr'><strong><em>αὐλιζομένην,</em></strong></span> 
     </span>
    </p>
   </div>
   <div class='ocr_carea' id='block_1_43' title="bbox 181 2644 1785 2727">
    <p class='ocr_par' dir='ltr' id='par_1_43' title="bbox 181 2644 1785 2727">
     <span class='ocr_line' id='line_1_43' title="bbox 181 2644 1785 2727; baseline 0.003 -25"><span class='ocrx_word' id='word_1_277' title='bbox 181 2655 271 2702; x_wconf 79' lang='grc' dir='ltr'><strong><em>καὶ</em></strong></span> <span class='ocrx_word' id='word_1_278' title='bbox 303 2651 394 2701; x_wconf 88' lang='grc' dir='ltr'><strong><em>τὸν</em></strong></span> <span class='ocrx_word' id='word_1_279' title='bbox 434 2644 581 2701; x_wconf 81' lang='grc' dir='ltr'><strong><em>ἔνδον</em></strong></span> <span class='ocrx_word' id='word_1_280' title='bbox 610 2648 852 2720; x_wconf 88' lang='grc' dir='ltr'><strong><em>πόλεμον,</em></strong></span> <span class='ocrx_word' id='word_1_281' title='bbox 903 2655 993 2702; x_wconf 89' lang='lat' dir='ltr'>xui</span> <span class='ocrx_word' id='word_1_282' title='bbox 1031 2653 1148 2711; x_wconf 83' lang='grc' dir='ltr'><strong><em>τοὺς</em></strong></span> <span class='ocrx_word' id='word_1_283' title='bbox 1176 2656 1431 2727; x_wconf 86' lang='grc' dir='ltr'><strong><em>πονηροὺς</em></strong></span> <span class='ocrx_word' id='word_1_284' title='bbox 1457 2652 1745 2727; x_wconf 84' lang='grc' dir='ltr'><strong><em>λογισμούς</em></strong></span> <span class='ocrx_word' id='word_1_285' title='bbox 1772 2672 1785 2685; x_wconf 93' lang='grc'><strong>·</strong></span> 
     </span>
    </p>
   </div>
   <div class='ocr_carea' id='block_1_44' title="bbox 179 2739 1789 2818">
    <p class='ocr_par' dir='ltr' id='par_1_44' title="bbox 179 2739 1789 2818">
     <span class='ocr_line' id='line_1_44' title="bbox 179 2739 1789 2818; baseline 0.005 -30"><span class='ocrx_word' id='word_1_286' title='bbox 179 2742 263 2792; x_wconf 74' lang='grc' dir='ltr'>ἑὰν</span> <span class='ocrx_word' id='word_1_287' title='bbox 315 2740 421 2812; x_wconf 83' lang='grc' dir='ltr'><strong><em>γὰρ</em></strong></span> <span class='ocrx_word' id='word_1_288' title='bbox 506 2742 603 2811; x_wconf 81' lang='grc' dir='ltr'><strong><em>μὴ,</em></strong></span> <span class='ocrx_word' id='word_1_289' title='bbox 685 2741 751 2799; x_wconf 83' lang='grc' dir='ltr'><strong><em>ὡς</em></strong></span> <span class='ocrx_word' id='word_1_290' title='bbox 813 2743 1126 2812; x_wconf 74' lang='grc' dir='ltr'><strong><em>προίφημεν,</em></strong></span> <span class='ocrx_word' id='word_1_291' title='bbox 1182 2739 1566 2815; x_wconf 78' lang='grc' dir='ltr'><strong><em>ἀγωνισάμενος</em></strong></span> <span class='ocrx_word' id='word_1_292' title='bbox 1638 2744 1789 2818; x_wconf 74' lang='grc' dir='ltr'>ιῖιρνή⁶</span> 
     </span>
    </p>
   </div>
   <div class='ocr_carea' id='block_1_45' title="bbox 185 2826 1790 2904">
    <p class='ocr_par' dir='ltr' id='par_1_45' title="bbox 185 2826 1790 2904">
     <span class='ocr_line' id='line_1_45' title="bbox 185 2826 1790 2904; baseline 0.003 -25"><span class='ocrx_word' id='word_1_293' title='bbox 185 2847 350 2886; x_wconf 86' lang='grc' dir='ltr'><strong><em>σηται</em></strong></span> <span class='ocrx_word' id='word_1_294' title='bbox 378 2829 468 2878; x_wconf 87' lang='grc' dir='ltr'>τόν</span> <span class='ocrx_word' id='word_1_295' title='bbox 498 2830 717 2898; x_wconf 90' lang='grc' dir='ltr'><strong><em>κόσμον,</em></strong></span> <span class='ocrx_word' id='word_1_296' title='bbox 758 2831 843 2879; x_wconf 77' lang='grc' dir='ltr'><strong><em>καὶ</em></strong></span> <span class='ocrx_word' id='word_1_297' title='bbox 889 2826 1022 2901; x_wconf 75' lang='grc' dir='ltr'><strong><em>λύσῃ</em></strong></span> <span class='ocrx_word' id='word_1_298' title='bbox 1079 2827 1259 2881; x_wconf 73' lang='grc' dir='ltr'><strong><em>ἑαυτὸν</em></strong></span> <span class='ocrx_word' id='word_1_299' title='bbox 1299 2829 1400 2882; x_wconf 87' lang='grc' dir='ltr'>ἀπό</span> <span class='ocrx_word' id='word_1_300' title='bbox 1450 2839 1551 2883; x_wconf 89' lang='grc' dir='ltr'>τῶν</span> <span class='ocrx_word' id='word_1_301' title='bbox 1598 2835 1790 2904; x_wconf 80' lang='grc' dir='ltr'><strong><em>γηΐνων</em></strong></span> 
     </span>
    </p>
   </div>
   <div class='ocr_carea' id='block_1_46' title="bbox 185 2913 1787 2995">
    <p class='ocr_par' dir='ltr' id='par_1_46' title="bbox 185 2913 1787 2995">
     <span class='ocr_line' id='line_1_46' title="bbox 185 2913 1787 2995; baseline 0.003 -26"><span class='ocrx_word' id='word_1_302' title='bbox 185 2917 454 2988; x_wconf 76' lang='grc' dir='ltr'><strong><em>ἐπιθυμῶν</em></strong></span> <span class='ocrx_word' id='word_1_303' title='bbox 504 2914 557 2979; x_wconf 76' lang='grc' dir='ltr'>ἐξ</span> <span class='ocrx_word' id='word_1_304' title='bbox 609 2915 732 2978; x_wconf 89' lang='grc' dir='ltr'><strong><em>ὅλης</em></strong></span> <span class='ocrx_word' id='word_1_305' title='bbox 778 2913 1025 2991; x_wconf 81' lang='grc' dir='ltr'><strong><em>καρδίας,</em></strong></span> <span class='ocrx_word' id='word_1_306' title='bbox 1075 2923 1165 2970; x_wconf 81' lang='grc' dir='ltr'><strong><em>καὶ</em></strong></span> <span class='ocrx_word' id='word_1_307' title='bbox 1226 2918 1340 2981; x_wconf 85' lang='grc' dir='ltr'><strong><em>ὅλος</em></strong></span> <span class='ocrx_word' id='word_1_308' title='bbox 1392 2918 1444 2983; x_wconf 75' lang='grc' dir='ltr'>ἕξ</span> <span class='ocrx_word' id='word_1_309' title='bbox 1483 2920 1602 2973; x_wconf 91' lang='grc' dir='ltr'><strong><em>ὅλου</em></strong></span> <span class='ocrx_word' id='word_1_310' title='bbox 1671 2921 1787 2995; x_wconf 78' lang='grc' dir='ltr'>θέλη</span> 
     </span>
    </p>
   </div>
   <div class='ocr_carea' id='block_1_47' title="bbox 197 3003 1790 3081">
    <p class='ocr_par' dir='ltr' id='par_1_47' title="bbox 197 3003 1790 3081">
     <span class='ocr_line' id='line_1_47' title="bbox 197 3003 1790 3081; baseline 0.003 -23"><span class='ocrx_word' id='word_1_311' title='bbox 197 3003 625 3080; x_wconf 79' lang='grc' dir='ltr'><strong><em>προσκολλᾶσθαι</em></strong></span> <span class='ocrx_word' id='word_1_312' title='bbox 696 3013 769 3077; x_wconf 84' lang='grc' dir='ltr'><strong><em>τῷ</em></strong></span> <span class='ocrx_word' id='word_1_313' title='bbox 847 3011 1042 3080; x_wconf 82' lang='grc' dir='ltr'><strong><em>Κυρίῳ,</em></strong></span> <span class='ocrx_word' id='word_1_314' title='bbox 1127 3007 1221 3061; x_wconf 75' lang='grc' dir='ltr'><strong><em>οὐκ</em></strong></span> <span class='ocrx_word' id='word_1_315' title='bbox 1283 3008 1612 3081; x_wconf 73' lang='grc' dir='ltr'><strong><em>ἐπιγινώσκει</em></strong></span> <span class='ocrx_word' id='word_1_316' title='bbox 1691 3019 1790 3062; x_wconf 92' lang='grc' dir='ltr'>τῶν</span> 
     </span>
    </p>
   </div>
   <div class='ocr_carea' id='block_1_48' title="bbox 197 3095 1790 3170">
    <p class='ocr_par' dir='ltr' id='par_1_48' title="bbox 197 3095 1790 3170">
     <span class='ocr_line' id='line_1_48' title="bbox 197 3095 1790 3170; baseline 0.004 -25"><span class='ocrx_word' id='word_1_317' title='bbox 197 3101 430 3166; x_wconf 83' lang='grc' dir='ltr'><strong><em>κρυπτῶν</em></strong></span> <span class='ocrx_word' id='word_1_318' title='bbox 479 3095 786 3165; x_wconf 87' lang='grc' dir='ltr'><strong><em>πνευμάτων</em></strong></span> <span class='ocrx_word' id='word_1_319' title='bbox 835 3102 930 3156; x_wconf 84' lang='grc' dir='ltr'><strong><em>τῆς</em></strong></span> <span class='ocrx_word' id='word_1_320' title='bbox 983 3099 1231 3170; x_wconf 80' lang='grc' dir='ltr'><strong><em>πονηρίας</em></strong></span> <span class='ocrx_word' id='word_1_321' title='bbox 1290 3100 1384 3155; x_wconf 79' lang='grc' dir='ltr'><strong><em>τὴν</em></strong></span> <span class='ocrx_word' id='word_1_322' title='bbox 1430 3098 1645 3164; x_wconf 82' lang='grc' dir='ltr'><strong><em>πλάνην,</em></strong></span> <span class='ocrx_word' id='word_1_323' title='bbox 1701 3103 1790 3152; x_wconf 82' lang='grc' dir='ltr'><strong><em>καὶ</em></strong></span> 
     </span>
    </p>
   </div>
   <div class='ocr_carea' id='block_1_49' title="bbox 191 3184 1858 3275">
    <p class='ocr_par' dir='ltr' id='par_1_49' title="bbox 191 3184 1858 3275">
     <span class='ocr_line' id='line_1_49' title="bbox 191 3184 1858 3275; baseline 0.004 -40"><span class='ocrx_word' id='word_1_324' title='bbox 191 3185 257 3235; x_wconf 86' lang='grc' dir='ltr'>τά</span> <span class='ocrx_word' id='word_1_325' title='bbox 303 3185 513 3254; x_wconf 88' lang='grc' dir='ltr'><strong><em>κρυπτά</em></strong></span> <span class='ocrx_word' id='word_1_326' title='bbox 571 3189 664 3243; x_wconf 78' lang='grc' dir='ltr'><strong><em>τῆς</em></strong></span> <span class='ocrx_word' id='word_1_327' title='bbox 707 3187 898 3244; x_wconf 87' lang='grc' dir='ltr'><strong><em>κακίας</em></strong></span> <span class='ocrx_word' id='word_1_328' title='bbox 944 3185 1106 3249; x_wconf 89' lang='grc' dir='ltr'><strong><em>πάθη,</em></strong></span> <span class='ocrx_word' id='word_1_329' title='bbox 1184 3184 1290 3238; x_wconf 84' lang='grc' dir='ltr'><strong><em>ἀλλ’</em></strong></span> <span class='ocrx_word' id='word_1_330' title='bbox 1339 3185 1476 3239; x_wconf 79' lang='grc' dir='ltr'><strong><em>ἐστιν</em></strong></span> <span class='ocrx_word' id='word_1_331' title='bbox 1525 3186 1789 3261; x_wconf 83' lang='grc' dir='ltr'><strong><em>ἀλλότριος</em></strong></span> <span class='ocrx_word' id='word_1_332' title='bbox 1820 3219 1858 3275; x_wconf 77' lang='lat' dir='ltr'>C</span> 
     </span>
    </p>
   </div>
   <div class='ocr_carea' id='block_1_50' title="bbox 183 3268 1787 3349">
    <p class='ocr_par' dir='ltr' id='par_1_50' title="bbox 183 3268 1787 3349">
     <span class='ocr_line' id='line_1_50' title="bbox 183 3268 1787 3349; baseline 0.002 -24"><span class='ocrx_word' id='word_1_333' title='bbox 183 3272 394 3329; x_wconf 75' lang='grc' dir='ltr'><strong><em>ἑαυτοῦ.</em></strong></span> <span class='ocrx_word' id='word_1_334' title='bbox 471 3274 535 3332; x_wconf 84' lang='grc' dir='ltr'><strong><em>ὡς</em></strong></span> <span class='ocrx_word' id='word_1_335' title='bbox 619 3271 712 3324; x_wconf 76' lang='grc' dir='ltr'><strong><em>οὐκ</em></strong></span> <span class='ocrx_word' id='word_1_336' title='bbox 774 3268 884 3325; x_wconf 81' lang='grc' dir='ltr'><strong><em>οἶδε</em></strong></span> <span class='ocrx_word' id='word_1_337' title='bbox 940 3275 1236 3347; x_wconf 80' lang='grc' dir='ltr'><strong><em>τραύματα,</em></strong></span> <span class='ocrx_word' id='word_1_338' title='bbox 1304 3279 1393 3327; x_wconf 89' lang='lat' dir='ltr'>xui</span> <span class='ocrx_word' id='word_1_339' title='bbox 1450 3277 1590 3334; x_wconf 86' lang='grc' dir='ltr'><strong><em>πάθη</em></strong></span> <span class='ocrx_word' id='word_1_340' title='bbox 1651 3279 1787 3349; x_wconf 80' lang='grc' dir='ltr'><strong><em>ἔχων</em></strong></span> 
     </span>
    </p>
   </div>
   <div class='ocr_carea' id='block_1_51' title="bbox 177 3359 1786 3438">
    <p class='ocr_par' dir='ltr' id='par_1_51' title="bbox 177 3359 1786 3438">
     <span class='ocr_line' id='line_1_51' title="bbox 177 3359 1786 3438; baseline 0.005 -27"><span class='ocrx_word' id='word_1_341' title='bbox 177 3363 393 3434; x_wconf 85' lang='grc' dir='ltr'><strong><em>κρυπτά</em></strong></span> <span class='ocrx_word' id='word_1_342' title='bbox 439 3365 528 3412; x_wconf 84' lang='grc' dir='ltr'><strong><em>καὶ</em></strong></span> <span class='ocrx_word' id='word_1_343' title='bbox 583 3359 822 3432; x_wconf 85' lang='grc' dir='ltr'><strong><em>ἀγνοῶν’</em></strong></span> <span class='ocrx_word' id='word_1_344' title='bbox 880 3364 956 3414; x_wconf 84' lang='grc' dir='ltr'><strong><em>ἔτι</em></strong></span> <span class='ocrx_word' id='word_1_345' title='bbox 1023 3359 1080 3415; x_wconf 74' lang='grc' dir='ltr'><strong><em>δὲ</em></strong></span> <span class='ocrx_word' id='word_1_346' title='bbox 1138 3363 1206 3424; x_wconf 83' lang='grc' dir='ltr'><strong><em>εἰς</em></strong></span> <span class='ocrx_word' id='word_1_347' title='bbox 1256 3365 1322 3416; x_wconf 83' lang='grc' dir='ltr'>τά</span> <span class='ocrx_word' id='word_1_348' title='bbox 1374 3369 1655 3438; x_wconf 75' lang='grc' dir='ltr'><strong><em>φαινόμενα</em></strong></span> <span class='ocrx_word' id='word_1_349' title='bbox 1703 3363 1786 3419; x_wconf 78' lang='grc' dir='ltr'>δέ·</span> 
     </span>
    </p>
   </div>
   <div class='ocr_carea' id='block_1_52' title="bbox 180 3445 1788 3529">
    <p class='ocr_par' dir='ltr' id='par_1_52' title="bbox 180 3445 1788 3529">
     <span class='ocr_line' id='line_1_52' title="bbox 180 3445 1788 3529; baseline 0.006 -29"><span class='ocrx_word' id='word_1_350' title='bbox 180 3445 357 3518; x_wconf 82' lang='grc' dir='ltr'><strong><em>δεται,</em></strong></span> <span class='ocrx_word' id='word_1_351' title='bbox 413 3454 506 3502; x_wconf 83' lang='grc' dir='ltr'><strong><em>καὶ</em></strong></span> <span class='ocrx_word' id='word_1_352' title='bbox 560 3449 630 3512; x_wconf 81' lang='grc' dir='ltr'><strong><em>εἰς</em></strong></span> <span class='ocrx_word' id='word_1_353' title='bbox 689 3453 754 3502; x_wconf 82' lang='grc' dir='ltr'><strong><em>τὰ</em></strong></span> <span class='ocrx_word' id='word_1_354' title='bbox 795 3457 886 3503; x_wconf 83' lang='grc' dir='ltr'><strong><em>τοῦ</em></strong></span> <span class='ocrx_word' id='word_1_355' title='bbox 945 3456 1147 3524; x_wconf 88' lang='grc' dir='ltr'><strong><em>κόσμου</em></strong></span> <span class='ocrx_word' id='word_1_356' title='bbox 1215 3455 1504 3526; x_wconf 87' lang='grc' dir='ltr'><strong><em>πράγματα</em></strong></span> <span class='ocrx_word' id='word_1_357' title='bbox 1557 3453 1788 3529; x_wconf 73' lang='grc' dir='ltr'><strong><em>ἐνέχεται</em></strong></span> 
     </span>
    </p>
   </div>
   <div class='ocr_carea' id='block_1_53' title="bbox 175 3557 332 3591">
    <p class='ocr_par' dir='ltr' id='par_1_53' title="bbox 175 3557 332 3591">
     <span class='ocr_line' id='line_1_53' title="bbox 175 3557 332 3591; baseline -0.013 0"><span class='ocrx_word' id='word_1_358' title='bbox 175 3557 332 3591; x_wconf 79' lang='grc' dir='ltr'><strong><em>εκων.</em></strong></span> 
     </span>
    </p>
   </div>
   <div class='ocr_carea' id='block_1_54' title="bbox 261 3659 1790 3735">
    <p class='ocr_par' dir='ltr' id='par_1_54' title="bbox 261 3659 1790 3735">
     <span class='ocr_line' id='line_1_54' title="bbox 261 3659 1790 3735; baseline 0.003 -21"><span class='ocrx_word' id='word_1_359' title='bbox 261 3660 342 3714; x_wconf 81' lang='grc' dir='ltr'>Ε’.</span> <span class='ocrx_word' id='word_1_360' title='bbox 419 3659 480 3714; x_wconf 83' lang='grc' dir='ltr'><strong>Ὀ</strong></span> <span class='ocrx_word' id='word_1_361' title='bbox 529 3664 631 3735; x_wconf 85' lang='grc' dir='ltr'><strong><em>γὰρ</em></strong></span> <span class='ocrx_word' id='word_1_362' title='bbox 691 3660 1048 3734; x_wconf 87' lang='grc' dir='ltr'><strong><em>ἀρνησάμενος</em></strong></span> <span class='ocrx_word' id='word_1_363' title='bbox 1098 3665 1234 3716; x_wconf 82' lang='grc' dir='ltr'><strong><em>κατὰ</em></strong></span> <span class='ocrx_word' id='word_1_364' title='bbox 1281 3663 1523 3723; x_wconf 80' lang='grc' dir='ltr'><strong><em>ἀλήθειαν</em></strong></span> <span class='ocrx_word' id='word_1_365' title='bbox 1579 3670 1666 3718; x_wconf 91' lang='grc' dir='ltr'><strong><em>τὸν</em></strong></span> <span class='ocrx_word' id='word_1_366' title='bbox 1704 3671 1790 3719; x_wconf 84' lang='grc' dir='ltr'><strong><em>κό-</em></strong></span> 
     </span>
    </p>
   </div>
   <div class='ocr_carea' id='block_1_55' title="bbox 191 3749 1788 3828">
    <p class='ocr_par' dir='ltr' id='par_1_55' title="bbox 191 3749 1788 3828">
     <span class='ocr_line' id='line_1_55' title="bbox 191 3749 1788 3828; baseline 0.003 -24"><span class='ocrx_word' id='word_1_367' title='bbox 191 3770 346 3824; x_wconf 86' lang='grc' dir='ltr'><strong><em>σμον,</em></strong></span> <span class='ocrx_word' id='word_1_368' title='bbox 403 3757 493 3803; x_wconf 83' lang='grc' dir='ltr'><strong><em>καὶ</em></strong></span> <span class='ocrx_word' id='word_1_369' title='bbox 551 3749 958 3823; x_wconf 85' lang='grc' dir='ltr'><strong><em>ἀγωνισάμενος,</em></strong></span> <span class='ocrx_word' id='word_1_370' title='bbox 1011 3758 1101 3805; x_wconf 85' lang='grc' dir='ltr'><strong><em>καὶ</em></strong></span> <span class='ocrx_word' id='word_1_371' title='bbox 1153 3752 1446 3828; x_wconf 72' lang='grc' dir='ltr'><strong><em>ἀπορρίψας</em></strong></span> <span class='ocrx_word' id='word_1_372' title='bbox 1485 3755 1570 3827; x_wconf 80' lang='grc' dir='ltr'><strong><em>ἀφ’</em></strong></span> <span class='ocrx_word' id='word_1_373' title='bbox 1604 3756 1788 3809; x_wconf 75' lang='grc' dir='ltr'><strong><em>ἑαυτοῦ</em></strong></span> 
     </span>
    </p>
   </div>
   <div class='ocr_carea' id='block_1_56' title="bbox 185 3845 1784 3916">
    <p class='ocr_par' dir='ltr' id='par_1_56' title="bbox 185 3845 1784 3916">
     <span class='ocr_line' id='line_1_56' title="bbox 185 3845 1784 3916; baseline 0.003 -24"><span class='ocrx_word' id='word_1_374' title='bbox 185 3845 236 3893; x_wconf 86' lang='grc' dir='ltr'><strong><em>τὸ</em></strong></span> <span class='ocrx_word' id='word_1_375' title='bbox 309 3845 520 3915; x_wconf 87' lang='grc' dir='ltr'><strong><em>φορτίον</em></strong></span> <span class='ocrx_word' id='word_1_376' title='bbox 567 3848 664 3902; x_wconf 84' lang='grc' dir='ltr'>τῆς</span> <span class='ocrx_word' id='word_1_377' title='bbox 712 3849 833 3912; x_wconf 84' lang='grc' dir='ltr'><strong><em>γῆς,</em></strong></span> <span class='ocrx_word' id='word_1_378' title='bbox 886 3846 976 3895; x_wconf 83' lang='grc' dir='ltr'><strong><em>καὶ</em></strong></span> <span class='ocrx_word' id='word_1_379' title='bbox 1031 3851 1130 3894; x_wconf 88' lang='grc' dir='ltr'>τῶν</span> <span class='ocrx_word' id='word_1_380' title='bbox 1185 3848 1422 3916; x_wconf 80' lang='grc' dir='ltr'><strong><em>ματαίων</em></strong></span> <span class='ocrx_word' id='word_1_381' title='bbox 1481 3846 1784 3916; x_wconf 77' lang='grc' dir='ltr'><strong><em>ἐπιθυμιῶν,</em></strong></span> 
     </span>
    </p>
   </div>
   <div class='ocr_carea' id='block_1_57' title="bbox 184 3925 1790 4004">
    <p class='ocr_par' dir='ltr' id='par_1_57' title="bbox 184 3925 1790 4004">
     <span class='ocr_line' id='line_1_57' title="bbox 184 3925 1790 4004; baseline 0.002 -22"><span class='ocrx_word' id='word_1_382' title='bbox 184 3935 270 3982; x_wconf 80' lang='lat' dir='ltr'>xui</span> <span class='ocrx_word' id='word_1_383' title='bbox 312 3925 519 3987; x_wconf 83' lang='grc' dir='ltr'><strong><em>ἡδονῶν</em></strong></span> <span class='ocrx_word' id='word_1_384' title='bbox 573 3937 858 4003; x_wconf 88' lang='grc' dir='ltr'><strong><em>σαρκικῶν,</em></strong></span> <span class='ocrx_word' id='word_1_385' title='bbox 911 3935 1000 3983; x_wconf 90' lang='lat' dir='ltr'>xui</span> <span class='ocrx_word' id='word_1_386' title='bbox 1058 3927 1239 3998; x_wconf 81' lang='grc' dir='ltr'><strong><em>δόξης,</em></strong></span> <span class='ocrx_word' id='word_1_387' title='bbox 1303 3937 1392 3985; x_wconf 88' lang='lat' dir='ltr'>xui</span> <span class='ocrx_word' id='word_1_388' title='bbox 1452 3931 1647 4004; x_wconf 84' lang='grc' dir='ltr'><strong><em>ἀρχῆς,</em></strong></span> <span class='ocrx_word' id='word_1_389' title='bbox 1700 3937 1790 3986; x_wconf 82' lang='grc' dir='ltr'><strong><em>καὶ</em></strong></span> 
     </span>
    </p>
   </div>
   <div class='ocr_carea' id='block_1_58' title="bbox 184 4018 1790 4094">
    <p class='ocr_par' dir='ltr' id='par_1_58' title="bbox 184 4018 1790 4094">
     <span class='ocr_line' id='line_1_58' title="bbox 184 4018 1790 4094; baseline 0.002 -23"><span class='ocrx_word' id='word_1_390' title='bbox 184 4028 348 4092; x_wconf 83' lang='grc' dir='ltr'><strong><em>τιμῶν</em></strong></span> <span class='ocrx_word' id='word_1_391' title='bbox 400 4018 732 4091; x_wconf 85' lang='grc' dir='ltr'><strong><em>ἀνθρωπίνων</em></strong></span> <span class='ocrx_word' id='word_1_392' title='bbox 790 4022 917 4094; x_wconf 85' lang='grc' dir='ltr'><strong><em>άρας</em></strong></span> <span class='ocrx_word' id='word_1_393' title='bbox 969 4020 1172 4089; x_wconf 77' lang='grc' dir='ltr'><strong><em>ἑαυτὸν,</em></strong></span> <span class='ocrx_word' id='word_1_394' title='bbox 1218 4027 1306 4073; x_wconf 85' lang='grc' dir='ltr'><strong><em>καὶ</em></strong></span> <span class='ocrx_word' id='word_1_395' title='bbox 1337 4021 1390 4084; x_wconf 78' lang='grc' dir='ltr'><strong>ἐξ</strong></span> <span class='ocrx_word' id='word_1_396' title='bbox 1419 4021 1539 4084; x_wconf 85' lang='grc' dir='ltr'><strong><em>ὅλης</em></strong></span> <span class='ocrx_word' id='word_1_397' title='bbox 1569 4019 1790 4094; x_wconf 86' lang='grc' dir='ltr'><strong><em>καρδίας</em></strong></span> 
     </span>
    </p>
   </div>
   <div class='ocr_carea' id='block_1_59' title="bbox 182 4107 1789 4183">
    <p class='ocr_par' dir='ltr' id='par_1_59' title="bbox 182 4107 1789 4183">
     <span class='ocr_line' id='line_1_59' title="bbox 182 4107 1789 4183; baseline 0.002 -24"><span class='ocrx_word' id='word_1_398' title='bbox 182 4115 369 4160; x_wconf 84' lang='grc' dir='ltr'><strong><em>τοῦτον</em></strong></span> <span class='ocrx_word' id='word_1_399' title='bbox 416 4107 723 4178; x_wconf 84' lang='grc' dir='ltr'><strong><em>ἀπαγαγὼν,</em></strong></span> <span class='ocrx_word' id='word_1_400' title='bbox 784 4110 937 4162; x_wconf 86' lang='grc' dir='ltr'><strong><em>ὁπότε</em></strong></span> <span class='ocrx_word' id='word_1_401' title='bbox 990 4115 1078 4162; x_wconf 90' lang='lat' dir='ltr'>xui</span> <span class='ocrx_word' id='word_1_402' title='bbox 1139 4110 1206 4170; x_wconf 87' lang='grc' dir='ltr'><strong><em>εἰς</em></strong></span> <span class='ocrx_word' id='word_1_403' title='bbox 1243 4117 1423 4162; x_wconf 83' lang='grc' dir='ltr'><strong><em>τοῦτον</em></strong></span> <span class='ocrx_word' id='word_1_404' title='bbox 1461 4113 1548 4162; x_wconf 87' lang='grc' dir='ltr'>τόν</span> <span class='ocrx_word' id='word_1_405' title='bbox 1579 4113 1789 4183; x_wconf 88' lang='grc' dir='ltr'><strong><em>φανερόν</em></strong></span> 
     </span>
    </p>
   </div>
   <div class='ocr_carea' id='block_1_60' title="bbox 188 4195 1789 4274">
    <p class='ocr_par' dir='ltr' id='par_1_60' title="bbox 188 4195 1789 4274">
     <span class='ocr_line' id='line_1_60' title="bbox 188 4195 1789 4274; baseline 0.003 -26"><span class='ocrx_word' id='word_1_406' title='bbox 188 4195 367 4267; x_wconf 80' lang='grc' dir='ltr'><strong><em>ἀγῶνα</em></strong></span> <span class='ocrx_word' id='word_1_407' title='bbox 414 4198 440 4248; x_wconf 87' lang='grc' dir='ltr'>ό</span> <span class='ocrx_word' id='word_1_408' title='bbox 501 4199 688 4270; x_wconf 84' lang='grc' dir='ltr'><strong><em>Κύριος</em></strong></span> <span class='ocrx_word' id='word_1_409' title='bbox 733 4206 974 4270; x_wconf 90' lang='grc' dir='ltr'><strong><em>κρυπτῶς</em></strong></span> <span class='ocrx_word' id='word_1_410' title='bbox 1039 4197 1246 4271; x_wconf 79' lang='grc' dir='ltr'><strong><em>βοηθεῖ,</em></strong></span> <span class='ocrx_word' id='word_1_411' title='bbox 1304 4203 1440 4251; x_wconf 86' lang='grc' dir='ltr'>κατά</span> <span class='ocrx_word' id='word_1_412' title='bbox 1491 4203 1549 4252; x_wconf 85' lang='grc' dir='ltr'><strong><em>τὸ</em></strong></span> <span class='ocrx_word' id='word_1_413' title='bbox 1605 4205 1789 4274; x_wconf 75' lang='grc' dir='ltr'><strong><em>μέτρον</em></strong></span> 
     </span>
    </p>
   </div>
   <div class='ocr_carea' id='block_1_61' title="bbox 191 4284 1791 4361">
    <p class='ocr_par' dir='ltr' id='par_1_61' title="bbox 191 4284 1791 4361">
     <span class='ocr_line' id='line_1_61' title="bbox 191 4284 1791 4361; baseline 0.004 -26"><span class='ocrx_word' id='word_1_414' title='bbox 191 4293 282 4346; x_wconf 79' lang='grc' dir='ltr'><strong><em>τῆς</em></strong></span> <span class='ocrx_word' id='word_1_415' title='bbox 333 4284 594 4359; x_wconf 73' lang='grc' dir='ltr'><strong><em>ἀρνήσεως</em></strong></span> <span class='ocrx_word' id='word_1_416' title='bbox 654 4293 746 4338; x_wconf 83' lang='grc' dir='ltr'><strong><em>τοῦ</em></strong></span> <span class='ocrx_word' id='word_1_417' title='bbox 799 4286 1081 4359; x_wconf 79' lang='grc' dir='ltr'><strong><em>θελήματος</em></strong></span> <span class='ocrx_word' id='word_1_418' title='bbox 1125 4295 1217 4340; x_wconf 85' lang='grc' dir='ltr'><strong><em>τοῦ</em></strong></span> <span class='ocrx_word' id='word_1_419' title='bbox 1256 4293 1479 4361; x_wconf 89' lang='grc' dir='ltr'><strong><em>κόσμου,</em></strong></span> <span class='ocrx_word' id='word_1_420' title='bbox 1528 4309 1618 4342; x_wconf 89' lang='grc' dir='ltr'>και</span> <span class='ocrx_word' id='word_1_421' title='bbox 1666 4309 1791 4342; x_wconf 88' lang='grc' dir='ltr'><strong><em>στα-</em></strong></span> 
     </span>
    </p>
   </div>
   <div class='ocr_carea' id='block_1_62' title="bbox 199 4375 1791 4453">
    <p class='ocr_par' dir='ltr' id='par_1_62' title="bbox 199 4375 1791 4453">
     <span class='ocr_line' id='line_1_62' title="bbox 199 4375 1791 4453; baseline 0.004 -28"><span class='ocrx_word' id='word_1_422' title='bbox 199 4375 300 4435; x_wconf 78' lang='grc' dir='ltr'><strong><em>θεὶς</em></strong></span> <span class='ocrx_word' id='word_1_423' title='bbox 359 4375 428 4436; x_wconf 86' lang='grc' dir='ltr'><strong><em>εἰς</em></strong></span> <span class='ocrx_word' id='word_1_424' title='bbox 483 4379 579 4432; x_wconf 80' lang='grc' dir='ltr'><strong><em>τὴν</em></strong></span> <span class='ocrx_word' id='word_1_425' title='bbox 622 4382 716 4427; x_wconf 84' lang='grc' dir='ltr'><strong><em>τοῦ</em></strong></span> <span class='ocrx_word' id='word_1_426' title='bbox 771 4380 966 4450; x_wconf 79' lang='grc' dir='ltr'><strong><em>Κυρίου</em></strong></span> <span class='ocrx_word' id='word_1_427' title='bbox 1005 4375 1264 4451; x_wconf 81' lang='grc' dir='ltr'><strong><em>λατρείαν,</em></strong></span> <span class='ocrx_word' id='word_1_428' title='bbox 1329 4383 1418 4430; x_wconf 84' lang='lat' dir='ltr'>xui</span> <span class='ocrx_word' id='word_1_429' title='bbox 1465 4397 1791 4453; x_wconf 89' lang='grc' dir='ltr'><strong><em>προσκαρτε-</em></strong></span> 
     </span>
    </p>
   </div>
   <div class='ocr_carea' id='block_1_63' title="bbox 199 4463 1789 4539">
    <p class='ocr_par' dir='ltr' id='par_1_63' title="bbox 199 4463 1789 4539">
     <span class='ocr_line' id='line_1_63' title="bbox 199 4463 1789 4539; baseline 0.004 -25"><span class='ocrx_word' id='word_1_430' title='bbox 199 4468 367 4532; x_wconf 78' lang='grc' dir='ltr'><strong><em>ρήσας</em></strong></span> <span class='ocrx_word' id='word_1_431' title='bbox 396 4463 510 4525; x_wconf 83' lang='grc' dir='ltr'><strong><em>ὅλος</em></strong></span> <span class='ocrx_word' id='word_1_432' title='bbox 541 4463 597 4526; x_wconf 71' lang='grc' dir='ltr'>ἐξ</span> <span class='ocrx_word' id='word_1_433' title='bbox 629 4463 768 4533; x_wconf 83' lang='grc' dir='ltr'><strong><em>ὅλου,</em></strong></span> <span class='ocrx_word' id='word_1_434' title='bbox 829 4470 1035 4537; x_wconf 84' lang='grc' dir='ltr'><strong><em>σώματι</em></strong></span> <span class='ocrx_word' id='word_1_435' title='bbox 1083 4471 1172 4518; x_wconf 84' lang='grc' dir='ltr'><strong><em>καὶ</em></strong></span> <span class='ocrx_word' id='word_1_436' title='bbox 1223 4467 1378 4539; x_wconf 74' lang='grc' dir='ltr'>ψυχῆ</span> <span class='ocrx_word' id='word_1_437' title='bbox 1419 4467 1569 4538; x_wconf 80' lang='grc' dir='ltr'><strong><em>λέγω,</em></strong></span> <span class='ocrx_word' id='word_1_438' title='bbox 1603 4472 1789 4531; x_wconf 73' lang='grc' dir='ltr'><strong><em>ἐκεῖνος</em></strong></span> 
     </span>
    </p>
   </div>
   <div class='ocr_carea' id='block_1_64' title="bbox 1894 1931 3549 2007">
    <p class='ocr_par' dir='ltr' id='par_1_64' title="bbox 1894 1931 3549 2007">
     <span class='ocr_line' id='line_1_64' title="bbox 1894 1931 3549 2007; baseline -0.004 -17"><span class='ocrx_word' id='word_1_439' title='bbox 1894 1936 2144 1992; x_wconf 86' lang='lat' dir='ltr'>terrenis</span> <span class='ocrx_word' id='word_1_440' title='bbox 2157 1932 2937 2007; x_wconf 77' lang='lat' dir='ltr'>implicatus,aﬁ&#39;ectionibus</span> <span class='ocrx_word' id='word_1_441' title='bbox 2954 1932 3190 1986; x_wconf 69' lang='lat' dir='ltr'>malitiae</span> <span class='ocrx_word' id='word_1_442' title='bbox 3205 1931 3308 1986; x_wconf 89' lang='lat' dir='ltr'>sed</span> <span class='ocrx_word' id='word_1_443' title='bbox 3319 1935 3549 1990; x_wconf 84' lang='lat' dir='ltr'>ucatur;</span> 
     </span>
    </p>
   </div>
   <div class='ocr_carea' id='block_1_65' title="bbox 1895 2019 3546 2097">
    <p class='ocr_par' dir='ltr' id='par_1_65' title="bbox 1895 2019 3546 2097">
     <span class='ocr_line' id='line_1_65' title="bbox 1895 2019 3546 2097; baseline -0.004 -16"><span class='ocrx_word' id='word_1_444' title='bbox 1895 2041 2141 2097; x_wconf 88' lang='lat' dir='ltr'>prorsus</span> <span class='ocrx_word' id='word_1_445' title='bbox 2167 2040 2286 2080; x_wconf 92' lang='lat' dir='ltr'><strong>non</strong></span> <span class='ocrx_word' id='word_1_446' title='bbox 2310 2038 2670 2092; x_wconf 83' lang='lat' dir='ltr'>cognoscere</span> <span class='ocrx_word' id='word_1_447' title='bbox 2687 2028 2896 2092; x_wconf 87' lang='lat' dir='ltr'>potest.</span> <span class='ocrx_word' id='word_1_448' title='bbox 2925 2021 3104 2077; x_wconf 87' lang='lat' dir='ltr'>aliam</span> <span class='ocrx_word' id='word_1_449' title='bbox 3147 2035 3278 2076; x_wconf 89' lang='lat' dir='ltr'>esse</span> <span class='ocrx_word' id='word_1_450' title='bbox 3301 2019 3546 2083; x_wconf 89' lang='lat' dir='ltr'>luctam,</span> 
     </span>
    </p>
   </div>
   <div class='ocr_carea' id='block_1_66' title="bbox 1895 2109 3549 2185">
    <p class='ocr_par' dir='ltr' id='par_1_66' title="bbox 1895 2109 3549 2185">
     <span class='ocr_line' id='line_1_66' title="bbox 1895 2109 3549 2185; baseline -0.004 -16"><span class='ocrx_word' id='word_1_451' title='bbox 1895 2129 2166 2185; x_wconf 88' lang='lat' dir='ltr'>pugnam</span> <span class='ocrx_word' id='word_1_452' title='bbox 2202 2120 2259 2169; x_wconf 90' lang='lat' dir='ltr'>et</span> <span class='ocrx_word' id='word_1_453' title='bbox 2306 2111 2528 2168; x_wconf 91' lang='lat' dir='ltr'>bellum</span> <span class='ocrx_word' id='word_1_454' title='bbox 2562 2111 2884 2166; x_wconf 91' lang='lat' dir='ltr'>internum.</span> <span class='ocrx_word' id='word_1_455' title='bbox 2933 2109 3076 2165; x_wconf 79' lang='lat' dir='ltr'>Fieri</span> <span class='ocrx_word' id='word_1_456' title='bbox 3125 2110 3284 2164; x_wconf 89' lang='lat' dir='ltr'>enim</span> <span class='ocrx_word' id='word_1_457' title='bbox 3336 2112 3549 2179; x_wconf 90' lang='lat' dir='ltr'>potest,</span> 
     </span>
    </p>
   </div>
   <div class='ocr_carea' id='block_1_67' title="bbox 1899 2197 3552 2276">
    <p class='ocr_par' dir='ltr' id='par_1_67' title="bbox 1899 2197 3552 2276">
     <span class='ocr_line' id='line_1_67' title="bbox 1899 2197 3552 2276; baseline -0.004 -17"><span class='ocrx_word' id='word_1_458' title='bbox 1899 2210 1980 2268; x_wconf 92' lang='lat' dir='ltr'>ut,</span> <span class='ocrx_word' id='word_1_459' title='bbox 2023 2203 2072 2258; x_wconf 89' lang='lat' dir='ltr'>si</span> <span class='ocrx_word' id='word_1_460' title='bbox 2105 2203 2239 2276; x_wconf 90' lang='lat' dir='ltr'>quis</span> <span class='ocrx_word' id='word_1_461' title='bbox 2291 2200 2638 2256; x_wconf 89' lang='lat' dir='ltr'>dimicando</span> <span class='ocrx_word' id='word_1_462' title='bbox 2677 2215 2738 2255; x_wconf 91' lang='lat' dir='ltr'>se</span> <span class='ocrx_word' id='word_1_463' title='bbox 2785 2199 3008 2254; x_wconf 84' lang='lat' dir='ltr'>eximat</span> <span class='ocrx_word' id='word_1_464' title='bbox 3061 2202 3241 2269; x_wconf 91' lang='lat' dir='ltr'>atque</span> <span class='ocrx_word' id='word_1_465' title='bbox 3287 2197 3552 2253; x_wconf 83' lang='lat' dir='ltr'>exsolvat</span> 
     </span>
    </p>
   </div>
   <div class='ocr_carea' id='block_1_68' title="bbox 1897 2285 3552 2354">
    <p class='ocr_par' dir='ltr' id='par_1_68' title="bbox 1897 2285 3552 2354">
     <span class='ocr_line' id='line_1_68' title="bbox 1897 2285 3552 2354; baseline -0.005 -6"><span class='ocrx_word' id='word_1_466' title='bbox 1897 2292 1976 2348; x_wconf 91' lang='lat' dir='ltr'>ab</span> <span class='ocrx_word' id='word_1_467' title='bbox 2005 2292 2100 2347; x_wconf 87' lang='lat' dir='ltr'>his</span> <span class='ocrx_word' id='word_1_468' title='bbox 2122 2291 2380 2347; x_wconf 81' lang='lat' dir='ltr'>externis</span> <span class='ocrx_word' id='word_1_469' title='bbox 2399 2288 2650 2346; x_wconf 89' lang='lat' dir='ltr'>vinculis</span> <span class='ocrx_word' id='word_1_470' title='bbox 2668 2288 3016 2354; x_wconf 88' lang='lat' dir='ltr'>mundanis,</span> <span class='ocrx_word' id='word_1_471' title='bbox 3046 2304 3118 2343; x_wconf 89' lang='lat' dir='ltr'><strong>ac</strong></span> <span class='ocrx_word' id='word_1_472' title='bbox 3143 2285 3552 2343; x_wconf 87' lang='lat' dir='ltr'>materialibus</span> 
     </span>
    </p>
   </div>
   <div class='ocr_carea' id='block_1_69' title="bbox 1896 2376 3553 2451">
    <p class='ocr_par' dir='ltr' id='par_1_69' title="bbox 1896 2376 3553 2451">
     <span class='ocr_line' id='line_1_69' title="bbox 1896 2376 3553 2451; baseline -0.005 -13"><span class='ocrx_word' id='word_1_473' title='bbox 1896 2382 2094 2446; x_wconf 87' lang='lat' dir='ltr'>rebus,</span> <span class='ocrx_word' id='word_1_474' title='bbox 2117 2387 2172 2436; x_wconf 93' lang='lat' dir='ltr'>et</span> <span class='ocrx_word' id='word_1_475' title='bbox 2205 2379 2614 2451; x_wconf 90' lang='lat' dir='ltr'>voluptatibus</span> <span class='ocrx_word' id='word_1_476' title='bbox 2645 2379 2866 2441; x_wconf 88' lang='lat' dir='ltr'>carnis,</span> <span class='ocrx_word' id='word_1_477' title='bbox 2903 2378 3265 2450; x_wconf 87' lang='lat' dir='ltr'>incipiatque</span> <span class='ocrx_word' id='word_1_478' title='bbox 3298 2376 3553 2431; x_wconf 91' lang='lat' dir='ltr'>Domino</span> 
     </span>
    </p>
   </div>
   <div class='ocr_carea' id='block_1_70' title="bbox 1898 2466 3556 2542">
    <p class='ocr_par' dir='ltr' id='par_1_70' title="bbox 1898 2466 3556 2542">
     <span class='ocr_line' id='line_1_70' title="bbox 1898 2466 3556 2542; baseline -0.004 -16"><span class='ocrx_word' id='word_1_479' title='bbox 1898 2470 2225 2536; x_wconf 67' lang='lat' dir='ltr'>adhaerere,</span> <span class='ocrx_word' id='word_1_480' title='bbox 2273 2468 2540 2542; x_wconf 91' lang='lat' dir='ltr'>spolians</span> <span class='ocrx_word' id='word_1_481' title='bbox 2591 2484 2652 2524; x_wconf 89' lang='lat' dir='ltr'>se</span> <span class='ocrx_word' id='word_1_482' title='bbox 2704 2468 2819 2524; x_wconf 91' lang='lat' dir='ltr'>hoc</span> <span class='ocrx_word' id='word_1_483' title='bbox 2857 2466 3099 2531; x_wconf 64' lang='lat' dir='ltr'>saeculo,</span> <span class='ocrx_word' id='word_1_484' title='bbox 3157 2467 3360 2538; x_wconf 92' lang='lat' dir='ltr'>utique</span> <span class='ocrx_word' id='word_1_485' title='bbox 3413 2471 3556 2520; x_wconf 89' lang='lat' dir='ltr'>tunc</span> 
     </span>
    </p>
   </div>
   <div class='ocr_carea' id='block_1_71' title="bbox 1898 2556 3556 2632">
    <p class='ocr_par' dir='ltr' id='par_1_71' title="bbox 1898 2556 3556 2632">
     <span class='ocr_line' id='line_1_71' title="bbox 1898 2556 3556 2632; baseline -0.004 -17"><span class='ocrx_word' id='word_1_486' title='bbox 1898 2560 2086 2632; x_wconf 91' lang='lat' dir='ltr'>possit</span> <span class='ocrx_word' id='word_1_487' title='bbox 2103 2559 2450 2629; x_wconf 86' lang='lat' dir='ltr'>dignoscere</span> <span class='ocrx_word' id='word_1_488' title='bbox 2474 2574 2741 2631; x_wconf 91' lang='lat' dir='ltr'>pugnam</span> <span class='ocrx_word' id='word_1_489' title='bbox 2766 2556 3151 2613; x_wconf 75' lang='lat' dir='ltr'>affectionum</span> <span class='ocrx_word' id='word_1_490' title='bbox 3177 2556 3334 2610; x_wconf 88' lang='lat' dir='ltr'>intus</span> <span class='ocrx_word' id='word_1_491' title='bbox 3359 2559 3556 2609; x_wconf 91' lang='lat' dir='ltr'>castra</span> 
     </span>
    </p>
   </div>
   <div class='ocr_carea' id='block_1_72' title="bbox 1898 2644 3558 2717">
    <p class='ocr_par' dir='ltr' id='par_1_72' title="bbox 1898 2644 3558 2717">
     <span class='ocr_line' id='line_1_72' title="bbox 1898 2644 3558 2717; baseline -0.004 -12"><span class='ocrx_word' id='word_1_492' title='bbox 1898 2654 2248 2716; x_wconf 87' lang='lat' dir='ltr'>metantem,</span> <span class='ocrx_word' id='word_1_493' title='bbox 2271 2649 2615 2704; x_wconf 88' lang='lat' dir='ltr'>intestinum</span> <span class='ocrx_word' id='word_1_494' title='bbox 2640 2647 2885 2712; x_wconf 90' lang='lat' dir='ltr'>bellum,</span> <span class='ocrx_word' id='word_1_495' title='bbox 2903 2651 3081 2717; x_wconf 92' lang='lat' dir='ltr'>atque</span> <span class='ocrx_word' id='word_1_496' title='bbox 3097 2661 3314 2717; x_wconf 88' lang='lat' dir='ltr'>pravas</span> <span class='ocrx_word' id='word_1_497' title='bbox 3333 2644 3558 2712; x_wconf 90' lang='lat' dir='ltr'>cogita-</span> 
     </span>
    </p>
   </div>
   <div class='ocr_carea' id='block_1_73' title="bbox 1901 2732 3558 2812">
    <p class='ocr_par' dir='ltr' id='par_1_73' title="bbox 1901 2732 3558 2812">
     <span class='ocr_line' id='line_1_73' title="bbox 1901 2732 3558 2812; baseline -0.004 -19"><span class='ocrx_word' id='word_1_498' title='bbox 1901 2739 2110 2794; x_wconf 92' lang='lat' dir='ltr'>tiones.</span> <span class='ocrx_word' id='word_1_499' title='bbox 2172 2738 2288 2794; x_wconf 88' lang='lat' dir='ltr'>Nisi</span> <span class='ocrx_word' id='word_1_500' title='bbox 2356 2737 2537 2799; x_wconf 90' lang='lat' dir='ltr'>enim.</span> <span class='ocrx_word' id='word_1_501' title='bbox 2604 2741 2670 2792; x_wconf 90' lang='lat' dir='ltr'>ut</span> <span class='ocrx_word' id='word_1_502' title='bbox 2725 2735 3140 2812; x_wconf 71' lang='lat' dir='ltr'>praediximus,</span> <span class='ocrx_word' id='word_1_503' title='bbox 3207 2732 3558 2788; x_wconf 90' lang='lat' dir='ltr'>dimicando</span> 
     </span>
    </p>
   </div>
   <div class='ocr_carea' id='block_1_74' title="bbox 1900 2823 3554 2897">
    <p class='ocr_par' dir='ltr' id='par_1_74' title="bbox 1900 2823 3554 2897">
     <span class='ocr_line' id='line_1_74' title="bbox 1900 2823 3554 2897; baseline -0.004 -14"><span class='ocrx_word' id='word_1_504' title='bbox 1900 2827 2288 2897; x_wconf 86' lang='lat' dir='ltr'>abnegaverit</span> <span class='ocrx_word' id='word_1_505' title='bbox 2338 2827 2634 2882; x_wconf 90' lang='lat' dir='ltr'>mundum</span> <span class='ocrx_word' id='word_1_506' title='bbox 2681 2831 2737 2881; x_wconf 92' lang='lat' dir='ltr'>et</span> <span class='ocrx_word' id='word_1_507' title='bbox 2775 2824 3100 2896; x_wconf 82' lang='lat' dir='ltr'>expedierit</span> <span class='ocrx_word' id='word_1_508' title='bbox 3147 2840 3209 2878; x_wconf 94' lang='lat' dir='ltr'>se</span> <span class='ocrx_word' id='word_1_509' title='bbox 3257 2823 3457 2894; x_wconf 89' lang='lat' dir='ltr'>ipsum</span> <span class='ocrx_word' id='word_1_510' title='bbox 3523 2836 3554 2877; x_wconf 83' lang='grc' dir='ltr'>θ</span> 
     </span>
    </p>
   </div>
   <div class='ocr_carea' id='block_1_75' title="bbox 1902 2914 3559 2987">
    <p class='ocr_par' dir='ltr' id='par_1_75' title="bbox 1902 2914 3559 2987">
     <span class='ocr_line' id='line_1_75' title="bbox 1902 2914 3559 2987; baseline -0.002 -17"><span class='ocrx_word' id='word_1_511' title='bbox 1902 2916 2147 2972; x_wconf 90' lang='lat' dir='ltr'>terrenis</span> <span class='ocrx_word' id='word_1_512' title='bbox 2173 2915 2600 2987; x_wconf 89' lang='lat' dir='ltr'>cupiditatibus</span> <span class='ocrx_word' id='word_1_513' title='bbox 2628 2931 2697 2970; x_wconf 83' lang='lat' dir='ltr'>ex</span> <span class='ocrx_word' id='word_1_514' title='bbox 2726 2920 2849 2971; x_wconf 90' lang='lat' dir='ltr'>toto</span> <span class='ocrx_word' id='word_1_515' title='bbox 2873 2914 3072 2979; x_wconf 90' lang='lat' dir='ltr'>corde,</span> <span class='ocrx_word' id='word_1_516' title='bbox 3102 2918 3382 2984; x_wconf 89' lang='lat' dir='ltr'>totusque</span> <span class='ocrx_word' id='word_1_517' title='bbox 3423 2927 3559 2967; x_wconf 93' lang='lat' dir='ltr'>om-</span> 
     </span>
    </p>
   </div>
   <div class='ocr_carea' id='block_1_76' title="bbox 1898 3003 3559 3075">
    <p class='ocr_par' dir='ltr' id='par_1_76' title="bbox 1898 3003 3559 3075">
     <span class='ocr_line' id='line_1_76' title="bbox 1898 3003 3559 3075; baseline -0.001 -17"><span class='ocrx_word' id='word_1_518' title='bbox 1898 3005 2043 3059; x_wconf 90' lang='lat' dir='ltr'>nino</span> <span class='ocrx_word' id='word_1_519' title='bbox 2081 3006 2333 3060; x_wconf 92' lang='lat' dir='ltr'>Domino</span> <span class='ocrx_word' id='word_1_520' title='bbox 2365 3005 2726 3075; x_wconf 86' lang='lat' dir='ltr'>agglutinari</span> <span class='ocrx_word' id='word_1_521' title='bbox 2768 3003 3035 3066; x_wconf 77' lang='lat' dir='ltr'>voluerit,</span> <span class='ocrx_word' id='word_1_522' title='bbox 3073 3017 3195 3058; x_wconf 90' lang='lat' dir='ltr'>non</span> <span class='ocrx_word' id='word_1_523' title='bbox 3235 3004 3559 3070; x_wconf 87' lang='lat' dir='ltr'>cognoscet</span> 
     </span>
    </p>
   </div>
   <div class='ocr_carea' id='block_1_77' title="bbox 1899 3091 3557 3165">
    <p class='ocr_par' dir='ltr' id='par_1_77' title="bbox 1899 3091 3557 3165">
     <span class='ocr_line' id='line_1_77' title="bbox 1899 3091 3557 3165; baseline -0.003 -17"><span class='ocrx_word' id='word_1_524' title='bbox 1899 3093 2270 3149; x_wconf 90' lang='lat' dir='ltr'>occultorum</span> <span class='ocrx_word' id='word_1_525' title='bbox 2295 3094 2613 3165; x_wconf 91' lang='lat' dir='ltr'>spirituum</span> <span class='ocrx_word' id='word_1_526' title='bbox 2642 3092 2879 3148; x_wconf 73' lang='lat' dir='ltr'>malitiae</span> <span class='ocrx_word' id='word_1_527' title='bbox 2903 3091 3342 3162; x_wconf 91' lang='lat' dir='ltr'>deceptionem,</span> <span class='ocrx_word' id='word_1_528' title='bbox 3374 3095 3557 3161; x_wconf 88' lang='lat' dir='ltr'>atque</span> 
     </span>
    </p>
   </div>
   <div class='ocr_carea' id='block_1_78' title="bbox 1898 3178 3559 3248">
    <p class='ocr_par' dir='ltr' id='par_1_78' title="bbox 1898 3178 3559 3248">
     <span class='ocr_line' id='line_1_78' title="bbox 1898 3178 3559 3248; baseline -0.003 -11"><span class='ocrx_word' id='word_1_529' title='bbox 1898 3183 2162 3238; x_wconf 89' lang='lat' dir='ltr'>occultas</span> <span class='ocrx_word' id='word_1_530' title='bbox 2205 3183 2442 3238; x_wconf 63' lang='lat' dir='ltr'>malitias</span> <span class='ocrx_word' id='word_1_531' title='bbox 2476 3182 2858 3248; x_wconf 78' lang='lat' dir='ltr'>affectiones;</span> <span class='ocrx_word' id='word_1_532' title='bbox 2891 3181 2998 3236; x_wconf 90' lang='lat' dir='ltr'>sed</span> <span class='ocrx_word' id='word_1_533' title='bbox 3040 3186 3128 3237; x_wconf 92' lang='lat' dir='ltr'>est</span> <span class='ocrx_word' id='word_1_534' title='bbox 3165 3179 3397 3235; x_wconf 90' lang='lat' dir='ltr'>alienus</span> <span class='ocrx_word' id='word_1_535' title='bbox 3439 3178 3559 3234; x_wconf 89' lang='lat' dir='ltr'>sibi</span> 
     </span>
    </p>
   </div>
   <div class='ocr_carea' id='block_1_79' title="bbox 1898 3266 3557 3345">
    <p class='ocr_par' dir='ltr' id='par_1_79' title="bbox 1898 3266 3557 3345">
     <span class='ocr_line' id='line_1_79' title="bbox 1898 3266 3557 3345; baseline -0.004 -19"><span class='ocrx_word' id='word_1_536' title='bbox 1898 3273 2035 3343; x_wconf 88' lang='lat' dir='ltr'>ipsi,</span> <span class='ocrx_word' id='word_1_537' title='bbox 2051 3273 2224 3345; x_wconf 92' lang='lat' dir='ltr'>utqui</span> <span class='ocrx_word' id='word_1_538' title='bbox 2243 3288 2359 3327; x_wconf 92' lang='lat' dir='ltr'><strong>non</strong></span> <span class='ocrx_word' id='word_1_539' title='bbox 2376 3276 2704 3342; x_wconf 83' lang='lat' dir='ltr'>cognoscat</span> <span class='ocrx_word' id='word_1_540' title='bbox 2724 3270 2991 3336; x_wconf 89' lang='lat' dir='ltr'>vulnera,</span> <span class='ocrx_word' id='word_1_541' title='bbox 3011 3275 3189 3341; x_wconf 90' lang='lat' dir='ltr'>atque</span> <span class='ocrx_word' id='word_1_542' title='bbox 3205 3266 3557 3324; x_wconf 76' lang='lat' dir='ltr'>affectiones</span> 
     </span>
    </p>
   </div>
   <div class='ocr_carea' id='block_1_80' title="bbox 1898 3355 3551 3431">
    <p class='ocr_par' dir='ltr' id='par_1_80' title="bbox 1898 3355 3551 3431">
     <span class='ocr_line' id='line_1_80' title="bbox 1898 3355 3551 3431; baseline -0.004 -14"><span class='ocrx_word' id='word_1_543' title='bbox 1898 3361 2118 3417; x_wconf 89' lang='lat' dir='ltr'>habeat</span> <span class='ocrx_word' id='word_1_544' title='bbox 2145 3361 2431 3426; x_wconf 90' lang='lat' dir='ltr'>occultas,</span> <span class='ocrx_word' id='word_1_545' title='bbox 2466 3363 2556 3417; x_wconf 88' lang='lat' dir='ltr'>vel</span> <span class='ocrx_word' id='word_1_546' title='bbox 2589 3361 2914 3431; x_wconf 89' lang='lat' dir='ltr'>ignorans:</span> <span class='ocrx_word' id='word_1_547' title='bbox 2949 3359 3150 3415; x_wconf 88' lang='lat' dir='ltr'>adhuc</span> <span class='ocrx_word' id='word_1_548' title='bbox 3172 3357 3335 3413; x_wconf 92' lang='lat' dir='ltr'>enim</span> <span class='ocrx_word' id='word_1_549' title='bbox 3371 3355 3551 3412; x_wconf 90' lang='lat' dir='ltr'>rebus</span> 
     </span>
    </p>
   </div>
   <div class='ocr_carea' id='block_1_81' title="bbox 1897 3447 3558 3523">
    <p class='ocr_par' dir='ltr' id='par_1_81' title="bbox 1897 3447 3558 3523">
     <span class='ocr_line' id='line_1_81' title="bbox 1897 3447 3558 3523; baseline -0.004 -16"><span class='ocrx_word' id='word_1_550' title='bbox 1897 3450 2160 3507; x_wconf 84' lang='lat' dir='ltr'>externis</span> <span class='ocrx_word' id='word_1_551' title='bbox 2199 3451 2434 3507; x_wconf 90' lang='lat' dir='ltr'>deditus</span> <span class='ocrx_word' id='word_1_552' title='bbox 2473 3456 2582 3514; x_wconf 92' lang='lat' dir='ltr'>est,</span> <span class='ocrx_word' id='word_1_553' title='bbox 2624 3456 2804 3523; x_wconf 91' lang='lat' dir='ltr'>atque</span> <span class='ocrx_word' id='word_1_554' title='bbox 2835 3449 3016 3521; x_wconf 87' lang='lat' dir='ltr'>hujus</span> <span class='ocrx_word' id='word_1_555' title='bbox 3055 3447 3264 3504; x_wconf 91' lang='lat' dir='ltr'>mundi</span> <span class='ocrx_word' id='word_1_556' title='bbox 3297 3461 3558 3518; x_wconf 86' lang='lat' dir='ltr'>occupa-</span> 
     </span>
    </p>
   </div>
   <div class='ocr_carea' id='block_1_82' title="bbox 1899 3539 2696 3597">
    <p class='ocr_par' dir='ltr' id='par_1_82' title="bbox 1899 3539 2696 3597">
     <span class='ocr_line' id='line_1_82' title="bbox 1899 3539 2696 3597; baseline 0 -3"><span class='ocrx_word' id='word_1_557' title='bbox 1899 3540 2166 3596; x_wconf 91' lang='lat' dir='ltr'>tionibus</span> <span class='ocrx_word' id='word_1_558' title='bbox 2197 3539 2404 3597; x_wconf 90' lang='lat' dir='ltr'>volens</span> <span class='ocrx_word' id='word_1_559' title='bbox 2444 3545 2696 3596; x_wconf 91' lang='lat' dir='ltr'>tenetur.</span> 
     </span>
    </p>
   </div>
   <div class='ocr_carea' id='block_1_83' title="bbox 1970 3663 3558 3734">
    <p class='ocr_par' dir='ltr' id='par_1_83' title="bbox 1970 3663 3558 3734">
     <span class='ocr_line' id='line_1_83' title="bbox 1970 3663 3558 3734; baseline -0.001 -14"><span class='ocrx_word' id='word_1_560' title='bbox 1970 3668 2033 3720; x_wconf 89' lang='lat' dir='ltr'>V.</span> <span class='ocrx_word' id='word_1_561' title='bbox 2064 3666 2175 3731; x_wconf 90' lang='lat' dir='ltr'>Qui</span> <span class='ocrx_word' id='word_1_562' title='bbox 2201 3667 2362 3721; x_wconf 92' lang='lat' dir='ltr'>enim</span> <span class='ocrx_word' id='word_1_563' title='bbox 2394 3665 2624 3721; x_wconf 92' lang='lat' dir='ltr'>mundo</span> <span class='ocrx_word' id='word_1_564' title='bbox 2664 3681 2872 3720; x_wconf 86' lang='lat' dir='ltr'>revera</span> <span class='ocrx_word' id='word_1_565' title='bbox 2904 3664 3202 3734; x_wconf 89' lang='lat' dir='ltr'>abnegato</span> <span class='ocrx_word' id='word_1_566' title='bbox 3230 3663 3558 3718; x_wconf 86' lang='lat' dir='ltr'>dimicave-</span> 
     </span>
    </p>
   </div>
   <div class='ocr_carea' id='block_1_84' title="bbox 1897 3751 3557 3825">
    <p class='ocr_par' dir='ltr' id='par_1_84' title="bbox 1897 3751 3557 3825">
     <span class='ocr_line' id='line_1_84' title="bbox 1897 3751 3557 3825; baseline -0.003 -16"><span class='ocrx_word' id='word_1_567' title='bbox 1897 3756 1991 3820; x_wconf 89' lang='lat' dir='ltr'>rit,</span> <span class='ocrx_word' id='word_1_568' title='bbox 2025 3771 2094 3810; x_wconf 89' lang='lat' dir='ltr'>ac</span> <span class='ocrx_word' id='word_1_569' title='bbox 2128 3755 2367 3825; x_wconf 88' lang='lat' dir='ltr'>pondus</span> <span class='ocrx_word' id='word_1_570' title='bbox 2401 3761 2699 3809; x_wconf 89' lang='lat' dir='ltr'>terrenum</span> <span class='ocrx_word' id='word_1_571' title='bbox 2729 3771 2764 3808; x_wconf 93' lang='lat' dir='ltr'><strong>a</strong></span> <span class='ocrx_word' id='word_1_572' title='bbox 2795 3771 2856 3808; x_wconf 91' lang='lat' dir='ltr'>se</span> <span class='ocrx_word' id='word_1_573' title='bbox 2888 3754 3196 3824; x_wconf 88' lang='lat' dir='ltr'>projecerit</span> <span class='ocrx_word' id='word_1_574' title='bbox 3228 3768 3297 3807; x_wconf 92' lang='lat' dir='ltr'>ac</span> <span class='ocrx_word' id='word_1_575' title='bbox 3320 3769 3354 3806; x_wconf 92' lang='lat' dir='ltr'><strong>a</strong></span> <span class='ocrx_word' id='word_1_576' title='bbox 3385 3751 3557 3806; x_wconf 87' lang='lat' dir='ltr'>vanis</span> 
     </span>
    </p>
   </div>
   <div class='ocr_carea' id='block_1_85' title="bbox 1898 3841 3554 3914">
    <p class='ocr_par' dir='ltr' id='par_1_85' title="bbox 1898 3841 3554 3914">
     <span class='ocr_line' id='line_1_85' title="bbox 1898 3841 3554 3914; baseline -0.004 -15"><span class='ocrx_word' id='word_1_577' title='bbox 1898 3844 2323 3914; x_wconf 89' lang='lat' dir='ltr'>cupiditatibus</span> <span class='ocrx_word' id='word_1_578' title='bbox 2355 3859 2422 3898; x_wconf 90' lang='lat' dir='ltr'>ac</span> <span class='ocrx_word' id='word_1_579' title='bbox 2447 3843 2847 3914; x_wconf 90' lang='lat' dir='ltr'>voluptatibus</span> <span class='ocrx_word' id='word_1_580' title='bbox 2879 3843 3098 3906; x_wconf 87' lang='lat' dir='ltr'>carnis,</span> <span class='ocrx_word' id='word_1_581' title='bbox 3130 3841 3352 3911; x_wconf 73' lang='lat' dir='ltr'>gloriae,</span> <span class='ocrx_word' id='word_1_582' title='bbox 3393 3841 3554 3908; x_wconf 87' lang='lat' dir='ltr'>prin-</span> 
     </span>
    </p>
   </div>
   <div class='ocr_carea' id='block_1_86' title="bbox 1900 3931 3554 4004">
    <p class='ocr_par' dir='ltr' id='par_1_86' title="bbox 1900 3931 3554 4004">
     <span class='ocr_line' id='line_1_86' title="bbox 1900 3931 3554 4004; baseline -0.003 -17"><span class='ocrx_word' id='word_1_583' title='bbox 1900 3933 2151 4004; x_wconf 90' lang='lat' dir='ltr'>cipatus,</span> <span class='ocrx_word' id='word_1_584' title='bbox 2181 3937 2237 3986; x_wconf 91' lang='lat' dir='ltr'>et</span> <span class='ocrx_word' id='word_1_585' title='bbox 2267 3933 2562 3986; x_wconf 87' lang='lat' dir='ltr'>honorum</span> <span class='ocrx_word' id='word_1_586' title='bbox 2602 3932 3009 3986; x_wconf 84' lang='lat' dir='ltr'>humanorum</span> <span class='ocrx_word' id='word_1_587' title='bbox 3044 3947 3106 3985; x_wconf 93' lang='lat' dir='ltr'>se</span> <span class='ocrx_word' id='word_1_588' title='bbox 3146 3931 3348 4001; x_wconf 89' lang='lat' dir='ltr'>ipsum</span> <span class='ocrx_word' id='word_1_589' title='bbox 3376 3943 3554 3999; x_wconf 86' lang='lat' dir='ltr'>expe-</span> 
     </span>
    </p>
   </div>
   <div class='ocr_carea' id='block_1_87' title="bbox 1899 4018 3557 4092">
    <p class='ocr_par' dir='ltr' id='par_1_87' title="bbox 1899 4018 3557 4092">
     <span class='ocr_line' id='line_1_87' title="bbox 1899 4018 3557 4092; baseline -0.003 -16"><span class='ocrx_word' id='word_1_590' title='bbox 1899 4021 2087 4084; x_wconf 91' lang='lat' dir='ltr'>dierit,</span> <span class='ocrx_word' id='word_1_591' title='bbox 2140 4027 2316 4092; x_wconf 91' lang='lat' dir='ltr'>atque</span> <span class='ocrx_word' id='word_1_592' title='bbox 2343 4036 2412 4076; x_wconf 86' lang='lat' dir='ltr'>ex</span> <span class='ocrx_word' id='word_1_593' title='bbox 2464 4025 2584 4076; x_wconf 93' lang='lat' dir='ltr'>toto</span> <span class='ocrx_word' id='word_1_594' title='bbox 2623 4019 2803 4075; x_wconf 85' lang='lat' dir='ltr'>corde</span> <span class='ocrx_word' id='word_1_595' title='bbox 2835 4035 2897 4074; x_wconf 89' lang='lat' dir='ltr'>se</span> <span class='ocrx_word' id='word_1_596' title='bbox 2942 4020 3145 4091; x_wconf 89' lang='lat' dir='ltr'>ipsum</span> <span class='ocrx_word' id='word_1_597' title='bbox 3195 4018 3557 4081; x_wconf 90' lang='lat' dir='ltr'>avocaverit,</span> 
     </span>
    </p>
   </div>
   <div class='ocr_carea' id='block_1_88' title="bbox 1902 4107 3562 4182">
    <p class='ocr_par' dir='ltr' id='par_1_88' title="bbox 1902 4107 3562 4182">
     <span class='ocr_line' id='line_1_88' title="bbox 1902 4107 3562 4182; baseline -0.004 -16"><span class='ocrx_word' id='word_1_598' title='bbox 1902 4117 2294 4182; x_wconf 89' lang='lat' dir='ltr'>posteaquam</span> <span class='ocrx_word' id='word_1_599' title='bbox 2326 4109 2384 4163; x_wconf 91' lang='lat' dir='ltr'>in</span> <span class='ocrx_word' id='word_1_600' title='bbox 2417 4109 2531 4165; x_wconf 87' lang='lat' dir='ltr'>hoc</span> <span class='ocrx_word' id='word_1_601' title='bbox 2563 4115 2767 4180; x_wconf 88' lang='lat' dir='ltr'>aperto</span> <span class='ocrx_word' id='word_1_602' title='bbox 2799 4108 3118 4164; x_wconf 90' lang='lat' dir='ltr'>certamine</span> <span class='ocrx_word' id='word_1_603' title='bbox 3151 4107 3436 4162; x_wconf 89' lang='lat' dir='ltr'>Domihus</span> <span class='ocrx_word' id='word_1_604' title='bbox 3470 4122 3562 4160; x_wconf 85' lang='lat' dir='ltr'>se-</span> 
     </span>
    </p>
   </div>
   <div class='ocr_carea' id='block_1_89' title="bbox 1900 4197 3562 4271">
    <p class='ocr_par' dir='ltr' id='par_1_89' title="bbox 1900 4197 3562 4271">
     <span class='ocr_line' id='line_1_89' title="bbox 1900 4197 3562 4271; baseline -0.002 -16"><span class='ocrx_word' id='word_1_605' title='bbox 1900 4207 2058 4255; x_wconf 91' lang='lat' dir='ltr'>creto</span> <span class='ocrx_word' id='word_1_606' title='bbox 2100 4200 2409 4271; x_wconf 89' lang='lat' dir='ltr'>suppetias</span> <span class='ocrx_word' id='word_1_607' title='bbox 2459 4199 2587 4261; x_wconf 84' lang='lat' dir='ltr'>fert,</span> <span class='ocrx_word' id='word_1_608' title='bbox 2636 4215 2743 4270; x_wconf 89' lang='lat' dir='ltr'>pro</span> <span class='ocrx_word' id='word_1_609' title='bbox 2791 4198 2970 4254; x_wconf 92' lang='lat' dir='ltr'>modo</span> <span class='ocrx_word' id='word_1_610' title='bbox 3012 4197 3335 4252; x_wconf 82' lang='lat' dir='ltr'>voluntatis</span> <span class='ocrx_word' id='word_1_611' title='bbox 3381 4197 3562 4252; x_wconf 88' lang='lat' dir='ltr'>abne-</span> 
     </span>
    </p>
   </div>
   <div class='ocr_carea' id='block_1_90' title="bbox 1900 4285 3564 4361">
    <p class='ocr_par' dir='ltr' id='par_1_90' title="bbox 1900 4285 3564 4361">
     <span class='ocr_line' id='line_1_90' title="bbox 1900 4285 3564 4361; baseline -0.002 -17"><span class='ocrx_word' id='word_1_612' title='bbox 1900 4289 2096 4359; x_wconf 88' lang='lat' dir='ltr'>gantis</span> <span class='ocrx_word' id='word_1_613' title='bbox 2128 4288 2424 4344; x_wconf 92' lang='lat' dir='ltr'>mundum</span> <span class='ocrx_word' id='word_1_614' title='bbox 2452 4305 2464 4344; x_wconf 90' lang='lat'><strong>:</strong></span> <span class='ocrx_word' id='word_1_615' title='bbox 2501 4294 2679 4361; x_wconf 90' lang='lat' dir='ltr'>atque</span> <span class='ocrx_word' id='word_1_616' title='bbox 2703 4287 2797 4343; x_wconf 91' lang='lat' dir='ltr'>ille</span> <span class='ocrx_word' id='word_1_617' title='bbox 2829 4287 3145 4358; x_wconf 90' lang='lat' dir='ltr'>perstiterit</span> <span class='ocrx_word' id='word_1_618' title='bbox 3173 4287 3233 4341; x_wconf 92' lang='lat' dir='ltr'>in</span> <span class='ocrx_word' id='word_1_619' title='bbox 3261 4285 3423 4341; x_wconf 91' lang='lat' dir='ltr'>cultu</span> <span class='ocrx_word' id='word_1_620' title='bbox 3451 4288 3564 4341; x_wconf 92' lang='lat' dir='ltr'>Do-</span> 
     </span>
    </p>
   </div>
   <div class='ocr_carea' id='block_1_91' title="bbox 1901 4375 3559 4448">
    <p class='ocr_par' dir='ltr' id='par_1_91' title="bbox 1901 4375 3559 4448">
     <span class='ocr_line' id='line_1_91' title="bbox 1901 4375 3559 4448; baseline -0.003 -14"><span class='ocrx_word' id='word_1_621' title='bbox 1901 4379 2068 4443; x_wconf 88' lang='lat' dir='ltr'>mini,</span> <span class='ocrx_word' id='word_1_622' title='bbox 2101 4395 2172 4434; x_wconf 89' lang='lat' dir='ltr'><strong>ac</strong></span> <span class='ocrx_word' id='word_1_623' title='bbox 2195 4384 2350 4433; x_wconf 92' lang='lat' dir='ltr'>totus</span> <span class='ocrx_word' id='word_1_624' title='bbox 2368 4379 2638 4442; x_wconf 90' lang='lat' dir='ltr'>omnino,</span> <span class='ocrx_word' id='word_1_625' title='bbox 2665 4392 2936 4448; x_wconf 92' lang='lat' dir='ltr'>corpore,</span> <span class='ocrx_word' id='word_1_626' title='bbox 2959 4376 3230 4447; x_wconf 90' lang='lat' dir='ltr'>inquam,</span> <span class='ocrx_word' id='word_1_627' title='bbox 3251 4381 3306 4431; x_wconf 89' lang='lat' dir='ltr'>et</span> <span class='ocrx_word' id='word_1_628' title='bbox 3332 4375 3559 4439; x_wconf 91' lang='lat' dir='ltr'>anima,</span> 
     </span>
    </p>
   </div>
   <div class='ocr_carea' id='block_1_92' title="bbox 1900 4465 3564 4539">
    <p class='ocr_par' dir='ltr' id='par_1_92' title="bbox 1900 4465 3564 4539">
     <span class='ocr_line' id='line_1_92' title="bbox 1900 4465 3564 4539; baseline -0.002 -15"><span class='ocrx_word' id='word_1_629' title='bbox 1900 4467 2312 4539; x_wconf 89' lang='lat' dir='ltr'>perduraverit</span> <span class='ocrx_word' id='word_1_630' title='bbox 2345 4484 2357 4522; x_wconf 87' lang='lat'><strong>:</strong></span> <span class='ocrx_word' id='word_1_631' title='bbox 2400 4467 2494 4522; x_wconf 89' lang='lat' dir='ltr'>ille</span> <span class='ocrx_word' id='word_1_632' title='bbox 2535 4483 2675 4522; x_wconf 89' lang='lat' dir='ltr'>vero</span> <span class='ocrx_word' id='word_1_633' title='bbox 2715 4468 2932 4537; x_wconf 89' lang='lat' dir='ltr'>reperit</span> <span class='ocrx_word' id='word_1_634' title='bbox 2963 4466 3449 4538; x_wconf 87' lang='lat' dir='ltr'>repugnantiam,</span> <span class='ocrx_word' id='word_1_635' title='bbox 3479 4465 3564 4521; x_wconf 81' lang='lat' dir='ltr'>af-</span> 
     </span>
    </p>
   </div>
   <div class='ocr_carea' id='block_1_93' title="bbox 201 4551 1789 4630">
    <p class='ocr_par' dir='ltr' id='par_1_93' title="bbox 201 4551 1789 4630">
     <span class='ocr_line' id='line_1_93' title="bbox 201 4551 1789 4630; baseline 0.005 -28"><span class='ocrx_word' id='word_1_636' title='bbox 201 4551 423 4624; x_wconf 78' lang='grc' dir='ltr'><strong><em>εὑρίσκει</em></strong></span> <span class='ocrx_word' id='word_1_637' title='bbox 450 4551 803 4616; x_wconf 75' lang='grc' dir='ltr'><strong><em>ἐναντιότητα,</em></strong></span> <span class='ocrx_word' id='word_1_638' title='bbox 850 4559 939 4606; x_wconf 87' lang='lat' dir='ltr'>xui</span> <span class='ocrx_word' id='word_1_639' title='bbox 994 4557 1135 4612; x_wconf 89' lang='grc' dir='ltr'><strong><em>πάθη</em></strong></span> <span class='ocrx_word' id='word_1_640' title='bbox 1175 4560 1380 4629; x_wconf 81' lang='grc' dir='ltr'><strong><em>κρυπτά</em></strong></span> <span class='ocrx_word' id='word_1_641' title='bbox 1433 4562 1523 4609; x_wconf 79' lang='grc' dir='ltr'><strong><em>καὶ</em></strong></span> <span class='ocrx_word' id='word_1_642' title='bbox 1562 4555 1789 4630; x_wconf 83' lang='grc' dir='ltr'><strong><em>δεσμοὺς</em></strong></span> 
     </span>
    </p>
   </div>
   <div class='ocr_carea' id='block_1_94' title="bbox 1901 4551 3560 4630">
    <p class='ocr_par' dir='ltr' id='par_1_94' title="bbox 1903 4555 3560 4628">
     <span class='ocr_line' id='line_1_94' title="bbox 1903 4555 3560 4628; baseline -0.002 -15"><span class='ocrx_word' id='word_1_643' title='bbox 1903 4557 2188 4614; x_wconf 85' lang='lat' dir='ltr'>fectiones</span> <span class='ocrx_word' id='word_1_644' title='bbox 2218 4556 2499 4622; x_wconf 90' lang='lat' dir='ltr'>occultas,</span> <span class='ocrx_word' id='word_1_645' title='bbox 2533 4555 2783 4628; x_wconf 91' lang='lat' dir='ltr'>laqueos</span> <span class='ocrx_word' id='word_1_646' title='bbox 2810 4555 3164 4623; x_wconf 88' lang='lat' dir='ltr'>invisibiles,</span> <span class='ocrx_word' id='word_1_647' title='bbox 3206 4555 3431 4610; x_wconf 92' lang='lat' dir='ltr'>bellum</span> <span class='ocrx_word' id='word_1_648' title='bbox 3461 4570 3560 4610; x_wconf 90' lang='lat' dir='ltr'><strong>oc-</strong></span> 
     </span>
    </p>
   </div>
   <div class='ocr_carea' id='block_1_95' title="bbox 203 4637 1179 4716">
    <p class='ocr_par' dir='ltr' id='par_1_95' title="bbox 203 4637 1179 4716">
     <span class='ocr_line' id='line_1_95' title="bbox 203 4637 1179 4716; baseline 0.008 -27"><span class='ocrx_word' id='word_1_649' title='bbox 203 4637 472 4712; x_wconf 83' lang='grc' dir='ltr'><strong><em>ἀοράτους,</em></strong></span> <span class='ocrx_word' id='word_1_650' title='bbox 549 4647 638 4694; x_wconf 83' lang='grc' dir='ltr'><strong><em>καὶ</em></strong></span> <span class='ocrx_word' id='word_1_651' title='bbox 691 4643 910 4714; x_wconf 76' lang='grc' dir='ltr'><strong><em>πόλεμον</em></strong></span> <span class='ocrx_word' id='word_1_652' title='bbox 989 4643 1179 4716; x_wconf 84' lang='grc' dir='ltr'><strong><em>ἀφανῆ,</em></strong></span> 
     </span>
    </p>
   </div>
   <div class='ocr_carea' id='block_1_96' title="bbox 203 4728 754 4803">
    <p class='ocr_par' dir='ltr' id='par_1_96' title="bbox 203 4728 754 4803">
     <span class='ocr_line' id='line_1_96' title="bbox 203 4728 754 4803; baseline 0.013 -27"><span class='ocrx_word' id='word_1_653' title='bbox 203 4728 416 4786; x_wconf 79' lang='grc' dir='ltr'><strong><em>ἄθλησιν</em></strong></span> <span class='ocrx_word' id='word_1_654' title='bbox 471 4734 709 4803; x_wconf 76' lang='grc' dir='ltr'><strong><em>κρυπτὴν</em></strong></span> <span class='ocrx_word' id='word_1_655' title='bbox 741 4747 754 4761; x_wconf 83' lang='grc'>⁶</span> 
     </span>
    </p>
   </div>
   <div class='ocr_carea' id='block_1_97' title="bbox 1264 4645 1790 4718">
    <p class='ocr_par' dir='ltr' id='par_1_97' title="bbox 1264 4645 1790 4718">
     <span class='ocr_line' id='line_1_97' title="bbox 1264 4645 1790 4718; baseline 0.006 -21"><span class='ocrx_word' id='word_1_656' title='bbox 1264 4651 1354 4698; x_wconf 89' lang='lat' dir='ltr'>xui</span> <span class='ocrx_word' id='word_1_657' title='bbox 1427 4645 1620 4718; x_wconf 82' lang='grc' dir='ltr'><strong><em>ἀγῶνα,</em></strong></span> <span class='ocrx_word' id='word_1_658' title='bbox 1701 4653 1790 4701; x_wconf 89' lang='grc' dir='ltr'><strong><em>καὶ</em></strong></span> 
     </span>
    </p>
   </div>
   <div class='ocr_carea' id='block_1_98' title="bbox 815 4729 1790 4807">
    <p class='ocr_par' dir='ltr' id='par_1_98' title="bbox 815 4729 1790 4807">
     <span class='ocr_line' id='line_1_98' title="bbox 815 4729 1790 4807; baseline 0.005 -24"><span class='ocrx_word' id='word_1_659' title='bbox 815 4737 905 4784; x_wconf 86' lang='grc' dir='ltr'><strong><em>καὶ</em></strong></span> <span class='ocrx_word' id='word_1_660' title='bbox 956 4733 1120 4794; x_wconf 78' lang='grc' dir='ltr'><strong><em>οὕτως</em></strong></span> <span class='ocrx_word' id='word_1_661' title='bbox 1174 4729 1380 4796; x_wconf 79' lang='grc' dir='ltr'><strong><em>δεηθεὶς</em></strong></span> <span class='ocrx_word' id='word_1_662' title='bbox 1426 4743 1516 4786; x_wconf 82' lang='grc' dir='ltr'><strong><em>τοῦ</em></strong></span> <span class='ocrx_word' id='word_1_663' title='bbox 1573 4739 1790 4807; x_wconf 82' lang='grc' dir='ltr'><strong><em>Κυρίου,</em></strong></span> 
     </span>
    </p>
   </div>
   <div class='ocr_carea' id='block_1_99' title="bbox 203 4817 1790 4898">
    <p class='ocr_par' dir='ltr' id='par_1_99' title="bbox 203 4817 1790 4898">
     <span class='ocr_line' id='line_1_99' title="bbox 203 4817 1790 4898; baseline 0.007 -31"><span class='ocrx_word' id='word_1_664' title='bbox 203 4821 288 4868; x_wconf 86' lang='lat' dir='ltr'>xui</span> <span class='ocrx_word' id='word_1_665' title='bbox 337 4817 501 4871; x_wconf 77' lang='grc' dir='ltr'><strong><em>λαϐὼν</em></strong></span> <span class='ocrx_word' id='word_1_666' title='bbox 555 4818 689 4872; x_wconf 87' lang='grc' dir='ltr'><strong><em>ὅπλα</em></strong></span> <span class='ocrx_word' id='word_1_667' title='bbox 743 4819 795 4882; x_wconf 80' lang='grc' dir='ltr'>ἑξ</span> <span class='ocrx_word' id='word_1_668' title='bbox 839 4820 1062 4892; x_wconf 79' lang='grc' dir='ltr'><strong><em>οὐρανοῦ</em></strong></span> <span class='ocrx_word' id='word_1_669' title='bbox 1119 4830 1209 4875; x_wconf 84' lang='grc' dir='ltr'><strong><em>τοῦ</em></strong></span> <span class='ocrx_word' id='word_1_670' title='bbox 1259 4826 1573 4894; x_wconf 81' lang='grc' dir='ltr'><strong><em>Πνεύματος,</em></strong></span> <span class='ocrx_word' id='word_1_671' title='bbox 1618 4827 1790 4898; x_wconf 81' lang='grc' dir='ltr'><strong><em>ὥσπερ</em></strong></span> 
     </span>
    </p>
   </div>
   <div class='ocr_carea' id='block_1_100' title="bbox 200 4907 1794 4983">
    <p class='ocr_par' dir='ltr' id='par_1_100' title="bbox 200 4907 1794 4983">
     <span class='ocr_line' id='line_1_100' title="bbox 200 4907 1794 4983; baseline 0.008 -29"><span class='ocrx_word' id='word_1_672' title='bbox 200 4907 449 4972; x_wconf 74' lang='grc' dir='ltr'><strong><em>κατέλεξεν</em></strong></span> <span class='ocrx_word' id='word_1_673' title='bbox 471 4911 497 4962; x_wconf 87' lang='grc' dir='ltr'><strong><em>ὁ</em></strong></span> <span class='ocrx_word' id='word_1_674' title='bbox 517 4912 775 4983; x_wconf 86' lang='grc' dir='ltr'><strong><em>μακάριος</em></strong></span> <span class='ocrx_word' id='word_1_675' title='bbox 805 4909 1140 4976; x_wconf 81' lang='grc' dir='ltr'><strong><em>’Δπόστολος,</em></strong></span> <span class='ocrx_word' id='word_1_676' title='bbox 1195 4915 1312 4966; x_wconf 89' lang='grc' dir='ltr'>Τὸν</span> <span class='ocrx_word' id='word_1_677' title='bbox 1369 4915 1488 4982; x_wconf 86' lang='grc' dir='ltr'><strong><em>θὼρ</em></strong></span> <span class='ocrx_word' id='word_1_678' title='bbox 1503 4933 1624 4966; x_wconf 90' lang='grc' dir='ltr'>ακα</span> <span class='ocrx_word' id='word_1_679' title='bbox 1682 4923 1752 4974; x_wconf 81' lang='grc' dir='ltr'><strong><em>τῆ</em></strong></span> <span class='ocrx_word' id='word_1_680' title='bbox 1773 4935 1794 4976; x_wconf 91' lang='grc' dir='ltr'>ς</span> 
     </span>
    </p>
   </div>
   <div class='ocr_carea' id='block_1_101' title="bbox 201 4989 1795 5074">
    <p class='ocr_par' dir='ltr' id='par_1_101' title="bbox 201 4989 1795 5074">
     <span class='ocr_line' id='line_1_101' title="bbox 201 4989 1795 5074; baseline 0.006 -28"><span class='ocrx_word' id='word_1_681' title='bbox 201 4989 648 5062; x_wconf 81' lang='grc' dir='ltr'><strong><em>δικαιοσύνης,</em></strong></span> <span class='ocrx_word' id='word_1_682' title='bbox 734 5004 842 5052; x_wconf 89' lang='lat' dir='ltr'>xui</span> <span class='ocrx_word' id='word_1_683' title='bbox 892 5004 1003 5057; x_wconf 77' lang='grc' dir='ltr'><strong><em>τὴν</em></strong></span> <span class='ocrx_word' id='word_1_684' title='bbox 1089 5001 1610 5074; x_wconf 82' lang='grc' dir='ltr'><strong><em>περικεφαλαίαν</em></strong></span> <span class='ocrx_word' id='word_1_685' title='bbox 1684 5011 1795 5056; x_wconf 83' lang='grc' dir='ltr'><strong><em>τοῦ</em></strong></span> 
     </span>
    </p>
   </div>
   <div class='ocr_carea' id='block_1_102' title="bbox 202 5091 1794 5164">
    <p class='ocr_par' dir='ltr' id='par_1_102' title="bbox 202 5091 1794 5164">
     <span class='ocr_line' id='line_1_102' title="bbox 202 5091 1794 5164; baseline 0.006 -29"><span class='ocrx_word' id='word_1_686' title='bbox 202 5092 538 5162; x_wconf 86' lang='grc' dir='ltr'><strong><em>σωτηρίου,</em></strong></span> <span class='ocrx_word' id='word_1_687' title='bbox 595 5093 704 5140; x_wconf 89' lang='lat' dir='ltr'>xui</span> <span class='ocrx_word' id='word_1_688' title='bbox 765 5092 871 5140; x_wconf 90' lang='grc' dir='ltr'><strong><em>τὸν</em></strong></span> <span class='ocrx_word' id='word_1_689' title='bbox 919 5091 1144 5164; x_wconf 81' lang='grc' dir='ltr'><strong><em>θυρεόν</em></strong></span> <span class='ocrx_word' id='word_1_690' title='bbox 1186 5098 1300 5153; x_wconf 79' lang='grc' dir='ltr'><strong><em>τῆς</em></strong></span> <span class='ocrx_word' id='word_1_691' title='bbox 1339 5096 1634 5157; x_wconf 87' lang='grc' dir='ltr'><strong><em>πίστεως,</em></strong></span> <span class='ocrx_word' id='word_1_692' title='bbox 1688 5097 1794 5144; x_wconf 89' lang='lat' dir='ltr'>xui</span> 
     </span>
    </p>
   </div>
   <div class='ocr_carea' id='block_1_103' title="bbox 194 5177 1794 5250">
    <p class='ocr_par' dir='ltr' id='par_1_103' title="bbox 194 5177 1794 5250">
     <span class='ocr_line' id='line_1_103' title="bbox 194 5177 1794 5250; baseline 0.001 -20"><span class='ocrx_word' id='word_1_693' title='bbox 194 5179 300 5230; x_wconf 69' lang='grc' dir='ltr'><strong><em>τὴν</em></strong></span> <span class='ocrx_word' id='word_1_694' title='bbox 349 5178 689 5250; x_wconf 86' lang='grc' dir='ltr'><strong><em>μάχαιραν</em></strong></span> <span class='ocrx_word' id='word_1_695' title='bbox 740 5186 853 5230; x_wconf 82' lang='grc' dir='ltr'><strong><em>τοῦ</em></strong></span> <span class='ocrx_word' id='word_1_696' title='bbox 896 5181 1276 5250; x_wconf 82' lang='grc' dir='ltr'><strong><em>Πνεύματος,</em></strong></span> <span class='ocrx_word' id='word_1_697' title='bbox 1331 5185 1421 5232; x_wconf 91' lang='lat' dir='ltr'>xui</span> <span class='ocrx_word' id='word_1_698' title='bbox 1455 5177 1548 5232; x_wconf 84' lang='grc' dir='ltr'><strong><em>διὰ</em></strong></span> <span class='ocrx_word' id='word_1_699' title='bbox 1602 5184 1794 5234; x_wconf 80' lang='grc' dir='ltr'><strong><em>τούτων</em></strong></span> 
     </span>
    </p>
   </div>
   <div class='ocr_carea' id='block_1_104' title="bbox 194 5263 1795 5344">
    <p class='ocr_par' dir='ltr' id='par_1_104' title="bbox 194 5263 1795 5344">
     <span class='ocr_line' id='line_1_104' title="bbox 194 5263 1795 5344; baseline 0.007 -32"><span class='ocrx_word' id='word_1_700' title='bbox 194 5263 551 5337; x_wconf 85' lang='grc' dir='ltr'><strong><em>ὁπλισάμενος,</em></strong></span> <span class='ocrx_word' id='word_1_701' title='bbox 582 5263 873 5325; x_wconf 81' lang='grc' dir='ltr'><strong><em>δυνήσεται</em></strong></span> <span class='ocrx_word' id='word_1_702' title='bbox 897 5277 1087 5328; x_wconf 88' lang='grc' dir='ltr'><strong><em>στῆναι</em></strong></span> <span class='ocrx_word' id='word_1_703' title='bbox 1113 5273 1242 5342; x_wconf 88' lang='grc' dir='ltr'><strong><em>πρὸς</em></strong></span> <span class='ocrx_word' id='word_1_704' title='bbox 1268 5271 1363 5332; x_wconf 81' lang='grc' dir='ltr'><strong><em>τὰς</em></strong></span> <span class='ocrx_word' id='word_1_705' title='bbox 1384 5272 1615 5344; x_wconf 84' lang='grc' dir='ltr'><strong><em>κρυπτὰς</em></strong></span> <span class='ocrx_word' id='word_1_706' title='bbox 1646 5272 1795 5341; x_wconf 89' lang='grc' dir='ltr'><strong><em>μεθο-</em></strong></span> 
     </span>
    </p>
   </div>
   <div class='ocr_carea' id='block_1_105' title="bbox 196 5346 1793 5432">
    <p class='ocr_par' dir='ltr' id='par_1_105' title="bbox 196 5346 1793 5432">
     <span class='ocr_line' id='line_1_105' title="bbox 196 5346 1793 5432; baseline 0.006 -29"><span class='ocrx_word' id='word_1_707' title='bbox 196 5346 342 5416; x_wconf 87' lang='grc' dir='ltr'><strong><em>δείας</em></strong></span> <span class='ocrx_word' id='word_1_708' title='bbox 363 5364 454 5408; x_wconf 79' lang='grc' dir='ltr'><strong><em>τοῦ</em></strong></span> <span class='ocrx_word' id='word_1_709' title='bbox 486 5353 737 5409; x_wconf 79' lang='grc' dir='ltr'><strong><em>διαϐολου</em></strong></span> <span class='ocrx_word' id='word_1_710' title='bbox 770 5360 818 5409; x_wconf 81' lang='grc' dir='ltr'>ἓν</span> <span class='ocrx_word' id='word_1_711' title='bbox 840 5365 952 5418; x_wconf 85' lang='grc' dir='ltr'><strong><em>ταῖς</em></strong></span> <span class='ocrx_word' id='word_1_712' title='bbox 972 5362 1286 5421; x_wconf 81' lang='grc' dir='ltr'><strong><em>ἑνεστώσαις</em></strong></span> <span class='ocrx_word' id='word_1_713' title='bbox 1311 5365 1606 5432; x_wconf 88' lang='grc' dir='ltr'><strong><em>πονηρίαις.</em></strong></span> <span class='ocrx_word' id='word_1_714' title='bbox 1629 5358 1793 5432; x_wconf 84' lang='grc' dir='ltr'><strong><em>Ἀπερ</em></strong></span> 
     </span>
    </p>
   </div>
   <div class='ocr_carea' id='block_1_106' title="bbox 197 5441 1794 5522">
    <p class='ocr_par' dir='ltr' id='par_1_106' title="bbox 197 5441 1794 5522">
     <span class='ocr_line' id='line_1_106' title="bbox 197 5441 1794 5522; baseline 0.008 -33"><span class='ocrx_word' id='word_1_715' title='bbox 197 5441 326 5494; x_wconf 82' lang='grc' dir='ltr'><strong><em>ὅπλα</em></strong></span> <span class='ocrx_word' id='word_1_716' title='bbox 353 5441 441 5496; x_wconf 84' lang='grc' dir='ltr'><strong><em>διὰ</em></strong></span> <span class='ocrx_word' id='word_1_717' title='bbox 468 5448 651 5506; x_wconf 85' lang='grc' dir='ltr'><strong><em>πάσης</em></strong></span> <span class='ocrx_word' id='word_1_718' title='bbox 676 5454 1008 5519; x_wconf 84' lang='grc' dir='ltr'><strong><em>προσευχῆς,</em></strong></span> <span class='ocrx_word' id='word_1_719' title='bbox 1036 5452 1127 5500; x_wconf 88' lang='lat' dir='ltr'>xui</span> <span class='ocrx_word' id='word_1_720' title='bbox 1157 5453 1682 5522; x_wconf 78' lang='grc' dir='ltr'><strong><em>προσκαρτερήσεως,</em></strong></span> <span class='ocrx_word' id='word_1_721' title='bbox 1705 5454 1794 5502; x_wconf 85' lang='lat' dir='ltr'>xui</span> 
     </span>
    </p>
   </div>
   <div class='ocr_carea' id='block_1_107' title="bbox 204 5523 1793 5602">
    <p class='ocr_par' dir='ltr' id='par_1_107' title="bbox 204 5523 1793 5602">
     <span class='ocr_line' id='line_1_107' title="bbox 204 5523 1793 5602; baseline 0.008 -23"><span class='ocrx_word' id='word_1_722' title='bbox 204 5523 444 5600; x_wconf 73' lang='grc' dir='ltr'><strong><em>δεήσεως,</em></strong></span> <span class='ocrx_word' id='word_1_723' title='bbox 495 5539 588 5587; x_wconf 83' lang='grc' dir='ltr'><strong><em>καὶ</em></strong></span> <span class='ocrx_word' id='word_1_724' title='bbox 628 5538 888 5602; x_wconf 88' lang='grc' dir='ltr'><strong><em>νηστείας,</em></strong></span> <span class='ocrx_word' id='word_1_725' title='bbox 936 5540 996 5588; x_wconf 85' lang='grc' dir='ltr'><strong><em>τὸ</em></strong></span> <span class='ocrx_word' id='word_1_726' title='bbox 1046 5532 1106 5589; x_wconf 66' lang='grc' dir='ltr'><strong><em>δὲ</em></strong></span> <span class='ocrx_word' id='word_1_727' title='bbox 1142 5543 1243 5589; x_wconf 84' lang='grc' dir='ltr'>πᾶν</span> <span class='ocrx_word' id='word_1_728' title='bbox 1292 5533 1387 5590; x_wconf 80' lang='grc' dir='ltr'><strong><em>διὰ</em></strong></span> <span class='ocrx_word' id='word_1_729' title='bbox 1421 5545 1518 5601; x_wconf 76' lang='grc' dir='ltr'><strong><em>τῆς</em></strong></span> <span class='ocrx_word' id='word_1_730' title='bbox 1571 5542 1793 5601; x_wconf 86' lang='grc' dir='ltr'><strong><em>πίστεως</em></strong></span> 
     </span>
    </p>
   </div>
   <div class='ocr_carea' id='block_1_108' title="bbox 269 5719 770 5794">
    <p class='ocr_par' dir='ltr' id='par_1_108' title="bbox 269 5719 770 5794">
     <span class='ocr_line' id='line_1_108' title="bbox 269 5719 770 5794; baseline 0 -18"><span class='ocrx_word' id='word_1_731' title='bbox 269 5719 317 5753; x_wconf 70' lang='grc' dir='ltr'><strong><em>’θ</em></strong></span> <span class='ocrx_word' id='word_1_732' title='bbox 342 5721 546 5794; x_wconf 81' lang='lat' dir='ltr'>Ephes.</span> <span class='ocrx_word' id='word_1_733' title='bbox 566 5736 650 5786; x_wconf 66' lang='grc' dir='ltr'>τι,</span> <span class='ocrx_word' id='word_1_734' title='bbox 687 5723 770 5776; x_wconf 79' lang='grc'>14.</span> 
     </span>
    </p>
   </div>
   <div class='ocr_carea' id='block_1_109' title="bbox 1901 4645 3561 4718">
    <p class='ocr_par' dir='ltr' id='par_1_109' title="bbox 1901 4645 3561 4718">
     <span class='ocr_line' id='line_1_109' title="bbox 1901 4645 3561 4718; baseline -0.003 -16"><span class='ocrx_word' id='word_1_735' title='bbox 1901 4647 2145 4709; x_wconf 89' lang='lat' dir='ltr'>cultum,</span> <span class='ocrx_word' id='word_1_736' title='bbox 2182 4653 2484 4702; x_wconf 89' lang='lat' dir='ltr'>certamen</span> <span class='ocrx_word' id='word_1_737' title='bbox 2516 4651 2697 4718; x_wconf 89' lang='lat' dir='ltr'>atque</span> <span class='ocrx_word' id='word_1_738' title='bbox 2729 4661 2997 4716; x_wconf 90' lang='lat' dir='ltr'>pugnam</span> <span class='ocrx_word' id='word_1_739' title='bbox 3023 4645 3342 4699; x_wconf 92' lang='lat' dir='ltr'>internam.</span> <span class='ocrx_word' id='word_1_740' title='bbox 3373 4647 3561 4714; x_wconf 87' lang='lat' dir='ltr'>Atque</span> 
     </span>
    </p>
   </div>
   <div class='ocr_carea' id='block_1_110' title="bbox 1902 4733 3556 4805">
    <p class='ocr_par' dir='ltr' id='par_1_110' title="bbox 1902 4733 3556 4805">
     <span class='ocr_line' id='line_1_110' title="bbox 1902 4733 3556 4805; baseline -0.003 -16"><span class='ocrx_word' id='word_1_741' title='bbox 1902 4738 1985 4791; x_wconf 89' lang='lat' dir='ltr'>sic</span> <span class='ocrx_word' id='word_1_742' title='bbox 2014 4739 2198 4791; x_wconf 91' lang='lat' dir='ltr'>Deum</span> <span class='ocrx_word' id='word_1_743' title='bbox 2228 4735 2552 4790; x_wconf 87' lang='lat' dir='ltr'>obsecrans</span> <span class='ocrx_word' id='word_1_744' title='bbox 2581 4735 2794 4805; x_wconf 89' lang='lat' dir='ltr'>accipit</span> <span class='ocrx_word' id='word_1_745' title='bbox 2820 4733 3052 4789; x_wconf 67' lang='lat' dir='ltr'>caelitus</span> <span class='ocrx_word' id='word_1_746' title='bbox 3074 4749 3247 4788; x_wconf 90' lang='lat' dir='ltr'>arma</span> <span class='ocrx_word' id='word_1_747' title='bbox 3282 4733 3556 4802; x_wconf 90' lang='lat' dir='ltr'>Spiritus,</span> 
     </span>
    </p>
   </div>
   <div class='ocr_carea' id='block_1_111' title="bbox 1901 4820 3555 4897">
    <p class='ocr_par' dir='ltr' id='par_1_111' title="bbox 1901 4820 3555 4897">
     <span class='ocr_line' id='line_1_111' title="bbox 1901 4820 3555 4897; baseline -0.004 -17"><span class='ocrx_word' id='word_1_748' title='bbox 1901 4841 2037 4897; x_wconf 67' lang='lat' dir='ltr'>quae</span> <span class='ocrx_word' id='word_1_749' title='bbox 2051 4825 2564 4880; x_wconf 87' lang='lat' dir='ltr'>recensuitbeatus</span> <span class='ocrx_word' id='word_1_750' title='bbox 2579 4823 2920 4894; x_wconf 84' lang='lat' dir='ltr'>Apostolus:</span> <span class='ocrx_word' id='word_1_751' title='bbox 2947 4820 3555 4890; x_wconf 63' lang='lat' dir='ltr'>Thoracemjuslitiz.</span> 
     </span>
    </p>
   </div>
   <div class='ocr_carea' id='block_1_112' title="bbox 1901 4909 3558 4984">
    <p class='ocr_par' dir='ltr' id='par_1_112' title="bbox 1901 4909 3558 4984">
     <span class='ocr_line' id='line_1_112' title="bbox 1901 4909 3558 4984; baseline -0.002 -13"><span class='ocrx_word' id='word_1_752' title='bbox 1901 4917 2136 4984; x_wconf 79' lang='lat' dir='ltr'>galeam</span> <span class='ocrx_word' id='word_1_753' title='bbox 2148 4914 2690 4978; x_wconf 81' lang='lat' dir='ltr'>salutaris,scutum</span> <span class='ocrx_word' id='word_1_754' title='bbox 2706 4913 2847 4980; x_wconf 83' lang='lat' dir='ltr'>ﬁdei</span> <span class='ocrx_word' id='word_1_755' title='bbox 2860 4917 2912 4968; x_wconf 85' lang='lat' dir='ltr'>et</span> <span class='ocrx_word' id='word_1_756' title='bbox 2923 4912 3197 4982; x_wconf 79' lang='lat' dir='ltr'>gladium</span> <span class='ocrx_word' id='word_1_757' title='bbox 3214 4909 3474 4980; x_wconf 80' lang='lat' dir='ltr'>Spiritus</span> <span class='ocrx_word' id='word_1_758' title='bbox 3490 4911 3558 4967; x_wconf 86' lang='grc'>²⁰.</span> 
     </span>
    </p>
   </div>
   <div class='ocr_carea' id='block_1_113' title="bbox 1904 4999 3560 5071">
    <p class='ocr_par' dir='ltr' id='par_1_113' title="bbox 1904 4999 3560 5071">
     <span class='ocr_line' id='line_1_113' title="bbox 1904 4999 3560 5071; baseline -0.004 -13"><span class='ocrx_word' id='word_1_759' title='bbox 1904 5004 2132 5069; x_wconf 89' lang='lat' dir='ltr'>Quibus</span> <span class='ocrx_word' id='word_1_760' title='bbox 2190 5005 2374 5060; x_wconf 90' lang='lat' dir='ltr'>armis</span> <span class='ocrx_word' id='word_1_761' title='bbox 2427 5005 2761 5058; x_wconf 90' lang='lat' dir='ltr'>succinctus</span> <span class='ocrx_word' id='word_1_762' title='bbox 2811 5006 2965 5058; x_wconf 90' lang='lat' dir='ltr'>stare</span> <span class='ocrx_word' id='word_1_763' title='bbox 3027 5005 3221 5071; x_wconf 85' lang='lat' dir='ltr'>potest</span> <span class='ocrx_word' id='word_1_764' title='bbox 3270 4999 3560 5054; x_wconf 90' lang='lat' dir='ltr'>adversus</span> 
     </span>
    </p>
   </div>
   <div class='ocr_carea' id='block_1_114' title="bbox 1903 5087 3557 5148">
    <p class='ocr_par' dir='ltr' id='par_1_114' title="bbox 1903 5087 3557 5148">
     <span class='ocr_line' id='line_1_114' title="bbox 1903 5087 3557 5148; baseline -0.005 0"><span class='ocrx_word' id='word_1_765' title='bbox 1903 5092 2168 5148; x_wconf 75' lang='lat' dir='ltr'>occultas</span> <span class='ocrx_word' id='word_1_766' title='bbox 2224 5093 2470 5148; x_wconf 89' lang='lat' dir='ltr'>technas</span> <span class='ocrx_word' id='word_1_767' title='bbox 2527 5091 2751 5148; x_wconf 90' lang='lat' dir='ltr'>diaboli</span> <span class='ocrx_word' id='word_1_768' title='bbox 2804 5090 3040 5146; x_wconf 87' lang='lat' dir='ltr'>malitiis</span> <span class='ocrx_word' id='word_1_769' title='bbox 3085 5087 3557 5143; x_wconf 88' lang='lat' dir='ltr'>imminentibus.</span> 
     </span>
    </p>
   </div>
   <div class='ocr_carea' id='block_1_115' title="bbox 1905 5175 3560 5250">
    <p class='ocr_par' dir='ltr' id='par_1_115' title="bbox 1905 5175 3560 5250">
     <span class='ocr_line' id='line_1_115' title="bbox 1905 5175 3560 5250; baseline -0.004 -14"><span class='ocrx_word' id='word_1_770' title='bbox 1905 5182 2134 5248; x_wconf 89' lang='lat' dir='ltr'>Quibus</span> <span class='ocrx_word' id='word_1_771' title='bbox 2159 5182 2342 5237; x_wconf 89' lang='lat' dir='ltr'>armis</span> <span class='ocrx_word' id='word_1_772' title='bbox 2382 5182 2545 5236; x_wconf 91' lang='lat' dir='ltr'>omni</span> <span class='ocrx_word' id='word_1_773' title='bbox 2577 5182 2865 5245; x_wconf 89' lang='lat' dir='ltr'>oratione,</span> <span class='ocrx_word' id='word_1_774' title='bbox 2915 5177 3420 5250; x_wconf 85' lang='lat' dir='ltr'>perseveratione,</span> <span class='ocrx_word' id='word_1_775' title='bbox 3449 5175 3560 5232; x_wconf 89' lang='lat' dir='ltr'>ob-</span> 
     </span>
    </p>
   </div>
   <div class='ocr_carea' id='block_1_116' title="bbox 1905 5266 3564 5341">
    <p class='ocr_par' dir='ltr' id='par_1_116' title="bbox 1905 5266 3564 5341">
     <span class='ocr_line' id='line_1_116' title="bbox 1905 5266 3564 5341; baseline -0.002 -16"><span class='ocrx_word' id='word_1_776' title='bbox 1905 5272 2234 5327; x_wconf 91' lang='lat' dir='ltr'>secratione</span> <span class='ocrx_word' id='word_1_777' title='bbox 2272 5287 2342 5326; x_wconf 93' lang='lat' dir='ltr'>ac</span> <span class='ocrx_word' id='word_1_778' title='bbox 2368 5271 2616 5341; x_wconf 88' lang='lat' dir='ltr'>jejunio,</span> <span class='ocrx_word' id='word_1_779' title='bbox 2646 5273 2766 5325; x_wconf 90' lang='lat' dir='ltr'>imo</span> <span class='ocrx_word' id='word_1_780' title='bbox 2811 5284 2951 5324; x_wconf 87' lang='lat' dir='ltr'>vero</span> <span class='ocrx_word' id='word_1_781' title='bbox 2985 5283 3087 5339; x_wconf 89' lang='lat' dir='ltr'>per</span> <span class='ocrx_word' id='word_1_782' title='bbox 3125 5267 3309 5322; x_wconf 86' lang='lat' dir='ltr'>ﬁdem</span> <span class='ocrx_word' id='word_1_783' title='bbox 3356 5266 3564 5338; x_wconf 91' lang='lat' dir='ltr'>acqui-</span> 
     </span>
    </p>
   </div>
   <div class='ocr_carea' id='block_1_117' title="bbox 1907 5359 3562 5431">
    <p class='ocr_par' dir='ltr' id='par_1_117' title="bbox 1907 5359 3562 5431">
     <span class='ocr_line' id='line_1_117' title="bbox 1907 5359 3562 5431; baseline -0.003 -17"><span class='ocrx_word' id='word_1_784' title='bbox 1907 5360 2055 5419; x_wconf 89' lang='lat' dir='ltr'>sitis.</span> <span class='ocrx_word' id='word_1_785' title='bbox 2097 5359 2318 5415; x_wconf 91' lang='lat' dir='ltr'>bellum</span> <span class='ocrx_word' id='word_1_786' title='bbox 2351 5359 2640 5416; x_wconf 89' lang='lat' dir='ltr'>adversus</span> <span class='ocrx_word' id='word_1_787' title='bbox 2681 5360 3076 5431; x_wconf 85' lang='lat' dir='ltr'>principatus,</span> <span class='ocrx_word' id='word_1_788' title='bbox 3119 5362 3172 5412; x_wconf 92' lang='lat' dir='ltr'>et</span> <span class='ocrx_word' id='word_1_789' title='bbox 3212 5360 3562 5427; x_wconf 91' lang='lat' dir='ltr'>potestates,</span> 
     </span>
    </p>
   </div>
   <div class='ocr_carea' id='block_1_118' title="bbox 1907 5443 3562 5519">
    <p class='ocr_par' dir='ltr' id='par_1_118' title="bbox 1907 5443 3562 5519">
     <span class='ocr_line' id='line_1_118' title="bbox 1907 5443 3562 5519; baseline -0.004 -14"><span class='ocrx_word' id='word_1_790' title='bbox 1907 5465 1976 5505; x_wconf 88' lang='lat' dir='ltr'>ac</span> <span class='ocrx_word' id='word_1_791' title='bbox 2009 5453 2264 5504; x_wconf 89' lang='lat' dir='ltr'>rectores</span> <span class='ocrx_word' id='word_1_792' title='bbox 2291 5449 2498 5504; x_wconf 89' lang='lat' dir='ltr'>mundi</span> <span class='ocrx_word' id='word_1_793' title='bbox 2527 5465 2726 5518; x_wconf 91' lang='lat' dir='ltr'>gerere</span> <span class='ocrx_word' id='word_1_794' title='bbox 2767 5448 3017 5519; x_wconf 88' lang='lat' dir='ltr'>poterit:</span> <span class='ocrx_word' id='word_1_795' title='bbox 3071 5446 3274 5518; x_wconf 89' lang='lat' dir='ltr'>sicque</span> <span class='ocrx_word' id='word_1_796' title='bbox 3312 5443 3562 5500; x_wconf 89' lang='lat' dir='ltr'>devictis</span> 
     </span>
    </p>
   </div>
   <div class='ocr_carea' id='block_1_119' title="bbox 1910 5533 3564 5610">
    <p class='ocr_par' dir='ltr' id='par_1_119' title="bbox 1910 5533 3564 5610">
     <span class='ocr_line' id='line_1_119' title="bbox 1910 5533 3564 5610; baseline -0.002 -16"><span class='ocrx_word' id='word_1_797' title='bbox 1910 5537 2267 5594; x_wconf 87' lang='lat' dir='ltr'>adversariis</span> <span class='ocrx_word' id='word_1_798' title='bbox 2301 5538 2710 5610; x_wconf 89' lang='lat' dir='ltr'>potestatibus,</span> <span class='ocrx_word' id='word_1_799' title='bbox 2751 5535 3046 5593; x_wconf 87' lang='lat' dir='ltr'>beneﬁcio</span> <span class='ocrx_word' id='word_1_800' title='bbox 3089 5542 3146 5592; x_wconf 91' lang='lat' dir='ltr'>et</span> <span class='ocrx_word' id='word_1_801' title='bbox 3175 5533 3396 5591; x_wconf 82' lang='lat' dir='ltr'>auxilio</span> <span class='ocrx_word' id='word_1_802' title='bbox 3439 5534 3564 5606; x_wconf 87' lang='lat' dir='ltr'>Spi-</span> 
     </span>
    </p>
   </div>
  </div>
