4076 6210
440 326 549 383 659
1731 327 1791 384 S.
1833 329 2135 386 MACARII
2176 330 2483 387 IEGYPTII
3679 332 3790 388 660

431 456 969 528 ritus,proprioque
982 458 1258 513 virtutum
1273 456 1523 511 omnium
1539 456 1998 520 studio,aeternae
2012 455 2088 511 vi-

2210 459 2561 529 πορισάμενος,
2608 459 2694 509 τόν
2742 458 2871 530 πρὸς
2923 457 3017 517 τὰς
3046 454 3239 529 ἀρχὰς,
3281 460 3371 509 καὶ
3417 460 3670 523 ἐξουσίας,
3704 461 3807 508 καὶ

438 549 507 599 tae
522 544 726 614 dignus
742 545 1199 618 ﬁet,gloriﬁcans
1218 545 1810 611 Patrem,etFilium,et
1827 546 2088 617 Spiritum

2210 548 2623 619 ιοσμοκράτορας
2699 546 2916 617 πόλεμον
2968 548 3433 616 καταγωνίσασθαι
3501 543 3810 608 δυνήσεται,

432 640 738 696 sanctum;
764 634 860 689 cui
884 636 955 689 sit
972 635 1161 703 gloria
1178 642 1234 690 et
1259 636 1519 706 potentia
1539 636 1596 690 in
1618 634 1855 690 saacula.
1874 638 2083 689 Amen.

1328 728 1414 775 xui
1489 732 1577 784 τῆς
1620 720 1761 784 ἰδίας
1805 723 1853 774 έν
1897 726 2092 783 πάσαις
2154 722 2356 795 ἀρεταῖς
2406 720 2666 788 σπουδῆς,
2728 732 2822 785 τῆς
2870 724 3080 775 αἰωνίου
3130 724 3271 786 ζωῆς
3322 724 3463 787 ἄξιος
3492 728 3790 796 γενήσεται,

2196 640 2285 687 καὶ
2345 636 2508 695 οὕτως
2559 638 2777 696 νικήσας
2834 638 2923 695 τὰς
2972 637 3198 694 ἐναντίας
3242 630 3491 706 δυνάμεις
3540 630 3631 687 διὰ
3695 642 3794 695 τῆς

432 728 732 794 συνεργείας
787 731 878 775 τοῦ
934 728 1246 796 Πνεῦματος,

434 808 674 875 δοξάζων
696 816 921 889 Πατέρα,
940 820 1028 866 καὶ
1054 816 1191 879 Υἱόν,
1216 819 1305 865 καὶ
1334 814 1484 884 ἅγιον
1502 820 1712 885 Πνεῦμα
1742 831 1754 843 ·
1790 814 1829 884 ᾧ
1856 815 1883 871 ἠ
1917 809 2050 875 δόξα
2078 816 2165 864 καὶ
2204 816 2261 865 τό
2302 816 2490 886 κράτος
2520 813 2589 875 εἰς
2620 816 2740 875 τοῦς
2764 812 2969 874 αἰῶνας.
3014 812 3198 885 Ἀμὴν.

1022 939 1311 994 HOMILIA
1354 939 1506 994 XXII.
2796 943 3041 992 OMIAIA
3085 937 3202 992 KB'.

648 1045 732 1099 De
747 1043 977 1113 duplici
996 1050 1155 1118 statu
1172 1059 1394 1118 eorum,
1412 1043 1514 1116 qui
1531 1058 1605 1100 ea:
1625 1044 1739 1101 hac
1762 1043 1879 1100 vita

2210 1049 2357 1117 Περί
2398 1041 2641 1106 δισσῆς
2684 1047 2969 1118 στάσεως
2996 1052 3113 1095 τῶν
3145 1043 3208 1096 ἐκ
3246 1052 3357 1097 τοῦ
3388 1042 3534 1118 βίου
3574 1046 3813 1097 τοῦτοι

1106 1115 1432 1171 decedunt.

2295 1115 2301 1117 “
2790 1116 3211 1190 ἑξερχόντων.

506 1203 763 1267 Quando
810 1203 1113 1273 egreditur
1166 1220 1198 1259 e
1243 1220 1493 1276 corpore
1548 1203 1755 1260 anima
1808 1203 2088 1267 hominis,

2273 1204 2433 1257 Ὀταν
2486 1205 2658 1269 ἐξέλθη
2717 1209 2774 1257 ἐκ
2836 1214 2922 1258 τοῦ
2993 1212 3229 1277 σώματος
3296 1205 3451 1277 ψυχὴ
3496 1204 3796 1279 ἀνθρώπου,

433 1291 787 1361 mysterium
827 1292 1136 1364 quoddam
1185 1308 1478 1361 magnum
1520 1293 1644 1348 illic
1682 1292 2003 1364 perﬁcitur.
2039 1294 2093 1349 Si

440 1379 602 1434 enim
633 1379 923 1436 fueritrea
954 1382 1205 1453 peccati,
1226 1382 1519 1437 accedunt
1543 1381 2093 1447 choridaamonum,

434 1473 493 1522 et
522 1469 719 1539 angeli
756 1471 999 1538 sinistri,
1041 1486 1110 1525 ac
1142 1475 1467 1542 potestates
1514 1470 1915 1535 tenebrarum,
1946 1470 2100 1526 abri-

435 1556 609 1629 piunt
650 1558 915 1613 animam
964 1558 1148 1624 illam,
1191 1564 1371 1631 atque
1412 1559 1805 1631 subjugatam
1850 1559 1909 1614 in
1960 1575 2088 1614 suas

2210 1560 2532 1632 λαμϐάνουσι
2570 1567 2663 1621 τήν
2715 1562 2900 1633 ψυχὴν
2974 1560 3193 1627 ἐκείνην,
3261 1567 3350 1615 καὶ
3405 1570 3689 1635 κρατοῦσιν
3734 1562 3818 1624 εἰς

436 1650 637 1717 partes
663 1649 1015 1718 pertrahunt
1040 1665 1051 1702 :
1083 1664 1190 1704 nec
1221 1648 1400 1703 debet
1429 1649 1567 1721 quis
1598 1654 1915 1720 propterea
1939 1649 2088 1707 velut

2210 1653 2266 1701 τό
2297 1647 2433 1703 ἴδιον
2470 1656 2645 1723 μέρος,
2703 1656 2791 1703 καὶ
2830 1652 2925 1703 οῦκ
2982 1650 3167 1723 ὀφείλει
3210 1671 3285 1711 τις
3313 1654 3399 1703 ἐπὶ
3445 1654 3645 1712 τούτοις
3680 1651 3814 1713 ξενί-

431 1750 493 1789 re
515 1736 804 1807 quapiam
828 1737 1065 1792 insolita
1090 1738 1148 1792 in
1167 1738 1632 1793 admirationem
1654 1737 1818 1793 duci.
1842 1739 1896 1793 Si
1915 1740 2095 1800 enim,

432 1824 577 1878 dum
613 1824 832 1881 viveret
860 1826 1064 1892 homo,
1098 1834 1152 1881 et
1192 1828 1251 1881 in
1278 1827 1391 1881 hoc
1420 1826 1642 1882 saeculo
1685 1827 1947 1896 degeret,
1986 1828 2097 1883 illis

430 1913 735 1984 subjectus
764 1914 873 1969 fuit
911 1921 967 1970 et
992 1915 1455 1987 obtemperavit,
1498 1932 1567 1970 ac
1625 1931 1829 1971 servus
1862 1915 2097 1971 illorum

432 2002 621 2058 factus
643 2010 750 2069 est,
773 2009 1002 2076 quanto
1029 2006 1221 2073 magis
1254 2022 1391 2059 cum
1419 2005 1728 2074 egreditur
1748 2022 1818 2060 ex
1846 2005 2094 2073 mundo,

430 2092 726 2147 detinetur
747 2108 815 2148 ac
837 2093 1195 2165 subjugatur
1226 2093 1304 2149 ab
1330 2095 1478 2165 ipsis
1500 2096 1527 2150 ?
1562 2096 1642 2149 Ex
1673 2102 1840 2164 parte
1872 2102 2092 2160 autem,

432 2197 567 2252 quaa
592 2180 851 2237 melioris
871 2190 961 2237 est
981 2184 1363 2252 conditionis,
1386 2184 1505 2254 88
1523 2190 1695 2255 potes
1709 2199 2093 2253 cognoscere,

425 2285 552 2325 rem
614 2271 695 2325 ita
755 2287 883 2325 sese
936 2272 1179 2327 habere.
1239 2273 1468 2327 Sanctis
1537 2272 1840 2344 siquidem
1906 2275 2093 2327 servis

436 2359 535 2414 Dei
582 2359 660 2414 ab
710 2360 823 2415 hoc
880 2366 1147 2431 tempore
1190 2367 1389 2417 astant
1438 2362 1653 2430 angeli,
1711 2378 1781 2417 ac
1838 2362 2090 2431 Spiritus

427 2449 615 2502 sancti
663 2449 1059 2513 circumdant,
1108 2465 1329 2521 easque
1391 2452 1758 2508 custodiunt.
1819 2451 2091 2524 Cumque

426 2536 675 2591 exierint
719 2552 750 2592 e
794 2553 1065 2608 corpore,
1117 2538 1279 2593 chori
1339 2539 1692 2607 angelorum
1738 2547 2089 2612 assumptus

428 2639 636 2679 eorum
695 2626 932 2680 animas
982 2627 1042 2681 in
1089 2642 1262 2681 suam
1320 2634 1553 2699 partem
1608 2628 1974 2699 pertrahunt,
2029 2629 2088 2684 in

434 2714 723 2769 saeculum
756 2720 1135 2786 perpetuum,
1176 2720 1232 2771 et
1261 2716 1344 2770 sic
1373 2716 1682 2772 adducunt
1726 2732 1827 2772 eos
1858 2718 1935 2773 ad
1978 2720 2089 2773 Do-

435 2818 689 2857 mtuum.

3769 1291 3795 1308 τ

2204 1298 2496 1367 μυστήριόν
2564 1316 2616 1347 τι
2668 1300 2804 1367 μέγα
2873 1298 2982 1375 ἐκεῖ⁸
3040 1294 3363 1348 ἐπιτελεῖται.
3433 1298 3552 1348 Ἐὰν
3602 1298 3706 1367 γὰρ

2206 1383 2489 1446 ὑπεύθυνος
2538 1384 2587 1436 έν
2651 1384 2949 1457 ἁμαρτίαις,
3006 1386 3254 1458 ἔρχονται
3303 1390 3457 1458 χοροὶ
3506 1381 3796 1456 δαιμόνων,

2206 1478 2291 1524 καὶ
2341 1474 2551 1545 ἄγγελοι
2591 1473 2878 1546 ἁριστεροὶ,
2924 1479 3015 1525 xui
3071 1470 3320 1546 δυνάμεις
3370 1479 3587 1533 σκότους
3642 1493 3817 1547 παραο

2210 1739 2414 1799 ζεσθαι.
2468 1740 2527 1791 Εἰ
2565 1744 2665 1811 γὰρ
2708 1743 2827 1806 ζῶν,
2884 1745 2974 1791 xui
3013 1744 3079 1790 ὧν
3128 1738 3176 1791 έν
3225 1748 3296 1809 τῷ
3335 1739 3485 1791 αἰῶνι
3508 1743 3674 1811 τούτῳ
3706 1741 3819 1791 ῦπ-

2209 1831 2388 1899 ετάγη,
2447 1834 2536 1882 καὶ
2590 1832 2879 1894 ὑπήκουσε,
2940 1834 3029 1881 καὶ
3105 1826 3289 1890 δοῦλος
3349 1832 3541 1901 ἐγένετο
3603 1829 3811 1893 αὐτοῖς,

2207 1923 2353 1989 πόσῳ
2391 1919 2604 1989 μᾶλλον,
2663 1921 2783 1971 ὅταν
2844 1919 3124 1992 ἐξέρχηται
3181 1918 3235 1970 ἐκ
3278 1927 3370 1971 τοῦ
3417 1926 3638 1991 κόσμου,
3679 1939 3814 1970 κατ-

2206 2012 2385 2078 έχεται
2439 2014 2528 2061 καὶ
2578 2016 2845 2083 κρατεῖται
2904 2010 2991 2060 ὑπ’
3046 2013 3260 2077 αῦτῶν;
3323 2010 3451 2062 Ἀπὸ
3485 2017 3575 2061 τοῦ
3613 2014 3812 2081 μέρους

2204 2104 2296 2148 τοῦ
2353 2096 2553 2167 ἀγαθοῦ
2627 2098 2844 2170 ὀφείλεις
2916 2108 3126 2166 νοῆσαι,
3186 2100 3266 2150 ότι
3335 2097 3493 2159 οῦτως
3555 2101 3667 2169 ἔχει
3739 2102 3810 2150 τὰ

2204 2187 2531 2259 πράγματα⁸
2591 2191 2681 2238 καὶ
2740 2190 2839 2259 γὰρ
2902 2195 3011 2249 τοῖς
3058 2187 3232 2257 ἁγίοις
3272 2184 3474 2247 δούλοις
3525 2195 3614 2238 τοῦ
3665 2194 3809 2240 Θεοῦ

2204 2272 2304 2326 ἀπὸ
2358 2283 2449 2326 τοῦ
2502 2282 2588 2327 νῦν
2647 2275 2775 2327 εἰσιν
2829 2276 3040 2347 ἄγγελοι
3101 2281 3490 2349 παραμένοντες,
3521 2280 3610 2328 καὶ
3649 2279 3811 2328 πνεύ-

3700 2371 3811 2417 Καὶ

2201 2454 2321 2504 ὅταν
2378 2453 2647 2515 έξέλθωσιν
2729 2452 2829 2505 ἀπὸ
2906 2461 2997 2506 τοῦ
3077 2461 3339 2525 σώματος,
3400 2456 3446 2505 οἱ
3500 2459 3655 2528 χοροὶ
3705 2462 3812 2505 τῶν

2201 2383 2343 2435 ματα
2402 2364 2529 2434 ἅγια
2564 2364 2854 2417 κυκλοῦντα
2893 2370 3080 2427 αὐτοῦς
3138 2370 3224 2417 xui
3285 2365 3626 2437 φυλάττοντα,

2201 2540 2428 2613 ἀγγέλων
2476 2542 2975 2615 παραλαμϐάνουσιν
3022 2544 3187 2595 αὐτῶν
3246 2546 3339 2605 τὰς
3402 2543 3581 2615 ψυχὰς
3620 2543 3693 2605 εἰς
3748 2547 3812 2595 τό

2200 2626 2335 2681 ἴδιον
2373 2635 2548 2703 μέρος,
2601 2631 2668 2692 εἰς
2699 2636 2786 2683 τόν
2833 2633 3060 2705 καθαρόν
3117 2632 3281 2685 αἰῶνα
3313 2654 3325 2666 ν
3372 2638 3463 2685 xui
3512 2633 3671 2693 οῦτως
3708 2632 3812 2684 αῦ-

2199 2721 2319 2780 τοῦς
2343 2721 2675 2793 προσάγουσι
2694 2728 2766 2790 τῷ
2791 2727 2988 2794 Κυρίῳ.

1004 2894 1300 2950 HOMILIA
1343 2896 1518 2950 XXIII.
2795 2903 3042 2953 OMIAIA
3085 2899 3204 2954 ΚΓ.

436 2998 935 3062 Quemadmodum
976 3001 1200 3070 regiam
1241 3016 1311 3057 ac
1338 3004 1656 3069 pretiosam
1691 3008 2083 3072 margaritam
2117 3009 2156 3064 C

503 3074 736 3139 gestare
758 3073 947 3144 solum
979 3078 1242 3139 possunt,
1269 3074 1373 3144 qui
1404 3090 1479 3129 ex
1508 3076 1670 3144 regio
1701 3076 1918 3131 semine
1945 3084 2084 3131 sunt

500 3142 790 3217 prognati
809 3161 829 3198 :
850 3144 1056 3217 eodem
1081 3145 1250 3199 modo
1266 3142 1549 3217 rcwtestem
1572 3142 1970 3217 margaritam
2000 3164 2084 3202 so-

506 3213 626 3268 lum
653 3214 796 3280 ﬁliis
836 3215 941 3270 Dei
970 3222 1203 3285 gestare
1228 3216 1380 3272 licet.

502 3356 541 3408 Ι.
569 3356 877 3425 Margarita
908 3355 1005 3411 illa
1026 3357 1363 3428 splendida,
1398 3359 1657 3429 pretiosa
1686 3364 1866 3431 atque
1899 3362 2080 3431 regia,

431 3458 567 3513 quin
596 3444 671 3498 ad
694 3444 976 3500 diadema
1006 3447 1237 3515 regium
1266 3447 1539 3517 pertinet,
1576 3447 1683 3502 soli
1715 3449 1838 3517 regi
1866 3465 2083 3505 conve-

432 3531 519 3585 nit
542 3550 555 3599 ;
581 3531 862 3603 solusque
881 3548 981 3589 rex
1003 3533 1160 3589 lianc
1180 3536 1570 3604 margaritam
1594 3544 1826 3605 gestare
1850 3544 2044 3609 potest
2067 3558 2077 3597 :

431 3619 529 3674 alii
544 3635 680 3675 vero
695 3621 921 3675 homini
939 3629 1171 3691 gestare
1195 3624 1293 3693 huj
1306 3625 1540 3680 usmodi
1558 3627 1946 3695 margaritam
1962 3643 2082 3683 non

429 3708 584 3764 licet.
632 3710 715 3764 Ita
760 3709 868 3765 nisi
897 3711 1032 3782 quis
1076 3711 1247 3767 fuerit
1273 3718 1450 3768 natus
1478 3731 1513 3767 a
1563 3715 1725 3783 regio
1769 3731 1839 3771 ac
1878 3716 2084 3771 divino

430 3796 669 3869 Spiritu,
712 3803 769 3852 et
800 3814 988 3869 genus
1016 3800 1252 3856 cceleste
1302 3818 1371 3857 ac
1397 3801 1629 3873 regium
1670 3802 1790 3871 ﬁat,
1838 3810 1893 3859 et
1923 3804 2082 3860 ﬁlius

428 3887 549 3956 Dei,
566 3887 900 3943 secundum
918 3889 1080 3961 quod
1099 3890 1387 3961 scriptum
1412 3899 1531 3947 est:
1565 3893 1853 3964 Quotquot
1886 3902 2084 3950 autem

430 3982 782 4047 receperunt
796 3994 946 4041 eum,
966 3978 1128 4035 dedit
1141 3982 1221 4036 eis
1232 3986 1571 4050 potestatem
1585 3982 1740 4050 ﬁlios
1757 3983 1861 4039 Dei
1870 3984 2002 4049 ﬁeri
2015 3985 2079 4049 ιι,

429 4065 731 4121 caelestem
771 4071 825 4121 et
857 4067 1176 4137 pretiosam
1201 4070 1608 4139 margaritam,
1638 4071 1963 4139 imaginem
2002 4072 2085 4127 lu-

434 4156 632 4219 minis,
676 4156 949 4226 inquam,
984 4156 1319 4223 ineﬂ‘abilis,
1352 4175 1486 4230 qua:
1528 4167 1615 4214 est
1640 4161 1948 4226 Dominus,
1992 4178 2088 4231 ge-

434 4248 587 4298 stare
638 4246 859 4314 nequit,
896 4246 1122 4316 quippe
1163 4248 1263 4319 qui
1306 4263 1424 4302 non
1468 4249 1540 4303 sit
1570 4250 1725 4319 regis
1766 4250 1941 4305 ﬁlius.
1978 4251 2087 4315 Qui

433 4330 597 4385 enim
628 4331 854 4387 habent
883 4337 939 4387 et
983 4342 1197 4401 gerunt
1227 4338 1638 4405 margaritam,
1673 4339 1878 4395 vivunt
1920 4344 1974 4393 et
2004 4355 2087 4394 re—

2210 4358 2315 4416 ἦτις
2369 4361 2509 4408 εστὶν
2561 4360 2585 4409 ό
2629 4361 2833 4426 Κύριος,

432 4424 624 4487 gnant
657 4435 773 4474 una
799 4437 935 4475 cum
974 4421 1200 4477 Christo
1233 4425 1288 4478 in
1322 4426 1563 4482 saecula.
1593 4426 1685 4481 Sic
1712 4428 1869 4481 enim
1899 4428 2090 4499 inquit
2122 4412 2155 4419 ”
2198 4412 2312 4499 φλὸξ
2370 4450 2439 4499 μὴ
2486 4412 2714 4499 “udum.

433 4507 756 4577 Apostolus
783 4530 793 4561 :
820 4508 985 4564 Sicut
1012 4514 1369 4580 gestavimus
1392 4515 1709 4584 imaginem
1728 4518 1968 4580 terreni,
1994 4532 2089 4587 ge-

438 4595 731 4653 stabimus
761 4601 812 4653 et
844 4598 1157 4669 imaginem
1194 4603 1518 4660 celestis".

509 4901 575 4955 Il.
608 4900 857 4957 Perinde
877 4902 1034 4957 enim
1066 4919 1134 4959 ac
1160 4919 1371 4976 equus,
1391 4905 1657 4977 quandiu
1680 4907 1737 4961 in
1771 4907 1928 4963 silvis
1951 4924 2088 4964 cum

437 4991 775 5059 agrestibus
805 4992 1167 5049 animalibus
1186 4994 1470 5065 pascitur,
1496 4996 1773 5067 subjugo
1804 5014 1874 5053 ac
1905 5000 2090 5070 impe-

437 5080 523 5135 rio
570 5080 885 5136 hominum
932 5098 1067 5137 esse
1106 5088 1357 5138 recusat.
1413 5085 1467 5141 Si
1516 5086 1763 5157 quando
1814 5104 1973 5153 vero,
2029 5093 2088 5144 ut

439 5169 819 5235 mansueﬁat,
870 5171 1156 5240 capiatur,
1206 5172 1474 5242 injiciunt
1507 5176 1557 5229 ei
1603 5174 1833 5231 frenum
1885 5192 2086 5246 grave,

437 5260 628 5316 donec
651 5262 983 5331 composite
1011 5268 1065 5317 et
1086 5278 1347 5334 congrue
1376 5266 1653 5335 progredi
1684 5267 1895 5323 discat.
1932 5268 2091 5323 Post-

442 5350 689 5405 modum
727 5356 1032 5405 exercetur
1060 5366 1096 5407 a
1139 5368 1369 5407 sessore
1414 5354 1627 5425 perito.
1662 5362 1723 5411 ut
1756 5357 1829 5411 ad
1866 5356 2089 5413 bellum

441 5454 682 5511 quoque
709 5441 1069 5497 commodus
1100 5443 1190 5498 sit.
1220 5443 1483 5500 Tandem
1509 5451 1801 5502 exornant
1830 5461 1967 5502 eum
2001 5464 2091 5503 ar-

521 5707 561 5741 ²¹
595 5707 763 5763 Joan.
799 5722 836 5774 ι,
873 5708 956 5763 12.
1034 5710 1081 5745 ⁸³
1111 5708 1279 5766 lCor.
1312 5724 1409 5766 xv.
1441 5712 1527 5769 t9.

2193 3002 2288 3065 Ὠς
2328 3007 2432 3055 τὸν
2465 3002 2808 3077 βασιλικόν
2853 3012 2959 3080 xui
2998 3006 3352 3080 πολύτιμον
3390 3011 3802 3080 μαργαρίτην

2267 3076 2535 3147 φορέσαι
2610 3082 2798 3149 μόνον
2852 3076 3158 3131 δύνανται
3231 3076 3290 3131 οἱ
3336 3076 3400 3130 ἐκ
3448 3076 3555 3131 τοῦ
3612 3076 3806 3149 σπέρ-

2264 3167 2463 3219 ματος
2494 3155 2602 3199 τοῦ
2659 3148 2984 3221 βασιλέως
3033 3153 3497 3220 γεννηθέντες·
3541 3154 3645 3203 τόν
3696 3148 3807 3203 αῦ-

2264 3222 2367 3270 τόν
2417 3226 2651 3289 τρόπον
2700 3225 2810 3273 τόν
2854 3223 3159 3294 οὐράνιον
3216 3228 3645 3296 μαργαρίτην
3693 3227 3805 3293 μό.

2262 3310 2359 3342 νον
2390 3299 2527 3352 τοῖς
2567 3299 2677 3343 τοῦ
2721 3300 2884 3345 Θεοῦ
2915 3298 3175 3354 τέκνοις
3206 3294 3481 3368 φορέσαι
3520 3294 3806 3356 ἔξεστιν.

2264 3377 2339 3433 A‘.
2399 3378 2456 3430 Ὀ
2510 3387 2835 3455 μαργαρίτης
2889 3384 2914 3433 ὁ
2975 3387 3158 3455 μέγας,
3218 3389 3303 3436 xui
3355 3384 3658 3454 πολύτιμος,
3711 3394 3809 3441 καὶ

2194 3465 2489 3539 βασιλικός,
2548 3470 2572 3520 ὁ
2624 3469 2690 3530 εἰς
2722 3466 2967 3543 διάδημα
3006 3470 3285 3544 βασιλικὸν
3338 3481 3653 3547 προχωρῶν,
3706 3470 3810 3544 βαι

2196 3556 2374 3618 σιλέως
2404 3561 2563 3629 μόνου
2621 3560 2839 3631 χρῄζει.
2879 3565 2979 3613 Καὶ
3027 3558 3271 3633 βασιλεὺς
3318 3568 3475 3633 μόνος
3504 3569 3690 3613 τοῦτον
3714 3565 3807 3613 τόν

2192 3649 2519 3717 μαργαρίτην
2579 3642 2802 3699 δύναται
2871 3657 3039 3721 φορεῖν
3071 3669 3083 3682 ο

2192 3740 2297 3805 ρεῐν
2347 3737 2432 3785 τόν
2479 3742 2711 3787 τοιοῦτον
2781 3744 3111 3809 μαργαρίτην

3133 3650 3268 3702 illa)
3322 3647 3381 3703 δὲ
3411 3649 3667 3722 ἀνθρώπῳ
3718 3670 3807 3721 φο-

3192 3740 3286 3791 οῦκ
3343 3740 3541 3802 ἔξεστιν
3554 3782 3567 3794 .
3619 3740 3808 3799 Οὕτως

2195 3822 2281 3874 ἐὰν
2324 3828 2395 3894 μὴ
2458 3843 2532 3884 τις
2584 3828 2802 3898 γεννηθῇ
2861 3829 2961 3878 ὑπό
3010 3836 3100 3879 τοῦ
3142 3824 3423 3900 βασιλικοῦ
3480 3833 3568 3880 καὶ
3626 3831 3807 3881 θεῐκοῦ

2194 3914 2499 3983 πνεύματος,
2552 3919 2642 3965 xui
2678 3919 2823 3984 γένος
2881 3915 3181 3989 ἐπουράνιον
3239 3922 3327 3969 xui
3387 3915 3661 3990 βασιλικόν
3714 3922 3808 3987 γέ-

2195 4020 2370 4069 νηται,
2402 4006 2491 4053 καὶ
2544 4006 2714 4054 τέκνον
2746 4012 2899 4069 Θεοῦ,
2942 4008 3077 4057 κατὰ
3114 4009 3171 4057 τὸ
3202 4010 3582 4077 γεγραμμένον,
3614 4004 3807 4058 Ὀσοι

2200 4087 2267 4142 δε
2323 4089 2546 4143 ἔλαϐον
2626 4092 2839 4159 αὐτόν,
2912 4091 3145 4147 ἔδωκεν
3205 4100 3436 4156 αὐτοῖς
3491 4096 3801 4158 ἐξουσίαν

2196 4183 2386 4231 τέκνα
2449 4188 2612 4232 Θεοῦ
2647 4184 2975 4251 γενέσθαι,
3011 4187 3097 4235 τόν
3130 4184 3430 4259 ἐπουράνιον
3470 4190 3559 4237 καὶ
3590 4184 3806 4237 πολυτί-

2198 4286 2360 4338 μητον
2388 4273 2737 4343 μαργαρίτην,
2763 4276 2855 4329 τὴν
2885 4271 3055 4324 εἰκόνα
3077 4281 3166 4325 τοῦ
3194 4278 3361 4346 φωτός
3390 4281 3482 4325 τοῦ
3515 4272 3802 4337 ἀλαλήτου,

2890 4360 2947 4412 οῦ
2994 4359 3216 4414 δύναται
3248 4366 3484 4434 φορέσαι,
3542 4360 3804 4435 βασιλέως

2198 4445 2312 4505 υἱός
2369 4450 2439 4516 μὴ
2486 4452 2775 4518 γενόμενος.
2849 4452 2913 4501 Οἱ
2962 4454 3061 4526 γὰρ
3116 4454 3327 4523 ἔχοντες
3378 4458 3468 4503 καὶ
3520 4459 3804 4524 φοροῦντες

2196 4538 2284 4585 τόν
2314 4540 2662 4608 μαργαρίτην,
2712 4542 2918 4601 συζῶσι
2960 4547 3049 4592 καὶ
3095 4540 3544 4613 συμϐασιλεύουσι
3582 4550 3805 4617 Χριστῷ

2197 4623 2270 4684 εἰς
2298 4626 2418 4684 τοὺς
2468 4624 2656 4687 αἰῶνας
2693 4644 2703 4655 ·
2748 4627 2911 4689 οῦτως
2957 4632 3055 4704 γὰρ
3089 4627 3223 4682 εἶπεν
3262 4633 3287 4682 ό
3319 4630 3654 4700 Ἀπόστολος,
3689 4638 3805 4685 Κα-

2200 4713 2323 4771 θὼς
2374 4711 2769 4787 ἐφορέσαμεν
2822 4722 2931 4775 τὴν
2965 4719 3189 4771 εἰκόνα
3230 4728 3344 4772 τοῦ
3394 4728 3653 4791 χοϊκοῦ,
3705 4739 3805 4791 φο-

2198 4805 2478 4876 ρέσωμεν
2510 4809 2767 4863 χαίτην
2803 4805 3019 4859 εἰκόνα
3048 4814 3159 4859 τοῦ
3197 4807 3612 4881 έπουρανίου.

2270 4907 2565 4982 Β’.”Ω.σπερ
2597 4914 2697 4983 γὰρ
2750 4912 2921 4977 ἵππος,
2976 4915 3064 4975 ἕως
3114 4919 3204 4986 μεν
3258 4917 3319 4967 ἄν
3378 4915 3425 4967 έν
3486 4923 3602 4976 ταῖς
3656 4916 3807 4977 ὕλαις

2197 5004 2306 5057 τοῖς
2351 4998 2550 5071 ἀγρίοις
2581 5001 2734 5062 ζώοις
2796 5008 3128 5075 συννέμηται,
3191 5004 3546 5066 ἁνυπότακτος
3602 5008 3809 5080 ἀνθρω-

2198 5106 2317 5147 ποις
2361 5084 2500 5138 έστίν
2529 5106 2541 5119 ·
2576 5088 2700 5141 ἐπὰν
2756 5088 2815 5144 δὲ
2872 5096 2998 5165 πρὸς
3054 5098 3111 5145 τὸ
3163 5097 3495 5167 ἡμερωθῆναι
3533 5098 3803 5168 κρατηθῇ,

2198 5176 2554 5247 περιτιθέασιν
2615 5181 2751 5250 αὐτῷ
2825 5180 2987 5255 βαρὺν
3068 5183 3306 5254 χαλινόν,
3377 5186 3463 5244 ἕως
3542 5181 3601 5235 οὗ
3654 5188 3804 5259 μάθῃ

2201 5264 2455 5326 εὐτάκτως
2522 5274 2610 5319 καὶ
2690 5270 2856 5343 ὀρθῶς
2911 5280 3242 5343 περιπατεῖν·
3307 5270 3418 5325 εἶτα
3473 5275 3810 5346 γυμνάζεται

2200 5360 2299 5409 ὑπὸ
2328 5358 2569 5431 ἐμπείρου
2626 5361 2900 5423 καθιστοῦ,
2960 5362 3042 5415 ἵνα
3092 5368 3183 5415 xui
3242 5363 3313 5424 εἰς
3360 5365 3578 5434 πόλεμον
3607 5368 3811 5437 εὔχρη-

2203 5467 2321 5511 στος
2365 5452 2578 5520 γένηται
2607 5465 2619 5478 ’
2666 5451 2779 5502 εἶτα
2830 5448 3103 5504 ένδύουσιν
3152 5453 3305 5505 αὐτόν
3346 5453 3496 5519 ὅπλα,
3548 5457 3635 5505 τὸν
3696 5457 3804 5506 θῶ-
