4034 6202
193 317 277 374 661
1297 314 1645 373 HOMILLE.
1684 342 1756 359 —
1793 313 1969 373 HOM.
2010 317 2384 376 XXII-XXIV.

3407 312 3512 368 662

189 463 306 519 ρακα
347 441 490 512 λέγω,
541 443 626 492 καὶ
657 442 721 492 τὰ
746 442 1110 516 κατάφρακτα,
1143 447 1234 496 καὶ
1287 451 1490 519 πρῶτον
1520 442 1740 515 χαλινὸν

1882 445 1988 510 nis,
2038 445 2306 512 thorace,
2350 445 2625 518 inquam,
2665 451 2722 502 et
2759 446 2963 516 lorica,
3006 457 3267 515 eumque
3311 441 3512 514 priore

188 540 408 606 κρεμῶσι,
467 533 554 581 καὶ
609 534 925 582 συσσείουσι
990 537 1259 585 κατέναντι
1309 540 1411 584 τῶν
1469 532 1743 605 ὀφθαλμῶν

191 623 344 685 αὐτοῦ,
392 622 516 690 πρὸς
544 620 599 669 τὸ
645 620 1048 690 συνεθισθῆναι,
1074 625 1164 673 καὶ
1213 626 1284 694 μὴ
1325 620 1697 692 ἀποπτηγῆναι
1727 639 1741 653 ο

192 712 326 772 οὕτως
378 704 756 780 διδασκόμενος
805 709 905 760 ὑπὸ
963 716 1054 762 τοῦ
1085 709 1354 775 ἐπιϐάτου,
1396 710 1440 763 εἰ
1487 715 1559 783 μὴ
1613 731 1743 783 μαν-

197 803 323 862 θάνει,
366 796 595 868 πολεμεῖν
666 796 726 848 ού
799 793 1021 850 δύναται
1071 813 1085 828 ⁸
1147 799 1272 851 έπάν
1322 796 1381 852 δε
1429 801 1594 873 μάθῃ,
1657 805 1747 853 καὶ

203 889 432 959 συνεθισθῇ
463 885 536 947 εἰς
565 888 651 938 τὸν
680 885 923 958 πόλεμον,
968 889 1088 940 ὅταν
1119 888 1383 962 ὀσφρανθῇ
1427 893 1517 942 καὶ
1541 888 1744 962 ἀκούσῃ

208 981 330 1050 φωνήν
393 975 637 1046 πολέμου,
715 975 873 1038 αὐτὸς
946 976 1163 1050 έτοίμως
1219 981 1430 1052 ἔρχεται
1483 977 1567 1032 έπὶ
1625 981 1747 1040 τοὺς

210 1066 397 1139 ἐχθρούς,
471 1066 608 1118 ὥστε
679 1070 770 1118 καὶ
827 1064 915 1118 ἀπ’
978 1066 1139 1129 αὐτῆς
1203 1075 1296 1130 τῆς
1363 1076 1529 1140 φωνῆς
1589 1071 1749 1126 πτόη-

209 1175 266 1208 σιν
329 1157 544 1227 ἱμποιεῖν
623 1162 730 1216 τοίς
798 1154 1083 1228 πολεμίοις.
1163 1159 1262 1210 Τὸν
1333 1157 1487 1210 αὐτὸν
1560 1162 1748 1231 τρόπον

203 1245 325 1302 καὶὴ
369 1243 520 1315 ψυχὴ
577 1242 679 1296 ἀπὸ
728 1253 824 1306 τῆς
871 1244 1214 1320 παραϐάσεως
1261 1242 1397 1298 οὖσα
1442 1245 1607 1319 ἀγρία
1662 1251 1751 1300 καὶ

199 1332 513 1397 ένυπότακτος,
593 1332 644 1385 έν
748 1333 941 1407 ἐρημίᾳ
1013 1342 1106 1388 τοῦ
1195 1339 1400 1408 κόσμου
1476 1335 1752 1397 πελάζεται

624 1430 725 1475 τῶν
797 1427 1101 1496 πνευμάτων
1171 1431 1268 1486 τῆς
1333 1430 1600 1498 πονηρίας,
1657 1431 1752 1484 τὴν

194 1508 419 1563 διακονίαν
465 1511 515 1563 έν
542 1519 608 1585 τῇ
664 1511 896 1588 ἁμαρτίᾳ
944 1519 1250 1586 κατέχουσα
1282 1531 1294 1544 ·
1336 1515 1458 1567 ὅταν
1506 1510 1565 1568 δε
1594 1513 1753 1567 ἀκού-

194 1619 244 1672 σῃ
290 1599 428 1671 λόγον
495 1607 652 1672 Θεοῦ,
735 1607 826 1654 καὶ
895 1605 1178 1676 πιστεύσῃ,
1249 1603 1750 1676 χαλιναγωγουμένη

193 1689 270 1740 ὑπὸ
317 1696 399 1741 τοῦ
477 1692 796 1761 Πνεύματος,
853 1689 1157 1744 ἀποτίθεται
1220 1696 1278 1744 τὸ
1339 1694 1520 1766 ἄγριον
1605 1689 1752 1757 ἦθος,

195 1425 297 1494 μετὰ
342 1424 546 1494 Θηρίων,

1855 532 2027 590 freno
2049 551 2364 607 suspenso,
2389 542 2444 590 et
2474 537 2697 606 agitato
2731 541 2864 592 ante
2897 535 3104 590 oculos
3136 534 3284 604 ejus,
3309 545 3512 587 assue-

1857 623 2102 688 faciunt,
2162 640 2235 679 ne
2294 624 2412 680 ullo
2466 631 2684 682 terrore
2751 625 3372 696 percutiatur;atque
3429 619 3514 674 sic

1851 711 2099 768 edoctus
2131 711 2627 779 abinsesore,nisi
2644 711 3143 785 didicerit,praalio
3156 708 3514 767 contendere

1853 802 2060 872 nequit
2121 822 2134 861 :
2206 801 2309 857 ubi
2380 819 2515 858 vero
2589 803 2861 858 didicerit
2930 819 2944 868 ;
3013 808 3070 857 ct
3122 800 3278 856 bello
3343 797 3516 854 fuerit

1855 891 2249 958 assuefactus,
2283 892 2332 946 si
2361 893 2543 948 modo
2576 892 2926 959 suboluerit,
2951 888 3394 947 etsubaudierit
3421 903 3516 944 so-

1856 998 2005 1038 num
2035 981 2336 1048 bellicum,
2361 984 2488 1055 ipse
2508 984 2584 1039 ad
2599 999 2670 1039 eo
2691 988 2966 1054 prompte
2989 981 3283 1037 adversus
3310 980 3513 1034 hostes

1860 1071 2254 1144 progreditur,
2277 1078 2337 1128 ut
2379 1072 2509 1128 sola
2537 1088 2681 1128 voce
2723 1077 3006 1127 terrorem
3048 1069 3294 1124 incutiat
3331 1066 3517 1123 hosti-

1857 1160 1992 1217 bus.
2030 1161 2248 1217 Eodem
2279 1177 2524 1234 quoque
2555 1161 2737 1217 modo
2763 1160 2970 1216 anima
3017 1164 3152 1232 post
3182 1163 3514 1225 transgres-

1859 1249 2090 1306 sionem
2122 1251 2371 1320 agrestis
2385 1257 2441 1307 et
2455 1251 2767 1314 indomita,
2786 1251 2847 1305 in
2860 1249 3092 1304 deserto
3106 1247 3287 1318 hujus
3303 1244 3513 1301 mundi

1860 1346 2248 1395 conversatur
2289 1356 2424 1396 cum
2468 1339 2622 1404 feris,
2668 1338 2975 1410 spiritibus
3033 1336 3251 1392 scilicet
3299 1333 3510 1406 nequi-

1862 1427 1978 1492 tiae,
2047 1429 2439 1485 ministerium
2495 1429 2555 1484 in
2609 1433 2857 1500 peccato
2908 1425 3144 1482 obiens.
3213 1425 3321 1481 Ubi
3373 1437 3514 1478 vero

1862 1517 2121 1574 audierit
2171 1518 2423 1574 verbum
2467 1519 2583 1581 Dei,
2617 1533 2686 1573 ac
2743 1515 3080 1580 crediderit,
3110 1513 3440 1569 refrenatur
3481 1527 3518 1566 a

1864 1606 2081 1678 Spiritu
2121 1623 2191 1662 ac
2224 1607 2471 1678 deponit
2503 1622 2699 1663 mores
2739 1612 3001 1676 agrestes
3042 1611 3098 1659 et
3124 1601 3517 1672 cogitationes

1863 1696 2081 1760 carnis,
2106 1695 2439 1766 gubernata
2469 1696 2546 1751 ab
2588 1695 2885 1751 insessore
2915 1693 3164 1749 Christo.
3208 1691 3416 1744 Postea
3454 1688 3516 1743 in

192 1781 354 1829 καὶτὸ
424 1783 681 1851 σαρκικόν
748 1784 1006 1852 φρόνημα,
1081 1783 1431 1854 ἧνιοχονμένη
1506 1783 1606 1834 ύπό
1662 1789 1754 1834 τοῦ

1882 1783 2268 1849 ifﬂictionem,
2282 1784 2606 1841 edomandi
2617 1785 2854 1854 jugum,
2870 1780 3275 1851 etaugustiam
3292 1777 3516 1842 incidit,

193 1864 398 1920 ἑπιϐατου
447 1876 688 1941 Χριστοῦ
721 1889 734 1903 ο
789 1866 899 1922 εἶτα
947 1869 1021 1932 εἰς
1077 1869 1250 1942 θλῖψιν
1301 1876 1392 1924 καὶ
1449 1868 1752 1945 δαμασμόν,

193 1961 260 2008 καὶ
316 1963 664 2033 στενοχωρίαν
709 1961 943 2032 ἔρχεται,
989 1959 1061 2020 εἰς
1108 1963 1165 2012 τὸ
1224 1956 1618 2034 δοκιμασθῆναι
1667 1961 1754 2014 αύ-

195 2051 284 2112 τὴν,
331 2048 406 2099 ἶνα
452 2048 569 2100 κατ’
633 2047 802 2120 ὀλίγον
851 2051 1094 2124 ἡμερωθῇ
1157 2051 1257 2103 ύπό
1305 2059 1400 2103 τοῦ
1437 2054 1754 2123 Πνεύματος,

197 2134 490 2198 ἐκλειπούσης
540 2137 664 2190 κατ’
726 2137 898 2210 ὀλίγον
962 2144 1050 2191 καὶ
1111 2137 1489 2213 ἀφανιζομένης
1555 2149 1652 2202 τῆς
1710 2141 1758 2194 έν

198 2223 298 2296 cirri
350 2224 626 2302 ἁμαρτίας.
685 2232 785 2280 Καὶ
837 2227 1001 2290 οὕτως
1047 2230 1076 2286 ἡ
1127 2227 1282 2300 ψυχὴ
1337 2226 1616 2302 ἐνδυομένη
1670 2234 1758 2283 τόν

197 2313 370 2384 θώρακα
403 2324 494 2378 τῆς
547 2311 921 2381 δικαιοσύνης,
971 2321 1181 2376 καὶτὸν
1222 2318 1620 2391 περικεφαλαίαν
1667 2327 1760 2372 τοῦ

200 2407 439 2476 σωτηρίου,
519 2408 616 2456 καὶ
679 2407 765 2456 τὸν
817 2406 995 2478 θυρεὸν
1055 2414 1150 2468 τῆς
1223 2410 1470 2470 πίστεως,
1527 2413 1618 2461 καὶ
1665 2413 1760 2467 τὴν

197 2492 427 2565 μάχαιραν
476 2500 570 2546 τοῦ
634 2496 950 2566 Πνεύματος,
1001 2490 1318 2548 διδάσκεται
1364 2495 1604 2568 πολεμεῖν
1652 2505 1762 2560 τοῖς

200 2577 374 2654 ἐχθροῖς
433 2582 617 2644 αὐτοῖς
667 2599 681 2612 ⁸
740 2587 830 2634 καὶ
911 2581 1075 2645 οὕτως
1152 2583 1472 2657 ὁπλισαμένη
1531 2593 1603 2656 τῷ
1669 2594 1760 2638 τοῦ

202 2674 359 2742 Κυρίου
388 2675 676 2746 ῐΙνεύμοιτι,
728 2670 1041 2742 ἀγωνίζεται
1097 2675 1225 2744 πρὸς
1255 2676 1320 2725 τὰ
1363 2676 1630 2746 πνεύματα
1673 2684 1763 2736 τῆς

203 2764 428 2832 πονηρίας,
491 2765 588 2814 καὶ
661 2761 728 2812 τὰ
790 2765 1130 2832 πεπῦρωμίνα
1185 2759 1308 2834 βέλη
1367 2769 1460 2814 τοῦ
1533 2771 1762 2838 πονηροῦ

207 2846 416 2904 σϐέννυσι.
449 2854 634 2923 Χωρὶς
671 2851 773 2920 γὰρ
801 2857 901 2900 τῶν
949 2856 1041 2902 τοῦ
1092 2853 1394 2922 Πνεύματος
1439 2851 1624 2918 ὃπλων,
1667 2853 1763 2905 οὐκ

207 2933 431 3010 ἇαέρχεται
477 2939 550 3000 εἰς
615 2937 902 3012 παράταξιν
961 2959 974 2971 ·
1027 2940 1232 3009 ἔχουσα
1278 2935 1337 2992 δε
1381 2942 1446 2992 τά
1491 2940 1624 2994 ὅπλα
1670 2950 1761 2994 τοῦ

214 3025 377 3098 Κυρίου,
416 3028 537 3080 ὅταν
599 3027 804 3100 ἀκούσῃ
866 3031 956 3080 καὶ
1012 3029 1266 3087 αἶσθηται
1321 3025 1562 3102 σφοδρῶν
1617 3030 1762 3084 πολέ-

1868 1879 1932 1928 ut
1984 1873 2288 1945 probetur,
2343 1889 2413 1929 ac
2461 1872 2813 1944 paulatima
2861 1870 3079 1942 Spiritu
3129 1867 3516 1931 mansueﬁat,

1866 1962 2174 2019 deﬁciente
2192 1963 2415 2018 sensim
2445 1968 2626 2035 atque
2654 1961 3022 2018 exolescente
3049 1960 3106 2014 in
3130 1957 3230 2014 illa
3251 1960 3516 2029 peccato.

1869 2053 1962 2108 Sic
2012 2057 2069 2108 et
2111 2051 2316 2107 anima
2367 2058 2601 2107 armata
2640 2052 2879 2107 thorace
2930 2050 3198 2121 justitiae,
3244 2054 3301 2102 et
3347 2045 3519 2118 galea

1868 2142 2096 2207 salutis,
2127 2147 2184 2197 et
2215 2147 2384 2198 scuto
2424 2141 2582 2210 ﬁdei,
2612 2145 2668 2196 et
2716 2141 2914 2211 gladio
2957 2139 3233 2210 Spiritus,
3267 2137 3518 2192 docetur

1871 2230 2141 2302 prmlium
2198 2246 2509 2286 conserere
2556 2246 2695 2286 cum
2750 2229 3030 2284 hostibus
3083 2229 3206 2282 suis
3236 2231 3281 2261 ³³
3313 2241 3325 2280 :
3353 2232 3408 2279 et
3438 2224 3521 2278 sic

1868 2325 2103 2376 armata
2135 2320 2352 2391 Spiritu
2380 2319 2630 2384 Domini,
2659 2318 2904 2374 dimicat
2953 2316 3242 2373 adversus
3282 2314 3523 2386 spiritus

1871 2408 2131 2476 malitias,
2146 2414 2202 2464 et
2221 2409 2406 2478 ignita
2431 2408 2780 2480 nequissimi
2797 2405 2912 2462 tela
2929 2405 3266 2475 exstinguit.
3282 2403 3522 2475 Absque

1868 2498 2027 2554 enim
2072 2497 2256 2554 armis
2306 2498 2555 2568 Spiritus
2589 2512 2712 2552 non
2743 2495 3121 2568 progreditur
3169 2494 3230 2548 in
3279 2493 3471 2548 aciem
3507 2510 3520 2546 :

1869 2586 2101 2643 habens
2138 2602 2280 2643 vero
2302 2602 2473 2642 arma
2493 2586 2745 2652 Domini,
2782 2584 2880 2641 ubi
2903 2583 3160 2640 audierit
3189 2599 3256 2639 ac
3277 2580 3526 2636 senserit

1872 2674 2575 2741 vehementiabella,cum
2588 2674 2976 2730 exsultatione
2992 2689 3062 2728 ac
3076 2671 3337 2728 clamore
3352 2669 3526 2742 profi-

1871 2765 2130 2836 ciscitur,
2154 2765 2304 2820 sicut
2336 2764 2394 2818 in
2426 2763 2699 2820 libroJob
2722 2763 2950 2818 dictum
2981 2767 3072 2817 est
3104 2778 3116 2814 :
3149 2759 3317 2829 Quod
3346 2761 3523 2815 etiam

1867 2855 2001 2924 ipsa
2023 2869 2159 2911 voce
2178 2853 2461 2910 orationis
2491 2853 2843 2909 occumbant
2874 2851 3118 2906 inimici.
3147 2852 3212 2905 Et
3232 2849 3317 2904 sic
3341 2854 3526 2904 trans-

1871 2948 2005 2998 acto
2055 2943 2232 3008 bello,
2279 2947 2571 3014 partaque
2621 2940 2868 2996 victoria
2910 2939 3203 2995 beneficio
3253 2937 3521 3010 Spiritus,

1869 3032 2047 3088 refert
2065 3032 2184 3104 89
2215 3047 2469 3087 coronas
2500 3029 2836 3086 victoriales
2853 3045 2992 3084 cum
3009 3028 3186 3100 plena
3210 3026 3454 3090 ﬁducia,
3471 3030 3528 3080 et

217 3131 302 3211 ξων,
340 3118 384 3168 ἰν
427 3116 766 3188 ἀλαλάγματι
811 3121 901 3169 καὶ
938 3124 1140 3190 κραυγῇ
1183 3115 1535 3192 ἐκπορεύεται,
1588 3122 1761 3183 καθὼς

1882 3123 1950 3178 ita
1975 3121 2292 3193 requiescit
2316 3136 2454 3175 cum
2495 3119 2718 3174 ccelesti
2747 3121 2920 3188 Rege.
2955 3117 3060 3174 Cui
3104 3115 3293 3186 gloria
3341 3119 3396 3170 et
3424 3129 3529 3184 po-

213 3199 248 3250 ὶν
281 3212 337 3275 τῷ
377 3205 490 3260 Ἰὼϐ
542 3209 774 3279 εἴρηται,
828 3207 907 3258 ὃτι
957 3211 1047 3258 καὶ
1104 3205 1193 3258 ἀπ’
1239 3211 1402 3270 αὐτῆς
1443 3218 1538 3271 τῆς
1590 3219 1760 3282 φωνῆς

209 3297 276 3352 τῆς
322 3291 544 3357 δεήσεως
596 3293 766 3355 αὐτῆς
818 3299 1206 3369 προπίπτουσιν
1264 3298 1313 3349 οἱ
1351 3299 1539 3373 έχθροί
1592 3318 1605 3331 ·

207 3382 271 3430 τὸν
325 3383 557 3456 πόλεμον,

1874 3212 2057 3267 tentia
2081 3210 2142 3266 in
2175 3209 2414 3266 saecula.
2447 3215 2654 3264 Amen.

1658 3305 1747 3352 καὶ
1793 3300 1960 3362 οὕτως
2029 3298 2388 3372 ἀγωνισαμένη
2447 3302 2534 3351 καὶ
2591 3301 2862 3355 νικήσασα
2919 3292 3014 3349 διὰ
3080 3301 3169 3348 τοῦ
3237 3295 3529 3365 Πνεύματος

641 3387 916 3455 νικηόρους
994 3386 1277 3456 στεφάνους
1357 3385 1650 3460 έπιφέρεται
1715 3391 1844 3461 μετὰ
1914 3388 2212 3464 παρρησίας
2281 3387 2492 3454 πολλῆς,

2578 3392 2669 3439 καὶ
2753 3387 2911 3447 οὕτως
2982 3385 3398 3438 συναναπαύεται
3459 3387 3532 3452 τῷ

205 3467 449 3546 ἐπουρανίῳ
482 3471 722 3547 βασιλεῖ.
755 3471 826 3524 Ὧ.
853 3475 884 3531 ἡ
919 3469 1051 3536 δόξα
1079 3479 1168 3527 καὶ
1197 3479 1256 3527 τὸ
1289 3479 1483 3548 κράτος
1514 3477 1584 3542 εἰς
1625 3481 1746 3540 τούς
1776 3479 1986 3541 αἰῶνας.
2015 3480 2209 3552 Ἀμήν.

761 3602 1011 3654 ΟΜΙΛΙΑ
1048 3599 1164 3655 KA'.

203 3716 245 3772 Ἠ
278 3724 666 3800 στάσιςλτῶν
710 3727 1118 3800 Χριστιανῶν
1157 3727 1335 3777 ἔοικε
1373 3733 1442 3798 τῇ
1486 3728 1768 3800 ἐμπορίᾳ

257 3798 348 3871 καὶ
383 3803 450 3868 τῇ
493 3785 814 3871 ζυμὼσεί.
851 3792 1087 3871 Ὠσπερ
1125 3799 1244 3870 γὰρ
1284 3798 1342 3871 οἱ
1379 3785 1769 3871 ἔμποροίτά

257 3865 434 3939 γήϊνα
464 3865 667 3939 κέρδη
700 3865 1444 3938 έπισυνάγούάιίούτωξ
1475 3865 1583 3922 καί
1617 3869 1768 3922 έκεῖ-

257 3955 355 4026 vos.
399 3935 1047 4011 διασκορπισμένους
1113 3940 1172 3992 έν
1210 3948 1289 4009 τῷ
1329 3940 1511 3992 αἰῶνι
1548 3941 1769 4026 λογισ-

259 4011 410 4077 μούς.
453 4016 572 4064 Καὶ
616 4012 828 4082 ὥσπερ
870 4011 901 4068 ἠ
933 4013 1109 4083 ,ζύμη
1152 4011 1408 4083 φύραμα
1447 4011 1590 4063 ὅλον
1621 4011 1769 4065 ἀντεο

260 4083 555 4149 ργάζεται
602 4081 829 4153 ζύμην,
873 4082 1078 4156 οὕτω-ς
1139 4081 1372 4156 ego”
1414 4090 1528 4146 τῆς
1566 4083 1768 4156 ἀμαρ-

260 4155 380 4231 τίας
417 4160 539 4206 πᾶν
568 4151 765 4231 *γένος
804 4161 921 4231 τοῦΔ
952 4151 1154 4231 Ἀδόιμ
1187 4151 1770 4231 δᾷιατρέχειη-Πλῆν

262 4223 284 4272 ὁ
349 4223 634 4297 Χριστὸς
698 4223 1000 4301 ούιρανίον
1063 4223 1487 4301 Δἀγαθὸτητὸς
1567 4227 1770 4301 ξύμην

262 4295 692 4358 ταίςπισταῖς
747 4295 997 4370 ψυχαῖς
1055 4295 1271 4357 έντίθη
1294 4317 1416 4356 σιν.

262 4419 332 4473 A'.
355 4420 622 4476 Ἐοίκασιν
666 4425 715 4476 οἱ
744 4425 1053 4497 Χριστιανοὶ
1084 4423 1329 4498 έμπὸροις
1357 4428 1586 4497 μέγιστα
1608 4421 1736 4499 κερδ
1740 4445 1770 4484 η

208 4503 622 4585 έμπορευομένοις.
703 4511 902 4586 Ὀσπερ
985 4515 1086 4586 γὰρ
1172 4513 1354 4567 ἐκεῖνοι
1428 4517 1482 4566 ἐκ
1534 4521 1629 4575 τῆς
1678 4523 1775 4586 ’γῆς

208 4597 260 4649 τὰ
301 4605 447 4670 γήϊνα
515 4598 680 4674 κέρδη
747 4604 1175 4674 επισυνάγουσιν,
1251 4603 1410 4664 οὕτως
1469 4604 1612 4656 οὗτοι
1686 4612 1776 4664 τῆς

209 4683 372 4740 ἑαυτῶν
419 4688 646 4766 καρδίας
701 4691 1144 4764 έσκορπισμίνους
1215 4696 1332 4754 τοὺς
1389 4694 1672 4765 λογισμοὺς
1727 4692 1775 4745 έν

211 4783 268 4844 τῷ
304 4777 438 4832 αἰῶνι
466 4784 632 4853 τούτῳ
673 4777 766 4834 διὰ
814 4791 996 4835 πασῶν
1048 4783 1260 4857 ἀρετῶν,
1305 4787 1394 4835 καὶ
1439 4779 1533 4836 διὰ
1561 4791 1657 4845 τῆς
1684 4790 1776 4836 τοῦ

215 4868 478 4939 Πνεύματος
532 4867 822 4944 δυνάμεως,
878 4871 1303 4944 έπισυλλέγουσιν
1354 4871 1410 4924 ἐκ
1457 4874 1634 4934 πάσης
1684 4881 1779 4935 τῆς

214 4960 309 5022 ﬁt,
362 4960 466 5021 ἣτις
531 4959 646 5013 έστὶ
709 4966 930 5033 μεγίστη
976 4967 1065 5014 καὶ
1138 4961 1354 5020 ἀληθινή
1411 4964 1653 5036 έμπορία.
1719 4961 1778 5014 Ὀ

216 5047 380 5116 κόσμος
413 5051 512 5122 γὰρ
570 5049 720 5112 οὗτος
772 5059 843 5122 τῷ
890 5055 1072 5123 κόσμῳ
1119 5059 1190 5122 τῷ
1252 5051 1357 5102 ἄνω
1404 5049 1728 5102 έναντιοῡται
1759 5069 1773 5082 ’

216 5135 483 5188 καὶὁαὶὼν
529 5139 678 5202 οὗτος
731 5147 803 5210 τῷ
851 5141 956 5191 ἄνω
1011 5139 1157 5191 αἰῶνι
1214 5139 1517 5193 ἀντίκειται.
1551 5146 1636 5192 Δεῖ
1663 5143 1779 5191 τοί-

217 5237 288 5270 νυν
328 5227 405 5275 τὸν
457 5232 774 5300 Χριστιανὸν
827 5231 959 5301 μετὰ
1014 5231 1107 5290 τὰς
1166 5227 1322 5300 ἁγίας
1373 5231 1580 5302 Γραφὰς
1623 5227 1779 5300 ἀρνη-

222 5309 407 5379 σάμενον
469 5317 556 5367 τὸν
629 5321 842 5390 κόσμον,
919 5320 1262 5390 μετατεθῆναι
1317 5323 1406 5371 καὶ
1492 5317 1780 5390 μεταϐῆναι

223 5402 280 5480 ἶῷ
323 5409 401 5470 νῷ,
457 5403 510 5456 ἐκ
566 5409 749 5460 τούτου
805 5415 896 5460 τοῦ
949 5408 1150 5472 αἰῶνος,
1222 5407 1269 5460 έν
1415 5411 1638 5480 ἔγκειται
1690 5410 1780 5458 καὶ

229 5478 539 5553 δελεάζεταιὸ
590 5502 705 5557 νοῦς
754 5495 854 5549 ἀπὸ
902 5505 997 5561 τῆς
1051 5478 1399 5572 παραϐάσεως
1445 5478 1652 5570 νἈδάμ,
1707 5495 1780 5558 εἰς

294 5720 333 5756 ’³
360 5725 559 5800 Ephes.
608 5744 676 5798 vx,
706 5731 790 5788 14.

2449 3602 2735 3660 HOMILIA
2780 3601 2962 3658 XXIV.

1875 3730 2086 3786 Status
2117 3727 2594 3784 Christianorum
2612 3725 2822 3781 similis
2847 3729 2933 3781 est
2964 3727 3315 3780 mercaturae
3341 3727 3394 3777 et
3412 3722 3531 3790 fer-

1946 3799 2317 3856 mentationi.
2342 3798 2594 3854 Perinde
2623 3797 2777 3852 enim
2807 3811 2878 3851 ac
2907 3799 3263 3851 mercatores
3295 3797 3535 3848 terrena

1947 3872 2239 3941 colligunt
2254 3869 2544 3933 lucra,sic
2574 3869 2669 3923 illi
2681 3869 2978 3941 dispersas
2987 3881 3099 3941 per
3125 3864 3533 3941 hocsarcuium

1947 3938 2434 4012 cogitationesEt
2462 3938 3336 4012 quemadmodumfermentum
3353 3938 3535 3989 totam

1947 4007 2203 4069 massam
2236 4013 2429 4069 reddit
2452 4007 2877 4076 fermentatam
2893 4010 3009 4076 ,‘sic
3024 4007 3386 4074 fermentum
3401 4018 3534 4076 pec-

1949 4085 2068 4141 cati
2080 4087 2419 4139 universum
2432 4073 2543 4153 aen
2552 4099 2617 4137 us
2632 4085 2674 4136 Α
2687 4081 2777 4136 dae
2791 4073 3113 4153 percurrit.
3135 4080 3344 4153 {erum
3363 4073 3539 4153 C

1950 4163 2074 4298 stus
2105 4157 2328 4283 cgtteste
2345 4146 2624 4211 bonitatis
2637 4146 2991 4224 fermentum
3017 4149 3292 4218 ﬁdelibus
3319 4146 3536 4204 animis

1950 4244 2012 4284 ιη
2047 4244 2128 4283 un
2178 4245 2193 4281 ι
2231 4269 2244 4281 .

1949 4228 2244 4284 infundit.

1954 4424 1996 4478 Ι.
2031 4422 2262 4480 Similes
2294 4426 2436 4477 sunt
2473 4419 2787 4477 Christiani
2833 4417 3286 4482 mercatoribus,
3316 4415 3422 4489 qui
3454 4415 3538 4470 in-

1883 4522 2119 4584 gentem
2151 4511 2472 4585 quaesitum
2505 4526 2578 4566 ex
2605 4513 2942 4565 mercatura
2975 4506 3216 4564 faciunt.
3245 4503 3544 4572 Quemad-

1883 4603 2134 4660 modum
2161 4602 2318 4658 enim
2351 4600 2409 4655 hi
2443 4604 2651 4655 eterra
2702 4605 2934 4654 terrena
2983 4597 3270 4666 colligunt
3325 4594 3493 4650 lucra
3527 4609 3541 4659 ;

1884 4692 2099 4749 eodem
2114 4691 2295 4746 modo
2309 4690 2390 4746 illi
2405 4688 2602 4746 cordis
2615 4689 2703 4743 sui
2718 4688 3022 4759 dispersas
3035 4684 3425 4756 cogitationes
3438 4697 3545 4753 per

1883 4782 1998 4838 hoc
2053 4779 2364 4846 saeculum,
2388 4779 2663 4835 omnium
2709 4778 2992 4831 virtutum
3045 4772 3359 4839 beneﬁcio,
3393 4787 3462 4826 ac
3485 4769 3543 4825 vi

1889 4871 2137 4943 Spiritus
2171 4869 2379 4934 sancti,
2414 4867 2699 4937 colligunt
2750 4882 2821 4920 ex
2879 4865 3156 4920 universa
3204 4868 3378 4927 terra,
3406 4876 3543 4933 quas

1887 4966 1974 5016 est
2000 4959 2265 5015 maxima
2303 4974 2373 5014 ac
2398 4973 2539 5012 vera
2565 4955 2904 5027 negotiatio.
2941 4952 3195 5008 Mundus
3245 4951 3406 5006 enim
3447 4949 3543 5005 hic

1890 5048 2116 5104 mundo
2149 5046 2437 5119 superiori
2470 5045 2818 5101 adversatur
2851 5048 2944 5110 ;et
2975 5041 3258 5097 saeculum
3288 5040 3403 5095 hoc
3438 5054 3545 5092 sar.-

1887 5137 2023 5193 culo
2055 5137 2344 5208 superiori
2371 5134 2716 5207 oppositum
2745 5140 2852 5188 est.
2899 5134 3141 5202 Oportet
3166 5131 3342 5200 igitur
3373 5128 3543 5185 Chri-

1889 5228 2152 5282 stianum
2171 5225 2502 5280 secundum
2538 5239 2738 5278 sacras
2762 5222 3004 5276 Litteras
3031 5219 3328 5275 mundum
3361 5217 3545 5274 abne-

1889 5321 2151 5386 gantem,
2183 5313 2500 5378 transferri,
2531 5328 2601 5368 ac
2655 5318 2851 5367 mente
2880 5308 3302 5365 transcendere
3329 5324 3399 5363 ex
3431 5307 3545 5364 hoc

1892 5403 2130 5469 saeculo,
2176 5405 2235 5458 in
2265 5420 2388 5476 quo
2418 5405 2686 5457 versatur
2715 5401 2972 5463 animus,
3009 5413 3079 5453 ac
3103 5397 3397 5453 illecebris
3418 5396 3542 5453 alli-

1891 5494 2042 5550 citur
2073 5509 2109 5549 a
2141 5497 2404 5565 tempore
2450 5487 2942 5561 transgressionis
2990 5485 3154 5555 Adae,
3187 5488 3246 5542 in
3295 5486 3549 5544 alterum
