4076 6210
439 298 546 354 663

1733 298 1796 357 S.
1837 296 2140 353 MACAPJI
2177 296 2459 354 IEGYPTI
2466 298 2485 354 Ι

3694 304 3807 360 664

436 423 821 491 saeculum,et
850 423 1147 480 intellectu
1169 424 1231 480 in
1264 423 1554 495 superiori
1577 439 1646 479 ac
1685 422 1890 479 divino
1914 438 2090 477 mun-

2200 424 2363 477 αἰῶνα
2427 426 2616 501 ἕτερον,
2682 431 2773 479 καὶ
2830 428 2899 497 τῷ
2939 432 3230 500 φρονήματι
3284 429 3351 490 εἰς
3404 432 3490 481 τὸν
3545 431 3651 481 οῖνω
3706 437 3805 491 τῆς

440 513 520 568 do
566 515 819 568 versari:
850 515 999 569 sicut
1047 514 1272 569 dictum
1305 520 1389 569 est
1422 514 1686 570 :Nostra
1730 519 1923 569 autem
1959 528 2092 568 con-

440 604 694 659 versatio
719 604 782 659 in
805 604 951 659 caelis
982 610 1064 659 est
1098 605 1164 657 ³⁸.

510 728 575 783 ΙΙ.
620 731 736 783 Hoc
782 734 980 783 autem
1019 728 1181 784 nullo
1224 728 1404 784 modo
1444 728 1694 783 obtineri
1734 733 1945 800 potest,
1980 728 2092 782 nisi

439 816 645 872 anima
684 817 997 873 crediderit
1034 834 1102 872 ex
1144 824 1262 872 toto
1293 818 1469 872 corde
1508 818 1784 886 Domino,
1817 817 1932 871 hoc
1972 833 2089 871 sae-

439 906 643 961 culum
674 907 985 976 abnegans
1011 924 1023 961 :
1048 912 1099 960 et
1124 907 1305 961 virtus
1337 907 1515 961 divini
1541 908 1789 979 Spiritus
1817 906 2091 975 colligere

438 1001 743 1068 potestcor
757 1012 861 1066 per
886 996 1229 1051 universam
1249 1002 1464 1051 terram
1478 995 1817 1065 dispersum
1843 996 1919 1051 ad
1946 995 2092 1051 dile-

437 1086 691 1140 ctionem
743 1086 995 1151 Domini,
1021 1092 1076 1140 et
1115 1086 1173 1139 in
1218 1086 1511 1140 mundum
1555 1090 1844 1141 aeternum
1872 1084 2092 1140 intelle-

436 1179 600 1229 ctum
633 1174 957 1229 traducere.
993 1179 1037 1229 A
1081 1180 1349 1245 tempore
1389 1175 1544 1229 enim
1597 1174 2089 1243 transgressionis

436 1262 598 1325 Adae,
632 1263 914 1333 dispersae
965 1270 1103 1318 sunt
1140 1279 1176 1319 a
1206 1263 1519 1319 dilectione
1557 1262 1656 1318 Dei
1703 1263 2090 1332 cogitationes

435 1352 652 1406 animae
680 1367 783 1422 per
808 1352 920 1406 hoc
944 1352 1253 1417 saeculum,
1282 1352 1613 1407 commistae
1645 1352 1862 1407 crassis
1889 1368 1958 1407 ac
1980 1357 2090 1407 ter-

435 1440 593 1495 renis
608 1440 1092 1509 cogitationibus.
1110 1443 1323 1496 Verum
1349 1441 1869 1513 quemadmodum
1898 1441 2086 1496 Adam

434 1536 844 1598 transgressus
867 1529 1239 1595 mandatum,
1268 1530 1627 1585 fermentum
1649 1531 2087 1586 malitiosarum

435 1618 820 1674 aﬂ'ectionum
873 1620 930 1673 in
980 1636 1043 1675 se
1085 1619 1329 1690 recipit:
1366 1620 1447 1675 sic
1494 1634 1737 1691 quoque
1776 1620 2084 1691 participa~

435 1709 593 1762 tione
624 1708 912 1779 quadam,
944 1709 1047 1780 qui
1082 1724 1154 1763 ex
1204 1724 1275 1763 eo
1304 1710 1424 1764 nati
1458 1714 1617 1774 sunt,
1646 1725 1715 1764 ac
1750 1710 2090 1765 universum

2202 516 2441 576 θεότητος
2469 521 2663 587 κόσμον
2688 513 2835 579 εἶναι,
2867 518 3039 579 καθὼς
3069 520 3271 588 εἴρηται
3304 536 3316 548 ⁸
3372 518 3572 591 Ἠμῶν
3616 515 3686 571 δὲ
3734 523 3804 570 τὸ

2203 603 2555 676 πολίτευμα
2593 606 2653 657 έν
2703 605 3004 680 ούρανοῖς
3060 608 3375 679 ὑπάρχει.

2271 728 2343 783 Β’.
2398 736 2561 781 Τοῦτο
2614 726 2672 782 δὲ
2720 728 2969 802 οὐδαμῶς
3016 729 3233 785 δύναται
3287 734 3702 806 κατορθωθῆναι,
3758 733 3806 786 εἰ

2200 823 2270 889 μὴ
2328 820 2356 876 ἡ
2398 818 2553 889 ψυχὴ
2601 822 2871 873 πιστεύσει
2927 821 2980 883 ἐξ
3035 822 3152 882 ὅλης
3208 819 3435 890 καρδίας
3476 823 3547 893 τῷ
3601 828 3801 896 Κυρίῳ,

2202 906 2531 979 ἀρνησαμένη
2579 912 2665 960 τὸν
2720 909 2880 961 αἰῶνα
2926 918 3125 972 τοῦτον,
3188 916 3277 963 καὶ
3331 914 3359 969 ἡ
3422 908 3645 983 δυνάμις
3706 918 3803 963 τοῦ

2203 998 2373 1048 θεὶκού
2434 1000 2727 1069 Πνεύματος
2783 998 3095 1061 ἐπισυνάξαι
3155 996 3377 1052 δύναται
3450 1006 3545 1058 τὴν
3610 1000 3808 1072 ἐσκορ-

2199 1090 2452 1157 πισμένην
2506 1084 2731 1160 καρδίαν
2776 1087 2826 1139 ἐν
2857 1088 2945 1161 ὅλη
2990 1097 3051 1161 τῇ
3104 1097 3195 1162 γῇ,
3230 1090 3303 1150 εἰς
3352 1094 3445 1148 τὴν
3475 1098 3566 1142 τοῦ
3602 1096 3801 1164 Κυρίου

2199 1172 2428 1245 ἀγάπην,
2482 1180 2572 1227 καὶ
2629 1176 2698 1238 εἰς
2756 1180 2840 1228 τὸν
2918 1178 3122 1229 αἰώνιον
3177 1182 3373 1250 κόσμον
3447 1182 3504 1231 τὸ
3559 1184 3807 1252 φρόνημα

2199 1265 2496 1321 τατεθῆναι.
2552 1264 2680 1316 Ἀπὸ
2732 1268 2832 1337 γὰρ
2885 1274 2979 1327 τῆς
3038 1274 3128 1318 τοῦ
3212 1263 3394 1339 Ἀδὰμ
3453 1267 3809 1341 παραϐάσεως

2200 1349 2627 1426 ἐσκορπίσθησαν
2680 1351 2779 1405 ἀπὸ
2836 1361 2930 1416 τῆς
2987 1354 3196 1425 ἀγάπης
3252 1364 3343 1408 τοῦ
3375 1364 3508 1409 Θεού
3565 1356 3614 1409 οἰ
3656 1357 3810 1428 λογι-

2203 1446 2326 1512 σμοὶ
2383 1450 2473 1503 τῆς
2523 1441 2728 1513 ψυχῆς,
2786 1444 2852 1504 εἰς
2904 1447 2989 1496 τόν
3048 1445 3210 1496 αἰῶνα
3264 1452 3465 1510 τοῦτον,
3517 1450 3811 1518 συμμιγέν-

2200 1550 2280 1591 τες
2333 1530 2529 1593 ύλικοῖς
2582 1538 2670 1584 καὶ
2717 1536 2920 1603 γηῖνοις
2978 1533 3272 1606 λογισμοῖς.
3330 1534 3467 1586 Ἀλλ’
3548 1538 3724 1609 ὥσπερ
3779 1538 3807 1587 ὅ

2198 1616 2377 1692 Ἀδὰμ
2416 1620 2654 1695 παραϐὰς
2700 1622 2869 1694 ζύμην
2922 1628 3111 1685 κακίας
3156 1626 3333 1676 παθῶν
3388 1620 3675 1687 ὑπεδέξατο
3738 1625 3813 1686 εἰς

2202 1708 2401 1772 ἑαυτὸν,
2460 1714 2548 1761 καὶ
2580 1711 2740 1771 οὕτως
2789 1714 2924 1763 κατά
2981 1716 3212 1783 μετοχὴν
3249 1714 3297 1764 οἰ
3353 1711 3406 1775 ἐξ
3434 1713 3594 1765 αὐτοῦ
3624 1733 3815 1785 γεννη-

436 1812 625 1867 genus
659 1797 797 1851 Adae
846 1796 1001 1852 illius
1048 1797 1314 1853 fermenti
1359 1798 1654 1869 particeps
1686 1798 1906 1854 factum
1955 1804 2088 1865 est;

2208 1800 2387 1864 θέντες,
2432 1804 2521 1850 καὶ
2550 1805 2650 1850 πᾶν
2696 1804 2753 1851 τό
2816 1805 2956 1871 γένος
3010 1798 3206 1873 Ἀδὰμ,
3252 1802 3441 1862 ἐκείνης
3487 1810 3581 1863 τῆς
3635 1803 3815 1875 ζύμης

435 1889 715 1941 οωῑθιιυιῐι
746 1890 957 1957 postea
988 1902 1095 1957 pro
1136 1887 1363 1941 ratione
1385 1886 1732 1942 incrementi
1764 1889 1824 1942 in
1859 1894 2088 1943 tantum

435 1982 842 2053 excreverunt,
867 1981 921 2030 et
970 1975 1239 2031 adauctae
1285 1982 1424 2030 sunt
1468 1977 1526 2030 in
1560 1976 1905 2032 hominibus
1951 1977 2088 2032 affe-

2529 1892 2617 1939 καὶ
2654 1886 2832 1939 λοιπὸν
2863 1892 2999 1940 κατά
3051 1895 3319 1960 προκοπὴν
3363 1894 3448 1941 καὶ
3487 1890 3709 1952 αὔξησιν
3742 1892 3817 1951 εἰς

2202 1891 2427 1958 μετέσχε
2461 1904 2473 1917 ·

2201 1982 2449 2027 τοσοῦτον
2517 1976 2740 2038 ηὔξησεν
2799 1976 2847 2027 ἐν
2900 1985 3004 2038 τοῖς
3058 1977 3349 2051 ἀνθρώποις
3404 1982 3467 2030 τὰ
3517 1982 3658 2037 πάθη
3716 1987 3816 2041 τῆς

434 2066 661 2120 ctiones
700 2065 949 2135 peccati,
980 2071 1041 2119 ut
1087 2065 1165 2119 ad
1218 2065 1512 2120 adulteria
1546 2081 1758 2137 usque,
1790 2065 2089 2135 libidines,

436 2153 824 2219 idololatrias,
841 2154 1053 2218 caedes,
1079 2158 1132 2209 et
1156 2153 1273 2209 alia
1304 2154 1574 2210 absurda
1598 2155 1964 2220 devenerint,
1990 2156 2093 2210 do-

436 2258 547 2298 nec
568 2242 711 2298 vitio
736 2244 1090 2298 fermentata
1110 2250 1263 2297 esset
1291 2242 1656 2299 humanitas.
1694 2246 1755 2297 Et
1777 2244 1834 2299 in
1861 2250 2090 2299 tantum

436 2333 694 2387 excrevit
718 2332 775 2386 in
808 2332 1155 2387 hominibus
1204 2332 1451 2395 malum,
1482 2338 1541 2387 ut
1573 2339 1868 2403 putarent,
1899 2349 2094 2406 neque

437 2422 621 2476 Deum
650 2436 777 2475 esse
808 2444 819 2483 ;
854 2436 1059 2475 verum
1086 2420 1450 2477 inanimatos
1481 2422 1713 2493 lapides
1752 2423 2091 2489 adorarent,

435 2525 631 2581 neque
671 2510 966 2565 intellectu
1016 2510 1259 2582 quidem
1327 2514 1511 2566 Deum
1587 2512 2094 2583 comprehendere

434 2606 700 2669 possent,
744 2605 863 2654 tam
907 2599 1020 2653 alte
1068 2607 1484 2671 consperserat
1520 2600 1877 2656 fermentum
1929 2601 2096 2657 mali-

442 2687 729 2742 tiosarum
753 2687 1135 2743 aﬂ'ectionum
1175 2690 1388 2744 veteris
1420 2689 1559 2745 Adaa
1592 2691 1958 2761 progeniem.

2204 2064 2477 2136 ἁμαρτίας,
2537 2074 2671 2117 ῶστε
2729 2067 2821 2128 ἕως
2880 2077 3148 2138 πορνειῶν,
3220 2073 3309 2121 καὶ
3360 2067 3659 2139 ἀσελγειῶν,
3720 2074 3819 2121 καὶ

2206 2151 2649 2225 εἰδωλολατρειῶν,
2726 2160 2814 2207 καὶ
2891 2162 3072 2229 φόνων,
3124 2162 3213 2209 καὶ
3270 2158 3451 2232 ἐτέρων
3534 2157 3819 2230 ἀτοπημά-

2205 2264 2302 2295 των
2342 2263 2615 2317 χωρησαι,
2666 2246 2755 2306 ἕως
2798 2246 2858 2297 οὗ
2909 2245 3152 2318 ἐζυμώθη
3206 2255 3267 2319 τῇ
3320 2254 3477 2319 κακίᾳ
3532 2250 3561 2306 η
3618 2247 3824 2321 ἀνθρωο

2204 2338 2363 2393 πότης
2398 2351 2410 2363 ·
2460 2338 2548 2385 καὶ
2606 2333 2671 2394 εἰς
2725 2342 2973 2387 τοσοῦτον
3046 2336 3269 2399 ηὔξησεν
3320 2336 3367 2388 ἐν
3422 2336 3714 2409 ἀνθρώποις
3759 2342 3822 2389 1'6

2205 2426 2384 2489 κακὸν,
2458 2424 2522 2483 ὡς
2573 2424 2803 2484 νομίζειν
2875 2430 3008 2497 μήτε
3067 2422 3196 2477 εἶναι
3242 2430 3394 2491 Θεὸν,
3452 2425 3579 2478 ἀλλά
3642 2426 3818 2488 λίθοις

2206 2511 2442 2583 ἀψύχοις
2490 2521 2877 2586 προσκυνῆσαι,
2934 2524 3065 2585 μήτε
3113 2514 3207 2565 κάν
3258 2516 3352 2576 ἓως
3428 2515 3622 2578 ἐννοίας
3682 2520 3819 2569 Θεὸν

2204 2600 2480 2673 λαμϐάνειν
2544 2598 2828 2671 δύνασθαι,
2878 2603 2944 2663 εἰς
3005 2612 3253 2656 τοσοῦτον
3314 2603 3578 2674 ἐζύμωσεν
3633 2608 3659 2662 ὃ
3724 2614 3822 2666 τῆς

2206 2695 2390 2752 κακίας
2465 2699 2563 2742 τῶν
2636 2693 2813 2743 παθῶν
2882 2692 3021 2765 ζύμη
3082 2696 3139 2746 1'6
3211 2697 3358 2765 γένος
3410 2702 3503 2747 τοῦ
3582 2694 3812 2747 παλαιοῦ

2207 2778 2405 2852 Ἀδάμ.

513 2901 607 2957 ΠΙ.
666 2900 887 2956 Eodem
944 2901 1127 2957 modo
1180 2901 1401 2973 placuit
1427 2902 1680 2959 Domino
1746 2906 1804 2959 in
1834 2904 2096 2961 adventu

442 3007 552 3047 suo
588 2991 709 3062 pati
749 3007 856 3062 pro
904 2991 1214 3057 omnibus,
1257 2997 1313 3046 et
1361 2992 1651 3047 redimere
1700 3009 1802 3049 eos
1854 2996 2095 3065 pr0prio

441 3084 756 3149 sanguine,
786 3084 842 3135 et
868 3079 1221 3136 fermentum
1244 3080 1477 3137 caeleste
1499 3081 1758 3138 bonitats
1782 3082 2092 3139 infundere

2207 3085 2396 3147 αύτούς
2444 3084 2516 3155 τῷ
2571 3081 2689 3155 ἰδίῳ
2736 3086 2940 3157 αἵματι,
2974 3090 3063 3138 καὶ
3116 3087 3287 3158 ζύμην
3345 3089 3647 3161 ἐπουράνιον
3688 3086 3823 3157 ἀγα-

440 3169 719 3225 ﬁdelibus
750 3169 1064 3225 animabus
1093 3170 1440 3242 subjugum
1465 3173 1687 3244 peccati
1720 3172 1975 3228 redactis
2006 3179 2092 3229 :et

2209 3177 2424 3235 θότητος
2498 3173 2714 3226 ἐνθεῖναι
2768 3183 2883 3235 ταῖς
2956 3184 3171 3236 πισταῖς
3235 3175 3443 3247 ψυχαῖς
3487 3179 3822 3229 ταπεινωθεί-

438 3258 521 3315 ita
571 3259 947 3329 promotione
990 3276 1059 3314 ac
1102 3260 1469 3315 incremento
1513 3276 1757 3317 omnem
1800 3262 2093 3332 justitiam

438 3348 886 3413 mandatorum,
923 3364 1257 3420 omnesque
1289 3350 1526 3403 virtutes
1562 3350 1618 3403 in
1648 3352 1729 3404 eis
1771 3350 2092 3422 complere,

436 3440 628 3490 donec
653 3436 1149 3491 fermentarentur
1178 3438 1235 3491 in
1269 3453 1456 3493 unum
1498 3438 1558 3492 in
1589 3438 1772 3508 bono,
1799 3445 1855 3493 et
1890 3440 2097 3496 tierent

438 3540 569 3580 cum
604 3525 850 3579 Domino
870 3541 1023 3580 unus
1047 3525 1313 3594 Spiritus
1354 3528 1421 3593 ³⁵,
1448 3527 1619 3597 juxta
1658 3528 1882 3583 dictum
1911 3530 2090 3595 Pauli,

436 3613 518 3668 ita
571 3618 636 3667 ut
678 3612 900 3669 malitia
934 3630 1003 3669 ac
1048 3615 1330 3685 nequitia,
1372 3632 1445 3670 ne
1482 3618 1790 3687 pervenire
1824 3618 2090 3688 quidem,

435 3702 623 3773 possit
644 3702 720 3757 ad
760 3702 1195 3772 cogitationum
1228 3705 1465 3769 animas,
1487 3705 1706 3776 Spiritu
1738 3707 1941 3761 divino
1972 3707 2093 3777 pla-

436 3806 511 3844 ne
550 3807 621 3846 ac
664 3792 907 3861 penitus
960 3792 1353 3861 fermentataa,
1384 3798 1446 3848 ut
1500 3793 1721 3849 dictum
1745 3796 2093 3852 est:Clzari-

435 3884 525 3936 tas
549 3896 666 3936 non
682 3882 904 3950 cogitat
926 3883 1150 3937 malum
1179 3884 1248 3949 ³⁸,
1264 3888 1466 3954 etquae
1486 3890 1836 3955 sequuntur.
1858 3886 2095 3958 Absque

436 3972 725 4025 fermento
764 3987 903 4027 vero
935 3970 1182 4037 caelesti,
1215 3974 1379 4043 quod
1413 3979 1503 4028 est
1530 3974 1715 4028 virtus
1748 3974 1926 4029 divini
1969 3976 2097 4046 Spi-

437 4060 603 4124 ritus,
629 4060 747 4130 90
772 4059 1112 4115 fermentari
1145 4060 1406 4116 bonitate
1438 4061 1694 4127 Domini,
1721 4068 1779 4118 et
1812 4064 1887 4118 ad
1913 4064 2092 4120 vitam

434 4148 744 4218 pervenire
777 4150 1067 4212 animam,
1101 4165 1349 4221 prorsus
1388 4166 1507 4204 non
1550 4158 1764 4221 potest.
1797 4154 1955 4207 Sicut
1986 4170 2095 4209 nec

438 4250 628 4305 genus
703 4236 844 4291 Adte
912 4237 987 4291 ad
1055 4243 1280 4293 tantam
1346 4238 1570 4295 malitia
1626 4256 1693 4295 ac
1763 4242 2093 4312 nequitiam

437 4324 701 4379 converti
728 4333 974 4394 poterat,
1006 4327 1112 4380 nisi
1139 4328 1379 4382 malitia
1409 4328 1783 4393 fermentum,
1817 4330 1981 4400 quod
2009 4337 2097 4386 est

438 4417 775 4483 peccatum,
809 4418 865 4467 et
892 4413 1140 4469 facultas
1180 4417 1462 4487 quaedam
1503 4417 1688 4472 animi
1736 4420 1969 4473 Satanae
2007 4419 2092 4474 in-

2205 4427 2456 4494 πονηρίαν
2510 4422 2829 4494 ἐκτραπῆναι
2879 4420 3129 4489 ἠδύνατο,
3186 4422 3228 4475 εἰ
3281 4428 3351 4494 μὴ
3393 4426 3451 4475 τὸ
3482 4431 3572 4482 τῆς
3622 4428 3820 4483 κακίας

439 4501 751 4567 tellectiva,
786 4518 921 4557 eum
955 4502 1372 4559 subintrasset.

2204 4514 2515 4583 προζύμιον,
2550 4513 2670 4585 ὅπερ
2722 4510 2860 4563 ἐστὶν
2903 4514 2931 4570 ἠ
2984 4512 3236 4585 ἀμαρτία,
3280 4511 3589 4570 ὑπεισῆλθεν
3645 4509 3817 4582 αύτῷ,

2206 4601 2388 4672 λογική
2431 4621 2510 4662 τις
2542 4601 2675 4653 οὖσα
2714 4606 2801 4652 καὶ
2834 4603 2983 4673 νοερὰ
3027 4597 3249 4673 δύναμις
3280 4608 3372 4652 τού
3402 4607 3584 4653 Σατᾶν.

2280 2906 2352 2960 Γ’.
2410 2908 2509 2958 Τὸν
2566 2904 2722 2957 αὐτὸν
2771 2909 2959 2979 τρόπον
3013 2902 3299 2965 εὐδόκησεν
3348 2909 3373 2959 ό
3423 2914 3611 2982 Κυριος
3662 2906 3707 2958 ἐν
3737 2915 3804 2979 τῇ

2208 2992 2466 3067 ἐπιδημίᾳ
2520 2994 2680 3046 αὐτοῦ
2726 2997 2907 3047 παθεῖν
2970 2998 3097 3070 ύπερ
3143 3000 3369 3064 πάντων,
3419 3003 3509 3050 καὶ
3550 2996 3815 3071 ἀγοράσαι

2208 3283 2323 3323 σαις
2383 3265 2483 3315 ύπό
2541 3267 2631 3319 τὴν
2686 3263 2944 3337 ἁμαρτίαν
2989 3283 3001 3295 ·
3064 3270 3149 3316 καὶ
3235 3269 3369 3317 οὕτω
3437 3266 3613 3317 λοιπὸν
3680 3268 3824 3318 κατά

2203 3357 2472 3424 προκοπὴν
2528 3356 2616 3403 καὶ
2662 3352 2908 3418 αὔξησιν,
2948 3359 3123 3405 πᾶσαν
3178 3349 3519 3412 δικαιοσύνην
3579 3354 3819 3418 ἐντολῶν,

2203 3447 2293 3492 καὶ
2354 3442 2525 3502 πάσας
2596 3439 2779 3515 ἀρετὰς
2866 3442 2915 3494 ἐν
2973 3442 3148 3504 αὐτοῖς
3218 3442 3527 3508 ἐπιτελέσαι,
3608 3445 3706 3504 ἕως
3757 3445 3820 3495 οὗ

2206 3530 2518 3601 ζυμωθῶσιν
2570 3530 2636 3590 εἰς
2667 3529 2715 3581 ἓν
2770 3528 2840 3601 τῷ
2896 3529 3096 3601 ἀγαθῷ,
3156 3536 3243 3582 καὶ
3283 3535 3532 3602 γένωνται
3560 3535 3694 3603 μετά
3722 3540 3821 3583 τοῦ

2207 3624 2400 3690 Κυρίου
2478 3618 2549 3680 εἰς
2625 3620 2672 3671 ἓν
2746 3626 2956 3691 Πνεῦμα
3018 3622 3153 3672 κατὰ
3213 3624 3270 3671 τὸ
3347 3621 3519 3691 λόγιον
3581 3620 3816 3685 Παύλου,

2203 3714 2389 3770 κακίας
2464 3714 2551 3760 καὶ
2614 3714 2870 3781 πονηρίας
2932 3706 3071 3780 μηδὲ
3137 3714 3331 3781 μέχρις
3392 3709 3586 3770 ἐννοίας
3653 3708 3821 3762 ἐλθεῖν

2206 3795 2499 3869 δυναμένης
2529 3802 2577 3849 ἒν
2610 3806 2671 3869 τῇ
2726 3798 3001 3871 ζυμωμένη
3031 3798 3185 3869 ψυχῇ
3226 3798 3314 3871 ὅλῃ
3362 3798 3413 3860 ἐξ
3444 3799 3561 3850 ὅλου
3594 3799 3665 3868 τῷ
3696 3800 3820 3869 θείῳ

2206 3890 2484 3959 Πνεύματι,
2510 3889 2680 3949 καθὼς
2704 3888 3000 3958 εἴρηται,Ἡ
3034 3886 3244 3958 ἀγάπη
3281 3887 3345 3939 οὐ
3371 3887 3718 3958 λογίζεται
3746 3891 3806 3938 τὸ

2203 3980 2418 4038 κακὸν,
2470 3981 2555 4028 καὶ
2609 3978 2673 4027 τά
2732 3975 3010 4028 ἀκόλουθα.
3064 3975 3217 4030 Ἀνευ
3280 3973 3339 4029 δε
3369 3984 3460 4028 τού
3513 3976 3815 4048 προζυμίου

2203 4074 2296 4119 τοῦ
2353 4065 2679 4140 ἐπουρανίου,
2738 4068 2858 4139 ὅπερ
2916 4065 3058 4118 ἐστὶν
3109 4068 3137 4124 η
3198 4074 3289 4118 τού
3322 4069 3459 4118 θείου
3519 4068 3821 4135 Πνεύματος

2207 4152 2450 4226 δύναμις,
2498 4156 2802 4226 ζυμωθῆναι
2851 4158 2900 4207 ἓν
2945 4156 3006 4227 τῇ
3067 4160 3401 4227 χρηστότητι
3443 4159 3533 4207 τόῡ
3590 4159 3816 4228 Κυρίου,

2206 4250 2293 4296 καὶ
2340 4252 2667 4302 καταντῆσαι
2725 4243 2911 4315 ψυχήν
2950 4244 3018 4305 εἰς
3054 4245 3213 4305 ζωὴν,
3269 4240 3548 4297 ἀδύνατον.
3608 4242 3819 4316 Ὠσπερ

2206 4330 2329 4385 οὐδὲ
2376 4336 2434 4385 τό
2489 4337 2628 4404 γένος
2683 4341 2773 4385 τοῦ
2824 4330 3003 4405 ’Δδάμ
3061 4333 3130 4395 εἰς
3184 4337 3445 4391 τοσαύτην
3491 4338 3677 4385 κακίαν
3723 4332 3821 4385 καὶ

514 4716 577 4768 1V
591 4757 603 4769 .
623 4713 1035 4780 Quemadmod
1048 4731 1147 4771 um
1164 4717 1401 4782 enim,si
1416 4718 1550 4790 quis
1564 4718 1817 4775 farinam
1834 4719 2092 4791 subigat,

442 4819 551 4860 nec
596 4803 955 4861 fermentum
998 4805 1241 4878 injiciat,
1270 4816 1639 4880 quantopere
1690 4809 1959 4864 videatur
2006 4810 2097 4866 ela

440 4894 675 4950 borare.
720 4895 1007 4950 invertere
1050 4912 1119 4950 ac
1160 4898 1411 4968 operari.
1446 4897 1713 4953 fermenti
1756 4914 1968 4969 expers
2008 4904 2098 4954 est

445 4999 668 5049 massa,
701 4984 847 5055 etfad
876 5001 1043 5039 esum
1081 4986 1275 5040 minus
1301 4987 1648 5042 commoda.
1681 4988 1785 5043 Ubi
1816 4988 2097 5060 veroinji-

443 5074 1293 5143 ciaturfermentum,trahitad
1312 5091 1373 5131 se
1388 5081 1568 5131 totam
1588 5076 1790 5132 farinae
1809 5093 2095 5143 massam,

444 5162 757 5235 redditque
798 5169 981 5219 totam
1034 5164 1489 5234 fermentatam;
1522 5166 1672 5220 sicut
1708 5172 1761 5220 et
1806 5166 2096 5223 Dominus

445 5268 697 5321 regnum
728 5252 1095 5317 assimilavit,
1130 5252 1585 5311 dicens:Simile
1614 5261 1689 5311 est
1722 5272 1965 5325 regnum
1995 5272 2098 5312 cav-

450 5341 642 5396 lorum
655 5342 965 5410 fermento,
986 5342 1145 5411 quod
1166 5348 1468 5410 acceptum
1494 5345 1704 5400 mulier
1717 5345 2023 5400 abscondit
2037 5346 2097 5399 in

441 5430 659 5498 farina:
686 5435 823 5487 satis
855 5432 1061 5497 tribus,
1103 5433 1283 5489 donec
1304 5434 1770 5501 fermentaretur
1801 5444 1981 5491 totum
2015 5438 2087 5494 ’⁷.

447 5524 560 5575 Aut
593 5519 788 5587 veluti,
806 5520 851 5574 si
875 5521 1008 5592 quis
1033 5538 1238 5577 carnes
1254 5521 1491 5590 habeat,
1519 5540 1847 5598 earumque
1869 5542 2103 5581 conser—

2278 4723 2349 4776 Δ’.
2390 4723 2590 4795 Ὠσπερ
2646 4726 2747 4797 γὰρ
2794 4727 2877 4775 ἐαν
2924 4744 2999 4785 τις
3052 4724 3244 4799 ἀλευρα
3292 4726 3517 4797 φυράσῃ,
3563 4726 3634 4794 μὴ
3671 4720 3817 4797 βάλῃ

2209 4810 2267 4867 δὲ
2298 4814 2611 4886 προζύμιον,
2646 4815 2765 4865 ὅσον
2806 4812 2865 4865 ἂν
2917 4809 3046 4887 δοκῇ
3108 4813 3469 4885 ἐπιμελεῖσθαι
3507 4818 3595 4863 καὶ
3656 4831 3816 4884 μετα-

2208 4902 2428 4967 ϐάλλειν,
2490 4908 2579 4955 καὶ
2633 4903 3069 4976 κατεργάζεσθαι,
3125 4903 3325 4975 ἄζυμον
3384 4902 3497 4953 ἐστι
3538 4903 3595 4952 τὸ
3656 4904 3823 4973 φύρα-

2207 5012 2301 5063 μα,
2338 4997 2426 5043 καὶ
2487 4989 2838 5050 ἀνεπιτήδειον
2870 4993 2939 5052 εἰς
2986 4990 3187 5065 βρῶσιν
3228 5007 3241 5020 ⁸
3291 4990 3414 5043 ἐπὰν
3463 4987 3521 5041 δὲ
3572 4988 3750 5062 βληθῇ
3788 4994 3817 5049 η

2208 5081 2373 5151 ζύμη,
2416 5080 2545 5132 ἕλκει
2604 5084 2733 5155 πρὸς
2787 5082 2949 5138 αὐτὴν
2998 5080 3109 5132 ὅλον
3162 5083 3219 5132 τό
3258 5086 3351 5131 τοῦ
3406 5077 3622 5151 ἀλεύρου
3655 5082 3823 5153 φύρα-

2208 5191 2302 5242 μα,
2352 5175 2440 5221 καὶ
2498 5170 2849 5244 ἀπεργάζεται
2924 5170 3036 5221 ὅλον
3105 5169 3297 5239 ζύμην,
3349 5169 3582 5241 καθάπερ
3643 5173 3737 5220 καὶ
3798 5170 3823 5219 ὅ

2212 5262 2401 5331 Κύριος
2422 5265 2706 5331 παρείκασι
2726 5264 2816 5317 τὴν
2844 5258 3138 5331 βασιλείαν,
3168 5258 3341 5321 εἰπὼν,
3372 5257 3599 5328 Ὁμοία
3640 5256 3823 5309 ἐστὶν

2210 5350 2237 5405 ἡ
2275 5346 2583 5418 βασιλεία
2622 5356 2738 5398 τῶν
2809 5352 3094 5421 οὐρανῶν
3155 5348 3347 5419 ζύμη,
3413 5346 3482 5403 ἦν
3522 5344 3824 5398 λαϐοῦσα

2209 5440 2366 5507 γυνὴ
2409 5436 2680 5509 ἔκρυψεν
2721 5437 2805 5497 εἰς
2846 5436 3113 5510 ἀλεύρου
3171 5440 3330 5489 σάτα
3385 5440 3554 5509 τρία,
3597 5437 3712 5497 ἔως
3754 5437 3821 5487 οὗ

2216 5524 2510 5599 ἐζυμώθη
2576 5525 2739 5582 ὅλον.
2792 5525 2859 5579 *Π
2913 5530 3085 5601 ῶσπερ
3118 5529 3201 5579 ἐὰν
3318 5530 3461 5598 κρέα,
3517 5529 3606 5576 καὶ
3639 5530 3821 5578 πᾶσαν

518 5698 563 5732 ²⁴
596 5696 846 5770 Philipp.
878 5715 955 5762 ιιι,
978 5702 1065 5754 20.
1144 5700 1191 5734 ³⁵
1221 5703 1237 5755 l
1271 5702 1399 5758 Cor.
1422 5718 1495 5765 vx,
1543 5707 1625 5757 t7.

1706 5702 1800 5755 ³⁸1
1843 5702 1974 5760 Cor.
2005 5718 2118 5769 xm,
2146 5707 2199 5757 7.
2276 5704 2319 5737 ²⁷
2355 5702 2554 5760 Matth.
2595 5718 2712 5769 xui,
2748 5704 2815 5760 33
2847 5720 2862 5770 ;
2896 5705 3031 5761 Luc.
3058 5721 3173 5770 xui,
3214 5706 3303 5758 2t.
