4076 6210
276 275 392 335 665

1511 274 1842 336 HOMlLl/E.
1886 310 1954 321 —
2001 275 2174 338 HOM.
2218 280 2412 342 XXIV.

3539 302 3643 356 666

263 409 360 478 μὲν
414 405 586 459 αὐτῶν
642 404 928 478 ἐπιμέλειαν
969 407 1262 462 ποιήσηταί
1314 422 1412 470 τις,
1464 408 1534 475 μὴ
1598 401 1751 478 ἁλίσῃ
1814 402 1873 458 δὲ

1995 408 2324 465 vandarum
2343 409 2687 482 diligentem
2705 432 2911 476 curam
2930 401 3231 494 suscipiat,
3245 428 3378 480 ’non
3396 425 3638 481 condiat

263 495 422 546 ἅλατι
477 501 552 566 τῷ
600 502 700 548 τῶν
756 493 1036 552 σκωλήκων
1089 494 1414 566 ἀναιρετικῷ,
1472 498 1560 545 καὶ
1605 491 1880 557 δυσωδίας

265 583 622 656 ἀφανιστικῷ,
674 584 781 645 ὄζει
832 589 921 636 καὶ
981 587 1240 641 σέσηπται
1283 585 1348 634 τὰ
1388 585 1534 656 κρέα,
1579 587 1669 635 καὶ
1711 583 1883 655 ἁχρή-

270 693 405 745 σιμα
461 676 737 745 γεγένηται
788 680 899 733 τοῖς
951 672 1236 746 ἀνθρώποις
1277 693 1290 704 ·
1340 674 1426 723 τὸν
1487 672 1641 724 αὐτόν
1697 676 1881 745 τρόπον

267 764 468 815 ὑπόθου
515 782 608 834 μοι
661 768 835 814 πᾶσαν
883 766 976 820 τὴν
1027 760 1406 835 ἀνθρωπότητα
1445 765 1600 834 κρέας
1635 759 1764 813 εἶναι
1791 780 1881 813 και

273 852 454 924 ἄζυμα
481 869 492 880 ·
527 855 587 904 τό
622 847 682 904 δὲ
729 851 858 914 ἅλας
909 855 998 904 καὶ
1047 854 1104 903 τὸ
1152 850 1444 926 προζύμιον
1481 849 1532 913 ἐξ
1561 849 1732 924 ἐτέρου
1762 851 1884 902 αἰῶ-

276 959 356 1000 νος
395 944 494 992 νόει
537 946 634 999 τὴν
676 942 816 993 θείαν
862 942 1016 1012 φύσιν
1064 947 1156 992 τοῦ
1192 939 1342 1010 ἁγίου
1397 942 1712 1011 Πνεύματος.
1766 939 1883 990 Ἐἀν

281 1025 366 1080 οὖν
409 1033 477 1100 μὴ
520 1037 679 1102 μιγῇ,
729 1034 821 1081 καὶ
858 1027 1027 1101 βληθῇ
1081 1028 1152 1089 εἰς
1199 1033 1294 1086 τὴν
1340 1030 1743 1081 ταπεινωθεῖσαν
1792 1030 1880 1100 φύ-

285 1137 362 1170 σιν
417 1127 514 1171 τῶν
571 1118 870 1192 ἀνθρώπων,
943 1118 998 1182 ἐξ
1044 1117 1236 1170 ἐκείνου
1303 1125 1393 1170 τοῦ
1446 1118 1651 1183 αἰῶνος,
1703 1122 1792 1170 καὶ
1831 1116 1883 1178 ἐξ

283 1207 478 1270 ἐκείνης
525 1215 622 1270 τῆς
674 1205 938 1282 πατρίδος
996 1210 1024 1265 η
1077 1205 1383 1279 ἐπουράνιος
1435 1214 1526 1260 τοῦ
1587 1210 1884 1279 Πνεύματος

273 1297 439 1369 ζύμη,
496 1305 587 1350 καί
637 1300 693 1350 τὸ
743 1295 938 1368 ἀγαθόν
996 1303 1090 1358 τῆς
1149 1299 1383 1357 θεότητος
1433 1296 1579 1368 ἅγιον
1627 1295 1772 1366 ἅλας,
1824 1295 1883 1347 οὐ

266 1391 339 1457 μὴ
403 1386 702 1458 μεταλλαγῇ
758 1388 788 1444 ἡ
849 1385 1006 1457 ψυχὴ
1060 1385 1160 1438 ἀπό
1219 1393 1310 1446 τῆς
1358 1382 1628 1446 δυσωδίας
1657 1394 1751 1446 τῆς
1794 1404 1886 1436 κα-

265 1481 407 1540 κίας,
465 1473 584 1528 οὐδ’
622 1477 681 1528 οὐ
721 1480 792 1548 μὴ
848 1476 1063 1547 ζυμωθῇ
1123 1475 1224 1528 ἀπό
1277 1483 1372 1537 τῆς
1430 1473 1750 1549 βαρύτητος,
1796 1483 1886 1533 καὶ

264 1564 600 1637 ἁζυμότητος
629 1573 690 1624 τῆ
701 1585 725 1628 ς
754 1569 1029 1637 πονηρίας.

339 1689 594 1754 ΕἠὊσα
631 1691 733 1763 γὰρ
764 1690 856 1761 ἀφ,
900 1688 1085 1749 ἑαυτῆς
1131 1689 1162 1747 ἡ
1195 1687 1348 1760 ψυχὴ
1397 1685 1543 1741 δοκεῖ
1584 1695 1766 1754 ποιεῖν,
1797 1691 1887 1743 καὶ

259 1779 651 1850 ἐπιμελεῖσθαι,
715 1784 804 1831 καὶ
853 1775 1196 1842 ἐπιτηδεύειν,
1243 1786 1304 1851 τῇ
1366 1774 1479 1850 ἰδίᾳ
1525 1774 1745 1851 δυνάμει
1793 1782 1884 1849 μό-
1914 1755 1959 1810 Β

260 1888 352 1921 νον
399 1865 765 1941 ἐπερειδομένη
817 1872 908 1919 καὶ
976 1867 1182 1940 οἰομένη
1235 1863 1499 1920 δύνασθαι
1557 1868 1750 1920 τελείαν
1789 1872 1883 1925 τὴν

261 1960 610 2032 κατόρθωσιν
701 1954 774 2010 δι’
847 1957 1029 2018 ἑαυτῆς
1080 1958 1198 2009 ἄνευ
1250 1966 1343 2019 τῆς

261 2051 578 2120 Πνεύματος
673 2048 1131 2119 κατεργάσασθαι,

259 2139 598 2210 χρησιμεύει
641 2139 742 2210 γὰρ
800 2136 870 2196 εἰς
924 2140 1044 2198 τοὺς
1075 2135 1350 2209 οὐρανίους
1397 2139 1586 2198 τόπους
1614 2154 1627 2166 ·
1657 2135 1714 2188 οὐ
1744 2155 1881 2208 χρη-

262 2229 480 2291 σιμεύει
540 2232 602 2298 τῇ
661 2223 913 2298 βασιλείᾳ
969 2227 998 2283 ἠ
1053 2224 1137 2297 ἀφ’
1192 2224 1376 2285 ἑαυτῆς
1433 2231 1522 2277 καὶ
1578 2221 1652 2277 δι’
1696 2224 1880 2285 ἑαυτῆς

1432 1962 1730 2031 συνεργείας
1790 1964 1882 2009 τοῦ

1230 2046 1358 2098 πολύ
1442 2047 1718 2100 πλανᾶται.
1804 2046 1880 2098 Οὐ

259 2321 446 2388 μόνον,
505 2315 626 2366 ἄνευ
681 2321 774 2367 τοῦ
829 2316 1148 2387 Πνεύματος,
1205 2313 1410 2386 οἰομένη
1471 2318 1532 2372 τὴ
1570 2313 1761 2366 τελείαν
1791 2334 1881 2366 κα-

264 2408 542 2480 θαρότητα
596 2406 953 2478 κατορθῶσαι.
1016 2403 1134 2455 Ἐἀν
1188 2406 1289 2478 γὰρ
1338 2407 1440 2475 μὴν
1494 2403 1754 2477 προσέλθῃ
1810 2412 1880 2475 τῷ

260 2503 383 2566 Θεῷ
445 2497 470 2546 ό
525 2496 626 2546 ὑπὸ
673 2503 772 2546 τῶν
824 2495 1002 2546 παθῶν
1053 2491 1404 2568 ἐνεργούμενος
1460 2494 1746 2566 ἄνθρωπος,
1792 2492 1881 2566 ἀρ-

266 2586 570 2656 νησάμενος
624 2588 710 2635 τὸν
759 2588 977 2653 κόσμον,
1027 2587 1117 2634 καὶ
1173 2585 1432 2654 πιστεύσῃ
1488 2582 1535 2635 ἓν
1589 2581 1762 2635 ἐλπίδι
1791 2587 1880 2634 καὶ

265 2676 510 2745 ὑπομονῇ
547 2669 803 2735 δέξασθαι
853 2671 988 2734 ξένον
1017 2691 1068 2724 τι
1099 2680 1195 2733 τῆς
1241 2668 1383 2733 ἰδίας
1413 2674 1612 2744 φύσεως
1661 2670 1876 2743 ἀγαθὸν,

271 2765 399 2834 ὅπερ
477 2762 623 2814 ἔστὶν
666 2765 696 2821 ἠ
759 2759 981 2834 δύναμις
1051 2769 1143 2814 τοῦ
1203 2761 1357 2833 ἁγίου
1418 2764 1732 2833 Πνεύματος,
1791 2765 1881 2814 καὶ

272 2851 502 2924 ἓνστάξῃ
535 2859 597 2924 τῇ
640 2851 796 2924 ψυχῇ
831 2852 1020 2904 ἄνωθεν
1050 2852 1075 2902 ό
1108 2853 1298 2926 Κύριος
1347 2854 1485 2914 ζωὴν
1518 2853 1779 2914 θεότητος,
1820 2854 1878 2902 οὐ

283 2947 347 3013 μὴ
389 2943 650 2999 αἴσθηται
702 2944 841 3004 ζωῆς
871 2940 1119 3002 ἀληθινῆς
1161 2941 1186 2992 ό
1239 2948 1492 3011 τοιοῦτος,
1544 2936 1658 2992 οὐδ’
1703 2939 1761 2991 οὐ
1805 2943 1876 3012 μὴ

285 3029 519 3103 ἀνανὴψη
578 3032 634 3082 ἐκ
683 3037 778 3091 τῆς
843 3031 1004 3102 μέθης
1068 3037 1166 3089 τῆτ
1222 3028 1370 3096 ὕλης,
1431 3029 1488 3081 οὗ
1541 3034 1612 3102 μὴ
1671 3028 1875 3102 αὐγάση

291 3124 554 3192 Ῠωτισμός
601 3127 690 3172 τοῦ
740 3121 1035 3191 Πνεύματος
1087 3118 1136 3170 ἐν
1190 3126 1252 3191 τῇ
1303 3117 1643 3191 ἐσκοτωμένη
1697 3117 1875 3190 ψυχῇ,

276 3214 359 3261 καὶ
406 3208 594 3281 λάμψει
639 3207 687 3260 ἑν
730 3209 861 3281 αὐτῇ
913 3210 1110 3284 ἡμέραν
1150 3208 1323 3279 ἁγίαν,
1359 3209 1447 3260 καὶ
1496 3209 1551 3260 ἐκ
1591 3215 1682 3261 τοῦ
1715 3206 1880 3279 βαθυ-

277 3301 438 3350 τάτου
495 3297 660 3349 ὕπνου
715 3304 810 3358 τῆς
854 3296 1062 3370 ἀγνοίας
1113 3297 1422 3370 ἑξυπνισθῇ,
1475 3303 1562 3350 καὶ
1613 3298 1774 3359 οὕτως
1830 3296 1883 3360 ἐξ

272 3386 527 3448 ἀληθείας
576 3385 768 3458 ἐπιγνῳ
816 3391 936 3440 Θεὸν
970 3383 1062 3439 διὰ
1113 3384 1383 3460 δυνάμεως
1432 3395 1587 3454 Θεοῦ,
1628 3392 1720 3440 καὶ
1748 3385 1879 3460 ἐνερ-

268 3481 423 3548 γείας
453 3478 699 3551 χάριτος.

362 3593 465 3667 ς’.
515 3591 637 3647 Ἐἀν
695 3594 797 3666 γὰρ
847 3597 918 3665 μὴ
973 3592 1138 3655 οὕτως
1190 3593 1485 3667 καταξιωθῇ
1542 3595 1568 3646 ό
1615 3595 1882 3667 ἄνθρωπος

274 3689 369 3745 διὰ
401 3699 500 3753 τῆς
546 3695 772 3751 πίστεως
815 3699 906 3743 τοῦ
934 3688 1105 3742 λαϐεῖν
1155 3693 1339 3762 χάριν,
1388 3697 1477 3743 καὶ
1526 3689 1881 3752 ἀνεπιτήδειος

273 3787 362 3833 καὶ
394 3779 661 3840 ἀνεύθετός
692 3778 804 3831 ἐστι
833 3787 895 3852 τῇ
950 3776 1194 3852 βασιλείᾳ
1223 3796 1236 3810 ·
1268 3784 1356 3832 καὶ
1407 3780 1560 3833 πάλιν
1606 3777 1882 3850 δεξάμενος

271 3879 368 3929 τήν
427 3872 594 3943 χάριν
640 3877 731 3920 τοῦ
779 3872 1074 3941 Πνεύματος
1132 3868 1180 3920 ἐν
1233 3865 1422 3940 μηδενὶ
1487 3874 1882 3940 παρατρεπόμε-

269 3981 380 4024 νος,
443 3963 534 4010 καὶ
579 3963 674 4016 τὴν
716 3960 879 4032 χάριν
923 3962 994 4030 μὴ
1050 3956 1330 4030 ἐνυϐρίζων
1381 3953 1452 4009 δι’
1509 3957 1748 4030 ἀμελείας
1793 3963 1882 4010 καὶ

270 4051 661 4122 κακοπραγίας,
727 4053 816 4099 καὶ
884 4047 1039 4108 οὕτως
1092 4047 1178 4099 ἐπὶ
1231 4052 1442 4119 χρόνοις
1499 4045 1882 4120 ἀγωνισάμενος

272 4145 347 4211 μὴ
399 4138 616 4208 λυπήσῃ
669 4141 725 4188 τό
759 4144 985 4210 Πνεῦμα,
1043 4133 1330 4194 δυνήσεται
1366 4144 1463 4198 τῆς
1493 4136 1702 4188 αἰωνίου
1747 4138 1882 4198 ζωῆς

275 4229 572 4300 ἐπιτυχεῖν.
629 4232 828 4300 Ὠσπερ
895 4228 994 4299 γάρ
1072 4246 1148 4287 τις
1222 4226 1527 4279 αἰσθάνεται
1595 4235 1694 4278 τῶν
1746 4229 1880 4303 ἆνερ-

273 4325 432 4388 γειών
492 4324 582 4375 τῆς
634 4321 823 4375 κακίας
879 4317 933 4367 ἐκ
989 4323 1084 4366 τῶν
1134 4316 1333 4382 παθῶν,
1391 4315 1522 4387 λέγω
1569 4316 1752 4388 θυμοῦ,
1794 4321 1883 4368 καὶ

278 4407 579 4477 ἐπιθυμίας,
653 4409 742 4456 καὶ
818 4405 1028 4475 φθόνου,
1084 4409 1173 4456 καὶ
1231 4403 1449 4478 βάρους,
1507 4410 1598 4456 καὶ
1650 4415 1883 4479 πονηρῶν

271 4494 568 4566 λογισμῶν,
623 4497 712 4544 καὶ
759 4500 856 4544 τῶν
903 4492 1092 4545 λοιπῶν
1145 4491 1492 4565 ἀτοπημὰτων
1527 4513 1538 4527 ·

277 4584 569 4636 σθάνεσθαι
608 4581 796 4652 ὀφείλει
835 4589 924 4642 τῆς
960 4585 1179 4656 χάριτος
1208 4587 1296 4634 καὶ
1334 4579 1601 4655 δυνάμεως
1632 4590 1723 4635 τοῦ
1751 4591 1882 4637 Θεοῦ

275 4677 325 4724 ἓν
375 4678 493 4732 ταῖς
537 4670 762 4743 ἀρεταῖς,
815 4669 989 4744 ἀγάπῃ
1043 4671 1194 4742 λέγω,
1246 4677 1333 4724 καὶ
1386 4677 1740 4747 χρηστότητι,
1794 4677 1883 4724 καὶ

277 4766 448 4835 χαρᾷ,
503 4764 596 4811 καὶ
674 4759 1004 4832 ίλαφρότητι,
1081 4764 1172 4812 καὶ
1247 4758 1551 4831 ἀγαλλιάσει
1625 4763 1756 4832 θείᾳ,
1804 4760 1884 4812 ἵνα

276 4849 657 4922 ἐξομοιωθῆναι
721 4845 948 4921 δυνηθῇ,
1003 4854 1094 4900 καὶ
1153 4851 1580 4923 συγκερασθῆναι
1637 4857 1699 4922 τῇ
1755 4847 1882 4921 ἀγα-

283 4941 343 5011 θῇ
398 4945 488 4992 καὶ
541 4939 654 5010 θείᾳ
711 4941 884 5010 φύσει,
942 4943 1029 4990 καὶ
1088 4945 1148 5010 τῇ
1203 4945 1418 5011 χρηστῇ
1469 4943 1558 4990 καὶ
1615 4938 1743 5010 ἁγίᾳ
1789 4946 1884 5000 τῆς

278 5031 504 5102 χάριτος
558 5026 785 5103 ἐνεργείᾳ
817 5045 829 5057 ·
877 5030 1011 5080 κατά
1061 5032 1329 5099 προκοπὴν
1395 5023 1454 5081 δὲ
1515 5031 1604 5079 καὶ
1661 5027 1882 5090 αὔξησιν

282 5113 674 5190 δοκιμαζομένη
727 5122 942 5189 χρόνοις
997 5121 1087 5169 καὶ
1133 5123 1333 5191 καιροῖς
1388 5119 1418 5175 ἡ
1471 5120 1790 5189 προαίρεσις,
1841 5113 1884 5168 εἰ

282 5215 585 5259 συνενοῠται
628 5207 845 5258 πάντοτε
892 5214 952 5278 τῇ
1004 5207 1210 5278 χάριτι,
1273 5210 1363 5258 καὶ
1419 5205 1691 5279 εὐάρεστος
1744 5207 1881 5278 εὐρίι

283 5314 481 5361 σκεται,
533 5300 733 5366 γίνεται
780 5295 869 5352 ὅλη
910 5294 962 5357 ἑξ
992 5295 1110 5347 ὅλου
1161 5297 1296 5348 κατὰ
1337 5299 1608 5370 προκοπὴν
1638 5293 1686 5346 ἐν
1728 5297 1878 5346 Πνεύ-

282 5405 427 5456 ματι,
480 5390 572 5437 καὶ
630 5385 764 5436 οὕτω
809 5383 985 5437 λοιπόν
1054 5389 1182 5456 αγία
1235 5389 1324 5437 καί
1377 5385 1585 5459 καθαρά
1644 5380 1737 5436 διὰ
1791 5390 1883 5435 τοῦ

283 5477 573 5546 Πνεύματος
631 5473 1023 5548 ίξεργασθεῖσα,
1079 5482 1172 5536 τῆς
1239 5472 1511 5547 βασιλείας
1575 5473 1694 5537 ἀξία
1757 5475 1881 5526 καθ-

287 5567 518 5618 ίσταται.
576 5563 711 5626 Δόξα
765 5568 854 5616 καὶ
900 5566 1264 5638 προσκύνησις
1312 5572 1385 5636 τῷ
1441 5562 1688 5640 ἀχράντῳ
1717 5568 1884 5638 Πατρὶ

285 5657 373 5705 καὶ
415 5655 542 5726 riga,
575 5657 667 5705 καὶ
859 5656 1140 5728 Πνώματι,
1173 5654 1242 5717 είς
1286 5657 1407 5718 τοὺς
1439 5653 1646 5720 αἰῶνας.
1680 5652 1874 5728 Ἀμήν.

1993 502 2188 553 autem
2222 499 2366 565 sale,
2401 502 2504 572 qui
2536 504 2587 558 vi
2613 520 2843 564 vermes
2877 511 3279 578 interimendi,
3312 519 3368 568 et
3394 528 3639 582 graveo-

1991 585 2234 643 lentiam
2262 589 2545 647 abolendi
2576 594 2747 666 valet,
2783 597 2894 654 illa
2918 615 3128 657 carnes
3150 603 3411 674 graviter
3459 602 3637 670 olent,

1992 689 2061 729 ac
2089 676 2430 746 putreﬁunt,
2463 687 2642 752 atque
2673 683 2910 742 inutiles
2940 688 3290 746 hominibus
3317 691 3502 748 ﬁunt:
3536 707 3638 748 eo-

1991 760 2129 818 dem
2174 766 2378 832 modo,
2433 773 2658 826 statuas
2709 774 2850 830 mihi
2899 792 3142 834 omnem
3202 780 3641 837 humanitatem

1993 868 2233 908 carnem
2261 871 2410 925 esse,
2439 863 2542 914 aut
2576 876 2843 919 massam
2891 865 3162 923 fermenti
3187 874 3489 940 expertem
3516 887 3530 937 ;
3555 871 3640 926 sal

1993 947 2193 997 autem
2209 958 2278 998 ac
2294 944 2648 1005 fermentum
2663 965 2734 1006 ex
2752 951 2936 1009 altero
2952 956 3170 1012 saeculo
3185 957 3477 1028 intelligas
3491 975 3640 1028 esse,

1992 1031 2260 1088 divinam
2289 1034 2512 1092 scilicet
2537 1045 2812 1095 naturam
2838 1042 3089 1114 Spiritus
3115 1048 3324 1101 sancti.
3348 1047 3469 1101 Nisi
3500 1063 3642 1118 ergo

1994 1121 2343 1191 permistum
2376 1130 2431 1180 et
2462 1125 2795 1184 immissum
2832 1129 3006 1187 fuerit
3035 1136 3096 1188 in
3136 1134 3513 1191 humiliatam
3541 1152 3645 1192 na-

1995 1216 2189 1266 turam
2246 1211 2561 1270 hominum
2608 1233 2678 1272 ex
2711 1218 2811 1274 illo
2841 1223 3082 1287 saculo,
3115 1227 3170 1278 et
3204 1239 3276 1279 ex
3306 1224 3405 1280 illa
3430 1227 3641 1296 patria,

1995 1298 2228 1354 caleste
2251 1299 2503 1373 Spiritus
2519 1304 2898 1374 fermentum,
2916 1317 3312 1384 sanctumque
3331 1330 3400 1368 ac
3413 1313 3644 1370 bonum

1995 1388 2318 1445 divinitatis
2370 1392 2478 1460 sal,
2532 1409 2651 1450 non
2704 1404 2882 1453 exuet
2932 1403 3137 1456 anima
3167 1403 3640 1470 graveolentiam

1996 1477 2255 1548 malitia,
2288 1496 2396 1535 nec
2425 1482 2897 1554 fermentabitur,
2933 1489 3012 1544 ita
3057 1497 3121 1545 ut
3149 1491 3414 1562 deponat
3444 1494 3648 1562 gravi-

1996 1569 2196 1631 tatem,
2227 1574 2284 1623 et
2310 1586 2499 1626 vacua
2521 1573 2594 1628 sit
2623 1591 2660 1630 a
2690 1575 2981 1634 fermento
3009 1579 3265 1636 malitia.

2066 1694 2129 1747 V.
2161 1694 2542 1767 Quaecunque
2565 1698 2724 1755 enim
2745 1701 2978 1758 videtur
2998 1705 3202 1760 anima
3227 1721 3334 1778 per
3364 1721 3425 1762 se
3446 1722 3644 1779 agere,

1995 1780 2303 1838 elaborare
2333 1789 2511 1856 atque
2545 1789 2846 1857 perﬁcere,
2880 1792 3024 1846 solis
3057 1794 3284 1849 viribus
3325 1796 3447 1850 suis
3474 1795 3645 1866 freta,

1993 1878 2050 1926 et
2079 1872 2428 1928 existimans
2461 1890 2522 1930 se
2562 1892 2735 1947 posse
2767 1879 3093 1950 perfectum
3150 1899 3304 1953 opus
3333 1900 3368 1938 a
3399 1899 3460 1938 se
3488 1885 3642 1956 ipsa,

1993 1960 2226 2033 absque
2245 1962 2464 2018 auxilio
2485 1965 2732 2036 Spiritus
2755 1983 3059 2039 peragere,
3081 1976 3202 2026 toto
3217 1972 3366 2028 calo
3383 1973 3643 2029 aberrat.

1991 2052 2119 2106 Non
2141 2050 2298 2105 enim
2328 2052 2546 2109 idonea
2567 2063 2654 2109 est
2674 2056 2751 2111 ad
2780 2056 2944 2113 locos
2971 2059 3259 2125 calestes,
3295 2077 3403 2117 nec
3425 2061 3647 2120 idonea

1992 2139 2557 2214 adregnum.quaa
2607 2146 3030 2219 seipsa,etper
3073 2165 3136 2204 se
3178 2149 3645 2223 solam,absque

1994 2230 2212 2300 Spiritu
2243 2238 2468 2298 sancto,
2498 2234 2791 2290 existimat
2819 2241 3144 2308 perfectam
3174 2241 3492 2310 puritatem
3523 2240 3645 2296 eﬂi-

1991 2334 2143 2373 cere.
2177 2319 2298 2374 Nisi
2329 2320 2488 2376 enim
2530 2322 2608 2377 ad
2666 2327 2845 2380 Deum
2879 2327 3214 2392 accesserit,
3246 2332 3350 2400 qui
3380 2329 3647 2386 affectio-

1990 2407 2169 2463 nibus
2189 2407 2469 2481 aﬂligitur
2497 2410 2704 2481 homo,
2733 2419 2789 2470 et
2813 2416 3106 2471 mundum
3135 2416 3540 2489 abnegaverit,
3573 2436 3644 2476 ac

1988 2496 2048 2552 in
2073 2514 2179 2569 spe
2202 2514 2271 2553 ac
2288 2501 2575 2570 patientia
2595 2502 2931 2571 crediderit,
2947 2522 3008 2561 se
3023 2513 3440 2579 suscepturum
3453 2509 3643 2580 quod-

1990 2588 2130 2642 dam
2167 2587 2396 2644 bonum
2422 2591 2590 2645 aliud
2640 2608 2676 2646 a
2724 2609 2834 2648 sua
2877 2601 3114 2662 natura,
3147 2596 3313 2668 quod
3340 2603 3430 2652 est
3457 2599 3641 2654 virtus

1993 2677 2183 2731 sancti
2210 2677 2460 2748 Spiritus
2487 2698 2500 2747 ;
2529 2695 2599 2734 ac
2620 2681 2878 2754 desuper
2905 2683 3273 2740 instillaverit
3292 2686 3510 2742 anima
3537 2687 3645 2742 Do-

1993 2765 2190 2821 minus
2220 2767 2403 2823 vitam
2425 2767 2719 2835 divinam,
2739 2770 2788 2825 is
2809 2787 3196 2844 nequaquam
3224 2790 3429 2830 veram
3459 2777 3643 2832 vitam

1989 2854 2293 2927 percipiet,
2354 2871 2549 2928 neque
2601 2859 2907 2930 resipiscat
2941 2862 3020 2916 ab
3049 2861 3331 2918 ebrietate
3353 2865 3641 2933 materia,

1989 2958 2099 2998 nec
2131 2944 2380 3014 fulgebit
2429 2947 2714 3017 splendor
2774 2950 3029 3020 Spiritus
3067 2951 3126 3005 in
3155 2952 3361 3008 anima
3403 2953 3644 3010 obtene-

1991 3033 2182 3099 brata,
2207 3040 2309 3090 aut
2351 3035 2712 3093 illuminabit
2739 3039 2799 3093 in
2852 3056 2924 3095 ea
2954 3046 3223 3096 sanctam
3253 3043 3438 3108 diem,
3467 3059 3576 3098 nec
3607 3061 3643 3101 a

1922 3115 1962 3171 C
1993 3137 2210 3178 somno
2268 3124 2740 3194 profundissimo
2771 3127 3120 3201 ignorantia
3169 3131 3542 3198 excitabitur,
3581 3139 3643 3188 ut

1990 3211 2106 3267 hoc
2139 3212 2319 3268 modo
2345 3229 2553 3271 revera
2600 3219 2786 3272 Deum
2835 3225 3160 3288 cognoscat
3203 3235 3308 3291 per
3363 3221 3642 3277 virtutem

1995 3301 2093 3356 Dei
2118 3307 2175 3356 et
2200 3300 2531 3359 efﬁcaciam
2562 3306 2786 3375 gratia.

2064 3606 2149 3661 Vl.
2165 3606 2286 3662 Nisi
2304 3607 2465 3663 enim
2485 3608 2567 3664 sic
2593 3610 2811 3680 dignus
2825 3610 3121 3669 habeatur
3141 3613 3324 3672 homo
3338 3633 3444 3688 per
3459 3616 3643 3674 ﬁdem

1992 3695 2247 3763 gratiam
2267 3699 2576 3770 consequi,
2598 3699 2817 3755 inutilis
2833 3706 2940 3766 est,
2965 3718 3076 3758 nec
3098 3709 3276 3775 aptus
3297 3705 3373 3760 ad
3390 3721 3642 3775 regnum

1990 3783 2112 3837 Dei.
2171 3783 2432 3840 Rursum
2483 3803 2644 3854 vero,
2697 3789 2798 3860 qui
2843 3797 3197 3846 consecutus
3253 3799 3340 3848 est
3387 3797 3644 3865 gratiam

1992 3870 2264 3942 Spiritus,
2286 3889 2394 3928 nec
2412 3874 2532 3930 ulla
2551 3881 2719 3946 parte
2743 3893 2989 3932 aversus
3009 3881 3262 3949 gratiam
3281 3884 3641 3939 contumelia

1992 3959 2175 4015 afﬁcit
2206 3978 2310 4032 per
2341 3962 2764 4033 negligentiam
2819 3974 2920 4021 aut
2966 3968 3246 4024 delictum
3273 3987 3286 4025 :
3335 3975 3392 4026 et
3423 3972 3507 4026 sic
3537 3971 3641 4043 qui

1992 4049 2206 4120 quovis
2230 4057 2494 4121 tempore
2515 4052 2815 4108 dimicans
2837 4071 2952 4110 non
2989 4059 3304 4115 contristat
3332 4059 3638 4131 Spiritum,

1991 4137 2211 4208 poterit
2234 4145 2467 4194 aterna
2480 4141 2613 4196 vita
2628 4143 2925 4215 particeps
2945 4143 3089 4200 ﬁeri.
3115 4147 3638 4211 Quemadmodum

1993 4226 2152 4281 enim
2183 4227 2318 4298 quis
2343 4229 2520 4285 sentit
2553 4232 2932 4303 operationes
2958 4234 3198 4291 malitia
3230 4253 3302 4292 ex
3332 4238 3475 4309 ipsis
3507 4237 3645 4295 aﬁ'e-

1993 4315 2310 4382 ctionibus,
2362 4317 2466 4383 ita,
2517 4319 2791 4390 inquam,
2838 4324 3343 4395 concupiscentia,
3393 4328 3640 4396 invidia,

1993 4409 2230 4476 torpore
2255 4422 2325 4460 ac
2357 4407 2557 4478 pravis
2582 4409 3065 4478 cogitationibus,
3088 4419 3150 4469 et
3175 4415 3416 4488 reliquis
3437 4417 3647 4472 absur-

1591 4494 1755 4557 οὕτως
1807 4495 1881 4546 αἰ-

1995 4492 2277 4548 ditatibus
2312 4511 2323 4549 ε
2381 4495 2463 4551 sic
2520 4499 2736 4553 sentire
2794 4514 3034 4572 quoque
3078 4501 3254 4559 debet
3298 4479 3556 4574 gratiam
3585 4510 3642 4561 et

1991 4583 2266 4638 virtutem
2323 4584 2423 4639 Dei
2472 4586 2533 4641 in
2577 4586 2911 4654 virtutibus,
2969 4590 3304 4660 dilectione,
3362 4594 3633 4666 inquam,

1990 4669 2376 4740 benignitate,
2421 4673 2705 4741 bonitate,
2753 4678 2996 4747 gaudio,
3047 4681 3420 4753 simplicitate
3451 4689 3508 4738 et
3550 4700 3647 4738 ex-

1992 4759 2307 4816 sultatione
2337 4762 2560 4829 divina,
2619 4770 2680 4820 ut
2719 4767 3045 4823 assimilari
3098 4771 3282 4840 possit
3330 4788 3399 4828 ac
3428 4773 3646 4843 permi-

1993 4850 2144 4904 sceri
2175 4865 2315 4906 cum
2371 4850 2535 4908 bona
2567 4869 2637 4908 ac
2690 4854 2892 4911 divina
2945 4861 3179 4924 natura,
3210 4875 3348 4916 cum
3376 4861 3642 4932 benigna

1991 4953 2061 4993 ac
2074 4946 2281 4995 sancta
2301 4941 2506 5009 gratia
2519 4941 2800 5000 efﬁcacia.
2821 4944 3068 5002 Intentio
3083 4963 3222 5003 vero
3238 4950 3504 5020 profectu
3521 4951 3578 5022 9
3591 4952 3634 5021 ι

1993 5043 2062 5082 ac
2092 5028 2459 5085 incremento
2513 5031 2766 5102 probata
2813 5036 3097 5106 temporis
3130 5053 3425 5101 successu,
3457 5046 3512 5093 et
3536 5055 3646 5111 op-

1992 5117 2370 5187 portunitate,
2396 5119 2444 5174 si
2464 5121 2665 5189 gratia
2689 5137 2925 5194 semper
2949 5124 3114 5180 unita
3134 5131 3186 5180 et
3209 5134 3378 5196 grata
3401 5128 3644 5186 inventa

1991 5205 2184 5273 fuerit;
2217 5213 2336 5262 tota
2367 5223 2609 5278 prorsus
2637 5216 3050 5282 promovendo
3081 5213 3148 5268 ﬁt
3190 5217 3548 5286 spirituales,
3573 5235 3644 5274 ac

1992 5295 2297 5367 deinceps,
2313 5303 2518 5353 sancta
2530 5302 2586 5352 et
2609 5315 2758 5370 pura
2783 5315 2885 5371 per
2908 5301 3190 5373 Spiritum
3212 5303 3436 5372 etfecta.
3456 5323 3640 5377 regno

1991 5385 2179 5454 digna
2207 5384 2478 5441 efﬁcitur.
2536 5386 2728 5444 Gloria
2757 5394 2814 5444 et
2859 5390 3128 5448 adoratio
3170 5394 3640 5455 incontaminato

1996 5473 2173 5542 Patri,
2238 5479 2295 5531 et
2362 5475 2523 5542 Filio,
2585 5483 2640 5534 et
2703 5478 2946 5551 Spiritui
3008 5490 3236 5551 sancto,
3295 5486 3355 5541 in
3400 5488 3642 5548 sacula.

1995 5568 2203 5620 Amen.
