4076 6210
551 260 653 314 667

1139 381 1432 439 HOMILIA
1470 380 1639 438 XXV.

547 476 727 530 Docet
742 474 858 530 haec
885 474 1159 536 homilia,
1177 473 1415 528 nullum
1432 470 1747 535 hominem,
1762 469 1879 525 nisi
1901 485 1937 525 a
1965 468 2205 524 Christo

620 547 1089 609 corroboratum,
1112 544 1403 599 scandala
1426 542 1769 614 nequissimi
1782 555 2067 610 superare
2078 554 2206 606 pos-

618 633 677 673 se
699 635 716 671 :
747 625 798 673 et
830 618 973 687 quid
1001 617 1092 681 iis,
1149 617 1253 686 qui
1282 613 1552 670 divinam
1611 613 1874 687 gloriam
1894 616 2203 687 appetunt,

617 683 935 757 agendum.
972 683 1425 757 Docet'quoque,
1458 702 1568 757 nos
1615 683 1723 754 per
1750 683 2205 740 inobedientiam

616 756 756 815 Adae
771 762 851 815 ad
872 756 1209 815 servitutem
1226 758 1430 813 carnis
1454 756 1723 813 redactos
1742 771 1882 821 esse,
1910 770 2079 826 aqua
2100 768 2208 821 per

615 834 960 901 mysterium
977 830 1172 909 crucis
1189 830 1535 885 liberamur.
1551 828 1798 909 [nstruit
1812 828 2204 909 deniquenos,

612 897 894 973 magnam
918 917 1037 959 esse
1069 903 1500 971 lacrymarum,
1531 907 1582 955 et
1600 899 1758 969 ignis
1782 897 1975 955 divini
2002 897 2202 966 efﬁca-

618 991 795 1031 Clam.

609 1210 649 1261 Ι.
681 1207 909 1273 Quibus
935 1207 1087 1261 inest
1143 1203 1353 1259 divina
1388 1203 1501 1268 lex,
1544 1218 1664 1259 non
1721 1204 2074 1264 atramento,
2104 1194 2208 1254 aut

541 1299 745 1354 litteris
780 1297 1021 1367 scripta,
1079 1295 1182 1349 sed
1239 1294 1295 1348 in
1331 1292 1621 1347 cordibus
1654 1290 1886 1347 carneis
1914 1289 2202 1361 plantata,

540 1387 600 1442 hi
626 1385 816 1441 oculis
845 1383 1181 1439 intellectus
1230 1382 1570 1447 illuminati,
1621 1386 2027 1451 perpetuoque
2057 1377 2203 1433 desi-

542 1477 706 1531 derio
738 1475 891 1545 capti
924 1488 1045 1528 non
1103 1470 1403 1527 sensibilis
1453 1475 1555 1525 aut
1613 1467 1855 1524 visibilis
1907 1467 2055 1539 spei,
2098 1465 2201 1522 sed

540 1564 854 1620 invisibilis
900 1569 957 1617 et
1008 1559 1449 1625 intellectualis,
1522 1572 1801 1630 superare
1848 1556 2198 1629 nequissimi

541 1652 828 1708 scandala
862 1657 1136 1723 possunt,
1170 1665 1275 1721 per
1320 1648 1607 1703 invictam
1661 1653 1860 1702 tamen
1898 1647 2194 1709 virtutem,

542 1743 650 1807 Qui
684 1758 823 1796 vero
847 1740 1025 1795 verbo
1047 1740 1145 1793 Dei
1168 1738 1361 1793 ornati
1386 1752 1509 1791 non
1527 1741 1682 1805 sunt,
1717 1752 1824 1790 nec
1842 1734 2048 1790 divina
2068 1735 2196 1804 lege

540 1832 814 1895 instituti,
835 1829 1026 1884 frusta
1047 1828 1251 1890 inﬂati,
1275 1827 1614 1881 existimant
1639 1841 1709 1880 ex
1736 1824 1975 1896 proprio
2005 1823 2194 1879 libero

539 1921 785 1976 arbitrio
810 1936 873 1973 se
899 1917 1230 1973 abolituros
1252 1915 1601 1971 occasiones
1623 1914 1871 1985 peccati,
1893 1913 2059 1985 quod
2089 1928 2193 1984 per

539 2009 737 2063 solum
771 2007 962 2062 crucis
1028 2004 1379 2076 mysterium
1423 2004 1875 2059 condemnatur.
1908 2001 2010 2057 llla
2032 2002 2190 2056 enim

538 2096 728 2153 libera
756 2095 1215 2166 voluntas.quaa
1236 2094 1291 2147 in
1308 2092 1569 2147 hominis
1589 2091 1867 2147 facultate
1888 2096 1993 2155 est,
2024 2091 2186 2160 ineo,

541 2191 605 2242 ut
634 2184 877 2241 diabolo
914 2184 1198 2239 nimirum
1230 2184 1397 2237 reniti
1431 2182 1634 2253 possit,
1660 2182 1769 2235 sita
1799 2187 1904 2244 est,
1939 2195 2059 2234 non
2089 2196 2192 2235 au-

537 2280 675 2340 tem.
707 2282 769 2329 ut
786 2273 977 2345 possit
1006 2274 1256 2327 omnino
1280 2272 1597 2341 imperium
1626 2275 1822 2325 tenere
1844 2270 1903 2323 in
1920 2268 2187 2324 affectus.

532 2365 670 2420 Nisi
699 2364 853 2419 enim
880 2363 1169 2417 Dominus
1189 2360 1586 2427 wdiﬁcaverit,
1616 2360 1825 2430 inquit,
1851 2358 2110 2427 domum,
2136 2363 2189 2413 et

535 2452 880 2509 custodierit
908 2451 1222 2513 civitatem,
1238 2452 1441 2519 frusta
1464 2448 1692 2517 vigilat,
1717 2450 1820 2519 qui
1841 2447 2115 2512 custodit,
2138 2454 2189 2503 et

533 2545 771 2612 frustra
803 2542 1060 2606 laborat,
1093 2540 1196 2611 qui
1223 2539 1469 2607 wdiﬁcat
1496 2540 1562 2590 ³⁸.

604 2827 671 2881 ll.
708 2824 1082 2897 lmpossibile
1136 2828 1223 2879 est
1277 2822 1437 2879 enim
1487 2838 1622 2877 eum
1681 2820 1954 2877 incedere
2007 2835 2187 2892 super

533 2915 807 2987 aspidem
840 2922 895 2970 et
923 2913 1299 2977 basiliscum,
1328 2920 1385 2967 et
1436 2910 1788 2967 conculcare
1827 2910 2081 2975 leonem,
2117 2926 2186 2965 ac

533 3004 881 3073 draconem,
908 3004 1010 3075 qui
1036 3002 1227 3075 prius,
1253 3006 1550 3074 quantum
1584 3000 1641 3056 in
1674 2999 1895 3055 viribus
1925 2999 2186 3055 hominis

534 3100 644 3158 est,
681 3109 744 3149 se
770 3108 890 3149 non
915 3092 1277 3163 expurgarit,
1325 3106 1435 3145 nec
1465 3092 1883 3146 corroboratus
1910 3088 2081 3144 fuerit
2107 3090 2185 3144 ab

533 3199 624 3249 eo,
649 3183 753 3254 qui
774 3183 911 3237 dicit
925 3180 1209 3253 apostolis
1234 3196 1246 3234 :
1271 3180 1424 3236 Ecce
1439 3180 1514 3235 do
1529 3179 1687 3235 vobis
1707 3184 2051 3248 potestatem
2066 3179 2183 3235 cal-

535 3274 716 3329 condi
728 3287 910 3343 super
927 3275 1303 3337 serpentes,et
1319 3269 1675 3336 scorpiones,
1695 3274 1747 3324 et
1759 3283 1941 3336 super
1954 3283 2183 3324 omnem

531 3364 809 3417 virtutem
842 3361 1070 3415 inimici
1099 3362 1168 3411 ’9.
1199 3360 1255 3414 Si
1287 3358 1450 3413 enim
1475 3357 1754 3413 valuisset
1784 3356 2053 3412 humana
2079 3373 2184 3412 na-

528 3454 683 3515 tura,
718 3451 947 3521 absque
1006 3449 1285 3503 universa
1330 3454 1636 3502 armatura
1685 3446 1934 3518 Spiritus
1968 3447 2180 3511 sancti,

529 3546 686 3595 stare
713 3539 994 3594 adversus
1026 3537 1279 3593 insidias
1333 3536 1578 3603 diaboli,
1613 3551 1733 3591 non
1780 3551 1925 3591 sane
1951 3536 2181 3591 dictum

529 3628 737 3683 fuisset
760 3628 837 3683 ab
855 3627 1136 3699 Apostolo
1162 3644 1171 3679 :
1210 3627 1361 3683 Deus
1384 3630 1578 3682 autem
1602 3624 1770 3695 pacis
1788 3630 2049 3681 conteret
2072 3625 2181 3681 Sa-

530 3722 733 3773 tanam
749 3718 856 3772 sub
870 3718 1117 3786 pedibus
1142 3717 1345 3773 vestris
1362 3716 1527 3772 brevi
1554 3717 1691 3770 ".Et
1712 3715 1927 3771 iterum
1952 3731 1965 3766 :
2002 3716 2179 3783 Quem

529 3807 817 3863 Dominus
843 3807 1153 3874 interﬁciet
1185 3812 1238 3861 et
1262 3805 1479 3875 spiritu
1506 3807 1625 3859 oris
1648 3805 1745 3859 sui
1770 3804 1839 3856 δι.
1870 3806 2182 3875 Propterea

529 3897 943 3969 quoquejussi
966 3912 1174 3950 sumus
1204 3894 1389 3950 Deum
1423 3893 1772 3949 obsecrare:
1814 3894 1902 3950 Ne
1927 3894 2180 3950 inducas

527 4002 632 4041 nos
661 3987 725 4041 in
756 3985 1163 4050 tentationem,
1197 3984 1299 4040 sed
1340 3984 1528 4039 libera
1554 3998 1657 4039 nos
1711 3998 1746 4039 a
1772 3984 1931 4039 malo
1959 3984 2028 4037 ³³.
2062 3983 2181 4037 Nisi

529 4076 689 4131 enim
724 4075 1157 4146 prtestantioris
1201 4073 1399 4128 auxilii
1451 4088 1567 4143 Ope
1610 4073 1840 4127 liberati
1870 4072 1947 4127 ab
1978 4072 2180 4143 ignitis

528 4164 657 4220 telis
692 4163 1065 4234 nequissimi,
1097 4162 1383 4233 consequi
1438 4161 1602 4232 digni
1642 4161 1979 4216 habeamur
2032 4166 2181 4216 ado-

529 4255 794 4323 ptionem
820 4252 1099 4315 ﬁliorum,
1115 4250 1453 4305 frustranea
1467 4250 1939 4305 estconversatio
1954 4256 2176 4316 nostra,

530 4345 598 4395 ut
624 4342 725 4412 qui
755 4339 963 4411 procul
993 4356 1029 4394 a
1051 4340 1262 4394 virtute
1290 4338 1391 4393 Dei
1424 4338 1713 4393 absimus.

599 4628 689 4681 Ill.
724 4624 1075 4697 Quicunque
1102 4639 1242 4694 ergo
1266 4620 1427 4693 cupit
1457 4622 1754 4694 particeps
1782 4622 1910 4677 ﬁeri
1959 4622 2176 4679 divinas

528 4715 752 4787 glorias,
787 4730 879 4780 ac,
912 4714 1071 4768 velut
1101 4713 1160 4767 in
1195 4710 1462 4784 speculo,
1498 4712 1704 4767 Christi
1735 4711 2082 4781 imaginem,
2116 4712 2175 4769 in

526 4806 795 4877 principe
835 4803 1018 4859 animi
1052 4803 1142 4857 sui
1204 4800 1480 4857 facultate
1539 4800 1948 4872 contemplari,
1997 4801 2177 4858 debet

526 4893 849 4950 insatiabili
878 4892 1214 4957 dilectione,
1267 4898 1323 4946 et
1380 4890 1722 4962 inexplebili
1749 4890 2067 4961 desiderio,
2102 4907 2176 4947 ex

525 4988 648 5039 toto
661 4984 838 5039 corde
852 4988 908 5037 et
938 4981 1186 5045 viribus,
1204 4985 1381 5035 noctu
1398 4979 1620 5051 diuque
1643 4980 1937 5052 inquirere
1962 4986 2175 5052 poten-

523 5073 819 5128 tissimum
848 5070 943 5125 Dei
996 5070 1333 5125 subsidium
1360 5087 1373 5135 ;
1399 5069 1561 5142 quod
1586 5069 1831 5140 quidem
1885 5070 2173 5140 consequi

520 5161 893 5234 impossibile
914 5165 1020 5223 est,
1068 5159 1200 5224 nisi,
1230 5164 1291 5213 ut
1317 5165 1492 5213 antea
1541 5158 1827 5227 diximus,
1878 5160 2175 5215 abstineat

520 5253 656 5325 quis
711 5253 879 5323 prius
912 5250 989 5304 ab
1042 5247 1335 5303 illecebris
1380 5248 1560 5316 huius
1588 5247 1796 5301 mundi
1851 5263 1920 5303 ac
1952 5264 2169 5303 concu-

521 5341 824 5413 piscentiis
876 5338 1236 5394 adversariae
1270 5336 1600 5408 potestatis,
1629 5350 1760 5406 quae
1788 5334 1938 5391 lucis
1964 5344 2049 5391 est
2075 5353 2170 5392 ex-

518 5446 675 5503 pers,
706 5435 762 5484 et
809 5426 1069 5483 effectrix
1118 5425 1395 5497 nequitia:
1426 5429 1530 5487 est,
1580 5424 1657 5478 ad
1683 5424 1835 5479 bene
1863 5427 2168 5495 agendum

522 5519 771 5575 minime
797 5522 957 5588 apta,
987 5516 1102 5587 92
1132 5530 1201 5570 ac
1246 5528 1489 5585 prorsus
1516 5511 1776 5569 exclusa.
1810 5515 2099 5578 Quocirca
2118 5515 2168 5572 si

590 5671 638 5707 ³⁸
661 5668 815 5726 Psal.
840 5682 1049 5733 cxxvn,
1082 5666 1134 5720 1.
1212 5666 1259 5701 ’θ
1293 5666 1429 5721 Luc.
1462 5680 1521 5733 x,
1549 5664 1635 5722 19.

1850 250 1911 310 S.
1955 248 2258 309 MACABII
2296 248 2604 308 ABGYPTII

1714 5666 1762 5701 ³ο
1791 5667 1961 5722 Rom.
1987 5682 2106 5735 xv1,
2134 5667 2224 5724 20.

3777 258 3868 317 668

2906 380 3151 431 OMIAIA
3194 376 3292 432 KE'
3303 422 3318 436 .

2315 462 2629 546 Διδάσκει
2666 467 2825 546 αῦτη
2882 470 2911 525 ἡ
2978 466 3218 546 όμιλία,
3279 470 3377 520 ὅτι
3422 466 3633 533 οὐδεὶς
3668 469 3873 546 ἀνθρώ·

2384 559 2530 604 πων,
2568 539 2669 609 εἰμ
2710 536 3119 613 δυναμωᾲθέὶς
3160 540 3276 591 ὑπὸ
3316 547 3424 593 τοῦ
3462 536 3870 613 χριστοῦ,τοῦ

2385 608 2669 687 πονηροῦ
2712 608 3096 687 σκανδάλων
3144 608 3597 687 περιγίνεσθαι
3635 608 3865 687 ισχύει·

2384 680 2574 759 καὶ-τί
2605 680 2708 736 δεῖ
2733 687 3021 759 τού-ς-τῆς
3056 680 3234 743 θείας
3261 680 3458 759 δόξης
3487 680 3874 759 ὀρεγομένους

2385 756 2712 832 πράττειν.
2746 752 3233 832 Διδάσκει-καὶ,
3283 757 3384 808 ὅτι
3425 752 3535 810 διᾶ
3570 752 3872 832 παρακοῆς

2385 822 2494 878 τοῦ
2543 822 2746 901 ’ᾼδάμ
2800 827 2883 901 εἰς
2924 824 3223 901 δουλξείὲαν
3263 837 3371 889 τῆς
3422 822 3873 901 σαρκός’παθῶν

2385 894 2808 975 κατήλθομεν,
2856 898 2952 971 ἀφ’
2998 894 3087 975 ᾖς’
3127 894 3388 975 διὰ-τοῦ
3435 894 3609 975 ἓντῷ
3648 913 3872 975 σταυρῷ

2384 967 2751 1045 μυστηρίου
2778 967 3081 1045 ῥυόμεθα.
3117 967 3424 1045 [Ιαιδεύει
3453 967 3675 1025 λοιπὸν
3703 967 3870 1045 ἡμᾶς’,

2385 1039 2484 1094 ὄτι
2511 1039 2753 1117 μεγάλη
2779 1039 2925 1094 ’ἐστὶ
2954 1050 3071 1094 τῶν
3111 1039 3405 1117 δακρύῶν
3436 1049 3686 1098 καὶτοῦ
3724 1039 3871 1099 θείου

2382 1110 2922 1186 πυρός’δύναμις.

2384 1206 2470 1257 Α’.
2530 1204 2624 1265 Οἷς
2676 1202 2959 1277 ἐνυπάρχει
3010 1204 3036 1255 ὁ
3088 1204 3219 1265 θεῖος
3280 1207 3432 1276 νόμος
3489 1208 3583 1257 οῦκ
3638 1208 3684 1258 ἓν
3721 1206 3873 1277 μέλανι

2313 1296 2402 1343 καὶ
2473 1294 2784 1364 γράμμασιν
2852 1292 3288 1366 ἐγγεγραμμένος,
3359 1292 3465 1346 ἀλλ’
3533 1297 3580 1347 ἓν
3660 1292 3873 1366 καρδίαις

2315 1384 2585 1453 σαρκίναις
2639 1383 3091 1454 ἑμπεφυτευμένος,
3150 1382 3295 1435 οὗτοι
3351 1386 3474 1446 τοὺς
3526 1391 3620 1445 τῆς
3669 1381 3872 1446 διανοίας

2310 1468 2609 1541 ὀφθαλμοὺς
2661 1474 3021 1543 φωτισθέντες,
3072 1476 3162 1524 καὶ
3213 1470 3292 1525 ἀεὶ
3339 1471 3653 1545 ὀρεγόμενοι,
3696 1474 3750 1526 ού
3797 1483 3873 1535 τῆς

2309 1558 2564 1620 αἰσθητῆς
2616 1564 2706 1612 καὶ
2766 1557 3083 1633 βλεπομένης
3134 1557 3361 1626 ἄλπίδος,
3428 1561 3559 1614 ἀλλὰ
3607 1570 3697 1624 τῆς
3742 1561 3870 1638 ἀορά-

2307 1666 2397 1701 του
2431 1650 2519 1701 κάἰ
2565 1656 2773 1717 νοητῆς,
2811 1651 3170 1722 περιγίνεσθαι
3213 1659 3312 1704 τῶν
3351 1658 3443 1704 τοῦ
3493 1660 3715 1726 πονηροῦ
3745 1672 3873 1705 σκαν-

2308 1734 2477 1789 δάλων
2524 1737 2827 1810 ἰσχύουσιν,
2881 1738 2987 1791 ἀλλ’
3038 1738 3093 1791 ἐκ
3140 1748 3236 1802 τῆς
3296 1739 3559 1800 ἀηττήτου
3603 1738 3864 1815 δυνάμεως.

2306 1828 2371 1878 Oi
2416 1824 2475 1879 δὲ
2513 1832 2585 1899 μὴ
2635 1827 2771 1900 λόγῳ
2820 1836 2954 1881 Θεοῦ
3012 1834 3365 1902 τετιμημένοι,
3416 1837 3551 1903 μήτε
3592 1835 3723 1904 νόμῳ
3771 1834 3870 1903 θείῳ

2303 1912 2728 1988 πεπαιδευμένοι,
2808 1916 2916 1976 εἰκῆ
2971 1921 3309 1991 φυσιούμενοι
3386 1923 3587 1973 οἴονται
3652 1917 3739 1974 διά
3796 1926 3869 1972 τοῦ

2307 2001 2446 2056 ἰδίου
2494 2004 2835 2068 αὐτεξουσίου
2889 2015 3163 2079 καταργεῖν
3202 2010 3297 2070 τὰς
3336 2007 3574 2085 ἀφορμὰς
3612 2018 3699 2071 τῆς
3734 2009 3872 2082 ἁμαρ·

2300 2098 2435 2160 τίας,
2485 2103 2578 2156 τῆς
2634 2091 2727 2147 διὰ
2756 2100 2914 2167 μόνου
2962 2103 3053 2148 τοῦ
3107 2095 3156 2148 ἐν
3210 2105 3283 2167 τῷ
3338 2106 3553 2169 σταυρῷ
3606 2104 3869 2171 μυστηρίου

2300 2188 2759 2256 κατακρινομένης.
2814 2188 2884 2237 Τὸ
2936 2187 3037 2258 γάρ
3098 2184 3145 2237 ἓν
3196 2194 3256 2259 τῇ
3291 2194 3384 2239 τοῦ
3442 2187 3705 2261 ἀνθρώπου
3738 2183 3871 2241 δυνά-

2300 2291 2385 2344 μει
2432 2272 2763 2336 αὐτεξούσιον
2815 2273 2897 2326 ἐπὶ
2938 2282 3009 2345 τῷ
3047 2274 3353 2334 ἀντιστῆναι
3411 2285 3481 2348 τῷ
3528 2274 3743 2348 διαϐόλῳ
3783 2284 3867 2330 κεί-

2298 2381 2403 2430 ται,
2465 2360 2569 2413 ἀλλ’
2619 2362 2712 2414 οῦκ
2756 2361 2838 2415 ἐπὶ
2889 2371 2961 2433 τῷ
3020 2360 3282 2416 δύνασθαι
3342 2367 3491 2437 ἔχειν
3538 2366 3772 2426 παντελῶς
3821 2368 3868 2417 τό

2233 378 2281 433 Α

2238 1699 2278 1753 Β

2297 2453 2487 2520 κράτος
2542 2454 2677 2503 κατά
2726 2460 2824 2503 τῶν
2880 2454 3076 2506 παθῶν.
3130 2454 3266 2506 Ἐὰν
3304 2456 3432 2527 γὰρ
3473 2460 3557 2528 μὴ
3599 2458 3624 2507 6
3662 2459 3869 2528 Κύριος

2297 2536 2731 2613 οἰκοδομηση,
2764 2547 2943 2611 φησὶν,
3004 2540 3198 2606 οἷκον¹
3254 2548 3363 2595 καὶ
3408 2545 3649 2619 φυλάξῃ
3689 2544 3864 2607 πόλιν,

2298 2629 2384 2691 εἰς
2425 2630 2632 2701 μάτην
2664 2630 3078 2701 ἠγρύπνησεν
3112 2632 3138 2683 6
3170 2631 3534 2703 φυλάττων,
3566 2638 3667 2687 καὶ
3698 2637 3867 2702 κοπιᾷ

2298 2719 2323 2769 6
2359 2718 2505 2770 οὶκο
2529 2715 2765 2791 δομῶν,

2370 2823 2436 2877 Β’.
2486 2826 2797 2897 Ἀμήχανον
2858 2828 2961 2899 γὰρ
2999 2824 3241 2885 ἐπιϐῆναι
3280 2826 3367 2881 ἐπὶ
3396 2826 3605 2884 ἀσπίδα
3639 2826 3861 2899 καίβασι-

2294 2914 2495 2979 λίσκον,
2542 2919 2633 2967 καὶ
2685 2923 3060 2973 καταπατῆσαι
3114 2916 3293 2969 λέοντα
3347 2924 3445 2972 καὶ
3503 2917 3758 2995 δράκοντα,
3796 2919 3854 2987 μὴ

2294 3008 2559 3075 πρότερον,
2602 3004 2721 3056 καθ’
2780 3006 2900 3056 ὅσον
2947 3001 3168 3058 δυνατὸν
3216 3005 3498 3082 ἀνθρώπῳ,
3554 3010 3865 3080 ἐκκαθάραντα

2296 3093 2496 3158 ἑαυτὸν,
2572 3098 2661 3146 καὶ
2713 3090 3085 3166 δυναμωθίντα
3130 3098 3275 3171 παρά
3332 3106 3433 3151 τοῦ
3516 3099 3727 3158 εἰπόντος
3775 3102 3866 3156 τοῖς

2296 3181 2624 3250 ἀποστόλοις,
2667 3179 2833 3237 Ἰδοὺ
2874 3180 3133 3237 δέδωκα
3172 3187 3321 3258 ὑμῖν
3370 3185 3642 3261 δύναμιν
3679 3191 3869 3240 πατεῖν

2294 3271 2500 3324 ἐπάνω
2561 3275 2756 3345 ὄφεων
2812 3276 2921 3325 καί
2984 3279 3335 3347 σκορπίων,
3395 3282 3503 3330 καὶ
3558 3277 3653 3330 ἐπὶ
3689 3281 3868 3329 πᾶσαν

2292 3366 2403 3419 τὴν
2445 3357 2721 3433 δύναμιν
2760 3369 2872 3414 τοῦ
2912 3361 3181 3435 ἐχθροῦ.
3207 3364 3645 3439 Εἰγὰρῖσχυενη
3673 3362 3869 3425 τῆςάνθ·

2288 3454 2583 3521 ρωπότητος
2614 3453 2767 3523 φύσις
2793 3451 2935 3513 ἐκτὸς
2972 3461 3065 3514 τῆς
3096 3453 3389 3517 πανοπλίας
3432 3464 3524 3509 τοῦ
3564 3456 3708 3527 ἁγίου
3738 3455 3870 3507 Πνεύ-

2291 3558 2475 3611 ματος,
2528 3548 2717 3599 στῆναι
2759 3544 2885 3613 πρὸς
2910 3543 3003 3603 τὰς
3047 3538 3326 3613 μεθοδείας
3376 3553 3470 3597 τοῦ
3511 3542 3763 3607 διαϐόλου,
3792 3539 3866 3593 οὐκ

2291 3627 2351 3679 ἂν
2374 3632 2545 3702 εἴρητο
2565 3631 2664 3681 ὑπὸ
2690 3637 2781 3681 τοῦ
2809 3629 3161 3698 Ἀποστόλου,
3184 3632 3241 3684 Ὀ
3285 3630 3355 3687 δὲ
3396 3642 3442 3688 Θ
3460 3638 3519 3687 εὸ
3537 3656 3558 3697 ς
3594 3644 3694 3695 τῆς
3729 3632 3868 3705 εἰρή-

2290 3736 2399 3779 νης
2454 3718 2799 3791 συντρίψει
2857 3722 2961 3771 τὸν
3002 3727 3287 3773 Σατανᾶν
3341 3723 3463 3775 ὑπὸ
3503 3727 3648 3785 τούς
3691 3717 3867 3777 πόδας

2290 3806 2459 3878 ὑμῶν
2502 3806 2559 3858 ἓν
2598 3810 2809 3879 τάχει.
2848 3813 2948 3861 Καὶ
2975 3809 3150 3876 πάλιν,
3183 3809 3287 3862 ‘Ov
3334 3814 3360 3863 6
3404 3814 3660 3886 Κύριος,
3694 3808 3868 3862 ἀνελεῖ

2290 3904 2371 3966 τῷ
2411 3899 2725 3969 πνεύματι
2764 3905 2876 3949 τοῦ
2918 3903 3249 3970 στόματος
3289 3901 3512 3956 αὑτοῦ.
3560 3905 3644 3955 Διό
3682 3897 3744 3957 δὴ
3797 3898 3866 3948 καί

2289 3987 2730 4058 προσετάχθημεν
2760 3982 2975 4039 δέεσθαι
3007 3994 3100 4039 τοῦ
3131 3993 3351 4060 Κυρίου,
3388 3995 3479 4048 Μὴ
3523 3990 3867 4060 εἰσενέγκῃς

2290 4074 2379 4134 εἰς
2432 4078 2800 4149 πειρασμόν
2850 4077 3031 4148 ἡμᾶς,
3094 4076 3250 4129 ἀλλὰ
3314 4080 3514 4153 ῥῦσαι
3576 4081 3733 4150 ἡμᾶς
3768 4075 3864 4126 ἀπὸ

2289 4170 2399 4215 τοῦ
2437 4172 2745 4237 πονηροῦ.
2780 4164 2898 4219 Ἐὰν
2948 4168 3050 4238 γὰρ
3082 4171 3153 4239 μὴ
3190 4164 3285 4220 διὰ
3329 4178 3426 4232 τῆς
3454 4173 3736 4241 κρείττονος
3760 4164 3865 4238 βοη-

2292 4254 2430 4315 θείας
2498 4254 2771 4328 ῥυσθέντες
2824 4264 2923 4307 τῶν
2997 4262 3379 4329 πεπυρωμένων
3447 4256 3607 4331 βελῶν
3659 4264 3742 4310 τοῦ
3792 4271 3867 4306 πο·

2212 4364 2256 4417 D
2287 4348 2467 4415 νηροῦ,
2522 4343 2924 4415 καταξιωθῶμεν
2962 4352 3059 4405 τῆς
3111 4347 3403 4414 υἱοθεσίας,
3464 4348 3534 4409 εἰς
3591 4348 3749 4419 μάτην
3790 4360 3865 4395 πο·

2287 4429 2611 4502 λιτευόμεθα,
2664 4434 2731 4494 ὡς
2770 4431 2946 4508 πόρρω
2984 4442 3081 4496 τῆς
3136 4431 3411 4509 δυνάμεως
3458 4445 3549 4489 τοῦ
3601 4443 3728 4490 Θεοῦ
3761 4452 3865 4502 τυγ-

2290 4538 2553 4589 χανοντες.

2362 4626 2432 4678 Γ’.
2491 4626 2549 4679 Ὀ
2606 4631 2779 4679 τοίνυν
2851 4626 3161 4702 βουλόμενος
3218 4635 3447 4704 μέτοχος
3506 4632 3734 4705 γίνεσθαι
3789 4634 3864 4685 τῆς

2290 4716 2424 4776 θείας
2474 4713 2657 4782 δόξης,
2708 4721 2795 4769 καὶ
2840 4720 3013 4790 ὥσπερ
3059 4718 3108 4770 ἐν
3154 4725 3455 4796 κατόπτρῳ,
3506 4725 3600 4780 τὴν
3653 4720 3862 4793 Χριστοῦ

2284 4811 2487 4877 μορφὴν
2540 4807 2663 4877 ὁρᾷν
2712 4808 2760 4859 ἓν
2809 4815 2880 4877 τῷ
2931 4809 3223 4881 ἡγεμονικῷ
3291 4811 3470 4875 αὑτοῦ,
3531 4809 3709 4883 ὀφείλει
3760 4805 3861 4858 ἀκο-

2282 4898 2451 4966 ρίστῳ
2502 4903 2697 4967 στοργῇ
2759 4900 2849 4947 καὶ
2907 4894 3161 4969 ἀπλήστῳ
3221 4895 3461 4953 διαθέσει
3514 4899 3569 4961 ἐξ
3615 4899 3729 4959 ὅλης
3754 4911 3860 4967 καρ-

2285 4978 2401 5043 δίας
2457 4987 2546 5035 καὶ
2597 4980 2863 5057 δυνάμεως
2924 4989 3124 5060 νύκτωρ
3177 4992 3266 5040 καὶ
3312 4989 3426 5060 μεθ’
3475 4991 3665 5063 ἡμέραν
3710 4986 3857 5045 ζητεῖν

2282 5074 2375 5129 τὴν
2428 5070 2483 5123 ἐκ
2526 5081 2617 5125 τοῦ
2658 5078 2785 5127 Θεοῦ
2827 5073 3103 5147 ἀντίληψιν
3144 5076 3192 5129 ἓν
3239 5074 3481 5151 δυνάμει,
3517 5080 3578 5141 ης
3606 5076 3854 5148 ἀμήχανον

2281 5169 2589 5232 μετασχεῖν,
2640 5162 2683 5215 εἰ
2729 5168 2825 5235 μὴ,
2859 5166 2926 5224 ὡς
2978 5173 3246 5239 προεῖπον,
3302 5166 3594 5239 ἀπόσχοιτό
3644 5184 3718 5225 τις
3751 5162 3853 5232 πρό·

2278 5268 2419 5322 τερον
2467 5258 2554 5311 τῆς
2604 5248 2933 5314 ἡδυπαθείας
2989 5261 3080 5305 τοῦ
3145 5261 3369 5328 κόσμου,
3442 5264 3539 5308 τῶν
3595 5253 3851 5322 ίπιθυμιῶν

2279 5348 2374 5401 τῆς
2416 5341 2645 5399 ἐναντίας
2695 5336 2984 5413 δυνάμεως,
3038 5346 3155 5407 ἣτις
3213 5348 3381 5417 φωτὸς
3438 5344 3674 5416 ἀλλοτρία
3731 5338 3845 5400 ἐστὶν

2276 5433 2365 5481 καὶ
2438 5427 2665 5502 ἐνέργεια
2734 5436 2985 5504 πονηρίας
3057 5431 3263 5505 ἀγαθῆς
3327 5436 3579 5507 ἐνεργείας
3624 5430 3847 5484 ἀνοικειός

2276 5516 2409 5585 ἐστι,
2454 5523 2544 5571 καὶ
2603 5520 2767 5577 πάντη
2816 5520 3193 5596 ἀπεξενωμίνη.
3246 5530 3536 5598 Τοιγαροῦν
3593 5520 3634 5574 εἱ
3692 5514 3842 5593 βούλιι

2300 5669 2343 5705 ³¹
2375 5669 2421 5726 ΙΙ
2446 5669 2646 5727 Thess.
2679 5686 2741 5729 ιι.
2773 5673 2827 5728 8.
2924 5674 2971 5710 ⁸³
3004 5674 3203 5733 Matth.
3234 5689 3314 5740 vx,
3350 5672 3433 5730 13.
