4034 6202
197 234 316 294 669

1465 233 1810 296 HOMILIXE.
1849 269 1918 280 -—
1957 235 2130 296 HOM.
2171 236 2339 296 XXV.

3447 243 3559 301 670

185 368 375 437 μαθεῖν
424 368 563 425 τίνος
631 367 789 418 ἕνεκεν
851 366 1143 427 κτισθέντες
1198 363 1246 417 ἓν
1300 373 1426 438 τιμῇ
1474 369 1564 418 καὶ
1616 384 1782 418 κατοι·

1900 364 2126 421 discere
2164 366 2470 422 desideres
2501 382 2624 438 qua
2653 366 2728 424 de
2760 382 2963 434 causa,
3010 383 3150 424 cum
3179 384 3446 426 essemus
3487 370 3551 427 in

184 458 450 515 κισθέντες
512 453 562 506 ἐν
616 451 944 528 παραδείσῳ,
991 455 1279 507 τελευταῖον
1347 454 1793 528 συμπαρεϐλήθη-

185 565 279 617 μεν
330 551 443 604 τοῖς
501 541 736 606 ἀνοήτοις
788 549 1016 607 κτήνεσι,
1065 548 1154 596 καὶ
1202 546 1542 617 ὡμοιώθημεν
1593 544 1787 613 αὐτοῖς,

187 633 622 694 ἀποπεπτωκότες
672 640 760 694 τῆς
802 635 1073 708 ἁχράντου
1155 629 1336 700 δόξης,
1395 639 1639 705 γίνωσκε,
1712 635 1793 684 ὅτι

187 719 283 775 διὰ
321 731 416 784 τῆς
457 731 730 795 παρακοῆς
769 719 948 775 δοῦλοι
996 731 1086 784 τῆς
1141 727 1332 798 σαρκός
1384 725 1562 776 παθῶν
1587 726 1792 795 γενόμε-

189 832 265 864 νοι
315 811 689 884 ἀπεκλείσαμεν
745 811 957 873 ἑαυτοὺς
998 821 1092 874 τῆς
1139 817 1403 888 μακαρίας
1453 818 1640 886 χώρας
1689 820 1791 864 τῶν

200 901 412 966 ζώντων,
465 906 556 952 καὶ
611 903 660 953 ἑν
709 901 1054 972 αἰχμαλωσίᾳ
1099 907 1381 975 γενόμενοι,
1427 905 1501 954 ἔτι
1553 904 1636 954 ἐπὶ
1692 909 1791 952 τῶν

202 999 430 1061 ποταμῶν
491 989 788 1049 Βαϐυλῶνος
839 990 1205 1062 καθεζόμεθα·
1261 995 1350 1043 καὶ
1382 987 1475 1043 διὰ
1513 995 1570 1042 τό
1618 993 1693 1042 ἔτι
1743 989 1790 1040 ἐν

204 1079 435 1150 Αἰγύπτῳ
489 1081 629 1151 ἡμᾶς
679 1081 1025 1151 κατέχεσθαι,
1095 1083 1238 1132 οὔπω
1302 1080 1790 1156 ἐκληρονόμησαμεν

195 1173 276 1225 τήν
330 1176 426 1240 γῆν
485 1167 813 1240 ἐπαγγελίας,
872 1172 966 1227 τὴν
1018 1169 1240 1243 ῥέουσαν
1295 1169 1429 1241 γάλα
1480 1174 1569 1221 καὶ
1650 1167 1786 1241 μέλι.

193 1256 350 1309 Οὔπω
397 1260 820 1333 συνεφυράθημεν
873 1265 935 1330 τῇ
971 1257 1110 1330 ζύμη
1162 1267 1258 1319 τῆς
1295 1258 1634 1333 είλικρινείας,
1682 1256 1789 1309 ἀλλ’

183 1347 256 1397 ἔτι
307 1345 464 1417 ἐσμεν
512 1345 561 1396 ἐν
613 1355 674 1418 τῇ
735 1355 831 1409 τῆς
883 1353 1131 1422 πονηρίας
1189 1349 1352 1420 ζύμη.
1400 1351 1559 1400 Οὔπω
1615 1345 1788 1421 ἓρῥαν·

183 1439 345 1493 τίσθη
395 1439 539 1508 ἡμῶν
581 1438 608 1494 η
651 1433 850 1510 καρδία
879 1445 950 1508 τῷ
977 1437 1160 1510 αἵματι
1189 1445 1278 1490 τοῦ
1334 1445 1467 1491 Θεοῦ
1493 1459 1506 1470 ’
1558 1439 1632 1489 ἔτι
1687 1439 1789 1508 γὰρ

175 1528 232 1576 τό
266 1530 528 1599 πέταυρον
575 1533 667 1578 τοῦ
705 1521 862 1596 ᾅδου,
889 1529 979 1578 καὶ
1029 1529 1088 1579 τὸ
1131 1528 1417 1603 ἄγκιστρον
1461 1534 1555 1590 τῆς
1603 1531 1792 1588 κακίας

176 1613 516 1686 ἐμπέπηκται
541 1613 672 1687 αὔτῇ
683 1653 696 1665 .

248 1737 328 1792 A'.
383 1742 544 1792 Οὔπω
593 1738 947 1812 ἀπειλήφαμεν
977 1744 1066 1798 τὴν
1120 1740 1426 1812 ἀγαλλίασιν
1475 1747 1566 1794 τοῦ
1621 1760 1790 1800 σωτη-

168 1832 299 1903 ρίου
347 1837 440 1881 τοῦ
488 1836 746 1902 Χριστοῦ.
803 1831 880 1880 ἔτι
906 1831 1007 1903 γὰρ
1059 1832 1118 1882 τὸ
1177 1834 1380 1902 κέντρον
1423 1837 1514 1882 τοῦ
1565 1832 1787 1882 θανάτου

168 1916 626 1992 ἓγκατεῤῥίξωται
654 1919 800 1990 ἡμῖν.
827 1922 1014 1970 Οὔπω
1053 1915 1497 1992 ἑνεδυσάμεθα
1525 1923 1629 1972 τὸν
1659 1939 1788 1972 και-

167 2011 283 2058 νὸν
351 2008 700 2080 ἄνθρωπον,
763 2009 869 2058 τὸν
933 2009 1096 2059 κατά
1142 2011 1291 2060 Θεὸν
1330 2010 1680 2062 κτισθέντα
1731 2007 1788 2069 έν

169 2097 520 2153 ὁσιότητιο
599 2092 825 2154 ἐπειδὴ
895 2099 1064 2148 οὔπω
1141 2093 1611 2169 ἀπεδυσάμεθα
1683 2101 1787 2150 τὸν

169 2185 460 2237 παλαιὸν
491 2186 847 2260 ἄνθρωπον,
888 2188 991 2236 τὸν
1019 2186 1438 2258 φθειρόμενον
1477 2191 1639 2240 κατὰ
1677 2190 1788 2249 τὰς

171 2276 541 2346 ἐπιθυμίας
620 2282 728 2334 τῆς
795 2272 1066 2336 ἀπάτης.
1145 2278 1332 2328 Οὔπω
1409 2281 1787 2350 φορέσαντες

171 2369 292 2420 τήν
333 2364 556 2416 εἰκόνα
609 2371 715 2416 τοῦ
790 2367 1200 2437 ἓπουρανίου,
1270 2367 1639 2440 σύμμορφοι
1676 2377 1786 2430 τῆς

174 2449 385 2515 δόξης
445 2452 642 2505 αὑτοῦ
698 2457 1072 2525 γεγόναμεν.
1137 2453 1327 2506 Οὔπω
1391 2461 1787 2529 προσεκυνή-

175 2562 386 2616 σαμεν
418 2541 478 2594 ἐν
511 2545 839 2614 ῐῙνεύματι
876 2547 985 2594 καὶ
1029 2541 1306 2616 ἀληθείᾳ
1361 2551 1515 2614 Θεῷ,
1558 2543 1671 2599 διὰ
1716 2550 1784 2601 τὸ

173 2629 558 2703 βασιλεύειν
623 2636 734 2690 τήν
773 2631 1098 2704 ἁμαρτίαν
1137 2630 1196 2682 έν
1235 2641 1316 2703 τῷ
1357 2634 1563 2705 θνητῷ
1603 2637 1784 2708 ἡμῶν

177 2728 403 2793 σώματ
419 2741 457 2772 ι.
493 2723 652 2772 Οὔπω
681 2719 1007 2793 ἐθεασάμεθα
1038 2726 1131 2779 τὴν
1165 2717 1323 2784 δόξαν
1352 2731 1443 2775 τοῦ
1475 2723 1741 2799 ἀφθάρτου
1765 2740 1781 2757 ο

178 2812 249 2862 ἔτι
281 2813 388 2881 γὰρ
414 2811 517 2862 ὑπό
555 2817 652 2869 τῆς
700 2815 1027 2882 σκοτομήνης
1056 2809 1416 2884 ᾓεργούμεθα.
1466 2817 1625 2866 Οὔπω
1681 2814 1782 2867 ἄνε-

182 2895 460 2971 δυσάμεθα
476 2901 541 2951 τά
562 2899 695 2952 ὅπλα
709 2907 801 2952 τοῦ
820 2903 986 2972 φωτός
1002 2921 1014 2932 ο
1044 2896 1224 2958 ἐπειδὴ
1251 2903 1394 2953 οὔπω
1407 2899 1543 2954 ἀπεδ
1546 2923 1575 2954 υ
1584 2904 1785 2975 σάμεθα

187 2987 249 3038 τὰ
265 2997 354 3041 τοῦ
380 2994 602 3050 σκότους
631 2988 762 3042 ὅπλα
791 3009 845 3041 τε
871 2995 960 3042 καί
991 2986 1139 3062 βέλη,
1163 2993 1251 3041 καὶ
1281 2991 1422 3064 ἔργα.
1455 2995 1613 3044 Οὔπω
1642 3012 1784 3065 μετε-

1898 453 2126 510 honore
2169 455 2370 520 creati,
2403 460 2459 510 et
2506 455 2564 510 in
2609 457 2892 527 paradiso
2932 456 3259 522 constituti,
3305 460 3551 516 tandem

1899 543 2228 615 comparati
2279 543 2467 597 simus
2515 559 2652 599 cum
2695 545 3110 616 insipientibus
3148 547 3458 617 jumentis,
3495 553 3554 605 et

1900 632 2134 687 illorum
2151 631 2374 687 similes
2391 632 2550 700 facti,
2572 634 2973 689 etexcidimus
2989 635 3556 695 abincontaminata

1901 721 2109 792 gloria,
2151 722 2318 790 scito,
2365 722 2528 792 quod
2560 739 2698 777 cum
2746 739 2850 794 per
2876 723 3345 781 inobedientiam
3396 727 3556 782 servi

1900 809 2283 866 aﬁ‘ectionum
2315 811 2512 865 carnis
2529 809 2716 867 effecti
2745 827 3034 879 essemus,
3060 814 3424 871 exclusimus
3445 831 3557 872 nos

1899 899 2064 972 ipsos
2081 915 2116 954 a
2137 899 2315 955 beata
2335 901 2576 969 regione
2603 900 2952 964 viventium,
2983 907 3040 957 et
3065 903 3125 957 in
3143 904 3553 976 captivitatem

1898 989 2140 1054 redacti,
2169 989 2368 1044 adhuc
2392 989 2566 1060 juxta
2595 989 2849 1045 ﬂumina
2881 990 3202 1062 Babylonis
3225 994 3504 1050 sedemus
3539 1010 3553 1062 ;

1899 1085 1955 1134 et
1985 1093 2070 1144 eo,
2099 1077 2265 1149 quod
2291 1077 2491 1134 adhuc
2518 1080 2578 1134 in
2601 1080 2857 1151 Egypto
2889 1080 3244 1146 detinemur,
3277 1082 3552 1140 nondum

1898 1167 2272 1223 hmreditario
2298 1169 2431 1238 jure
2459 1168 2839 1239 possidemus
2870 1172 3090 1224 terram
3119 1171 3554 1241 promissionis,

1898 1256 2180 1312 ﬂuentem
2201 1257 2350 1312 lacte
2382 1260 2440 1311 et
2463 1256 2655 1312 melle.
2687 1258 2966 1313 Nondum
2993 1259 3228 1314 subacti
3260 1276 3470 1316 sumus
3494 1261 3555 1317 in

1898 1343 2190 1402 fermento
2225 1347 2599 1412 sinceritatis,
2637 1347 2740 1402 sed
2771 1347 2969 1403 adhuc
3000 1347 3060 1403 in
3099 1347 3390 1405 fermento
3431 1365 3554 1406 ma-

1899 1435 2034 1491 litia:
2061 1435 2356 1507 degimus.
2385 1437 2662 1492 Nondum
2691 1441 2780 1491 est
2799 1453 3113 1508 aspersum
3148 1455 3249 1494 cor
3278 1445 3552 1496 nostrum

1899 1525 2188 1596 sanguine
2233 1524 2349 1590 Dei,
2379 1526 2577 1581 adhuc
2605 1525 2766 1581 enim
2806 1526 3060 1600 laqueus
3093 1526 3330 1600 inferni,
3361 1539 3418 1585 et
3451 1530 3554 1587 ha-

1899 1630 2034 1670 mus
2068 1614 2310 1670 malitiae
2332 1614 2414 1669 illi
2453 1615 2674 1670 inﬁxus
2714 1621 2820 1670 est.

1970 1739 2060 1794 ιν.
2117 1739 2393 1795 Nondum
2453 1738 2800 1810 accepimus
2854 1739 3315 1798 exsultationem
3373 1759 3555 1815 super

1899 1828 2086 1885 salute
2113 1828 2343 1894 Christi,
2377 1828 2574 1884 adhuc
2605 1829 2762 1884 enim
2809 1830 3051 1884 aculeus
3087 1831 3290 1886 mortis
3321 1833 3552 1888 radices

1897 1918 1958 1973 in
1990 1918 2164 1973 nobis
2203 1917 2420 1973 inﬁxas
2447 1917 2648 1972 habet.
2691 1918 2972 1974 Nondum
3002 1919 3306 1976 induimus
3337 1937 3555 1977 novum

1899 2007 2212 2071 hominem,
2237 2006 2340 2078 qui
2359 2007 2682 2062 secundum
2699 2008 2885 2063 Deum
2909 2015 3142 2064 creatus
3155 2017 3238 2064 est
3259 2012 3320 2065 in
3331 2011 3556 2066 sancti-

1899 2101 2016 2152 tate
2033 2114 2054 2149 :
2079 2098 2222 2167 quia
2242 2095 2506 2150 nondum
2533 2095 2804 2151 exuimus
2837 2103 3083 2153 veterem
3109 2098 3424 2164 hominem,
3448 2100 3556 2170 qui

1893 2185 2046 2254 perit
2061 2185 2382 2240 secundum
2395 2185 2686 2240 desideria
2696 2185 2939 2255 fraudis
2952 2186 3303 2243 3'.Nondum
3317 2196 3554 2257 gestan-

1898 2281 1980 2330 tes
2001 2274 2318 2344 imaginem
2341 2274 2608 2337 caelestis,
2631 2274 2964 2343 conformes
2988 2276 3198 2345 gloriae
3216 2277 3385 2332 illius
3398 2277 3555 2345 facti

1898 2378 2117 2418 sumus.
2150 2363 2428 2418 Nondum
2455 2363 2841 2419 adoravimus
2875 2364 2937 2419 in
2963 2365 3197 2434 Spiritu
3227 2372 3280 2421 et
3307 2367 3556 2423 veritate

1901 2453 2102 2518 Deum,
2143 2467 2208 2507 eo
2245 2452 2405 2522 quod
2448 2451 2787 2508 dominetur
2835 2460 3145 2521 peccatum
3199 2456 3262 2510 in
3306 2456 3555 2510 mortali

1894 2549 2097 2597 nostro
2114 2542 2465 2612 corpore”.
2490 2542 2768 2597 Nondum
2789 2541 3177 2614 contemplati
3203 2560 3410 2599 sumus
3431 2543 3556 2614 glo-

1893 2632 2048 2687 riam
2073 2631 2206 2702 ejus
2250 2632 2353 2703 qui
2386 2631 2853 2702 incorruptibilis
2885 2637 3005 2687 est:
3039 2632 3240 2688 adhuc
3264 2633 3422 2688 enim
3469 2631 3548 2688 ab

1895 2720 2060 2776 illuni
2113 2726 2286 2776 nocte
2331 2719 2650 2789 agitamur.
2706 2721 2984 2775 Nondum
3029 2721 3339 2777 induimus
3382 2738 3553 2780 arma

1893 2808 2075 2875 lucis;
2109 2809 2253 2880 quia
2283 2809 2554 2864 nondum
2595 2808 2871 2864 exuimus
2902 2825 3094 2874 arma,
3129 2809 3243 2866 tela
3283 2816 3338 2866 et
3367 2827 3553 2883 opera

1893 2898 2296 2954 tenebrarum.
2363 2897 2640 2970 Nondum
2707 2897 3118 2954 transformati
3177 2916 3386 2955 sumus
3447 2916 3555 2972 per

1895 2985 2112 3042 mentis
2149 2987 2595 3042 renovationem
2626 3002 2638 3039 :
2671 2986 2870 3042 adhuc
2910 2987 3070 3042 enim
3102 2988 3554 3059 conﬁguramur

195 3080 519 3150 μορφὼθημεν
564 3085 624 3150 τῇ
678 3079 1000 3131 ἀνακαινίσει
1027 3085 1117 3131 τοῦ
1163 3082 1292 3138 νοός.
1329 3077 1447 3131 Ἔτι
1488 3083 1589 3156 γὰρ
1646 3101 1782 3134 συσ-

1895 3076 2032 3131 huic
2062 3075 2280 3131 saeculo
2311 3091 2417 3146 per
2449 3075 2661 3130 mentis
2717 3076 3063 3130 vanitatem.
3096 3077 3378 3132 Nondum
3419 3093 3552 3134 cum

186 3169 589 3240 χηματιζόμεθα
612 3174 683 3237 τῷ
723 3168 870 3220 αἰῶνι
899 3171 1065 3240 τούτῳ
1105 3166 1152 3219 έν
1187 3175 1250 3240 τῇ
1293 3176 1384 3220 τοῦ
1415 3173 1529 3232 νοός
1565 3175 1783 3242 ματαιό-

182 3261 526 3313 τητι.οὔπω
553 3264 812 3330 Χριστῷ
845 3253 1437 3328 συνεδοξάσθημεν,
1468 3255 1669 3312 διὰτὸ
1699 3265 1778 3332 μὴ

177 3348 549 3417 συμπαθεῖν
605 3349 767 3418 ἡμᾶς
824 3346 1014 3417 αὐτῷ.
1065 3350 1235 3400 Οὔπω
1289 3350 1364 3399 τὰ
1417 3353 1782 3421 στίγματαν

172 3435 376 3488 αὐτοῦ
407 3435 465 3486 ἐν
504 3443 588 3506 τῷ
629 3441 882 3506 σώματι
917 3437 1090 3506 ἡμῶν
1126 3440 1416 3509 φέρομεν,
1449 3439 1780 3510 γινόμενοιέν

169 3532 237 3595 τῷ
268 3528 558 3598 μυστηρίῳ
590 3532 682 3576 τοῦ
742 3531 971 3599 σταυροῦ
1028 3532 1119 3577 τοῦ
1150 3533 1409 3600 Χριστοῦ.
1439 3525 1558 3580 Ἔτι
1586 3530 1687 3600 γὰρ
1730 3530 1780 3580 ἐν

168 3621 277 3676 τοῖς
317 3621 596 3686 σαρκικοῖς
633 3615 912 3687 παθήμασι
961 3619 1051 3666 καὶ
1107 3623 1224 3677 ταῖς
1263 3615 1565 3688 ἐπιθυμίαις
1605 3615 1777 3690 ἐσμέν.

167 3709 332 3756 Οὔπω
395 3711 556 3758 Θεοῦ
621 3704 1017 3778 κληρονόμοι
1078 3710 1188 3758 καὶ
1253 3707 1780 3780 συγκληρονόμοι

165 3800 466 3866 Χριστοῦ
502 3799 854 3867 γεγόναμεν
880 3812 892 3824 ο
927 3795 1007 3845 ὅτι
1035 3795 1137 3867 γὰρ
1168 3802 1370 3867 πνεῦμα
1399 3791 1638 3856 δουλείας
1668 3795 1780 3847 ἐνυ-

162 3887 394 3959 πάρχει,
425 3889 514 3936 καὶ
539 3884 645 3955 οὔχ
666 3886 932 3946 υἱοθεσίας
958 3903 971 3916 ο
1018 3887 1162 3936 οὔπω
1215 3891 1568 3957 γεγόναμεν
1630 3888 1780 3946 ναός

164 3978 348 4041 Θεοῦ,
427 3978 536 4026 καὶ
619 3973 1007 4044 οἰκητήριον
1100 3977 1470 4046 Ιινεῦματος
1539 3973 1775 4045 ἁγίουο

164 4065 243 4114 ἔτι
284 4063 391 4134 γάρ
421 4061 571 4134 ἔσμεν
597 4065 713 4123 ναός
760 4059 1007 4128 εἰδώλων,
1063 4067 1153 4115 καὶ
1214 4058 1430 4134 δοχεῖον
1480 4064 1781 4134 πνευμάτων

164 4154 447 4223 πονηρίας,
474 4147 568 4203 διὰ
595 4155 691 4210 τήν
720 4153 806 4204 ἰπὶ
834 4155 900 4204 τὰ
928 4153 1071 4210 πάθη
1099 4152 1285 4226 ὁρμήν.

241 4276 316 4328 ε’.
382 4274 581 4337 Ὀντως
643 4279 744 4349 γὰρ
801 4280 944 4329 οὔπω
992 4283 1085 4329 τοῦ
1150 4279 1344 4350 τρόπου
1398 4277 1456 4327 τὸ
1515 4276 1775 4347 ἀκέραιον,

170 4371 260 4418 καὶ
285 4369 383 4424 τήν
423 4373 520 4426 τῆς
551 4362 782 4427 διανοίας
823 4365 1170 4440 λαμπρότητα
1202 4364 1556 4437 έκτησάμεθα.
1618 4368 1778 4418 Οὔπω

169 4455 573 4526 κατηξιώθημεν
621 4463 712 4508 τοῦ
757 4451 950 4507 ἀδόλου
979 4460 1070 4508 καὶ
1119 4455 1334 4526 λογικοῦ
1377 4453 1657 4527 γάλακτος,
1689 4459 1779 4507 καὶ

167 4553 266 4604 τῆς
292 4551 486 4606 νοητῆς
546 4543 833 4606 αὐξήσεως.
891 4547 1049 4597 Οὔπω
1097 4546 1223 4616 ἡμῖν
1255 4545 1426 4616 ἡμέρα
1465 4541 1774 4615 διηύγασεν,

161 4642 283 4687 οὔτε
304 4634 566 4707 ἑωσφόρος
607 4633 655 4685 έν
680 4642 796 4695 ταῖς
844 4630 1089 4705 καρδίαις
1118 4635 1264 4706 ἡμῶν
1292 4632 1556 4686 ἀνέτειλεν.
1617 4636 1778 4685 Οὔπω

162 4725 557 4798 συνεκράθημεν
591 4730 662 4793 τῷ
711 4723 838 4794 ἡλίῳ
896 4731 988 4785 τῆς
1041 4720 1404 4787 δικαιοσύνης,
1459 4724 1603 4774 οὔπω
1661 4729 1776 4784 ταῖς

162 4813 329 4865 αὑτοῦ
388 4811 832 4885 συνηστράψαμεν
893 4811 1123 4864 ἀκτῖσιν.
1211 4815 1370 4864 Οὔπω
1424 4810 1774 4883 ἀπειλήφαμεν

161 4906 266 4959 τήν
319 4908 410 4954 τοῦ
463 4906 658 4974 Κυρίου
708 4901 981 4972 ὁμοίωσιν,
1030 4905 1172 4953 οὔτε
1240 4903 1596 4973 γεγόναμεν
1660 4907 1776 4961 τῆς

165 4993 348 5053 θείας
403 4993 651 5063 φύσεως
705 4995 1025 5043 κοινωνοί.
1061 4993 1220 5043 Οὔπω
1249 4993 1530 5061 γεγόναμεν
1587 4985 1772 5050 ἄδολος

163 5083 409 5156 πορφύρα
485 5078 762 5152 βασιλική,
831 5084 948 5133 οὔτε
1019 5079 1292 5141 ἀνόθευτος

165 5173 329 5221 Οὔπω
383 5170 680 5244 ἐτρώθημεν
751 5179 823 5222 τῶ
879 5173 996 5241 θείῳ
1069 5173 1235 5245 ἔρωτι,
1298 5171 1412 5221 οὔτε
1473 5168 1770 5239 ἐπλήγημεν

165 5259 269 5310 ὑπὸ
325 5268 421 5321 τῆς
462 5267 819 5332 πνευματικῆς
889 5259 1099 5331 ἀγάπης
1147 5265 1238 5312 τοῦ
1286 5263 1548 5331 Νυμφίου.
1609 5260 1769 5308 Οὔπω

167 5351 263 5405 τὴν
315 5350 583 5423 ἄφραστον
652 5353 918 5401 κοινωνίαν
977 5347 1346 5423 ἐγνωρίσαμεν,
1415 5350 1531 5400 οὔτε
1587 5350 1675 5404 τὴν
1720 5344 1768 5397 ἐν

1372 5079 1520 5132 εἰκὼν
1601 5081 1767 5137 θεῖκὴ.

171 5436 417 5510 ἁγιασμῷ
473 5435 696 5510 δύναμιν
756 5444 844 5491 καὶ
903 5439 1107 5510 εἰρήνην
1160 5437 1466 5510 ἐπέγνωμεν.
1536 5439 1637 5488 Καὶ
1685 5432 1769 5487 ἳνα

1893 3162 2125 3220 Christo
2137 3164 2731 3234 gloriﬁcatisumusm
2741 3165 2840 3220 uia
2857 3179 2974 3219 non
2990 3167 3388 3234 compatimur
3403 3166 3552 3222 illi"

1888 3253 2171 3309 Nondum
2215 3253 2496 3323 stigmata
2525 3253 2692 3308 illius
2719 3252 2782 3307 in
2827 3268 3075 3321 corpore
3114 3260 3318 3310 nostro
3361 3261 3554 3324 gesta-

1890 3359 2019 3399 mus
2040 3344 2110 3412 ³⁵,
2152 3349 2458 3398 versantes
2498 3342 2558 3397 in
2601 3341 2883 3413 mysterio
2915 3343 3106 3398 crucis
3155 3343 3405 3399 Christi:
3452 3343 3556 3400 ad-

1889 3433 2008 3489 huc
2036 3433 2197 3488 enim
2229 3431 2572 3487 carnalibus
2599 3430 3015 3487 affectionibus
3045 3437 3102 3487 et
3127 3433 3557 3505 concupiscen-

1890 3523 1984 3578 tiis
2007 3521 2250 3578 obnoxii
2285 3537 2514 3576 sumus.
2542 3521 2818 3577 Nondum
2847 3521 2960 3577 Dei
2987 3520 3268 3590 heredes,
3295 3528 3350 3579 et
3371 3523 3554 3579 cohae-

1889 3612 2054 3669 redes
2083 3610 2309 3668 Christi
2323 3610 2478 3679 facti
2500 3610 2788 3665 sumus‘”
2815 3626 2825 3663 :
2851 3610 3094 3681 spiritus
3117 3611 3276 3667 enim
3308 3611 3557 3668 servitu-

1890 3701 1966 3756 tis
2022 3702 2080 3756 in
2138 3701 2311 3756 nobis
2378 3700 2576 3756 adhuc
2621 3701 2868 3767 exsistit,
2916 3704 2971 3756 et
3019 3715 3140 3755 non
3186 3701 3550 3772 adoptionis.

1890 3791 2167 3846 Nondum
2215 3789 2351 3844 facti
2403 3805 2607 3844 sumus
2647 3791 2934 3858 templum
2975 3790 3240 3860 Spiritus
3268 3791 3550 3857 sancti“,

1892 3895 2102 3934 sumus
2151 3879 2308 3933 enim
2357 3877 2556 3933 adhuc
2606 3877 2898 3948 templum
2943 3878 3264 3946 idolorum,
3293 3884 3348 3934 et
3387 3895 3552 3935 rece-

1889 3967 2196 4040 ptaculum
2221 3967 2538 4038 spirituum
2562 3965 2825 4030 malitiae,
2850 3971 3092 4038 propter
3113 3967 3404 4039 impetum
3423 3968 3552 4024 ani-

1892 4072 2008 4113 mm
2039 4056 2116 4112 ad
2149 4055 2513 4112 affectiones.

1963 4272 2026 4328 V.
2088 4273 2308 4327 Revera
2361 4270 2523 4326 enim
2590 4283 2828 4325 morum
2879 4268 3347 4341 simplicitatem,
3416 4269 3546 4326 ani-

1889 4362 2094 4434 mique
2120 4360 2314 4416 lucem
2347 4359 2617 4415 nondum
2651 4359 2954 4414 consecuti
2986 4374 3220 4413 sumus.
3269 4362 3546 4416 Nondum

1889 4450 2054 4521 digni
2079 4465 2290 4505 sumus
2319 4448 2505 4504 habiti
2532 4448 2764 4503 sincero
2789 4451 2844 4502 et
2872 4447 3252 4503 intellectuali
3290 4447 3462 4514 lacte,
3491 4453 3548 4504 et

1887 4539 2220 4595 intellectus
2304 4538 2691 4594 incremento.
2762 4535 3037 4592 Nondum
3107 4535 3296 4592 illuxit
3367 4537 3545 4594 nobis

1887 4628 2034 4695 dies,
2067 4643 2262 4700 neque
2300 4625 2507 4682 lucifer
2535 4627 2596 4681 in
2641 4625 2927 4682 cordibus
2969 4627 3186 4680 nostris
3217 4630 3383 4682 ortus
3435 4632 3543 4682 est.

1887 4717 2162 4774 Nondum
2194 4715 2461 4788 permisti
2494 4731 2706 4770 sumus
2742 4714 2873 4770 Sole
2899 4714 3164 4784 justitim,
3209 4730 3319 4770 nec
3345 4715 3545 4771 adhuc

1883 4807 2038 4863 illius
2067 4807 2249 4862 radiis
2277 4805 2594 4876 fulgemus.
2627 4803 2903 4860 Nondum
2931 4803 3275 4874 accepimus
3308 4804 3539 4860 Domini

1884 4895 2356 4960 similitudinem,
2391 4910 2498 4950 nec
2524 4892 2850 4963 participes
2882 4891 3101 4948 divina
3130 4895 3367 4948 naturae
3384 4893 3540 4962 facti

1881 4987 2188 5042 sumusw.
2233 4983 2510 5040 Nondum
2550 4981 2693 5038 facti
2732 4998 2943 5036 sumus
2989 4980 3224 5037 sincera
3273 4997 3541 5053 purpura

1881 5077 2062 5146 regia,
2105 5090 2214 5130 nec
2261 5071 2524 5142 genuina
2553 5071 2756 5141 imago
2804 5070 2920 5126 Dei.
2968 5071 3243 5125 Nondum
3289 5070 3540 5126 sauciati

1881 5181 2092 5221 sumus
2129 5178 2334 5219 amore
2363 5160 2590 5224 divino,
2632 5175 2740 5215 nec
2773 5159 3038 5231 percussi
3073 5158 3368 5230 spirituali
3399 5159 3536 5215 cha-

1879 5255 2048 5311 ritate
2116 5251 2350 5324 Sponsi.
2428 5249 2704 5305 Nondum
2756 5247 3124 5304 ineffabilem
3191 5248 3535 5305 societatem

1879 5343 2292 5413 cognovimus,
2341 5354 2534 5410 neque
2561 5338 2676 5393 vim
2706 5343 2760 5392 et
2801 5352 3034 5408 pacem,
3068 5352 3204 5410 quas
3233 5338 3291 5392 in
3324 5337 3535 5393 sancti-

1878 5433 2153 5489 ﬁcatione
2196 5434 2303 5495 est,
2359 5427 2773 5498 cognovimus.
2808 5428 2874 5481 Et
2929 5431 2992 5483 ut
3030 5426 3286 5482 breviter
3330 5427 3538 5484 omnia

249 5562 295 5597 ³⁸
332 5562 550 5636 Ephes.
582 5578 662 5636 iv,
708 5561 894 5636 νεαρ.
971 5563 1038 5597 sv
1064 5563 1084 5617 ι
1115 5563 1260 5636 Cor._
1303 5577 1405 5636 xv,
1428 5563 1524 5636 49,
1547 5561 1715 5616 Rom.
1747 5573 1782 5636 v_

1900 5561 2001 5636 2_9_§
2031 5556 2203 5636 gyan.
2234 5569 2315 5635 ιν,
2337 5552 2404 5636 2ft
2433 5570 2450 5624 ;
2483 5553 2654 5608 Rom.
2689 5566 2768 5618 γι,
2821 5553 2910 5607 22.
2988 5549 3036 5584 ³⁸
3086 5551 3258 5631 Rom.
3290 5565 3411 5617 vni,
3447 5553 3533 5609 17.

174 5630 224 5666 ³⁸
252 5626 431 5691 δαιᾱι.
456 5651 536 5700 vr,
569 5626 658 5689 17.
741 5626 813 5669 ’δ’
844 5635 1012 5690 Rom.
1045 5649 1164 5702 vm,
1192 5634 1282 5692 17.
1362 5626 1410 5669 ³⁸
1441 5636 1460 5688 1
1487 5633 1615 5688 Cor.
1647 5646 1729 5696 ιιι,
1760 5630 1782 5686 l

1928 5628 2001 5664 ³⁶⁶
2033 5627 2078 5681 ΙΙ
2106 5627 2250 5682 Petr.
2284 5629 2325 5692 i,
2352 5626 2406 5680 4.
