4076 6210
482 228 579 282 671
1763 216 1825 273 S.
1869 211 2110 270 MACAH

2220 212 2522 271 EGYPTII

3727 217 3845 273 672

471 353 872 424 complectens
893 351 1112 415 dicam,
1129 348 1401 405 nondum
1424 361 1631 402 sumus
1648 358 1831 415 genus
1849 341 2110 408 electum,

2236 344 2454 393 συνελὼν
2486 344 2654 394 πάντα
2679 344 2824 406 εἴπω,
2853 341 2996 393 οὔπω
3026 338 3210 412 έσμεν
3271 344 3451 412 γένος
3516 340 3838 409 ἐκλεκτὸν,

472 444 674 512 regale
686 441 1075 498 sacerdotium
1101 455 1245 509 gens
1272 444 1502 501 sancta,
1515 436 1794 505 populus,
1811 430 2125 503 quiacqui-

472 538 570 587 rat
581 531 998 600 possessionem
1017 530 1140 590 36“;
1170 527 1310 600 quia
1324 527 1523 583 adhuc
1535 540 1735 581 sumus
1747 527 2040 591 serpentes
2053 534 2124 576 ac

469 622 777 691 progenies
814 620 1158 689 viperarum
1173 619 1240 670 ³⁷.

542 744 636 798 VI.
687 745 813 809 Quo
860 750 1037 814 pacto
1076 757 1215 797 vero
1247 756 1369 796 non
1409 743 1711 810 serpentes
1745 751 1973 799 sumus,
2019 732 2120 804 qui

471 836 529 890 in
570 834 909 889 obedientia
938 832 1037 887 Dei
1068 832 1337 887 necdum
1369 829 1615 902 quidem
1634 826 1981 899 reperimur,
2016 822 2120 877 sed

476 926 676 980 adhuc
724 925 780 979 in
832 923 1236 978 inobedientia
1283 935 1389 991 per
1428 923 1761 989 serpentem
1810 915 2057 969 inducta
2093 911 2121 966 ‘i

474 1016 851 1085 Quapropter
877 1027 997 1087 quo
1031 1016 1205 1081 pacto
1236 1008 1378 1064 satis
1409 1007 1587 1076 digne
1613 1006 1852 1076 lugeam
1878 1002 2120 1059 calami-

470 1110 677 1167 tatem,
711 1118 830 1158 non
859 1100 1117 1164 invenio,
1150 1104 1205 1154 et
1235 1114 1356 1171 quo
1388 1102 1563 1169 pacto
1602 1093 1885 1165 lacrymis
1915 1091 2119 1147 effusis

471 1193 728 1247 clamare
764 1192 1017 1245 debeam
1064 1190 1141 1245 ad
1180 1204 1340 1256 eum,
1389 1186 1492 1258 qui
1529 1190 1724 1257 potest
1755 1196 2011 1237 errorem
2056 1180 2117 1234 in

472 1298 565 1337 me
607 1282 977 1336 habitantem
1019 1279 1134 1350 93
1184 1277 1446 1346 abigere,
1482 1275 1740 1343 ignoro?
1771 1274 1899 1337 Quo
1941 1275 2117 1342 pacto

468 1386 606 1424 vero
652 1370 908 1425 cantabo
955 1372 1251 1422 canticum
1306 1364 1535 1419 Domini
1570 1364 1626 1418 in
1667 1368 1819 1417 terra
1867 1359 2117 1414 aliena?

468 1461 595 1525 Quo
627 1463 800 1530 pacto
830 1456 1047 1525 lugebo
1072 1454 1398 1509 Jerusalem
1418 1454 1447 1505 ?
1474 1454 1601 1517 Quo
1623 1455 1799 1523 pacto
1832 1447 2118 1516 effugiam

466 1546 681 1601 duram
732 1546 1069 1599 servitutem
1112 1542 1435 1597 Pharaonis
1473 1541 1502 1592 ‘2
1549 1541 1675 1605 Quo
1720 1541 1897 1609 pacto
1947 1536 2119 1591 relin-

466 1650 649 1707 quam
682 1636 1011 1688 obscenum
1040 1632 1361 1687 incolatum
1380 1631 1409 1682 ‘I
1439 1631 1567 1695 Quo
1595 1633 1770 1700 pacto
1799 1625 2118 1698 abnegabo

465 1724 654 1779 diram
702 1721 1130 1794 tyrannidem?
1176 1722 1303 1785 Quo
1358 1725 1533 1790 pacto
1574 1716 1907 1787 egrediara
1963 1722 2118 1769 terra

467 1813 705 1884 i-Egypti
727 1812 754 1865 εἰ
786 1813 913 1876 Quo
940 1818 1115 1882 pacto
1153 1808 1418 1864 transibo
1451 1807 1716 1863 Rubrum
1754 1803 1958 1860 mare?
1988 1803 2117 1870 Quo

466 1908 636 1971 pacto
664 1900 997 1972 peragrabo
1028 1900 1239 1969 ingens
1262 1898 1560 1953 desertum
1583 1894 1610 1949 ‘t‘
1635 1896 1763 1961 Quo
1789 1899 1964 1965 pacto
1994 1908 2116 1948 non

465 2006 724 2062 peream.
764 2006 1003 2045 morsus
1021 2006 1055 2043 a
1079 1986 1496 2059 serpentibus?
1519 1988 1646 2051 Quo
1679 1988 1855 2055 pacto
1877 1984 2115 2037 vincam

467 2079 835 2150 alienigenas
855 2079 884 2131 ‘?
906 2080 1032 2143 Quo
1064 2083 1239 2149 pacto
1261 2076 1472 2131 delebo
1491 2080 1693 2144 gentes
1711 2073 1873 2144 apud
1893 2087 1987 2127 me
2008 2071 2118 2127 ha-

464 2167 769 2224 bitantes?
811 2170 937 2233 Quo
998 2176 1170 2238 pacto
1216 2165 1540 2236 suscipiam
1586 2163 1643 2217 in
1700 2161 1919 2217 talibus
1968 2161 2113 2214 meis

465 2258 705 2330 eloquia
748 2257 965 2311 divinae
995 2255 1187 2327 legis?
1224 2256 1351 2319 Quo
1391 2261 1567 2324 pacto
1598 2251 1873 2307 intuebor
1914 2265 2115 2304 veram

465 2348 808 2403 columnam
852 2346 1000 2399 lucis
1028 2362 1097 2399 ac
1126 2344 1304 2398 nubis
1345 2361 1380 2397 a
1413 2343 1627 2411 Spiritu
1676 2348 1883 2397 sancto
1919 2338 2115 2411 profe-

466 2443 571 2491 ctae
595 2436 621 2489 ‘?
650 2440 775 2500 Quo
808 2441 981 2505 pacto
1010 2449 1215 2488 vescar
1247 2448 1469 2487 manna
1500 2438 1858 2485 internarum
1881 2429 2116 2483 deiicna-

464 2526 643 2581 rum?
672 2524 799 2591 Quo
832 2529 1005 2593 pacto
1037 2522 1238 2576 bibam
1272 2537 1495 2591 aquam
1522 2537 1590 2574 ex
1626 2525 1793 2589 petra
1826 2516 2060 2572 viviﬁca
2088 2514 2116 2569 ‘i’

466 2616 590 2679 Quo
636 2619 808 2683 pacto
851 2612 1200 2666 transmisso
1239 2610 1498 2664 Jordane
1546 2607 1846 2678 ingrediar
1883 2607 2113 2661 bonum

466 2707 682 2757 terram
703 2700 1118 2771 promissionis
1136 2697 1162 2751 ’ἲ
1192 2700 1315 2763 Quo
1344 2704 1517 2769 pacto
1544 2696 1759 2751 videbo
1778 2694 2111 2767 principem

462 2792 747 2846 exercitus
779 2788 1031 2853 Domini,
1063 2804 1245 2860 quem
1282 2786 1718 2857 contemplatus
1749 2787 1915 2840 Jesus
1953 2783 2112 2838 ﬁlius

462 2883 643 2944 Nave,
672 2878 729 2933 in
753 2894 950 2949 genua
981 2876 1329 2949 provolutus
1347 2876 1632 2931 continuo
1653 2873 1972 2931 adoravit?

534 2986 645 3040 VIl.
678 2986 797 3040 Nisi
825 2985 983 3041 enim
1012 2986 1070 3039 in
1102 2985 1196 3040 his
1232 2984 1515 3040 omnibus
1542 2987 1810 3038 versatus
1839 2981 2111 3036 delevero

460 3075 795 3131 habitantes
825 3076 883 3129 in
912 3092 1005 3129 me
1028 3080 1251 3144 gentes,
1282 3089 1664 3145 nequaquam
1695 3072 1998 3141 ingressus
2023 3086 2110 3126 re-
2149 3064 2188 3119 C

454 3166 765 3238 quiescam
784 3166 839 3219 in
860 3164 1199 3219 sanctuario
1226 3165 1344 3229 Dei,
1370 3178 1476 3217 nec
1498 3163 1796 3233 particeps
1816 3161 1957 3216 ﬁam
1984 3160 2108 3230 glo-

453 3256 553 3309 rias
594 3256 766 3323 regis.
820 3255 1192 3325 Quapropter
1222 3251 1515 3306 contende
1547 3250 1877 3319 diligenter,
1922 3256 1984 3305 ut
2023 3250 2108 3305 in-

453 3343 727 3415 culpatus
778 3344 933 3397 filius
969 3343 1066 3397 Dei
1106 3341 1350 3405 evadas,
1395 3347 1452 3395 et
1499 3341 1659 3395 illam
1698 3340 1961 3411 requiem
2015 3341 2106 3395 in-

454 3432 767 3501 grediaris,
783 3448 904 3503 quo
921 3446 1255 3502 praacursor
1268 3430 1532 3485 Christus
1554 3444 1656 3499 pro
1676 3429 1848 3484 nobis
1863 3429 2101 3484 introiit.

451 3520 775 3589 Contende,
819 3528 876 3575 ut
911 3519 1269 3575 describaris
1308 3519 1364 3573 in
1411 3518 1665 3574 Ecclesia
1704 3517 1923 3573 caelesti
1966 3533 2103 3573 cum

454 3610 1014 3680 primogenitis,quo
1027 3609 1339 3680 reperiaris
1355 3609 1410 3662 in
1428 3608 1633 3663 dextra
1649 3606 2101 3677 magniﬁcentiae

450 3699 758 3755 Attissimi.
791 3699 1108 3761 Contende,
1141 3698 1574 3768 utingrediaris
1603 3705 1876 3753 sanctam
1906 3696 2105 3752 civita-

453 3794 590 3853 tem,
622 3790 786 3860 pacis
826 3790 1091 3860 plenam,
1132 3796 1186 3843 et
1234 3803 1558 3859 supernam
1598 3786 1948 3851 Jerusalem,
1998 3786 2104 3842 ubi

449 3879 629 3934 etiam
670 3884 757 3933 est
804 3877 1141 3949 paradisus.
1186 3876 1569 3932 Admirandis
1608 3877 1765 3931 enim
1808 3892 1876 3932 ac
1914 3876 2103 3931 beatis

452 3967 884 4038 speciminibus
910 3968 1001 4022 his
1020 3982 1139 4021 non
1167 3967 1333 4022 aliter
1360 3966 1577 4035 dignus
1596 3966 1968 4038 reputabere,
1993 3966 2105 4021 nisi

445 4056 745 4129 lacrymas
786 4062 964 4112 noctu
996 4056 1218 4128 diuque
1250 4055 1543 4122 eﬁundas,
1588 4056 1919 4111 secundum
1961 4071 2102 4111 eum

448 4146 551 4217 qui
573 4146 744 4201 dicit:
773 4146 1006 4201 Lavabo
1026 4160 1136 4215 per
1152 4146 1420 4214 singulas
1445 4150 1639 4200 noctes
1656 4146 1868 4201 lectum
1888 4160 2101 4210 meum,

450 4237 512 4289 in
530 4236 813 4304 lacrymis
830 4237 972 4290 meis
988 4238 1240 4289 stratum
1255 4248 1445 4289 meum
1461 4234 1667 4304 rigabo
1686 4235 1777 4285 ³⁷⁸.
1795 4238 1919 4289 Νοιι
1941 4236 2102 4288 enim

450 4324 714 4393 ignoras.
741 4324 1020 4394 quodqui
1040 4326 1333 4378 seminant
1348 4324 1407 4377 in
1427 4323 1730 4392 lacrymis,
1755 4323 1815 4377 in
1838 4324 2103 4379 exsulta-

2233 428 2570 504 βασίλειον
2630 433 2993 506 ἱεράτευμα,
3049 432 3222 491 ἔθνος
3287 433 3494 503 άγιον,
3560 430 3711 491 λαός
3750 430 3844 491 εἰς

2230 526 2696 594 περιποίησινο
2784 517 3011 579 ἐπειδὴ
3082 516 3150 572 δὲ
3234 522 3324 573 ἔτι
3385 522 3570 593 ἐσμεν
3637 524 3837 593 ὄφεις,

2228 615 2592 684 γεννήματα
2622 606 2923 683 ἐχιδνῶν,

2302 735 2373 800 ς’·
2438 743 2553 796 Πῶς
2611 732 2670 789 δὲ
2730 735 2824 788 ούκ
2854 738 3011 807 ὄφεις,
3044 735 3092 787 οἱ
3148 738 3219 804 μή
3264 733 3313 786 iv
3368 741 3431 805 τῇ
3488 735 3689 806 ὑπακοῇ
3739 740 3844 785 τοῦ

2229 834 2362 879 Θεοῦ
2404 828 2780 899 εὑρισκόμενοι,
2832 824 2937 876 ἀλλ’
2988 822 3037 875 ἐν
3091 831 3152 896 τῇ
3206 819 3299 876 διά
3344 830 3435 876 τοῦ
3487 828 3646 895 ὄφεως
3694 842 3844 894 γενο-

2227 920 2350 988 μένη
2411 924 2697 988 παρακοῇ;
2751 914 2836 967 ἐπὶ
2891 916 3095 973 τούτοις
3140 917 3331 977 τοίνυν,
3380 920 3486 973 πῶς
3526 915 3617 983 μεν
3674 910 3841 974 ἀξίως

2227 1002 2501 1079 ὀδύρωμαι
2548 1010 2642 1064 τὴν
2691 1006 2981 1076 συμφορὰν,
3033 1002 3137 1073 ούχ
3186 1003 3432 1075 εὑρίσκω.
3482 1008 3593 1062 Πῶς
3641 998 3702 1054 δὲ
3749 1000 3843 1052 ἐκ-

2227 1093 2427 1155 ϐοήσας
2480 1091 2730 1165 δακρύσω
2780 1096 2904 1165 πρὸς
2961 1095 3047 1143 τόν
3107 1086 3388 1162 δυνάμενον
3447 1089 3682 1152 ἐξελάσαι
3736 1094 3838 1148 τήν

2227 1196 2275 1246 έν
2306 1181 2418 1255 ἐμοὶ
2470 1183 2811 1254 αύλιζομένην
2841 1181 3032 1238 πλάνην
3064 1178 3232 1251 ἀγνοῶ
3262 1197 3274 1207 ·
3313 1186 3425 1241 Πῶς
3474 1176 3533 1232 δὲ
3565 1180 3680 1249 ᾅσω
3737 1184 3840 1237 τήν

2228 1269 2370 1343 ᾠδὴν
2418 1277 2610 1344 Κυρίου
2656 1271 2742 1324 ἐπὶ
2788 1279 2888 1342 γῆς
2941 1268 3242 1344 ἀλλοτρίας;
3279 1276 3389 1329 Πῶς
3444 1270 3686 1342 θρηνήσω
3738 1273 3842 1326 τήν

2225 1361 2610 1437 “Ιερουσαλήμ;
2670 1367 2783 1422 Πῶς
2829 1359 3078 1431 ἀποφύγω
3124 1363 3214 1417 τήν
3260 1359 3537 1433 μοχθηρὰν
3591 1355 3840 1411 δουλείαν

2227 1460 2319 1503 τοῦ
2348 1457 2570 1525 Φαραῶ;
2618 1458 2734 1512 Πῶς
2780 1448 3047 1501 καταλίπω
3096 1452 3189 1507 τήν
3235 1447 3469 1519 αἰσχρὰν
3513 1455 3837 1522 παροικίαν;

2229 1546 2343 1603 Πῶς
2385 1540 2693 1613 ἀρνήσωμαι
2740 1544 2833 1597 τήν
2858 1540 3048 1610 πικρὰν
3095 1534 3420 1610 τυραννίδα;
3476 1546 3583 1599 πῶς
3639 1536 3834 1599 ἐξέλθω

2226 1629 2279 1681 ἐκ
2325 1638 2425 1700 γῆς
2480 1630 2787 1700 Αἰγύπτου;
2846 1635 2961 1689 Πῶς
3020 1630 3231 1702 περάσω
3286 1631 3377 1684 τήν
3436 1627 3687 1699 Ἐρυθρὰν
3742 1628 3841 1679 θοί-

2148 1701 2186 1755 B
2225 1718 2462 1787 λασσαν;
2523 1726 2638 1778 Πῶς
2697 1718 2933 1791 παρέλθω
2991 1701 3091 1775 τήν
3134 1716 3363 1788 μεγάλην
3416 1718 3647 1788 ἕρημον;
3710 1722 3838 1779 Πῶς

2225 1813 2294 1879 μὴ
2326 1808 2597 1879 ἀπόλωμαι
2635 1802 2857 1878 δηχθεὶς
2907 1806 3007 1856 ύπὸ
3043 1812 3141 1856 τῶν
3199 1808 3397 1876 ὅφεων;
3456 1810 3567 1865 Πῶς
3622 1809 3835 1861 νικήσω

2224 1901 2343 1959 τοὺς
2384 1896 2727 1969 ἀλλοφύλους;
2764 1902 2879 1957 Πῶς
2927 1894 3275 1967 έξολοθρεύσω
3305 1896 3371 1945 τά
3418 1896 3465 1945 iv
3492 1893 3605 1966 ἐμοὶ
3663 1895 3829 1951 ἓθνηε

2226 1993 2343 2048 Πῶς
2370 1982 2601 2058 δέξωμαι
2648 1985 2697 2037 iv
2728 1992 2839 2045 ταῖς
2891 1982 3034 2056 ἐμαῖς
3058 1983 3214 2046 πλαξὶ
3241 1985 3306 2036 τὰ
3360 1982 3512 2053 λόγια
3540 1990 3630 2035 τοῦ
3687 1984 3834 2035 θείου

2223 2081 2419 2148 νόμου;
2454 2083 2570 2137 Πῶς
2621 2074 2819 2147 ὄψομαι
2873 2076 2960 2126 τὸν
2990 2073 3232 2131 ἀληθινὸν
3284 2072 3466 2125 στύλον
3492 2080 3584 2125 τοῦ
3634 2076 3831 2144 φωτὸς,

2223 2172 2312 2218 καὶ
2349 2176 2442 2228 τῆς
2486 2164 2540 2217 ἐκ
2579 2173 2670 2218 τοῦ
2714 2163 2867 2236 ἁγίου
2906 2166 3199 2235 Πνεύματος
3242 2161 3487 2234 νεφεληςς
3536 2168 3647 2221 Πῶς
3701 2160 3833 2213 ἀπο-

2222 2255 2397 2308 λαύσω
2443 2262 2532 2306 τοῦ
2570 2256 2737 2327 μάννα
2784 2262 2874 2313 τῆς
2918 2248 3095 2304 ἀϊδίου
3146 2258 3387 2326 τρυφῇς;
3444 2256 3559 2311 Πῶς
3611 2254 3716 2301 πίω
3770 2254 3831 2302 τὸ

2223 2344 2278 2397 ἐκ
2329 2352 2425 2404 τῆς
2472 2344 2730 2405 ζωοποιου
2782 2344 2974 2415 πέτρας
3028 2339 3211 2415 ῦδωρ;
3269 2346 3382 2401 Πῶς
3437 2338 3674 2411 παρέλθω
3740 2343 3827 2391 τόν

2224 2430 2514 2506 Ἰορδάνην,
2567 2432 2805 2485 εἰσελθὼν
2856 2431 2928 2491 εἰς
2973 2435 3066 2488 τήν
3107 2429 3303 2501 ἀγαθήν
3353 2436 3452 2499 γῆν
3507 2436 3601 2491 τῆς
3663 2427 3823 2500 ἔπαγ-

2220 2522 2432 2594 γελίας;
2467 2529 2579 2583 Πῶς
2608 2518 2709 2573 ἴδω
2755 2524 2843 2572 τόν
2876 2518 3310 2593 ἀρχιστράτηγον
3352 2522 3567 2591 Κυρίου,
3603 2518 3655 2568 ὃν
3701 2514 3830 2569 ἰδὼν

2223 2614 2249 2662 ό
2280 2611 2482 2672 Ἰησοῦς
2517 2613 2542 2664 ό
2589 2618 2682 2663 τοῦ
2728 2616 2903 2675 Ναυῆ,
2962 2612 3132 2661 πεσὼν
3189 2615 3523 2682 παραχρῆμα
3567 2610 3827 2679 προσεκύ·

2221 2720 2375 2759 νησεν
2406 2717 2419 2767 ;

2290 2987 2365 3040 Z'.
2424 2988 2542 3040 Ἐἀν
2598 2988 2700 3059 γὰρ
2758 2989 2828 3058 μή
2900 2979 2993 3037 διὰ
3044 2985 3238 3035 τούτων
3284 2984 3491 3035 πάντων
3533 2984 3817 3053 γενόμενος,

2219 3078 2567 3152 ἑξολοθρεύσω
2614 3078 2680 3129 τὰ
2709 3074 2757 3127 iv
2806 3073 2919 3142 ἐμοὶ
2950 3075 3091 3141 ἔθνη,
3140 3072 3199 3125 ού
3229 3076 3300 3143 μή
3362 3072 3600 3125 εἰσελθὼν
3650 3090 3825 3123 κατα-

2217 3171 2405 3221 παύσω
2431 3167 2503 3229 εἰς
2550 3169 2607 3218 τὸ
2640 3165 2984 3239 ἀγιαστήριον
3015 3170 3105 3215 τοῦ
3145 3166 3292 3228 Θεοῦ,
3320 3158 3444 3214 οῦδε
3472 3166 3542 3233 μή
3598 3164 3829 3233 μέτοχος

2215 3262 2444 3330 γένωμαι
2490 3264 2585 3317 τῆς
2638 3254 2899 3328 βασιλέως
2933 3249 3107 3315 δόξης.
3161 3258 3452 3324 Τοιγαροῦν
3510 3246 3823 3304 σπούδασον

2215 3348 2429 3419 ἄμωμον
2458 3349 2631 3398 τέκνον
2686 3352 2820 3397 Θεοῦ
2857 3344 3115 3414 γενέσθαι,
3158 3346 3247 3393 καὶ
3306 3339 3544 3393 εἰσελθεῖν
3572 3339 3645 3401 εἰς
3695 3339 3830 3392 ἑκεί-

2214 3456 2304 3494 νην
2362 3440 2455 3494 τήν
2519 3437 2872 3503 κατάπαυσιν,
2934 3433 3061 3485 ὃπου
3115 3427 3415 3505 πρόδρομος
3491 3430 3618 3501 ὑπερ
3676 3431 3828 3503 ἡμῶν

2216 3525 2423 3585 εἰσῆλθε
2469 3529 2718 3599 Χριστός.
2773 3519 3079 3576 Σπούδασον
3133 3520 3501 3593 ἀπογραφῆναι
3549 3518 3598 3571 iv
3652 3528 3717 3591 τῇ
3776 3518 3827 3572 ἐν

2215 3611 2451 3688 οὐρανοῖς
2504 3613 2792 3684 Ἐκκλησία
2842 3614 2971 3685 μετά
3017 3620 3115 3663 τῶν
3162 3614 3518 3684 πρωτοτόκων,
3554 3609 3694 3671 ὁπως
3744 3610 3829 3662 εύ-

2213 3706 2369 3777 ρεθῇς
2398 3707 2445 3756 ἓν
2493 3700 2643 3774 δεξιᾲ
2690 3710 2781 3763 τῆς
2823 3702 3194 3775 μεγαλωσύνης
3219 3707 3310 3752 τοῦ
3362 3698 3618 3769 Υψίστου.
3654 3702 3826 3751 Σπού-

2216 3790 2380 3846 δασον
2411 3793 2651 3846 εἰσελθεῖν
2678 3792 2749 3853 εἰς
2783 3796 2876 3850 τὴν
2914 3790 3065 3861 ἁγίαν
3097 3789 3263 3854 πόλιν,
3305 3793 3399 3847 τήν
3430 3788 3827 3863 εἰρηνευομένην

2211 3878 2571 3956 Ἰερουσαλὴμ,
2624 3887 2713 3934 καὶ
2768 3880 3053 3945 ἀνωτάτην,
3104 3880 3222 3930 ἔνθα
3246 3884 3336 3930 καὶ
3389 3879 3414 3929 ὁ
3474 3874 3822 3950 παράδεισος.

2212 3976 2417 4027 Τούτων
2472 3975 2569 4047 γὰρ
2640 3980 2739 4024 τῶν
2791 3973 3104 4043 θαυμαστῶν
3176 3973 3266 4020 καὶ
3316 3972 3584 4040 μακαρίων
3647 3988 3827 4042 παρα-

2216 4060 2532 4135 δειγμάτων,
2614 4065 2719 4133 οὐχ
2776 4059 2958 4135 ἑτέρως
3009 4078 3113 4119 πως
3182 4057 3576 4131 καταξιωθήση,
3628 4057 3673 4111 εἰ
3742 4063 3819 4131 μή

2213 4157 2511 4226 καταφέρεις
2568 4148 2778 4223 δάκρυα
2853 4152 3050 4222 ἡμέρας
3096 4153 3186 4200 καὶ
3266 4150 3467 4210 νυκτὸς,
3523 4150 3658 4199 κατὰ
3728 4151 3822 4200 τόν

2211 4241 2462 4313 λέγοντα·
2521 4243 2746 4294 Λούσω
2782 4241 2918 4291 καθ’
2958 4238 3235 4295 ἑκάστην
3274 4240 3471 4289 νύκτα
3531 4241 3643 4295 τὴν
3681 4237 3815 4289 κλί-

2212 4350 2319 4389 νην
2372 4349 2510 4403 μου,
2550 4328 2607 4382 έν
2648 4326 2933 4403 δάκρυσί
2972 4347 3090 4399 μου
3157 4331 3269 4384 τήν
3311 4330 3645 4399 στρωμνήν
3683 4346 3813 4398 μου

451 4413 606 4466 tione
638 4412 932 4467 metent".
958 4412 1273 4482 Propterea
1298 4411 1543 4466 ﬁdenter
1560 4411 1750 4482 inquit
1768 4410 2098 4481 Propheta:

2220 4418 2434 4494 βρέξω.
2496 4419 2571 4472 Ού
2623 4422 2723 4492 γὰρ
2784 4417 3005 4488 ἀγνοεῖς,
3068 4418 3148 4469 ὃτι
3203 4418 3278 4469 Οἱ
3350 4420 3719 4488 σπείροντες
3752 4416 3813 4468 έν

454 4502 781 4570 Lacrymas
808 4515 965 4556 meas
997 4516 1115 4555 non
1155 4501 1417 4555 sileas".
1459 4502 1523 4554 Et
1549 4499 1759 4555 iterum
1794 4516 1805 4554 :
1841 4502 2103 4556 Posuisti

453 4589 768 4659 Lacrymas
780 4604 929 4645 meas
942 4593 1002 4644 in
1017 4596 1331 4659 conspectu
1347 4590 1620 4655 tuo,sicut
1634 4598 1685 4645 et
1700 4589 1762 4644 in
1774 4590 2102 4655 promissio-

450 4680 723 4735 netua“.
755 4682 814 4735 Et
832 4678 1003 4733 illud:
1036 4679 1299 4734 Fuerunt
1318 4678 1464 4733 mihi
1489 4678 1750 4733 lacrimae
1766 4694 1907 4734 mea?
1923 4682 2101 4749 panis

452 4769 548 4824 die
570 4784 640 4824 ac
679 4770 927 4825 nocte“.
980 4772 1044 4824 Et
1076 4769 1135 4822 in
1168 4768 1282 4824 alio
1323 4767 1557 4838 psalmo
1590 4783 1602 4821 :
1658 4768 1869 4823 Polum
1910 4785 2100 4826 meum

453 4873 586 4914 cum
615 4859 757 4926 ﬂetu
787 4858 1177 4915 miscebam”.

528 5145 656 5200 VIll.
700 5148 985 5218 Lacryma
1015 5146 1173 5201 enim
1205 5143 1323 5211 illa,
1364 5162 1499 5217 quae
1527 5162 1731 5203 revera
1760 5162 1833 5203 ex
1868 5164 2106 5204 summa

454 5236 803 5291 contritione
833 5240 890 5290 et
929 5238 1206 5305 angustia
1238 5235 1435 5291 cordis
1467 5236 1809 5304 effunditur,
1844 5238 1903 5293 in
1941 5239 2105 5307 agni-

458 5326 611 5393 tione
645 5325 923 5395 veritatis,
953 5332 1006 5381 et
1048 5341 1183 5379 cum
1217 5325 1429 5380 ardore
1462 5327 1772 5397 viscerum,
1809 5328 1977 5383 cibus
2016 5333 2105 5384 est

459 5415 675 5469 animae
698 5429 768 5469 ex
794 5414 1017 5470 caelesti
1035 5430 1190 5487 pane
1207 5421 1624 5487 comparatus:
1648 5418 1819 5487 cujus
1843 5419 2102 5474 maxime

528 5556 671 5610 ³⁸⁸⁸1
731 5558 875 5611 Petr.
908 5572 967 5621 ιι,
1017 5561 1070 5613 9.
1148 5557 1191 5591 ³⁷
1252 5556 1448 5613 Matth.
1510 5572 1592 5621 ιιι,
1637 5563 1689 5613 7.

461 5642 573 5693 Lv1,
604 5627 656 5680 9.
736 5627 780 5662 ⁴¹
815 5626 964 5684 Psal.
996 5644 1131 5696 xm,
1166 5629 1218 5684 4.
1305 5630 1352 5665 ⁸³
1382 5628 1533 5687 Psal.
1561 5644 1656 5699 cn,
1688 5633 1770 5686 10.

1768 5559 1833 5594 ³⁷⁸
1877 5559 2026 5617 Psal.
2054 5575 2129 5626 γι,
2174 5563 2228 5616 7.

2213 4505 2554 4582 δάκρυσιν,
2608 4506 2663 4559 έν
2697 4505 3083 4577 ἀγάλλιάσει
3112 4507 3425 4579 θεριοῦσι.
3459 4509 3545 4557 Διό
3571 4523 3730 4575 φησιν
3789 4510 3818 4559 ὁ

2211 4602 2489 4671 Προφήτης
2514 4599 2644 4669 μετά
2663 4595 2963 4670 παρρησίας
2988 4602 3150 4647 ’Τῶν
3192 4590 3486 4667 δακρύων
3521 4611 3665 4665 ,μου
3723 4599 3810 4665 μή

2210 4691 2775 4759 παρασιωπήσῃς·
2836 4690 2925 4737 καὶ
2969 4684 3139 4748 πάλιν,
3194 4682 3381 4735 Ἐθου
3420 4684 3494 4735 τά
3559 4678 3821 4756 δάκρυά

2211 4796 2328 4849 μου
2369 4775 2424 4827 iv
2465 4776 2613 4846 ὄψει
2652 4794 2785 4839 σου,
2829 4777 2893 4834 ὡς
2922 4778 3030 4825 καὶ
3069 4776 3126 4825 ἐν
3166 4780 3235 4845 τῇ
3271 4771 3624 4843 ἐπαγγελίᾳ
3656 4789 3817 4837 σου;

2211 4871 2322 4933 καὶ,
2357 4866 2651 4937 Ἐγενήθη
2680 4866 2756 4917 τά
2794 4859 3048 4935 δάκρυά
3086 4881 3203 4934 μου
3243 4864 3386 4933 ἐμοὶ
3424 4863 3617 4934 ἄρτος
3672 4863 3823 4933 ἠμέ-

2212 4976 2323 5029 ρας
2354 4959 2460 5007 καὶ
2490 4958 2716 5015 νυκτός
2742 4970 2753 4982 ·
2781 4958 2871 5004 καὶ
2893 4951 2941 5004 ἓν
2963 4946 3338 5026 ἑτέρῳψαλμῷ,
3364 4955 3442 5004 Τό
3481 4954 3658 5023 πόμα
3694 4970 3820 5023 μου

2213 5046 2371 5117 μετά
2412 5043 2743 5115 κλαυθμοῦ
2801 5042 3081 5114 ἐκίρνων.

2286 5151 2365 5205 Η’.
2399 5154 2468 5204 Τὸ
2505 5154 2605 5223 γὰρ
2638 5154 2796 5210 ὄντως
2840 5152 2895 5201 ix
2938 5148 3129 5210 πολλῆς
3180 5146 3401 5218 θλίψεως
3446 5152 3537 5200 καὶ
3584 5156 3824 5219 συνοχῆς

2212 5238 2434 5315 καρδίας
2498 5244 2847 5313 προχεόμενον
2912 5235 3162 5312 δάκρυον,
3216 5236 3267 5288 iv
3336 5242 3524 5307 γνώσει
3578 5235 3826 5299 ἀληθείας

2213 5334 2342 5403 μετὰ
2370 5335 2460 5383 καὶ
2516 5334 2795 5403 πυρώσεως
2846 5326 3186 5398 σπλάγχνων,
3246 5324 3439 5399 βρῶσίς
3486 5324 3600 5377 ἔστι
3630 5326 3823 5398 ψυχῆς

2213 5423 2582 5494 χορηγουμένη
2615 5417 2672 5470 ἐκ
2723 5425 2815 5469 τοῦ
2868 5415 3172 5489 ἐπουρανίου
3203 5416 3385 5487 ἄρτου,
3437 5414 3497 5466 οὗ
3550 5434 3822 5487 προηγου·

2972 5558 3019 5594 ³⁹
3077 5555 3231 5614 Psal.
3292 5572 3497 5613 xxxnx.
3578 5559 3627 5595 ‘°
3656 5558 3815 5617 Psal.

2308 5561 2355 5595 ³³
2404 5558 2559 5618 Psal.
2590 5574 2782 5631 CXXVI,
2837 5557 2893 5614 5.
