4034 6202
156 284 278 340 673

1507 282 1846 343 HOMILLE.
1883 314 1953 328 --
1992 285 2168 345 HOM.
2206 287 2377 342 XXV.

3437 285 3546 342 674

153 413 338 480 μένως
386 411 619 482 μετέσχε
671 409 853 483 Μαρία
920 412 1238 464 καθεσθεῖσα
1291 411 1422 484 πρός
1476 415 1585 470 τοῖς
1650 413 1772 462 ποσὶ

1907 411 2188 484 >ετίίοθρε
2212 411 2320 466 fuit
2343 411 2540 477 Maria,
2562 427 2696 484 quae
2715 412 2865 468 sedit
2885 412 3060 484 juxta
3077 412 3262 484 pedes
3288 413 3541 484 Domini,

155 505 258 549 τοῦ
315 501 533 569 Κυρίου,
585 503 672 550 καὶ
738 496 1046 574 δακρύουσα
1101 502 1232 572 μετά
1316 502 1409 558 τὴν
1483 502 1778 572 μαρτυρίαν

159 585 334 638 αὐτοῦ
362 593 454 639 τοῦ
495 594 744 660 Σωτῆρος.
773 594 909 647 Φησὶ
937 590 1060 663 γὰρ,
1115 591 1334 664 Μαρία
1373 584 1440 640 δὲ
1479 591 1594 646 τὴν
1635 584 1780 658 ἀγα-

160 679 280 735 θὴν
320 673 568 750 μερίδα
605 675 958 745 ἇξελίξατο,
1007 681 1148 739 ἣτις
1201 678 1313 730 οὐκ
1348 675 1779 752 ἀφαιρεθήσε-

163 786 271 820 ται
325 764 425 818 ἀπ’
483 765 702 828 αὐτῆς.
752 766 822 820 Ὢ
843 777 940 820 τῶν
969 768 1266 840 πολυτίμων
1297 765 1497 819 ἐκείνων
1523 785 1782 839 μαργαρι-

169 864 269 908 τῶν
317 859 370 907 ἓν
420 863 488 921 τῇ
545 854 756 931 ἐπιῤῥοῇ
808 865 908 910 τῶν
963 861 1234 931 μακαρὶων
1266 853 1553 928 δακρύωνῖ
1597 854 1664 907 “Ω
1690 862 1781 914 τῆς

180 945 374 1005 εὐθείας
403 943 604 1007 ἐκείνης
632 951 721 998 καὶ
752 945 1014 1008 εὐπειθοῦς
1045 945 1204 1008 ἀκοῆς
1243 946 1252 999 !
1284 944 1354 997 Ὢ
1400 953 1494 1006 τῆς
1534 941 1779 1017 ἀνδρείοις

183 1039 271 1085 καὶ
301 1041 457 1106 σοφῆς
477 1030 714 1097 διανοίας
743 1034 756 1090 l
782 1033 852 1087 Ὠ
875 1035 1060 1099 ὀξύτης
1099 1036 1396 1106 Πνεύματος
1431 1038 1624 1106 Κυρίου
1647 1035 1782 1106 ἔρω-

193 1142 290 1188 τος,
321 1120 562 1196 σφοδρῶς
597 1127 721 1199 πρὸς
748 1127 834 1178 τὸν
867 1127 1130 1201 ἄχραντον
1158 1129 1394 1196 Νυμφίον
1419 1126 1735 1196 ἑπαγομένου
1762 1123 1775 1178 Ξ

191 1212 255 1264 ⁴Ω
278 1218 487 1286 κέντρον
515 1216 679 1267 πόθου
709 1213 892 1286 ψυχῆς
917 1218 1042 1288 πρὸς
1067 1218 1153 1266 τόν
1179 1217 1307 1267 Θεὸν
1331 1217 1494 1286 Λόγον
1520 1213 1533 1267 l
1564 1211 1632 1264 Ὢ.
1662 1215 1779 1265 σύν-

182 1321 344 1374 τομος
391 1308 633 1356 κοινωνία
662 1307 868 1377 νύμφης
917 1308 1045 1380 πρός
1073 1307 1160 1357 τόν
1215 1303 1449 1377 οὐράνιον
1503 1295 1780 1375 Νυμφίονῖ

240 1391 331 1450 Θ’.
393 1398 642 1465 Μίμησαι
700 1396 914 1460 ταύτην,
972 1397 1036 1456 ὡς
1117 1397 1310 1457 τέκνον,
1361 1398 1596 1466 μίμησαι
1651 1394 1786 1466 πρός

176 1479 364 1554 μηδὲν
442 1484 608 1556 ἕτερον
683 1481 964 1566 ἱάφορῶσα,
1026 1483 1190 1556 είμή
1264 1485 1389 1558 πρὸς
1472 1487 1623 1554 μόνον
1699 1485 1784 1534 τόν

167 1571 414 1635 εἰπόντα,
449 1578 577 1646 Πῦρ
615 1568 805 1630 ἦλθον
846 1569 1066 1645 βαλεῖν
1107 1572 1197 1634 εἰς
1235 1577 1346 1630 τὴν
1384 1580 1521 1642 γῆν,
1578 1575 1686 1623 καὶ
1723 1568 1791 1623 τί

163 1660 339 1713 θέλω
381 1661 433 1712 εἰ
471 1657 600 1719 ἤδη
643 1660 888 1734 ἀνήφθη
915 1678 930 1728 ;
960 1655 1110 1715 Ἔστι
1131 1664 1229 1734 γὰρ
1261 1663 1493 1734 πύρωσις
1517 1669 1607 1712 τοῦ
1634 1663 1788 1714 Πνεῦ-

164 1768 352 1820 ματος
377 1750 406 1807 ἠ
442 1747 860 1824 ἀναζωπυροῦσα
890 1753 978 1811 τὰς
1006 1746 1252 1822 καρδίας.
1285 1754 1426 1802 Διότι
1450 1753 1508 1801 τό
1529 1749 1682 1802 ἄυλον
1701 1735 1792 1801 καὶ

162 1841 317 1890 θεῖον
379 1844 481 1910 πῦρ
536 1838 751 1910 φωτίζει
799 1840 889 1910 μεν
936 1838 1138 1910 ψυχὰς,
1193 1844 1283 1891 καὶ
1318 1835 1626 1911 δοκιμάζειν
1682 1842 1792 1890 εἰω-

159 1930 280 1997 θεν,
340 1928 518 1999 ὥσπερ
573 1923 761 1980 ἄδολον
819 1930 1026 2000 χρυσόν
1080 1930 1128 1979 ἓν
1197 1931 1396 2000 καμίνῳ
1433 1945 1443 1956 ·
1503 1931 1689 1979 κακίαν
1730 1923 1790 1993 δξ

153 2015 467 2080 ἀναλίσκει,
508 2016 680 2090 ὥσπερ
717 2014 946 2078 ἀκάνθας
977 2020 1066 2068 καὶ
1094 2015 1331 2088 καλάμην
1361 2035 1372 2048 ·
1406 2015 1463 2067 Ὀ
1493 2019 1591 2090 γὰρ
1625 2019 1744 2068 Θεό
1769 2035 1790 2076 ς

157 2107 358 2177 ἡμῶν
397 2112 520 2177 πῦρ
587 2105 1074 2157 καταναλίσκον
1136 2108 1299 2170 ἐστὶ,
1344 2101 1576 2166 διδούς
1615 2101 1790 2156 ἐκδί-

163 2213 383 2252 κησιν
421 2201 560 2255 τοῖς
599 2198 680 2265 μὴ
711 2191 965 2247 εἰδόσιν
1005 2195 1193 2246 αὐτόν
1231 2197 1289 2246 ἐν
1331 2194 1520 2266 φλογὶ
1556 2197 1786 2268 πυρός,

160 2289 470 2345 καὶτοῖς
500 2287 580 2355 μὴ
625 2284 1037 2336 ὑπακούουσι
1068 2292 1147 2355 τῷ
1179 2283 1541 2355 Εύαγγελίῳ
1572 2283 1786 2336 αὐτοῦ.

163 2380 348 2427 Τοῦτο
370 2377 430 2423 τό
457 2379 562 2445 πῦρ
592 2372 874 2446 ἐνήργησεν
905 2371 953 2424 ἐν
980 2380 1090 2434 τοῖς
1119 2371 1447 2436 ἀποστόλοις,
1493 2373 1648 2428 ἡνίκα
1675 2372 1792 2424 ἑλά-

165 2463 302 2514 λουν
331 2461 605 2533 γλώσσαις
633 2466 898 2533 πυρίναις.
961 2468 1126 2515 Τοῦτο
1157 2465 1214 2514 1'6
1249 2469 1350 2536 πῦρ
1382 2458 1474 2514 διὰ
1500 2469 1592 2524 τῆς
1625 2469 1793 2534 φωνῆς

168 2551 388 2606 Παῦλον
448 2549 803 2625 περιλάμψαν,
867 2555 961 2609 τὴν
1015 2554 1105 2623 μὲν
1162 2547 1397 2603 διάνοιαν
1468 2550 1629 2603 αὐτοῦ
1669 2549 1795 2623 ἐφώ-

169 2660 315 2708 τισε,
398 2644 493 2698 τὴν
543 2636 602 2692 δὲ
673 2642 925 2698 αἴσθησιν
1005 2648 1102 2700 τῆς
1156 2639 1323 2712 ὅψεως
1386 2640 1546 2693 αὑτοῦ
1627 2641 1795 2713 ἠμαύο

177 2750 372 2805 ρωσεν.
448 2728 524 2782 Ού
576 2731 676 2803 γὰρ
743 2735 912 2803 χωρὶς
987 2733 1182 2804 σαρκός
1253 2726 1387 2782 εἶδεν
1456 2729 1646 2782 ἐκείνου
1705 2736 1796 2782 τοῦ

186 2824 359 2893 φωτὸς
391 2822 487 2877 τὴν
534 2815 781 2891 δύναμιν.
843 2825 1006 2872 Τοῦτο
1054 2821 1111 2871 τό
1158 2826 1262 2893 πῦρ
1309 2821 1454 2892 ὤφθη
1504 2826 1702 2891 Μωυσῇ
1748 2821 1797 2870 ἓν

185 2917 245 2981 τῇ
291 2907 440 2981 βάτῳ
475 2925 489 2937 '
522 2915 676 2960 τοῦτο
707 2911 765 2960 τὸ
810 2915 913 2982 πῦρ
962 2906 1010 2959 ἐν
1042 2903 1170 2961 εῖδει
1224 2907 1497 2980 ὀχήματος
1524 2907 1700 2961 Ἠλίαν
1744 2907 1798 2959 ἐκ

198 3006 290 3059 τῆς
328 3005 425 3068 γῆς
492 3000 700 3070 ἥρπασε
737 3012 752 3025 '
805 2999 990 3050 τούτου
1048 3004 1140 3050 τοῦ
1191 3001 1351 3072 πυρὸς
1401 3001 1494 3056 τὴν
1547 2996 1798 3072 ἐνέργειαν

1889 499 2158 572 plorans,
2200 500 2291 556 vel
2331 501 2520 572 ipsius
2574 501 2895 558 Salvatoris
2944 501 3310 559 testimonio.
3355 503 3548 575 lnquit

1887 590 2046 644 enim
2078 606 2092 644 :
2116 590 2314 646 Maria
2333 591 2615 659 optimam
2631 597 2864 660 partem
2884 592 3084 662 elegit,
3099 607 3231 662 qua:
3245 609 3367 647 non
3379 593 3545 662 aufe-

1887 685 2054 734 retur
2081 678 2156 735 ab
2205 694 2273 735 ea
2304 680 2370 735 ‘3.
2397 680 2439 735 0
2470 679 2767 751 pretiosas
2812 680 3169 750 margaritas
3194 680 3326 737 illas
3350 682 3410 737 in
3449 681 3549 737 de-

1887 765 2151 822 ﬂuxione
2175 766 2486 823 bratarum
2505 767 2916 840 lacrymarum
2943 769 2953 822 !
2985 770 3027 825 Ο
3057 774 3282 826 rectum
3304 769 3469 826 illum
3492 775 3548 827 et

1888 855 2324 928 obsequiosum
2364 857 2637 913 auditum
2673 858 2686 913 t
2721 859 2764 914 0
2819 857 3032 915 fortem
3083 875 3153 915 ac
3214 860 3548 932 sapientem

1888 945 2160 1000 animum
2199 946 2210 1000 !
2245 946 2288 1002 0
2311 962 2566 1002 acumen
2595 947 2844 1018 Spiritus
2878 947 3113 1002 Domini
3141 949 3386 1015 amoris,
3407 964 3550 1021 erga

1889 1049 2178 1104 sponsum
2233 1035 2775 1091 incontaminatum
2809 1036 3192 1093 vehementer
3219 1037 3412 1093 affecti
3456 1039 3468 1093 !
3505 1040 3547 1094 0

1891 1123 2198 1178 stimulum
2237 1124 2516 1180 desiderii
2544 1124 2759 1181 animm
2805 1141 2947 1196 erga
2997 1125 3185 1181 Deum
3241 1127 3543 1183 Verbum!

1893 1213 1936 1268 0
1978 1215 2206 1269 arctam
2255 1213 2596 1270 societatem
2656 1229 2898 1286 sponsae
2933 1229 3074 1286 erga
3111 1216 3410 1287 Sponsum
3438 1231 3554 1270 caa-

1892 1300 2101 1356 lestem
2135 1309 2147 1359 l

1968 1392 2050 1446 1X.
2082 1390 2312 1446 Imitare
2353 1391 2528 1458 hanc,
2572 1407 2607 1447 o
2639 1391 2743 1456 ﬁli,
2784 1391 3038 1458 imitare,
3085 1393 3356 1465 inquam,
3400 1392 3549 1449 nihil

1896 1479 2059 1536 aliud
2080 1480 2314 1535 intuens
2340 1487 2552 1552 praeter
2577 1497 2714 1536 eum
2743 1481 2962 1546 solum,
2991 1481 3096 1553 qui
3128 1482 3275 1538 dixit
3303 1500 3315 1538 :
3350 1483 3552 1553 Ignem

1898 1568 2032 1625 veni
2059 1569 2288 1625 mittere
2312 1571 2374 1624 in
2403 1577 2646 1635 terram,
2680 1577 2732 1626 et
2752 1571 3122 1641 quidvolo,si
3127 1573 3254 1641 jam
3269 1588 3552 1629 accensus

1898 1664 1976 1714 est
2009 1659 2054 1693 “
2077 1659 2105 1715 ?
2132 1658 2229 1713 Est
2254 1657 2411 1714 enim
2437 1658 2612 1714 ardor
2638 1660 2887 1731 Spiritus
2915 1659 3226 1715 vivificans
3252 1666 3305 1716 et
3336 1676 3550 1717 accen-

1824 1767 1864 1821 Β
1898 1745 2050 1802 dens
2092 1747 2294 1802 corda.
2326 1748 2700 1819 Quapropter
2747 1748 3152 1804 immaterialis
3201 1756 3258 1804 et
3313 1749 3552 1805 divinus

1899 1835 1992 1890 ille
2025 1837 2179 1905 ignis
2227 1835 2523 1891 illuminat
2551 1837 2804 1902 animas,
2837 1843 2894 1893 et
2942 1837 3196 1908 probare
3245 1839 3554 1895 consuevit

1901 1941 2025 1991 eas,
2057 1925 2213 1980 velut
2239 1940 2453 1980 aurum
2494 1941 2613 1981 non
2641 1926 3042 1982 adulteratam
3064 1927 3124 1982 in
3153 1926 3392 1983 camino
3426 1947 3438 1986 :
3471 1929 3553 1983 vi-

1901 2013 2048 2070 tium
2098 2030 2237 2070 vero
2295 2015 2606 2075 consumit.
2641 2015 2817 2070 veluti
2869 2016 3073 2086 spinas
3131 2021 3188 2072 et
3242 2016 3546 2088 stipulam.

1898 2105 2053 2159 Deus
2066 2104 2225 2158 enim
2237 2110 2438 2160 noster
2453 2104 2604 2174 ignis
2619 2120 2963 2161 consumens
2976 2107 3367 2178 est,inﬂigens
3380 2105 3555 2162 ultio-

1900 2207 2030 2248 nem
2059 2193 2129 2248 iis
2158 2194 2220 2248 in
2254 2191 2372 2265 94
2392 2194 2637 2262 ﬂamma
2653 2194 2827 2264 ignis,
2845 2194 3075 2266 quinon
3093 2199 3550 2260 noverunteum,

1901 2287 1953 2338 et
1982 2282 2084 2353 qui
2099 2297 2214 2337 non
2241 2283 2645 2352 obtemperant
2664 2284 2990 2354 Evangelia
3012 2285 3080 2340 ‘5.
3108 2284 3210 2340 Hic
3237 2285 3392 2354 ignis
3411 2300 3554 2356 apo-

1904 2371 2069 2426 stolis
2095 2370 2213 2426 vim
2241 2388 2416 2427 suam
2437 2372 2718 2440 exercuit,
2750 2373 2998 2444 quando
3023 2371 3428 2445 loquebantur
3446 2373 3556 2429 lin-

1902 2459 2034 2531 guis
2065 2460 2254 2529 igneis
2280 2461 2348 2495 ⁴⁶·
2380 2463 2479 2515 Hic
2508 2460 2662 2530 ignis
2687 2477 2790 2532 per
2819 2477 3027 2516 vocem
3060 2461 3314 2517 Paulum
3348 2461 3556 2533 splen-

1902 2550 2046 2604 dore
2069 2565 2139 2606 ac
2167 2549 2391 2604 lumine
2418 2549 2816 2614 circumfudit,
2837 2557 3095 2606 mentem
3129 2551 3372 2623 quidem
3399 2551 3557 2607 illius

1902 2639 2276 2702 illuminavit,
2304 2655 2551 2694 sensum
2580 2645 2780 2695 autem
2804 2640 2970 2696 visus
3002 2640 3130 2711 ejus
3159 2640 3553 2696 habetavit".

1903 2731 2102 2800 Neque
2119 2727 2277 2782 enim
2308 2730 2434 2784 sine
2459 2744 2638 2784 carne
2658 2729 2800 2784 vidit
2816 2728 3061 2784 luminis
3081 2729 3235 2785 illius
3255 2731 3554 2786 virtutem.

1905 2818 2007 2872 Hic
2062 2817 2214 2889 ignis
2254 2817 2395 2872 Mosi
2443 2818 2721 2889 apparuit
2761 2818 2821 2873 in
2850 2818 3004 2874 rubo
3035 2819 3103 2874 η.
3137 2819 3239 2874 Hic
3291 2819 3444 2890 ignis
3496 2819 3556 2876 in

1906 2907 2101 2978 specie
2132 2921 2339 2961 currus
2386 2906 2571 2962 Eliam
2598 2923 2634 2962 a
2663 2911 2817 2962 terra
2847 2909 3042 2978 rapuit
3067 2909 3135 2962 ‘9.
3171 2908 3357 2980 Hujus
3398 2908 3557 2979 ignis

1907 2994 2237 3051 efﬁcaciam
2285 2995 2592 3066 inquirens
2627 2995 2840 3052 beatus
2884 2997 3068 3052 David
3110 2996 3260 3052 dixit
3303 3013 3317 3052 :
3360 2997 3560 3054 Proba

210 3089 370 3148 ζητῶν
415 3087 442 3137 6
501 3087 762 3159 μακάριος
814 3083 983 3139 Δαϐἰδ
1028 3085 1186 3158 ἔλεγε,
1267 3091 1635 3159 Δοκίμασόν
1705 3105 1794 3159 με,

1907 3099 2016 3149 me,
2050 3083 2319 3154 Domine,
2349 3087 2401 3140 et
2449 3087 2610 3140 tenta
2660 3099 2772 3141 me.
2813 3085 2929 3142 Ure
2957 3100 3125 3142 renes
3182 3101 3340 3143 meos
3370 3093 3422 3143 et
3458 3101 3562 3143 cor

203 3178 407 3250 Κύριε,
447 3179 560 3227 καὶ
613 3178 932 3249 πείρασόν
985 3191 1099 3248 με·
1155 3178 1454 3250 πύρωσον
1497 3179 1802 3250 τοὺςνεφ-

189 3267 344 3338 ρούς
372 3284 496 3338 μου
526 3268 635 3317 καὶ
686 3268 795 3323 τὴν
851 3261 1136 3338 καρδίαν
1186 3285 1325 3338 μου.

259 3354 316 3410 Ῑ’.
351 3362 518 3408 Τοῦτο
546 3357 604 3406 τὸ
649 3361 752 3427 πῦρ
806 3359 898 3414 τὴν
947 3352 1174 3430 καρδίαν
1208 3355 1410 3410 Κλεόπα
1439 3360 1665 3420 καὶτοὺς
1708 3360 1804 3409 σὺν

185 3444 331 3516 αὐτῷ
395 3443 658 3516 ἐθέρμανε,
713 3443 990 3507 λαλοῦντος
1064 3452 1157 3498 τοῦ
1218 3453 1448 3518 Σωτῆρος
1514 3449 1642 3518 μετὰ
1710 3452 1803 3505 τὴν

186 3533 507 3599 ἀνάστασιν,
567 3534 680 3586 ὅθεν
757 3538 847 3586 καὶ
907 3533 1118 3606 ἄγγελοι
1196 3540 1286 3588 καὶ
1345 3537 1412 3588 1'6:
1471 3535 1806 3608 λειτουργικὰ

186 3626 466 3696 πνεύματα
511 3624 697 3674 τούτου
749 3629 842 3676 τοῦ
895 3627 1060 3696 πυρός
1119 3632 1215 3686 τῆς
1267 3623 1632 3700 λαμπρότητος
1687 3645 1806 3698 μετ-

187 3713 412 3785 έχουσι,
442 3712 577 3764 κατά
604 3714 663 3764 1'6
690 3711 975 3786 εἰρημένον,
999 3712 1058 3766 '0
1078 3721 1276 3766 ποιῶν
1315 3713 1464 3774 τούς
1493 3712 1804 3786 ἀγγέλους

195 3802 402 3854 αὐτοῦ
440 3803 789 3873 πνεύματα,
825 3806 936 3854 καὶ
969 3805 1120 3864 τοὺς
1147 3802 1570 3877 λειτουργοὺς
1609 3803 1804 3855 αὐτοῦ

188 3899 313 3965 πῦρ
375 3889 625 3962 φλίγον.
678 3898 839 3945 Τοῦτο
869 3894 929 3944 τό
970 3900 1073 3964 πῦρ
1101 3896 1194 3951 τήν
1227 3895 1275 3945 ἓν
1329 3900 1402 3963 τῷ
1441 3889 1588 3944 ἔνδον
1621 3892 1804 3964 ὀφθαλ-

184 3988 269 4054 μῷ
329 3976 492 4033 δοκόν
529 3988 834 4046 κατακαῖον,
869 3983 1101 4054 καθαρόν
1151 3985 1241 4034 τὸν
1287 3989 1403 4034 νοῦν
1453 3981 1804 4040 ἀποκαθίστη-

189 4089 299 4137 σιν,
343 4069 430 4121 ἵνα
484 4067 755 4123 ἀπολαϐὼν
785 4073 843 4124 τὸ
884 4073 1022 4124 κατὰ
1051 4073 1207 4143 φύσιν
1255 4066 1288 4122 δ
1295 4074 1576 4143 ιορατικόν,
1610 4072 1706 4144 ὁρᾷ
1737 4070 1804 4131 εἰς

187 4162 245 4212 τό
295 4156 532 4220 διηνεκὲς
578 4162 644 4212 τὰ
672 4167 764 4212 τοῦ
819 4167 952 4214 Θεοῦ
1003 4161 1295 4233 θαυμάσια,
1342 4162 1477 4213 κατά
1505 4163 1591 4212 τόν
1635 4159 1806 4231 λέγον-

190 4268 277 4314 τα,
332 4247 789 4321 Ἀποκάλυψον
852 4252 1000 4312 τοὺς
1067 4248 1430 4322 ὀφθαλμούς
1489 4268 1628 4322 μου,
1698 4253 1804 4302 καὶ

193 4341 590 4396 κατανοήσω
636 4339 708 4390 τὰ
769 4339 1104 4412 θαυμάσια
1164 4337 1226 4391 ἔκ
1265 4346 1374 4391 τοῦ
1427 4342 1626 4412 νόμου
1668 4357 1802 4391 σου.

196 4433 367 4480 Τοῦτο
406 4434 683 4500 τοιγαροῦν
713 4429 770 4480 τό
798 4435 904 4500 πῦρ
933 4425 1194 4501 δαιμόνων
1227 4430 1340 4481 ἐστὶ
1364 4425 1803 4504 φυγαδευτὴριον,

201 4521 290 4569 καὶ
324 4515 589 4588 ἁμαρτίας
614 4515 956 4590 ἀναιρετικὸν,
989 4516 1324 4580 ἀναστάσεως
1351 4514 1409 4570 δε
1440 4514 1684 4590 δύναμις,
1717 4521 1806 4571 καὶ

201 4603 498 4667 ἀθανασίας
573 4603 816 4681 ἐνέργεια,
897 4606 1092 4678 ψυχῶν
1171 4606 1331 4678 ἁγίων
1389 4610 1670 4679 φωτισμός,
1716 4613 1806 4662 καὶ

201 4694 422 4766 λογικῶν
485 4691 756 4768 δυνάμεων
816 4699 1094 4760 σύστασις.
1153 4703 1315 4750 Τοῦτο
1373 4699 1430 4749 τὸ
1486 4704 1590 4771 πῦρ
1647 4697 1808 4760 εύξώ-

201 4785 336 4855 μεθα
385 4788 476 4837 καὶ
525 4784 596 4847 εἰς
649 4786 788 4858 ἡμᾶς
864 4787 1084 4858 φθάσαι,
1147 4786 1229 4838 ἶνα
1282 4787 1502 4838 πάντοτε
1554 4789 1601 4838 ἓν
1677 4791 1806 4858 φωτὶ

199 4881 628 4945 περιπατοῦντες,
679 4870 945 4947 μηδέποτε
985 4873 1081 4926 κᾶν
1105 4877 1231 4949 πρὸς
1280 4872 1465 4949 βραχὺ
1495 4874 1806 4948 προσκόψω·

199 4980 290 5033 μεν
333 4964 462 5036 πρὸς
508 4961 654 5014 λίθον
709 4966 825 5024 τοὺς
855 4959 1027 5025 πόδας
1081 4964 1247 5036 ἡμῶν,
1299 4961 1406 5014 ἀλλ’
1440 4965 1507 5025 ὡς
1539 4971 1804 5039 φωστῆρες

201 5048 250 5102 ἐν
302 5055 488 5124 κόσμῳ
533 5055 826 5126 φαινόμενοι
877 5051 1028 5124 λόγον
1083 5052 1225 5114 ζωῆς
1277 5054 1544 5125 ἰπέχωμεν
1602 5049 1802 5119 ἀϊδίου,

200 5141 286 5192 ἵνα
343 5139 690 5205 ἀπολαύοντες
720 5144 769 5195 ἓν
807 5148 917 5204 τοῖς
964 5140 1181 5214 ἀγαθοῖς
1233 5149 1326 5194 τοῦ
1381 5149 1535 5209 Θεοῦ,
1593 5145 1686 5194 σὺν
1734 5150 1806 5214 τῷ

201 5233 384 5304 Κυρίῳ
435 5229 862 5305 ὼαπαυσὼμεθα
915 5229 963 5283 ἐν
1023 5231 1155 5304 ζωῇ,
1219 5228 1522 5294 δοξάζοντες
1579 5233 1802 5305 Πατέρα,

1906 3188 2100 3231 meum
2129 3175 2199 3230 σο.

1981 3356 2042 3410 Χ.
2083 3352 2186 3409 Hic
2231 3352 2386 3423 ignis
2419 3366 2520 3408 cor
2558 3351 2835 3425 Cleophis
2861 3369 2930 3410 ac
2975 3354 3116 3410 socii
3155 3354 3285 3424 ejus
3323 3353 3560 3411 inﬂam-

1914 3442 2138 3508 mabat,
2159 3458 2294 3497 cum
2334 3440 2677 3514 loqueretur
2704 3442 2976 3498 Salvator
2999 3458 3134 3498 cum
3169 3443 3281 3498 illis
3307 3449 3443 3516 post
3471 3459 3565 3499 re-

1913 3533 2529 3588 surrectionem.Unde
2542 3547 2784 3604 quoque
2798 3532 2992 3605 angeli
3006 3533 3149 3589 etad
3159 3534 3564 3591 ministratorii

1913 3622 2155 3694 spiritus
2185 3620 2479 3693 splendidi
2519 3621 2697 3692 hujus
2729 3621 2880 3690 ignis
2921 3623 3236 3693 participes
3281 3629 3436 3691 sunt,
3471 3640 3568 3679 se-

1913 3711 2180 3766 cundum
2211 3711 2269 3764 id
2283 3710 2448 3782 quod
2473 3709 2700 3765 dictum
2725 3716 2813 3766 est
2846 3727 2856 3765 :
2887 3711 2998 3777 Qui
3007 3712 3158 3780 facit
3184 3714 3566 3784 angelosejus

1909 3799 2174 3871 spiritus,
2201 3805 2254 3855 et
2282 3799 2587 3854 ministros
2614 3814 2746 3854 suos
2776 3801 2970 3869 ignem
3012 3801 3319 3856 ardentem
3360 3803 3427 3837 “-
3463 3804 3565 3858 Hic

1910 3889 2086 3959 ignis,
2113 3887 2342 3943 trabem
2377 3887 2672 3942 interioris
2719 3887 2875 3942 oculi
2915 3904 3300 3959 consumens,
3343 3904 3564 3960 purum

1910 3977 2103 4034 reddit
2130 3975 2424 4040 animum,
2459 3979 2541 4043 ut,
2582 3980 2822 4047 recepta
2853 3976 3112 4032 naturali
3153 3976 3434 4033 facultate
3478 3979 3565 4033 vi-

1911 4066 2114 4132 dendi,
2129 4064 2758 4136 conspiciatperpetuo
2774 4064 3074 4121 mirabilia
3095 4066 3213 4135 Dei,
3231 4066 3564 4123 secundum

1911 4173 2048 4213 eum
2079 4157 2182 4228 qui
2201 4154 2391 4227 inquit
2423 4172 2436 4209 :
2468 4155 2685 4211 Revela
2702 4155 2898 4211 oculos
2923 4161 3159 4221 meos,et
3183 4156 3568 4213 considerabo

1911 4245 2215 4303 mirabilia
2245 4243 2317 4300 de
2348 4245 2474 4315 lege
2501 4251 2603 4301 tua
2631 4245 2699 4298 ⁵³.
2730 4245 2828 4299 Hic
2859 4243 3058 4316 itaque
3080 4245 3234 4315 ignis
3259 4244 3425 4316 fugat
3444 4245 3570 4301 dae-

1913 4351 2146 4402 mones,
2181 4333 2327 4389 tollit
2350 4338 2616 4404 peccata,
2645 4332 3039 4390 resuscitandi
3076 4333 3193 4388 vim
3222 4333 3403 4390 habet
3436 4335 3570 4399 ;hic

1916 4423 2424 4480 immortalitatem
2471 4427 2770 4495 operatur,
2793 4428 3032 4478 sanctas
3071 4423 3304 4479 animas
3354 4423 3570 4480 illumi-

1915 4519 2039 4579 nat,
2071 4517 2128 4569 et
2183 4511 2492 4569 facultates
2523 4510 2842 4567 rationales
2888 4511 3107 4567 ﬁrmat.
3139 4511 3304 4567 Hunc
3363 4513 3566 4584 ignem

1915 4602 2300 4659 Obsecremus
2341 4600 2416 4656 ad
2449 4616 2561 4656 nos
2574 4614 2818 4672 quoque
2831 4602 3157 4672 pervenire,
3175 4607 3256 4666 ut,
3275 4607 3564 4673 perpetuo

1917 4692 1976 4747 in
2002 4691 2229 4746 lumine
2259 4689 2659 4752 ambulantes,
2693 4704 3007 4760 nunquam
3040 4689 3129 4744 vel
3154 4690 3440 4761 tantisper
3477 4690 3562 4745 of-

1916 4780 2235 4837 fendamus
2255 4778 2334 4834 ad
2363 4778 2627 4849 lapidem
2658 4778 2842 4849 pedes
2873 4783 3125 4842 nostros.
3157 4777 3261 4832 sed
3289 4779 3451 4834 velut
3475 4778 3566 4833 lu-

1918 4869 2170 4926 minaria
2195 4868 2257 4923 in
2287 4867 2512 4922 mundo
2526 4867 2898 4938 apparentia,
2915 4866 3166 4922 verbum
3183 4872 3418 4922 aeternas
3433 4868 3567 4923 vitae

1914 4958 2298 5022 retineamus,
2317 4962 2398 5022 ut,
2415 4956 2587 5011 bonis
2606 4955 2823 5010 divinis
2848 4955 3129 5024 fruentes,
3151 4972 3284 5010 cum
3315 4957 3569 5011 Domino

1915 5048 1974 5104 in
1997 5047 2118 5104 vita
2146 5045 2615 5119 requiescamus,
2658 5043 3058 5115 gloriﬁcantes
3096 5045 3346 5110 Patrem,
3391 5050 3448 5100 et
3485 5045 3569 5100 Fi-

1915 5138 2080 5204 lium,
2129 5141 2186 5192 et
2234 5135 2516 5207 Spiritum
2595 5138 2889 5199 sanctum,
2944 5135 3038 5188 cui
3085 5133 3276 5206 gloria
3333 5134 3393 5190 in
3460 5150 3570 5190 sas-

1917 5227 2067 5284 cula.
2099 5228 2308 5281 Amen.

198 5323 292 5372 καί
316 5321 461 5388 Υἰόν,
502 5325 594 5374 καὶ
625 5320 774 5394 ἅγιον
816 5327 1024 5392 Πνεῦμα
1053 5320 1093 5392 ᾧ
1124 5321 1154 5379 ἡ
1185 5317 1317 5385 δόξα
1346 5320 1414 5382 εἰς
1451 5323 1570 5381 τοὺς
1598 5319 1808 5381 αἰῶνας.
1853 5317 2042 5390 Ἀμήν.

282 5561 330 5597 ⁸⁸
377 5562 515 5619 Luc.
583 5533 661 5626 x,‘
692 5565 782 5619 42.
861 5563 909 5600 ⁴⁴
958 5565 1096 5620 Luc.
1160 5580 1255 5630 xu,
1289 5565 1376 5618 49.
1457 5562 1501 5598 ⁸⁵
1553 5563 1717 5618 Deut.
1749 5577 1794 5615 iv

283 5636 411 5690 Act.
448 5649 526 5694 ix.
559 5637 591 5690 3
622 5648 752 5704 seq.
933 5635 982 5671 ⁴⁸
1012 5634 1195 5691 Exod.
1225 5652 1303 5704 ιιι,
1334 5638 1387 5690 2.
1563 5631 1610 5670 ⁴³
1635 5632 1676 5688 Il
1702 5633 1794 5702 Ret

1910 5561 1944 5616 4
1983 5577 1997 5626 ;
2032 5558 2206 5615 Hebr.
2247 5572 2349 5624 x11,
2388 5557 2456 5614 29
2490 5555 2576 5624 ;ll
2633 5555 2836 5612 Thess.
2886 5570 2926 5621 1,
2971 5557 3024 5610 8.

1907 5649 1961 5697 v,
1996 5637 2080 5687 tl.
2185 5629 2234 5666 ⁸ο
2255 5628 2409 5686 Psal.
2445 5644 2600 5696 xxvr,
2658 5643 2676 5698 ;
2709 5627 2848 5684 Luc.
2895 5643 3024 5684 xxiv

202 5632 252 5670 ⁴¹¹
283 5636 411 5690 Act.
448 5649 526 5694 ix.
559 5637 598 5706 3,
622 5648 752 5706 seq.
933 5635 982 5671 ⁴⁸
1012 5634 1195 5691 Exod.
1225 5652 1303 5704 ιιι,
1334 5638 1387 5690 2.

202 5721 325 5772 etv,
362 5708 396 5762 4
449 5723 467 5778 ;
501 5705 682 5762 Hebr.
704 5705 744 5778 λ,
770 5710 827 5762 7.
903 5707 952 5744 ⁸³
981 5706 1133 5764 Psal.
1162 5722 1345 5772 cxvm,
1392 5706 1474 5762 18.

497 5802 739 5862 ΡΑτιιοι..
779 5802 883 5864 Gn.
924 5804 1176 5872 XXXIV,

3102 5556 3148 5590 ⁸⁵
3197 5557 3322 5611 Act.
3374 5572 3430 5619 ιι,
3480 5555 3572 5620 35,

2185 5629 2234 5666 ⁸ο
2255 5628 2409 5686 Psal.
2445 5644 2600 5696 xxvr,
2658 5643 2676 5698 ;
2709 5627 2848 5684 Luc.
2895 5643 3052 5694 xxiv,
3076 5630 3165 5684 32.
3316 5627 3362 5662 ⁵1
3421 5626 3576 5684 Psal.

3221 5797 3292 5854 22
