4076 6210
527 294 635 347 675

1095 414 1384 472 HOMILIA
1428 415 1607 471 XXVI.

526 544 611 599 De
632 540 941 609 dignitate,
959 538 1333 610 praestantia,
1348 540 1645 607 facultate
1664 545 1717 596 et
1743 539 2182 609 operationibus

596 612 946 669 immortalis
972 612 1206 676 animae,
1224 616 1277 666 et
1293 627 1411 682 qua
1434 612 1661 667 ratione
1672 627 1739 667 ea
1753 627 1787 667 a
1800 611 2029 667 Satana
2053 618 2182 665 ten-

598 689 773 749 tetur,
788 691 839 739 et
854 684 1261 739 liberationem
1273 698 1302 738 e
1318 684 1736 739 tentationibus
1762 689 2178 754 consequatur.

601 756 875 812 Continet
908 769 1044 810 vero
1074 755 1424 825 quaestiones
1452 755 1746 826 quasdam
1786 770 2019 810 summa
2048 754 2181 809 doc-

601 829 763 883 trina
796 827 1064 896 refertas.

600 992 641 1046 Ι.
672 994 750 1048 Ne
794 990 997 1045 leviter
1055 989 1475 1045 intellectivam
1524 990 1741 1045 animae
1782 989 2178 1045 substantiam

527 1080 887 1154 perpendes,
907 1078 1140 1135 dilecte.
1169 1080 1491 1135 Pretiosum
1509 1079 1817 1150 quoddam
1853 1084 2054 1134 vasest
2075 1078 2178 1133 im.

531 1170 800 1225 mortalis
826 1168 1048 1223 anima.
1082 1168 1227 1223 Vide
1267 1173 1561 1240 quantum
1598 1168 1839 1224 ccelum.
1871 1175 1927 1224 et
1955 1173 2184 1239 quanta

529 1266 702 1323 terra,
737 1274 846 1313 nec
872 1264 1071 1313 tamen
1112 1256 1437 1312 delectatus
1478 1264 1563 1313 est
1594 1258 1705 1312 illis
1748 1260 1919 1320 Deus,
1961 1256 2063 1311 sed
2096 1272 2185 1311 so-

529 1349 653 1404 lum
679 1355 730 1403 te
766 1348 778 1402 Ξ
814 1348 1098 1417 Conspice
1138 1346 1493 1417 dignitatem
1527 1353 1580 1402 et
1605 1346 1970 1402 nobilitatem
1996 1353 2179 1409 tuam,

530 1453 745 1509 nempe
778 1451 897 1491 non
932 1451 1035 1505 per
1051 1435 1316 1504 angelos,
1350 1435 1454 1491 sed
1483 1436 1542 1490 in
1568 1452 1675 1490 sua
1708 1435 1897 1506 ipsius
1926 1450 2185 1507 persona

530 1526 767 1583 venisse
794 1526 1109 1579 Dominum
1128 1524 1202 1578 ad
1234 1524 1589 1594 legationem
1612 1541 1721 1596 pro
1740 1530 1791 1579 te
1814 1524 2181 1588 obeundam,

535 1623 597 1671 ut
628 1622 679 1670 te
714 1612 1011 1685 perditum
1042 1628 1113 1667 ac
1157 1612 1535 1668 vulneratum
1574 1620 1895 1679 revocaret,
1929 1618 1986 1667 et
2023 1613 2185 1668 resti-

534 1710 719 1760 tueret
750 1702 855 1757 tibi
883 1703 1138 1771 primam
1170 1700 1588 1758 formationem
1631 1704 1763 1773 puri
1798 1703 1960 1757 Adae.
1995 1704 2184 1757 Homo

531 1794 687 1849 enim
722 1790 1008 1847 dominus
1042 1795 1168 1846 erat
1205 1791 1478 1846 omnium
1508 1792 1774 1847 avertice
1794 1792 1924 1847 caeli
1959 1792 2036 1845 ad
2064 1792 2186 1846 ima

530 1898 741 1954 usque,
782 1880 1062 1951 prmditus
1091 1878 1367 1936 facultate
1407 1880 1781 1936 discernendi
1822 1880 2182 1947 affectiones,

532 1972 760 2029 alienus
793 1986 828 2023 θ.
852 1967 1252 2034 dmmonibus,
1286 1986 1469 2041 purus
1496 1986 1530 2024 a
1562 1976 1804 2041 peccato
1831 1977 1884 2025 et
1914 1970 2082 2038 vitiis,
2116 1984 2187 2025 ac

531 2057 857 2117 similitudo
878 2058 975 2112 Dei
1009 2076 1021 2115 :
1057 2073 1162 2129 per
1190 2059 1727 2127 transgressionem
1754 2075 1886 2113 vero
1910 2059 2186 2130 periit,ac

530 2149 877 2204 vulneratus
901 2151 956 2200 et
988 2146 1163 2201 morti
1196 2146 1444 2202 traditus
1484 2152 1590 2201 est.
1634 2146 1985 2203 Obfuscavit
2026 2148 2184 2201 enim

531 2244 792 2293 mentem
816 2236 1101 2302 Satanas;
1137 2235 1342 2305 aliqua
1365 2252 1435 2291 ex
1458 2244 1623 2306 parte
1654 2237 1734 2291 ita
1756 2252 1817 2292 se
1848 2236 2053 2301 habet,
2085 2236 2186 2292 ali-

536 2343 659 2399 qua
688 2342 759 2381 ex
778 2329 942 2397 parte
974 2324 1136 2389 vivit,
1168 2324 1470 2390 discernit,
1496 2342 1564 2380 ac
1583 2325 1951 2381 voluntatem
1983 2325 2183 2381 habet.

609 2448 1586 2519 ll.Interrogatio.Nonne.Spiritus
1596 2456 1798 2505 sancto
1816 2449 2184 2511 adveniente,

538 2540 843 2596 naturalis
873 2553 1105 2610 quoque
1133 2538 1611 2607 concupiscentia
1668 2540 2038 2607 e.cstirpatur
2066 2552 2190 2593 una

535 2644 668 2686 cum
693 2634 935 2698 peccato
964 2628 993 2679 ‘2

600 2734 937 2804 Responsio.
979 2736 1167 2789 Antea
1196 2733 1319 2789 dixi
1350 2737 1661 2805 peccatum
1699 2731 1879 2787 simul
1908 2731 2189 2799 eradicai,

535 2824 967 2894 hominemque
1006 2823 1123 2894 95
1164 2823 1423 2894 recipere
1454 2822 1713 2893 primam
1771 2820 2191 2876 formationem

530 2914 665 2986 puri
696 2914 857 2969 Adae.
888 2912 991 2967 Hic
1018 2913 1263 2984 quidem
1290 2914 1571 2966 virtutem
1598 2910 1847 2982 Spiritus
1870 2926 1940 2965 ac
1956 2925 2195 2981 regene-

530 3003 825 3059 rationem
870 3000 1243 3072 spiritualem
1276 2999 1654 3072 progreditur
1679 2999 1754 3055 ad
1787 2999 2043 3068 gradum
2065 3014 2195 3070 per-

533 3091 802 3148 fectionis
830 3090 1042 3147 Adami
1085 3090 1280 3162 primi,
1322 3089 1510 3161 ﬁtque
1548 3089 1928 3160 praestantior
1959 3104 2069 3144 eo:
2118 3088 2192 3144 si-

532 3181 777 3254 quidem
802 3179 863 3235 in
893 3179 1145 3235 deorum
1186 3194 1444 3234 numeru
1475 3178 1727 3234 refertur
1750 3177 1955 3233 homo.

625 3358 713 3413 III.
760 3356 1171 3426 Interrogatio.
1213 3357 1419 3413 Utrum
1445 3355 1699 3411 Satanas
1725 3355 1804 3411 ad
1834 3362 2056 3411 certum
2082 3371 2200 3411 mo-

554 3447 698 3502 dum
728 3446 1111 3510 immittatur,
1143 3460 1221 3500 an
1249 3460 1358 3514 pro
1387 3445 1579 3499 lubitu
1608 3444 1908 3513 belligeret
1936 3445 1964 3500 ?

618 3534 1228 3605 ResponsioJmpetus
1245 3534 1374 3604 ejus
1387 3548 1509 3588 non
1524 3532 1715 3588 solum
1736 3533 2027 3588 adversus
2047 3534 2201 3589 Chri-

551 3625 799 3689 stianos,
835 3623 939 3678 sed
969 3624 1149 3679 etiam
1182 3622 1473 3678 adversus
1505 3621 1852 3677 idololatras
1877 3629 2056 3694 atque
2077 3624 2203 3678 uni-

547 3729 787 3769 versum
826 3713 1126 3767 mundum
1162 3712 1365 3767 fertur.
1409 3712 1466 3766 Si
1497 3726 1639 3780 ergo
1679 3712 2122 3767 concederetur.
2152 3713 2204 3768 ei

542 3818 650 3876 pro
680 3802 871 3857 lubitu
894 3800 1119 3856 bellum
1143 3816 1364 3871 gerere,
1381 3816 1592 3856 omnes
1623 3801 1934 3873 sequidem
1959 3800 2199 3858 deleret.

549 3894 657 3959 Qui
679 3892 793 3947 hoc
821 3890 849 3946 ‘l
873 3906 1089 3962 nempe
1125 3891 1287 3963 quod
1322 3906 1475 3961 opus
1498 3905 1568 3945 ac
1594 3890 1962 3946 desiderium
1995 3892 2123 3963 ejus
2141 3892 2203 3947 in

536 3982 653 4041 hoc
676 3987 959 4037 versetur.
995 3979 1526 4046 Quemadmodum
1558 3984 1760 4035 autem
1800 3980 2020 4050 ﬁgulus
2056 3998 2202 4037 vasa

542 4072 835 4127 missurus
852 4070 910 4125 in
926 4069 1254 4133 fornacem,
1271 4084 1404 4123 eam
1424 4068 1730 4123 moderate
1747 4071 2199 4136 succendit,non

541 4160 851 4224 infensius,
881 4174 953 4213 ne
968 4164 1146 4214 cocta
1174 4158 1309 4229 plus
1326 4173 1514 4229 quam
1534 4157 1723 4222 decet,
1752 4159 2203 4225 elidantur;nec

548 4248 873 4311 remissius,
897 4261 971 4301 ne
996 4246 1040 4299 si
1075 4248 1261 4301 cruda
1279 4246 1592 4309 exsistant,
1625 4245 1966 4316 dispereant
1990 4263 2060 4302 ac
2080 4249 2203 4303 dis-

545 4336 853 4391 solvantur
896 4350 907 4400 ;
953 4334 1155 4388 itidem
1199 4333 1247 4386 si
1286 4334 1661 4402 argentarius
1702 4339 1758 4389 et
1798 4335 2103 4391 aurifaber
2127 4337 2201 4391 ad

554 4428 781 4479 certum
830 4422 1083 4478 modum
1136 4423 1336 4491 ignem
1385 4423 1673 4489 mittit;si
1730 4424 1888 4478 enim
1939 4424 2205 4481 abundet

547 4513 725 4581 ignis,
755 4511 1002 4566 solvitur
1027 4526 1240 4566 aurum
1267 4517 1322 4566 et
1341 4518 1678 4581 argentum,
1711 4511 1938 4584 liquetit
1962 4516 2198 4585 acperi:

548 4601 752 4658 itidem
775 4601 819 4655 si
849 4602 1119 4655 humana
1146 4616 1316 4656 mens
1348 4602 1510 4655 novit
1540 4608 1698 4655 certo
1720 4603 1988 4673 quodam
2023 4605 2204 4659 modo

547 4692 859 4763 imponere
889 4706 1073 4745 onero
1100 4690 1395 4760 jumento,
1430 4690 1659 4745 camelo
1699 4696 1803 4745 aut
1833 4692 1929 4746 alii
1962 4693 2203 4748 cuidam

546 4780 1116 4852 adimali,quatenus
1145 4789 1386 4834 servata
1417 4780 1802 4850 proportione
1844 4796 2027 4836 onera
2059 4782 2204 4839 ferre

548 4875 759 4943 potest,
799 4876 1025 4941 quanto
1056 4870 1249 4938 magis
1282 4870 1457 4933 Deus,
1489 4867 1592 4940 qui
1627 4870 1794 4924 novit
1823 4885 1969 4926 vasa
1997 4871 2206 4929 homo-

548 4976 716 5026 num,
776 4960 1040 5015 immittit
1097 4958 1503 5014 adversariam
1587 4963 1947 5029 potestatem
2031 4963 2205 5018 variis

549 5049 746 5106 modis
790 5048 801 5103 l

620 5140 709 5194 IV.
751 5136 1275 5203 Quemadmodum
1296 5151 1433 5191 vero
1465 5139 1637 5201 terra,
1666 5138 1946 5209 quamvis
1963 5140 2037 5196 sit
2062 5157 2202 5208 una,

549 5230 677 5286 haec
714 5228 957 5300 quidem
1001 5233 1089 5282 est
1130 5241 1368 5291 saxosa,
1394 5225 1492 5281 illa
1522 5242 1661 5282 vero
1689 5228 1928 5299 pinguis
1957 5246 1969 5285 :
2004 5237 2060 5286 et
2084 5232 2204 5288 alia

548 5318 796 5391 quidem
824 5322 914 5371 est
962 5316 1171 5371 idonea
1225 5314 1302 5369 ad
1364 5314 1789 5385 plantationem
1844 5322 2051 5385 vineae,
2087 5321 2205 5378 alia

549 5423 690 5462 vero
721 5406 796 5460 ad
845 5403 1270 5460 seminandum
1308 5402 1673 5460 frumentum
1727 5413 1827 5462 aut
1859 5406 2153 5465 hordeum
2188 5427 2199 5476 ;

548 5497 630 5551 ita
657 5494 823 5549 varia
853 5498 991 5547 sunt
1022 5493 1339 5547 hominum
1380 5493 1564 5549 corda
1595 5501 1774 5567 atque
1818 5497 2153 5555 voluntates
2188 5518 2200 5567 ;

550 5584 764 5639 eodem
785 5596 1028 5652 quoque
1068 5581 1253 5636 modo
1294 5580 1457 5637 dona
1482 5582 1740 5655 desuper
1769 5586 2155 5644 conferuntur
2186 5608 2199 5645 :

550 5672 691 5735 huic
711 5669 957 5743 quidem
997 5668 1257 5726 donatur
1283 5660 1720 5729 administratio
1742 5675 1928 5748 verbi,
1952 5676 2032 5733 illi
2060 5694 2203 5735 vero

1823 289 1883 344 S.
1906 287 2235 346 .MACARII.
2268 285 2576 343 IEGYPTII

2209 420 2256 474 A

3748 295 3835 350 676

2891 418 3137 468 ΟΜΙΛῙΑ
3176 414 3291 480 Κς·’⁶

2295 540 2444 610 Περὶ
2483 543 2591 611 τῇς
2631 534 2991 605 ἁξιότητος,
3028 544 3134 591 καί
3183 548 3292 601 τῆς
3330 545 3718 611 τιμιότητος,
3754 547 3842 594 xui

2363 605 2475 669 τῆς
2510 605 2855 687 ᾅυνάμεως,
2886 616 2995 663 καὶ
3036 620 3143 672 τῆς
3176 605 3620 687 ,ἐργασίαςτῆς
3652 612 3843 665 ἀθανὼ

2362 699 2470 731 του
2509 679 2690 751 ψυχῇ
2715 702 2755 744 ς,
2796 688 2896 733 xui
2934 691 3061 745 πῶς
3118 679 3277 743 αὐτῆ
3319 685 3438 736 ὑπὸ
3492 692 3598 736 τοῦ
3636 690 3846 737 Σατανᾶ

2364 753 2761 823 πειράζεται,
2805 759 2909 806 καὶ
2952 763 3060 816 τῆς
3098 756 3569 829 ῖλευθερώσεςιις
3607 753 3716 808 ἀπὸ
3748 765 3846 809 τῶν

2362 832 2739 899 πειρασμῷν
2793 824 3440 899 τυγχάνειηΣυνέχει
3479 824 3545 880 δὲ
3576 827 3848 889 ζητήσεις

2361 898 2543 956 τινας
2583 895 2745 948 πάνυ
2785 895 3019 959 πολλῆς
3060 895 3499 960 διδασκαλίας
3542 903 3845 971 γεμούσας.

2362 984 2444 1037 A’.
2480 989 2563 1043 Μὴ
2598 985 2772 1048 ἀπλῶς
2819 994 2881 1059 τῇ
2910 994 3060 1060 νοερᾷ
3100 996 3196 1050 τῆς
3223 987 3412 1060 ψυχῆς
3439 987 3589 1061 οὐσίᾳ
3615 992 3847 1063 πρόσχςς,

2293 1071 2551 1143 ἀγαπητέ.
2588 1080 2771 1147 Τίμιόν
2819 1096 2869 1127 τι
2926 1082 3109 1137 σκεῦός
3164 1076 3303 1130 ἐστιν
3344 1080 3374 1136 ἡ
3410 1078 3658 1140 ἀθάνατος
3698 1077 3848 1149 ψυχή.

2293 1159 2405 1215 Ἴδε
2443 1168 2602 1225 πόσος
2633 1166 2658 1215 6
2708 1165 2922 1239 οὐρανὸς
2971 1171 3059 1219 xui
3092 1169 3119 1225 i-
3153 1163 3247 1238 γῆ,
3296 1172 3386 1219 καὶ
3444 1167 3535 1219 οὐκ
3585 1162 3848 1225 ηὐδόκησεν

2294 1253 2341 1303 ἐν
2391 1252 2563 1314 αὐτοῖς
2594 1256 2619 1305 6
2652 1258 2801 1320 Θεὸς,
2854 1254 2995 1327 εἰμὴ
3047 1260 3200 1327 μόνον
3259 1256 3330 1320 εἰς
3384 1260 3460 1309 σέ.
3510 1256 3656 1309 Βλέπε
3699 1260 3850 1308 σουτό

2295 1339 2501 1413 ἀξίωμα
2545 1348 2636 1395 καὶ
2683 1348 2776 1399 τὴν
2828 1344 3098 1415 εὐγένειαν,
3139 1346 3219 1396 ὃτι.
3266 1350 3336 1418 μὴ
3373 1342 3445 1397 δι’
3487 1344 3719 1416 ἀγγέλων,
3751 1342 3852 1395 ἀλλὰ

2296 1425 2368 1481 δι’
2422 1430 2609 1483 ἑαυτοῦ
2660 1428 2809 1490 ἦλθεν
2849 1433 2873 1483 6
2910 1437 3095 1507 Κύριος
3143 1434 3211 1494 εἰς
3261 1438 3358 1493 σὴν
3407 1432 3694 1507 πρεσϐείαν,
3745 1434 3853 1483 ὥστε

2297 1537 2353 1571 σε
2405 1524 2489 1571 τόν
2559 1520 2859 1573 ἀπολωλότα
2908 1520 3350 1588 ἀνακαλέσασθαι,
3404 1527 3492 1575 τόν
3546 1540 3852 1597 τετραυματι-

2298 1611 2503 1679 σμένον,
2556 1615 2645 1662 καὶ
2699 1607 2990 1663 ἀποδοῦναί
3031 1631 3115 1663 σοι
3155 1616 3248 1670 τὴν
3301 1617 3510 1687 πρώτην
3562 1610 3739 1663 πλάσιν
3780 1616 3853 1661 τοῦ

2294 1699 2526 1772 καθαροῦ
2585 1696 2778 1771 Ἀδάμ.
2840 1705 3104 1763 Δεσπότης
3156 1702 3257 1776 γὰρ
3313 1697 3373 1758 ἦν
3406 1703 3431 1752 6
3463 1702 3736 1773 ἅνθρωπος,
3773 1697 3853 1749 ἀπὸ

2222 1771 2259 1825 Β
2295 1795 2388 1839 τοῦ
2427 1787 2646 1861 οὐρανοῦ
2692 1794 2779 1841 καὶ
2830 1798 2927 1841 τῶν
2980 1791 3142 1856 κάτω,
3188 1794 3278 1841 καὶ
3313 1786 3635 1865 διακριτικὸς
3684 1789 3851 1851 παθῶν,

2296 1880 2385 1929 καὶ
2460 1874 2721 1950 δαιμόνων
2796 1878 3081 1951 ἀλλότριος,
3160 1881 3389 1952 καθαρὸς
3464 1877 3563 1931 ἀπό
3638 1878 3855 1950 ἁμαρτίας

2297 1966 2325 2024 ἣ
2387 1975 2579 2033 κακῶν,
2634 1972 2720 2019 καὶ
2777 1968 3016 2040 ὁμοίωμα
3064 1976 3200 2022 Θεοῦ
3232 1987 3244 1999 ·
3304 1966 3401 2020 διὰ
3434 1965 3492 2021 δε
3541 1964 3854 2039 τῆςπαραϐά·

2299 2074 2427 2119 σεως
2475 2055 2744 2118 ἀπολωλώς
2800 2056 2930 2123 ἐστι,
2963 2064 3053 2110 καὶ
3096 2062 3601 2133 τετραυματισμένος
3632 2074 3645 2087 ⁸
3686 2056 3853 2128 Ἠμαύ·

2295 2164 2432 2216 ρωσε
2486 2148 2586 2218 γὰρ
2642 2150 2728 2197 τόν
2777 2154 2894 2198 νοῦν
2926 2148 2951 2198 ό
2992 2154 3238 2213 Σατανᾶς,
3290 2150 3339 2199 ἓν
3389 2167 3494 2199 τινι
3542 2147 3695 2207 οὕτως
3740 2143 3847 2209 ἐστὶ,

2296 2238 2385 2285 καὶ
2414 2235 2462 2285 ἓν
2488 2254 2590 2286 τινι
2622 2234 2685 2307 ζῇ
2714 2240 2803 2287 καὶ
2836 2231 3112 2310 διακρίνει,
3146 2256 3236 2288 και
3262 2238 3375 2307 ἔχει
3410 2236 3620 2309 θέλημα.

2369 2449 2440 2499 B'.
2499 2449 2876 2519 Ἐρώτησις.
2940 2449 3131 2521 Οὐχὶ,
3198 2457 3309 2502 τοῦ
3369 2452 3716 2522 Πνεύματος
3766 2450 3846 2497 τοῦ

2299 2536 2493 2608 ἀγίου
2560 2537 2941 2609 ἐρχομένου,
3010 2544 3116 2591 καὶ
3177 2541 3206 2597 ἠ
3273 2544 3521 2611 φυσική
3587 2538 3851 2607 ἐπιθυμία

2304 2630 2811 2700 συνεκριζοῦται
2850 2631 3005 2700 μετά
3060 2628 3169 2689 τῆς
3208 2628 3580 2702 ἀμαρτίας;

2374 2733 2770 2806 Ἀπόκρισις.
2808 2742 3059 2808 Προείπον
3090 2737 3169 2788 ὅτι
3199 2740 3288 2788 καὶ
3318 2738 3350 2794 ἡ
3391 2735 3615 2810 ἁμαρτία
3661 2748 3849 2800 συνεκρί-

2304 2824 2507 2894 ζοῦται,
2562 2830 2652 2876 καὶ
2726 2824 3077 2896 ἀπολαμϐάνει
3131 2827 3156 2877 ό
3210 2826 3491 2899 ἄνθρωπος
3558 2830 3634 2883 τὴν
3678 2824 3842 2895 πρώτην

2302 2912 2495 2965 πλάσιν
2546 2921 2635 2965 τοῦ
2688 2916 2920 2986 καθαροῦ
2977 2911 3174 2987 Ἀδάμ.
3227 2915 3401 2978 Οὗτος
3459 2920 3619 2988 μέντοι
3658 2908 3735 2963 δ’ιὰ
3772 2906 3845 2964 τῆς

2306 2998 2578 3075 δυνάμεως
2606 3010 2697 3054 τοῦ
2748 3007 3060 3075 Πνεύματος,
3095 3008 3184 3055 καὶ
3226 3004 3323 3065 τῆς
3382 3004 3731 3076 ἀναγεννήσεως
3775 3013 3854 3055 της

2232 3119 2274 3176 C
2306 3093 2679 3165 πνευματικῆς,
2758 3095 2973 3166 ἔρχεται
3044 3096 3113 3154 εὶς
3170 3094 3235 3144 τὰ
3300 3098 3471 3170 μέτρα
3541 3100 3625 3146 τοῦ
3689 3091 3858 3159 πρώτου

2308 3178 2507 3254 Ἀδὰμ,
2561 3188 2652 3235 καὶ
2683 3183 2875 3254 μείζων
2921 3181 3083 3235 αὐτοῦ
3130 3186 3398 3253 γίγνεται.
3452 3176 3859 3247 Ἀποθεοῦταιγὰρ

2308 3272 2334 3322 6
2360 3272 2650 3346 ἄνθρωπος.

2382 3360 2453 3413 1".
2498 3362 2869 3437 Ἐρώτησις.
2912 3361 2979 3414 Εἰ
3018 3363 3043 3413 ό
3083 3366 3379 3426 Σατανᾶς
3417 3365 3618 3435 μέτρῳ
3656 3356 3865 3426 irrupis-

2311 3470 2437 3514 ται,
2477 3452 2507 3510 ἣ
2551 3454 2633 3511 ὡς
2674 3450 2841 3503 θέλει
2888 3450 3194 3521 πολεμεί;

2384 3540 2446 3593 Ἀ
2466 3546 2541 3592 πό
2559 3560 2663 3615 κρι
2684 3560 2803 3601 σις.
2836 3539 3005 3593 Αὐτοῦ
3036 3540 3066 3597 ἡ
3102 3542 3235 3614 ὀρμή
3267 3540 3331 3592 οὐ
3361 3559 3516 3613 μόνον
3548 3538 3616 3597 εἰς
3636 3537 3745 3593 τοὺς
3770 3537 3865 3601 Χρι-

2314 3632 2577 3701 στιανοὺς,
2625 3628 2753 3680 ἀλλά
2802 3634 2893 3681 καὶ
2952 3629 3025 3690 εἰς
3081 3632 3198 3688 τοὺς
3256 3626 3651 3702 εἰδωλολάτρας,
3704 3625 3780 3674 καὶ
3820 3615 3869 3674 εἰς

2312 3718 2424 3770 ὅλον
2498 3722 2584 3771 τὸν
2669 3722 2883 3789 κόσμον.
2948 3717 3007 3770 Εἰ
3059 3712 3147 3769 οὖν
3225 3724 3585 3793 παρεχωρείτο
3635 3716 3695 3773 ὡς
3768 3706 3867 3760 θελει

2312 3808 2570 3879 πολεμεῖν,
2618 3810 2817 3867 πάντας
2863 3805 2921 3857 ἂν
2968 3807 3204 3878 ἠφάνισε.
3234 3810 3334 3859 Διά
3360 3812 3451 3871 τί;
3507 3811 3599 3858 Οτι
3652 3804 3704 3854 τό
3752 3800 3867 3872 ἔργον

2313 3897 2474 3949 αὐτοῦ
2512 3899 2684 3949 καὶτὸ
2737 3896 2935 3968 θέλημα
2982 3899 3135 3948 τοῦτό
3166 3897 3329 3950 ἐστιν.
3362 3894 3561 3968 Ὠσπερ
3605 3888 3662 3944 δι
3687 3891 3711 3940 ό
3752 3901 3869 3959 κερα-

2312 3990 2437 4059 μεὺς
2493 3984 2667 4059 βάλλει
2742 3988 2807 4037 τὰ
2878 3987 3060 4049 σκεύη,
3120 3989 3209 4036 xui
3287 3988 3461 4057 μέτρῳ
3534 3982 3756 4034 ὑποκαίει
3796 3975 3869 4059 τὴν

2312 4078 2548 4148 κάμινον,
2598 4074 2657 4126 οὐ
2701 4074 2870 4140 πλέον,
2923 4075 3005 4125 ἶνα
3048 4076 3119 4145 μὴ
3172 4072 3467 4131 ὀπτηθέντα
3517 4072 3638 4142 ὑπερ
3687 4069 3739 4118 τό
3780 4058 3869 4114 δέον

2312 4165 2524 4237 ψοφήσῃ
2564 4183 2576 4195 ·
2612 4163 2705 4215 οὐκ
2736 4163 2962 4232 ἔλαττον,
2999 4163 3081 4213 ἶνα
3132 4165 3205 4234 μὴ
3262 4163 3436 4235 ἔνωμα
3468 4164 3587 4213 ὄντα
3615 4154 3867 4211 ἀπόληται’

2312 4258 2403 4305 καὶ
2458 4254 2553 4305 εἰό
2600 4252 2960 4326 ἀργυροκόπος
3002 4256 3091 4303 καὶ
3148 4256 3465 4323 χρυσοχόος
3517 4253 3678 4321 μέτρῳ
3727 4238 3871 4315 βαλλει

2314 4346 2371 4395 τό
2422 4351 2524 4414 πῦρ
2560 4359 2573 4371 ·
2629 4340 2712 4393 ἐὰν
2760 4343 2861 4415 γὰρ
2906 4341 3163 4413 πλεονάσῃ
3218 4343 3279 4391 τό
3328 4348 3457 4413 πῦρ,
3505 4334 3724 4389 λύεταιό
3759 4346 3873 4402 χρυ·

2317 4436 2405 4492 σός
2460 4436 2548 4483 καὶ
2580 4432 2604 4481 6
2648 4432 2897 4503 ἄργυρος,
2946 4434 3036 4482 καὶ
3088 4425 3443 4502 έξυδαροῡται
3490 4431 3577 4479 καὶ
3606 4420 3871 4477 ἀπόλλυται.

2319 4525 2414 4573 Καὶ
2444 4521 2537 4572 εἰό
2570 4518 2888 4593 ἀνθρώπινος
2942 4526 3059 4581 νοῦς
3116 4515 3257 4571 οἶδεν
3317 4518 3603 4590 έπιμετρεῐν
3647 4514 3708 4563 τὰ
3754 4506 3872 4581 βάρη

2314 4618 2385 4679 τῷ
2419 4614 2615 4673 κτήνει,
2662 4615 2752 4661 καὶ
2797 4617 2869 4680 τῷ
2898 4608 3137 4679 καμήλῳ,
3183 4608 3213 4667 ἦ
3262 4606 3403 4679 ἄλλῳ
3453 4610 3553 4659 τινὶ
3595 4610 3688 4655 τῶν
3733 4598 3874 4659 ζώων,

2239 4478 2282 4533 1)

2315 4703 2384 4760 ὼς
2415 4696 2635 4751 δύναται
2667 4700 2803 4751 κατά
2832 4697 3108 4769 ἀναλογίαν
3138 4699 3203 4749 τὰ
3231 4695 3377 4771 βάρη
3412 4694 3677 4767 βαστάσαι
3708 4704 3721 4719 ο
3750 4688 3875 4750 πόσῳ

2314 4787 2503 4861 μᾶλλον
2552 4789 2577 4839 6
2635 4791 2778 4855 Θεὸς,
2834 4788 2891 4849 ὃς
2932 4783 3046 4839 οἶδε
3100 4789 3165 4839 τὰ
3239 4788 3401 4843 σκεύη
3458 4793 3555 4836 τῶν
3610 4779 3874 4850 ἀνθρώπων,

2314 4878 2463 4939 οὗτος
2490 4876 2743 4949 ἕπαφίησι
2771 4881 2861 4929 xui
2891 4880 2984 4935 τήν
3014 4876 3243 4929 ἐναντίαν
3275 4872 3500 4946 δύναμιν
3530 4868 3563 4925 δ
3569 4884 3778 4942 ιαφορως
3805 4861 3815 4914 Ῐ

2387 5144 2457 5199 Δ’.
2490 5144 2689 5219 Ὠσπερ
2721 5140 2780 5197 δὲ
2822 5147 2920 5215 μία
2965 5138 3100 5195 οὖσα
3128 5142 3159 5201 ἠ
3190 5138 3284 5213 γῆ,
3329 5140 3361 5199 ἦ
3414 5141 3503 5212 μέν
3538 5134 3647 5188 εστι
3674 5126 3875 5219 ﬁt“???

2315 5230 2435 5299 δης,
2478 5236 2507 5292 ἡ
2570 5230 2629 5287 δὲ
2662 5217 2933 5304 Ἵλιπόγεως
2975 5247 2987 5259 ·
3049 5236 3140 5284 καὶ
3186 5230 3314 5288 ἄλλη
3369 5231 3460 5302 μὲν
3510 5217 3785 5279 ὶπιτηδεύει
3818 5217 3872 5304 εις

2316 5329 2522 5395 φυτείαν
2573 5302 2889 5395 ἀμπελῶνος,
2940 5321 3067 5381 άλλη
3116 5318 3175 5374 δὶ
3225 5320 3301 5382 εἰς
3375 5321 3565 5390 σπόρον
3621 5302 3873 5395 σίτου,²αὶ

2313 5416 2504 5487 κριθῶν
2535 5430 2547 5442 ·
2598 5413 2762 5473 οὕτως
2792 5412 2893 5464 εἰσί
2941 5408 3184 5486 διάφοροι
3220 5414 3312 5461 καὶ
3343 5406 3500 5460 αὗται
3528 5411 3625 5455 τῶν
3653 5391 3869 5487 καρδιῶνῖ

2312 5508 2402 5554 καὶ
2454 5510 2554 5554 τῶν
2604 5506 2954 5577 προαιρέσεων
3002 5509 3102 5553 τῶν
3152 5498 3476 5572 ἀνθρώπων·
3516 5492 3645 5545 οὕτω
3692 5486 3870 5577 καὶ-τα

2314 5565 2653 5664 χαρίσματα.
2678 5565 2867 5643 ἀνάθεν
2917 5565 3256 5643 ἐπιδίδονται-
3295 5603 3311 5619 ⁸
3417 5585 3504 5657 μὶν
3532 5565 3868 5664 δίδοται-διαξ-

2316 5656 2464 5733 xcv-iu
2493 5656 2687 5757 λόγου,
2728 5681 2767 5752 ᾧ
2800 5677 2859 5735 δὲ
2899 5678 3171 5756 διάκρισις
3199 5691 3215 5708 ⁸
3249 5656 3385 5749 ἄλλῲ
3412 5656 3713 5748 χαρίσματα
3741 5656 3867 5732 ίαμά·
