4034 6202
210 289 298 347 677

1446 291 1781 348 HOMILIE.
1823 325 1890 335 —
1932 295 2104 351 HOM.
2147 297 2341 354 XXVI.

3449 304 3555 359 678

207 435 291 468 των
313 432 326 446 ⁸
357 412 471 468 οἶδε
497 417 598 488 γὰρ
637 416 663 468 ό
703 407 868 485 Θεὸς,
897 421 1003 475 πῶς
1049 433 1130 476 τις
1160 411 1379 468 δύναται
1418 415 1784 488 οἰκονομῆσαι,

1919 417 2200 487 iiscretio,
2229 420 2328 477 alii
2358 421 2589 477 donum
2628 424 2973 480 conferendi
3006 425 3348 484 sanitatem.
3388 428 3554 484 Novit

205 509 282 556 καὶ
305 504 463 566 οὕτως
518 501 806 557 ἐπιδίδωσι
833 506 902 556 τὰ
946 509 1264 578 χαρίσματα
1287 501 1515 579 διάφορα
1551 523 1563 535 ·
1598 507 1790 578 ὁμοίως

202 599 283 646 καὶ
325 593 399 656 εἰς
453 598 574 656 τοὺς
625 593 898 666 πολέμους,
932 597 1069 667 μέρῳ
1120 599 1222 646 τινὶ
1271 597 1342 657 ὡς
1395 590 1618 648 δύναται
1663 597 1788 648 ὑπο-

203 680 447 747 δέξασθαι
514 688 603 736 καὶ
675 684 972 756 ὑπομεῖναι,
1054 683 1219 745 οὓτως
1289 683 1557 757 ἐπαφίεται
1613 685 1789 748 αὐτοῖς

201 775 228 832 ἡ
253 771 448 826 ἐναντία
476 768 716 846 δύναμις.

274 969 343 1025 E'.
392 968 767 1042 Ἐρώτησις.
808 968 876 1022 Εἰ
919 965 1275 1042 δεξάμενός
1312 988 1410 1031 τις
1456 973 1567 1027 τὴν
1611 970 1785 1022 θείαν

213 1057 487 1133 δύναμιν,
543 1063 652 1112 καὶ
718 1067 991 1133 μερικῶς
1050 1058 1450 1124 ἀλλοιωθεὶς,
1500 1062 1672 1130 μένει
1730 1058 1786 1111 ἐν

207 1157 271 1217 τῇ
299 1164 518 1221 euasi;

264 1275 662 1349 Ἀπόκρισις.
709 1273 820 1329 Ὶνα
849 1278 906 1327 τό
949 1273 1146 1348 θέλημα
1191 1279 1281 1328 καὶ
1319 1293 1440 1327 τετα
1487 1279 1576 1333 τὴν
1625 1276 1789 1349 χάριν

198 1361 520 1436 δοκιμασθῇ,
574 1370 674 1416 ποῦ
725 1363 868 1438 ῥέπει
932 1367 1023 1415 καὶ
1091 1370 1368 1435 συμφωνεῖ,
1428 1366 1564 1435 μένει
1613 1361 1661 1414 ἓν
1724 1370 1785 1434 τῇ

193 1456 474 1510 ταυτότητι
518 1454 549 1511 ἠ
580 1454 758 1526 φύσις,
791 1454 818 1505 6
851 1451 1074 1528 σκληρός
1113 1451 1160 1504 ἐν
1207 1460 1268 1524 τῇ
1313 1451 1652 1526 σκληρότητι,
1703 1456 1790 1503 καὶ

191 1543 216 1594 6
240 1549 430 1615 κοῦφος
473 1541 520 1594 ἐν
572 1550 634 1615 τῇ
682 1547 988 1615 κουφότητι.
1054 1540 1332 1614 Συμϐαίνει
1359 1537 1437 1606 δὲ,
1467 1542 1546 1594 ὅτι
1577 1538 1792 1601 ἰδιώτης

194 1631 257 1682 ὦν
303 1651 383 1694 τις
432 1631 772 1704 ἀναγεννᾶται
825 1639 1200 1703 πνευματικῶς,
1277 1635 1363 1682 καὶ
1419 1629 1792 1702 μεταϐάλλεται

195 1721 263 1782 εἰς
315 1726 524 1793 σοφίαν,
579 1725 670 1774 καὶ
717 1724 1028 1794 γνωρίζεται
1071 1720 1208 1791 αὐτῷ
1263 1719 1538 1793 ἀπόκρυφα
1589 1725 1792 1792 μυστή-

193 1829 281 1885 ρια
310 1825 324 1840 ·
358 1816 448 1863 καὶ
477 1807 694 1871 ἰδιώτης
735 1809 852 1863 ἕστὶ
906 1817 969 1883 τῇ
1015 1812 1186 1882 φύσει.
1245 1808 1430 1872 Ἀλλος
1466 1808 1565 1862 ἀπὸ
1595 1812 1792 1882 φύσεως

197 1899 420 1974 σκληρός
467 1903 556 1965 ὤν,
592 1895 819 1952 δίδωσιν
859 1897 1044 1951 ἑαυτοῦ
1096 1901 1154 1950 τό
1203 1898 1400 1971 θέλημα
1451 1898 1521 1960 εἰς
1560 1903 1653 1956 τὴν
1686 1900 1792 1951 θεο-

197 1992 416 2055 σέϐειαν,
465 1993 555 2042 καὶ
607 1984 823 2060 δέχεται
860 1987 1016 2040 αὐτόν
1052 1988 1078 2040 6
1107 1991 1256 2053 Θεὸς,
1305 1991 1444 2060 μένει
1476 1984 1534 2040 δὲ
1565 1990 1594 2046 ἡ
1635 1991 1794 2059 φύσις

194 2082 239 2131 ἓν
296 2087 359 2150 τῇ
425 2077 766 2150 σκληρότητι,
823 2081 914 2129 καὶ
965 2072 1170 2130 εὐδοκεῖ
1229 2076 1296 2137 εἰς
1355 2077 1510 2128 αὐτόν
1559 2077 1584 2128 6
1633 2081 1782 2138 Θεός.

193 2167 374 2228 Ἀλλος
423 2166 534 2220 icti
579 2174 833 2239 χρηστῶν
891 2167 1051 2230 ἠθῶν,
1124 2164 1376 2230 ἐπιεικὴς,
1435 2164 1647 2237 ἁγαθός,
1703 2162 1791 2219 δί-

197 2254 361 2310 δωσιν
394 2256 574 2309 ἑαυτόν
603 2263 676 2327 τῷ
713 2263 847 2327 Θεῷ,
904 2260 995 2308 καὶ
1029 2252 1246 2327 δέχεται
1293 2258 1383 2328 μὲν
1437 2255 1592 2307 αὐτόν
1621 2257 1648 2308 ό
1685 2257 1785 2311 K6-

191 2367 302 2421 ριος
331 2360 344 2372 ⁶
413 2349 487 2418 μὴ
536 2343 819 2417 ἐμμένοντα
849 2341 908 2398 δὲ
955 2351 1060 2405 τοῖς
1111 2343 1332 2416 ἀγαθοῖς
1383 2347 1553 2418 ἔργοις
1598 2344 1692 2396 οὐκ
1719 2344 1795 2396 εῦ-

194 2433 358 2499 δοκιῖ,
416 2429 597 2492 ἐπειδὴ
648 2435 678 2492 ἠ
708 2436 867 2506 φύσις
904 2432 993 2490 ὅλη
1046 2440 1139 2486 τοῦ
1187 2429 1364 2505 Ἀδὰμ
1420 2439 1609 2506 τρεπτή
1657 2432 1796 2486 ἐστιν

191 2524 274 2578 ἐπὶ
311 2528 372 2576 τό
419 2522 599 2590 καλὸν,
630 2527 719 2575 καὶ
767 2521 851 2576 ἐπὶ
897 2525 955 2576 τό
994 2525 1172 2594 κακόν,
1225 2519 1437 2582 δεκτικὴ
1472 2530 1562 2576 τοῦ
1609 2531 1794 2590 κακοῦ,

194 2615 302 2668 ἀλλ’
333 2613 382 2668 εἰ
409 2611 538 2666 θέλει
563 2612 657 2665 οὐκ
688 2611 1082 2670 ἁποτελεστική.

261 2737 336 2804 ς’.
381 2743 585 2810 Ὠσπερ
617 2737 880 2808 σωμάτιον
962 2738 1282 2809 γραφόμενόν
1348 2734 1477 2801 ἐστι.
1535 2731 1800 2810 διαφόρως

191 2828 424 2888 Θελήσεις
471 2825 729 2897 ἔγραψας,
790 2824 944 2878 πάλιν
995 2823 1323 2895 ἀπαλείψας·
1374 2821 1710 2900 δέχεταιγὰρ
1741 2828 1799 2878 τὸ

200 2918 467 2988 σωμάτιον
521 2921 694 2968 πᾶσαν
743 2919 946 2989 γραφήν
987 2929 1000 2943 '
1039 2913 1174 2966 οὕτω
1220 2915 1357 2966 καὶὸ
1388 2913 1633 2987 σκληρός,
1676 2913 1803 2968 ἔδω-

211 3025 292 3058 κεν
320 3007 479 3058 αὑτοῦ
519 3008 578 3056 τό
639 3003 836 3076 θελημα
887 3005 1009 3076 πρὸς
1057 3006 1144 3056 τόν
1197 3007 1344 3063 Θεὸν,
1378 3004 1574 3075 ἐτράπη
1618 3002 1690 3064 εἰς
1744 3006 1802 3055 τό

216 3092 427 3164 ἀγαθόν,
479 3090 679 3165 ἐδέχθη
712 3095 814 3146 ὑπὸ
844 3100 933 3146 τοῦ
965 3091 1209 3179 Θεοῦ.ίο
1241 3094 1343 3166 γὰρ
1387 3095 1510 3154 Θεός
1541 3092 1622 3144 ἵνα
1653 3088 1798 3164 δείξῃ
1830 3123 1870 3179 C

203 3185 272 3234 τὰ
310 3181 488 3237 ἑαυτοῦ
524 3181 828 3254 σπλάγχνα,
880 3183 1079 3244 πάντας
1122 3177 1358 3253 δέχεται,
1405 3187 1580 3234 πᾶσαν
1612 3185 1789 3254 προαί-

185 3292 359 3346 ρεσιν.
436 3275 507 3325 Οἱ
550 3269 853 3337 ἁποστολοι,
912 3271 984 3334 εἰς
1031 3274 1094 3330 ἤν
1149 3271 1210 3322 ἄν
1255 3269 1403 3323 πόλιν
1461 3270 1798 3344 εἰσήρχοντο,

182 3366 404 3416 ἐποίουν
457 3363 576 3414 τινὰ
619 3365 832 3435 χρόνον,
887 3365 977 3413 καὶ
1033 3360 1091 3412 ίκ
1134 3368 1233 3413 τῶν
1275 3364 1603 3432 κακουμένων
1651 3363 1792 3422 τινας

185 3451 366 3518 ἰῶντο,
423 3452 570 3512 τινὰς
627 3447 685 3502 δὲ
731 3450 817 3507 οὔ.
865 3448 1077 3502 Ἣθελον
1131 3445 1190 3501 δὲ
1221 3450 1368 3502 αὐτοὶ
1419 3451 1468 3502 οἱ
1516 3447 1794 3502 ἀπόστολοι

183 3542 395 3600 πάντας
442 3542 565 3601 τοὺς
622 3541 830 3612 νεκροὺς
879 3537 1038 3590 οὔτῶν
1089 3538 1380 3602 ζωοποιεῖν,
1429 3543 1519 3590 καὶ
1565 3541 1681 3598 τοὺς
1712 3558 1803 3590 κα-

183 3634 482 3702 κουμένους
531 3627 598 3689 εἰς
641 3629 840 3700 ὑγίειαν
899 3631 1083 3703 φέρειν,
1143 3634 1232 3680 καὶ
1282 3627 1523 3689 όλοτελῶς
1570 3630 1664 3680 οῦκ
1695 3627 1798 3697 ἐγί-

183 3739 305 3772 νετο
363 3719 542 3772 αὐτῶν
603 3720 664 3770 τό
735 3716 937 3789 θέλημα
966 3734 980 3749 ο
1030 3715 1089 3769 οὐ
1136 3719 1238 3790 γὰρ
1297 3716 1596 3791 ἐπετρέπετο
1635 3719 1808 3776 αὐτοῖς

183 3811 298 3862 ὅσα
341 3807 532 3866 ἣθελον
580 3814 764 3860 ποιεῖν.
801 3805 1024 3879 Ὁμοίως
1085 3811 1176 3858 καὶ
1215 3807 1240 3857 6
1283 3806 1508 3872 Παῦλος,
1552 3805 1634 3858 ὅτε
1663 3804 1810 3878 ἐκρα-

184 3900 334 3956 τήθη
381 3897 486 3949 ὑπό
527 3903 618 3948 τοῦ
667 3894 950 3968 ἐθνάρχου,
985 3894 1028 3947 εἰ
1052 3895 1226 3954 ἢθελεν
1254 3896 1283 3954 ἡ
1329 3899 1422 3946 σῦν
1453 3894 1593 3966 αὐτῷ
1622 3896 1806 3969 χάρις,

182 3986 364 4040 istoin
392 3989 482 4038 τόν
524 3987 785 4058 ἱθνάρχην
833 3989 922 4037 καὶ
978 3987 1037 4037 τό
1067 3989 1248 4055 τεῖχος
1297 3979 1670 4058 διαρραγῆναι,
1721 3981 1810 4034 ἆν-

192 4077 411 4147 θρωπος
467 4077 605 4146 ἔχων
657 4072 996 4149 Παράκλητον
1025 4091 1039 4106 ο
1097 4071 1226 4124 ἀλλὰ
1276 4068 1370 4124 διὰ
1402 4074 1664 4144 σαργάνης
1703 4091 1809 4142 χα-

204 4163 360 4216 λᾶται
396 4165 425 4216 6
469 4162 802 4224 ’Δπόστολος.
863 4167 963 4216 Καὶ
1016 4169 1118 4214 ποῦ
1148 4162 1178 4219 ἡ
1215 4168 1448 4214 συνοῦσα
1497 4163 1608 4214 θεία
1655 4157 1812 4212 δύνα-

211 4273 288 4322 tu;
322 4271 337 4319 ;
399 4259 569 4305 ταῦτα
612 4252 948 4324 οἰκονομικῶς
1004 4253 1215 4324 ἐγίνετο,
1251 4253 1318 4312 ι’ίς
1357 4270 1473 4303 τινα
1527 4251 1814 4325 πράγματα

216 4349 376 4394 ποιεῖν
428 4341 619 4403 αὐτοὺς
678 4348 873 4414 σημεῖα
925 4345 1015 4393 καὶ
1085 4341 1377 4414 θαυμάσια,
1433 4345 1522 4392 καὶ
1579 4342 1647 4401 εἷς
1699 4359 1814 4391 τινα

219 4429 450 4485 ἀσθενεῖν
490 4431 720 4493 αὖτοὺςο
776 4431 858 4483 ἵνα
913 4433 962 4482 ἓν
1019 4432 1219 4491 τούτοις
1271 4426 1523 4504 διακριθῇ
1563 4430 1592 4487 ἡ
1637 4434 1816 4489 πίστις

222 4529 320 4573 τῶν
364 4520 601 4574 ἀπίστων
656 4525 748 4572 καὶ
799 4528 899 4574 τῶν
947 4527 1168 4586 πιστῶν,
1220 4524 1312 4572 καὶ
1367 4522 1425 4571 τό
1484 4518 1818 4581 αὐτεξούσιον

223 4606 551 4684 δοκιμασθῇ,
605 4614 694 4663 καὶ
734 4611 1023 4683 φανερωθῇ,
1093 4609 1197 4681 εἰγε
1253 4608 1322 4670 εἰς
1362 4611 1429 4661 τὰ
1476 4607 1821 4682 ἀσθενέστερα

226 4703 352 4774 μέρη
403 4704 535 4762 τινες
591 4699 651 4752 οὐ
705 4695 1167 4762 σκανδαλίζονται.
1225 4698 1286 4751 Εἰ
1334 4701 1436 4772 γὰρ
1496 4699 1666 4751 πάντα
1721 4698 1821 4749 ὅσα

229 4788 405 4843 ἤθελον
459 4789 665 4842 ἕποίουν
716 4791 764 4842 οἱ
819 4787 1121 4859 ἀπόστολοι,
1191 4787 1553 4860 ἁναγκαστικῇ
1602 4784 1823 4858 δυνάμει

228 4872 459 4947 ἕτύττυον
502 4881 622 4940 τοὺς
676 4876 982 4954 ἀνθρώπους
1019 4878 1087 4938 εἰς
1147 4881 1242 4937 τὴν
1283 4875 1593 4943 θεοσέϐείαν,
1629 4873 1722 4928 διὰ
1757 4877 1824 4928 τὰ

230 4974 439 5038 σημεῖα,
493 4972 584 5021 καὶ
627 4971 688 5021 τό
747 4967 1101 5034 αὐτεξούσιον,
1162 4971 1252 5018 καὶ
1301 4966 1474 5018 οὐκέτι
1526 4970 1700 5026 πίστις
1732 4969 1823 5017 καὶ

230 5051 448 5109 ἀπιστία
477 5075 492 5091 ο
545 5059 570 5109 6
627 5059 728 5130 γὰρ
759 5058 1178 5128 Χριστιανισμὸς
1207 5055 1349 5118 λίθος
1398 5053 1510 5107 ἐστὶ
1558 5058 1824 5128 προσκόμ-

231 5161 381 5212 ματος
409 5151 500 5200 καὶ
528 5149 693 5221 πέτρα
725 5142 1044 5202 σκανδάλου.

1848 4474 1893 4528 D

1899 509 2055 564 enim
2086 512 2234 565 Deus
2260 525 2381 582 quo
2402 516 2577 582 pacto
2602 511 2740 584 quis
2764 512 3113 585 dispensare
3134 516 3344 586 possit,
3373 523 3554 589 atque

1897 611 1967 651 ea
1996 598 2222 653 ratione
2253 598 2478 654 confert
2507 599 2745 656 diversa
2774 601 2956 657 dona.
3000 603 3278 660 Similiter
3307 620 3553 677 quoque

1897 685 1973 741 ad
2001 685 2158 743 bella
2186 692 2344 743 certo
2373 689 2641 760 quodam
2676 690 2858 746 modo
2888 706 2998 762 pro
3030 692 3254 748 viribus
3282 694 3552 750 hominis

1896 775 2280 847 suscipienda
2294 791 2365 832 ac
2386 776 2759 844 sustinenda,
2787 779 2862 834 ad
2884 779 3046 836 hunc
3073 782 3554 840 modumimmit-

1895 862 2038 920 titur
2065 863 2177 920 illis
2206 865 2550 922 adversaria
2580 871 2862 938 potestas.

1967 971 2031 1026 V.
2049 973 2469 1044 Interrogatio.
2497 976 2706 1032 Utrum
2737 976 2842 1047 qui
2853 978 3070 1046 accipit
3085 978 3345 1035 divinam
3360 980 3544 1046 virtu,

1899 1065 2033 1126 tem,
2052 1077 2124 1118 ac
2137 1062 2200 1118 in
2214 1071 2392 1133 parte
2410 1071 2696 1130 mutatur,
2720 1066 2784 1121 in
2812 1073 3036 1123 natura
3057 1083 3167 1124 sua
3191 1074 3501 1137 permanet
3523 1068 3552 1124 εν

1976 1277 2317 1346 Responsio.
2351 1280 2420 1334 Ut
2453 1277 2730 1335 voluntas
2771 1284 2911 1352 post
2949 1285 3262 1352 acceptam
3309 1295 3555 1354 quoque

1900 1365 2155 1434 gratiam
2201 1367 2506 1438 probetur,
2556 1384 2679 1440 quo
2724 1370 2948 1437 tendat,
2992 1370 3158 1426 cuive
3200 1369 3556 1426 consentiat-

1900 1457 2116 1510 natura
2146 1461 2416 1511 remanet
2453 1456 2686 1520 eadem.
2729 1457 2917 1514 durus
2956 1459 3015 1514 in
3055 1458 3292 1524 duritie,
3327 1463 3383 1514 et
3410 1458 3558 1515 levis

1900 1543 1962 1599 in
1991 1543 2245 1600 levitate.
2281 1545 2734 1614 Contingitvero
2756 1546 3059 1618 plebeium
3080 1548 3429 1620 quempiam
3456 1562 3554 1602 re-

1903 1634 2172 1702 generari
2204 1633 2602 1705 spiritualiter,
2637 1651 2705 1690 ac
2751 1637 2967 1691 mutari
3002 1638 3062 1691 in
3102 1637 3455 1709 sapientem,
3500 1641 3557 1691 et

1904 1722 2098 1778 eidem
2120 1722 2368 1778 revelari
2389 1722 2622 1780 occulta
2644 1725 2928 1795 mysteria
2949 1744 2964 1795 ;
2990 1727 3093 1797 qui
3115 1731 3333 1782 natura
3353 1730 3554 1781 tamen

1904 1810 2172 1882 plebeius
2202 1815 2310 1867 est.
2344 1811 2506 1868 Alius
2539 1812 2726 1868 durus
2769 1818 3001 1878 natura,
3054 1814 3320 1886 applicat
3347 1813 3556 1869 volun-

1903 1906 2084 1956 tatem
2109 1917 2282 1958 suam
2316 1901 2394 1957 ad
2419 1901 2644 1958 cultum
2699 1902 2994 1966 divinum,
3049 1919 3231 1975 quem
3284 1906 3561 1974 acceptat

1902 2004 2147 2062 quoque
2179 1992 2364 2053 Deus;
2399 1996 2666 2046 remanet
2687 2007 2823 2046 vero
2843 1998 3058 2047 natura
3083 1993 3211 2063 ejus
3231 1992 3292 2047 in
3323 2007 3437 2048 sua
3452 1991 3559 2045 du-

1902 2079 2050 2138 ritie.
2072 2079 2241 2150 isque
2272 2079 2389 2135 Deo
2411 2079 2622 2150 placet.
2648 2079 2810 2135 Alius
2835 2085 2924 2135 est
2956 2080 3227 2136 moribus
3250 2079 3556 2150 benignis,

1905 2183 2136 2240 aequus,
2168 2167 2398 2234 bonus;
2425 2168 2594 2224 offert
2621 2169 2888 2240 seipsum
2916 2169 3053 2232 Deo,
3079 2184 3148 2225 ac
3173 2168 3389 2242 recipit
3417 2184 3558 2224 eum

1909 2258 2235 2323 Dominus;
2268 2273 2339 2313 eo
2368 2273 2532 2326 vero,
2589 2257 2692 2329 qui
2745 2273 2865 2314 non
2911 2265 3258 2329 perseverat
3287 2259 3348 2313 in
3377 2256 3558 2314 bonis

1905 2346 2212 2417 operibus,
2239 2362 2361 2402 non
2384 2345 2742 2414 delectatur;
2771 2347 3070 2419 siquidem
3135 2349 3418 2403 universa
3448 2362 3557 2402 na-

1907 2440 2039 2490 tura
2059 2435 2200 2490 Adaa
2233 2435 2539 2490 mutabilis
2561 2441 2648 2490 est
2666 2443 2792 2491 tum
2816 2437 2877 2490 in
2905 2435 3157 2502 bonum,
3188 2443 3314 2492 tum
3346 2436 3406 2492 in
3436 2452 3561 2492 ma-

1907 2522 2069 2579 lum:
2103 2539 2296 2595 capax
2323 2524 2568 2596 quidem
2599 2524 2760 2592 mali,
2788 2525 2956 2597 quod
2986 2530 3209 2597 tamen,
3243 2527 3293 2581 si
3313 2525 3466 2591 velit,
3499 2526 3559 2581 in

1907 2611 2182 2668 effectum
2216 2627 2339 2668 non
2368 2612 2628 2669 deducit.
2667 2673 2680 2692 χ

1984 2737 2068 2791 VI.
2102 2737 2627 2802 Quemadmodum
2661 2742 2745 2793 est
2804 2738 3161 2794 membrana
3191 2738 3397 2794 litteris
3423 2754 3563 2796 con-

1912 2825 2044 2892 sita,
2073 2826 2133 2880 in
2159 2841 2281 2898 qua
2301 2826 2484 2892 varie,
2517 2825 2871 2892 utvolueris,
2898 2827 3226 2898 scripseris,
3255 2843 3326 2883 ac
3349 2843 3558 2883 rursus

1912 2914 2344 2970 oblitteraveris
2362 2914 2548 2986 (capit
2568 2916 2726 2970 enim
2751 2915 3103 2972 membrana
3130 2932 3560 2988 quamcunque

1913 3004 2031 3074 96
2056 3003 2532 3074 scripturam)sic
2554 3004 2732 3060 etiam
2769 3005 2958 3060 durus
2989 3003 3356 3060 voluntatem
3387 3021 3562 3061 suam

1913 3091 2228 3149 contulitin
2247 3095 2782 3156 Deum,conversus
2796 3093 2971 3149 estad
2985 3093 3564 3166 bonum,susceptus

1913 3182 2226 3238 estaDeo.
2257 3184 2410 3236 Deus
2462 3182 2643 3246 enim,
2705 3189 2766 3236 ut
2818 3182 3028 3239 intima
3071 3183 3292 3239 amoris
3333 3183 3563 3239 viscera

1913 3272 2371 3338 demonstraret,
2401 3286 2612 3327 omnes
2653 3271 2861 3342 recipit
2899 3287 3266 3343 omnemque
3296 3271 3565 3327 volunta-

1915 3366 2052 3417 tem.
2079 3359 2338 3432 Apostoli
2366 3375 2797 3432 quamcunque
2821 3360 3119 3416 civitatem
3149 3360 3564 3430 ingredieban-

1914 3457 2029 3518 tur,
2062 3450 2456 3505 morabantur
2481 3451 2540 3504 in
2564 3465 2635 3505 ea
2663 3449 3040 3521 aliquantum
3074 3453 3382 3521 temporis,
3405 3455 3459 3506 et
3490 3466 3562 3506 ex

1916 3539 2072 3594 male
2085 3538 2309 3594 affectis
2321 3539 2613 3610 quosdam
2630 3539 3245 3612 sanabant.quosdam
3262 3555 3402 3596 vero
3415 3555 3560 3595 non.

1919 3629 2298 3699 Exoptabant
2320 3643 2460 3683 vero
2480 3628 2594 3699 ipsi
2617 3628 2870 3699 apostoli
2891 3635 3137 3684 cunctos
3161 3645 3370 3685 eorum
3400 3644 3562 3684 mor-

1917 3717 2122 3774 tuosin
2135 3717 2316 3772 vitam
2334 3717 2697 3786 postliminio
2715 3733 3017 3783 revocare,
3035 3724 3089 3772 et
3103 3718 3256 3774 male
3273 3718 3565 3774 habentes

1919 3806 1995 3863 ad
2019 3806 2336 3860 sanitatem
2371 3805 2730 3876 perducere;
2763 3822 2968 3861 verum
3027 3810 3307 3862 voluntas
3355 3823 3566 3862 eorum

1919 3909 2041 3950 non
2074 3910 2177 3966 per
2201 3895 2408 3949 omnia
2437 3893 2798 3965 implebatur
2824 3912 2837 3960 ;
2871 3911 2990 3950 non
3023 3897 3182 3949 enim
3204 3895 3462 3950 dabatur
3480 3896 3565 3950 eis

1919 3998 2300 4055 quaecunque
2323 3981 2620 4048 volebant,
2652 3998 2954 4054 peragere.
2988 3982 3270 4038 Similiter
3322 3983 3563 4045 Paulus,

1921 4087 2056 4127 cum
2081 4071 2439 4126 detineretur
2457 4087 2494 4127 a
2517 4070 2794 4142 praefecto
2823 4072 3032 4143 gentis,
3060 4073 3106 4126 si
3131 4071 3416 4126 voluisset
3436 4086 3569 4139 gra-

1922 4163 2003 4218 tia
2049 4176 2170 4232 qua
2193 4160 2481 4232 praeditus
2522 4166 2668 4225 erat,
2729 4160 2962 4216 fecisset
3021 4159 3367 4232 prasfectum
3400 4159 3568 4215 illum

1921 4251 2133 4322 gentis,
2169 4254 2346 4320 atque
2373 4264 2609 4304 murum
2642 4249 2926 4322 dirumpi,
2956 4255 3012 4305 et
3034 4248 3286 4320 effringi,
3321 4249 3567 4322 quippe,

1922 4339 2023 4412 qui
2047 4339 2229 4394 homo
2252 4341 2379 4393 erat
2397 4338 2696 4394 Paracleto
2726 4337 3021 4410 repletus;
3045 4354 3250 4394 verum
3276 4354 3380 4411 per
3406 4353 3574 4410 spor-

1925 4427 2375 4484 tamdimittitur
2404 4427 2724 4498 Apostolus
2755 4428 2898 4482 “'5‘.
2926 4430 2990 4483 Et
3022 4427 3123 4482 ubi
3148 4427 3570 4492 virtusdivina,

1926 4533 2049 4588 qua
2061 4515 2347 4588 praeditus
2360 4516 2523 4571 erat?
2553 4517 2687 4571 Haec
2705 4532 2845 4572 cum
2859 4516 3308 4588 dispensatione
3321 4516 3566 4581 ﬁebant,

1928 4611 1992 4661 ut
2021 4605 2386 4678 quibusdam
2417 4605 2477 4660 in
2509 4605 2688 4661 rebus
2720 4605 3010 4662 miracula
3039 4622 3108 4662 ac
3139 4606 3311 4675 signa
3333 4606 3574 4661 ederent

1929 4697 2062 4768 ipsi,
2095 4695 2153 4749 in
2169 4694 2475 4767 aliquibus
2492 4695 2689 4750 minus
2704 4701 2948 4766 possent
2975 4711 2987 4749 :
3016 4701 3080 4749 ut
3094 4695 3153 4749 in
3180 4695 3342 4749 hisce
3359 4694 3575 4748 discer-

1931 4789 2168 4840 neretur
2194 4784 2342 4838 ﬁdes
2370 4783 2761 4846 credentium,
2789 4788 2844 4838 et
2867 4799 2984 4838 non
3017 4782 3406 4842 credentium.
3430 4781 3578 4836 libe-

1931 4887 2187 4944 rumque
2219 4872 2525 4927 arbitrium
2578 4871 2948 4943 probaretur,
2980 4889 3049 4927 ac
3076 4871 3576 4935 manifestaretur,

1934 4979 2079 5018 num
2112 4962 2362 5033 quidam
2384 4961 2463 5017 ob
2494 4962 2764 5033 ipsorum
2787 4961 2846 5015 in
2868 4959 3239 5032 quibusdam
3271 4958 3580 5014 inﬁrmita-

1936 5057 2054 5108 tem
2077 5049 2472 5106 offensionem
2502 5053 2867 5120 paterentur,
2903 5064 3109 5104 necne.
3131 5047 3188 5103 Si
3221 5049 3402 5113 enim,
3422 5062 3580 5119 quaa-

1950 5155 2189 5211 cunque
2221 5138 2522 5204 volebant,
2581 5138 2858 5194 fecissent
2901 5137 3176 5210 apostoli.
3226 5137 3283 5192 vi
3314 5136 3582 5208 quadam

232 5235 563 5292 necessaria
583 5234 1018 5308 compulissent
1035 5231 1316 5290 homines
1332 5232 1408 5288 ad
1439 5231 1665 5287 cultum
1687 5231 1977 5295 divinum,
2003 5245 2109 5300 per
2134 5227 2442 5292 miracula,
2475 5233 2531 5282 et
2552 5226 2802 5283 liberam
2819 5232 3178 5298 potestatem
3198 5241 3308 5281 nec
3324 5224 3582 5296 amplius

231 5321 382 5380 ﬁdes
408 5325 640 5391 fuisset,
669 5330 774 5382 aut
800 5324 1140 5381 inﬁdelitas.
1173 5321 1645 5380 Christianorum
1676 5319 1870 5376 cultus
1898 5320 2057 5375 enim
2083 5317 2238 5388 lapis
2269 5322 2355 5372 est
2379 5315 2732 5372 offensionis
2764 5323 2822 5372 et
2853 5323 3020 5388 petra
3049 5315 3337 5371 scandali.

299 5413 372 5468 Z’.
421 5415 561 5474 Πλὴν
593 5418 652 5468 τό
703 5418 822 5489 περὶ
857 5420 948 5468 τοῦ
997 5411 1114 5467 Ἰὼϐ
1142 5415 1514 5485 γεγραμμένον,
1559 5409 1653 5462 οὐκ
1686 5411 1826 5462 ἔστιν

231 5499 420 5571 ἐπλῶς,
473 5512 585 5568 πῶς
634 5502 929 5579 ἐξῃτήσατο
1001 5502 1155 5556 αὐτὸν
1207 5503 1233 5555 ό
1290 5506 1536 5561 Σατανᾶς.
1592 5499 1668 5552 Οὐ
1725 5501 1827 5573 γὰρ

308 5674 432 5718 ⁸³-⁵¹ο
469 5679 598 5736 Act.
619 5691 699 5746 Ix,
728 5677 819 5732 24.

2010 5407 2126 5463 VII.
2147 5408 2382 5471 Verum,
2404 5406 2565 5477 quod
2591 5407 2664 5462 de
2680 5406 2829 5462 Jobo
2848 5407 3135 5476 scriptum
3159 5410 3265 5469 est,
3290 5419 3410 5460 non
3433 5403 3582 5469 leve,

1938 5502 2040 5554 aut
2064 5495 2314 5552 omnino
2329 5494 2559 5552 nullum
2575 5501 2687 5566 est,
2709 5495 3020 5568 quomodo
3037 5495 3320 5552 nimirum
3337 5494 3589 5552 Satanas
