4076 6210
476 288 583 343 679

1781 282 1842 336 S.
1886 277 2185 336 MACARII
2227 274 2534 332 IEGYPTII

3744 277 3855 333 680

480 428 621 469 eum
652 410 1011 484 expetiverit.
1043 414 1169 467 Non
1194 408 1350 465 enim
1387 408 1579 481 potuit
1611 408 1737 465 sine
1764 407 2063 480 permissu
2092 422 2123 461 a

2240 400 2468 463 ἠδύνατο
2523 402 2642 454 ἄνευ
2722 400 3014 474 έπιπροπῆς
3089 398 3175 473 ἀφ’
3232 400 3423 453 ἑαυτοῦ
3476 421 3527 454 τι
3601 411 3852 462 ποιῆσαι.

482 518 543 557 se
568 502 700 574 ipso
714 499 1049 573 quidquam
1068 499 1283 555 facere.
1300 499 1537 564 Verum,
1551 497 1696 570 quid
1711 496 1856 552 dicit
1874 495 2128 552 Domino

481 590 763 646 diabolus
800 589 820 643 ἲ
846 591 935 645 Da
960 588 1109 644 mihi
1136 588 1312 644 illum
1338 588 1400 643 in
1422 602 1657 657 manus,
1686 586 1804 642 nisi
1823 587 1885 640 in
1909 584 2128 655 faciem

483 679 591 735 tibi
620 678 1071 735 benedixerit“.
1108 677 1442 749 Hocitaque
1473 675 1656 732 modo
1680 691 1842 731 nunc
1867 679 1955 729 est
1970 673 2128 729 idem

479 768 606 832 Job,
645 768 801 823 idem
838 768 1014 834 Deus,
1065 773 1120 822 et
1167 767 1324 822 idem
1381 764 1681 821 diabolus.
1713 764 1793 821 Eo
1824 765 1957 836 ipso
1988 777 2131 831 ergo

481 864 807 921 momento,
833 872 955 928 quo
977 861 1338 912 consecutus
1359 860 1483 911 erat
1505 855 1739 910 Domini
1769 852 2055 910 auxilium
2076 856 2133 907 et

480 950 797 1018 promptus
818 951 944 1001 erat
990 950 1043 1000 et
1071 944 1332 1000 fervidus
1396 944 1583 1017 gratia
1627 941 1940 1014 expetebat
1964 940 2129 996 illum

484 1036 753 1100 Satanas,
786 1034 990 1089 dicens
1022 1033 1315 1089 Domino:
1353 1033 1694 1103 Quiajuvas
1714 1032 1906 1096 illum,
1931 1034 2131 1086 etsuc-

481 1125 679 1180 curris
698 1123 812 1187 illi,
832 1124 1011 1179 servit
1038 1123 1142 1177 tibi
1162 1146 1182 1193 ,-
1203 1123 1472 1193 relinque
1496 1124 1689 1183 illum,
1710 1126 1761 1177 et
1780 1121 1950 1175 trade
1962 1118 2129 1183 mihi,

480 1213 597 1268 nisi
622 1213 683 1266 in
713 1212 932 1281 faciem
958 1212 1066 1266 tibi
1087 1212 1451 1268 benedixerit
1476 1212 1545 1265 ⁵⁸.
1574 1213 1852 1282 Superest
1880 1215 1957 1274 ut,
1988 1208 2133 1279 quia

479 1300 891 1357 consolatione
922 1300 1181 1355 reﬁcitur
1237 1302 1458 1365 anima,
1499 1300 1689 1369 gratia
1719 1315 1783 1354 se
1813 1297 2129 1361 subducat,

480 1396 657 1463 atque
688 1390 893 1445 anima
925 1390 1353 1445 tentationibus
1402 1390 1692 1445 tradatur.
1722 1388 1959 1443 Accedit
1990 1401 2131 1455 ergo

480 1478 781 1545 diabolus,
814 1480 1073 1533 inferens
1110 1479 1347 1536 inﬁnita
1398 1478 1576 1542 mala,
1626 1478 2128 1546 desperationem,

479 1569 1084 1633 abrenuntiationem,
1140 1568 1536 1637 cogitationes
1589 1583 1825 1638 pravas,
1858 1564 2129 1634 afﬂigens

480 1658 768 1722 animam,
804 1663 865 1711 ut
914 1656 1177 1712 emolliat
1232 1663 1289 1711 et
1344 1655 1641 1711 abalienet
1684 1671 1819 1710 eam
1876 1670 2040 1726 aspe
2070 1653 2131 1708 in

481 1747 666 1801 Deum
696 1752 1006 1817 concepta.

550 1836 684 1890 VIII.
712 1836 976 1890 Prudens
1006 1841 1206 1891 autem
1260 1834 1485 1901 anima,
1516 1834 1678 1889 hisce
1731 1833 1903 1888 malis
1952 1837 2133 1903 atque

481 1924 905 1981 afﬂictionibus
926 1924 1160 1989 obruta,
1186 1940 1303 1979 non
1328 1924 1626 1995 desperat.
1650 1923 1753 1977 sed
1773 1927 1945 1987 tenet,
1966 1920 2132 1993 quod

481 2020 639 2069 tenet
665 2030 677 2068 :
708 2029 777 2068 ac
803 2028 1183 2085 quaecunque
1213 2014 1264 2068 ei
1299 2013 1461 2068 illata
1493 2013 1703 2067 fuerint
1738 2027 1841 2084 per
1870 2011 2130 2065 inﬁnitas

484 2106 841 2159 tentationes
869 2104 1097 2165 tolerat,
1132 2104 1411 2174 inquiens
1438 2119 1449 2157 :
1483 2103 1681 2157 Etiam
1709 2102 1759 2156 si
1778 2100 2023 2164 moriar,
2056 2099 2131 2154 ab

482 2208 547 2249 eo
570 2209 685 2248 non
714 2193 1027 2258 deﬁciam:
1059 2200 1115 2246 et
1142 2199 1288 2256 tum,
1332 2191 1379 2245 si
1414 2192 1703 2245 sustineat
1724 2190 1905 2245 homo
1939 2204 2130 2259 usque

480 2282 559 2337 ad
581 2283 779 2342 ﬁnem,
817 2282 1022 2351 incipit
1043 2282 1329 2335 Dominus
1375 2280 1679 2352 disputare
1711 2296 1846 2334 cum
1872 2281 2128 2335 Satana:

492 2371 659 2427 Vides
671 2376 898 2441 quanta
914 2371 1480 2439 mala,quantasque
1492 2370 1841 2439 afﬂictiones
1858 2367 2132 2423 intuleris

478 2459 593 2524 illi,
658 2475 763 2514 nec
817 2459 1025 2528 paruit
1085 2458 1191 2511 tibi
1208 2475 1224 2511 :
1291 2458 1393 2514 sed
1457 2458 1609 2513 mihi
1667 2459 1865 2520 servit,
1918 2472 1987 2512 ac
2042 2470 2135 2511 me

479 2548 704 2603 metuit.
738 2550 883 2603 Tum
919 2547 1145 2618 pudore
1177 2546 1441 2601 suffusus
1486 2548 1758 2609 Satanas,
1793 2546 1955 2618 quod
1974 2546 2135 2600 dicat

480 2637 635 2691 ultra
660 2652 780 2691 non
812 2635 1011 2690 habet.
1046 2637 1349 2700 Quantum
1377 2635 1535 2690 enim
1572 2636 1648 2690 ad
1686 2635 1925 2700 Jobum,
1959 2636 2005 2689 si
2027 2650 2135 2689 no-

480 2726 659 2780 visset
680 2741 817 2781 eum
841 2724 901 2778 in
926 2724 1280 2779 tentationes
1310 2724 1598 2796 illapsum
1631 2729 1968 2780 constanter
2002 2739 2136 2795 per-

478 2814 738 2871 laturum
771 2831 922 2879 esse,
967 2830 1075 2869 nec
1108 2819 1455 2885 superatum
1492 2815 1581 2879 iri,
1614 2830 1735 2870 non
1769 2820 1921 2870 certe
1952 2830 2132 2886 expe-

480 2903 705 2960 tivisset
734 2919 895 2968 eum,
952 2920 1026 2959 ne
1057 2903 1288 2976 pudore
1334 2904 1691 2959 afﬁceretur.
1745 2904 1837 2958 Sic
1890 2919 2133 2975 quoque

479 3008 661 3061 nunc,
689 2998 931 3066 propter
957 3008 1061 3049 eos
1086 2993 1185 3064 qui
1217 2992 1522 3063 perferunt
1551 2992 1902 3048 aﬁlictiones
1920 3010 1989 3049 ac
2013 3000 2133 3049 ten-

2239 490 2395 546 Ἀλλά
2419 497 2470 544 τί
2496 491 2633 563 λέγει
2657 498 2726 560 τῷ
2769 494 2944 563 Κυρίῳ
2970 491 2997 541 6
3029 485 3321 560 διάϐολος,
3356 494 3466 552 Δός
3504 510 3615 563 μοι
3655 492 3857 544 αὐτὸν

2241 581 2330 642 εἰς
2357 588 2595 654 χεῖρας
2625 599 2637 611 ·
2729 584 2851 651 μὴν
2880 578 2974 641 εἰς
3003 584 3349 653 πρόσωπόν
3382 598 3449 632 σε
3480 580 3852 652 εὐλογήσει.

2240 670 2420 732 Οὕτως
2456 675 2547 723 καὶ
2571 678 2660 722 νῦν
2713 671 2738 721 6
2769 670 2924 731 αὐτὸς
2958 667 3075 722 ἰώϐ
3127 667 3259 736 ἔστι,
3315 674 3406 722 καὶ
3436 670 3463 722 6
3502 670 3662 731 αὐτὸς
3695 673 3854 735 Θεὸς,

2240 765 2328 813 xui
2354 762 2379 812 6
2410 761 2566 822 αὐτὸς
2600 756 2864 820 διάϐολος.
2899 759 2982 812 Ἐν
3022 760 3128 831 ὅσῳ
3186 755 3274 811 οὗν
3314 761 3569 831 τυγχάνει
3607 769 3707 823 τῆς
3757 759 3856 812 ἀν-

2239 849 2496 921 τιλήψεως
2546 856 2700 914 Θεοῦ,
2759 853 2850 901 xui
2898 851 3013 901 ἐστι
3065 850 3336 921 πρόθυμος
3372 853 3463 901 xui
3494 849 3621 910 ζέων
3649 856 3710 922 τῇ
3742 852 3855 922 χά-

2238 958 2346 1011 ριτι
2377 938 2649 1002 έξαιτεὶται
2681 938 2837 991 αὑτὸν
2864 940 2890 990 6
2922 944 3169 996 Σατανᾶς.
3211 943 3312 991 Καὶ
3364 938 3500 1010 λέγει
3531 946 3601 1009 τῷ
3646 944 3850 1013 Κυρίῳ,

2240 1025 2497 1086 Ἐπειδὴ
2562 1024 2832 1100 βοηθεῖς
2900 1028 3091 1098 αύτῷ,
3166 1032 3276 1079 καὶ
3342 1026 3857 1099 ἀντιλαμϐάνεις

2240 1117 2456 1182 αὑτοῦ,
2491 1115 2787 1170 δουλεύει
2816 1134 2952 1183 σοι;
3006 1118 3158 1189 ἄφες
3187 1117 3390 1169 αὑτὸν
3418 1115 3861 1190 καὶπαράδο;

2240 1224 2368 1276 μοι,
2398 1202 2571 1277 μὴν
2610 1206 2704 1268 εἰς
2736 1210 3082 1279 πρόσωπόν
3132 1225 3198 1258 σε
3228 1205 3598 1277 εὐλογήσω.
3626 1211 3855 1271 Λοιπὸν,

2240 1296 2308 1355 ὡς
2338 1296 2418 1347 ὄτι
2456 1295 2834 1369 παρακαλεῖται
2862 1298 2891 1354 ἠ
2940 1294 3116 1367 ψυχὴ,
3145 1298 3175 1353 ἠ
3207 1296 3368 1368 χάρις
3399 1294 3726 1360 ὑποστέλλει,
3764 1302 3857 1348 καὶ

2240 1382 2604 1458 παραδίδοται
2634 1389 2662 1443 ἡ
2710 1385 2859 1457 ψυχὴ
2901 1391 3233 1457 πειρασμοῖς.
3267 1384 3523 1460 Ἔρχεται
3548 1385 3636 1437 οὑν
3667 1387 3694 1437 6
3730 1382 3852 1438 διά-

2241 1472 2403 1539 ϐολος,
2432 1474 2679 1547 ἐπιφέρων
2720 1480 2885 1548 μυρία
2942 1478 3100 1538 κακὰ,
3144 1472 3488 1547 ἀπελπισμὸν,
3519 1474 3851 1546 ἀπόγνωσιν,

2241 1560 2621 1636 διαλογισμοὺς
2651 1568 2927 1637 πονηροὺς,
2963 1564 3147 1617 θλίϐων
3196 1569 3289 1623 τὴν
3327 1564 3540 1636 ψμχήν,
3592 1568 3672 1616 ἰνα
3714 1586 3859 1637 χαυ-

2240 1658 2379 1725 νώσῃ
2406 1659 2493 1706 καὶ
2520 1653 2843 1728 ἀλλοτριώσῃ
2871 1656 3064 1712 ταύτην
3096 1662 3190 1715 τῆς
3211 1649 3418 1715 ἐλπίδος
3452 1662 3543 1706 τοῦ
3584 1662 3743 1709 Θεοῦ.

2313 1829 2471 1884 Η¹.Ἠ
2514 1827 2574 1884 δὲ
2611 1836 2830 1905 φρονίμη
2886 1831 3042 1903 ψυχὴ
3100 1834 3150 1884 ἓν
3217 1838 3327 1895 τοῖς
3378 1840 3561 1895 κακοῖς
3600 1828 3739 1885 οὖσα
3763 1838 3855 1886 xui

2239 1916 2286 1969 ἐν
2337 1927 2398 1991 τῇ
2440 1920 2630 1991 θλίψει,
2685 1921 2777 1973 ούκ
2829 1920 3119 1986 ἀπελπίζει,
3180 1921 3309 1973 ἀλλά
3345 1921 3583 1994 κρατεῖὸ
3616 1931 3802 1995 κρατεῖ
3836 1941 3851 1952 °

2238 2013 2325 2059 xui
2376 2008 2477 2061 ὃσα
2526 2012 2587 2061 οἰν
2647 2013 2888 2083 ἐπενέγκῃ
2940 2010 3071 2069 αὑτή
3147 2006 3240 2063 διά
3292 2015 3493 2083 μυρίων
3540 2020 3853 2083 πειρασμῶν

2237 2098 2587 2169 ὑπομένουσα,
2620 2100 2773 2170 λέγει,
2808 2100 2941 2153 Ἐἀν
2999 2105 3107 2151 καὶ
3141 2099 3460 2166 ἀποθάνω,
3504 2103 3621 2171 ἐγὼ
3652 2100 3852 2153 αὐτὸν

2237 2187 2349 2238 ούκ
2388 2186 2568 2259 ἀφίω.
2627 2196 2725 2242 Kui
2749 2195 2863 2242 τότε
2908 2189 2993 2241 ἐὰν
3048 2192 3297 2262 ὑπομείνῃ
3328 2189 3393 2251 εἰς
3422 2190 3563 2253 τέλος
3593 2192 3618 2242 6
3649 2192 3850 2264 ἄνθρω·

2236 2296 2349 2341 πος,
2376 2279 2599 2351 ἄρχεται
2626 2280 2651 2330 6
2686 2283 2871 2351 Κύριος
2902 2276 3239 2350 διαλέγεσθαι
3270 2288 3340 2349 τῷ
3372 2286 3593 2351 Σατανᾷ,
3619 2278 3837 2353 Ὀρᾱς,

2237 2374 2407 2418 πόσα
2441 2371 2606 2419 κακά
2644 2374 2756 2420 καὶ
2798 2368 3053 2439 θλίψεις
3094 2372 3453 2439 ἐπήνεγκας
3500 2369 3690 2440 αύτῷ,
3728 2375 3837 2422 καὶ

2237 2455 2359 2527 οὑχ
2420 2458 2756 2515 ὑπήκουσέ
2797 2477 2917 2525 σοι,
2975 2457 3102 2509 ἀλλ’
3153 2457 3289 2531 ἱμοὶ
3349 2456 3674 2523 δουλεύει,
3733 2465 3839 2511 xui

2240 2544 2345 2615 ἐμὲ
2390 2567 2421 2617 φ
2441 2565 2466 2597 ο
2481 2545 2544 2598 ϐε
2557 2554 2616 2599 ῖτ
2634 2567 2667 2598 α
2682 2568 2719 2602 ι.
2785 2553 2911 2600 Τότε
2960 2550 3377 2619 καταισχύνεται
3398 2549 3424 2600 6
3455 2544 3718 2615 διάϐολος,
3752 2554 3845 2601 καὶ

2239 2634 2412 2686 οὐκέτι
2468 2638 2579 2707 ἔχει
2646 2656 2697 2688 τι
2749 2637 2927 2692 εἰπεῖν.
2999 2642 3099 2690 Καὶ
3150 2640 3251 2710 γὰρ
3306 2640 3390 2690 ἐπὶ
3459 2645 3551 2691 τοῦ
3601 2636 3740 2709 Ἰὼϐ,
3799 2638 3847 2691 εἰ

2240 2721 2381 2796 ᾖδει,
2439 2727 2519 2777 ὅτι
2578 2726 2647 2789 εἰς
2704 2730 2826 2788 τούς
2882 2731 3208 2800 πειρασμοὺς
3256 2727 3492 2799 έμπεσὼν
3519 2728 3682 2800 μέλλει
3714 2729 3846 2779 ὑπο-

2239 2818 2403 2882 μένειν
2458 2819 2548 2865 καὶ
2602 2819 2673 2887 μὴ
2732 2817 3012 2882 ἡττᾶσθαι,
3070 2816 3166 2867 ούκ
3212 2817 3273 2867 ἄν
3332 2815 3619 2889 ἐξῃτήσατο
3653 2815 3830 2880 αὑτὸν,

2242 2900 2323 2952 ἱνα
2366 2907 2436 2972 μὴ
2485 2906 2881 2975 καταισχυνθῆ.
2942 2905 3119 2965 Οὕτως
3164 2910 3251 2957 xui
3300 2912 3389 2957 νῦν
3439 2906 3508 2967 εἰς
3548 2908 3660 2965 τοὺς
3699 2904 3830 2955 ὑπο-

2240 2995 2479 3061 μένοντας
2535 2992 2729 3064 θλίψεις
2800 3000 2889 3045 καὶ
2944 2998 3284 3068 πειρασμοὺς,
3343 2998 3750 3067 καταισχύνεται
3806 2995 3836 3045 6

480 3061 753 3151 taliones,
785 3061 1169 3138 confunditur
1214 3061 1484 3147 Satanas,
1520 3099 1590 3138 ac
1640 3083 1985 3155 paenitentia
2015 3082 2123 3137 du-

2242 3087 2489 3146 Σατανᾶς,
2527 3087 2616 3135 xui
2648 3090 2925 3154 μετανοιεί,
2986 3086 3068 3136 ὃτι
3107 3081 3274 3156 μηδεν
3308 3088 3519 3143 ἤνυσεν.
3575 3083 3846 3158 Ἀρχεται

480 3173 647 3239 citur,
668 3175 832 3244 quod
848 3170 1277 3227 nihileﬁ’ecerit.
1298 3171 1677 3243 Incipitenim
1697 3172 1979 3227 Dominus
1991 3188 2129 3228 eum

479 3263 561 3317 sic
583 3261 841 3333 alloqui:
889 3261 1047 3326 Vide,
1077 3260 1577 3328 discedi,permisi
1590 3261 1700 3316 tibi
1713 3278 1844 3317 eum
1878 3265 2126 3327 tentare,

478 3351 754 3421 nunquid
782 3350 1152 3419 praestitisti?
1182 3350 1457 3421 nunquid
1485 3350 1900 3419 obtemperavit
1929 3351 2034 3405 libi
2052 3352 2079 3407 ?

552 3441 630 3495 IX.
668 3438 1090 3508 Interrogatio.
1120 3440 1215 3493 An
1244 3439 1448 3510 utique
1490 3446 1734 3495 cunctas
1767 3439 2017 3495 hominis
2039 3455 2129 3496 co-

488 3530 806 3600 gitationes
836 3534 889 3584 et
916 3528 1167 3583 consilia
1192 3528 1354 3583 novit
1382 3528 1640 3584 Satanas
1662 3528 1689 3583 τ

547 3706 659 3778 97
706 3704 1041 3775 Responsio.
1074 3704 1132 3760 Si
1164 3704 1367 3771 homo,
1401 3704 1503 3776 qui
1537 3721 1676 3760 cum
1706 3704 1950 3761 homine
1979 3722 2128 3761 con-

474 3803 765 3860 versatur,
808 3795 972 3849 novit
1004 3810 1138 3865 quae
1170 3801 1308 3849 sunt
1343 3794 1494 3865 ejus,
1529 3802 1583 3849 et
1616 3801 1674 3849 tu
1716 3800 1889 3850 natus
1928 3811 2121 3851 annos

472 3884 673 3955 viginti
702 3884 917 3939 novisti
947 3900 1018 3939 ea
1047 3900 1182 3955 qua:
1209 3889 1345 3938 sunt
1374 3882 1648 3954 proximi,
1683 3886 1954 3955 nunquid
1981 3902 2123 3956 ergo

472 3977 727 4032 Satanas
766 3974 917 4046 ipse,
971 3974 1074 4045 qui
1127 3990 1162 4028 a
1208 3972 1510 4028 nativitate
1561 3973 1665 4028 tibi
1712 3981 2119 4045 conversatur,

470 4063 712 4133 ignorat
724 4062 1115 4133 cogitationes
1142 4067 1272 4116 tuas
1287 4062 1314 4118 ἳ
1338 4062 1564 4117 Sexties
1581 4062 1739 4117 enim
1761 4063 1918 4118 mille
1940 4080 2122 4120 anno-

468 4167 603 4207 rum
636 4156 869 4207 aetatem
904 4150 1105 4205 habet.
1136 4153 1251 4206 Nec
1281 4151 1536 4205 dicimus
1568 4167 1728 4216 eum,
1760 4152 2119 4223 priusquam

467 4244 650 4295 tentet
690 4240 1019 4305 hominem,
1064 4255 1241 4294 nosse
1274 4239 1418 4311 quid
1468 4239 1733 4295 facturus
1780 4242 1875 4295 sit.
1914 4243 2120 4298 Tentat

466 4330 627 4385 enim
676 4334 949 4396 tentator,
1012 4345 1132 4384 non
1198 4334 1395 4385 tamen
1445 4331 1750 4400 cognitum
1811 4330 1993 4385 habet
2039 4347 2115 4387 an

2239 3173 2340 3243 γὰρ
2364 3172 2389 3223 6
2425 3174 2614 3245 Κύριος
2637 3172 2787 3244 λόγον
2813 3173 2953 3243 αύτῳ
2978 3181 3143 3226 ποιεῖν
3175 3193 3188 3205 ο
3222 3170 3353 3227 Ἴδε
3390 3194 3514 3247 παρ
3530 3179 3748 3247 εχώρη
3767 3174 3845 3225 σά

2246 3280 2371 3328 σοι,
2442 3258 2544 3313 ῖδε
2603 3261 2921 3337 ἐπέτρεψά
2981 3282 3085 3315 σοι
3138 3264 3464 3337 πειράσαι
3505 3262 3835 3334 αὑτὸν,μή

2239 3369 2294 3401 τι
2337 3347 2723 3418 ἠδυνήθηςς
2766 3356 2851 3424 μή
2889 3372 2950 3404 τι
2989 3354 3325 3411 ὑπήκουσέ
3364 3370 3511 3423 σοι;

2312 3438 2392 3492 Θ’.
2420 3437 2789 3512 Ἐρώτησις.
2824 3441 2894 3494 Εἰ
2920 3442 3043 3513 ἄρα
3080 3441 3262 3502 ὅλους
3292 3446 3405 3494 τοὺ
3428 3463 3449 3504 ς
3479 3442 3848 3513 λογισμοὺς

2237 3534 2344 3578 τοῦ
2404 3526 2694 3603 ἀνθρπου
2748 3535 2855 3582 καὶ
2903 3531 2979 3582 τὰ
3025 3535 3315 3603 νοήματα
3364 3527 3541 3583 οἶδεν
3600 3532 3625 3582 6
3658 3538 3848 3583 Σατα-

2236 3622 2372 3683 νᾶς;

2308 3707 2710 3781 Ἀπόκρισις.
2762 3708 3126 3782 Είᾶνθρωπος
3174 3709 3425 3784 ἀνθρώπῳ
3476 3710 3712 3775 σύνεστι,
3750 3713 3847 3761 xui

2235 3792 2347 3847 οἶδε
2372 3798 2438 3847 τὰ
2467 3796 2645 3861 αὑτοῦ,
2694 3802 2781 3849 καὶ
2814 3801 2879 3849 σὺ
2926 3801 3093 3850 εἴκοσι
3128 3796 3251 3850 ἑτῶν
3296 3799 3552 3871 ὑπάρχων
3597 3793 3751 3858 οἶδας
3778 3802 3846 3850 τὰ

2234 3893 2326 3937 τοῦ
2377 3885 2615 3948 πλησίον,
2683 3906 2787 3959 αρα
2842 3887 2995 3949 αὐτὸς
3053 3889 3078 3939 6
3150 3894 3379 3949 Σατανᾶς
3454 3886 3555 3938 ἀπὸ
3628 3896 3843 3958 γενετῆς

2236 3980 2400 4026 συνών
2429 3994 2513 4026 σοι
2543 3974 2637 4027 οὐκ
2682 3973 2769 4028 οἶδ
2773 3995 2793 4028 ε
2838 3980 2954 4037 τούς
2979 3976 3268 4050 λογισμοὺς
3294 3996 3389 4029 σου
3415 3995 3429 4043 ;
3461 3976 3842 4048 ἑξακισχιλίων

2231 4066 2329 4137 γὰρ
2362 4060 2468 4121 ἤδη
2506 4067 2646 4117 ἔστὶν
2686 4066 2830 4119 ἑτῶν.
2878 4071 2976 4119 Kui
3030 4066 3088 4118 ού
3137 4066 3347 4139 λέγομεν
3396 4065 3552 4118 αὐτὸν
3593 4068 3694 4139 πρὸ
3744 4073 3842 4118 τοῦ

2230 4156 2482 4227 πειράσαι
2530 4158 2617 4206 τὸν
2682 4156 2971 4228 ἄνθρωπον,
3059 4152 3257 4209 εἰδέναι
3310 4159 3363 4208 τί
3428 4154 3599 4227 μέλλει
3647 4162 3837 4211 ποιεῖν.

2232 4243 2475 4313 Πειράςει
2524 4246 2625 4314 γὰρ
2667 4245 2692 4295 6
2732 4247 3014 4317 πειράζων,
3055 4244 3149 4297 οὐκ
3211 4241 3325 4297 οἶδε
3364 4240 3443 4312 δε,
3486 4244 3530 4296 εἰ
3582 4244 3840 4296 ὑπακούει

2229 4331 2391 4401 αὐτῷ,
2421 4335 2449 4388 ἦ
2494 4336 2564 4403 μὴ
2608 4333 2879 4400 ὑπακούει,
2939 4335 3033 4396 ἕως
3088 4335 3148 4386 οἷν
3187 4337 3247 4386 τὸ
3301 4332 3500 4405 θέλημα
3529 4330 3715 4385 δοῦλον
3756 4328 3839 4403 δῷ

465 4418 987 4489 obtemperaturus
1017 4418 1107 4488 sit,
1139 4433 1345 4483 necne,
1378 4419 1571 4473 donec
1606 4418 1971 4474 voluntatem
1999 4435 2116 4474 ser-

2240 4422 2257 4477 ?)
2298 4419 2484 4492 ψυχή.
2523 4424 2658 4474 Οὔτε
2716 4422 2872 4474 πάλιν
2925 4422 3156 4495 λέγομεν,
3211 4424 3291 4475 ὅτι
3330 4422 3481 4484 ὅλους
3537 4425 3655 4482 τοὺς
3692 4421 3841 4491 λογι-

469 4522 604 4562 vam
631 4507 681 4561 ei
708 4506 903 4562 tradat
925 4507 1147 4561 anima.
1178 4509 1376 4578 Neque
1404 4508 1542 4561 item
1566 4507 1843 4571 dicimus,
1868 4516 2113 4565 cunctas

465 4596 857 4665 cogitationes
890 4596 1085 4651 cordis
1136 4601 1192 4651 et
1235 4595 1529 4651 desideria
1562 4612 1737 4651 nosse
1778 4596 2112 4654 diabolum.

462 4684 707 4741 Perinde
752 4684 933 4750 enim,
967 4701 1037 4739 ac
1071 4685 1118 4738 si
1154 4686 1230 4739 sit
1261 4684 1440 4740 arbor
1484 4702 1615 4755 qua:
1650 4684 1869 4739 multos
1911 4702 2114 4743 ramos

461 4773 685 4829 habeat
704 4790 774 4829 ac
797 4773 983 4828 multa
1005 4772 1298 4837 membra,
1328 4772 1407 4827 ita
1431 4788 1673 4843 quoque
1702 4780 1839 4829 sunt
1863 4775 2113 4846 quidam

458 4863 610 4918 rami
651 4862 1078 4932 cogitationum
1116 4868 1169 4918 et
1202 4861 1608 4925 consiliorum,
1642 4877 1795 4932 quos
1837 4878 2111 4937 compre-

458 4951 667 5007 hendit
690 4954 941 5008 Satanas
960 4971 978 5023 3
1010 4958 1148 5006 sunt
1171 4966 1309 5007 vero
1330 4949 1459 5006 alia:
1487 4949 1873 5019 cogitationes
1899 4959 1954 5008 et
1974 4970 2113 5011 con-

463 5040 617 5107 sitia,
648 5056 785 5113 quae
812 5057 848 5096 a
876 5041 1102 5096 Satana
1133 5056 1253 5095 non
1281 5038 1894 5110 comprehenduntur.

532 5146 589 5199 X.
634 5146 697 5200 ln
728 5146 991 5218 quadam
1036 5145 1193 5199 enim
1241 5160 1301 5199 re
1332 5143 1609 5216 praevalet
1649 5162 1787 5217 pars
1832 5149 2112 5220 nequitias

456 5233 534 5289 ad
562 5235 973 5304 generandum
1007 5234 1414 5303 cogitationes,
1448 5250 1649 5289 rursus
1676 5234 1732 5289 in
1761 5238 2026 5308 quadam
2050 5256 2111 5295 re

456 5324 737 5392 cogitatio
754 5323 1017 5378 hominis
1037 5322 1305 5394 superior
1325 5322 1545 5387 evadit,
1564 5332 1931 5397 acceptoque
1944 5328 2108 5383 auxi-

455 5411 557 5479 lio,
603 5429 673 5469 ac
711 5412 1127 5484 redemptione
1172 5428 1207 5467 a
1249 5414 1386 5475 Deo,
1436 5413 1799 5469 coutradidit
1843 5416 2101 5485 malitiae,

456 5501 723 5575 quadam
754 5501 813 5557 in
844 5517 905 5557 re
938 5500 1295 5567 succumbit,
1330 5507 1384 5558 et
1419 5502 1687 5573 quadam
1718 5504 1776 5559 in
1803 5520 1865 5567 re
1896 5506 2103 5564 volun-

529 5663 575 5701 ⁵⁸
608 5661 717 5722 Joh
749 5678 805 5726 ιι,
831 5666 883 5718 2.
962 5663 1010 5698 ⁵⁸
1048 5662 1157 5719 Job
1182 5681 1224 5729 ι,
1257 5666 1320 5719 t0
1341 5679 1507 5739 seqq.

2229 4514 2389 4578 σμοὺς
2416 4510 2510 4572 τῆς
2559 4507 2785 4584 καρδίας
2836 4516 2925 4565 xui
2973 4515 3063 4573 τὰς
3114 4511 3419 4585 ἐνθυμήσεις
3474 4508 3613 4563 οἶδεν
3644 4511 3673 4561 6
3714 4507 3842 4562 διά-

2226 4597 2610 4673 ϐολος.Ὠσπερ
2661 4603 2761 4675 γὰρ
2804 4604 2887 4653 ἐὰν
2940 4598 2970 4675 ᾖ
3035 4599 3271 4675 δένδρον,
3322 4606 3412 4654 xui
3456 4603 3554 4674 ἔχῃ
3600 4596 3842 4663 κλάδους

2226 4687 2437 4748 πολλοὺς
2483 4695 2571 4741 xui
2610 4689 2773 4741 πολλὰ
2832 4690 2959 4762 με’λη
2997 4708 3009 4720 ’
3062 4691 3239 4744 λοιπόν
3293 4691 3397 4744 εἰσί
3448 4709 3579 4752 τινες
3642 4686 3840 4749 κλάδοι

2221 4775 2486 4849 λογισμῶν
2542 4783 2630 4831 xui
2668 4782 2961 4851 νοημάτων,
3029 4786 3121 4833 xui
3172 4785 3391 4853 κατέχει
3436 4780 3625 4841 αὑτοὺς
3666 4781 3693 4831 6
3741 4787 3839 4833 Σα-

2222 4872 2395 4925 τανᾶς.
2460 4872 2559 4920 Καὶ
2606 4868 2737 4920 εἰσὶν
2809 4868 2953 4921 ἄλλοι
3008 4868 3258 4943 λογισμοὶ
3313 4874 3403 4923 xui
3450 4873 3707 4940 νοήματα,
3754 4874 3830 4942 μὴ

2222 4960 2565 5028 κατεχόμενοι
2594 4959 2694 5010 ὑπὸ
2712 4965 2801 5011 τοῦ
2824 4965 3051 5018 Σατανᾶ,

2296 5152 2363 5208 I’.
2428 5151 2513 5207 Ἐν
2577 5173 2679 5206 τινι
2730 5156 2832 5229 γὰρ
2889 5155 3229 5230 ἰσχυρότερὸν
3277 5155 3392 5209 ἔστι
3442 5157 3500 5208 τό
3546 5158 3703 5229 μέρος
3734 5165 3839 5219 τῆς

2220 5246 2401 5302 κακίας
2458 5241 2505 5293 ἐν
2558 5251 2629 5313 τῷ
2663 5242 2841 5316 βρύειν
2884 5248 3008 5307 τοὺς
3051 5245 3356 5319 λογισμοὺς,
3387 5247 3434 5298 ἓν
3465 5264 3568 5296 τινι
3617 5245 3777 5297 πάλιν
3805 5248 3833 5299 6

2220 5330 2465 5404 λογισμὸς
2538 5339 2629 5384 τοῦ
2686 5331 2960 5407 ἀνθρώπου
3031 5336 3299 5410 ὑπερνικᾷ,
3359 5332 3632 5407 λαμϐάνων
3690 5333 3830 5408 βοή-

2221 5423 2358 5473 θειαν
2406 5426 2495 5473 καὶ
2547 5421 2806 5495 λύτρωσιν
2858 5426 3003 5499 παρὰ
3050 5432 3205 5491 Θεοῦ,
3272 5428 3361 5477 xui
3427 5422 3706 5496 ἀντιλέγων
3765 5434 3827 5499 τῇ

2220 5514 2401 5587 κακίᾳ,
2468 5511 2519 5563 ἓν
2558 5530 2663 5564 τινι
2712 5516 3051 5588 κεκράτηται,
3101 5520 3191 5568 καὶ
3240 5517 3290 5567 έν
3326 5533 3430 5568 τινι
3459 5517 3573 5586 ἔχει
3606 5514 3831 5589 θέλημα.
