4034 6202
171 289 265 345 681

171 415 532 488 Προσίρχεται
570 411 672 484 γὰρ
717 412 880 476 ἔστιν,
929 411 1014 463 ὅτε
1043 417 1116 482 τῷ
1155 419 1269 482 Θεῷ
1303 414 1449 480 ζεων,
1498 417 1587 466 καὶ
1618 410 1756 466 οἶδεν
1789 416 1836 469 Α

167 504 464 568 όΣατανᾶς,
511 504 595 551 xui
650 497 830 572 βλέπει
869 499 951 552 ὅτι
987 500 1103 552 κατ’
1148 501 1306 553 αὐτου
1356 508 1513 567 ποιεῖ,
1561 507 1648 554 καὶ
1698 501 1757 554 οὐ

164 590 382 646 δύναται
456 592 698 661 ἑπισχεῖν
767 591 854 641 τὸν
935 588 1225 662 ἄνθρωπον.
1299 592 1396 643 Διά
1449 595 1501 643 τί
1529 607 1543 657 ;
1572 587 1754 648 ἐπειδὴ

164 685 270 755 ἰχει
312 679 514 752 θέλημα
541 685 632 730 τοῦ
663 677 864 750 βοῆσαι
894 680 1025 752 πρὸς
1055 681 1140 731 τὸν
1171 683 1314 743 Θεὸν,
1358 682 1472 752 ἔχει
1505 683 1760 752 φυσικούς

161 772 387 843 καρπούς
442 774 534 820 τοῦ
611 765 890 839 ἀγαπῆσαι
943 771 1093 835 Θεὸν,
1160 775 1252 821 τοῦ
1300 777 1606 835 πιστεῦσαι,
1667 775 1759 821 τοῦ

166 861 484 921 ἱπιζητῆσαι
535 861 627 909 xui
677 855 996 932 προσελθεῖν.
1055 861 1157 910 Καὶ
1191 858 1293 929 γὰρ
1347 856 1396 909 ἐν
1449 864 1552 918 τοῖς
1588 875 1760 928 φαινο-

171 953 347 1022 μένοις,
399 949 426 998 ό
456 949 685 1020 γεωργός
731 945 1004 1021 ἕργάςεται
1057 950 1151 1004 τήν
1204 955 1326 1018 γῆν,
1358 947 1518 1008 οὕτως
1546 951 1637 999 καὶ
1690 946 1761 1006 εἰς

172 1042 230 1092 τό
275 1039 638 1108 πνευματικόν,
687 1035 757 1098 εἰς
809 1031 907 1088 δύο
967 1039 1228 1108 πρόσωπα
1273 1043 1467 1088 νοεῖται
1519 1039 1585 1088 τὰ
1632 1036 1762 1109 πρά-

173 1146 358 1200 γματα.
449 1129 564 1200 Χρή
624 1120 712 1177 οὖν
780 1128 868 1177 τόν
920 1126 1190 1197 ἄνθρωπον
1256 1124 1358 1178 ἀπὸ
1415 1130 1761 1198 προαιρέσεως

167 1225 466 1290 γεωργῆσαι
515 1219 611 1273 τὴν
656 1223 756 1286 γῆν
810 1211 904 1276 τῆς
963 1211 1187 1286 καρδίας
1230 1214 1412 1280 αὐτοῦ,
1466 1220 1557 1268 καὶ
1609 1222 1763 1272 πονῆ-

165 1325 274 1359 σαι.
322 1310 482 1362 Ζητεῖ
507 1305 610 1378 γὰρ
661 1304 687 1355 ὁ
718 1306 844 1363 Θεός
889 1305 978 1355 τόν
1026 1307 1201 1370 πόνον,
1253 1308 1344 1356 xui
1372 1305 1625 1376 κάματον,
1673 1307 1763 1355 καὶ

157 1399 250 1453 τήν
294 1393 548 1468 ἐργασίαν
601 1399 695 1445 τοῦ
754 1390 1052 1465 ἀνθρώπου.
1103 1391 1236 1446 Ἀλλ’
1294 1390 1380 1444 te»
1432 1397 1503 1465 μὴ
1573 1393 1763 1444 ἄνωθεν

156 1487 378 1556 ἐπιφανῇ
451 1481 670 1556 οὐράνια
742 1484 892 1554 νέφη,
965 1485 1055 1534 καὶ
1111 1483 1250 1534 ύετοὶ
1315 1483 1556 1554 χάριτος,
1613 1477 1764 1534 ούδὶν

158 1574 424 1646 ὠφέλησεν
453 1573 480 1624 ὁ
502 1574 732 1645 γεωργὸς
761 1576 966 1644 καμὼν.

231 1697 339 1752 IA'.
373 1696 543 1750 Τοῦτο
584 1691 643 1749 δέ
682 1693 794 1747 ἐστι
840 1697 898 1746 τό
939 1700 1152 1766 σημεῖον
1198 1699 1290 1744 τοῦ
1320 1699 1762 1767 Χριστιανισμοῡ,

163 1789 263 1840 ὅσα
312 1785 375 1837 ἂν
423 1787 586 1859 κάμη,
642 1789 731 1836 xui
780 1785 903 1844 ὅσας
950 1782 1009 1834 ἂν
1063 1788 1260 1856 ποιήσῃ
1295 1778 1654 1846 δικαιοσύνας,
1697 1785 1767 1844 ὡς
1797 1771 1840 1826 Β

163 1873 330 1949 μηδὲν
388 1880 619 1936 ποιήσας
691 1870 1016 1937 διακεῖσθαι,
1083 1877 1173 1924 xui
1247 1873 1508 1929 νηστεύων
1577 1869 1764 1942 λέγειν,

163 1965 292 2019 Ούκ
337 1963 698 2023 ἐνήστευσα
721 1981 733 1992 ·
767 1961 1064 2034 εὐχόμενος,
1091 1960 1219 2014 Ούκ
1248 1960 1576 2031 ηὐξάμην·
1601 1979 1767 2034 παρα-

163 2059 404 2127 μένωντῇ
429 2053 586 2125 εὐχῇ,
613 2057 698 2104 Οὐ
737 2057 1129 2125 παρέμεινα·
1165 2054 1269 2102 xui
1313 2049 1517 2120 ἀκμὴν
1557 2047 1765 2122 ἀρχὴν

163 2148 288 2218 ἔχω
327 2150 439 2196 τοῦ
479 2141 723 2204 ἀσκεῖν,
757 2145 864 2193 xui
902 2137 1319 2213 κάμνειν’κᾶν
1343 2135 1596 2210 δίκαιοςῇ
1624 2141 1768 2212 παρὰ

165 2242 294 2304 Θεῷ,
332 2232 526 2306 ὀφείλει
553 2231 737 2303 λέγειν,
786 2230 934 2303 Ἐγὼ
974 2229 1088 2282 ούκ
1128 2229 1262 2301 εἰμί
1302 2224 1587 2297 δίκαιος,
1622 2232 1767 2282 οὔτε

161 2327 399 2396 κάμνω,
447 2321 604 2374 ἀλλὰ
641 2321 780 2374 καθ’
827 2322 1071 2395 ἡμέραν
1111 2321 1428 2392 ἄρχομαι.
1461 2317 1677 2390 Ὀφείλει
1709 2315 1767 2370 δὲ

161 2418 301 2486 ἔχειν
354 2411 475 2464 καθ’
521 2413 714 2483 ἡμέραν
741 2413 838 2468 τὴν
869 2406 1060 2462 ἐλπίδα
1090 2414 1179 2462 xui
1209 2414 1303 2467 τὴν
1328 2412 1526 2482 χαρὰν,
1561 2413 1648 2461 καὶ
1674 2412 1765 2466 τὴν

161 2498 492 2579 προσδοκίαν
513 2508 607 2562 τῆς
626 2499 908 2571 μελλούσης
935 2496 1208 2572 βασιλείας
1223 2503 1313 2552 xui
1335 2498 1762 2572 ἀπολυτρώσεως,

158 2599 244 2646 καὶ
267 2592 455 2662 λέγων,
479 2589 621 2645 Ἐὰν
664 2593 941 2663 σήμερον
981 2589 1098 2640 ούκ
1137 2586 1764 2661 ἐλυτρώθην,αύ¹ριον

158 2684 528 2757 λυτροῦμαι
549 2694 562 2708 ·
596 2679 667 2740 ὡς
690 2680 792 2751 γὰρ
827 2679 852 2729 ὁ
883 2680 1110 2749 φυτεύων
1141 2677 1366 2750 ἄμπελον
1394 2682 1515 2752 πρὶν
1546 2677 1575 2735 ἦ
1613 2676 1762 2749 ἐξάρο

157 2775 349 2837 ξασθαι
397 2776 491 2821 τοῦ
537 2771 795 2840 καμάτου,
849 2769 963 2839 ἔχει
1011 2771 1100 2825 τὴν
1129 2769 1305 2841 χαρὰν
1348 2765 1396 2818 ἐν
1445 2765 1634 2836 ἐαυτῷ,
1674 2771 1764 2818 xui

155 2867 246 2921 τήν
302 2855 534 2914 ἑλπίδα’
581 2861 671 2910 καὶ
713 2851 1102 2930 προδιαγράφει
1160 2855 1207 2907 ἐν
1264 2865 1336 2926 τῷ
1392 2863 1461 2926 νῷ
1509 2856 1760 2919 οἰνεώνας,

157 2955 241 3003 καὶ
285 2948 516 3021 ψηφίζει
556 2942 876 3021 προσόδους,
922 2950 1080 3016 μήπω
1121 2949 1392 3018 γενομένου
1446 2944 1612 2998 οἴνου.
1661 2949 1762 2997 Καὶ

169 3039 318 3097 οὕτως
369 3033 698 3108 ἀναδέχεται
747 3039 833 3086 τόν
884 3037 1138 3106 κάματον.
1191 3034 1249 3088 Ἠ
1280 3036 1382 3106 γὰρ
1433 3033 1575 3095 ἐλπὶς
1609 3039 1698 3086 xui
1727 3035 1756 3092 η

1443 287 1778 344 HOMILM‘I.
1809 319 1881 332 —-
1906 288 2082 346 HOM.
2123 292 2325 349 XXVI.

3424 289 3529 346 682

1868 419 2050 473 tatem
2102 417 2298 475 habet.
2352 419 2655 475 Interdum
2707 419 2866 475 enim
2921 417 3148 475 accedit
3203 417 3282 474 ad
3331 420 3518 474 Deum

1866 503 2119 572 fervens,
2152 508 2381 580 scitque
2415 507 2690 574 Satanas,
2723 525 2792 565 ac
2823 508 2982 564 videt
3024 524 3162 564 eum
3195 507 3306 562 sibi
3339 522 3524 579 repu-

1868 608 2071 662 gnare.
2130 611 2239 650 nec
2295 601 2495 652 tamen
2552 599 2873 670 reprimere
2931 602 3128 670 potest
3186 597 3520 653 hominem.

1869 684 1977 748 Qui
2030 683 2188 740 hoc?
2236 687 2386 751 Quia
2443 687 2619 742 habet
2672 689 3041 743 voluntatem
3096 685 3400 742 clamandi
3447 687 3524 742 ad

1872 773 2078 838 Deum,
2111 773 2294 830 habet
2339 775 2565 830 fructus
2617 776 2940 845 naturales,
2976 781 3039 831 ut
3067 776 3288 832 scilicet
3318 775 3530 848 diligat

1873 862 2078 925 Deum,
2115 868 2178 918 ut
2201 863 2423 928 credat,
2454 869 2514 918 ut
2563 865 2847 936 requirat,
2881 869 2939 920 et
2968 865 3046 919 ad
3088 881 3225 920 eum
3257 864 3523 920 accedat.

1870 951 1935 1004 ln
1978 951 2157 1006 rebus
2184 952 2344 1007 enim
2380 954 2636 1009 externis
2694 954 2845 1008 visui
2899 953 3209 1023 subjectis,
3264 953 3527 1023 agricola

1873 1043 2093 1096 terram
2121 1047 2388 1113 exercet;
2423 1042 2506 1098 sic
2535 1058 2778 1114 quoque
2810 1043 2868 1098 in
2901 1059 2963 1098 re
2995 1042 3286 1114 spirituali
3311 1051 3526 1098 omnes

1871 1143 1966 1184 res
1986 1129 2099 1185 sub
2119 1130 2359 1186 duabus
2374 1132 2647 1202 personis
2665 1131 3093 1201 intelliguntur.
3115 1133 3358 1204 Oportet
3382 1147 3526 1200 ergo

1872 1217 2180 1274 hominem
2205 1220 2407 1276 dedita
2427 1236 2612 1293 opera
2636 1226 2693 1277 et
2717 1220 2986 1277 consulto
3007 1221 3278 1277 excolere
3301 1226 3522 1276 terram

1873 1306 2069 1362 cordis
2100 1308 2212 1372 sui,
2241 1312 2299 1363 et
2319 1308 2614 1365 laborare.
2649 1310 2912 1382 Requirit
2964 1311 3126 1366 enim
3163 1311 3314 1365 Deus
3344 1308 3524 1365 labo-

1873 1410 2020 1459 rem,
2068 1397 2503 1467 fatigationem,
2555 1413 2625 1454 ac
2678 1399 3092 1470 operationem
3119 1398 3197 1454 ab
3244 1397 3526 1457 homine:

1873 1500 2104 1549 verum,
2137 1486 2249 1540 nisi
2280 1486 2540 1558 desuper
2589 1488 2979 1560 apparuerint
3030 1487 3223 1544 nubes
3257 1486 3526 1543 caelestes

1875 1589 1945 1629 ac
1969 1574 2190 1646 pluviae
2221 1576 2444 1644 gratiae,
2468 1575 2614 1632 nihil
2631 1576 2896 1647 proderit
2919 1575 3198 1647 agricolas
3225 1575 3416 1632 labor.

1951 1702 2176 1757 XLHoc
2227 1707 2428 1758 autem
2477 1703 2880 1759 estindicium
2941 1703 3254 1760 Christiani
3300 1703 3522 1771 cultus,

1875 1795 2132 1862 quantos
2162 1792 2295 1862 quis
2325 1790 2564 1846 labores
2593 1792 2957 1858 sustinuerit,
2987 1797 3040 1848 et
3071 1791 3522 1864 quantasjusti-

1876 1881 1988 1935 tias
2020 1880 2332 1951 peregerit,
2357 1896 2425 1935 ac
2457 1881 2505 1934 si
2536 1879 2679 1935 nihil
2712 1880 3026 1949 effecisset,
3083 1881 3161 1936 ita
3189 1897 3253 1936 se
3285 1896 3484 1950 gerere
3511 1902 3522 1946 ;

1876 1976 1932 2024 et
1959 1969 2057 2024 ubi
2089 1969 2224 2041 quis
2248 1968 2627 2040 jejunaverit,
2660 1969 2889 2025 dicere:
2918 1970 3053 2027 Non
3071 1970 3355 2039 jejunavi
3375 1988 3395 2025 :
3421 1969 3527 2026 ubi

1878 2063 2151 2128 precatus
2176 2057 2347 2112 fuerit
2371 2075 2384 2112 :
2407 2058 2543 2114 Non
2565 2073 2695 2113 sum
2713 2065 2996 2128 precatus
3014 2077 3034 2113 :
3059 2057 3158 2112 ubi
3178 2058 3234 2112 in
3259 2057 3526 2113 oratione

1877 2145 2360 2218 perseveraverit,
2386 2147 2523 2202 Non
2542 2148 2936 2216 perseveravi,
2967 2162 3132 2202 nunc
3153 2146 3354 2203 adhuc
3382 2147 3533 2210 inci.

1873 2235 1973 2305 pio
1997 2249 2088 2292 me
2113 2250 2384 2292 exercere
2434 2251 2505 2291 ac
2557 2235 2886 2293 elaborare.
2936 2236 3001 2291 Et
3045 2234 3179 2292 licet
3221 2236 3417 2307 justus
3453 2237 3527 2293 sit

1880 2325 2043 2398 apud
2079 2327 2280 2390 Deum,
2316 2325 2492 2380 debet
2521 2325 2716 2380 dicere
2741 2339 2753 2378 :
2783 2327 2916 2382 Non
2946 2342 3074 2382 sum
3091 2329 3312 2396 justus,
3342 2341 3528 2398 neque

1877 2415 2102 2483 laboro,
2135 2413 2237 2469 sed
2261 2413 2479 2482 incipio
2510 2413 2793 2485 quotidie.
2819 2415 3106 2470 Caeterum
3136 2430 3240 2486 per
3256 2415 3526 2485 singulos

1875 2503 2002 2559 dies
2029 2502 2248 2558 habere
2277 2502 2458 2557 debet
2483 2519 2674 2574 spem,
2708 2504 2998 2573 gaudium
3032 2519 3104 2560 ac
3135 2503 3419 2559 ﬁduciam
3451 2503 3526 2559 de

1875 2591 2073 2648 futuro
2096 2607 2282 2661 regno
2298 2607 2368 2646 ac
2383 2591 2836 2663 redemptionis,
2852 2593 3096 2648 dicens:
3125 2592 3192 2649 Si
3213 2592 3386 2649 hodie
3404 2608 3525 2648 non

1876 2683 2162 2739 liberatus
2173 2697 2299 2737 sum
2310 2695 2465 2744 ,cras
2479 2681 2850 2747 liberabant)
2861 2682 3325 2738 uemadmodum
3340 2682 3524 2746 enim,

1872 2771 1976 2843 qui
1997 2770 2226 2842 plantat
2256 2769 2514 2835 vineam,
2551 2769 2904 2842 priusquam
2926 2771 3210 2843 suscipiat
3233 2770 3524 2837 laborem,

1873 2876 2043 2932 spem
2087 2859 2246 2915 fovet
2303 2858 2468 2930 apud
2518 2874 2580 2912 se
2629 2875 2701 2914 ac
2749 2859 3060 2931 gaudium,
3122 2860 3445 2916 adumbrat
3469 2859 3525 2915 in

1872 2955 2073 3005 mente
2126 2964 2235 3004 sua
2283 2947 2638 3012 vindemias,
2689 2952 2870 3020 atque
2929 2954 3222 3020 supputat
3276 2949 3528 3003 reditus-

1872 3037 2144 3094 nondum
2174 3041 2314 3092 nato
2340 3037 2513 3091 vino:
2549 3042 2603 3091 et
2633 3037 2744 3092 hac
2764 3036 2992 3092 ratione
3022 3036 3293 3093 laborem
3317 3052 3524 3108 aggre-

169 3124 454 3202 προσδοκία
512 3133 651 3178 ποιεῖ
698 3125 854 3177 αὐτόν
905 3125 1182 3199 προθύμως
1221 3126 1451 3197 κάμνειν,
1502 3129 1591 3176 xui
1637 3127 1760 3185 τέως

1877 3127 2048 3182 ditur.
2084 3129 2228 3198 Spes
2253 3125 2415 3181 enim
2447 3131 2628 3199 atque
2676 3127 3038 3198 exspectatio
3067 3125 3330 3181 reddunt
3355 3125 3521 3182 illum

147 3218 204 3269 ἐκ
257 3225 341 3269 τοῦ
382 3220 536 3268 οἴκου
569 3213 765 3276 πολλὰς
796 3210 1034 3274 δαπάνας
1084 3214 1362 3286 σκορπίζει
1387 3233 1398 3246 ·
1434 3215 1624 3285 ὁμοίως
1671 3217 1760 3264 καὶ

1877 3217 2129 3276 alacrem
2162 3215 2235 3271 ad
2269 3214 2697 3282 laborandum,
2738 3220 2795 3270 et
2825 3220 2947 3270 tam
2982 3214 3135 3271 diue
3164 3231 3224 3269 re
3247 3213 3524 3272 familiari

138 3309 164 3360 ὁ
193 3304 509 3378 οἰκοδομῶν
561 3300 722 3368 οἶκον,
769 3307 859 3355 xui
913 3304 938 3355 ὁ
992 3312 1254 3376 γεωργῶν,
1305 3310 1507 3375 πρῶτον
1558 3301 1612 3354 ix
1662 3309 1758 3354 τῶν

1877 3321 2125 3376 magnos
2155 3303 2438 3377 expendit
2462 3310 2764 3376 sumptus.
2785 3303 2993 3360 Itidem
3018 3304 3122 3376 qui
3141 3303 3398 3361 aedificat
3415 3303 3522 3360 do-

135 3394 297 3450 ἰδίων
327 3394 506 3447 πολλὰ
537 3392 813 3467 σκορπίζει
867 3389 901 3446 δ
908 3395 960 3445 tu
989 3396 1082 3450 τὴν
1123 3388 1311 3444 ἐλπίδα
1337 3400 1430 3454 τῆς
1471 3391 1760 3462 μελλούσης

1877 3411 2063 3460 mum,
2096 3400 2198 3449 aut
2229 3399 2446 3448 terram
2498 3392 2732 3458 excolit,
2765 3392 3028 3464 primum
3077 3393 3151 3448 de
3193 3408 3302 3448 suo
3336 3391 3525 3449 multa

129 3480 426 3559 προσόδου
462 3497 475 3510 ·
508 3482 642 3534 οὕτω
670 3479 958 3544 κάνταῦθα,
1002 3478 1085 3532 ἐὰν
1115 3485 1185 3553 μή
1208 3500 1285 3541 τις
1305 3483 1405 3553 ἔχη
1439 3483 1539 3554 πρὸ
1573 3478 1758 3551 ὀφθαλ-

1877 3490 2092 3556 erogat,
2127 3488 2366 3555 propter
2419 3489 2774 3554 conceptam
2827 3498 2996 3554 spem
3029 3481 3208 3537 futuri
3255 3482 3518 3538 reditus:

130 3584 244 3647 μῶν
277 3579 383 3633 τὴν
439 3573 617 3645 χαρὰν
671 3575 759 3622 καὶ
789 3574 882 3628 τὴν
911 3566 1119 3636 ἐλπίδα,
1159 3571 1239 3622 ὅτι
1266 3569 1489 3623 Μέλλω
1528 3569 1758 3642 λυτρὼσ

1877 3573 2080 3630 eodem
2153 3572 2334 3627 modo
2400 3587 2495 3627 res
2558 3571 2654 3627 hic
2715 3587 2777 3626 se
2810 3571 3012 3639 habet,
3084 3572 3192 3627 nisi
3232 3571 3370 3644 quis
3397 3587 3521 3643 prae

1867 3663 2054 3719 oculis
2113 3662 2386 3716 habuerit
2452 3660 2744 3730 gaudium
2809 3676 2879 3715 ac
2934 3676 3126 3732 spem,
3197 3660 3512 3716 videlicet:

1871 3753 2313 3808 Consecuturus
2335 3765 2463 3804 sum
2481 3749 2938 3818 redemptionem
2956 3765 3026 3806 ac
3050 3749 3249 3815 vitam,
3267 3765 3387 3804 non
3408 3764 3510 3820 po-

1871 3841 2003 3895 terit
2035 3839 2325 3893 sustinere
2383 3836 2755 3903 aﬂlictiones,
2809 3853 3001 3910 neque
3052 3854 3226 3904 onus,
3276 3853 3382 3892 nec
3413 3851 3516 3891 an-

1869 3935 2107 3998 gustam
2141 3928 2294 3982 viam
2329 3926 2650 3998 suscipere.
2715 3927 2858 3997 Spes
2881 3927 3040 3981 enim
3099 3942 3168 3980 ac
3209 3925 3522 3996 gaudium,

1869 4018 1916 4072 si
1946 4032 2086 4072 eum
2136 4016 2514 4079 comitentur,
2548 4013 2815 4070 efﬁciunt
2873 4020 2934 4070 ut
2980 4015 3109 4086 ipse
3151 4013 3403 4080 laboret,
3456 4027 3525 4068 ac

1867 4105 2126 4180 perferat
2183 4103 2598 4161 tribulationes
2642 4109 2823 4176 atque
2896 4119 3050 4159 onus
3105 4108 3164 4160 et
3206 4107 3527 4174 angustam

1875 4195 2034 4250 viam
2063 4192 2373 4264 suscipiat.

134 3683 300 3726 σεως
329 3663 700 3734 τυγχάνειν
739 3664 849 3712 καὶ
889 3659 1075 3724 ζωῆς,
1133 3659 1190 3711 ού
1239 3656 1461 3712 δύναται
1491 3661 1757 3731 ύπομένειν

125 3757 225 3814 τὰς
287 3749 523 3821 θλίψεις,
572 3752 688 3802 οὔτε
740 3752 799 3801 τό
851 3753 1080 3822 φορτίον,
1126 3753 1216 3800 καὶ
1261 3753 1353 3806 τὴν
1413 3753 1594 3807 στενὴν
1634 3745 1756 3799 ὀδόν

122 3839 518 3904 ἀναδέξασθαι
547 3856 559 3868 ο
593 3840 624 3897 ἠ
661 3841 762 3911 γὰρ
808 3844 1040 3890 συνοῦσα
1091 3836 1234 3900 ἐλπὶς
1284 3842 1370 3888 xui
1425 3839 1569 3910 χαρὰ
1623 3843 1758 3888 ποιεῖ

121 3932 302 3984 αὐτὸν
354 3931 594 4001 κάμνειν,
656 3932 746 3980 xui
797 3927 1064 3998 ὑπομένειν
1126 3928 1214 3986 τὰς
1274 3925 1494 3997 θλίψεις,
1554 3930 1643 3976 xui
1701 3927 1758 3976 τό

125 4025 388 4096 φορτίον,
422 4022 514 4070 καὶ
539 4020 633 4076 τὴν
667 4019 842 4074 στενὴν
872 4011 998 4068 ὁδόν
1023 4011 1398 4077 ἀναδέξασθαι.

207 4305 325 4360 ιΒ’.
379 4303 584 4378 ’Ὠσπερ
646 4299 705 4355 δὲ
757 4301 850 4354 οὐκ
904 4303 1041 4354 ἔστιν
1117 4299 1321 4353 εὔκολον
1379 4295 1528 4351 δόλον
1583 4305 1758 4371 φυγεῖν

1945 4303 2056 4359 XII.
2092 4301 2618 4368 Quemadmodum
2641 4306 2840 4358 autem
2865 4301 3103 4356 nonnisi
3127 4314 3369 4356 summa
3390 4313 3528 4353 cum

137 4393 245 4445 ὰπὸ
310 4395 505 4466 πυρὸς,
546 4392 706 4454 οὕτως
747 4387 870 4443 οὐδὲ
901 4389 1088 4461 ψυχὴν
1136 4388 1192 4442 ἐκ
1235 4397 1324 4441 τοῦ
1354 4391 1639 4464 πυρόςιτοῦ
1673 4389 1760 4439 θα-

1877 4392 2244 4457 difficultate,
2259 4391 2432 4447 torris
2445 4390 2861 4460 eﬂ‘ugitignem
2886 4407 2900 4457 ;
2929 4392 3011 4447 sic
3023 4405 3269 4462 quoque
3285 4403 3395 4444 nec
3409 4387 3528 4459 98

136 4485 308 4534 νάτου
351 4482 394 4535 εἰ
425 4487 496 4554 μὴ
532 4477 627 4533 διὰ
653 4479 845 4534 πολλοῦ
893 4481 1158 4552 καμάτου,
1196 4477 1281 4539 Ὦς
1310 4477 1392 4530 ἐπὶ
1425 4481 1481 4529 τό
1521 4477 1760 4529 πλεῖστον

1877 4483 2075 4538 anima
2096 4481 2296 4550 ignem
2332 4481 2561 4542 mortis,
2589 4481 2700 4536 nisi
2729 4496 2968 4535 summo
2990 4496 3129 4535 cum
3149 4479 3376 4534 labore.
3403 4481 3523 4534 Cas-

144 4565 208 4621 δε
257 4573 290 4622 ὁ
356 4576 606 4639 Σατανᾶς,
653 4573 722 4632 ὡς
775 4568 858 4621 ἐπὶ
908 4569 1166 4643 προφάσει
1214 4566 1421 4640 ἀγαθῶν
1473 4566 1761 4638 λογισμῶν,

1877 4579 2062 4628 terum
2112 4585 2527 4642 saepenumero
2587 4571 2858 4640 Satanas,
2893 4569 3049 4624 velut
3092 4567 3204 4624 sub
3239 4571 3527 4639 praetextu

149 4661 232 4710 ὄτι
290 4659 354 4712 ἐκ
393 4662 628 4713 τούτου
668 4656 950 4712 δύνασαι
1007 4658 1453 4730 εὐαρεστῆσαι
1493 4664 1571 4728 τῷ
1614 4664 1762 4726 Οεῷ,

1877 4660 2172 4717 bonarum
2206 4658 2663 4729 cogitationum,
2716 4658 2962 4725 scilicet,
2993 4673 3068 4715 ex
3119 4672 3182 4714 eo
3209 4660 3371 4725 potes
3400 4655 3532 4724 pla-

152 4747 438 4802 ύποςάλλει
479 4757 541 4822 τῇ
585 4749 767 4822 ψυχῇ,
815 4751 903 4799 καὶ
934 4747 1241 4800 ύποκλέπτει
1294 4746 1454 4804 αὐτὴν
1491 4746 1561 4806 εἰς
1606 4745 1766 4798 λεπτὰ

155 4842 251 4889 xui
302 4839 612 4912 εύλογοφανῆ
664 4842 924 4909 νοήματα,
972 4842 1061 4889 καὶ
1116 4836 1209 4888 ούκ
1269 4832 1408 4888 οἶδεν
1454 4834 1764 4887 ὑποκλεπτο-

159 4930 290 4994 μένη
319 4924 608 5003 διακρῖναι,
659 4932 748 4979 καὶ
795 4926 959 4988 οὕτως
1005 4925 1246 4999 ἐμπίπτει
1297 4925 1368 4985 εἰς
1417 4921 1626 4995 παγίδα
1677 4929 1765 4976 καὶ

163 5011 420 5070 ἀπώλειαν
475 5024 568 5070 τοῦ
619 5012 888 5070 διαϐόλου.
943 5019 1012 5068 Τὸ
1085 5011 1144 5068 δὲ
1195 5020 1539 5088 καιριώτατον
1615 5013 1765 5066 ὅπλον

164 5111 257 5154 τοῦ
304 5104 529 5164 ἀθλητοῦ
566 5111 657 5158 xui
715 5103 1032 5176 ἁγωνιστοῦ,
1083 5109 1235 5156 τοῦτό
1267 5102 1429 5168 ἐστιν,
1492 5105 1573 5155 ἵνα
1605 5103 1770 5155 εἰσελ-

171 5194 270 5244 θὼν
329 5195 397 5258 εἰς
440 5199 537 5254 τὴν
583 5189 811 5269 καρδίαν
850 5197 1048 5266 ποιήσῃ
1082 5192 1298 5265 πόλεμον
1323 5195 1454 5266 πρός
1488 5195 1573 5244 τόν
1605 5199 1771 5244 Σατα-

172 5288 284 5351 νᾶν,
323 5289 407 5337 xui
462 5289 671 5358 μισὴσῃ
728 5283 924 5348 ἑαυτὸν,
970 5287 1060 5335 καὶ
1099 5281 1394 5355 ἀρνήσηται
1446 5286 1539 5340 τὴν
1585 5282 1771 5354 ψυχὴν

180 5373 355 5439 αὑτοῦ,
402 5374 629 5448 ὀργισθῇ
662 5391 717 5425 τε
745 5377 834 5424 xui
883 5371 1163 5444 ἐπιπλήξῃ,
1206 5376 1296 5423 καὶ
1335 5378 1450 5434 ταῖς
1492 5373 1773 5433 συνούσαις

183 5457 475 5535 ἱπιθυμίαις
525 5461 865 5525 ἆντιτάξηται
915 5465 1004 5513 xui
1063 5460 1412 5534 ἀντιπαλαίσῃ
1467 5469 1571 5521 τοῖς
1636 5461 1774 5533 λογι-

191 5559 354 5623 σμοῖς,
383 5559 472 5606 xui
501 5553 753 5626 μαχεσθῇ
797 5552 957 5623 αύτῷ.

261 5678 349 5734 lI".
408 5677 467 5733 Εἰ
520 5673 580 5730 δε
631 5676 786 5737 εἰςτὸ
846 5679 1142 5749 φαινόμενον
1196 5673 1479 5747 φυλάσσεις
1533 5677 1590 5726 τό
1625 5676 1775 5748 σῶμά

1873 4764 2004 4806 cere
2038 4752 2173 4814 Deo,
2209 4750 2475 4819 suggerit
2501 4749 2742 4814 animas,
2771 4764 2841 4803 ac
2871 4747 3073 4802 furtim
3103 4745 3349 4801 deducit
3393 4758 3528 4799 eam

1875 4838 1954 4893 ad
1980 4837 2156 4902 levia,
2185 4842 2365 4909 atque
2396 4837 2457 4891 in
2489 4837 2748 4908 speciem
2780 4834 3118 4908 probabilia
3151 4832 3441 4889 consilia:
3476 4835 3533 4886 et

1876 4926 1974 4982 illa
2017 4926 2172 4981 clam
2197 4925 2455 4981 deducta
2490 4925 2676 4980 nescit
2707 4924 3066 4991 discernere,
3099 4927 3278 4994 atque
3330 4919 3414 4974 sic
3445 4919 3530 4974 in-

1877 5015 2087 5072 ciditin
2102 5015 2388 5087 laqueum
2403 5021 2457 5070 et
2472 5014 2719 5070 exitium
2734 5012 2982 5070 diaboli.
3011 5012 3315 5083 Praecipua
3329 5025 3465 5064 vero
3479 5013 3535 5064 et

1879 5106 2141 5161 maxime
2172 5109 2515 5177 opportuna
2573 5103 2806 5159 athletae
2863 5108 2918 5157 et
2969 5099 3330 5158 decertantis
3362 5113 3535 5153 arma

1880 5200 2016 5250 sunt
2041 5193 2191 5260 haec,
2220 5198 2280 5249 ut
2312 5210 2382 5248 ex
2405 5192 2627 5247 intimis
2656 5190 3058 5264 penetralibus
3086 5188 3284 5245 cordis
3310 5186 3534 5242 bellum

1880 5288 2046 5353 gerat
2096 5282 2387 5338 adversus
2446 5283 2748 5347 Satanam,
2809 5280 2949 5336 odio
3012 5284 3416 5352 prosequatur
3474 5290 3537 5329 se

1881 5371 2103 5442 ipsum.
2132 5372 2390 5440 abneget
2423 5371 2691 5426 animam
2728 5385 2923 5434 suam,
2958 5369 3250 5424 irascatur
3279 5365 3331 5421 ei
3359 5370 3538 5436 atque

1882 5460 2279 5531 reprehendat
2305 5476 2460 5522 eam.
2509 5460 2696 5515 insitis
2740 5457 3168 5530 cupiditatibus
3223 5454 3534 5518 renitatur,

1882 5549 2201 5605 reluctatur
2221 5549 2708 5620 cogitationibus,
2741 5555 2919 5621 atque
2945 5552 3170 5618 pugnet
3195 5561 3423 5602 secum.

1956 5673 2092 5730 XIII.
2127 5673 2298 5740 Quod
2327 5674 2372 5728 si
2406 5673 2663 5731 exterius
2694 5671 2998 5728 custodias
3046 5687 3266 5743 corpus
3304 5675 3469 5727 tuum
3504 5684 3541 5724 a
