4076 6210
527 270 634 325 683

1854 271 1915 326 S.
1955 272 2011 327 Μ
2017 270 2254 331 ACARII
2294 271 2605 329 EGYPTII

3768 282 3857 337 684

526 412 905 484 corruptione
926 417 982 469 et
1002 420 1244 485 stupro;
1273 413 1431 469 intus
1463 418 1664 470 autem
1689 415 2047 472 adulterium
2076 420 2178 471 aut

2304 417 2383 451 του
2416 397 2516 452 ἀπὸ
2559 401 2751 473 φθορᾶς
2800 404 2889 453 καὶ
2918 403 3163 475 πορνείας
3198 415 3212 432 ·
3260 402 3452 454 ἔσωθεν
3482 397 3539 454 δε
3571 402 3861 474 ἐμοίχευσας

527 507 803 575 stuprum
836 503 1175 558 committas
1197 504 1253 557 in
1283 504 1746 573 cogitationibus
1781 506 1914 570 tuis,
1944 505 2179 560 adulter

527 608 590 648 es
621 593 781 663 apud
820 596 1023 659 Deum,
1054 608 1162 647 nec
1190 593 1433 663 prodest
1490 592 1596 648 tibi
1627 593 1987 666 quidquam,
2011 593 2177 665 quod

528 696 747 753 corpus
787 680 1011 735 habeas
1057 682 1408 750 virgineum.
1446 682 1972 746 Quemadmodum
2026 683 2071 736 si
2104 682 2180 736 sit

527 770 974 827 adolescentula
1002 786 1072 826 ac
1103 770 1366 839 juvenis,
1427 771 1532 842 qui
1565 770 1964 827 fraudulentis
1998 771 2178 827 istam

528 858 848 914 verborum
875 858 1165 913 illecebris
1198 859 1452 914 illectam
1485 865 1866 932 corrumpat;
1898 860 1996 916 illa
2023 864 2180 931 post-

529 948 781 1003 modum
816 947 1197 1003 exsecrabilis
1231 948 1295 1003 ﬁt
1346 964 1590 1021 sponso,
1636 964 1707 1005 eo
1751 950 1915 1021 quod
1947 950 2180 1006 adulte-

530 1037 686 1092 rium
717 1037 1111 1093 commiserit:
1144 1037 1227 1092 sic
1276 1053 1518 1110 quoque
1550 1039 1756 1094 anima
1801 1040 2177 1111 incorporea,

531 1126 579 1180 si
610 1126 951 1181 societatem
1001 1142 1138 1181 cum
1192 1132 1464 1197 serpente
1495 1128 1556 1181 in
1586 1128 1967 1183 interioribus
1992 1126 2181 1183 animi

531 1213 864 1268 recessibus
905 1214 1129 1280 abdito,
1186 1215 1395 1286 spiritu
1446 1216 1732 1271 nimirum
1766 1232 1974 1288 pravo,
2000 1218 2179 1281 ineat,

532 1302 899 1359 adulteretur
956 1310 1092 1359 ante
1156 1304 1363 1360 Deum.
1430 1307 1637 1377 Itaque
1705 1307 1993 1377 scriptum
2055 1311 2180 1361 est:

535 1390 735 1447 Omnis
775 1393 883 1461 qui
920 1392 1135 1448 viderit
1172 1395 1502 1459 mulierem,
1536 1395 1619 1450 ad»
1649 1395 2183 1463 concupiscendum

531 1496 681 1544 eam,
695 1483 827 1551 jam
839 1482 1166 1538 mare/tatus
1183 1488 1267 1539 est
1286 1483 1349 1538 in
1362 1484 1541 1539 corde
1556 1500 1659 1539 suo
1678 1485 1745 1536 ⁵⁷.
1772 1483 2037 1540 Estenim
2067 1488 2184 1538 stu-

536 1585 712 1641 prum
736 1570 901 1641 quod
928 1587 1177 1643 corpore
1232 1572 1575 1643 perﬁcitur:
1637 1578 1724 1629 est
1778 1589 2021 1645 quoque
2066 1578 2186 1628 stu-

2288 493 2376 540 καὶ
2423 488 2733 562 ἐπόρνευσας
2789 488 2838 541 ἐν
2868 497 2984 551 τοῖς
3007 490 3281 563 λογισμοῖς
3340 509 3457 556 σου,
3509 495 3761 563 μοιχεύεις
3801 500 3862 563 τῷ

2289 584 2424 647 Θεῷ,
2466 582 2555 630 καὶ
2605 575 2755 630 οὐδὲν
2814 577 3085 650 ὠφέλησας
3141 581 3199 630 τό
3233 587 3387 651 σῶμα
3438 581 3573 649 ἔχων
3618 582 3861 652 παρθένον.

2285 666 2485 741 Ὠσπερ
2527 666 2611 719 ἐὰν
2656 664 2884 739 ᾖνεᾶνις
2930 672 3020 719 καὶ
3071 671 3360 733 νεανίσκος,
3416 671 3507 719 καὶ
3554 664 3684 740 δόλῳ
3729 669 3866 721 κολα-

2287 760 2479 819 κεύσας
2532 757 2695 816 αὐτὴν
2722 759 2930 830 φθείρῃ,
2979 756 3158 809 λοιπὸν
3212 754 3475 830 βδελυκτή
3534 760 3731 829 ἐστιτῷ
3757 779 3864 831 νυμ-

2290 852 2407 919 φίῳ,
2459 848 2539 898 ὅτι
2586 845 2870 918 ἐμοιχεύθη
2899 867 2912 879 ο
2937 846 3073 898 οὕτω
3115 850 3206 899 καὶ
3248 847 3277 904 ἡ
3327 845 3601 918 ἀσώματος
3627 845 3769 918 ψυχή
3799 854 3861 917 τῷ

2290 934 2675 1007 ἐνδομυχοῦντι
2732 939 2837 1007 ὄφει
2879 942 3199 988 κοινωνοῦσα
3238 943 3310 1006 τῷ
3349 942 3560 1010 πονηρῷ
3612 938 3859 1007 πνεύματι,

2289 1027 2524 1097 πορνεύει
2573 1023 2673 1076 ἀπὸ
2710 1031 2843 1077 Θεοῦ
2867 1040 2881 1056 ⁸
2940 1028 3027 1077 καὶ
3062 1028 3376 1100 γέγραπται,
3412 1031 3535 1087 Πᾶς
3575 1024 3599 1076 6
3640 1022 3863 1098 βλέπων

2289 1122 2569 1184 γυναῖκα
2592 1117 2748 1188 πρὸς
2776 1117 2844 1167 τὸ
2873 1112 3309 1185 ἐπιθυμῆσαι,
3340 1110 3465 1173 ἤδη
3499 1116 3863 1186 ἐμοίχευσεν

2291 1203 2348 1256 ἐν
2388 1223 2458 1276 τῃ
2501 1200 2743 1277 καρδίᾳ
2781 1202 3284 1275 αύτοῦ.”Εστιγὰρ
3310 1200 3635 1278 πορνείαδιὰ
3654 1208 3866 1275 σώματος

2292 1295 2587 1367 τελουμένη,
2602 1298 2691 1346 καὶ
2714 1296 2826 1346 ἔστι
2847 1297 3059 1365 πορνεία
3080 1292 3265 1365 ψυχῆς
3285 1295 3637 1354 κοινωνούσης
3667 1300 3736 1363 τῷ
3756 1299 3865 1344 Σατα

2293 1390 2356 1454 νᾶ
2370 1406 2381 1417 ·
2399 1385 2429 1442 ἡ
2454 1383 2586 1441 αὐτὴ
2600 1384 2702 1454 γὰρ
2717 1382 2871 1453 ψυχὴ
2900 1387 3173 1441 κοινωνικὴ
3199 1381 3313 1436 ἐστι
3334 1386 3423 1435 καὶ
3446 1379 3637 1455 ἀδελφὴ
3662 1382 3690 1440 ἦ
3708 1378 3865 1453 δαιμόο

2294 1496 2412 1540 νων,
2441 1474 2469 1531 ἦ
2501 1480 2633 1527 Θεοῦ
2665 1478 2753 1524 καὶ
2780 1471 3007 1544 ἀγγέλων
3039 1493 3056 1507 ο
3089 1476 3180 1524 καὶ
3208 1472 3386 1526 λοιπὸν
3415 1475 3741 1545 μοιχεύουσα
3758 1472 3868 1543 μετὰ

2294 1573 2385 1618 τοῦ
2430 1562 2698 1627 διαϐόλου,
2754 1563 3033 1632 ἄχρηστός
3081 1560 3194 1615 ἐστι
3220 1570 3293 1632 τῷ
3333 1562 3623 1637 ἐπουρανίῳ
3658 1564 3867 1631 Νυμφίῳ.

532 1675 710 1731 prum
742 1661 959 1715 animai
991 1677 1129 1717 cum
1163 1663 1382 1718 Satana
1411 1663 1839 1734 participantis.
1876 1662 2099 1718 Eadem
2130 1659 2291 1717 enim
2308 1655 2515 1712 anima
2540 1652 2701 1707 socia
2722 1658 2810 1706 est
2840 1656 2893 1706 et
2938 1667 3109 1706 soror
3135 1657 3235 1707 aut
3262 1651 3633 1716 daemonum,
3666 1655 3763 1706 aut
3786 1649 3864 1705 Dei

533 1753 590 1804 et
619 1750 1007 1819 angelorum;
1042 1766 1176 1823 quae
1210 1767 1348 1806 vero
1374 1752 1733 1807 adulterium
1762 1751 2084 1808 committit
2109 1763 2247 1805 cum
2279 1747 2517 1810 Satana,
2551 1742 2748 1796 minus
2778 1740 3104 1795 commoda
3130 1746 3219 1796 est
3249 1739 3475 1796 ccelesti
3510 1742 3752 1812 Sponso.

611 1874 741 1928 XIV.
772 1875 1190 1945 Interrogatio.
1248 1877 1453 1933 Utrum
1486 1876 1729 1949 quiescit
1758 1876 2058 1933 interdum
2088 1875 2186 1931 Sa-
2222 1872 2260 1926 Β

541 1969 737 2031 tanas,
758 1968 812 2019 et
834 1963 1004 2019 homo
1028 1964 1323 2022 liberatur
1344 1981 1381 2023 a
1405 1967 1578 2030 bello,
1603 1973 1705 2022 aut
1726 1966 1996 2037 quandiu
2019 1964 2183 2029 vivit,

541 2052 693 2108 bello
717 2054 1043 2122 infestatur
1065 2054 1094 2106 ‘2

533 2188 555 2218 ε
611 2178 951 2246 Responsio.
1013 2180 1269 2234 Satanas
1324 2195 1640 2253 nunquam
1698 2185 1973 2236 cessata
2030 2179 2188 2235 bello

552 2267 850 2338 gerendo;
882 2268 1153 2339 quandiu
1197 2270 1341 2324 vivit
1369 2270 1587 2339 aliquis
1620 2270 1680 2325 in
1701 2269 1816 2325 hoc
1851 2268 2093 2334 saeculo,
2119 2285 2189 2325 ac

539 2354 811 2427 quandiu
866 2372 1105 2412 carnem
1151 2363 1359 2428 gestat,
1404 2358 1559 2414 bello
1607 2359 1935 2414 lacessitur.
1970 2360 2188 2413 Verum

542 2443 645 2499 ubi
674 2444 787 2500 tela
816 2445 1170 2517 nequissimi
1194 2447 1378 2517 ignita
1408 2447 1626 2503 fuerint
1645 2448 1953 2513 exstincta,
1989 2448 2047 2502 in
2070 2464 2189 2519 quo

539 2532 789 2604 posthac
812 2533 930 2589 illic
956 2535 1170 2590 laedere
1219 2536 1411 2606 possit
1442 2537 1769 2601 hominem,
1810 2536 1942 2592 licet
1969 2537 2191 2593 venerit

546 2623 798 2677 Satanas
826 2623 884 2676 in
910 2623 1202 2694 judicium
1225 2624 1253 2679 7
1302 2628 1398 2680 Est
1429 2625 1645 2697 aliquis
1675 2625 1903 2680 amicus
1929 2627 2103 2696 regis,
2136 2630 2192 2681 et

544 2710 725 2766 habet
783 2712 1253 2768 controversiam
1288 2730 1422 2769 cum
1476 2714 2017 2774 adversariozcum
2048 2729 2189 2783 ergo

546 2814 745 2869 regem
798 2799 1018 2855 habeat
1065 2801 1178 2857 sibi
1222 2803 1550 2873 prOpitium
1609 2808 1662 2858 et
1693 2803 2046 2871 benignum,
2087 2804 2189 2873 qui

547 2890 856 2959 suppetias
885 2888 1033 2945 {erat
1063 2890 1162 2955 illi,
1197 2891 1537 2947 nullatenus
1589 2891 1857 2947 laedetur.
1900 2892 2004 2948 Ubi
2032 2892 2190 2948 enim

546 2978 701 3049 quis,
734 2992 944 3033 omnes
965 2979 1204 3035 ordines
1229 2996 1298 3035 ac
1324 2981 1545 3049 gradus
1580 2986 2002 3051 transgressus,
2037 2982 2192 3050 regis

547 3066 781 3122 amicus
813 3068 1084 3133 evaserit,
1116 3068 1211 3124 hic
1242 3069 1490 3140 posthac
1521 3086 1838 3141 aquonam
1872 3075 1974 3125 aut
1996 3070 2191 3142 quain

548 3170 610 3210 re
640 3154 1017 3211 offendetur?
1046 3158 1109 3211 In
1140 3157 1320 3213 rebus
1352 3158 1713 3229 conspicuis,
1740 3163 1878 3213 sunt
1905 3158 2188 3222 civitates,

549 3259 686 3315 quae
704 3245 865 3301 dona
881 3252 937 3300 et
963 3261 1239 3302 annonas
1264 3248 1602 3318 accipiunt;
1629 3249 1674 3301 si
1699 3262 1838 3317 ergo
1866 3247 1924 3302 in
1948 3263 2193 3303 munere

550 3332 833 3390 obeundo
864 3335 1261 3405 pauxillulum
1312 3342 1576 3404 erogent,
1610 3335 1839 3391 nullam
1891 3337 2193 3407 jacturam

551 3420 798 3484 faciunt,
833 3440 969 3477 cum
1004 3430 1165 3480 tanta
1197 3426 1495 3496 accipiant
1524 3440 1592 3480 ac
1618 3426 1946 3496 suscipiant
1978 3441 2014 3480 a
2037 3441 2192 3496 rege.

552 3510 644 3565 Sic
697 3528 938 3583 quoque
988 3512 1325 3580 Christiani,
1387 3513 1519 3569 licet
1580 3514 1735 3569 bello
1788 3519 2068 3585 petantur
2121 3514 2198 3569 ab

555 3600 744 3667 hoste,
777 3601 1078 3656 divertunt
1111 3607 1307 3657 tamen
1341 3603 1452 3673 ipsi
1481 3603 1557 3659 ad
1593 3604 1988 3669 divinitatem,
2019 3608 2201 3674 atque

566 3689 823 3744 induunt
849 3692 1124 3746 virtutem
1151 3707 1222 3746 ac
1273 3694 1539 3764 requiem
1581 3709 1653 3749 ex
1711 3692 1854 3759 alto,
1908 3708 2016 3749 nec
2065 3697 2203 3749 sunt

557 3778 890 3852 quidquam
916 3778 1144 3836 solliciti
1173 3782 1247 3836 de
1278 3780 1455 3837 bello.

630 3906 1269 3972 XV.Quemadmodum
1284 3908 1443 3963 enim
1462 3907 2204 3979 Dominusinduithrpus,

557 3992 899 4066 relinquens
957 4011 1199 4051 omnem
1241 3996 1643 4068 principatum
1706 4013 1776 4052 ac
1830 4001 2200 4068 potestatem,

558 4082 771 4139 eodem
804 4100 1047 4157 quoque
1076 4085 1257 4141 modo
1285 4086 1597 4141 Christiani
1629 4086 1958 4141 induuntur
1990 4086 2206 4157 Spiritu

562 4178 792 4237 sancto,
838 4178 895 4229 et
937 4176 1142 4246 requie
1172 4174 1467 4229 fruuntur.
1520 4176 1688 4239 Quod
1720 4176 1767 4228 si
1797 4190 2038 4246 quoque
2085 4174 2207 4229 bel-

558 4259 685 4315 lum
734 4262 989 4316 exterius
1038 4264 1297 4331 ingruat,
1345 4262 1475 4319 ferit
1524 4264 1796 4325 Satanas,
1854 4263 2207 4334 verumipsi

560 4348 809 4405 interius
839 4350 1048 4405 virtute
1082 4352 1313 4405 Domini
1338 4351 1549 4406 muniti
1575 4356 1732 4416 sunt,
1756 4368 1863 4406 nec
1890 4351 1963 4406 de
1988 4354 2207 4408 Satana

565 4444 704 4492 sunt
744 4436 993 4492 solliciti.
1053 4439 1211 4494 Sicut
1265 4438 1358 4494 ille
1389 4440 1445 4493 in
1477 4440 1713 4495 deserto
1747 4441 1990 4495 tentavit
2015 4441 2208 4495 Domi-

562 4541 710 4581 num
740 4527 1144 4598 quadraginta
1171 4528 1317 4595 dies,
1342 4529 1486 4600 quid
1517 4529 1597 4584 illi
1620 4530 1843 4595 nocuit,
1868 4530 2030 4601 quod
2050 4536 2209 4585 exle-

562 4616 685 4671 rius
718 4630 1036 4686 aggressus
1092 4623 1179 4673 est
1233 4634 1449 4690 corpus
1502 4618 1657 4674 illius
1710 4622 1755 4655 ⁵⁸
1789 4622 1816 4677 ?
1857 4621 2018 4674 Intus
2050 4621 2207 4675 enim

566 4708 717 4760 Deus
748 4708 891 4759 erat.
928 4707 1018 4761 Sic
1071 4721 1312 4778 quoque
1371 4708 1707 4775 Christiani,
1762 4709 1896 4764 licet
1951 4710 2206 4763 exterius

564 4796 877 4857 tentantur,
957 4795 1197 4851 interius
1259 4797 1377 4869 99
1441 4797 1834 4853 nihilominus
1898 4796 2208 4853 divinitate

564 4881 758 4937 referti
786 4888 940 4947 sunt,
976 4900 1084 4940 nec
1112 4885 1230 4940 ullo
1256 4886 1482 4943 damno
1514 4888 1807 4958 injuriave
1845 4884 2205 4940 afﬁciuntur.

566 4972 681 5026 Hos
712 4972 935 5041 gradus
964 4981 1163 5029 autem
1198 4976 1241 5029 si
1284 4976 1417 5046 quis
1448 4979 1805 5031 consecutus
1855 4981 1961 5039 est,
2011 4974 2103 5029 ille
2133 4974 2209 5030 ad

564 5060 887 5131 perfectam
938 5063 1313 5120 dilectionem
1372 5064 1603 5132 Christi,
1666 5068 1721 5117 et
1778 5062 2211 5134 plenitudinem

567 5148 907 5217 divinitatis,
961 5154 1241 5223 pervenit.
1304 5155 1373 5208 At
1419 5154 1521 5223 qui
1573 5168 1693 5207 non
1746 5158 1831 5208 est
1891 5154 2208 5223 ejusmodi,

567 5238 765 5295 adhuc
814 5241 1053 5296 interius
1107 5242 1331 5297 bellum
1392 5241 1677 5300 sustinet:
1740 5241 1889 5297 hora
1941 5245 2210 5314 quadam

567 5326 892 5385 delectatur
914 5332 1198 5395 oratione,
1230 5330 1345 5386 alia
1363 5347 1499 5385 vero
1530 5330 1677 5385 hora
1708 5332 1764 5385 in
1799 5330 2120 5387 afﬂictione
2143 5348 2213 5387 ac

569 5418 835 5490 periculo
865 5421 1164 5481 consistit;
1199 5419 1279 5475 ita
1335 5420 1494 5474 enim
1546 5419 1671 5475 vult
1722 5422 2042 5488 Dominus;
2073 5438 2213 5477 cum

569 5509 727 5565 enim
748 5508 945 5565 adhuc
972 5510 1045 5565 sit
1063 5509 1280 5577 infans,
1337 5516 1567 5567 exercet
1592 5510 1760 5566 illum
1806 5512 1883 5567 ad
1910 5512 2208 5584 praelium,

644 5663 685 5698 si
730 5662 930 5719 Matth.
960 5679 1013 5730 v,
1044 5666 1133 5719 28.
1211 5665 1257 5700 ⁵⁸
1298 5663 1493 5722 Matth.
1529 5680 1607 5731 1v,
1643 5668 1675 5720 2
1700 5680 1825 5736 seQ-

2368 1867 2465 1922 IA’.
2495 1866 2865 1939 Ἐρώτησις.
2893 1864 2961 1917 Εἰ
2989 1865 3323 1937 ἡσυχάζει
3354 1865 3509 1918 ποτὶ
3539 1864 3564 1916 6
3594 1868 3869 1923 Σατανᾶς,

2298 1962 2405 2010 καὶ
2444 1956 2894 2028 ἐλευθεροῦται
2925 1955 2950 2006 6
2980 1955 3314 2026 ἄνθρωπος
3353 1952 3419 2006 ἐκ
3451 1961 3560 2006 τοῦ
3598 1952 3863 2024 πολέμου,

2298 2050 2329 2108 ἡ
2372 2048 2465 2109 ἕως
2504 2048 2586 2099 ὅτε
2627 2045 2716 2117 ζῇ,
2750 2047 2866 2116 ἔχει
2904 2043 3124 2116 πόλεμον
3158 2062 3172 2113 ;

2374 2170 2778 2244 Ἀπόκρισις.
2809 2167 2866 2221 Ὀ
2899 2172 3131 2228 Σατανᾶς
3169 2163 3424 2220 οὐδέποτε
3453 2167 3712 2238 ἡσυχάζει
3745 2163 3863 2216 πολι-

2298 2268 2408 2331 μῶν
2438 2277 2451 2327 ;
2484 2260 2578 2320 ἕως
2634 2257 2695 2309 ἂν
2744 2258 2808 2330 ζῇ
2870 2277 2945 2317 τις
3000 2261 3087 2309 τόν
3141 2256 3305 2308 αἰῶνα
3356 2263 3563 2322 τοῦτον,
3615 2258 3697 2306 καὶ
3753 2258 3867 2325 φορεῖ

2302 2352 2492 2422 σάρκα,
2551 2348 2873 2419 πολεμεῖται.
2906 2344 3044 2399 Ἀλλ’
3091 2347 3213 2399 ὅταν
3266 2347 3333 2398 τὰ
3373 2344 3507 2418 βέλη
3559 2351 3646 2397 τοῦ
3679 2348 3866 2415 πονηροῦ

2298 2441 2363 2492 τὰ
2415 2441 2751 2510 πεπυρωμένα
2807 2435 3025 2508 σϐεσθῇ,
3066 2435 3244 2487 λοιπὸν
3298 2438 3412 2487 ἐκεῖ
3462 2440 3514 2488 τί
3558 2432 3760 2507 βλάπτει
3796 2434 3857 2483 τόν

2300 2530 2591 2603 ἄνθρωπον,
2651 2526 2695 2578 εἰ
2743 2530 2831 2577 καὶ
2891 2528 3105 2599 ἔρχεται
3164 2526 3188 2577 6
3243 2531 3489 2587 Σατανᾶς
3530 2527 3650 2598 πρὸς
3700 2522 3859 2592 λόγου

2300 2619 2454 2673 Ἐστι
2500 2638 2582 2679 τις
2629 2617 2771 2688 φίλος
2820 2615 3098 2689 βασιλέως,
3130 2619 3220 2667 καὶ
3251 2618 3365 2687 ἔχει
3409 2613 3561 2673 δίκην
3598 2615 3715 2687 πρὸς
3754 2610 3863 2662 ἀντί-

2301 2706 2449 2762 δικον
2478 2726 2490 2739 ·
2525 2711 2645 2761 ὅταν
2700 2703 2787 2759 οὖν
2816 2710 2901 2758 τὸν
2935 2704 3157 2779 βασιλέα
3186 2707 3283 2776 ἔχῃ
3341 2702 3596 2779 ἐπιρῥεπῆ
3626 2708 3706 2755 καὶ
3748 2698 3862 2770 φίλον

2301 2799 2479 2864 αὐτοῦ,
2532 2801 2676 2859 ὅστις
2728 2794 2912 2869 βοηθεῖ
2959 2794 3122 2865 αὐτῷ,
3184 2791 3336 2845 οὐδὲν
3404 2792 3685 2868 βλάπτεται.
3732 2788 3859 2839 Ὀταν

2298 2890 2400 2960 γάρ
2456 2906 2531 2947 τις
2565 2887 2739 2959 φθάσῃ
2784 2886 2906 2946 ὅλας
2960 2885 3055 2945 τὰς
3093 2882 3260 2945 τάξεις
3315 2882 3592 2957 παρελθεῖν
3637 2883 3708 2931 καὶ
3754 2877 3853 2933 τοὺς

2303 2977 2562 3051 βαθμούς,
2615 2978 2704 3027 καὶ
2732 2974 2975 3045 γενέσθαι
3030 2972 3173 3044 φίλος
3225 2969 3513 3044 βασιλέως,
3550 2970 3670 3028 οὗτος
3703 2966 3847 3017 λοιπὸν

2303 3072 2353 3119 τί
2386 3064 2671 3139 βλάπτεται
2719 3064 2818 3115 ὑπό
2850 3078 3025 3128 τινος;
3060 3060 3131 3121 εἰς
3160 3063 3215 3113 τὸ
3250 3065 3556 3134 φαινόμενον
3599 3059 3685 3112 εἰσὶ
3716 3051 3855 3111 πόλεις

2300 3154 2663 3227 λαμϐάνουσαι
2717 3149 2862 3223 δῶρα
2913 3155 3003 3203 καὶ
3033 3149 3243 3211 ἆννόνας
3289 3153 3441 3225 παρά
3491 3157 3577 3202 τοῦ
3612 3143 3848 3221 βασιλέως.

2236 3226 2275 3281 C
2305 3245 2365 3297 Εἰ
2412 3239 2499 3295 οὖν
2549 3242 2718 3313 ὀλίγον
2775 3261 2826 3293 τι
2877 3240 3295 3313 λειτουργοῦσιν,
3369 3236 3517 3292 οὐδὲν
3574 3240 3848 3308 ζημιοῦνται,

2305 3335 2457 3386 ὁπότε
2485 3339 2717 3385 τοσαῦτα
2753 3331 3060 3398 πορίζονται
3090 3334 3179 3381 καὶ
3212 3324 3470 3400 δέχονται
3508 3328 3641 3401 παρὰ
3666 3330 3745 3376 τοῦ
3784 3318 3856 3393 βα-

2310 3421 2507 3483 σιλέως.
2565 3421 2743 3482 Οῦτως
2795 3424 2883 3471 καὶ
2929 3421 2977 3472 οἱ
3032 3423 3371 3493 Χριστιανοὶ,
3414 3418 3457 3470 εἰ
3506 3420 3590 3469 καὶ
3627 3411 3861 3483 πολεμοῦν·

2309 3531 2395 3563 ται
2427 3512 2569 3582 παρὰ
2608 3516 2698 3562 τοῦ
2747 3509 2968 3581 ἐχθροῦ,
3023 3506 3129 3559 ἀλλ’
3180 3506 3335 3561 αὐτοὶ
3388 3505 3664 3559 κατέλυσαν
3693 3501 3755 3561 εἰς
3789 3500 3859 3553 τὴν

2315 3602 2552 3663 θεότητα,
2612 3602 2701 3650 καὶ
2757 3594 3066 3650 ἐνεδὺσαντο
3119 3601 3213 3655 τὴν
3257 3595 3314 3660 ἐξ
3368 3596 3532 3667 ὕψους
3571 3590 3770 3664 δύναμιν
3794 3586 3863 3637 καὶ

2313 3688 2626 3753 ἀνάπαυσιν,
2659 3691 2746 3740 καὶ
2782 3683 2932 3740 οὐδὲν
2960 3687 3302 3759 φροντίζουσι
3335 3694 3427 3739 τοῦ
3456 3684 3688 3756 πολέμου.

2388 3903 2486 3957 ΙΕ’.
2544 3901 2743 3972 Ὠσπερ
2795 3905 2895 3976 ⁹γόιρ
2945 3902 2970 3952 6
3023 3902 3216 3965 Κύριος
3276 3894 3559 3952 ἐνεδύσατο
3613 3897 3665 3947 τὸ
3726 3897 3865 3981 σῶμα,

2315 3992 2614 4045 καταλιπὼν
2658 3997 2832 4043 πᾶσαν
2890 3989 3064 4064 ἀρχὴν
3095 3992 3186 4041 καὶ
3232 3986 3497 4054 ἐξουσίαν,
3556 3984 3683 4037 οὕτω
3732 3979 3806 4031 καὶ
3831 3992 3867 4025 οι

2317 4084 2627 4154 Χριστιανοὶ
2670 4076 2939 4131 ἐνδύονται
3005 4081 3063 4130 τὸ
3121 4084 3333 4149 Πνεῦμα
3388 4078 3447 4129 τὸ
3504 4075 3664 4145 ἅγιον,
3714 4071 3791 4119 καὶ
3832 4064 3868 4113 ἓν

2318 4170 2607 4223 ἀναπαύσει
2656 4168 2804 4222 εἰσίν.
2860 4164 3009 4223 Είδὲ
3037 4171 3127 4220 καὶ
3184 4169 3405 4238 ἔρχεται
3442 4163 3653 4233 πόλεμος
3702 4155 3865 4218 ἔξωθεν,

2316 4263 2491 4334 κρούει
2542 4260 2568 4311 6
2626 4264 2875 4323 Σατανᾶς,
2926 4255 3032 4309 ἀλλ’
3092 4256 3240 4309 αὐτοὶ
3298 4256 3488 4307 ἔσωθεν
3539 4246 3870 4322 ἠσφαλισμένοι

2318 4349 2415 4403 εἰσὶ
2446 4357 2507 4422 τῇ
2543 4356 2633 4400 τοῦ
2677 4352 2869 4422 Κυρίου
2908 4343 3149 4418 δυνάμει,
3204 4348 3295 4397 καὶ
3348 4343 3406 4397 οὐ
3439 4343 3755 4417 φροντίζουσι
3795 4347 3867 4430 τὴν

2318 4444 2520 4491 Σατανᾶ
2551 4454 2563 4467 ·
2598 4439 2764 4497 καθὼς
2814 4439 3001 4497 ἐκεῖνος
3052 4434 3119 4495 εἰς
3171 4438 3264 4493 τὴν
3324 4435 3512 4505 ἔρημον
3556 4429 3779 4498 ἐπείρασε
3802 4435 3871 4469 τον

2319 4531 2510 4601 Κύριον
2586 4528 2783 4598 ἡμέρας
2857 4526 3268 4599 τεσσαράκοντα,
3327 4527 3377 4573 τί
3444 4519 3594 4571 αὐτόν
3670 4511 3870 4601 ἔϐλαψξνο

2320 4618 2399 4668 ὃτι
2461 4616 2639 4678 ἔξωθεν
2706 4613 2971 4687 προσῆλθε
3038 4621 3110 4684 τῷ
3166 4617 3373 4684 σώματι
3426 4609 3622 4673 αύτοῦ;
3676 4597 3870 4687 "Em?"

2318 4707 2418 4779 ’γὰρ
2474 4707 2600 4765 Θεὸς
2655 4701 2736 4762 ἧν.
2771 4703 2921 4756 Οὕτω
2973 4707 3062 4754 καὶ
3093 4703 3142 4753 οἱ
3172 4704 3501 4774 Χριστιανοὶ,
3536 4696 3577 4749 εἰ
3613 4696 3696 4745 καὶ
3724 4686 3873 4751 ἔξωθεν

2318 4796 2674 4866 πειράζονται,
2732 4791 2839 4844 ἀλλ’
2914 4793 3100 4844 ἔσωθεν
3181 4789 3569 4861 πεπληρωμένοι
3643 4780 3737 4834 εἰσι
3804 4780 3873 4870 τῆξ

2323 4884 2574 4947 θεότητος,
2626 4886 2715 4934 καὶ
2741 4878 2891 4933 οὐδὲν
2946 4877 3275 4932 ἀδικοῦνται.
3329 4878 3416 4939 Εἰς
3442 4882 3605 4929 ταῦτα
3629 4866 3683 4922 δε
3708 4868 3767 4919 τὰ
3807 4877 3876 4931 με·

2244 4587 2286 4641 D

2319 4993 2416 5047 τρα
2471 4975 2515 5024 εἴ
2580 4992 2659 5033 τις
2718 4974 2955 5044 ἔφθασεν,
3022 4970 3093 5032 εἰς
3154 4974 3247 5026 τήν
3311 4967 3502 5021 τελείαν
3554 4961 3747 5034 ἰισγάπην
3801 4968 3874 5002 τον

2321 5070 2580 5135 Χριστοῦ,
2616 5066 2705 5114 καὶ
2761 5060 2831 5123 εἰς
2882 5063 2939 5112 τὸ
2995 5059 3254 5133 πλήρωμα
3310 5065 3405 5119 τῆς
3446 5056 3675 5110 θεότητος
3719 5059 3875 5138 καῗξνμ

2323 5172 2497 5212 τησεν.
2539 5152 2597 5205 Ὀ
2654 5148 2713 5205 δὲ
2761 5155 2831 5223 μὴ
2893 5156 3144 5213 τοιοῦτος,
3187 5146 3359 5218 ἀκμὴν
3416 5143 3596 5197 ἐσωθεν
3624 5136 3871 5229 ἔχειπξλε·

2322 5258 2443 5315 μον⁶
2476 5244 2585 5315 ὥρᾳ
2634 5240 2953 5294 ἀναπαύεται
2998 5238 3064 5300 εἰς
3116 5241 3207 5296 τὴν
3249 5236 3437 5307 εὐχὴν,
3485 5235 3571 5283 καὶ
3624 5224 3754 5315 ἅλλῆ
3787 5233 3874 5311 “Pa:

2324 5332 2373 5384 ἐν
2439 5332 2605 5403 θλίψει
2661 5335 2752 5382 καὶ
2803 5329 3007 5401 πολέμῳ
3077 5332 3279 5386 στήκει.
3334 5323 3483 5376 Οὕτω
3542 5321 3636 5391 γὰρ
3693 5309 3872 5411 θέλεξ.ο

2327 5424 2530 5497 Κύριος,
2582 5417 2760 5477 ἐπειδὴ
2816 5417 2985 5492 ἀκμὴν
3037 5421 3220 5475 νήπιός
3278 5412 3409 5482 εστι,
3465 5405 3870 5497 γυμνάζει-ανῖον

2328 5510 2395 5571 εἰς
2465 5513 2581 5570 τοὺς
2664 5508 2916 5581 πολέμους
2991 5525 3079 5575 και
3149 5508 3215 5558 τὰ
3267 5499 3363 5556 δύο
3426 5503 3673 5574 πρόσωπα
3713 5483 3869 5542 ἔσωθεν
