4076 6210
247 267 362 323 685
1504 275 1850 337 HOMILIAZ.
1892 311 1960 323 —
1999 282 2175 340 HOM.
2215 285 2414 345 XXVI.
3513 297 3621 354 686

242 389 429 467 βρύει,
480 395 571 446 καὶ
627 395 686 446 τὸ
738 401 840 467 φῶς
871 399 962 450 καὶ
1013 398 1072 451 τό
1104 400 1311 464 σκότος,
1363 405 1454 453 καὶ
1491 402 1521 461 ἡ
1557 400 1852 468 ἀνάπαυσις

2007 427 2038 468 c
2065 411 2200 468 duae
2230 429 2501 484 personae
2520 415 2766 472 interius
2790 418 3138 485 scaturiunt,
3162 419 3365 477 lumen
3381 425 3439 478 et
3459 426 3615 480 tene-

238 485 334 533 καὶ
365 483 397 538 ἠ
436 481 613 552 θλίψις
647 499 660 512 ⁸
706 486 954 556 εὔχονται
998 488 1047 539 ἓν
1094 486 1404 555 ἀναπαύσει,
1459 495 1550 544 καὶ
1587 491 1714 565 ἄλλῃ
1747 495 1848 568 ὥρᾳ

2005 517 2110 568 τω,
2139 502 2309 575 quies
2355 509 2413 560 et
2450 503 2732 561 afﬂictio:
2779 513 3101 579 precantur
3139 510 3198 565 in
3237 510 3454 583 quiete,
3498 511 3615 570 alia

239 575 292 623 ἰν
318 569 528 645 θορύϐῳ
558 570 713 624 εἰσίν.

1967 606 2108 647 vero
2146 591 2297 648 hora
2326 592 2385 648 in
2423 595 2868 664 perturbatione
2908 598 3255 655 consistunt.

314 693 418 759 lq’.
472 694 588 747 Ούκ
635 696 837 758 ἀκούεις
871 701 922 750 τί
971 697 1107 771 λέγει
1137 701 1163 752 6
1213 701 1416 765 Παῦλος
1466 720 1478 734 ⁸
1535 704 1676 759 Ἐὰν
1730 709 1858 780 ἔχω

2035 717 2166 773 XVI.
2202 719 2328 772 Non
2376 717 2550 773 audis
2598 719 2746 790 quid
2793 722 2873 777 ait
2924 722 3180 782 Paulus:
3238 725 3306 781 Si
3353 725 3613 784 habuero

242 786 453 837 πάντα
487 786 572 836 τὰ
607 790 1004 858 χαρίσματα
1043 808 1059 821 ·
1123 788 1226 842 ἐὰν
1263 788 1535 866 παραδῶ
1572 798 1640 846 τὸ
1679 801 1852 868 σῶμά

2005 807 2164 862 mnia
2180 807 2367 871 dona;
2389 807 2443 862 si
2454 808 2758 864 tradidero
2771 825 2985 881 corpus
2997 827 3187 868 meum
3203 821 3265 869 ut
3279 815 3615 883 comburar;

247 892 387 944 μου,
452 874 556 925 ἵνα
618 876 1058 949 καυθήσομαι
1105 893 1119 907 ⁸
1161 877 1264 931 ius
1329 889 1469 942 ταῖς
1529 883 1857 954 γλώσσαις

2002 897 2019 949 ἱ
2044 897 2260 966 linguis
2279 897 2627 966 angelorum
2649 899 2880 970 loquar,
2902 901 3257 958 charitatem
3279 910 3473 961 autem
3494 922 3612 962 non

248 971 366 1014 τῶν
406 961 686 1058 ἀγγέλων
723 963 910 1034 λαλῶ,
955 964 1211 1038 ἀγάπην
1252 965 1321 1022 δι
1359 975 1440 1043 μὴ
1483 975 1633 1044 ἔχω,
1677 974 1858 1028 οὐθέν

2001 985 2250 1050 ιαὸιιενο,
2269 985 2426 1041 nihil
2450 1001 2577 1041 sum
2590 987 2658 1040 ⁸⁸.
2687 987 2993 1058 Siquidem
3009 989 3137 1044 haec
3157 990 3319 1046 dona
3336 993 3611 1050 exhorta-

255 1052 353 1123 εἰμ
366 1071 402 1106 ε.
443 1047 658 1111 Ἐπειδὴ
690 1059 859 1106 ταῦτα
888 1057 953 1107 τὰ
975 1061 1297 1131 χαρίσματα
1324 1064 1680 1135 προτρεπτικά
1710 1063 1813 1116 εἱσι
1840 1079 1854 1095 ⁸

2005 1074 2119 1130 )ria
2170 1080 2349 1130 sunt:
2388 1079 2445 1130 et
2469 1075 2571 1147 qui
2613 1076 2671 1130 in
2698 1076 2791 1130 his
2835 1076 3194 1144 consistunt,
3236 1082 3515 1152 quamvis
3555 1083 3615 1139 in

252 1147 336 1193 καί
365 1145 414 1194 οἱ
439 1145 490 1193 ίν
515 1145 720 1203 τούτοις
751 1148 1048 1209 στήκοντες,
1076 1145 1226 1199 εἰκαὶ
1257 1145 1305 1200 ἐν
1335 1153 1484 1220 φωτὶ,
1515 1155 1694 1209 νήπιοί
1720 1152 1823 1205 εἰσι
1841 1180 1853 1192 ο

2005 1180 2096 1220 tce
2135 1165 2270 1232 sint,
2312 1170 2508 1220 tamen
2537 1164 2793 1221 infantes
2832 1171 2988 1222 sunt.
3032 1167 3186 1224 Multi
3209 1168 3364 1224 enim
3410 1171 3615 1227 fratres

245 1230 423 1283 πολλοὶ
445 1231 552 1305 γὰρ
593 1239 693 1282 τῶν
723 1228 956 1305 ἀδελφῶν
987 1231 1142 1293 ἦλθον
1182 1236 1249 1297 εἰς
1291 1239 1359 1290 τὰ
1405 1247 1626 1292 τοιαῦτα
1666 1246 1854 1315 μίτρα,

2006 1253 2045 1309 d
2084 1253 2194 1310 hos
2233 1228 2455 1324 gradus
2501 1259 2917 1325 pervenerunt,
2961 1271 3031 1311 ac
3073 1256 3412 1314 habuerunt
3454 1258 3616 1316 dona

240 1324 330 1372 καὶ
389 1322 555 1392 ἔσχον
629 1339 948 1394 χαρισματα
1024 1323 1278 1396 ἰαμάτων,
1354 1333 1443 1380 καὶ
1502 1328 1850 1402 ἀποκάλυψιν,

2003 1342 2371 1408 anationum,
2385 1342 2802 1399 revelationem
2815 1361 2885 1400 ac
2898 1345 3276 1417 prophetiam
3295 1364 3308 1413 ;
3327 1348 3613 1419 quoniam

237 1414 330 1462 καὶ
412 1415 737 1481 προφητείαν
791 1427 809 1445 ⁸
872 1417 964 1466 καὶ
1044 1411 1227 1474 ἔπειδή
1311 1417 1406 1468 οὐκ
1484 1420 1714 1490 ἔφθασαν
1784 1419 1847 1481 εἰς

2007 1438 2162 1487 utem
2189 1431 2262 1487 ad
2280 1430 2598 1503 perfectam
2618 1433 2965 1489 charitatem
2985 1449 3105 1489 non
3122 1411 3540 1506 pervenerunt,
3555 1438 3615 1494 in

235 1504 334 1556 τήν
365 1498 568 1552 τελείαν
595 1498 825 1571 ἀγάπην,
859 1503 987 1554 ὅπου
1018 1504 1044 1555 6
1073 1501 1439 1578 σύνδεσμος
1477 1509 1588 1570 τῆς
1625 1508 1845 1562 τελειό-

2003 1536 2087 1592 ua
2133 1521 2438 1576 vinculum
2479 1525 2562 1577 est
2599 1522 3064 1592 perfectionis“,
3117 1524 3369 1594 prosiliit
3408 1526 3468 1580 in
3511 1543 3613 1582 eos

233 1607 460 1654 τητος,
531 1588 747 1648 ἐπῆλθεν
813 1591 992 1653 αὐτοῖς
1062 1592 1301 1666 πόλεμος,
1362 1600 1449 1648 καὶ
1505 1595 1843 1669 ἀμελήσαντες

2004 1588 2210 1675 ellum,
2265 1609 2429 1680 quod
2479 1588 2615 1665 curn
2681 1588 3057 1679 negligerent
3094 1588 3523 1670 occubuerunt.
3559 1615 3614 1672 Si

236 1681 451 1732 ἔπεσον.
509 1678 573 1730 Εἰ
631 1675 690 1732 δέ
738 1699 818 1742 τις
861 1683 1050 1754 φθάσει
1107 1683 1180 1745 εἰς
1226 1689 1318 1744 τὴν
1376 1686 1566 1739 τελείαν
1624 1686 1846 1759 ἇιγάπην1

2005 1713 2106 1753 ero
2131 1698 2265 1770 quis
2286 1675 2628 1770 pervenerit
2654 1700 2729 1756 ad
2754 1675 3073 1770 perfectam
3104 1701 3478 1769 charitatem,
3517 1704 3612 1760 hic

235 1767 398 1828 οὗτος
445 1766 626 1820 λοιπὸν
674 1764 904 1837 δέδεται,
950 1776 1040 1824 καὶ
1089 1774 1230 1825 ἔστιν
1279 1775 1748 1849 ᾐχμαλωτισμένος
1789 1777 1845 1839 εἰς

2008 1762 2175 1844 ostea
2208 1762 2520 1844 deuinctus
2563 1805 2632 1844 ac
2688 1762 3025 1860 captivatus
3063 1797 3149 1845 est
3187 1807 3222 1846 a
3261 1762 3476 1861 gratia:
3514 1794 3613 1850 Sin

235 1860 334 1914 την
365 1857 554 1929 χάριν.
608 1857 666 1910 Εἰ
706 1854 766 1910 δέ
811 1878 892 1921 τις
929 1863 1073 1932 παρά
1113 1865 1299 1938 μικρὸν
1339 1863 1538 1936 ἐγγίσει
1584 1875 1656 1938 τῷ
1684 1870 1845 1941 μέτρῳ

2011 1879 2098 1934 uis
2137 1877 2450 1951 paululum
2490 1877 2568 1934 ad
2615 1854 2870 1947 gradum
2911 1881 3114 1948 gratias
3165 1854 3614 1954 appropinqua-

234 1945 336 2006 τῆς
398 1943 630 2016 ἀγάπης,
688 1952 758 2018 μὴ
813 1949 1001 2020 φθάσει
1049 1946 1108 2002 δὲ
1152 1951 1219 2012 εἰς
1275 1953 1438 2012 αὐτὴν
1494 1959 1588 2013 τὴν
1644 1955 1844 2027 ἀγάπηι

2004 1968 2127 2033 erit,
2161 1984 2270 2024 nec
2299 1968 2445 2023 dum
2476 1983 2546 2022 eo
2572 1967 2922 2039 pervenerit,
2954 1975 3070 2024 uta
3100 1968 3384 2025 charitate
3410 1970 3614 2026 devin-

241 2030 495 2100 δεθῆναι,
527 2032 700 2105 ἀκμὴν
733 2037 760 2088 ό
808 2045 1044 2100 τοιοῦτος
1085 2040 1186 2092 ὑπό
1235 2040 1388 2112 φόϐον
1419 2042 1555 2108 ἐστὶ,
1587 2049 1676 2097 καὶ
1705 2045 1851 2098 πόλε-

1999 2030 2172 2124 iatur,
2223 2057 2353 2113 talis
2383 2030 2589 2112 adhuc
2621 2060 2710 2112 est
2742 2030 3022 2127 subjugo
3053 2058 3306 2127 timoris,
3357 2059 3494 2114 belli
3539 2075 3609 2116 ac

239 2142 340 2195 μον
363 2127 458 2176 καὶ
509 2131 733 2194 πτῶσιν,
762 2130 851 2179 καὶ
905 2127 948 2180 εἰ
976 2132 1049 2200 μὴ
1096 2127 1466 2202 ἀσφαλίσεται,
1496 2134 1668 2207 ῥίπτει
1699 2137 1849 2187 αὐτόν

1963 2163 2138 2204 casus
2163 2164 2177 2213 ;
2211 2153 2267 2203 et
2293 2147 2404 2202 nisi
2421 2145 2744 2212 muniatur,
2774 2146 3008 2217 projicit
3027 2161 3166 2203 eum
3188 2149 3465 2204 Satanas.

237 2213 264 2265 6
290 2217 548 2274 Σατανᾶς.

308 2333 413 2390 IZ'.
473 2335 650 2397 Οὕτως
700 2339 801 2412 γὰρ
858 2337 1037 2392 πολλοὶ
1088 2340 1452 2401 ἵπλανήθησαν
1511 2346 1734 2418 χάριτος
1780 2345 1852 2407 εἰς

2033 2345 2186 2402 XVII.
2238 2346 2357 2399 Hoc
2404 2344 2562 2399 enim
2603 2351 2801 2415 pacto,
2851 2342 3129 2414 permulti
3160 2359 3196 2400 a
3239 2344 3449 2416 gratia,
3490 2360 3613 2418 qua

239 2425 433 2487 αὐτοὺς
509 2429 807 2498 γενομένης.
903 2428 1182 2502 Ἐνόμισαν
1257 2432 1338 2483 ὅτι
1411 2432 1692 2486 κατέλαϐον
1765 2439 1849 2494 τὴν

2003 2433 2229 2490 xornati
2258 2437 2426 2488 erant
2456 2432 2830 2496 aberrarunt,
2865 2431 3274 2490 existimantes
3308 2449 3371 2488 se
3402 2449 3613 2491 conse-

244 2514 565 2581 τελειότητα,
591 2519 681 2567 καὶ
702 2516 894 2588 ἔλεγον,
923 2518 1138 2592 Ἀρκεῖ
1175 2521 1348 2592 ἡμῖν,
1381 2521 1447 2572 ού
1481 2523 1846 2596 χρῄζομεν·

2001 2528 2132 2578 utos
2151 2538 2277 2576 esse
2297 2521 2745 2594 perfectionem,
2769 2526 2825 2576 et
2844 2520 3150 2577 dicebant:
3173 2521 3408 2591 Sufﬁcit
3422 2523 3611 2590 nobis,

253 2603 352 2654 ἀλλ’
394 2606 644 2678 όΚύριος
690 2608 808 2657 οὔτε
856 2606 992 2667 τέλος
1044 2611 1176 2679 ἔχει,
1237 2611 1353 2661 οὔτε
1385 2610 1699 2682 κατάληψιν.
1752 2617 1852 2665 Καὶ

2006 2628 2081 2668 on
2097 2627 2331 2682 egemus
2347 2627 2361 2673 ;
2381 2627 2516 2666 cum
2540 2616 2740 2666 tamen
2756 2610 3042 2666 Dominus
3057 2626 3165 2666 nec
3177 2609 3355 2665 ﬁnem
3370 2610 3610 2677 habeat,

256 2694 305 2744 οἱ
344 2697 650 2764 Χριστιανοὶ
694 2695 752 2746 ού
805 2694 1064 2767 τολμῶσιν
1117 2696 1294 2763 εἰπεῖν,
1354 2700 1434 2750 ὃτι
1476 2699 1850 2774 Κατελάϐομεν,

2007 2717 2072 2756 ec
2094 2699 2654 2772 comprehendatur.
2689 2700 2880 2771 Atque
2907 2699 3218 2756 Christiani
3246 2714 3366 2754 non
3394 2700 3617 2756 audent

251 2779 379 2832 ἀ).λά
446 2786 878 2854 τεταπεινωμένοι
951 2783 1055 2836 εἰσί
1133 2789 1315 2847 νυκτός
1379 2791 1468 2840 καὶ
1527 2790 1745 2862 ἡμέρας,
1805 2789 1852 2841 ἓν

2007 2791 2157 2845 icere
2198 2805 2259 2845 se
2306 2788 2854 2860 comprehendisse,
2905 2787 3009 2843 sed
3049 2787 3343 2844 humiliati
3380 2804 3617 2859 perma-

244 2877 350 2931 τοῖς
402 2876 731 2943 φαινομένοις
795 2874 864 2924 τά
915 2875 1204 2948 γράμματα
1260 2874 1509 2929 ἀτέλεστά
1567 2878 1691 2944 ιίσι,
1760 2885 1851 2931 καὶ

2009 2885 2108 2936 ent
2131 2879 2233 2934 diu
2267 2884 2583 2949 noctuque.
2627 2879 2690 2931 In
2731 2876 2910 2932 rebus
2944 2876 3258 2932 oculorum
3290 2877 3436 2933 aciei
3476 2878 3619 2934 sub-

243 2956 423 3022 οὐδεὶς
481 2956 594 3013 οἶδε
650 2967 824 3032 τοῦτο,
883 2961 926 3015 εἰ
979 2967 1050 3033 μὴ
1115 2964 1490 3036 σχολαστικὸς,
1523 2968 1580 3018 '6
1630 2972 1853 3040 μετρίως

2003 2968 2153 3032 actis,
2206 2967 2409 3022 litteras
2463 2964 2888 3038 perfectionem
2928 2966 3214 3036 consequi
3270 2971 3613 3038 nequeunt;

246 3051 428 3112 μαθων
475 3052 786 3123 γράμματα.
819 3051 999 3113 Οὕτως
1029 3055 1114 3104 καὶ
1161 3049 1286 3118 ὦδε,
1331 3051 1508 3107 οὐδενί
1549 3055 1662 3109 ἔστι
1691 3076 1854 3110 κατα-

2005 3063 2021 3114 ι
2063 3057 2285 3113 nemini
2329 3055 2443 3111 hoc
2474 3059 2875 3126 perspectum,
2929 3054 3040 3109 nisi
3086 3053 3460 3122 scholastico,
3510 3054 3615 3126 qui

244 3137 451 3200 ληπτός
503 3121 529 3190 6
562 3142 692 3201 Θεὸς
737 3144 827 3193 καὶ
875 3145 1150 3214 μετρητὸς,
1201 3143 1246 3195 εἰ
1273 3148 1344 3216 μὴ
1377 3152 1486 3207 τοίς
1514 3150 1854 3217 γευσαμένοις

2006 3145 2340 3202 mediocriter
2385 3121 2970 3208 litteras-addidicit;
3014 3143 3099 3197 sic
3143 3157 3387 3214 quoque
3416 3121 3479 3196 se
3523 3121 3616 3198 res

244 3226 298 3290 ἐξ
328 3227 498 3280 αὐτοῦ
555 3226 766 3295 ἐκείνου,
825 3228 886 3281 οὗ
943 3226 1206 3296 ἐδέξαντο,
1253 3237 1342 3286 καὶ
1388 3235 1710 3309 γνωρίζουσι
1762 3240 1854 3294 τὴν

2008 3236 2060 3291 ic
2101 3235 2301 3299 habet,
2349 3232 2492 3288 nulli
2540 3230 3097 3302 comprehensibilis
3136 3235 3224 3287 est
3270 3233 3454 3302 Deus;
3506 3245 3616 3286 nec

246 3316 448 3369 ἑαυτῶν
492 3314 758 3370 ἀσθένειαν
791 3335 804 3347 ⁸
839 3318 910 3380 εἰς
955 3324 1154 3394 χωρίον
1199 3324 1284 3374 ἰάν
1322 3342 1403 3385 τις
1447 3323 1664 3397 ἀπέλθῃ,
1707 3324 1856 3396 ὀλίγα

2005 3325 2343 3379 ιθιιςὶοιιθω
2382 3321 2460 3377 ab
2501 3321 2620 3376 ullo
2649 3319 2930 3384 admittit,
2977 3325 3378 3392 praeterquam
3417 3319 3496 3375 ab
3546 3319 3615 3374 iis

243 3408 543 3479 γράμματα
573 3402 748 3476 αἰδὼς,
794 3407 922 3459 ὅπου
972 3407 1103 3461 εἰσὶν
1155 3406 1382 3475 ἰδιῶται,
1434 3409 1713 3475 δοξάζεται
1771 3415 1853 3466 ὑπ’

2013 3415 2067 3469 ui
2086 3415 2402 3483 gustarunt
2425 3426 2498 3466 ex
2523 3426 2593 3466 eo
2624 3411 2776 3482 ipso,
2804 3423 2984 3481 quem
3003 3413 3413 3478 susceperunt,
3437 3415 3616 3480 atque

246 3495 424 3556 αὐτῶν
469 3495 496 3546 6
540 3495 892 3566 σχολαστικος
940 3512 954 3525 ⁸
1012 3494 1191 3557 ἓπειδη
1241 3507 1471 3574 χωρικοί
1514 3502 1645 3555 εἰσιν
1686 3502 1856 3556 ὁλοτε-

2009 3506 2306 3573 gnoscunt
2359 3499 2823 3556 imbecillitatem
2877 3514 3073 3554 suam.
3127 3498 3190 3553 In
3242 3513 3344 3553 rus
3387 3498 3434 3552 si
3483 3498 3619 3568 quis

247 3585 368 3648 λῶς,
425 3588 498 3657 μὴ
551 3582 742 3648 εἰδότες
811 3583 1124 3659 δοκιμάσαι.
1182 3590 1352 3652 Αὐτὸς
1400 3588 1458 3644 δὲ
1515 3592 1660 3654 οὗτος
1717 3595 1743 3645 6
1797 3596 1857 3646 τὰ

2015 3608 2168 3664 aque
2212 3590 2453 3655 habeat,
2489 3605 2684 3661 pauca
2731 3588 2926 3643 sciens
2966 3587 3041 3644 de
3089 3587 3311 3652 litteris,
3360 3587 3461 3642 ubi
3483 3591 3621 3643 sunt

250 3673 404 3745 ὀλίγα
462 3669 615 3736 εἰδως
657 3685 965 3749 γράμματα,
1015 3675 1098 3729 ἰάν
1134 3676 1329 3751 ἀπέλθῃ
1387 3680 1458 3742 εἰς
1507 3681 1674 3745 πόλιν,
1729 3684 1859 3741 ὅπου

2011 3680 2192 3746 lebei;
2234 3679 2567 3735 celebratur
2607 3682 2804 3733 tamen
2835 3677 2914 3733 ab
2942 3676 3053 3732 illis
3078 3676 3468 3732 scholasticus
3502 3675 3617 3742 ille,

255 3763 358 3816 ιίσὶ
411 3763 633 3837 ῥὴτορες
677 3769 766 3817 καὶ
815 3765 1187 3837 σχολαστικοὶ,
1238 3767 1296 3820 ού
1346 3768 1512 3841 τολμᾷ
1557 3773 1860 3844 παραφανῆ-

2007 3769 2265 3842 iquidem
2294 3767 2495 3822 rustici
2517 3766 2871 3837 suntplane,
2900 3781 3010 3821 nec
3035 3765 3370 3836 dijudicare
3403 3765 3617 3820 sciunt.

252 3871 340 3904 ναι
393 3851 595 3918 αὐτοῖς,
641 3856 758 3906 οὔτε
803 3853 1032 3913 λαλῆσαι
1065 3873 1078 3886 ⁸
1113 3859 1182 3917 ὡς
1210 3860 1445 3929 χωρικός
1495 3861 1597 3931 γὰρ
1628 3864 1858 3930 κρίνεται

2009 3875 2104 3929 pse
2153 3873 2308 3920 vero,
2354 3856 2456 3927 qui
2493 3871 2720 3926 paucas
2759 3853 2966 3909 didicit
3013 3853 3256 3918 litteras,
3291 3854 3340 3909 si
3392 3853 3619 3925 proﬁci-

251 3943 356 3994 ύπό
381 3949 484 3993 τῶν
516 3941 911 4014 σχολαστικῶν.

2010 3952 2169 4002 catur
2207 3947 2265 4000 in
2300 3944 2530 4008 urbem,
2573 3943 2674 3999 ubi
2700 3949 2841 3998 sunt
2866 3947 3133 3998 oratores
3175 3948 3232 3998 et
3261 3941 3620 4006 scholastici,

250 4046 376 4087 non
430 4030 616 4086 audet
668 4032 728 4088 in
789 4038 1182 4106 conspectum
1228 4050 1436 4091 eorum
1492 4036 1750 4108 prodire,
1813 4052 1922 4092 nec
1972 4035 2246 4108 proloqui
2283 4050 2298 4100 ;
2331 4033 2376 4087 si
2443 4031 2855 4105 quidemvelut
2918 4031 3172 4087 rusticus
3216 4030 3523 4102 judicatur
3585 4046 3626 4088 a

252 4119 653 4176 scholasticis.

329 4243 443 4299 ΗΓ.
493 4243 860 4316 Ἐρώτησις.
903 4245 970 4299 Εἰ
1008 4245 1084 4298 ὢν
1126 4248 1184 4299 ἓν
1217 4246 1466 4320 πολέμῳ
1507 4250 1858 4322 ἄνθρωπος,

2042 4251 2227 4308 XVIII.
2270 4247 2690 4319 Interrogatio.
2732 4246 2800 4303 Si
2825 4245 2996 4302 homo
3018 4245 3166 4303 bello
3197 4260 3533 4316 oppressus,
3569 4251 3624 4302 et

255 4338 372 4386 καὶ
411 4335 579 4404 ἔχων
613 4335 690 4386 τά
720 4330 837 4386 δύο
874 4339 1186 4408 πρόσωπα
1221 4335 1277 4388 ἕν
1316 4345 1387 4410 τῇ
1429 4337 1610 4411 ψυχῇ
1645 4338 1860 4406 αὐτοῦ,

2018 4341 2208 4408 uplici
2233 4353 2489 4409 persona
2534 4338 2597 4394 in
2636 4337 2839 4394 anima
2864 4335 3172 4408 praeditus,
3203 4335 3434 4406 peccati
3469 4335 3625 4392 vide-

258 4424 375 4485 τῆς
435 4422 752 4496 ἁμαρτίας
806 4428 914 4476 καὶ
964 4443 1078 4488 της
1132 4427 1428 4500 χάριτος,
1484 4433 1760 4500 μετέστη
1802 4428 1864 4480 ἐκ

2013 4429 2109 4485 ῐσει
2158 4435 2209 4485 et
2249 4429 2483 4495 gratim,
2521 4427 2932 4496 transferatur
2969 4439 3045 4482 ετ
3093 4425 3202 4482 hoc
3232 4425 3476 4491 mundo,
3509 4440 3623 4497 quo

256 4520 372 4565 τοῦ
411 4516 658 4583 κόσμου
699 4516 950 4578 τούτου,
992 4521 1109 4567 ποῦ
1150 4525 1482 4590 προχωρεῖ
1515 4523 1866 4591 κατεχόμε-

1562 4536 1666 4570 ατε
1676 4523 1758 4590 χά
1770 4537 1866 4591 με·
1902 4515 1934 4520 ⁷
1972 4519 2188 4590 pergit,
2217 4533 2252 4574 a
2281 4518 2515 4574 duabus
2538 4515 2815 4586 partibus
2842 4515 3112 4572 detentus
3145 4515 3172 4572 ?

255 4620 364 4664 νος
397 4599 488 4664 εἰς
524 4604 599 4653 τὰ
636 4597 750 4654 δύο
798 4607 1008 4675 μέρη;

336 4724 737 4797 Ἀπόκρισις.
791 4725 962 4779 Ὀπου
1003 4729 1116 4799 ἔχιι
1159 4732 1244 4782 τὸν
1292 4733 1486 4783 σκοπόν
1527 4733 1551 4784 6
1591 4739 1724 4797 νοῦς,
1774 4736 1865 4785 καὶ

2046 4730 2383 4800 Responsio.
2435 4728 2596 4795 Illuc,
2638 4727 2740 4784 ubi
2782 4727 3171 4783 intentionem
3221 4742 3396 4782 suam
3447 4725 3629 4781 habet

259 4816 394 4867 ὅπου
444 4813 646 4886 ἀγαπᾷ,
690 4814 796 4868 ἐκεῖ
835 4824 1123 4892 προχωριί.
1166 4823 1333 4871 Μόνον
1369 4820 1412 4872 εἰ
1458 4819 1737 4892 ἐπέρχεταί
1783 4841 1868 4874 σοι

2020 4820 2238 4889 nimus,
2257 4826 2313 4876 et
2337 4819 2656 4890 ubidiligit,
2681 4818 2838 4879 illuc,
2866 4819 3132 4889 inquam,
3160 4815 3365 4871 tendit.
3397 4814 3630 4870 Solum-

263 4902 441 4974 θλίψις
495 4908 585 4955 καὶ
639 4903 878 4976 πόλεμος,
926 4903 1201 4977 ἀντιλέγειν
1251 4907 1460 4979 ὀφείλεις
1519 4915 1608 4960 καὶ
1658 4917 1856 4981 μισιίν.

2019 4910 2179 4974 ιοάο,
2214 4910 2259 4963 si
2285 4910 2522 4978 ingruat
2549 4906 2790 4962 afﬂictio
2819 4912 2921 4961 aut
2946 4905 3190 4970 bellum,
3220 4903 3629 4959 contradicere

259 4994 335 5048 Τὸ
385 4993 485 5066 γὰρ
545 4991 703 5046 ἱλθείν
758 4997 843 5046 τόν
899 4993 1140 5066 πόλεμον,
1199 4996 1291 5048 οὐκ
1338 5000 1452 5049 ἔστι
1502 5005 1590 5049 σον
1629 5015 1642 5029 ⁸
1704 5002 1760 5051 τό
1809 4996 1867 5052 δε

2019 4999 2180 5066 ebes,
2212 5015 2281 5053 ac
2312 4998 2450 5052 odio
2481 4995 2781 5068 prosequi.
2817 4997 2884 5051 Ut
2912 4995 3071 5049 enim
3112 4994 3350 5062 ingruat
3381 4990 3625 5056 bellum,

262 5082 519 5153 μισῆσαι,
580 5087 670 5134 σόν
727 5081 840 5136 ὶστι
872 5105 885 5117 ·
932 5088 1018 5136 καὶ
1066 5090 1180 5137 τοτε
1226 5082 1424 5159 βλέπων
1475 5088 1500 5139 6
1545 5090 1730 5162 Κύριος
1780 5091 1865 5140 τόν

2022 5103 2145 5141 ium
2168 5102 2287 5142 non
2315 5093 2431 5152 est;
2465 5085 2665 5141 odisse
2692 5090 2913 5146 tamen,
2940 5089 3106 5138 tuum
3129 5085 3239 5138 est.
3266 5085 3488 5136 Actum
3517 5079 3632 5136 Do-

261 5179 382 5224 νοῡν
446 5190 564 5236 σου,
607 5173 683 5225 ὃτι
741 5171 998 5246 ἀγωνίζῃ,
1047 5178 1135 5227 καὶ
1192 5174 1398 5247 ἀγαπᾷς
1444 5177 1598 5229 αὐτὸν
1644 5177 1696 5240 ἐξ
1751 5177 1868 5238 ὅλης

2019 5176 2524 5247 tinus,conspecto
2538 5174 2745 5228 animo
2759 5170 3048 5243 tuo,quod
3065 5170 3314 5225 dimices
3329 5185 3398 5225 ac
3411 5168 3629 5238 diligas

260 5261 468 5334 ψυχῆς,
533 5257 852 5336 διαχωρίζει
897 5266 985 5315 τόν
1041 5265 1257 5316 θάνατον
1315 5264 1369 5316 ἐκ
1411 5262 1503 5328 τῆς
1541 5265 1724 5337 ψυχῆς
1772 5285 1866 5318 σου

2017 5281 2114 5319 um
2154 5279 2222 5319 ex
2260 5269 2380 5318 tota
2423 5264 2644 5330 anima,
2688 5268 2960 5330 segregat
3001 5265 3251 5315 mortem
3295 5258 3372 5314 ab
3423 5258 3627 5313 anima

264 5356 362 5423 μιᾷ
393 5351 505 5425 ὥρᾳ
533 5367 545 5380 ⁸
598 5350 692 5403 ούκ
745 5353 854 5404 ἔστι
899 5355 1000 5425 γὰρ
1047 5352 1186 5423 αὐτῷ
1241 5350 1502 5426 δυσχερές
1533 5375 1546 5388 ⁸
1587 5360 1675 5406 καὶ
1707 5373 1868 5424 προσ-

2017 5371 2078 5409 ia
2104 5353 2252 5407 hora
2275 5354 2447 5424 ιοο
2479 5369 2625 5416 una;
2659 5352 2804 5423 (non
2825 5350 2983 5405 enim
3010 5355 3099 5404 est
3130 5348 3180 5402 ei
3214 5347 3326 5403 hoc
3344 5345 3627 5419 difﬁcile),

263 5438 585 5511 λαμϐάνεταί
650 5458 707 5492 σε
763 5441 830 5502 εἰς
879 5444 994 5502 τοὺς
1041 5441 1260 5504 κόλπους
1321 5444 1502 5508 αὐτοῦ,
1551 5448 1639 5495 καὶ
1696 5443 1766 5504 εἰς
1810 5447 1866 5494 τό

2019 5449 2034 5496 t
2070 5442 2317 5496 assumit
2357 5447 2411 5496 te
2452 5442 2511 5496 in
2548 5441 2750 5496 sinum
2789 5454 2963 5494 suum
2994 5454 3062 5494 ac
3095 5437 3310 5492 lucem.
3357 5436 3537 5508 Eripit
3579 5443 3629 5492 te

265 5537 370 5598 φῶς
403 5545 415 5558 ⁸
455 5528 683 5602 ἁρπάζει
723 5532 824 5605 γάρ
877 5549 934 5583 σε
964 5529 1014 5583 ἓν
1057 5532 1191 5606 ῥοπῇ
1248 5532 1384 5604 ὧρας
1414 5534 1468 5584 ἐκ
1526 5539 1615 5584 τοῦ
1667 5535 1867 5605 στόμα-

2016 5538 2284 5587 momento
2317 5531 2478 5587 horas
2508 5546 2540 5586 e
2578 5529 2851 5586 faucibus
2885 5527 3286 5593 tenebrarum,
3329 5542 3398 5582 ac
3428 5527 3626 5583 confe-

339 5682 390 5716 ³⁸
420 5681 450 5739 ι
474 5681 605 5739 Cor.
633 5696 756 5754 xm,
787 5697 825 5738 ι.
902 5684 950 5719 ⁸ο
981 5683 1201 5742 Coloss.
1232 5698 1312 5749 ιιι,
1349 5687 1431 5739 14.
