4076 6210
445 260 555 316 687

1739 247 1800 304 S.
1845 247 2142 304 MACARII
2180 246 2484 304 JEGYPTII

3689 252 3793 309 688

444 386 581 443 stim
608 384 882 442 transfert
900 392 953 440 te
983 384 1044 443 in
1069 396 1322 452 regnum
1349 394 1548 435 suum.
1584 380 1699 433 Deo
1731 377 1890 432 enim
1922 376 2084 431 horae

2220 396 2284 437 ro;
2336 384 2428 429 τοῦ
2468 381 2705 444 σκότους,
2740 380 2842 431 καὶ
2891 377 3074 440 εὐθέως
3114 380 3428 450 μετατίθησί
3486 398 3543 431 σε
3594 378 3667 442 εἰς
3710 383 3799 437 τὴν

446 480 752 531 momento
777 473 981 529 omnia
1009 486 1311 545 peragere,
1342 468 1512 524 facile
1538 472 1648 531 est,
1684 467 1866 522 modo
1887 481 2093 521 amore

447 565 498 621 ei
527 564 636 620 soli
665 564 974 619 devinctus
1006 562 1105 616 sis.
1148 564 1293 615 Nam
1325 562 1475 614 Deus
1504 556 1730 626 indiget
1766 571 1951 628 opera
1988 555 2092 610 hu-

446 669 649 715 mana,
678 653 818 726 quia
850 651 1011 707 socia
1039 649 1367 705 divinitatis
1397 653 1483 702 est
1508 646 1733 703 anima.

527 942 655 996 XIX.
704 943 764 994 Et
790 944 853 995 ut
882 953 1040 1010 saepe
1071 936 1333 993 diximus
1364 933 1715 1009 parabolam
1750 932 1969 997 coloni,
1998 929 2098 1002 qui

449 1032 701 1099 laborat,
734 1046 804 1084 ac
828 1044 1030 1083 semen
1060 1032 1226 1083 terrm
1252 1025 1595 1091 committit;
1636 1022 1814 1078 debet
1840 1022 2099 1092 desuper

451 1121 717 1192 accipere
742 1117 1007 1189 pluviam
1034 1135 1046 1171 :
1076 1115 1189 1171 nisi
1215 1116 1375 1170 enim
1401 1113 1592 1169 nubes
1630 1112 1994 1174 emerserint,
2028 1124 2098 1163 ac

453 1211 606 1265 venti
639 1206 929 1271 ﬂaverint,
953 1206 1095 1261 nihil
1133 1204 1304 1275 juvat
1331 1203 1502 1260 labor
1527 1200 1830 1273 agricolae;
1865 1199 2099 1255 nudum

451 1314 655 1357 semen
694 1297 851 1352 enim
892 1295 1164 1365 subjacet
1198 1315 1211 1349 :
1248 1294 1362 1349 hoc
1397 1292 1651 1348 transfer
1691 1290 1767 1345 ad
1799 1306 1892 1345 res
1931 1288 2099 1362 spiri-

450 1388 664 1445 tuales.
733 1386 787 1441 Si
838 1401 949 1439 sua
996 1384 1191 1439 solum
1246 1383 1303 1438 in
1360 1382 1708 1453 operatione
1764 1385 2099 1452 perseveret

451 1478 655 1541 homo,
685 1491 793 1530 nec
821 1474 1452 1545 suscipiatquidquam
1476 1488 1512 1527 a
1532 1477 1747 1527 natura
1775 1486 1885 1525 sua
1909 1476 2097 1525 extra-

451 1582 655 1630 neum,
682 1580 803 1620 non
837 1569 1028 1634 potest
1054 1562 1275 1617 fructus
1305 1561 1521 1630 dignos
1546 1561 1798 1615 Domino
1830 1558 2099 1614 reddere.

456 1655 607 1722 Quid
653 1670 795 1723 ergo
851 1659 941 1707 est
976 1652 1234 1707 hominis
1282 1650 1595 1722 operatio?
1647 1649 2097 1714 Abrenuntiare,

2206 463 2473 538 βασιλείαν
2504 467 2687 524 αὑτοῦ,
2735 474 2817 537 Τῷ
2861 469 2963 542 γὰρ
3012 474 3125 539 Θεῷ
3186 466 3233 519 ἐν
3278 468 3412 542 ῥοπῇ
3466 470 3603 543 ὧρας
3633 472 3805 521 πάντα

2205 554 2395 629 εὐχερῆ
2443 555 2556 609 ἐστι
2612 564 2853 623 ποιῆσαι,
2908 561 3061 629 μόνον
3119 558 3201 610 ἵνα
3251 562 3341 616 τὴν
3400 557 3608 629 ἀγάπην
3670 562 3805 631 ἔχῃς

2209 648 2333 719 πρὸς
2381 645 2557 700 αὐτόν.
2608 647 2809 722 Χρῄζει
2857 649 2958 722 γὰρ
2999 648 3025 699 6
3080 650 3205 707 Θεὸς
3259 655 3354 708 τῆς
3406 646 3657 722 ἐργασίας
3712 655 3807 700 τοῦ

2208 734 2505 807 ἀνθρώπου,
2581 731 2761 795 ἐπειδὴ
2839 741 3108 795 κοινωνικὴ
3189 734 3329 789 ἐστιν
3386 737 3416 795 ἡ
3476 735 3631 808 ψυχὴ
3709 743 3810 797 τῆς

2211 826 2473 885 θεότητος.

2280 932 2389 986 ΙΘ’.
2444 937 2543 986 Καὶ
2590 935 2758 993 καθὼς
2811 932 3055 993 πολλάκις
3107 935 3313 1004 εἴπομεν
3364 936 3457 991 τὴν
3500 931 3811 1007 παραϐολήν

2208 1029 2297 1073 τοῦ
2351 1029 2600 1095 γεωργοῦ,
2657 1024 2738 1074 ὅτι
2792 1026 2968 1095 καμὼν
3004 1025 3093 1074 καὶ
3151 1019 3325 1093 βαλὼν
3376 1040 3462 1073 τον
3513 1027 3712 1094 σπόρον
3760 1024 3814 1073 ἐν

2209 1120 2271 1183 τῇ
2326 1119 2416 1184 γῇ,
2473 1111 2659 1183 ὀφείλει
2715 1108 3028 1174 ἐκδέξασθαι
3085 1116 3175 1163 καὶ
3236 1114 3323 1163 τὸν
3388 1112 3581 1164 ἀνωθεν
3636 1112 3809 1165 ὑετόν.

2207 1199 2322 1253 Ἐὰν
2382 1202 2483 1274 γὰρ
2539 1206 2609 1273 μὴ
2666 1199 2882 1273 ἐπιφανῇ
2933 1204 3053 1273 νέφη
3111 1204 3203 1252 καὶ
3256 1200 3435 1272 ἄνεμοι
3485 1203 3810 1268 πνεύσωσιν,

2211 1285 2361 1342 οὐδὲν
2435 1289 2691 1362 ὠφέλησεν
2743 1292 2769 1341 6
2827 1291 3054 1361 κάματος
3127 1297 3218 1342 τοῦ
3291 1296 3524 1363 γεωργοῦ
3553 1306 3566 1318 ·
3623 1290 3649 1340 ό
3706 1291 3815 1359 γὰρ

2212 1384 2401 1454 σπόρος
2438 1382 2632 1451 γυμνὸς
2688 1381 2959 1432 ὑπόκειται
2986 1396 2999 1408 ·
3048 1384 3202 1431 τοῦτο
3247 1376 3455 1431 ἀνέλαϐε
3502 1383 3591 1431 καὶ
3638 1378 3715 1439 εἰς
3752 1382 3816 1430 τὸ

2210 1474 2554 1541 πνευματικόν
2595 1485 2607 1497 ·
2677 1470 2760 1521 ἐὰν
2815 1473 2966 1540 μόνον
3024 1467 3072 1520 ἐν
3128 1475 3190 1541 τῇ
3250 1465 3365 1540 ἰδίᾳ
3417 1466 3639 1541 ἐργασίᾳ
3688 1466 3819 1519 ἀπο-

2210 1564 2355 1631 μείνη
2418 1560 2443 1610 ό
2474 1560 2764 1633 ἄνθρωπος,
2814 1563 2906 1611 καὶ
2960 1561 3031 1629 μὴ
3093 1553 3401 1620 ἐπιδέξηταί
3450 1576 3501 1608 τι
3548 1556 3688 1620 ξένον
3719 1553 3822 1618 τῆς

2212 1650 2412 1720 φύσεως
2460 1648 2642 1713 αὐτοῦ,
2683 1648 2741 1700 ού
2792 1644 3015 1701 δύναται
3052 1650 3284 1719 καρπούς
3328 1646 3503 1709 ἀξίους
3532 1654 3603 1716 τῷ
3634 1650 3823 1719 Κυρίῳ

455 1744 654 1813 egredi
691 1759 763 1798 ex
802 1743 915 1797 hoc
974 1740 1221 1804 mundo,
1271 1754 1646 1811 perseverare
1698 1738 1758 1793 in
1812 1739 2099 1805 oratione,

2220 1733 2520 1790 ἀποδοῦναι.
2574 1742 2637 1790 Τί
2696 1734 2755 1790 δέ
2803 1736 2942 1789 ἐστιν
2990 1739 3019 1795 ἡ
3068 1738 3292 1809 ἐργασία
3342 1742 3431 1788 τοῦ
3492 1734 3823 1809 ἀνθρώπου;

456 1832 720 1905 vigilare,
754 1830 997 1900 diligere
1031 1832 1214 1884 Deum
1242 1845 1310 1885 ac
1352 1829 1559 1884 fratres
1591 1848 1602 1887 :
1647 1828 1760 1882 hoc
1791 1829 2096 1900 proprium

452 1928 540 1977 est
578 1922 707 1992 eius
749 1922 1058 1975 sustinere.
1097 1919 1155 1975 Si
1194 1934 1335 1974 vero
1373 1934 1485 1973 sua
1526 1918 1723 1973 solum
1755 1917 2101 1988 operatione

455 2016 767 2067 contentus
818 2009 910 2075 sit,
959 2026 1067 2065 nec
1130 2024 1299 2080 spem
1342 2008 1535 2064 foveat
1582 2007 1744 2064 aliud
1785 2007 2099 2080 quidpiam

460 2100 849 2171 suscipiendi,
895 2114 1089 2169 neque
1129 2100 1287 2153 venti
1321 2098 1569 2168 Spiritus
1604 2101 1792 2153 sancti
1832 2097 2101 2153 animam

454 2189 817 2254 aﬂlaverint;
858 2188 949 2242 vel
977 2188 1325 2243 emerserint
1363 2188 1555 2243 nubes
1588 2187 1874 2253 ccelestes,
1908 2203 1977 2241 ac
2002 2186 2099 2242 de-

458 2279 753 2335 scenderit
776 2294 806 2333 e
838 2279 987 2333 caelo
1012 2278 1231 2349 pluvia,
1265 2284 1320 2333 et
1345 2277 1548 2347 irriget
1574 2278 1864 2344 animam,
1892 2276 2103 2348 nequit

454 2370 637 2425 homo
663 2367 886 2423 fructus
908 2367 1123 2439 dignos
1152 2366 1401 2422 reddere
1435 2365 1708 2421 Domino.

530 2653 632 2707 XX.
665 2652 963 2723 Scriptum
998 2652 1200 2722 itaque
1237 2654 1323 2705 est
1353 2667 1366 2705 :
1400 2649 1687 2720 Agricola
1717 2665 1846 2705 cum
1892 2647 2106 2704 viderit

462 2741 763 2810 palmitem
839 2741 1128 2811 ferentem
1178 2741 1465 2810 fructum,
1535 2744 1759 2810 purgat
1832 2753 1983 2803 eum,
2044 2743 2108 2792 ut

459 2830 839 2901 capiosiorem
862 2833 1123 2901 [ructum
1155 2830 1371 2900 afferat
1395 2849 1413 2881 .-
1442 2834 1504 2884 at
1526 2844 1644 2883 non
1673 2829 1957 2898 ferentem
1978 2828 2109 2898 fru-

458 2926 616 2975 ctum
632 2921 909 2985 evellit,et
926 2919 1387 2975 comburendum
1404 2918 1588 2973 tradit
1602 2920 1643 2953 ⁸1
1655 2956 1672 2973 .
1687 2920 2109 2973 Verumtamen

463 3008 579 3064 hoc
617 3008 919 3064 hominem
957 3008 1145 3069 decet.
1179 3014 1262 3074 ut,
1295 3009 1416 3063 sive
1452 3007 1698 3078 jejunet,
1731 3007 1853 3061 sive
1891 3005 2087 3075 vigilet

474 3096 599 3152 sive
621 3102 912 3167 precetur,
939 3096 1059 3152 sive
1076 3096 1219 3152 boni
1242 3096 1386 3168 quid
1404 3096 1600 3164 faciat,
1621 3099 1836 3151 cuncta
1856 3095 2110 3150 Domino

466 3186 745 3251 ascribat,
778 3187 873 3241 his
904 3186 1098 3241 verbis
1124 3202 1271 3241 usus
1308 3202 1319 3240 :
1352 3185 1484 3240 Nisi
1506 3185 1657 3241 Deus
1681 3185 2111 3239 corroborasset

467 3292 578 3342 me,
610 3293 729 3332 non
772 3278 1091 3347 potuissem
1134 3276 1430 3345 jejunare,
1475 3278 1579 3329 aut
1607 3273 1866 3341 precari,
1900 3280 2003 3328 aut
2035 3287 2110 3328 ex

461 3366 570 3422 hoc
618 3365 838 3421 mundo
868 3365 1088 3433 egredi.
1137 3365 1351 3434 Sicque
1393 3365 1567 3427 Deus,
1604 3364 1762 3416 bona
1807 3362 1991 3416 animi
2024 3362 2111 3415 tui

459 3453 786 3509 intentione
808 3458 1149 3523 conspecta,
1181 3452 1468 3507 nimirum
1493 3457 1543 3506 te
1574 3466 1664 3508 ea.
1692 3465 1829 3522 quae
1856 3449 2110 3505 naturali

462 3543 749 3598 instinctu
768 3541 1024 3613 peragis,
1053 3543 1168 3595 Deo
1191 3541 1505 3603 ascribere,
1534 3540 1662 3610 ipse
1687 3539 1956 3595 vicissim
1980 3554 2108 3603 sua,

466 3631 796 3703 spiritualia
826 3646 1063 3701 nempe,
1092 3629 1293 3684 divina
1319 3636 1372 3683 et
1403 3628 1684 3697 coelestia,
1717 3628 1821 3684 tibi
1847 3628 1974 3683 haec
2000 3628 2111 3682 lar-

465 3721 623 3791 gitur
649 3737 662 3775 :
697 3735 830 3791 quae
863 3735 1001 3774 vero
1027 3723 1164 3774 sunt
1186 3718 1328 3774 illa?
1361 3718 1585 3773 fructus
1616 3719 1887 3791 Spiritus,
1918 3717 2110 3773 exsul-

462 3810 604 3866 tatio
632 3815 689 3865 et
716 3809 937 3865 laetitia.

536 3936 662 3990 XXI.
682 3934 1103 4005 Interrogatio.
1145 3934 1352 3990 Verum
1378 3949 1507 3988 cum
1532 3933 1774 4003 fructus
1800 3936 2110 3991 naturales

458 4025 576 4080 sint
602 4025 811 4081 horum
841 4024 1079 4087 similes,
1102 4023 1247 4091 ﬁdes
1275 4023 1555 4078 nimirum
1578 4029 1631 4078 et
1656 4024 1940 4091 precatio,
1965 4025 2115 4080 edis-

459 4129 586 4171 sere
632 4114 796 4169 nobis
821 4113 1110 4185 quomodo
1141 4128 1200 4169 se
1232 4113 1489 4169 habeant
1521 4114 1856 4177 naturalia,
1886 4120 1938 4168 et
1971 4130 2116 4186 quo-

458 4204 629 4260 modo
654 4204 999 4273 spiritualia
1028 4200 1056 4255 ‘i’

531 4312 871 4379 Responsio.
902 4312 1001 4374 Ea,
1027 4325 1160 4380 qua:
1184 4314 1236 4364 te
1267 4308 1398 4380 ipso
1420 4319 1661 4365 auctore
1687 4311 1835 4379 agis,
1856 4310 2113 4367 honesta

457 4399 702 4470 quidem
736 4402 890 4467 sunt,
925 4402 980 4452 et
1023 4398 1140 4451 Deo
1171 4402 1361 4465 grata,
1404 4397 1509 4451 sed
1543 4414 1662 4452 non
1690 4414 1841 4470 pura
1875 4414 1887 4453 ε
1932 4399 2104 4467 velut,

2220 4403 2292 4467 τῷ
2346 4404 2458 4466 Θεῷ
2513 4390 2895 4469 εὖπρόσδεκτα,
2945 4391 3051 4444 ἀλλ’
3083 4394 3176 4446 ούκ
3233 4396 3347 4445 ἔστι
3394 4395 3598 4467 καθαρά

456 4486 653 4555 diligis
670 4489 873 4549 Deum,
891 4501 1097 4540 verum
1116 4487 1312 4540 minus
1327 4486 1579 4556 perfecte
1598 4502 1610 4551 ;
1627 4488 1787 4541 venit
1803 4487 2108 4555 Dominus,

456 4575 1067 4631 confertdilectionem
1085 4575 1161 4628 im
1174 4574 1850 4641 mutabilem,ccelcstem
1870 4576 2108 4632 scilicet.

456 4664 717 4722 Pi‘ecaris
738 4664 1103 4727 naturaliter,
1131 4664 1629 4735 occupationibus
1652 4681 1722 4719 ac
1752 4665 1929 4720 variis
1951 4667 2113 4736 cogi-

455 4754 777 4811 tationibus
807 4754 1160 4818 distractus;
1196 4756 1421 4809 confert
1456 4754 1555 4809 tibi
1592 4755 1877 4809 Dominus
1909 4772 2111 4827 preca-

453 4844 677 4900 tionem
710 4860 924 4915 puram
956 4844 1013 4898 in
1045 4844 1260 4916 Spiritu
1295 4850 1349 4898 et
1376 4844 1637 4899 veritate.
1674 4845 1737 4898 In
1766 4844 1945 4899 rebus
1974 4862 2108 4917 quas

454 4933 641 4989 oculis
657 4933 1148 5004 subjaceut,terra
1163 4940 1220 4988 ut
1235 4933 1559 5003 plurimum
1579 4949 1644 4988 ex
1666 4949 1727 4987 se
1744 4934 1875 5003 ipsa
1889 4934 2110 5005 profert

451 5025 656 5096 spinas
673 5040 686 5091 ;
703 5024 949 5079 colonus
964 5028 1161 5079 autem
1179 5024 1343 5088 fodit,
1366 5023 1923 5093 exercetdiligenter
1936 5042 2003 5079 ac
2018 5042 2108 5080 se-

450 5114 853 5186 minat;spinm
869 5118 1066 5169 tamen
1088 5112 1173 5167 vel
1188 5129 1303 5168 non
1323 5118 1463 5167 satae
1478 5112 2104 5185 propullulantetmul-

451 5203 792 5275 tiplicantur
807 5203 1149 5275 (postquam
1168 5202 1323 5257 enim
1342 5208 1743 5275 transgressus
1758 5208 1864 5267 est,
1879 5202 2103 5258 dictum

451 5293 812 5348 estAdamo:
842 5292 1111 5347 Tribulos
1130 5298 1183 5347 et
1196 5292 1397 5360 spinas
1408 5292 1692 5361 producet
1711 5292 1816 5347 tibi
1833 5298 1991 5347 terra
2007 5294 2101 5364 ⁶³).

450 5385 655 5439 Denuo
687 5382 934 5437 colonus
962 5387 1195 5437 exercet
1218 5387 1452 5443 terram,
1479 5381 1683 5436 effodit
1713 5382 1936 5453 spinas,
1968 5398 2101 5453 quae

449 5471 839 5529 nihilominus
863 5470 1060 5528 adhuc
1089 5469 1576 5541 multiplicantur.
1610 5470 1820 5543 Accipe
1853 5471 1961 5527 hoc
1985 5472 2100 5543 spi-

522 5652 563 5687 ⁶¹
594 5654 761 5709 Joan.
794 5668 892 5718 xv,
924 5655 977 5705 2.
1056 5652 1102 5686 θ’
1127 5653 1267 5707 Gen.
1300 5667 1382 5717 ui,
1420 5654 1503 5707 18.

2094 3047 2108 3072 ’
2146 3052 2185 3107 C

2208 1829 2277 1879 T6
2346 1825 2731 1895 ἀποτάξασθαι,
2796 1829 2854 1878 τὸ
2922 1824 3138 1889 ἐξελθεῖν
3204 1826 3261 1877 ἐκ
3328 1832 3418 1877 τοῦ
3470 1828 3697 1895 κόσμου,
3756 1827 3823 1876 τὸ

2209 1917 2475 1987 ὑπομένειν
2520 1915 2570 1967 ἐν
2620 1923 2680 1987 τῇ
2728 1914 2886 1986 εὐχῇ,
2916 1916 2974 1966 τὸ
3021 1912 3320 1987 ἀγρυπνεῖν,
3363 1917 3421 1966 τὸ
3475 1912 3679 1985 ἀγαπᾷν
3729 1917 3825 1965 τὸν

2211 2008 2339 2058 Θεὸν
2405 2009 2494 2057 καὶ
2570 2009 2691 2066 τοὺς
2749 2000 3023 2075 ἀδελφούς.
3101 2005 3266 2058 Τοῦτο
3323 2000 3460 2056 ἴδιον
3534 2003 3815 2075 ὑπομένειν

2211 2095 2370 2147 αὐτοῦ
2403 2093 2571 2151 ἐστιν,
2625 2093 2764 2149 Ἀλλ’
2794 2093 2880 2145 ἐὰν
2929 2094 3178 2167 ὑπομείνῃ
3233 2092 3285 2145 ἐν
3334 2101 3398 2166 τῇ
3427 2092 3609 2145 ἑαυτοῦ
3663 2092 3825 2166 ἔργα·

2214 2189 2324 2255 σίᾳ,
2385 2188 2474 2235 καὶ
2527 2187 2598 2255 μὴ
2655 2181 2839 2255 ἐλπίσῃ
2901 2181 3023 2234 οἰλλο
3085 2201 3137 2233 τι
3184 2178 3548 2247 ἐπιδέξασθαι,
3594 2187 3682 2234 καὶ
3740 2186 3819 2253 μή

2210 2275 2503 2325 πνεύσωσιν
2540 2274 2589 2324 οἱ
2635 2274 2813 2343 οἰνεμοι
2846 2279 2936 2323 τοῦ
2986 2271 3138 2343 ἁγίου
3184 2274 3477 2343 Ιινεύματος
3524 2279 3585 2344 τῇ
3630 2271 3819 2344 ψυχῇ,

2211 2367 2300 2414 καὶ
2350 2362 2432 2413 ἐὰν
2498 2366 2570 2433 μὴ
2649 2360 2865 2434 ἐπιφανῇ
2925 2364 3144 2435 ούράνια
3197 2364 3347 2432 νέφη,
3422 2365 3511 2414 καὶ
3585 2362 3816 2435 κατέλθῃ

2212 2451 2265 2514 ἐξ
2291 2452 2510 2525 ούρανοῦ
2542 2452 2705 2517 ὑετὸς,
2760 2456 2850 2503 καὶ
2880 2449 3120 2524 ἑπιϐρέξῃ
3180 2451 3243 2524 τῇ
3275 2450 3454 2524 ψυχῇ,
3484 2450 3541 2503 ού
3591 2448 3821 2505 δύναται

2214 2543 2239 2593 ό
2261 2543 2533 2613 ἄνθρωπος
2560 2543 2797 2614 καρπούς
2840 2538 3012 2603 ἀξίους
3052 2537 3345 2592 ἀποδοῦναι
3372 2548 3442 2611 τῷ
3478 2545 3672 2612 Κυρίῳ.

2289 2647 2366 2701 κ’.
2396 2651 2691 2721 Γέγραπται
2722 2643 2802 2716 δε,
2834 2648 2914 2698 ὃτι
2942 2646 3000 2698 '0
3061 2650 3342 2719 γεωργὸς
3387 2648 3533 2699 ὅταν
3581 2643 3692 2719 ἴδη
3749 2650 3822 2699 τὸ

2215 2736 2427 2808 κλῆμα
2488 2739 2671 2809 φέρον
2740 2737 3007 2810 καρπὸν,
3079 2738 3427 2809 καθαρίζει
3490 2738 3652 2800 αὐτὸ,
3712 2738 3820 2787 ἕνα

2217 2825 2475 2878 πλείονα
2526 2823 2817 2896 ἐξενέγκῂ
2870 2840 2881 2853 ·
2940 2827 3006 2875 τὸ
3068 2820 3139 2875 δὲ
3192 2828 3273 2894 μὴ
3333 2828 3522 2896 φέρον
3568 2825 3810 2895 καρπὸν

2218 2915 2489 2989 ἐκριζοῖ,
2540 2918 2638 2965 καὶ
2685 2913 2768 2973 εἰς
2806 2920 3039 2965 καῦσιν
3090 2909 3356 2966 δίδωσι.
3407 2914 3535 2970 Πλὴν
3561 2919 3646 2963 τοῦ
3679 2910 3804 2963 ἀνθ-

2218 3010 2393 3079 ρώπου
2421 3006 2573 3055 τοῦτό
2624 3001 2781 3067 ἐστιν,
2817 3002 2899 3054 ἴνα
2929 3004 3028 3054 εἴτε
3075 3005 3374 3068 νηστεύσει,
3407 3006 3505 3054 εἴτε
3540 2999 3817 3075 ἀγρυπνεῖ,

2220 3097 2319 3146 εἴτε
2350 3096 2579 3165 εὔχεται,
2613 3094 2711 3144 εἴτε
2738 3091 2891 3143 καλὸν
2923 3109 2973 3142 τι
3016 3097 3176 3154 ποιεῖ,
3221 3090 3482 3165 ἐπιγράφῃ
3514 3090 3719 3143 ἅπαντα
3745 3098 3827 3162 τῷ

2219 3184 2399 3255 Κυρίῳ
2440 3189 2591 3234 τοῦτο
2612 3181 2791 3251 λέγων,
2816 3180 2983 3233 ὄτιΕὶ
3017 3183 3092 3252 μὴ
3127 3181 3152 3231 6
3182 3183 3340 3241 Θεὸς
3371 3176 3831 3249 ἐνεδυνάμωσέ

2219 3291 2308 3343 με,
2352 3271 2462 3323 ούκ
2523 3267 2862 3341 ἠδυνάμην
2920 3270 3279 3333 νηστεύειν,
3321 3270 3350 3328 ἣ
3406 3271 3753 3340 εὔχεσθαι,
3792 3272 3820 3328 ᾖ

2220 3359 2282 3411 ἐκ
2320 3367 2430 3413 τοῦ
2468 3364 2714 3429 κόσμου
2758 3358 3079 3413 ἀπελθεῖν.
3126 3363 3225 3411 Καὶ
3257 3358 3390 3410 οὕτω
3416 3356 3663 3431 βλέπωνό
3697 3364 3831 3422 Θεὸς

2218 3454 2311 3506 τὴν
2360 3448 2562 3520 ἀγαθήν
2626 3467 2720 3500 σου
2776 3452 3099 3522 προαίρεσιν,
3162 3448 3243 3499 ὅτι
3285 3450 3351 3499 τὰ
3401 3451 3490 3513 σὰ,
3541 3448 3673 3520 οἷπερ
3725 3448 3831 3501 ἀπὸ

2220 3541 2419 3610 φύσεως
2468 3545 2655 3601 ποιεῖς,
2706 3545 2777 3607 τῷ
2821 3544 2933 3606 Θεῷ
2977 3538 3301 3608 ἐπιγράφεις,
3349 3537 3503 3588 πάλιν
3552 3537 3713 3600 αύτός
3763 3542 3834 3590 τόι

2218 3623 2334 3679 ἴδια
2368 3627 2551 3691 αὐτοῦ,
2600 3628 2666 3677 τὰ
2710 3627 3055 3698 πνευματικὰ,
3097 3628 3162 3677 τὰ
3210 3628 3322 3678 θεῖα
3367 3630 3453 3678 καὶ
3519 3625 3833 3700 ἐπουράνια,

2221 3722 2304 3769 σοὶ
2351 3723 2517 3769 ταῦτα
2544 3715 2849 3789 χαρίζεται,
2903 3720 3018 3767 τίνα
3049 3711 3107 3768 δέ
3154 3714 3293 3767 ἐστιν
3324 3734 3338 3783 ;
3372 3715 3425 3768 οἵ
3446 3723 3536 3768 τοῦ
3585 3720 3837 3789 Ιινεύμα-

2217 3825 2302 3868 τος
2332 3809 2545 3881 καρποὶ,
2580 3803 2903 3875 ἀγαλλίασις,
2936 3808 3025 3857 καὶ
3055 3804 3363 3876 εὐφροσύνη.

2292 3930 2422 3987 KA'.
2464 3930 2830 4005 Ἐρώτησις.
2875 3928 3030 3983 Ἀλλ’
3088 3925 3316 3988 ἐπειδή
3360 3928 3493 3981 εἰσι
3550 3935 3831 4001 φυσικοὶ

2218 4024 2453 4093 καρποὶ
2492 4023 2749 4079 τούτοις
2788 4021 3027 4091 ὅμοιοι,
3072 4018 3311 4090 ἀγάξπη,
3344 4023 3590 4084 πίστις,
3632 4019 3821 4091 εὐχή,

2222 4108 2557 4185 διάκρινον
2597 4111 2766 4181 ἡμῖν,
2808 4117 2930 4169 πῶς
2970 4107 3104 4161 ἐστι
3147 4110 3223 4161 τά
3260 4110 3710 4181 πνευματικά;

2291 4307 2690 4379 Ἀπόκρισις.
2744 4306 2822 4357 Τὰ
2867 4306 2935 4356 σὰ
2982 4303 3016 4355 ἃ
3056 4311 3239 4369 ποιεῖς,
3280 4302 3414 4356 καλὰ
3452 4308 3543 4375 μέν
3586 4302 3704 4356 ἐστι
3732 4310 3827 4357 καὶ

3640 4408 3652 4421 ⁸
3692 4395 3823 4461 οἷον,

2223 4483 2426 4556 ἀγαπᾷς
2476 4488 2561 4537 τὸν
2609 4486 2752 4549 Θεὸν,
2788 4481 2894 4534 ἀλλ’
2927 4482 2986 4534 ού
3034 4481 3232 4545 τελείως
3261 4498 3275 4513 ⁸
3309 4486 3521 4555 ἔρχεται
3553 4483 3578 4534 6
3610 4486 3826 4558 Κύριος,

2223 4573 2447 4629 δίδωσιν
2501 4575 2707 4647 ἀγάπην
2755 4575 3004 4648 ἄτρεπτον
3058 4576 3150 4630 τὴν
3183 4574 3506 4647 ἐπουράνιον.
3562 4576 3716 4645 Εὗχῃ
3760 4578 3829 4627 σὺ

2221 4674 2451 4738 φυσικῶς
2522 4667 2651 4737 μετὰ
2720 4670 2810 4714 τοῦ
2880 4660 3165 4737 ῥέμϐεσθαι
3212 4666 3300 4714 καὶ
3358 4658 3764 4734 διαλογίζεσθαι
3806 4681 3820 4695 '

2221 4752 2420 4808 δίδωσί
2472 4774 2554 4806 σοι
2590 4755 2614 4805 6
2645 4755 2768 4813 Θεὸς
2820 4755 2910 4809 τὴν
2960 4753 3193 4825 καθαρὰν
3240 4755 3425 4823 εὐχὴν,
3474 4752 3522 4803 ἐν
3555 4755 3827 4823 Πνεύματι

2218 4850 2307 4897 καὶ
2365 4844 2598 4915 ἀληθείᾳ.
2654 4844 2736 4894 Ἐν
2786 4848 2894 4902 τοῖς
2947 4844 3289 4913 φαινομένοις,
3335 4842 3480 4912 ἡεγῆ
3516 4842 3585 4902 ὡς
3633 4843 3715 4893 ἐπὶ
3766 4846 3826 4895 τὸ

2217 4934 2456 4987 πλεῖστον
2520 4931 2600 5006 ἀφ’
2661 4931 2849 4992 ἑαυτῆς
2916 4930 3114 5002 ἐκφέρει
3166 4931 3256 4991 τὰς
3321 4928 3544 4991 ἀκάνθας
3600 4947 3613 4959 ’
3676 4932 3701 4982 6
3766 4928 3826 4985 δὲ

2215 5026 2442 5098 γεωργὸς
2545 5023 2786 5085 σκάπτει,
2893 5018 3165 5091 ἐργάζεται
3263 5018 3534 5091 ἐπιμελῶς,
3641 5017 3825 5092 βάλλει

2219 5117 2410 5187 σπόρον
2440 5130 2451 5142 ⁸
2501 5110 2607 5163 ἀλλ’
2656 5112 2711 5162 αἱ
2763 5110 2988 5161 ἄκανθαι
3036 5111 3107 5180 μή
3165 5114 3516 5183 σπειρόμεναι,
3561 5108 3831 5182 ἀναφύον-

2216 5221 2292 5267 σι,
2369 5206 2458 5253 καὶ
2512 5199 2861 5257 πληθύνονται
2905 5214 2916 5225 ·
2992 5198 3123 5267 μετά
3187 5198 3288 5270 γὰρ
3364 5202 3458 5256 την
3515 5197 3835 5271 παράϐασιν

2421 5298 2491 5360 τῷ
2515 5286 2710 5359 Ἀδὰμο
2743 5284 3101 5360 ’.ϐόλους
3142 5291 3247 5339 καὶ
3290 5285 3571 5349 ἀκάνθας
3602 5286 3833 5343 ἄναξ-ε,

2211 5380 2304 5433 λεῖ
2363 5400 2461 5431 σοι
2528 5381 2557 5437 ἡ
2623 5388 2722 5451 γῆ.
2783 5378 2941 5431 Πάλιν
2998 5380 3023 5431 6
3079 5379 3303 5450 γεωργὸς
3357 5375 3559 5428 ἐκπονεῖ
3606 5385 3669 5449 τῇ
3726 5386 3825 5451 γῇ,

2212 5468 2531 5522 ἀνασκάπτει
2556 5471 2647 5532 τὰς
2680 5468 2926 5533 ἀκάνθας,
2959 5472 3047 5521 καὶ
3078 5467 3233 5520 αὗται
3272 5468 3346 5518 ἔτι
3375 5464 3748 5523 πληθύνονται.

2545 5023 2786 5085 σκάπτει,
