4034 6202
230 255 331 311 689

1479 261 1817 318 ΗΟΜΙΙᾸΑΞ.
1855 294 1923 306 --
1963 265 2137 322 HOM.
2180 266 2385 323 XXVI.

3474 269 3582 323 690

227 378 476 434 Ἀνάλαϐε
531 390 683 436 τοῦτο
736 393 1096 457 πνευματικῶς
1127 404 1139 416 ο
1183 388 1314 459 μετὰ
1364 388 1465 460 γὰρ
1523 390 1617 445 τὴν
1645 390 1800 463 παρά-

1925 391 2225 448 ritualiter.
2258 395 2407 448 Nam
2433 396 2571 464 post
2606 393 3150 464 transgressionem
3190 397 3343 451 terra
3383 395 3584 451 cordis

227 467 376 522 ϐασιν
443 473 473 529 ἡ
536 481 601 543 γῆ
671 472 725 525 ἐκ
774 483 865 535 τῆς
925 473 1152 549 καρδίας
1201 475 1395 550 ἐκφέρει
1452 475 1681 538 ἀκάνθας
1727 482 1816 530 καὶ

220 558 489 634 τριϐόλους
532 560 854 636 ’ἐργάζεται
900 566 926 616 6
995 565 1283 638 ἅνθρωπος,
1347 565 1568 630 ἂπονεί,
1616 570 1706 619 καὶ
1745 569 1817 619 ἔτι

225 651 275 701 αἱ
330 650 556 703 άκανθαι
615 661 715 704 τῶν
788 662 1023 728 πονηρῶν
1103 656 1405 727 πνευμάτων
1481 654 1813 728 ἀναφύονται.

225 734 346 792 Εἶτα
387 739 518 792 αύτό
584 743 643 794 τὸ
701 743 847 814 άγιον
907 751 1116 817 Πνεῦμα
1173 743 1701 818 συναντιλαμϐάνεται
1729 753 1817 805 τῆς

226 825 484 890 ἀσθενείας
540 839 640 882 τῶν
714 831 1016 908 ἀνθρώπων,
1067 839 1157 887 καὶ
1205 835 1230 886 ὁ
1292 837 1477 906 Κύριος
1526 832 1702 908 βάλλει
1768 835 1817 884 ἐν

230 916 349 990 αὐτῇ
387 927 464 991 τῇ
524 927 594 992 γῇ
649 929 746 983 τῆς
798 920 1026 997 καρδίας
1102 929 1294 997 σπόρον
1346 923 1667 997 ἐπουράνιον,
1727 927 1817 975 καὶ

231 1005 496 1078 ἐργάζεται
560 1009 723 1070 αὐτήν
756 1028 768 1040 ·
811 1019 901 1064 καὶ
952 1018 1196 1074 πεσόντος
1243 1020 1333 1066 τοῦ
1376 1018 1593 1088 σπόρου,
1645 1012 1816 1085 ἀκμὴν

229 1095 531 1169 οίτρίϐολοι
581 1103 671 1152 καὶ
717 1101 942 1154 ἄκανθαι
991 1101 1326 1174 ἀναφύονται.
1385 1103 1547 1156 Πάλιν
1595 1101 1749 1164 αύτός
1790 1103 1816 1154 6

225 1189 436 1257 Κύριος,
488 1192 577 1240 καὶ
613 1190 640 1240 ό
697 1191 966 1264 ἄνθρωπος
1044 1195 1348 1264 ἐργάζονται
1404 1196 1497 1252 τὴν
1573 1199 1673 1264 γῆν
1726 1199 1817 1252 τῆς

215 1272 425 1346 ψυχῆς,
464 1281 552 1329 καὶ
593 1277 723 1331 ἑπτὰ
776 1284 979 1355 πονηρά
1030 1285 1294 1354 πνεύματα
1347 1285 1438 1334 καὶ
1495 1284 1551 1334 αἱ
1592 1282 1817 1334 ἄκανθαι

212 1359 474 1436 βρύουσιν
510 1364 631 1430 ἐκεῖ,
694 1373 784 1421 καὶ
829 1367 1166 1442 ἀναφύονται,
1217 1372 1310 1433 ἕως
1357 1371 1418 1424 οὗ
1467 1375 1682 1442 γένηται
1741 1372 1818 1423 θέ-

207 1471 324 1526 ρος,
375 1459 468 1506 καὶ
505 1458 759 1531 πλεονάσῃ
803 1459 832 1517 ἠ
867 1461 1048 1534 χάρις,
1099 1464 1189 1513 καὶ
1244 1460 1710 1534 καταξηρανθῶσιν
1763 1459 1818 1511 ἐκ

206 1549 309 1603 τῆς
337 1544 534 1616 θέρμης
563 1553 654 1598 τοῦ
683 1546 832 1606 ἡλίου
862 1550 917 1601 αἱ
946 1551 1189 1604 ἄκανθαι.

281 1665 402 1722 KB'.
454 1669 516 1722 Εἱ
566 1671 668 1743 γὰρ
726 1676 815 1725 καὶ
866 1677 1077 1727 σύνεστι
1124 1679 1284 1727 κακία
1348 1682 1409 1747 τῇ
1472 1677 1642 1749 φύσει,
1709 1673 1817 1727 ἀλλ’

1924 482 2198 552 producit
2227 481 2432 553 spinas
2454 487 2507 536 et
2534 481 2781 538 tribulos
2798 501 2812 538 :
2828 483 3042 539 excolit
3065 485 3272 550 homo,
3292 483 3582 550 elaborat,

1927 569 2126 625 adhuc
2187 576 2387 626 tamen
2428 571 2616 642 spinae
2665 586 2990 642 pravorum
3065 573 3378 644 spirituum
3443 589 3585 629 ena-

1926 665 2192 714 scuntur.
2229 659 2448 714 Deinde
2479 665 2719 714 sanctus
2747 660 2841 716 ille
2875 662 3124 733 Spiritus
3144 663 3454 733 suppetias
3476 663 3586 719 fert

1926 747 2311 803 imbecillitati
2351 749 2652 812 humanae,
2688 754 2743 804 et
2772 750 3061 806 Dominus
3109 753 3275 822 101
3325 752 3496 807 mittit
3525 752 3584 806 in

1927 841 2142 892 terram
2175 837 2372 892 cordis
2403 853 2606 894 semen
2652 838 2908 904 cmleste,
2939 845 3118 912 atque
3145 841 3357 895 excolit
3397 857 3529 897 eam
3563 858 3578 895 :

1925 940 2048 997 quo
2068 927 2293 981 semine
2318 927 2494 997 jacto,
2524 927 2722 982 adhuc
2739 927 2934 982 tribuli
2959 933 3014 982 et
3044 929 3232 998 spinae
3264 928 3576 1000 pullulant.

1928 1013 2134 1070 Denuo
2183 1015 2309 1086 ipse
2365 1015 2670 1080 Dominus,
2691 1031 2760 1071 ac
2814 1015 2991 1070 homo
3042 1023 3318 1072 exercent
3363 1023 3578 1072 terram

1927 1104 2165 1169 animm,
2197 1109 2254 1159 et
2279 1110 2506 1175 septem
2546 1104 2684 1158 mali
2729 1105 2969 1175 spiritus
2993 1120 3063 1159 ac
3087 1106 3272 1176 spinae.
3313 1105 3584 1160 exoriun-

1926 1192 2172 1257 turillic,
2202 1197 2260 1249 et
2315 1193 2692 1264 repullulant,
2723 1194 2916 1248 donec
2961 1193 3243 1249 adveniat
3295 1198 3493 1262 testas,
3523 1198 3583 1248 et

1927 1282 2195 1338 abundet
2223 1284 2433 1353 gratia,
2455 1298 2526 1340 ac
2550 1282 2921 1338 desiccentur
2950 1282 3028 1338 ab
3051 1290 3197 1338 aestu
3218 1282 3356 1338 solis
3386 1283 3575 1354 spinae

1928 1377 2138 1428 enatis.

2001 1677 2156 1733 XXII.
2191 1678 2306 1733 Etsi
2355 1678 2514 1733 enim
2568 1677 2832 1748 nequitia
2883 1676 3146 1732 adhaeret
3207 1681 3456 1742 naturae,
3497 1675 3580 1731 sic

205 1756 346 1808 οὑτω
395 1763 762 1834 κατακυριεύει
820 1765 1037 1830 ταύτης,
1081 1767 1111 1823 ἦ
1172 1766 1286 1836 ἔχει
1329 1743 1514 1836 νομήν.
1558 1766 1664 1826 Τὰς
1711 1766 1800 1838 γὰρ

1928 1772 2128 1824 tamen
2158 1767 2504 1823 dominatur
2547 1767 2618 1832 ei,
2649 1743 2783 1838 quae
2816 1765 2994 1821 habet
3026 1772 3290 1837 pastum.
3318 1769 3573 1821 Teneras

207 1849 468 1920 τρυφερᾶς
506 1847 674 1920 χλόας
718 1858 810 1903 τοῦ
862 1857 1010 1905 σίτου
1067 1849 1288 1906 δύναται
1331 1856 1398 1906 τὰ
1440 1854 1651 1916 ζιζάνια
1683 1873 1815 1925 συμ-

209 1939 430 2005 πνίγειν.
488 1939 782 2001 ⁶Ρθοίσαντος
843 1937 903 1993 δε
957 1944 1131 2016 θέρους
1186 1944 1319 2015 μετὰ
1383 1945 1440 1994 τὸ
1495 1942 1812 2016 ξηρανθῆναι

209 2027 329 2085 τούς
356 2030 618 2099 καρπούς,
649 2025 800 2082 οὐδὲν
840 2028 1138 2103 βλάπτουσι
1179 2034 1242 2084 τὰ
1282 2032 1492 2093 ζιζάνια
1530 2034 1616 2083 τὸν
1644 2039 1807 2086 σῖτον.

209 2118 308 2166 Καὶ
341 2117 448 2188 γὰρ
489 2114 573 2167 ἐὰν
633 2117 806 2192 συμϐῇ
864 2122 1139 2192 τριάκοντα
1188 2117 1409 2194 μοδίους
1457 2118 1606 2187 εἶναι,
1649 2122 1810 2173 καθα.

203 2209 299 2276 ροῦ
333 2209 506 2275 σίτου,
553 2209 664 2259 ἔστι
701 2210 800 2281 γὰρ
834 2209 978 2281 μίξις
1038 2209 1142 2263 ἐκεῖ
1169 2210 1435 2275 ζιζανίων,
1477 2211 1542 2270 ὡς
1571 2214 1808 2282 χοινικός

202 2311 256 2343 τι
296 2297 720 2367 παραφαίνεσθαι
754 2316 766 2329 ’
835 2302 1108 2370 κέχωσται
1167 2302 1267 2374 γὰρ
1320 2295 1414 2351 διὰ
1472 2302 1556 2351 τόν
1596 2299 1808 2351 πλεονα-

207 2385 341 2454 σμὸν
363 2390 458 2435 τοῦ
490 2388 641 2437 σίτου
675 2406 688 2418 ·
721 2386 855 2439 οὕτω
897 2391 986 2440 καὶ
1017 2387 1066 2439 ἐν
1094 2396 1156 2461 τῇ
1214 2390 1424 2463 χάριτι,
1457 2389 1575 2440 ὅταν
1603 2387 1808 2440 πλεονά-

205 2489 273 2542 σῃ
309 2473 338 2530 ἡ
374 2467 552 2546 δωρεὰ
606 2482 696 2527 τοῦ
741 2483 894 2542 Θεοῦ,
940 2481 1029 2529 καὶ
1080 2479 1110 2536 ἡ
1143 2479 1302 2552 χάρις
1354 2476 1426 2538 εἰς
1470 2479 1555 2530 τόν
1612 2477 1806 2550 ἄνθρω-

207 2579 324 2626 πον,
368 2567 463 2615 καὶ
511 2563 708 2637 πλουτῇ
748 2565 814 2626 εἰς
862 2570 947 2619 τὸν
1017 2570 1224 2640 Κύριον,
1279 2575 1405 2640 συνῇ
1465 2563 1523 2619 δε
1575 2568 1605 2625 ἠ
1647 2571 1809 2619 κακία

207 2660 454 2725 μερικῶς,
492 2656 553 2704 ού
603 2649 825 2707 δύναται
870 2654 1203 2728 καταϐλάψαι
1254 2660 1340 2709 τόν
1369 2657 1657 2729 ἄνθρωπον,
1691 2659 1807 2708 οὔτε

207 2742 321 2811 ἔχει
376 2740 545 2812 ἰσχύν
581 2762 718 2810 τινα,
760 2745 790 2804 ἢ
845 2749 1005 2817 νομὴν
1050 2746 1162 2798 κατ’
1214 2745 1398 2802 αὑτοῦ.
1454 2743 1513 2798 Ἠ
1569 2747 1668 2818 γὰρ
1715 2752 1806 2797 τοῦ

211 2834 408 2903 Κυρίου
440 2831 662 2898 ἷλευσις,
691 2838 777 2886 καὶ
810 2836 839 2893 ἡ
870 2840 1088 2908 πρόνοια
1145 2832 1237 2888 διὰ
1288 2842 1440 2888 τοῦτο
1469 2839 1690 2907 γέγονεν,
1725 2835 1806 2886 ἵνα

212 2923 327 2982 τοὺς
371 2927 439 2992 τῇ
494 2927 656 2994 κακίᾳ
717 2919 1134 2996 δεδουλωμένους
1193 2928 1358 2991 ὄντας,
1418 2929 1508 2976 καὶ
1570 2925 1801 2995 ἐνόχους,

217 3013 302 3059 καὶ
326 3010 772 3083 ὑποτεταγμένους
814 3011 1153 3087 ἐλευθερώσῃ,
1201 3019 1289 3066 καὶ
1339 3018 1536 3085 ποιήσῃ
1589 3016 1804 3074 νικητὰς

1924 1858 2083 1913 enim
2142 1856 2359 1912 herbas
2413 1855 2688 1910 frumenti
2739 1862 2930 1927 potest
2977 1854 3184 1909 lolium
3231 1854 3574 1921 suffocare;

1923 1946 2234 2016 ingruente
2268 1961 2405 2001 vero
2426 1951 2629 2001 aestate
2662 1944 2761 1999 ubi
2794 1943 3019 1999 fructus
3039 1942 3577 2008 exsiccatifuerint,

1921 2035 2064 2092 nihil
2095 2036 2254 2092 laedit
2305 2034 2508 2090 lolium
2543 2034 2928 2089 frumentum.
2967 2036 3170 2105 Itaque
3210 2032 3260 2087 si
3313 2033 3578 2087 evenerit

1924 2131 1984 2180 ut
2006 2126 2122 2181 sint
2149 2125 2387 2194 triginta
2412 2123 2594 2179 modii
2629 2123 2906 2178 frumenti
2959 2123 3114 2193 puri,
3146 2123 3239 2176 vix
3274 2121 3392 2177 illic
3443 2137 3570 2192 per-

1921 2215 2116 2270 mistio
2138 2213 2276 2279 lolii,
2303 2213 2458 2269 velut
2487 2212 2749 2284 aliquota
2781 2211 3013 2268 sextarii
3043 2227 3183 2282 pars
3233 2210 3570 2282 apparebit,

1918 2304 2132 2359 obruta
2152 2303 2463 2358 suntenim
2493 2302 2676 2356 nimia
2694 2300 2871 2372 copia
2895 2300 3202 2355 frumenti:
3224 2300 3306 2354 sic
3328 2315 3574 2371 quoque

1917 2393 1977 2448 in
2009 2393 2218 2461 gratia,
2250 2408 2386 2446 cum
2412 2391 2642 2446 donum
2674 2391 2767 2445 Dei
2797 2394 2852 2444 et
2873 2390 3063 2458 gratia
3093 2388 3570 2443 abundaveritin

1915 2482 2179 2547 homine,
2200 2487 2378 2555 atque
2400 2481 2650 2537 ditescat
2667 2495 2808 2551 erga
2826 2480 3167 2546 Dominum,
3195 2479 3348 2534 adsit
3371 2483 3572 2533 tamen

1917 2573 2118 2644 aliqua
2140 2573 2198 2628 in
2231 2577 2395 2644 parte
2419 2571 2682 2642 nequitia
2708 2586 2722 2636 ;
2752 2575 2959 2641 nequtt
2985 2568 3084 2624 illa
3110 2568 3326 2623 laedere
3371 2566 3569 2622 homi-

1917 2678 2075 2727 nem,
2123 2677 2316 2734 neque
2356 2661 2478 2716 vim
2524 2660 2708 2715 ullam
2759 2664 2862 2714 aut
2917 2658 3240 2729 imperium
3301 2657 3358 2710 in
3417 2672 3557 2712 eum

1915 2751 2161 2807 obtinet.
2199 2751 2501 2806 Adventus
2531 2750 2690 2804 enim
2723 2748 2955 2802 Domini
2986 2753 3041 2802 et
3071 2746 3450 2818 providentia
3479 2749 3566 2800 est

1915 2845 2251 2912 propterea,
2274 2845 2336 2893 ut
2363 2839 2422 2893 in
2441 2838 2782 2892 servitutem
2808 2836 3044 2892 malitiae
3070 2836 3364 2900 redactos,
3396 2835 3568 2906 eique

1914 2929 2208 2985 obnoxios
2265 2933 2320 2984 et
2364 2927 2720 2997 subjugatos
2773 2925 3068 2992 liberaret,
3127 2941 3196 2980 ac
3243 2923 3468 2995 peccati
3513 2929 3570 2979 et

1915 3019 2120 3075 mortis
2161 3019 2406 3072 victores
2433 3016 2708 3070 efﬁceret.
2753 3014 2874 3069 Non
2919 3014 3138 3069 debent
3171 3029 3312 3083 ergo
3358 3012 3566 3068 fratres

217 3105 306 3148 τού
326 3099 543 3152 θανάτου
595 3105 684 3153 καὶ
743 3111 839 3164 τῆς
892 3102 1172 3179 ἁμαρτίας.
1228 3103 1339 3156 Ούκ
1379 3102 1674 3176 ὀφείλουσιν
1714 3098 1800 3154 οὖν

1913 3107 2307 3164 admiratione
2331 3106 2489 3171 duci,
2533 3105 2582 3159 si
2617 3120 2653 3159 a
2702 3102 3070 3176 quibusdam
3110 3101 3469 3172 afﬂigantur,
3505 3099 3567 3156 id

207 3182 416 3260 ἀδελφοὶ
469 3188 785 3258 ξενίζεσθαι,
850 3195 950 3245 εἴτε
998 3195 1097 3246 ύπό
1147 3213 1296 3246 τινων
1352 3190 1609 3246 θλίϐονται
1672 3195 1802 3268 πρὸς

199 3280 255 3328 τό
275 3283 472 3338 κακίας
513 3277 894 3353 ἀπαλλαγῆναι.

268 3403 402 3459 ΚΓ.
446 3408 548 3457 Καὶ
585 3408 686 3479 γὰρ
745 3407 815 3470 εἰς
860 3411 917 3460 τό
962 3408 1180 3461 παλαιόν
1229 3411 1421 3469 Μωσῆς
1473 3413 1562 3461 καὶ
1600 3409 1801 3483 Ἀαρὼν

193 3493 410 3563 ἔχοντες
456 3498 548 3552 τὴν
594 3497 897 3570 ἱερωσύνην,
939 3497 1102 3549 πολλὰ
1155 3501 1342 3551 ἔπαθον
1374 3515 1386 3527 ·
1449 3500 1685 3570 Καῑάφας
1740 3496 1799 3554 δι

191 3587 287 3640 τὴν
338 3582 857 3661 ἓκείνωνκαθέδραν
897 3589 1053 3659 ἔχων,
1110 3587 1262 3648 αύτος
1309 3585 1492 3650 ἐδίωξε
1542 3593 1631 3640 καὶ
1676 3608 1798 3641 κατ·

190 3675 360 3743 ἐκρινε
399 3677 486 3724 τόν
521 3677 707 3745 Κύριον
741 3695 752 3708 ⁸
801 3677 935 3748 ὅμως
976 3673 1035 3729 δε
1085 3682 1179 3736 τὴν
1222 3680 1502 3752 ἱερωσύνην
1539 3680 1565 3729 ό
1612 3681 1797 3751 Κύριος

189 3768 382 3832 τιμῶν,
441 3760 632 3835 ἀφῆκεν
676 3765 800 3818 αὐτὸ
851 3767 1095 3837 γενέσθαι
1127 3784 1140 3796 ·
1201 3768 1392 3838 ὁμοίως
1436 3769 1484 3818 οἱ
1531 3775 1796 3838 προφῆται

188 3849 278 3900 ὑπ’
330 3850 493 3903 αύτοῦ
553 3860 643 3904 τοῦ
723 3856 899 3916 ἔθνους
972 3852 1277 3912 ἐδιώκοντο.
1349 3859 1544 3908 Λοιπὸν
1605 3860 1797 3927 Πέτρος

187 3943 391 3992 Μωσέα
438 3937 734 4009 διεδέξατο,
786 3950 874 4003 την
926 3949 1108 4003 καινὴν
1166 3944 1482 4002 Ἐκκλησίαν
1533 3952 1790 4015 Χριστοῦ,

187 4032 281 4079 καὶ
330 4033 419 4087 τὴν
475 4030 728 4090 ἀληθινὴν
786 4035 1068 4108 ἱερωσύνην
1114 4032 1487 4106 ἐγχειρισθείς.
1530 4039 1638 4085 Νῦν
1691 4035 1794 4107 γὰρ

189 4114 307 4169 ἐστι
337 4115 620 4192 βάπτισμα
670 4125 830 4196 πυρὸς
885 4127 974 4174 καὶ
1029 4125 1341 4194 Πνεύματος,
1402 4127 1492 4174 καὶ
1539 4127 1789 4196 περιτομὴ

189 4225 272 4268 τις
316 4206 364 4260 ἐν
411 4206 612 4282 καρδίᾳ
662 4215 933 4284 γινομένη,
989 4216 1058 4266 T6
1106 4215 1206 4288 γὰρ
1256 4213 1387 4265 θεῖον
1433 4217 1524 4264 καὶ
1574 4210 1794 4285 ἐπουρά-

193 4315 302 4348 νιον
332 4304 542 4371 Πνεῦμα
585 4297 836 4374 ἐπιδημεῖ
868 4305 916 4354 ἓν
973 4311 1045 4374 τῷ
1087 4311 1157 4373 νῷ
1193 4318 1204 4330 ·
1244 4300 1376 4360 πλὴν
1409 4305 1523 4354 οὔτε
1568 4297 1711 4354 οὗτοι
1744 4313 1792 4363 οξ

201 4384 400 4452 τέλειοι,
443 4389 538 4450 ἓως
576 4390 707 4442 εἰσὶν
743 4391 814 4452 εἰς
843 4397 936 4450 τὴν
987 4394 1176 4464 σάρκα,
1228 4392 1575 4466 ἁμεριμνοῦσι
1606 4387 1700 4443 διὰ
1730 4394 1788 4443 τὸ

201 4474 550 4542 αὐτεξούσιον,
589 4477 696 4530 ἀλλ’
768 4480 980 4553 ἔμφοϐοὶ
1029 4481 1167 4534 εἰσι·
1239 4477 1324 4532 διὸ
1377 4484 1467 4532 καὶ
1532 4499 1788 4554 παραχω-

203 4571 405 4632 ροῦνται
468 4569 834 4642 πειράζεσθαι.
903 4570 963 4624 Εἰ
1011 4567 1070 4622 δι
1126 4572 1314 4641 φθάσει
1379 4572 1408 4628 ἡ
1459 4568 1612 4640 ψυχὴ
1655 4573 1791 4643 πρὸς

203 4653 385 4713 ἐκείνην
413 4661 508 4714 τὴν
566 4657 715 4710 πόλιν
745 4668 841 4711 τῶν
895 4659 1051 4730 ἁγίων
1101 4657 1353 4726 ἀπελθεῖν,
1400 4664 1511 4710 τότε
1563 4655 1784 4711 δύναται

200 4747 346 4812 μόνον
400 4747 520 4798 ἄνευ
594 4747 812 4819 θλίψεως
878 4754 967 4801 καὶ
1017 4753 1366 4823 πειρατηρίων
1422 4744 1550 4800 εἶναι
1584 4768 1597 4780 ·
1644 4747 1785 4803 Ἐκεῖ

196 4834 291 4906 γὰρ
334 4835 502 4890 ούκέτι
550 4839 663 4890 ἐστὶ
705 4857 947 4912 μεριμνα,
1004 4840 1033 4898 ἦ
1094 4839 1287 4910 θλίψις,
1332 4840 1360 4898 ἦ
1409 4843 1580 4904 πόνος,
1618 4842 1648 4896 ἤ
1690 4847 1783 4910 γῆ-

191 4939 304 4992 ρας,
353 4927 382 4984 ᾗ
442 4933 694 4992 Σατανᾶς,
738 4932 767 4987 ἣ
810 4927 1065 5000 πόλεμος’
1112 4927 1219 4980 ἀλλ’
1269 4929 1580 4992 ἀνάπαυσις,
1610 4930 1777 5000 χαρὰ,

193 5011 384 5086 εἰρήνη,
424 5020 513 5068 καὶ
549 5022 799 5090 σωτηρία.
832 5017 889 5071 Ὀ
943 5020 1042 5091 γὰρ
1074 5021 1264 5092 Κύριος
1314 5021 1362 5070 ἐν
1416 5021 1558 5088 μέσῳ
1613 5017 1779 5069 αὐτῶν

190 5102 324 5154 ἐστιν
379 5104 434 5167 ὃς
485 5105 806 5158 ἐπικαλεῖται
874 5112 1055 5165 Σωτὴπ
1123 5104 1215 5160 διὰ
1281 5110 1338 5160 τὸ
1417 5107 1601 5167 σώζειν
1667 5111 1780 5167 τοὺς

188 5190 591 5263 αἰχμαλώτους·
660 5195 835 5270 ἱατρός
888 5195 1239 5262 ἐπικέκληται,
1309 5193 1490 5254 ἐπειδὴ
1542 5195 1779 5269 οὐράνιον

196 5284 284 5331 καὶ
330 5283 496 5335 θεῑκόν
536 5286 805 5357 φάρμακον
850 5281 1069 5350 δίδωσι,
1103 5291 1190 5337 καὶ
1241 5285 1381 5338 ἰᾶται
1417 5288 1483 5337 τὰ
1511 5285 1652 5342 πάθη
1685 5292 1780 5345 τῆς

185 5366 405 5440 ψυχῆς*
455 5375 503 5424 ἓν
583 5392 695 5426 τισι
769 5376 869 5449 γὰρ
922 5377 1226 5448 κυριεύουσι
1289 5382 1382 5426 τοῦ
1459 5372 1774 5445 ἀνθρώπου·

193 5462 319 5530 πρὸς
361 5460 509 5532 λόγον
555 5459 616 5516 δὲ
673 5463 848 5528 εἰπεῖν,
909 5467 1022 5516 ἔστι
1101 5463 1350 5526 Βασιλεύς
1405 5469 1494 5516 καὶ
1549 5465 1698 5530 Θεὸς,
1753 5463 1778 5515 6

191 5543 391 5611 Ἰησους
416 5568 430 5581 ·
468 5554 717 5627 τύραννος
764 5550 823 5606 δὲ
859 5558 948 5606 καὶ
995 5554 1178 5627 ἄρχων
1219 5556 1401 5620 κακὸς,
1450 5554 1476 5605 6
1522 5551 1776 5615 Σατανᾶςί

1911 3198 1994 3263 ﬁt,
2027 3203 2089 3252 ut
2115 3196 2492 3252 vindicentur
2523 3209 2560 3250 a
2587 3192 2832 3249 malitia.

1982 3411 2161 3468 XXIII.
2199 3409 2424 3464 Etenim
2471 3405 2784 3480 quondam
2841 3408 3032 3462 Moses
3080 3409 3135 3459 et
3167 3408 3386 3470 Aaron,
3421 3419 3560 3458 cum

1909 3503 2235 3573 potirentur
2266 3497 2622 3560 sacerdotio,
2656 3495 2840 3551 multa
2876 3494 3270 3567 pertulerunt.
3305 3491 3562 3564 Caiphas

1909 3599 2129 3656 autem,
2157 3589 2262 3661 qui
2295 3604 2499 3644 eorum
2533 3585 2879 3642 cathedram
2920 3584 3178 3651 tenebat,
3209 3583 3336 3654 ipse
3363 3597 3562 3653 perse-

1907 3687 2078 3736 cutus
2122 3685 2228 3743 est,
2272 3683 2327 3733 et
2372 3673 2800 3732 condemnavit
2846 3673 3167 3728 Dominum
3211 3688 3223 3726 :
3270 3671 3559 3726 Dominus

1907 3776 2106 3825 tamen
2129 3766 2526 3824 sacerdotium
2556 3768 2891 3819 reverenter
2914 3761 3166 3826 habens,
3192 3760 3462 3832 permisit
3490 3758 3560 3814 il-

1902 3857 2008 3913 lud
2042 3857 2188 3912 ﬁeri.
2219 3855 2427 3911 Itidem
2457 3853 2764 3924 prophetae
2797 3867 2833 3906 a
2859 3856 3034 3919 gente
3061 3865 3168 3903 sua
3199 3848 3558 3920 persecutio-

1903 3962 2042 4002 nem
2079 3945 2239 4017 passi
2272 3950 2427 3999 sunt.
2461 3943 2670 3997 Postea
2700 3943 2896 3996 Mosen
2927 3938 3156 4008 excepit
3197 3941 3419 4002 Petrus,
3462 3936 3557 3990 cui

1904 4051 2061 4090 nova
2089 4032 2352 4090 Ecclesia
2379 4031 2584 4088 Christi
2617 4045 2686 4085 ac
2710 4044 2923 4084 verum
2957 4025 3361 4082 sacerdotium
3393 4040 3558 4080 com-

1905 4124 2157 4179 missum
2207 4127 2311 4177 est.
2347 4121 2475 4177 Jam
2515 4119 2673 4174 enim
2715 4123 2803 4174 est
2831 4116 3135 4188 baptisma
3159 4115 3315 4184 ignis
3355 4113 3557 4184 etspi-

1901 4213 2069 4277 ritus,
2093 4218 2150 4268 et
2176 4209 2551 4267 circumcisio
2583 4206 2865 4281 quaedam
2893 4206 2950 4260 in
2984 4203 3163 4260 corde
3189 4201 3269 4260 ﬁt.
3309 4202 3552 4259 Divinus

1903 4303 2058 4358 enim
2091 4309 2146 4357 et
2177 4301 2425 4356 ccelestis
2464 4299 2711 4370 Spiritus
2761 4298 3170 4351 commoratur
3211 4293 3270 4348 in
3318 4295 3540 4348 mente.

1901 4395 2113 4448 Verum
2167 4405 2361 4462 neque
2397 4388 2458 4443 hi
2500 4386 2759 4460 perfecti,
2792 4385 3063 4458 quandiu
3093 4390 3230 4437 sunt
3270 4383 3327 4437 in
3351 4396 3550 4445 carne,

1900 4487 2102 4538 carent
2149 4478 2548 4535 sollicitudine
2605 4481 2846 4547 propter
2886 4473 3111 4529 arbitrii
3167 4471 3548 4535 libertatem;

1899 4571 2004 4625 sed
2053 4575 2214 4625 metu
2261 4568 2691 4640 percutiuntur,
2738 4568 2916 4635 atque
2973 4567 3290 4633 propterea
3341 4560 3552 4615 tentari

1897 4659 2334 4731 permittuntur.
2380 4655 2488 4712 Ubi
2519 4669 2659 4710 vero
2690 4654 2895 4708 anima
2928 4651 3006 4706 ad
3046 4649 3205 4705 illam
3247 4649 3548 4703 civitatem

1895 4754 2238 4804 sanctorum
2256 4745 2608 4817 pervenerit,
2631 4749 2757 4798 tum
2779 4741 2914 4795 dem
2927 4756 3023 4794 um
3041 4739 3270 4809 absque
3284 4735 3549 4792 afﬂictio-

1893 4838 2070 4893 nibus
2123 4844 2178 4892 et
2217 4833 2639 4892 tentationibus
2690 4832 2869 4886 vitam
2927 4844 3104 4898 agere
3171 4832 3384 4898 potest.
3434 4825 3550 4880 Illic

1892 4929 2049 4983 enim
2085 4943 2203 4982 non
2235 4923 2496 4995 amplius
2522 4927 2607 4977 est
2639 4918 2996 4983 sollicitudo,
3032 4922 3134 4973 aut
3160 4914 3419 4980 afﬂictio,
3445 4921 3550 4970 aut

1888 5016 2083 5080 labor,
2116 5021 2219 5071 aut
2247 5019 2540 5076 senectus,
2570 5016 2672 5067 aut
2715 5012 2988 5072 Satanas,
3018 5011 3122 5062 aut
3165 5005 3411 5070 bellum,
3444 5005 3548 5060 sed

1890 5106 2144 5178 requies,
2175 5103 2486 5174 gaudium,
2521 5099 2724 5155 laetitia
2753 5104 2810 5153 et
2837 5095 3021 5151 salus.
3051 5096 3118 5152 In
3161 5093 3357 5149 medio
3385 5093 3545 5148 enim

1890 5195 2127 5252 illorum
2150 5197 2237 5247 est
2262 5191 2566 5252 Dominus,
2591 5187 2695 5259 qui
2717 5184 3052 5258 appellatur
3076 5182 3365 5246 Salvator,
3382 5181 3545 5252 quod

1887 5285 2098 5342 liberet
2131 5279 2438 5352 captivos:
2473 5276 2810 5349 appellatur
2850 5273 3140 5337 medicus,
3172 5270 3336 5343 quod
3375 5270 3545 5326 ccele-

1889 5379 2040 5430 stem
2063 5388 2132 5428 ac
2161 5371 2427 5426 divinam
2456 5367 2814 5423 medicinam
2828 5360 3541 5429 conferat,etaﬂectiones

1890 5462 2104 5519 animae
2143 5467 2304 5515 curet
2333 5475 2344 5512 :
2388 5458 2767 5529 aliquatenus
2798 5453 2958 5509 enim
2992 5451 3309 5524 imperium
3338 5450 3398 5505 in
3428 5449 3533 5504 ho-

1895 5551 2120 5607 minem
2143 5548 2413 5606 obtinent
2441 5546 2576 5603 illte.
2621 5544 2748 5600 Uno
2785 5541 2971 5600 verbo
2996 5546 3197 5599 autem
3226 5545 3288 5595 ut
3315 5538 3536 5604 dicam,

189 5635 362 5694 Jesus
391 5647 475 5698 est
495 5643 617 5699 Rex
641 5648 695 5699 et
725 5645 878 5698 Deus
911 5644 1196 5708 ;Satanas
1224 5649 1424 5701 autem
1456 5647 1749 5715 tyrannus
1777 5645 1834 5700 et
1855 5642 2130 5716 princeps
2150 5637 2449 5711 nequitiae.
