4076 6210
456 288 557 344 691

1765 276 1823 331 8.
1866 269 2168 328 MACARII
2209 266 2514 324 EGYPTII

3700 253 3822 309 692

530 414 707 470 XXIV.
741 410 913 478 Quod
944 414 1234 482 superest,
1259 411 1431 473 Deus,
1464 410 1520 461 et
1541 400 1737 471 angeli
1758 400 1886 470 ejus
1907 395 2104 453 homi-

2290 399 2405 446 ΚΝ.
2440 394 2637 446 Λοιπὸν
2662 391 2687 443 6
2727 393 2853 452 Θεὸς
2903 392 2992 442 καὶ
3037 390 3087 441 οἱ
3128 384 3340 458 ἄγγελοι
3385 382 3544 436 αὐτοῦ
3594 382 3681 434 τὸν
3725 379 3812 431 ἄν·

455 519 595 559 nem
625 502 793 557 illum
824 502 1163 556 voluntuna
1194 513 1399 554 secum
1422 492 1821 551 domesticum
1852 487 2103 544 reddere

456 595 516 649 in
540 607 724 661 regno
760 608 771 645 :
807 590 1006 646 itidem
1040 588 1318 644 diabolus
1352 591 1410 641 et
1440 582 1635 655 angeli
1660 580 1790 651 ejus
1820 578 2107 648 excptant

457 698 595 736 eum
628 681 739 735 sibi
773 679 1102 751 adjungere
1146 684 1200 732 et
1229 677 1287 732 in
1322 690 1465 731 suas
1497 680 1696 745 partes
1739 666 2101 741 pertrahere.

456 771 641 828 Media
682 771 858 841 igitur
880 774 966 824 est
992 766 1521 823 animaiuterduas
1535 765 1909 835 hypostases,
1927 765 2105 833 atque

457 865 651 916 utram
684 860 744 914 in
778 865 1003 930 partem
1020 854 1543 928 posteainclinarit
1573 850 2102 915 voluntasanimae,

459 949 588 1020 ejus
630 948 696 1004 ﬁt
721 948 983 1020 propria,
1008 947 1255 1018 ejusque
1285 945 1464 999 ﬁlius.
1497 943 1737 999 Perinde
1769 945 1992 1004 autem.
2035 955 2105 994 ac

462 1038 507 1092 si
532 1040 724 1093 mittat
752 1045 921 1109 pater
951 1036 1251 1108 quispiam
1284 1034 1342 1089 in
1376 1033 1684 1103 regionem
1725 1030 2105 1103 peregrinam

456 1126 646 1182 ﬁlium
673 1142 874 1195 suum,
906 1124 1008 1180 ubi
1038 1130 1355 1180 occurrant
1394 1123 1444 1178 ei
1467 1123 1527 1177 in
1553 1121 1647 1177 via
1678 1120 1902 1189 bestiae,
1927 1124 2106 1192 atque

455 1216 717 1271 conferat
750 1214 824 1269 illi
867 1212 1197 1285 pharmaca
1226 1218 1283 1268 et
1313 1213 1580 1268 antidota
1609 1230 1621 1278 ;
1650 1215 1713 1266 ut
1746 1211 1793 1265 si
1832 1209 2107 1266 adorian-

456 1310 550 1360 tur
575 1320 711 1359 eum
741 1303 953 1359 belluas
982 1310 1085 1358 aut
1105 1302 1635 1368 dracones,oblato
1658 1300 1987 1373 pharmaco
2009 1296 2107 1352 illa

456 1392 767 1448 interﬁciat
803 1407 815 1445 :
846 1398 1057 1447 eodem
1084 1408 1326 1464 quoque
1361 1391 1540 1446 modo
1568 1405 1674 1445 vos
1702 1404 1944 1445 omnem
1974 1406 2105 1445 ner-

459 1498 603 1537 vum
644 1480 948 1545 intendite,
982 1487 1042 1534 ut
1084 1480 1389 1552 accipiatis
1432 1480 1669 1535 caeleste
1707 1480 2106 1551 pharmacum

456 1570 623 1640 quod
662 1569 886 1624 mederi
926 1573 1121 1640 potest
1158 1574 1215 1625 et
1253 1569 1588 1624 antidotum
1624 1574 1712 1623 est
1746 1570 1963 1624 anima:
2000 1585 2013 1635 ;
2046 1574 2109 1624 ut

455 1663 585 1728 ejus
622 1659 914 1714 beneﬁcio
937 1659 1289 1714 interimatis
1328 1674 1625 1714 venenum
1655 1660 1986 1715 emittentes
2010 1660 2108 1714 he-

459 1748 603 1802 stias
627 1747 1079 1802 immundorum
1110 1747 1445 1817 spirituum.
1471 1750 1595 1803 Non
1620 1754 1704 1803 est
1736 1750 1892 1803 enim
1913 1748 2103 1812 facile,

2223 1732 2301 1785 λον
2357 1736 2597 1804 πρᾶγμα,
2658 1728 2894 1801 καθαρὰν
2954 1721 3178 1798 καρδίαν
3235 1720 3538 1778 κτήσασθαι

455 1852 673 1907 purum
711 1851 814 1891 cor
856 1835 1183 1906 possidere,
1222 1836 1338 1890 nisi
1382 1836 1567 1892 multo
1605 1853 1745 1892 cum
1784 1838 2105 1893 certamine

459 1929 513 1979 et
546 1924 771 1990 labore,
820 1926 989 1996 102
1035 1931 1095 1979 ut
1146 1926 1571 1981 conscientiam
1621 1931 1677 1981 et
1720 1942 1821 1981 cor
1886 1941 2106 1997 purum

456 2013 678 2069 haheat
701 2013 905 2078 homo,
940 2020 1001 2069 ut
1031 2015 1264 2085 penitus
1294 2015 1579 2072 evellatur
1607 2016 1894 2088 nequitia.

530 2122 686 2174 XXV.
719 2120 1018 2190 Contingit
1047 2121 1207 2176 enim
1239 2123 1431 2193 gratia
1482 2122 1745 2195 aliquem
1794 2124 2106 2195 praeditum

463 2224 614 2273 esse,
651 2208 821 2279 cujus
852 2217 1052 2265 tamen
1085 2227 1187 2266 cor
1216 2212 1484 2267 nondum
1520 2212 1591 2268 sit
1618 2213 2019 2283 puriticatum.
2046 2217 2111 2270 Et

462 2302 776 2368 propterea
812 2299 1151 2356 ceciderunt
1174 2302 1276 2373 qui
1311 2301 1462 2371 lapsi
1498 2307 1654 2367 sunt,
1686 2318 1757 2358 eo
1788 2305 1950 2374 quod
1986 2320 2108 2359 non

459 2385 857 2455 crediderunt,
881 2394 1017 2460 post
1045 2396 1353 2460 acceptam
1387 2391 1636 2459 gratiam
1670 2392 1973 2447 adhaerere
1996 2392 2107 2447 illis

460 2472 698 2530 fumum
712 2490 781 2530 ac
796 2479 1356 2545 peccatum.0mnes
1372 2480 1665 2551 verojusti
1684 2496 1787 2551 per
1800 2487 2108 2551 angustam

461 2567 641 2633 atque
667 2563 1001 2621 aﬂlictionis
1034 2567 1273 2637 plenam
1294 2569 1454 2624 viam
1478 2585 1665 2641 usque
1682 2571 1761 2625 ad
1790 2570 1970 2626 ﬁnem
1996 2575 2109 2627 Deo

459 2651 758 2722 placuere.
791 2654 1169 2710 Abrahamus
1203 2673 1338 2711 cum
1370 2658 1730 2725 essetdives,
1757 2665 1880 2715 tum
1901 2676 2109 2717 secun-

461 2739 608 2794 dum
650 2739 834 2796 Deum
864 2748 990 2797 tum
1048 2745 1382 2800 secundum
1416 2746 1733 2813 mundum,
1762 2753 1985 2806 terram
2040 2767 2111 2807 ac

460 2830 760 2898 pulverem
809 2832 856 2865 ⁸³
883 2848 943 2886 se
984 2832 1184 2903 ipsum
1237 2835 1587 2891 nominavit.
1622 2838 1685 2891 Et
1724 2838 1909 2893 David
1952 2857 1963 2890 :
1996 2838 2113 2908 0p-

461 2918 773 2986 probrium
805 2920 1128 2986 hominum,
1157 2923 1367 2995 inquit,
1404 2931 1456 2980 et
1488 2926 1742 2993 abiectio
1783 2929 1997 2998 plebis.
2027 2932 2107 2995 Et,

465 3007 678 3063 vermis
704 3014 755 3064 et
787 3025 905 3065 non
938 3010 1109 3067 homo
1139 3013 1205 3066 ⁸⁸.
1234 3012 1511 3069 Similiter
1535 3031 1748 3072 omnes
1775 3019 2026 3089 apostoli
2059 3023 2114 3075 et

2218 485 2419 557 θρωπον
2465 489 2646 533 τοῦτον
2690 477 2967 553 βούλονται
3019 476 3393 531 οἰκειώσασθαι
3457 473 3567 539 μεθ’
3624 469 3814 522 ἑαυτῶν

2215 556 2287 632 εἰς
2315 574 2408 629 τὴν
2454 567 2723 643 βασιλείαν
2759 585 2771 596 ’
2821 570 3013 640 ὁμοίως
3042 568 3068 618 6
3122 562 3364 624 διάϐολος
3392 566 3483 613 καὶ
3522 561 3570 611 οἱ
3608 556 3823 629 ἄγγελοι

2215 660 2375 712 αὐτοῦ
2454 660 2686 712 θέλουσιν
2748 657 3127 710 οἰκειώσασθαι
3188 660 3369 706 τοῦτον
3448 649 3514 710 εἰς
3577 648 3816 708 ἑαυτοὺς.

2215 754 2363 808 Μέση
2416 744 2503 801 οὖν
2562 748 2700 800 ἐστιν
2755 748 2786 805 ἡ
2827 746 2983 818 ψυχὴ
3044 753 3144 796 τῶν
3198 739 3296 795 δύο
3326 739 3687 803 ύποστάσεων,
3734 738 3824 786 καὶ

2214 838 2392 891 λοιπὸν
2421 838 2493 901 εἰς
2523 838 2625 890 οἷον
2655 838 2715 889 ἄν
2771 840 2927 909 μέρος
3133 835 3190 884 τὸ
3250 828 3447 900 θέλημα
3489 834 3583 888 τῆς
3613 824 3828 896 ψυχῆς,

2216 926 2407 980 ἐκείνου
2463 931 2662 997 γίνεται
2721 930 2812 977 καὶ
2851 927 2984 984 υἱός.
3050 921 3251 992 Ὠσπερ
3295 914 3353 972 δε
3401 916 3484 969 ἐὰν
3541 911 3826 983 ἀποστείλῃ

2216 1037 2292 1077 τις
2342 1020 2516 1090 πατὴρ
2574 1015 2641 1076 εἰς
2694 1011 2935 1088 πατρίδα
2979 1011 3122 1076 ξένην
3178 1013 3265 1062 τὸν
3310 1008 3491 1061 ἑαυτοῦ
3522 1006 3656 1069 υἱὸν,
3699 1003 3830 1053 ὅπου

2218 1104 2518 1159 ἀπαντῶσιν
2571 1105 2711 1175 αὐτῷ
2768 1102 2887 1155 καθ’
2934 1098 3058 1154 ὁδόν
3102 1102 3279 1175 θηρία,
3313 1101 3403 1149 καὶ
3434 1091 3658 1148 δίδωσιν
3686 1090 3833 1158 αύτῲ

2218 1197 2487 1270 φάρμακα,
2533 1198 2624 1246 καὶ
2671 1190 2925 1245 ἀντίδοτα
2956 1210 2969 1224 ·
3021 1192 3103 1242 ἶνα
3144 1190 3227 1241 ἐὰν
3280 1187 3420 1256 αύτῷ
3478 1181 3736 1235 ἐπέλθωσι
3767 1179 3836 1229 τὰ

2220 1267 2377 1358 θηρία
2423 1288 2453 1343 ἣ
2516 1280 2815 1355 δράκοντες,
2866 1277 3033 1350 ἐπιδῷ
3078 1282 3136 1330 τὸ
3196 1284 3487 1350 φάρμακον,
3550 1275 3641 1323 καὶ
3698 1267 3837 1358 ἀπο-

2217 1379 2387 1445 κτείνῃ
2455 1371 2587 1425 αὐτά
2617 1390 2630 1403 ·
2689 1369 2847 1430 οὓτως
2899 1374 2989 1420 καὶ
3059 1369 3211 1439 ἡμεῖς
3280 1358 3621 1417 σπουδασατε
3656 1355 3837 1410 λαϐεῖν

2218 1463 2520 1536 ἕπουράνιον
2586 1463 2880 1533 φάρμακον,
2946 1460 3005 1509 τὸ
3072 1456 3349 1527 ἰαματικόν
3408 1456 3498 1503 καὶ
3554 1443 3838 1500 ἀντίδοτον

2219 1560 2313 1612 τῆς
2342 1551 2547 1623 ψυχῆς,
2610 1552 2692 1601 ἳνα
2744 1545 2819 1600 δι’
2873 1546 3030 1599 αὐτοῦ
3087 1542 3425 1600 ἀποκτείνητε
3453 1542 3519 1592 τὰ
3537 1536 3716 1590 ἰοϐόλα
3747 1537 3842 1591 θη-

2218 1648 2307 1716 ρία
2334 1650 2433 1692 τῶν
2486 1639 2795 1713 ἀκαθάρτων
2830 1637 3155 1707 πνευμάτων,
3214 1631 3325 1685 Ούκ
3383 1632 3498 1682 ἔστι
3542 1630 3641 1699 γὰρ
3684 1628 3841 1676 εὔκο-

3573 1716 3685 1767 ἐἱ
3749 1717 3830 1785 μή

2218 1824 2345 1893 μετὰ
2405 1818 2601 1890 ἀγῶνος
2656 1815 2844 1869 πολλοῦ
2908 1820 2996 1866 καὶ
3064 1812 3324 1884 καμάτου,
3389 1809 3472 1859 ἱνα
3525 1800 3844 1861 συνείδησιν

2218 1892 2307 1961 καὶ
2363 1909 2597 1982 καθαρὰν
2665 1901 2889 1977 καρδίαν
2970 1906 3237 1960 κτήσηται
3308 1900 3333 1950 6
3392 1898 3686 1970 ἄνθρωπος,
3748 1892 3843 1943 ἶνα

2219 1997 2466 2060 ὁλοτελῶς
2495 1996 2752 2069 ἐκριζωθῇ
2787 1996 2844 2045 τὸ
2887 1996 3070 2047 κακόν.

2294 2122 2413 2178 KE'.
2471 2126 2571 2176 Καὶ
2626 2122 2787 2193 χάριν
2835 2120 2936 2192 γὰρ
2981 2114 3256 2188 συμϐαίνει
3287 2110 3415 2165 εἶναι
3456 2112 3528 2171 εἰς
3562 2126 3701 2171 τινα,
3745 2110 3847 2157 καὶ

2220 2216 2251 2272 ἡ
2284 2209 2483 2288 καρδία
2539 2210 2597 2263 οὐ
2650 2209 3026 2282 κεκαθαρισται
3061 2222 3072 2234 '
3121 2208 3210 2256 καὶ
3267 2199 3361 2255 διὰ
3388 2206 3541 2253 τοῦτο
3572 2200 3755 2250 ἔπεσον
3789 2194 3845 2247 οἱ

2218 2308 2480 2364 πεσόντες,
2516 2301 2597 2351 ὅτι
2644 2297 2738 2350 ούκ
2768 2298 3085 2349 ἐπίστευσαν
3140 2292 3273 2364 μετά
3308 2294 3404 2347 τὴν
3457 2290 3618 2361 χάριν
3662 2291 3845 2336 συνεί-

2219 2411 2304 2443 ναι
2359 2391 2538 2450 αὐτοῖς
2594 2390 2680 2440 τὸν
2740 2388 2932 2437 καπνὸν
2981 2387 3070 2434 καὶ
3144 2385 3237 2439 τὴν
3297 2378 3556 2450 ἁμαρτίαν
3592 2392 3604 2404 ’
3650 2376 3846 2433 πάντες

2222 2476 2280 2532 δε
2310 2482 2359 2531 οἱ
2388 2475 2590 2532 δίκαιοι
2654 2472 2747 2528 διὰ
2797 2481 2886 2533 τῆς
2938 2479 3120 2531 στενῆς
3170 2474 3260 2522 καὶ
3308 2467 3645 2538 τεθλιμμεῆιης
3681 2458 3842 2526 ὁδοῦ,

2219 2572 2383 2644 μέχρι
2453 2565 2632 2626 τέλους
2697 2562 3055 2634 εύηρέστησαν
3132 2567 3203 2629 τῷ
3257 2565 3393 2629 Θεῷ.
3470 2554 3528 2606 Ὀ
3595 2550 3850 2644 Ἀϐρααμ

2220 2641 2353 2710 κατά
2383 2658 2510 2710 Θεὸν
2550 2654 2798 2713 πλούσιος
2830 2652 2920 2715 ὧν,
2946 2653 3037 2702 καὶ
3067 2649 3205 2700 κατά
3232 2652 3452 2717 κόσμον,
3485 2647 3602 2715 γὴν
3654 2641 3846 2693 ἑαυτὸν

2220 2768 2328 2800 και
2357 2740 2603 2798 σποδόν
2653 2740 2957 2812 ὠνόμαζενο
3013 2741 3104 2789 καὶ
3158 2731 3345 2798 Δαϐὶδ,
3387 2726 3685 2790 Ὀνειδος
3738 2727 3842 2778 ἀν-

2224 2838 2503 2908 θρώπων,
2540 2836 2691 2905 φησὶ,
2721 2834 2812 2883 καὶ
2842 2823 3259 2897 ἑξουδένωμα
3304 2823 3487 2881 λαῶν,
3546 2825 3629 2871 καὶ
3669 2822 3828 2869 6x6)-

2221 2907 2353 2988 ληξ,
2397 2927 2505 2976 καὶ
2531 2921 2642 2974 οὐκ
2677 2921 2835 2993 ἄνθρ
2854 2936 3034 2977 ωπος.
3065 2918 3287 2987 Ὁμοίως
3315 2913 3504 2971 πάντες
3525 2911 3567 2961 οἱ
3589 2907 3822 2993 ἀπόστο-

2222 3014 2303 3066 λοι
2356 3018 2448 3065 καὶ
2476 3019 2741 3084 προφῆται
2780 3008 3223 3078 κακουχούμενοι,
3265 2997 3609 3071 ὀνεδιςόμενοι
3640 2992 3779 3053 ἦσαν
3814 3010 3829 3022 ³

462 3096 768 3167 propheta:
794 3098 950 3154 male
973 3099 1153 3156 habiti
1186 3104 1441 3159 summis
1471 3080 1885 3164 efﬁciebantur
1906 3114 2110 3165 contu-

2225 3102 2379 3162 αὐτὸς
2405 3103 2430 3153 6
2467 3080 2658 3175 Κύριός
2705 3099 2760 3159 ὃς
2818 3095 2959 3148 ἔστιν
3017 3094 3143 3154 ὁδὸς
3193 3096 3283 3143 καὶ
3316 3092 3446 3149 Θεὸς
3477 3087 3627 3139 ἐλθὼν
3661 3083 3721 3136 οὐ
3756 3080 3837 3135 δι’

466 3183 677 3240 mellis.
711 3186 999 3243 Dominus
1025 3190 1170 3259 ipse,
1195 3193 1295 3262 qui
1328 3194 1424 3248 via
1444 3198 1536 3248 est
1560 3197 1806 3265 etDcus,
1826 3213 1965 3253 cum
1991 3214 2113 3254 non

466 3279 707 3345 propter
732 3277 991 3347 seipsum
1030 3278 1134 3332 sed
1166 3287 1408 3351 propter
1434 3287 1485 3337 te
1517 3286 1693 3349 venit.
1727 3290 1788 3341 ut
1823 3292 2003 3358 typus
2046 3304 2116 3344 ac

465 3363 809 3433 exemplum
834 3365 937 3419 tibi
954 3366 1510 3440 ﬁeretomnisboni;
1532 3374 1834 3445 perpende
1854 3376 1911 3430 in
1927 3394 2115 3448 quan-

466 3453 589 3505 tam
619 3452 1012 3509 humilitatem
1040 3472 1101 3510 se
1123 3456 1422 3527 abjecerit,
1442 3459 1635 3516 forma
1665 3463 1818 3518 servi
1850 3473 2111 3537 accepta,

468 3538 570 3609 qui
598 3547 683 3593 est
717 3540 888 3607 Deus,
924 3544 1023 3598 Dei
1058 3544 1254 3610 Filius,
1291 3550 1428 3612 Rex,
1460 3547 1636 3603 Filius
1658 3552 1852 3620 Regis,
1879 3554 2115 3611 donans

464 3626 709 3697 quidem
752 3629 879 3701 ipse
919 3634 1193 3690 curantia
1234 3636 1582 3707 pharmace,
1617 3656 1960 3713 sanansque
1993 3645 2117 3700 vul-

466 3719 705 3771 neratos
731 3733 746 3783 ;
771 3720 1026 3775 exterius
1059 3727 1259 3779 tamen
1293 3723 1451 3780 velut
1482 3742 1637 3781 unus
1671 3727 2115 3788 vulneratorum

461 3819 783 3877 apparens.

539 3934 718 3990 XXVI.
751 3938 1040 3993 Caeterum
1059 3954 1132 3994 ne
1154 3939 1447 4012 despicias
1460 3941 1725 4000 divinam
1740 3943 2113 4015 dignitatem,

466 4021 614 4079 dum
643 4025 941 4097 conspicis
970 4026 1136 4083 illum
1167 4031 1422 4085 exterius
1443 4031 1843 4101 humiliatum,
1870 4040 1933 4091 ut
1951 4036 2117 4092 simi-

464 4111 583 4167 lem
607 4114 817 4180 nobis;
854 4121 1094 4187 propter
1123 4131 1235 4172 nos
1272 4118 1354 4174 sic
1378 4123 1677 4192 apparuit,
1712 4138 1833 4179 non
1874 4132 2117 4197 propter

465 4216 526 4254 se
558 4203 777 4271 ipsum.
796 4204 1115 4275 Perpende,
1130 4208 1364 4282 eajhora
1384 4226 1507 4281 qua
1528 4211 1875 4267 clamabant
1890 4230 1902 4267 :
1919 4214 2116 4270 Cruci-

463 4288 597 4357 ﬁge,
635 4294 915 4361 cruciﬁge
968 4310 1098 4352 eum
1155 4299 1225 4363 ⁸⁵,
1261 4314 1331 4353 ac
1379 4298 1637 4369 populus
1694 4302 2109 4369 concurrebat,

468 4390 656 4446 quam
681 4377 1029 4438 humiliatus
1051 4391 1174 4441 erat
1199 4402 1323 4457 prae
1343 4386 1626 4442 omnibus
1652 4388 1679 4442 ?
1708 4389 2115 4454 Quemadmo-

465 4463 613 4520 dum
634 4469 695 4521 in
719 4468 897 4523 rebus
924 4474 1389 4543 aspectabilibus
1413 4475 1461 4529 si
1500 4476 1634 4548 quis
1667 4477 1740 4532 sit
1778 4479 2111 4551 improbus,
2145 4458 2192 4517 Ῑ)

467 4560 791 4625 postquam
835 4561 1128 4632 acceperit
1168 4564 1521 4620 sententiam
1553 4580 1589 4620 a
1634 4566 2008 4635 magistratu,
2034 4569 2113 4625 ab

468 4642 746 4700 universo
761 4647 984 4719 populo
1000 4652 1755 4724 exsecrationildevovetur,
1769 4672 1839 4713 ac
1851 4661 2113 4714 contem-

467 4732 593 4802 ptui
643 4734 916 4804 habetur,
949 4739 1033 4794 sic
1087 4756 1332 4813 quoque
1374 4744 1656 4799 Dominus
1703 4745 1853 4801 hora
1896 4746 2109 4813 crucis,

468 4824 760 4893 tanquam
790 4825 975 4882 homo
1017 4829 1199 4885 vitam
1224 4845 1360 4886 cum
1392 4838 1580 4889 morte
1610 4841 2110 4903 commutaturus,

468 4909 944 4981 vilipendebatur
982 4933 1017 4971 a
1057 4919 1384 4977 Pharisaeis.
1420 4922 1673 4988 Quando
1718 4939 1923 4980 rursus
1977 4941 2114 4981 con-

467 5010 756 5074 spuerunt
794 5004 851 5059 in
885 5006 1109 5063 vultum
1132 5008 1278 5080 ejus,
1305 5016 1360 5067 et
1384 5013 1804 5084 imposuerunt
1833 5014 1884 5069 ei
1916 5030 2114 5070 corco-

464 5108 607 5149 nam
640 5094 936 5165 spineam,
968 5103 1025 5153 et
1052 5097 1324 5170 colaphis
1354 5116 1492 5157 eum
1532 5103 1892 5171 ceciderunt,
1924 5119 2111 5175 quam

464 5198 584 5239 non
607 5194 1130 5255 supergressusest
1153 5188 1552 5246 humilitatem
1577 5189 1603 5243 ?
1628 5191 1923 5263 Scriptum
1952 5193 2111 5248 enim

465 5278 551 5327 est
578 5290 588 5321 :
623 5274 875 5329 Dorsum
906 5292 1095 5333 meum
1127 5278 1268 5335 dedi
1280 5280 1753 5349 ﬂagellantibus,
1787 5296 1893 5338 nec
1920 5282 2114 5338 averti

459 5362 675 5430 faciem
706 5377 897 5419 meam
913 5380 949 5421 a
963 5367 1335 5436 turpitudine
1346 5372 1923 5438 conspuenlium,nec
1934 5385 2112 5441 genas

467 5466 622 5506 meas
653 5466 688 5507 a
718 5455 1182 5521 percutienlibus
1204 5458 1269 5511 ⁸⁸.
1301 5458 1471 5523 Quod
1502 5458 1550 5512 si
1584 5461 1734 5514 Deus
1759 5465 1955 5515 tantas
1975 5474 2113 5514 con-

467 5540 762 5609 tumelias,
795 5544 1143 5615 passionem
1170 5561 1239 5601 ac
1260 5545 1652 5604 humilitatem
1676 5546 1875 5618 subiit,
1902 5553 1983 5615 tu,
2008 5547 2112 5621 qui

542 5666 588 5699 ⁸³
621 5667 758 5721 Gen.
802 5683 959 5735 XVIII,
991 5673 1079 5725 27.
1159 5668 1442 5726 “Psalm.
1476 5688 1593 5737 ut,
1625 5677 1678 5727 7.

1756 5673 1803 5709 ⁸⁵
1836 5672 1973 5727 Luc.
2005 5688 2164 5739 χχιιι,
2193 5673 2283 5726 21.

2226 3193 2425 3257 ἑαυτὸν,
2459 3189 2586 3241 ἀλλά
2634 3184 2729 3241 διὰ
2782 3189 2858 3256 σε,
2916 3185 2999 3236 ἵνα
3046 3202 3127 3235 σοι
3159 3183 3320 3242 τύπος
3376 3181 3593 3251 γένηται
3629 3176 3832 3234 παντὸς

2226 3280 2447 3353 ἀγαθοῦ,
2500 3275 2653 3351 βλέπε
2709 3275 2781 3336 εἰς
2834 3276 2989 3326 ποίαν
3054 3274 3363 3324 ταπείνωσιν
3417 3263 3557 3329 ἦλθε,
3624 3267 3827 3353 μορφὴν

2227 3350 2414 3422 δούλου
2444 3350 2634 3430 λαϐὼν,
2668 3368 2811 3430 Θεὸς,
2846 3365 2960 3424 Υἱὸς
3005 3367 3155 3421 Θεοῦ,
3192 3357 3463 3419 Βασιλεύς,
3495 3354 3616 3416 Υἱὸς
3668 3350 3835 3425 βασι-

2224 3456 2369 3522 λέως,
2435 3452 2626 3515 διδούς
2686 3456 2776 3526 μὲν
2861 3452 3017 3513 αὐτὸς
3092 3448 3345 3520 ὶαματικά
3414 3446 3687 3518 φάρμακα,
3742 3445 3837 3493 καὶ

2228 3549 2517 3619 θεραπεύων
2589 3546 2708 3605 τοὺς
2776 3542 3356 3615 τετραυματισμένους·
3412 3534 3594 3596 εξωθεν
3654 3529 3716 3584 δε
3768 3533 3837 3590 ὡς

2227 3633 2292 3696 εἷς
2316 3644 2413 3688 τῶν
2442 3634 2960 3708 τετραυματισμένων
2979 3631 3296 3701 φαινόμενος.

2300 3936 2419 4003 Κς’.
2464 3936 2621 3992 Ἀλλὰ
2697 3937 2769 4007 μὴ
2842 3934 3243 4006 καταφρονήσῃς
3295 3933 3388 3979 τοῦ
3452 3928 3623 3979 θεῑκοῦ
3681 3921 3839 3986 ἀξιώ-

2214 4046 2405 4102 ματος,
2477 4023 2676 4099 βλέπων
2758 4023 2913 4076 αὐτὸν
3003 4020 3181 4083 ἔξωθεν
3257 4016 3688 4087 τεταπεινωμένον
3770 4013 3839 4072 ὡς

2226 4119 2401 4189 ὅμοιον
2431 4118 2555 4187 ἡμῖν
2598 4132 2610 4144 ·
2656 4110 2731 4166 δι’
2777 4115 2913 4185 ἡμᾶς
2964 4111 3127 4171 οὕτως
3187 4107 3367 4179 ἐφάνη,
3408 4112 3468 4157 ού
3517 4100 3590 4155 δι’
3629 4102 3837 4155 ἑαυτὸν.

2226 4207 2501 4263 Ἐννόησον
2555 4206 2603 4256 ἓν
2656 4203 2688 4276 ᾖ
2749 4204 2859 4275 ὥρᾳ
2897 4200 3137 4274 ἔκραζον,
3187 4197 3587 4268 Σταύρωσον,
3647 4194 3839 4243 σταύ-

2223 4314 2433 4372 ρωσον
2494 4294 2704 4357 αὑτὸν,
2737 4295 2820 4343 καὶ
2852 4287 3059 4361 ὁόχλος
3088 4290 3405 4358 συνήρχετο,
3456 4289 3566 4344 πῶς
3598 4277 3659 4339 ἧν
3688 4299 3838 4333 τετα-

2225 4388 2528 4457 πεινωμένος
2573 4401 2717 4456 παρα
2792 4382 3015 4441 πάντας.
3076 4376 3275 4451 Ὠσπερ
3328 4374 3375 4426 ἐν
3420 4380 3528 4434 τοῖς
3584 4374 3838 4443 φαινομέο

2221 4494 2347 4541 νοις,
2389 4473 2473 4526 ἐὰν
2575 4473 2872 4536 κακοποιὸς,
2938 4473 3027 4520 καὶ
3060 4465 3191 4536 λάϐῃ
3235 4462 3497 4536 ἀπόφασιν
3544 4462 3689 4535 παρά
3740 4468 3837 4511 τοῦ

2222 4565 2498 4637 ἄρχοντος,
2577 4560 2755 4613 λοιπὸν
2812 4560 2911 4611 ὑπὸ
2966 4563 3057 4609 τοῦ
3133 4551 3307 4627 δήμου
3368 4551 3486 4604 ὅλου
3546 4546 3841 4623 βδελυκτός

2223 4656 2337 4707 ἐστι
2381 4657 2470 4705 καὶ
2530 4646 2957 4720 ἑξουδενωμένος.
3017 4643 3198 4706 Οὒτως
3228 4644 3253 4695 6
3303 4645 3491 4715 Κύριος
3529 4642 3578 4692 ἓν
3616 4646 3679 4711 τῇ
3722 4641 3842 4711 ὥρα

2222 4750 2314 4796 τοῦ
2378 4749 2605 4815 σταυροῦ
2639 4756 2651 4768 ·
2738 4740 2808 4799 ὡς
2888 4738 3157 4808 ἄνθρωπος
3220 4730 3413 4805 μέλλων
3485 4728 3841 4786 ἀποθνήσκειν

2222 4830 2685 4901 κατευτελισμένος
2720 4824 2780 4885 ἧν
2812 4828 2911 4879 ύπό
2952 4832 3051 4877 τών
3099 4824 3419 4894 Φαρισαίων.
3446 4818 3569 4871 Ὀτε
3596 4813 3655 4869 δε
3680 4816 3841 4869 πάλιν

2223 4922 2502 4974 ἐνέπτυσαν
2532 4918 2601 4979 εἰς
2649 4920 2706 4969 τὸ
2760 4919 3043 4989 πρόσωπον
3075 4911 3257 4976 αὐτοῦ,
3292 4915 3383 4961 καὶ
3413 4908 3665 4965 ἐπέθηκαν
3694 4904 3841 4977 αὐτῷ

2224 5009 2495 5062 ἀκάνθινον
2521 5011 2789 5079 στέφανον,
2804 5010 2894 5057 καὶ
2917 5002 3201 5077 ἑῤῥάπισαν
3226 4999 3402 5063 αὐτὸν,
3421 5001 3573 5050 ποίαν
3590 4995 3695 5067 οὐχ
3715 4995 3844 5047 ὑπε-

2223 5097 2346 5173 ρέϐη
2376 5100 2685 5149 ταπείνωσιν
2716 5095 2729 5151 !
2761 5098 3053 5166 Γέγραπται
3082 5092 3206 5162 γὰρ,
3240 5090 3321 5140 ὅτι
3347 5090 3462 5141 Τὸν
3491 5090 3683 5137 νῶτόν
3713 5103 3841 5156 μου

2228 5184 2484 5241 δέδωκα
2548 5186 2634 5246 εἰς
2685 5186 3030 5257 μάστιγας,
3065 5180 3283 5233 καὶτὸ
3342 5178 3685 5249 πρόσωπόν
3714 5193 3841 5245 μου

2224 5276 2333 5330 οὐκ
2368 5276 2755 5347 ἀπεστράφη
2801 5271 2919 5325 ἀπὸ
2961 5270 3295 5343 αἰσχύνης
3335 5265 3837 5336 ἒμπτυσμάτων,

2223 5372 2334 5419 και
2399 5368 2510 5428 τὰς
2587 5368 2902 5436 σιαγόνας
2967 5380 3085 5433 μου
3174 5358 3290 5411 ἀπὸ
3369 5354 3838 5430 ῥαπισμάτων.

2226 5456 2283 5511 Εἰ
2326 5452 2384 5509 δι
2436 5456 2460 5507 6
2510 5456 2640 5515 Θεὸς
2688 5453 2759 5515 εἰς
2799 5454 3058 5512 τοσαύτας
3128 5447 3319 5523 ὕϐρεις,
3376 5449 3464 5496 καὶ
3512 5445 3677 5505 πάθη,
3734 5447 3836 5494 καὶ

2222 5549 2533 5599 ταπείνωσιν
2581 5541 2827 5607 κατῆλθε,
2876 5543 2942 5594 σύ
2996 5541 3022 5592 ὁ
3072 5541 3225 5611 φύσει
3281 5531 3534 5610 βόρϐορος
3596 5535 3688 5584 καὶ
3742 5535 3841 5603 φύε

2360 5672 2409 5706 ⁶⁶
2443 5669 2552 5726 Isa.
2588 5684 2639 5733 L,
2669 5672 2731 5723 6.
