4034 6202
199 301 310 359 693
1467 300 1809 358 HOMlLlE.
1849 332 1918 346 —-
1959 303 2132 362 HOM.
2167 305 2390 362 XXVII.
3465 298 3573 354 694

201 445 334 488 σεως
385 428 593 492 θνητῆς,
648 427 752 478 ὅσα
799 426 861 480 ἂν
915 429 1256 500 ταπεινωθῇς,
1311 423 1463 480 οὐδὲν
1508 428 1683 500 ὅμοιον
1733 425 1804 499 τῷ

214 525 225 530 -
359 520 367 530 .
746 520 758 530 .
927 515 979 530 .-
1043 520 1126 530 -.
1221 511 1291 530 ε..
1392 519 1399 530 .
1469 516 1480 526 .
1594 519 1602 530 .
1693 519 1705 530 .

1954 437 2134 489 latura
2162 433 2338 489 limus
2361 448 2443 498 es,
2472 436 2530 488 et
2553 432 2815 490 mortalis
2841 434 3092 495 naturae,
3122 432 3570 501 quantumcun-

199 520 438 589 Δεσπότη
492 535 588 568 σου
638 520 896 577 ποιήσεις.
927 515 984 568 ’0
1034 520 1165 580 Θεὸς
1210 511 1305 569 διὰ
1357 519 1413 569 σε
1458 516 1639 570 ἑαυτὸν
1689 519 1809 569 ἐτα-

1954 539 2039 593 [ιιθ
2057 522 2402 578 humiliatus
2423 523 2622 590 fueris,
2649 523 2812 588 nihil,
2844 521 3008 594 quod
3031 536 3168 576 cum
3191 517 3441 574 Domino
3468 522 3567 570 tuo

197 611 447 672 πείνωσε,
502 609 592 658 καὶ
647 610 712 658 σὺ
767 601 861 658 διὰ
915 609 1133 659 σεαυτόν
1183 610 1242 658 οὐ
1286 614 1645 672 ταπεινοῦσαι,
1705 604 1811 657 ἀλλ’

204 695 218 711 9
315 701 328 711 ι
501 699 512 711 ι
719 701 738 710 ν
941 692 1031 711 "A
1144 698 1157 711 \
1291 699 1300 711 ι
1389 695 1435 711 A‘
1486 695 1496 711 Ι
1701 699 1710 711 ό
1789 697 1800 711 I

1958 611 2402 682 omparandum
2423 613 2515 678 sit,
2541 612 2764 667 feceris.
2790 615 2939 666 Deus
2964 610 3046 665 tui
3070 609 3262 679 gratia
3284 623 3346 662 se
3369 606 3569 676 ipsum

197 695 397 768 ἐπαίρη
429 699 519 746 καὶ
576 701 836 767 τυφοῦσαι
871 713 883 724 ·
936 692 1058 753 ἦλθε
1097 698 1199 770 γὰρ
1247 699 1342 758 τὰς
1387 695 1587 767 θλιψεις
1629 699 1718 748 xui
1749 697 1813 747 τὰ

1954 700 2276 767 ιυωίιὶενὶι,
2313 708 2372 755 tu
2403 717 2544 756 vero
2570 702 2655 756 tui
2689 700 2877 770 gratia
2907 715 3027 754 non
3068 697 3328 752 demittis
3360 700 3434 757 te,
3466 691 3572 748 sed

201 783 346 858 βάρη
377 782 574 854 λαϐεῖν,
627 789 718 836 καὶ
769 788 864 843 τὴν
897 786 1057 837 αὑτοῦ
1107 784 1400 838 ἀνάπαυσιν
1447 805 1530 838 σοι
1580 782 1764 838 δοῦναι
1794 801 1809 816 ⁸

1954 789 2218 846 ηχιοιιθιιὶε
2251 796 2429 862 atque
2455 789 2787 845 insolescis.
2819 789 2986 843 Venit
3016 787 3197 850 enim,
3221 790 3282 840 ut
3307 781 3574 839 afﬂictio-

201 880 295 926 xui
351 877 416 926 σὺ
472 873 533 925 οὐ
584 873 740 934 θελεις
792 878 977 934 πόνους
1022 872 1300 946 βαστάσαι
1351 878 1440 926 καὶ
1486 876 1688 940 παθεῖν,
1733 877 1816 926 ἵνα

249 965 267 978 ο
402 958 426 978 Ω
537 964 597 978 Α..
851 965 860 978 δ
1021 966 1030 978 ο
1217 963 1229 978 ἢ
1255 965 1266 978 ο
1572 971 1592 978 ..
1697 970 1707 978 .
1734 963 1780 978 ιν

1954 896 2032 934 les
2079 885 2135 934 et
2176 895 2360 936 onera
2404 885 2505 934 tua
2531 878 2774 944 tolleret,
2816 894 2885 933 ac
2935 875 3202 948 requiem
3245 889 3415 928 suam
3467 870 3572 927 tibi

213 965 346 1017 οὕτω
390 958 597 1035 δυνηθῇ
655 981 757 1015 σαυ
806 965 872 1015 τὰ
905 966 1184 1036 τραύματα
1215 963 1396 1025 ἰάσεως
1436 971 1637 1036 τυχεῖν.
1685 963 1818 1026 Δόξα

1954 967 2218 1024 :onferret
2250 985 2262 1021 :
2293 975 2354 1024 tu
2386 985 2524 1024 vero
2550 968 2787 1024 labores
2819 965 3064 1022 sufferre
3090 980 3159 1020 ac
3199 962 3320 1034 pati
3352 961 3574 1027 renuis,

213 1061 277 1126 τῇ
333 1052 497 1124 ἀνοχῇ
553 1057 642 1104 xui
685 1054 1028 1126 μακροθυμίᾳ
1077 1053 1259 1119 αὐτοῦ,
1311 1053 1382 1114 εἰς
1428 1057 1548 1116 τοὺς
1600 1053 1812 1115 αἰῶνας.

1954 1074 2050 1130 [uo
2067 1058 2296 1130 possint
2312 1058 2425 1113 hoc
2447 1063 2622 1130 pacto
2641 1063 2740 1112 tua
2761 1054 3008 1110 vulnera
3026 1052 3340 1108 sanitatem
3369 1063 3577 1105 conse-

227 1143 408 1215 Ἀμήν.
1928 1147 2053 1219 qui.
2088 1146 2285 1202 Gloria
2315 1147 2388 1202 sit
2418 1145 2718 1216 patientius
2744 1149 2799 1199 et
2829 1141 3268 1213 longanimitati
3301 1137 3492 1210 ipsius
3517 1136 3578 1191 in

1931 1236 2169 1292 saecula.
2202 1236 2412 1292 Amen.

2487 1323 2776 1380 HOMILIA
2818 1321 3019 1376 XXVII.

1937 1433 2286 1503 Dignitatem
2302 1439 2353 1489 et
2368 1439 2577 1503 statum
2593 1428 2926 1503 Christiani
2937 1426 3186 1483 hominis
3201 1423 3434 1493 copiosa
3449 1435 3582 1503 οζζᾳ-

2004 1493 2546 1575 ῖίοηθρνοεθῳιίιην
2559 1501 3042 1575 haecho‘miliamt
3055 1506 3106 1554 et
3123 1513 3252 1575 qua
3264 1493 3572 1575 praecedit.

2001 1565 2227 1634 Deinde
2255 1578 2326 1633 de
2351 1565 2539 1632 libero
2564 1572 2816 1628 arbitrio
2847 1572 3041 1626 multa
3069 1565 3379 1624 utilissima
3409 1565 3578 1619 docet

2001 1645 2731 1776 pei'mli'stisquzstionibus
2745 1642 3101 1714 quibusdam
3119 1640 3325 1696 divina
3342 1636 3581 1705 sapien-

2007 1733 2092 1776 ιια
2119 1737 2158 1776 υ
2189 1736 2334 1776 ems.

2007 1733 2092 1778 ιια
2116 1733 2334 1791 plenis.

811 1317 1056 1371 OMIAIA
1103 1315 1222 1370 ΚΖ.

202 1426 374 1494 Περὶ
426 1431 536 1483 τῆς
573 1421 922 1497 ᾲξιότητος
961 1427 1087 1497 _xui
1128 1425 1582 1497 στάσεως-τοῦ
1625 1431 1822 1497 Χρισ-

272 1491 506 1568 {iuvat}
567 1493 906 1568 ἀνθρώπου
948 1492 1063 1568 διὰ
1115 1494 1358 1548 πολλῶν
1416 1491 1816 1568 διηγουμένη

278 1564 578 1651 διατελῇ
607 1564 769 1625 αὕτη
811 1568 840 1625 ἡ
882 1567 1128 1651 ὁμιλία,
1169 1569 1244 1651 ῶς
1281 1571 1388 1651 κριὶ
1427 1569 1456 1625 ἠ
1499 1564 1822 1642 προηγου-

275 1641 460 1711 μένη.
508 1638 767 1711 Ἔπειτα
804 1643 949 1711 περὶ
991 1646 1097 1690 τοῦ
1148 1638 1578 1711 α-ὐτεξουσίου
1617 1638 1822 1693 πανω-

276 1657 460 1711 μενη.
531 1657 767 1691 ιεπειτα
805 1657 876 1690 πε
933 1659 949 1690 ι
991 1657 1097 1690 του
1148 1657 1578 1701 αυτεςουσιου
1617 1660 1822 1693 πανω-

276 1710 517 1782 φέλιμα
554 1709 753 1762 πολλὰ
792 1657 1132 1776 διὲάσκει,
1175 1708 1590 1782 ἁναμιγνῦσα
1631 1715 1822 1775 ζητή-

279 1800 422 1843 σεις
460 1783 644 1844 τινὰς
683 1783 856 1842 θείας
897 1787 1130 1854 σοφίας
1167 1783 1364 1856 πλήρε
1389 1803 1463 1845 ις.
1861 1783 1903 1838 Β

282 1886 369 1942 Α’.
402 1888 571 1940 Γνῶθί
622 1906 716 1940 σου
772 1892 868 1946 τὴν
917 1887 1188 1959 εὐγένειαν,
1223 1885 1262 1940 ὦ
1311 1889 1568 1963 ἄνθρωπε,
1626 1894 1715 1942 καὶ
1767 1893 1824 1941 τὸ

218 1976 424 2048 ἀξίωμα
481 1993 494 2006 ·
552 1995 662 2036 πως
717 1981 886 2048 τίμιος
946 1973 1010 2041 εἰ,
1074 1973 1297 2049 ἁδελφός
1351 1984 1606 2052 Χριστοῦ,
1689 1978 1827 2051 φῦκος

214 2063 499 2138 βασιλέως,
553 2067 723 2138 νύμφη
786 2073 879 2118 τοῦ
933 2065 1246 2140 ἐπουρανίου
1303 2072 1567 2140 Νυμφίου.
1610 2067 1668 2121 e0
1723 2070 1825 2142 γὰρ

214 2156 465 2216 δυνηθεὶς
516 2156 794 2226 ἐπιγνῶναι
849 2157 908 2207 τὸ
970 2153 1178 2229 ἀξίωμα
1236 2163 1329 2217 τῆς
1381 2156 1566 2210 ἑαυτοῦ
1621 2157 1826 2230 ψυχῆς,

216 2244 376 2305 οὗτος
401 2240 622 2296 δύναται
669 2242 948 2316 ἐπιγνῶναι
982 2250 1076 2304 τὴν
1127 2241 1372 2317 δύναμιν,
1405 2251 1496 2299 καὶ
1524 2248 1591 2299 τὰ
1618 2253 1828 2318 μυστή-

207 2352 308 2407 ρια
363 2341 458 2394 τῆς
519 2333 782 2399 θεότητος,
835 2337 926 2386 xui
981 2332 1174 2406 μᾶλλον
1231 2336 1457 2388 ἐντεῦθεν
1506 2339 1830 2396 ταπεινωθῆο

210 2442 305 2474 ναι
339 2438 353 2451 ·
417 2417 598 2480 ἐπειδή
663 2418 754 2474 διὰ
828 2418 1103 2495 δυνάμεως
1161 2431 1318 2489 Θεοῦ,
1374 2423 1551 2496 βλέπει
1607 2445 1687 2488 τις
1736 2430 1828 2485 τὴν

203 2519 417 2565 πτῶσιν
472 2509 672 2562 ἐαυτοῦ.
729 2510 873 2565 Ἀλλ’
906 2517 959 2562 ὃν
1003 2517 1191 2585 τρόπον
1224 2512 1380 2575 αὐτὸς
1431 2509 1526 2566 διὰ
1575 2517 1828 2587 παθημά-

212 2621 318 2653 των
380 2604 471 2652 καὶ
530 2607 761 2673 σταυροῦ
835 2600 1090 2674 παρῆλθε,
1162 2606 1248 2654 xui
1314 2602 1479 2665 οὕτως
1541 2600 1826 2671 ἐδοξάσθη,

209 2695 302 2744 xui
358 2691 601 2742 ἓκαθισεν
646 2692 696 2741 ἐν
748 2685 898 2759 δεξιᾷ
944 2697 1036 2742 τοῦ
1089 2695 1294 2766 Πατρός
1325 2709 1337 2721 ’
1393 2696 1483 2744 καὶ
1530 2693 1666 2745 οὕτω
1716 2699 1826 2766 χρὴ

207 2784 302 2832 xui
365 2781 424 2831 σε
485 2779 799 2849 συμπαθεῖν,
851 2783 943 2830 xui
1003 2782 1468 2853 συσταυρωθῆναι,
1527 2787 1613 2835 xui
1672 2785 1831 2846 οὕτως

215 2868 466 2933 ἀνελθεῖν,
521 2871 612 2920 xui
669 2869 1015 2939 συγκαθίσαι,
1082 2873 1172 2921 xui
1227 2872 1555 2942 συναφθῆναι
1605 2881 1676 2942 τῷ
1727 2879 1831 2925 σώ-

222 2977 354 3029 μασι
415 2963 512 3009 τοῦ
570 2964 829 3030 Χριστοῦ,
901 2961 990 3009 xui
1043 2959 1265 3011 πάντοτε
1323 2959 1724 3031 συμϐασιλεύειν
1785 2961 1831 3021 ἐν

231 3045 393 3115 ἐκείνῳ
419 3054 496 3116 τῷ
555 3045 724 3111 αἰῶνι,
776 3049 914 3119 εῖπερ
969 3050 1379 3120 συμπάσχομεν,
1445 3049 1526 3101 ἵνα
1572 3054 1661 3102 καὶ
1713 3069 1832 3103 συν-

240 3131 589 3208 δοξασθῶμεν.
1865 3136 1904 3192 C

300 3223 366 3275 B'.
398 3222 554 3276 Ὀσοι
607 3225 708 3299 γὰρ
742 3219 1012 3282 δυνηθῶσι
1051 3226 1418 3296 περιγενέσθαι
1447 3231 1536 3280 καὶ
1565 3227 1833 3303 παρελθεῖν

217 3316 347 3374 τοὺς
402 3315 655 3386 θριγκοὺς
681 3320 774 3372 τῆς
822 3315 1031 3378 κακίας,
1074 3312 1406 3387 εἰσέρχονται
1435 3315 1504 3378 εἰς
1556 3322 1650 3376 τήν
1680 3321 1836 3370 ἕπου-

210 3403 397 3473 ράνιον
461 3400 634 3466 πόλιν,
696 3405 789 3458 τήν
873 3401 1275 3474 εἰρηνευομένην
1326 3409 1416 3456 καὶ
1466 3411 1659 3477 μεστήν
1711 3407 1835 3459 πολ-

216 3491 319 3543 λῶν
382 3489 614 3562 ἀγαθῶν,
662 3491 790 3542 ὅπου
848 3493 914 3543 τὰ
960 3494 1230 3564 πνεύματα
1281 3501 1379 3544 τῶν
1447 3491 1666 3547 δικαίων
1717 3494 1837 3548 ἁνα-

210 3583 499 3634 παύονται.
560 3586 643 3632 Δεῖ
685 3575 772 3632 οὖν
820 3581 948 3654 ὑπὶρ
979 3583 1170 3633 τούτου
1210 3582 1444 3654 μεγάλως
1490 3592 1719 3643 πονῆσαι
1747 3591 1836 3639 καὶ

219 3669 596 3741 ἀγωνίσασθαι
629 3685 642 3698 '
677 3667 735 3720 οὐ
787 3671 887 3744 γάρ
921 3672 1035 3722 ἐστι
1086 3667 1296 3723 δίκαιον
1341 3675 1428 3723 τὸν
1476 3678 1712 3745 Νυμφίον
1745 3671 1838 3727 διὰ

218 3762 281 3812 σε
339 3757 551 3811 ἐλθόντα
601 3759 784 3810 παθεῖν
833 3763 923 3810 καὶ
987 3762 1375 3834 σταυρωθῆναι,
1425 3766 1513 3814 καὶ
1569 3767 1663 3820 τὴν
1713 3766 1840 3835 νύμ.

222 3867 347 3922 φην,
387 3843 462 3900 δι’
509 3847 568 3905 ἣν
621 3847 646 3899 ὁ
676 3852 912 3920 Νυμφίος
962 3851 1289 3920 παρεγίνετο,
1339 3855 1427 3903 xui
1470 3856 1838 3924 καυχουμένην

227 3933 365 3990 εἶναι
395 3942 485 3988 xui
532 3935 820 4011 ῥέμϐεσθαι
847 3954 860 3968 ⁸
896 3939 1069 4010 ὥσπερ
1118 3940 1219 4012 γὰρ
1252 3941 1300 3991 ἓν
1352 3947 1462 4000 τοῖς
1491 3946 1835 4013 φαινομένοις,

224 4025 317 4078 id"
357 4022 390 4097 ἦ
433 4045 511 4085 τις
552 4031 738 4098 πόρνη,
779 4031 942 4078 πᾶσιν
972 4022 1289 4079 ἐπιδίδωσιν
1321 4027 1507 4086 ἑαυτὴν
1547 4028 1778 4090 ἀτάκτως
1818 4045 1831 4059 ·

225 4117 371 4168 οὕτω
400 4119 490 4166 xui
544 4116 574 4172 ἠ
606 4113 761 4186 ψυχή
799 4119 952 4168 παντὶ
999 4111 1314 4168 ἐπιδέδωκεν
1363 4116 1548 4176 ἑαυτὴν
1599 4115 1834 4191 δαίμονι,

225 4209 322 4257 καὶ
355 4205 618 4277 φθείρεται
658 4205 758 4256 ὑπὸ
811 4211 912 4256 τῶν
942 4208 1266 4276 πνευμάτων.
1316 4205 1436 4260 Εἰσὶ
1473 4210 1573 4280 γὰρ
1613 4209 1662 4260 οἱ
1692 4211 1840 4280 ἔχον-

2006 1900 2324 1968 I.Agnosce
2336 1893 2706 1951 nobilitatem
2721 1896 2909 1957 tuam,
2925 1890 3178 1957 ohomo,
3195 1893 3483 1959 tuamque
3497 1883 3582 1939 di‘

1936 1990 2250 2062 gnitatem:
2275 2001 2458 2058 quam
2474 1984 2771 2056 pretiosus
2785 1981 2886 2045 sis,
2910 1980 3086 2034 frater
3100 1975 3331 2041 Christi,
3351 1973 3585 2030 amicus

1935 2079 2112 2150 regis,
2137 2091 2362 2150 sponsa
2385 2072 2602 2146 Sponsi
2625 2070 2896 2127 caelestis.
2923 2069 3272 2140 Quicunque
3296 2065 3455 2121 enim
3483 2078 3588 2133 po-

1941 2167 2115 2224 tuerit
2165 2177 2527 2236 cognoscere
2580 2160 2931 2232 dignitatem
2998 2157 3216 2213 animas
3271 2169 3417 2216 suae,
3487 2150 3584 2206 ille

1941 2257 2526 2332 poteritcognoscere
2537 2252 2864 2325 potentiam
2881 2247 3226 2321 etmysteria
3238 2241 3583 2306 divinitatis;
3607 2295 3610 2298 .

1939 2331 2209 2421 quinimo
2252 2344 2392 2401 inde
2434 2341 2734 2398 humiliari
2788 2339 3044 2412 poterit:
3086 2331 3586 2409 quandoquidem

1939 2436 2230 2493 beneﬁcio
2243 2433 2470 2489 virtutis
2483 2433 2694 2487 divinae
2711 2429 2926 2501 aliquis
2954 2443 3130 2483 suum
3145 2425 3331 2496 ipsius
3345 2423 3585 2493 lapsum

1939 2527 2219 2583 intuetur.
2250 2525 2535 2580 Caeterum
2564 2537 2686 2592 quo
2718 2523 2892 2590 pacto
2919 2517 3044 2588 ipse
3067 2530 3172 2586 per
3200 2512 3508 2584 passiones
3534 2513 3590 2562 et

1941 2631 2176 2673 crucem
2217 2612 2463 2676 transiit,
2496 2616 2552 2666 et
2589 2610 2668 2665 ita
2699 2607 3064 2679 gloriﬁcatus
3103 2609 3192 2658 est
3225 2618 3294 2657 ac
3321 2599 3473 2654 sedit
3511 2597 3590 2652 ad

1941 2705 2211 2760 dextram
2232 2701 2451 2768 Patris;
2473 2699 2557 2754 sic
2581 2713 2823 2771 quoque
2839 2702 2891 2751 te
2919 2691 3180 2766 compati
3207 2704 3454 2745 necesse
3481 2693 3585 2750 est,

1949 2793 2119 2866 103
2156 2791 2452 2862 simulque
2483 2787 2772 2856 cruciﬁgi,
2807 2790 2864 2841 et
2894 2785 2976 2839 sic
3003 2795 3315 2850 resurgere
3345 2796 3356 2833 :
3391 2781 3448 2833 et
3471 2791 3593 2831 una

1944 2863 2151 2938 sedere
2177 2887 2231 2936 et
2258 2879 2542 2950 conjungi
2575 2876 2808 2948 corpori
2841 2872 3065 2934 Christi,
3103 2875 3158 2926 et
3198 2872 3484 2942 perpetuo
3513 2863 3591 2918 si.

1945 2971 2068 3027 mul
2108 2984 2357 3040 regnare
2398 2968 2459 3022 in
2500 2966 2596 3021 illo
2633 2962 2868 3027 saaculo.
2912 2960 3198 3031 siquidem
3240 2957 3422 3013 simul
3459 2969 3590 3009 cum

1945 3077 2007 3118 eo
2026 3061 2314 3131 patimur,
2343 3062 2474 3112 utet
2500 3070 2620 3110 una
2643 3069 2776 3110 cum
2792 3051 2900 3107 illo
2924 3047 3413 3121 gloriﬁcemur“.

2014 3236 2080 3290 Il.
2125 3235 2474 3305 Quicunque
2524 3229 2681 3285 enim
2724 3241 3006 3299 superare
3046 3239 3116 3280 ac
3158 3220 3452 3279 transilire
3491 3234 3595 3291 po-

1945 3326 2161 3382 tuerint
2191 3327 2362 3395 septa
2405 3319 2703 3392 nequitias,
2734 3316 3148 3386 ingrediuntur
3187 3312 3248 3368 in
3291 3309 3592 3366 caelestem

1945 3413 2263 3475 civitatem,
2305 3410 2469 3482 pacis
2508 3424 2578 3462 ac
2618 3405 2940 3462 multorum
2987 3404 3287 3459 bonorum
3330 3398 3594 3470 plenam,

1947 3502 2049 3557 ubi
2073 3502 2318 3574 spiritus
2341 3501 2641 3570 justorum
2660 3495 3060 3568 requiescunt.
3087 3493 3275 3564 Super
3288 3491 3401 3545 hoc
3421 3487 3598 3558 igitur

1948 3606 2206 3648 maxnme
2236 3587 2638 3645 laborandum
2672 3603 2742 3640 ac
2771 3581 3202 3640 decertandum
3237 3597 3248 3636 :
3294 3577 3592 3650 siquidem

1947 3697 2068 3736 non
2104 3686 2190 3735 est
2230 3693 2492 3749 aaquum,
2540 3678 2838 3748 Sponsum
2881 3673 2962 3728 tui
3004 3672 3196 3741 gratia
3234 3669 3592 3732 venientem,

1947 3785 2194 3842 passum
2209 3783 2278 3823 ac
2305 3765 2657 3822 cruciﬁxum
2673 3778 2831 3828 esse;
2857 3776 3142 3832 sponsam
3173 3774 3334 3823 vero,
3358 3762 3599 3828 propter

1947 3873 2133 3931 quam
2175 3857 2441 3926 Sponsus
2472 3852 2650 3917 venit,
2691 3851 2750 3906 in
2785 3849 3028 3905 mollitie
3063 3847 3286 3902 versari
3319 3851 3372 3900 et
3416 3843 3601 3912 negli-

1948 3946 2145 4016 gentia
2167 3943 2438 3999 distrahi.
2464 3939 2992 4008 Quemadmodum
3016 3937 3173 3992 enim
3192 3937 3250 3990 in
3265 3934 3446 3990 rebus
3461 3948 3599 3988 ocu-

1947 4033 2142 4090 lorum
2168 4031 2314 4088 aciei
2335 4029 2640 4100 subjectis,
2663 4028 2799 4082 sisit
2821 4025 3098 4082 meretrix
3111 4023 3436 4096 quaepiam,
3458 4035 3595 4093 quae

1949 4123 2229 4181 omnibus
2266 4137 2328 4176 se
2368 4121 2562 4191 ipsam
2602 4117 2852 4189 turpiter
2889 4115 3227 4187 prostituat,
3272 4113 3355 4167 sic
3389 4116 3446 4166 et
3480 4109 3604 4166 ani-

520 4222 618 4302 u-au
658 4205 758 4302 ὑπὸ
811 4211 912 4256 τῶν
942 4208 1266 4276 πνευμάτων.
1316 4205 1436 4260 Εἰσὶ
1473 4210 1573 4280 γὰρ
1613 4209 1662 4260 οἱ
1692 4211 1840 4280 ἔχον·
1950 4229 2070 4278 ma,
2100 4211 2512 4281 cuicunquese
2541 4202 3088 4269 tradiditdaemoni,
3117 4208 3172 4257 et
3196 4199 3599 4271 corrumpitur

222 4313 310 4356 τες
368 4297 462 4351 τὴν
509 4294 788 4368 ἁμαρτίαν,
835 4298 924 4346 καὶ
976 4297 1034 4346 τὸ
1082 4297 1244 4346 κακὸν
1291 4299 1428 4348 κατὰ
1484 4303 1785 4371 προαίρεσιν
1817 4317 1834 4331 ο

315 4387 325 4397 .
433 4379 468 4397 ε..
658 4384 668 4397 .
855 4387 864 4397 ,
1080 4384 1176 4397 η.
1252 4388 1306 4397 ..
1515 4394 1532 4397 _
1711 4389 1722 4397 .
1789 4390 1797 4397 .

1954 4318 1984 4359 β.
2033 4299 2359 4372 spiritibus.
2419 4301 2542 4353 Non
2591 4296 2808 4351 desunt
2865 4293 3051 4359 enim,
3098 4291 3200 4363 qui
3252 4294 3498 4362 peccato
3547 4293 3604 4344 et

226 4387 368 4445 τινες
422 4379 482 4435 δὲ
536 4384 680 4457 παρὰ
705 4387 1030 4458 προαίρεσιν.
1080 4384 1184 4439 Καὶ
1210 4389 1262 4437 τί
1291 4388 1407 4438 ἐστι
1435 4394 1603 4440 ταῦτα
1631 4406 1643 4453 ;
1676 4389 1724 4440 οἰ
1748 4390 1836 4460 μὲν

1954 4389 2194 4446 malitias
2234 4386 2477 4444 obnoxii
2511 4391 2649 4440 sunt
2687 4401 2756 4440 ex
2794 4382 3123 4455 proposito,
3167 4381 3418 4452 quidam
3459 4392 3602 4432 vero

226 4475 372 4526 κατὰ
423 4475 729 4546 προαίρὲσιν
777 4474 987 4544 ἔχοντες
1013 4477 1071 4525 τὸ
1120 4477 1296 4540 κακὸν,
1332 4475 1477 4528 οὗτοί
1530 4477 1660 4529 εἰσιν
1707 4479 1836 4530 οἰτό

1954 4484 2164 4552 praeter
2191 4477 2590 4549 propositum.
2613 4474 2762 4541 Quid
2796 4488 2936 4529 vero
2964 4471 3078 4527 sibi
3103 4469 3310 4526 volunt
3331 4468 3442 4523 ista
3464 4469 3492 4523 ?
3521 4469 3600 4521 Ex

231 4563 430 4616 ἑαυτῶν
484 4561 681 4634 θέλημα
726 4557 1053 4624 ἐπιδιδόντες
1105 4570 1167 4636 τῇ
1232 4569 1411 4637 κακίᾳ,
1467 4571 1556 4618 καὶ
1616 4564 1839 4626 συνηδό-

230 4670 404 4725 μενοι,
463 4655 553 4703 xui
607 4649 944 4723 φιλιαξοντες,
1003 4651 1148 4704 οὗτοι
1201 4652 1406 4726 εἰρήνην
1463 4657 1654 4726 ἔχουσι
1711 4659 1843 4727 μετὰ

230 4748 326 4794 τοῦ
353 4745 580 4805 Σατανᾶ,
631 4743 721 4791 xui
746 4739 804 4792 οὐ
848 4748 1064 4793 ποιοῦσι
1112 4741 1330 4814 πόλεμον
1359 4741 1408 4795 ἐν
1439 4751 1543 4805 τοῖς
1569 4744 1840 4817 λογισμοῖς

235 4832 373 4902 μετὰ
423 4835 518 4881 τοῦ
573 4824 835 4884 διοϐόλου.
892 4831 959 4882 Oi
1012 4827 1070 4882 δὲ
1125 4833 1269 4906 παρὰ
1322 4837 1650 4906 προαίρεσιν,
1699 4834 1842 4887 οὗτοι

233 4923 434 4991 ἔχουσι
466 4921 560 4976 τήν
591 4917 794 4980 ἑαυτοῖς
846 4918 1106 4991 ἁμαρτίαν
1167 4919 1843 4994 ἀντιστρατευομένην

236 5005 296 5059 ἐν
338 5013 477 5068 τοῖς
514 5006 770 5078 μέλεσιν
812 5007 1038 5074 αὐτῶν,
1093 5011 1228 5061 κατὰ
1253 5012 1338 5062 τὸν
1372 5011 1708 5065 Ἀπόστολον.
1746 5018 1845 5066 Καὶ

239 5100 386 5150 ἔστιν
439 5098 470 5154 ἠ
525 5093 833 5169 ὁμιχλώδης
882 5093 1122 5170 δύναμις,
1176 5102 1264 5151 καὶ
1307 5101 1362 5152 τὸ
1418 5101 1669 5173 κάλυμμα
1704 5105 1848 5178 παρὰ

239 5191 572 5260 προαίρεσιν,
617 5190 706 5239 xui
759 5186 818 5238 οὗ
865 5193 1232 5258 συμφωνοῦσιν
1286 5187 1335 5240 ἐν
1392 5196 1502 5251 τοῖς
1552 5189 1844 5263 λογισμοῖς,

240 5279 366 5328 οὔτε
418 5271 759 5339 συνήδονται,
817 5276 846 5334 ἦ
909 5276 1284 5347 ὑπακούουσιν,
1339 5277 1443 5330 ἀλλ’
1499 5277 1844 5351 ἀντιλέγουσι,

242 5370 334 5416 xui
382 5362 840 5439 ἁντιπράττουσιν,
898 5363 1199 5436 ὀργίζονται
1250 5366 1465 5428 ἑαυτοῖς.
1524 5368 1684 5422 Οὗτοι
1721 5369 1850 5422 πολύ

245 5453 354 5506 εἰσι
409 5452 668 5514 καλλίονες
706 5457 795 5506 xui
847 5473 1145 5527 τιμιωτεροι
1191 5457 1335 5529 παρὰ
1373 5464 1508 5528 Θεῷ,
1550 5459 1676 5531 ὑπὲρ
1725 5461 1850 5512 ἐκεί·

321 5681 368 5716 ⁸⁷
399 5681 570 5737 Rom.
600 5693 718 5745 vui,
753 5680 814 5736 t7
891 5681 938 5716 “
969 5681 1138 5738 Rom.
1173 5696 1270 5753 vu,
1303 5683 1392 5738 23.

1953 4568 2260 4641 praposito
2306 4565 2554 4636 quidem
2613 4563 2852 4620 malitia
2891 4561 3137 4618 obnoxii
3184 4564 3321 4614 sunt
3359 4558 3439 4623 hi,
3495 4555 3603 4626 qui

1952 4657 2322 4713 voluntatem
2351 4671 2523 4710 suam
2553 4653 2795 4709 malitiae
2829 4650 3222 4715 tradiderunt,
3254 4647 3472 4716 illaque
3503 4644 3602 4700 de-

1951 4745 2167 4811 lectati,
2200 4744 2530 4801 amicitiam
2561 4759 2698 4798 cum
2726 4758 2798 4797 ea
2822 4741 3028 4796 ineunt
3060 4755 3071 4793 :
3115 4734 3461 4807 hujusmodi
3499 4733 3600 4806 qui

1954 4841 2111 4901 sunt,
2142 4850 2354 4906 pacem
2384 4833 2586 4888 colunt
2623 4847 2759 4886 cum
2793 4832 3032 4892 Satana,
3067 4843 3175 4882 nec
3206 4825 3428 4881 bellum
3463 4822 3606 4878 infe-

1955 4928 2094 4980 runt
2132 4921 2612 4992 cogitationibus.
2646 4921 2756 4986 Qui
2785 4933 2921 4973 vero
2960 4921 3176 4988 praeter
3203 4914 3598 4986 propositum,

1954 5012 2015 5068 hi
2040 5012 2265 5068 habent
2288 5011 2536 5083 quidem
2558 5008 2723 5080 apud
2745 5024 2807 5063 se
2835 5011 3146 5078 peccatum
3175 5017 3519 5074 repugnans
3545 5003 3608 5057 in

1957 5101 2231 5159 membris
2271 5102 2553 5166 eorum“,
2597 5099 2930 5154 secundum
2961 5095 3309 5166 Apostolum
3345 5109 3357 5147 :
3401 5095 3607 5163 estque

1958 5191 2253 5248 nebulosa
2277 5191 2366 5244 vis
2392 5196 2447 5245 et
2468 5189 2658 5260 caligo
2684 5194 2900 5259 praeter
2924 5185 3297 5258 prapositum
3323 5201 3335 5238 :
3366 5197 3486 5237 non
3523 5187 3606 5238 ta-

1960 5297 2098 5338 men
2129 5279 2510 5337 consentiunt
2537 5279 2595 5334 in
2627 5277 3111 5349 cogitationibus,
3155 5291 3264 5331 nec
3292 5289 3415 5329 una
3444 5272 3611 5329 dele-

1961 5375 2195 5427 ctantur
2213 5375 2316 5425 aut
2342 5369 2782 5440 obtemperant,
2807 5368 2910 5424 sed
2938 5365 3359 5423 contradicunt
3386 5368 3442 5419 et
3471 5377 3610 5418 con-

1963 5458 2297 5525 trafaciunt,
2327 5458 2672 5516 irascuntur
2700 5458 2811 5514 sibi
2844 5457 2954 5529 ipsi
2979 5472 2991 5510 :
3033 5455 3096 5510 hi
3123 5454 3302 5524 longe
3329 5457 3612 5526 praestan-
