4076 6210
422 259 528 315 695

1717 259 1773 311 S.
1817 254 2116 313 MACAHII
2156 255 2466 313 EGYPTII

3672 258 3783 316 696

420 388 601 445 tiores
624 402 692 443 ac
715 384 1021 456 digniores
1046 390 1184 442 sunt
1206 384 1369 457 apud
1402 386 1610 452 Deum,
1633 399 1819 455 quam
1842 382 1939 447 illi,
1967 383 2070 454 qui

2203 404 2293 445 ους
2344 388 2462 447 τοὺς
2514 380 2629 459 ἰδίᾳ
2683 389 2987 460 προαιρέσει
3031 387 3091 437 τὸ
3144 383 3340 457 θέλημα
3390 384 3557 438 αὐτῶν
3610 379 3786 437 ἐπιδιο

420 478 495 534 de
516 476 807 532 industria
828 492 899 531 ac
927 477 1201 531 consulto
1228 474 1593 530 voluntatem
1614 490 1788 530 suam
1828 472 2071 528 malitias

424 566 815 631 tradiderunt,
851 570 906 621 et
938 581 1055 621 una
1085 565 1475 620 delectantur.

496 674 585 728 III.
602 673 1127 738 Quemadmodum
1145 673 1193 727 si
1218 672 1290 727 sit
1314 687 1437 738 rex,
1453 671 1554 743 qui
1587 671 1896 727 inveniens
1911 669 2073 743 puel-

423 762 545 819 lam
560 763 891 835 quamdam
906 777 1254 835 pauperem.
1273 761 1490 832 pannis
1503 760 1783 824 obsitam,
1800 775 1920 815 non
1941 774 2069 816 eru-

424 851 869 918 bescat,ablatis
884 851 1140 907 sordidis
1153 851 1282 920 ejus
1298 848 2071 919 indumentis,nigredinem

426 940 621 996 eluere
647 957 902 1012 eamque
938 946 1182 995 exornet
1225 938 1554 1011 splendidis
1598 938 1883 1008 vestibus,
1926 939 2073 995 asci-

426 1035 670 1101 seatque
698 1045 832 1085 eam
846 1028 959 1085 sibi
990 1029 1214 1084 sociam
1231 1027 1407 1098 regis,
1438 1033 1616 1099 atque
1644 1043 1864 1083 mensas
1884 1044 2004 1083 suas
2018 1034 2073 1084 et

428 1118 686 1174 convivii
724 1119 1076 1191 participem
1131 1118 1329 1183 faciat,
1367 1116 1450 1171 sic
1500 1132 1743 1189 quoque
1785 1119 2071 1174 Dominus

426 1206 675 1263 offendit
699 1208 966 1263 animam
997 1206 1371 1262 vulneratam
1403 1221 1471 1261 ac
1502 1221 1871 1277 percussam,
1907 1206 2074 1262 adhi-

426 1296 675 1367 buitque
712 1297 762 1351 ei
803 1298 1221 1368 pharmacum,
1262 1298 1320 1349 et
1349 1294 1508 1349 exuit
1538 1310 1672 1349 eam
1716 1295 1859 1350 atris
1893 1294 2071 1351 indu~

426 1387 668 1449 mentis,
711 1391 768 1441 et
806 1385 1173 1455 turpitudine
1201 1382 1459 1447 malitiae,
1497 1388 1675 1456 atque
1723 1384 1915 1440 induit
1940 1401 2075 1441 eam

425 1474 795 1530 vestimentis
836 1474 1033 1543 regiis,
1068 1472 1426 1539 ccelestibus,
1469 1473 1704 1537 divinis,
1748 1472 1986 1544 fulgidis
2022 1480 2079 1531 et

426 1562 744 1634 gloriosis:
789 1564 1194 1635 imposuitque
1234 1561 1318 1617 illi
1368 1577 1676 1631 coronam,
1730 1564 2077 1635 sociamque

427 1652 731 1708 constituit
755 1653 934 1723 regiae
966 1668 1195 1708 mensae
1223 1651 1300 1706 ad
1328 1650 1621 1721 gaudium
1653 1657 1709 1707 et
1733 1653 2081 1709 exsultatio-

2182 471 2365 535 δόντας
2394 481 2456 546 τῇ
2490 480 2668 548 κακίᾳ,
2702 480 2791 528 καὶ
2820 472 3221 548 συνηδομένους.

2254 670 2325 724 Γ’.
2355 677 2554 745 Ὠσπερ
2607 670 2691 723 ἐὰν
2719 668 2747 744 ᾖ
2783 669 3053 743 βασιλεὺς,
3094 676 3183 724 καὶ
3215 671 3337 743 εύρη
3367 670 3621 741 πενιχράν
3666 688 3788 721 τινα

2181 765 2339 834 κόρην
2392 761 2529 835 ῥάκη
2587 756 2951 833 ἐνδεδύμίνην,
2984 765 3074 812 καὶ
3123 765 3193 832 μὴ
3251 758 3605 830 ἐπαισχυνθῇ,
3653 756 3790 811 ἀλλὰ

2180 851 2281 925 ipp
2337 850 2501 913 αὐτῆς
2541 853 2606 904 τὰ
2649 851 2858 925 ῥυπαρά
2908 846 3195 922 ἐνδύματα,
3244 855 3331 902 καὶ
3388 847 3651 920 ἁποπλύνη
3688 853 3789 906 την

2177 940 2441 1013 μελανίαν,
2474 945 2557 992 καὶ
2613 945 2860 1014 κοσμήσῃ
2897 940 3060 999 αὐτὴν
3090 936 3353 1012 ἐνδύμασι
3383 938 3656 1011 λαμπροῖς,
3697 943 3794 990 καὶ

2177 1036 2377 1102 ποιήσῃ
2437 1030 2598 1089 αὐτὴν
2649 1034 2888 1082 κοινωνόν
2921 1029 3201 1104 βασιλέως,
3253 1034 3341 1082 καὶ
3385 1037 3476 1089 τῆς
3521 1029 3796 1102 τραπέζης

2178 1120 2361 1185 αὐτοῦ,
2394 1124 2483 1171 καὶ
2533 1126 2623 1180 τῆς
2673 1119 2902 1191 εύωχίας
2950 1116 3159 1191 μεταδῷ
3190 1118 3321 1191 αὐτῇ
3358 1135 3370 1148 ⁸
3428 1118 3589 1177 οὕτως
3645 1121 3738 1169 καὶ
3767 1112 3796 1162 ὃ

2182 1212 2374 1280 Κύριος
2448 1208 2562 1282 εὗρε
2635 1213 2730 1267 τὴν
2825 1208 3011 1281 ψυχὴν
3087 1211 3621 1282 τετραυματισμένην,
3700 1210 3796 1259 καὶ

2180 1297 2558 1371 πεπληγμένην,
2596 1302 2685 1349 καὶ
2717 1294 2905 1350 ἔδωκεν
2936 1302 3067 1371 αὐτῇ
3101 1300 3393 1371 φάρμακον,
3426 1301 3515 1348 καὶ
3545 1291 3794 1359 ἐξέδυσεν

2183 1388 2345 1446 αύτὴν
2398 1391 2462 1440 τὰ
2490 1387 2685 1460 με’λανα
2730 1383 3014 1460 ἐνδύματα,
3062 1393 3152 1439 καὶ
3182 1392 3275 1446 τὴν
3307 1386 3648 1461 αἰσχρότητα
3698 1394 3792 1444 τῆς

2182 1482 2387 1542 κακίας,
2465 1482 2554 1530 καὶ
2629 1473 2865 1530 ἐνέδυσεν
2940 1476 3103 1535 αὐτὴν
3180 1472 3450 1548 ἐνδύματα
3508 1473 3793 1547 βασιλικὰ,

2185 1567 2487 1643 ἐπουράνια,
2542 1574 2633 1627 τῆς
2687 1568 2950 1633 θεότητος,
3004 1568 3243 1638 φωτεινὰ,
3300 1569 3391 1617 καὶ
3429 1561 3612 1626 ἔνδοξα
3654 1579 3669 1594 ⁵
3704 1568 3800 1615 καὶ

2186 1659 2429 1713 ἐπέθηκεν
2481 1652 2613 1728 αύτῇ
2671 1659 2938 1727 στέφανον,
2992 1660 3080 1708 καὶ
3128 1653 3368 1713 ἐποίησεν
3420 1654 3580 1712 αὐτὴν
3610 1671 3803 1704 κοινω-

428 1757 587 1797 nem.
617 1742 1215 1814 thuemadmodum
1240 1740 1289 1795 si
1313 1741 1384 1795 sit
1405 1740 1634 1808 hortus,
1662 1742 1764 1812 qui
1782 1744 2080 1797 consistus

2203 1750 2270 1797 νόν
2313 1748 2576 1817 τραπέζης
2631 1742 2916 1816 βασιλικῆς
2966 1744 3038 1804 εἰς
3088 1746 3263 1816 χαρὰν
3307 1748 3398 1795 καὶ
3454 1741 3798 1814 ἀγαλλίασιν.

432 1831 505 1885 sit
544 1831 861 1886 arboribus
893 1830 1207 1887 fructiferis
1250 1830 1515 1901 undique
1546 1830 1698 1885 bene
1736 1830 2033 1886 olentibus
2063 1848 2077 1886 :

436 1920 553 1974 sint
584 1936 828 1992 quoque
869 1921 946 1976 ibi
990 1920 1121 1978 loca
1169 1921 1362 1975 multa
1401 1919 1746 1976 amoenitate
1785 1919 2079 1991 jucunda,

430 2008 607 2079 plane
650 2010 901 2081 pulchra
937 2027 1005 2066 ac
1043 2006 1221 2078 plena
1258 2005 1595 2078 fragrantia:
1635 2015 1691 2063 et
1733 2009 1984 2082 quietis;
2028 2017 2085 2070 et

430 2098 778 2170 quicunque
821 2098 1187 2170 ingrediatur
1214 2096 1371 2160 illuc,
1414 2095 1647 2153 laetetur
1682 2104 1739 2153 et
1769 2099 2037 2170 quiescat
2067 2118 2079 2150 :

432 2186 517 2241 sic
549 2203 609 2243 se
647 2188 873 2243 habent
905 2189 1121 2242 animae
1152 2189 1210 2241 iu
1238 2202 1421 2255 regno
1448 2186 1595 2253 hoc;
1638 2192 1776 2242 totae
1808 2186 2084 2242 fruuntur

433 2276 675 2343 gaudio,
709 2276 907 2332 laetitia
930 2283 983 2331 et
1006 2292 1183 2348 pace;
1214 2291 1385 2345 reges
1411 2283 1467 2331 et
1492 2275 1721 2331 domini
1750 2281 1959 2331 suntet
1979 2275 2079 2331 dii.

432 2363 732 2436 Scriptum
766 2366 923 2420 enim
951 2373 1039 2421 est
1075 2381 1087 2419 :
1120 2367 1246 2422 Rea:
1286 2365 1691 2436 regnantium,
1723 2370 1777 2421 et
1805 2365 2082 2421 Dominus

434 2452 868 2509 dominantium
890 2455 957 2509 δ’.

506 2650 593 2703 IV.
614 2651 739 2704 Non
758 2664 900 2718 ergo
930 2650 1398 2706 Christianorum
1430 2649 1623 2706 cultus
1652 2655 1740 2705 est
1768 2648 2083 2723 quippiam

440 2737 683 2806 vulgare
713 2755 726 2792 :
761 2740 1107 2810 mysterium
1140 2740 1300 2795 enim
1333 2740 1446 2796 hoc
1480 2755 1769 2808 magnum
1808 2744 1914 2794 est.
1951 2740 2085 2793 Per-

438 2828 631 2898 pende
657 2843 796 2899 ergo
829 2827 1197 2885 nobilitatem
1224 2834 1411 2899 tuam,
1436 2830 1600 2902 quod
1632 2830 1709 2885 ad
1742 2830 1967 2901 regiam
2001 2828 2082 2882 di-

436 2918 722 2987 gnitatem
747 2925 992 2973 vocatus
1009 2920 1120 2974 sis:
1143 2921 1336 2975 Genus
1358 2921 1628 2985 electum,
1658 2918 2080 2977 sacerdotium.

439 3014 491 3062 et
514 3022 655 3077 gens
676 3013 882 3063 sancta
898 3006 960 3062 7°.
986 3009 1321 3080 Mysterium
1347 3009 1507 3064 enim
1531 3008 1965 3065 Christianismi
1994 3024 2090 3078 pe-

439 3098 743 3166 regrinum
767 3104 855 3153 est
884 3097 962 3153 ab
994 3098 1106 3154 hoc
1137 3099 1387 3154 mundo.
1421 3100 1615 3155 Gloria
1654 3099 1811 3169 regis
1840 3099 2090 3173 quidem
2128 3083 2168 3139 Ο

441 3187 793 3258 conspicua,
823 3203 891 3243 ac
930 3187 1151 3244 divitiae
1191 3193 1430 3245 terrena
1464 3195 1622 3249 sunt.
1659 3188 2087 3262 corruptibilia,

439 3274 604 3331 ﬂuxa
634 3282 689 3331 et
722 3276 973 3331 caduca.
1022 3279 1291 3348 Regnum
1325 3283 1526 3333 autem
1556 3278 1722 3343 illud,
1751 3284 1806 3334 et
1848 3278 2088 3343 divitiae,

444 3369 585 3418 sunt
612 3381 705 3419 res
738 3365 972 3429 divinae,
1002 3381 1094 3420 res
1121 3366 1389 3421 caelestes
1414 3372 1593 3438 atque
1620 3366 1912 3436 gloriosae,
1942 3384 2093 3422 nun—

442 3468 629 3524 quam
644 3455 1370 3526 praeterituraamunquam
1387 3454 1807 3510 dissolvendae.
1826 3458 2094 3525 Regnant

443 3539 602 3595 enim
634 3557 771 3595 cum
799 3541 1020 3596 cmlesti
1054 3557 1188 3611 rege
1211 3544 1269 3597 in
1298 3542 1518 3598 caelesti
1542 3543 1828 3610 Ecclesia;
1847 3545 2092 3616 ipseque

441 3630 872 3699 prz'mogenitus
893 3639 971 3686 est
997 3646 1072 3687 ex
1097 3632 1346 3687 mortuis
1360 3633 1431 3697 ⁷³,
1456 3633 1834 3704 primogeniti
1851 3650 2093 3708 quoque

441 3717 579 3789 ipsi.
610 3720 895 3773 Caeterum
923 3718 1057 3775 licet
1081 3720 1228 3775 tales
1254 3722 1369 3777 sint
1395 3720 1559 3777 electi
1582 3728 1637 3777 et
1664 3723 1897 3794 probati
1930 3724 2094 3797 apud

446 3806 663 3873 Deum;
687 3807 848 3878 apud
872 3822 934 3863 se
961 3813 1161 3864 tamen
1185 3814 1325 3865 sunt
1347 3810 1597 3877 minimi,
1624 3816 1680 3867 et
1704 3812 1874 3867 valde
1896 3828 2095 3885 repro-

444 3895 600 3967 bati;
650 3896 823 3969 104
857 3897 1023 3969 quod
1072 3897 1186 3954 illis
1217 3904 1305 3955 est
1352 3899 1512 3955 velut
1550 3902 1821 3957 naturale
1861 3908 1915 3958 et
1954 3918 2095 3960 con-

446 3991 695 4053 cretum,
729 3993 790 4041 ut
815 3985 888 4042 de
925 4002 987 4042 se
1017 3987 1318 4044 humiliter
1357 3994 1459 4044 aut
1500 3990 1645 4045 nihil
1676 3992 1950 4050 sentiant.

514 4183 577 4235 V.
610 4181 1029 4253 Interrogatio.
1059 4183 1434 4254 Ignorantne
1464 4200 1601 4256 ergo
1628 4202 1689 4242 se
1708 4188 2096 4244 accessionem

446 4278 808 4335 consecutos,
837 4287 929 4337 ac,
952 4272 1112 4341 quod
1126 4289 1244 4328 non
1274 4273 1595 4340 habebant,
1613 4276 1916 4345 possidere
1935 4292 1971 4333 a
1994 4292 2095 4332 na-

450 4365 589 4413 tura
622 4374 731 4413 sua
758 4359 1065 4430 quidpiam
1106 4361 1369 4418 alienum
1395 4362 1423 4417 τ

521 4466 862 4536 Responsio.
895 4467 1014 4537 Ego
1043 4483 1184 4522 vero
1208 4469 1308 4524 tibi
1332 4469 1466 4525 dico
1492 4470 1622 4526 illos
1642 4486 1761 4527 non
1795 4488 1929 4528 esse
1958 4489 2097 4545 pro-

452 4554 644 4619 batos,
677 4570 783 4608 nec
830 4572 958 4610 esse
989 4556 1048 4610 in
1099 4571 1445 4627 progressu,
1489 4566 1668 4631 atque
1706 4561 1980 4633 ignorare
2013 4580 2095 4630 se,

447 4643 613 4715 quod
632 4659 753 4698 non
782 4644 1111 4709 habebant,
1142 4646 1465 4717 possidere.
1495 4651 1804 4717 Caeterum,
1825 4651 1929 4723 qui
1951 4652 2099 4709 tales

452 4740 609 4799 sunt,
642 4750 746 4790 eos
798 4734 935 4807 ipsa
966 4736 1156 4806 gratia
1209 4736 1500 4792 accedens
1528 4739 1719 4803 docet,
1771 4757 1844 4797 ne
1891 4741 2006 4798 ullo
2038 4742 2099 4798 in

454 4822 647 4896 pretio
685 4823 951 4879 habeant
980 4825 1215 4881 animas
1242 4842 1401 4892 suas,
1434 4826 1577 4882 dum
1606 4844 1987 4900 progressum
2020 4832 2101 4887 fa-

454 4914 634 4978 ciunt,
685 4912 789 4968 sed
822 4919 1039 4970 natura
1064 4914 1328 4985 abjectos
1354 4921 1411 4971 et
1447 4917 1700 4974 infames
1728 4935 1791 4974 se
1821 4919 1986 4992 ipsos
2017 4937 2102 4977 re-

454 5007 679 5075 putent.
704 5003 908 5074 Itaque
931 5020 1067 5059 cum
1092 5005 1253 5077 apud
1287 5008 1470 5061 Deum
1497 5007 1762 5079 praeclari
1783 5009 1916 5075 sint,
1939 5011 2102 5082 apud

454 5107 516 5146 se
547 5090 709 5162 ipsos
762 5107 882 5146 non
912 5098 1051 5148 sunt
1085 5110 1097 5148 :
1139 5111 1398 5167 cumque
1441 5096 1557 5152 sint
1586 5095 1648 5152 in
1678 5113 1996 5169 progressu
2045 5105 2103 5155 et

454 5179 662 5236 notitia
681 5180 807 5245 Dei,
839 5182 1084 5251 perinde
1110 5189 1264 5248 sunt,
1290 5201 1359 5239 ac
1382 5185 1431 5240 si
1459 5186 1574 5241 sint
1602 5186 1875 5243 omnium
1902 5204 2101 5245 rerum

455 5272 645 5342 ignari
680 5288 693 5326 :
747 5277 803 5325 et
832 5272 993 5343 apud
1031 5276 1211 5329 Deum
1249 5291 1386 5330 cum
1413 5276 1528 5331 sint
1563 5276 1905 5350 locupletes,
1938 5280 2102 5350 apud

456 5377 519 5415 se
543 5365 678 5414 sunt
705 5375 1023 5432 pauperes.
1055 5363 1579 5428 Quemadmodum
1602 5372 1800 5422 autem
1822 5367 2101 5435 Christus,

454 5455 693 5518 sumpta
711 5452 872 5506 servi
894 5452 1178 5521 forma",
1207 5468 1311 5524 per
1332 5452 1727 5511 humilitatem
1746 5457 1883 5512 vicit
1897 5456 2105 5513 diabo-

534 5653 580 5686 ⁸9
612 5655 796 5725 Apoc.
824 5670 984 5723 xvm,
1022 5659 1101 5711 14.
1181 5657 1268 5711 τοι
1293 5659 1409 5712 Pet.
1445 5673 1501 5723 ιι,
1534 5660 1586 5714 9.

1664 5661 1708 5696 τί
1742 5658 1959 5716 Coloss.
1992 5676 2031 5725 ι,
2067 5662 2150 5717 18.

2192 1840 2292 1889 Καὶ
2332 1837 2504 1908 ὥσπερ
2559 1830 2704 1905 ἐδινῇ
2750 1829 3091 1907 παράδεισος,
3146 1839 3235 1887 καὶ
3287 1836 3387 1906 ἔχη
3442 1834 3545 1885 ἐκεῖ
3596 1827 3806 1904 δένδρα

2190 1928 2517 1997 καρποφόρα,
2563 1926 2652 1975 καὶ
2701 1922 2792 1975 ὅλα
2824 1919 3019 1988 εύὼδη,
3073 1928 3161 1975 καὶ
3194 1921 3319 1975 ὦσιν
3368 1921 3473 1974 ἐκεῖ
3495 1926 3646 1974 τόποι
3673 1920 3805 1972 πολ-

2190 2014 2272 2066 λοὶ
2371 2012 2673 2088 ἐπιτερπεῖς,

2772 2011 2880 2064 ὅλοι
2954 2014 3138 2085 ὡραῖοι
3238 2018 3327 2065 καὶ
3401 2011 3805 2086 πεπληρωμένοι

2194 2099 2413 2162 εύωδίας
2442 2107 2531 2154 καὶ
2579 2099 2913 2162 ἀναπαύσεως
2950 2117 2962 2130 ⁸
3010 2106 3100 2153 καὶ
3152 2103 3294 2162 ὅστις
3334 2100 3392 2152 ἃν
3429 2100 3622 2173 ἀπέλθῃ
3668 2098 3800 2165 ἐκεῖ,

2193 2193 2519 2265 εὐφραίνεται
2539 2197 2628 2243 καὶ
2648 2190 2993 2243 ἀναπαύεται·
3016 2192 3178 2253 οὕτως
3204 2196 3437 2263 γίνονται
3467 2192 3520 2243 αἱ
3548 2189 3734 2261 ψυχαὶ
3749 2190 3803 2241 ἐν

2193 2290 2254 2354 τῇ
2300 2280 2564 2354 βασιλείᾳ,
2609 2279 2721 2333 ὅλαι
2757 2279 2887 2332 εἰσὶν
2926 2278 2974 2331 ἐν
3014 2286 3182 2355 χαρᾷ,
3224 2285 3313 2333 καὶ
3355 2280 3666 2353 εὐφροσύνη,
3698 2285 3797 2331 καὶ

2193 2372 2369 2446 εἰρήνη
2398 2390 2411 2402 ·
2448 2368 2687 2442 βασιλεῖς
2716 2375 2806 2421 καὶ
2856 2372 3030 2444 κύριοί
3076 2370 3181 2422 εἰσι
3210 2375 3298 2423 καὶ
3339 2372 3465 2423 θεοί.
3500 2374 3805 2441 Γέγραπται

2191 2462 2313 2534 γὰρ,
2357 2459 2671 2520 Βασιλεὺς
2708 2468 2825 2511 τῶν
2866 2457 3369 2533 βασιλευόντων,
3409 2464 3517 2512 καὶ
3559 2462 3804 2534 Κύριος

2193 2558 2311 2602 τῶν
2349 2553 2801 2621 κυριευόντων,

2266 2656 2334 2710 Δ’.
2373 2655 2482 2708 Ούκ
2508 2658 2648 2707 ἔστιν
2669 2655 2758 2707 οὖν
2785 2658 2841 2707 τό
2870 2659 3037 2728 τυχόν
3068 2657 3094 2707 ό
3126 2659 3548 2729 Χριστιανισμός
3570 2674 3582 2687 ·
3612 2659 3669 2708 τὸ
3694 2658 3806 2727 γὰρ

2195 2750 2486 2819 μυστήριον
2533 2751 2682 2797 τοῦτο
2727 2748 2861 2816 μέγα
2913 2744 3078 2800 ἐστίν.
3130 2745 3413 2815 Ἐπίγνωθι
3462 2742 3549 2796 οὖν
3578 2763 3669 2795 σου
3700 2748 3803 2801 τὴν

2200 2834 2473 2906 εὐγένειαν,
2508 2835 2588 2886 ὅτι
2619 2832 2692 2895 εἰς
2740 2831 3020 2905 βασιλικόν
3074 2832 3282 2905 ἀξίωμα
3329 2832 3564 2897 ἐκλήθης,
3609 2834 3801 2902 γένος

2198 2922 2516 2989 ἐκλεκτὸν,
2573 2925 2919 2997 ἱεράτευμα
2948 2927 3086 2975 ικαὶ
3140 2924 3316 2983 ἔθνος
3354 2923 3562 2993 ἅγιον
3602 2924 3660 2973 τὸ
3684 2940 3796 2996 γαρ

2197 3018 2488 3086 μυστήριον
2528 3020 2618 3065 τοῦ
2660 3017 3088 3086 Χριστιανισμοῦ
3129 3011 3266 3075 ξένον
3307 3010 3425 3065 ἐστὶ
3463 3019 3549 3063 τοῦ
3584 3014 3800 3083 κόσμου

2200 3106 2405 3156 τούτου.
2426 3102 2486 3156 Ἥ
2504 3106 2593 3175 μεν
2616 3105 2891 3174 φαινομένη
2918 3098 3051 3165 δόξα
3073 3109 3161 3154 τοῦ
3185 3099 3460 3175 βασιλέως,
3483 3106 3569 3153 καὶ
3593 3102 3618 3152 ὀ
3650 3099 3820 3153 πλοῦ-

2200 3212 2303 3261 τος,
2336 3194 2539 3263 ἐπίγειά
2569 3189 2701 3255 ἐστι,
2735 3196 2824 3243 καὶ
2846 3192 3067 3264 φθαρτὰ,
3112 3196 3200 3243 καὶ
3231 3195 3601 3264 παρερχόμενα
3635 3207 3646 3219 ’
3681 3189 3812 3242 ἐκεί-

2199 3302 2259 3339 νη
2319 3277 2377 3334 δε
2424 3284 2453 3339 ἡ
2500 3279 2766 3353 βασιλείᾳ,
2816 3285 2907 3333 καὶ
2953 3281 2978 3332 ὀ
3030 3280 3275 3347 πλοῦτος,
3323 3280 3609 3353 πράγματά
3670 3278 3805 3332 ἐστι·

2203 3372 2333 3435 θεῖα,
2367 3373 2651 3442 πράγματα
2703 3371 2985 3443 ἐπουράνια
3012 3375 3101 3423 καὶ
3131 3366 3336 3435 ἔνδοξα,
3372 3365 3643 3441 μηδέποτε
3674 3387 3810 3442 παρ-

2201 3465 2461 3532 ερχόμενα
2504 3460 2533 3518 ἣ
2586 3459 2826 3531 λυόμενα.
2870 3458 3320 3531 Συμϐασιλεύουσι
3373 3461 3475 3532 γὰρ
3530 3465 3603 3529 τῷ
3660 3460 3817 3510 ἐπου-

2199 3554 2359 3625 ρανίῳ
2412 3546 2640 3622 βασιλεῖ,
2711 3547 2759 3601 ἐν
2812 3556 2872 3621 τῇ
2935 3549 3224 3622 ἐπουρανίῳ
3298 3548 3585 3619 Ἐκκλησία

2201 3643 2612 3711 πρωτότοκος
2651 3641 2756 3709 μέν
2796 3636 2980 3690 ἐστιν
3022 3638 3221 3701 αὐτὸς
3266 3636 3329 3689 ἐκ
3368 3646 3627 3706 νεκρῶν,
3668 3655 3816 3707 πρωο

2202 3732 2407 3781 τότοκοι
2428 3724 2487 3780 δὲ
2512 3731 2601 3779 καὶ
2630 3726 2798 3782 αὐτοί,
2828 3726 2981 3781 Ἀλλά
2997 3732 3183 3802 καίπερ
3217 3734 3446 3779 τοιοῦτοι
3474 3730 3612 3787 ὄντες
3640 3724 3817 3777 ἐκλεκ-

2201 3822 2283 3870 τοὶ
2303 3822 2392 3869 καὶ
2414 3812 2626 3889 δόκιμοι
2645 3818 2787 3891 παρὰ
2813 3825 2947 3887 Θεῷ,
2976 3818 3097 3892 παρ’
3127 3816 3326 3877 ἑαυτοῖς
3348 3815 3479 3869 εἰσιν
3501 3814 3814 3886 ἐλάχιστοι,

2202 3911 2288 3959 καὶ
2341 3905 2455 3958 λίαν
2511 3902 2650 3958 ἁποδ
2655 3902 2714 3958 εδ
2718 3910 3057 3979 οκιμασμένοι

3647 3564 3660 3577 ·
3718 3551 3813 3598 καὶ

3112 3926 3125 3939 ·
3178 3911 3266 3959 καὶ
3316 3912 3465 3959 τοῦτο
3513 3904 3689 3965 αὐτοῖς
3748 3906 3815 3965 ὡς

2206 3998 2424 4069 φυσικὸν
2472 4000 2559 4047 καὶ
2612 4000 2807 4054 πηκτόν
2860 3994 2968 4048 ἐστι
3026 3999 3296 4057 ταπεινούς
3326 3996 3355 4055 ἦ
3399 3998 3458 4047 τὸ
3490 3990 3656 4066 μηδὲν
3689 3993 3813 4046 ἐαυ-

2205 4089 2325 4147 τοὺς
2362 4086 2629 4156 ἡγεῖσθαι.

2277 4188 2328 4243 Ε,
2400 4189 2455 4242 ,Ε
2525 4196 2533 4204 .
2874 4190 2885 4207 .
3033 4193 3055 4209 .,
3355 4187 3377 4206 ν
3489 4191 3509 4203 ..

2336 4230 2349 4243 .
2463 4209 2760 4264 ρωτησις.
2803 4197 2932 4243 Ουκ
2997 4186 3269 4243 οιδασιν
3307 4210 3439 4257 ουν,
3482 4209 3583 4242 οτι
3620 4208 3817 4261 προσ-

2208 4280 2407 4337 θήκην
2460 4278 2705 4343 ἐλαϐον,
2764 4284 2871 4332 καὶ
2908 4280 2935 4332 ὃ
2974 4280 3087 4332 οὐκ
3153 4277 3358 4353 εἶχον,
3428 4278 3817 4347 ἐκτήσαντο,

2207 4367 2379 4431 ξένον
2418 4376 2531 4429 τῆς
2570 4372 2814 4441 φύσεως
2851 4368 3076 4422 αὐτῶν.

2281 4474 2335 4527 Ἀ
2350 4482 2507 4548 πόκρ
2526 4495 2618 4527 ισι
2638 4496 2677 4537 ς.
2714 4476 2847 4548 Ἐγὼ
2872 4479 2971 4550 γάρ
3008 4496 3093 4530 σοι
3118 4476 3270 4549 λέγω,
3301 4478 3381 4530 ὅτι
3410 4480 3501 4529 οὐκ
3533 4477 3637 4529 εἰσὶ
3665 4473 3827 4530 δεδοσ

2207 4570 2538 4636 κιμασμένοι,
2569 4571 2656 4617 καὶ
2688 4565 2781 4617 ούκ
2832 4566 2961 4619 εἰσὶν
2992 4565 3041 4618 ἐν
3098 4564 3360 4640 προκοπῇ,
3390 4571 3479 4618 καὶ
3540 4565 3827 4636 ἀγνοοῦσιν

2208 4658 2272 4715 ὡς
2328 4654 2353 4706 ὃ
2405 4655 2499 4707 ούκ
2544 4654 2687 4727 εἶχον
2745 4657 3050 4715 ἐκτήσαντο.
3118 4655 3277 4711 Ἀλλὰ
3327 4658 3595 4717 τοιούτους
3641 4660 3823 4720 ὄντας,

2210 4746 2340 4804 αὐτὴ
2397 4746 2426 4803 ἡ
2460 4746 2625 4817 χάρις
2656 4745 2878 4798 ἐλθοῦσα
2910 4741 3185 4813 διδάσκει,
3231 4750 3304 4819 μὴ
3338 4748 3478 4819 ἔχειν
3509 4750 3602 4804 τὴν
3627 4745 3825 4818 ψυχὴν

2211 4836 2379 4885 αὐτῶν
2453 4838 2649 4905 τιμίαν,
2729 4839 2874 4895 ὄντας
2949 4833 2997 4887 ἐν
3056 4837 3321 4909 προκοπῇ,
3382 4834 3509 4887 ἀλλὰ
3582 4843 3829 4908 φυσικῶς

2212 4922 2428 4995 ἀτίμους
2485 4922 2696 4986 ἑαυτούς
2736 4926 2982 4995 ἡγεῖσθαι
3016 4942 3029 4954 ·
3077 4929 3166 4977 καὶ
3196 4928 3341 4998 παρὰ
3378 4931 3492 4996 Θεῷ
3545 4929 3711 4997 τίμιοι
3743 4928 3826 4977 ὅν-

2211 5031 2292 5074 τες
2323 5014 2445 5086 πσρ⁹
2497 5013 2699 5076 ἑαυτοῖς
2731 5013 2825 5065 οὐκ
2865 5013 2987 5066 εἰσί.
3041 5019 3141 5068 Καὶ
3191 5012 3239 5066 ἐν
3272 5010 3509 5087 προκοπῇ
3560 5018 3649 5066 καὶ
3676 5022 3826 5084 γνώ-

2214 5120 2293 5153 σει
2346 5109 2479 5155 Θεού
2533 5106 2691 5167 ὄντες,
2748 5106 2817 5163 ὡς
2872 5099 3039 5176 μηδὲν
3095 5099 3292 5166 εἰδότες
3331 5103 3481 5156 εἰσί·

2214 5198 2327 5262 Θεῷ
2379 5191 2621 5245 πλούσιοι
2662 5196 2814 5262 ὄντες,
2870 5193 2993 5268 παρ’
3043 5192 3249 5256 ἑαυτοῖς
3278 5193 3382 5247 εἰσι
3414 5212 3427 5225 ·
3478 5194 3653 5266 ὥσπερ
3701 5189 3765 5247 δι
3794 5195 3824 5245 ὁ

2212 5284 2443 5353 Χριστός
2472 5286 2718 5357 μορφὴν
2760 5278 2993 5335 δούλου
3034 5281 3257 5349 λαϐὼν,
3301 5280 3395 5335 δια
3424 5291 3517 5343 τῆς
3546 5301 3826 5355 ταπεινοφο

2212 5372 2439 5444 ροσύνης
2468 5370 2677 5429 ἐνίκησε
2706 5374 2792 5423 τόν
2824 5367 3069 5445 διάφολον
3102 5388 3115 5401 '
3168 5372 3332 5435 οὕτως
3360 5371 3413 5436 ἐξ
3443 5371 3618 5446 ἀρχῆς
3649 5373 3674 5423 ό
3706 5376 3823 5444 ὄφις

2218 5455 2311 5511 διὰ
2374 5468 2465 5520 τῆς
2518 5458 2957 5534 ὑψηλοφροσύνης
3012 5464 3101 5514 καὶ
3158 5467 3433 5535 τυφὼσεως
3492 5460 3823 5534 κατέστρεψε

3544 5108 3633 5155 καὶ
3674 5108 3826 5177 παρὰ

2226 5662 2274 5698 ⁷³
2307 5661 2558 5735 Philipp.
2594 5678 2651 5730 ιι,
2679 5664 2732 5719 7.
