4034 6202
205 284 316 341 697
1453 299 1793 359 ΗΟΜΙῌᾹΞ.

1960 304 2118 366 ἾΟΜ.
2153 308 2379 370 XXVII.
3443 331 3553 389 698

633 419 645 432 \
717 422 739 433 up
810 417 824 428 ο
907 416 920 435 9
969 421 980 432 ι

197 413 286 462 τὸν
314 407 517 486 Ἀδάμ.
554 419 652 467 Καὶ
680 422 768 467 νῦν
801 417 827 469 ὁ
858 416 1012 480 αὐτὸς
1043 424 1158 493 ὄφις
1187 419 1497 497 ἐνδομυχῶν
1541 436 1654 490 ταῖς
1683 450 1790 504 καρι

203 495 275 520 ,ἔκ
342 519 347 520 ,
409 497 432 520 θ
468 503 480 517 1
656 509 666 518 ο
1003 507 1030 520 ιι
1053 510 1111 520 ..ι
1285 517 1292 520 .
1357 514 1369 520 -
1449 515 1463 520 -
1497 518 1503 520 Α

1967 451 2039 490 ιω
2064 454 2077 492 :
2113 436 2195 492 sic
2221 437 2388 494 initio
2414 456 2658 512 serpens
2685 459 2790 516 per
2819 450 3229 520 arrogantiam
3257 458 3317 509 et
3341 454 3560 513 fastum

195 495 351 562 δίαις
397 497 492 552 διὰ
533 509 811 575 τυφὼσεως
859 507 1170 564 καταϐάλλει
1213 517 1302 566 καὶ
1347 514 1556 569 ἀπολύει
1579 522 1636 571 τὸ
1665 524 1788 591 γίνο‹

195 596 294 617 -..μ-ι
330 597 660 617 ν-........ε-.

2512 495 2536 512 τ
2562 495 2654 498 ___
2686 495 2778 516 τ--
2819 495 3229 520 maguum...
3258 495 3317 509 νυ
3341 495 3561 513 Nam...

1970 524 2534 586 IbvertitAdamum.
2559 535 2725 589 Nunc
2753 539 3107 610 quoqueille
3129 541 3258 613 ipse
3291 560 3563 617 serpens,

186 596 295 640 τῶν
330 597 682 664 Χριστιανῶν.

2031 613 2412 671 interioribus
2489 619 2685 675 cordis
2750 596 3088 682 recessibus
3141 596 3420 699 abditus,r
3457 649 3565 705 per

1915 702 2262 772 superbiam
2307 705 2560 764 destruit
2610 725 2680 765 ac
2730 711 3002 770 dissolvit
3049 731 3238 786 genus
3293 702 3565 780 Christia-

1914 804 2152 846 norum.

269 891 344 955 ς’.
402 889 603 969 Ὠσπερ
646 898 748 969 γὰρ
795 898 879 950 ἐὰν
980 919 1059 963 τις
1107 900 1385 979 ἐλεύθερος,
1441 911 1530 959 καὶ
1584 907 1792 979 εὐγενὴς

1982 898 2074 952 Vl.
2101 900 2624 964 Quemadmodum
2657 907 2815 963 enim
2847 911 2894 964 si
2922 912 3058 983 quis
3090 915 3162 968 sit
3201 915 3348 972 liber
3371 933 3441 974 ac
3475 918 3564 975 in-

198 983 337 1033 κατὰ
395 986 597 1055 κόσμον
648 990 737 1038 καὶ
812 987 1030 1042 πλοῦτον
1100 993 1236 1064 ἔχων
1282 993 1464 1063 πολὺν,
1514 998 1588 1048 ἔτι
1641 1017 1804 1071 προσ-
1913 988 2186 1054 genus"!
2221 992 2468 1056 mundo:
2499 1009 2568 1048 ac
2599 1010 2855 1065 ῐηᾶεοειε
2888 1001 3193 1069 Ροεείάθδί
3215 1008 3566 1078 ορθεὲίῑι⁸υ’

200 1066 470 1137 οδεύηται,
528 1078 619 1125 καὶ
663 1074 848 1149 εἰσάγῃ
899 1083 1148 1153 καρποὺς,
1200 1077 1350 1144 οὗτος
1381 1083 1672 1139 ἀπονοεῖται
1711 1093 1793 1140 καί

1967 1093 2018 1132 3r
2069 1078 2292 1133 reditus
2347 1081 2652 1155 percipiat,
2703 1093 2758 1140 et
2824 1066 3046 1144 fructus
3099 1066 3340 1162 colligat
3371 1066 3411 1162 l;
3468 1097 3560 1153 ille

198 1159 378 1233 θαρρεῖ
441 1160 627 1232 ἐαυτῷ,
687 1169 777 1217 καὶ
833 1165 1159 1230 ἁϐάστακτος
1229 1175 1296 1223 ὤν
1351 1175 1549 1235 πάντας
1608 1176 1789 1228 λακτί-

1965 1181 2135 1221 asana
2165 1169 2431 1240 quadam
2461 1171 2776 1230 insolentia
2793 1175 3047 1242 effertur,
3068 1184 3249 1253 atque
3268 1183 3324 1238 in
3350 1202 3410 1239 se
3429 1186 3558 1257 ipso

189 1247 291 1311 ζει,
326 1254 418 1300 καὶ
448 1249 717 1322 κολαφίζει
749 1270 762 1282 ”
822 1255 988 1319 οὕτως
1016 1257 1119 1310 εἰσί
1146 1278 1276 1320 τινες
1299 1265 1371 1333 μὴ
1405 1264 1613 1334 ἔχοντες
1662 1261 1779 1316 διά·

1964 1256 2194 1312 duciam
2229 1257 2386 1314 locat
2418 1278 2430 1327 ;
2465 1277 2725 1334 cumque
2784 1266 2857 1320 sit
2895 1267 3299 1340 intolerabilis,
3345 1289 3557 1330 omnes

180 1355 393 1408 κρισιν,
445 1342 636 1411 μικρὰν
720 1338 778 1394 δὲ
825 1341 1119 1398 ἀνάπαυσιν
1175 1350 1402 1423 εὑρόντες
1466 1355 1555 1404 καὶ
1605 1351 1771 1424 εὐχὴν

1966 1343 2070 1399 ιΙοε
2100 1347 2262 1416 petit,
2303 1353 2358 1401 et
2402 1349 2674 1421 colaphis
2716 1352 2897 1410 afﬁcit
2927 1375 2939 1414 :
2971 1357 3049 1412 ita
3099 1365 3237 1415 sunt
3285 1338 3559 1433 quidam,

181 1425 419 1497 ἤρξαντο
494 1433 788 1501 τυφοῦσθαι
852 1439 940 1487 καὶ
1007 1433 1342 1490 ἀπονοείσθαι
1389 1445 1479 1492 καὶ
1547 1446 1773 1515 κατακρί

1966 1435 2071 1490 illa
2097 1436 2449 1493 discretione
2481 1441 2734 1510 praediti,
2762 1445 2885 1514 qui,
2907 1448 3217 1516 paululum
3248 1425 3462 1522 quietis
3490 1425 3559 1510 ac

176 1533 285 1566 νειν
323 1534 338 1545 ο
387 1536 477 1568 και
534 1519 670 1570 οὕτω
713 1525 995 1575 κατέπεσον
1040 1525 1107 1586 εἰς
1145 1529 1213 1578 τὰ
1239 1535 1513 1582 κατώτατα
1550 1537 1644 1592 τῆς
1677 1539 1769 1601 γῆς

1968 1527 2264 1580 'ecationis
2287 1529 2465 1594 nacti,
2498 1529 2788 1600 incipiunt
2819 1534 2968 1589 altos
2996 1537 3108 1591 sibi
3133 1519 3370 1597 sumere
3389 1543 3561 1614 spiri-

172 1606 238 1656 Ὀ
286 1607 397 1680 γὰρ
429 1605 586 1669 αὐτὸς
617 1611 732 1680 ὄφις
756 1611 782 1661 ὁ
813 1608 1045 1664 ἐκϐωλὼν
1075 1619 1162 1667 τὸν
1200 1612 1376 1688 Ἀδὰμ
1407 1613 1502 1671 διὰ
1530 1625 1624 1680 τῆς
1661 1619 1765 1690 {nim

1973 1615 2348 1680 s,insolentia
2377 1617 2774 1693 eﬂ'eri,ratque
2804 1623 2954 1679 alios
2981 1625 3311 1696 dijudicare
3339 1647 3352 1686 :
3381 1605 3559 1704 alque

175 1693 526 1766 λοφροσύνης,
554 1696 726 1763 εἰπὼν,
753 1697 813 1751 Ὠ
835 1719 856 1760 ς
910 1703 1043 1755 θεοὶ
1093 1709 1242 1774 γενή
1260 1725 1325 1759 σε
1342 1709 1450 1760 σθε
1477 1725 1488 1737 ·
1525 1708 1670 1768 οὗτος
1700 1728 1768 1760 κα

1968 1719 2022 1758 )ο
2052 1705 2233 1760 modo
2255 1705 2622 1762 delabuntur
2652 1710 2707 1762 in
2738 1693 3212 1780 profiindissima
3251 1725 3436 1776 terra.
3460 1693 3561 1778 ille

188 1792 278 1835 νῦν
339 1782 389 1836 ἐν
435 1792 547 1846 ταῖς
601 1784 845 1861 καρδίαις
886 1790 1162 1846 ὑποϐάλλει
1201 1793 1658 1870 ὑψηλοφροσύνην,
1712 1797 1781 1850 λέ·

1966 1793 2206 1864 ιὶωἱρεθ
2235 1810 2502 1866 serpens,
2536 1798 2637 1868 qui
2663 1798 3001 1857 deturbavit
3030 1804 3218 1861 Adam
3257 1823 3361 1879 per
3391 1826 3559 1866 arro-

188 1895 313 1945 γων,
368 1874 628 1937 Τέλειος
675 1874 745 1941 εἷ,
810 1877 995 1953 ἀρκεῖ
1060 1901 1182 1949 σοι,
1233 1882 1668 1952 ἐπλούτησας,
1724 1887 1781 1939 οὖ

1963 1881 2188 1948 mtiam,
2223 1883 2428 1939 dicens
2462 1901 2476 1939 :
2509 1886 2696 1941 Eritis
2724 1888 2876 1944 sicut
2905 1891 2992 1946 dii
3016 1909 3036 1946 :
3067 1893 3191 1965 ipse
3220 1874 3556 1970 nuncqua-

188 1967 421 2035 χριίαν
476 1966 668 2036 ἔχεις,
723 1971 1047 2042 μακάριος
1094 1968 1169 2030 εἰ,
1211 1973 1332 2026 Εἰσὶ
1381 1970 1440 2026 δι
1470 1976 1630 2048 ἕτεροι
1658 1978 1781 2028 κατὸ

1955 1986 2018 2026 ue
2050 1972 2108 2026 in
2140 1971 2424 2028 cordibus
2457 1977 2720 2046 suggerit
2751 1981 3180 2048 arrogantiam.
3211 1966 3489 2056 inquiens
3535 2008 3548 2048 :

185 2059 404 2125 κόσμον,
439 2054 489 2105 οἱ
525 2053 745 2108 πλοῦτον
776 2061 866 2130 μὲν
915 2061 1142 2130 ἔχοντες,
1175 2065 1259 2114 τὸν
1293 2060 1352 2116 δὲ
1380 2061 1778 2138 προσοδεύοντεε

1961 2061 2210 2129 erfectus
2240 2077 2314 2132 es,
2347 2063 2569 2131 sufﬁcit
2601 2065 2724 2132 tibi,
2737 2067 2930 2136 [actus
2959 2084 3014 2125 es
3027 2053 3554 2142 locuples,nullius

180 2141 230 2193 ἐν
259 2150 485 2215 καρποῖς
513 2144 738 2210 πολλοῖς,
793 2152 1112 2220 κατέχουσιν
1148 2151 1362 2215 ἑαυτοὺς
1413 2152 1462 2205 ἐν
1503 2150 1769 2226 διακρίσει

1960 2149 2150 2218 diges,
2187 2149 2388 2207 beatus
2415 2166 2471 2208 es
2505 2157 2572 2208 ⁷³.
2605 2157 2730 2210 Non
2761 2154 2977 2212 desunt
2998 2158 3096 2214 alii
3129 2176 3293 2217 more
3326 2166 3553 2233 saeculi,

173 2237 270 2283 καὶ
291 2235 413 2284 οὔτε
440 2241 768 2304 καυχῶνται,
809 2240 926 2290 οὔτε
963 2241 1282 2312 ἐπαίρονται,
1340 2240 1448 2294 ἀλλ’
1477 2243 1610 2296 εἰσὶν
1635 2247 1746 2296 ἶσοι

1959 2238 2003 2292 Αἰ
2035 2239 2252 2310 opibus
2300 2240 2543 2312 quidem
2596 2242 2742 2298 dum
2794 2245 3056 2316 opulenti
3093 2255 3250 2318 sunt,
3285 2267 3440 2323 quas
3481 2271 3552 2311 ex

172 2317 372 2372 οἴδασι
400 2323 504 2396 γὰρ
545 2322 625 2373 ὅτι
671 2327 804 2394 μετὰ
857 2330 952 2384 τὴν
997 2325 1262 2400 πρόσοδον
1310 2333 1524 2404 ἔρχεται
1578 2332 1765 2407 ἀφορία

1967 2327 2098 2381 miis
2120 2326 2411 2384 fructuum
2433 2329 2719 2387 reditibus
2737 2335 3142 2404 accumulant,
3159 2341 3465 2398 continent
3488 2359 3551 2400 se

171 2415 280 2463 Καὶ
339 2411 496 2462 πάλιν
545 2412 666 2464 ὅταν
716 2415 1010 2486 ἐμπέσωσιν
1041 2417 1112 2479 εἰς
1162 2419 1356 2492 ζημίαν
1404 2426 1494 2473 καὶ
1547 2420 1764 2494 ἀφορίαν

1964 2433 2063 2470 sos
2105 2417 2164 2471 in
2213 2417 2587 2487 discretione,
2621 2437 2730 2477 nec
2789 2423 3141 2493 gloriantur,
3172 2445 3364 2502 neque
3414 2432 3553 2490 effe-

172 2499 234 2551 οὖ
265 2498 575 2565 λυποῦνται,
611 2500 718 2553 ἀλλ’
748 2506 857 2556 ῖσοι
902 2505 1033 2558 εἰσίν
1066 2527 1079 2538 ·
1114 2505 1297 2562 οἴδασι
1350 2512 1453 2584 γὰρ
1503 2511 1584 2564 ὅτι
1636 2511 1765 2564 πάλι

1959 2511 2128 2572 untur,
2155 2507 2262 2562 sed
2292 2514 2431 2563 sunt
2468 2510 2624 2581 aequi
2660 2527 2672 2566 :
2703 2521 2924 2570 norunt
2956 2517 3114 2571 enim
3145 2498 3286 2589 post
3309 2521 3552 2579 uberta-

173 2584 504 2660 διαδέχεται
574 2589 805 2665 εὐφορίαν.
892 2600 993 2648 Καὶ
1050 2595 1098 2647 ἐν
1163 2601 1364 2660 τούτοις
1427 2599 1644 2652 ἐπιπολὺ
1696 2621 1764 2671 γυ

1956 2611 2014 2650 m
2040 2599 2355 2651 venturam
2378 2597 2837 2656 sterilitatem.Et
2852 2602 3053 2660 denuo
3069 2584 3168 2661 ubi
3183 2608 3240 2662 in
3255 2608 3549 2668 damnum

175 2680 491 2752 μνασθέντες
540 2679 599 2731 οὐ
647 2679 955 2750 ξενίζονται,
1007 2689 1125 2739 οὔτε
1180 2686 1229 2739 ἐν
1271 2686 1562 2762 προσόδοις
1589 2694 1678 2742 καὶ
1709 2690 1768 2742 εὖ·

1982 2684 2345 2740 sterilitatem
2387 2687 2722 2754 insiderint,
2756 2707 2878 2746 non
2910 2692 3252 2752 afﬁciuntur
3291 2700 3545 2770 tristitia,

179 2773 393 2843 φορίαις
450 2777 753 2842 τυφοῦνται,
805 2775 922 2826 οὔτε
961 2777 1046 2827 ἐὰν
1101 2777 1284 2851 ἐπέλθῃ
1321 2779 1508 2853 ζημία,
1569 2778 1772 2842 ξενίζον

1961 2774 2000 2827 d
2043 2775 2200 2844 aequi
2242 2782 2553 2832 remanent
2590 2793 2603 2832 :
2638 2787 2857 2835 norunt
2909 2783 3067 2837 enim
3101 2785 3300 2841 denuo
3351 2804 3553 2844 suces-

183 2877 290 2911 ται.
1895 2878 2100 2918 suram
2130 2863 2560 2920 ubertatem.Et
2588 2866 2644 2920 in
2678 2867 2771 2922 his
2805 2875 2866 2925 ut
2893 2869 3217 2941 plurimum
3250 2878 3553 2935 exercitati

184 2947 332 3003 nihil
413 2949 708 3020 peregrini
806 2951 956 3024 ipsis
1053 2955 1282 3022 accidit,
1371 2973 1568 3031 neque
1640 2957 1716 3013 de
1812 2951 2103 3011 reditibus
2179 2956 2281 3007 aut
2353 2951 2619 3010 ubertate
2693 2956 2811 3028 ipsi
2885 2960 3259 3030 superbiunt,
3353 2979 3550 3038 neque

197 3036 247 3090 si
273 3036 566 3094 damnum
592 3039 850 3109 ingruat,
883 3042 1336 3116 obstupescunt,

268 3157 343 3211 Z'.
371 3163 434 3212 Τό
479 3156 566 3212 οὖν
609 3167 830 3236 πρᾶγμα
853 3171 945 3216 τοῦ
989 3173 1412 3242 Χριστιανισμοῦ
1451 3173 1605 3222 τοῦτό
1630 3171 1744 3222 ἐστι
1771 3189 1785 3203 ο
1820 3168 1861 3224 C

1976 3164 2084 3218 νη.
2113 3166 2223 3220 Res
2252 3163 2430 3234 igitur
2475 3165 2906 3226 Christianismi
2961 3171 3044 3227 sic
3100 3190 3161 3230 se
3214 3175 3394 3234 habet
3426 3195 3440 3234 :
3468 3179 3543 3235 de

181 3257 364 3320 γεῦσις
449 3248 716 3317 ἀληθείας,
773 3251 974 3326 βρῶσις
1046 3261 1135 3309 καὶ
1195 3262 1350 3318 πόσις
1405 3257 1457 3322 ἐξ
1522 3258 1774 3325 ἀληθείας,

1953 3259 2134 3310 istare
2182 3254 2510 3319 veritatem,
2554 3255 2728 3313 edere
2772 3274 2842 3314 ac
2895 3259 3098 3318 bibere
3148 3264 3222 3320 de
3278 3267 3546 3334 veritate,

177 3346 364 3410 φαγεῖν
413 3341 490 3391 ἐτι
537 3345 626 3393 καὶ
673 3349 809 3394 πιεῖν
877 3340 970 3396 διὰ
1045 3341 1314 3419 δυνάμεως
1359 3354 1449 3401 καὶ
1499 3347 1770 3421 ἐνεργείας.

1954 3343 2068 3398 lere
2099 3359 2168 3399 ac
2194 3342 2396 3399 bibere
2426 3344 2671 3416 insuper
2699 3363 2810 3418 pro
2858 3349 3084 3406 viribus
3130 3361 3184 3408 et
3241 3353 3547 3414 facultate.

168 3427 380 3502 Ὠσπερ
411 3431 498 3482 ἐὰν
624 3437 794 3502 πηγὴ,
846 3439 936 3486 καὶ
986 3434 1053 3486 ὧν
1097 3455 1172 3497 τις
1220 3435 1324 3490 ἐκεῖ
1352 3435 1523 3511 διψῶν
1547 3441 1761 3513 ἄρχητα

1954 3431 2421 3488 uemadmodum
2453 3433 2498 3488 si
2521 3436 2655 3507 quis
2687 3436 2993 3505 sitfons,et
3013 3441 3148 3512 quis
3171 3443 3547 3503 sitibundum

178 3524 346 3571 πίνειν
375 3540 388 3551 ·
432 3515 542 3572 εἶτα
595 3520 646 3572 ἐν
685 3528 757 3590 τῷ
811 3523 1005 3594 μεταξύ
1037 3523 1321 3600 ἀποσπάσῃ
1379 3547 1459 3590 τις
1488 3530 1662 3597 αὐτὸν,
1696 3534 1771 3583 καὶ

1960 3523 2011 3578 ic
2041 3537 2111 3577 ex
2144 3537 2215 3577 eo
2244 3521 2486 3594 incipiat
2501 3523 2705 3580 bibere
2739 3543 2753 3593 ;
2786 3528 3003 3585 deinde
3034 3531 3185 3588 inter
3214 3533 3547 3593 bibendum

173 3613 245 3680 μὴ
313 3604 395 3676 δῷ
451 3607 821 3680 ἐμπλησθῆναι
868 3612 990 3664 ὅσον
1043 3613 1189 3680 θέλει,
1247 3615 1424 3670 λοιπόν
1473 3619 1664 3690 μᾶλλον
1706 3622 1766 3672 ἐκ·

1953 3611 2201 3668 )strahat
2237 3628 2374 3667 eum
2425 3614 2750 3685 quispiam,
2800 3633 2909 3674 nec
2958 3624 3250 3679 concedat
3290 3625 3546 3698 impleri,

171 3703 385 3750 καίεται
418 3700 740 3771 γευσάμενος
798 3709 889 3754 τοῦ
934 3699 1148 3769 ὕδατος,
1199 3711 1288 3758 καὶ
1340 3705 1575 3768 ἐπιζητεί
1626 3729 1764 3762 σπου

1957 3705 2187 3755 tantum
2235 3699 2375 3756 velit
2431 3716 2443 3754 :
2499 3709 2708 3772 postea
2748 3705 3160 3764 vehementius
3205 3711 3549 3783 inardescit,

168 3783 448 3858 δαιότερον
479 3805 492 3818 ⁸
563 3788 720 3850 οὕτως
772 3796 862 3844 καὶ
914 3796 971 3844 τὸ
1037 3799 1385 3866 πνευματικόν
1439 3800 1648 3868 γεύεταί
1704 3819 1755 3851 τι

1954 3794 2068 3843 istu
2109 3804 2282 3861 aqua
2333 3795 2632 3861 percepto,
2674 3799 2730 3848 et
2785 3795 3090 3852 ardentius
3143 3805 3428 3873 exoptat:
3464 3804 3547 3860 sic

162 3881 258 3928 καὶ
349 3875 737 3948 μεταλαμϐάνει
803 3887 993 3952 τροφῆς
1055 3881 1384 3957 ἐπουρανίου,
1440 3884 1551 3938 εἶτα
1605 3885 1654 3938 ἐν
1709 3898 1755 3958 τι

1956 3893 2135 3948 ioque
2194 3878 2252 3931 in
2306 3893 2366 3931 re
2417 3879 2704 3948 spirituali
2762 3898 2854 3938 res
2909 3901 2970 3939 se
3023 3885 3224 3953 habet,
3270 3889 3549 3959 degustat

157 3964 364 4036 μεταξύ
411 3966 730 4034 ὑποστίλλει,
762 3973 852 4022 καὶ
896 3966 1071 4033 οὐδεὶς
1128 3972 1270 4044 αὖτῷ
1317 3970 1542 4027 δίδωσιν
1585 3974 1750 4048 ἐμπλη

1953 3965 2194 4036 iispiam
2228 3969 2286 4020 et
2330 3967 2625 4039 particeps
2663 3969 2726 4024 ﬁt
2765 3971 2883 4026 cibi
2931 3973 3203 4042 ccelestis,
3239 3981 3361 4032 tum
3393 3979 3546 4036 inter

173 4055 394 4112 σθῆναι.
1892 4054 2256 4126 gustandum
2301 4053 2688 4124 subtrahitur,
2724 4059 3044 4134 nullusque
3092 4063 3196 4120 dat
3237 4066 3288 4121 ei
3339 4070 3402 4123 ut
3455 4084 3550 4126 sa-

1893 4143 2088 4200 tietur.

241 4249 328 4306 H'.
367 4249 740 4323 Ἐρώτησις.
774 4255 1062 4308 Διὰτίοῦ
1104 4251 1384 4311 δίδωσιν
1423 4258 1784 4333 ἐμπλησθῆ-

1964 4269 2103 4325 VIll.
2135 4268 2557 4341 Interrogatio.
2590 4272 2978 4341 Quamobrem
3042 4277 3286 4350 impleri
3349 4299 3469 4340 non

168 4356 318 4407 ναι;

1893 4361 2242 4418 conceditur
2269 4359 2297 4415 ?

246 4464 664 4540 Ἀπόκρισις.
715 4467 1026 4524 Ἐπίσταται
1082 4474 1106 4524 ὁ
1149 4476 1335 4548 Κύριος
1388 4481 1481 4536 τὴν
1517 4476 1839 4579 ἀσθένειαν[

246 4561 264 4579 ’ξ
329 4553 578 4579 ἕ.-.Δ--ῐ---
679 4556 730 4579 ἓ-
819 4578 828 4579 κ
937 4564 948 4578 ο
1092 4564 1104 4578 ο
1259 4569 1269 4579 ι
1497 4564 1519 4579 α
1556 4570 1566 4579 ι
1701 4577 1718 4579 __

1971 4486 2142 4558 105
2175 4486 2510 4558 Responsio,
2552 4489 2720 4544 Novit
2760 4491 3047 4548 Dominus
3081 4495 3545 4556 imbecillitatem

169 4561 266 4606 τοῦ
324 4553 618 4630 ἀνθρώπου,
674 4556 756 4610 ὁτι
813 4564 1014 4632 ταχέως
1082 4564 1436 4640 ὑπεραίρεται,
1485 4564 1579 4620 διὰ
1630 4577 1762 4622 τοῦτα

1954 4553 2172 4641 iminis,
2191 4553 2352 4647 quod
2373 4575 2545 4632 facile
2558 4578 2902 4648 extollatur;
2919 4587 3233 4654 propterea
3250 4553 3547 4645 subtrahit

177 4643 509 4709 ὑποστίλλει,
585 4651 674 4699 καὶ
722 4659 1032 4723 παραχωρεί
1085 4656 1456 4725 γυμνασθῆναι
1506 4661 1596 4709 καὶ
1652 4657 1770 4730 βλη·

1987 4643 2272 4736 permittit
2318 4666 2574 4722 exerceri
2607 4671 2664 4723 et
2687 4643 2897 4738 jactari
2922 4643 3257 4728 hominem.
3293 4674 3350 4731 Si
3383 4677 3540 4732 enim

168 4735 328 4796 θῆναι
373 4738 460 4786 τόν
519 4736 808 4810 ἄνθρωπον.
865 4739 925 4791 Εἰ
969 4743 1070 4813 γὰρ
1118 4747 1305 4818 μικρὸν
1351 4744 1646 4817 λαμϐάνεις,
1691 4769 1757 4800 κα

1955 4735 2195 4809 odicum
2230 4753 2639 4826 accipias,nec
2669 4758 2803 4828 quis
2835 4764 2888 4814 te
2920 4761 3169 4816 tolerare
3201 4763 3410 4833 possit,
3440 4766 3545 4823 sed

169 4818 361 4884 οὐδεὶς
394 4841 452 4875 σε
483 4821 759 4897 βαστάζει,
812 4827 942 4880 ἀλλὰ
990 4839 1269 4904 τυφούσαι,
1313 4838 1462 4907 πόσῳ
1500 4836 1688 4908 μᾶλλον
1736 4857 1757 4891 ε

1953 4841 2254 4908 tumescis,
2281 4848 2507 4914 quanto
2530 4844 2745 4914 magis,
2788 4847 2834 4902 si
2861 4849 2994 4919 quis
3029 4865 3149 4904 uno
3181 4850 3400 4907 haustu
3435 4853 3541 4910 tibi

169 4912 257 4984 ὑφ’
312 4914 364 4965 ἓν
414 4918 498 4966 σοί
543 4935 619 4976 τις
661 4913 845 4970 ἐδίδου
903 4920 1287 4992 ἐμπλησθῆναι,
1329 4924 1422 4976 οὐκ
1465 4927 1526 4977 οἷν
1574 4945 1631 4980 σε
1670 4930 1762 5001 ἕφε·

1947 4929 2233 4986 incederet
2261 4912 2604 4998 eisaturari,
2625 4912 2805 4990 nemo
2835 4912 2897 4991 te
2914 4935 3087 4993 ferret
3112 4936 3141 4992 7
3164 4940 3338 5011 Atqui
3363 4939 3540 5009 Deus,

159 5019 248 5075 ρεν
270 5019 292 5072 ;
323 5000 442 5054 AD’
473 4999 624 5067 εἰδὼς
671 5006 696 5057 ό
749 5011 879 5068 Θεὸς
945 5013 1039 5067 την
1086 5009 1371 5078 ἀσθένειαν,
1426 5014 1689 5088 οἰκονομεῖ
1718 5037 1752 5069 σ

1946 5023 2199 5091 arspecta
2229 5020 2760 5089 imbecillitatetua,
2777 5039 2850 5080 ex
2863 4999 3308 5097 dispensatione
3335 4999 3539 5102 singu;

166 5090 244 5152 εἰς
317 5089 536 5163 θλίψεις,
605 5093 686 5147 ἱνα
741 5102 978 5161 ταπεινός
1029 5103 1171 5172 γένη,
1216 5106 1306 5153 καὶ
1358 5101 1759 5178 σπουδαιότερα

1945 5107 1991 5163 ri
2022 5089 2265 5181 exponit
2289 5113 2345 5164 te
2371 5109 2816 5179 afﬂictionibus,
2843 5119 2906 5170 ut
2930 5089 3215 5171 humilior
3244 5089 3538 5186 reddaris,

161 5187 252 5232 τοῦ
318 5180 581 5241 ἐπιζητεῖν
629 5186 716 5236 τόν
757 5190 903 5241 Θεὸν.
973 5193 1073 5240 Καὶ
1101 5190 1202 5262 γὰρ
1239 5194 1375 5244 κατά
1402 5197 1600 5259 κόσμον
1638 5214 1754 5247 πτω

1946 5213 1956 5250 ι
1985 5180 2304 5254 studiosior
2329 5199 2667 5270 inquirendi
2693 5203 2811 5257 Dei.
2847 5205 2998 5260 More
3030 5203 3188 5260 enim
3225 5207 3285 5261 in
3309 5209 3539 5265 mundo

159 5270 271 5338 χός
351 5283 430 5326 τις
501 5272 660 5340 ευρών
732 5269 1010 5342 βαλάντιον
1061 5283 1323 5347 χρυσοῦν,
1385 5275 1486 5330 ἀπὸ
1531 5278 1747 5352 ἐλαφρία

1951 5293 2122 5356 cepto
2155 5269 2465 5343 mendicus
2485 5290 2755 5360 quidam,
2799 5291 3037 5348 invento
3059 5297 3366 5368 marsupio
3409 5297 3541 5353 auri

154 5353 365 5427 ᾖρξατο
389 5359 698 5431 κηρύσσειν,
722 5359 940 5436 Εὗρον,
979 5362 1161 5438 εὗρον
1193 5363 1558 5439 βαλάντιον,
1590 5368 1747 5422 πλού

1948 5353 2082 5441 eno,
2102 5391 2224 5446 prae
2251 5375 2488 5433 levitate
2509 5376 2713 5450 incipit
2734 5382 3043 5437 vociferari
3062 5401 3075 5438 :
3092 5383 3537 5451 Inveni,inveni

163 5443 502 5516 σιόςείμι.
549 5451 677 5499 Τότε
720 5451 774 5501 ἐκ
818 5457 912 5514 τῆς
961 5457 1134 5526 φήμης
1186 5455 1406 5514 ἦκουσεν
1436 5459 1462 5510 ό
1493 5456 1751 5523 ἀπολέσας

1944 5443 2274 5536 ανειιᾷίαηι,
2299 5465 2460 5522 dives
2481 5470 2791 5536 sum.,Tum
2806 5485 2877 5525 ex
2903 5486 3143 5529 rumore
3159 5475 3408 5541 audivit,
3425 5476 3533 5548 qui

161 5539 255 5586 καὶ
316 5533 490 5588 ἐλαϐεν
554 5535 703 5593 αὐτὸ.
774 5537 959 5604 Ἀλλος
1027 5541 1278 5607 πλούσιος
1352 5544 1636 5618 ἀπενοήθη,
1684 5569 1752 5604 κα

1944 5533 2242 5624 srdiderat,
2274 5571 2345 5612 ac
2383 5556 2606 5629 recepit
2639 5533 2811 5614 illud.
2845 5559 3012 5617 Alius
3052 5562 3220 5621 dives
3252 5533 3537 5641 superbia

235 5687 286 5722 ⁷³
319 5687 560 5762 Gemini,
595 5692 646 5744 5.
