4076 6210
444 267 551 322 699

1749 256 1810 309 S.
1851 250 2147 309 MACARII
2190 247 2498 308 EGYP’I‘II

3705 252 3817 308 700

447 391 712 465 quadam
728 388 911 445 animi
926 386 1134 451 elatus,
1150 383 1417 440 calcibus
1429 385 1627 453 petere
1653 380 1851 453 ccepit,
1864 393 2097 435 omnes-

2230 376 2545 448 ἰπελάκτισε,
2598 383 2687 430 καὶ
2737 376 2932 450 ἤρξατο
2988 377 3187 439 πάντας
3234 377 3488 452 ὑϐρίζειν,
3546 383 3637 431 καὶ
3661 379 3815 450 ὑπερ-

450 497 567 552 que
601 477 965 535 contumelia
996 475 1250 536 afﬁcere,
1282 477 1335 528 et
1360 467 2055 543 superquosdamefferri
2082 483 2097 533 ',

450 586 574 642 quo
605 568 808 625 audito
836 583 937 622 rex
963 565 1091 636 ejus
1121 560 1653 636 publicavitbona:
1673 559 1757 614 sic
1790 575 1849 614 se
1881 574 1975 613 res
1991 558 2102 613 ha-

451 661 551 715 bet
576 660 631 714 in
666 673 726 712 re
771 655 1080 728 spirituali.
1110 650 1422 708 Paululum
1453 650 1667 723 quietis
1699 648 1801 704 ubi
1850 647 2100 721 quidam

450 747 841 819 degustarint,
870 743 1290 800 administrare
1308 740 1369 795 id
1389 741 1672 803 nesciunt,
1702 737 1807 793 sed
1839 737 2098 808 perdunt

451 839 511 894 id
543 851 784 910 quoque
813 832 977 907 quod
1017 834 1387 901 acreperunt.
1412 832 1621 885 Tentat
1648 828 1806 883 enim
1833 843 1936 882 eos
1966 842 2105 899 pec-

452 933 675 991 catum,
705 930 760 980 et
789 927 1045 979 occaecat
1070 919 1306 975 illorum
1337 924 1616 973 mentem.

524 1029 1037 1099 IX.Interrogatio.
1058 1029 1196 1082 Post
1210 1026 1604 1082 visi/ationem
1620 1024 1835 1095 gratia:
1843 1023 2096 1093 factam,

453 1139 565 1196 quo
576 1129 751 1192 pacto
769 1120 1056 1175 labuntur
1072 1112 1388 1172 nonnulli?
1401 1115 1613 1170 Nonne
1630 1114 1892 1169 Satanas
1909 1112 2097 1167 mani-

449 1215 605 1282 festo
622 1212 794 1279 longe
810 1206 1261 1263 imbecilliores!
1284 1203 1462 1261 ‘Pnam
1476 1203 1580 1258 ubi
1591 1202 1859 1273 dies,qua
1872 1201 2106 1256 ratione

2211 468 2455 541 αἰρεσθαί
2506 486 2676 531 τινων,
2756 467 2866 518 ὅθεν
2944 464 3175 528 ἀκούσας
3225 466 3250 518 6
3300 465 3545 538 βασιλεὺς
3593 463 3820 540 ἐδήμευ-

2213 575 2296 609 σεν
2335 559 2496 608 αὐτοῦ
2526 560 2592 609 τὰ
2629 558 2941 631 ὑπάρχοντα
2975 574 2987 586 ·
3045 555 3209 619 οὕτως
3252 561 3342 609 καὶ
3381 556 3447 618 εἰς
3494 560 3552 610 τό
3590 576 3821 629 πνευμα-

2211 650 2394 698 τικόν’
2466 652 2659 719 μικρᾶς
2740 645 3078 708 ἀναπαύσεως
3156 644 3240 698 ἐὰν
3312 649 3605 718 γεύσωνταί
3661 666 3816 714 τινες,

2212 734 2306 787 ούκ
2332 731 2515 788 οἴδασι
2565 732 2860 800 διοικῆσαι,
2895 733 2999 787 ἀλλ’
3036 734 3292 788 ἀπολοῦσι
3338 740 3428 788 καὶ
3481 735 3624 799 αύτὸ,
3654 737 3680 787 ὃ
3702 736 3821 789 ἔλα-

2215 823 2321 877 ϐον.
2376 825 2622 892 Πειράζει
2667 826 2766 899 γὰρ
2818 824 3009 887 αύτούς
3066 827 3095 884 ἠ
3150 824 3401 900 ἁμαρτία,
3442 829 3533 878 καὶ
3573 825 3812 887 σκοτίζει

2217 913 2386 965 αὐτῶν
2407 916 2493 966 τὸν
2519 921 2659 968 νοῦν.

2290 1020 2371 1075 Θ’.
2432 1020 2748 1095 Ἐρώτησι
2774 1042 2819 1083 ς.

2218 1113 2493 1183 χάριτος
2523 1113 2844 1182 γενέσθαι,
2888 1120 3016 1171 πῶς
3053 1114 3371 1164 πίπτουσί
3399 1130 3560 1173 τινες
3593 1132 3608 1180 ς
3644 1115 3814 1184 Ούχὶ

2903 1024 3077 1075 Μετὰ
3150 1024 3216 1073 τὸ
3274 1020 3619 1093 ἐπίσκεψιν
3691 1029 3805 1083 τῦς

2220 1202 2245 1253 ὁ
2299 1206 2577 1262 Σατανᾶς
2620 1199 3086 1275 ἀσθενέστερος
3127 1198 3598 1254 ἀποδείκνυται
3628 1201 3824 1270 πολὺς

453 1306 642 1371 potest
672 1313 795 1353 nox
820 1312 948 1352 esse
973 1299 997 1349 ?

2230 1286 2416 1342 Ὀπου
2440 1291 2560 1364 γὰρ
2587 1292 2808 1362 ἡμέρα,
2840 1298 2967 1353 πῶς
2994 1286 3269 1343 δύναται
3291 1290 3402 1353 νύξ
3431 1287 3639 1357 εἶναι;

2296 1414 2697 1487 Ἀπόκρισις.
2725 1419 2846 1485 Ούχ
2897 1414 2979 1466 ὃτι
3008 1416 3037 1473 ἠ
3084 1416 3247 1488 χάρις
3292 1413 3579 1480 σϐέννυται,
3604 1418 3635 1472 ἧ
3672 1413 3831 1468 6:66:-

2225 1512 2317 1568 νεῖ,
2374 1503 2479 1555 ἀλλ’
2535 1505 2618 1556 ἵνα
2662 1508 2721 1556 τὸ
2776 1503 3111 1566 αὐτεξούσιόν
3168 1522 3286 1571 σου,
3335 1508 3426 1557 καὶ
3482 1506 3512 1562 ἡ
3572 1503 3838 1578 ἕλευθερία

2230 1589 2555 1664 δοκιμασθῇ,
2610 1592 2711 1644 ποῦ
2754 1592 2915 1666 ῥέπει,
3000 1598 3314 1667 παραχωρεῖ
3368 1600 3430 1665 τῇ
3483 1597 3644 1665 κακία
3673 1608 3687 1620 ⁶
3747 1597 3841 1645 καὶ

2228 1681 2380 1734 πάλιν
2416 1684 2481 1733 σὺ
2512 1689 2584 1752 τῷ
2635 1681 2882 1753 θελήματι
2924 1682 3288 1755 προσεγγίζων
3343 1688 3416 1751 τῷ
3484 1687 3659 1756 Κυρίῳ
3711 1702 3844 1755 προ-

2229 1774 2393 1843 τρέπῃ
2446 1778 2536 1823 τοῦ
2591 1768 2981 1840 ἐπισκέψασθαί
3038 1788 3097 1823 σε
3151 1775 3245 1827 τὴν
3291 1772 3473 1844 χάριν.
3534 1770 3676 1823 Ἐπεὶ
3731 1780 3844 1830 πῶς

2618 1861 2701 1912 Τό
2765 1864 3016 1929 Πνεῦμα
3067 1862 3147 1930 μὴ
3206 1857 3526 1925 σϐέννυτε,
3583 1860 3629 1911 εἰ
3674 1862 3844 1913 ἐκεῖνο

526 1422 867 1493 Responsio.
885 1423 1007 1476 Non
1024 1417 1617 1491 quodexstinguatur
1645 1415 1983 1485 gratia,aut
2008 1416 2113 1470 im-

454 1514 719 1571 becillior
746 1511 1055 1572 reddatur,
1101 1508 1203 1562 sed
1237 1512 1297 1560 ut
1328 1505 1581 1561 liberum
1607 1505 1916 1560 arbitrium
1945 1510 2115 1560 tuum

455 1621 525 1660 ac
553 1603 804 1658 libertas
842 1598 1147 1669 probetur,
1166 1611 1287 1667 quo
1314 1593 1837 1666 vergat,permittit
1866 1598 1923 1648 te
1955 1594 2120 1650 mali-

455 1694 552 1749 tiae
587 1708 598 1746 :
624 1698 813 1761 tuque
837 1704 1041 1743 rursus
1062 1686 1364 1739 voluntate
1392 1699 1583 1754 appro
1603 1683 1902 1755 pinquans
1926 1682 2117 1738 Domi-

470 1799 569 1845 no,
605 1778 967 1840 admoneris,
996 1781 1057 1829 ut
1106 1775 1328 1828 revisas
1371 1774 1645 1842 gratiam.
1681 1778 1750 1827 At
1790 1787 1912 1841 quo
1943 1779 2118 1842 pacto

457 1870 745 1941 scriptum
776 1872 862 1922 est
896 1882 907 1919 :
951 1864 1243 1931 Spiritum
1279 1878 1353 1917 ne
1390 1861 1782 1930 exstinguatis
1810 1862 1885 1915 7‘:
1920 1861 2115 1930 siipse

456 1954 959 2024 inexslinguibilis
972 1958 1061 2007 est
1075 1959 1129 2006 et
1144 1950 1377 2006 lucidus
1395 1949 1422 2005 (ἰ
1438 1953 1516 2005 Τυ
1537 1965 1673 2005 vero
1687 1948 1990 2004 voluntate
2014 1954 2117 2004 tua

456 2049 788 2118 negligens,
822 2048 877 2098 et
903 2059 1023 2097 non
1046 2040 1449 2103 consentiens,
1474 2038 1867 2107 exstingueris
1885 2054 1920 2093 a
1938 2038 2115 2108 Spiri-

457 2143 542 2195 tu.
572 2135 791 2191 Eodem
825 2132 1007 2188 modo
1039 2130 1179 2185 dicit
1215 2151 1229 2185 :
1262 2130 1353 2185 Ne
1409 2128 1763 2184 contristetis
1818 2127 2115 2198 Spiritum

458 2230 866 2292 sa‘nctum,per
880 2237 1046 2294 quem
1063 2220 1359 2290 obsignati
1372 2221 1505 2274 estis
1521 2219 1587 2272 in
1599 2216 1751 2273 diem
1768 2216 2114 2285 redemptio-

456 2318 551 2371 nis
573 2318 645 2371 ⁷³.
679 2313 852 2368 Vides
888 2311 945 2365 in
978 2315 1081 2364 tua
1118 2307 1415 2364 voluntate
1458 2308 1636 2361 situm
1681 2322 1831 2373 esse,
1864 2312 1919 2361 et
1952 2306 2009 2361 in
2042 2306 2113 2361 li-

456 2405 599 2460 bero
623 2401 864 2458 arbitrio
906 2404 1025 2463 tuo,
1056 2402 1117 2452 ut
1147 2397 1371 2452 honore
1402 2395 1629 2450 afﬁcias
1663 2395 1943 2465 Spiritum
1975 2411 2111 2450 san-

460 2500 644 2557 ctum,
680 2499 734 2546 et
766 2504 886 2545 non
914 2488 1249 2542 contristes.
1285 2488 1405 2553 Ego
1459 2500 1599 2538 vero
1631 2484 1735 2538 tibi
1785 2484 1942 2548 dico,
1978 2500 2113 2556 per-

2155 1729 2196 1783 Β

2226 1864 2537 1931 γέγραπται,

2228 1948 2484 2001 ἄσϐεστόν
2515 1950 2646 2011 ἐστι,
2681 1951 2768 2000 καὶ
2818 1950 3099 2019 φωτεινόνς
3156 1946 3319 2002 Ἀλλά
3350 1952 3417 2000 σύ
3459 1956 3531 2018 τῷ
3572 1956 3650 2018 σῷ
3689 1949 3837 2008 θελὴο

2227 2056 2355 2109 ματι
2413 2034 2633 2108 ἀμελῶν,
2692 2039 2779 2086 καὶ
2825 2038 2897 2107 μὴ
2964 2044 3250 2107 συμφωνῶν
3313 2035 3734 2090 κατασϐέννυσαι
3782 2040 3843 2090 ἐκ

2224 2136 2313 2179 τοῦ
2371 2128 2688 2197 Πνεύματος.
2752 2124 2977 2196 Ὁμοίως
3057 2124 3213 2196 λέγει,
3296 2130 3391 2183 Μὴ
3450 2125 3713 2179 λυπεῖτε
3768 2132 3843 2180 τὸ

2226 2217 2576 2286 Πνεῦματό
2607 2213 2813 2284 ἅγιον,
2862 2216 2920 2265 ἓν
3053 2214 3545 2289 ἐσφραγίσθητε
3584 2215 3662 2276 εἰς
3694 2218 3842 2288 ἠμέ-

2222 2324 2334 2377 ραν
2358 2303 2882 2377 ἀπολυτρώσεως.
2935 2301 3091 2375 Ὀρᾷς
3119 2305 3196 2356 ὅτι
3246 2302 3297 2356 ἕν
3333 2312 3407 2375 τῷ
3457 2303 3711 2375 θελήματί
3741 2324 3841 2358 σου

2222 2401 2407 2460 κεῖται,
2461 2399 2552 2446 καὶ
2594 2395 2641 2445 ἓν
2690 2401 2751 2465 τῇ
2800 2392 3229 2455 αύτεξουσιότητί
3286 2411 3404 2460 σου,
3436 2398 3495 2446 τὸ
3519 2403 3750 2465 τιμῆσαι
3778 2399 3841 2448 τὸ

2223 2490 2434 2555 Πνεῦμα
2479 2486 2538 2534 τὸ
2593 2480 2762 2553 ἅγιον,
2847 2488 2935 2534 καὶ
2993 2486 3064 2554 μὴ
3131 2482 3389 2542 λυπῆσαι.
3447 2482 3581 2555 Ἐγὼ
3635 2481 3698 2537 δέ
3748 2504 3840 2539 σοι

461 2582 626 2638 fectis
655 2594 897 2652 quoque
928 2575 1298 2641 Christianis,
1333 2581 1388 2629 et
1418 2573 1664 2645 quidem
1693 2574 2010 2643 captivatis
2055 2580 2111 2629 et

460 2669 761 2727 inebriatis
785 2682 987 2721 amore
1019 2663 1429 2733 ergafbonum,
1464 2664 1655 2716 inesse
1677 2661 1929 2717 liberum
1958 2662 2110 2717 arbi-

460 2759 659 2819 trium,
696 2755 855 2810 unde
880 2753 1125 2809 inﬁnitis
1140 2752 1313 2807 malis
1329 2751 1673 2817 examinati,
1688 2754 2113 2805 convertuntur

460 2848 536 2904 ad
569 2847 823 2902 bonum.

2223 2572 2373 2643 λέγω,
2430 2572 2511 2623 ὃτι
2545 2575 2634 2623 καὶ
2686 2576 2794 2638 τοῖς
2852 2570 3058 2632 τελείοις
3112 2579 3449 2644 Χριστιανοῖς
3487 2580 3593 2635 τοῖς
3644 2573 3832 2646 ᾖχμὶ,

2221 2662 2581 2733 λωτισμένοις,
2675 2664 2765 2712 καὶ
2847 2661 3259 2732 μεμεθυσμίνοις
3338 2661 3409 2722 εἰς
3486 2666 3544 2714 τὸ
3605 2660 3828 2733 ἀγαθὸν.

2225 2754 2433 2803 σύνεστι
2488 2754 2547 2803 τὸ
2606 2749 2960 2815 αὐτεξούσιον,
3025 2751 3138 2802 ὅθεν
3198 2756 3410 2823 μυρίοις
3456 2759 3634 2814 κακοῖς
3659 2750 3831 2813 ἕξεται-

2230 2843 2433 2902 σθέντες
2463 2844 2734 2913 τρέπονται
2765 2838 2849 2891 ἐπὶ
2879 2843 2934 2891 τό
2966 2837 3182 2911 ἀγαθόν.

530 2957 590 3009 Χ.
628 2950 874 3007 Perinde
896 2964 966 3004 ac
1002 2948 1049 3002 si
1099 2947 1217 3001 sint.
1264 2946 1550 3017 primates
1605 2944 1875 3016 quidam,
1900 2945 2111 3000 divites

2297 2948 2355 3002 I'.
2413 2946 2612 3022 ’Ὠσπερ
2645 2948 2765 2999 ὃταν
2814 2944 2915 2999 ὦσί
2970 2966 3098 3007 τινες
3158 2945 3519 3020 ἀξιωματικοὶ,
3550 2950 3635 2999 καὶ
3660 2945 3829 2998 πλού-

460 3058 531 3099 ac
563 3041 817 3103 nobiles,
847 3038 990 3109 quia
1022 3035 1264 3107 propria
1291 3035 1595 3089 voluntate
1636 3040 1691 3088 et
1716 3035 1997 3089 instinctu
2023 3050 2111 3089 re-

2230 3057 2354 3101 σιοι,
2434 3041 2523 3088 καὶ
2588 3035 2823 3107 εύγενεῖς,
2902 3040 2992 3087 καὶ
3041 3036 3187 3088 οὗτοι
3264 3033 3387 3107 ἰδίῳ
3442 3037 3686 3108 θελήματι
3738 3042 3839 3090 καὶ

456 3130 733 3203 linquant
759 3126 996 3181 divitias
1030 3130 1085 3179 et
1105 3123 1480 3179 nobilitatem
1495 3138 1665 3176 suam
1680 3138 1749 3177 ac
1772 3122 2111 3191 dignitates,

2230 3131 2525 3200 προαιρέσει
2572 3124 2902 3177 καταλίπωσι
2954 3127 3041 3177 τὸν
3100 3124 3338 3191 πλοῦτον,
3404 3132 3497 3178 καὶ
3554 3130 3646 3185 τὴν
3692 3125 3843 3198 εύγέο

457 3225 513 3276 et
533 3221 772 3281 abeant,
796 3232 866 3272 ac
891 3215 1145 3269 induant
1176 3212 1419 3268 sordida
1451 3216 1506 3266 et
1547 3210 1694 3266 vilia
1738 3213 2113 3276 vestimenta,

458 3314 516 3365 et
544 3305 938 3379 ignominiam
966 3318 1076 3375 pro
1125 3302 1335 3371 gloria,
1364 3300 1603 3370 sintque
1655 3299 1850 3355 miseri
1874 3304 1929 3355 et
1958 3299 2119 3369 abje-

457 3384 533 3454 cti
568 3398 716 3466 ;hoc
759 3395 939 3449 situm
989 3391 1160 3446 estin
1219 3405 1426 3445 eorum
1476 3389 1721 3460 propria
1774 3388 2107 3445 voluntate.

460 3490 581 3555 Ego
611 3500 748 3539 vero
781 3482 881 3537 tibi
920 3481 1075 3544 dico,
1107 3479 1273 3551 quod
1302 3478 1466 3549 ipsos
1514 3493 1754 3549 quoque
1783 3480 2107 3548 apostolos,

458 3574 551 3630 vel
579 3577 1029 3628 consummatos
1048 3570 1106 3623 in
1137 3568 1348 3637 gratia,
1369 3582 1486 3622 non
1511 3566 1880 3632 prohibuerit
1900 3567 2112 3635 gratia,

454 3679 576 3738 quo
612 3664 831 3724 minus,
860 3675 995 3731 quae
1054 3657 1283 3720 vellent,
1324 3655 1674 3727 perﬁcerent
1708 3672 1719 3710 :
1754 3655 1991 3711 etiamsi
2014 3672 2108 3711 vo-

452 3753 699 3808 luissent
724 3750 1103 3821 ipsi,ea,qutB
1138 3745 1548 3816 displicebant
1565 3744 1791 3815 gratim,
1812 3760 2117 3817 peragere.

454 3846 678 3899 Natura
718 3840 877 3895 enim
942 3843 1145 3893 nostra
1212 3850 1405 3906 capax
1455 3840 1562 3900 est,
1612 3839 1737 3889 tum
1795 3834 1939 3890 boni
1992 3840 2120 3891 tum

455 3931 594 3989 mali
631 3949 643 3986 :
679 3947 747 3986 ac
780 3934 1044 4000 potestas
1078 3925 1421 3981 adversaria
1443 3924 1821 3979 exhortandi.
1859 3939 1981 3979 non
2020 3941 2111 3980 co-

454 4020 635 4094 gendi
684 4022 803 4073 vim
858 4016 1038 4073 habet
1074 4029 1085 4068 :
1130 4014 1332 4086 quoad
1374 4018 1591 4069 caetera
1632 4012 1820 4069 habes
1852 4013 2109 4070 liberum

454 4110 764 4166 arbitrium
827 4106 1112 4177 vergendi
1172 4118 1538 4175 quocunque
1592 4102 1873 4159 volueris.
1917 4106 2122 4158 Nonne

456 4197 1057 4270 perpendis,Petrum
1073 4194 1261 4262 fuisse
1291 4193 1712 4259 reprehensum
1731 4192 1861 4255 7°,et
1878 4193 2121 4246 Paulum

457 4288 779 4343 abeuntem
808 4284 1078 4351 arguisse
1103 4281 1269 4335 illum
1295 4298 1307 4345 ;
1338 4280 1461 4350 qui,
1484 4279 1761 4351 quamvis
1791 4279 1924 4333 talis
1944 4285 2111 4345 esset1

2235 4281 2465 4334 ἀπελθὼν
2513 4282 2708 4342 Παυλος
2762 4282 2968 4354 ἦλεγξεν
3032 4284 3207 4349 αὐτὸν,
3259 4289 3349 4337 καὶ
3406 4286 3431 4337 6
3489 4292 3720 4345 τοιοῦτος
3750 4283 3848 4336 ἁκ-

461 4376 660 4431 adhuc
694 4370 1176 4442 reprehensibilis
1196 4369 1363 4423 erat?
1383 4368 1594 4422 Paulus
1608 4384 1869 4439 quoque,
1889 4369 1987 4440 qui
2003 4385 2111 4424 era‘

2233 4376 2335 4443 μὴν
2380 4374 2799 4443 κατεγνωσμένος
2855 4368 2954 4439 is;
3020 4378 3109 4425 καὶ
3161 4374 3186 4425 6
3233 4373 3438 4436 Παῦλος
3494 4376 3850 4445 πνευματικός

463 4428 1058 4535 spiritualis,propria
1073 4457 1377 4512 voluntate
1399 4428 2111 4529 disputation-emsuscepit

2234 4464 2321 4525 ὢν,
2375 4459 2429 4512 ἐκ
2494 4468 2586 4512 τοῦ
2671 4457 2809 4513 ἰδίου
2882 4461 3165 4534 θελήματος
3222 4459 3492 4516 διάλεκτον
3555 4462 3849 4521 ἐποιήσατο

463 4569 603 4608 cum
633 4548 929 4613 Barnaba,
960 4553 1015 4602 et
1054 4565 1064 4601 :
1100 4547 1202 4601 Ira
1230 4545 1581 4602 exacerbati
1629 4546 2021 4601 discesserunt
2052 4548 2111 4603 at

2234 4552 2364 4620 μετά
2389 4547 2647 4623 Βαρνάϐα,
2686 4554 2796 4613 καὶ,
2846 4551 3367 4623 Παροξυνθέντες
3416 4550 3850 4624 ἀνεχώρησαν

478 4641 651 4712 106
678 4642 926 4695 invicem
955 4638 998 4670 77
1037 4637 1237 4707 Iiaque
1260 4635 1447 4705 inquit
1476 4634 1667 4689 idem:
1704 4636 1809 4688 Vos
1834 4636 1936 4707 qui
1956 4636 2111 4705 Spiri

2237 4638 2336 4690 ἀπ’
2385 4636 2706 4696 ἀλλήλων.
2762 4644 2861 4691 Καὶ
2892 4638 3044 4691 πάλιν
3072 4642 3097 4691 ό
3136 4640 3295 4702 αὐτὸς
3324 4640 3479 4712 λέγει,
3519 4639 3733 4712 Ὑμεῖς
3788 4642 3849 4692 οἰ

469 4732 659 4786 tuates
687 4730 839 4793 estis,
870 4727 1207 4782 instaurate
1238 4724 1587 4794 hujusmodi
1617 4723 1829 4792 spiritu
1858 4740 2111 4782 mansue-

2236 4732 2665 4799 πνευματικοὶ
2716 4729 3156 4803 καταρτίζετε
3194 4732 3298 4781 τὸν
3339 4736 3652 4793 τοιοῦτον,
3690 4748 3843 4781 σκο-

475 4818 700 4875 tudinis
713 4816 1099 4873 considerans
1119 4813 1511 4882 temetipsum,
1531 4828 1602 4869 ne
1623 4816 1674 4867 et
1695 4818 1758 4867 tu
1784 4816 2023 4870 tenteris
2053 4814 2111 4879 τδρ

2234 4825 2361 4871 πῶν
2426 4819 2717 4887 σεαυτὸν,
2754 4821 2833 4888 μὴ
2888 4822 2997 4869 καὶ
3049 4821 3122 4870 σύ
3170 4820 3552 4891 πειρασθῇς.
3611 4814 3757 4871 Ἰδού
3798 4822 3847 4872 οἰ

471 4910 619 4963 Ecce
661 4904 996 4978 spirituales
1062 4908 1380 4968 tentantur,
1415 4903 1557 4974 quia
1602 4908 1872 4973 superest
1927 4903 2111 4959 adhuc

2233 4910 2576 4977 πνευματικοὶ
2632 4906 2992 4979 πειράζονται,
3036 4904 3132 4960 διὰ
3190 4911 3249 4960 τὸ
3309 4911 3619 4981 παραμένειν
3670 4910 3747 4961 ἔτι
3786 4911 3847 4961 τὸ

468 4996 783 5053 arbitrium
844 4993 1143 5058 liberum;
1178 4996 1233 5047 et
1285 4992 1486 5048 hostes
1551 4994 1798 5057 instant,
1850 4992 2111 5063 quandiu

2234 4993 2570 5055 αὐτεξούσιον
2605 5012 2617 5025 ο
2652 4999 2740 5047 καὶ
2770 4997 2819 5047 οἱ
2871 4998 3062 5069 ἰχθροὶ
3094 4995 3400 5067 ἐπίκεινται,
3428 4998 3521 5060 ἕως
3549 4999 3672 5049 ὅτου
3703 4997 3840 5051 εἰσὶν

470 5090 783 5142 versantur
813 5084 869 5138 in
890 5082 1005 5138 hoc
1037 5081 1279 5138 saeculo.

2233 5084 2281 5135 ἓν
2318 5090 2391 5153 τῷ
2424 5084 2573 5136 αἰῶνι
2603 5086 2792 5155 τούτῳ.

2226 3235 2362 3268 νειαν
2425 3214 2614 3282 αὐτῶν,
2682 3219 2771 3266 καὶ
2828 3217 2895 3266 τά
2946 3213 3238 3283 ἀξιώματα,
3304 3219 3394 3268 καὶ
3457 3214 3727 3269 ἀπέλθωσι
3750 3222 3834 3269 καὶ

2227 3300 2549 3357 ἓνδύσωνται
2591 3304 2804 3376 ῥυπαρὰ
2860 3308 2950 3355 καὶ
3001 3306 3219 3377 πενιχρὰ
3268 3302 3526 3376 ἑδύματα,
3588 3310 3681 3359 καὶ
3733 3305 3835 3358 ἀτι-

2228 3397 2353 3465 μίαν
2384 3390 2497 3443 ἀντὶ
2524 3387 2697 3456 δόξης,
2763 3396 2851 3445 καὶ
2913 3388 3021 3444 ὦσι
3072 3393 3534 3467 ταλαιπωροῦντες,
3566 3399 3658 3447 καὶ
3698 3394 3842 3457 ἐξου-

2232 3477 2551 3551 δενούμενοι,
2604 3487 2753 3532 τοῦτο
2780 3479 3179 3534 καταλελειπται
3231 3490 3306 3551 τῷ
3342 3479 3461 3553 ἰδίῳ
3494 3482 3665 3535 αὐτῶν
3696 3482 3843 3542 θελή-

2229 3588 2373 3641 ματι.
2414 3568 2543 3639 Ἐγώ
2585 3564 2645 3620 δέ
2678 3588 2763 3620 σοι
2790 3568 2942 3640 λέγω,
2994 3571 3075 3622 ὄτι
3102 3575 3192 3623 καὶ
3221 3573 3344 3632 τοὺς
3374 3571 3695 3632 ἀποστόλους
3724 3575 3849 3634 τούς

2229 3657 2639 3728 τετελειωμένους
2687 3656 2734 3708 ἐν
2790 3665 2850 3730 τῇ
2905 3660 3115 3734 χάριτι,
3174 3658 3231 3711 ού
3267 3660 3549 3713 κεκώλυκεν
3581 3663 3611 3719 ἡ
3653 3664 3847 3733 χάρις,

2230 3747 2265 3798 οἷ
2316 3746 2580 3798 ἐϐούλοντο
2641 3746 2856 3821 πρᾶξαι,
2917 3752 3018 3820 εἴγε
3072 3749 3251 3808 ἤθελον
3308 3750 3454 3803 αὐτοὶ
3522 3755 3728 3820 ἐκεῖνοι,
3777 3755 3851 3823 μὴ

2233 3834 2518 3911 ἀρέσκοντα
2548 3856 2665 3888 τινα
2702 3844 2762 3909 τῇ
2810 3839 2999 3909 χάριτι
3059 3835 3499 3911 διαπράττεσθαι.
3547 3844 3647 3892 Καὶ
3679 3842 3785 3912 γὰρ
3814 3842 3844 3898 η

2234 3928 2388 3998 φύσις
2421 3927 2566 3997 ἡμῶν
2628 3922 2839 3985 δεκτικὴ
2900 3926 3056 3979 καλοῦ
3123 3933 3213 3980 καὶ
3269 3935 3435 3980 κακοῦ
3492 3927 3637 3980 ἐστι’
3678 3932 3769 3980 καὶ
3814 3930 3842 3987 ἡ

2233 4013 2435 4067 ἐναντία
2522 4010 2740 4085 δύναμις
2808 4021 3181 4091 προτρεπτικὴ,
3265 4016 3359 4068 οὐκ
3448 4016 3847 4088 ἀναγκαστικῄ

2234 4106 2429 4156 Λοιπὸν
2464 4106 2529 4155 σὺ
2561 4106 2698 4175 ἔχεις
2751 4107 2808 4155 τό
2850 4104 3184 4167 αὐτεξούσιον
3230 4104 3409 4179 ῥέψαι,
3462 4107 3589 4158 ὅπου
3641 4103 3844 4179 βούλει.

2234 4192 2355 4264 Οὓχ
2387 4194 2531 4265 ὁρᾷς,
2565 4194 2645 4245 ὅτι
2712 4198 2956 4268 Πέτρος
3020 4199 3565 4267 κατεγνωσμένος
3614 4192 3706 4259 ἦν,
3754 4200 3847 4247 καὶ

542 5194 626 5247 Ἡ.
661 5192 1083 5261 Interrogatio.
1116 5190 1243 5243 Non
1271 5191 1547 5257 poterant
1569 5202 1817 5255 peccare
1846 5189 2116 5255 apostoli,

468 5284 518 5339 si
544 5283 889 5346 voluissent,
917 5296 992 5336 an
1005 5294 1141 5335 vero
1168 5277 1296 5346 ipsa
1326 5278 1633 5332 voluntate
1666 5278 1966 5347 potentior
1992 5285 2118 5334 erat

472 5372 672 5444 gratia
693 5373 719 5427 ?

534 5476 873 5546 Responsio.
900 5478 1144 5531 Peccare
1174 5472 1419 5546 quidem
1474 5488 1593 5528 non
1634 5478 1910 5545 poterant
1946 5494 1957 5539 ;
1990 5489 2110 5530 non

483 5601 489 5609 ἰ
536 5638 583 5679 7‘
615 5614 870 5695 I.Thess.
904 5652 958 5706 γ,
992 5634 1076 5688 19.

1180 5634 1228 5669 ⁷⁵
1262 5632 1475 5705 Ephes.
1500 5650 1573 5700 ιν,
1596 5633 1722 5689 340.
1795 5634 1845 5669 ⁷⁸
1876 5633 2000 5691 Gal.
2034 5652 2091 5701 ιι,
2123 5639 2206 5692 lt.

2302 5189 2410 5243 IA'.
2444 5190 2815 5263 Ἐρώτησις.
2885 5192 3013 5245 Ούκ
3063 5188 3384 5252 ἠδύναντο
3437 5192 3843 5268 ἁμαρτάνειν

2229 5278 2286 5330 οἰ
2312 5278 2686 5346 ἀπόστολοι,
2731 5280 2783 5334 εἰ
2822 5280 3066 5347 ἤθελον,
3102 5286 3131 5340 ἤ
3157 5282 3478 5334 καὶαύτοῦ
3512 5291 3620 5336 τοῦ
3673 5284 3848 5341 θελή-

2226 5389 2420 5441 ματος
2463 5370 2872 5445 ἰσχυροτέρα
2911 5368 2981 5429 ἧν
3014 5373 3043 5429 ἡ
3078 5373 3272 5446 χάρις
3307 5387 3320 5437 ;

2297 5474 2691 5551 Ἀπόκρισις.
2723 5475 3064 5551 ’Λμαρτάνειν
3113 5480 3202 5551 μεν
3255 5476 3348 5530 ούκ
3377 5473 3640 5536 ἠδύναντο
3677 5497 3690 5510 ·
3726 5482 3846 5533 οὔτε

2308 5637 2353 5671 ⁷⁷
2386 5640 2515 5694 Act.
2550 5652 2642 5703 xv,
2680 5642 2766 5694 t5.
2862 5638 2911 5673 ⁷⁸
2937 5636 3064 5695 Gal.
3106 5654 3178 5705 vx,
3215 5643 3265 5695 t.
