  <div class='ocr_page' id='page_1' title='image "/cluster/home/n/w/nwhite01/storage/ocr_20150623/34/hvd.32044073501835/360.png"; bbox 0 0 4076 6210; ppageno 0'>
   <div class='ocr_carea' id='block_1_1' title="bbox 250 297 354 351">
    <p class='ocr_par' dir='ltr' id='par_1_1' title="bbox 250 297 354 351">
     <span class='ocr_line' id='line_1_1' title="bbox 250 297 354 351; baseline 0.029 -3"><span class='ocrx_word' id='word_1_1' title='bbox 250 297 354 351; x_wconf 83' lang='grc'>701</span> 
     </span>
    </p>
   </div>
   <div class='ocr_carea' id='block_1_2' title="bbox 1513 296 2442 358">
    <p class='ocr_par' dir='ltr' id='par_1_2' title="bbox 1513 296 2442 358">
     <span class='ocr_line' id='line_1_2' title="bbox 1513 296 2442 358; baseline 0.002 -4"><span class='ocrx_word' id='word_1_2' title='bbox 1513 296 1852 356; x_wconf 68' lang='grc' dir='ltr'>ΗΟΜΙΙᾸᾹΞ.</span> <span class='ocrx_word' id='word_1_3' title='bbox 1890 327 1960 338; x_wconf 90' lang='grc'><strong><em>-</em></strong></span> <span class='ocrx_word' id='word_1_4' title='bbox 1999 296 2172 354; x_wconf 85' lang='grc' dir='ltr'><strong>ΗΟΜ.</strong></span> <span class='ocrx_word' id='word_1_5' title='bbox 2225 299 2442 358; x_wconf 83' lang='lat' dir='ltr'>XXVII.</span> 
     </span>
    </p>
   </div>
   <div class='ocr_carea' id='block_1_3' title="bbox 3516 314 3618 370">
    <p class='ocr_par' dir='ltr' id='par_1_3' title="bbox 3516 314 3618 370">
     <span class='ocr_line' id='line_1_3' title="bbox 3516 314 3618 370; baseline 0 0"><span class='ocrx_word' id='word_1_6' title='bbox 3516 314 3618 370; x_wconf 85' lang='lat'>702</span> 
     </span>
    </p>
   </div>
   <div class='ocr_carea' id='block_1_4' title="bbox 243 419 1828 504">
    <p class='ocr_par' dir='ltr' id='par_1_4' title="bbox 243 419 1828 497">
     <span class='ocr_line' id='line_1_4' title="bbox 243 419 1828 497; baseline 0.003 -25"><span class='ocrx_word' id='word_1_7' title='bbox 243 423 354 494; x_wconf 82' lang='grc' dir='ltr'>γὰρ</span> <span class='ocrx_word' id='word_1_8' title='bbox 415 421 636 493; x_wconf 69' lang='grc' dir='ltr'>ᾑροῦντο</span> <span class='ocrx_word' id='word_1_9' title='bbox 688 419 738 474; x_wconf 85' lang='grc' dir='ltr'>έν</span> <span class='ocrx_word' id='word_1_10' title='bbox 781 427 909 494; x_wconf 80' lang='grc' dir='ltr'>φωτὶ</span> <span class='ocrx_word' id='word_1_11' title='bbox 951 422 1092 486; x_wconf 80' lang='grc' dir='ltr'>ὄντες</span> <span class='ocrx_word' id='word_1_12' title='bbox 1141 427 1232 476; x_wconf 82' lang='grc' dir='ltr'>καὶ</span> <span class='ocrx_word' id='word_1_13' title='bbox 1283 422 1332 475; x_wconf 75' lang='grc' dir='ltr'>ἐν</span> <span class='ocrx_word' id='word_1_14' title='bbox 1378 424 1568 497; x_wconf 81' lang='grc' dir='ltr'>χάριτι</span> <span class='ocrx_word' id='word_1_15' title='bbox 1613 425 1828 497; x_wconf 79' lang='grc' dir='ltr'>τοιαύτη</span> 
     </span>
    </p>
   </div>
   <div class='ocr_carea' id='block_1_5' title="bbox 1940 419 3618 504">
    <p class='ocr_par' dir='ltr' id='par_1_5' title="bbox 1969 423 3618 504">
     <span class='ocr_line' id='line_1_5' title="bbox 1969 423 3618 504; baseline 0.011 -26"><span class='ocrx_word' id='word_1_16' title='bbox 1969 423 2128 479; x_wconf 91' lang='lat' dir='ltr'>enim</span> <span class='ocrx_word' id='word_1_17' title='bbox 2159 425 2616 494; x_wconf 77' lang='lat' dir='ltr'>extollebantur,</span> <span class='ocrx_word' id='word_1_18' title='bbox 2647 429 2875 502; x_wconf 88' lang='lat' dir='ltr'>quippe</span> <span class='ocrx_word' id='word_1_19' title='bbox 2904 432 3008 504; x_wconf 87' lang='lat' dir='ltr'>qui</span> <span class='ocrx_word' id='word_1_20' title='bbox 3057 439 3228 491; x_wconf 87' lang='lat' dir='ltr'>erant</span> <span class='ocrx_word' id='word_1_21' title='bbox 3264 435 3492 494; x_wconf 91' lang='lat' dir='ltr'>lumine</span> <span class='ocrx_word' id='word_1_22' title='bbox 3546 456 3618 498; x_wconf 91' lang='lat' dir='ltr'>ac</span> 
     </span>
    </p>
   </div>
   <div class='ocr_carea' id='block_1_6' title="bbox 246 509 1852 584">
    <p class='ocr_par' dir='ltr' id='par_1_6' title="bbox 246 509 1852 584">
     <span class='ocr_line' id='line_1_6' title="bbox 246 509 1852 584; baseline 0.001 -22"><span class='ocrx_word' id='word_1_23' title='bbox 246 509 396 568; x_wconf 75' lang='grc' dir='ltr'>Πλὴν</span> <span class='ocrx_word' id='word_1_24' title='bbox 456 513 520 562; x_wconf 85' lang='grc' dir='ltr'>οὺ</span> <span class='ocrx_word' id='word_1_25' title='bbox 576 509 808 583; x_wconf 87' lang='grc' dir='ltr'>λέγομεν,</span> <span class='ocrx_word' id='word_1_26' title='bbox 863 511 942 564; x_wconf 85' lang='grc' dir='ltr'>ὃτι</span> <span class='ocrx_word' id='word_1_27' title='bbox 1011 515 1041 571; x_wconf 85' lang='grc' dir='ltr'><strong>ἠ</strong></span> <span class='ocrx_word' id='word_1_28' title='bbox 1097 513 1256 584; x_wconf 79' lang='grc' dir='ltr'>χάρις</span> <span class='ocrx_word' id='word_1_29' title='bbox 1305 514 1354 565; x_wconf 75' lang='grc' dir='ltr'>ἓν</span> <span class='ocrx_word' id='word_1_30' title='bbox 1406 512 1578 574; x_wconf 81' lang='grc' dir='ltr'>αὐτοῖς</span> <span class='ocrx_word' id='word_1_31' title='bbox 1629 513 1852 583; x_wconf 81' lang='grc' dir='ltr'>ἠσθένει,</span> 
     </span>
    </p>
   </div>
   <div class='ocr_carea' id='block_1_7' title="bbox 241 597 1857 675">
    <p class='ocr_par' dir='ltr' id='par_1_7' title="bbox 241 597 1857 675">
     <span class='ocr_line' id='line_1_7' title="bbox 241 597 1857 675; baseline 0.002 -25"><span class='ocrx_word' id='word_1_32' title='bbox 241 598 380 651; x_wconf 86' lang='grc' dir='ltr'>ἀλλά</span> <span class='ocrx_word' id='word_1_33' title='bbox 427 597 663 671; x_wconf 84' lang='grc' dir='ltr'>λέγομεν,</span> <span class='ocrx_word' id='word_1_34' title='bbox 722 602 803 653; x_wconf 84' lang='grc' dir='ltr'>ὅτι</span> <span class='ocrx_word' id='word_1_35' title='bbox 858 603 1227 675; x_wconf 84' lang='grc' dir='ltr'>παραχωρεῖή</span> <span class='ocrx_word' id='word_1_36' title='bbox 1283 605 1446 674; x_wconf 81' lang='grc' dir='ltr'>χάρις</span> <span class='ocrx_word' id='word_1_37' title='bbox 1501 607 1729 664; x_wconf 76' lang='grc' dir='ltr'>καὶτοῖς</span> <span class='ocrx_word' id='word_1_38' title='bbox 1779 621 1857 654; x_wconf 82' lang='grc' dir='ltr'>τε·</span> 
     </span>
    </p>
   </div>
   <div class='ocr_carea' id='block_1_8' title="bbox 237 687 1856 763">
    <p class='ocr_par' dir='ltr' id='par_1_8' title="bbox 237 687 1856 763">
     <span class='ocr_line' id='line_1_8' title="bbox 237 687 1856 763; baseline 0 -23"><span class='ocrx_word' id='word_1_39' title='bbox 237 687 403 750; x_wconf 85' lang='grc' dir='ltr'>λείοις</span> <span class='ocrx_word' id='word_1_40' title='bbox 459 696 832 760; x_wconf 73' lang='grc' dir='ltr'>πνευματικοῖς</span> <span class='ocrx_word' id='word_1_41' title='bbox 893 692 1034 762; x_wconf 77' lang='grc' dir='ltr'>ἔχειν</span> <span class='ocrx_word' id='word_1_42' title='bbox 1112 693 1178 742; x_wconf 82' lang='grc' dir='ltr'>τὰ</span> <span class='ocrx_word' id='word_1_43' title='bbox 1262 690 1545 763; x_wconf 85' lang='grc' dir='ltr'>θελήματα,</span> <span class='ocrx_word' id='word_1_44' title='bbox 1615 695 1706 743; x_wconf 77' lang='grc' dir='ltr'>καὶ</span> <span class='ocrx_word' id='word_1_45' title='bbox 1761 695 1856 748; x_wconf 82' lang='grc' dir='ltr'>τὴν</span> 
     </span>
    </p>
   </div>
   <div class='ocr_carea' id='block_1_9' title="bbox 241 775 1854 856">
    <p class='ocr_par' dir='ltr' id='par_1_9' title="bbox 241 775 1854 856">
     <span class='ocr_line' id='line_1_9' title="bbox 241 775 1854 856; baseline 0.002 -28"><span class='ocrx_word' id='word_1_46' title='bbox 241 775 489 839; x_wconf 71' lang='grc' dir='ltr'>ἐξουσίαν</span> <span class='ocrx_word' id='word_1_47' title='bbox 535 784 630 830; x_wconf 84' lang='grc' dir='ltr'>τοῦ</span> <span class='ocrx_word' id='word_1_48' title='bbox 677 786 842 832; x_wconf 89' lang='grc' dir='ltr'>ποιεῖν</span> <span class='ocrx_word' id='word_1_49' title='bbox 894 780 930 832; x_wconf 81' lang='grc' dir='ltr'><strong><em>ἄ</em></strong></span> <span class='ocrx_word' id='word_1_50' title='bbox 979 779 1203 846; x_wconf 87' lang='grc' dir='ltr'>θέλουσι,</span> <span class='ocrx_word' id='word_1_51' title='bbox 1262 786 1353 833; x_wconf 80' lang='grc' dir='ltr'>καὶ</span> <span class='ocrx_word' id='word_1_52' title='bbox 1399 782 1677 856; x_wconf 90' lang='grc' dir='ltr'>τρέπεσθαι</span> <span class='ocrx_word' id='word_1_53' title='bbox 1725 782 1854 833; x_wconf 87' lang='grc' dir='ltr'>ὅπου</span> 
     </span>
    </p>
   </div>
   <div class='ocr_carea' id='block_1_10' title="bbox 246 864 1850 944">
    <p class='ocr_par' dir='ltr' id='par_1_10' title="bbox 246 864 1850 944">
     <span class='ocr_line' id='line_1_10' title="bbox 246 864 1850 944; baseline 0.003 -27"><span class='ocrx_word' id='word_1_54' title='bbox 246 864 548 939; x_wconf 87' lang='grc' dir='ltr'>βούλονται.</span> <span class='ocrx_word' id='word_1_55' title='bbox 606 871 703 920; x_wconf 76' lang='grc' dir='ltr'>Καὶ</span> <span class='ocrx_word' id='word_1_56' title='bbox 736 868 868 928; x_wconf 76' lang='grc' dir='ltr'>αὐτη</span> <span class='ocrx_word' id='word_1_57' title='bbox 915 864 974 922; x_wconf 71' lang='grc' dir='ltr'>δε</span> <span class='ocrx_word' id='word_1_58' title='bbox 1001 870 1033 927; x_wconf 83' lang='grc' dir='ltr'><strong>ἠ</strong></span> <span class='ocrx_word' id='word_1_59' title='bbox 1069 872 1227 942; x_wconf 78' lang='grc' dir='ltr'>φύσις</span> <span class='ocrx_word' id='word_1_60' title='bbox 1271 871 1302 928; x_wconf 81' lang='grc' dir='ltr'><strong>ἠ</strong></span> <span class='ocrx_word' id='word_1_61' title='bbox 1351 868 1646 944; x_wconf 81' lang='grc' dir='ltr'>ἀνθρωπίνη</span> <span class='ocrx_word' id='word_1_62' title='bbox 1699 868 1850 922; x_wconf 85' lang='grc' dir='ltr'>ἀσθε-</span> 
     </span>
    </p>
   </div>
   <div class='ocr_carea' id='block_1_11' title="bbox 243 952 1851 1030">
    <p class='ocr_par' dir='ltr' id='par_1_11' title="bbox 243 952 1851 1030">
     <span class='ocr_line' id='line_1_11' title="bbox 243 952 1851 1030; baseline 0.003 -25"><span class='ocrx_word' id='word_1_63' title='bbox 243 959 341 1016; x_wconf 78' lang='grc' dir='ltr'>νής</span> <span class='ocrx_word' id='word_1_64' title='bbox 399 952 530 1008; x_wconf 76' lang='grc' dir='ltr'>οὖσα</span> <span class='ocrx_word' id='word_1_65' title='bbox 581 957 695 1028; x_wconf 75' lang='grc' dir='ltr'>ἔχει</span> <span class='ocrx_word' id='word_1_66' title='bbox 751 956 1011 1024; x_wconf 76' lang='grc' dir='ltr'>ἕξουσίαν,</span> <span class='ocrx_word' id='word_1_67' title='bbox 1068 962 1158 1011; x_wconf 80' lang='grc' dir='ltr'>καὶ</span> <span class='ocrx_word' id='word_1_68' title='bbox 1216 963 1458 1020; x_wconf 83' lang='grc' dir='ltr'>συνόντος</span> <span class='ocrx_word' id='word_1_69' title='bbox 1503 966 1596 1012; x_wconf 83' lang='grc' dir='ltr'>τοῦ</span> <span class='ocrx_word' id='word_1_70' title='bbox 1653 957 1851 1030; x_wconf 86' lang='grc' dir='ltr'>ἀγαθοῦ</span> 
     </span>
    </p>
   </div>
   <div class='ocr_carea' id='block_1_12' title="bbox 246 1044 1850 1120">
    <p class='ocr_par' dir='ltr' id='par_1_12' title="bbox 246 1044 1850 1120">
     <span class='ocr_line' id='line_1_12' title="bbox 246 1044 1850 1120; baseline 0.002 -24"><span class='ocrx_word' id='word_1_71' title='bbox 246 1047 545 1114; x_wconf 86' lang='grc' dir='ltr'>τρέπεσθαι.</span> <span class='ocrx_word' id='word_1_72' title='bbox 604 1044 807 1119; x_wconf 66' lang='grc' dir='ltr'>⁴Ὠσπερ</span> <span class='ocrx_word' id='word_1_73' title='bbox 859 1045 944 1099; x_wconf 62' lang='lat' dir='ltr'>ta»</span> <span class='ocrx_word' id='word_1_74' title='bbox 1004 1045 1105 1100; x_wconf 78' lang='grc' dir='ltr'>ὦσι</span> <span class='ocrx_word' id='word_1_75' title='bbox 1161 1066 1294 1110; x_wconf 90' lang='grc' dir='ltr'>τινες</span> <span class='ocrx_word' id='word_1_76' title='bbox 1342 1044 1673 1120; x_wconf 72' lang='grc' dir='ltr'>ἐνδεδυμένοι</span> <span class='ocrx_word' id='word_1_77' title='bbox 1724 1067 1850 1100; x_wconf 88' lang='grc' dir='ltr'>παν-</span> 
     </span>
    </p>
   </div>
   <div class='ocr_carea' id='block_1_13' title="bbox 244 1132 1848 1208">
    <p class='ocr_par' dir='ltr' id='par_1_13' title="bbox 244 1132 1848 1208">
     <span class='ocr_line' id='line_1_13' title="bbox 244 1132 1848 1208; baseline 0.002 -24"><span class='ocrx_word' id='word_1_78' title='bbox 244 1132 442 1198; x_wconf 81' lang='grc' dir='ltr'>οπλίαν,</span> <span class='ocrx_word' id='word_1_79' title='bbox 498 1135 731 1208; x_wconf 78' lang='grc' dir='ltr'>Θώρακα,</span> <span class='ocrx_word' id='word_1_80' title='bbox 790 1139 879 1188; x_wconf 78' lang='grc' dir='ltr'>καὶ</span> <span class='ocrx_word' id='word_1_81' title='bbox 927 1135 1078 1202; x_wconf 86' lang='grc' dir='ltr'>ὅπλα,</span> <span class='ocrx_word' id='word_1_82' title='bbox 1129 1139 1187 1188; x_wconf 88' lang='grc' dir='ltr'>τὸ</span> <span class='ocrx_word' id='word_1_83' title='bbox 1237 1137 1415 1189; x_wconf 88' lang='grc' dir='ltr'>λοιπὸν</span> <span class='ocrx_word' id='word_1_84' title='bbox 1472 1139 1658 1190; x_wconf 75' lang='grc' dir='ltr'>ἴσωθίν</span> <span class='ocrx_word' id='word_1_85' title='bbox 1715 1137 1848 1189; x_wconf 86' lang='grc' dir='ltr'>εἰσιν</span> 
     </span>
    </p>
   </div>
   <div class='ocr_carea' id='block_1_14' title="bbox 239 1221 1842 1298">
    <p class='ocr_par' dir='ltr' id='par_1_14' title="bbox 239 1221 1842 1298">
     <span class='ocr_line' id='line_1_14' title="bbox 239 1221 1842 1298; baseline 0.004 -25"><span class='ocrx_word' id='word_1_86' title='bbox 239 1221 642 1294; x_wconf 63' lang='grc' dir='ltr'>ἠσφαλισμένοι,</span> <span class='ocrx_word' id='word_1_87' title='bbox 673 1227 765 1276; x_wconf 84' lang='grc' dir='ltr'>καὶ</span> <span class='ocrx_word' id='word_1_88' title='bbox 823 1223 1007 1296; x_wconf 77' lang='grc' dir='ltr'>έχθροὶ</span> <span class='ocrx_word' id='word_1_89' title='bbox 1057 1225 1152 1277; x_wconf 86' lang='grc' dir='ltr'>ούκ</span> <span class='ocrx_word' id='word_1_90' title='bbox 1194 1224 1515 1298; x_wconf 9' lang='grc' dir='ltr'>’ἐπέρχονται</span> <span class='ocrx_word' id='word_1_91' title='bbox 1562 1225 1776 1287; x_wconf 73' lang='grc' dir='ltr'>αὐτοῖς·</span> <span class='ocrx_word' id='word_1_92' title='bbox 1813 1226 1842 1284; x_wconf 79' lang='grc' dir='ltr'><em>ἢ</em></span> 
     </span>
    </p>
   </div>
   <div class='ocr_carea' id='block_1_15' title="bbox 227 1309 1845 1387">
    <p class='ocr_par' dir='ltr' id='par_1_15' title="bbox 227 1309 1845 1387">
     <span class='ocr_line' id='line_1_15' title="bbox 227 1309 1845 1387; baseline 0.001 -25"><span class='ocrx_word' id='word_1_93' title='bbox 227 1313 551 1384; x_wconf 69' lang='grc' dir='ltr'>ἐπέρχονται</span> <span class='ocrx_word' id='word_1_94' title='bbox 607 1316 720 1384; x_wconf 70' lang='grc' dir='ltr'>μεν,</span> <span class='ocrx_word' id='word_1_95' title='bbox 776 1313 954 1366; x_wconf 89' lang='grc' dir='ltr'>λοιπὸν</span> <span class='ocrx_word' id='word_1_96' title='bbox 1011 1309 1070 1366; x_wconf 69' lang='grc' dir='ltr'>δε</span> <span class='ocrx_word' id='word_1_97' title='bbox 1129 1317 1178 1366; x_wconf 69' lang='grc' dir='ltr'>ἓν</span> <span class='ocrx_word' id='word_1_98' title='bbox 1239 1323 1312 1385; x_wconf 85' lang='grc' dir='ltr'>τῷ</span> <span class='ocrx_word' id='word_1_99' title='bbox 1368 1314 1620 1387; x_wconf 73' lang='grc' dir='ltr'>θελήματι</span> <span class='ocrx_word' id='word_1_100' title='bbox 1677 1313 1845 1366; x_wconf 76' lang='grc' dir='ltr'>αὐτῶν</span> 
     </span>
    </p>
   </div>
   <div class='ocr_carea' id='block_1_16' title="bbox 221 1399 1846 1477">
    <p class='ocr_par' dir='ltr' id='par_1_16' title="bbox 221 1399 1846 1477">
     <span class='ocr_line' id='line_1_16' title="bbox 221 1399 1846 1477; baseline 0.002 -25"><span class='ocrx_word' id='word_1_101' title='bbox 221 1399 398 1467; x_wconf 71' lang='grc' dir='ltr'>ἔστιν,</span> <span class='ocrx_word' id='word_1_102' title='bbox 452 1405 484 1460; x_wconf 76' lang='grc' dir='ltr'><strong><em>ἦ</em></strong></span> <span class='ocrx_word' id='word_1_103' title='bbox 541 1404 860 1477; x_wconf 82' lang='grc' dir='ltr'>χρησασθαι</span> <span class='ocrx_word' id='word_1_104' title='bbox 920 1410 1025 1464; x_wconf 88' lang='grc' dir='ltr'>τοῖς</span> <span class='ocrx_word' id='word_1_105' title='bbox 1092 1403 1268 1466; x_wconf 87' lang='grc' dir='ltr'>ὃπλοῖς</span> <span class='ocrx_word' id='word_1_106' title='bbox 1333 1409 1424 1457; x_wconf 81' lang='grc' dir='ltr'>καὶ</span> <span class='ocrx_word' id='word_1_107' title='bbox 1491 1403 1846 1476; x_wconf 82' lang='grc' dir='ltr'>ἀνταγωνίσα-</span> 
     </span>
    </p>
   </div>
   <div class='ocr_carea' id='block_1_17' title="bbox 222 1489 1844 1565">
    <p class='ocr_par' dir='ltr' id='par_1_17' title="bbox 222 1489 1844 1565">
     <span class='ocr_line' id='line_1_17' title="bbox 222 1489 1844 1565; baseline 0.002 -24"><span class='ocrx_word' id='word_1_108' title='bbox 222 1491 386 1560; x_wconf 79' lang='grc' dir='ltr'>σθαι,</span> <span class='ocrx_word' id='word_1_109' title='bbox 441 1495 532 1544; x_wconf 80' lang='grc' dir='ltr'>καὶ</span> <span class='ocrx_word' id='word_1_110' title='bbox 586 1489 959 1544; x_wconf 82' lang='grc' dir='ltr'>ἀντιπαλαῖσαι</span> <span class='ocrx_word' id='word_1_111' title='bbox 988 1499 1099 1553; x_wconf 87' lang='grc' dir='ltr'>τοῖς</span> <span class='ocrx_word' id='word_1_112' title='bbox 1151 1492 1382 1565; x_wconf 74' lang='grc' dir='ltr'>ἐχθροῖς,</span> <span class='ocrx_word' id='word_1_113' title='bbox 1439 1498 1527 1546; x_wconf 71' lang='grc' dir='ltr'>καὶ</span> <span class='ocrx_word' id='word_1_114' title='bbox 1580 1495 1646 1545; x_wconf 86' lang='grc' dir='ltr'>τά</span> <span class='ocrx_word' id='word_1_115' title='bbox 1699 1512 1844 1550; x_wconf 89' lang='grc' dir='ltr'>νικη-</span> 
     </span>
    </p>
   </div>
   <div class='ocr_carea' id='block_1_18' title="bbox 214 1577 1842 1657">
    <p class='ocr_par' dir='ltr' id='par_1_18' title="bbox 214 1577 1842 1657">
     <span class='ocr_line' id='line_1_18' title="bbox 214 1577 1842 1657; baseline 0.003 -28"><span class='ocrx_word' id='word_1_116' title='bbox 214 1584 390 1653; x_wconf 60' lang='lat' dir='ltr'>rvi-pia</span> <span class='ocrx_word' id='word_1_117' title='bbox 438 1577 844 1650; x_wconf 64' lang='grc' dir='ltr'>ἀπενέγκασθαι,</span> <span class='ocrx_word' id='word_1_118' title='bbox 896 1585 926 1641; x_wconf 82' lang='grc' dir='ltr'><strong>ἥ</strong></span> <span class='ocrx_word' id='word_1_119' title='bbox 975 1578 1366 1641; x_wconf 82' lang='grc' dir='ltr'>συνηδυνθῆναι</span> <span class='ocrx_word' id='word_1_120' title='bbox 1411 1587 1496 1635; x_wconf 75' lang='grc' dir='ltr'>καὶ</span> <span class='ocrx_word' id='word_1_121' title='bbox 1546 1582 1842 1657; x_wconf 81' lang='grc' dir='ltr'>εἰρηνιῦσαι</span> 
     </span>
    </p>
   </div>
   <div class='ocr_carea' id='block_1_19' title="bbox 215 1667 1841 1744">
    <p class='ocr_par' dir='ltr' id='par_1_19' title="bbox 215 1667 1841 1744">
     <span class='ocr_line' id='line_1_19' title="bbox 215 1667 1841 1744; baseline 0.001 -25"><span class='ocrx_word' id='word_1_122' title='bbox 215 1671 358 1739; x_wconf 78' lang='grc' dir='ltr'>μετά</span> <span class='ocrx_word' id='word_1_123' title='bbox 404 1676 504 1720; x_wconf 81' lang='grc' dir='ltr'>τῶν</span> <span class='ocrx_word' id='word_1_124' title='bbox 550 1667 777 1744; x_wconf 88' lang='grc' dir='ltr'>έχθρῶν,</span> <span class='ocrx_word' id='word_1_125' title='bbox 836 1675 926 1723; x_wconf 82' lang='grc' dir='ltr'>καὶ</span> <span class='ocrx_word' id='word_1_126' title='bbox 982 1675 1054 1743; x_wconf 75' lang='grc' dir='ltr'>μὴ</span> <span class='ocrx_word' id='word_1_127' title='bbox 1099 1670 1414 1742; x_wconf 82' lang='grc' dir='ltr'>πολεμῆσαι,</span> <span class='ocrx_word' id='word_1_128' title='bbox 1474 1675 1645 1723; x_wconf 86' lang='grc' dir='ltr'>καίτοι</span> <span class='ocrx_word' id='word_1_129' title='bbox 1692 1673 1841 1742; x_wconf 76' lang='grc' dir='ltr'>έχον-</span> 
     </span>
    </p>
   </div>
   <div class='ocr_carea' id='block_1_20' title="bbox 1968 513 3615 585">
    <p class='ocr_par' dir='ltr' id='par_1_20' title="bbox 1968 513 3615 585">
     <span class='ocr_line' id='line_1_20' title="bbox 1968 513 3615 585; baseline 0.011 -18"><span class='ocrx_word' id='word_1_130' title='bbox 1968 513 2160 582; x_wconf 87' lang='lat' dir='ltr'>gratia</span> <span class='ocrx_word' id='word_1_131' title='bbox 2189 513 2440 585; x_wconf 66' lang='lat' dir='ltr'>praediti.</span> <span class='ocrx_word' id='word_1_132' title='bbox 2472 519 2600 572; x_wconf 89' lang='lat' dir='ltr'>Non</span> <span class='ocrx_word' id='word_1_133' title='bbox 2637 523 2838 574; x_wconf 88' lang='lat' dir='ltr'>tamen</span> <span class='ocrx_word' id='word_1_134' title='bbox 2870 519 3128 578; x_wconf 87' lang='lat' dir='ltr'>dicimus</span> <span class='ocrx_word' id='word_1_135' title='bbox 3162 523 3522 584; x_wconf 90' lang='lat' dir='ltr'>imbecillem</span> <span class='ocrx_word' id='word_1_136' title='bbox 3555 530 3615 585; x_wconf 91' lang='lat' dir='ltr'>in</span> 
     </span>
    </p>
   </div>
   <div class='ocr_carea' id='block_1_21' title="bbox 1965 599 3614 686">
    <p class='ocr_par' dir='ltr' id='par_1_21' title="bbox 1965 599 3614 686">
     <span class='ocr_line' id='line_1_21' title="bbox 1965 599 3614 686; baseline 0.012 -31"><span class='ocrx_word' id='word_1_137' title='bbox 1965 599 2036 655; x_wconf 88' lang='lat' dir='ltr'>iis</span> <span class='ocrx_word' id='word_1_138' title='bbox 2057 601 2239 656; x_wconf 84' lang='lat' dir='ltr'>fuisse</span> <span class='ocrx_word' id='word_1_139' title='bbox 2266 604 2518 672; x_wconf 81' lang='lat' dir='ltr'>gratiam</span> <span class='ocrx_word' id='word_1_140' title='bbox 2543 621 2558 671; x_wconf 91' lang='lat'><strong>;</strong></span> <span class='ocrx_word' id='word_1_141' title='bbox 2582 605 2688 661; x_wconf 91' lang='lat' dir='ltr'>sed</span> <span class='ocrx_word' id='word_1_142' title='bbox 2715 607 2974 663; x_wconf 87' lang='lat' dir='ltr'>dicimus</span> <span class='ocrx_word' id='word_1_143' title='bbox 2995 611 3249 682; x_wconf 79' lang='lat' dir='ltr'>gratiam</span> <span class='ocrx_word' id='word_1_144' title='bbox 3279 616 3614 686; x_wconf 80' lang='lat' dir='ltr'>permittere</span> 
     </span>
    </p>
   </div>
   <div class='ocr_carea' id='block_1_22' title="bbox 1965 687 3613 768">
    <p class='ocr_par' dir='ltr' id='par_1_22' title="bbox 1965 687 3613 768">
     <span class='ocr_line' id='line_1_22' title="bbox 1965 687 3613 768; baseline 0.012 -26"><span class='ocrx_word' id='word_1_145' title='bbox 1965 687 2056 745; x_wconf 86' lang='lat' dir='ltr'>vel</span> <span class='ocrx_word' id='word_1_146' title='bbox 2105 689 2252 762; x_wconf 82' lang='lat' dir='ltr'>ipsis</span> <span class='ocrx_word' id='word_1_147' title='bbox 2285 691 2695 762; x_wconf 90' lang='lat' dir='ltr'>spiritualibus</span> <span class='ocrx_word' id='word_1_148' title='bbox 2738 697 3032 768; x_wconf 77' lang='lat' dir='ltr'>perfectis,</span> <span class='ocrx_word' id='word_1_149' title='bbox 3068 707 3128 756; x_wconf 91' lang='lat' dir='ltr'>ut</span> <span class='ocrx_word' id='word_1_150' title='bbox 3179 701 3439 761; x_wconf 85' lang='lat' dir='ltr'>habeant</span> <span class='ocrx_word' id='word_1_151' title='bbox 3471 721 3613 763; x_wconf 91' lang='lat' dir='ltr'>suas</span> 
     </span>
    </p>
   </div>
   <div class='ocr_carea' id='block_1_23' title="bbox 1963 777 3616 866">
    <p class='ocr_par' dir='ltr' id='par_1_23' title="bbox 1963 777 3616 866">
     <span class='ocr_line' id='line_1_23' title="bbox 1963 777 3616 866; baseline 0.011 -33"><span class='ocrx_word' id='word_1_152' title='bbox 1963 777 2322 848; x_wconf 73' lang='lat' dir='ltr'>voluntates,</span> <span class='ocrx_word' id='word_1_153' title='bbox 2354 797 2424 836; x_wconf 90' lang='lat' dir='ltr'>ac</span> <span class='ocrx_word' id='word_1_154' title='bbox 2463 789 2814 852; x_wconf 91' lang='lat' dir='ltr'>potestatem</span> <span class='ocrx_word' id='word_1_155' title='bbox 2845 786 3102 843; x_wconf 83' lang='lat' dir='ltr'>faciendi</span> <span class='ocrx_word' id='word_1_156' title='bbox 3143 806 3520 866; x_wconf 70' lang='lat' dir='ltr'>quaecunque</span> <span class='ocrx_word' id='word_1_157' title='bbox 3549 794 3616 851; x_wconf 88' lang='lat' dir='ltr'>li-</span> 
     </span>
    </p>
   </div>
   <div class='ocr_carea' id='block_1_24' title="bbox 1961 865 3612 957">
    <p class='ocr_par' dir='ltr' id='par_1_24' title="bbox 1961 865 3612 957">
     <span class='ocr_line' id='line_1_24' title="bbox 1961 865 3612 957; baseline 0.012 -35"><span class='ocrx_word' id='word_1_158' title='bbox 1961 865 2216 933; x_wconf 89' lang='lat' dir='ltr'>buerint,</span> <span class='ocrx_word' id='word_1_159' title='bbox 2251 875 2308 924; x_wconf 92' lang='lat' dir='ltr'>et</span> <span class='ocrx_word' id='word_1_160' title='bbox 2345 869 2672 927; x_wconf 91' lang='lat' dir='ltr'>inclinandi</span> <span class='ocrx_word' id='word_1_161' title='bbox 2715 888 2838 945; x_wconf 89' lang='lat' dir='ltr'>quo</span> <span class='ocrx_word' id='word_1_162' title='bbox 2879 875 3187 934; x_wconf 90' lang='lat' dir='ltr'>voluerint.</span> <span class='ocrx_word' id='word_1_163' title='bbox 3221 880 3336 951; x_wconf 89' lang='lat' dir='ltr'>Ipsi</span> <span class='ocrx_word' id='word_1_164' title='bbox 3368 865 3612 957; x_wconf 87' lang='lat' dir='ltr'>quoque</span> 
     </span>
    </p>
   </div>
   <div class='ocr_carea' id='block_1_25' title="bbox 1960 957 3612 1035">
    <p class='ocr_par' dir='ltr' id='par_1_25' title="bbox 1960 957 3612 1035">
     <span class='ocr_line' id='line_1_25' title="bbox 1960 957 3612 1035; baseline 0.011 -23"><span class='ocrx_word' id='word_1_165' title='bbox 1960 961 2191 1012; x_wconf 66' lang='lat' dir='ltr'>naturae</span> <span class='ocrx_word' id='word_1_166' title='bbox 2231 957 2533 1024; x_wconf 66' lang='lat' dir='ltr'>humanas,</span> <span class='ocrx_word' id='word_1_167' title='bbox 2569 966 2631 1016; x_wconf 92' lang='lat' dir='ltr'>ut</span> <span class='ocrx_word' id='word_1_168' title='bbox 2682 962 2998 1020; x_wconf 88' lang='lat' dir='ltr'>imbecillis</span> <span class='ocrx_word' id='word_1_169' title='bbox 3037 973 3141 1032; x_wconf 91' lang='lat' dir='ltr'>est,</span> <span class='ocrx_word' id='word_1_170' title='bbox 3185 968 3335 1035; x_wconf 91' lang='lat' dir='ltr'>licet,</span> <span class='ocrx_word' id='word_1_171' title='bbox 3380 972 3612 1030; x_wconf 90' lang='lat' dir='ltr'>etiamsi</span> 
     </span>
    </p>
   </div>
   <div class='ocr_carea' id='block_1_26' title="bbox 1960 1042 3612 1125">
    <p class='ocr_par' dir='ltr' id='par_1_26' title="bbox 1960 1042 3612 1125">
     <span class='ocr_line' id='line_1_26' title="bbox 1960 1042 3612 1125; baseline 0.013 -27"><span class='ocrx_word' id='word_1_172' title='bbox 1960 1042 2188 1101; x_wconf 90' lang='lat' dir='ltr'>bonum</span> <span class='ocrx_word' id='word_1_173' title='bbox 2238 1045 2316 1102; x_wconf 79' lang='lat' dir='ltr'>illi</span> <span class='ocrx_word' id='word_1_174' title='bbox 2361 1048 2668 1116; x_wconf 63' lang='lat' dir='ltr'>inhaereat,</span> <span class='ocrx_word' id='word_1_175' title='bbox 2699 1053 2960 1108; x_wconf 83' lang='lat' dir='ltr'>converti</span> <span class='ocrx_word' id='word_1_176' title='bbox 3003 1059 3059 1110; x_wconf 93' lang='lat' dir='ltr'>et</span> <span class='ocrx_word' id='word_1_177' title='bbox 3106 1058 3336 1112; x_wconf 85' lang='lat' dir='ltr'>mutari.</span> <span class='ocrx_word' id='word_1_178' title='bbox 3393 1061 3612 1125; x_wconf 87' lang='lat' dir='ltr'>Quem-</span> 
     </span>
    </p>
   </div>
   <div class='ocr_carea' id='block_1_27' title="bbox 1959 1135 3607 1213">
    <p class='ocr_par' dir='ltr' id='par_1_27' title="bbox 1959 1135 3607 1213">
     <span class='ocr_line' id='line_1_27' title="bbox 1959 1135 3607 1213; baseline 0.01 -23"><span class='ocrx_word' id='word_1_179' title='bbox 1959 1135 2295 1192; x_wconf 90' lang='lat' dir='ltr'>admodum</span> <span class='ocrx_word' id='word_1_180' title='bbox 2327 1137 2374 1192; x_wconf 91' lang='lat' dir='ltr'>si</span> <span class='ocrx_word' id='word_1_181' title='bbox 2404 1138 2654 1209; x_wconf 89' lang='lat' dir='ltr'>quidam</span> <span class='ocrx_word' id='word_1_182' title='bbox 2691 1139 3034 1198; x_wconf 84' lang='lat' dir='ltr'>universam</span> <span class='ocrx_word' id='word_1_183' title='bbox 3063 1153 3452 1213; x_wconf 78' lang='lat' dir='ltr'>armaturam,</span> <span class='ocrx_word' id='word_1_184' title='bbox 3482 1150 3607 1206; x_wconf 89' lang='lat' dir='ltr'>tho-</span> 
     </span>
    </p>
   </div>
   <div class='ocr_carea' id='block_1_28' title="bbox 1956 1226 3608 1303">
    <p class='ocr_par' dir='ltr' id='par_1_28' title="bbox 1956 1226 3608 1303">
     <span class='ocr_line' id='line_1_28' title="bbox 1956 1226 3608 1303; baseline 0.01 -25"><span class='ocrx_word' id='word_1_185' title='bbox 1956 1238 2176 1289; x_wconf 89' lang='lat' dir='ltr'>racem,</span> <span class='ocrx_word' id='word_1_186' title='bbox 2201 1232 2438 1281; x_wconf 90' lang='lat' dir='ltr'>etarma</span> <span class='ocrx_word' id='word_1_187' title='bbox 2460 1226 2904 1298; x_wconf 82' lang='lat' dir='ltr'>fuerintinduti,</span> <span class='ocrx_word' id='word_1_188' title='bbox 2919 1232 3079 1302; x_wconf 94' lang='lat' dir='ltr'>quod</span> <span class='ocrx_word' id='word_1_189' title='bbox 3100 1233 3178 1288; x_wconf 90' lang='lat' dir='ltr'>ad</span> <span class='ocrx_word' id='word_1_190' title='bbox 3197 1240 3429 1303; x_wconf 80' lang='lat' dir='ltr'>caetera,</span> <span class='ocrx_word' id='word_1_191' title='bbox 3449 1238 3608 1294; x_wconf 92' lang='lat' dir='ltr'>intus</span> 
     </span>
    </p>
   </div>
   <div class='ocr_carea' id='block_1_29' title="bbox 1955 1313 3610 1383">
    <p class='ocr_par' dir='ltr' id='par_1_29' title="bbox 1955 1313 3610 1383">
     <span class='ocr_line' id='line_1_29' title="bbox 1955 1313 3610 1383; baseline 0.01 -17"><span class='ocrx_word' id='word_1_192' title='bbox 1955 1321 2093 1367; x_wconf 91' lang='lat' dir='ltr'>sunt</span> <span class='ocrx_word' id='word_1_193' title='bbox 2119 1313 2349 1380; x_wconf 86' lang='lat' dir='ltr'>muniti,</span> <span class='ocrx_word' id='word_1_194' title='bbox 2376 1331 2484 1371; x_wconf 92' lang='lat' dir='ltr'>nec</span> <span class='ocrx_word' id='word_1_195' title='bbox 2505 1316 2706 1372; x_wconf 83' lang='lat' dir='ltr'>hostes</span> <span class='ocrx_word' id='word_1_196' title='bbox 2736 1318 3028 1375; x_wconf 89' lang='lat' dir='ltr'>insultant</span> <span class='ocrx_word' id='word_1_197' title='bbox 3049 1320 3192 1381; x_wconf 88' lang='lat' dir='ltr'>illis:</span> <span class='ocrx_word' id='word_1_198' title='bbox 3223 1329 3328 1379; x_wconf 87' lang='lat' dir='ltr'>aut</span> <span class='ocrx_word' id='word_1_199' title='bbox 3355 1326 3399 1380; x_wconf 89' lang='lat' dir='ltr'>si</span> <span class='ocrx_word' id='word_1_200' title='bbox 3428 1326 3610 1383; x_wconf 89' lang='lat' dir='ltr'>insul-</span> 
     </span>
    </p>
   </div>
   <div class='ocr_carea' id='block_1_30' title="bbox 1957 1401 3608 1483">
    <p class='ocr_par' dir='ltr' id='par_1_30' title="bbox 1957 1401 3608 1483">
     <span class='ocr_line' id='line_1_30' title="bbox 1957 1401 3608 1483; baseline 0.011 -28"><span class='ocrx_word' id='word_1_201' title='bbox 1957 1401 2148 1466; x_wconf 92' lang='lat' dir='ltr'>tarint,</span> <span class='ocrx_word' id='word_1_202' title='bbox 2173 1402 2229 1457; x_wconf 93' lang='lat' dir='ltr'>in</span> <span class='ocrx_word' id='word_1_203' title='bbox 2262 1419 2470 1458; x_wconf 90' lang='lat' dir='ltr'>eorum</span> <span class='ocrx_word' id='word_1_204' title='bbox 2499 1405 2802 1461; x_wconf 88' lang='lat' dir='ltr'>voluntate</span> <span class='ocrx_word' id='word_1_205' title='bbox 2833 1407 3009 1464; x_wconf 92' lang='lat' dir='ltr'>situm</span> <span class='ocrx_word' id='word_1_206' title='bbox 3033 1417 3140 1476; x_wconf 88' lang='lat' dir='ltr'>est,</span> <span class='ocrx_word' id='word_1_207' title='bbox 3168 1417 3269 1466; x_wconf 88' lang='lat' dir='ltr'>aut</span> <span class='ocrx_word' id='word_1_208' title='bbox 3296 1413 3376 1468; x_wconf 92' lang='lat' dir='ltr'>uti</span> <span class='ocrx_word' id='word_1_209' title='bbox 3403 1417 3608 1483; x_wconf 88' lang='lat' dir='ltr'>armis,</span> 
     </span>
    </p>
   </div>
   <div class='ocr_carea' id='block_1_31' title="bbox 1953 1493 3608 1564">
    <p class='ocr_par' dir='ltr' id='par_1_31' title="bbox 1953 1493 3608 1564">
     <span class='ocr_line' id='line_1_31' title="bbox 1953 1493 3608 1564; baseline 0.011 -21"><span class='ocrx_word' id='word_1_210' title='bbox 1953 1505 2290 1560; x_wconf 91' lang='lat' dir='ltr'>repugnare</span> <span class='ocrx_word' id='word_1_211' title='bbox 2329 1508 2399 1548; x_wconf 91' lang='lat' dir='ltr'>ac</span> <span class='ocrx_word' id='word_1_212' title='bbox 2432 1493 2702 1549; x_wconf 86' lang='lat' dir='ltr'>reluctari</span> <span class='ocrx_word' id='word_1_213' title='bbox 2741 1495 3041 1564; x_wconf 84' lang='lat' dir='ltr'>hostibus,</span> <span class='ocrx_word' id='word_1_214' title='bbox 3076 1505 3132 1553; x_wconf 89' lang='lat' dir='ltr'>et</span> <span class='ocrx_word' id='word_1_215' title='bbox 3179 1501 3488 1560; x_wconf 83' lang='lat' dir='ltr'>victoriam</span> <span class='ocrx_word' id='word_1_216' title='bbox 3519 1521 3608 1562; x_wconf 90' lang='lat' dir='ltr'>re-</span> 
     </span>
    </p>
   </div>
   <div class='ocr_carea' id='block_1_32' title="bbox 1953 1575 3608 1657">
    <p class='ocr_par' dir='ltr' id='par_1_32' title="bbox 1953 1575 3608 1657">
     <span class='ocr_line' id='line_1_32' title="bbox 1953 1575 3608 1657; baseline 0.011 -25"><span class='ocrx_word' id='word_1_217' title='bbox 1953 1575 2135 1644; x_wconf 84' lang='lat' dir='ltr'>ferre;</span> <span class='ocrx_word' id='word_1_218' title='bbox 2163 1584 2264 1634; x_wconf 91' lang='lat' dir='ltr'>aut</span> <span class='ocrx_word' id='word_1_219' title='bbox 2285 1579 2542 1636; x_wconf 87' lang='lat' dir='ltr'>deliciari</span> <span class='ocrx_word' id='word_1_220' title='bbox 2573 1587 2627 1637; x_wconf 94' lang='lat' dir='ltr'>et</span> <span class='ocrx_word' id='word_1_221' title='bbox 2653 1599 2865 1654; x_wconf 89' lang='lat' dir='ltr'>pacem</span> <span class='ocrx_word' id='word_1_222' title='bbox 2896 1585 3040 1641; x_wconf 89' lang='lat' dir='ltr'>inire</span> <span class='ocrx_word' id='word_1_223' title='bbox 3073 1602 3204 1642; x_wconf 89' lang='lat' dir='ltr'>cum</span> <span class='ocrx_word' id='word_1_224' title='bbox 3237 1590 3529 1657; x_wconf 90' lang='lat' dir='ltr'>hostibus,</span> <span class='ocrx_word' id='word_1_225' title='bbox 3550 1599 3608 1650; x_wconf 90' lang='lat' dir='ltr'>et</span> 
     </span>
    </p>
   </div>
   <div class='ocr_carea' id='block_1_33' title="bbox 1951 1667 3605 1754">
    <p class='ocr_par' dir='ltr' id='par_1_33' title="bbox 1951 1667 3605 1754">
     <span class='ocr_line' id='line_1_33' title="bbox 1951 1667 3605 1754; baseline 0.011 -33"><span class='ocrx_word' id='word_1_226' title='bbox 1951 1682 2070 1722; x_wconf 90' lang='lat' dir='ltr'>non</span> <span class='ocrx_word' id='word_1_227' title='bbox 2094 1667 2418 1733; x_wconf 88' lang='lat' dir='ltr'>decertare,</span> <span class='ocrx_word' id='word_1_228' title='bbox 2435 1673 2716 1742; x_wconf 87' lang='lat' dir='ltr'>quamvis</span> <span class='ocrx_word' id='word_1_229' title='bbox 2736 1672 3002 1730; x_wconf 89' lang='lat' dir='ltr'>habeant</span> <span class='ocrx_word' id='word_1_230' title='bbox 3023 1693 3227 1736; x_wconf 87' lang='lat' dir='ltr'>arma:</span> <span class='ocrx_word' id='word_1_231' title='bbox 3261 1680 3343 1734; x_wconf 88' lang='lat' dir='ltr'>sic</span> <span class='ocrx_word' id='word_1_232' title='bbox 3361 1697 3605 1754; x_wconf 89' lang='lat' dir='ltr'>quoque</span> 
     </span>
    </p>
   </div>
   <div class='ocr_carea' id='block_1_34' title="bbox 212 1755 1828 1834">
    <p class='ocr_par' dir='ltr' id='par_1_34' title="bbox 212 1755 1828 1831">
     <span class='ocr_line' id='line_1_34' title="bbox 212 1755 1828 1831; baseline 0.002 -25"><span class='ocrx_word' id='word_1_233' title='bbox 212 1775 298 1817; x_wconf 81' lang='grc' dir='ltr'>τες</span> <span class='ocrx_word' id='word_1_234' title='bbox 344 1755 522 1808; x_wconf 79' lang='grc' dir='ltr'>ὁπλα’</span> <span class='ocrx_word' id='word_1_235' title='bbox 574 1757 708 1809; x_wconf 75' lang='grc' dir='ltr'>οὕτω</span> <span class='ocrx_word' id='word_1_236' title='bbox 754 1762 844 1810; x_wconf 81' lang='grc' dir='ltr'>καὶ</span> <span class='ocrx_word' id='word_1_237' title='bbox 900 1760 949 1810; x_wconf 89' lang='grc' dir='ltr'>οἱ</span> <span class='ocrx_word' id='word_1_238' title='bbox 997 1763 1310 1831; x_wconf 82' lang='grc' dir='ltr'>Χριστιανοὶ</span> <span class='ocrx_word' id='word_1_239' title='bbox 1366 1755 1698 1831; x_wconf 70' lang='grc' dir='ltr'>ἐνδεδυμένοι</span> <span class='ocrx_word' id='word_1_240' title='bbox 1745 1763 1828 1816; x_wconf 53' lang='grc' dir='ltr'>τηε</span> 
     </span>
    </p>
   </div>
   <div class='ocr_carea' id='block_1_35' title="bbox 1940 1755 3604 1834">
    <p class='ocr_par' dir='ltr' id='par_1_35' title="bbox 1953 1755 3604 1830">
     <span class='ocr_line' id='line_1_35' title="bbox 1953 1755 3604 1830; baseline 0.011 -21"><span class='ocrx_word' id='word_1_241' title='bbox 1953 1755 2265 1812; x_wconf 84' lang='lat' dir='ltr'>Christiani</span> <span class='ocrx_word' id='word_1_242' title='bbox 2295 1758 2615 1828; x_wconf 81' lang='lat' dir='ltr'>perfectam</span> <span class='ocrx_word' id='word_1_243' title='bbox 2649 1760 2925 1815; x_wconf 88' lang='lat' dir='ltr'>virtutem</span> <span class='ocrx_word' id='word_1_244' title='bbox 2957 1761 3171 1830; x_wconf 88' lang='lat' dir='ltr'>induti,</span> <span class='ocrx_word' id='word_1_245' title='bbox 3204 1773 3258 1821; x_wconf 92' lang='lat' dir='ltr'>et</span> <span class='ocrx_word' id='word_1_246' title='bbox 3288 1784 3458 1825; x_wconf 86' lang='lat' dir='ltr'>arma</span> <span class='ocrx_word' id='word_1_247' title='bbox 3488 1786 3604 1826; x_wconf 75' lang='grc' dir='ltr'>οω-</span> 
     </span>
    </p>
   </div>
   <div class='ocr_carea' id='block_1_36' title="bbox 217 1841 1840 1922">
    <p class='ocr_par' dir='ltr' id='par_1_36' title="bbox 217 1841 1840 1922">
     <span class='ocr_line' id='line_1_36' title="bbox 217 1841 1840 1922; baseline 0.003 -26"><span class='ocrx_word' id='word_1_248' title='bbox 217 1845 417 1897; x_wconf 78' lang='grc' dir='ltr'>τελείαν</span> <span class='ocrx_word' id='word_1_249' title='bbox 471 1841 716 1918; x_wconf 81' lang='grc' dir='ltr'>δύναμιν,</span> <span class='ocrx_word' id='word_1_250' title='bbox 769 1852 858 1899; x_wconf 82' lang='grc' dir='ltr'>καὶ</span> <span class='ocrx_word' id='word_1_251' title='bbox 919 1850 1127 1920; x_wconf 76' lang='grc' dir='ltr'>ἔχοντες</span> <span class='ocrx_word' id='word_1_252' title='bbox 1183 1850 1250 1900; x_wconf 79' lang='grc' dir='ltr'>τὰ</span> <span class='ocrx_word' id='word_1_253' title='bbox 1300 1848 1433 1901; x_wconf 84' lang='grc' dir='ltr'>ὅπλα</span> <span class='ocrx_word' id='word_1_254' title='bbox 1495 1851 1562 1901; x_wconf 84' lang='grc' dir='ltr'>τὰ</span> <span class='ocrx_word' id='word_1_255' title='bbox 1620 1850 1840 1922; x_wconf 75' lang='grc' dir='ltr'>ἐπουρά-</span> 
     </span>
    </p>
   </div>
   <div class='ocr_carea' id='block_1_37' title="bbox 221 1933 1838 2010">
    <p class='ocr_par' dir='ltr' id='par_1_37' title="bbox 221 1933 1838 2010">
     <span class='ocr_line' id='line_1_37' title="bbox 221 1933 1838 2010; baseline 0.004 -26"><span class='ocrx_word' id='word_1_256' title='bbox 221 1954 322 1999; x_wconf 79' lang='grc' dir='ltr'>νια,</span> <span class='ocrx_word' id='word_1_257' title='bbox 355 1934 403 1986; x_wconf 86' lang='grc' dir='ltr'>εἰ</span> <span class='ocrx_word' id='word_1_258' title='bbox 457 1935 689 2001; x_wconf 82' lang='grc' dir='ltr'>θέλουσι,</span> <span class='ocrx_word' id='word_1_259' title='bbox 753 1933 1071 1996; x_wconf 82' lang='grc' dir='ltr'>συνήδονται</span> <span class='ocrx_word' id='word_1_260' title='bbox 1101 1945 1172 2008; x_wconf 84' lang='grc' dir='ltr'>τῷ</span> <span class='ocrx_word' id='word_1_261' title='bbox 1223 1944 1442 2010; x_wconf 79' lang='grc' dir='ltr'>Σατανᾷ,</span> <span class='ocrx_word' id='word_1_262' title='bbox 1476 1943 1566 1990; x_wconf 79' lang='grc' dir='ltr'>καὶ</span> <span class='ocrx_word' id='word_1_263' title='bbox 1615 1939 1838 2010; x_wconf 82' lang='grc' dir='ltr'>εἰρηνεύ-</span> 
     </span>
    </p>
   </div>
   <div class='ocr_carea' id='block_1_38' title="bbox 223 2024 1835 2100">
    <p class='ocr_par' dir='ltr' id='par_1_38' title="bbox 223 2024 1835 2100">
     <span class='ocr_line' id='line_1_38' title="bbox 223 2024 1835 2100; baseline 0.002 -25"><span class='ocrx_word' id='word_1_264' title='bbox 223 2041 341 2075; x_wconf 87' lang='grc' dir='ltr'>ουσι</span> <span class='ocrx_word' id='word_1_265' title='bbox 409 2024 525 2096; x_wconf 84' lang='grc' dir='ltr'>μετ’</span> <span class='ocrx_word' id='word_1_266' title='bbox 603 2025 784 2094; x_wconf 77' lang='grc' dir='ltr'>αὐτοῦ,</span> <span class='ocrx_word' id='word_1_267' title='bbox 849 2031 938 2079; x_wconf 82' lang='grc' dir='ltr'>καὶ</span> <span class='ocrx_word' id='word_1_268' title='bbox 994 2027 1052 2080; x_wconf 81' lang='grc' dir='ltr'>ού</span> <span class='ocrx_word' id='word_1_269' title='bbox 1109 2026 1414 2098; x_wconf 83' lang='grc' dir='ltr'>πολεμοῦσι.</span> <span class='ocrx_word' id='word_1_270' title='bbox 1473 2032 1678 2100; x_wconf 79' lang='grc' dir='ltr'>Τρεπτη</span> <span class='ocrx_word' id='word_1_271' title='bbox 1735 2029 1835 2100; x_wconf 79' lang='grc' dir='ltr'>γάρ</span> 
     </span>
    </p>
   </div>
   <div class='ocr_carea' id='block_1_39' title="bbox 219 2110 1835 2187">
    <p class='ocr_par' dir='ltr' id='par_1_39' title="bbox 219 2110 1835 2187">
     <span class='ocr_line' id='line_1_39' title="bbox 219 2110 1835 2187; baseline 0.003 -24"><span class='ocrx_word' id='word_1_272' title='bbox 219 2110 363 2164; x_wconf 74' lang='grc' dir='ltr'>ἔστιν</span> <span class='ocrx_word' id='word_1_273' title='bbox 416 2115 446 2171; x_wconf 75' lang='grc' dir='ltr'>ἡ</span> <span class='ocrx_word' id='word_1_274' title='bbox 508 2116 686 2186; x_wconf 70' lang='grc' dir='ltr'>φύσις,</span> <span class='ocrx_word' id='word_1_275' title='bbox 741 2119 831 2167; x_wconf 83' lang='grc' dir='ltr'>καὶ</span> <span class='ocrx_word' id='word_1_276' title='bbox 886 2115 930 2168; x_wconf 84' lang='grc' dir='ltr'>εἰ</span> <span class='ocrx_word' id='word_1_277' title='bbox 986 2115 1115 2168; x_wconf 77' lang='grc' dir='ltr'>θελει</span> <span class='ocrx_word' id='word_1_278' title='bbox 1171 2135 1271 2180; x_wconf 89' lang='grc' dir='ltr'>τις,</span> <span class='ocrx_word' id='word_1_279' title='bbox 1331 2119 1527 2187; x_wconf 84' lang='grc' dir='ltr'>γίνεται</span> <span class='ocrx_word' id='word_1_280' title='bbox 1584 2118 1692 2177; x_wconf 83' lang='grc' dir='ltr'>υἱός</span> <span class='ocrx_word' id='word_1_281' title='bbox 1744 2124 1835 2168; x_wconf 82' lang='grc' dir='ltr'>τοῦ</span> 
     </span>
    </p>
   </div>
   <div class='ocr_carea' id='block_1_40' title="bbox 217 2201 1835 2280">
    <p class='ocr_par' dir='ltr' id='par_1_40' title="bbox 217 2201 1835 2280">
     <span class='ocr_line' id='line_1_40' title="bbox 217 2201 1835 2280; baseline 0.002 -25"><span class='ocrx_word' id='word_1_282' title='bbox 217 2208 377 2267; x_wconf 78' lang='grc' dir='ltr'>Θεοῦ,</span> <span class='ocrx_word' id='word_1_283' title='bbox 429 2206 533 2255; x_wconf 77' lang='grc' dir='ltr'>εἴτε</span> <span class='ocrx_word' id='word_1_284' title='bbox 575 2203 730 2256; x_wconf 77' lang='grc' dir='ltr'>πάλιν</span> <span class='ocrx_word' id='word_1_285' title='bbox 781 2205 895 2268; x_wconf 85' lang='grc' dir='ltr'>υίὸς</span> <span class='ocrx_word' id='word_1_286' title='bbox 941 2203 1218 2270; x_wconf 77' lang='grc' dir='ltr'>ἀπωλείας,</span> <span class='ocrx_word' id='word_1_287' title='bbox 1275 2201 1371 2258; x_wconf 77' lang='grc' dir='ltr'>διὰ</span> <span class='ocrx_word' id='word_1_288' title='bbox 1415 2209 1471 2258; x_wconf 87' lang='grc' dir='ltr'>τὸ</span> <span class='ocrx_word' id='word_1_289' title='bbox 1523 2209 1835 2280; x_wconf 86' lang='grc' dir='ltr'>παραμένειν</span> 
     </span>
    </p>
   </div>
   <div class='ocr_carea' id='block_1_41' title="bbox 211 2291 667 2354">
    <p class='ocr_par' dir='ltr' id='par_1_41' title="bbox 211 2291 667 2354">
     <span class='ocr_line' id='line_1_41' title="bbox 211 2291 667 2354; baseline 0.018 -13"><span class='ocrx_word' id='word_1_290' title='bbox 211 2293 272 2342; x_wconf 85' lang='grc' dir='ltr'>τό</span> <span class='ocrx_word' id='word_1_291' title='bbox 301 2291 667 2354; x_wconf 71' lang='grc' dir='ltr'>αὐτεξούσιον.</span> 
     </span>
    </p>
   </div>
   <div class='ocr_carea' id='block_1_42' title="bbox 287 2397 1831 2475">
    <p class='ocr_par' dir='ltr' id='par_1_42' title="bbox 287 2397 1831 2475">
     <span class='ocr_line' id='line_1_42' title="bbox 287 2397 1831 2475; baseline 0.004 -25"><span class='ocrx_word' id='word_1_292' title='bbox 287 2399 392 2454; x_wconf 85' lang='lat' dir='ltr'>IB’.</span> <span class='ocrx_word' id='word_1_293' title='bbox 447 2397 608 2452; x_wconf 82' lang='grc' dir='ltr'>Ἀλλο</span> <span class='ocrx_word' id='word_1_294' title='bbox 664 2402 779 2453; x_wconf 72' lang='grc' dir='ltr'>εστὶ</span> <span class='ocrx_word' id='word_1_295' title='bbox 825 2403 882 2452; x_wconf 87' lang='grc' dir='ltr'>τό</span> <span class='ocrx_word' id='word_1_296' title='bbox 936 2405 1052 2474; x_wconf 87' lang='grc' dir='ltr'>περὶ</span> <span class='ocrx_word' id='word_1_297' title='bbox 1104 2402 1264 2475; x_wconf 77' lang='grc' dir='ltr'>ἄρτου</span> <span class='ocrx_word' id='word_1_298' title='bbox 1317 2397 1691 2472; x_wconf 75' lang='grc' dir='ltr'>διηγήσασθαι</span> <span class='ocrx_word' id='word_1_299' title='bbox 1743 2407 1831 2456; x_wconf 77' lang='grc' dir='ltr'>καὶ</span> 
     </span>
    </p>
   </div>
   <div class='ocr_carea' id='block_1_43' title="bbox 216 2489 1834 2562">
    <p class='ocr_par' dir='ltr' id='par_1_43' title="bbox 216 2489 1834 2562">
     <span class='ocr_line' id='line_1_43' title="bbox 216 2489 1834 2562; baseline 0.004 -23"><span class='ocrx_word' id='word_1_300' title='bbox 216 2489 497 2562; x_wconf 72' lang='grc' dir='ltr'>τραπέζης,</span> <span class='ocrx_word' id='word_1_301' title='bbox 562 2493 654 2542; x_wconf 85' lang='grc' dir='ltr'>καὶ</span> <span class='ocrx_word' id='word_1_302' title='bbox 710 2489 832 2542; x_wconf 79' lang='grc' dir='ltr'>ἄλλο</span> <span class='ocrx_word' id='word_1_303' title='bbox 861 2493 972 2543; x_wconf 71' lang='grc' dir='ltr'>ἐστὶ</span> <span class='ocrx_word' id='word_1_304' title='bbox 1021 2498 1198 2562; x_wconf 79' lang='grc' dir='ltr'>φαγεῖν</span> <span class='ocrx_word' id='word_1_305' title='bbox 1250 2495 1334 2543; x_wconf 78' lang='grc' dir='ltr'>καὶ</span> <span class='ocrx_word' id='word_1_306' title='bbox 1391 2490 1562 2544; x_wconf 77' lang='grc' dir='ltr'>λαϐεῖν</span> <span class='ocrx_word' id='word_1_307' title='bbox 1620 2495 1706 2545; x_wconf 87' lang='grc' dir='ltr'>τόν</span> <span class='ocrx_word' id='word_1_308' title='bbox 1754 2497 1834 2545; x_wconf 88' lang='grc' dir='ltr'>νό-</span> 
     </span>
    </p>
   </div>
   <div class='ocr_carea' id='block_1_44' title="bbox 230 2575 1829 2654">
    <p class='ocr_par' dir='ltr' id='par_1_44' title="bbox 230 2575 1829 2654">
     <span class='ocr_line' id='line_1_44' title="bbox 230 2575 1829 2654; baseline 0.006 -28"><span class='ocrx_word' id='word_1_309' title='bbox 230 2594 350 2627; x_wconf 79' lang='grc' dir='ltr'>στον</span> <span class='ocrx_word' id='word_1_310' title='bbox 398 2586 489 2630; x_wconf 81' lang='grc' dir='ltr'>τοῦ</span> <span class='ocrx_word' id='word_1_311' title='bbox 543 2578 729 2652; x_wconf 79' lang='grc' dir='ltr'>ἄρτου,</span> <span class='ocrx_word' id='word_1_312' title='bbox 789 2583 877 2631; x_wconf 85' lang='grc' dir='ltr'>καὶ</span> <span class='ocrx_word' id='word_1_313' title='bbox 933 2575 1360 2652; x_wconf 80' lang='grc' dir='ltr'>ένδυναμωθῆναι</span> <span class='ocrx_word' id='word_1_314' title='bbox 1411 2580 1504 2632; x_wconf 85' lang='grc' dir='ltr'>ὅλα</span> <span class='ocrx_word' id='word_1_315' title='bbox 1559 2583 1625 2634; x_wconf 78' lang='grc' dir='ltr'>τὰ</span> <span class='ocrx_word' id='word_1_316' title='bbox 1679 2582 1829 2654; x_wconf 84' lang='grc' dir='ltr'>μέλη.</span> 
     </span>
    </p>
   </div>
   <div class='ocr_carea' id='block_1_45' title="bbox 229 2663 1830 2742">
    <p class='ocr_par' dir='ltr' id='par_1_45' title="bbox 229 2663 1830 2742">
     <span class='ocr_line' id='line_1_45' title="bbox 229 2663 1830 2742; baseline 0.004 -25"><span class='ocrx_word' id='word_1_317' title='bbox 229 2663 386 2717; x_wconf 60' lang='lat' dir='ltr'>&quot;Alio</span> <span class='ocrx_word' id='word_1_318' title='bbox 414 2666 547 2718; x_wconf 71' lang='grc' dir='ltr'>ἆστὶν</span> <span class='ocrx_word' id='word_1_319' title='bbox 599 2667 756 2720; x_wconf 86' lang='grc' dir='ltr'>εἰπεῖν</span> <span class='ocrx_word' id='word_1_320' title='bbox 809 2672 925 2742; x_wconf 81' lang='grc' dir='ltr'>περὶ</span> <span class='ocrx_word' id='word_1_321' title='bbox 969 2677 1128 2721; x_wconf 81' lang='grc' dir='ltr'>ποτοῦ</span> <span class='ocrx_word' id='word_1_322' title='bbox 1181 2666 1450 2728; x_wconf 82' lang='grc' dir='ltr'>ἡδυτάτου</span> <span class='ocrx_word' id='word_1_323' title='bbox 1496 2669 1692 2742; x_wconf 88' lang='grc' dir='ltr'>λόγοις,</span> <span class='ocrx_word' id='word_1_324' title='bbox 1745 2677 1830 2725; x_wconf 78' lang='grc' dir='ltr'>καὶ</span> 
     </span>
    </p>
   </div>
   <div class='ocr_carea' id='block_1_46' title="bbox 224 2758 1832 2834">
    <p class='ocr_par' dir='ltr' id='par_1_46' title="bbox 224 2758 1832 2834">
     <span class='ocr_line' id='line_1_46' title="bbox 224 2758 1832 2834; baseline 0.006 -25"><span class='ocrx_word' id='word_1_325' title='bbox 224 2758 351 2810; x_wconf 75' lang='grc' dir='ltr'>ἄλλο</span> <span class='ocrx_word' id='word_1_326' title='bbox 411 2759 545 2813; x_wconf 69' lang='grc' dir='ltr'>ἐστὶν</span> <span class='ocrx_word' id='word_1_327' title='bbox 596 2758 831 2814; x_wconf 79' lang='grc' dir='ltr'>ἀπελθεῖν</span> <span class='ocrx_word' id='word_1_328' title='bbox 890 2766 980 2814; x_wconf 79' lang='grc' dir='ltr'>καὶ</span> <span class='ocrx_word' id='word_1_329' title='bbox 1047 2758 1350 2834; x_wconf 77' lang='grc' dir='ltr'>δράξασθαι</span> <span class='ocrx_word' id='word_1_330' title='bbox 1403 2762 1457 2826; x_wconf 75' lang='grc' dir='ltr'>ἐξ</span> <span class='ocrx_word' id='word_1_331' title='bbox 1515 2764 1678 2827; x_wconf 77' lang='grc' dir='ltr'>αὐτῆς</span> <span class='ocrx_word' id='word_1_332' title='bbox 1735 2773 1832 2828; x_wconf 82' lang='grc' dir='ltr'>τῆς</span> 
     </span>
    </p>
   </div>
   <div class='ocr_carea' id='block_1_47' title="bbox 212 2849 1830 2923">
    <p class='ocr_par' dir='ltr' id='par_1_47' title="bbox 212 2849 1830 2923">
     <span class='ocr_line' id='line_1_47' title="bbox 212 2849 1830 2923; baseline 0.004 -24"><span class='ocrx_word' id='word_1_333' title='bbox 212 2855 402 2918; x_wconf 61' lang='grc' dir='ltr'>ποῇς,</span> <span class='ocrx_word' id='word_1_334' title='bbox 437 2855 530 2901; x_wconf 78' lang='grc' dir='ltr'>καὶ</span> <span class='ocrx_word' id='word_1_335' title='bbox 569 2849 934 2922; x_wconf 75' lang='grc' dir='ltr'>ίμπλησοῆναι</span> <span class='ocrx_word' id='word_1_336' title='bbox 981 2850 1145 2913; x_wconf 77' lang='grc' dir='ltr'>αὐτῆς</span> <span class='ocrx_word' id='word_1_337' title='bbox 1173 2860 1270 2913; x_wconf 84' lang='grc' dir='ltr'>τῆς</span> <span class='ocrx_word' id='word_1_338' title='bbox 1319 2855 1546 2923; x_wconf 80' lang='grc' dir='ltr'>γεύσεως</span> <span class='ocrx_word' id='word_1_339' title='bbox 1577 2860 1668 2905; x_wconf 82' lang='grc' dir='ltr'>τοῦ</span> <span class='ocrx_word' id='word_1_340' title='bbox 1700 2850 1830 2912; x_wconf 86' lang='grc' dir='ltr'>ἡδυ-</span> 
     </span>
    </p>
   </div>
   <div class='ocr_carea' id='block_1_48' title="bbox 207 2935 1826 3014">
    <p class='ocr_par' dir='ltr' id='par_1_48' title="bbox 207 2935 1826 3014">
     <span class='ocr_line' id='line_1_48' title="bbox 207 2935 1826 3014; baseline 0.005 -27"><span class='ocrx_word' id='word_1_341' title='bbox 207 2939 370 2989; x_wconf 70' lang='grc' dir='ltr'>τάτου</span> <span class='ocrx_word' id='word_1_342' title='bbox 398 2946 584 2992; x_wconf 81' lang='grc' dir='ltr'>ποτοῦ.</span> <span class='ocrx_word' id='word_1_343' title='bbox 631 2937 787 2992; x_wconf 80' lang='grc' dir='ltr'>Ἀλλο</span> <span class='ocrx_word' id='word_1_344' title='bbox 830 2937 944 2992; x_wconf 78' lang='grc' dir='ltr'>έστὶ</span> <span class='ocrx_word' id='word_1_345' title='bbox 991 2935 1364 3010; x_wconf 79' lang='grc' dir='ltr'>διηγήσασθαι</span> <span class='ocrx_word' id='word_1_346' title='bbox 1411 2946 1526 3014; x_wconf 78' lang='grc' dir='ltr'>περὶ</span> <span class='ocrx_word' id='word_1_347' title='bbox 1580 2941 1826 3014; x_wconf 86' lang='grc' dir='ltr'>πολέμου,</span> 
     </span>
    </p>
   </div>
   <div class='ocr_carea' id='block_1_49' title="bbox 210 3025 1828 3101">
    <p class='ocr_par' dir='ltr' id='par_1_49' title="bbox 210 3025 1828 3101">
     <span class='ocr_line' id='line_1_49' title="bbox 210 3025 1828 3101; baseline 0.005 -26"><span class='ocrx_word' id='word_1_348' title='bbox 210 3031 294 3077; x_wconf 75' lang='grc' dir='ltr'>καὶ</span> <span class='ocrx_word' id='word_1_349' title='bbox 329 3031 579 3097; x_wconf 73' lang='grc' dir='ltr'>γενναίων</span> <span class='ocrx_word' id='word_1_350' title='bbox 619 3025 874 3094; x_wconf 85' lang='grc' dir='ltr'>ἀθλητῶν,</span> <span class='ocrx_word' id='word_1_351' title='bbox 913 3032 1004 3081; x_wconf 82' lang='grc' dir='ltr'>καὶ</span> <span class='ocrx_word' id='word_1_352' title='bbox 1043 3029 1388 3101; x_wconf 85' lang='grc' dir='ltr'>πολεμιστῶν,</span> <span class='ocrx_word' id='word_1_353' title='bbox 1429 3035 1519 3082; x_wconf 82' lang='grc' dir='ltr'>καὶ</span> <span class='ocrx_word' id='word_1_354' title='bbox 1553 3029 1675 3082; x_wconf 81' lang='grc' dir='ltr'>ἄλλο</span> <span class='ocrx_word' id='word_1_355' title='bbox 1712 3031 1828 3084; x_wconf 76' lang='grc' dir='ltr'>ἐστὶ</span> 
     </span>
    </p>
   </div>
   <div class='ocr_carea' id='block_1_50' title="bbox 209 3113 1903 3191">
    <p class='ocr_par' dir='ltr' id='par_1_50' title="bbox 209 3113 1903 3191">
     <span class='ocr_line' id='line_1_50' title="bbox 209 3113 1903 3191; baseline 0.003 -25"><span class='ocrx_word' id='word_1_356' title='bbox 209 3119 262 3166; x_wconf 74' lang='grc' dir='ltr'>τὸ</span> <span class='ocrx_word' id='word_1_357' title='bbox 290 3113 537 3168; x_wconf 78' lang='grc' dir='ltr'>ἀπελθεῖν</span> <span class='ocrx_word' id='word_1_358' title='bbox 585 3135 704 3168; x_wconf 89' lang='grc' dir='ltr'>τινα</span> <span class='ocrx_word' id='word_1_359' title='bbox 749 3116 815 3178; x_wconf 85' lang='grc' dir='ltr'>εἰς</span> <span class='ocrx_word' id='word_1_360' title='bbox 853 3116 1144 3190; x_wconf 77' lang='grc' dir='ltr'>παράταξιν</span> <span class='ocrx_word' id='word_1_361' title='bbox 1189 3116 1433 3188; x_wconf 88' lang='grc' dir='ltr'>πολέμου,</span> <span class='ocrx_word' id='word_1_362' title='bbox 1480 3124 1570 3170; x_wconf 79' lang='grc' dir='ltr'>καὶ</span> <span class='ocrx_word' id='word_1_363' title='bbox 1625 3117 1825 3191; x_wconf 78' lang='grc' dir='ltr'>συμϐα-</span> <span class='ocrx_word' id='word_1_364' title='bbox 1863 3134 1903 3190; x_wconf 79' lang='lat' dir='ltr'>c</span> 
     </span>
    </p>
   </div>
   <div class='ocr_carea' id='block_1_51' title="bbox 200 3200 1822 3290">
    <p class='ocr_par' dir='ltr' id='par_1_51' title="bbox 200 3200 1822 3290">
     <span class='ocr_line' id='line_1_51' title="bbox 200 3200 1822 3290; baseline 0.003 -37"><span class='ocrx_word' id='word_1_365' title='bbox 200 3200 300 3253; x_wconf 83' lang='grc' dir='ltr'>λεῖν</span> <span class='ocrx_word' id='word_1_366' title='bbox 325 3209 444 3265; x_wconf 83' lang='grc' dir='ltr'>τοῖς</span> <span class='ocrx_word' id='word_1_367' title='bbox 476 3203 708 3276; x_wconf 75' lang='grc' dir='ltr'>ἐχθροῖς,</span> <span class='ocrx_word' id='word_1_368' title='bbox 740 3208 824 3255; x_wconf 71' lang='grc' dir='ltr'>καὶ</span> <span class='ocrx_word' id='word_1_369' title='bbox 851 3203 1094 3257; x_wconf 87' lang='grc' dir='ltr'>εἰσελθεῖν</span> <span class='ocrx_word' id='word_1_370' title='bbox 1124 3209 1214 3256; x_wconf 82' lang='grc' dir='ltr'>καὶ</span> <span class='ocrx_word' id='word_1_371' title='bbox 1245 3203 1480 3270; x_wconf 80' lang='grc' dir='ltr'>έξελθεῖν,</span> <span class='ocrx_word' id='word_1_372' title='bbox 1509 3210 1598 3258; x_wconf 76' lang='grc' dir='ltr'>καὶ</span> <span class='ocrx_word' id='word_1_373' title='bbox 1627 3204 1822 3290; x_wconf 61' lang='grc' dir='ltr'>λαϐεῖν,</span> 
     </span>
    </p>
   </div>
   <div class='ocr_carea' id='block_1_52' title="bbox 194 3288 1826 3368">
    <p class='ocr_par' dir='ltr' id='par_1_52' title="bbox 194 3288 1826 3368">
     <span class='ocr_line' id='line_1_52' title="bbox 194 3288 1826 3368; baseline 0.002 -24"><span class='ocrx_word' id='word_1_374' title='bbox 194 3297 285 3344; x_wconf 79' lang='grc' dir='ltr'>καὶ</span> <span class='ocrx_word' id='word_1_375' title='bbox 351 3288 560 3357; x_wconf 82' lang='grc' dir='ltr'>δοῦναι,</span> <span class='ocrx_word' id='word_1_376' title='bbox 621 3297 711 3344; x_wconf 84' lang='grc' dir='ltr'>καὶ</span> <span class='ocrx_word' id='word_1_377' title='bbox 770 3290 1156 3364; x_wconf 82' lang='grc' dir='ltr'>ἀπενέγκασθαι</span> <span class='ocrx_word' id='word_1_378' title='bbox 1203 3295 1270 3346; x_wconf 82' lang='grc' dir='ltr'>τὰ</span> <span class='ocrx_word' id='word_1_379' title='bbox 1317 3299 1624 3368; x_wconf 80' lang='grc' dir='ltr'>νικητήρια.</span> <span class='ocrx_word' id='word_1_380' title='bbox 1673 3288 1826 3348; x_wconf 74' lang='grc' dir='ltr'>Ούτώ</span> 
     </span>
    </p>
   </div>
   <div class='ocr_carea' id='block_1_53' title="bbox 195 3378 1824 3456">
    <p class='ocr_par' dir='ltr' id='par_1_53' title="bbox 195 3378 1824 3456">
     <span class='ocr_line' id='line_1_53' title="bbox 195 3378 1824 3456; baseline 0.002 -24"><span class='ocrx_word' id='word_1_381' title='bbox 195 3379 292 3432; x_wconf 83' lang='grc' dir='ltr'>κάν</span> <span class='ocrx_word' id='word_1_382' title='bbox 325 3388 436 3442; x_wconf 83' lang='grc' dir='ltr'>τοῖς</span> <span class='ocrx_word' id='word_1_383' title='bbox 482 3389 872 3455; x_wconf 62' lang='grc' dir='ltr'>πνευματικοῖς.</span> <span class='ocrx_word' id='word_1_384' title='bbox 907 3381 1060 3436; x_wconf 77' lang='grc' dir='ltr'>Ἀλλο</span> <span class='ocrx_word' id='word_1_385' title='bbox 1091 3382 1204 3436; x_wconf 84' lang='grc' dir='ltr'>έστὶ</span> <span class='ocrx_word' id='word_1_386' title='bbox 1247 3387 1306 3436; x_wconf 86' lang='grc' dir='ltr'>τό</span> <span class='ocrx_word' id='word_1_387' title='bbox 1361 3390 1552 3456; x_wconf 83' lang='grc' dir='ltr'>γνώσει</span> <span class='ocrx_word' id='word_1_388' title='bbox 1602 3388 1703 3437; x_wconf 76' lang='grc' dir='ltr'>τινὶ</span> <span class='ocrx_word' id='word_1_389' title='bbox 1733 3378 1824 3436; x_wconf 76' lang='grc' dir='ltr'>καὶ</span> 
     </span>
    </p>
   </div>
   <div class='ocr_carea' id='block_1_54' title="bbox 197 3466 1823 3542">
    <p class='ocr_par' dir='ltr' id='par_1_54' title="bbox 197 3466 1823 3542">
     <span class='ocr_line' id='line_1_54' title="bbox 197 3466 1823 3542; baseline 0.001 -20"><span class='ocrx_word' id='word_1_390' title='bbox 197 3474 273 3522; x_wconf 77' lang='grc' dir='ltr'>νοῐ</span> <span class='ocrx_word' id='word_1_391' title='bbox 327 3466 600 3541; x_wconf 75' lang='grc' dir='ltr'>διηγησαι</span> <span class='ocrx_word' id='word_1_392' title='bbox 628 3471 834 3542; x_wconf 84' lang='grc' dir='ltr'>λόγους,</span> <span class='ocrx_word' id='word_1_393' title='bbox 875 3477 962 3524; x_wconf 82' lang='grc' dir='ltr'>καὶ</span> <span class='ocrx_word' id='word_1_394' title='bbox 1014 3471 1136 3524; x_wconf 83' lang='grc' dir='ltr'>ἄλλο</span> <span class='ocrx_word' id='word_1_395' title='bbox 1184 3477 1299 3525; x_wconf 84' lang='grc' dir='ltr'>ἐστὶ</span> <span class='ocrx_word' id='word_1_396' title='bbox 1343 3477 1400 3525; x_wconf 89' lang='grc' dir='ltr'>τό</span> <span class='ocrx_word' id='word_1_397' title='bbox 1433 3476 1481 3526; x_wconf 76' lang='grc' dir='ltr'>ἓν</span> <span class='ocrx_word' id='word_1_398' title='bbox 1533 3475 1823 3527; x_wconf 75' lang='grc' dir='ltr'>ὑποστάσει</span> 
     </span>
    </p>
   </div>
   <div class='ocr_carea' id='block_1_55' title="bbox 201 3559 1820 3634">
    <p class='ocr_par' dir='ltr' id='par_1_55' title="bbox 201 3559 1820 3634">
     <span class='ocr_line' id='line_1_55' title="bbox 201 3559 1820 3634; baseline 0.002 -24"><span class='ocrx_word' id='word_1_399' title='bbox 201 3564 287 3610; x_wconf 80' lang='grc' dir='ltr'>καὶ</span> <span class='ocrx_word' id='word_1_400' title='bbox 341 3562 502 3632; x_wconf 66' lang='grc' dir='ltr'>ἧογῳ,</span> <span class='ocrx_word' id='word_1_401' title='bbox 551 3565 639 3612; x_wconf 83' lang='grc' dir='ltr'>καὶ</span> <span class='ocrx_word' id='word_1_402' title='bbox 687 3559 736 3612; x_wconf 82' lang='grc' dir='ltr'>έν</span> <span class='ocrx_word' id='word_1_403' title='bbox 786 3560 1128 3634; x_wconf 78' lang='grc' dir='ltr'>πληροφορίᾳ,</span> <span class='ocrx_word' id='word_1_404' title='bbox 1183 3567 1272 3614; x_wconf 83' lang='grc' dir='ltr'>καὶ</span> <span class='ocrx_word' id='word_1_405' title='bbox 1319 3560 1368 3613; x_wconf 77' lang='grc' dir='ltr'>ἐν</span> <span class='ocrx_word' id='word_1_406' title='bbox 1416 3571 1488 3634; x_wconf 82' lang='grc' dir='ltr'>τῷ</span> <span class='ocrx_word' id='word_1_407' title='bbox 1536 3560 1681 3616; x_wconf 80' lang='grc' dir='ltr'>ἔνδον</span> <span class='ocrx_word' id='word_1_408' title='bbox 1736 3562 1820 3615; x_wconf 85' lang='grc' dir='ltr'>ἀν-</span> 
     </span>
    </p>
   </div>
   <div class='ocr_carea' id='block_1_56' title="bbox 203 3647 1817 3726">
    <p class='ocr_par' dir='ltr' id='par_1_56' title="bbox 203 3647 1817 3726">
     <span class='ocr_line' id='line_1_56' title="bbox 203 3647 1817 3726; baseline 0.004 -28"><span class='ocrx_word' id='word_1_409' title='bbox 203 3647 412 3720; x_wconf 69' lang='grc' dir='ltr'>θρώπῳ,</span> <span class='ocrx_word' id='word_1_410' title='bbox 482 3653 573 3700; x_wconf 78' lang='grc' dir='ltr'>καὶ</span> <span class='ocrx_word' id='word_1_411' title='bbox 624 3656 696 3720; x_wconf 84' lang='grc' dir='ltr'>τῷ</span> <span class='ocrx_word' id='word_1_412' title='bbox 739 3658 808 3721; x_wconf 86' lang='grc' dir='ltr'>νῷ</span> <span class='ocrx_word' id='word_1_413' title='bbox 859 3652 1000 3722; x_wconf 79' lang='grc' dir='ltr'>ἔχειν</span> <span class='ocrx_word' id='word_1_414' title='bbox 1072 3654 1157 3702; x_wconf 79' lang='grc' dir='ltr'>τόν</span> <span class='ocrx_word' id='word_1_415' title='bbox 1222 3653 1508 3726; x_wconf 88' lang='grc' dir='ltr'>θησαυρόν,</span> <span class='ocrx_word' id='word_1_416' title='bbox 1559 3657 1650 3705; x_wconf 78' lang='grc' dir='ltr'>καὶ</span> <span class='ocrx_word' id='word_1_417' title='bbox 1723 3657 1817 3711; x_wconf 76' lang='grc' dir='ltr'>την</span> 
     </span>
    </p>
   </div>
   <div class='ocr_carea' id='block_1_57' title="bbox 194 3738 1814 3813">
    <p class='ocr_par' dir='ltr' id='par_1_57' title="bbox 194 3738 1814 3813">
     <span class='ocr_line' id='line_1_57' title="bbox 194 3738 1814 3813; baseline 0.004 -26"><span class='ocrx_word' id='word_1_418' title='bbox 194 3739 380 3811; x_wconf 71' lang='grc' dir='ltr'>χάριν,</span> <span class='ocrx_word' id='word_1_419' title='bbox 416 3741 510 3789; x_wconf 85' lang='grc' dir='ltr'>καὶ</span> <span class='ocrx_word' id='word_1_420' title='bbox 553 3742 646 3796; x_wconf 77' lang='grc' dir='ltr'>τὴν</span> <span class='ocrx_word' id='word_1_421' title='bbox 690 3746 891 3808; x_wconf 77' lang='grc' dir='ltr'>γεῦσιν,</span> <span class='ocrx_word' id='word_1_422' title='bbox 942 3744 1032 3791; x_wconf 80' lang='grc' dir='ltr'>καὶ</span> <span class='ocrx_word' id='word_1_423' title='bbox 1075 3744 1167 3798; x_wconf 79' lang='grc' dir='ltr'>την</span> <span class='ocrx_word' id='word_1_424' title='bbox 1215 3738 1468 3813; x_wconf 69' lang='grc' dir='ltr'>ἐνέργειαν</span> <span class='ocrx_word' id='word_1_425' title='bbox 1514 3749 1608 3793; x_wconf 83' lang='grc' dir='ltr'>τοῦ</span> <span class='ocrx_word' id='word_1_426' title='bbox 1659 3740 1814 3813; x_wconf 84' lang='grc' dir='ltr'>ἁγίου</span> 
     </span>
    </p>
   </div>
   <div class='ocr_carea' id='block_1_58' title="bbox 195 3827 1558 3901">
    <p class='ocr_par' dir='ltr' id='par_1_58' title="bbox 195 3827 1558 3901">
     <span class='ocr_line' id='line_1_58' title="bbox 195 3827 1558 3901; baseline 0.003 -23"><span class='ocrx_word' id='word_1_427' title='bbox 195 3829 520 3897; x_wconf 79' lang='grc' dir='ltr'>Πνεύματος.</span> <span class='ocrx_word' id='word_1_428' title='bbox 569 3828 634 3878; x_wconf 87' lang='grc' dir='ltr'>Οἱ</span> <span class='ocrx_word' id='word_1_429' title='bbox 684 3830 784 3901; x_wconf 81' lang='grc' dir='ltr'>γὰρ</span> <span class='ocrx_word' id='word_1_430' title='bbox 840 3827 1028 3898; x_wconf 73' lang='grc' dir='ltr'>ψιλούς</span> <span class='ocrx_word' id='word_1_431' title='bbox 1077 3828 1258 3899; x_wconf 87' lang='grc' dir='ltr'>λόγους</span> <span class='ocrx_word' id='word_1_432' title='bbox 1312 3831 1558 3900; x_wconf 83' lang='grc' dir='ltr'>λέγοντες,</span> 
     </span>
    </p>
   </div>
   <div class='ocr_carea' id='block_1_59' title="bbox 194 3917 1810 3991">
    <p class='ocr_par' dir='ltr' id='par_1_59' title="bbox 194 3917 1810 3991">
     <span class='ocr_line' id='line_1_59' title="bbox 194 3917 1810 3991; baseline 0.002 -23"><span class='ocrx_word' id='word_1_433' title='bbox 194 3917 400 3981; x_wconf 81' lang='grc' dir='ltr'>ζονται,</span> <span class='ocrx_word' id='word_1_434' title='bbox 437 3921 528 3968; x_wconf 85' lang='grc' dir='ltr'>καὶ</span> <span class='ocrx_word' id='word_1_435' title='bbox 567 3924 876 3988; x_wconf 65' lang='grc' dir='ltr'>φυσιοῦνται</span> <span class='ocrx_word' id='word_1_436' title='bbox 919 3918 1018 3970; x_wconf 81' lang='grc' dir='ltr'>ύπό</span> <span class='ocrx_word' id='word_1_437' title='bbox 1065 3925 1155 3971; x_wconf 82' lang='grc' dir='ltr'>τοῦ</span> <span class='ocrx_word' id='word_1_438' title='bbox 1189 3921 1300 3978; x_wconf 89' lang='grc' dir='ltr'>νοὸς</span> <span class='ocrx_word' id='word_1_439' title='bbox 1347 3918 1534 3973; x_wconf 77' lang='grc' dir='ltr'>αὐτῶν.</span> <span class='ocrx_word' id='word_1_440' title='bbox 1566 3917 1635 3970; x_wconf 74' lang='grc' dir='ltr'>Ὀ</span> <span class='ocrx_word' id='word_1_441' title='bbox 1690 3920 1810 3991; x_wconf 79' lang='grc' dir='ltr'>γὰρ</span> 
     </span>
    </p>
   </div>
   <div class='ocr_carea' id='block_1_60' title="bbox 191 4004 1813 4081">
    <p class='ocr_par' dir='ltr' id='par_1_60' title="bbox 191 4004 1813 4081">
     <span class='ocr_line' id='line_1_60' title="bbox 191 4004 1813 4081; baseline 0.002 -26"><span class='ocrx_word' id='word_1_442' title='bbox 191 4004 402 4076; x_wconf 85' lang='grc' dir='ltr'>λόγος,</span> <span class='ocrx_word' id='word_1_443' title='bbox 427 4009 805 4078; x_wconf 76' lang='grc' dir='ltr'>φησὶν,ημῶν</span> <span class='ocrx_word' id='word_1_444' title='bbox 844 4010 1054 4059; x_wconf 81' lang='grc' dir='ltr'>καὶτὸ</span> <span class='ocrx_word' id='word_1_445' title='bbox 1101 4012 1405 4081; x_wconf 81' lang='grc' dir='ltr'>κήρυγμα</span> <span class='ocrx_word' id='word_1_446' title='bbox 1443 4007 1557 4058; x_wconf 85' lang='grc' dir='ltr'>ούκ</span> <span class='ocrx_word' id='word_1_447' title='bbox 1596 4006 1656 4058; x_wconf 83' lang='grc' dir='ltr'>έν</span> <span class='ocrx_word' id='word_1_448' title='bbox 1685 4026 1813 4060; x_wconf 89' lang='grc' dir='ltr'>πει-</span> 
     </span>
    </p>
   </div>
   <div class='ocr_carea' id='block_1_61' title="bbox 194 4091 1811 4168">
    <p class='ocr_par' dir='ltr' id='par_1_61' title="bbox 194 4091 1811 4168">
     <span class='ocr_line' id='line_1_61' title="bbox 194 4091 1811 4168; baseline 0.001 -22"><span class='ocrx_word' id='word_1_449' title='bbox 194 4095 414 4155; x_wconf 86' lang='grc' dir='ltr'>θανοῖς</span> <span class='ocrx_word' id='word_1_450' title='bbox 485 4091 899 4168; x_wconf 84' lang='grc' dir='ltr'>ἀνρθωπίνης</span> <span class='ocrx_word' id='word_1_451' title='bbox 966 4100 1198 4168; x_wconf 77' lang='grc' dir='ltr'>σοφίας</span> <span class='ocrx_word' id='word_1_452' title='bbox 1255 4094 1492 4166; x_wconf 82' lang='grc' dir='ltr'>λόγοις,</span> <span class='ocrx_word' id='word_1_453' title='bbox 1566 4093 1692 4147; x_wconf 87' lang='grc' dir='ltr'>ἀλλ’</span> <span class='ocrx_word' id='word_1_454' title='bbox 1753 4095 1811 4147; x_wconf 91' lang='grc' dir='ltr'>έν</span> 
     </span>
    </p>
   </div>
   <div class='ocr_carea' id='block_1_62' title="bbox 189 4180 1811 4256">
    <p class='ocr_par' dir='ltr' id='par_1_62' title="bbox 189 4180 1811 4256">
     <span class='ocr_line' id='line_1_62' title="bbox 189 4180 1811 4256; baseline 0.001 -22"><span class='ocrx_word' id='word_1_455' title='bbox 189 4180 544 4245; x_wconf 75' lang='grc' dir='ltr'>ἀποδείξει</span> <span class='ocrx_word' id='word_1_456' title='bbox 586 4185 955 4256; x_wconf 86' lang='grc' dir='ltr'>Πνεύματος</span> <span class='ocrx_word' id='word_1_457' title='bbox 993 4189 1099 4236; x_wconf 81' lang='grc' dir='ltr'>καὶ</span> <span class='ocrx_word' id='word_1_458' title='bbox 1140 4180 1504 4256; x_wconf 79' lang='grc' dir='ltr'>δυνάμεως·</span> <span class='ocrx_word' id='word_1_459' title='bbox 1540 4189 1630 4236; x_wconf 83' lang='grc' dir='ltr'>καὶ</span> <span class='ocrx_word' id='word_1_460' title='bbox 1660 4185 1811 4237; x_wconf 76' lang='grc' dir='ltr'>πάλιν</span> 
     </span>
    </p>
   </div>
   <div class='ocr_carea' id='block_1_63' title="bbox 196 4269 1812 4348">
    <p class='ocr_par' dir='ltr' id='par_1_63' title="bbox 196 4269 1812 4348">
     <span class='ocr_line' id='line_1_63' title="bbox 196 4269 1812 4348; baseline 0.002 -25"><span class='ocrx_word' id='word_1_461' title='bbox 196 4271 436 4344; x_wconf 71' lang='grc' dir='ltr'>ἀλλαχοῦ</span> <span class='ocrx_word' id='word_1_462' title='bbox 464 4271 622 4342; x_wconf 85' lang='grc' dir='ltr'>λέγει,</span> <span class='ocrx_word' id='word_1_463' title='bbox 680 4276 758 4325; x_wconf 87' lang='grc' dir='ltr'>Τὸ</span> <span class='ocrx_word' id='word_1_464' title='bbox 822 4269 891 4325; x_wconf 74' lang='grc' dir='ltr'>δε</span> <span class='ocrx_word' id='word_1_465' title='bbox 954 4273 1126 4334; x_wconf 85' lang='grc' dir='ltr'>τέλος</span> <span class='ocrx_word' id='word_1_466' title='bbox 1194 4281 1308 4336; x_wconf 82' lang='grc' dir='ltr'>τῆς</span> <span class='ocrx_word' id='word_1_467' title='bbox 1369 4273 1812 4348; x_wconf 85' lang='grc' dir='ltr'>παραγγελίας</span> 
     </span>
    </p>
   </div>
   <div class='ocr_carea' id='block_1_64' title="bbox 203 4358 1811 4436">
    <p class='ocr_par' dir='ltr' id='par_1_64' title="bbox 203 4358 1811 4436">
     <span class='ocr_line' id='line_1_64' title="bbox 203 4358 1811 4436; baseline 0.002 -24"><span class='ocrx_word' id='word_1_468' title='bbox 203 4363 372 4413; x_wconf 78' lang='grc' dir='ltr'>ἱστιν</span> <span class='ocrx_word' id='word_1_469' title='bbox 417 4359 638 4431; x_wconf 80' lang='grc' dir='ltr'>ἀγάπη</span> <span class='ocrx_word' id='word_1_470' title='bbox 680 4359 744 4412; x_wconf 71' lang='grc' dir='ltr'>ἐκ</span> <span class='ocrx_word' id='word_1_471' title='bbox 783 4358 1061 4436; x_wconf 86' lang='grc' dir='ltr'>καρδίας</span> <span class='ocrx_word' id='word_1_472' title='bbox 1109 4365 1414 4435; x_wconf 84' lang='grc' dir='ltr'>καθαρᾶς,</span> <span class='ocrx_word' id='word_1_473' title='bbox 1458 4368 1565 4416; x_wconf 80' lang='grc' dir='ltr'>καὶ</span> <span class='ocrx_word' id='word_1_474' title='bbox 1608 4381 1811 4416; x_wconf 84' lang='grc' dir='ltr'>συνει-</span> 
     </span>
    </p>
   </div>
   <div class='ocr_carea' id='block_1_65' title="bbox 1621 3833 1815 3902">
    <p class='ocr_par' dir='ltr' id='par_1_65' title="bbox 1621 3833 1815 3902">
     <span class='ocr_line' id='line_1_65' title="bbox 1621 3833 1815 3902; baseline 0.005 -21"><span class='ocrx_word' id='word_1_475' title='bbox 1621 3833 1815 3902; x_wconf 78' lang='grc' dir='ltr'>φαντά-</span> 
     </span>
    </p>
   </div>
   <div class='ocr_carea' id='block_1_66' title="bbox 197 4447 1888 4544">
    <p class='ocr_par' dir='ltr' id='par_1_66' title="bbox 197 4447 1888 4544">
     <span class='ocr_line' id='line_1_66' title="bbox 197 4447 1888 4544; baseline 0.002 -41"><span class='ocrx_word' id='word_1_476' title='bbox 197 4447 449 4512; x_wconf 67' lang='grc' dir='ltr'>δέσεως</span> <span class='ocrx_word' id='word_1_477' title='bbox 489 4450 756 4522; x_wconf 83' lang='grc' dir='ltr'>ἀγαθῆς,</span> <span class='ocrx_word' id='word_1_478' title='bbox 798 4457 906 4504; x_wconf 82' lang='grc' dir='ltr'>καὶ</span> <span class='ocrx_word' id='word_1_479' title='bbox 944 4457 1225 4515; x_wconf 87' lang='grc' dir='ltr'>πίστεως</span> <span class='ocrx_word' id='word_1_480' title='bbox 1264 4452 1724 4528; x_wconf 84' lang='grc' dir='ltr'>ἀνυποκρίτου.</span> <span class='ocrx_word' id='word_1_481' title='bbox 1750 4453 1810 4507; x_wconf 84' lang='grc' dir='ltr'>Ὀ</span> <span class='ocrx_word' id='word_1_482' title='bbox 1843 4489 1888 4544; x_wconf 82' lang='lat' dir='ltr'><strong>D</strong></span> 
     </span>
    </p>
   </div>
   <div class='ocr_carea' id='block_1_67' title="bbox 189 4540 1810 4614">
    <p class='ocr_par' dir='ltr' id='par_1_67' title="bbox 189 4540 1810 4614">
     <span class='ocr_line' id='line_1_67' title="bbox 189 4540 1810 4614; baseline 0.002 -21"><span class='ocrx_word' id='word_1_483' title='bbox 189 4550 430 4602; x_wconf 85' lang='grc' dir='ltr'>τοιοῦτος</span> <span class='ocrx_word' id='word_1_484' title='bbox 460 4544 521 4593; x_wconf 84' lang='grc' dir='ltr'>ού</span> <span class='ocrx_word' id='word_1_485' title='bbox 552 4546 749 4594; x_wconf 88' lang='grc' dir='ltr'>πίπτει.</span> <span class='ocrx_word' id='word_1_486' title='bbox 794 4540 1008 4602; x_wconf 82' lang='grc' dir='ltr'>Πολλοῖς</span> <span class='ocrx_word' id='word_1_487' title='bbox 1043 4543 1144 4614; x_wconf 79' lang='grc' dir='ltr'>γὰρ</span> <span class='ocrx_word' id='word_1_488' title='bbox 1185 4543 1517 4603; x_wconf 76' lang='grc' dir='ltr'>ἐκζητήσασι</span> <span class='ocrx_word' id='word_1_489' title='bbox 1555 4547 1641 4594; x_wconf 89' lang='grc' dir='ltr'>τόν</span> <span class='ocrx_word' id='word_1_490' title='bbox 1681 4546 1810 4597; x_wconf 81' lang='grc' dir='ltr'>Θεὸν</span> 
     </span>
    </p>
   </div>
   <div class='ocr_carea' id='block_1_68' title="bbox 189 4627 1807 4703">
    <p class='ocr_par' dir='ltr' id='par_1_68' title="bbox 189 4627 1807 4703">
     <span class='ocr_line' id='line_1_68' title="bbox 189 4627 1807 4703; baseline 0.003 -21"><span class='ocrx_word' id='word_1_491' title='bbox 189 4632 386 4702; x_wconf 67' lang='grc' dir='ltr'>ἠνοίγει</span> <span class='ocrx_word' id='word_1_492' title='bbox 416 4632 568 4703; x_wconf 87' lang='grc' dir='ltr'>θύρα,</span> <span class='ocrx_word' id='word_1_493' title='bbox 594 4635 683 4682; x_wconf 83' lang='grc' dir='ltr'>καὶ</span> <span class='ocrx_word' id='word_1_494' title='bbox 699 4627 838 4682; x_wconf 83' lang='grc' dir='ltr'>εἶδον</span> <span class='ocrx_word' id='word_1_495' title='bbox 864 4632 1146 4703; x_wconf 84' lang='grc' dir='ltr'>θησαυρόν,</span> <span class='ocrx_word' id='word_1_496' title='bbox 1175 4637 1266 4683; x_wconf 83' lang='grc' dir='ltr'>καὶ</span> <span class='ocrx_word' id='word_1_497' title='bbox 1280 4632 1518 4691; x_wconf 84' lang='grc' dir='ltr'>εἰσῆλθον</span> <span class='ocrx_word' id='word_1_498' title='bbox 1549 4633 1616 4694; x_wconf 84' lang='grc' dir='ltr'>εἰς</span> <span class='ocrx_word' id='word_1_499' title='bbox 1631 4633 1807 4688; x_wconf 78' lang='grc' dir='ltr'>αὐτόν.</span> 
     </span>
    </p>
   </div>
   <div class='ocr_carea' id='block_1_69' title="bbox 189 4716 1807 4796">
    <p class='ocr_par' dir='ltr' id='par_1_69' title="bbox 189 4716 1807 4796">
     <span class='ocr_line' id='line_1_69' title="bbox 189 4716 1807 4796; baseline 0.001 -23"><span class='ocrx_word' id='word_1_500' title='bbox 189 4726 294 4774; x_wconf 72' lang='grc' dir='ltr'>Καὶ</span> <span class='ocrx_word' id='word_1_501' title='bbox 328 4723 401 4781; x_wconf 83' lang='grc' dir='ltr'>ὡς</span> <span class='ocrx_word' id='word_1_502' title='bbox 431 4716 565 4777; x_wconf 71' lang='grc' dir='ltr'>ἦσαν</span> <span class='ocrx_word' id='word_1_503' title='bbox 591 4717 639 4770; x_wconf 79' lang='grc' dir='ltr'>έν</span> <span class='ocrx_word' id='word_1_504' title='bbox 669 4725 820 4792; x_wconf 86' lang='grc' dir='ltr'>χαρᾴ</span> <span class='ocrx_word' id='word_1_505' title='bbox 844 4719 1091 4791; x_wconf 85' lang='grc' dir='ltr'>λέγοντες,</span> <span class='ocrx_word' id='word_1_506' title='bbox 1129 4721 1413 4795; x_wconf 79' lang='grc' dir='ltr'>Εὖρομεν</span> <span class='ocrx_word' id='word_1_507' title='bbox 1455 4723 1807 4796; x_wconf 88' lang='grc' dir='ltr'>θησαυρόν,</span> 
     </span>
    </p>
   </div>
   <div class='ocr_carea' id='block_1_70' title="bbox 186 4808 1808 4884">
    <p class='ocr_par' dir='ltr' id='par_1_70' title="bbox 186 4808 1808 4884">
     <span class='ocr_line' id='line_1_70' title="bbox 186 4808 1808 4884; baseline 0.002 -23"><span class='ocrx_word' id='word_1_508' title='bbox 186 4808 496 4862; x_wconf 83' lang='grc' dir='ltr'>ἀπέκλεισεν</span> <span class='ocrx_word' id='word_1_509' title='bbox 549 4808 722 4868; x_wconf 70' lang='grc' dir='ltr'>αὐτοῖς</span> <span class='ocrx_word' id='word_1_510' title='bbox 765 4811 852 4870; x_wconf 81' lang='grc' dir='ltr'>τὰς</span> <span class='ocrx_word' id='word_1_511' title='bbox 912 4811 1088 4882; x_wconf 87' lang='grc' dir='ltr'>θύρας,</span> <span class='ocrx_word' id='word_1_512' title='bbox 1121 4809 1342 4884; x_wconf 77' lang='grc' dir='ltr'>ἤρξαντο</span> <span class='ocrx_word' id='word_1_513' title='bbox 1389 4809 1518 4882; x_wconf 81' lang='grc' dir='ltr'>βοᾷν</span> <span class='ocrx_word' id='word_1_514' title='bbox 1548 4815 1638 4863; x_wconf 81' lang='grc' dir='ltr'>καὶ</span> <span class='ocrx_word' id='word_1_515' title='bbox 1687 4830 1808 4864; x_wconf 91' lang='grc' dir='ltr'>πεν-</span> 
     </span>
    </p>
   </div>
   <div class='ocr_carea' id='block_1_71' title="bbox 185 4897 1807 4973">
    <p class='ocr_par' dir='ltr' id='par_1_71' title="bbox 185 4897 1807 4973">
     <span class='ocr_line' id='line_1_71' title="bbox 185 4897 1807 4973; baseline 0.001 -22"><span class='ocrx_word' id='word_1_516' title='bbox 185 4901 314 4964; x_wconf 88' lang='grc' dir='ltr'>θεῖν,</span> <span class='ocrx_word' id='word_1_517' title='bbox 343 4903 436 4950; x_wconf 80' lang='grc' dir='ltr'>καὶ</span> <span class='ocrx_word' id='word_1_518' title='bbox 461 4897 1128 4971; x_wconf 78' lang='grc' dir='ltr'>έπιζητείν,Θησαυρὸν</span> <span class='ocrx_word' id='word_1_519' title='bbox 1191 4898 1453 4973; x_wconf 80' lang='grc' dir='ltr'>εὕρομεν</span> <span class='ocrx_word' id='word_1_520' title='bbox 1523 4904 1632 4952; x_wconf 78' lang='grc' dir='ltr'>καὶ</span> <span class='ocrx_word' id='word_1_521' title='bbox 1696 4899 1807 4952; x_wconf 85' lang='grc' dir='ltr'>ἀπ-</span> 
     </span>
    </p>
   </div>
   <div class='ocr_carea' id='block_1_72' title="bbox 187 4987 1804 5062">
    <p class='ocr_par' dir='ltr' id='par_1_72' title="bbox 187 4987 1804 5062">
     <span class='ocr_line' id='line_1_72' title="bbox 187 4987 1804 5062; baseline 0.002 -24"><span class='ocrx_word' id='word_1_522' title='bbox 187 4987 540 5059; x_wconf 81' lang='grc' dir='ltr'>ωλέσαμεν,</span> <span class='ocrx_word' id='word_1_523' title='bbox 595 4987 947 5058; x_wconf 83' lang='grc' dir='ltr'>Οἰκονομικῶς</span> <span class='ocrx_word' id='word_1_524' title='bbox 1011 4989 1111 5062; x_wconf 84' lang='grc' dir='ltr'>γὰρ</span> <span class='ocrx_word' id='word_1_525' title='bbox 1165 4987 1467 5041; x_wconf 75' lang='grc' dir='ltr'>ὑποστελλει</span> <span class='ocrx_word' id='word_1_526' title='bbox 1521 4990 1552 5047; x_wconf 79' lang='grc' dir='ltr'><strong>ἠ</strong></span> <span class='ocrx_word' id='word_1_527' title='bbox 1619 4991 1804 5062; x_wconf 83' lang='grc' dir='ltr'>χάρις,</span> 
     </span>
    </p>
   </div>
   <div class='ocr_carea' id='block_1_73' title="bbox 188 5075 1808 5151">
    <p class='ocr_par' dir='ltr' id='par_1_73' title="bbox 188 5075 1808 5151">
     <span class='ocr_line' id='line_1_73' title="bbox 188 5075 1808 5151; baseline 0.002 -24"><span class='ocrx_word' id='word_1_528' title='bbox 188 5079 276 5128; x_wconf 84' lang='grc' dir='ltr'>ἶνα</span> <span class='ocrx_word' id='word_1_529' title='bbox 341 5077 590 5148; x_wconf 75' lang='grc' dir='ltr'>μειζονως</span> <span class='ocrx_word' id='word_1_530' title='bbox 646 5076 1083 5148; x_wconf 74' lang='grc' dir='ltr'>επιζητὴσωμεν·</span> <span class='ocrx_word' id='word_1_531' title='bbox 1142 5078 1168 5127; x_wconf 84' lang='grc' dir='ltr'><strong>ὀ</strong></span> <span class='ocrx_word' id='word_1_532' title='bbox 1213 5079 1313 5150; x_wconf 82' lang='grc' dir='ltr'>γὰρ</span> <span class='ocrx_word' id='word_1_533' title='bbox 1378 5079 1645 5151; x_wconf 89' lang='grc' dir='ltr'>θησαυρὸς</span> <span class='ocrx_word' id='word_1_534' title='bbox 1702 5075 1808 5132; x_wconf 83' lang='grc' dir='ltr'>δεί-</span> 
     </span>
    </p>
   </div>
   <div class='ocr_carea' id='block_1_74' title="bbox 187 5165 1197 5240">
    <p class='ocr_par' dir='ltr' id='par_1_74' title="bbox 187 5165 1197 5240">
     <span class='ocr_line' id='line_1_74' title="bbox 187 5165 1197 5240; baseline 0.004 -24"><span class='ocrx_word' id='word_1_535' title='bbox 187 5184 379 5218; x_wconf 77' lang='grc' dir='ltr'>κνυται</span> <span class='ocrx_word' id='word_1_536' title='bbox 409 5168 537 5239; x_wconf 85' lang='grc' dir='ltr'>πρὸς</span> <span class='ocrx_word' id='word_1_537' title='bbox 562 5169 752 5240; x_wconf 85' lang='grc' dir='ltr'>τρόπον</span> <span class='ocrx_word' id='word_1_538' title='bbox 782 5173 878 5227; x_wconf 84' lang='grc' dir='ltr'>τῆς</span> <span class='ocrx_word' id='word_1_539' title='bbox 910 5165 1197 5226; x_wconf 71' lang='grc' dir='ltr'>ζητήσεως.</span> 
     </span>
    </p>
   </div>
   <div class='ocr_carea' id='block_1_75' title="bbox 263 5267 1804 5347">
    <p class='ocr_par' dir='ltr' id='par_1_75' title="bbox 263 5267 1804 5347">
     <span class='ocr_line' id='line_1_75' title="bbox 263 5267 1804 5347; baseline -0.003 -21"><span class='ocrx_word' id='word_1_540' title='bbox 263 5272 363 5326; x_wconf 57' lang='lat' dir='ltr'>ﬂ&quot;.</span> <span class='ocrx_word' id='word_1_541' title='bbox 401 5272 767 5347; x_wconf 80' lang='grc' dir='ltr'>Ἐρώτησις.</span> <span class='ocrx_word' id='word_1_542' title='bbox 821 5267 1078 5330; x_wconf 83' lang='grc' dir='ltr'>Ἐπειδή</span> <span class='ocrx_word' id='word_1_543' title='bbox 1119 5291 1288 5334; x_wconf 89' lang='grc' dir='ltr'>τινες</span> <span class='ocrx_word' id='word_1_544' title='bbox 1324 5272 1652 5345; x_wconf 79' lang='grc' dir='ltr'>λέγουσιν,</span> <span class='ocrx_word' id='word_1_545' title='bbox 1705 5273 1804 5324; x_wconf 84' lang='grc' dir='ltr'>ὅτι</span> 
     </span>
    </p>
   </div>
   <div class='ocr_carea' id='block_1_76' title="bbox 188 5359 1804 5434">
    <p class='ocr_par' dir='ltr' id='par_1_76' title="bbox 188 5359 1804 5434">
     <span class='ocr_line' id='line_1_76' title="bbox 188 5359 1804 5434; baseline -0.002 -19"><span class='ocrx_word' id='word_1_546' title='bbox 188 5366 352 5434; x_wconf 84' lang='grc' dir='ltr'>μετά</span> <span class='ocrx_word' id='word_1_547' title='bbox 391 5367 505 5422; x_wconf 72' lang='grc' dir='ltr'>τὴν</span> <span class='ocrx_word' id='word_1_548' title='bbox 545 5364 748 5434; x_wconf 81' lang='grc' dir='ltr'>χάριν</span> <span class='ocrx_word' id='word_1_549' title='bbox 788 5359 1024 5434; x_wconf 73' lang='grc' dir='ltr'>μετέϐη</span> <span class='ocrx_word' id='word_1_550' title='bbox 1068 5379 1164 5422; x_wconf 90' lang='grc' dir='ltr'>τις</span> <span class='ocrx_word' id='word_1_551' title='bbox 1203 5360 1322 5414; x_wconf 88' lang='grc' dir='ltr'>ἀπὸ</span> <span class='ocrx_word' id='word_1_552' title='bbox 1361 5369 1471 5414; x_wconf 83' lang='grc' dir='ltr'>τοῦ</span> <span class='ocrx_word' id='word_1_553' title='bbox 1526 5363 1804 5414; x_wconf 80' lang='grc' dir='ltr'>θανάτου</span> 
     </span>
    </p>
   </div>
   <div class='ocr_carea' id='block_1_77' title="bbox 189 5447 1802 5525">
    <p class='ocr_par' dir='ltr' id='par_1_77' title="bbox 189 5447 1802 5525">
     <span class='ocr_line' id='line_1_77' title="bbox 189 5447 1802 5525; baseline -0.002 -20"><span class='ocrx_word' id='word_1_554' title='bbox 189 5454 281 5514; x_wconf 82' lang='grc' dir='ltr'>εἰς</span> <span class='ocrx_word' id='word_1_555' title='bbox 319 5457 434 5512; x_wconf 76' lang='grc' dir='ltr'>τήν</span> <span class='ocrx_word' id='word_1_556' title='bbox 476 5453 668 5520; x_wconf 78' lang='grc' dir='ltr'>ζωήν,</span> <span class='ocrx_word' id='word_1_557' title='bbox 709 5451 763 5504; x_wconf 82' lang='grc' dir='ltr'>εἰ</span> <span class='ocrx_word' id='word_1_558' title='bbox 801 5447 1076 5504; x_wconf 84' lang='grc' dir='ltr'>δύναταί</span> <span class='ocrx_word' id='word_1_559' title='bbox 1103 5469 1203 5512; x_wconf 89' lang='grc' dir='ltr'>τις</span> <span class='ocrx_word' id='word_1_560' title='bbox 1235 5451 1295 5504; x_wconf 85' lang='grc' dir='ltr'>έν</span> <span class='ocrx_word' id='word_1_561' title='bbox 1334 5456 1490 5525; x_wconf 72' lang='grc' dir='ltr'>φωτὶ</span> <span class='ocrx_word' id='word_1_562' title='bbox 1521 5455 1597 5502; x_wconf 85' lang='grc' dir='ltr'>ὤν</span> <span class='ocrx_word' id='word_1_563' title='bbox 1625 5453 1802 5522; x_wconf 76' lang='grc' dir='ltr'>ἔχειν</span> 
     </span>
    </p>
   </div>
   <div class='ocr_carea' id='block_1_78' title="bbox 187 5541 945 5617">
    <p class='ocr_par' dir='ltr' id='par_1_78' title="bbox 187 5541 945 5617">
     <span class='ocr_line' id='line_1_78' title="bbox 187 5541 945 5617; baseline 0.012 -23"><span class='ocrx_word' id='word_1_564' title='bbox 187 5542 516 5617; x_wconf 80' lang='grc' dir='ltr'>ῥυπαροὺς</span> <span class='ocrx_word' id='word_1_565' title='bbox 552 5541 945 5612; x_wconf 68' lang='grc' dir='ltr'>λογισμοῦςὶ</span> 
     </span>
    </p>
   </div>
   <div class='ocr_carea' id='block_1_79' title="bbox 258 5681 1236 5756">
    <p class='ocr_par' dir='ltr' id='par_1_79' title="bbox 258 5681 1236 5756">
     <span class='ocr_line' id='line_1_79' title="bbox 258 5681 1236 5756; baseline 0 -18"><span class='ocrx_word' id='word_1_566' title='bbox 258 5687 309 5720; x_wconf 71' lang='grc' dir='ltr'>το</span> <span class='ocrx_word' id='word_1_567' title='bbox 357 5683 537 5741; x_wconf 88' lang='lat' dir='ltr'>ICor.</span> <span class='ocrx_word' id='word_1_568' title='bbox 570 5698 629 5748; x_wconf 82' lang='grc' dir='ltr'>ιι,</span> <span class='ocrx_word' id='word_1_569' title='bbox 662 5681 715 5738; x_wconf 76' lang='grc'>4.</span> <span class='ocrx_word' id='word_1_570' title='bbox 799 5683 846 5718; x_wconf 78' lang='grc' dir='ltr'>³ο</span> <span class='ocrx_word' id='word_1_571' title='bbox 877 5683 895 5736; x_wconf 94' lang='lat' dir='ltr'>l</span> <span class='ocrx_word' id='word_1_572' title='bbox 925 5683 1078 5740; x_wconf 88' lang='lat' dir='ltr'>Tim.</span> <span class='ocrx_word' id='word_1_573' title='bbox 1120 5699 1164 5756; x_wconf 87' lang='grc' dir='ltr'>ι,</span> <span class='ocrx_word' id='word_1_574' title='bbox 1181 5681 1236 5738; x_wconf 87' lang='grc'>5.</span> 
     </span>
    </p>
   </div>
   <div class='ocr_carea' id='block_1_80' title="bbox 1947 1843 3600 1926">
    <p class='ocr_par' dir='ltr' id='par_1_80' title="bbox 1947 1843 3600 1926">
     <span class='ocr_line' id='line_1_80' title="bbox 1947 1843 3600 1926; baseline 0.01 -28"><span class='ocrx_word' id='word_1_575' title='bbox 1947 1843 2119 1900; x_wconf 89' lang='lat' dir='ltr'>lestia</span> <span class='ocrx_word' id='word_1_576' title='bbox 2145 1846 2502 1913; x_wconf 84' lang='lat' dir='ltr'>obtinentes,</span> <span class='ocrx_word' id='word_1_577' title='bbox 2528 1849 2574 1903; x_wconf 90' lang='lat' dir='ltr'>si</span> <span class='ocrx_word' id='word_1_578' title='bbox 2591 1847 2790 1913; x_wconf 91' lang='lat' dir='ltr'>velint,</span> <span class='ocrx_word' id='word_1_579' title='bbox 2809 1849 3184 1908; x_wconf 88' lang='lat' dir='ltr'>oblectantur</span> <span class='ocrx_word' id='word_1_580' title='bbox 3205 1870 3343 1911; x_wconf 91' lang='lat' dir='ltr'>cum</span> <span class='ocrx_word' id='word_1_581' title='bbox 3359 1858 3600 1926; x_wconf 89' lang='lat' dir='ltr'>Satana,</span> 
     </span>
    </p>
   </div>
   <div class='ocr_carea' id='block_1_81' title="bbox 1947 1938 3598 2004">
    <p class='ocr_par' dir='ltr' id='par_1_81' title="bbox 1947 1938 3598 2004">
     <span class='ocr_line' id='line_1_81' title="bbox 1947 1938 3598 2004; baseline 0.01 -16"><span class='ocrx_word' id='word_1_582' title='bbox 1947 1939 2002 1988; x_wconf 93' lang='lat' dir='ltr'>et</span> <span class='ocrx_word' id='word_1_583' title='bbox 2029 1951 2238 2004; x_wconf 87' lang='lat' dir='ltr'>pacem</span> <span class='ocrx_word' id='word_1_584' title='bbox 2270 1953 2403 1992; x_wconf 90' lang='lat' dir='ltr'>cum</span> <span class='ocrx_word' id='word_1_585' title='bbox 2435 1953 2506 1992; x_wconf 92' lang='lat' dir='ltr'>eo</span> <span class='ocrx_word' id='word_1_586' title='bbox 2533 1938 2914 2003; x_wconf 89' lang='lat' dir='ltr'>contrahunt,</span> <span class='ocrx_word' id='word_1_587' title='bbox 2940 1955 3048 1995; x_wconf 91' lang='lat' dir='ltr'>nec</span> <span class='ocrx_word' id='word_1_588' title='bbox 3068 1941 3292 1999; x_wconf 92' lang='lat' dir='ltr'>bellum</span> <span class='ocrx_word' id='word_1_589' title='bbox 3319 1945 3598 2004; x_wconf 81' lang='lat' dir='ltr'>inferunt.</span> 
     </span>
    </p>
   </div>
   <div class='ocr_carea' id='block_1_82' title="bbox 1946 2023 3599 2104">
    <p class='ocr_par' dir='ltr' id='par_1_82' title="bbox 1946 2023 3599 2104">
     <span class='ocr_line' id='line_1_82' title="bbox 1946 2023 3599 2104; baseline 0.01 -27"><span class='ocrx_word' id='word_1_590' title='bbox 1946 2023 2236 2080; x_wconf 81' lang='lat' dir='ltr'>Mutabilis</span> <span class='ocrx_word' id='word_1_591' title='bbox 2274 2025 2433 2080; x_wconf 90' lang='lat' dir='ltr'>enim</span> <span class='ocrx_word' id='word_1_592' title='bbox 2461 2031 2546 2080; x_wconf 89' lang='lat' dir='ltr'>est</span> <span class='ocrx_word' id='word_1_593' title='bbox 2579 2031 2810 2092; x_wconf 89' lang='lat' dir='ltr'>natura,</span> <span class='ocrx_word' id='word_1_594' title='bbox 2844 2035 2900 2083; x_wconf 90' lang='lat' dir='ltr'>et</span> <span class='ocrx_word' id='word_1_595' title='bbox 2925 2029 2971 2083; x_wconf 90' lang='lat' dir='ltr'>si</span> <span class='ocrx_word' id='word_1_596' title='bbox 2999 2029 3137 2086; x_wconf 89' lang='lat' dir='ltr'>velit</span> <span class='ocrx_word' id='word_1_597' title='bbox 3164 2033 3322 2104; x_wconf 88' lang='lat' dir='ltr'>quis,</span> <span class='ocrx_word' id='word_1_598' title='bbox 3352 2033 3413 2090; x_wconf 84' lang='lat' dir='ltr'>fit</span> <span class='ocrx_word' id='word_1_599' title='bbox 3436 2034 3599 2092; x_wconf 86' lang='lat' dir='ltr'>ﬁlius</span> 
     </span>
    </p>
   </div>
   <div class='ocr_carea' id='block_1_83' title="bbox 1947 2111 3600 2195">
    <p class='ocr_par' dir='ltr' id='par_1_83' title="bbox 1947 2111 3600 2195">
     <span class='ocr_line' id='line_1_83' title="bbox 1947 2111 3600 2195; baseline 0.01 -29"><span class='ocrx_word' id='word_1_600' title='bbox 1947 2111 2048 2166; x_wconf 92' lang='lat' dir='ltr'>Dei</span> <span class='ocrx_word' id='word_1_601' title='bbox 2080 2131 2092 2180; x_wconf 93' lang='lat'>;</span> <span class='ocrx_word' id='word_1_602' title='bbox 2126 2112 2215 2167; x_wconf 89' lang='lat' dir='ltr'>sin</span> <span class='ocrx_word' id='word_1_603' title='bbox 2247 2119 2475 2178; x_wconf 89' lang='lat' dir='ltr'>contra,</span> <span class='ocrx_word' id='word_1_604' title='bbox 2508 2113 2663 2170; x_wconf 87' lang='lat' dir='ltr'>filius</span> <span class='ocrx_word' id='word_1_605' title='bbox 2694 2114 2967 2171; x_wconf 89' lang='lat' dir='ltr'>interitus</span> <span class='ocrx_word' id='word_1_606' title='bbox 3001 2136 3014 2176; x_wconf 92' lang='lat'>:</span> <span class='ocrx_word' id='word_1_607' title='bbox 3049 2133 3120 2173; x_wconf 92' lang='lat' dir='ltr'>eo</span> <span class='ocrx_word' id='word_1_608' title='bbox 3151 2121 3316 2191; x_wconf 89' lang='lat' dir='ltr'>quod</span> <span class='ocrx_word' id='word_1_609' title='bbox 3347 2126 3600 2195; x_wconf 87' lang='lat' dir='ltr'>supersit</span> 
     </span>
    </p>
   </div>
   <div class='ocr_carea' id='block_1_84' title="bbox 1942 2198 2563 2259">
    <p class='ocr_par' dir='ltr' id='par_1_84' title="bbox 1942 2198 2563 2259">
     <span class='ocr_line' id='line_1_84' title="bbox 1942 2198 2563 2259; baseline -0.002 -3"><span class='ocrx_word' id='word_1_610' title='bbox 1942 2198 2200 2257; x_wconf 87' lang='lat' dir='ltr'>liberum</span> <span class='ocrx_word' id='word_1_611' title='bbox 2226 2203 2563 2259; x_wconf 86' lang='lat' dir='ltr'>arbitrium.</span> 
     </span>
    </p>
   </div>
   <div class='ocr_carea' id='block_1_85' title="bbox 2017 2396 3596 2476">
    <p class='ocr_par' dir='ltr' id='par_1_85' title="bbox 2017 2396 3596 2476">
     <span class='ocr_line' id='line_1_85' title="bbox 2017 2396 3596 2476; baseline 0.01 -26"><span class='ocrx_word' id='word_1_612' title='bbox 2017 2397 2122 2451; x_wconf 84' lang='lat' dir='ltr'>XII.</span> <span class='ocrx_word' id='word_1_613' title='bbox 2166 2396 2339 2453; x_wconf 89' lang='lat' dir='ltr'>Aliud</span> <span class='ocrx_word' id='word_1_614' title='bbox 2387 2403 2475 2454; x_wconf 91' lang='lat' dir='ltr'>est</span> <span class='ocrx_word' id='word_1_615' title='bbox 2511 2399 2586 2455; x_wconf 93' lang='lat' dir='ltr'>de</span> <span class='ocrx_word' id='word_1_616' title='bbox 2637 2415 2792 2472; x_wconf 91' lang='lat' dir='ltr'>pane</span> <span class='ocrx_word' id='word_1_617' title='bbox 2822 2407 2878 2458; x_wconf 91' lang='lat' dir='ltr'>et</span> <span class='ocrx_word' id='word_1_618' title='bbox 2910 2418 3116 2460; x_wconf 90' lang='lat' dir='ltr'>mensa</span> <span class='ocrx_word' id='word_1_619' title='bbox 3168 2403 3505 2476; x_wconf 88' lang='lat' dir='ltr'>disserere;</span> <span class='ocrx_word' id='word_1_620' title='bbox 3539 2416 3596 2466; x_wconf 92' lang='lat' dir='ltr'>et</span> 
     </span>
    </p>
   </div>
   <div class='ocr_carea' id='block_1_86' title="bbox 1941 2484 3598 2564">
    <p class='ocr_par' dir='ltr' id='par_1_86' title="bbox 1941 2484 3598 2564">
     <span class='ocr_line' id='line_1_86' title="bbox 1941 2484 3598 2564; baseline 0.01 -25"><span class='ocrx_word' id='word_1_621' title='bbox 1941 2484 2105 2540; x_wconf 89' lang='lat' dir='ltr'>aliud</span> <span class='ocrx_word' id='word_1_622' title='bbox 2139 2486 2313 2542; x_wconf 90' lang='lat' dir='ltr'>edere</span> <span class='ocrx_word' id='word_1_623' title='bbox 2344 2503 2415 2544; x_wconf 90' lang='lat' dir='ltr'>ac</span> <span class='ocrx_word' id='word_1_624' title='bbox 2447 2505 2684 2544; x_wconf 90' lang='lat' dir='ltr'>sumere</span> <span class='ocrx_word' id='word_1_625' title='bbox 2714 2491 3067 2548; x_wconf 90' lang='lat' dir='ltr'>suavitatem</span> <span class='ocrx_word' id='word_1_626' title='bbox 3098 2495 3290 2564; x_wconf 88' lang='lat' dir='ltr'>panis,</span> <span class='ocrx_word' id='word_1_627' title='bbox 3314 2503 3376 2551; x_wconf 93' lang='lat' dir='ltr'>ut</span> <span class='ocrx_word' id='word_1_628' title='bbox 3402 2514 3598 2555; x_wconf 90' lang='lat' dir='ltr'>corro-</span> 
     </span>
    </p>
   </div>
   <div class='ocr_carea' id='block_1_87' title="bbox 1941 2573 3596 2658">
    <p class='ocr_par' dir='ltr' id='par_1_87' title="bbox 1941 2573 3596 2658">
     <span class='ocr_line' id='line_1_87' title="bbox 1941 2573 3596 2658; baseline 0.01 -29"><span class='ocrx_word' id='word_1_629' title='bbox 1941 2573 2225 2631; x_wconf 90' lang='lat' dir='ltr'>borentur</span> <span class='ocrx_word' id='word_1_630' title='bbox 2257 2575 2394 2632; x_wconf 91' lang='lat' dir='ltr'>inde</span> <span class='ocrx_word' id='word_1_631' title='bbox 2420 2577 2627 2634; x_wconf 90' lang='lat' dir='ltr'>omnia</span> <span class='ocrx_word' id='word_1_632' title='bbox 2647 2579 2941 2636; x_wconf 87' lang='lat' dir='ltr'>membra.</span> <span class='ocrx_word' id='word_1_633' title='bbox 2974 2581 3146 2637; x_wconf 87' lang='lat' dir='ltr'>Aliud</span> <span class='ocrx_word' id='word_1_634' title='bbox 3174 2588 3266 2638; x_wconf 90' lang='lat' dir='ltr'>est</span> <span class='ocrx_word' id='word_1_635' title='bbox 3289 2585 3596 2658; x_wconf 86' lang='lat' dir='ltr'>disputare</span> 
     </span>
    </p>
   </div>
   <div class='ocr_carea' id='block_1_88' title="bbox 1940 2663 3596 2740">
    <p class='ocr_par' dir='ltr' id='par_1_88' title="bbox 1940 2663 3596 2740">
     <span class='ocr_line' id='line_1_88' title="bbox 1940 2663 3596 2740; baseline 0.01 -23"><span class='ocrx_word' id='word_1_636' title='bbox 1940 2663 2133 2718; x_wconf 89' lang='lat' dir='ltr'>verbis</span> <span class='ocrx_word' id='word_1_637' title='bbox 2167 2666 2241 2720; x_wconf 86' lang='lat' dir='ltr'>de</span> <span class='ocrx_word' id='word_1_638' title='bbox 2281 2671 2425 2736; x_wconf 91' lang='lat' dir='ltr'>potu</span> <span class='ocrx_word' id='word_1_639' title='bbox 2455 2667 2833 2734; x_wconf 87' lang='lat' dir='ltr'>suavissimo,</span> <span class='ocrx_word' id='word_1_640' title='bbox 2871 2674 2925 2724; x_wconf 93' lang='lat' dir='ltr'>et</span> <span class='ocrx_word' id='word_1_641' title='bbox 2981 2669 3141 2727; x_wconf 87' lang='lat' dir='ltr'>aliud</span> <span class='ocrx_word' id='word_1_642' title='bbox 3178 2672 3364 2740; x_wconf 89' lang='lat' dir='ltr'>abire,</span> <span class='ocrx_word' id='word_1_643' title='bbox 3419 2681 3476 2732; x_wconf 89' lang='lat' dir='ltr'>et</span> <span class='ocrx_word' id='word_1_644' title='bbox 3523 2692 3596 2734; x_wconf 84' lang='lat' dir='ltr'>ex</span> 
     </span>
    </p>
   </div>
   <div class='ocr_carea' id='block_1_89' title="bbox 1939 2751 3593 2837">
    <p class='ocr_par' dir='ltr' id='par_1_89' title="bbox 1939 2751 3593 2837">
     <span class='ocr_line' id='line_1_89' title="bbox 1939 2751 3593 2837; baseline 0.01 -31"><span class='ocrx_word' id='word_1_645' title='bbox 1939 2751 2074 2824; x_wconf 91' lang='lat' dir='ltr'>ipso</span> <span class='ocrx_word' id='word_1_646' title='bbox 2100 2751 2258 2809; x_wconf 91' lang='lat' dir='ltr'>fonte</span> <span class='ocrx_word' id='word_1_647' title='bbox 2281 2770 2514 2826; x_wconf 87' lang='lat' dir='ltr'>capere,</span> <span class='ocrx_word' id='word_1_648' title='bbox 2549 2756 2803 2829; x_wconf 88' lang='lat' dir='ltr'>ipsoque</span> <span class='ocrx_word' id='word_1_649' title='bbox 2826 2765 3006 2827; x_wconf 89' lang='lat' dir='ltr'>gustu</span> <span class='ocrx_word' id='word_1_650' title='bbox 3039 2762 3381 2818; x_wconf 88' lang='lat' dir='ltr'>suavissimi</span> <span class='ocrx_word' id='word_1_651' title='bbox 3415 2772 3593 2837; x_wconf 89' lang='lat' dir='ltr'>potus</span> 
     </span>
    </p>
   </div>
   <div class='ocr_carea' id='block_1_90' title="bbox 1937 2841 3592 2913">
    <p class='ocr_par' dir='ltr' id='par_1_90' title="bbox 1937 2841 3592 2913">
     <span class='ocr_line' id='line_1_90' title="bbox 1937 2841 3592 2913; baseline 0.009 -17"><span class='ocrx_word' id='word_1_652' title='bbox 1937 2841 2169 2912; x_wconf 90' lang='lat' dir='ltr'>repleri.</span> <span class='ocrx_word' id='word_1_653' title='bbox 2196 2842 2367 2898; x_wconf 88' lang='lat' dir='ltr'>Aliud</span> <span class='ocrx_word' id='word_1_654' title='bbox 2398 2845 2790 2901; x_wconf 90' lang='lat' dir='ltr'>estdisserere</span> <span class='ocrx_word' id='word_1_655' title='bbox 2813 2847 2886 2901; x_wconf 91' lang='lat' dir='ltr'>de</span> <span class='ocrx_word' id='word_1_656' title='bbox 2916 2847 3093 2913; x_wconf 92' lang='lat' dir='ltr'>bello,</span> <span class='ocrx_word' id='word_1_657' title='bbox 3124 2852 3377 2907; x_wconf 88' lang='lat' dir='ltr'>strenuis</span> <span class='ocrx_word' id='word_1_658' title='bbox 3409 2855 3592 2911; x_wconf 89' lang='lat' dir='ltr'>athle-</span> 
     </span>
    </p>
   </div>
   <div class='ocr_carea' id='block_1_91' title="bbox 1939 2929 3591 3012">
    <p class='ocr_par' dir='ltr' id='par_1_91' title="bbox 1939 2929 3591 3012">
     <span class='ocr_line' id='line_1_91' title="bbox 1939 2929 3591 3012; baseline 0.01 -28"><span class='ocrx_word' id='word_1_659' title='bbox 1939 2930 2009 2985; x_wconf 91' lang='lat' dir='ltr'>tis</span> <span class='ocrx_word' id='word_1_660' title='bbox 2049 2934 2107 2984; x_wconf 91' lang='lat' dir='ltr'>et</span> <span class='ocrx_word' id='word_1_661' title='bbox 2151 2929 2539 2988; x_wconf 90' lang='lat' dir='ltr'>bellatoribus</span> <span class='ocrx_word' id='word_1_662' title='bbox 2592 2952 2605 2986; x_wconf 91' lang='lat'><strong>:</strong></span> <span class='ocrx_word' id='word_1_663' title='bbox 2648 2941 2704 2989; x_wconf 91' lang='lat' dir='ltr'>et</span> <span class='ocrx_word' id='word_1_664' title='bbox 2752 2935 2916 2990; x_wconf 90' lang='lat' dir='ltr'>aliud</span> <span class='ocrx_word' id='word_1_665' title='bbox 2947 2936 3111 2992; x_wconf 90' lang='lat' dir='ltr'>abire</span> <span class='ocrx_word' id='word_1_666' title='bbox 3145 2941 3498 3012; x_wconf 89' lang='lat' dir='ltr'>quempiam</span> <span class='ocrx_word' id='word_1_667' title='bbox 3529 2944 3591 3000; x_wconf 90' lang='lat' dir='ltr'>in</span> 
     </span>
    </p>
   </div>
   <div class='ocr_carea' id='block_1_92' title="bbox 1937 3017 3590 3102">
    <p class='ocr_par' dir='ltr' id='par_1_92' title="bbox 1937 3017 3590 3102">
     <span class='ocr_line' id='line_1_92' title="bbox 1937 3017 3590 3102; baseline 0.01 -29"><span class='ocrx_word' id='word_1_668' title='bbox 1937 3019 2127 3074; x_wconf 89' lang='lat' dir='ltr'>aciem</span> <span class='ocrx_word' id='word_1_669' title='bbox 2160 3017 2496 3086; x_wconf 89' lang='lat' dir='ltr'>militarem,</span> <span class='ocrx_word' id='word_1_670' title='bbox 2530 3037 2668 3077; x_wconf 91' lang='lat' dir='ltr'>cum</span> <span class='ocrx_word' id='word_1_671' title='bbox 2695 3022 2971 3079; x_wconf 90' lang='lat' dir='ltr'>hostibus</span> <span class='ocrx_word' id='word_1_672' title='bbox 3005 3042 3223 3082; x_wconf 89' lang='lat' dir='ltr'>manus</span> <span class='ocrx_word' id='word_1_673' title='bbox 3255 3045 3590 3102; x_wconf 89' lang='lat' dir='ltr'>conserere,</span> 
     </span>
    </p>
   </div>
   <div class='ocr_carea' id='block_1_93' title="bbox 1937 3105 3593 3182">
    <p class='ocr_par' dir='ltr' id='par_1_93' title="bbox 1937 3105 3593 3182">
     <span class='ocr_line' id='line_1_93' title="bbox 1937 3105 3593 3182; baseline 0.008 -20"><span class='ocrx_word' id='word_1_674' title='bbox 1937 3105 2188 3178; x_wconf 82' lang='lat' dir='ltr'>ingredi,</span> <span class='ocrx_word' id='word_1_675' title='bbox 2244 3109 2468 3178; x_wconf 82' lang='lat' dir='ltr'>egredi,</span> <span class='ocrx_word' id='word_1_676' title='bbox 2509 3111 2798 3182; x_wconf 88' lang='lat' dir='ltr'>accipere,</span> <span class='ocrx_word' id='word_1_677' title='bbox 2840 3112 3004 3178; x_wconf 90' lang='lat' dir='ltr'>dare,</span> <span class='ocrx_word' id='word_1_678' title='bbox 3061 3120 3117 3170; x_wconf 93' lang='lat' dir='ltr'>et</span> <span class='ocrx_word' id='word_1_679' title='bbox 3148 3116 3458 3174; x_wconf 89' lang='lat' dir='ltr'>victoriam</span> <span class='ocrx_word' id='word_1_680' title='bbox 3501 3136 3593 3176; x_wconf 85' lang='lat' dir='ltr'>re-</span> 
     </span>
    </p>
   </div>
   <div class='ocr_carea' id='block_1_94' title="bbox 1935 3197 3584 3277">
    <p class='ocr_par' dir='ltr' id='par_1_94' title="bbox 1935 3197 3584 3277">
     <span class='ocr_line' id='line_1_94' title="bbox 1935 3197 3584 3277; baseline 0.007 -26"><span class='ocrx_word' id='word_1_681' title='bbox 1935 3203 2197 3268; x_wconf 89' lang='lat' dir='ltr'>portare.</span> <span class='ocrx_word' id='word_1_682' title='bbox 2238 3197 2331 3253; x_wconf 92' lang='lat' dir='ltr'>Sic</span> <span class='ocrx_word' id='word_1_683' title='bbox 2361 3213 2604 3271; x_wconf 88' lang='lat' dir='ltr'>quoque</span> <span class='ocrx_word' id='word_1_684' title='bbox 2631 3215 2696 3255; x_wconf 92' lang='lat' dir='ltr'>se</span> <span class='ocrx_word' id='word_1_685' title='bbox 2735 3215 2829 3256; x_wconf 93' lang='lat' dir='ltr'>res</span> <span class='ocrx_word' id='word_1_686' title='bbox 2861 3201 3043 3257; x_wconf 89' lang='lat' dir='ltr'>habet</span> <span class='ocrx_word' id='word_1_687' title='bbox 3071 3202 3130 3259; x_wconf 92' lang='lat' dir='ltr'>in</span> <span class='ocrx_word' id='word_1_688' title='bbox 3155 3205 3584 3277; x_wconf 89' lang='lat' dir='ltr'>spiritualibus.</span> 
     </span>
    </p>
   </div>
   <div class='ocr_carea' id='block_1_95' title="bbox 1934 3286 3590 3370">
    <p class='ocr_par' dir='ltr' id='par_1_95' title="bbox 1934 3286 3590 3370">
     <span class='ocr_line' id='line_1_95' title="bbox 1934 3286 3590 3370; baseline 0.011 -31"><span class='ocrx_word' id='word_1_689' title='bbox 1934 3286 2111 3343; x_wconf 80' lang='lat' dir='ltr'>Aliud</span> <span class='ocrx_word' id='word_1_690' title='bbox 2143 3293 2230 3343; x_wconf 90' lang='lat' dir='ltr'>est</span> <span class='ocrx_word' id='word_1_691' title='bbox 2265 3287 2473 3345; x_wconf 90' lang='lat' dir='ltr'>notitia</span> <span class='ocrx_word' id='word_1_692' title='bbox 2514 3289 2783 3362; x_wconf 88' lang='lat' dir='ltr'>quadam</span> <span class='ocrx_word' id='word_1_693' title='bbox 2833 3295 2889 3346; x_wconf 91' lang='lat' dir='ltr'>et</span> <span class='ocrx_word' id='word_1_694' title='bbox 2942 3292 3239 3351; x_wconf 90' lang='lat' dir='ltr'>intellectu</span> <span class='ocrx_word' id='word_1_695' title='bbox 3288 3297 3590 3370; x_wconf 88' lang='lat' dir='ltr'>explicare</span> 
     </span>
    </p>
   </div>
   <div class='ocr_carea' id='block_1_96' title="bbox 1934 3375 3590 3457">
    <p class='ocr_par' dir='ltr' id='par_1_96' title="bbox 1934 3375 3590 3457">
     <span class='ocr_line' id='line_1_96' title="bbox 1934 3375 3590 3457; baseline 0.01 -28"><span class='ocrx_word' id='word_1_696' title='bbox 1934 3390 2264 3441; x_wconf 90' lang='lat' dir='ltr'>sermones,</span> <span class='ocrx_word' id='word_1_697' title='bbox 2299 3383 2354 3433; x_wconf 93' lang='lat' dir='ltr'>et</span> <span class='ocrx_word' id='word_1_698' title='bbox 2383 3375 2546 3433; x_wconf 90' lang='lat' dir='ltr'>aliud</span> <span class='ocrx_word' id='word_1_699' title='bbox 2578 3378 2636 3434; x_wconf 92' lang='lat' dir='ltr'>in</span> <span class='ocrx_word' id='word_1_700' title='bbox 2664 3378 2978 3451; x_wconf 87' lang='lat' dir='ltr'>hypostasi</span> <span class='ocrx_word' id='word_1_701' title='bbox 3009 3387 3063 3438; x_wconf 91' lang='lat' dir='ltr'>et</span> <span class='ocrx_word' id='word_1_702' title='bbox 3090 3399 3290 3457; x_wconf 88' lang='lat' dir='ltr'>opere,</span> <span class='ocrx_word' id='word_1_703' title='bbox 3323 3403 3393 3443; x_wconf 91' lang='lat' dir='ltr'>ac</span> <span class='ocrx_word' id='word_1_704' title='bbox 3420 3389 3590 3446; x_wconf 90' lang='lat' dir='ltr'>certi-</span> 
     </span>
    </p>
   </div>
   <div class='ocr_carea' id='block_1_97' title="bbox 1935 3464 3587 3550">
    <p class='ocr_par' dir='ltr' id='par_1_97' title="bbox 1935 3464 3587 3550">
     <span class='ocr_line' id='line_1_97' title="bbox 1935 3464 3587 3550; baseline 0.008 -31"><span class='ocrx_word' id='word_1_705' title='bbox 1935 3464 2139 3521; x_wconf 90' lang='lat' dir='ltr'>tudine</span> <span class='ocrx_word' id='word_1_706' title='bbox 2183 3465 2341 3532; x_wconf 86' lang='lat' dir='ltr'>tidei,</span> <span class='ocrx_word' id='word_1_707' title='bbox 2375 3473 2431 3522; x_wconf 93' lang='lat' dir='ltr'>et</span> <span class='ocrx_word' id='word_1_708' title='bbox 2469 3467 2527 3522; x_wconf 91' lang='lat' dir='ltr'>in</span> <span class='ocrx_word' id='word_1_709' title='bbox 2568 3467 2828 3524; x_wconf 89' lang='lat' dir='ltr'>interiori</span> <span class='ocrx_word' id='word_1_710' title='bbox 2855 3468 3099 3527; x_wconf 88' lang='lat' dir='ltr'>homine</span> <span class='ocrx_word' id='word_1_711' title='bbox 3133 3479 3188 3528; x_wconf 94' lang='lat' dir='ltr'>et</span> <span class='ocrx_word' id='word_1_712' title='bbox 3216 3475 3424 3532; x_wconf 89' lang='lat' dir='ltr'>animo</span> <span class='ocrx_word' id='word_1_713' title='bbox 3452 3493 3587 3550; x_wconf 87' lang='lat' dir='ltr'>pos-</span> 
     </span>
    </p>
   </div>
   <div class='ocr_carea' id='block_1_98' title="bbox 1933 3554 3584 3630">
    <p class='ocr_par' dir='ltr' id='par_1_98' title="bbox 1933 3554 3584 3630">
     <span class='ocr_line' id='line_1_98' title="bbox 1933 3554 3584 3630; baseline 0.01 -23"><span class='ocrx_word' id='word_1_714' title='bbox 1933 3554 2126 3609; x_wconf 90' lang='lat' dir='ltr'>sidere</span> <span class='ocrx_word' id='word_1_715' title='bbox 2159 3555 2526 3620; x_wconf 88' lang='lat' dir='ltr'>thesaurum,</span> <span class='ocrx_word' id='word_1_716' title='bbox 2559 3558 2837 3626; x_wconf 89' lang='lat' dir='ltr'>gratiam,</span> <span class='ocrx_word' id='word_1_717' title='bbox 2865 3565 3130 3630; x_wconf 92' lang='lat' dir='ltr'>gustum,</span> <span class='ocrx_word' id='word_1_718' title='bbox 3164 3569 3220 3618; x_wconf 91' lang='lat' dir='ltr'>et</span> <span class='ocrx_word' id='word_1_719' title='bbox 3251 3564 3584 3624; x_wconf 82' lang='lat' dir='ltr'>efﬁcaciam</span> 
     </span>
    </p>
   </div>
   <div class='ocr_carea' id='block_1_99' title="bbox 1931 3643 3584 3725">
    <p class='ocr_par' dir='ltr' id='par_1_99' title="bbox 1931 3643 3584 3725">
     <span class='ocr_line' id='line_1_99' title="bbox 1931 3643 3584 3725; baseline 0.008 -27"><span class='ocrx_word' id='word_1_720' title='bbox 1931 3643 2185 3714; x_wconf 86' lang='lat' dir='ltr'>Spiritus</span> <span class='ocrx_word' id='word_1_721' title='bbox 2219 3646 2426 3700; x_wconf 88' lang='lat' dir='ltr'>sancti.</span> <span class='ocrx_word' id='word_1_722' title='bbox 2470 3645 2580 3710; x_wconf 86' lang='lat' dir='ltr'>Qui</span> <span class='ocrx_word' id='word_1_723' title='bbox 2611 3647 2769 3702; x_wconf 88' lang='lat' dir='ltr'>enim</span> <span class='ocrx_word' id='word_1_724' title='bbox 2807 3647 2971 3704; x_wconf 89' lang='lat' dir='ltr'>nuda</span> <span class='ocrx_word' id='word_1_725' title='bbox 3023 3650 3205 3706; x_wconf 85' lang='lat' dir='ltr'>verba</span> <span class='ocrx_word' id='word_1_726' title='bbox 3253 3653 3584 3725; x_wconf 89' lang='lat' dir='ltr'>proferunt,</span> 
     </span>
    </p>
   </div>
   <div class='ocr_carea' id='block_1_100' title="bbox 1924 3731 3583 3804">
    <p class='ocr_par' dir='ltr' id='par_1_100' title="bbox 1924 3731 3583 3804">
     <span class='ocr_line' id='line_1_100' title="bbox 1924 3731 3583 3804; baseline 0.01 -19"><span class='ocrx_word' id='word_1_727' title='bbox 1924 3731 2594 3804; x_wconf 85' lang='lat' dir='ltr'>imaginationejactant</span> <span class='ocrx_word' id='word_1_728' title='bbox 2618 3752 2677 3790; x_wconf 91' lang='lat' dir='ltr'>se</span> <span class='ocrx_word' id='word_1_729' title='bbox 2702 3742 2756 3791; x_wconf 93' lang='lat' dir='ltr'>et</span> <span class='ocrx_word' id='word_1_730' title='bbox 2785 3737 3188 3795; x_wconf 87' lang='lat' dir='ltr'>intumescunt</span> <span class='ocrx_word' id='word_1_731' title='bbox 3221 3743 3424 3799; x_wconf 89' lang='lat' dir='ltr'>animo</span> <span class='ocrx_word' id='word_1_732' title='bbox 3447 3761 3583 3801; x_wconf 89' lang='lat' dir='ltr'>suo.</span> 
     </span>
    </p>
   </div>
   <div class='ocr_carea' id='block_1_101' title="bbox 1921 3820 3583 3899">
    <p class='ocr_par' dir='ltr' id='par_1_101' title="bbox 1921 3820 3583 3899">
     <span class='ocr_line' id='line_1_101' title="bbox 1921 3820 3583 3899; baseline 0.008 -24"><span class='ocrx_word' id='word_1_733' title='bbox 1921 3820 2128 3877; x_wconf 86' lang='lat' dir='ltr'>Sermo</span> <span class='ocrx_word' id='word_1_734' title='bbox 2159 3823 2313 3878; x_wconf 89' lang='lat' dir='ltr'>enim</span> <span class='ocrx_word' id='word_1_735' title='bbox 2345 3839 2527 3890; x_wconf 89' lang='lat' dir='ltr'>meus,</span> <span class='ocrx_word' id='word_1_736' title='bbox 2562 3823 2774 3894; x_wconf 88' lang='lat' dir='ltr'>inquit,</span> <span class='ocrx_word' id='word_1_737' title='bbox 2806 3833 2858 3881; x_wconf 85' lang='lat' dir='ltr'>et</span> <span class='ocrx_word' id='word_1_738' title='bbox 2889 3829 3239 3894; x_wconf 77' lang='lat' dir='ltr'>praedicatio</span> <span class='ocrx_word' id='word_1_739' title='bbox 3271 3846 3422 3899; x_wconf 90' lang='lat' dir='ltr'>mea,</span> <span class='ocrx_word' id='word_1_740' title='bbox 3463 3849 3583 3890; x_wconf 92' lang='lat' dir='ltr'>non</span> 
     </span>
    </p>
   </div>
   <div class='ocr_carea' id='block_1_102' title="bbox 1922 3910 3583 3984">
    <p class='ocr_par' dir='ltr' id='par_1_102' title="bbox 1922 3910 3583 3984">
     <span class='ocr_line' id='line_1_102' title="bbox 1922 3910 3583 3984; baseline 0.008 -20"><span class='ocrx_word' id='word_1_741' title='bbox 1922 3916 2053 3965; x_wconf 87' lang='lat' dir='ltr'>erat</span> <span class='ocrx_word' id='word_1_742' title='bbox 2078 3910 2142 3964; x_wconf 89' lang='lat' dir='ltr'>in</span> <span class='ocrx_word' id='word_1_743' title='bbox 2166 3911 2562 3978; x_wconf 79' lang='lat' dir='ltr'>persuasoriis</span> <span class='ocrx_word' id='word_1_744' title='bbox 2587 3911 2868 3969; x_wconf 68' lang='lat' dir='ltr'>humanae</span> <span class='ocrx_word' id='word_1_745' title='bbox 2896 3915 3203 3982; x_wconf 79' lang='lat' dir='ltr'>sapientiae</span> <span class='ocrx_word' id='word_1_746' title='bbox 3233 3919 3445 3984; x_wconf 86' lang='lat' dir='ltr'>verbis,</span> <span class='ocrx_word' id='word_1_747' title='bbox 3477 3923 3583 3978; x_wconf 85' lang='lat' dir='ltr'>sed</span> 
     </span>
    </p>
   </div>
   <div class='ocr_carea' id='block_1_103' title="bbox 1921 3997 3579 4068">
    <p class='ocr_par' dir='ltr' id='par_1_103' title="bbox 1921 3997 3579 4068">
     <span class='ocr_line' id='line_1_103' title="bbox 1921 3997 3579 4068; baseline 0.008 -16"><span class='ocrx_word' id='word_1_748' title='bbox 1921 3997 1984 4052; x_wconf 91' lang='lat' dir='ltr'>in</span> <span class='ocrx_word' id='word_1_749' title='bbox 2015 3998 2344 4054; x_wconf 82' lang='lat' dir='ltr'>ostensione</span> <span class='ocrx_word' id='word_1_750' title='bbox 2357 3998 2618 4068; x_wconf 78' lang='lat' dir='ltr'>Spiritus</span> <span class='ocrx_word' id='word_1_751' title='bbox 2635 4015 2706 4055; x_wconf 86' lang='lat' dir='ltr'>ac</span> <span class='ocrx_word' id='word_1_752' title='bbox 2720 4004 3079 4067; x_wconf 69' lang='lat' dir='ltr'>potentiae”.</span> <span class='ocrx_word' id='word_1_753' title='bbox 3100 4006 3160 4058; x_wconf 91' lang='lat' dir='ltr'>Et</span> <span class='ocrx_word' id='word_1_754' title='bbox 3180 4021 3416 4062; x_wconf 85' lang='lat' dir='ltr'>rursum</span> <span class='ocrx_word' id='word_1_755' title='bbox 3433 4008 3579 4066; x_wconf 88' lang='lat' dir='ltr'>alibi</span> 
     </span>
    </p>
   </div>
   <div class='ocr_carea' id='block_1_104' title="bbox 1921 4085 3580 4162">
    <p class='ocr_par' dir='ltr' id='par_1_104' title="bbox 1921 4085 3580 4162">
     <span class='ocr_line' id='line_1_104' title="bbox 1921 4085 3580 4162; baseline 0.008 -22"><span class='ocrx_word' id='word_1_756' title='bbox 1921 4085 2100 4145; x_wconf 89' lang='lat' dir='ltr'>dicit:</span> <span class='ocrx_word' id='word_1_757' title='bbox 2131 4086 2295 4142; x_wconf 84' lang='lat' dir='ltr'>Finis</span> <span class='ocrx_word' id='word_1_758' title='bbox 2312 4087 2599 4158; x_wconf 59' lang='lat' dir='ltr'>precepti</span> <span class='ocrx_word' id='word_1_759' title='bbox 2620 4094 2702 4144; x_wconf 86' lang='lat' dir='ltr'>est</span> <span class='ocrx_word' id='word_1_760' title='bbox 2716 4089 3002 4156; x_wconf 83' lang='lat' dir='ltr'>charitas,</span> <span class='ocrx_word' id='word_1_761' title='bbox 3035 4107 3110 4148; x_wconf 74' lang='lat' dir='ltr'>ea:</span> <span class='ocrx_word' id='word_1_762' title='bbox 3123 4108 3277 4161; x_wconf 81' lang='lat' dir='ltr'>puro</span> <span class='ocrx_word' id='word_1_763' title='bbox 3303 4096 3498 4162; x_wconf 88' lang='lat' dir='ltr'>corde,</span> <span class='ocrx_word' id='word_1_764' title='bbox 3523 4105 3580 4154; x_wconf 90' lang='lat' dir='ltr'>et</span> 
     </span>
    </p>
   </div>
   <div class='ocr_carea' id='block_1_105' title="bbox 1922 4176 3577 4253">
    <p class='ocr_par' dir='ltr' id='par_1_105' title="bbox 1922 4176 3577 4253">
     <span class='ocr_line' id='line_1_105' title="bbox 1922 4176 3577 4253; baseline 0.007 -22"><span class='ocrx_word' id='word_1_765' title='bbox 1922 4176 2280 4232; x_wconf 80' lang='lat' dir='ltr'>conscientia</span> <span class='ocrx_word' id='word_1_766' title='bbox 2306 4178 2457 4232; x_wconf 88' lang='lat' dir='ltr'>bona</span> <span class='ocrx_word' id='word_1_767' title='bbox 2477 4184 2529 4233; x_wconf 86' lang='lat' dir='ltr'>et</span> <span class='ocrx_word' id='word_1_768' title='bbox 2551 4177 2670 4244; x_wconf 83' lang='lat' dir='ltr'>ﬁde</span> <span class='ocrx_word' id='word_1_769' title='bbox 2694 4193 2813 4234; x_wconf 89' lang='lat' dir='ltr'>non</span> <span class='ocrx_word' id='word_1_770' title='bbox 2829 4178 3117 4236; x_wconf 86' lang='lat' dir='ltr'>simulata</span> <span class='ocrx_word' id='word_1_771' title='bbox 3131 4181 3198 4235; x_wconf 80' lang='grc' dir='ltr'>⁸ο.</span> <span class='ocrx_word' id='word_1_772' title='bbox 3216 4182 3577 4253; x_wconf 82' lang='lat' dir='ltr'>Hujusmodi</span> 
     </span>
    </p>
   </div>
   <div class='ocr_carea' id='block_1_106' title="bbox 1921 4264 3578 4346">
    <p class='ocr_par' dir='ltr' id='par_1_106' title="bbox 1921 4264 3578 4346">
     <span class='ocr_line' id='line_1_106' title="bbox 1921 4264 3578 4346; baseline 0.008 -29"><span class='ocrx_word' id='word_1_773' title='bbox 1921 4264 2025 4336; x_wconf 91' lang='lat' dir='ltr'>qui</span> <span class='ocrx_word' id='word_1_774' title='bbox 2077 4270 2163 4320; x_wconf 93' lang='lat' dir='ltr'>est</span> <span class='ocrx_word' id='word_1_775' title='bbox 2207 4281 2327 4321; x_wconf 89' lang='lat' dir='ltr'>non</span> <span class='ocrx_word' id='word_1_776' title='bbox 2367 4265 2544 4322; x_wconf 88' lang='lat' dir='ltr'>cadit.</span> <span class='ocrx_word' id='word_1_777' title='bbox 2587 4267 2774 4322; x_wconf 77' lang='lat' dir='ltr'>Multis</span> <span class='ocrx_word' id='word_1_778' title='bbox 2817 4269 2998 4335; x_wconf 91' lang='lat' dir='ltr'>enim,</span> <span class='ocrx_word' id='word_1_779' title='bbox 3031 4271 3135 4342; x_wconf 89' lang='lat' dir='ltr'>qui</span> <span class='ocrx_word' id='word_1_780' title='bbox 3171 4271 3357 4328; x_wconf 91' lang='lat' dir='ltr'>Deum</span> <span class='ocrx_word' id='word_1_781' title='bbox 3410 4290 3578 4346; x_wconf 73' lang='lat' dir='ltr'>quae-</span> 
     </span>
    </p>
   </div>
   <div class='ocr_carea' id='block_1_107' title="bbox 1921 4354 3574 4426">
    <p class='ocr_par' dir='ltr' id='par_1_107' title="bbox 1921 4354 3574 4426">
     <span class='ocr_line' id='line_1_107' title="bbox 1921 4354 3574 4426; baseline 0.007 -18"><span class='ocrx_word' id='word_1_782' title='bbox 1921 4354 2162 4418; x_wconf 88' lang='lat' dir='ltr'>sierant,</span> <span class='ocrx_word' id='word_1_783' title='bbox 2202 4361 2408 4426; x_wconf 87' lang='lat' dir='ltr'>aperta</span> <span class='ocrx_word' id='word_1_784' title='bbox 2445 4359 2533 4410; x_wconf 88' lang='lat' dir='ltr'>est</span> <span class='ocrx_word' id='word_1_785' title='bbox 2556 4354 2766 4426; x_wconf 88' lang='lat' dir='ltr'>janua,</span> <span class='ocrx_word' id='word_1_786' title='bbox 2799 4372 2870 4411; x_wconf 92' lang='lat' dir='ltr'>ac</span> <span class='ocrx_word' id='word_1_787' title='bbox 2900 4357 3179 4415; x_wconf 89' lang='lat' dir='ltr'>viderunt</span> <span class='ocrx_word' id='word_1_788' title='bbox 3228 4360 3574 4420; x_wconf 90' lang='lat' dir='ltr'>thesaurum</span> 
     </span>
    </p>
   </div>
   <div class='ocr_carea' id='block_1_108' title="bbox 1920 4444 3575 4521">
    <p class='ocr_par' dir='ltr' id='par_1_108' title="bbox 1920 4444 3575 4521">
     <span class='ocr_line' id='line_1_108' title="bbox 1920 4444 3575 4521; baseline 0.007 -23"><span class='ocrx_word' id='word_1_789' title='bbox 1920 4459 1990 4498; x_wconf 92' lang='lat' dir='ltr'>ac</span> <span class='ocrx_word' id='word_1_790' title='bbox 2015 4444 2264 4514; x_wconf 91' lang='lat' dir='ltr'>ingressi</span> <span class='ocrx_word' id='word_1_791' title='bbox 2293 4451 2428 4500; x_wconf 90' lang='lat' dir='ltr'>sunt</span> <span class='ocrx_word' id='word_1_792' title='bbox 2461 4444 2518 4499; x_wconf 92' lang='lat' dir='ltr'>in</span> <span class='ocrx_word' id='word_1_793' title='bbox 2546 4460 2704 4500; x_wconf 89' lang='lat' dir='ltr'>eum.</span> <span class='ocrx_word' id='word_1_794' title='bbox 2740 4447 2802 4500; x_wconf 84' lang='lat' dir='ltr'>Et</span> <span class='ocrx_word' id='word_1_795' title='bbox 2833 4463 2971 4502; x_wconf 92' lang='lat' dir='ltr'>cum</span> <span class='ocrx_word' id='word_1_796' title='bbox 2999 4447 3223 4517; x_wconf 90' lang='lat' dir='ltr'>gaudio</span> <span class='ocrx_word' id='word_1_797' title='bbox 3254 4451 3575 4521; x_wconf 79' lang='lat' dir='ltr'>perfunde-</span> 
     </span>
    </p>
   </div>
   <div class='ocr_carea' id='block_1_109' title="bbox 1919 4533 3575 4604">
    <p class='ocr_par' dir='ltr' id='par_1_109' title="bbox 1919 4533 3575 4604">
     <span class='ocr_line' id='line_1_109' title="bbox 1919 4533 3575 4604; baseline 0.007 -18"><span class='ocrx_word' id='word_1_798' title='bbox 1919 4538 2123 4588; x_wconf 91' lang='lat' dir='ltr'>rentur</span> <span class='ocrx_word' id='word_1_799' title='bbox 2163 4533 2426 4589; x_wconf 88' lang='lat' dir='ltr'>dicentes</span> <span class='ocrx_word' id='word_1_800' title='bbox 2482 4551 2494 4587; x_wconf 88' lang='lat'><strong>:</strong></span> <span class='ocrx_word' id='word_1_801' title='bbox 2545 4534 2883 4590; x_wconf 80' lang='lat' dir='ltr'>Invenimus</span> <span class='ocrx_word' id='word_1_802' title='bbox 2927 4536 3289 4604; x_wconf 80' lang='lat' dir='ltr'>thesaurum,</span> <span class='ocrx_word' id='word_1_803' title='bbox 3323 4540 3575 4598; x_wconf 88' lang='lat' dir='ltr'>occlusit</span> 
     </span>
    </p>
   </div>
   <div class='ocr_carea' id='block_1_110' title="bbox 1919 4620 3568 4700">
    <p class='ocr_par' dir='ltr' id='par_1_110' title="bbox 1919 4620 3568 4700">
     <span class='ocr_line' id='line_1_110' title="bbox 1919 4620 3568 4700; baseline 0.005 -24"><span class='ocrx_word' id='word_1_804' title='bbox 1919 4620 2031 4676; x_wconf 90' lang='lat' dir='ltr'>illis</span> <span class='ocrx_word' id='word_1_805' title='bbox 2055 4621 2212 4676; x_wconf 86' lang='lat' dir='ltr'>fores</span> <span class='ocrx_word' id='word_1_806' title='bbox 2239 4638 2250 4676; x_wconf 92' lang='lat'>:</span> <span class='ocrx_word' id='word_1_807' title='bbox 2277 4627 2586 4693; x_wconf 81' lang='lat' dir='ltr'>cceperunt</span> <span class='ocrx_word' id='word_1_808' title='bbox 2615 4622 2896 4692; x_wconf 90' lang='lat' dir='ltr'>clamare,</span> <span class='ocrx_word' id='word_1_809' title='bbox 2920 4624 3142 4694; x_wconf 91' lang='lat' dir='ltr'>lugere,</span> <span class='ocrx_word' id='word_1_810' title='bbox 3166 4634 3222 4682; x_wconf 92' lang='lat' dir='ltr'>et</span> <span class='ocrx_word' id='word_1_811' title='bbox 3245 4629 3568 4700; x_wconf 89' lang='lat' dir='ltr'>inquirere,</span> 
     </span>
    </p>
   </div>
   <div class='ocr_carea' id='block_1_111' title="bbox 1919 4710 3568 4788">
    <p class='ocr_par' dir='ltr' id='par_1_111' title="bbox 1919 4710 3568 4788">
     <span class='ocr_line' id='line_1_111' title="bbox 1919 4710 3568 4788; baseline 0.005 -23"><span class='ocrx_word' id='word_1_812' title='bbox 1919 4710 2608 4768; x_wconf 84' lang='lat' dir='ltr'>thesauruminvenimus</span> <span class='ocrx_word' id='word_1_813' title='bbox 2629 4715 2682 4769; x_wconf 91' lang='lat' dir='ltr'>et</span> <span class='ocrx_word' id='word_1_814' title='bbox 2699 4713 3087 4780; x_wconf 85' lang='lat' dir='ltr'>perdidimus.</span> <span class='ocrx_word' id='word_1_815' title='bbox 3112 4717 3568 4788; x_wconf 85' lang='lat' dir='ltr'>Dispensatione</span> 
     </span>
    </p>
   </div>
   <div class='ocr_carea' id='block_1_112' title="bbox 1917 4800 3567 4880">
    <p class='ocr_par' dir='ltr' id='par_1_112' title="bbox 1917 4800 3567 4880">
     <span class='ocr_line' id='line_1_112' title="bbox 1917 4800 3567 4880; baseline 0.005 -26"><span class='ocrx_word' id='word_1_816' title='bbox 1917 4800 2077 4856; x_wconf 92' lang='lat' dir='ltr'>enim</span> <span class='ocrx_word' id='word_1_817' title='bbox 2127 4800 2413 4871; x_wconf 81' lang='lat' dir='ltr'>singulari</span> <span class='ocrx_word' id='word_1_818' title='bbox 2463 4800 2738 4857; x_wconf 89' lang='lat' dir='ltr'>subducit</span> <span class='ocrx_word' id='word_1_819' title='bbox 2777 4817 2838 4856; x_wconf 91' lang='lat' dir='ltr'>se</span> <span class='ocrx_word' id='word_1_820' title='bbox 2882 4805 3094 4873; x_wconf 89' lang='lat' dir='ltr'>gratia,</span> <span class='ocrx_word' id='word_1_821' title='bbox 3130 4811 3191 4859; x_wconf 92' lang='lat' dir='ltr'>ut</span> <span class='ocrx_word' id='word_1_822' title='bbox 3222 4805 3567 4880; x_wconf 77' lang='lat' dir='ltr'>diligentius</span> 
     </span>
    </p>
   </div>
   <div class='ocr_carea' id='block_1_113' title="bbox 1917 4887 3566 4964">
    <p class='ocr_par' dir='ltr' id='par_1_113' title="bbox 1917 4887 3566 4964">
     <span class='ocr_line' id='line_1_113' title="bbox 1917 4887 3566 4964; baseline 0.007 -23"><span class='ocrx_word' id='word_1_823' title='bbox 1917 4887 2316 4959; x_wconf 88' lang='lat' dir='ltr'>inquiramus.</span> <span class='ocrx_word' id='word_1_824' title='bbox 2332 4889 2667 4945; x_wconf 87' lang='lat' dir='ltr'>&#39;l‘hesaurus</span> <span class='ocrx_word' id='word_1_825' title='bbox 2681 4889 2840 4946; x_wconf 89' lang='lat' dir='ltr'>enim</span> <span class='ocrx_word' id='word_1_826' title='bbox 2867 4897 3237 4948; x_wconf 89' lang='lat' dir='ltr'>monstratur</span> <span class='ocrx_word' id='word_1_827' title='bbox 3248 4909 3358 4964; x_wconf 93' lang='lat' dir='ltr'>pro</span> <span class='ocrx_word' id='word_1_828' title='bbox 3383 4895 3566 4952; x_wconf 90' lang='lat' dir='ltr'>modo</span> 
     </span>
    </p>
   </div>
   <div class='ocr_carea' id='block_1_114' title="bbox 1915 4977 2340 5046">
    <p class='ocr_par' dir='ltr' id='par_1_114' title="bbox 1915 4977 2340 5046">
     <span class='ocr_line' id='line_1_114' title="bbox 1915 4977 2340 5046; baseline 0.005 -14"><span class='ocrx_word' id='word_1_829' title='bbox 1915 4977 2340 5046; x_wconf 87' lang='lat' dir='ltr'>indagationis.</span> 
     </span>
    </p>
   </div>
   <div class='ocr_carea' id='block_1_115' title="bbox 1988 5262 3555 5336">
    <p class='ocr_par' dir='ltr' id='par_1_115' title="bbox 1988 5262 3555 5336">
     <span class='ocr_line' id='line_1_115' title="bbox 1988 5262 3555 5336; baseline 0.004 -18"><span class='ocrx_word' id='word_1_830' title='bbox 1988 5264 2119 5318; x_wconf 89' lang='grc' dir='ltr'>ΧΙΙΙ.</span> <span class='ocrx_word' id='word_1_831' title='bbox 2161 5262 2323 5333; x_wconf 78' lang='lat'><strong>107</strong></span> <span class='ocrx_word' id='word_1_832' title='bbox 2351 5263 2764 5334; x_wconf 82' lang='lat' dir='ltr'>Interrogatio.</span> <span class='ocrx_word' id='word_1_833' title='bbox 2796 5264 2944 5321; x_wconf 85' lang='lat' dir='ltr'>Cum</span> <span class='ocrx_word' id='word_1_834' title='bbox 2970 5265 3233 5334; x_wconf 75' lang='lat' dir='ltr'>afferant</span> <span class='ocrx_word' id='word_1_835' title='bbox 3253 5269 3555 5336; x_wconf 83' lang='lat' dir='ltr'>nonnulli,</span> 
     </span>
    </p>
   </div>
   <div class='ocr_carea' id='block_1_116' title="bbox 1915 5353 3558 5426">
    <p class='ocr_par' dir='ltr' id='par_1_116' title="bbox 1915 5353 3558 5426">
     <span class='ocr_line' id='line_1_116' title="bbox 1915 5353 3558 5426; baseline 0.004 -18"><span class='ocrx_word' id='word_1_836' title='bbox 1915 5355 2074 5426; x_wconf 86' lang='lat' dir='ltr'>quod</span> <span class='ocrx_word' id='word_1_837' title='bbox 2099 5359 2343 5422; x_wconf 85' lang='lat' dir='ltr'>accepta</span> <span class='ocrx_word' id='word_1_838' title='bbox 2371 5353 2572 5423; x_wconf 87' lang='lat' dir='ltr'>gratia</span> <span class='ocrx_word' id='word_1_839' title='bbox 2598 5361 2863 5410; x_wconf 85' lang='lat' dir='ltr'>transeat</span> <span class='ocrx_word' id='word_1_840' title='bbox 2891 5354 3188 5425; x_wconf 81' lang='lat' dir='ltr'>quispiam</span> <span class='ocrx_word' id='word_1_841' title='bbox 3213 5371 3251 5412; x_wconf 87' lang='grc' dir='ltr'>α</span> <span class='ocrx_word' id='word_1_842' title='bbox 3280 5363 3467 5415; x_wconf 86' lang='lat' dir='ltr'>morte</span> <span class='ocrx_word' id='word_1_843' title='bbox 3493 5359 3558 5415; x_wconf 91' lang='lat' dir='ltr'>in</span> 
     </span>
    </p>
   </div>
   <div class='ocr_carea' id='block_1_117' title="bbox 1915 5443 3557 5515">
    <p class='ocr_par' dir='ltr' id='par_1_117' title="bbox 1915 5443 3557 5515">
     <span class='ocr_line' id='line_1_117' title="bbox 1915 5443 3557 5515; baseline 0.004 -16"><span class='ocrx_word' id='word_1_844' title='bbox 1915 5443 2118 5507; x_wconf 83' lang='lat' dir='ltr'>vitam,</span> <span class='ocrx_word' id='word_1_845' title='bbox 2151 5458 2292 5498; x_wconf 89' lang='lat' dir='ltr'>num</span> <span class='ocrx_word' id='word_1_846' title='bbox 2328 5448 2520 5512; x_wconf 84' lang='lat' dir='ltr'>potest</span> <span class='ocrx_word' id='word_1_847' title='bbox 2547 5443 2766 5515; x_wconf 87' lang='lat' dir='ltr'>aliquis</span> <span class='ocrx_word' id='word_1_848' title='bbox 2803 5444 3026 5500; x_wconf 86' lang='lat' dir='ltr'>lumine</span> <span class='ocrx_word' id='word_1_849' title='bbox 3049 5445 3304 5503; x_wconf 87' lang='lat' dir='ltr'>donatus</span> <span class='ocrx_word' id='word_1_850' title='bbox 3339 5444 3557 5509; x_wconf 83' lang='lat' dir='ltr'>habere</span> 
     </span>
    </p>
   </div>
   <div class='ocr_carea' id='block_1_118' title="bbox 1913 5531 2614 5603">
    <p class='ocr_par' dir='ltr' id='par_1_118' title="bbox 1913 5531 2614 5603">
     <span class='ocr_line' id='line_1_118' title="bbox 1913 5531 2614 5603; baseline 0 -15"><span class='ocrx_word' id='word_1_851' title='bbox 1913 5531 2186 5589; x_wconf 82' lang='lat' dir='ltr'>sordidas</span> <span class='ocrx_word' id='word_1_852' title='bbox 2211 5531 2614 5603; x_wconf 82' lang='lat' dir='ltr'>cogitationes.</span> 
     </span>
    </p>
   </div>
  </div>
