4076 6210
504 278 606 329 703

574 399 914 468 Responsio.
942 396 1236 468 Scriptum
1271 400 1361 450 est
1394 396 1581 450 :Cum
1606 392 1881 463 spiritum
1914 407 2152 461 accepe-
2185 394 2230 446 Α

502 487 657 556 ritis,
688 502 848 542 nunc
878 501 1061 542 carne
1091 483 1587 542 consummamini
1610 482 1677 535 δι.
1709 481 1924 536 Iterum
1952 487 2152 536 autem

501 578 693 649 inquit
724 598 736 629 :
764 576 999 631 Induite
1026 574 1365 630 universam
1388 579 1762 628 armaturam
1792 570 2061 638 spiritus,
2087 578 2151 625 ut

498 665 735 737 possitis
761 670 921 721 stare
941 665 1225 720 adversus
1248 663 1508 719 assultus
1539 661 1764 716 diaboli
1779 662 1845 713 ⁸³.
1880 660 1987 715 Per
2011 675 2150 715 eum

500 770 837 811 sermonem
860 753 983 808 duo
1007 759 1143 807 sunt
1173 751 1323 815 loca,
1355 758 1477 806 tum
1503 749 1605 805 ubi
1636 755 1781 806 erat.
1804 747 2152 803 cuminduit

498 861 686 913 arma,
732 850 856 899 tum
893 844 992 897 ubi
1042 849 1147 905 est,
1190 858 1328 896 cum
1380 840 1599 895 bellum
1660 838 1805 908 gerit
1859 839 2149 893 adversus

498 934 867 1004 principatus
895 941 949 987 et
978 936 1294 1003 potestates
1324 946 1336 984 :
1372 931 1427 983 in
1458 929 1683 984 lumine
1717 943 1931 998 nempe
1962 933 2063 982 aut
2087 929 2145 982 in

498 1024 778 1078 tenebris.
802 1022 865 1076 Et
900 1040 911 1075 :
956 1022 1031 1077 Ut
1058 1020 1295 1089 possitis
1328 1021 1525 1075 omnia
1543 1018 1761 1087 jacula
1790 1018 1953 1072 mala
1983 1017 2146 1072 illius

494 1113 682 1182 ignita
728 1112 1103 1181 exstinguere
1135 1110 1201 1163 ⁸³.
1250 1112 1314 1163 Et
1345 1124 1582 1162 rursum
1620 1125 1632 1161 :
1666 1108 1755 1162 Ne
1784 1107 2145 1162 contristetis

493 1201 783 1269 Spiritum
796 1205 1064 1255 sanctum
1082 1200 1189 1254 Dei
1202 1200 1268 1251 ει.
1292 1200 1352 1253 Et
1368 1199 1578 1252 iterum
1607 1197 1799 1251 :Fieri
1819 1211 1935 1251 non
1957 1201 2143 1263 potest

495 1296 559 1344 ut
571 1291 677 1360 qui
688 1291 863 1345 semel
874 1290 1103 1357 fuerint
1118 1290 1161 1343 il
1170 1290 1190 1343 Ι
1196 1289 1530 1351 uminati,et
1543 1284 1913 1356 gustaverint
1926 1284 2145 1339 donum

495 1380 621 1442 Dei,
652 1395 722 1434 ac
748 1380 1073 1447 participes
1100 1378 1253 1445 facti
1283 1377 1516 1445 fuerint
1542 1374 1806 1445 Spiritus
1854 1374 2065 1438 sancti,
2096 1373 2146 1428 si

490 1468 912 1536 prolabuntur,
945 1472 1304 1521 renoventur
1326 1466 1395 1517 ⁸⁵.
1431 1466 1589 1527 Ecce,
1624 1464 1724 1534 qui
1759 1469 1895 1516 sunt
1920 1461 2140 1516 illumi-

492 1556 635 1619 nati,
670 1562 725 1610 et
761 1560 1174 1623 gustaverunt,
1200 1554 1501 1609 labuntur.
1537 1553 1727 1615 Vides,
1763 1550 1927 1622 quod
1960 1551 2142 1605 homo

492 1644 711 1699 habeat
738 1644 1107 1698 voluntatem
1134 1641 1539 1698 consentiendi
1559 1640 1822 1707 Spiritui,
1848 1645 1902 1694 et
1920 1639 2141 1694 habeat

1802 265 1861 321 S.
1904 262 2204 322 MACARII
2244 262 2548 321 EGYPTII

3536 32 4076 153 ll...“

3743 272 3845 328 704

2336 390 2735 465 Ἀπόκρισις.
2780 394 3096 464 Γέγραπται,
3136 394 3214 445 ὅτι
3243 392 3565 467 Πνεύμᾶτι
3604 396 3871 469 ἐναρξά-

2263 499 2438 551 μενοι
2478 478 2534 531 ἐν
2578 485 2770 553 σαρκὶ
2808 488 2913 531 νῦν
2952 480 3373 537 ἐπιτελεῖσθε.
3409 487 3561 554 Λέγει
3583 479 3642 537 δὲ
3666 484 3819 535 πάλιν
3856 500 3873 514 ⁸

2264 566 2662 622 Ἐνδύσασθε
2722 574 2833 629 τὴν
2889 570 3245 623 πανοπλίαν
3303 579 3413 624 τοῦ
3474 575 3869 645 Πνεῦματος,

2260 663 2417 731 πρὸς
2453 663 2521 711 τὸ
2564 655 2890 712 δύνασθαι
2929 661 3092 732 ὑμᾶς
3122 659 3513 720 ἀντιστῆναι
3551 667 3704 736 πρὸς
3741 666 3864 725 τὰς

2260 744 2607 819 μεθοδείας
2669 756 2776 801 τοῦ
2837 745 3168 814 διαϐόλου,
3224 754 3361 825 Πρός
3407 750 3559 822 λόγον
3608 750 3709 804 εἰσὶ
3766 748 3875 805 δύο

2259 842 2429 901 τόποι,
2461 846 2561 890 ποῦ
2592 840 2658 890 ὧν
2700 834 2977 891 ἐνεδύσατο
3008 841 3070 891 τά
3110 838 3260 906 ὃπλα,
3294 845 3382 892 καὶ
3412 847 3511 893 ποῦ
3551 844 3617 891 ὧν
3655 841 3879 913 πολεμεῖ

2257 930 2386 1000 πρὸς
2417 930 2509 988 τὰς
2540 926 2707 1001 ἀρχὰς
2756 932 2845 980 καὶ
2894 930 2985 991 τὰς
3016 928 3276 995 ἐξουσίας,
3327 932 3376 982 ἐν
3431 935 3559 1002 φωτὶ
3589 934 3677 996 ὧν,
3719 934 3751 988 ἦ
3815 932 3871 983 ἐν

2260 1021 2452 1071 σκότει.
2486 1019 2609 1085 Καὶ,
2649 1022 2809 1090 Πρός
2849 1022 2913 1070 τό
2955 1014 3280 1072 δυνασθαι
3341 1020 3505 1091 ὑμᾶς
3542 1022 3750 1072 πάντα
3786 1022 3872 1073 τὰ

2258 1102 2405 1177 βέλη
2450 1114 2558 1159 τοῦ
2588 1115 2869 1179 πονηροῦ
2907 1110 2980 1159 τά
3009 1111 3427 1182 πεπυρωμένα
3468 1108 3727 1161 σϐέσαι·
3756 1114 3849 1161 καὶ

2254 1194 2550 1256 πάλιν,Μή
2612 1194 2870 1248 λυπεῖτε
2918 1200 2984 1248 τὸ
3048 1203 3301 1269 Πνεῦμα
3365 1202 3433 1250 τό
3494 1198 3679 1269 ἀγιον
3746 1206 3872 1249 τοῦ

2256 1289 2416 1335 Θεοῦ·
2460 1288 2549 1335 καὶ
2592 1284 2763 1350 πάλιν,
2818 1281 3172 1339 Ἀδύνατον
3211 1290 3355 1346 τοὺς
3394 1286 3564 1349 ἅπαξ
3620 1306 3857 1359 φωτισ-

2257 1373 2473 1434 θέντας
2504 1376 3029 1445 γευσαμένουςτε
3064 1384 3171 1435 τῆς
3215 1371 3463 1448 δωρεᾶς
3498 1384 3607 1429 ⁴τοῦ
3671 1384 3845 1447 Θεοῦ,

2253 1466 2361 1513 καὶ
2417 1468 2738 1533 μετόχους
2787 1468 3169 1535 γενομένους
3229 1468 3591 1538 Πνεῦματος
3640 1469 3857 1542 ἁγίου,

2252 1555 2357 1602 καὶ
2388 1556 2875 1624 παραπεσόντας
2916 1552 3414 1614 ἀναικαινίζειν.
3444 1552 3857 1631 ’ῐδοῦοὶφωτισ-

2255 1640 2417 1699 θέντες
2447 1644 2535 1691 καὶ
2574 1643 2882 1712 γευσάμενοι
2913 1640 3383 1716 παραῤῥίπτουσιν.
3412 1644 3581 1720 Ὀρᾷς,
3617 1649 3699 1700 ὅτι
3735 1652 3858 1722 ἔχει

489 1733 858 1789 voluntatem
890 1750 1027 1788 eum
1060 1732 1469 1789 contristandi.
1506 1731 1761 1786 Omnino
1793 1730 1949 1784 enim
1974 1744 2130 1783 assu-

2253 1728 2449 1800 θέλημα
2476 1736 2565 1780 τοῦ
2598 1739 2949 1801 συμφωνῆσαι
2978 1739 3048 1801 τῷ
3081 1734 3360 1802 Πνεῦματι,
3394 1743 3483 1786 καὶ
3509 1738 3621 1806 ἔχει
3654 1738 3864 1810 θέλημα

492 1824 598 1878 mit
620 1822 906 1881 arma,ad
936 1821 1358 1893 prodeundum
1384 1821 1439 1874 in
1470 1820 1709 1883 bellum,
1738 1826 1793 1873 et
1819 1817 2139 1890 conﬂigen-

488 1912 636 1966 dum
668 1928 805 1966 cum
863 1912 1143 1965 hostibus
1178 1927 1191 1965 :
1224 1911 1473 1964 omnino
1524 1907 1896 1965 illuminatus
1937 1912 2045 1969 est.
2080 1911 2142 1962 ut

489 2002 699 2056 militet
739 2000 1025 2055 adversus
1059 2000 1355 2055 tenebras.

560 2108 704 2163 XIV.
735 2108 1145 2178 Interrogatio.
1188 2107 1314 2173 Qua
1346 2108 1578 2161 ratione
1600 2105 1743 2160 dicit
1769 2103 2087 2172 Apostolus
2119 2118 2139 2156 :

491 2219 514 2248 «
544 2198 609 2253 Si
634 2198 897 2253 habuero
923 2212 1152 2251 omnem
1180 2195 1504 2258 scientiam,
1548 2201 1601 2250 et
1629 2209 1853 2249 omnem
1880 2192 2139 2263 prophe-

490 2287 654 2355 tiam,
684 2302 754 2343 ac
778 2288 992 2356 loquar
1013 2286 1239 2354 linguis
1266 2286 1640 2355 angelorum,
1663 2282 1819 2339 nihil
1842 2297 1971 2337 sum
1994 2282 2041 2316 ⁸⁸
2067 2279 2133 2335 7»

560 2500 893 2570 Responsio.
925 2502 1047 2554 Non
1082 2500 1159 2553 ita
1183 2498 1477 2553 debemus
1509 2497 1762 2568 opinari,
1787 2496 1960 2568 quasi
1990 2495 2136 2551 nihil

485 2591 560 2645 sit
581 2588 899 2661 Apostolus
926 2606 938 2655 ;
964 2588 1067 2641 sed
1090 2589 1291 2655 quoad
1317 2586 1478 2640 illam
1504 2586 1873 2651 charitatem,
1893 2601 2027 2656 quae
2046 2590 2137 2640 est

488 2678 767 2749 perfecta,
789 2678 913 2731 haec
953 2692 1079 2731 esse
1111 2677 1323 2744 exigua
1355 2692 1367 2729 :
1396 2681 1451 2730 et
1480 2691 1640 2740 eum,
1673 2675 1775 2746 qui
1800 2674 1979 2729 hosce
2002 2689 2131 2743 gra-

483 2768 595 2822 dus
626 2766 880 2835 adeptus
909 2774 1018 2831 est,
1060 2766 1181 2820 labi
1214 2780 1391 2836 posse
1422 2782 1433 2819 :
1469 2764 1570 2835 qui
1615 2780 1753 2818 vero
1783 2763 2130 2819 charitatem

481 2856 776 2920 habuerit,
811 2856 1023 2909 cadere
1067 2855 1290 2926 nequit.
1344 2856 1462 2923 Ego
1500 2869 1637 2908 vero
1692 2853 1792 2908 tibi
1846 2853 1979 2908 dico
2034 2869 2129 2908 me

481 2944 702 3000 vidisse
727 2945 886 2998 viros
911 2943 1195 2999 omnibus
1208 2943 1383 2998 donis
1404 2941 1834 3006 accumulatos,
1861 2959 1929 2998 ac
1954 2943 2129 3013 Spiri-

481 3039 574 3089 tus
604 3032 923 3106 participes
942 3032 1149 3099 factos,
1173 3032 1434 3104 quicum
1463 3047 1578 3086 non
1609 3032 2024 3103 pervenissent
2049 3033 2124 3087 ad

2250 1825 2341 1869 τοῦ
2362 1817 2495 1876 λυπῆ
2507 1838 2614 1873 σαι.
2646 1821 2857 1880 Πάντως
2878 1822 2975 1892 γὰρ
2998 1819 3341 1892 ἀναλαμϐάνει
3360 1822 3493 1874 ὅπλα
3513 1833 3605 1877 τοῦ
3626 1825 3873 1881 ἀπελθεῖν

2251 1906 2322 1967 εἰς
2344 1906 2581 1978 πόλεμον,
2602 1912 2692 1959 καὶ
2720 1906 3085 1977 ἀγωνίσασθαι
3105 1912 3241 1962 κατὰ
3261 1918 3361 1962 τῶν
3388 1910 3591 1986 ἐχθρῶν
3608 1932 3621 1943 ⁸
3655 1918 3868 1979 πάντως

2252 1993 2534 2067 ἐφωτίσθη,
2568 1997 2648 2048 ἵνα
2677 2000 3060 2069 στρατεύσηται
3091 2002 3227 2051 κατά
3256 2008 3347 2052 τοῦ
3374 2006 3616 2064 σκότους.

2324 2120 2419 2175 IA'.
2478 2122 2854 2194 Ἐρώτησις.
2927 2129 3060 2186 Πῶς
3129 2124 3299 2196 λέγει
3338 2127 3363 2177 6
3424 2127 3867 2194 Ἀπόστολοςο

2256 2210 2449 2263 «Ἐὰν
2510 2213 2637 2281 ἔχω
2702 2217 2911 2263 πᾶσαν
2974 2217 3085 2270 τὴν
3148 2223 3412 2285 γνῶσιν,
3478 2222 3584 2270 καὶ
3649 2226 3869 2273 πᾶσαν

2248 2304 2666 2371 προφητείαν,
2728 2305 2837 2352 καὶ
2902 2300 3065 2353 λαλῶ
3134 2311 3273 2364 ταῖς
3336 2306 3670 2376 γλώσσαις
3735 2320 3863 2363 τῶν

2250 2387 2551 2459 ἀγγέλων,
2601 2385 2790 2441 οὐδέν
2829 2389 2981 2461 εἶμι.
3019 2412 3042 2441 ν

2318 2513 2721 2585 Ἀπόκρισις.
2758 2513 2879 2586 Οὐχ
2920 2514 3080 2578 οὓτως
3110 2515 3371 2591 ὀφείλομεν
3408 2527 3558 2587 νοεῖν,
3600 2523 3680 2574 ὅτι
3706 2522 3865 2578 οὐδέν

2246 2600 2436 2653 ἐστινό
2494 2602 2824 2667 Ἀπόστολος,
2868 2602 2994 2656 ἀλλά
3048 2610 3175 2679 πρὸς
3228 2605 3422 2666 ἐκείνην
3478 2614 3569 2667 τὴν
3612 2610 3851 2682 ἀγάπην,

2245 2694 2361 2753 ἣτις
2390 2690 2502 2743 ἐστὶ
2552 2692 2735 2757 τελεία,
2791 2701 2957 2745 ταῦτα
2983 2697 3147 2769 μικρά
3178 2694 3309 2761 ἐστι,
3362 2704 3451 2751 καὶ
3481 2700 3506 2751 6
3536 2702 3583 2751 ἐν
3639 2705 3850 2764 τούτοις

2242 2786 2309 2831 ὧν
2364 2788 2470 2841 τοῖς
2514 2786 2742 2855 μέτροις,
2799 2787 3013 2836 πίπτει·
3075 2786 3099 2836 6
3158 2782 3217 2839 δε
3264 2789 3403 2858 ἔχων
3459 2794 3549 2849 τὴν
3603 2788 3837 2860 ἀγάπην,

2240 2868 2471 2930 ἀπτωτός
2520 2870 2679 2923 ἐστιν.
2724 2871 2859 2941 Ἐγὼ
2914 2869 2974 2924 δέ
3014 2892 3097 2925 σοι
3147 2874 3297 2945 λέγω,
3362 2880 3431 2939 ὡς
3483 2874 3609 2930 εἶδον
3636 2878 3844 2949 ἀνθρώ-

2238 2979 2367 3021 πους
2406 2958 2475 3020 εἰς
2528 2958 2620 3011 ὅλα
2643 2961 2709 3011 τὰ
2758 2965 3076 3033 χαρίσματα
3130 2967 3431 3035 γενομένους
3462 2973 3542 3019 καὶ
3575 2973 3849 3040 μετόχους

2239 3051 2571 3121 Πνεῦματος”
2624 3053 2713 3101 καὶ
2765 3050 2906 3102 οὗτοι
2947 3056 3019 3123 μὴ
3070 3054 3354 3124 φθάσαντες
3408 3056 3479 3117 εἰς
3514 3060 3601 3116 τὴν
3641 3057 3853 3111 τελείαν

480 3123 803 3195 perfectam
836 3122 1212 3187 charitatem,
1245 3121 1394 3193 lapsi
1423 3125 1577 3176 sunt.
1612 3120 1867 3186 Quidam
1896 3123 2055 3177 enim
2096 3138 2126 3177 e

2247 3136 2465 3209 ἀγάπην,
2524 3140 2725 3194 ἔπεσον.
2783 3140 2871 3201 Εἷς
2915 3142 3016 3215 γάρ
3069 3161 3147 3204 τις
3172 3150 3271 3195 τῶν
3324 3144 3537 3216 εὐγενῶν
3588 3146 3857 3212 ἀποταξά-

478 3212 801 3280 nobilibus,
821 3228 959 3267 cum
973 3211 1372 3267 renuntiasset
1392 3210 1662 3278 terrenis,
1683 3210 1945 3266 vendidit
1965 3211 2129 3268 bona

478 3318 609 3367 sua,
645 3317 852 3357 servos
884 3301 1155 3355 libertate
1179 3299 1445 3369 donavit,
1474 3300 1739 3371 prudens
1762 3299 2027 3371 quidem,
2057 3317 2127 3356 ac

478 3390 692 3446 sobriae
727 3390 960 3455 mentis,
997 3388 1352 3460 percelebris
1403 3388 1627 3459 alioqui
1680 3388 1759 3443 ob
1808 3389 2127 3447 honestam

477 3480 661 3534 vitam
690 3495 702 3533 :
740 3479 962 3532 interea
984 3492 1045 3531 se
1071 3478 1271 3547 ipsum
1308 3477 1761 3547 magnifaciens,
1787 3480 2127 3548 arrogantia

473 3566 776 3630 intumuit,
793 3582 861 3621 ac
881 3566 1121 3621 tandem
1138 3565 1213 3621 ad
1238 3565 1459 3620 scelera
1484 3564 1784 3621 etinﬁnita
1806 3566 1967 3623 mala
1992 3583 2126 3639 pro-

470 3654 678 3728 lapsus
709 3660 813 3711 est.

548 3764 655 3818 XV.
688 3762 848 3818 Alius
898 3768 1163 3833 tempore
1206 3762 1635 3833 persecutionis
1681 3779 1900 3835 corpus
1947 3782 2121 3822 suum

474 3853 735 3917 tradidit,
764 3859 820 3909 et
852 3868 987 3907 cum
1020 3857 1173 3907 esset
1204 3853 1528 3921 confessor,
1562 3859 1770 3923 postea
1798 3870 1943 3924 pace
1968 3855 2123 3911 facta

471 3944 702 3999 solutus
725 3947 829 4006 est,
850 3948 1093 4014 eratque
1117 3942 1317 4011 magni
1333 3942 1619 4000 nominis:
1639 3943 1939 4014 palpebras
1960 3944 2123 4001 enim

472 4034 599 4102 ejus
631 4032 785 4087 laesae
812 4038 969 4098 sunt,
998 4032 1286 4103 quoniam
1319 4030 1482 4086 fumo
1515 4040 1682 4086 erant
1712 4039 1984 4103 perusta).
2020 4035 2121 4091 Hic

471 4121 857 4191 postmodum
879 4120 1067 4190 gloria
1091 4120 1441 4185 illustratus,
1461 4137 1598 4175 cum
1621 4121 1697 4176 ad
1717 4137 1919 4191 preces
1947 4139 2120 4180 voca-

469 4214 650 4275 retur,
688 4211 1054 4264 frumentum
1089 4209 1337 4279 accepit,
1370 4209 1649 4279 deditque
1680 4210 1737 4264 id
1773 4228 1957 4281 puero
1985 4230 2113 4279 suo,

470 4314 661 4369 eoque
701 4299 939 4352 devenit
964 4297 1089 4367 ejus
1124 4314 1317 4361 mens,
1351 4314 1415 4351 ac
1444 4298 1489 4351 si
1516 4314 1832 4369 nunquam
1858 4301 2115 4357 audivis-

473 4392 560 4441 set
590 4386 842 4440 verbum
876 4386 994 4440 Dei.
1030 4387 1187 4440 Alius
1229 4386 1479 4457 praebuit
1510 4402 1725 4456 corpus
1759 4405 1933 4444 suum
1968 4396 2115 4447 tem-

469 4490 611 4545 pore
631 4474 1075 4542 persecutionis,
1102 4480 1154 4528 et
1178 4490 1509 4545 suspensus
1534 4482 1792 4546 estaque
1818 4478 2109 4546 efferbuit,

2247 4494 2312 4541 :ui
2351 4490 2553 4556 ἐξέστη,
2610 4494 2718 4545 εἶτα

468 4578 537 4617 ac
561 4568 766 4633 postea
793 4563 1097 4632 conjectus
1130 4563 1189 4617 in
1208 4579 1523 4618 carcerem.
1554 4565 1909 4623 Ministrabat
1938 4569 2115 4639 igitur

466 4654 518 4708 ei
545 4654 713 4723 juxta
743 4653 921 4707 ﬁdem
952 4652 1231 4724 quaedam
1282 4653 1589 4719 canonica,
1620 4670 1758 4709 cum
1788 4672 1910 4727 qua
1940 4658 2111 4715 fami-

458 4742 710 4799 liaritate
737 4749 1061 4810 contracta,
1088 4743 1147 4797 in
1179 4758 1413 4798 carcere
1443 4743 1589 4797 dum
1620 4751 1794 4810 esset,
1830 4746 2113 4819 delapsus

462 4839 551 4889 est
584 4834 642 4887 in
688 4840 986 4904 stuprum.
1020 4832 1179 4899 Vide,
1212 4832 1377 4886 dives
1424 4835 1527 4904 qui
1563 4834 1910 4892 vendiderat
1951 4837 2113 4897 bona

464 4938 593 4987 sua,
629 4926 682 4976 et
707 4922 809 4993 qui
842 4921 1395 4992 tradideratcorpus
1425 4939 1601 4977 suum
1628 4922 1704 4979 ad
1731 4927 2108 4998 martyrium,

460 5027 583 5083 quo
615 5016 790 5082 pacto
821 5010 1114 5066 ceciderit.

536 5118 667 5173 XVI.
695 5118 854 5173 Alius
884 5117 1133 5189 quidam
1165 5117 1385 5174 athleta
1417 5135 1628 5190 sagax,
1660 5121 1763 5191 qui
1794 5137 2109 5181 conversa-

462 5208 638 5263 batur
660 5224 895 5263 mecum
921 5209 979 5261 in
1000 5208 1197 5272 domo,
1226 5223 1581 5279 mecumque
1609 5225 1811 5280 preces
1830 5210 2104 5279 faciebat,

464 5298 639 5368 108
671 5299 823 5352 adeo
851 5296 1115 5367 locuples
1145 5303 1272 5351 erat
1301 5297 1510 5363 gratia.
1538 5304 1601 5353 ut
1630 5300 1780 5354 inter
1806 5303 2103 5358 orandum

448 5388 622 5458 juxta
652 5403 747 5441 me
774 5391 1295 5456 compungeretur.
1318 5387 1840 5445 Fervebatenimin
1860 5390 1958 5446 illo
1974 5407 2103 5461 gra-

453 5477 554 5532 tia.
579 5478 872 5531 Donatum
900 5491 1141 5547 quoque
1167 5474 1279 5546 ipsi
1302 5480 1424 5530 erat
1441 5474 1670 5532 donum
1696 5482 2098 5550 sanationum,

528 5582 571 5617 ³¹
635 5582 755 5638 Gal.
811 5596 893 5646 ιιι,
957 5585 1008 5636 3.
1090 5584 1137 5617 ⁸³
1192 5580 1403 5653 Ephes.
1468 5598 1543 5649 τι,
1601 5584 1653 5639 2.

448 5668 576 5721 xui,
617 5658 669 5708 2.

1732 5586 1779 5622 ⁸³
1840 5587 1984 5643 Ibid.
2048 5592 2131 5648 l6.

2236 3247 2384 3299 μενος
2442 3226 2702 3285 ἐπώλησεν
2774 3229 2934 3282 αὐτοῦ
3011 3234 3075 3283 τὰ
3130 3234 3464 3307 ὑπάρχοντα,
3522 3236 3846 3312 ἠλευθέρωσε

2239 3313 2477 3379 δούλους,
2530 3321 2596 3367 ὤν
2655 3320 2900 3391 φρόνιμος
2956 3325 3043 3372 καὶ
3101 3326 3330 3390 συνετὸς,
3388 3323 3569 3377 λοιπὸν
3596 3326 3841 3402 περιϐόη-

2236 3424 2323 3465 τος
2376 3402 2436 3463 ἦν
2480 3404 2562 3457 ἐπὶ
2620 3414 2788 3478 σεμνῷ
2839 3405 2937 3481 βίῳ
2968 3426 2978 3438 ·
3025 3414 3115 3462 χαὶ
3168 3410 3215 3463 ἐν
3267 3420 3336 3483 τῷ
3394 3414 3589 3485 μεταξύ
3655 3416 3853 3479 οἰηθεὶς

2234 3500 2351 3567 περὶ
2432 3494 2639 3563 ἑαυτοῦ,
2705 3501 2794 3548 καὶ
2853 3500 3120 3569 τυφωθεὶς,
3193 3501 3329 3563 τέλος
3412 3508 3697 3557 κατέπεσεν
3781 3507 3856 3570 εἰς

2235 3582 2525 3654 ἀσελγείας,
2557 3589 2645 3637 καὶ
2674 3590 2839 3658 μυρία
2867 3590 3023 3641 κακά.

2304 3778 2401 3833 IE'.
2436 3778 2620 3843 Ἀλλος
2666 3780 2749 3833 ἐπὶ
2796 3779 3035 3856 διωγμοῦ
3093 3782 3279 3839 ἔδωκεν
3328 3787 3515 3841 ἑαυτοῦ
3563 3795 3623 3843 τό
3670 3782 3850 3865 σῶμα,

2232 3873 2322 3919 καὶ
2384 3873 2451 3920 ὧν
2507 3870 2843 3942 ὁμολογητής,
2899 3876 3030 3945 μετὰ
3086 3882 3253 3927 ταῦτα
3310 3877 3519 3951 εἰρήνης
3571 3888 3853 3954 γενομένης

2232 3956 2482 4023 ἀπελύθη,
2532 3963 2617 4011 καὶ
2675 3956 2734 4018 ἧν
2792 3960 3096 4034 ὀνομαστός.
3146 3968 3223 4018 Τά
3268 3969 3369 4041 γὰρ
3403 3964 3635 4041 βλέφαρα
3682 3972 3852 4024 αὐτοῦ

2231 4042 2291 4104 ἧν
2335 4045 2609 4118 βλαϐέντα,
2658 4046 2837 4108 ἐπειδὴ
2888 4052 3266 4112 ὑπεκαπνίσθη.
3310 4056 3477 4119 Οὗτος
3526 4057 3705 4111 λοιπὸν
3750 4059 3851 4115 δο-

2230 4134 2529 4207 ξαζόμενος,
2579 4142 2668 4189 καὶ
2716 4138 3022 4212 καλούμενος
3072 4142 3142 4204 εἰς
3196 4146 3284 4204 τὰς
3333 4144 3519 4217 εὐχὰς,
3558 4146 3843 4220 λαμϐάνων

2230 4229 2417 4293 σιτίον,
2458 4221 2641 4278 ἐδίδου
2672 4236 2742 4297 τῷ
2763 4225 2921 4281 παιδὶ
2946 4230 3107 4283 αὐτοῦ
3132 4248 3143 4260 °
3178 4238 3267 4285 καὶ
3307 4233 3473 4298 οὕτως
3532 4232 3593 4295 ἧν
3644 4238 3670 4290 6
3726 4249 3853 4304 νοῦς

2225 4311 2405 4378 αὑτοῦ,
2464 4315 2529 4374 ὡς
2579 4311 2845 4387 μηδέποτε
2911 4316 3138 4381 ἀκούσας
3201 4320 3352 4390 λόγον
3437 4333 3591 4380 Θεοῦ.
3648 4326 3852 4393 Ἄλλος

2224 4397 2386 4453 ἔδωκε
2416 4406 2473 4454 τὸ
2529 4413 2680 4475 σῶμα
2737 4407 2897 4459 αὑτοῦ
2938 4410 3021 4460 ἐπὶ
3062 4406 3334 4483 διωγμοῦ,
3370 4418 3459 4466 καὶ
3509 4412 3847 4491 ἐκρεμάσθη,

2771 4492 2959 4554 ἐϐλήθη
2993 4496 3064 4560 εἰς
3122 4504 3214 4556 τὴν
3274 4500 3523 4572 φυλακήν.
3579 4512 3855 4580 Υπηρέτει

2222 4574 2310 4631 οὖν
2373 4580 2513 4651 αὐτῷ
2572 4585 2706 4634 κατὰ
2761 4589 2936 4637 πίστιν
2998 4593 3245 4647 χακονιχή
3301 4609 3401 4657 τις,
3468 4597 3553 4645 καὶ
3606 4603 3853 4660 ποιὸσας

2226 4670 2500 4726 συνηθείαιν
2548 4670 2658 4743 μετ’
2708 4673 2890 4737 αὐτῆς,
2946 4678 3013 4727 ὧν
3080 4675 3127 4728 ἐν
3191 4686 3252 4752 τῇ
3325 4680 3545 4755 φυλακῇ,
3598 4682 3850 4746 ἐξέπεσεν

2223 4756 2295 4817 εἰς
2342 4764 2600 4830 πορνείαν.
2656 4757 2763 4815 Ἴδε
2803 4764 2828 4814 6
2876 4764 3119 4827 πλούσιος
3173 4769 3198 4819 6
3247 4768 3497 4833 πωλήσας
3552 4776 3617 4824 τὰ
3660 4773 3847 4849 ὑπάρ-

2222 4864 2389 4917 χοντα
2413 4846 2595 4915 αὐτοῦ,
2652 4855 2740 4903 καὶ
2773 4852 2798 4904 6
2831 4848 2958 4915 δοὺς
2987 4857 3044 4907 τό
3106 4864 3257 4930 σῶμα
3309 4858 3471 4912 αὐτοῦ
3522 4859 3595 4923 εἰς
3630 4846 3848 4941 μαρτῦο

2219 4953 2351 5009 ριον,
2384 4956 2494 4999 πως
2518 4957 2712 4995 επεσεν.

2291 5130 2387 5195 ἶς’.
2423 5132 2607 5226 ’ςΑλλος
2673 5132 2734 5188 δέ
2794 5157 2871 5200 τις
2926 5146 3171 5215 φρόνιμος
3230 5145 3463 5210 ἀσκητὴς
3513 5157 3679 5204 συνών
3739 5174 3843 5226 μοι

2217 5221 2265 5271 ἓν
2297 5228 2358 5293 τῇ
2394 5221 2557 5296 οἰκίᾳ,
2588 5230 2676 5277 καὶ
2705 5226 2815 5297 μετ’
2848 5227 2973 5299 ἐμοῦ
3025 5232 3322 5306 εὐχόμενος,
3371 5238 3529 5301 οὕτως
3583 5238 3645 5300 ἦν
3670 5243 3841 5297 πλοῦ-

2218 5328 2325 5369 σιος
2355 5311 2402 5361 ἐν
2455 5321 2517 5384 τῇ
2552 5316 2759 5386 χάριτι,
2806 5319 2876 5379 ὡς
2923 5318 3199 5393 εὐχόμενος
3245 5323 3393 5397 ἐγγύς
3426 5347 3526 5400 μου
3578 5338 3843 5388 κατανῦτ-

2213 5401 2414 5505 τενσθαι.
2472 5399 2738 5475 Ἐϐρασσε
2788 5408 2888 5480 γὰρ
2934 5406 2982 5460 ἐν
3038 5411 3179 5483 αὐτῷ
3224 5415 3252 5471 ἠ
3304 5399 3506 5491 χάρις·
3559 5416 3722 5481 ἐδόθη
3767 5422 3837 5479 δὲ

2213 5494 2352 5561 αὐτῷ
2401 5496 2489 5543 καὶ
2532 5494 2588 5545 τὸ
2636 5495 2889 5568 χάρισμα
2948 5507 3047 5550 τῶν
3106 5501 3357 5575 ἰαμάτων,
3416 5512 3505 5560 καὶ
3577 5510 3638 5563 οὗ
3668 5519 3833 5585 μόνον

2209 5594 2257 5630 ⁸⁸
2313 5596 2531 5668 Ephes.
2596 5616 2675 5665 iv,
2726 5601 2813 5657 30.
2893 5604 2939 5640 ⁸⁵
3003 5605 3175 5663 Hebr.
3211 5625 3286 5678 γι,
3339 5615 3390 5668 4.
3470 5616 3519 5651 ’θ
3575 5617 3595 5672 l
3654 5620 3829 5685 Corr.
