4076 6210
14 62 837 179 τηιι-ι-ἐ

170 323 281 380 705

1446 312 1785 373 HOMILI/E.
1831 345 1897 355 -—
1936 312 2109 371 HOM.
2153 317 2371 373 XXVII.

3431 320 3534 376 706

168 455 297 512 τοὺς
332 447 590 521 δαίμονας
642 448 950 512 ἀπηλαυνεν,
1007 448 1135 500 ἀλλὰ
1178 453 1267 500 καὶ
1318 450 1435 507 τοὺς
1475 442 1779 517 δεδεμένους

1930 458 1996 499 ec
2010 443 2205 500 solum
2219 444 2531 499 dcemones
2546 443 3112 517 expellebat,verum
3123 447 3293 504 etiam
3306 447 3537 505 vinctos

167 547 367 613 χεῖρας
397 542 483 591 καὶ
529 533 715 604 πόδας,
770 542 858 590 καὶ
894 540 1113 609 ἔχοντας
1166 538 1306 595 πάθη
1359 533 1521 600 δεινά,
1570 531 1782 596 διάτῆς

170 628 461 687 ἐπιθέσεως
507 634 608 678 τῶν
656 635 851 701 χειρῶν
913 625 1268 698 ἐθεράπευσεν,
1332 623 1460 677 Εἶτα
1515 623 1779 696 ἀμελήσας

171 722 261 770 καὶ
333 712 682 787 δοξαζόμενος
733 717 832 768 ὑπὸ
885 723 977 768 τοῦ
1026 720 1247 788 κόσμου,
1299 720 1387 767 καὶ
1438 711 1783 786 συνηδόμενος

178 808 345 877 αὐτῷ,
410 805 668 877 ἐτυφώθη,
728 810 818 858 καὶ
857 804 1086 868 ἇξέπεσεν
1129 805 1196 865 εἰς
1235 804 1370 858 αῦτά
1406 806 1473 857 τά
1512 800 1786 877 βαθύτατα

182 906 281 957 τῆς
345 894 629 968 ἁμαρτίας.
683 891 795 949 Ἰδε
838 900 926 947 καὶ
979 896 1004 947 ὀ
1054 898 1189 967 ἔχων
1247 896 1499 968 χάρισμα
1557 893 1785 965 ἰαμάτων

190 989 384 1039 ἔπεσιν.
439 984 618 1057 Ὀρᾷς,
676 992 781 1045 πῶς
840 988 939 1057 πρὸ
993 992 1084 1036 τοῦ
1131 985 1384 1057 ἔρχεσθαι
1444 982 1515 1045 εἰς
1580 980 1790 1053 ἀγάπης

192 1081 356 1148 μέτρα
402 1078 706 1127 πίπτουσιν.
760 1073 855 1135 Ὃς
878 1076 980 1149 γὰρ
1034 1076 1237 1147 φθάσας
1284 1074 1357 1135 εἰς
1406 1078 1500 1132 τὴν
1557 1072 1786 1143 ἀγάπην,

197 1160 405 1217 δέδεται
453 1168 542 1215 καὶ
585 1165 929 1235 μεμέθυσται,
974 1163 1123 1226 οὗτος
1166 1168 1668 1227 καταπεπὸντισται,
1702 1166 1789 1213 καὶ

190 1253 532 1325 αἰχμάλωτός
591 1252 731 1305 ἔστιν
783 1253 849 1314 εἰς
907 1252 1057 1306 ἄλλον
1115 1257 1330 1326 κόσμον,
1384 1255 1447 1313 ὡς
1495 1260 1589 1313 τῆς
1649 1247 1791 1312 ἰδίας

183 1345 393 1415 φύσεως
424 1342 517 1395 οὐκ
542 1343 931 1416 αἰσθανόμενος.

252 1538 360 1593 IZ’.
396 1538 768 1612 Ἐρώτησις.
808 1543 881 1593 Τί
910 1539 1118 1592 ἔστιν·
1159 1563 1176 1588 ε
1208 1544 1274 1595 *Α
1313 1538 1643 1611 ὀφθαλμὸς
1682 1535 1792 1588 οῦκ

175 1625 496 1695 εἶδε,καὶ
552 1625 659 1689 οὖς
719 1628 830 1680 οῦκ
878 1632 1137 1693 ἤκουσε,
1200 1633 1305 1681 καὶ
1348 1627 1453 1680 ἐπὶ
1516 1622 1793 1701 καρδίαν

177 1717 534 1790 ἀνθρώπου
576 1716 688 1769 οὐκ
727 1715 915 1775 ἀνέϐη
952 1734 966 1782 ;
998 1737 1026 1768 »

254 1824 671 1896 Ἀπόκρισις.
727 1825 852 1877 Κατ’
908 1822 1095 1876 ἐκεῖνον
1133 1827 1220 1876 τὸν
1259 1825 1437 1897 καιρὸν
1465 1824 1513 1874 οἱ
1560 1820 1791 1893 μεθάλοι,

186 1918 281 1964 καὶ
340 1909 568 1977 δίκαιοι,
627 1917 716 1965 καὶ
770 1910 1021 1986 βασιλεῖς,
1079 1917 1169 1965 καὶ
1227 1921 1510 1985 προφῆται,
1571 1913 1652 1964 ὅτι
1704 1912 1793 1981 μεν

195 2007 409 2075 ἔρχεται
429 2004 455 2053 ὸ
490 2006 794 2075 Λυτρωτης,
824 1999 1072 2073 ᾔδεισαν·
1093 2004 1173 2055 ὅτι
1191 1998 1249 2055 δὲ
1269 2003 1493 2073 πάσχει,
1523 2005 1612 2053 καὶ
1639 2019 1796 2053 σταυ-

194 2100 400 2164 ροῦται,
462 2097 553 2144 καὶ
625 2092 756 2164 αἷμα
810 2094 1048 2164 ἓκχεῖται
1099 2090 1182 2144 έπὶ
1229 2098 1321 2143 τοῦ
1378 2098 1630 2164 σταυροῦ,
1683 2091 1798 2141 οῦτε

194 2178 443 2253 ᾔδεισαν,
499 2184 617 2234 οῦτε
667 2185 920 2247 ἥκουσαν,
975 2185 1091 2234 οὔτε
1144 2180 1295 2239 ἀνέϐη
1357 2180 1523 2232 αὐτῶν
1567 2183 1651 2233 ἐπὶ
1705 2184 1798 2237 τὴν

190 2268 446 2344 καρδίαν,
507 2274 588 2324 ὅτι
619 2274 767 2325 ἔσται
821 2269 1100 2345 βάπτισμα
1149 2274 1309 2346 πυρὸς
1359 2276 1449 2322 καὶ
1509 2273 1800 2341 Πνεῦματος

192 2361 348 2433 ἁγίου
385 2380 399 2393 ·
455 2366 543 2413 καὶ
595 2363 673 2413 ὅτι
720 2361 770 2413 ἐν
814 2368 875 2433 τῇ
909 2360 1197 2433 Ἐκκλησία
1251 2363 1600 2434 προσφέρεται
1649 2360 1801 2433 ἄρτος

193 2456 279 2502 καὶ
340 2452 500 2516 οἶνος,
580 2449 855 2502 ἀντίτυπον
930 2458 1025 2512 τῆς
1076 2452 1266 2524 σαρκὸς
1314 2449 1473 2502 αὐτοῦ
1546 2452 1635 2500 καὶ
1709 2454 1802 2500 τοῦ

511 2544 601 2592 καὶ
645 2541 693 2591 οἱ
740 2538 1207 2611 μεταλαμϐάνοντες
1258 2538 1313 2590 ix
1360 2546 1452 2591 τοῦ
1500 2541 1801 2610 φαινομένου

216 2629 388 2701 ἄρτου,
416 2637 775 2701 πνευματικῶς
806 2634 899 2687 τὴν
950 2629 1121 2703 σάρκα
1150 2636 1241 2681 τοῦ
1275 2632 1469 2702 Κυρίου
1519 2627 1758 2680 έσθίουσι
1786 2643 1798 2654 ·

218 2723 304 2769 καὶ
334 2719 411 2769 ὅτι
437 2721 481 2770 οἱ
533 2717 817 2770 ἀπόστολοι
863 2722 954 2769 καὶ
998 2720 1047 2770 οἱ
1075 2722 1387 2790 Χριστιανοὶ
1432 2712 1682 2788 δέχονται
1717 2718 1802 2766 τὸν

215 2807 566 2880 Παράκλητον,
623 2812 713 2860 καὶ
759 2803 1028 2860 ἰνδύονται
1087 2804 1308 2879 δύναμιν
1366 2806 1417 2869 ἐξ
1473 2805 1655 2877 ὕφους,
1713 2808 1802 2855 καὶ

204 2897 525 2971 πληροῦνται
572 2905 669 2957 τῆς
708 2898 951 2958 θεότητος
982 2914 994 2926 ·
1056 2901 1146 2948 καὶ
1201 2898 1281 2948 ὃτι
1343 2903 1695 2966 συγκιρῶνται
1751 2894 1805 2944 αἱ

203 2988 377 3060 ψυχαὶ
409 2994 483 3058 τῷ
534 2985 663 3058 ἁγίῳ
700 2988 975 3058 Πνεῦματι.
1007 2992 1171 3039 Τοῦτο
1219 2985 1314 3037 οὐκ
1348 2981 1570 3057 ᾔδεισαν
1600 2986 1648 3036 οἱ
1677 3001 1805 3055 προ-

210 3085 367 3149 φῆται
423 3081 515 3129 καὶ
566 3074 819 3149 βασιλεῖς,
853 3079 969 3129 οῦτε
1018 3074 1169 3134 ἀνέϐη
1224 3074 1387 3127 αὐτῶν
1441 3076 1523 3126 ἰπὶ
1557 3078 1648 3131 τὴν
1684 3091 1810 3146 καρ-

204 2539 417 2611 dissuto;
448 2558 460 2568 ‘

1889 532 2170 589 manibus
2201 549 2271 590 ac
2296 532 2570 605 pedibus,
2603 550 2673 591 ac
2703 535 2989 605 gravibus
3013 535 3537 593 morbislaboran-

1891 628 1993 692 tes,
2016 621 2573 694 perimpositionem
2591 639 2884 680 manuum
2902 624 3388 683 curabat.Postea
3398 641 3537 683 cum

1894 711 2254 782 negligentia
2275 710 2588 779 difﬂueret,
2620 717 2798 785 atque
2817 713 3065 784 gloriam
3084 720 3291 771 nactus
3312 730 3348 771 a
3363 730 3538 772 mun-

1895 800 1997 865 do,
2024 801 2113 855 sui
2138 800 2325 872 ipsius
2339 801 2730 857 delectatione
2751 808 3063 869 teneretur,
3088 803 3543 875 superbiaintu-

1896 890 2063 952 muit,
2085 894 2263 961 atque
2281 890 2563 962 delapsus
2581 894 2667 946 est
2686 891 2745 946 in
2768 891 2899 963 ipsa
2920 891 3387 964 profundissima
3408 908 3541 965 pec-

1896 979 2029 1035 cati.
2064 980 2224 1044 Vide,
2258 978 2423 1051 quod
2474 980 2654 1035 etiam
2689 980 2801 1044 ille,
2849 981 2953 1054 qui
2996 982 3226 1039 donum
3284 982 3542 1039 sanatio-

1896 1085 2045 1124 num
2066 1068 2342 1133 habebat,
2358 1068 2655 1126 ceciderit.
2677 1069 2850 1126 Vides
2867 1070 3196 1142 quomodo,
3217 1077 3543 1144 antequam

1897 1157 2249 1229 perveniant
2275 1158 2349 1212 ad
2380 1174 2727 1214 mensuram
2758 1159 3079 1225 charitatis,
3111 1159 3411 1216 labantur.
3436 1159 3546 1225 Qui

1899 1248 2057 1301 enim
2098 1246 2446 1302 cbaritatem
2492 1253 2803 1303 assecutus
2835 1248 3087 1304 vincitur
3114 1253 3171 1304 et
3197 1248 3544 1313 inebriatur,

1899 1337 1993 1393 hic
2015 1336 2382 1405 demergitur
2409 1342 2465 1392 et
2486 1337 2899 1409 captivaturin
2920 1338 3105 1394 alium
3131 1338 3452 1410 mundum,
3479 1353 3549 1395 ac

1900 1425 1947 1480 si
1975 1425 2283 1497 propriam
2314 1429 2591 1481 naturam
2622 1441 2744 1481 non
2776 1427 3008 1482 sentiat.

1976 1532 2131 1586 XVII.
2164 1531 2580 1603 Interrogatio.
2616 1532 2770 1601 Quid
2795 1535 2922 1589 est?
2953 1554 2981 1585 «
3012 1534 3151 1602 Qum
3198 1535 3406 1591 oculus
3430 1549 3551 1591 non

1902 1620 2071 1689 vidit,
2096 1636 2202 1677 nec
2229 1622 2400 1677 auris
2425 1621 2678 1692 audivit,
2703 1637 2811 1679 nec
2822 1622 2885 1679 in
2907 1638 3008 1680 cor
3020 1624 3273 1680 hominis
3289 1624 3553 1681 ascende-

1901 1714 2041 1766 runt
2073 1710 2211 1764 θη»

1975 1818 2314 1887 Responsio.
2347 1817 2449 1873 Illo
2482 1823 3092 1891 temporemagnates,
3118 1820 3467 1893 justi,reges
3498 1824 3554 1878 et

1908 1907 2235 1979 prophetas,
2268 1912 2584 1963 venturum
2616 1923 2745 1964 esse
2779 1908 3168 1980 Salvatorem,
3218 1914 3548 1967 noverant:

1906 2012 2224 2069 passurum
2242 2001 2441 2052 autem
2453 1997 3101 2068 esse,cruciﬁgendum,
3115 2014 3185 2055 ac
3198 1999 3555 2070 sanguinem

1911 2086 2295 2159 profusurum
2322 2086 2380 2141 in
2406 2101 2603 2151 cruce,
2635 2102 2754 2142 non
2786 2092 3097 2153 noverant,
3128 2103 3324 2161 neque
3353 2087 3556 2145 audie-

1908 2180 2079 2240 rant;
2111 2189 2305 2245 neque
2336 2174 2605 2231 ascendit
2634 2175 2693 2230 in
2724 2190 2931 2231 eorum
2960 2191 3062 2232 cor
3101 2175 3366 2234 futurum
3404 2176 3555 2249 bap-

1913 2263 2090 2318 tisma
2116 2262 2269 2333 ignis
2313 2278 2383 2318 ac
2434 2264 2683 2335 Spiritus
2713 2265 2944 2331 sancti;
2995 2265 3156 2333 item,
3189 2265 3251 2321 in
3298 2265 3558 2323 Ecclesia

1910 2351 2284 2407 offerendum
2309 2368 2437 2407 esse
2456 2368 2677 2423 panem
2705 2359 2760 2408 et
2791 2355 3018 2423 vinum,
3046 2359 3254 2427 typum
3282 2372 3391 2413 seu
3410 2356 3559 2426 ﬁgu-

1910 2457 2042 2497 ram
2072 2440 2267 2496 carnis
2298 2440 2430 2511 ejus
2449 2456 2517 2496 ac
2550 2442 2857 2511 sanguinis
2884 2449 3094 2516 :atque
3116 2459 3238 2510 eos,
3257 2444 3362 2517 qui
3384 2444 3561 2517 parti-

1913 2530 2114 2601 cipant
2157 2529 2231 2584 de
2270 2544 2427 2601 pane
2473 2530 2687 2587 visibili
2747 2532 2846 2604 (t),
2897 2532 3277 2604 spiritualiter
3321 2549 3561 2591 carnem

1917 2618 2146 2675 Domini
2186 2634 2395 2674 esuros
2444 2635 2462 2672 :
2522 2620 2682 2685 item,
2742 2620 3049 2692 apostolos
3100 2629 3157 2678 et
3204 2622 3563 2679 Christianos

1914 2711 2297 2778 suscepturos
2330 2706 2719 2777 Paracletum,
2752 2713 2933 2782 atque
2980 2708 3321 2767 induendos
3349 2711 3564 2768 virtute

1915 2812 1987 2853 ex
2015 2795 2154 2861 alto,
2201 2811 2273 2852 ac
2319 2795 2638 2867 replendos
2685 2797 3029 2855 divinitate:
3083 2800 3565 2858 commiscendas

1915 2901 2159 2958 quoque
2190 2885 2425 2941 animas
2438 2901 2566 2941 cum
2582 2886 2798 2959 Spiritu
2824 2894 3052 2944 sancto.
3071 2890 3189 2945 Hoc
3204 2888 3566 2960 ignorabant

1916 2974 2221 3048 prophetae
2258 2990 2326 3031 ac
2358 2989 2544 3045 reges,
2595 2990 2790 3048 neque
2819 2977 3175 3035 ascenderat
3202 2980 3264 3034 in
3294 2994 3396 3036 cor
3436 2978 3568 3037 illo-

1917 3080 2072 3120 rum.
2106 3066 2270 3119 Nunc
2295 3064 2454 3118 enim
2478 3064 2789 3121 Christiani
2807 3065 2926 3122 alio
2953 3072 3127 3139 pacto
3148 3066 3463 3134 ditescant,
3495 3083 3567 3125 ac

216 3130 225 3149 ι
255 3130 267 3135 -
568 3130 577 3149 .
785 3130 817 3141 υ
1157 3130 1166 3134 -
1606 3130 1613 3131 κ
1751 3130 1763 3146 .

210 3164 343 3222 δίαν.
394 3172 507 3220 Νῦν
545 3167 648 3239 γὰρ
704 3166 753 3218 οἱ
794 3170 1105 3238 Χριστιανοὶ
1152 3164 1311 3226 ἄλλως
1358 3164 1663 3228 πλουτοῦσι,
1718 3167 1808 3216 καὶ

1924 3152 2218 3209 desiderio
2260 3152 2571 3225 rapiuntur
2595 3153 2671 3209 ad
2721 3130 3093 3212 divinitatem
3120 3174 3137 3226 ;
3188 3160 3247 3212 at
3284 3156 3419 3213 licet
3450 3130 3567 3213 hoc

203 3256 552 3309 έπιποθοῦσιν
603 3256 669 3316 εἰς
720 3259 814 3314 τὴν
874 3258 1093 3314 θεότητα
1133 3272 1145 3284 ·
1203 3254 1331 3307 ἀ)λά
1401 3258 1490 3306 καὶ
1562 3256 1807 3311 τοιαύτην

201 3349 385 3419 χαρὰν
412 3349 504 3397 καὶ
530 3344 858 3418 παράκλησιν
888 3347 1096 3418 ἔχοντες
1147 3345 1247 3397 ὑπὸ
1296 3342 1449 3416 φόϐον
1478 3347 1568 3395 καὶ
1619 3347 1807 3417 τρόμον

202 3436 358 3491 εἰσίν.

276 3534 387 3590 ΙΗ’.
414 3533 648 3610 Ἐρώτη
669 3553 792 3596 σις.
815 3533 957 3587 ’Υπὸ
984 3540 1165 3586 ποῖον
1194 3531 1388 3605 φόϐον
1418 3536 1526 3585 καὶ
1552 3535 1809 3606 τρόμον;

280 3662 691 3732 Ἀπόκρισις.
729 3666 833 3713 Τοῦ
885 3663 956 3731 μὴ
994 3658 1252 3730 σφαλῆναι
1290 3660 1339 3710 έν
1367 3677 1492 3725 τινι,
1524 3656 1652 3709 ἀλλά
1677 3660 1814 3729 συμ-

213 3758 391 3824 φωνεῖν
544 3750 752 3824 χάριτι.
781 3748 980 3823 Ὠσπερ
1021 3750 1105 3800 ἓάν
1136 3744 1165 3819 ᾖ
1199 3767 1274 3807 τις
1302 3750 1440 3819 ἔχων
1492 3748 1810 3820 θησαυροὺς,

210 3846 302 3893 καὶ
349 3835 514 3911 όδεύῃ
549 3838 615 3899 εἰς
644 3842 829 3899 τόπους
854 3839 975 3890 ἔνθα
1017 3837 1120 3889 εἰσὶ
1161 3836 1374 3907 λησταὶ,
1407 3836 1583 3888 λοιπὸν
1635 3840 1816 3909 χαίρει

214 3934 305 4003 μὶν
337 3926 437 3982 διὰ
464 3928 683 3981 πλοῦτον
713 3932 803 3980 καὶ
831 3929 918 3979 τὸν
950 3928 1232 4000 θησαυρὸν,
1268 3927 1368 3977 ὑπὸ
1402 3923 1556 3997 φόϐον
1590 3920 1649 3976 δέ
1680 3922 1814 3989 ἔστι,

215 4026 401 4093 μήπως
454 4016 746 4079 ἐπελθόντες
799 4016 857 4069 οὐ
912 4016 1105 4074 λησταὶ
1147 4014 1447 4071 συλήσωσιν
1501 4012 1676 4080 αὐτὸν,
1730 4018 1819 4065 καὶ

219 4114 287 4171 ὡς
344 4106 632 4181 βαστάζων
679 4105 747 4166 εἷς
797 4108 891 4166 τάς
938 4112 1120 4178 χεῖρας
1165 4103 1325 4155 αὑτοῦ
1379 4106 1437 4154 τὸ
1476 4099 1614 4155 ἴδιον
1670 4110 1823 4173 σῶμα

221 4201 383 4259 οὕτως
437 4196 602 4249 έστίν.
665 4190 805 4248 Ἰδοὺ
855 4197 954 4266 γὰρ
1006 4192 1055 4245 έν
1105 4200 1215 4255 τοῖς
1271 4195 1591 4264 φαινομένοις
1638 4193 1824 4253 πάντες

230 4286 620 4357 ἀπεταξάμεθα,
678 4288 768 4336 καὶ
824 4283 973 4355 έσμὶν
1032 4281 1163 4345 ξένοι
1219 4285 1308 4333 καὶ
1380 4279 1680 4353 ἀκτήμονες,
1734 4286 1825 4333 καὶ

231 4379 496 4436 κοινωνίας
578 4380 829 4447 σαρκικῆς
898 4370 1246 4445 ἐστερημένοι.
1335 4373 1550 4433 Λοιπὸν,
1626 4365 1710 4422 ἴδε
1768 4373 1827 4422 τὸ

237 4476 379 4539 σῶμα
424 4471 595 4516 κεῖται
626 4462 698 4523 εἰς
738 4462 902 4534 εὐχήν
934 4479 947 4492 ·

232 4558 271 4609 εἰ
312 4560 423 4632 ἄρα
456 4557 552 4607 σὺν
586 4560 658 4622 τῷ
707 4557 911 4624 σώματι
942 4555 1031 4603 καὶ
1071 4551 1096 4602 ὁ
1146 4558 1262 4611 νοῦς
1306 4555 1591 4621 συμφωνεῖ,
1629 4546 1829 4622 Ὠσπερ

230 4650 313 4700 ἰπὶ
371 4650 435 4698 τὸ
494 4643 733 4696 πλεῖστον
781 4644 830 4694 οἰ
881 4647 1121 4713 τεχνῖται
1181 4640 1310 4711 μετά
1379 4644 1597 4710 κόσμον,
1652 4642 1742 4689 καὶ
1784 4638 1834 4688 οἱ

232 4735 697 4812 ἐργαστηριάρχαι
726 4733 917 4803 ἔχουσι
945 4733 1002 4781 τὸ
1031 4737 1184 4802 σῶμα
1214 4723 1591 4799 ἀποδεδεμένον
1644 4726 1714 4788 εἰς
1740 4729 1833 4784 τὴν

234 4830 451 4899 τέχνην,
504 4824 699 4895 ὁμοίως
747 4825 835 4873 καὶ
914 4822 999 4872 τὸν
1052 4826 1168 4871 νοῦν
1223 4820 1403 4878 νυκτὸς
1458 4820 1548 4869 καὶ
1604 4817 1825 4888 ἡμέρας.

237 4918 437 4969 Λοιπὸν
492 4915 557 4965 σὺ
604 4910 886 4983 έπίσκεψαι
936 4911 1171 4973 σεαυτὸν,
1206 4910 1341 4980 ἔχων
1388 4908 1447 4958 τὸ
1504 4913 1655 4977 σῶμα
1702 4904 1837 4967 ξένον

235 5013 327 5057 τοῦ
377 5008 584 5075 κόσμου
617 5004 823 5072 τούτου,
875 4993 977 5075 ἆρα
1006 5001 1148 5071 ἔχεις
1193 5002 1283 5049 καὶ
1310 4998 1398 5048 τὸν
1427 5003 1547 5047 νοῦν
1579 4994 1839 5067 ἀλλότριον

236 5097 427 5146 τούτου
482 5099 575 5144 τοῦ
629 5091 829 5161 αἰῶνος,
871 5093 958 5141 καὶ
1009 5088 1067 5140 οὐ
1123 5085 1285 5162 ῥέμϐῃ
1339 5084 1405 5145 εἰς
1457 5088 1541 5137 τὸν
1596 5089 1839 5155 κόσμον;

245 5188 345 5237 Καὶ
392 5184 497 5255 γὰρ
526 5182 745 5243 ἕκαστος
774 5180 1022 5251 κοσμικὸς
1053 5177 1081 5235 ἡ
1136 5180 1478 5246 στρατιώτης,
1536 5173 1564 5231 ἣ
1599 5176 1839 5245 ἔμπορος,

244 5274 372 5325 ὅπου
417 5275 532 5344 ῖχει
574 5274 635 5323 τὸ
682 5278 853 5343 σῶμα,
883 5271 986 5320 ἐκεῖ
1033 5268 1252 5338 ἔχειτὸν
1282 5272 1398 5316 νοῦν
1445 5259 1841 5335 ἀποδεδεμένον,

248 5368 333 5415 καὶ
395 5361 502 5414 ἐκεῖ
555 5359 697 5431 αὐτῷ
762 5357 900 5411 ἐστιν
957 5358 983 5408 ό
1038 5356 1317 5424 θησαυρός.
1365 5357 1661 5428 Γέγραπται
1720 5353 1844 5426 γὰρ,

249 5450 453 5505 Ὀπου
498 5451 525 5502 ὁ
575 5450 935 5521 θησαυρὸς,
988 5443 1123 5497 ἐκεῖ
1196 5445 1380 5501 καὶὴ
1441 5436 1702 5518 καρδία.

326 5641 375 5677 ⁸⁷
407 5639 428 5695 l
462 5641 595 5697 Cor.
638 5652 700 5702 ιι,
735 5640 788 5694 9.
863 5636 912 5672 ⁸⁸
943 5632 1140 5693 Matth.
1176 5646 1251 5697 Vl,
1284 5631 1372 5687 2t.

1918 3242 2139 3314 gaudio
2169 3246 2225 3298 et
2254 3243 2662 3299 consolatione
2692 3242 3099 3315 perfruantur,
3128 3245 3336 3303 timore
3366 3250 3566 3303 tamen

1919 3349 1990 3390 ac
2023 3338 2276 3389 tremore
2308 3331 2747 3390 concutiuntur.

1991 3528 2189 3584 XVIII.
2222 3528 2637 3599 Interrogatio.
2673 3528 2796 3598 Quo
2827 3530 3033 3588 timore
3055 3545 3128 3589 ac
3158 3536 3409 3589 tremore
3436 3530 3465 3589 7

1997 3656 2337 3726 Responsio.
2359 3657 2440 3710 Ne
2461 3654 2738 3711 aberrent
2756 3654 2817 3710 in
2835 3654 3058 3726 aliquo,
3078 3655 3185 3711 sed
3208 3655 3574 3713 concordent

1924 3746 2149 3815 gratiae.
2175 3743 2427 3798 Perinde
2454 3758 2524 3798 ac
2547 3742 2597 3797 si
2614 3743 2769 3815 quis,
2792 3744 2895 3815 qui
2916 3743 3139 3800 habeat
3160 3744 3494 3809 thesauros,
3519 3750 3577 3801 et

1923 3832 2338 3906 proﬁciscatur
2368 3832 2445 3887 ad
2488 3831 2640 3896 loca,
2695 3832 2795 3886 ubi
2848 3837 2987 3887 sunt
3030 3831 3311 3901 latrones,
3354 3833 3577 3902 gaudet

1926 3921 2173 3995 quidem
2206 3926 2447 3992 propter
2475 3936 2622 3990 Opes
2645 3920 3077 3986 ctthesaurum,
3111 3920 3223 3977 sub
3244 3928 3408 3977 metu
3428 3922 3577 3977 nihi-

1926 4012 2188 4067 lominus
2214 4014 2321 4074 est,
2353 4024 2427 4063 ne
2446 4008 2930 4079 supervenientes
2955 4008 3216 4065 latrones
3232 4010 3576 4081 depraaden-

1930 4109 2025 4157 tur
2056 4116 2141 4166 se,
2169 4104 2223 4155 et
2265 4098 2509 4170 perinde
2536 4104 2623 4153 est
2682 4113 2751 4153 ac
2783 4098 2831 4153 si
2862 4102 3050 4169 gestet
3089 4099 3370 4155 manibus
3398 4115 3575 4157 suum

1932 4190 2247 4263 proprium
2281 4203 2518 4259 corpus.
2535 4188 2678 4243 Ecce
2691 4188 2872 4251 enim,
2896 4186 3102 4260 quoad
3123 4203 3215 4255 ea,
3237 4204 3374 4260 qum
3391 4188 3579 4245 oculis

1936 4285 2160 4353 patent,
2193 4292 2403 4332 omnes
2421 4275 2915 4343 renuntiavimus,
2940 4292 3011 4333 ac
3031 4294 3240 4333 sumus
3264 4278 3581 4350 peregrini,

1937 4376 2116 4440 atque
2149 4367 2379 4437 inopes,
2411 4364 2758 4437 carnalique
2788 4365 3065 4422 societate
3091 4366 3304 4439 privati
3337 4383 3350 4421 :
3378 4367 3583 4440 quoad

996 4459 1286 4533 ὀφείλουσιν
1334 4454 1463 4511 ἰδεῖν
1507 4460 1556 4510 οἱ
1595 4454 1806 4531 ἀδελφοὶ

1939 4464 2151 4515 caetera
2174 4455 2330 4521 vide,
2362 4470 2580 4526 corpus
2609 4453 2683 4511 ad
2730 4454 3062 4511 orationem
3094 4456 3427 4527 propendet
3449 4475 3463 4525 ;
3486 4456 3588 4513 de-

1938 4547 2082 4602 bent
2110 4545 2319 4601 fratres
2349 4543 2673 4609 attendere,
2702 4560 2848 4599 num
2879 4544 3111 4616 corpori
3148 4561 3316 4600 mens
3346 4562 3590 4619 quoque

1941 4640 2229 4692 consonet
2256 4653 2268 4692 :
2298 4632 2817 4705 quemadmodum
2851 4639 2911 4688 ut
2936 4633 3261 4705 plurimum
3282 4635 3343 4690 in
3361 4635 3591 4691 mundo

1943 4724 2219 4789 artiﬁces,
2232 4726 2412 4795 atque
2426 4722 2885 4779 architectorum
2906 4722 3202 4795 principes
3218 4723 3448 4779 habent
3468 4739 3594 4780 cor-

1943 4830 2057 4887 pus
2080 4812 2427 4868 devinctum
2453 4811 2530 4867 ad
2562 4817 2774 4876 artem,
2799 4812 2999 4867 itidem
3029 4816 3086 4867 et
3116 4811 3388 4868 animum
3410 4816 3592 4869 noctu

1946 4903 2189 4974 diuque.
2214 4904 2295 4957 Tu
2322 4916 2463 4970 ergo
2482 4900 2784 4971 perpende
2817 4904 2868 4955 te
2893 4900 3109 4966 ipsum,
3134 4900 3235 4972 qui
3263 4900 3451 4957 habes
3471 4917 3597 4957 cor-

1948 5009 2060 5065 pus
2092 4989 2469 5062 peregrinum
2502 4989 2578 5045 ab
2602 4990 2715 5045 hoc
2737 4988 2985 5053 mundo,
3003 5004 3146 5044 num
3170 4990 3350 5045 etiam
3369 4990 3598 5047 habeas

1952 5088 2209 5137 mentem
2242 5078 2501 5135 alienam
2532 5079 2609 5133 ab
2639 5078 2755 5134 hoc
2777 5078 3015 5143 sazculo,
3037 5094 3106 5135 ac
3122 5094 3243 5134 non
3261 5080 3599 5151 occupatio-

1952 5170 2131 5227 nibus
2162 5168 2370 5224 mundi
2402 5168 2722 5223 detinearis
2753 5167 2780 5224 ?
2806 5167 3060 5233 Quilibet
3085 5168 3246 5223 enim
3270 5168 3598 5233 scecularis,

1956 5260 2081 5315 sive
2109 5257 2299 5323 miles,
2361 5257 2484 5312 sive
2516 5260 2829 5323 mercator,
2885 5256 2988 5312 ubi
3020 5272 3237 5328 corpus
3268 5256 3468 5325 habet,
3519 5255 3603 5313 ibi

1956 5363 2198 5422 quoque
2215 5345 2669 5403 habetmentem
2691 5347 3051 5411 devinctam,
3072 5346 3273 5419 ibique
3290 5347 3604 5402 thesaurus

1956 5439 2089 5509 ejus
2139 5441 2246 5491 est.
2290 5434 2586 5509 Scriptum
2628 5437 2788 5493 enim
2833 5441 2963 5494 est:
3011 5433 3120 5493 Ubi
3163 5435 3495 5501 thesaurus,
3526 5434 3610 5491 ibi

1958 5527 2130 5585 etiam
2154 5542 2255 5583 cor
2285 5526 2355 5582 ⁸³.

340 5739 423 5811 (t)
455 5736 518 5794 Id
550 5740 658 5801 est,
689 5749 810 5792 non
841 5732 1055 5790 visibili
1083 5730 1266 5789 modo
1305 5732 1361 5786 et
1387 5742 1479 5794 eo,
1511 5741 1630 5799 quo
1656 5724 1851 5784 editur
1880 5723 1999 5783 alia
2038 5738 2203 5804 caro,
2239 5720 2342 5787 sed
2370 5721 2659 5804 spirituali
2688 5725 2745 5781 et
2772 5721 3073 5780 invisibili.

524 5837 764 5891 ΡΑτιιοι..
798 5834 898 5890 Gn.
930 5830 1170 5888 XXXIV.

3192 5822 3261 5882 23
