4076 6210
531 280 636 336 707

519 514 696 553 sauro
724 499 797 551 sit
829 496 1110 557 intentus,
1134 509 1211 548 an
1240 497 1395 548 totus
1424 490 1600 563 plane
1628 490 1748 545 Deo
1780 505 1888 544 nec
1920 504 1993 543 ne
2019 489 2047 545 ?
2079 488 2168 542 sin

515 588 713 642 minus
743 592 849 650 est,
873 584 1185 654 exponatis
1207 580 1373 645 mihi,
1396 580 1543 652 quid
1562 578 1887 650 impediat?
1906 576 2169 632 Profecto

517 680 767 735 Satanas
788 682 843 731 et
867 674 1175 729 daemones
1193 670 1584 741 suntspiritus
1601 683 1887 740 nequam,
1907 666 2007 738 qui
2025 664 2169 720 deti-

513 772 655 823 nent
682 772 939 821 mentem
971 770 1148 833 atque
1180 761 1449 816 animam
1482 757 1851 813 subvertant.
1883 755 2170 810 Versutus

514 852 1413 917 enimestdiabolus,instructus
1429 844 1975 910 machinis,foribus
1990 851 2171 913 terge-

516 949 716 1015 minis,
739 961 808 1001 ac
832 942 1064 1000 vafritie
1084 940 1273 995 multa
1299 944 1591 1008 occupata
1623 941 1779 990 tenet
1800 950 2027 1007 pascua
2047 933 2170 989 ani-

516 1055 629 1095 ma:
651 1042 832 1107 atque
866 1030 1273 1101 cogitationes,
1320 1043 1429 1082 nec
1454 1025 1738 1098 permittit
1758 1029 1910 1079 recte
1942 1020 2169 1094 precari

513 1137 568 1187 et
593 1124 875 1184 accedere
902 1121 979 1176 ad
1014 1123 1198 1175 Deum
1229 1116 1558 1189 ;quoniam
1586 1115 1720 1186 ipsa
1754 1118 1968 1169 natura
1990 1109 2171 1183 parti-

512 1236 655 1291 ceps
682 1221 769 1271 est
795 1215 1144 1269 daemonum
1171 1223 1240 1263 ac
1266 1206 1579 1277 spirituum
1614 1202 1891 1274 nequitiae
1922 1217 1935 1267 ;
1965 1199 2169 1255 itidem

513 1307 867 1378 angelorum
896 1318 963 1356 ac
988 1298 1235 1371 Spiritus
1258 1294 1443 1351 sancti
1462 1313 1475 1349 :
1494 1292 1783 1363 templum
1804 1296 1891 1346 est
1910 1292 2166 1354 Satanae,

515 1416 583 1455 ac
624 1393 912 1465 templum
946 1387 1135 1444 sancti
1176 1384 1446 1456 Spiritus.
1512 1385 1800 1438 Caeterum
1849 1378 2169 1450 expandite

513 1487 784 1543 animum
814 1486 1093 1543 vestrum,
1112 1475 1318 1530 fratres
1333 1472 1652 1542 cujusnam
1669 1470 1809 1524 estis
1829 1469 2165 1540 participes,

514 1574 867 1644 angelorum
891 1584 966 1624 an
986 1567 1333 1621 daemonum
1354 1562 1381 1618 ?
1399 1561 1571 1631 cujus
1595 1558 1884 1630 templum
1903 1562 1958 1612 et
1977 1556 2169 1612 domi-

512 1664 715 1720 cilium
744 1660 902 1723 estis,
944 1656 1041 1712 Dei
1096 1669 1173 1709 an
1222 1650 1446 1707 diaboli
1486 1649 1515 1702 ‘I
1564 1664 1665 1703 cor
1694 1646 1859 1719 quali
1890 1646 2165 1701 thesauro

513 1754 586 1809 sit
610 1750 923 1823 repletum,
957 1744 1167 1815 gratias
1191 1757 1267 1797 an
1300 1742 1533 1795 Satanae
1574 1736 1601 1791 ?
1641 1737 1806 1791 Velut
1848 1734 2028 1807 igitur
2056 1735 2167 1789 do-

514 1860 647 1898 mus
675 1856 810 1895 cum
843 1836 1057 1893 referta
1078 1838 1167 1888 est
1196 1828 1598 1903 graveolentia
1625 1844 1694 1882 ac
1717 1831 1993 1888 stercore,
2022 1840 2162 1879 con-

514 1932 672 1987 venit
698 1930 859 1985 illam
889 1924 1126 1998 penitus
1153 1919 1394 1992 purgari
1417 1925 1597 1989 atque
1636 1914 1935 1980 exornari,
1967 1929 2036 1969 ac
2077 1929 2163 1968 re-

514 2021 659 2094 pleri
717 2016 930 2091 quavis
979 2009 1304 2081 fragrantia
1351 2013 1405 2063 et
1462 2006 1788 2069 thesauris;
1824 2009 1887 2094 ut
1915 2004 2165 2094 Spiritus

513 2092 756 2166 sanctus
784 2106 979 2161 veniat
999 2118 1108 2175 pro
1141 2102 1383 2167 Satana,
1406 2113 1473 2152 ac
1500 2096 1834 2167 requiescat
1854 2093 1914 2147 in
1946 2092 2164 2148 animis

514 2198 1005 2256 Christianorum.

587 2412 691 2466 XX.
728 2404 1269 2465 Verumenimvero,
1304 2414 1427 2455 non
1482 2397 1681 2453 statim
1736 2394 1941 2451 audito
1980 2392 2164 2449 verbo

514 2502 634 2563 Dei,
657 2498 871 2569 aliquis
889 2493 1141 2549 titbonaa
1169 2490 1373 2562 partis.
1393 2488 1448 2543 Si
1474 2487 1633 2541 enim
1656 2484 1834 2540 simul
1861 2482 2164 2539 audiendo

513 2589 845 2644 efﬁceretur
894 2581 1078 2655 partis
1117 2580 1309 2644 bonae,
1361 2590 1750 2647 nequaquam
1806 2574 2165 2627 exstitissent

513 2675 858 2738 certamina,
892 2676 995 2727 aut
1017 2668 1365 2726 occasiones
1398 2664 1714 2730 bellorum,
1745 2668 1847 2717 aut
1892 2677 2101 2716 cursus
2146 2677 2160 2726 ;

513 2767 616 2823 sed
676 2766 802 2820 sine
841 2761 1067 2824 labore,
1111 2756 1292 2812 modo
1342 2754 1623 2819 audisset,
1678 2750 2045 2823 pervenisset
2083 2750 2162 2805 ad

510 2856 774 2928 quietem
798 2868 866 2908 ac
894 2847 1147 2921 gradum
1180 2842 1529 2915 perfectum.
1547 2843 1936 2911 Nequaquam
1961 2842 2159 2893 autem

511 2944 592 3000 ita
620 2958 715 2999 res
754 2958 819 2997 se
856 2938 1054 2995 habet.
1084 2934 1263 2989 Tollis
1290 2932 1448 2988 enim
1481 2930 1850 2985 voluntatem
1878 2928 2158 2993 hominis,

512 3034 660 3089 dum
692 3032 807 3087 hoc
851 3027 1089 3093 asseris,
1123 3030 1179 3080 et
1225 3021 1617 3078 reluctantem
1650 3018 1985 3074 facultatem
2029 3033 2160 3072 esse

509 3138 721 3193 negas,
744 3136 879 3193 quas
900 3117 1192 3189 repugnet
1217 3112 1439 3168 animo.
1464 3111 1581 3165 Nos
1606 3114 1802 3162 autem
1821 3106 1933 3161 hoc
1954 3107 2162 3163 asseri-

511 3230 669 3281 mus,
687 3227 825 3266 eum
842 3208 946 3280 qui
968 3204 1218 3261 verbum
1241 3200 1431 3263 audit,
1450 3200 1645 3253 venire
1664 3196 1722 3251 in
1755 3197 2161 3268 compunctio-

510 3318 650 3357 nem
684 3323 695 3365 ;
731 3316 801 3354 ac
830 3302 1058 3369 postea,
1085 3291 1455 3347 subducente
1481 3303 1541 3341 se
1568 3286 1777 3356 gratia,
1800 3302 1903 3357 per
1923 3285 2161 3357 dispen-

512 3391 807 3446 sationem
857 3385 935 3439 ad
987 3380 1462 3437 emolumentum
1504 3374 1787 3437 hominis,
1820 3374 2052 3443 ingredi
2100 3374 2159 3428 in

508 3476 983 3536 exercitationem
1013 3488 1082 3527 ac
1108 3466 1489 3538 disciplinam
1522 3464 1873 3527 militarem;
1923 3469 2047 3517 tum
2068 3462 2158 3517 lu-

510 3574 666 3623 ctam
698 3564 1083 3625 committere,
1110 3553 1655 3614 accertameninire
1678 3552 1969 3608 adversus
2001 3554 2160 3608 Sata-

510 3673 674 3720 nam,
703 3670 772 3709 ac
801 3652 988 3707 multo
1020 3664 1202 3704 cursu
1228 3652 1282 3701 et
1313 3643 1634 3699 certamine
1656 3647 1955 3713 reportata
1978 3642 2157 3697 victo-

506 3748 606 3802 rias
633 3746 855 3817 palma,
882 3740 1137 3796 evadere
1164 3735 1583 3791 Christianum.
1616 3733 1673 3786 Si
1717 3733 1855 3802 quis
1885 3732 2044 3786 enim
2087 3748 2159 3787 ex

506 3836 715 3893 auditu
748 3833 961 3897 solum,
995 3830 1228 3899 absque
1258 3824 1372 3879 ullo
1402 3823 1607 3879 labore
1634 3821 1963 3877 efﬁceretur
1984 3821 2156 3876 bona;

502 3925 897 4000 partis,etiam
920 3921 1022 3993 qui
1040 3916 1326 3974 theatrica
1346 3928 1575 3985 pompa
1597 3911 1877 3982 gaudent,
1913 3916 1968 3966 et
1990 3927 2155 3966 scor-

503 4023 718 4073 tatores
744 4003 1551 4079 omnes,ingressurisuntin
1566 4017 1818 4072 regnum
1842 4016 1911 4055 ac
1940 4002 2151 4055 vitam:

500 4114 560 4163 at
581 4120 760 4162 nemo
776 4103 860 4156 eis
889 4099 1171 4167 largietur
1196 4110 1332 4149 eam
1350 4092 1583 4163 absque
1604 4089 1807 4144 labore
1831 4105 1900 4144 ac
1925 4104 2150 4160 pugna,

500 4194 796 4266 siquidem
845 4192 1119 4258 Angusta
1147 4190 1226 4239 est
1269 4197 1340 4238 ac
1369 4178 1700 4266 afﬁclionisr
1744 4179 1925 4245 plena
1957 4180 2052 4233 via
2082 4179 2149 4233 ⁸⁸.

499 4286 604 4338 Per
632 4282 829 4353 ipsam
864 4291 1139 4346 asperam
1161 4274 1317 4327 viam
1336 4268 1606 4332 transire,
1629 4265 1877 4321 tolerare
1892 4270 1949 4321 et
1969 4266 2153 4337 afﬂigi

499 4372 751 4442 oportet,
775 4371 829 4421 et
854 4365 937 4418 sic
964 4361 1194 4433 ingredi
1225 4360 1429 4414 vitam.

1819 274 1877 328 S.
1923 269 2222 328 MACARII
2264 270 2572 327 IEGYPT'I

598 408 765 478 109
804 406 928 461 XIX.
949 403 1262 477 Reliquum
1295 405 1400 468 est,
1426 404 1561 457 tuus
1589 400 1829 456 animus
1855 399 2017 471 quali
2050 399 2169 454 the-
2209 405 2247 452 Δ

3767 278 3879 335 708

2351 396 2460 450 ΙΘ’.
2517 400 2711 449 Λοιπὸν
2761 400 2786 449 6
2820 401 2907 459 σός
2934 406 3052 460 νοῦς
3106 398 3177 461 εἰς
3224 405 3369 453 ποῖόν
3420 403 3531 454 ἐστι
3586 404 3883 477 θησαυρόν,

2280 480 2382 556 ἆρα
2425 486 2543 547 ὅλος
2591 483 2769 538 διόλου
2826 492 2955 560 πρὸς
3001 492 3086 540 τὸν
3142 494 3269 542 Θεόν
3321 489 3484 555 ἐστιν,
3518 491 3547 550 ἦ
3592 496 3695 558 οῦς
3744 494 3787 545 εἰ
3817 490 3889 545 δὲ

2280 576 2375 627 ούκ
2405 578 2563 640 ἔστιν,
2598 574 2816 648 ὀφείλετέ
2864 596 2953 649 μοι
2984 578 3163 644 εἰπεῖν,
3194 584 3245 631 τί
3291 577 3403 631 έστι
3441 583 3498 632 τό
3540 578 3828 651 ἐμποδίζον
3868 599 3885 648 ;

2283 668 2490 726 Πάντως
2542 668 2809 737 πνεύματά
2866 666 2969 717 εἱσι
3024 670 3243 741 πονηρὰ,
3302 670 3327 719 6
3390 675 3619 731 Σατανᾶς
3683 676 3773 722 καὶ
3833 672 3892 723 οἱ

2282 749 2545 825 δαίμονες,
2608 758 2917 825 κατέχοντες
2968 759 3053 807 τόν
3104 764 3244 822 νοῦν,
3297 763 3385 809 καὶ
3441 758 3893 832 περισκιλίζοντες

2279 846 2371 899 τὴν
2444 842 2650 914 ψυχήν.
2727 843 2784 895 Ὁ
2857 847 2958 917 γὰρ
3032 845 3353 907 πολύπλοκος
3427 842 3667 908 διάϐολος
3741 851 3893 921 ἔχων

2280 933 2509 1003 μάγανα,
2563 937 2650 984 καὶ
2698 934 2919 1006 τρίθυρα
2955 940 3045 986 καὶ
3089 935 3349 987 ποικιλίαν
3398 936 3611 1003 πολλὴν,
3662 941 3894 1011 κατέχει

2281 1022 2369 1079 τὰς
2393 1022 2547 1091 νομὰς
2573 1029 2667 1083 τῆς
2695 1022 2883 1094 ψυχῆς
2920 1028 3006 1076 καὶ
3036 1027 3151 1085 τοὺς
3197 1024 3501 1097 λογισμοὺς.
3547 1030 3637 1079 καὶ
3685 1026 3783 1079 οὐκ

2281 1107 2446 1183 ὀρθῶς
2496 1114 2892 1183 προσεύχεσθαι
2944 1117 3031 1165 καὶ
3082 1114 3449 1188 προσεγγίζειν
3508 1122 3642 1188 Θεῷ,
3694 1113 3887 1176 ἐπειδὴ

2281 1198 2412 1257 αὐτὴ
2465 1200 2495 1257 ἡ
2541 1202 2697 1271 φύσις
2748 1206 3020 1260 κοινωνικὴ
3070 1204 3183 1254 ἑστι
3230 1211 3328 1255 τῶν
3362 1199 3623 1276 δαιμόνων
3662 1210 3756 1258 καὶ
3783 1215 3891 1258 τῶν

2279 1290 2581 1359 πνευμάτων
2639 1297 2733 1350 τῆς
2791 1296 3058 1364 πονηρίας,
3119 1292 3307 1363 ὁμοίως
3350 1298 3441 1345 καὶ
3492 1293 3747 1364 ἀγγέλων,
3794 1300 3883 1347 καὶ

2282 1380 2574 1448 Πνεύματος
2625 1378 2777 1449 ἁγίου
2811 1400 2823 1413 ’
2872 1385 2992 1442 ναός
3041 1379 3153 1433 ἔστι
3198 1388 3289 1433 τοῦ
3343 1389 3562 1447 Σατανᾶ,
3616 1390 3710 1435 καὶ
3763 1390 3877 1444 ναός

2277 1474 2366 1517 τοῦ
2415 1466 2567 1538 ἁγίου
2627 1471 2944 1540 Πνεύματος,
3002 1473 3197 1522 Λοιπὸν
3246 1470 3600 1542 ἓπισκέψασθε
3643 1476 3735 1525 τὸν
3765 1481 3879 1524 νοῦν

2278 1555 2440 1626 ὑμῶν,
2484 1553 2714 1628 ἀδελφοὶ,
2755 1562 2892 1619 τίνος
2931 1556 3046 1610 έστε
3084 1564 3344 1623 κοινωνοὶ,
3388 1559 3635 1632 ἀγγέλων,
3681 1562 3712 1619 ἦ
3759 1558 3889 1614 δαι-

2276 1648 2442 1715 μόνων
2473 1661 2485 1712 ;
2517 1650 2650 1706 τίνος
2680 1646 2795 1699 ἐστὶ
2833 1651 2964 1709 ναός,
3001 1647 3300 1722 οἰκητήριον
3331 1653 3479 1713 Θεοῦ,
3512 1650 3541 1708 ἦ
3578 1645 3613 1702 δ
3618 1649 3837 1703 ιαϐόλου
3872 1668 3886 1717 ;

2200 1756 2243 1811 Β
2274 1732 2330 1785 Ἡ
2363 1732 2559 1807 καρδία
2603 1740 2754 1787 ποίου
2788 1738 3058 1811 θησαυροῦ
3105 1742 3456 1809 μεμέστωται,
3497 1746 3588 1799 τῆς
3625 1742 3885 1813 χάριτος,

2275 1824 2304 1881 ἣ
2361 1831 2453 1875 τοῦ
2509 1831 2711 1877 Σατανᾶ
2758 1842 2771 1890 ;
2826 1824 3025 1898 Ὠσπερ
3085 1823 3172 1878 οὖν
3240 1826 3409 1879 οἰκίαν
3480 1835 3887 1901 μεμεστωμένην

2277 1910 2553 1975 δυσωδίας
2608 1919 2697 1966 καὶ
2753 1919 2993 1990 κοπρίας,
3052 1920 3163 1989 χρὴ
3217 1919 3415 1973 ταύτην
3491 1919 3887 1989 καθαρισθῆναι

2276 2008 2333 2054 τὸ
2386 2002 2518 2068 ὅλον,
2586 2008 2675 2055 καὶ
2734 2007 3086 2076 κοσμηθῆναι,
3157 2010 3247 2057 καὶ
3305 2004 3645 2079 πληρωθῆναι
3699 2011 3887 2069 πάσης

2276 2089 2500 2153 εὐωδίας
2554 2098 2642 2145 καὶ
2700 2095 2997 2167 θησαυρῶν,
3054 2096 3189 2147 ὥστε
3243 2100 3452 2168 Πνεῦμα
3508 2095 3659 2167 ἅγιον
3718 2096 3886 2150 ἐλθεῖν

2278 2181 2390 2234 ἀντὶ
2420 2190 2512 2234 τοῦ
2556 2189 2774 2247 Σατανᾶ,
2808 2188 2897 2235 καὶ
2941 2184 3304 2244 έπαναπαῆναι
3348 2184 3416 2245 εἰς
3443 2188 3533 2246 τάς
3562 2185 3754 2258 ψυχὰς
3780 2196 3885 2239 τῶν

2276 2279 2626 2343 Χριστιανῶν.

2350 2394 2425 2450 κ’.
2462 2395 2601 2453 Πλὴν
2650 2394 2744 2447 οὐκ
2774 2394 2921 2456 εὐθύς
2968 2415 3043 2456 τις
3087 2393 3315 2458 ἀκούσας
3364 2395 3516 2469 λόγον
3570 2405 3726 2462 Θεοῦ,
3773 2395 3875 2457 ἤδη

2274 2490 2448 2557 γέγονε
2496 2494 2585 2537 τοῦ
2626 2483 2823 2556 ἀγαθοῦ
2874 2488 3081 2557 μέρους.
3117 2485 3182 2540 Εἰ
3221 2489 3321 2559 γὰρ
3348 2486 3460 2558 ἅμα
3505 2495 3576 2557 τῷ
3625 2487 3878 2554 ἀκοῦσαι,

2276 2574 2501 2645 ἐγίγνετο
2533 2581 2622 2626 τοῦ
2664 2574 2863 2645 ἀγαθοῦ
2901 2579 3105 2649 μέρους,
3138 2575 3311 2627 ούκέτι
3362 2575 3422 2627 Ξιν
3478 2572 3611 2635 ἦσαν
3660 2576 3881 2650 ἀγῶνες,

2274 2663 2302 2721 ἦ
2361 2668 2535 2735 καιροὶ
2586 2662 2841 2735 πολέμων,
2902 2665 2930 2723 ἡ
2990 2659 3185 2736 δρόμος
3237 2685 3249 2696 ·
3308 2663 3414 2716 ἀλλ’
3489 2663 3789 2737 ἀκαμάτως,
3840 2668 3886 2720 εἰ

2272 2756 2424 2825 μόνον
2454 2756 2693 2817 ἤκουσεν,
2748 2748 2896 2810 ἦλθεν
2928 2751 2985 2802 ἆν
3017 2751 3084 2813 εἰς
3111 2755 3447 2805 κατάπαυσιν
3476 2759 3564 2806 καὶ
3596 2758 3660 2806 τὰ
3705 2756 3883 2809 τέλεια

2272 2847 2448 2916 μέτρα.
2486 2841 2608 2913 Οὐχ
2657 2841 2821 2903 οὕτως
2869 2837 2930 2892 δέ
2980 2840 3092 2893 ἔστι
3121 2845 3185 2893 τὰ
3226 2846 3531 2915 πράγματα.
3580 2850 3877 2918 Περιαιρεῖς

2271 2935 2371 3005 γὰρ
2420 2935 2477 2983 τό
2524 2931 2720 3002 θέλημα
2762 2938 2853 2982 τοῦ
2902 2928 3196 3004 ἀνθρώπου,
3242 2940 3395 2985 τοῦτο
3440 2932 3601 3004 λέγων,
3649 2936 3738 2984 καί
3766 2934 3873 2992 τήν

2274 3020 2548 3095 ἀντίπαλον
2599 3016 2820 3092 δύναμιν
2849 3018 2907 3071 ού
2938 3018 3101 3088 λέγεις
3152 3016 3281 3072 εἶναι
3309 3021 3626 3074 παλαίουσάν
3657 3030 3729 3092 τῷ
3760 3031 3871 3095 νῷ,

2204 3088 2445 3183 (ῙἝΗμεῖς
2476 3107 2535 3162 δὲ
2581 3088 2946 3180 τοῦτό-φαμεν,
2998 3110 3078 3161 ότι
3118 3110 3143 3161 6
3187 3108 3387 3162 ἀκούων
3436 3110 3605 3182 λόγον,
3658 3088 3885 3185 ἔρχεται

2272 3201 2337 3261 εἰς
2380 3198 2679 3262 κατάνυξιν,
2746 3202 2835 3250 καὶ
2889 3200 3019 3270 μετὰ
3078 3207 3234 3252 τοῦτο
3298 3199 3726 3263 ύποστελλούσης
3786 3213 3880 3264 τῆς

2268 3291 2487 3361 χάριτος
2515 3287 2630 3339 κατ’
2664 3286 2958 3360 οἰκονομίαν
2988 3292 3116 3361 πρὸς
3139 3290 3195 3340 τὸ
3227 3297 3483 3362 συμφέρον
3514 3297 3587 3359 τῷ
3618 3288 3865 3365 ἀνθρώπῳ

2272 3378 2568 3450 εἰσέρχεται
2599 3377 2671 3438 εἰς
2715 3380 3010 3449 γυμνασίαν
3054 3382 3143 3429 καὶ
3189 3374 3435 3431 παιδείαν
3484 3378 3737 3451 πολέμου,
3782 3387 3869 3433 καὶ

2268 3474 2406 3541 ποιεῖ
2446 3466 2613 3524 πάλην
2662 3470 2751 3517 καὶ
2806 3464 2981 3537 ἀγῶνα
3018 3469 3159 3540 πρὸς
3188 3470 3274 3518 τὸν
3322 3473 3572 3533 Σατανᾶν,
3606 3474 3698 3521 καὶ
3745 3474 3878 3542 μετά

2268 3555 2456 3608 πολλοῦ
2504 3552 2703 3628 δρόμου
2756 3559 2845 3606 καὶ
2900 3553 3093 3625 ἀγῶνος
3125 3554 3430 3630 ἀποφέρεται
3457 3560 3524 3608 τά
3566 3563 3874 3631 νικητήρια,

2269 3651 2357 3697 καὶ
2411 3649 2611 3715 γίνεται
2666 3648 3002 3718 Χριστιανός.
3051 3644 3114 3699 Εἰ
3168 3646 3267 3719 γάρ
3317 3665 3397 3707 τις
3445 3644 3648 3699 ἀκούων
3690 3667 3874 3719 μονον,

2269 3734 2545 3807 ἀκαμάτως
2574 3733 2762 3805 έγίνετο
2793 3741 2884 3785 τοῦ
2916 3733 3136 3805 ἀγαθοῦ,
3168 3740 3259 3787 καὶ
3289 3738 3337 3787 οἱ
3387 3737 3671 3810 θεπρικοὶ,
3702 3743 3800 3789 καὶ
3828 3741 3878 3791 οἱ

2265 3829 2445 3899 πόρνοι
2492 3826 2679 3885 πάντες
2717 3823 2989 3894 μέλλουσιν
3047 3822 3281 3876 ἀπελθεῖν
3328 3824 3395 3885 εἰς
3454 3823 3727 3898 βασιλείαν
3783 3833 3874 3879 καὶ

2268 3914 2406 3974 ζωήν
2439 3931 2451 3944 ·
2488 3912 2591 3965 ἀλλ’
2629 3909 2805 3974 οὐδεὶς
2847 3912 3025 3975 αὐτοῖς
3056 3910 3219 3965 δώσει
3248 3917 3445 3971 ταύτην
3474 3916 3594 3967 ᾶνευ
3626 3920 3876 3988 καμάτου

2264 4008 2354 4055 καὶ
2386 4002 2600 4074 ἀγῶνος,
2636 3998 2817 4060 ἐπειδὴ
2870 4006 3054 4059 στενό
3107 4005 3246 4054 ἑστι
3303 4008 3412 4055 καὶ
3472 4004 3873 4076 τεθλιμμένη

2263 4095 2294 4151 ἡ
2338 4088 2507 4154 ὁδός.
2566 4091 2640 4143 Δι’
2673 4091 2833 4152 αὐτῆς
2864 4098 2959 4151 τῆς
3013 4096 3262 4163 τραχείας
3300 4088 3430 4145 ὁδοῦ
3460 4097 3550 4145 καὶ
3580 4089 3879 4148 διοδεῦσαι

2262 4187 2397 4257 χρὴ,
2450 4187 2539 4234 καὶ
2586 4182 2878 4254 ὑπομεῖναι,
2929 4185 3019 4233 καὶ
3068 4180 3328 4248 θλιϐἥναι,
3396 4186 3485 4236 καὶ
3537 4182 3703 4245 οὕτως
3765 4184 3879 4237 εἱσ-

2262 4272 2421 4324 ελθείν
2452 4271 2520 4332 εἰς
2547 4276 2641 4329 τὴν
2662 4274 2823 4332 ζωήν.

569 4496 700 4550 XXI.
759 4491 814 4548 Si
845 4489 1005 4545 enim
1036 4486 1258 4556 absque
1288 4483 1493 4538 labore
1526 4495 1817 4553 prospero
1870 4495 2150 4537 successu

2331 4483 2460 4541 KA'.
2503 4484 2563 4537 Εἰ
2605 4486 2702 4558 γὰρ
2743 4484 2860 4535 ἄνευ
2901 4483 3137 4555 καμάτου
3178 4477 3238 4541 ἧν
3276 4484 3628 4556 κατορθῶσαι,
3686 4483 3881 4539 οὐκέτι

497 4584 576 4640 uti
606 4582 894 4645 licuisset,
929 4592 1047 4632 non
1080 4570 1503 4645 ampliuslapis
1518 4568 1864 4624 offensionis
1892 4585 1961 4623 ac
1984 4576 2150 4640 petra

494 4672 762 4729 scandali
792 4673 945 4725 esset
978 4661 1466 4721 Christianismus
1498 4678 1515 4723 ;
1550 4674 1657 4714 nec
1687 4658 1838 4713 fides
1862 4665 1917 4713 et
1943 4658 2147 4715 inﬁde-

493 4763 645 4818 litas.
677 4758 993 4817 Constituis
1025 4756 1267 4823 insuper
1293 4766 1533 4824 quoque
1586 4748 1893 4803 hominem
1945 4747 2147 4803 devin-

493 4858 677 4916 ctum,
719 4844 1156 4905 immutabilem
1190 4848 1315 4897 tum
1352 4839 1429 4895 ad
1461 4840 1711 4903 bonum,
1748 4843 1873 4892 tum
1904 4837 1982 4892 ad
2015 4854 2146 4893 ma-

490 4940 639 4996 lum.
690 4938 915 4993 Etenim
970 4936 1045 5002 ei,
1100 4932 1203 5004 qui
1239 4929 1453 4986 mutari
1487 4932 1680 5000 potest
1709 4927 1768 4981 in
1828 4931 2144 4999 utramque

490 5040 745 5102 partem,
768 5028 859 5081 lex
887 5026 1030 5081 data
1056 5026 1145 5077 est
1175 5038 1187 5086 ;
1222 5022 1272 5075 ei
1304 5020 1608 5082 nimirum,
1638 5015 1740 5087 qui
1773 5014 2027 5071 liberum
2054 5032 2143 5071 ar-

488 5120 731 5175 bitrium
785 5116 985 5180 habet,
1021 5118 1084 5167 ut
1112 5110 1338 5166 bellum
1398 5112 1558 5176 gerat
1590 5106 1878 5161 adversus
1910 5110 2141 5160 contra-

488 5209 641 5265 riam
700 5209 1073 5279 potestatem.
1108 5199 1398 5255 Devinctaa
1432 5196 1588 5250 enim
1632 5198 1859 5250 natura:
1894 5193 1987 5248 lex
2019 5210 2139 5250 non

488 5297 856 5370 imponitur:
886 5306 1080 5363 neque
1096 5289 1253 5344 enim
1277 5286 1386 5347 sol,
1409 5300 1601 5356 neque
1622 5284 1839 5339 coelum
1864 5288 1966 5337 aut
1983 5286 2139 5339 terra

485 5386 612 5457 lege
646 5389 957 5442 teneantur
991 5379 1165 5451 :quia
1194 5380 1480 5431 creaturas
1496 5377 1636 5428 sunt
1664 5373 1857 5443 ligatae
1886 5377 2132 5440 naturae,

487 5477 645 5532 unde
671 5490 779 5529 nec
806 5468 1079 5544 praemio,
1113 5482 1223 5522 nec
1255 5462 1552 5536 supplicio
1584 5462 2134 5539 subjacent.Honor

557 5678 603 5714 ⁸⁸
633 5672 834 5732 Matth.
869 5686 962 5739 vn,
1003 5673 1079 5726 14.

2258 4573 2397 4633 λίθος
2440 4578 2847 4645 προσκόμματος
2893 4577 2982 4624 καὶ
3029 4576 3193 4644 πέτρα
3234 4568 3530 4624 σκανδάλου
3574 4568 3636 4630 ἧν
3666 4574 3695 4624 6
3728 4582 3879 4648 Χρι..

2262 4666 2591 4735 στιανισμός,
2638 4665 2751 4714 οὔτε
2780 4666 2958 4723 πίστις
2986 4665 3072 4713 καὶ
3104 4660 3344 4726 ἀπιστία,
3375 4669 3541 4722 ποιεῖς
3572 4659 3633 4713 δὲ
3675 4662 3871 4717 λοιπόν

2257 4754 2346 4801 καὶ
2396 4751 2482 4799 τόν
2526 4748 2795 4818 ἄνθρωπον
2844 4743 3011 4815 δετόν,
3062 4748 3283 4820 (ἔρεπτον
3334 4746 3400 4807 εἰς
3438 4750 3495 4798 τό
3556 4744 3759 4818 ἀγαθόν
3813 4770 3875 4804 τε

2256 4842 2345 4889 καὶ
2385 4843 2563 4892 κακον.
2605 4841 2687 4906 Τῷ
2724 4836 2825 4908 γὰρ
2867 4831 3135 4907 δυναμένῳ
3174 4843 3433 4907 τραπῆναι
3475 4835 3547 4898 εἰς
3587 4834 3875 4913 ἀμφότερα

2254 4928 2320 4977 τά
2370 4930 2519 5000 μέρη,
2569 4931 2721 4997 νόμος
2778 4921 3013 4988 δέδοται,
3060 4934 3129 4996 τῷ
3181 4928 3359 4996 ἔχοντι
3412 4928 3468 4977 τό
3521 4925 3876 4987 αὐτεξούσιον

2253 5023 2475 5074 ποιῆσαι
2526 5014 2742 5085 πόλεμον
2796 5016 2929 5086 πρὸς
2982 5018 3077 5072 τὴν
3136 5012 3365 5066 έναντίαν
3420 5010 3663 5086 δύναμιν.
3728 5022 3869 5091 Att-‘5

2251 5106 2352 5177 γάρ
2395 5107 2546 5176 φύσει
2582 5109 2738 5175 νόμος
2787 5102 2845 5154 ού
2886 5110 3052 5155 κεῖται
3094 5119 3107 5134 ⁸
3165 5106 3282 5156 οὔτε
3318 5106 3419 5176 γὰρ
3462 5105 3487 5155 ὁ
3528 5103 3697 5169 ἣλιος,
3742 5109 3875 5161 οὔτε

2253 5196 2277 5244 6
2327 5193 2537 5267 οὐρανὸς
2582 5196 2671 5243 καὶ
2715 5193 2744 5249 ἡ
2799 5200 2866 5262 γῆ
2921 5193 3335 5265 νενομοθέτηται,
3380 5188 3561 5250 ἐπειδὴ
3625 5196 3690 5246 τὰ
3751 5202 3869 5248 κτίο

2254 5302 2430 5355 σματα
2461 5279 2614 5344 δετῆς
2664 5280 2768 5333 εἰσι
2799 5283 3000 5352 φύσεως
3034 5298 3046 5310 ⁸
3079 5282 3191 5334 ὅθεν
3220 5283 3337 5334 οὔτε
3367 5289 3515 5354 τιμῇ,
3549 5284 3667 5334 οὔτε
3697 5283 3867 5337 κολά-

2251 5392 2329 5425 σει
2372 5374 2689 5424 ὑπόκεινται.
2738 5368 2795 5421 Ἠ
2826 5372 2927 5443 γὰρ
2978 5376 3102 5443 τιμὴ
3145 5376 3235 5423 καὶ
3269 5373 3297 5429 ἠ
3351 5367 3485 5433 δόξα
3527 5372 3869 5438 ἡτοίμασται

2244 5460 2317 5535 τῷ
2356 5465 2646 5538 τρεπομένῳ
2687 5458 2751 5520 εἰς
2812 5462 2867 5513 τὸ
2908 5458 3103 5533 ἀγαθον
3137 5478 3150 5491 ·
3192 5459 3345 5514 πάλιν
3386 5456 3445 5513 δε
3483 5460 3512 5519 ἡ
3551 5463 3736 5533 γέεννα
3768 5470 3863 5518 καὶ
