4034 6202
167 317 274 371 709

1395 309 1736 366 ΗΟΜΙΙΑΙᾸὲ.
1780 341 1846 351 -
1885 309 2056 365 HOM.
2105 309 2345 366 XXVIII.

3431 313 3538 369 710

162 435 190 491 ἡ
225 433 450 496 κόλασις
470 435 632 506 ταύτῃ
666 441 727 506 τῇ
769 439 962 504 τρεπτῇ
1015 432 1166 503 φύσει
1206 430 1548 500 ἡτοίμασται,
1591 434 1652 499 τῇ
1683 423 1750 479 δυ

1884 427 2045 482 enim
2071 430 2128 482 et
2157 425 2348 496 gloria
2377 429 2715 498 praeparata
2742 430 2833 484 est
2858 427 2932 492 ei,
2964 427 3129 500 quod
3149 430 3412 487 converti
3434 445 3538 503 po-

157 521 353 594 ναμένῄ
389 521 674 595 ἀποφυγεῖν
727 525 784 574 τὸ
838 523 1019 586 κακὸν,
1073 523 1162 571 καὶ
1209 517 1367 592 ῥέψαι
1397 516 1464 577 εἰς
1494 519 1547 568 τὸ
1579 514 1774 587 ἀγαθὸν

161 617 251 664 καὶ
287 608 464 674 δεξιὸν
516 614 690 686 μέρος.
743 606 884 664 Ἰδού
937 608 1096 680 λέγεις
1145 607 1301 660 αὐτὸν
1338 603 1396 658 δε
1424 613 1516 666 τῆς
1554 607 1771 677 φύσεως.

161 704 386 766 Λοιπὸν,
419 703 507 752 τὸν
540 699 736 771 ἀγαθὸν
766 701 1035 773 ἄνθρωπον
1065 700 1123 749 ού
1155 702 1321 758 ποιεῖς
1370 694 1512 758 ἀξιον
1538 698 1769 747 ἰπαίνου.

155 778 217 842 Ὀ
239 791 340 862 γὰρ
372 787 479 842 ἀπὸ
510 791 711 860 φύσεως
741 791 980 860 χρηστὸς
1005 791 1094 839 καὶ
1123 784 1319 857 ἀγαθὸς
1343 784 1437 836 οὐκ
1466 787 1607 836 ἔστιν
1630 781 1773 835 ἐπαί-

168 899 255 931 νου
286 879 456 944 ἄξιος,
497 878 542 930 εὶ
569 883 660 932 καὶ
702 877 1016 950 ἐπιθυμητός
1056 875 1216 928 ἐστιν.
1251 874 1327 926 Οὐ
1352 876 1454 946 γὰρ
1488 872 1768 939 ἐπαινετὸν,

168 967 322 1021 εἰχαὶ
375 967 718 1039 ἐπιθυμητὸν,
777 970 836 1019 τὸ
895 971 966 1039 μὴ
1027 968 1291 1039 προιρέσει
1353 961 1568 1033 ἀγαθόν.
1599 963 1769 1014 Ἐκεῖ-

169 1076 252 1118 νος
306 1060 402 1131 γάρ
463 1056 605 1110 εστιν
646 1054 854 1109 ἐπαίνου
911 1055 1078 1120 ἄξιος,
1129 1055 1153 1106 6
1205 1049 1321 1126 ἰδίᾳ
1372 1048 1580 1123 σπουδῇ
1638 1051 1770 1123 μετὰ

171 1143 358 1216 ἀγῶνος
387 1150 479 1197 καὶ
528 1145 696 1206 πάλης
741 1143 1095 1216 ἐπανελόμενος
1151 1145 1209 1194 τό
1265 1141 1459 1212 ἀγαθὸν
1517 1138 1766 1203 αὐτεξου-

167 1240 282 1287 σίου
312 1237 688 1308 προαιρέσεως.

1884 517 1995 570 test
2024 517 2102 572 ad
2134 514 2364 571 bonum
2394 531 2406 569 :
2436 530 2466 570 e
2498 515 2734 572 diverso
2763 532 2894 573 vero
2925 517 3201 588 gehenna
3231 524 3286 575 et
3314 519 3541 592 suppli-

1883 604 2041 659 cium
2069 604 2263 660 eidem
2293 603 2567 659 mutabili
2588 596 2818 662 naturis
2845 611 3250 679 praeparatum
3267 613 3374 675 est,
3398 625 3535 682 qua:

1880 708 2099 764 nempe
2122 698 2317 764 potest
2339 693 2556 748 evitare
2575 693 2827 762 malum,
2849 711 2920 751 ac
2940 711 3186 766 vergere
3208 697 3286 754 ad
3306 698 3536 755 bonam

1881 787 1937 837 et
1948 783 2220 838 dextram
2235 789 2486 854 partem.
2505 785 2646 840 Ecce
2660 785 2881 840 asseris
2895 801 3032 842 eum
3049 785 3246 857 ligatas
3267 793 3496 845 naturae
3518 804 3533 844 :

1879 870 2108 927 bonum
2141 887 2281 942 ergo
2314 871 2507 927 virum
2546 887 2670 928 non
2699 874 3009 930 constituis
3047 875 3226 933 laude
3256 877 3535 948 dignum.

1881 959 1992 1028 Qui
2018 962 2178 1016 enim
2207 977 2243 1016 a
2273 965 2490 1017 natura
2525 963 2697 1033 llo
2728 970 3079 1020 mansuetus
3109 982 3179 1022 ac
3207 965 3405 1022 bonus
3424 973 3532 1033 est,

1879 1065 1999 1106 non
2014 1051 2122 1106 erit
2135 1050 2312 1106 laude
2325 1051 2468 1122 dign
2478 1068 2568 1114 us,
2581 1067 2764 1124 quam
2775 1053 2860 1108 vis
2875 1053 2948 1107 sit
2959 1052 3392 1112 desiderabilis.
3407 1059 3536 1113 Non

1879 1138 2037 1194 enim
2062 1138 2386 1205 laudabile,
2415 1139 2554 1196 licet
2573 1140 2992 1210 desiderabile,
3017 1144 3184 1214 quod
3207 1159 3328 1201 non
3351 1151 3438 1201 est
3464 1162 3536 1202 ex

1879 1229 2188 1298 proposito
2216 1227 2466 1284 bonum.
2504 1228 2600 1284 llle
2632 1230 2790 1286 enim
2816 1231 2997 1288 laude
3035 1231 3255 1304 dignus
3285 1237 3392 1300 est,
3424 1235 3534 1307 qui

156 1325 407 1396 proprio
418 1323 614 1380 studio
630 1338 748 1380 non
763 1321 982 1395 absque
996 1320 1308 1377 certamine
1321 1335 1390 1375 ac
1405 1333 1608 1391 pugna
1623 1315 2172 1388 amplectiturquod
2187 1316 2401 1374 bonum
2415 1317 2710 1384 est,libera
2723 1317 2944 1376 arbitrii
2961 1320 3266 1380 voluntate
3280 1323 3513 1380 ductus.

226 1447 354 1500 KB’.

147 1535 457 1609 παρεμϐολή
535 1535 821 1608 Ῥωμαίων,
899 1539 987 1587 καὶ
1068 1533 1340 1597 ἑξέλθωσιν
1419 1531 1508 1584 ἀπ’

149 1631 414 1700 πτερωτοὶ
478 1622 576 1678 δύο
627 1630 896 1678 νεανίσκοι
967 1619 1304 1696 ἰσοδύναμοι,
1354 1627 1444 1674 καὶ
1496 1625 1762 1680 ποιήσωσι

150 1716 323 1774 πάλην
362 1733 376 1745 ⁶
466 1715 630 1777 οὕτως
690 1717 719 1773 ἡ
778 1713 1053 1775 ἀντίπαλος
1120 1709 1343 1784 δύναμις
1423 1716 1512 1764 καὶ
1565 1712 1589 1762 6
1641 1718 1763 1772 νοῦς

158 1808 350 1876 ἔχουσι
402 1808 462 1857 τὸ
516 1803 793 1879 ἰσόρροπον
847 1804 962 1856 κατ’
1021 1801 1248 1860 ἀλλήλων
1284 1819 1295 1831 ·
1329 1805 1419 1853 καὶ
1451 1805 1542 1859 τὴν
1581 1797 1758 1852 ἰσοδυ·

417 1444 619 1521 Ὠσπερ
706 1448 826 1498 ὅταν
997 1443 1296 1518 παρεμϐολή
1382 1450 1615 1517 Περσῶν,
1672 1445 1759 1494 καὶ

1592 1551 1761 1584 αυτων

1947 1441 2097 1497 XXII.
2143 1442 2392 1498 Perinde
2433 1460 2502 1499 ac
2556 1444 2603 1498 si
2661 1445 2734 1500 sit
2771 1445 2929 1501 acies
2982 1445 3296 1504 Persarum
3349 1453 3530 1522 atque

1873 1531 2028 1584 acies
2064 1533 2494 1598 Romanorum,
2537 1538 2715 1605 atque
2746 1534 3041 1605 prodeant
3072 1552 3144 1592 ex
3175 1537 3245 1592 iis
3285 1539 3534 1610 pennati

1873 1618 2282 1676 adolescentes
2312 1621 2457 1687 duo,
2486 1621 2713 1679 viribus
2744 1623 3032 1696 aequales,
3058 1627 3162 1699 qui
3193 1625 3357 1684 lucta
3396 1642 3535 1684 con-

1873 1709 2124 1765 tendant
2147 1726 2160 1776 ;
2189 1711 2269 1767 ita
2291 1710 2638 1768 adversaria
2659 1717 2927 1784 potestas
2954 1721 3010 1771 et
3028 1730 3201 1771 mens
3220 1731 3431 1790 mquas
3449 1717 3534 1774 vi-

1873 1813 1965 1853 res
1985 1798 2255 1854 obtinent
2283 1799 2569 1856 adversus
2592 1817 2657 1857 se
2687 1801 2944 1860 invicem
2969 1821 2982 1858 :
3012 1819 3082 1860 ac
3101 1821 3312 1876 parem
3341 1805 3534 1864 facul-

163 1899 346 1965 ναμίαν
422 1897 540 1965 ἔχει
594 1895 620 1945 6
670 1897 900 1954 Σατανᾶς
964 1899 1057 1944 τοῦ
1107 1891 1491 1966 προτρέπεσθαι
1537 1895 1626 1942 καὶ
1678 1909 1754 1942 κο·

1876 1892 2052 1943 tatem
2085 1888 2264 1944 habet
2305 1891 2554 1946 Satanas
2584 1890 2946 1948 adhortandi
2978 1897 3036 1949 et
3067 1894 3364 1952 alliciendi
3403 1897 3534 1954 ani-

167 1982 390 2035 λακιύειν
415 1987 512 2042 τὴν
542 1981 723 2054 ψυχὴν
765 1981 838 2043 εἰς
870 1984 926 2033 τὸ
955 1977 1091 2034 ἵδιον
1121 1980 1317 2052 θέλημα
1349 1997 1361 2010 ⁶
1396 1985 1484 2032 καὶ
1528 1981 1556 2038 ἠ
1605 1979 1759 2050 ψυχὴ

165 2071 329 2129 πάλην
383 2075 500 2144 ἔχει
553 2078 645 2124 τοῦ
676 2069 976 2142 ἀντιλέγειν,
1025 2075 1115 2122 καὶ
1164 2071 1214 2122 ἐν
1254 2065 1443 2142 μηδενὶ
1490 2068 1629 2138 αύτῷ
1668 2069 1763 2120 61:-

158 2162 389 2217 ακούειν.
453 2163 836 2233 Προτρεπτικαὶ
886 2160 986 2233 γὰρ
1035 2158 1165 2211 εἰσιν
1196 2160 1251 2210 αἱ
1282 2157 1566 2232 ἀμφότεραι
1606 2155 1763 2210 δυνά-

150 2269 269 2322 μεις
299 2256 393 2302 τοῦ
421 2268 477 2302 τε
507 2255 671 2301 κακοῦ
701 2253 790 2301 καὶ
819 2255 908 2301 τοῦ
943 2247 1164 2319 ἀγαθοῦ,
1212 2247 1305 2299 οὐκ
1354 2247 1758 2318 ἀναγκαστιχαί.

149 2347 225 2412 Τῇ
286 2335 374 2391 οὖν
429 2342 647 2411 τοιαύτη
693 2341 992 2412 προαιρέσει
1056 2333 1275 2390 δίδοται
1319 2337 1432 2388 θεία
1461 2334 1758 2406 ἀντίληψις,

143 2434 238 2481 καὶ
274 2424 501 2481 δύναται
557 2426 858 2480 παλαίουσα
893 2425 1065 2479 λαϐεῖν
1119 2425 1252 2478 ὅπλα
1299 2425 1354 2488 ἐξ
1399 2425 1640 2500 ούρανοῦ,
1673 2430 1761 2477 καὶ

145 2514 222 2570 δι’
253 2516 430 2569 αὐτῶν
475 2517 763 2588 ἐκριζῶσαι
811 2520 900 2568 καὶ
954 2523 1172 2574 νικῆσαι
1220 2519 1313 2572 τὴν
1367 2514 1647 2589 ἁμαρτίαν.
1690 2518 1759 2566 T6

146 2610 235 2678 μὲν
261 2608 369 2680 γὰρ
405 2603 686 2676 ἀντιλέγειν
726 2612 786 2676 τῇ
832 2604 1066 2679 ἁμαρτίᾳ
1120 2600 1340 2656 δύναται
1365 2605 1395 2661 ἡ
1426 2602 1604 2675 ψυχὴ,
1639 2604 1758 2655 ἄνευ

149 2693 206 2750 δὲ
237 2703 377 2750 Θεοῦ
410 2702 628 2752 νικῆσαι
658 2696 688 2753 ἦ
713 2693 1001 2769 ἐκριζῶσαι
1030 2697 1116 2745 τὸν
1145 2697 1305 2745 κακὸν
1337 2693 1394 2744 οὗ
1428 2689 1666 2745 δύναται.
1695 2694 1760 2745 Οἱ

146 2783 204 2838 δὲ
259 2784 500 2855 λέγοντες
525 2787 619 2841 τὴν
664 2782 920 2857 ἁμαρτίαν
965 2779 1094 2834 εἶναι
1148 2785 1216 2844 ὡς
1244 2786 1469 2853 γίγαντα
1505 2788 1758 2853 γενναῖον,

145 2878 238 2926 καὶ
290 2877 388 2932 τὴν
431 2871 620 2943 ψυχὴν
666 2874 735 2932 ὡς
778 2868 1011 2935 παιδίον,
1065 2879 1233 2932 κακῶς
1265 2870 1524 2942 λέγουσιν.
1561 2869 1619 2922 Εἰ
1655 2871 1756 2943 γὰρ

155 2963 312 3022 οὕτως
339 2960 454 3014 ἐστὶ
513 2963 579 3012 τά
616 2961 905 3035 πράγματα
933 2959 1173 3032 ἀνόμοια,
1224 2963 1293 3020 ὡς
1338 2964 1496 3031 γίγας
1522 2962 1549 3017 ἡ
1585 2958 1758 3033 ἁμαρ-

162 3055 270 3114 τία,
294 3055 380 3101 καὶ
423 3053 488 3110 ὡς
543 3045 758 3102 παιδίον
789 3050 818 3107 ἡ
852 3047 1031 3120 ψυχὴ,
1073 3045 1255 3108 ἄδικος
1286 3049 1311 3100 6
1341 3050 1640 3120 νομοθέτης,
1673 3052 1756 3099 v6-

159 3157 260 3210 μον
317 3134 555 3202 δεδωκὼς
613 3146 684 3209 τῷ
735 3139 988 3214 ἀνθρώπῳ
1042 3144 1206 3191 ποιεῖν
1258 3137 1427 3196 πάλην
1485 3141 1616 3209 πρὸς
1670 3140 1757 3189 τὸν

151 3233 404 3282 Σατανᾶν.

211 3424 337 3480 ΚΓ.
400 3424 563 3485 Οὗτος
623 3420 684 3478 δέ
724 3422 868 3477 ἔστιν
928 3425 954 3475 6
1014 3422 1241 3495 θεμέλιος
1299 3431 1394 3486 τῆς
1445 3427 1572 3499 πρὸς
1628 3426 1758 3477 Θεὸν

137 3512 291 3582 ὁδοῦ,
348 3517 416 3567 τὸ
465 3516 514 3566 ἓν
570 3515 806 3587 ὑπομονῇ
847 3511 1037 3585 πολλῇ,
1095 3511 1145 3564 ἐν
1197 3509 1390 3578 ἐλπίδι,
1429 3512 1478 3565 ἐν
1519 3533 1760 3566 ταπεινο-

142 3607 405 3679 φροσύνῃ,
467 3601 516 3655 ἓν
571 3607 810 3675 πτωχείᾳ
881 3604 1192 3676 πνεύματος,
1251 3601 1299 3653 ἐν
1356 3607 1611 3677 πραότητι
1678 3599 1760 3656 δι-

136 3692 340 3747 οδεύειν
383 3697 482 3751 τὴν
515 3689 640 3744 ὁδὸν
678 3700 772 3754 τῆς
806 3691 962 3758 ζωῆς,
1009 3697 1100 3743 καὶ
1122 3688 1212 3744 διὰ
1237 3693 1430 3744 τούτων
1455 3694 1758 3750 κτήσασθαι

132 3781 369 3837 δύναταί
423 3802 500 3843 τις
563 3786 656 3840 τὴν
714 3778 1060 3840 δικαιοσύνην
1095 3780 1144 3832 ἓν
1204 3780 1388 3851 ἑαυτῷ.
1424 3786 1651 3854 Λέγομεν
1699 3779 1758 3834 δι

127 3871 496 3930 δικαιοσύνην
543 3872 700 3924 αὑτὸν
759 3875 846 3923 τὸν
883 3873 1094 3944 Κύριον.
1128 3870 1295 3922 Αὖται
1332 3872 1433 3944 γὰρ
1465 3872 1518 3922 αἱ
1565 3869 1758 3922 ἐντολαὶ

121 3964 295 4025 οὕτως
352 3963 826 4038 προστάσσουσαι,
889 3963 1062 4034 ὥσπερ
1135 3959 1283 4032 μίλιά
1343 3960 1446 4012 εἰσι
1501 3965 1759 4018 στήκοντα

118 4059 215 4107 καὶ
268 4059 477 4124 σημεῖα
523 4059 618 4112 τῆς
677 4049 964 4123 βασιλικῆς
1021 4046 1169 4114 ὀδοῦ,
1231 4048 1527 4120 ἀνοιγούσης
1565 4048 1637 4110 εἰς
1667 4054 1758 4108 τὴν

122 4143 454 4216 ἐπουράνιον
482 4140 630 4192 πόλιν
656 4142 781 4202 τούς
819 4135 1178 4201 διοδεύοντας.
1210 4142 1362 4210 Λέγει
1389 4140 1510 4213 γὰρ,
1543 4138 1760 4193 Μακά-

121 4253 272 4308 ριοι
337 4232 400 4283 οἱ
454 4233 715 4302 πτωχοὶ
793 4236 876 4300 τῷ
920 4231 1260 4301 πνεύματι,
1325 4228 1639 4301 μακάριοι
1691 4222 1758 4280 οἱ

129 4327 403 4398 πραεῖς,
454 4321 777 4394 μακάριοι
831 4319 889 4370 οἱ
945 4317 1299 4391 ἐλεήμονες,
1357 4319 1668 4390 μακάριοι
1699 4314 1758 4370 οἱ

132 4413 226 4484 εἱρ
245 4412 582 4469 ηνοποιοί.
643 4407 843 4463 Τοῦτον
874 4403 982 4460 εἷπε
1033 4407 1473 4480 Χριστιανισμὸν.
1507 4406 1567 4460 Ei
1594 4402 1652 4459 δὲ
1679 4426 1753 4468 τις

133 4506 313 4574 ταύτῃ
357 4505 425 4571 τῇ
459 4494 568 4568 ὀδῷ
616 4497 674 4550 οὐ
721 4493 973 4562 διοδεύει,
1017 4493 1205 4568 ἀνοδίᾳ
1237 4495 1581 4564 πεπλάνηται,
1608 4504 1750 4568 κακῷ

1874 1993 2036 2032 mam
2071 1977 2149 2034 ad
2171 1978 2540 2036 voluntatem
2572 1997 2767 2048 suam,
2793 1987 2972 2054 atque
2997 1983 3203 2042 anima
3227 2001 3258 2042 e
3288 1985 3530 2046 diverso

1872 2081 2143 2138 pugnam
2171 2067 2372 2135 habet,
2396 2074 2459 2124 ut
2481 2070 2872 2140 contradicat,
2907 2077 2964 2127 et
2987 2073 3047 2128 in
3077 2073 3242 2131 nulla
3257 2091 3320 2132 re
3349 2076 3402 2132 ei
3428 2075 3532 2133 ob-

1873 2158 2612 2228 sequatur.Exhortatione
2625 2160 2784 2215 enim
2799 2162 3041 2219 excitari
3058 2169 3313 2236 possunt
3330 2165 3528 2223 ambas

1871 2244 2209 2310 facultates,
2246 2253 2370 2302 tum
2417 2249 2490 2302 ad
2523 2247 2779 2316 bonum,
2828 2255 2950 2306 tum
3001 2253 3080 2308 ad
3116 2254 3367 2320 malum,
3406 2271 3530 2314 non

1871 2338 2070 2389 tamen
2111 2334 2410 2407 compelli.
2447 2337 2588 2392 Huic
2626 2337 2801 2407 igitur
2830 2338 3030 2397 liberae
3062 2341 3331 2399 electioni
3353 2343 3532 2402 datur

1871 2421 2075 2478 divina
2101 2426 2523 2492 remuneratio,
2561 2431 2877 2500 potestque
2917 2428 3266 2487 dimicando
3294 2449 3530 2489 sumere

1870 2526 2041 2568 arma
2065 2511 2140 2567 de
2170 2511 2338 2580 cmlo,
2365 2518 2546 2584 atque
2568 2531 2778 2572 eorum
2805 2517 3099 2576 beneﬁcio
3125 2519 3432 2577 eradicare
3457 2538 3530 2578 ac

1872 2615 2158 2672 superare
2180 2607 2517 2674 peccatum.
2539 2606 2953 2663 Contradicere
2972 2609 3131 2664 enim
3154 2615 3403 2681 peccato
3425 2626 3530 2684 po-

1872 2690 2250 2760 testquidem
2278 2691 2528 2747 anima:
2580 2692 2706 2749 sine
2754 2696 2870 2750 Deo
2909 2711 3050 2753 vero
3095 2713 3381 2769 superare
3424 2705 3530 2757 aut

1869 2778 2201 2849 exstirpare
2260 2779 2462 2836 vitium
2521 2783 2744 2854 nequit.
2811 2785 3027 2842 Verum
3091 2786 3196 2859 qui
3251 2793 3530 2846 asserunt

1867 2873 2185 2941 peccatum
2217 2883 2346 2925 esse
2372 2869 2534 2926 velut
2559 2875 2869 2928 strenuum
2901 2875 3226 2945 gigantem,
3255 2877 3526 2934 animam

1868 2972 2009 3012 vero
2069 2956 2229 3012 velut
2268 2958 2575 3030 pusillum,
2635 2976 2953 3032 perperam
2995 2964 3221 3021 dicunt.
3265 2966 3320 3023 Si
3361 2967 3524 3024 enim

1869 3045 2019 3099 adeo
2064 3052 2261 3101 essent
2299 3063 2392 3103 res
2435 3046 2774 3116 dissimiles,
2803 3055 2865 3106 ut
2904 3058 3219 3123 peccatum
3250 3055 3328 3111 sit
3363 3055 3524 3112 velut

1867 3134 2056 3204 gigas,
2089 3136 2294 3191 anima
2320 3151 2456 3191 vero
2500 3136 2659 3193 velut
2688 3139 3220 3214 pusillus,iniquus
3255 3149 3412 3201 esset
3438 3145 3524 3202 le-

1791 3248 1831 3304 C
1867 3222 2111 3294 gislator
2152 3225 2255 3295 qui
2286 3223 2477 3295 legem
2511 3225 2641 3284 tulit
2669 3226 2923 3299 homini,
2965 3234 3029 3286 ut
3057 3245 3329 3303 pugnam
3360 3233 3523 3292 ineat

1865 3311 2156 3367 adversus
2190 3314 2492 3371 Satanam.

1935 3420 2124 3476 XXIII.
2149 3422 2265 3477 Hoc
2279 3425 2477 3480 autem
2493 3427 2582 3479 est
2601 3421 3064 3483 fundamentum
3090 3427 3201 3484 viae
3230 3428 3308 3486 ad
3331 3431 3517 3487 Deum

1866 3508 2243 3575 deducentis,
2276 3511 2337 3566 in
2369 3511 2683 3570 tolerantia
2717 3513 2929 3582 multa,
2961 3515 3022 3571 in
3072 3533 3202 3589 spe,
3231 3518 3292 3574 in
3322 3518 3523 3576 humi-

1864 3597 2047 3664 litate,
2071 3598 2130 3654 in
2150 3606 2501 3671 paupertate
2525 3602 2785 3674 spiritus,
2801 3603 2861 3658 in
2874 3607 3338 3665 mansuetudine
3358 3609 3520 3665 viam

1868 3687 1992 3742 vita:
2027 3704 2345 3759 peragrare
2379 3706 2392 3756 ;
2433 3697 2488 3746 et
2516 3691 2732 3747 horum
2757 3691 3050 3750 beneﬁcio
3084 3696 3219 3767 quis
3250 3696 3519 3755 obtinere

1870 3778 2372 3848 potestjustitiam
2404 3780 2461 3834 in
2496 3797 2558 3834 se
2588 3781 2717 3852 ipso
2758 3797 2771 3835 :
2820 3782 3074 3838 dicimus
3120 3789 3323 3840 autem
3347 3786 3515 3856 justi-

1868 3866 2009 3919 tiam
2044 3867 2243 3937 ipsum
2283 3867 2624 3923 Dominum.
2655 3871 2786 3925 Haec
2817 3870 2980 3926 enim
3027 3873 3338 3940 mandata,
3379 3889 3516 3946 quae

1867 3953 2026 4008 hunc
2057 3955 2113 4008 in
2148 3955 2396 4010 modum
2419 3957 2791 4028 praecipiunt,
2817 3968 2954 4014 sunt
2979 3965 3266 4032 tanquam
3283 3961 3516 4031 lapides

1870 4042 2125 4099 miliares
2150 4043 2267 4110 ﬁxi,
2293 4049 2350 4100 et
2373 4046 2546 4115 signa
2565 4046 2743 4116 regiae
2767 4047 2899 4113 viae,
2923 4047 3272 4105 deducentis
3297 4051 3374 4107 ad
3401 4067 3517 4107 cce-

1864 4131 2076 4188 lestem
2101 4132 2401 4189 civitatem
2428 4135 2890 4191 inambulantes.
2907 4135 3104 4209 Inquit
3121 4139 3280 4194 enim
3307 4155 3319 4194 :
3344 4140 3516 4197 Beati

1863 4236 2154 4292 pauperes
2176 4222 2392 4292 spiritu
2415 4240 2433 4285 ;
2461 4223 2630 4280 Beati
2647 4225 2852 4296 mites;
2880 4226 3048 4282 Beati
3067 4227 3512 4294 misericordes;

1864 4310 2032 4367 Beati
2052 4312 2287 4380 paciﬁci
2311 4315 2378 4368 9°.
2411 4315 2573 4368 Hunc
2600 4312 2781 4370 dicito
2807 4331 2939 4372 esse
2968 4315 3509 4374 Christianismum.

1865 4401 1920 4458 Si
1945 4416 2083 4457 vero
2104 4402 2238 4474 quis
2251 4402 2365 4458 hac
2378 4403 2474 4458 via
2495 4419 2615 4460 non
2633 4403 2982 4474 inambulet,
3012 4421 3117 4477 per
3137 4405 3309 4463 devia
3333 4412 3508 4474 errat,

1863 4490 2020 4546 malo
2061 4490 2454 4547 fundamento
2484 4508 2651 4548 usus.
2678 4492 2872 4549 Gloria
2896 4495 3381 4551 miserationibus
3403 4496 3510 4554 Pa-

119 4591 355 4664 θεμελίῳ
416 4591 698 4662 κέχρηται.
755 4586 890 4649 Δόξα
936 4593 1041 4647 τοῖς
1095 4585 1382 4659 οἰκτιρμοῑς
1414 4589 1634 4660 Πατρός,
1661 4591 1750 4639 καὶ

1875 4581 1983 4650 ris,
2026 4584 2082 4636 et
2106 4579 2246 4647 Filii,
2281 4585 2337 4636 et
2360 4579 2612 4652 Spiritus
2643 4581 2831 4638 sancti
2857 4583 2917 4638 in
2952 4583 3190 4640 saacula.
3223 4589 3431 4641 Amen.

113 4682 276 4743 Υἰοῦ,
311 4679 407 4730 καὶ
437 4675 592 4748 ἁγίου
615 4677 936 4749 Πνεύματος,
962 4674 1033 4738 εἰς
1064 4677 1182 4738 τοὺς
1215 4673 1424 4736 αἰῶνας.
1449 4674 1636 4746 Ἀμήν.

735 4801 986 4856 ΟΜΙΛΙΑ
1025 4799 1152 4856 KH’.

110 4928 500 5002 Δια-γράφει
526 4930 636 4979 καὶ
677 4922 1077 5002 ἀποδύρετγαι
1108 4925 1265 5002 αρτ-η
1380 4923 1603 5002 ὁμιλία
1632 4928 1743 4984 τὴν

190 4995 458 5072 ξυμ-φορ
482 5000 550 5051 ἀν
578 5006 689 5072 τῇς
726 4997 967 5072 ψυχῆς,
1000 4999 1099 5051 ὃτι
1132 4995 1243 5050 διὰ
1280 5001 1390 5055 τὴν
1419 4995 1742 5069 ἁμαρτίαν

191 5077 219 5127 ὁ
275 5068 518 5144 Κύριος
564 5071 676 5122 οὐκ
728 5068 898 5122 οὶέεῐ
933 5068 989 5122 ἐν
1048 5071 1228 5142 αὐτῇ.
1277 5074 1396 5154 K’aii
1437 5068 1586 5154 περὶ
1635 5077 1742 5122 τοῦ

189 5137 502 5200 Ἰωάννου
533 5149 641 5194 τοῦ
681 5148 1073 5209 Βαπτιστοῦ,
1119 5137 1217 5194 ὅτι
1260 5137 1482 5202 οὐδεὶς
1511 5137 1568 5193 ἓν
1611 5160 1741 5212 γεν-

189 5223 426 5276 νητοῖς
452 5222 771 5286 γυναικῶν
801 5213 1002 5267 αὐτοῦ
1034 5213 1274 5287 μείζων
1311 5212 1481 5270 ἐστί,

191 5342 285 5396 A'.
315 5337 520 5415 Ὠσπερ
561 5336 828 5414 ὀργισθεὶς
868 5340 892 5391 6
928 5343 1056 5401 Θεὸς
1114 5357 1236 5391 ποτε
1274 5334 1576 5404 Ἰουδαίοις,
1609 5356 1741 5410 παρ-

105 5430 297 5486 έδωκὶ
347 5434 442 5488 τήν
491 5426 833 5502 Ἰερουσαλὴμ
884 5429 958 5491 εἰς
986 5431 1043 5481 τὸ
1082 5431 1335 5501 προφανὲς
1375 5426 1608 5503 ἐχθροῖς,
1649 5431 1738 5478 καὶ

104 5522 402 5593 ἐκυρίευον
454 5517 622 5571 αὐτῶν
676 5519 724 5570 οἱ
775 5524 1051 5592 μισοῦντες
1103 5517 1306 5585 αὐτοὺς,
1383 5522 1474 5569 καὶ
1526 5516 1619 5569 οὐκ
1677 5512 1737 5574 ἦν

110 5614 208 5664 lc:
245 5611 363 5662 εκεῖ
425 5603 598 5682 ἑορτὴ,
637 5607 754 5659 οὔτε
801 5607 1106 5683 προσφοράο
1149 5606 1284 5660 οὕτω
1330 5610 1417 5660 καὶ
1462 5613 1523 5678 τῇ
1577 5603 1732 5678 ψυχῇ

199 5737 247 5771 ’θ
274 5733 476 5792 Matth.
510 5751 564 5805 ν,
594 5737 627 5790 2
671 5749 795 5809 seq.

2399 4798 2686 4854 HOMILIA
2719 4798 2945 4853 XXVIII.

1855 4922 2135 4981 Describit
2161 4939 2232 4980 ac
2261 4923 2530 4993 deplorat
2554 4923 2676 4979 hac
2703 4923 2946 4979 homitia
2967 4922 3355 4979 calamitatem
3377 4923 3506 4979 ani-

1922 5012 2050 5062 mm,
2079 4998 2138 5050 in
2166 5010 2283 5066 qua
2307 5001 2554 5064 prapter
2572 5003 2878 5064 peccatum
2902 5010 3023 5066 non
3044 4994 3275 5050 habitat
3306 4993 3504 5050 Chris-

1922 5074 2036 5122 tus.
2069 5067 2145 5122 Et
2175 5064 2488 5123 deJoanne
2512 5066 2806 5134 Baptista,
2838 5065 2988 5138 quod
3003 5064 3158 5122 inter
3178 5073 3347 5122 natos
3372 5081 3501 5122 mu-

1924 5139 2129 5195 lierum
2160 5138 2366 5194 nullus
2394 5153 2460 5194 eo
2481 5138 2554 5193 sit
2582 5140 2797 5207 major.

1920 5335 1962 5389 1.
1991 5332 2515 5402 Quemadmodum
2564 5332 2708 5389 olim
2769 5335 2920 5388 Deus
2951 5331 3224 5388 infensus
3280 5328 3501 5387 ludatis

1850 5423 2088 5480 tradidit
2114 5422 2443 5480 Jerusalem
2474 5423 2534 5477 in
2565 5421 2970 5495 spectaculum
2994 5421 3288 5487 hostibus,
3311 5425 3368 5476 et
3396 5420 3500 5475 do-

1848 5511 2057 5568 minati
2080 5516 2218 5568 sunt
2248 5510 2305 5566 in
2326 5527 2452 5576 eos,
2484 5511 2587 5584 qui
2617 5511 2869 5567 oderant
2895 5508 3047 5576 illos,
3080 5525 3190 5565 nec
3221 5512 3350 5566 erat
3373 5525 3500 5565 am-

1847 5603 2005 5676 plius
2033 5602 2116 5660 ibi
2147 5600 2385 5675 festum,
2414 5616 2607 5678 neque
2637 5599 2857 5658 oblatio
2899 5616 2913 5657 :
2958 5600 3045 5657 sic
3087 5599 3270 5659 etiam
3311 5600 3499 5659 iratus
