4076 6210
525 318 627 377 “Hi
1018 372 1019 375 η
1822 314 1882 374 S.
1926 311 2229 373 MACARII
2265 308 2570 369 :EGYPTII
3781 303 3894 362 ἨΞ

526 447 767 511 animae,
791 448 1034 517 propter
1053 442 1590 513 transgressionem
1617 443 1910 510 mandati,
1933 441 2162 499 tradidit

2283 438 2566 511 ὀργισθεὶς,
2593 434 2687 490 διὰ
2711 442 2806 497 τὴν
2842 436 3145 513 παράϐασιν
3193 445 3284 499 τῆς
3332 435 3557 500 ἑντολῇς,
3589 429 3898 509 παρέδωκεν

527 550 663 591 eam
703 534 994 599 hostibus,
1032 531 1415 617 daemonibus
1463 536 1520 588 et
1566 531 2028 589 affectionibus:
2071 532 2162 604 qui

2285 528 2443 585 αὐτὴν
2472 534 2582 589 τοῖς
2607 525 2836 600 ἐχθροῖς,
2891 523 3119 599 δαίμοσί
3146 546 3200 580 τε
3228 530 3317 579 καὶ
3348 527 3539 579 πάθεσι
3567 544 3580 557 ’
3614 528 3705 575 καὶ
3756 522 3900 575 οὕτω

527 639 666 679 cum
685 624 768 678 sic
781 611 1570 692 seduxissenteam,penitus
1593 636 1727 676 eam
1742 621 2162 677 deformarunt:

2284 616 2635 676 πλανήσαντες
2694 615 2875 682 αὐτὴν,
2958 616 3158 677 τελείως
3230 616 3508 689 ἠφάνισαν,
3568 616 3657 665 καὶ
3720 611 3897 664 οὐκέτι

524 727 637 768 nec
664 711 923 784 amplius
962 710 1079 766 illic
1118 715 1244 765 erat
1290 708 1534 777 festum,
1563 724 1671 764 nec
1702 710 2036 775 incensum,
2068 724 2162 763 net

2288 702 2349 764 ἧν
2407 704 2511 757 ἐκεῖ
2563 704 2679 758 οὒτε
2736 705 2907 778 ἑορτὴ,
2956 709 3072 758 οὔτε
3134 708 3391 777 θυμίαμα,
3446 705 3563 756 οὔτε
3614 701 3902 775 προσφορὰ

525 801 750 857 oblatio
799 816 905 872 per
946 816 1080 856 eam
1136 799 1255 855 Deo
1295 797 1678 865 offerebatur,
1711 799 1948 871 repletis
1978 798 2037 853 in
2068 796 2162 852 viis

2290 792 2364 846 δι’
2396 795 2555 856 αὐτῆς
2584 803 2656 864 τῷ
2702 802 2815 865 Θεῷ
2843 793 3265 868 ἀναπεμπομένη,
3320 793 3651 851 πλησθέντων
3691 790 3741 842 ἐν
3780 797 3903 850 ταῖς

525 888 862 959 insignibus
888 887 1017 960 ejus
1052 886 1199 943 diris
1230 885 1393 955 feris,
1422 901 1491 942 ac
1532 887 1848 958 reptilibus
1877 886 2162 958 spiritibus

2288 880 2437 944 ὁδοῖς
2465 891 2565 936 τῶν
2594 886 2970 959 γνωρισμάτων
3016 883 3178 944 αὐτῆς
3234 886 3426 957 θηρίων
3458 878 3659 945 δεινῶν,
3692 884 3785 931 καὶ
3818 878 3903 953 ἑρ-

523 978 585 1033 in
615 994 685 1034 ea
715 977 1177 1033 diversantibus.
1209 978 1278 1031 Et
1307 975 1824 1048 quemadmodum
1858 977 2098 1039 domus,
2133 991 2159 1027 s

2287 982 2451 1026 πετῶν
2524 974 2827 1045 πνευμάτων
2891 978 3140 1048 πονηρίας
3207 973 3258 1026 ἓν
3303 972 3433 1044 αὐτῇ
3511 969 3901 1023 καταλυόντων.

525 1072 724 1123 careat
762 1066 1008 1121 domino
1046 1064 1442 1129 inhabitants,
1476 1064 1754 1120 tenebras
1793 1064 2084 1136 probrum
2112 1079 2162 1118 at

2291 1066 2392 1115 Καὶ
2441 1064 2613 1137 ὧσπερ
2680 1059 2836 1127 οἶκος,
2897 1061 2982 1115 ἐὰν
3035 1067 3106 1135 μὴ
3164 1064 3263 1135 ἔχῃ
3298 1064 3386 1114 τόν
3444 1058 3710 1117 δεσπότην
3777 1076 3904 1109 κατ-

523 1155 951 1210 contumeliam
994 1154 1210 1218 induit,
1239 1152 1641 1225 sordibusque
1687 1169 1757 1209 ac
1808 1158 2067 1208 stercore
2096 1168 2158 1207 re

2290 1159 2552 1216 οικοῦντα,
2606 1156 2806 1219 σκότος,
2872 1157 2961 1204 καὶ
3014 1152 3247 1223 ἀτιμίαν,
3321 1156 3409 1203 καὶ
3458 1148 3608 1223 ὕϐριν
3633 1145 3900 1210 ἐνδύεται,

520 1242 749 1314 pletur;
787 1245 868 1298 sic
911 1258 1157 1316 quoque
1197 1242 1402 1298 anima
1447 1242 1732 1297 destituta
1769 1244 2019 1298 Domino
2050 1257 2180 1307 suo,

522 1348 661 1387 cum
702 1331 933 1401 angelis
978 1333 1039 1387 in
1094 1348 1154 1387 se
1197 1331 1581 1403 tripudiante,
1634 1331 1893 1386 tenebris
1933 1331 2180 1403 peccati,

523 1420 890 1492 turpitudine
914 1420 1304 1477 affectionum
1331 1427 1512 1492 atque
1533 1421 1699 1476 omni
1733 1421 2067 1493 ignominia
2098 1437 2184 1476 re-

522 1509 739 1582 pletur.

2290 1246 2379 1293 καὶ
2415 1242 2678 1315 ῥυπαρίας
2732 1247 2822 1293 καὶ
2870 1250 3095 1315 κοπριῶν
3149 1240 3513 1313 ἐμπέπλησται
3542 1255 3556 1269 ·
3618 1238 3759 1290 οὕτω
3812 1241 3899 1288 καὶ

2290 1330 2444 1401 ψυχὴ
2500 1332 2529 1389 ἠ
2586 1334 2657 1399 μὴ
2717 1332 2921 1401 ἔχουσα
2968 1334 3053 1383 τόν
3112 1333 3376 1387 Δεσπότην
3432 1328 3591 1388 αὐτῆς
3633 1329 3892 1399 μετὰτῶν

2293 1418 2514 1491 ἀγγέλων
2567 1419 2615 1471 ἐν
2648 1419 2803 1492 ἑαυτῇ
2857 1423 3163 1493 χορεύοντα,
3222 1423 3439 1479 σκότους
3493 1417 3781 1490 ἁμαρτίας,
3812 1419 3889 1466 καὶ

2291 1509 2557 1581 αἰσχύνης
2580 1510 2779 1575 παθῶν,
2803 1514 2893 1561 καὶ
2920 1510 3093 1570 πάσης
3124 1508 3337 1581 ἀτιμίας
3367 1506 3752 1581 ἒμπίμπλαται.

598 1636 666 1692 Il.
699 1635 801 1690 Vae
833 1636 967 1700 vite,
1002 1635 1050 1689 si
1084 1649 1262 1691 nemo
1296 1635 1356 1689 in
1397 1650 1468 1690 ea
1500 1634 1785 1701 ambulet,
1818 1650 1928 1691 nec
1981 1634 2161 1690 audia

2363 1632 2438 1687 B’.
2483 1632 2616 1685 Οὐαὶ
2671 1629 2803 1703 ὁδῷ,
2840 1632 2926 1684 ἰὰν
2975 1629 3166 1705 μηδεὶς
3190 1634 3241 1685 ἓν
3273 1631 3405 1704 αὐτῇ
3446 1638 3732 1704 περιπατῇ,
3764 1634 3899 1701 μήτε

524 1723 585 1779 in
618 1741 688 1780 ea
721 1740 930 1780 vocem
970 1724 1231 1781 hominis
1275 1723 1287 1778 !
1317 1724 1460 1796 quia
1488 1724 1927 1796 receptaculum
1960 1728 2046 1779 est
2083 1723 2157 1779 be

2291 1720 2454 1794 ἀκούῃ
2495 1720 2543 1773 ἓν
2603 1721 2733 1794 αὐτῇ
2789 1729 2958 1793 φωνῆς
3010 1720 3325 1794 ἀνθρώπίυί
3379 1722 3459 1773 ὁτι
3509 1719 3899 1792 καταλυτήριον

527 1814 801 1870 stiarum.
834 1816 928 1869 Vas
972 1814 1211 1877 animae,
1255 1813 1302 1867 si
1346 1828 1469 1869 non
1501 1814 1766 1869 ambulet
1795 1814 1853 1868 in
1885 1829 1955 1868 ea
1984 1813 2162 1867 Domi.

2293 1813 2483 1885 θηρίων
2522 1813 2795 1883 τυγχάνει.
2851 1811 2987 1863 Οὐαὶ
3032 1811 3209 1884 ψυχῇ,
3257 1812 3447 1863 ὁπόταν
3500 1814 3570 1882 μὴ
3631 1805 3800 1880 ὁδεύῃ
3853 1805 3899 1857 ἐν

520 1918 655 1968 nus,
690 1909 870 1975 atque
898 1918 1039 1958 voce
1063 1918 1174 1957 sua
1205 1901 1369 1972 fuget
1408 1918 1480 1957 ex
1509 1918 1577 1958 ea
1609 1902 1942 1975 spirituales
1976 1901 2156 1973 nequi

2290 1900 2421 1973 αὐτῇ
2454 1901 2479 1952 ὁ
2509 1902 2721 1975 Κύριος,
2771 1905 2861 1952 καὶ
2910 1908 2971 1972 τῇ
3023 1909 3160 1973 φωνῇ
3198 1900 3355 1953 αὐτοῦ
3411 1902 3569 1972 φεύγῃ
3623 1897 3680 1960 ἐξ
3730 1898 3904 1959 αὐτῆς

519 1991 615 2048 tiae
637 1991 858 2048 bestias
886 1995 897 2049 l
932 1992 1031 2046 Vm
1063 1991 1292 2057 domui,
1320 1991 1367 2046 si
1399 2006 1521 2047 non
1544 1991 1828 2047 dominus
1853 2007 1986 2047 eam
2005 1990 2162 2046 inha-

2288 1992 2352 2041 τὰ
2396 1992 2719 2062 πνευματικὰ
2799 1997 2896 2051 τῆς
2951 1995 3196 2063 πονηρίας
3256 1990 3456 2062 θηρίαῖ
3529 1988 3664 2040 Οὐαὶ
3724 1986 3896 2055 οἰκία,

520 2079 697 2135 bitetl
724 2082 819 2135 Va:
836 2086 1017 2144 terras,
1039 2082 1081 2150 ι
1103 2082 1145 2150 ι
1164 2082 1207 2150 ι
1233 2079 1284 2135 si
1302 2080 1579 2144 caruerit,
1606 2082 1709 2153 qui
1728 2085 1999 2136 exerceat
2019 2096 2162 2145 eam,

2290 2080 2443 2132 ὁπότε
2486 2081 2511 2132 ό
2561 2076 2824 2139 δεσπότης
2867 2079 2960 2131 οὐκ
2989 2079 3122 2131 οἰκεῖ
3165 2082 3213 2132 ἐν
3244 2083 3375 2153 αὔτῇ
3412 2078 3424 2132 ε
3460 2077 3711 2149 Οὐαὶγῇ,
3738 2077 3900 2129 ὁπότε

519 2169 732 2225 colono
765 2171 777 2222 l
813 2169 914 2225 Vae
936 2171 1099 2235 navi,
1128 2172 1175 2225 si
1206 2170 1565 2226 destituatur
1586 2169 2008 2239 gubernatore,
2031 2186 2162 2242 quo-

2288 2175 2359 2243 μὴ
2418 2173 2533 2241 ἔχει
2610 2173 2695 2221 τὸν
2782 2172 3122 2241 ἐργαζόμενον
3185 2168 3347 2227 αὐτὴν
3423 2166 3695 2239 γεωργόνῐ
3757 2164 3901 2218 Οὐαὶ

518 2260 687 2314 nium
722 2258 1002 2314 ﬂuctibus
1033 2264 1090 2314 et
1121 2263 1477 2331 tempestate
1518 2260 1699 2315 maris
1729 2260 1958 2332 jactata
1989 2261 2162 2331 periti

2287 2260 2470 2331 πλοίῳ,
2528 2260 2719 2312 ὁπόταν
2764 2263 2835 2330 μὴ
2889 2261 2988 2331 ἔχῃ
3038 2261 3126 2310 τόν
3156 2257 3495 2333 κυϐερνήτην,
3540 2258 3619 2309 ὅτι
3662 2255 3767 2308 ἀπὸ
3794 2264 3897 2308 τῶν

518 2350 614 2403 νω
637 2349 874 2413 animai,
904 2365 1041 2404 cum
1066 2365 1271 2404 verum
1297 2349 1761 2418 gubernatorem
1796 2349 2087 2404 Christum
2116 2349 2162 2403 ir

2286 2351 2529 2421 κυμάτων
2582 2353 2673 2400 καὶ
2749 2355 2840 2399 τοῦ
2914 2348 3073 2400 σάλου
3132 2356 3228 2409 τῆς
3282 2347 3552 2409 θαλάσσης
3613 2349 3891 2421 φερόμενον

520 2452 586 2493 se
612 2454 734 2493 non
765 2437 1043 2493 habuerit
1072 2437 1084 2491 l
1117 2438 1407 2508 quoniam
1440 2438 1499 2491 in
1546 2439 1763 2493 acerbo
1794 2438 2162 2493 tenebrarum

2287 2436 2590 2491 ἀπόλλυται.
2634 2437 2768 2489 Οὐαὶ
2794 2436 2973 2510 ψυχῇ,
3023 2438 3213 2488 ὁπόταν
3262 2441 3333 2509 μὴ
3385 2438 3484 2509 ἔχῃ
3528 2439 3615 2487 τόν
3648 2434 3887 2493 ἀληθινόν

517 2526 667 2581 mari
690 2527 935 2597 degens,
959 2534 1015 2581 et
1032 2526 1312 2580 ﬂuctibus
1337 2524 1721 2582 affectionum
1754 2534 2063 2598 quassata,
2088 2534 2162 2582 at-

2284 2526 2605 2599 κυϐερνήτην
2664 2530 2894 2598 Χριστόν
2968 2525 3014 2578 ἒν
3096 2524 3269 2598 αυτῇι
3322 2528 3402 2578 ὁτι
3436 2524 3483 2577 ἕν
3645 2523 3888 2597 Θαλάσσῃ

515 2630 633 2686 que
665 2631 701 2670 a
733 2614 1041 2684 spiritibus
1068 2630 1355 2686 nequam,
1380 2615 1544 2669 velut
1562 2615 1805 2671 hiemali
1830 2620 2162 2686 tempestate

2282 2625 2375 2677 τῆς
2404 2621 2613 2691 πικρίας
2650 2623 2743 2668 τοῦ
2807 2620 3028 2677 σκότους
3080 2618 3447 2687 τυγχάνουσα,
3496 2619 3589 2666 καὶ
3641 2616 3742 2666 ὑπὸ
3800 2622 3896 2666 τοῦ

509 2703 758 2775 jactata,
786 2704 1027 2759 tandem
1047 2705 1349 2760 interitum
1372 2704 1779 2777 consequitur.
1808 2704 1908 2760 Vae
1933 2707 2162 2770 animas,

2287 2705 2447 2757 σάλου
2504 2714 2603 2757 τῶν
2645 2707 2824 2758 παθῶν
2884 2707 3275 2776 κυματουμένη,
3335 2708 3425 2755 καὶ
3484 2704 3584 2756 ὑπό
3636 2710 3737 2753 τῶν
3796 2721 3895 2755 πο-

515 2792 565 2847 si
598 2795 873 2860 caruerit,
907 2794 1010 2867 qui
1055 2795 1294 2851 excolat
1351 2793 1513 2850 illam
1548 2794 1879 2865 diligenter,
1924 2794 2173 2860 Christo,

516 2887 581 2937 ut
612 2882 807 2938 bonos
838 2883 1062 2938 fructus
1110 2883 1361 2956 Spiritus
1393 2885 1723 2956 producere
1749 2884 1936 2956 possit
1963 2884 1975 2936 ι
2009 2884 2172 2956 quia,

516 2986 654 3026 cum
699 2973 773 3027 sit
803 2972 1054 3037 deserta,
1106 2972 1295 3044 spinis
1326 2988 1397 3028 ac
1438 2972 1668 3028 tribulis
1694 2973 1889 3046 plena.
1926 2973 2162 3029 tandem

2286 2972 2448 3031 αὐτὴν
2507 2972 2753 3045 ἐπιμελῶς
2805 2976 3055 3046 Χριστόν,
3104 2972 3185 3024 ἶνα
3245 2976 3475 3045 καρποὺς
3523 2969 3746 3040 ἀγαθοὺς
3786 2978 3889 3022 τοῦ

514 3061 890 3117 exustionem
920 3061 1073 3131 ignis
1100 3077 1210 3134 pro
1240 3061 1437 3117 fructu
1469 3062 1745 3134 producit
1764 3078 1834 3117 ac
1864 3064 2162 3134 consequi-

2288 3065 2583 3133 Πνεύματος
2634 3064 2850 3133 ἓνεγκείν
2927 3058 3178 3134 δυνηθῇῑ
3234 3060 3313 3113 ὃτι
3356 3063 3545 3135 ἕρημος
3591 3054 3749 3123 οὖσα,
3803 3079 3897 3128 καί

515 3155 628 3205 tur.
655 3153 748 3206 Vae
782 3152 1019 3221 animos,
1055 3153 1101 3206 si
1143 3167 1264 3207 non
1298 3151 1579 3207 habuerit
1629 3154 1945 3208 Dominum
1996 3169 2162 3208 suum

2286 3150 2520 3203 ἀκανθῶν
2548 3155 2637 3203 καὶ
2667 3148 2916 3224 τριϐόλων
2964 3154 3153 3223 μεστὴ,
3196 3153 3254 3202 τό
3308 3150 3451 3211 τέλος
3488 3156 3677 3201 καῦσιν
3724 3152 3895 3221 πυρὸς

515 3240 809 3296 Christum
841 3242 900 3296 in
925 3257 986 3296 se
1008 3240 1410 3296 habitantem!
1437 3240 1603 3312 quia,
1644 3257 1782 3296 cum
1817 3242 1889 3296 sit
1913 3241 2162 3308 deserta,

2283 3248 2596 3315 καρποῦται.
2627 3240 2761 3293 Οὐαὶ
2788 3240 2967 3312 ψυχῇ,
3021 3242 3212 3293 ὁπόταν
3264 3244 3336 3312 μὴ
3377 3242 3476 3313 ἔχῃ
3505 3243 3592 3293 τόν
3626 3244 3881 3295 Δεσπότην

515 3344 585 3384 ac
616 3329 798 3385 fetore
826 3328 1213 3385 aﬂ‘ectionum
1255 3334 1499 3393 scatent,
1532 3329 1928 3385 diversorium
1950 3330 2162 3386 exsistit

2284 3332 2445 3392 αὐτῆς
2496 3333 2725 3404 Χριστόν
2786 3328 2834 3380 ἐν
2901 3329 3055 3402 ἑαυτῇ
3121 3328 3503 3382 κατοικοῦνταί
3564 3328 3646 3381 ὁτι
3703 3331 3879 3400 ἕρημος

512 3418 816 3473 vitiorum.
2282 3416 2417 3472 οὖσα
2464 3424 2555 3472 καὶ
2594 3415 2871 3481 δυσωδίας
2900 3421 3080 3472 παθῶν
3114 3418 3536 3493 ἐμπεπλησμένη,
3586 3418 3889 3475 καταλυτή-

2280 3528 2392 3585 ριον
2416 3513 2606 3571 κακίας
2635 3511 2908 3580 τυγχάνει.

2282 2803 2451 2868 νηρῶν
2506 2796 2810 2866 πνευμάτων
2871 2795 3253 2866 χειμαζομένη,
3312 2796 3370 2845 τὸ
3420 2792 3560 2853 τέλος
3622 2790 3890 2842 ἀπώλειαν

2285 2891 2493 2941 κτᾶται.
2528 2883 2658 2936 Οὐαὶ
2686 2883 2865 2955 ψυχῇ,
2898 2885 3091 2935 ὁπόταν
3133 2887 3204 2954 μὴ
3266 2884 3366 2955 ἔχῃ
3416 2885 3497 2934 τόν
3539 2879 3884 2953 ἐργαζόμενον

2353 3633 2425 3690 I".
2476 3632 2679 3707 ’Ὥσπερ
2709 3635 2811 3705 γὰρ
2860 3635 2885 3685 6
2937 3635 3168 3707 γεωργὸς
3198 3632 3322 3685 ἐπὰν
3352 3635 3640 3706 πορεύηται
3666 3632 3899 3706 ἐργάσα-

2285 3726 2408 3777 σθαι
2438 3728 2530 3782 την
2559 3731 2678 3794 γῆν,
2738 3718 2854 3776 δέον
2884 3724 2948 3775 τὰ
2992 3721 3231 3797 ἐργαλεῖα
3280 3742 3370 3775 και
3415 3722 3586 3795 ἂμφια
3635 3726 3773 3796 πρὸς
3802 3728 3894 3782 τὴν

2282 3812 2531 3889 ἐργασίαν
2575 3810 2851 3885 λαμϐάνειν
2928 3813 3090 3872 οὕτως
3151 3817 3240 3864 καὶ
3298 3813 3324 3863 6
3380 3815 3611 3885 Χριστός
3656 3814 3681 3863 ὁ
3726 3810 3893 3886 βασι-

2279 3901 2773 3978 λεὺςὸἰπουράνιος
2812 3908 2901 3954 καὶ
2954 3900 3193 3962 ἀληθινὸς
3246 3905 3497 3975 γεωργός,
3549 3899 3707 3954 ἐλθὼν
3762 3906 3893 3977 πρὸς

2281 3997 2374 4051 τὴν
2406 3990 2762 4065 ἕρημωθείσαν
2821 3991 2920 4043 ὑπό
2978 3997 3075 4052 τῆς
3123 3994 3312 4051 κακίας
3352 3989 3757 4065 ἀνθρωπότητα,
3819 3994 3894 4043 ἔνο

2282 4078 2576 4153 δυσάμενος
2622 4084 2679 4133 τό
2732 4088 2884 4153 σῶμα
2934 4083 3022 4131 καὶ
3088 4080 3152 4139 ὡς
3209 4079 3469 4154 ἕργαλείον
3520 4083 3607 4132 τόν
3659 4083 3895 4154 σταυρὸν

2281 4166 2580 4243 βαστάσας,
2628 4170 2907 4244 εἰργάσατο
2954 4172 3047 4227 τὴν
3101 4170 3291 4243 ἔρημον
3332 4168 3539 4241 ψυχήν,
3590 4173 3678 4221 καὶ
3710 4168 3895 4222 ἔλαϐεν

590 3632 686 3690 ΙΙΙ.
721 3632 1243 3697 Quemadmodum
1275 3636 1432 3689 enim
1475 3633 1777 3699 colonum,
1811 3635 1859 3691 si
1900 3634 2174 3706 accingat

513 3737 575 3776 se
589 3721 663 3777 ad
678 3737 746 3777 ex
755 3721 1068 3777 colendam
1090 3728 1301 3778 terram
1313 3729 1564 3796 ,oportet
1581 3724 1977 3780 instrumenta
1991 3732 2171 3798 atque

514 3810 871 3866 indumenta
902 3811 977 3866 ad
1007 3812 1305 3868 culturam
1338 3812 1739 3869 accommoda
1780 3830 2017 3870 sumere
2047 3832 2061 3870 :
2094 3816 2174 3871 ita

512 3898 800 3967 Christus,
850 3917 952 3957 rex
1003 3900 1096 3957 ille
1143 3902 1403 3958 ccelestis
1434 3919 1502 3958 ac
1551 3918 1724 3957 verus
1756 3903 2040 3971 agricola,
2072 3921 2174 3960 ve-

510 3992 682 4046 niens
716 3991 791 4046 ad
836 3991 1167 4048 desolatam
1212 4008 1317 4063 per
1356 3992 1556 4047 vitium
1592 3992 2048 4059 humanitatem,
2082 4012 2172 4051 as-

511 4086 760 4152 sumpto
792 4096 1062 4152 corpore,
1098 4096 1166 4136 ac
1197 4097 1305 4151 pro
1339 4080 1737 4136 instrumento
1769 4097 2005 4137 crucem
2039 4100 2171 4155 por-

510 4169 718 4239 tando,
734 4168 992 4224 excoluit
1013 4169 1280 4225 animam
1304 4169 1597 4224 desertam
1609 4210 1623 4234 ,
1642 4176 1695 4224 et
1709 4186 1778 4225 ex
1793 4187 1862 4227 ea
1875 4170 2169 4244 decerpsit

511 4258 717 4327 spinas
769 4262 825 4311 et
874 4257 1120 4313 tribulos
1168 4273 1491 4329 pravorum
1539 4259 1881 4330 spirituum,
1934 4266 1990 4315 et
2028 4261 2162 4318 lolia

2282 4260 2333 4323 ἑξ
2397 4264 2554 4321 αὐτῆς
2618 4262 2709 4321 τὰς
2760 4257 2988 4320 ἀκάνθας
3029 4261 3118 4311 καὶ
3158 4256 3425 4332 τριϐόλους
3476 4267 3574 4311 τῶν
3640 4268 3897 4333 πονηρῶν

511 4346 741 4417 peccati
801 4346 1030 4409 evulsit,
1072 4351 1251 4418 atque
1298 4362 1478 4401 omne
1528 4347 1729 4402 fenum
1784 4354 2162 4420 peccatorum

2282 4352 2601 4422 πνευμάτων,
2676 4353 2763 4401 καὶ
2819 4351 2885 4401 τὰ
2940 4348 3152 4409 ζιζάνια
3205 4356 3301 4410 τῆς
3366 4347 3628 4422 ἁμαρτίας
3674 4347 3895 4415 ἔξὲτιλε,

510 4433 644 4503 ejus
666 4433 789 4502 igni
816 4434 1147 4490 combussit
1175 4450 1187 4488 :
1222 4450 1481 4507 cumque
1510 4437 1590 4491 sic
1618 4438 1976 4494 exercuisset
2005 4438 2162 4496 illam

2282 4443 2367 4491 καὶ
2427 4442 2598 4491 πάντα
2650 4443 2845 4512 χόρτον
2928 4437 3317 4511 ἁμαρτημάτων
3369 4438 3527 4499 αὐτῆς
3574 4442 3706 4510 πυρὶ
3755 4458 3899 4491 κατ-

513 4521 676 4592 ligno
698 4524 911 4587 crucis,
938 4522 1233 4594 plantavit
1253 4524 1311 4579 in
1338 4541 1407 4580 ea
1436 4525 1900 4597 pulcherrimum
1927 4528 2167 4586 hortum

510 4612 782 4685 Spiritus,
815 4612 1015 4668 omnis
1064 4612 1297 4681 generis
1332 4614 1755 4670 suavissimum
1810 4622 1867 4671 et
1900 4618 2167 4688 gratissi-

511 4719 678 4760 mum
708 4702 966 4759 fructum
994 4700 1113 4758 Deo
1145 4702 1304 4759 velut
1337 4704 1586 4760 Domino
1616 4705 2066 4775 producentem.

582 4917 668 4972 IV.
700 4919 765 4972 Et
794 4916 948 4973 sicut
996 4918 1053 4972 in
1106 4918 1381 4990 Egypto,
1416 4918 1623 4974 triduis
1669 4919 1928 4976 tenebris
1970 4920 2161 4989 factis,

508 5020 631 5062 non
664 5005 905 5061 videbat
948 5006 1106 5061 ﬁlius
1128 5012 1381 5080 patrem,
1414 5023 1523 5064 nec
1550 5007 1729 5064 frater
1766 5008 2029 5074 fratrem,
2054 5027 2164 5067 nec

511 5095 743 5152 amicus
772 5094 1071 5151 sincerum
1104 5112 1174 5151 ac
1199 5112 1555 5167 germanum
1589 5098 1872 5165 amicum,
1907 5099 2163 5156 tenebris

509 5184 928 5241 obvelantibus
956 5201 1058 5241 eos
1093 5198 1105 5237 :
1141 5186 1224 5240 sic
1279 5192 1601 5258 postquam
1654 5186 1922 5243 Adamus
1962 5194 2163 5244 trans-

506 5290 749 5345 gressus
770 5279 857 5328 est
883 5274 1262 5343 mandatum,
1289 5280 1345 5329 et
1373 5290 1407 5329 a
1428 5276 1679 5346 pristina
1709 5277 1897 5345 gloria
1922 5278 2156 5345 excidit,

506 5379 575 5420 ac
614 5362 844 5434 spiritui
891 5363 1098 5418 mundi
1150 5361 1449 5417 obnoxius
1481 5368 1571 5419 est
1600 5363 1812 5434 factus,
1862 5366 2158 5424 velamine

2278 4532 2503 4581 ἐκαυσε’
2561 4532 2650 4580 καὶ
2705 4527 2863 4587 οὕτως
2919 4528 3267 4601 ἐργασάμενος
3306 4526 3467 4585 αὐτὴν
3505 4534 3577 4597 τῷ
3630 4526 3768 4599 ξύλῳ
3795 4536 3894 4582 τοῦ

2279 4625 2529 4691 σταυροῦ,
2562 4615 2833 4689 ἐφύτευσεν
2886 4615 2937 4669 ἐν
2989 4615 3120 4687 αὐτῇ
3151 4620 3239 4669 τόν
3277 4616 3664 4687 παγκάλλιστον
3712 4622 3891 4690 παρά-

2280 4705 2454 4761 δεισον
2496 4714 2589 4759 τοῦ
2639 4708 2951 4778 Πνεύματος,
3010 4706 3182 4758 πάντα
3228 4708 3427 4779 καρπόν
3470 4702 3606 4764 ἡδὺν
3649 4711 3747 4759 καὶ
3779 4709 3892 4761 ἑπι-

2281 4798 2511 4869 θυμητόν
2542 4800 2759 4869 φέροντα
2787 4798 2851 4855 ὡς
2878 4799 3112 4868 Δεσπότῃ
3146 4802 3280 4865 Θεῷ.

2347 4921 2417 4974 Δ’.
2481 4925 2581 4974 Καὶ
2635 4922 2808 4994 ὥσπερ
2878 4918 2926 4973 ἓν
2983 4919 3237 4992 Αἰγύπτῳ
3288 4924 3571 4996 τριημέρου
3656 4926 3893 4985 σκότους

2271 5014 2565 5083 γενομένου,
2618 5010 2711 5063 οὐκ
2765 5009 2965 5063 ἔϐλεπεν
3030 5012 3142 5073 υἱός
3191 5014 3412 5085 πατέρα,
3488 5012 3605 5063 οὔτε
3653 5007 3893 5085 ἁδελφός

2273 5095 2512 5171 ἀδελφόν,
2557 5103 2674 5153 οὔτε
2722 5099 2863 5172 φίλος
2914 5105 3131 5171 γνήσιον
3171 5098 3339 5171 φίλον,
3388 5106 3482 5152 τοῦ
3536 5104 3760 5161 σκότους
3788 5122 3891 5155 κα-

2268 5186 2523 5259 λύψαντος
2566 5189 2751 5250 αὐτούς
2785 5206 2796 5218 ·
2852 5189 2987 5241 οὕτω
3032 5196 3122 5242 τοῦ
3177 5184 3354 5261 Ἀδὰμ
3412 5187 3746 5262 παραϐάντος
3784 5194 3889 5250 τὴν

2270 5275 2495 5347 ἕντολὴν,
2548 5284 2639 5331 καὶ
2693 5282 2934 5341 πεσόντος
2988 5278 3089 5331 ἀπὸ
3139 5287 3232 5341 τῆς
3286 5282 3537 5353 προτέρας
3568 5274 3750 5345 δόξης,
3784 5286 3883 5333 καὶ

2268 5365 2366 5418 ὑπὸ
2423 5370 2479 5419 τό
2523 5374 2725 5439 πνεῦμα
2779 5375 2872 5419 τοῦ
2914 5384 3114 5441 κοσμου
3161 5372 3445 5439 γεγονότος,
3491 5372 3581 5421 καὶ
3629 5377 3723 5421 τοῦ
3781 5389 3883 5422 κα-

503 5467 745 5523 quoque
760 5451 1140 5507 tenebrarum
1154 5450 1421 5505 veniente
1441 5452 1495 5506 in
1522 5453 1787 5509 animam
1802 5453 1954 5526 ejus,
1969 5455 2155 5525 ipsius

500 5539 703 5611 culpa,
735 5539 827 5594 vel
860 5555 1050 5611 usque
1078 5539 1155 5595 ad
1188 5544 1563 5611 postremum
1588 5541 1908 5607 Adamum,
1937 5559 2154 5617 nempe

502 5627 844 5687 Dominum.
886 5643 1003 5683 non
1038 5627 1279 5684 videbat
1311 5645 1515 5685 verum
1550 5631 1781 5687 Patrem
1834 5632 2149 5701 caelestem,

501 5717 729 5782 bonam
773 5734 842 5774 ac
869 5718 1198 5791 benignam
1244 5725 1516 5785 matrem,
1549 5720 1803 5791 gratiam
1836 5721 2087 5802 Spiritus
2126 5743 2145 5807 ξ

2266 5454 2531 5527 λύμματος
2580 5463 2670 5508 τοῦ
2725 5460 2940 5520 σκότους
3020 5455 3249 5517 ἕλθοντος
3290 5454 3338 5508 ἓν
3383 5464 3447 5529 τῇ
3499 5455 3655 5530 ψυχῇ
3712 5457 3881 5511 αὑτοῦ

2265 5542 2353 5596 ἀπ’
2384 5547 2564 5611 αὑτοῦ,
2594 5549 2683 5598 καὶ
2712 5549 2877 5621 μέχρι
2912 5552 3001 5599 τοῦ
3028 5542 3260 5619 ἕσχάτου
3292 5541 3471 5619 Ἀδὰμ
3520 5553 3615 5598 τοῦ
3650 5551 3875 5621 Κυρίου,

2263 5633 2354 5685 οὐκ
2386 5633 2559 5687 ἓϐλεπε
2601 5636 2683 5687 τόν
2739 5633 2981 5693 ἀληθινόν
3026 5638 3235 5710 Πατέρα
3274 5639 3360 5689 τόν
3403 5635 3735 5711 ἐπουράνιον,
3786 5642 3879 5690 καί

2260 5728 2352 5795 τὴν
2384 5722 2586 5796 ἀγαθὴν
2616 5727 2705 5777 καὶ
2747 5730 2993 5801 χρηστὴν
3021 5729 3219 5801 μητέρα
3264 5729 3359 5785 τὴν
3383 5729 3549 5799 χήριν
3588 5733 3683 5779 τοῦ
3716 5729 3878 5779 Πνεὺ.
