4076 6210
203 275 312 333 713
1485 276 1813 334 ΗΟΜΙΙΑΙΆΕ

1976 280 2150 338 HOM.
2193 283 2446 340 XXVIII.
3467 288 3571 346 714

197 424 397 478 ματος,
435 409 526 458 καὶ
577 407 666 458 τὸν
715 404 910 477 γλυκὺν
964 408 1055 458 καὶ
1106 406 1424 478 ποθούμενον
1480 401 1701 478 ἀδελφὸν
1730 410 1807 458 τὸι

1965 408 2165 465 uicem
2192 425 2263 465 ac
2274 409 2678 468 desideratum
2697 411 2960 479 fratrem,
2983 412 3304 470 Dominum
3321 430 3336 481 ;
3351 413 3575 470 amicos

195 497 426 568 Κύριον,
473 498 564 546 καὶ
651 497 772 557 τοὺς
824 493 997 566 φίλους
1084 499 1174 547 καὶ
1239 499 1489 567 γνησίους
1573 493 1805 566 ἁγγελουι

1964 499 2343 566 tgermanos,
2357 505 2594 554 sanctos
2609 500 2877 570 angelos,
2893 502 3254 573 quibuscum
3268 501 3574 573 gaudebat

194 583 414 655 ἁγίους,
458 583 572 656 μεθ’
627 583 694 635 ὧν
749 585 933 656 ἔχαιρε
991 587 1226 659 χορεύων
1272 589 1362 636 καὶ
1414 583 1702 658 ἑορτάζων,
1741 583 1804 636 Oi

1959 585 2263 657 ripudians
2302 593 2358 643 et
2403 588 2554 644 festa
2594 589 2923 646 celebrans.
2953 594 3080 647 Non
3130 591 3324 647 solum
3368 595 3569 648 autem

195 679 359 746 μόνον
391 669 452 726 δι
495 672 585 734 ἓως
613 679 706 726 τοῦ
749 671 982 746 ἐσχάτου
1015 670 1214 746 Ἀδὰμ,
1249 672 1359 726 ἀλλ’
1384 672 1462 726 ἐτι
1487 677 1576 725 καὶ
1621 679 1708 724 νῦν
1739 671 1805 745 ἐφ’

1957 690 2116 746 isque
2147 674 2224 731 ad
2253 681 2624 747 postremum
2645 678 2964 746 Adamum,
2996 679 3101 736 sed
3122 679 3455 736 etiamnum
3483 679 3567 753 hi,

200 761 292 826 οῦς
325 762 424 815 οῦκ
465 761 710 815 ἀνέτειλαν
757 763 783 814 6
833 761 977 825 ἣλιος
1016 771 1112 825 τῆς
1171 759 1514 823 δικαιοσύνης
1566 763 1810 835 Χριστός,

2041 763 2146 819 bus
2176 781 2295 820 non
2326 771 2414 822 est
2450 771 2692 822 exortus
2725 767 2814 824 sol
2841 768 3076 839 justitiae
3107 769 3389 835 Christus,
3421 784 3572 842 quo-
3645 766 3651 775 ’

205 856 299 905 καὶ
327 852 396 904 ὧν
443 850 537 904 οῦκ
586 851 874 923 ἠνοίγησαν
919 853 969 904 οἱ
1006 859 1103 914 τῆς
1145 851 1333 924 ψυχῆς
1385 851 1662 924 ὀφθαλμοὶ,
1713 849 1813 903 ἀπὸ

1960 868 2178 924 umque
2205 854 2361 910 oculi
2407 856 2627 912 animm
2656 872 2777 912 non
2818 865 2954 913 sunt
2998 859 3206 929 aperti,
3239 874 3276 915 a
3305 874 3445 915 vero
3483 858 3570 914 lu-

212 940 306 994 τοῦ
358 940 602 1000 ἀληθινοῦ
646 943 809 1014 φωτός
858 942 1214 1013 φωτισθέντες,
1247 942 1348 994 ὑπὸ
1380 944 1438 993 τὸ
1465 941 1589 993 αύτό
1631 944 1815 1003 σκότος

1955 940 2083 995 nine
2109 941 2419 999 illuminati
2448 944 2562 1000 sub
2591 945 2803 1001 iisdem
2826 945 3024 1002 adhuc
3053 947 3282 1003 haerent
3307 946 3565 1004 tenebris

212 1037 312 1094 τῆς
356 1030 611 1104 ἁμαρτίας
648 1032 725 1083 ἔτι
761 1031 1116 1103 τυγχάνουσι,
1160 1034 1248 1089 τὴν
1280 1030 1444 1090 αὐτὴν
1469 1038 1569 1082 τῶν
1607 1027 1810 1089 ἡδονῶν

1964 1031 2168 1096 eccati,
2219 1033 2431 1089 eadem
2472 1033 2848 1106 voluptatum
2883 1041 3096 1106 agente
3116 1036 3174 1091 vi
3211 1036 3466 1108 praediti,
3493 1036 3571 1093 ei-

209 1120 461 1193 ἐνέργειαν
505 1121 735 1191 ἔχοντες,
778 1126 837 1192 τῇ
871 1118 1003 1192 αὐτῇ
1055 1126 1116 1192 τῇ
1183 1139 1410 1193 τιμωριᾳ
1465 1121 1806 1191 ὑποκείμενοι,

1957 1133 2059 1174 em
2071 1119 2364 1192 supplicio
2391 1121 2662 1193 subjecti,
2677 1123 2908 1190 oculos,
2928 1122 3033 1196 qui
3057 1126 3290 1180 Patrem
3302 1123 3567 1191 videant,

205 1208 498 1280 ὀφθαλμοὺς
518 1205 798 1281 βλέποντας
826 1211 912 1260 τὸν
945 1212 1151 1283 Πατέρα
1180 1205 1404 1281 μηδέπω
1433 1210 1663 1281 έχοντες.

945 1212 1151 1283 Πατέρα
1180 1205 1404 1281 μηδέπω
1433 1210 1663 1281 έχοντες.
1917 1208 2192 1266 nondum
2223 1212 2552 1268 consecuti.

271 1298 351 1351 E'.
381 1304 548 1352 Τοῦτο
586 1299 687 1372 γὰρ
739 1296 925 1370 ὀφείλει
970 1302 1243 1369 γινώσκειν
1290 1298 1527 1365 ἕκαστος,
1557 1299 1638 1350 ὅτι
1675 1297 1806 1350 εἰσὶν

1990 1300 2050 1351 V.
2082 1298 2208 1356 Hoc
2237 1300 2397 1357 enim
2422 1300 2672 1374 quilibet
2700 1308 3084 1374 perspectum
3114 1301 3340 1359 habere
3369 1301 3566 1367 debet,

194 1386 465 1458 ὀφθαλμοὶ
533 1383 792 1461 ένδότεροι
862 1385 1136 1459 ὀφθαλμῶν
1209 1389 1424 1453 τούτων,
1497 1390 1587 1438 καὶ
1665 1389 1804 1438 ἔστιν

1965 1402 2046 1442 sse
2071 1388 2277 1444 oculos
2306 1389 2616 1446 interiores
2642 1391 2861 1447 horum
2895 1391 3232 1458 oculorum,
3257 1398 3311 1447 et
3339 1391 3575 1448 interio-

193 1475 336 1535 ἀκοὴ
383 1472 630 1549 ἐνδοτέρα
686 1484 782 1537 τῆς
835 1473 990 1536 ἀκοῆς
1036 1478 1255 1538 ταύτης.
1311 1480 1412 1530 Καὶ
1450 1478 1622 1550 ὥσπερ
1659 1476 1803 1528 οὗτοι

1959 1491 2038 1531 3m
2061 1477 2334 1533 auditum
2365 1479 2546 1550 hujus
2577 1479 2840 1535 auditus.
2870 1482 2936 1536 Et
2957 1481 3478 1554 quemadmodum
3508 1481 3569 1536 hi

188 1568 242 1619 οἱ
303 1565 568 1638 ὀφθαλμοὶ
619 1565 886 1627 αἰσθητῶς
921 1564 1178 1638 βλέπουσι
1226 1569 1316 1618 καὶ
1379 1571 1690 1618 κατανοοῦσι
1745 1568 1798 1618 τό

1960 1563 2066 1620 culi
2090 1566 2442 1623 sensibiliter
2462 1567 2843 1640 conspiciunt
2872 1586 2942 1626 ac
2959 1575 3334 1640 cognoscunt
3357 1569 3570 1627 {aciem

186 1659 484 1730 πρόσωπον
521 1661 615 1706 τοῦ
665 1654 835 1726 φίλου,
959 1661 1050 1707 τοῦ
1094 1653 1387 1726 ἀγαπητοῦ,
1441 1654 1602 1717 οὕτως
1636 1658 1725 1707 καὶ
1754 1656 1796 1707 οἱ

1959 1654 2086 1709 mici
2117 1661 2219 1710 aut
2261 1655 2456 1712 dilecti
2489 1675 2501 1709 :
2550 1657 2634 1712 sic
2659 1673 2903 1730 quoque
2951 1659 3228 1730 pretiosae
3261 1673 3332 1714 ac
3371 1657 3569 1714 ﬁdelis

186 1717 287 1806 vii;
318 1742 474 1807 ἀξίας
517 1747 608 1796 καὶ
659 1717 855 1806 πιστῆς
881 1717 1090 1816 ’ψυχῆς
1133 1717 1397 1816 ’ὀφθᾶλμοὶ
1443 1753 1796 1816 πνευματικῶς

1953 1743 2128 1800 nimae
2146 1744 2301 1800 oculi
2332 1745 2711 1816 spiritualiter
2737 1745 3057 1802 illuminati
3084 1747 3290 1803 divino
3312 1747 3558 1813 lumine,

196 1836 546 1906 φωτισθέντες
612 1839 740 1906 φωτὶ
797 1835 968 1906 θεῑκῷ,
1022 1832 1276 1906 βλέπουσι
1345 1837 1434 1886 καὶ
1489 1841 1800 1887 κατανοοῦσι

1955 1837 2212 1889 Ituentur
2239 1849 2308 1889 ac
2325 1839 2695 1906 cognoscunt
2722 1851 2926 1890 verum
2961 1836 3248 1901 amicum,
3280 1835 3565 1891 suavissi-

199 1927 285 1975 τὸν
338 1921 584 1982 ἀληθινὸν
613 1921 775 1995 φίλον,
817 1927 906 1975 καὶ
956 1921 1297 1995 γλυκύτατον,
1359 1927 1449 1975 καὶ
1504 1922 1800 1982 πολυπόθηο

1950 1937 2098 1988 ιιιω,
2126 1921 2443 1996 multisque
2461 1923 2604 1979 votis
2625 1923 3030 1979 desideratum
3053 1939 3343 1996 sponsum
3363 1924 3560 1980 Domi-

198 2031 284 2064 τον
313 2017 537 2085 νυμφίον
565 2015 650 2064 τόν
699 2014 911 2086 Κύριον,
969 2011 1438 2085 καταλαμπομένης
1479 2020 1575 2073 τῆς
1611 2011 1800 2084 ψυχῆς

1955 2027 2076 2076 um,
2107 2017 2162 2066 et
2204 2011 2449 2083 quidem
2479 2011 2818 2068 illuminata
2857 2012 3064 2069 anima
3096 2029 3132 2069 a
3161 2013 3378 2085 Spiritu
3415 2013 3562 2070 ado-

194 2103 293 2155 ὑπὸ
342 2109 435 2154 τοῦ
512 2109 880 2174 προσκυνητοῦ
934 2105 1232 2175 Πνεύματος
1261 2119 1274 2130 ·
1331 2105 1421 2153 καὶ
1490 2101 1624 2153 οὕτω
1683 2101 1800 2176 βλέ-

1950 2099 2121 2156 mdo.
2151 2101 2292 2166 Quae
2316 2101 2400 2156 sic
2425 2101 2722 2157 intellectu
2746 2101 3125 2173 conspiciens
3157 2101 3560 2160 desideratam

191 2210 369 2244 πουσα
425 2192 614 2265 νόερῶς
651 2194 709 2243 τό
750 2189 1070 2262 ἐπιθυμητὸν
1121 2195 1211 2243 καὶ
1248 2194 1402 2263 μόνον
1460 2189 1797 2250 ἁνεκλάλητον

1953 2205 1977 2244 c
1994 2188 2185 2245 solam
2208 2189 2670 2246 inenarrabilem
2690 2189 3217 2262 pulchritudinem,
3245 2207 3453 2248 amore
3473 2191 3563 2247 di-

187 2281 373 2344 κοὶλλος
416 2280 488 2344 εἰς
538 2282 703 2355 ἔρωτα
757 2281 890 2333 θεῖον
941 2286 1304 2354 τιτρώσκεται,
1359 2285 1449 2333 καὶ
1500 2281 1573 2342 εἰς
1624 2283 1797 2344 πάσας

1947 2278 2048 2334 ino
2097 2279 2419 2345 sauciatur,
2454 2284 2632 2352 atque
2657 2279 2734 2336 ad
2770 2295 2982 2336 omnes
3029 2279 3274 2336 virtutes
3306 2281 3557 2352 Spiritus

190 2372 372 2445 ἀρετὰς
404 2377 498 2422 τοῦ
538 2371 837 2443 Πνεύματος
891 2372 1280 2438 κατευθύνεται,
1321 2374 1410 2422 καὶ
1449 2370 1613 2432 οὕτως
1652 2368 1796 2445 ἀόρι-

1950 2367 2196 2439 irigitur,
2246 2373 2425 2440 atque
2479 2367 2630 2424 adeo
2678 2368 3041 2424 immensam
3092 2373 3148 2424 et
3201 2373 3559 2441 perpetuam

198 2477 312 2511 στον
355 2463 446 2510 καὶ
496 2457 824 2512 ἀνέκλειπτον
876 2462 1123 2517 κέκτηται
1153 2456 1380 2530 ἀγάπην,
1412 2461 1543 2531 πρὸς
1569 2461 1658 2510 τὸν
1709 2460 1796 2512 ὑπ’

1949 2457 2294 2529 onsequitur
2319 2456 2724 2524 dilectionem,
2752 2473 2894 2527 erga
2926 2458 3148 2530 sapius
3175 2473 3212 2514 a
3243 2474 3306 2514 se
3330 2457 3559 2514 deside-

204 2545 363 2610 αὐτῆς
416 2550 731 2620 ποθούμενον
798 2550 1008 2620 Κύριον.
1069 2552 1133 2600 Τί
1186 2552 1359 2600 τοίνυν
1411 2552 1798 2623 μακαριώτερον

1948 2551 2104 2602 atum
2146 2561 2457 2617 sponsum.
2493 2545 2647 2612 Quid
2684 2547 2859 2616 igitur
2889 2545 3126 2602 beatius
3152 2552 3374 2603 aeterna
3412 2562 3558 2604 voce

207 2637 300 2699 τῆς
356 2633 523 2690 ἆίδίου
560 2638 730 2710 φωνῆς
791 2639 986 2700 ἓκείνης
1036 2636 1296 2702 Ἰωάννου,
1339 2634 1661 2698 δεικνύοντος
1697 2643 1798 2713 πρὸ

1951 2636 2008 2691 la
2033 2635 2300 2702 Joannis,
2344 2635 2737 2692 monstrantis
2767 2636 2847 2692 ob
2873 2635 3080 2692 oculos
3113 2636 3454 2707 Dominum,
3487 2652 3558 2694 ac

205 2725 472 2799 ὀφθαλμῶν
527 2731 615 2779 τὸν
649 2729 857 2799 Κύριον,
908 2725 1166 2798 λέγοντος,
1215 2723 1345 2780 Ἴδε
1384 2738 1409 2779 ο
1449 2725 1644 2799 ἀμνὸς
1681 2735 1796 2780 τοῦ

1955 2725 2158 2780 icentis
2209 2741 2221 2778 :
2283 2725 2436 2782 Ecce
2485 2740 2680 2796 agnus
2737 2726 2862 2792 Dei,
2919 2727 3029 2798 qui
3083 2726 3243 2782 tollit
3313 2733 3562 2795 peccata

198 2823 378 2882 Θεοῦ,
411 2817 439 2867 6
468 2819 668 2890 αἴρων
707 2819 821 2874 τὴν
860 2815 1179 2890 ἀμαρνίαν
1219 2823 1330 2868 τοῦ
1369 2821 1654 2888 κόσμου;
1909 2814 2180 2870 mundi”
2213 2813 2242 2869 7

263 2904 338 2970 ς’.
374 2903 634 2972 Ἀληθῶς,
668 2904 758 2958 Ἐν
817 2911 1147 2976 γεννητοῖς
1201 2913 1529 2976 γυναικῶν
1584 2903 1800 2968 οὐδεὶς

1989 2904 2158 2973 112
2188 2904 2274 2958 VI.
2321 2905 2544 2959 Revera
2580 2903 2740 2960 inter
2775 2909 2950 2959 natos
2991 2903 3308 2960 mulierum
3355 2905 3563 2961 nullus

196 2996 435 3063 μείζων
477 2994 776 3048 Ἰωάννου
815 3001 927 3047 τοῦ
965 3001 1360 3049 Βαπτιστοῦ.
1405 2995 1670 3068 Πλήρωμα
1697 2999 1798 3070 γὰρ

1954 2993 2106 3062 ια]ον
2122 2992 2354 3047 Joanne
2384 2992 2740 3061 Baptista".
2758 2991 3450 3062 Complementumenim
3475 2998 3564 3048 est

197 3086 394 3136 :ra'atuv
427 3092 703 3157 προφητῶν
726 3085 1011 3156 τυγχάνει·
1037 3088 1126 3136 καὶ
1154 3086 1332 3145 πάντες
1362 3087 1450 3155 μεν
1476 3069 1794 3160 προεφήτευέ

1952 3080 2182 3136 mnium
2205 3079 2656 3151 prophetarum.
2673 3081 2967 3135 Etomnes
2987 3079 3231 3152 quidem
3257 3079 3562 3136 vaticinati

195 3192 287 3225 σαν
345 3179 468 3247 περὶ
524 3180 617 3226 τοῦ
674 3171 900 3247 Κυρίου,
957 3175 1183 3246 μήκοθεν
1265 3170 1583 3235 δεικνύοντες
1645 3174 1800 3226 αύτὸν

1953 3175 2048 3225 unt
2085 3169 2158 3225 de
2190 3169 2462 3234 Domino,
2495 3167 2704 3240 procul
2743 3173 3146 3225 monstrantes
3175 3185 3312 3224 cum
3357 3173 3563 3224 ventu-

188 3265 609 3336 παραγινόμενον
639 3275 654 3290 ⁸
684 3264 842 3323 αὐτὸς
875 3257 932 3314 δε
963 3263 1296 3336 προφητεύων
1346 3267 1464 3334 περὶ
1494 3269 1585 3314 τοῦ
1629 3268 1798 3320 Σωτῆ-

1949 3275 2066 3314 um.
2090 3259 2220 3330 Ipse
2247 3273 2385 3313 vero
2407 3258 2480 3312 de
2509 3256 2808 3314 Salvatore
2830 3257 3220 3329 prophetans,
3249 3273 3559 3313 common-

186 3369 301 3424 ρος,
362 3345 596 3402 ἐδείκνυε
633 3352 756 3422 παρ’
799 3349 1086 3422 ὀφθαλμοῖς
1122 3355 1279 3415 πᾶσι,
1323 3347 1456 3424 βοῶν
1495 3356 1584 3403 καὶ
1621 3350 1796 3422 λέγων¹

1946 3347 2140 3404 trabat
2165 3353 2302 3403 ante
2331 3345 2607 3402 omnium
2638 3345 2865 3409 oculos.
2902 3345 3171 3402 clamans
3199 3363 3270 3402 ac
3309 3346 3514 3402 dicens
3543 3363 3556 3403 :

188 3436 321 3492 Ἴδε
351 3441 378 3491 ὁ
413 3436 610 3510 ἀμνὸς
646 3447 755 3492 τοῦ
796 3446 978 3493 Θεοῦ.
1019 3444 1083 3492 Τί
1112 3435 1268 3498 ἡδεῖα
1317 3444 1408 3492 καὶ
1437 3440 1566 3498 καλὴ
1599 3442 1628 3499 ἡ
1663 3444 1798 3513 φωνὴ

1953 3439 2065 3495 Ecce
2088 3453 2280 3508 agnus
2301 3437 2486 3493 Dei”.
2512 3436 2660 3502 Quid
2688 3437 3030 3493 eratsuavis
3050 3452 3120 3492 ac
3143 3435 3427 3508 praeclara
3446 3452 3563 3493 vox

197 3528 316 3580 εὐθύ
348 3525 676 3590 δεικνύοντος
706 3532 764 3580 τὸ
788 3529 876 3582 ὑπ’
902 3527 1066 3581 αὐτοῦ
1092 3528 1511 3602 κηρυσσόμενονῐ
1548 3529 1803 3590 Μείζων

1955 3534 2066 3583 acta
2099 3526 2489 3582 monstrantis
2511 3542 2670 3592 eum,
2698 3541 2879 3598 quem
2910 3524 3329 3598 praedicabat?
3359 3525 3565 3596 Major

201 3617 494 3671 Ἰωάννου
536 3617 593 3670 ἓν
631 3624 965 3688 γεννητοῖς
1001 3625 1323 3689 γυναικῶν
1363 3615 1588 3679 οὐδείς
1615 3635 1628 3650 ’
1677 3619 1702 3670 ό
1736 3614 1804 3670 δε

1949 3620 2146 3673 'oanne
2161 3617 2320 3672 inter
2331 3631 2424 3672 eos
2437 3615 2541 3688 qui
2551 3622 2928 3672 nascunture
2951 3615 3304 3671 mulieribus
3317 3614 3559 3685 nullus,-

195 3712 576 3780 μικρότερος
615 3705 673 3758 έν
706 3715 776 3779 τῇ
819 3703 1136 3780 βασιλείᾳ
1174 3714 1292 3758 τῶν
1333 3707 1635 3780 οὐρανῶν,
1676 3713 1804 3778 μεί-

1954 3706 2015 3761 ui
2038 3713 2235 3762 autem
2263 3706 2460 3760 minor
2496 3709 2581 3761 est
2608 3705 2672 3760 in
2700 3719 2882 3776 regno
2916 3705 3221 3768 caelorum,
3250 3705 3450 3773 major
3477 3710 3564 3760 est

197 3798 318 3858 ζων
359 3796 559 3848 αὐτοῦ
599 3797 797 3851 ἐστιν.
825 3797 1097 3848 Οἰᾶνωθεν
1123 3794 1180 3848 έκ
1204 3803 1297 3848 τοῦ
1326 3803 1459 3849 Θεοῦ
1481 3799 1805 3867 γεννηθέντες

1954 3796 2102 3850 Ilo".
2149 3795 2253 3859 Qui
2307 3794 2567 3864 desuper
2610 3809 2682 3848 ex
2711 3793 2829 3848 Deo
2882 3794 3003 3848 nati
3046 3798 3182 3846 sunt
3209 3792 3469 3863 apostoli
3507 3798 3564 3848 et

193 3885 483 3938 ἀπόστολοι
518 3902 532 3918 ⁸
585 3887 635 3937 οἱ
675 3889 770 3944 τὴν
818 3883 1067 3960 ἀπαρχὴν
1111 3892 1203 3937 τοῦ
1260 3884 1595 3958 παρακλήτου
1642 3887 1802 3937 Πνεύ-

1957 3882 2206 3938 rimitias
2248 3883 2501 3954 Spiritus
2533 3881 2814 3953 paracleti
2847 3886 3208 3951 acceperunt
3241 3899 3252 3935 :
3286 3880 3346 3935 hi
3387 3880 3565 3952 siqui-

192 3990 360 4043 ματος
390 3968 634 4032 λαϐόντες
668 3987 681 3998 ·
729 3969 870 4022 οὗτοι
906 3971 1008 4042 γὰρ
1060 3965 1416 4022 συνδικασταὶ
1464 3973 1553 4021 καὶ
1585 3971 1802 4041 σύνθρο-

1957 3987 2071 4036 em,
2103 3975 2165 4026 ut
2206 3986 2326 4026 una
2361 3970 2597 4041 judices
2628 3975 2846 4034 essent,
2880 3985 2950 4023 ac
3000 3968 3060 4023 in
3092 3968 3306 4024 eodem
3349 3968 3563 4024 throno

192 4080 274 4112 νοι
349 4059 765 4121 κατηξιώθησαν
838 4060 1100 4130 γενέσθαι,
1178 4058 1323 4110 οὗτοι
1395 4057 1654 4132 λυτρωταὶ
1703 4066 1802 4109 τῶν

1955 4060 2208 4125 ederent,
2237 4059 2399 4129 digni
2430 4058 2683 4130 reputati
2714 4064 2854 4112 sunt
2885 4073 2896 4111 :
2931 4055 2993 4112 hi
3019 4057 3427 4128 redemptores
3456 4055 3565 4112 ho-

196 4147 488 4224 ἀνθρώπων
554 4153 851 4219 γεγόνασιν.
922 4148 1199 4220 Εὑρίσκεις
1262 4146 1446 4206 αύτούς
1524 4146 1804 4217 σχίζοντας

1954 4149 2147 4205 linum
2170 4148 2305 4204 facti
2325 4153 2484 4203 sunt.
2512 4147 2742 4202 invenis
2764 4162 2867 4201 eos
2885 4145 3218 4202 dividentes
3244 4161 3407 4203 mare
3433 4161 3564 4218 pra-

199 4239 474 4291 θάλασσαν
509 4233 777 4310 δυνάμεων
814 4245 1073 4309 πονηρῶν,
1118 4241 1208 4289 καὶ
1240 4232 1594 4308 διαγαγόντας
1617 4235 1804 4308 ψυχὰς

1954 4254 2126 4296 arum
2145 4242 2526 4310 potestatum,
2552 4242 2730 4307 atque
2747 4236 3066 4291 educentes
3082 4233 3288 4290 ﬁdeles
3306 4235 3561 4291 animas.

203 4330 577 4387 πιστευούσας.
611 4327 880 4401 Εὗρίσκεις
919 4325 1105 4388 αὐτοὺς
1147 4329 1405 4399 γεωργοὺς
1457 4330 1552 4384 τὴν
1577 4324 1804 4398 ἄμπελον

1957 4328 2153 4384 ινθηὶε
2185 4343 2285 4384 eos
2304 4326 2572 4390 colonos,
2595 4324 2833 4380 vineam
2855 4324 3070 4380 anima:
3091 4324 3448 4380 excolentes.
3476 4325 3567 4380 ln-

206 4424 291 4479 τῆς
355 4415 548 4488 ψυχῆς
613 4415 1004 4489 έργαζομένους.
1065 4416 1339 4488 Εύρίσκεις
1398 4414 1586 4476 αύτούς
1640 4435 1806 4490 παραυ

1956 4417 2083 4473 enis
2136 4432 2239 4473 eos
2298 4414 2771 4486 paranymphos,
2827 4414 3265 4486 desponsantes
3328 4414 3566 4470 animas

198 4511 456 4580 νύμφους,
487 4507 839 4577 νυμφεύοντας
860 4503 1050 4576 ψυχὰς
1075 4511 1289 4578 Χριστῷ
1325 4521 1335 4533 '
1387 4503 1487 4578 Ἠρ
1501 4524 1576 4574 μο
1592 4506 1763 4578 σάμη
1781 4526 1806 4556 ν

1954 4506 2168 4562 .hristo.
2207 4505 2502 4574 Despondi
2528 4503 2704 4574 enim,
2736 4503 3055 4575 inquit,vos
3087 4503 3193 4560 um'
3221 4502 3436 4561 viro“.
3467 4507 3564 4560 In-

196 4599 343 4669 γάρ,
389 4599 572 4666 φησὶν,
640 4594 799 4666 ὑμᾶς
856 4593 946 4646 ἑνὶ
1012 4589 1222 4667 ἀνδρί.
1287 4594 1562 4667 Εὑρίσκεις
1617 4594 1806 4656 αὐτοὺς

1957 4597 2082 4652 enis
2113 4611 2216 4651 eos
2242 4594 2561 4664 largientes
2594 4593 2774 4649 vitam
2799 4591 3170 4656 hominibus,
3202 4598 3257 4648 et
3296 4608 3567 4650 summa-

200 4681 451 4744 διδόντας
483 4683 623 4743 ζωὴν
659 4690 768 4745 τοῖς
799 4680 1090 4755 ἀνθρώποις
1124 4697 1136 4710 ·
1184 4687 1274 4735 καὶ
1314 4681 1628 4746 ἁπαξαπλῶς
1671 4685 1808 4757 εὑρί-

1965 4702 2021 4740 ω
2044 4685 2274 4741 invenis
2303 4699 2407 4740 eos
2435 4682 2612 4740 variis
2632 4698 2701 4738 ac
2721 4681 2968 4737 diversis
2999 4681 3195 4738 modis
3221 4681 3567 4737 ministran-

199 4793 346 4836 σκεις
405 4772 598 4834 αύτούς
637 4771 932 4845 πολυμερῶς
978 4776 1068 4824 καὶ
1122 4771 1453 4843 πολυτρόπως
1506 4769 1809 4826 διακονοῦν-

1955 4791 2005 4830 es
2043 4773 2300 4846 Spiritui.
2343 4773 2442 4829 Hic
2483 4772 2661 4843 igitur
2688 4778 2779 4828 est
2804 4769 2899 4826 ille
2930 4785 3179 4842 parvus,
3224 4771 3328 4841 qui
3368 4771 3565 4840 major

199 4882 288 4925 τας
328 4870 406 4933 τῷ
447 4865 730 4934 Πνεύματι.
773 4861 941 4922 Οὗτος
979 4858 1066 4913 ούν
1106 4863 1246 4914 ἔστιν
1276 4862 1302 4914 6
1341 4864 1524 4936 μικρός
1554 4863 1579 4914 ό
1619 4862 1808 4934 μείζων

979 4858 1066 4913 οὖν
1106 4863 1246 4914 ἔστιν
1276 4862 1302 4914 6
1341 4864 1524 4936 μικρὸς
1554 4863 1579 4914 6
1619 4862 1808 4934 μείζων
1917 4869 2004 4920 est
2026 4864 2256 4920 Joanne
2295 4861 2583 4933 Baptista.

198 4952 445 5006 Ἰωάννου
473 4957 565 5004 τοῦ
595 4957 916 5006 Βαπτιστοῦ.

1991 4954 2100 5008 Vll.
2123 4950 2648 5018 Quemadmodum
2669 4949 2828 5005 enim
2857 4947 3121 5019 agricola
3137 4948 3354 5019 jugum
3373 4947 3564 5004 boum

269 5041 351 5096 Z'.
396 5039 598 5112 Ὠσπερ
647 5043 748 5115 γὰρ
797 5041 823 5092 6
851 5042 1082 5115 γεωργός
1131 5039 1313 5112 ζεῦγος
1364 5037 1496 5113 βοῶν
1545 5042 1804 5112 κατέχων,

1961 5041 2181 5111 irigens
2209 5039 2425 5097 excolit
2444 5045 2659 5095 terram
2684 5056 2697 5094 :
2728 5037 2942 5093 eodem
2972 5052 3216 5110 quoque
3244 5035 3427 5092 modo
3459 5038 3568 5092 Do-

202 5129 486 5204 ὶργάζεται
522 5135 616 5187 τὴν
653 5138 750 5202 γῆν
792 5147 805 5160 ⁸
847 5132 934 5182 τόν
975 5131 1130 5181 αὐτόν
1168 5136 1358 5204 τρόπον
1414 5134 1504 5182 καὶ
1544 5131 1569 5182 ό
1609 5129 1807 5204 Κύριος

1955 5130 2118 5186 Jinus
2153 5129 2344 5192 Jesus.
2397 5127 2718 5200 praeclarus
2746 5143 2817 5182 ac
2854 5142 3026 5182 verus
3063 5124 3348 5197 agricola,
3388 5124 3565 5182 binos

204 5220 431 5285 Ἰησοῦς,
465 5219 492 5271 6
521 5218 676 5280 καλός
727 5224 815 5272 καὶ
865 5218 1107 5280 ἀληθινός
1155 5223 1401 5293 γεωργὸς,
1438 5215 1534 5272 δύο
1586 5217 1808 5272 ἀποστό-

1960 5218 2224 5292 postolos
2250 5217 2562 5289 copulans,
2593 5216 2792 5272 emisit
2821 5231 2944 5282 eos,
2977 5231 3116 5270 cum
3149 5213 3260 5271 illis
3287 5213 3566 5270 excolens

202 5309 316 5371 λους
371 5309 580 5374 ζεύξας,
632 5307 925 5363 ἀπέστειλεν
970 5309 1181 5372 αύτούς,
1225 5309 1335 5379 μετ’
1380 5307 1548 5361 αὐτῶν
1597 5307 1809 5380 έργαξό-

1948 5324 2136 5364 erram
2168 5305 2540 5364 audientium
2569 5321 2639 5362 ac
2681 5320 2814 5362 vere
2845 5303 3236 5360 credentium.
3269 5303 3558 5359 Caeterum

205 5419 348 5471 μενος
387 5403 484 5456 τὴν
522 5405 620 5470 γῆν
660 5407 758 5451 τῶν
800 5397 1088 5452 ἀκουόντων
1119 5402 1208 5450 καὶ
1248 5397 1296 5449 ἐν
1336 5397 1555 5470 ἀληθείᾳ
1593 5417 1806 5450 πιστευ-

1961 5414 2031 5453 οο
2071 5411 2315 5468 quoque
2357 5395 2515 5450 dictu
2544 5393 2796 5464 dignum
2823 5397 2932 5460 est,
2975 5407 3098 5448 non
3137 5391 3194 5446 in
3222 5392 3350 5448 solo
3390 5389 3568 5448 verbo

207 5495 384 5542 οντων.
433 5487 574 5546 Πλὴν
612 5493 704 5541 καὶ
744 5496 897 5541 τοῦτο
934 5487 1093 5541 εἰπεῖν
1132 5486 1298 5553 ἄξιον,
1338 5490 1407 5549 ὡς
1445 5486 1539 5538 όύκ
1586 5490 1636 5538 ἐν
1673 5485 1809 5560 λόγῳ

1967 5486 2162 5542 uditus
2175 5499 2428 5554 regnum
2447 5485 2567 5549 Dei,
2583 5488 2638 5540 et
2655 5481 3063 5556 apostolorum
3079 5480 3570 5554 praadicationem

290 5676 336 5712 ἰ
362 5676 539 5733 Joan.
575 5691 612 5740 ι,
638 5677 725 5730 29.
802 5676 851 5710 ⁹²
877 5671 1070 5730 Matth.
1104 5687 1182 5738 τι,
1219 5673 1305 5729 lt.
1382 5673 1428 5707 ’³
1453 5673 1622 5729 Joan.
1656 5687 1697 5738 ι,
1723 5673 1814 5728 29.
1889 5673 1900 5708 ¹

1382 5673 1428 5707 ’³
1453 5673 1622 5729 Joan.
1656 5687 1697 5738 ι,
1723 5673 1814 5728 29.
1889 5673 1938 5708 9‘
1969 5671 2162 5730 Matth.
2191 5687 2274 5736 ιι,
2308 5676 2390 5727 H.
2466 5671 2514 5706 9‘
2542 5671 2587 5726 II
2621 5671 2749 5728 Cor.
2785 5684 2858 5735 ιι,
2889 5673 2942 5726 2.
