  <div class='ocr_page' id='page_1' title='image "/cluster/home/n/w/nwhite01/storage/ocr_20150623/34/hvd.32044073501835/367.png"; bbox 0 0 4076 6210; ppageno 0'>
   <div class='ocr_carea' id='block_1_1' title="bbox 497 318 604 375">
    <p class='ocr_par' dir='ltr' id='par_1_1' title="bbox 497 318 604 375">
     <span class='ocr_line' id='line_1_1' title="bbox 497 318 604 375; baseline -0.009 0"><span class='ocrx_word' id='word_1_1' title='bbox 497 318 604 375; x_wconf 76' lang='grc'>715</span> 
     </span>
    </p>
   </div>
   <div class='ocr_carea' id='block_1_2' title="bbox 1808 284 2545 353">
    <p class='ocr_par' dir='ltr' id='par_1_2' title="bbox 1808 284 2545 353">
     <span class='ocr_line' id='line_1_2' title="bbox 1808 284 2545 353; baseline -0.02 0"><span class='ocrx_word' id='word_1_2' title='bbox 1808 296 1867 353; x_wconf 91' lang='lat' dir='ltr'>S.</span> <span class='ocrx_word' id='word_1_3' title='bbox 1907 290 2207 351; x_wconf 76' lang='lat' dir='ltr'><strong>MACARII</strong></span> <span class='ocrx_word' id='word_1_4' title='bbox 2247 284 2545 343; x_wconf 72' lang='lat' dir='ltr'>EGYPTII</span> 
     </span>
    </p>
   </div>
   <div class='ocr_carea' id='block_1_3' title="bbox 3752 277 3862 332">
    <p class='ocr_par' dir='ltr' id='par_1_3' title="bbox 3752 277 3862 332">
     <span class='ocr_line' id='line_1_3' title="bbox 3752 277 3862 332; baseline -0.009 0"><span class='ocrx_word' id='word_1_5' title='bbox 3752 277 3862 332; x_wconf 81' lang='grc'>716</span> 
     </span>
    </p>
   </div>
   <div class='ocr_carea' id='block_1_4' title="bbox 499 402 2192 512">
    <p class='ocr_par' dir='ltr' id='par_1_4' title="bbox 499 426 2192 512">
     <span class='ocr_line' id='line_1_4' title="bbox 499 426 2192 512; baseline -0.018 -9"><span class='ocrx_word' id='word_1_6' title='bbox 499 460 651 509; x_wconf 89' lang='lat' dir='ltr'>esse,</span> <span class='ocrx_word' id='word_1_7' title='bbox 683 442 860 499; x_wconf 78' lang='lat' dir='ltr'>veluti</span> <span class='ocrx_word' id='word_1_8' title='bbox 889 440 939 497; x_wconf 90' lang='lat' dir='ltr'>si</span> <span class='ocrx_word' id='word_1_9' title='bbox 963 438 1099 512; x_wconf 87' lang='lat' dir='ltr'>quis</span> <span class='ocrx_word' id='word_1_10' title='bbox 1124 434 1360 494; x_wconf 80' lang='lat' dir='ltr'>dicendi</span> <span class='ocrx_word' id='word_1_11' title='bbox 1387 431 1666 490; x_wconf 83' lang='lat' dir='ltr'>facultate</span> <span class='ocrx_word' id='word_1_12' title='bbox 1692 426 1935 501; x_wconf 88' lang='lat' dir='ltr'>polleat,</span> <span class='ocrx_word' id='word_1_13' title='bbox 1954 426 2150 512; x_wconf 81' lang='lat' dir='ltr'>atque</span> <span class='ocrx_word' id='word_1_14' title='bbox 2183 445 2192 471; x_wconf 72' lang='grc' dir='ltr'><em>Α</em></span> 
     </span>
    </p>
   </div>
   <div class='ocr_carea' id='block_1_5' title="bbox 2305 402 3867 512">
    <p class='ocr_par' dir='ltr' id='par_1_5' title="bbox 2305 402 3867 484">
     <span class='ocr_line' id='line_1_5' title="bbox 2305 402 3867 484; baseline -0.006 -20"><span class='ocrx_word' id='word_1_15' title='bbox 2305 416 2400 484; x_wconf 86' lang='grc' dir='ltr'>όνῳ</span> <span class='ocrx_word' id='word_1_16' title='bbox 2436 410 2598 473; x_wconf 81' lang='grc' dir='ltr'>ἀκοῆς</span> <span class='ocrx_word' id='word_1_17' title='bbox 2636 412 2666 469; x_wconf 80' lang='grc' dir='ltr'>ή</span> <span class='ocrx_word' id='word_1_18' title='bbox 2715 408 2958 483; x_wconf 76' lang='grc' dir='ltr'>βασιλεία</span> <span class='ocrx_word' id='word_1_19' title='bbox 3000 416 3095 463; x_wconf 91' lang='grc' dir='ltr'>τοῦ</span> <span class='ocrx_word' id='word_1_20' title='bbox 3140 416 3295 477; x_wconf 85' lang='grc' dir='ltr'>Θεοῦ,</span> <span class='ocrx_word' id='word_1_21' title='bbox 3338 410 3431 461; x_wconf 83' lang='grc' dir='ltr'>καὶ</span> <span class='ocrx_word' id='word_1_22' title='bbox 3478 409 3534 460; x_wconf 86' lang='grc' dir='ltr'>τὸ</span> <span class='ocrx_word' id='word_1_23' title='bbox 3580 413 3681 458; x_wconf 85' lang='grc' dir='ltr'>τῶν</span> <span class='ocrx_word' id='word_1_24' title='bbox 3726 402 3867 456; x_wconf 83' lang='grc' dir='ltr'>ἀπο-</span> 
     </span>
    </p>
   </div>
   <div class='ocr_carea' id='block_1_6' title="bbox 504 508 2149 607">
    <p class='ocr_par' dir='ltr' id='par_1_6' title="bbox 504 508 2149 607">
     <span class='ocr_line' id='line_1_6' title="bbox 504 508 2149 607; baseline -0.018 -16"><span class='ocrx_word' id='word_1_25' title='bbox 504 534 666 607; x_wconf 89' lang='lat' dir='ltr'>apud</span> <span class='ocrx_word' id='word_1_26' title='bbox 702 533 851 588; x_wconf 90' lang='lat' dir='ltr'>alios</span> <span class='ocrx_word' id='word_1_27' title='bbox 883 508 1144 601; x_wconf 78' lang='lat' dir='ltr'>peroret;</span> <span class='ocrx_word' id='word_1_28' title='bbox 1183 525 1286 580; x_wconf 87' lang='lat' dir='ltr'>sed</span> <span class='ocrx_word' id='word_1_29' title='bbox 1320 525 1377 579; x_wconf 93' lang='lat' dir='ltr'>in</span> <span class='ocrx_word' id='word_1_30' title='bbox 1409 522 1624 577; x_wconf 88' lang='lat' dir='ltr'>virtute</span> <span class='ocrx_word' id='word_1_31' title='bbox 1664 522 1843 588; x_wconf 89' lang='lat' dir='ltr'>atque</span> <span class='ocrx_word' id='word_1_32' title='bbox 1881 508 2149 569; x_wconf 78' lang='lat' dir='ltr'>eﬁicacia</span> 
     </span>
    </p>
   </div>
   <div class='ocr_carea' id='block_1_7' title="bbox 506 604 2154 696">
    <p class='ocr_par' dir='ltr' id='par_1_7' title="bbox 506 604 2154 696">
     <span class='ocr_line' id='line_1_7' title="bbox 506 604 2154 696; baseline -0.018 -16"><span class='ocrx_word' id='word_1_33' title='bbox 506 604 755 696; x_wconf 81' lang='lat' dir='ltr'>spiritus</span> <span class='ocrx_word' id='word_1_34' title='bbox 796 634 1049 689; x_wconf 86' lang='lat' dir='ltr'>regnum</span> <span class='ocrx_word' id='word_1_35' title='bbox 1081 616 1418 672; x_wconf 83' lang='lat' dir='ltr'>consistere.</span> <span class='ocrx_word' id='word_1_36' title='bbox 1460 612 1594 665; x_wconf 69' lang='lat' dir='ltr'>Haec</span> <span class='ocrx_word' id='word_1_37' title='bbox 1626 607 1784 664; x_wconf 91' lang='lat' dir='ltr'>enim</span> <span class='ocrx_word' id='word_1_38' title='bbox 1812 604 2154 696; x_wconf 66' lang='lat' dir='ltr'>obtigerunt</span> 
     </span>
    </p>
   </div>
   <div class='ocr_carea' id='block_1_8' title="bbox 506 689 2156 786">
    <p class='ocr_par' dir='ltr' id='par_1_8' title="bbox 506 689 2156 786">
     <span class='ocr_line' id='line_1_8' title="bbox 506 689 2156 786; baseline -0.018 -17"><span class='ocrx_word' id='word_1_39' title='bbox 506 689 748 786; x_wconf 71' lang='lat' dir='ltr'>quoque</span> <span class='ocrx_word' id='word_1_40' title='bbox 788 708 1181 765; x_wconf 87' lang='lat' dir='ltr'>lsraelitarum</span> <span class='ocrx_word' id='word_1_41' title='bbox 1216 703 1371 767; x_wconf 92' lang='lat' dir='ltr'>ﬁliis,</span> <span class='ocrx_word' id='word_1_42' title='bbox 1414 700 1698 756; x_wconf 90' lang='lat' dir='ltr'>continuo</span> <span class='ocrx_word' id='word_1_43' title='bbox 1727 689 2156 751; x_wconf 72' lang='lat' dir='ltr'>meditantibus</span> 
     </span>
    </p>
   </div>
   <div class='ocr_carea' id='block_1_9' title="bbox 511 781 2155 873">
    <p class='ocr_par' dir='ltr' id='par_1_9' title="bbox 511 781 2155 873">
     <span class='ocr_line' id='line_1_9' title="bbox 511 781 2155 873; baseline -0.016 -15"><span class='ocrx_word' id='word_1_44' title='bbox 511 781 865 873; x_wconf 75' lang='lat' dir='ltr'>Scripturas,</span> <span class='ocrx_word' id='word_1_45' title='bbox 909 801 1111 867; x_wconf 84' lang='lat' dir='ltr'>utpote</span> <span class='ocrx_word' id='word_1_46' title='bbox 1145 793 1248 866; x_wconf 89' lang='lat' dir='ltr'>qui</span> <span class='ocrx_word' id='word_1_47' title='bbox 1291 792 1365 847; x_wconf 90' lang='lat' dir='ltr'>de</span> <span class='ocrx_word' id='word_1_48' title='bbox 1414 787 1668 845; x_wconf 90' lang='lat' dir='ltr'>Domino</span> <span class='ocrx_word' id='word_1_49' title='bbox 1706 781 2155 873; x_wconf 76' lang='lat' dir='ltr'>meditationem</span> 
     </span>
    </p>
   </div>
   <div class='ocr_carea' id='block_1_10' title="bbox 510 868 2160 960">
    <p class='ocr_par' dir='ltr' id='par_1_10' title="bbox 510 868 2160 960">
     <span class='ocr_line' id='line_1_10' title="bbox 510 868 2160 960; baseline -0.015 -14"><span class='ocrx_word' id='word_1_50' title='bbox 510 868 933 960; x_wconf 79' lang='lat' dir='ltr'>suscipiebant,</span> <span class='ocrx_word' id='word_1_51' title='bbox 966 886 1166 957; x_wconf 86' lang='lat' dir='ltr'>ipsam</span> <span class='ocrx_word' id='word_1_52' title='bbox 1200 897 1336 937; x_wconf 89' lang='lat' dir='ltr'>vero</span> <span class='ocrx_word' id='word_1_53' title='bbox 1365 877 1772 935; x_wconf 76' lang='lat' dir='ltr'>baereditatem</span> <span class='ocrx_word' id='word_1_54' title='bbox 1801 871 1929 929; x_wconf 88' lang='lat' dir='ltr'>aliis</span> <span class='ocrx_word' id='word_1_55' title='bbox 1966 868 2160 925; x_wconf 90' lang='lat' dir='ltr'>trade-</span> 
     </span>
    </p>
   </div>
   <div class='ocr_carea' id='block_1_11' title="bbox 508 964 2151 1049">
    <p class='ocr_par' dir='ltr' id='par_1_11' title="bbox 508 964 2151 1049">
     <span class='ocr_line' id='line_1_11' title="bbox 508 964 2151 1049; baseline -0.016 -13"><span class='ocrx_word' id='word_1_56' title='bbox 508 979 689 1036; x_wconf 84' lang='lat' dir='ltr'>bant:</span> <span class='ocrx_word' id='word_1_57' title='bbox 721 978 802 1033; x_wconf 89' lang='lat' dir='ltr'>ita</span> <span class='ocrx_word' id='word_1_58' title='bbox 818 975 921 1049; x_wconf 90' lang='lat' dir='ltr'>qui</span> <span class='ocrx_word' id='word_1_59' title='bbox 943 987 1250 1029; x_wconf 85' lang='lat' dir='ltr'>sermones</span> <span class='ocrx_word' id='word_1_60' title='bbox 1277 969 1525 1042; x_wconf 87' lang='lat' dir='ltr'>Spiritus</span> <span class='ocrx_word' id='word_1_61' title='bbox 1549 966 1678 1021; x_wconf 89' lang='lat' dir='ltr'>aliis</span> <span class='ocrx_word' id='word_1_62' title='bbox 1695 964 1995 1024; x_wconf 89' lang='lat' dir='ltr'>enarrant,</span> <span class='ocrx_word' id='word_1_63' title='bbox 2019 973 2151 1012; x_wconf 90' lang='lat' dir='ltr'>cum</span> 
     </span>
    </p>
   </div>
   <div class='ocr_carea' id='block_1_12' title="bbox 511 1047 2160 1140">
    <p class='ocr_par' dir='ltr' id='par_1_12' title="bbox 511 1047 2160 1140">
     <span class='ocr_line' id='line_1_12' title="bbox 511 1047 2160 1140; baseline -0.015 -15"><span class='ocrx_word' id='word_1_64' title='bbox 511 1068 625 1140; x_wconf 90' lang='lat' dir='ltr'>ipsi</span> <span class='ocrx_word' id='word_1_65' title='bbox 650 1047 901 1123; x_wconf 78' lang='lat' dir='ltr'>verbum</span> <span class='ocrx_word' id='word_1_66' title='bbox 928 1064 987 1119; x_wconf 90' lang='lat' dir='ltr'>in</span> <span class='ocrx_word' id='word_1_67' title='bbox 1002 1063 1213 1117; x_wconf 89' lang='lat' dir='ltr'>virtute</span> <span class='ocrx_word' id='word_1_68' title='bbox 1240 1074 1362 1115; x_wconf 90' lang='lat' dir='ltr'>non</span> <span class='ocrx_word' id='word_1_69' title='bbox 1379 1055 1749 1131; x_wconf 86' lang='lat' dir='ltr'>possideant,</span> <span class='ocrx_word' id='word_1_70' title='bbox 1764 1051 1900 1140; x_wconf 11' lang='lat' dir='ltr'>aliis,</span> <span class='ocrx_word' id='word_1_71' title='bbox 1917 1047 2160 1104; x_wconf 90' lang='lat' dir='ltr'>tradunt</span> 
     </span>
    </p>
   </div>
   <div class='ocr_carea' id='block_1_13' title="bbox 511 1138 2161 1229">
    <p class='ocr_par' dir='ltr' id='par_1_13' title="bbox 511 1138 2161 1229">
     <span class='ocr_line' id='line_1_13' title="bbox 511 1138 2161 1229; baseline -0.015 -15"><span class='ocrx_word' id='word_1_72' title='bbox 511 1138 937 1229; x_wconf 69' lang='lat' dir='ltr'>baerepitatem.</span> <span class='ocrx_word' id='word_1_73' title='bbox 970 1150 1166 1209; x_wconf 84' lang='lat' dir='ltr'>Gloria</span> <span class='ocrx_word' id='word_1_74' title='bbox 1196 1149 1367 1214; x_wconf 84' lang='lat' dir='ltr'>Patri,</span> <span class='ocrx_word' id='word_1_75' title='bbox 1391 1153 1447 1203; x_wconf 88' lang='lat' dir='ltr'>et</span> <span class='ocrx_word' id='word_1_76' title='bbox 1476 1144 1644 1209; x_wconf 84' lang='lat' dir='ltr'>Filio,</span> <span class='ocrx_word' id='word_1_77' title='bbox 1670 1148 1728 1200; x_wconf 89' lang='lat' dir='ltr'>et</span> <span class='ocrx_word' id='word_1_78' title='bbox 1754 1138 1996 1214; x_wconf 86' lang='lat' dir='ltr'>Spiritui</span> <span class='ocrx_word' id='word_1_79' title='bbox 2028 1150 2161 1192; x_wconf 90' lang='lat' dir='ltr'>san-</span> 
     </span>
    </p>
   </div>
   <div class='ocr_carea' id='block_1_14' title="bbox 514 1242 1212 1303">
    <p class='ocr_par' dir='ltr' id='par_1_14' title="bbox 514 1242 1212 1303">
     <span class='ocr_line' id='line_1_14' title="bbox 514 1242 1212 1303; baseline -0.013 0"><span class='ocrx_word' id='word_1_80' title='bbox 514 1252 609 1303; x_wconf 90' lang='lat' dir='ltr'>cto</span> <span class='ocrx_word' id='word_1_81' title='bbox 639 1246 697 1300; x_wconf 91' lang='lat' dir='ltr'>in</span> <span class='ocrx_word' id='word_1_82' title='bbox 725 1242 973 1300; x_wconf 73' lang='lat' dir='ltr'>saecula.</span> <span class='ocrx_word' id='word_1_83' title='bbox 1004 1246 1212 1297; x_wconf 85' lang='lat' dir='ltr'>Amen.</span> 
     </span>
    </p>
   </div>
   <div class='ocr_carea' id='block_1_15' title="bbox 1089 1540 1598 1599">
    <p class='ocr_par' dir='ltr' id='par_1_15' title="bbox 1089 1540 1598 1599">
     <span class='ocr_line' id='line_1_15' title="bbox 1089 1540 1598 1599; baseline -0.012 0"><span class='ocrx_word' id='word_1_84' title='bbox 1089 1541 1381 1599; x_wconf 84' lang='lat' dir='ltr'>HOMILIA</span> <span class='ocrx_word' id='word_1_85' title='bbox 1424 1540 1598 1595; x_wconf 86' lang='lat' dir='ltr'>XXIX.</span> 
     </span>
    </p>
   </div>
   <div class='ocr_carea' id='block_1_16' title="bbox 518 1660 2170 1743">
    <p class='ocr_par' dir='ltr' id='par_1_16' title="bbox 518 1660 2170 1743">
     <span class='ocr_line' id='line_1_16' title="bbox 518 1660 2170 1743; baseline -0.01 -12"><span class='ocrx_word' id='word_1_86' title='bbox 518 1671 764 1743; x_wconf 77' lang='lat' dir='ltr'>Duplici</span> <span class='ocrx_word' id='word_1_87' title='bbox 781 1670 1015 1728; x_wconf 80' lang='lat' dir='ltr'>ratione</span> <span class='ocrx_word' id='word_1_88' title='bbox 1025 1668 1516 1743; x_wconf 79' lang='lat' dir='ltr'>dispensationem</span> <span class='ocrx_word' id='word_1_89' title='bbox 1543 1664 1755 1743; x_wconf 58' lang='lat' dir='ltr'>gratia</span> <span class='ocrx_word' id='word_1_90' title='bbox 1769 1664 1838 1743; x_wconf 62' lang='lat' dir='ltr'>in</span> <span class='ocrx_word' id='word_1_91' title='bbox 1856 1660 2170 1743; x_wconf 53' lang='lat' dir='ltr'>genusfzu-</span> 
     </span>
    </p>
   </div>
   <div class='ocr_carea' id='block_1_17' title="bbox 592 1732 2246 1822">
    <p class='ocr_par' dir='ltr' id='par_1_17' title="bbox 592 1732 2246 1822">
     <span class='ocr_line' id='line_1_17' title="bbox 592 1732 2246 1822; baseline -0.008 -22"><span class='ocrx_word' id='word_1_92' title='bbox 592 1732 833 1822; x_wconf 61' lang='lat' dir='ltr'>manum</span> <span class='ocrx_word' id='word_1_93' title='bbox 865 1746 1094 1822; x_wconf 66' lang='lat' dir='ltr'>exercet</span> <span class='ocrx_word' id='word_1_94' title='bbox 1117 1732 1298 1809; x_wconf 79' lang='lat' dir='ltr'>Deus,</span> <span class='ocrx_word' id='word_1_95' title='bbox 1326 1732 1566 1809; x_wconf 66' lang='lat' dir='ltr'>fructus</span> <span class='ocrx_word' id='word_1_96' title='bbox 1599 1738 1725 1807; x_wconf 85' lang='lat' dir='ltr'>ejus</span> <span class='ocrx_word' id='word_1_97' title='bbox 1744 1737 1913 1806; x_wconf 87' lang='lat' dir='ltr'>justo</span> <span class='ocrx_word' id='word_1_98' title='bbox 1943 1732 2171 1804; x_wconf 82' lang='lat' dir='ltr'>judicio</span> <span class='ocrx_word' id='word_1_99' title='bbox 2202 1765 2246 1822; x_wconf 78' lang='grc' dir='ltr'>Β</span> 
     </span>
    </p>
   </div>
   <div class='ocr_carea' id='block_1_18' title="bbox 593 1813 1231 1884">
    <p class='ocr_par' dir='ltr' id='par_1_18' title="bbox 593 1813 1231 1884">
     <span class='ocr_line' id='line_1_18' title="bbox 593 1813 1231 1884; baseline -0.009 -11"><span class='ocrx_word' id='word_1_100' title='bbox 593 1818 805 1874; x_wconf 86' lang='lat' dir='ltr'>iterum</span> <span class='ocrx_word' id='word_1_101' title='bbox 846 1813 1231 1884; x_wconf 73' lang='lat' dir='ltr'>repetiturus.</span> 
     </span>
    </p>
   </div>
   <div class='ocr_carea' id='block_1_19' title="bbox 595 2002 2176 2081">
    <p class='ocr_par' dir='ltr' id='par_1_19' title="bbox 595 2002 2176 2081">
     <span class='ocr_line' id='line_1_19' title="bbox 595 2002 2176 2081; baseline -0.008 -15"><span class='ocrx_word' id='word_1_102' title='bbox 595 2012 636 2066; x_wconf 95' lang='grc' dir='ltr'>Ι.</span> <span class='ocrx_word' id='word_1_103' title='bbox 664 2008 966 2081; x_wconf 86' lang='lat' dir='ltr'>Sapientia</span> <span class='ocrx_word' id='word_1_104' title='bbox 1010 2006 1129 2072; x_wconf 90' lang='lat' dir='ltr'>Dei,</span> <span class='ocrx_word' id='word_1_105' title='bbox 1165 2022 1303 2062; x_wconf 91' lang='lat' dir='ltr'>cum</span> <span class='ocrx_word' id='word_1_106' title='bbox 1346 2005 1422 2061; x_wconf 90' lang='lat' dir='ltr'>sit</span> <span class='ocrx_word' id='word_1_107' title='bbox 1459 2004 1693 2061; x_wconf 89' lang='lat' dir='ltr'>inﬁnita</span> <span class='ocrx_word' id='word_1_108' title='bbox 1738 2007 1795 2059; x_wconf 90' lang='lat' dir='ltr'>et</span> <span class='ocrx_word' id='word_1_109' title='bbox 1842 2002 2176 2071; x_wconf 90' lang='lat' dir='ltr'>incompre-</span> 
     </span>
    </p>
   </div>
   <div class='ocr_carea' id='block_1_20' title="bbox 526 2091 2177 2169">
    <p class='ocr_par' dir='ltr' id='par_1_20' title="bbox 526 2091 2177 2169">
     <span class='ocr_line' id='line_1_20' title="bbox 526 2091 2177 2169; baseline -0.007 -12"><span class='ocrx_word' id='word_1_110' title='bbox 526 2100 855 2165; x_wconf 85' lang='lat' dir='ltr'>hensibilis,</span> <span class='ocrx_word' id='word_1_111' title='bbox 905 2094 1492 2169; x_wconf 85' lang='lat' dir='ltr'>incomprehensibili</span> <span class='ocrx_word' id='word_1_112' title='bbox 1537 2099 1594 2150; x_wconf 91' lang='lat' dir='ltr'>et</span> <span class='ocrx_word' id='word_1_113' title='bbox 1639 2091 2177 2164; x_wconf 88' lang='lat' dir='ltr'>impervestigabili</span> 
     </span>
    </p>
   </div>
   <div class='ocr_carea' id='block_1_21' title="bbox 528 2182 2179 2261">
    <p class='ocr_par' dir='ltr' id='par_1_21' title="bbox 528 2182 2179 2261">
     <span class='ocr_line' id='line_1_21' title="bbox 528 2182 2179 2261; baseline -0.008 -13"><span class='ocrx_word' id='word_1_114' title='bbox 528 2189 712 2247; x_wconf 88' lang='lat' dir='ltr'>modo</span> <span class='ocrx_word' id='word_1_115' title='bbox 729 2187 1205 2261; x_wconf 89' lang='lat' dir='ltr'>dispensationes</span> <span class='ocrx_word' id='word_1_116' title='bbox 1221 2186 1425 2256; x_wconf 68' lang='lat' dir='ltr'>gratia:</span> <span class='ocrx_word' id='word_1_117' title='bbox 1447 2199 1588 2253; x_wconf 88' lang='lat' dir='ltr'>erga</span> <span class='ocrx_word' id='word_1_118' title='bbox 1618 2197 1809 2253; x_wconf 90' lang='lat' dir='ltr'>genus</span> <span class='ocrx_word' id='word_1_119' title='bbox 1835 2182 2179 2237; x_wconf 86' lang='lat' dir='ltr'>humanum</span> 
     </span>
    </p>
   </div>
   <div class='ocr_carea' id='block_1_22' title="bbox 526 2272 2183 2343">
    <p class='ocr_par' dir='ltr' id='par_1_22' title="bbox 526 2272 2183 2343">
     <span class='ocr_line' id='line_1_22' title="bbox 526 2272 2183 2343; baseline -0.007 -7"><span class='ocrx_word' id='word_1_120' title='bbox 526 2280 685 2336; x_wconf 87' lang='lat' dir='ltr'>varie</span> <span class='ocrx_word' id='word_1_121' title='bbox 717 2282 964 2343; x_wconf 88' lang='lat' dir='ltr'>exercet,</span> <span class='ocrx_word' id='word_1_122' title='bbox 996 2277 1075 2332; x_wconf 90' lang='lat' dir='ltr'>ad</span> <span class='ocrx_word' id='word_1_123' title='bbox 1101 2275 1355 2331; x_wconf 85' lang='lat' dir='ltr'>liberam</span> <span class='ocrx_word' id='word_1_124' title='bbox 1392 2274 1623 2329; x_wconf 88' lang='lat' dir='ltr'>arbitrii</span> <span class='ocrx_word' id='word_1_125' title='bbox 1645 2272 2018 2328; x_wconf 87' lang='lat' dir='ltr'>voluntatem</span> <span class='ocrx_word' id='word_1_126' title='bbox 2048 2286 2183 2342; x_wconf 87' lang='lat' dir='ltr'>pro-</span> 
     </span>
    </p>
   </div>
   <div class='ocr_carea' id='block_1_23' title="bbox 528 2361 2181 2436">
    <p class='ocr_par' dir='ltr' id='par_1_23' title="bbox 528 2361 2181 2436">
     <span class='ocr_line' id='line_1_23' title="bbox 528 2361 2181 2436; baseline -0.007 -10"><span class='ocrx_word' id='word_1_127' title='bbox 528 2368 818 2435; x_wconf 88' lang='lat' dir='ltr'>bandam,</span> <span class='ocrx_word' id='word_1_128' title='bbox 843 2372 908 2422; x_wconf 90' lang='lat' dir='ltr'>ut</span> <span class='ocrx_word' id='word_1_129' title='bbox 934 2365 1407 2427; x_wconf 85' lang='lat' dir='ltr'>manifestentur,</span> <span class='ocrx_word' id='word_1_130' title='bbox 1425 2363 1530 2436; x_wconf 88' lang='lat' dir='ltr'>qui</span> <span class='ocrx_word' id='word_1_131' title='bbox 1553 2378 1621 2418; x_wconf 84' lang='lat' dir='ltr'>ex</span> <span class='ocrx_word' id='word_1_132' title='bbox 1640 2366 1763 2417; x_wconf 90' lang='lat' dir='ltr'>toto</span> <span class='ocrx_word' id='word_1_133' title='bbox 1785 2361 1966 2417; x_wconf 90' lang='lat' dir='ltr'>corde</span> <span class='ocrx_word' id='word_1_134' title='bbox 1995 2364 2181 2416; x_wconf 89' lang='lat' dir='ltr'>Deum</span> 
     </span>
    </p>
   </div>
   <div class='ocr_carea' id='block_1_24' title="bbox 531 2449 2184 2528">
    <p class='ocr_par' dir='ltr' id='par_1_24' title="bbox 531 2449 2184 2528">
     <span class='ocr_line' id='line_1_24' title="bbox 531 2449 2184 2528; baseline -0.006 -15"><span class='ocrx_word' id='word_1_135' title='bbox 531 2458 810 2528; x_wconf 89' lang='lat' dir='ltr'>diligunt,</span> <span class='ocrx_word' id='word_1_136' title='bbox 854 2460 1033 2527; x_wconf 90' lang='lat' dir='ltr'>atque</span> <span class='ocrx_word' id='word_1_137' title='bbox 1063 2468 1243 2510; x_wconf 90' lang='lat' dir='ltr'>omne</span> <span class='ocrx_word' id='word_1_138' title='bbox 1277 2451 1610 2524; x_wconf 90' lang='lat' dir='ltr'>periculum</span> <span class='ocrx_word' id='word_1_139' title='bbox 1644 2466 1714 2506; x_wconf 90' lang='lat' dir='ltr'>ac</span> <span class='ocrx_word' id='word_1_140' title='bbox 1754 2449 2021 2506; x_wconf 87' lang='lat' dir='ltr'>laborem</span> <span class='ocrx_word' id='word_1_141' title='bbox 2054 2450 2184 2520; x_wconf 92' lang='lat' dir='ltr'>ejus</span> 
     </span>
    </p>
   </div>
   <div class='ocr_carea' id='block_1_25' title="bbox 531 2539 2184 2611">
    <p class='ocr_par' dir='ltr' id='par_1_25' title="bbox 531 2539 2184 2611">
     <span class='ocr_line' id='line_1_25' title="bbox 531 2539 2184 2611; baseline -0.005 -8"><span class='ocrx_word' id='word_1_142' title='bbox 531 2561 717 2603; x_wconf 90' lang='lat' dir='ltr'>causa</span> <span class='ocrx_word' id='word_1_143' title='bbox 771 2544 1086 2600; x_wconf 84' lang='lat' dir='ltr'>sustinent.</span> <span class='ocrx_word' id='word_1_144' title='bbox 1129 2544 1289 2609; x_wconf 89' lang='lat' dir='ltr'>Quos</span> <span class='ocrx_word' id='word_1_145' title='bbox 1316 2541 1476 2596; x_wconf 91' lang='lat' dir='ltr'>enim</span> <span class='ocrx_word' id='word_1_146' title='bbox 1521 2546 1948 2611; x_wconf 81' lang='lat' dir='ltr'>praeoccupant</span> <span class='ocrx_word' id='word_1_147' title='bbox 1998 2539 2184 2595; x_wconf 87' lang='lat' dir='ltr'>chari-</span> 
     </span>
    </p>
   </div>
   <div class='ocr_carea' id='block_1_26' title="bbox 534 2629 2184 2704">
    <p class='ocr_par' dir='ltr' id='par_1_26' title="bbox 534 2629 2184 2704">
     <span class='ocr_line' id='line_1_26' title="bbox 534 2629 2184 2704; baseline -0.004 -14"><span class='ocrx_word' id='word_1_148' title='bbox 534 2639 748 2700; x_wconf 88' lang='lat' dir='ltr'>smata,</span> <span class='ocrx_word' id='word_1_149' title='bbox 780 2649 851 2689; x_wconf 91' lang='lat' dir='ltr'>ac</span> <span class='ocrx_word' id='word_1_150' title='bbox 892 2631 1143 2704; x_wconf 87' lang='lat' dir='ltr'>Spiritus</span> <span class='ocrx_word' id='word_1_151' title='bbox 1186 2630 1373 2687; x_wconf 86' lang='lat' dir='ltr'>sancti</span> <span class='ocrx_word' id='word_1_152' title='bbox 1413 2630 1595 2694; x_wconf 90' lang='lat' dir='ltr'>dona,</span> <span class='ocrx_word' id='word_1_153' title='bbox 1625 2630 1686 2684; x_wconf 90' lang='lat' dir='ltr'>bi</span> <span class='ocrx_word' id='word_1_154' title='bbox 1729 2629 2184 2701; x_wconf 89' lang='lat' dir='ltr'>quamprimum</span> 
     </span>
    </p>
   </div>
   <div class='ocr_carea' id='block_1_27' title="bbox 534 2717 2183 2792">
    <p class='ocr_par' dir='ltr' id='par_1_27' title="bbox 534 2717 2183 2792">
     <span class='ocr_line' id='line_1_27' title="bbox 534 2717 2183 2792; baseline -0.004 -12"><span class='ocrx_word' id='word_1_155' title='bbox 534 2727 912 2781; x_wconf 88' lang='lat' dir='ltr'>accesserunt</span> <span class='ocrx_word' id='word_1_156' title='bbox 955 2737 1092 2777; x_wconf 90' lang='lat' dir='ltr'>cum</span> <span class='ocrx_word' id='word_1_157' title='bbox 1143 2721 1263 2776; x_wconf 87' lang='lat' dir='ltr'>ﬁde</span> <span class='ocrx_word' id='word_1_158' title='bbox 1295 2726 1351 2776; x_wconf 89' lang='lat' dir='ltr'>et</span> <span class='ocrx_word' id='word_1_159' title='bbox 1378 2718 1800 2792; x_wconf 86' lang='lat' dir='ltr'>postulatione,</span> <span class='ocrx_word' id='word_1_160' title='bbox 1840 2719 2071 2791; x_wconf 89' lang='lat' dir='ltr'>absque</span> <span class='ocrx_word' id='word_1_161' title='bbox 2104 2717 2183 2774; x_wconf 85' lang='lat' dir='ltr'>la-</span> 
     </span>
    </p>
   </div>
   <div class='ocr_carea' id='block_1_28' title="bbox 536 2806 2187 2880">
    <p class='ocr_par' dir='ltr' id='par_1_28' title="bbox 536 2806 2187 2880">
     <span class='ocr_line' id='line_1_28' title="bbox 536 2806 2187 2880; baseline -0.005 -11"><span class='ocrx_word' id='word_1_162' title='bbox 536 2812 703 2877; x_wconf 89' lang='lat' dir='ltr'>bore,</span> <span class='ocrx_word' id='word_1_163' title='bbox 726 2811 943 2867; x_wconf 91' lang='lat' dir='ltr'>sudore</span> <span class='ocrx_word' id='word_1_164' title='bbox 969 2818 1025 2866; x_wconf 90' lang='lat' dir='ltr'>et</span> <span class='ocrx_word' id='word_1_165' title='bbox 1049 2810 1395 2880; x_wconf 78' lang='lat' dir='ltr'>fatigatione</span> <span class='ocrx_word' id='word_1_166' title='bbox 1424 2808 1724 2864; x_wconf 88' lang='lat' dir='ltr'>interdum</span> <span class='ocrx_word' id='word_1_167' title='bbox 1742 2808 1801 2863; x_wconf 89' lang='lat' dir='ltr'>in</span> <span class='ocrx_word' id='word_1_168' title='bbox 1830 2807 2057 2863; x_wconf 92' lang='lat' dir='ltr'>mundo</span> <span class='ocrx_word' id='word_1_169' title='bbox 2088 2806 2187 2862; x_wconf 89' lang='lat' dir='ltr'>de-</span> 
     </span>
    </p>
   </div>
   <div class='ocr_carea' id='block_1_29' title="bbox 539 2896 2183 2974">
    <p class='ocr_par' dir='ltr' id='par_1_29' title="bbox 539 2896 2183 2974">
     <span class='ocr_line' id='line_1_29' title="bbox 539 2896 2183 2974; baseline -0.004 -17"><span class='ocrx_word' id='word_1_170' title='bbox 539 2900 1219 2974; x_wconf 84' lang='lat' dir='ltr'>gunt.Insuperlargitur</span> <span class='ocrx_word' id='word_1_171' title='bbox 1232 2900 1479 2970; x_wconf 88' lang='lat' dir='ltr'>gratiam</span> <span class='ocrx_word' id='word_1_172' title='bbox 1493 2897 1653 2953; x_wconf 87' lang='lat' dir='ltr'>illam</span> <span class='ocrx_word' id='word_1_173' title='bbox 1674 2900 1825 2953; x_wconf 90' lang='lat' dir='ltr'>Deus</span> <span class='ocrx_word' id='word_1_174' title='bbox 1840 2912 1962 2952; x_wconf 92' lang='lat' dir='ltr'>non</span> <span class='ocrx_word' id='word_1_175' title='bbox 1975 2896 2183 2965; x_wconf 90' lang='lat' dir='ltr'>otiose,</span> 
     </span>
    </p>
   </div>
   <div class='ocr_carea' id='block_1_30' title="bbox 542 2986 2187 3060">
    <p class='ocr_par' dir='ltr' id='par_1_30' title="bbox 542 2986 2187 3060">
     <span class='ocr_line' id='line_1_30' title="bbox 542 2986 2187 3060; baseline -0.004 -14"><span class='ocrx_word' id='word_1_176' title='bbox 542 3006 663 3047; x_wconf 93' lang='lat' dir='ltr'>non</span> <span class='ocrx_word' id='word_1_177' title='bbox 699 2990 939 3053; x_wconf 85' lang='lat' dir='ltr'>frustra,</span> <span class='ocrx_word' id='word_1_178' title='bbox 977 3004 1173 3060; x_wconf 90' lang='lat' dir='ltr'>neque</span> <span class='ocrx_word' id='word_1_179' title='bbox 1216 2988 1484 3053; x_wconf 86' lang='lat' dir='ltr'>fortuito;</span> <span class='ocrx_word' id='word_1_180' title='bbox 1518 2987 1620 3042; x_wconf 90' lang='lat' dir='ltr'>sed</span> <span class='ocrx_word' id='word_1_181' title='bbox 1662 3002 1885 3042; x_wconf 91' lang='lat' dir='ltr'>arcana</span> <span class='ocrx_word' id='word_1_182' title='bbox 1917 2986 2187 3057; x_wconf 89' lang='lat' dir='ltr'>quadam</span> 
     </span>
    </p>
   </div>
   <div class='ocr_carea' id='block_1_31' title="bbox 539 3074 2188 3149">
    <p class='ocr_par' dir='ltr' id='par_1_31' title="bbox 539 3074 2188 3149">
     <span class='ocr_line' id='line_1_31' title="bbox 539 3074 2188 3149; baseline -0.005 -12"><span class='ocrx_word' id='word_1_183' title='bbox 539 3086 596 3137; x_wconf 86' lang='lat' dir='ltr'>et</span> <span class='ocrx_word' id='word_1_184' title='bbox 608 3078 1193 3149; x_wconf 89' lang='lat' dir='ltr'>incomprehensibili</span> <span class='ocrx_word' id='word_1_185' title='bbox 1209 3078 1501 3144; x_wconf 89' lang='lat' dir='ltr'>sapientia</span> <span class='ocrx_word' id='word_1_186' title='bbox 1514 3076 1590 3131; x_wconf 88' lang='lat' dir='ltr'>ad</span> <span class='ocrx_word' id='word_1_187' title='bbox 1606 3074 1987 3147; x_wconf 90' lang='lat' dir='ltr'>probandum</span> <span class='ocrx_word' id='word_1_188' title='bbox 2002 3074 2188 3129; x_wconf 86' lang='lat' dir='ltr'>inten-</span> 
     </span>
    </p>
   </div>
   <div class='ocr_carea' id='block_1_32' title="bbox 542 3162 2191 3237">
    <p class='ocr_par' dir='ltr' id='par_1_32' title="bbox 542 3162 2191 3237">
     <span class='ocr_line' id='line_1_32' title="bbox 542 3162 2191 3237; baseline -0.003 -13"><span class='ocrx_word' id='word_1_189' title='bbox 542 3170 765 3226; x_wconf 89' lang='lat' dir='ltr'>tionem</span> <span class='ocrx_word' id='word_1_190' title='bbox 797 3184 866 3225; x_wconf 91' lang='lat' dir='ltr'>ac</span> <span class='ocrx_word' id='word_1_191' title='bbox 896 3168 1147 3224; x_wconf 88' lang='lat' dir='ltr'>liberam</span> <span class='ocrx_word' id='word_1_192' title='bbox 1178 3166 1406 3223; x_wconf 84' lang='lat' dir='ltr'>arbitrii</span> <span class='ocrx_word' id='word_1_193' title='bbox 1435 3167 1801 3222; x_wconf 86' lang='lat' dir='ltr'>voluntatem</span> <span class='ocrx_word' id='word_1_194' title='bbox 1831 3181 2062 3230; x_wconf 90' lang='lat' dir='ltr'>eorum,</span> <span class='ocrx_word' id='word_1_195' title='bbox 2085 3162 2191 3237; x_wconf 91' lang='lat' dir='ltr'>qui</span> 
     </span>
    </p>
   </div>
   <div class='ocr_carea' id='block_1_33' title="bbox 543 3258 2193 3331">
    <p class='ocr_par' dir='ltr' id='par_1_33' title="bbox 543 3258 2193 3331">
     <span class='ocr_line' id='line_1_33' title="bbox 543 3258 2193 3331; baseline -0.004 -14"><span class='ocrx_word' id='word_1_196' title='bbox 543 3260 740 3317; x_wconf 86' lang='lat' dir='ltr'>statim</span> <span class='ocrx_word' id='word_1_197' title='bbox 759 3258 1027 3313; x_wconf 89' lang='lat' dir='ltr'>divinam</span> <span class='ocrx_word' id='word_1_198' title='bbox 1045 3258 1298 3328; x_wconf 84' lang='lat' dir='ltr'>gratiam</span> <span class='ocrx_word' id='word_1_199' title='bbox 1323 3260 1791 3327; x_wconf 87' lang='lat' dir='ltr'>consequuntur,</span> <span class='ocrx_word' id='word_1_200' title='bbox 1815 3270 1893 3309; x_wconf 85' lang='lat' dir='ltr'>an</span> <span class='ocrx_word' id='word_1_201' title='bbox 1915 3270 2193 3331; x_wconf 87' lang='lat' dir='ltr'>percepe-</span> 
     </span>
    </p>
   </div>
   <div class='ocr_carea' id='block_1_34' title="bbox 542 3343 2193 3415">
    <p class='ocr_par' dir='ltr' id='par_1_34' title="bbox 542 3343 2193 3415">
     <span class='ocr_line' id='line_1_34' title="bbox 542 3343 2193 3415; baseline -0.004 -10"><span class='ocrx_word' id='word_1_202' title='bbox 542 3348 659 3405; x_wconf 90' lang='lat' dir='ltr'>rint</span> <span class='ocrx_word' id='word_1_203' title='bbox 687 3346 1068 3411; x_wconf 87' lang='lat' dir='ltr'>beneﬁcium,</span> <span class='ocrx_word' id='word_1_204' title='bbox 1098 3344 1283 3400; x_wconf 88' lang='lat' dir='ltr'>etsibi</span> <span class='ocrx_word' id='word_1_205' title='bbox 1312 3344 1637 3415; x_wconf 81' lang='lat' dir='ltr'>praestitam</span> <span class='ocrx_word' id='word_1_206' title='bbox 1665 3343 2095 3411; x_wconf 82' lang='lat' dir='ltr'>benignitatem</span> <span class='ocrx_word' id='word_1_207' title='bbox 2124 3360 2193 3398; x_wconf 91' lang='lat' dir='ltr'>ac</span> 
     </span>
    </p>
   </div>
   <div class='ocr_carea' id='block_1_35' title="bbox 546 3431 2194 3505">
    <p class='ocr_par' dir='ltr' id='par_1_35' title="bbox 546 3431 2194 3505">
     <span class='ocr_line' id='line_1_35' title="bbox 546 3431 2194 3505; baseline -0.004 -12"><span class='ocrx_word' id='word_1_208' title='bbox 546 3435 928 3494; x_wconf 88' lang='lat' dir='ltr'>dulcedinem</span> <span class='ocrx_word' id='word_1_209' title='bbox 950 3434 1068 3502; x_wconf 88' lang='lat' dir='ltr'>Dei,</span> <span class='ocrx_word' id='word_1_210' title='bbox 1083 3435 1256 3505; x_wconf 86' lang='lat' dir='ltr'>juxta</span> <span class='ocrx_word' id='word_1_211' title='bbox 1273 3432 1720 3505; x_wconf 89' lang='lat' dir='ltr'>proportionem</span> <span class='ocrx_word' id='word_1_212' title='bbox 1740 3431 1946 3498; x_wconf 60' lang='lat' dir='ltr'>gratiae</span> <span class='ocrx_word' id='word_1_213' title='bbox 1965 3432 2194 3502; x_wconf 84' lang='lat' dir='ltr'>absque</span> 
     </span>
    </p>
   </div>
   <div class='ocr_carea' id='block_1_36' title="bbox 546 3520 2197 3599">
    <p class='ocr_par' dir='ltr' id='par_1_36' title="bbox 546 3520 2197 3599">
     <span class='ocr_line' id='line_1_36' title="bbox 546 3520 2197 3599; baseline -0.004 -18"><span class='ocrx_word' id='word_1_214' title='bbox 546 3523 1126 3599; x_wconf 87' lang='lat' dir='ltr'>propriislaboribus</span> <span class='ocrx_word' id='word_1_215' title='bbox 1150 3521 1363 3577; x_wconf 76' lang='lat' dir='ltr'>oblatae</span> <span class='ocrx_word' id='word_1_216' title='bbox 1381 3538 1396 3588; x_wconf 86' lang='lat'><strong>;</strong></span> <span class='ocrx_word' id='word_1_217' title='bbox 1416 3537 1536 3593; x_wconf 90' lang='lat' dir='ltr'>quo</span> <span class='ocrx_word' id='word_1_218' title='bbox 1562 3520 1946 3590; x_wconf 85' lang='lat' dir='ltr'>dignihabiti,</span> <span class='ocrx_word' id='word_1_219' title='bbox 1976 3520 2197 3575; x_wconf 89' lang='lat' dir='ltr'>debent</span> 
     </span>
    </p>
   </div>
   <div class='ocr_carea' id='block_1_37' title="bbox 549 3608 2194 3679">
    <p class='ocr_par' dir='ltr' id='par_1_37' title="bbox 549 3608 2194 3679">
     <span class='ocr_line' id='line_1_37' title="bbox 549 3608 2194 3679; baseline -0.004 -9"><span class='ocrx_word' id='word_1_220' title='bbox 549 3614 838 3679; x_wconf 89' lang='lat' dir='ltr'>studium,</span> <span class='ocrx_word' id='word_1_221' title='bbox 868 3628 1131 3677; x_wconf 89' lang='lat' dir='ltr'>cursum,</span> <span class='ocrx_word' id='word_1_222' title='bbox 1166 3617 1448 3667; x_wconf 88' lang='lat' dir='ltr'>conatum</span> <span class='ocrx_word' id='word_1_223' title='bbox 1481 3626 1550 3666; x_wconf 89' lang='lat' dir='ltr'>ac</span> <span class='ocrx_word' id='word_1_224' title='bbox 1580 3609 1837 3664; x_wconf 85' lang='lat' dir='ltr'>fructum</span> <span class='ocrx_word' id='word_1_225' title='bbox 1864 3608 2194 3665; x_wconf 86' lang='lat' dir='ltr'>dilectionis</span> 
     </span>
    </p>
   </div>
   <div class='ocr_carea' id='block_1_38' title="bbox 549 3698 2193 3773">
    <p class='ocr_par' dir='ltr' id='par_1_38' title="bbox 549 3698 2193 3773">
     <span class='ocr_line' id='line_1_38' title="bbox 549 3698 2193 3773; baseline -0.004 -14"><span class='ocrx_word' id='word_1_226' title='bbox 549 3719 586 3759; x_wconf 91' lang='lat' dir='ltr'>a</span> <span class='ocrx_word' id='word_1_227' title='bbox 614 3701 915 3758; x_wconf 86' lang='lat' dir='ltr'>voluntate</span> <span class='ocrx_word' id='word_1_228' title='bbox 945 3707 1001 3757; x_wconf 89' lang='lat' dir='ltr'>et</span> <span class='ocrx_word' id='word_1_229' title='bbox 1030 3700 1342 3773; x_wconf 91' lang='lat' dir='ltr'>proposito</span> <span class='ocrx_word' id='word_1_230' title='bbox 1373 3698 1720 3771; x_wconf 74' lang='lat' dir='ltr'>perfectum,</span> <span class='ocrx_word' id='word_1_231' title='bbox 1764 3698 2193 3768; x_wconf 88' lang='lat' dir='ltr'>demonstrare,</span> 
     </span>
    </p>
   </div>
   <div class='ocr_carea' id='block_1_39' title="bbox 550 3787 2196 3860">
    <p class='ocr_par' dir='ltr' id='par_1_39' title="bbox 550 3787 2196 3860">
     <span class='ocr_line' id='line_1_39' title="bbox 550 3787 2196 3860; baseline -0.004 -11"><span class='ocrx_word' id='word_1_232' title='bbox 550 3807 619 3849; x_wconf 88' lang='lat' dir='ltr'>ac</span> <span class='ocrx_word' id='word_1_233' title='bbox 641 3791 1088 3848; x_wconf 88' lang='lat' dir='ltr'>retributionem</span> <span class='ocrx_word' id='word_1_234' title='bbox 1110 3789 1544 3846; x_wconf 88' lang='lat' dir='ltr'>charismatum</span> <span class='ocrx_word' id='word_1_235' title='bbox 1577 3787 1922 3860; x_wconf 88' lang='lat' dir='ltr'>rependere,</span> <span class='ocrx_word' id='word_1_236' title='bbox 1951 3788 2066 3843; x_wconf 90' lang='lat' dir='ltr'>hoc</span> <span class='ocrx_word' id='word_1_237' title='bbox 2087 3793 2196 3853; x_wconf 88' lang='lat' dir='ltr'>est,</span> 
     </span>
    </p>
   </div>
   <div class='ocr_carea' id='block_1_40' title="bbox 553 3876 2201 3948">
    <p class='ocr_par' dir='ltr' id='par_1_40' title="bbox 553 3876 2201 3948">
     <span class='ocr_line' id='line_1_40' title="bbox 553 3876 2201 3948; baseline -0.004 -11"><span class='ocrx_word' id='word_1_238' title='bbox 553 3896 615 3938; x_wconf 90' lang='lat' dir='ltr'>se</span> <span class='ocrx_word' id='word_1_239' title='bbox 646 3885 804 3938; x_wconf 91' lang='lat' dir='ltr'>totos</span> <span class='ocrx_word' id='word_1_240' title='bbox 833 3879 1133 3937; x_wconf 89' lang='lat' dir='ltr'>dilectioni</span> <span class='ocrx_word' id='word_1_241' title='bbox 1166 3879 1399 3936; x_wconf 89' lang='lat' dir='ltr'>Domini</span> <span class='ocrx_word' id='word_1_242' title='bbox 1432 3877 1708 3934; x_wconf 88' lang='lat' dir='ltr'>addictos</span> <span class='ocrx_word' id='word_1_243' title='bbox 1739 3876 1977 3943; x_wconf 89' lang='lat' dir='ltr'>dedere,</span> <span class='ocrx_word' id='word_1_244' title='bbox 2011 3877 2201 3948; x_wconf 91' lang='lat' dir='ltr'>ipsius</span> 
     </span>
    </p>
   </div>
   <div class='ocr_carea' id='block_1_41' title="bbox 563 3966 2203 4043">
    <p class='ocr_par' dir='ltr' id='par_1_41' title="bbox 563 3966 2203 4043">
     <span class='ocr_line' id='line_1_41' title="bbox 563 3966 2203 4043; baseline -0.005 -12"><span class='ocrx_word' id='word_1_245' title='bbox 563 3973 605 4042; x_wconf 84' lang='lat'><strong>1</strong></span> <span class='ocrx_word' id='word_1_246' title='bbox 625 3971 733 4043; x_wconf 84' lang='lat'><strong>13</strong></span> <span class='ocrx_word' id='word_1_247' title='bbox 756 3970 1120 4027; x_wconf 90' lang='lat' dir='ltr'>voluntatem</span> <span class='ocrx_word' id='word_1_248' title='bbox 1146 3969 1337 4024; x_wconf 90' lang='lat' dir='ltr'>solam</span> <span class='ocrx_word' id='word_1_249' title='bbox 1367 3982 1672 4039; x_wconf 83' lang='lat' dir='ltr'>peragere,</span> <span class='ocrx_word' id='word_1_250' title='bbox 1702 3972 1756 4023; x_wconf 91' lang='lat' dir='ltr'>et</span> <span class='ocrx_word' id='word_1_251' title='bbox 1785 3966 1863 4024; x_wconf 89' lang='lat' dir='ltr'>ab</span> <span class='ocrx_word' id='word_1_252' title='bbox 1892 3967 2057 4023; x_wconf 90' lang='lat' dir='ltr'>omni</span> <span class='ocrx_word' id='word_1_253' title='bbox 2079 3982 2203 4024; x_wconf 88' lang='lat' dir='ltr'>car-</span> 
     </span>
    </p>
   </div>
   <div class='ocr_carea' id='block_1_42' title="bbox 555 4057 1779 4133">
    <p class='ocr_par' dir='ltr' id='par_1_42' title="bbox 555 4057 1779 4133">
     <span class='ocr_line' id='line_1_42' title="bbox 555 4057 1779 4133; baseline -0.006 -15"><span class='ocrx_word' id='word_1_254' title='bbox 555 4061 679 4118; x_wconf 89' lang='lat' dir='ltr'>nali</span> <span class='ocrx_word' id='word_1_255' title='bbox 709 4059 1195 4133; x_wconf 87' lang='lat' dir='ltr'>concupiscentia</span> <span class='ocrx_word' id='word_1_256' title='bbox 1224 4057 1458 4130; x_wconf 89' lang='lat' dir='ltr'>penitus</span> <span class='ocrx_word' id='word_1_257' title='bbox 1484 4057 1779 4113; x_wconf 91' lang='lat' dir='ltr'>recedere.</span> 
     </span>
    </p>
   </div>
   <div class='ocr_carea' id='block_1_43' title="bbox 632 4252 2203 4326">
    <p class='ocr_par' dir='ltr' id='par_1_43' title="bbox 632 4252 2203 4326">
     <span class='ocr_line' id='line_1_43' title="bbox 632 4252 2203 4326; baseline -0.003 -13"><span class='ocrx_word' id='word_1_258' title='bbox 632 4260 695 4313; x_wconf 85' lang='grc' dir='ltr'>ΙΙ.</span> <span class='ocrx_word' id='word_1_259' title='bbox 730 4257 958 4323; x_wconf 86' lang='lat' dir='ltr'>Quibus</span> <span class='ocrx_word' id='word_1_260' title='bbox 990 4270 1151 4319; x_wconf 86' lang='lat' dir='ltr'>vero,</span> <span class='ocrx_word' id='word_1_261' title='bbox 1192 4254 1472 4326; x_wconf 87' lang='lat' dir='ltr'>quamvis</span> <span class='ocrx_word' id='word_1_262' title='bbox 1507 4253 1855 4309; x_wconf 88' lang='lat' dir='ltr'>secesserint</span> <span class='ocrx_word' id='word_1_263' title='bbox 1887 4268 1923 4309; x_wconf 91' lang='lat' dir='ltr'>a</span> <span class='ocrx_word' id='word_1_264' title='bbox 1954 4252 2203 4319; x_wconf 89' lang='lat' dir='ltr'>mundo,</span> 
     </span>
    </p>
   </div>
   <div class='ocr_carea' id='block_1_44' title="bbox 559 4341 2204 4411">
    <p class='ocr_par' dir='ltr' id='par_1_44' title="bbox 559 4341 2204 4411">
     <span class='ocr_line' id='line_1_44' title="bbox 559 4341 2204 4411; baseline -0.005 -6"><span class='ocrx_word' id='word_1_265' title='bbox 559 4352 615 4405; x_wconf 91' lang='lat' dir='ltr'>et</span> <span class='ocrx_word' id='word_1_266' title='bbox 635 4345 1029 4403; x_wconf 87' lang='lat' dir='ltr'>renuntiariut</span> <span class='ocrx_word' id='word_1_267' title='bbox 1047 4345 1184 4399; x_wconf 90' lang='lat' dir='ltr'>huic</span> <span class='ocrx_word' id='word_1_268' title='bbox 1199 4342 1422 4399; x_wconf 82' lang='lat' dir='ltr'>saeculo</span> <span class='ocrx_word' id='word_1_269' title='bbox 1438 4341 1769 4398; x_wconf 85' lang='lat' dir='ltr'>secundum</span> <span class='ocrx_word' id='word_1_270' title='bbox 1792 4342 2204 4411; x_wconf 88' lang='lat' dir='ltr'>Evangelium,</span> 
     </span>
    </p>
   </div>
   <div class='ocr_carea' id='block_1_45' title="bbox 562 4430 2209 4507">
    <p class='ocr_par' dir='ltr' id='par_1_45' title="bbox 562 4430 2209 4507">
     <span class='ocr_line' id='line_1_45' title="bbox 562 4430 2209 4507; baseline -0.004 -15"><span class='ocrx_word' id='word_1_271' title='bbox 562 4441 741 4507; x_wconf 88' lang='lat' dir='ltr'>atque</span> <span class='ocrx_word' id='word_1_272' title='bbox 764 4434 1001 4489; x_wconf 88' lang='lat' dir='ltr'>assidue</span> <span class='ocrx_word' id='word_1_273' title='bbox 1023 4432 1083 4488; x_wconf 91' lang='lat' dir='ltr'>in</span> <span class='ocrx_word' id='word_1_274' title='bbox 1108 4432 1554 4489; x_wconf 90' lang='lat' dir='ltr'>continuatione</span> <span class='ocrx_word' id='word_1_275' title='bbox 1574 4446 1844 4502; x_wconf 84' lang='lat' dir='ltr'>precum.</span> <span class='ocrx_word' id='word_1_276' title='bbox 1865 4430 2100 4501; x_wconf 89' lang='lat' dir='ltr'>jejunii,</span> <span class='ocrx_word' id='word_1_277' title='bbox 2125 4432 2209 4485; x_wconf 91' lang='lat' dir='ltr'>di-</span> 
     </span>
    </p>
   </div>
   <div class='ocr_carea' id='block_1_46' title="bbox 561 4521 2206 4595">
    <p class='ocr_par' dir='ltr' id='par_1_46' title="bbox 561 4521 2206 4595">
     <span class='ocr_line' id='line_1_46' title="bbox 561 4521 2206 4595; baseline -0.003 -15"><span class='ocrx_word' id='word_1_278' title='bbox 561 4524 840 4595; x_wconf 60' lang='lat' dir='ltr'>ligentia,</span> <span class='ocrx_word' id='word_1_279' title='bbox 882 4522 1373 4594; x_wconf 88' lang='lat' dir='ltr'>reliquarumque</span> <span class='ocrx_word' id='word_1_280' title='bbox 1418 4521 1702 4575; x_wconf 89' lang='lat' dir='ltr'>virtutum</span> <span class='ocrx_word' id='word_1_281' title='bbox 1746 4521 2206 4592; x_wconf 86' lang='lat' dir='ltr'>perseverarint,</span> 
     </span>
    </p>
   </div>
   <div class='ocr_carea' id='block_1_47' title="bbox 562 4609 2215 4682">
    <p class='ocr_par' dir='ltr' id='par_1_47' title="bbox 562 4609 2215 4682">
     <span class='ocr_line' id='line_1_47' title="bbox 562 4609 2215 4682; baseline -0.003 -11"><span class='ocrx_word' id='word_1_282' title='bbox 562 4629 683 4672; x_wconf 91' lang='lat' dir='ltr'>non</span> <span class='ocrx_word' id='word_1_283' title='bbox 711 4612 909 4670; x_wconf 88' lang='lat' dir='ltr'>statim</span> <span class='ocrx_word' id='word_1_284' title='bbox 941 4613 1094 4669; x_wconf 90' lang='lat' dir='ltr'>Deus</span> <span class='ocrx_word' id='word_1_285' title='bbox 1124 4610 1399 4667; x_wconf 88' lang='lat' dir='ltr'>concedit</span> <span class='ocrx_word' id='word_1_286' title='bbox 1420 4609 1704 4680; x_wconf 89' lang='lat' dir='ltr'>gratiam,</span> <span class='ocrx_word' id='word_1_287' title='bbox 1731 4610 1999 4682; x_wconf 88' lang='lat' dir='ltr'>requiem</span> <span class='ocrx_word' id='word_1_288' title='bbox 2035 4617 2090 4665; x_wconf 90' lang='lat' dir='ltr'>et</span> <span class='ocrx_word' id='word_1_289' title='bbox 2112 4627 2215 4666; x_wconf 85' lang='lat' dir='ltr'>ex-</span> 
     </span>
    </p>
   </div>
   <div class='ocr_carea' id='block_1_48' title="bbox 563 4699 2210 4774">
    <p class='ocr_par' dir='ltr' id='par_1_48' title="bbox 563 4699 2210 4774">
     <span class='ocr_line' id='line_1_48' title="bbox 563 4699 2210 4774; baseline -0.005 -12"><span class='ocrx_word' id='word_1_290' title='bbox 563 4703 944 4761; x_wconf 88' lang='lat' dir='ltr'>sultationem</span> <span class='ocrx_word' id='word_1_291' title='bbox 977 4700 1238 4774; x_wconf 89' lang='lat' dir='ltr'>spiritus,</span> <span class='ocrx_word' id='word_1_292' title='bbox 1266 4699 1717 4773; x_wconf 85' lang='lat' dir='ltr'>longanimitate</span> <span class='ocrx_word' id='word_1_293' title='bbox 1740 4715 1881 4769; x_wconf 88' lang='lat' dir='ltr'>erga</span> <span class='ocrx_word' id='word_1_294' title='bbox 1910 4715 2013 4754; x_wconf 88' lang='lat' dir='ltr'>eos</span> <span class='ocrx_word' id='word_1_295' title='bbox 2046 4717 2210 4766; x_wconf 91' lang='lat' dir='ltr'>usus,</span> 
     </span>
    </p>
   </div>
   <div class='ocr_carea' id='block_1_49' title="bbox 561 4788 2212 4865">
    <p class='ocr_par' dir='ltr' id='par_1_49' title="bbox 561 4788 2212 4865">
     <span class='ocr_line' id='line_1_49' title="bbox 561 4788 2212 4865; baseline -0.004 -14"><span class='ocrx_word' id='word_1_296' title='bbox 561 4796 912 4865; x_wconf 87' lang='lat' dir='ltr'>donumque</span> <span class='ocrx_word' id='word_1_297' title='bbox 930 4790 1216 4848; x_wconf 88' lang='lat' dir='ltr'>retinens:</span> <span class='ocrx_word' id='word_1_298' title='bbox 1243 4805 1352 4844; x_wconf 92' lang='lat' dir='ltr'>nec</span> <span class='ocrx_word' id='word_1_299' title='bbox 1375 4804 1619 4861; x_wconf 89' lang='lat' dir='ltr'>quoque</span> <span class='ocrx_word' id='word_1_300' title='bbox 1639 4788 1754 4844; x_wconf 91' lang='lat' dir='ltr'>hoc</span> <span class='ocrx_word' id='word_1_301' title='bbox 1777 4789 1987 4853; x_wconf 87' lang='lat' dir='ltr'>otiose,</span> <span class='ocrx_word' id='word_1_302' title='bbox 2018 4805 2212 4860; x_wconf 88' lang='lat' dir='ltr'>neque</span> 
     </span>
    </p>
   </div>
   <div class='ocr_carea' id='block_1_50' title="bbox 561 4878 2217 4955">
    <p class='ocr_par' dir='ltr' id='par_1_50' title="bbox 561 4878 2217 4955">
     <span class='ocr_line' id='line_1_50' title="bbox 561 4878 2217 4955; baseline -0.005 -13"><span class='ocrx_word' id='word_1_303' title='bbox 561 4883 995 4955; x_wconf 89' lang='lat' dir='ltr'>intempestive,</span> <span class='ocrx_word' id='word_1_304' title='bbox 1019 4896 1215 4953; x_wconf 90' lang='lat' dir='ltr'>neque</span> <span class='ocrx_word' id='word_1_305' title='bbox 1241 4880 1486 4936; x_wconf 83' lang='lat' dir='ltr'>fortuito</span> <span class='ocrx_word' id='word_1_306' title='bbox 1509 4879 1667 4944; x_wconf 83' lang='lat' dir='ltr'>facit,</span> <span class='ocrx_word' id='word_1_307' title='bbox 1693 4878 1796 4934; x_wconf 91' lang='lat' dir='ltr'>sed</span> <span class='ocrx_word' id='word_1_308' title='bbox 1823 4884 2046 4933; x_wconf 90' lang='lat' dir='ltr'>secreta</span> <span class='ocrx_word' id='word_1_309' title='bbox 2064 4894 2217 4950; x_wconf 87' lang='lat' dir='ltr'>qua-</span> 
     </span>
    </p>
   </div>
   <div class='ocr_carea' id='block_1_51' title="bbox 564 4967 2216 5045">
    <p class='ocr_par' dir='ltr' id='par_1_51' title="bbox 564 4967 2216 5045">
     <span class='ocr_line' id='line_1_51' title="bbox 564 4967 2216 5045; baseline -0.005 -14"><span class='ocrx_word' id='word_1_310' title='bbox 564 4975 709 5031; x_wconf 91' lang='lat' dir='ltr'>dam</span> <span class='ocrx_word' id='word_1_311' title='bbox 737 4972 1028 5045; x_wconf 88' lang='lat' dir='ltr'>sapientia</span> <span class='ocrx_word' id='word_1_312' title='bbox 1056 4970 1129 5026; x_wconf 91' lang='lat' dir='ltr'>ad</span> <span class='ocrx_word' id='word_1_313' title='bbox 1154 4969 1537 5042; x_wconf 88' lang='lat' dir='ltr'>probandam</span> <span class='ocrx_word' id='word_1_314' title='bbox 1563 4968 1733 5025; x_wconf 87' lang='lat' dir='ltr'>liberi</span> <span class='ocrx_word' id='word_1_315' title='bbox 1759 4967 1984 5023; x_wconf 88' lang='lat' dir='ltr'>arbitrii</span> <span class='ocrx_word' id='word_1_316' title='bbox 2012 4967 2216 5023; x_wconf 91' lang='lat' dir='ltr'>volun-</span> 
     </span>
    </p>
   </div>
   <div class='ocr_carea' id='block_1_52' title="bbox 571 5058 2217 5129">
    <p class='ocr_par' dir='ltr' id='par_1_52' title="bbox 571 5058 2217 5129">
     <span class='ocr_line' id='line_1_52' title="bbox 571 5058 2217 5129; baseline -0.005 -8"><span class='ocrx_word' id='word_1_317' title='bbox 571 5069 769 5128; x_wconf 90' lang='lat' dir='ltr'>tatem,</span> <span class='ocrx_word' id='word_1_318' title='bbox 802 5066 867 5118; x_wconf 91' lang='lat' dir='ltr'>ut</span> <span class='ocrx_word' id='word_1_319' title='bbox 892 5061 1111 5129; x_wconf 86' lang='lat' dir='ltr'>videat,</span> <span class='ocrx_word' id='word_1_320' title='bbox 1146 5075 1221 5115; x_wconf 93' lang='lat' dir='ltr'>an</span> <span class='ocrx_word' id='word_1_321' title='bbox 1254 5058 1491 5115; x_wconf 87' lang='lat' dir='ltr'>ﬁdelem</span> <span class='ocrx_word' id='word_1_322' title='bbox 1525 5074 1594 5114; x_wconf 89' lang='lat' dir='ltr'>ac</span> <span class='ocrx_word' id='word_1_323' title='bbox 1627 5073 1899 5113; x_wconf 86' lang='lat' dir='ltr'>veracem</span> <span class='ocrx_word' id='word_1_324' title='bbox 1940 5064 2217 5129; x_wconf 88' lang='lat' dir='ltr'>reputent</span> 
     </span>
    </p>
   </div>
   <div class='ocr_carea' id='block_1_53' title="bbox 567 5148 2213 5225">
    <p class='ocr_par' dir='ltr' id='par_1_53' title="bbox 567 5148 2213 5225">
     <span class='ocr_line' id='line_1_53' title="bbox 567 5148 2213 5225; baseline -0.006 -13"><span class='ocrx_word' id='word_1_325' title='bbox 567 5156 776 5220; x_wconf 88' lang='lat' dir='ltr'>Deum,</span> <span class='ocrx_word' id='word_1_326' title='bbox 838 5151 941 5225; x_wconf 92' lang='lat' dir='ltr'>qui</span> <span class='ocrx_word' id='word_1_327' title='bbox 982 5150 1276 5222; x_wconf 90' lang='lat' dir='ltr'>pollicitus</span> <span class='ocrx_word' id='word_1_328' title='bbox 1319 5149 1391 5205; x_wconf 93' lang='lat' dir='ltr'>sit</span> <span class='ocrx_word' id='word_1_329' title='bbox 1422 5165 1483 5204; x_wconf 90' lang='lat' dir='ltr'>se</span> <span class='ocrx_word' id='word_1_330' title='bbox 1523 5149 1805 5204; x_wconf 90' lang='lat' dir='ltr'>daturum</span> <span class='ocrx_word' id='word_1_331' title='bbox 1850 5148 2213 5219; x_wconf 90' lang='lat' dir='ltr'>petentibus,</span> 
     </span>
    </p>
   </div>
   <div class='ocr_carea' id='block_1_54' title="bbox 566 5237 2215 5317">
    <p class='ocr_par' dir='ltr' id='par_1_54' title="bbox 566 5237 2215 5317">
     <span class='ocr_line' id='line_1_54' title="bbox 566 5237 2215 5317; baseline -0.006 -15"><span class='ocrx_word' id='word_1_332' title='bbox 566 5261 637 5302; x_wconf 90' lang='lat' dir='ltr'>ac</span> <span class='ocrx_word' id='word_1_333' title='bbox 663 5241 1043 5317; x_wconf 85' lang='lat' dir='ltr'>pulsantibus</span> <span class='ocrx_word' id='word_1_334' title='bbox 1065 5245 1412 5312; x_wconf 87' lang='lat' dir='ltr'>aperturum</span> <span class='ocrx_word' id='word_1_335' title='bbox 1436 5240 1685 5308; x_wconf 89' lang='lat' dir='ltr'>januam</span> <span class='ocrx_word' id='word_1_336' title='bbox 1709 5237 1841 5293; x_wconf 79' lang='lat' dir='ltr'>vitae</span> <span class='ocrx_word' id='word_1_337' title='bbox 1866 5256 1877 5292; x_wconf 91' lang='lat'><strong>:</strong></span> <span class='ocrx_word' id='word_1_338' title='bbox 1908 5243 1969 5293; x_wconf 95' lang='lat' dir='ltr'>ut</span> <span class='ocrx_word' id='word_1_339' title='bbox 1992 5239 2215 5310; x_wconf 87' lang='lat' dir='ltr'>perspi-</span> 
     </span>
    </p>
   </div>
   <div class='ocr_carea' id='block_1_55' title="bbox 568 5326 2214 5406">
    <p class='ocr_par' dir='ltr' id='par_1_55' title="bbox 568 5326 2214 5406">
     <span class='ocr_line' id='line_1_55' title="bbox 568 5326 2214 5406; baseline -0.005 -14"><span class='ocrx_word' id='word_1_340' title='bbox 568 5336 683 5393; x_wconf 88' lang='lat' dir='ltr'>ciat</span> <span class='ocrx_word' id='word_1_341' title='bbox 725 5346 988 5406; x_wconf 88' lang='lat' dir='ltr'>quoque,</span> <span class='ocrx_word' id='word_1_342' title='bbox 1023 5346 1099 5386; x_wconf 91' lang='lat' dir='ltr'>an</span> <span class='ocrx_word' id='word_1_343' title='bbox 1144 5330 1245 5402; x_wconf 90' lang='lat' dir='ltr'>qui</span> <span class='ocrx_word' id='word_1_344' title='bbox 1302 5344 1438 5384; x_wconf 90' lang='lat' dir='ltr'>vere</span> <span class='ocrx_word' id='word_1_345' title='bbox 1468 5327 1717 5383; x_wconf 90' lang='lat' dir='ltr'>credunt</span> <span class='ocrx_word' id='word_1_346' title='bbox 1746 5326 1927 5382; x_wconf 78' lang='lat' dir='ltr'>verbo</span> <span class='ocrx_word' id='word_1_347' title='bbox 1969 5343 2097 5397; x_wconf 86' lang='lat' dir='ltr'>suo,</span> <span class='ocrx_word' id='word_1_348' title='bbox 2143 5329 2214 5383; x_wconf 89' lang='lat' dir='ltr'>ad</span> 
     </span>
    </p>
   </div>
   <div class='ocr_carea' id='block_1_56' title="bbox 569 5416 2220 5496">
    <p class='ocr_par' dir='ltr' id='par_1_56' title="bbox 569 5416 2220 5496">
     <span class='ocr_line' id='line_1_56' title="bbox 569 5416 2220 5496; baseline -0.005 -14"><span class='ocrx_word' id='word_1_349' title='bbox 569 5426 752 5482; x_wconf 86' lang='lat' dir='ltr'>ﬁnem</span> <span class='ocrx_word' id='word_1_350' title='bbox 782 5438 973 5496; x_wconf 84' lang='lat' dir='ltr'>usque</span> <span class='ocrx_word' id='word_1_351' title='bbox 1003 5419 1379 5493; x_wconf 88' lang='lat' dir='ltr'>permansuri</span> <span class='ocrx_word' id='word_1_352' title='bbox 1405 5419 1519 5473; x_wconf 91' lang='lat' dir='ltr'>sint</span> <span class='ocrx_word' id='word_1_353' title='bbox 1542 5417 1601 5472; x_wconf 93' lang='lat' dir='ltr'>in</span> <span class='ocrx_word' id='word_1_354' title='bbox 1626 5417 1803 5488; x_wconf 82' lang='lat' dir='ltr'>plena</span> <span class='ocrx_word' id='word_1_355' title='bbox 1830 5417 2053 5473; x_wconf 87' lang='lat' dir='ltr'>ﬁducia</span> <span class='ocrx_word' id='word_1_356' title='bbox 2080 5416 2220 5473; x_wconf 88' lang='lat' dir='ltr'>ﬁdei</span> 
     </span>
    </p>
   </div>
   <div class='ocr_carea' id='block_1_57' title="bbox 573 5508 2219 5583">
    <p class='ocr_par' dir='ltr' id='par_1_57' title="bbox 573 5508 2219 5583">
     <span class='ocr_line' id='line_1_57' title="bbox 573 5508 2219 5583; baseline -0.007 -10"><span class='ocrx_word' id='word_1_357' title='bbox 573 5532 643 5573; x_wconf 84' lang='lat' dir='ltr'>ac</span> <span class='ocrx_word' id='word_1_358' title='bbox 693 5512 1022 5576; x_wconf 70' lang='lat' dir='ltr'>industriae,</span> <span class='ocrx_word' id='word_1_359' title='bbox 1071 5508 1441 5583; x_wconf 89' lang='lat' dir='ltr'>postulantes</span> <span class='ocrx_word' id='word_1_360' title='bbox 1485 5522 1555 5562; x_wconf 90' lang='lat' dir='ltr'>ac</span> <span class='ocrx_word' id='word_1_361' title='bbox 1593 5512 1975 5579; x_wconf 69' lang='lat' dir='ltr'>quaerentes:</span> <span class='ocrx_word' id='word_1_362' title='bbox 2017 5521 2219 5562; x_wconf 88' lang='lat' dir='ltr'>annon</span> 
     </span>
    </p>
   </div>
   <div class='ocr_carea' id='block_1_58' title="bbox 572 5594 2219 5670">
    <p class='ocr_par' dir='ltr' id='par_1_58' title="bbox 572 5594 2219 5670">
     <span class='ocr_line' id='line_1_58' title="bbox 572 5594 2219 5670; baseline -0.005 -9"><span class='ocrx_word' id='word_1_363' title='bbox 572 5604 793 5670; x_wconf 79' lang='lat' dir='ltr'>afﬂicti,</span> <span class='ocrx_word' id='word_1_364' title='bbox 823 5608 879 5658; x_wconf 91' lang='lat' dir='ltr'>et</span> <span class='ocrx_word' id='word_1_365' title='bbox 901 5600 1270 5658; x_wconf 89' lang='lat' dir='ltr'>remissiores</span> <span class='ocrx_word' id='word_1_366' title='bbox 1298 5596 1435 5653; x_wconf 78' lang='lat' dir='ltr'>facti</span> <span class='ocrx_word' id='word_1_367' title='bbox 1458 5602 1819 5661; x_wconf 88' lang='lat' dir='ltr'>avertantur,</span> <span class='ocrx_word' id='word_1_368' title='bbox 1848 5612 1916 5651; x_wconf 86' lang='lat' dir='ltr'>ac</span> <span class='ocrx_word' id='word_1_369' title='bbox 1946 5594 2219 5652; x_wconf 81' lang='lat' dir='ltr'>difﬁden-</span> 
     </span>
    </p>
   </div>
   <div class='ocr_carea' id='block_1_59' title="bbox 574 5685 2213 5763">
    <p class='ocr_par' dir='ltr' id='par_1_59' title="bbox 574 5685 2213 5763">
     <span class='ocr_line' id='line_1_59' title="bbox 574 5685 2213 5763; baseline -0.007 -12"><span class='ocrx_word' id='word_1_370' title='bbox 574 5698 663 5753; x_wconf 87' lang='lat' dir='ltr'>tes</span> <span class='ocrx_word' id='word_1_371' title='bbox 688 5698 742 5748; x_wconf 89' lang='lat' dir='ltr'>et</span> <span class='ocrx_word' id='word_1_372' title='bbox 762 5692 1145 5763; x_wconf 89' lang='lat' dir='ltr'>desperantes</span> <span class='ocrx_word' id='word_1_373' title='bbox 1170 5691 1575 5754; x_wconf 85' lang='lat' dir='ltr'>contemnant,</span> <span class='ocrx_word' id='word_1_374' title='bbox 1601 5702 1718 5742; x_wconf 86' lang='lat' dir='ltr'>non</span> <span class='ocrx_word' id='word_1_375' title='bbox 1735 5685 2121 5756; x_wconf 85' lang='lat' dir='ltr'>perdurantes</span> <span class='ocrx_word' id='word_1_376' title='bbox 2139 5685 2213 5740; x_wconf 87' lang='lat' dir='ltr'>ad</span> 
     </span>
    </p>
   </div>
   <div class='ocr_carea' id='block_1_60' title="bbox 2268 494 3871 574">
    <p class='ocr_par' dir='ltr' id='par_1_60' title="bbox 2268 494 3871 574">
     <span class='ocr_line' id='line_1_60' title="bbox 2268 494 3871 574; baseline -0.008 -18"><span class='ocrx_word' id='word_1_377' title='bbox 2268 502 2459 556; x_wconf 85' lang='grc' dir='ltr'>στόλων</span> <span class='ocrx_word' id='word_1_378' title='bbox 2503 505 2773 574; x_wconf 86' lang='grc' dir='ltr'>κήρυγμα,</span> <span class='ocrx_word' id='word_1_379' title='bbox 2820 504 2882 561; x_wconf 86' lang='grc' dir='ltr'>ὡς</span> <span class='ocrx_word' id='word_1_380' title='bbox 2910 502 2969 552; x_wconf 80' lang='grc' dir='ltr'><strong><em>ἄν</em></strong></span> <span class='ocrx_word' id='word_1_381' title='bbox 3020 519 3100 562; x_wconf 87' lang='grc' dir='ltr'>τις</span> <span class='ocrx_word' id='word_1_382' title='bbox 3138 497 3289 561; x_wconf 85' lang='grc' dir='ltr'>εἰδὼς</span> <span class='ocrx_word' id='word_1_383' title='bbox 3336 497 3517 570; x_wconf 77' lang='grc' dir='ltr'>λόγους</span> <span class='ocrx_word' id='word_1_384' title='bbox 3544 500 3632 548; x_wconf 88' lang='grc' dir='ltr'>καὶ</span> <span class='ocrx_word' id='word_1_385' title='bbox 3671 494 3871 565; x_wconf 74' lang='grc' dir='ltr'>ἑτέροις</span> 
     </span>
    </p>
   </div>
   <div class='ocr_carea' id='block_1_61' title="bbox 2266 584 3874 663">
    <p class='ocr_par' dir='ltr' id='par_1_61' title="bbox 2266 584 3874 663">
     <span class='ocr_line' id='line_1_61' title="bbox 2266 584 3874 663; baseline -0.007 -19"><span class='ocrx_word' id='word_1_386' title='bbox 2266 588 2681 663; x_wconf 75' lang='grc' dir='ltr'>ἐκδιηγούμενος,</span> <span class='ocrx_word' id='word_1_387' title='bbox 2741 587 2846 642; x_wconf 86' lang='grc' dir='ltr'>ἀλλ’</span> <span class='ocrx_word' id='word_1_388' title='bbox 2888 587 2934 641; x_wconf 82' lang='grc' dir='ltr'>ἐν</span> <span class='ocrx_word' id='word_1_389' title='bbox 3003 586 3223 661; x_wconf 78' lang='grc' dir='ltr'>δυνάμει</span> <span class='ocrx_word' id='word_1_390' title='bbox 3278 591 3365 639; x_wconf 82' lang='grc' dir='ltr'>καὶ</span> <span class='ocrx_word' id='word_1_391' title='bbox 3431 586 3659 661; x_wconf 74' lang='grc' dir='ltr'>ἐνεργείᾳ</span> <span class='ocrx_word' id='word_1_392' title='bbox 3710 584 3874 636; x_wconf 85' lang='grc' dir='ltr'>Πνεύ-</span> 
     </span>
    </p>
   </div>
   <div class='ocr_carea' id='block_1_62' title="bbox 2268 674 3875 755">
    <p class='ocr_par' dir='ltr' id='par_1_62' title="bbox 2268 674 3875 755">
     <span class='ocr_line' id='line_1_62' title="bbox 2268 674 3875 755; baseline -0.007 -22"><span class='ocrx_word' id='word_1_393' title='bbox 2268 701 2429 755; x_wconf 80' lang='grc' dir='ltr'>ματος</span> <span class='ocrx_word' id='word_1_394' title='bbox 2482 681 2513 737; x_wconf 80' lang='grc' dir='ltr'>ἡ</span> <span class='ocrx_word' id='word_1_395' title='bbox 2574 677 2822 751; x_wconf 85' lang='grc' dir='ltr'>βασιλεία</span> <span class='ocrx_word' id='word_1_396' title='bbox 2872 681 3148 750; x_wconf 85' lang='grc' dir='ltr'>τυγχάνει.</span> <span class='ocrx_word' id='word_1_397' title='bbox 3198 685 3375 730; x_wconf 89' lang='grc' dir='ltr'>Ταῦτα</span> <span class='ocrx_word' id='word_1_398' title='bbox 3428 678 3526 748; x_wconf 82' lang='grc' dir='ltr'>γὰρ</span> <span class='ocrx_word' id='word_1_399' title='bbox 3576 674 3875 726; x_wconf 82' lang='grc' dir='ltr'>πεπόνθασι</span> 
     </span>
    </p>
   </div>
   <div class='ocr_carea' id='block_1_63' title="bbox 2268 761 3874 842">
    <p class='ocr_par' dir='ltr' id='par_1_63' title="bbox 2268 761 3874 842">
     <span class='ocr_line' id='line_1_63' title="bbox 2268 761 3874 842; baseline -0.006 -19"><span class='ocrx_word' id='word_1_400' title='bbox 2268 776 2358 825; x_wconf 83' lang='grc' dir='ltr'>καὶ</span> <span class='ocrx_word' id='word_1_401' title='bbox 2396 768 2735 842; x_wconf 78' lang='grc' dir='ltr'>Ἰσραηλιτῶν</span> <span class='ocrx_word' id='word_1_402' title='bbox 2774 764 2983 833; x_wconf 81' lang='grc' dir='ltr'>παῖδες,</span> <span class='ocrx_word' id='word_1_403' title='bbox 3026 767 3331 840; x_wconf 79' lang='grc' dir='ltr'>μελετῶντες</span> <span class='ocrx_word' id='word_1_404' title='bbox 3382 770 3476 827; x_wconf 81' lang='grc' dir='ltr'>τὰς</span> <span class='ocrx_word' id='word_1_405' title='bbox 3515 765 3725 837; x_wconf 75' lang='grc' dir='ltr'>Γραφὰς</span> <span class='ocrx_word' id='word_1_406' title='bbox 3763 761 3874 825; x_wconf 77' lang='grc' dir='ltr'>ἀεὶ,</span> 
     </span>
    </p>
   </div>
   <div class='ocr_carea' id='block_1_64' title="bbox 2270 854 3875 934">
    <p class='ocr_par' dir='ltr' id='par_1_64' title="bbox 2270 854 3875 934">
     <span class='ocr_line' id='line_1_64' title="bbox 2270 854 3875 934; baseline -0.007 -21"><span class='ocrx_word' id='word_1_407' title='bbox 2270 866 2359 913; x_wconf 86' lang='grc' dir='ltr'>καὶ</span> <span class='ocrx_word' id='word_1_408' title='bbox 2420 863 2537 934; x_wconf 80' lang='grc' dir='ltr'>περὶ</span> <span class='ocrx_word' id='word_1_409' title='bbox 2588 865 2679 910; x_wconf 84' lang='grc' dir='ltr'>τοῦ</span> <span class='ocrx_word' id='word_1_410' title='bbox 2748 863 2942 931; x_wconf 79' lang='grc' dir='ltr'>Κυρίου</span> <span class='ocrx_word' id='word_1_411' title='bbox 2994 854 3150 916; x_wconf 85' lang='grc' dir='ltr'>δῆθεν</span> <span class='ocrx_word' id='word_1_412' title='bbox 3212 861 3305 915; x_wconf 81' lang='grc' dir='ltr'>τήν</span> <span class='ocrx_word' id='word_1_413' title='bbox 3364 854 3577 927; x_wconf 80' lang='grc' dir='ltr'>μίλέτην</span> <span class='ocrx_word' id='word_1_414' title='bbox 3635 855 3875 924; x_wconf 82' lang='grc' dir='ltr'>ἔχοντες,</span> 
     </span>
    </p>
   </div>
   <div class='ocr_carea' id='block_1_65' title="bbox 2272 942 3878 1018">
    <p class='ocr_par' dir='ltr' id='par_1_65' title="bbox 2272 942 3878 1018">
     <span class='ocr_line' id='line_1_65' title="bbox 2272 942 3878 1018; baseline -0.007 -16"><span class='ocrx_word' id='word_1_415' title='bbox 2272 954 2359 1003; x_wconf 82' lang='grc' dir='ltr'>καὶ</span> <span class='ocrx_word' id='word_1_416' title='bbox 2404 952 2498 1007; x_wconf 83' lang='grc' dir='ltr'>τήν</span> <span class='ocrx_word' id='word_1_417' title='bbox 2541 946 2783 1005; x_wconf 86' lang='grc' dir='ltr'>ἀλήθειαν</span> <span class='ocrx_word' id='word_1_418' title='bbox 2840 946 3002 1005; x_wconf 76' lang='grc' dir='ltr'>αὐτήν</span> <span class='ocrx_word' id='word_1_419' title='bbox 3059 949 3130 1018; x_wconf 79' lang='grc' dir='ltr'>μὴ</span> <span class='ocrx_word' id='word_1_420' title='bbox 3190 943 3481 1016; x_wconf 75' lang='grc' dir='ltr'>δεξάμενοι,</span> <span class='ocrx_word' id='word_1_421' title='bbox 3528 942 3725 1016; x_wconf 76' lang='grc' dir='ltr'>ἑτέροις</span> <span class='ocrx_word' id='word_1_422' title='bbox 3778 944 3878 998; x_wconf 82' lang='grc' dir='ltr'>τήν</span> 
     </span>
    </p>
   </div>
   <div class='ocr_carea' id='block_1_66' title="bbox 2272 1030 3881 1110">
    <p class='ocr_par' dir='ltr' id='par_1_66' title="bbox 2272 1030 3881 1110">
     <span class='ocr_line' id='line_1_66' title="bbox 2272 1030 3881 1110; baseline -0.007 -18"><span class='ocrx_word' id='word_1_423' title='bbox 2272 1040 2433 1097; x_wconf 81' lang='grc' dir='ltr'>αύτήν</span> <span class='ocrx_word' id='word_1_424' title='bbox 2486 1037 2828 1110; x_wconf 76' lang='grc' dir='ltr'>κληρονομίαν</span> <span class='ocrx_word' id='word_1_425' title='bbox 2887 1032 3182 1089; x_wconf 81' lang='grc' dir='ltr'>ἀπέδοντο⁶</span> <span class='ocrx_word' id='word_1_426' title='bbox 3240 1036 3403 1097; x_wconf 77' lang='grc' dir='ltr'>οὕτως</span> <span class='ocrx_word' id='word_1_427' title='bbox 3456 1037 3545 1085; x_wconf 84' lang='grc' dir='ltr'>καὶ</span> <span class='ocrx_word' id='word_1_428' title='bbox 3582 1034 3634 1084; x_wconf 84' lang='grc' dir='ltr'>οἱ</span> <span class='ocrx_word' id='word_1_429' title='bbox 3686 1030 3881 1100; x_wconf 87' lang='grc' dir='ltr'>λόγους</span> 
     </span>
    </p>
   </div>
   <div class='ocr_carea' id='block_1_67' title="bbox 2271 1118 3880 1199">
    <p class='ocr_par' dir='ltr' id='par_1_67' title="bbox 2271 1118 3880 1199">
     <span class='ocr_line' id='line_1_67' title="bbox 2271 1118 3880 1199; baseline -0.007 -18"><span class='ocrx_word' id='word_1_430' title='bbox 2271 1137 2361 1181; x_wconf 85' lang='grc' dir='ltr'>τοῦ</span> <span class='ocrx_word' id='word_1_431' title='bbox 2394 1130 2689 1199; x_wconf 86' lang='grc' dir='ltr'>Πνεύματος</span> <span class='ocrx_word' id='word_1_432' title='bbox 2742 1122 3079 1198; x_wconf 82' lang='grc' dir='ltr'>διηγούμενοι</span> <span class='ocrx_word' id='word_1_433' title='bbox 3131 1123 3341 1197; x_wconf 79' lang='grc' dir='ltr'>ἑτέροις,</span> <span class='ocrx_word' id='word_1_434' title='bbox 3384 1122 3535 1175; x_wconf 78' lang='grc' dir='ltr'>αὐτοὶ</span> <span class='ocrx_word' id='word_1_435' title='bbox 3587 1123 3675 1173; x_wconf 85' lang='grc' dir='ltr'>τὸν</span> <span class='ocrx_word' id='word_1_436' title='bbox 3722 1118 3880 1190; x_wconf 82' lang='grc' dir='ltr'>λόγον</span> 
     </span>
    </p>
   </div>
   <div class='ocr_carea' id='block_1_68' title="bbox 2272 1208 3876 1289">
    <p class='ocr_par' dir='ltr' id='par_1_68' title="bbox 2272 1208 3876 1289">
     <span class='ocr_line' id='line_1_68' title="bbox 2272 1208 3876 1289; baseline -0.006 -19"><span class='ocrx_word' id='word_1_437' title='bbox 2272 1218 2319 1271; x_wconf 77' lang='grc' dir='ltr'>ἐν</span> <span class='ocrx_word' id='word_1_438' title='bbox 2375 1214 2595 1289; x_wconf 76' lang='grc' dir='ltr'>δυνάμει</span> <span class='ocrx_word' id='word_1_439' title='bbox 2642 1221 2713 1289; x_wconf 83' lang='grc' dir='ltr'>μὴ</span> <span class='ocrx_word' id='word_1_440' title='bbox 2772 1219 3095 1287; x_wconf 73' lang='grc' dir='ltr'>κεκτημένοι,</span> <span class='ocrx_word' id='word_1_441' title='bbox 3153 1214 3331 1276; x_wconf 79' lang='grc' dir='ltr'>ἄλλοις</span> <span class='ocrx_word' id='word_1_442' title='bbox 3376 1208 3732 1265; x_wconf 75' lang='grc' dir='ltr'>ἀποδίδονται</span> <span class='ocrx_word' id='word_1_443' title='bbox 3783 1213 3876 1266; x_wconf 77' lang='grc' dir='ltr'>τὴν</span> 
     </span>
    </p>
   </div>
   <div class='ocr_carea' id='block_1_69' title="bbox 2272 1300 3869 1381">
    <p class='ocr_par' dir='ltr' id='par_1_69' title="bbox 2272 1300 3869 1381">
     <span class='ocr_line' id='line_1_69' title="bbox 2272 1300 3869 1381; baseline -0.008 -20"><span class='ocrx_word' id='word_1_444' title='bbox 2272 1308 2636 1381; x_wconf 84' lang='grc' dir='ltr'>κληρονομίαν.</span> <span class='ocrx_word' id='word_1_445' title='bbox 2697 1305 2829 1358; x_wconf 84' lang='grc' dir='ltr'>Δοεα</span> <span class='ocrx_word' id='word_1_446' title='bbox 2869 1308 3057 1377; x_wconf 80' lang='grc' dir='ltr'>Πατρὶ,</span> <span class='ocrx_word' id='word_1_447' title='bbox 3096 1307 3189 1356; x_wconf 84' lang='grc' dir='ltr'>καὶ</span> <span class='ocrx_word' id='word_1_448' title='bbox 3226 1306 3352 1373; x_wconf 84' lang='grc' dir='ltr'>Υἰῷ,</span> <span class='ocrx_word' id='word_1_449' title='bbox 3404 1305 3493 1354; x_wconf 84' lang='grc' dir='ltr'>καὶ</span> <span class='ocrx_word' id='word_1_450' title='bbox 3528 1300 3659 1372; x_wconf 80' lang='grc' dir='ltr'>ἁγίῳ</span> <span class='ocrx_word' id='word_1_451' title='bbox 3722 1301 3869 1351; x_wconf 75' lang='grc' dir='ltr'>Πνεῦ-</span> 
     </span>
    </p>
   </div>
   <div class='ocr_carea' id='block_1_70' title="bbox 2276 1393 3136 1472">
    <p class='ocr_par' dir='ltr' id='par_1_70' title="bbox 2276 1393 3136 1472">
     <span class='ocr_line' id='line_1_70' title="bbox 2276 1393 3136 1472; baseline -0.005 -21"><span class='ocrx_word' id='word_1_452' title='bbox 2276 1416 2422 1472; x_wconf 87' lang='grc' dir='ltr'>ματι,</span> <span class='ocrx_word' id='word_1_453' title='bbox 2457 1396 2528 1460; x_wconf 87' lang='grc' dir='ltr'>εἰς</span> <span class='ocrx_word' id='word_1_454' title='bbox 2552 1399 2674 1457; x_wconf 81' lang='grc' dir='ltr'>τοὺς</span> <span class='ocrx_word' id='word_1_455' title='bbox 2706 1394 2914 1455; x_wconf 87' lang='grc' dir='ltr'>αἰῶνας.</span> <span class='ocrx_word' id='word_1_456' title='bbox 2950 1393 3136 1466; x_wconf 82' lang='grc' dir='ltr'>’Λμήν.</span> 
     </span>
    </p>
   </div>
   <div class='ocr_carea' id='block_1_71' title="bbox 2870 1516 3284 1573">
    <p class='ocr_par' dir='ltr' id='par_1_71' title="bbox 2870 1516 3284 1573">
     <span class='ocr_line' id='line_1_71' title="bbox 2870 1516 3284 1573; baseline -0.002 -1"><span class='ocrx_word' id='word_1_457' title='bbox 2870 1524 3113 1573; x_wconf 81' lang='grc' dir='ltr'>ΟΜΙΛΙΑ</span> <span class='ocrx_word' id='word_1_458' title='bbox 3156 1516 3284 1571; x_wconf 78' lang='grc' dir='ltr'>ΚΘ’.</span> 
     </span>
    </p>
   </div>
   <div class='ocr_carea' id='block_1_72' title="bbox 2281 1640 3890 1717">
    <p class='ocr_par' dir='ltr' id='par_1_72' title="bbox 2281 1640 3890 1717">
     <span class='ocr_line' id='line_1_72' title="bbox 2281 1640 3890 1717; baseline -0.009 -16"><span class='ocrx_word' id='word_1_459' title='bbox 2281 1649 2455 1704; x_wconf 89' lang='grc' dir='ltr'>Κατὰ</span> <span class='ocrx_word' id='word_1_460' title='bbox 2494 1643 2729 1699; x_wconf 87' lang='grc' dir='ltr'>δισσόν</span> <span class='ocrx_word' id='word_1_461' title='bbox 2768 1648 3000 1717; x_wconf 81' lang='grc' dir='ltr'>τρόπον</span> <span class='ocrx_word' id='word_1_462' title='bbox 3039 1645 3154 1704; x_wconf 86' lang='grc' dir='ltr'>τάς</span> <span class='ocrx_word' id='word_1_463' title='bbox 3186 1641 3574 1717; x_wconf 65' lang='grc' dir='ltr'>Δοἰκονομίας</span> <span class='ocrx_word' id='word_1_464' title='bbox 3614 1646 3742 1717; x_wconf 40' lang='grc' dir='ltr'>τῆς.</span> <span class='ocrx_word' id='word_1_465' title='bbox 3772 1640 3890 1709; x_wconf 84' lang='grc' dir='ltr'>χά-</span> 
     </span>
    </p>
   </div>
   <div class='ocr_carea' id='block_1_73' title="bbox 2351 1709 3897 1794">
    <p class='ocr_par' dir='ltr' id='par_1_73' title="bbox 2351 1709 3897 1794">
     <span class='ocr_line' id='line_1_73' title="bbox 2351 1709 3897 1794; baseline -0.007 -23"><span class='ocrx_word' id='word_1_466' title='bbox 2351 1738 2530 1794; x_wconf 77' lang='grc' dir='ltr'>ριτος</span> <span class='ocrx_word' id='word_1_467' title='bbox 2564 1717 2753 1794; x_wconf 38' lang='grc' dir='ltr'>εὶς-τό</span> <span class='ocrx_word' id='word_1_468' title='bbox 2791 1709 2971 1787; x_wconf 78' lang='grc' dir='ltr'>γένος</span> <span class='ocrx_word' id='word_1_469' title='bbox 3015 1723 3141 1794; x_wconf 57' lang='grc' dir='ltr'>τῆς</span> <span class='ocrx_word' id='word_1_470' title='bbox 3176 1709 3681 1794; x_wconf 52' lang='grc' dir='ltr'>ἀνθρωπίότητος</span> <span class='ocrx_word' id='word_1_471' title='bbox 3721 1709 3897 1780; x_wconf 78' lang='grc' dir='ltr'>ἐξερ-</span> 
     </span>
    </p>
   </div>
   <div class='ocr_carea' id='block_1_74' title="bbox 2352 1783 3898 1880">
    <p class='ocr_par' dir='ltr' id='par_1_74' title="bbox 2352 1783 3898 1880">
     <span class='ocr_line' id='line_1_74' title="bbox 2352 1783 3898 1880; baseline -0.007 -38"><span class='ocrx_word' id='word_1_472' title='bbox 2352 1783 2623 1880; x_wconf 40' lang='grc' dir='ltr'>γάζεται</span> <span class='ocrx_word' id='word_1_473' title='bbox 2656 1790 2680 1840; x_wconf 88' lang='grc' dir='ltr'>ό</span> <span class='ocrx_word' id='word_1_474' title='bbox 2714 1783 2891 1853; x_wconf 71' lang='grc' dir='ltr'>Θεὸς,</span> <span class='ocrx_word' id='word_1_475' title='bbox 2933 1787 3172 1880; x_wconf 53' lang='grc' dir='ltr'>μέλλων</span> <span class='ocrx_word' id='word_1_476' title='bbox 3212 1783 3324 1869; x_wconf 43' lang='grc' dir='ltr'>τῆς</span> <span class='ocrx_word' id='word_1_477' title='bbox 3363 1783 3561 1843; x_wconf 70' lang='grc' dir='ltr'>αὐτῆς</span> <span class='ocrx_word' id='word_1_478' title='bbox 3594 1789 3898 1854; x_wconf 85' lang='grc' dir='ltr'>καρποῦς</span> 
     </span>
    </p>
   </div>
   <div class='ocr_carea' id='block_1_75' title="bbox 2356 1858 3670 1932">
    <p class='ocr_par' dir='ltr' id='par_1_75' title="bbox 2356 1858 3670 1932">
     <span class='ocr_line' id='line_1_75' title="bbox 2356 1858 3670 1932; baseline -0.005 -17"><span class='ocrx_word' id='word_1_479' title='bbox 2356 1858 2415 1915; x_wconf 72' lang='grc' dir='ltr'><strong><em>ἓν</em></strong></span> <span class='ocrx_word' id='word_1_480' title='bbox 2457 1858 2698 1932; x_wconf 86' lang='grc' dir='ltr'>δικαίῳ</span> <span class='ocrx_word' id='word_1_481' title='bbox 2734 1858 3008 1932; x_wconf 83' lang='grc' dir='ltr'>κρίματι</span> <span class='ocrx_word' id='word_1_482' title='bbox 3049 1858 3237 1911; x_wconf 86' lang='grc' dir='ltr'>πάλιν</span> <span class='ocrx_word' id='word_1_483' title='bbox 3279 1858 3670 1913; x_wconf 76' lang='grc' dir='ltr'>ἀπαιτῆσαι.</span> 
     </span>
    </p>
   </div>
   <div class='ocr_carea' id='block_1_76' title="bbox 2358 1978 3899 2056">
    <p class='ocr_par' dir='ltr' id='par_1_76' title="bbox 2358 1978 3899 2056">
     <span class='ocr_line' id='line_1_76' title="bbox 2358 1978 3899 2056; baseline -0.008 -14"><span class='ocrx_word' id='word_1_484' title='bbox 2358 1988 2435 2045; x_wconf 75' lang='grc' dir='ltr'>Α“.</span> <span class='ocrx_word' id='word_1_485' title='bbox 2482 1986 2539 2039; x_wconf 76' lang='grc' dir='ltr'><em>Ἠ</em></span> <span class='ocrx_word' id='word_1_486' title='bbox 2594 1992 2684 2038; x_wconf 88' lang='grc' dir='ltr'>τοῦ</span> <span class='ocrx_word' id='word_1_487' title='bbox 2725 1992 2857 2039; x_wconf 88' lang='grc' dir='ltr'>Θεοῦ</span> <span class='ocrx_word' id='word_1_488' title='bbox 2911 1989 3069 2056; x_wconf 81' lang='grc' dir='ltr'>σοφία</span> <span class='ocrx_word' id='word_1_489' title='bbox 3120 1985 3328 2056; x_wconf 80' lang='grc' dir='ltr'>ἄπειρος</span> <span class='ocrx_word' id='word_1_490' title='bbox 3376 1985 3465 2033; x_wconf 86' lang='grc' dir='ltr'>καὶ</span> <span class='ocrx_word' id='word_1_491' title='bbox 3520 1978 3899 2040; x_wconf 84' lang='grc' dir='ltr'>ἀκατάληπτος</span> 
     </span>
    </p>
   </div>
   <div class='ocr_carea' id='block_1_77' title="bbox 2290 2063 3905 2139">
    <p class='ocr_par' dir='ltr' id='par_1_77' title="bbox 2290 2063 3905 2139">
     <span class='ocr_line' id='line_1_77' title="bbox 2290 2063 3905 2139; baseline -0.008 -13"><span class='ocrx_word' id='word_1_492' title='bbox 2290 2071 2442 2139; x_wconf 81' lang='grc' dir='ltr'>οὖσα,</span> <span class='ocrx_word' id='word_1_493' title='bbox 2502 2070 2875 2131; x_wconf 78' lang='grc' dir='ltr'>ἀκαταλήπτως</span> <span class='ocrx_word' id='word_1_494' title='bbox 2902 2073 2991 2121; x_wconf 75' lang='grc' dir='ltr'>καὶ</span> <span class='ocrx_word' id='word_1_495' title='bbox 3036 2067 3448 2139; x_wconf 80' lang='grc' dir='ltr'>ἀνεξιχνιάστως</span> <span class='ocrx_word' id='word_1_496' title='bbox 3477 2066 3566 2124; x_wconf 83' lang='grc' dir='ltr'>τὰς</span> <span class='ocrx_word' id='word_1_497' title='bbox 3591 2063 3905 2134; x_wconf 76' lang='grc' dir='ltr'>οἰκονομίας</span> 
     </span>
    </p>
   </div>
   <div class='ocr_carea' id='block_1_78' title="bbox 2291 2152 3901 2236">
    <p class='ocr_par' dir='ltr' id='par_1_78' title="bbox 2291 2152 3901 2236">
     <span class='ocr_line' id='line_1_78' title="bbox 2291 2152 3901 2236; baseline -0.008 -21"><span class='ocrx_word' id='word_1_498' title='bbox 2291 2173 2380 2224; x_wconf 80' lang='grc' dir='ltr'>τῆς</span> <span class='ocrx_word' id='word_1_499' title='bbox 2432 2163 2651 2236; x_wconf 83' lang='grc' dir='ltr'>χάριτος</span> <span class='ocrx_word' id='word_1_500' title='bbox 2689 2160 2762 2220; x_wconf 83' lang='grc' dir='ltr'>εἰς</span> <span class='ocrx_word' id='word_1_501' title='bbox 2803 2162 2860 2212; x_wconf 90' lang='grc' dir='ltr'>τό</span> <span class='ocrx_word' id='word_1_502' title='bbox 2910 2163 3050 2231; x_wconf 81' lang='grc' dir='ltr'>γένος</span> <span class='ocrx_word' id='word_1_503' title='bbox 3095 2165 3191 2218; x_wconf 87' lang='grc' dir='ltr'>τῆς</span> <span class='ocrx_word' id='word_1_504' title='bbox 3247 2154 3649 2229; x_wconf 86' lang='grc' dir='ltr'>ἀνθρωπότητος</span> <span class='ocrx_word' id='word_1_505' title='bbox 3687 2152 3901 2223; x_wconf 82' lang='grc' dir='ltr'>ἐξεργά-</span> 
     </span>
    </p>
   </div>
   <div class='ocr_carea' id='block_1_79' title="bbox 2295 2241 3903 2321">
    <p class='ocr_par' dir='ltr' id='par_1_79' title="bbox 2295 2241 3903 2321">
     <span class='ocr_line' id='line_1_79' title="bbox 2295 2241 3903 2321; baseline -0.008 -17"><span class='ocrx_word' id='word_1_506' title='bbox 2295 2253 2440 2313; x_wconf 78' lang='grc' dir='ltr'>ζεται</span> <span class='ocrx_word' id='word_1_507' title='bbox 2470 2250 2735 2313; x_wconf 69' lang='grc' dir='ltr'>ποικῦως,</span> <span class='ocrx_word' id='word_1_508' title='bbox 2778 2252 2908 2321; x_wconf 87' lang='grc' dir='ltr'>πρός</span> <span class='ocrx_word' id='word_1_509' title='bbox 2946 2252 3039 2305; x_wconf 78' lang='grc' dir='ltr'>τήν</span> <span class='ocrx_word' id='word_1_510' title='bbox 3070 2254 3160 2299; x_wconf 86' lang='grc' dir='ltr'>τοῦ</span> <span class='ocrx_word' id='word_1_511' title='bbox 3212 2244 3549 2307; x_wconf 85' lang='grc' dir='ltr'>αύτεξουσίου</span> <span class='ocrx_word' id='word_1_512' title='bbox 3612 2241 3903 2313; x_wconf 73' lang='grc' dir='ltr'>θελήματος</span> 
     </span>
    </p>
   </div>
   <div class='ocr_carea' id='block_1_80' title="bbox 2296 2326 3900 2412">
    <p class='ocr_par' dir='ltr' id='par_1_80' title="bbox 2296 2326 3900 2412">
     <span class='ocr_line' id='line_1_80' title="bbox 2296 2326 3900 2412; baseline -0.008 -18"><span class='ocrx_word' id='word_1_513' title='bbox 2296 2338 2635 2412; x_wconf 73' lang='grc' dir='ltr'>δοκιμασίαν,</span> <span class='ocrx_word' id='word_1_514' title='bbox 2678 2341 2812 2391; x_wconf 81' lang='grc' dir='ltr'>ὥστε</span> <span class='ocrx_word' id='word_1_515' title='bbox 2851 2337 3206 2410; x_wconf 78' lang='grc' dir='ltr'>φανερωθῆναι</span> <span class='ocrx_word' id='word_1_516' title='bbox 3245 2338 3360 2395; x_wconf 79' lang='grc' dir='ltr'>τοὺς</span> <span class='ocrx_word' id='word_1_517' title='bbox 3421 2331 3473 2394; x_wconf 81' lang='grc' dir='ltr'>ἐξ</span> <span class='ocrx_word' id='word_1_518' title='bbox 3512 2332 3632 2391; x_wconf 80' lang='grc' dir='ltr'>ὅλης</span> <span class='ocrx_word' id='word_1_519' title='bbox 3672 2326 3900 2403; x_wconf 76' lang='grc' dir='ltr'>καρδίας</span> 
     </span>
    </p>
   </div>
   <div class='ocr_carea' id='block_1_81' title="bbox 2296 2415 3897 2501">
    <p class='ocr_par' dir='ltr' id='par_1_81' title="bbox 2296 2415 3897 2501">
     <span class='ocr_line' id='line_1_81' title="bbox 2296 2415 3897 2501; baseline -0.007 -20"><span class='ocrx_word' id='word_1_520' title='bbox 2296 2430 2604 2501; x_wconf 85' lang='grc' dir='ltr'>ἀγαπῶντας</span> <span class='ocrx_word' id='word_1_521' title='bbox 2652 2428 2827 2490; x_wconf 78' lang='grc' dir='ltr'>αὐτόν,</span> <span class='ocrx_word' id='word_1_522' title='bbox 2876 2431 2964 2478; x_wconf 90' lang='lat' dir='ltr'>xui</span> <span class='ocrx_word' id='word_1_523' title='bbox 3009 2427 3179 2478; x_wconf 89' lang='grc' dir='ltr'>πάντα</span> <span class='ocrx_word' id='word_1_524' title='bbox 3215 2419 3456 2475; x_wconf 89' lang='grc' dir='ltr'>κίνδυνον</span> <span class='ocrx_word' id='word_1_525' title='bbox 3485 2424 3575 2473; x_wconf 84' lang='grc' dir='ltr'>καὶ</span> <span class='ocrx_word' id='word_1_526' title='bbox 3617 2424 3780 2473; x_wconf 80' lang='grc' dir='ltr'>πόνον</span> <span class='ocrx_word' id='word_1_527' title='bbox 3812 2415 3897 2472; x_wconf 75' lang='grc' dir='ltr'>διὰ</span> 
     </span>
    </p>
   </div>
   <div class='ocr_carea' id='block_1_82' title="bbox 2295 2511 3901 2589">
    <p class='ocr_par' dir='ltr' id='par_1_82' title="bbox 2295 2511 3901 2589">
     <span class='ocr_line' id='line_1_82' title="bbox 2295 2511 3901 2589; baseline -0.007 -18"><span class='ocrx_word' id='word_1_528' title='bbox 2295 2523 2380 2571; x_wconf 86' lang='grc' dir='ltr'>τόν</span> <span class='ocrx_word' id='word_1_529' title='bbox 2426 2522 2554 2570; x_wconf 81' lang='grc' dir='ltr'>Θεὸν</span> <span class='ocrx_word' id='word_1_530' title='bbox 2608 2519 2971 2589; x_wconf 78' lang='grc' dir='ltr'>ὑπομένοντας.</span> <span class='ocrx_word' id='word_1_531' title='bbox 3021 2516 3115 2576; x_wconf 86' lang='grc' dir='ltr'>Οἷς</span> <span class='ocrx_word' id='word_1_532' title='bbox 3141 2517 3230 2586; x_wconf 76' lang='grc' dir='ltr'>μὲν</span> <span class='ocrx_word' id='word_1_533' title='bbox 3276 2515 3377 2585; x_wconf 80' lang='grc' dir='ltr'>γὰρ</span> <span class='ocrx_word' id='word_1_534' title='bbox 3411 2519 3795 2584; x_wconf 86' lang='grc' dir='ltr'>προαπαντῶσι</span> <span class='ocrx_word' id='word_1_535' title='bbox 3841 2511 3901 2561; x_wconf 80' lang='grc' dir='ltr'>τὰ</span> 
     </span>
    </p>
   </div>
   <div class='ocr_carea' id='block_1_83' title="bbox 2294 2596 3901 2683">
    <p class='ocr_par' dir='ltr' id='par_1_83' title="bbox 2294 2596 3901 2683">
     <span class='ocr_line' id='line_1_83' title="bbox 2294 2596 3901 2683; baseline -0.006 -23"><span class='ocrx_word' id='word_1_536' title='bbox 2294 2612 2631 2683; x_wconf 80' lang='grc' dir='ltr'>χαρίσματα,</span> <span class='ocrx_word' id='word_1_537' title='bbox 2683 2610 2770 2659; x_wconf 81' lang='grc' dir='ltr'>καὶ</span> <span class='ocrx_word' id='word_1_538' title='bbox 2810 2609 2873 2658; x_wconf 79' lang='grc' dir='ltr'>τὰ</span> <span class='ocrx_word' id='word_1_539' title='bbox 2902 2612 2991 2657; x_wconf 89' lang='grc' dir='ltr'>τοῦ</span> <span class='ocrx_word' id='word_1_540' title='bbox 3042 2604 3194 2675; x_wconf 80' lang='grc' dir='ltr'>ἁγίου</span> <span class='ocrx_word' id='word_1_541' title='bbox 3257 2605 3549 2673; x_wconf 85' lang='grc' dir='ltr'>Πνεύματος</span> <span class='ocrx_word' id='word_1_542' title='bbox 3580 2596 3901 2672; x_wconf 79' lang='grc' dir='ltr'>δωρήματα,</span> 
     </span>
    </p>
   </div>
   <div class='ocr_carea' id='block_1_84' title="bbox 2297 2688 3897 2769">
    <p class='ocr_par' dir='ltr' id='par_1_84' title="bbox 2297 2688 3897 2769">
     <span class='ocr_line' id='line_1_84' title="bbox 2297 2688 3897 2769; baseline -0.007 -20"><span class='ocrx_word' id='word_1_543' title='bbox 2297 2697 2448 2758; x_wconf 74' lang='grc' dir='ltr'>εὐθὺς</span> <span class='ocrx_word' id='word_1_544' title='bbox 2476 2696 2585 2768; x_wconf 77' lang='grc' dir='ltr'>ἅμα</span> <span class='ocrx_word' id='word_1_545' title='bbox 2614 2704 2684 2766; x_wconf 85' lang='grc' dir='ltr'>τῷ</span> <span class='ocrx_word' id='word_1_546' title='bbox 2710 2694 3007 2769; x_wconf 69' lang='grc' dir='ltr'>προσελθεῖν</span> <span class='ocrx_word' id='word_1_547' title='bbox 3047 2694 3176 2765; x_wconf 88' lang='grc' dir='ltr'>μετά</span> <span class='ocrx_word' id='word_1_548' title='bbox 3226 2696 3453 2753; x_wconf 87' lang='grc' dir='ltr'>πίστεως</span> <span class='ocrx_word' id='word_1_549' title='bbox 3499 2694 3588 2741; x_wconf 89' lang='grc' dir='ltr'>καὶ</span> <span class='ocrx_word' id='word_1_550' title='bbox 3620 2688 3897 2749; x_wconf 73' lang='grc' dir='ltr'>αἰτήσεως,</span> 
     </span>
    </p>
   </div>
   <div class='ocr_carea' id='block_1_85' title="bbox 2296 2778 3897 2859">
    <p class='ocr_par' dir='ltr' id='par_1_85' title="bbox 2296 2778 3897 2859">
     <span class='ocr_line' id='line_1_85' title="bbox 2296 2778 3897 2859; baseline -0.007 -20"><span class='ocrx_word' id='word_1_551' title='bbox 2296 2789 2414 2839; x_wconf 79' lang='grc' dir='ltr'>ἄνευ</span> <span class='ocrx_word' id='word_1_552' title='bbox 2459 2787 2702 2859; x_wconf 78' lang='grc' dir='ltr'>καμάτων</span> <span class='ocrx_word' id='word_1_553' title='bbox 2752 2788 2838 2835; x_wconf 82' lang='grc' dir='ltr'>καὶ</span> <span class='ocrx_word' id='word_1_554' title='bbox 2894 2779 3126 2856; x_wconf 79' lang='grc' dir='ltr'>ἱδρώτων</span> <span class='ocrx_word' id='word_1_555' title='bbox 3169 2786 3259 2833; x_wconf 83' lang='grc' dir='ltr'>καὶ</span> <span class='ocrx_word' id='word_1_556' title='bbox 3310 2786 3496 2845; x_wconf 89' lang='grc' dir='ltr'>πόνων,</span> <span class='ocrx_word' id='word_1_557' title='bbox 3545 2782 3678 2830; x_wconf 83' lang='grc' dir='ltr'>ἔστιν</span> <span class='ocrx_word' id='word_1_558' title='bbox 3721 2778 3806 2828; x_wconf 83' lang='grc' dir='ltr'>ὅτε</span> <span class='ocrx_word' id='word_1_559' title='bbox 3846 2780 3897 2828; x_wconf 79' lang='grc' dir='ltr'>ἐν</span> 
     </span>
    </p>
   </div>
   <div class='ocr_carea' id='block_1_86' title="bbox 2297 2866 3891 2947">
    <p class='ocr_par' dir='ltr' id='par_1_86' title="bbox 2297 2866 3891 2947">
     <span class='ocr_line' id='line_1_86' title="bbox 2297 2866 3891 2947; baseline -0.009 -19"><span class='ocrx_word' id='word_1_560' title='bbox 2297 2885 2367 2947; x_wconf 83' lang='grc' dir='ltr'>τῷ</span> <span class='ocrx_word' id='word_1_561' title='bbox 2396 2882 2578 2947; x_wconf 87' lang='grc' dir='ltr'>κόσμῳ</span> <span class='ocrx_word' id='word_1_562' title='bbox 2604 2876 2960 2946; x_wconf 74' lang='grc' dir='ltr'>τυγχάνουσιν</span> <span class='ocrx_word' id='word_1_563' title='bbox 2995 2892 3007 2904; x_wconf 94' lang='grc'><strong>·</strong></span> <span class='ocrx_word' id='word_1_564' title='bbox 3041 2874 3116 2924; x_wconf 82' lang='grc' dir='ltr'>ἔτι</span> <span class='ocrx_word' id='word_1_565' title='bbox 3141 2867 3339 2923; x_wconf 84' lang='grc' dir='ltr'>δίδωσι</span> <span class='ocrx_word' id='word_1_566' title='bbox 3369 2874 3463 2928; x_wconf 80' lang='grc' dir='ltr'>τήν</span> <span class='ocrx_word' id='word_1_567' title='bbox 3496 2872 3646 2940; x_wconf 81' lang='grc' dir='ltr'>χάριν</span> <span class='ocrx_word' id='word_1_568' title='bbox 3675 2866 3701 2916; x_wconf 89' lang='grc' dir='ltr'>ό</span> <span class='ocrx_word' id='word_1_569' title='bbox 3734 2868 3891 2927; x_wconf 83' lang='grc' dir='ltr'>Θεὸς,</span> 
     </span>
    </p>
   </div>
   <div class='ocr_carea' id='block_1_87' title="bbox 2299 2954 3903 3037">
    <p class='ocr_par' dir='ltr' id='par_1_87' title="bbox 2299 2954 3903 3037">
     <span class='ocr_line' id='line_1_87' title="bbox 2299 2954 3903 3037; baseline -0.007 -20"><span class='ocrx_word' id='word_1_570' title='bbox 2299 2965 2392 3018; x_wconf 74' lang='grc' dir='ltr'>οὐκ</span> <span class='ocrx_word' id='word_1_571' title='bbox 2423 2963 2615 3037; x_wconf 84' lang='grc' dir='ltr'>ἀργῶς,</span> <span class='ocrx_word' id='word_1_572' title='bbox 2660 2958 2783 3015; x_wconf 69' lang='grc' dir='ltr'>οὐδὲ</span> <span class='ocrx_word' id='word_1_573' title='bbox 2810 2960 3053 3033; x_wconf 90' lang='grc' dir='ltr'>ἀκαίρως,</span> <span class='ocrx_word' id='word_1_574' title='bbox 3105 2956 3229 3012; x_wconf 74' lang='grc' dir='ltr'>οὐδὲ</span> <span class='ocrx_word' id='word_1_575' title='bbox 3258 2961 3324 3021; x_wconf 84' lang='grc' dir='ltr'>ὡς</span> <span class='ocrx_word' id='word_1_576' title='bbox 3353 2960 3553 3029; x_wconf 81' lang='grc' dir='ltr'>ἔτυχεν,</span> <span class='ocrx_word' id='word_1_577' title='bbox 3578 2954 3701 3006; x_wconf 77' lang='grc' dir='ltr'>ἀλλὰ</span> <span class='ocrx_word' id='word_1_578' title='bbox 3730 2958 3903 3025; x_wconf 75' lang='grc' dir='ltr'>σοφία</span> 
     </span>
    </p>
   </div>
   <div class='ocr_carea' id='block_1_88' title="bbox 2300 3044 3909 3129">
    <p class='ocr_par' dir='ltr' id='par_1_88' title="bbox 2300 3044 3909 3129">
     <span class='ocr_line' id='line_1_88' title="bbox 2300 3044 3909 3129; baseline -0.007 -22"><span class='ocrx_word' id='word_1_579' title='bbox 2300 3060 2402 3108; x_wconf 86' lang='grc' dir='ltr'>τινὶ</span> <span class='ocrx_word' id='word_1_580' title='bbox 2455 3053 2662 3129; x_wconf 73' lang='grc' dir='ltr'>ἀρρήτῳ</span> <span class='ocrx_word' id='word_1_581' title='bbox 2719 3056 2808 3104; x_wconf 86' lang='grc' dir='ltr'>καὶ</span> <span class='ocrx_word' id='word_1_582' title='bbox 2856 3050 3228 3120; x_wconf 85' lang='grc' dir='ltr'>ἀκαταλήπτῳ,</span> <span class='ocrx_word' id='word_1_583' title='bbox 3286 3048 3351 3108; x_wconf 88' lang='grc' dir='ltr'>εἰς</span> <span class='ocrx_word' id='word_1_584' title='bbox 3406 3052 3464 3099; x_wconf 91' lang='grc' dir='ltr'>τό</span> <span class='ocrx_word' id='word_1_585' title='bbox 3513 3044 3909 3117; x_wconf 74' lang='grc' dir='ltr'>δοκιμασθῆναι</span> 
     </span>
    </p>
   </div>
   <div class='ocr_carea' id='block_1_89' title="bbox 2227 3127 3907 3216">
    <p class='ocr_par' dir='ltr' id='par_1_89' title="bbox 2227 3127 3907 3216">
     <span class='ocr_line' id='line_1_89' title="bbox 2227 3127 3907 3216; baseline -0.007 -19"><span class='ocrx_word' id='word_1_586' title='bbox 2227 3127 2266 3184; x_wconf 79' lang='lat' dir='ltr'>C</span> <span class='ocrx_word' id='word_1_587' title='bbox 2308 3150 2400 3203; x_wconf 80' lang='grc' dir='ltr'>τὴν</span> <span class='ocrx_word' id='word_1_588' title='bbox 2467 3148 2793 3216; x_wconf 89' lang='grc' dir='ltr'>προαίρεσιν,</span> <span class='ocrx_word' id='word_1_589' title='bbox 2855 3144 2944 3192; x_wconf 91' lang='grc' dir='ltr'>καὶ</span> <span class='ocrx_word' id='word_1_590' title='bbox 3006 3143 3065 3191; x_wconf 82' lang='grc' dir='ltr'>τό</span> <span class='ocrx_word' id='word_1_591' title='bbox 3140 3138 3473 3201; x_wconf 74' lang='grc' dir='ltr'>αὐτεξούσιον</span> <span class='ocrx_word' id='word_1_592' title='bbox 3546 3135 3753 3206; x_wconf 72' lang='grc' dir='ltr'>θέλημα</span> <span class='ocrx_word' id='word_1_593' title='bbox 3815 3142 3907 3185; x_wconf 84' lang='grc' dir='ltr'>τῶν</span> 
     </span>
    </p>
   </div>
   <div class='ocr_carea' id='block_1_90' title="bbox 2304 3225 3899 3306">
    <p class='ocr_par' dir='ltr' id='par_1_90' title="bbox 2304 3225 3899 3306">
     <span class='ocr_line' id='line_1_90' title="bbox 2304 3225 3899 3306; baseline -0.008 -20"><span class='ocrx_word' id='word_1_594' title='bbox 2304 3238 2509 3306; x_wconf 76' lang='grc' dir='ltr'>ταχέως</span> <span class='ocrx_word' id='word_1_595' title='bbox 2538 3232 2889 3303; x_wconf 81' lang='grc' dir='ltr'>ἐπιτυχόντων</span> <span class='ocrx_word' id='word_1_596' title='bbox 2920 3230 3013 3291; x_wconf 76' lang='grc' dir='ltr'>τῆς</span> <span class='ocrx_word' id='word_1_597' title='bbox 3046 3231 3185 3288; x_wconf 90' lang='grc' dir='ltr'>θείας</span> <span class='ocrx_word' id='word_1_598' title='bbox 3215 3229 3459 3301; x_wconf 88' lang='grc' dir='ltr'>χάριτος,</span> <span class='ocrx_word' id='word_1_599' title='bbox 3494 3225 3538 3278; x_wconf 88' lang='grc' dir='ltr'>εἰ</span> <span class='ocrx_word' id='word_1_600' title='bbox 3560 3226 3793 3298; x_wconf 77' lang='grc' dir='ltr'>ᾔσθοντο</span> <span class='ocrx_word' id='word_1_601' title='bbox 3818 3231 3899 3281; x_wconf 77' lang='grc' dir='ltr'>τῆς</span> 
     </span>
    </p>
   </div>
   <div class='ocr_carea' id='block_1_91' title="bbox 2306 3316 3893 3397">
    <p class='ocr_par' dir='ltr' id='par_1_91' title="bbox 2306 3316 3893 3397">
     <span class='ocr_line' id='line_1_91' title="bbox 2306 3316 3893 3397; baseline -0.008 -22"><span class='ocrx_word' id='word_1_602' title='bbox 2306 3324 2619 3397; x_wconf 74' lang='grc' dir='ltr'>εὐεργεσίας,</span> <span class='ocrx_word' id='word_1_603' title='bbox 2662 3325 2751 3372; x_wconf 82' lang='grc' dir='ltr'>καὶ</span> <span class='ocrx_word' id='word_1_604' title='bbox 2790 3328 2886 3381; x_wconf 84' lang='grc' dir='ltr'>τῆς</span> <span class='ocrx_word' id='word_1_605' title='bbox 2940 3322 3072 3391; x_wconf 85' lang='grc' dir='ltr'>πρὸς</span> <span class='ocrx_word' id='word_1_606' title='bbox 3110 3317 3295 3379; x_wconf 82' lang='grc' dir='ltr'>αύτούς</span> <span class='ocrx_word' id='word_1_607' title='bbox 3332 3319 3611 3387; x_wconf 75' lang='grc' dir='ltr'>γενομένης</span> <span class='ocrx_word' id='word_1_608' title='bbox 3677 3316 3893 3385; x_wconf 74' lang='grc' dir='ltr'>χροστό·</span> 
     </span>
    </p>
   </div>
   <div class='ocr_carea' id='block_1_92' title="bbox 2305 3401 3899 3481">
    <p class='ocr_par' dir='ltr' id='par_1_92' title="bbox 2305 3401 3899 3481">
     <span class='ocr_line' id='line_1_92' title="bbox 2305 3401 3899 3481; baseline -0.008 -17"><span class='ocrx_word' id='word_1_609' title='bbox 2305 3432 2460 3472; x_wconf 91' lang='grc' dir='ltr'>τητος</span> <span class='ocrx_word' id='word_1_610' title='bbox 2498 3416 2586 3462; x_wconf 85' lang='grc' dir='ltr'>καὶ</span> <span class='ocrx_word' id='word_1_611' title='bbox 2627 3409 2946 3481; x_wconf 80' lang='grc' dir='ltr'>γλυκύτητος</span> <span class='ocrx_word' id='word_1_612' title='bbox 2986 3414 3076 3459; x_wconf 92' lang='grc' dir='ltr'>τοῦ</span> <span class='ocrx_word' id='word_1_613' title='bbox 3119 3412 3273 3469; x_wconf 84' lang='grc' dir='ltr'>Θεοῦ,</span> <span class='ocrx_word' id='word_1_614' title='bbox 3315 3406 3451 3456; x_wconf 88' lang='grc' dir='ltr'>κατά</span> <span class='ocrx_word' id='word_1_615' title='bbox 3490 3401 3785 3473; x_wconf 81' lang='grc' dir='ltr'>ἀναλογιαν</span> <span class='ocrx_word' id='word_1_616' title='bbox 3822 3407 3899 3459; x_wconf 75' lang='grc' dir='ltr'>τῆς</span> 
     </span>
    </p>
   </div>
   <div class='ocr_carea' id='block_1_93' title="bbox 2306 3490 3907 3569">
    <p class='ocr_par' dir='ltr' id='par_1_93' title="bbox 2306 3490 3907 3569">
     <span class='ocr_line' id='line_1_93' title="bbox 2306 3490 3907 3569; baseline -0.008 -16"><span class='ocrx_word' id='word_1_617' title='bbox 2306 3503 2422 3553; x_wconf 81' lang='grc' dir='ltr'>ἄνευ</span> <span class='ocrx_word' id='word_1_618' title='bbox 2480 3504 2644 3551; x_wconf 80' lang='grc' dir='ltr'>πόνων</span> <span class='ocrx_word' id='word_1_619' title='bbox 2696 3494 2843 3549; x_wconf 81' lang='grc' dir='ltr'>ἰδίων</span> <span class='ocrx_word' id='word_1_620' title='bbox 2890 3502 3136 3569; x_wconf 87' lang='grc' dir='ltr'>χάριτος,</span> <span class='ocrx_word' id='word_1_621' title='bbox 3201 3495 3262 3555; x_wconf 79' lang='grc' dir='ltr'>ἧς</span> <span class='ocrx_word' id='word_1_622' title='bbox 3310 3491 3723 3555; x_wconf 77' lang='grc' dir='ltr'>καταξιωθέντες</span> <span class='ocrx_word' id='word_1_623' title='bbox 3786 3490 3907 3561; x_wconf 46' lang='grc' dir='ltr'>ὀρεία</span> 
     </span>
    </p>
   </div>
   <div class='ocr_carea' id='block_1_94' title="bbox 2305 3578 3914 3660">
    <p class='ocr_par' dir='ltr' id='par_1_94' title="bbox 2305 3578 3914 3660">
     <span class='ocr_line' id='line_1_94' title="bbox 2305 3578 3914 3660; baseline -0.008 -18"><span class='ocrx_word' id='word_1_624' title='bbox 2305 3591 2458 3644; x_wconf 85' lang='grc' dir='ltr'>λουσι</span> <span class='ocrx_word' id='word_1_625' title='bbox 2491 3584 2750 3653; x_wconf 82' lang='grc' dir='ltr'>σπουδήν,</span> <span class='ocrx_word' id='word_1_626' title='bbox 2818 3590 2904 3637; x_wconf 84' lang='grc' dir='ltr'>καὶ</span> <span class='ocrx_word' id='word_1_627' title='bbox 2948 3582 3163 3660; x_wconf 83' lang='grc' dir='ltr'>δρόμον,</span> <span class='ocrx_word' id='word_1_628' title='bbox 3230 3588 3318 3635; x_wconf 89' lang='grc' dir='ltr'>καὶ</span> <span class='ocrx_word' id='word_1_629' title='bbox 3360 3581 3552 3654; x_wconf 86' lang='grc' dir='ltr'>ἀγῶνα,</span> <span class='ocrx_word' id='word_1_630' title='bbox 3588 3585 3679 3632; x_wconf 84' lang='grc' dir='ltr'>καὶ</span> <span class='ocrx_word' id='word_1_631' title='bbox 3745 3584 3830 3632; x_wconf 87' lang='grc' dir='ltr'>τόν</span> <span class='ocrx_word' id='word_1_632' title='bbox 3863 3578 3914 3629; x_wconf 80' lang='grc' dir='ltr'>ἐκ</span> 
     </span>
    </p>
   </div>
   <div class='ocr_carea' id='block_1_95' title="bbox 2311 3666 3918 3751">
    <p class='ocr_par' dir='ltr' id='par_1_95' title="bbox 2311 3666 3918 3751">
     <span class='ocr_line' id='line_1_95' title="bbox 2311 3666 3918 3751; baseline -0.007 -18"><span class='ocrx_word' id='word_1_633' title='bbox 2311 3679 2598 3751; x_wconf 81' lang='grc' dir='ltr'>θελήματος</span> <span class='ocrx_word' id='word_1_634' title='bbox 2657 3681 2750 3728; x_wconf 84' lang='grc' dir='ltr'>καὶ</span> <span class='ocrx_word' id='word_1_635' title='bbox 2800 3678 3154 3748; x_wconf 83' lang='grc' dir='ltr'>προαιρέσεως</span> <span class='ocrx_word' id='word_1_636' title='bbox 3206 3671 3411 3745; x_wconf 77' lang='grc' dir='ltr'>ἀγάπης</span> <span class='ocrx_word' id='word_1_637' title='bbox 3466 3674 3669 3747; x_wconf 88' lang='grc' dir='ltr'>καρπόν</span> <span class='ocrx_word' id='word_1_638' title='bbox 3720 3666 3918 3722; x_wconf 80' lang='grc' dir='ltr'>ἐπιδεί-</span> 
     </span>
    </p>
   </div>
   <div class='ocr_carea' id='block_1_96' title="bbox 2311 3758 3918 3835">
    <p class='ocr_par' dir='ltr' id='par_1_96' title="bbox 2311 3758 3918 3835">
     <span class='ocr_line' id='line_1_96' title="bbox 2311 3758 3918 3835; baseline -0.006 -15"><span class='ocrx_word' id='word_1_639' title='bbox 2311 3768 2523 3832; x_wconf 79' lang='grc' dir='ltr'>ξασθαι,</span> <span class='ocrx_word' id='word_1_640' title='bbox 2573 3771 2663 3818; x_wconf 86' lang='grc' dir='ltr'>καὶ</span> <span class='ocrx_word' id='word_1_641' title='bbox 2716 3770 2809 3823; x_wconf 84' lang='grc' dir='ltr'>τὴν</span> <span class='ocrx_word' id='word_1_642' title='bbox 2868 3763 3091 3835; x_wconf 79' lang='grc' dir='ltr'>ἀμοιϐήν</span> <span class='ocrx_word' id='word_1_643' title='bbox 3139 3770 3238 3814; x_wconf 87' lang='grc' dir='ltr'>τῶν</span> <span class='ocrx_word' id='word_1_644' title='bbox 3289 3763 3641 3835; x_wconf 80' lang='grc' dir='ltr'>χαρισμάτων</span> <span class='ocrx_word' id='word_1_645' title='bbox 3688 3758 3918 3811; x_wconf 74' lang='grc' dir='ltr'>ἀνταποο</span> 
     </span>
    </p>
   </div>
   <div class='ocr_carea' id='block_1_97' title="bbox 2313 3844 3914 3923">
    <p class='ocr_par' dir='ltr' id='par_1_97' title="bbox 2313 3844 3914 3923">
     <span class='ocr_line' id='line_1_97' title="bbox 2313 3844 3914 3923; baseline -0.006 -14"><span class='ocrx_word' id='word_1_646' title='bbox 2313 3854 2514 3923; x_wconf 88' lang='grc' dir='ltr'>δοῦναι,</span> <span class='ocrx_word' id='word_1_647' title='bbox 2566 3859 2829 3908; x_wconf 79' lang='grc' dir='ltr'>τουτέστιν</span> <span class='ocrx_word' id='word_1_648' title='bbox 2860 3853 3007 3914; x_wconf 85' lang='grc' dir='ltr'>ὅλους</span> <span class='ocrx_word' id='word_1_649' title='bbox 3054 3852 3268 3912; x_wconf 78' lang='grc' dir='ltr'>ἑαυτοὺς</span> <span class='ocrx_word' id='word_1_650' title='bbox 3309 3847 3546 3912; x_wconf 83' lang='grc' dir='ltr'>διδόντες</span> <span class='ocrx_word' id='word_1_651' title='bbox 3574 3844 3827 3909; x_wconf 81' lang='grc' dir='ltr'>ἐκδότους</span> <span class='ocrx_word' id='word_1_652' title='bbox 3852 3848 3914 3909; x_wconf 82' lang='grc' dir='ltr'>εἰς</span> 
     </span>
    </p>
   </div>
   <div class='ocr_carea' id='block_1_98' title="bbox 2314 3938 3916 4018">
    <p class='ocr_par' dir='ltr' id='par_1_98' title="bbox 2314 3938 3916 4018">
     <span class='ocr_line' id='line_1_98' title="bbox 2314 3938 3916 4018; baseline -0.007 -19"><span class='ocrx_word' id='word_1_653' title='bbox 2314 3951 2405 4005; x_wconf 82' lang='grc' dir='ltr'>τήν</span> <span class='ocrx_word' id='word_1_654' title='bbox 2436 3952 2526 3998; x_wconf 90' lang='grc' dir='ltr'>τοῦ</span> <span class='ocrx_word' id='word_1_655' title='bbox 2572 3948 2766 4018; x_wconf 85' lang='grc' dir='ltr'>Κυρίου</span> <span class='ocrx_word' id='word_1_656' title='bbox 2809 3942 3038 4016; x_wconf 82' lang='grc' dir='ltr'>ἀγάπην,</span> <span class='ocrx_word' id='word_1_657' title='bbox 3084 3944 3173 3993; x_wconf 90' lang='lat' dir='ltr'>xui</span> <span class='ocrx_word' id='word_1_658' title='bbox 3228 3942 3284 3992; x_wconf 85' lang='grc' dir='ltr'>τό</span> <span class='ocrx_word' id='word_1_659' title='bbox 3314 3939 3474 3991; x_wconf 75' lang='grc' dir='ltr'>αὐτοῦ</span> <span class='ocrx_word' id='word_1_660' title='bbox 3522 3938 3724 4005; x_wconf 82' lang='grc' dir='ltr'>θέλημα</span> <span class='ocrx_word' id='word_1_661' title='bbox 3766 3941 3916 4010; x_wconf 86' lang='grc' dir='ltr'>μόνον</span> 
     </span>
    </p>
   </div>
   <div class='ocr_carea' id='block_1_99' title="bbox 2316 4027 3919 4104">
    <p class='ocr_par' dir='ltr' id='par_1_99' title="bbox 2316 4027 3919 4104">
     <span class='ocr_line' id='line_1_99' title="bbox 2316 4027 3919 4104; baseline -0.007 -15"><span class='ocrx_word' id='word_1_662' title='bbox 2316 4035 2675 4098; x_wconf 83' lang='grc' dir='ltr'>ἐπιτελοῦντες,</span> <span class='ocrx_word' id='word_1_663' title='bbox 2726 4038 2815 4085; x_wconf 84' lang='grc' dir='ltr'>καὶ</span> <span class='ocrx_word' id='word_1_664' title='bbox 2866 4034 3044 4093; x_wconf 87' lang='grc' dir='ltr'>πάσης</span> <span class='ocrx_word' id='word_1_665' title='bbox 3075 4038 3335 4104; x_wconf 90' lang='grc' dir='ltr'>σαρκικῆς</span> <span class='ocrx_word' id='word_1_666' title='bbox 3386 4027 3666 4100; x_wconf 75' lang='grc' dir='ltr'>ἐπιθυμίας</span> <span class='ocrx_word' id='word_1_667' title='bbox 3725 4027 3919 4084; x_wconf 79' lang='grc' dir='ltr'>τελείως</span> 
     </span>
    </p>
   </div>
   <div class='ocr_carea' id='block_1_100' title="bbox 2317 4124 2726 4197">
    <p class='ocr_par' dir='ltr' id='par_1_100' title="bbox 2317 4124 2726 4197">
     <span class='ocr_line' id='line_1_100' title="bbox 2317 4124 2726 4197; baseline -0.002 -20"><span class='ocrx_word' id='word_1_668' title='bbox 2317 4124 2726 4197; x_wconf 82' lang='grc' dir='ltr'>ἀναχωροῦντες.</span> 
     </span>
    </p>
   </div>
   <div class='ocr_carea' id='block_1_101' title="bbox 2390 4240 3920 4317">
    <p class='ocr_par' dir='ltr' id='par_1_101' title="bbox 2390 4240 3920 4317">
     <span class='ocr_line' id='line_1_101' title="bbox 2390 4240 3920 4317; baseline -0.008 -14"><span class='ocrx_word' id='word_1_669' title='bbox 2390 4249 2467 4305; x_wconf 87' lang='lat' dir='ltr'>B&#39;.</span> <span class='ocrx_word' id='word_1_670' title='bbox 2500 4250 2594 4309; x_wconf 76' lang='grc' dir='ltr'>Οἷς</span> <span class='ocrx_word' id='word_1_671' title='bbox 2629 4243 2688 4300; x_wconf 78' lang='grc' dir='ltr'>δε</span> <span class='ocrx_word' id='word_1_672' title='bbox 2716 4250 2804 4298; x_wconf 86' lang='grc' dir='ltr'>καὶ</span> <span class='ocrx_word' id='word_1_673' title='bbox 2834 4244 3223 4317; x_wconf 81' lang='grc' dir='ltr'>ἀναχωρήσασι</span> <span class='ocrx_word' id='word_1_674' title='bbox 3250 4250 3344 4295; x_wconf 92' lang='grc' dir='ltr'>τοῦ</span> <span class='ocrx_word' id='word_1_675' title='bbox 3374 4246 3595 4313; x_wconf 86' lang='grc' dir='ltr'>κόσμου,</span> <span class='ocrx_word' id='word_1_676' title='bbox 3629 4244 3722 4292; x_wconf 81' lang='grc' dir='ltr'>καὶ</span> <span class='ocrx_word' id='word_1_677' title='bbox 3756 4240 3920 4313; x_wconf 74' lang='grc' dir='ltr'>ἀρνη-</span> 
     </span>
    </p>
   </div>
   <div class='ocr_carea' id='block_1_102' title="bbox 2320 4327 3923 4411">
    <p class='ocr_par' dir='ltr' id='par_1_102' title="bbox 2320 4327 3923 4411">
     <span class='ocr_line' id='line_1_102' title="bbox 2320 4327 3923 4411; baseline -0.009 -19"><span class='ocrx_word' id='word_1_678' title='bbox 2320 4344 2555 4411; x_wconf 84' lang='grc' dir='ltr'>σαμένοις</span> <span class='ocrx_word' id='word_1_679' title='bbox 2584 4341 2669 4389; x_wconf 87' lang='grc' dir='ltr'>τόν</span> <span class='ocrx_word' id='word_1_680' title='bbox 2723 4336 2885 4388; x_wconf 81' lang='grc' dir='ltr'>αἰῶνα</span> <span class='ocrx_word' id='word_1_681' title='bbox 2912 4343 3089 4387; x_wconf 85' lang='grc' dir='ltr'>τοῦτον</span> <span class='ocrx_word' id='word_1_682' title='bbox 3134 4335 3266 4385; x_wconf 85' lang='grc' dir='ltr'>κατά</span> <span class='ocrx_word' id='word_1_683' title='bbox 3305 4334 3362 4383; x_wconf 88' lang='grc' dir='ltr'>τό</span> <span class='ocrx_word' id='word_1_684' title='bbox 3397 4330 3720 4402; x_wconf 80' lang='grc' dir='ltr'>Εύαγγέλιον,</span> <span class='ocrx_word' id='word_1_685' title='bbox 3758 4334 3851 4381; x_wconf 81' lang='grc' dir='ltr'>καὶ</span> <span class='ocrx_word' id='word_1_686' title='bbox 3878 4327 3923 4380; x_wconf 85' lang='grc' dir='ltr'>ἐν</span> 
     </span>
    </p>
   </div>
   <div class='ocr_carea' id='block_1_103' title="bbox 2318 4423 3924 4501">
    <p class='ocr_par' dir='ltr' id='par_1_103' title="bbox 2318 4423 3924 4501">
     <span class='ocr_line' id='line_1_103' title="bbox 2318 4423 3924 4501; baseline -0.008 -19"><span class='ocrx_word' id='word_1_687' title='bbox 2318 4429 2475 4501; x_wconf 77' lang='grc' dir='ltr'>πολλῇ</span> <span class='ocrx_word' id='word_1_688' title='bbox 2504 4430 2958 4501; x_wconf 78' lang='grc' dir='ltr'>προσκαρτερήσει</span> <span class='ocrx_word' id='word_1_689' title='bbox 2986 4423 3146 4495; x_wconf 79' lang='grc' dir='ltr'>εὐχῆς</span> <span class='ocrx_word' id='word_1_690' title='bbox 3179 4426 3271 4474; x_wconf 85' lang='grc' dir='ltr'>καὶ</span> <span class='ocrx_word' id='word_1_691' title='bbox 3316 4423 3581 4483; x_wconf 86' lang='grc' dir='ltr'>νηστείας,</span> <span class='ocrx_word' id='word_1_692' title='bbox 3635 4423 3728 4470; x_wconf 81' lang='grc' dir='ltr'>καὶ</span> <span class='ocrx_word' id='word_1_693' title='bbox 3761 4437 3924 4470; x_wconf 87' lang='grc' dir='ltr'>σπου-</span> 
     </span>
    </p>
   </div>
   <div class='ocr_carea' id='block_1_104' title="bbox 2321 4508 3923 4585">
    <p class='ocr_par' dir='ltr' id='par_1_104' title="bbox 2321 4508 3923 4585">
     <span class='ocr_line' id='line_1_104' title="bbox 2321 4508 3923 4585; baseline -0.008 -13"><span class='ocrx_word' id='word_1_694' title='bbox 2321 4516 2417 4579; x_wconf 87' lang='grc' dir='ltr'>δῆς</span> <span class='ocrx_word' id='word_1_695' title='bbox 2446 4523 2535 4569; x_wconf 84' lang='grc' dir='ltr'>καὶ</span> <span class='ocrx_word' id='word_1_696' title='bbox 2566 4525 2664 4568; x_wconf 85' lang='grc' dir='ltr'>τῶν</span> <span class='ocrx_word' id='word_1_697' title='bbox 2694 4515 2883 4567; x_wconf 83' lang='grc' dir='ltr'>λοιπῶν</span> <span class='ocrx_word' id='word_1_698' title='bbox 2942 4512 3133 4585; x_wconf 80' lang='grc' dir='ltr'>ἀρετῶν</span> <span class='ocrx_word' id='word_1_699' title='bbox 3163 4514 3544 4583; x_wconf 85' lang='grc' dir='ltr'>τυγχάνουσιν,</span> <span class='ocrx_word' id='word_1_700' title='bbox 3578 4508 3673 4560; x_wconf 86' lang='grc' dir='ltr'>ούκ</span> <span class='ocrx_word' id='word_1_701' title='bbox 3715 4508 3875 4569; x_wconf 75' lang='grc' dir='ltr'>εὐθὺς</span> <span class='ocrx_word' id='word_1_702' title='bbox 3901 4509 3923 4559; x_wconf 79' lang='grc' dir='ltr'><strong><em>ὁ</em></strong></span> 
     </span>
    </p>
   </div>
   <div class='ocr_carea' id='block_1_105' title="bbox 2320 4595 3923 4675">
    <p class='ocr_par' dir='ltr' id='par_1_105' title="bbox 2320 4595 3923 4675">
     <span class='ocr_line' id='line_1_105' title="bbox 2320 4595 3923 4675; baseline -0.009 -12"><span class='ocrx_word' id='word_1_703' title='bbox 2320 4612 2443 4670; x_wconf 88' lang='grc' dir='ltr'>Θεὸς</span> <span class='ocrx_word' id='word_1_704' title='bbox 2471 4604 2668 4660; x_wconf 84' lang='grc' dir='ltr'>δίδωσι</span> <span class='ocrx_word' id='word_1_705' title='bbox 2698 4609 2791 4662; x_wconf 84' lang='grc' dir='ltr'>τὴν</span> <span class='ocrx_word' id='word_1_706' title='bbox 2820 4604 2981 4675; x_wconf 85' lang='grc' dir='ltr'>χάριν</span> <span class='ocrx_word' id='word_1_707' title='bbox 3013 4606 3102 4654; x_wconf 82' lang='grc' dir='ltr'>καὶ</span> <span class='ocrx_word' id='word_1_708' title='bbox 3146 4606 3233 4658; x_wconf 78' lang='grc' dir='ltr'>τήν</span> <span class='ocrx_word' id='word_1_709' title='bbox 3264 4599 3581 4662; x_wconf 80' lang='grc' dir='ltr'>ἀνάπαυσιν,</span> <span class='ocrx_word' id='word_1_710' title='bbox 3614 4602 3703 4649; x_wconf 80' lang='lat' dir='ltr'>xui</span> 
     </span>
    </p>
   </div>
   <div class='ocr_carea' id='block_1_106' title="bbox 2319 4688 3921 4766">
    <p class='ocr_par' dir='ltr' id='par_1_106' title="bbox 2319 4688 3921 4766">
     <span class='ocr_line' id='line_1_106' title="bbox 2319 4688 3921 4766; baseline -0.009 -14"><span class='ocrx_word' id='word_1_711' title='bbox 2319 4699 2491 4752; x_wconf 90' lang='grc' dir='ltr'>λίασιν</span> <span class='ocrx_word' id='word_1_712' title='bbox 2530 4703 2618 4748; x_wconf 86' lang='grc' dir='ltr'>τοῦ</span> <span class='ocrx_word' id='word_1_713' title='bbox 2654 4697 2963 4766; x_wconf 86' lang='grc' dir='ltr'>Πνεύματος,</span> <span class='ocrx_word' id='word_1_714' title='bbox 2997 4693 3345 4764; x_wconf 87' lang='grc' dir='ltr'>μακροθυμῶν</span> <span class='ocrx_word' id='word_1_715' title='bbox 3377 4689 3453 4741; x_wconf 70' lang='grc' dir='ltr'>ἐπ’</span> <span class='ocrx_word' id='word_1_716' title='bbox 3486 4688 3663 4748; x_wconf 75' lang='grc' dir='ltr'>αὐτοῖς</span> <span class='ocrx_word' id='word_1_717' title='bbox 3706 4692 3801 4739; x_wconf 86' lang='grc' dir='ltr'>καὶ</span> <span class='ocrx_word' id='word_1_718' title='bbox 3833 4690 3921 4744; x_wconf 72' lang='grc' dir='ltr'>τήν</span> 
     </span>
    </p>
   </div>
   <div class='ocr_carea' id='block_1_107' title="bbox 2324 4773 3926 4859">
    <p class='ocr_par' dir='ltr' id='par_1_107' title="bbox 2324 4773 3926 4859">
     <span class='ocr_line' id='line_1_107' title="bbox 2324 4773 3926 4859; baseline -0.009 -19"><span class='ocrx_word' id='word_1_719' title='bbox 2324 4785 2521 4859; x_wconf 79' lang='grc' dir='ltr'>δωρεὰν</span> <span class='ocrx_word' id='word_1_720' title='bbox 2553 4784 2770 4856; x_wconf 76' lang='grc' dir='ltr'>ἐπέχων.</span> <span class='ocrx_word' id='word_1_721' title='bbox 2830 4787 2929 4835; x_wconf 81' lang='grc' dir='ltr'>Καὶ</span> <span class='ocrx_word' id='word_1_722' title='bbox 2957 4788 3109 4833; x_wconf 87' lang='grc' dir='ltr'>τοῦτο</span> <span class='ocrx_word' id='word_1_723' title='bbox 3139 4779 3233 4832; x_wconf 88' lang='grc' dir='ltr'>ούκ</span> <span class='ocrx_word' id='word_1_724' title='bbox 3274 4778 3466 4852; x_wconf 85' lang='grc' dir='ltr'>ἀργῶς,</span> <span class='ocrx_word' id='word_1_725' title='bbox 3517 4773 3641 4829; x_wconf 76' lang='grc' dir='ltr'>ούδε</span> <span class='ocrx_word' id='word_1_726' title='bbox 3669 4775 3926 4850; x_wconf 81' lang='grc' dir='ltr'>ἀκαίρως,</span> 
     </span>
    </p>
   </div>
   <div class='ocr_carea' id='block_1_108' title="bbox 2322 4862 3927 4945">
    <p class='ocr_par' dir='ltr' id='par_1_108' title="bbox 2322 4862 3927 4945">
     <span class='ocr_line' id='line_1_108' title="bbox 2322 4862 3927 4945; baseline -0.009 -15"><span class='ocrx_word' id='word_1_727' title='bbox 2322 4874 2446 4930; x_wconf 77' lang='grc' dir='ltr'>οὐδε</span> <span class='ocrx_word' id='word_1_728' title='bbox 2478 4880 2543 4937; x_wconf 86' lang='grc' dir='ltr'>ὡς</span> <span class='ocrx_word' id='word_1_729' title='bbox 2599 4877 2800 4945; x_wconf 76' lang='grc' dir='ltr'>ἔτυχεν,</span> <span class='ocrx_word' id='word_1_730' title='bbox 2834 4870 2962 4923; x_wconf 80' lang='grc' dir='ltr'>ἀλλὰ</span> <span class='ocrx_word' id='word_1_731' title='bbox 3003 4890 3160 4942; x_wconf 74' lang='grc' dir='ltr'>σοφιᾳ</span> <span class='ocrx_word' id='word_1_732' title='bbox 3215 4873 3318 4921; x_wconf 77' lang='grc' dir='ltr'>τινὶ</span> <span class='ocrx_word' id='word_1_733' title='bbox 3350 4866 3556 4941; x_wconf 76' lang='grc' dir='ltr'>ἀρρήτῳ</span> <span class='ocrx_word' id='word_1_734' title='bbox 3588 4866 3660 4926; x_wconf 84' lang='grc' dir='ltr'>εἰς</span> <span class='ocrx_word' id='word_1_735' title='bbox 3696 4862 3927 4937; x_wconf 81' lang='grc' dir='ltr'>δοκιμα-</span> 
     </span>
    </p>
   </div>
   <div class='ocr_carea' id='block_1_109' title="bbox 2327 4951 3931 5030">
    <p class='ocr_par' dir='ltr' id='par_1_109' title="bbox 2327 4951 3931 5030">
     <span class='ocr_line' id='line_1_109' title="bbox 2327 4951 3931 5030; baseline -0.009 -11"><span class='ocrx_word' id='word_1_736' title='bbox 2327 4972 2443 5019; x_wconf 88' lang='grc' dir='ltr'>σίαν</span> <span class='ocrx_word' id='word_1_737' title='bbox 2474 4972 2563 5017; x_wconf 85' lang='grc' dir='ltr'>τοῦ</span> <span class='ocrx_word' id='word_1_738' title='bbox 2613 4962 2946 5025; x_wconf 81' lang='grc' dir='ltr'>αύτεξουσίου</span> <span class='ocrx_word' id='word_1_739' title='bbox 2997 4958 3299 5030; x_wconf 80' lang='grc' dir='ltr'>θελήματος,</span> <span class='ocrx_word' id='word_1_740' title='bbox 3345 4965 3436 5008; x_wconf 89' lang='grc' dir='ltr'>τοῦ</span> <span class='ocrx_word' id='word_1_741' title='bbox 3490 4951 3637 5019; x_wconf 83' lang='grc' dir='ltr'>ἰδεῖν,</span> <span class='ocrx_word' id='word_1_742' title='bbox 3670 4954 3714 5006; x_wconf 79' lang='grc' dir='ltr'>εἰ</span> <span class='ocrx_word' id='word_1_743' title='bbox 3744 4958 3931 5007; x_wconf 83' lang='grc' dir='ltr'>πιστὸν</span> 
     </span>
    </p>
   </div>
   <div class='ocr_carea' id='block_1_110' title="bbox 2324 5044 3933 5123">
    <p class='ocr_par' dir='ltr' id='par_1_110' title="bbox 2324 5044 3933 5123">
     <span class='ocr_line' id='line_1_110' title="bbox 2324 5044 3933 5123; baseline -0.008 -16"><span class='ocrx_word' id='word_1_744' title='bbox 2324 5061 2408 5108; x_wconf 74' lang='grc' dir='ltr'>καὶ</span> <span class='ocrx_word' id='word_1_745' title='bbox 2443 5053 2608 5112; x_wconf 84' lang='grc' dir='ltr'>ἀληθῆ</span> <span class='ocrx_word' id='word_1_746' title='bbox 2671 5055 2893 5123; x_wconf 79' lang='grc' dir='ltr'>ῆγηνται</span> <span class='ocrx_word' id='word_1_747' title='bbox 2937 5052 3021 5101; x_wconf 87' lang='grc' dir='ltr'>τόν</span> <span class='ocrx_word' id='word_1_748' title='bbox 3050 5052 3179 5102; x_wconf 84' lang='grc' dir='ltr'>Θεὸν</span> <span class='ocrx_word' id='word_1_749' title='bbox 3210 5050 3296 5099; x_wconf 87' lang='grc' dir='ltr'>τόν</span> <span class='ocrx_word' id='word_1_750' title='bbox 3327 5044 3762 5117; x_wconf 82' lang='grc' dir='ltr'>ἐπαγγειλάμενον</span> <span class='ocrx_word' id='word_1_751' title='bbox 3822 5051 3933 5105; x_wconf 85' lang='grc' dir='ltr'>τοῖς</span> 
     </span>
    </p>
   </div>
   <div class='ocr_carea' id='block_1_111' title="bbox 2327 5133 3933 5211">
    <p class='ocr_par' dir='ltr' id='par_1_111' title="bbox 2327 5133 3933 5211">
     <span class='ocr_line' id='line_1_111' title="bbox 2327 5133 3933 5211; baseline -0.007 -16"><span class='ocrx_word' id='word_1_752' title='bbox 2327 5143 2536 5196; x_wconf 78' lang='grc' dir='ltr'>αἰτοῦσι</span> <span class='ocrx_word' id='word_1_753' title='bbox 2591 5138 2822 5204; x_wconf 86' lang='grc' dir='ltr'>διδόναι,</span> <span class='ocrx_word' id='word_1_754' title='bbox 2864 5143 2948 5191; x_wconf 82' lang='lat' dir='ltr'>xui</span> <span class='ocrx_word' id='word_1_755' title='bbox 3004 5145 3114 5200; x_wconf 89' lang='grc' dir='ltr'>τοῖς</span> <span class='ocrx_word' id='word_1_756' title='bbox 3150 5139 3431 5211; x_wconf 86' lang='grc' dir='ltr'>κρούουσιν</span> <span class='ocrx_word' id='word_1_757' title='bbox 3488 5133 3710 5205; x_wconf 85' lang='grc' dir='ltr'>ἀνοίγειν</span> <span class='ocrx_word' id='word_1_758' title='bbox 3770 5136 3933 5207; x_wconf 79' lang='grc' dir='ltr'>θύραν</span> 
     </span>
    </p>
   </div>
   <div class='ocr_carea' id='block_1_112' title="bbox 2329 5222 3935 5298">
    <p class='ocr_par' dir='ltr' id='par_1_112' title="bbox 2329 5222 3935 5298">
     <span class='ocr_line' id='line_1_112' title="bbox 2329 5222 3935 5298; baseline -0.006 -14"><span class='ocrx_word' id='word_1_759' title='bbox 2329 5234 2489 5298; x_wconf 79' lang='grc' dir='ltr'>ζωῆς,</span> <span class='ocrx_word' id='word_1_760' title='bbox 2544 5238 2633 5284; x_wconf 86' lang='grc' dir='ltr'>τοῦ</span> <span class='ocrx_word' id='word_1_761' title='bbox 2691 5227 2818 5284; x_wconf 78' lang='grc' dir='ltr'>ἰδεῖν</span> <span class='ocrx_word' id='word_1_762' title='bbox 2890 5234 2979 5281; x_wconf 86' lang='grc' dir='ltr'>καὶ</span> <span class='ocrx_word' id='word_1_763' title='bbox 3033 5230 3415 5286; x_wconf 83' lang='grc' dir='ltr'>πιστεύσαντας</span> <span class='ocrx_word' id='word_1_764' title='bbox 3470 5222 3524 5286; x_wconf 77' lang='grc' dir='ltr'>ἐξ</span> <span class='ocrx_word' id='word_1_765' title='bbox 3575 5222 3819 5282; x_wconf 79' lang='grc' dir='ltr'>ἀληθείας</span> <span class='ocrx_word' id='word_1_766' title='bbox 3863 5230 3935 5293; x_wconf 76' lang='grc' dir='ltr'>τῷ</span> 
     </span>
    </p>
   </div>
   <div class='ocr_carea' id='block_1_113' title="bbox 2328 5312 3938 5395">
    <p class='ocr_par' dir='ltr' id='par_1_113' title="bbox 2328 5312 3938 5395">
     <span class='ocr_line' id='line_1_113' title="bbox 2328 5312 3938 5395; baseline -0.008 -19"><span class='ocrx_word' id='word_1_767' title='bbox 2328 5322 2464 5395; x_wconf 86' lang='grc' dir='ltr'>λόγῳ</span> <span class='ocrx_word' id='word_1_768' title='bbox 2504 5322 2686 5389; x_wconf 71' lang='grc' dir='ltr'>αὐτοῦ,</span> <span class='ocrx_word' id='word_1_769' title='bbox 2746 5320 2910 5381; x_wconf 83' lang='grc' dir='ltr'>εἰέως</span> <span class='ocrx_word' id='word_1_770' title='bbox 2969 5317 3140 5377; x_wconf 80' lang='grc' dir='ltr'>τέλους</span> <span class='ocrx_word' id='word_1_771' title='bbox 3193 5318 3583 5390; x_wconf 79' lang='grc' dir='ltr'>παραμένουσιν</span> <span class='ocrx_word' id='word_1_772' title='bbox 3634 5312 3683 5365; x_wconf 79' lang='grc' dir='ltr'>ἐν</span> <span class='ocrx_word' id='word_1_773' title='bbox 3737 5312 3938 5386; x_wconf 81' lang='grc' dir='ltr'>πληρο-</span> 
     </span>
    </p>
   </div>
   <div class='ocr_carea' id='block_1_114' title="bbox 2333 5403 3930 5486">
    <p class='ocr_par' dir='ltr' id='par_1_114' title="bbox 2333 5403 3930 5486">
     <span class='ocr_line' id='line_1_114' title="bbox 2333 5403 3930 5486; baseline -0.008 -21"><span class='ocrx_word' id='word_1_774' title='bbox 2333 5418 2486 5486; x_wconf 78' lang='grc' dir='ltr'>φορίᾳ</span> <span class='ocrx_word' id='word_1_775' title='bbox 2514 5417 2739 5473; x_wconf 85' lang='grc' dir='ltr'>πίστεως</span> <span class='ocrx_word' id='word_1_776' title='bbox 2767 5414 2855 5461; x_wconf 91' lang='lat' dir='ltr'>xui</span> <span class='ocrx_word' id='word_1_777' title='bbox 2899 5404 3157 5471; x_wconf 87' lang='grc' dir='ltr'>σπουδῆς,</span> <span class='ocrx_word' id='word_1_778' title='bbox 3208 5405 3466 5463; x_wconf 82' lang='grc' dir='ltr'>αἰτοῦντες</span> <span class='ocrx_word' id='word_1_779' title='bbox 3498 5407 3589 5455; x_wconf 86' lang='grc' dir='ltr'>καὶ</span> <span class='ocrx_word' id='word_1_780' title='bbox 3630 5403 3930 5464; x_wconf 75' lang='grc' dir='ltr'>ζητοῦντες,</span> 
     </span>
    </p>
   </div>
   <div class='ocr_carea' id='block_1_115' title="bbox 2332 5491 3934 5575">
    <p class='ocr_par' dir='ltr' id='par_1_115' title="bbox 2332 5491 3934 5575">
     <span class='ocr_line' id='line_1_115' title="bbox 2332 5491 3934 5575; baseline -0.008 -20"><span class='ocrx_word' id='word_1_781' title='bbox 2332 5503 2375 5555; x_wconf 86' lang='grc' dir='ltr'>εἰ</span> <span class='ocrx_word' id='word_1_782' title='bbox 2430 5507 2500 5575; x_wconf 79' lang='grc' dir='ltr'>μή</span> <span class='ocrx_word' id='word_1_783' title='bbox 2557 5505 2999 5574; x_wconf 83' lang='grc' dir='ltr'>περικακήσαντες</span> <span class='ocrx_word' id='word_1_784' title='bbox 3049 5502 3140 5548; x_wconf 82' lang='grc' dir='ltr'>καὶ</span> <span class='ocrx_word' id='word_1_785' title='bbox 3196 5493 3585 5553; x_wconf 80' lang='grc' dir='ltr'>ὑποστείλαντες</span> <span class='ocrx_word' id='word_1_786' title='bbox 3668 5491 3934 5566; x_wconf 78' lang='grc' dir='ltr'>ἀποστραο</span> 
     </span>
    </p>
   </div>
   <div class='ocr_carea' id='block_1_116' title="bbox 2332 5582 3931 5665">
    <p class='ocr_par' dir='ltr' id='par_1_116' title="bbox 2332 5582 3931 5665">
     <span class='ocr_line' id='line_1_116' title="bbox 2332 5582 3931 5665; baseline -0.008 -20"><span class='ocrx_word' id='word_1_787' title='bbox 2332 5601 2486 5665; x_wconf 82' lang='grc' dir='ltr'>φῶσι,</span> <span class='ocrx_word' id='word_1_788' title='bbox 2530 5595 2615 5643; x_wconf 82' lang='grc' dir='ltr'>καὶ</span> <span class='ocrx_word' id='word_1_789' title='bbox 2680 5592 3060 5647; x_wconf 80' lang='grc' dir='ltr'>ἀπιστήσαντες</span> <span class='ocrx_word' id='word_1_790' title='bbox 3112 5590 3199 5639; x_wconf 88' lang='grc' dir='ltr'>καὶ</span> <span class='ocrx_word' id='word_1_791' title='bbox 3250 5582 3623 5644; x_wconf 86' lang='grc' dir='ltr'>ἀπελπίσαντες</span> <span class='ocrx_word' id='word_1_792' title='bbox 3678 5582 3931 5655; x_wconf 81' lang='grc' dir='ltr'>ὀλιγωρή-</span> 
     </span>
    </p>
   </div>
   <div class='ocr_carea' id='block_1_117' title="bbox 2334 5668 3932 5755">
    <p class='ocr_par' dir='ltr' id='par_1_117' title="bbox 2334 5668 3932 5755">
     <span class='ocr_line' id='line_1_117' title="bbox 2334 5668 3932 5755; baseline -0.008 -19"><span class='ocrx_word' id='word_1_793' title='bbox 2334 5702 2488 5750; x_wconf 91' lang='grc' dir='ltr'>σωσι,</span> <span class='ocrx_word' id='word_1_794' title='bbox 2539 5687 2610 5755; x_wconf 84' lang='grc' dir='ltr'>μή</span> <span class='ocrx_word' id='word_1_795' title='bbox 2653 5682 2722 5743; x_wconf 83' lang='grc' dir='ltr'>εἰς</span> <span class='ocrx_word' id='word_1_796' title='bbox 2774 5679 2913 5741; x_wconf 72' lang='grc' dir='ltr'>τελος</span> <span class='ocrx_word' id='word_1_797' title='bbox 2959 5679 3317 5749; x_wconf 81' lang='grc' dir='ltr'>ὑπομείναντες</span> <span class='ocrx_word' id='word_1_798' title='bbox 3368 5668 3462 5726; x_wconf 82' lang='grc' dir='ltr'>διὰ</span> <span class='ocrx_word' id='word_1_799' title='bbox 3499 5676 3593 5730; x_wconf 84' lang='grc' dir='ltr'>τήν</span> <span class='ocrx_word' id='word_1_800' title='bbox 3626 5671 3932 5747; x_wconf 79' lang='grc' dir='ltr'>παραϐολήν</span> 
     </span>
    </p>
   </div>
  </div>
