4034 6202
212 319 322 373 717
1491 310 1805 367 HOMIleE

1983 312 2152 368 ΗΟΜ.
2197 313 2392 367 ΧΧΙΧ.
3464 306 3568 362 718

207 450 305 496 τοῦ
335 447 556 516 χρόνου,
616 447 705 497 καὶ
757 446 815 498 τὸ
856 439 1147 516 δοκιμάσαι
1207 444 1265 493 τὸ
1319 437 1516 512 θέλημα
1571 441 1660 490 καὶ
1716 439 1800 495 τήι

1976 452 2105 493 nem
2139 453 2330 510 usque
2371 441 2612 509 propter
2640 435 3109 508 interjectionem
3157 433 3461 505 temporis,
3495 447 3569 489 ac

205 553 542 607 προαιρεσιν.

1927 526 2345 597 probationem
2367 525 2688 582 voluntatis
2719 532 2775 582 et
2792 524 3101 597 propositi.

282 656 353 712 Γ“.
383 657 441 710 ’0
497 661 594 733 γὰρ
638 662 710 731 μή
759 660 948 732 τάχιον
993 655 1286 728 λαμϐάνων,
1344 650 1437 708 διὰ
1485 660 1582 715 τῆς
1626 649 1812 703 ἀναϐο-

1992 652 2082 706 ΙΙΙ.
2119 651 2226 717 Qui
2284 651 2443 706 enim
2492 666 2615 706 non
2664 651 2974 707 confestim
3034 650 3264 722 accipit,
3325 652 3569 721 propter

202 746 303 808 λῆς
349 751 444 800 καὶ
481 749 848 821 μακροθυμίας
897 754 986 800 τοῦ
1035 753 1168 800 Θεοῦ
1207 744 1354 798 πλέον
1401 742 1680 806 ἐκκαίεται,
1722 744 1795 792 κα

1974 739 2267 796 ilationem
2300 757 2369 796 ac
2407 741 2921 812 longanimitatem
2981 740 3103 808 Dei,
3135 738 3439 795 ardentius
3468 753 3567 793 ac-

202 836 354 890 πλίον
407 835 642 912 ὀρέγεται
723 845 822 890 τῶν
879 837 1130 912 οὐρανίων
1181 833 1411 906 ἀγαθῶν,
1461 837 1550 885 καὶ
1601 831 1795 884 πλείονι

1972 830 2213 895 inditur,
2272 831 2804 902 vehementiusque
2835 831 3057 901 appetit
3087 829 3352 885 cmlestia
3383 829 3565 890 bona,

208 928 366 980 πόθον
396 931 488 978 καὶ
520 923 780 993 σπουδήν,
809 931 900 979 καὶ
929 923 1122 1000 δρόμον
1154 929 1243 977 καὶ
1282 923 1474 996 ἀγῶνα,
1515 927 1605 975 καὶ
1634 926 1801 973 πᾶσαν

1974 933 2100 990 Lque
2130 920 2325 990 majus
2355 919 2737 986 desiderium,
2767 918 3053 983 studium,
3087 934 3351 982 cursum,
3385 922 3567 972 certa-

214 1013 394 1090 ἀρετῆς
445 1017 794 1082 κατάστασιν,
851 1020 940 1068 καὶ
989 1022 1188 1082 πεῖναν,
1247 1018 1337 1066 καὶ
1394 1009 1579 1082 δίψαν,
1639 1011 1707 1064 εἰς
1749 1012 1807 1062 τὸ

1974 1024 2075 1073 ten,
2112 1025 2352 1064 omnem
2380 1009 2608 1065 virtutis
2647 1013 2890 1076 statum,
2941 1007 3198 1062 esuriem
3226 1012 3281 1062 et
3311 1006 3467 1062 sitim
3489 1006 3567 1064 ad

216 1104 406 1177 ἀγαθὸν
469 1105 730 1180 ὁσημέραι
779 1107 1126 1178 προστίθησι,
1184 1107 1256 1175 μή
1316 1101 1666 1174 χαυνούμενος
1705 1100 1804 1151 ὑπὸ

1974 1113 2142 1153 )num
2168 1099 2429 1170 quotidie
2452 1097 2722 1169 apponit,
2777 1112 2900 1152 non
2934 1097 3126 1152 factus
3165 1095 3477 1151 remissior
3531 1111 3567 1151 a

209 1202 304 1246 τῶν
353 1201 448 1254 τῆς
505 1199 694 1256 κακίας
744 1193 1008 1268 λογισμῶν
1064 1202 1162 1246 τῶν
1213 1196 1463 1244 συνόντων
1507 1197 1568 1263 τῇ
1625 1188 1802 1260 ψυχῇ,

1982 1185 2143 1243 alitia
2160 1187 2585 1258 cogitationum
2600 1186 3262 1254 animaajnhaerentium,
3281 1191 3339 1240 et
3356 1185 3415 1239 in
3430 1200 3543 1239 con
3555 1214 3570 1226 -

203 1287 294 1334 καὶ
350 1282 420 1344 εἰς
473 1282 770 1358 ὀλιγωρίαν,
835 1287 923 1336 καὶ
966 1280 1412 1354 ἀνυπομονησίαν,
1467 1284 1556 1332 καὶ
1586 1277 1796 1330 ἀπελπι-

1977 1282 2229 1346 mptum,
2252 1275 2687 1346 impatientiam
2715 1289 2786 1330 ac
2802 1273 3287 1344 desperationem
3314 1287 3565 1328 conver-

203 1375 342 1444 σμόν
394 1370 777 1446 ἐκτρεπόμενος,
839 1372 866 1432 ἣ
933 1371 1084 1424 πάλιν
1130 1372 1388 1443 προφάσει
1440 1370 1796 1442 μακροθυμίας

1972 1379 2020 1417 is
2052 1379 2064 1417 :
2087 1369 2188 1420 aut
2203 1369 2430 1430 contra,
2447 1370 2733 1436 praetextu
2750 1361 3246 1434 longanimitatis,
3273 1360 3561 1416 socordia;

199 1461 268 1521 εἰς
287 1463 568 1532 χαύνωσιν
614 1459 790 1514 ἑαυτὸν
823 1457 1083 1534 ἓπιδώσῃ,
1136 1459 1373 1532 λογισμῷ
1416 1461 1631 1529 τοιούτῳ
1662 1461 1792 1529 χρώ·

1974 1471 1981 1504 ε
1997 1451 2191 1523 ipsum
2205 1452 2511 1520 dedat,hac
2525 1453 2880 1526 cogitatione
2895 1467 3301 1522 usus,nempe,
3319 1450 3567 1516 Quando

196 1569 376 1622 μενος,
406 1552 471 1610 ὡς
501 1551 582 1602 ὃτι
622 1548 763 1604 Ὀτε
817 1547 1063 1609 δήποτε
1110 1549 1409 1623 λαμϐάνω
1465 1552 1570 1606 τήν
1610 1548 1789 1618 χάριτ

1975 1544 2519 1614 ιηεεᾳυανρναῑίανη
2536 1543 2682 1598 Dei?
2696 1542 2835 1598 inde
2857 1541 2932 1597 ad
2951 1541 3376 1613 negligentiam
3391 1554 3568 1596 ama-

196 1647 309 1690 τοῦ
339 1646 505 1693 Θεοῦ
527 1655 542 1706 ;
572 1638 844 1693 κάντεῦθεν
869 1639 943 1702 εἰς
963 1638 1198 1712 ἀμέλειαν
1229 1640 1328 1692 ὑπὸ
1351 1646 1445 1700 τῆς
1469 1641 1654 1698 κακίας
1677 1636 1789 1687 ὑπο·

1973 1630 2035 1684 ;ia
2066 1631 2402 1703 subreptus.
2463 1638 2531 1687 At
2572 1647 2708 1687 vero
2756 1635 2984 1702 quanto
3044 1630 3237 1699 magis
3281 1628 3566 1684 Dominus

196 1727 561 1800 κλεπτόμενος.
623 1727 756 1780 Ἀλλ’
802 1727 876 1800 ἑφ⁹
925 1729 1045 1781 ὅσον
1085 1731 1241 1789 αὐτὸς
1289 1729 1312 1780 ὁ
1365 1730 1555 1801 Κύριος
1594 1721 1688 1778 διὰ
1715 1730 1789 1782 τῆι

1967 1734 2040 1774 μεθ
2067 1719 2398 1776 differendo
2428 1720 2828 1789 longaninum
2859 1735 2921 1774 se
2948 1724 3189 1790 praestat
3233 1733 3378 1788 erga
3399 1733 3560 1780 eum,

202 1792 463 1878 ἀναϐολής
538 1792 866 1893 μακροθυμίί
929 1817 1006 1870 ἐπ’
1083 1817 1243 1888 αύτῷ,
1334 1792 1634 1888 δοκιμάζων
1709 1818 1795 1872 τήν

1968 1808 2270 1864 raminans
2299 1809 2482 1865 ﬁdem
2509 1826 2578 1865 ac
2608 1808 2983 1864 dilectionem
3039 1807 3362 1863 voluntatis
3393 1806 3522 1877 ejus
3547 1824 3561 1873 ;

207 1911 378 1958 πίστιν
436 1910 528 1958 καὶ
570 1910 666 1964 τήν
727 1905 936 1978 ἀγάπην
985 1914 1076 1959 τοῦ
1119 1906 1402 1979 θελήματος
1435 1906 1617 1969 αὐτοῦ,
1651 1904 1800 1964 αὐτὸς

1973 1905 2081 1954 .nto
2110 1898 2322 1963 acrius,
2359 1903 2523 1954 tanto
2562 1898 2921 1967 diligentius,
2975 1897 3272 1952 irremisse
3303 1911 3372 1952 ac
3403 1895 3566 1951 inde-

205 1993 474 2067 ὀξυτέρως,
533 2000 622 2047 καὶ
652 1997 1048 2068 ἱκπονεστέρως,
1116 2001 1207 2048 καὶ
1265 1992 1532 2059 ἁνενδεώς,
1565 1999 1653 2046 καὶ
1682 1991 1798 2045 ἁπε-

1977 1986 2292 2060 tigabiliter
2315 1988 2616 2064 inquirere
2633 1987 2808 2043 debet
2832 1987 3059 2042 donum
3087 1987 3206 2050 Dei,
3233 1985 3417 2041 semel
3448 2000 3568 2040 cre-

195 2088 493 2157 ρικακήτως
565 2083 751 2156 ὀφείλει
811 2087 984 2148 ζητεῖν
1053 2089 1146 2144 τὴν
1213 2081 1412 2158 δωρεὰν
1481 2091 1572 2136 τοῦ
1643 2090 1788 2146 Θεοῦ,

1974 2093 2082 2143 ms,
2125 2094 2192 2133 ac
2213 2084 2374 2135 certa
2397 2078 2618 2134 ﬁducia
2644 2077 2754 2134 sibi
2777 2077 3150 2149 persuadens
3188 2077 3380 2134 Deum
3406 2090 3567 2130 men-

191 2172 336 2237 ᾶπαξ
402 2177 760 2235 πεπιστευκὼς
841 2178 930 2226 καὶ
1008 2174 1413 2249 πληροφορήσας
1465 2173 1666 2239 ἑαυτὸν,
1721 2174 1778 2225 ὅτ

1972 2168 2064 2223 icii
2098 2176 2398 2240 expertem
2427 2184 2498 2224 ac
2528 2183 2801 2224 veracem
2845 2182 3000 2230 esse,
3050 2167 3154 2237 qui
3207 2165 3478 2238 promisit
3504 2179 3565 2219 se

189 2265 321 2324 Θεὸς
377 2259 620 2334 ἀψευδής
693 2267 782 2316 καὶ
837 2262 1076 2326 ἀληθινός
1143 2263 1304 2330 ἐστιν,
1373 2262 1782 2335 ἐπαγγειλάμενοθ

1968 2261 2188 2313 ituram
2225 2259 2477 2330 gratiam
2535 2273 2709 2313 suam
2755 2257 2814 2310 in
2871 2255 2990 2310 ﬁde
3025 2271 3159 2311 eam
3200 2253 3561 2327 petentibus,

186 2347 412 2404 διδόναι
440 2359 548 2412 τοῖς
603 2354 736 2425 μετὰ
788 2357 1011 2414 πίστεως
1075 2352 1284 2406 αἰτοῦσι
1330 2357 1425 2411 τήν
1454 2355 1616 2426 χάριν
1641 2355 1779 2405 αὐτοι

1535 2372 1616 2426 ριν
1641 2355 1798 2405 αὐτοῦ
1913 2361 2101 2418 usque
2142 2346 2222 2402 ad
2259 2345 2439 2402 ﬁdem
2459 2363 2598 2403 cum
2620 2345 2788 2402 omni
2819 2344 3127 2418 patientia.

182 2439 282 2502 ἕως
318 2439 524 2509 τέλους,
551 2439 600 2492 ἐν
629 2441 775 2514 πάσῃ
807 2442 1065 2514 ὑπομονῇ.

257 2566 333 2621 Δ’.
369 2573 499 2628 Ταῖς
547 2569 649 2642 γὰρ
701 2576 914 2631 πισταῖς
959 2568 1165 2641 ψυχαῖς
1215 2572 1407 2632 πιστὸς
1458 2573 1548 2622 καὶ
1599 2568 1798 2634 ἀληθής

1982 2563 2070 2617 IV.
2104 2561 2331 2618 Fideles
2349 2561 2510 2618 enim
2529 2561 2744 2617 animm
2775 2558 3015 2616 ﬁdelem
3034 2576 3102 2615 ac
3125 2573 3400 2615 veracem
3441 2555 3561 2613 exi-

181 2659 402 2728 ἡγεῖται
433 2657 460 2708 ό
485 2659 633 2720 Θεὸς,
666 2661 757 2710 καὶ
805 2656 1133 2731 ίσφράγισαν
1181 2660 1262 2711 ὅτι
1310 2657 1502 2720 ἀληθής
1541 2658 1673 2724 ἐστι,
1705 2680 1774 2713 κα

1966 2651 2154 2707 imant
2177 2652 2386 2718 Deum,
2407 2656 2462 2708 et
2487 2651 2961 2722 obsignaverunt,
3006 2649 3166 2720 quod
3192 2663 3372 2706 verax
3385 2646 3456 2703 sit
3489 2649 3558 2716 9°,

184 2749 252 2798 τὰ
287 2749 381 2798 τὸν
415 2743 583 2804 ἀληθῆ
615 2744 786 2818 λόγον.
846 2747 1171 2809 Ἀκολούθως
1207 2747 1294 2801 οὖν
1341 2755 1402 2820 τῇ
1449 2754 1777 2824 προειρημένῃ

1968 2755 2160 2795 ;verus
2193 2757 2390 2796 sermo
2413 2741 2710 2812 perhibet.
2742 2738 3374 2811 Consequenterigitur
3385 2736 3561 2808 juxta

184 2844 282 2895 τῆς
339 2839 567 2895 πίστεως
631 2837 796 2909 ἓννοίᾳ
859 2835 1224 2910 ἀνακρίνουσιν
1304 2837 1505 2904 ἑαυτὰς,
1560 2838 1609 2890 ἓν
1657 2844 1777 2892 τίσιτ

1968 2829 2252 2885 ’ωαὶοιειω
2283 2830 2421 2884 ﬁdei
2449 2829 2725 2885 notitiam
2751 2827 3083 2898 dijudicant
3113 2843 3176 2882 se
3207 2827 3392 2898 ipsas,
3416 2841 3561 2897 qua-

189 2926 478 2999 ύστεροῦσι
525 2928 584 2976 τό
637 2926 757 2978 ὅσον
797 2925 850 2989 ἒξ
911 2926 1101 2991 αὐτῶν,
1163 2927 1192 2986 ἦ
1252 2931 1408 2999 πόνῳ,
1465 2932 1496 2988 ἦ
1539 2927 1782 3000 ὰγῶνι,ἣ

1963 2935 2036 2972 un
2068 2935 2267 2974 rerum
2300 2918 2567 2989 inopiam
2600 2918 2921 2989 patiantur,
2955 2922 3253 2988 quantum
3283 2919 3556 2986 possunt,

202 3010 430 3086 σπονδῇ,
489 3017 521 3072 ἣ
563 3019 759 3081 πίστει,
809 3018 840 3073 ή
891 3014 1093 3089 ἀγάπη,
1126 3018 1155 3076 ή
1196 3025 1259 3089 τῇ
1291 3017 1443 3090 λοιπῇ
1477 3026 1576 3070 τῶν
1603 3017 1794 3094 ἀρετῶν

1965 3023 2027 3062 ve
2057 3007 2283 3072 labore,
2321 3006 2444 3062 sive
2475 3007 2817 3071 certamine,
2851 3006 2975 3061 sive
3005 3004 3223 3074 studio,
3269 3005 3394 3060 sive
3419 3003 3558 3059 ﬁdei

201 3106 518 3156 καταστάσει
551 3121 564 3134 ⁸
605 3109 696 3156 καί
735 3103 1107 3179 ἁνακρίνουσαι
1162 3105 1210 3158 ἐν
1259 3109 1402 3180 πάση
1454 3105 1692 3182 ἀκριϐείᾳ
1719 3108 1794 3161 λε-

1963 3113 2028 3152 ve
2059 3097 2394 3162 dilectione,
2440 3097 2561 3151 sive
2600 3095 2829 3167 reliqua
2850 3094 3134 3150 virtutum
3174 3093 3299 3150 acie
3328 3111 3340 3146 :
3366 3099 3423 3148 et
3452 3093 3555 3157 ub,

194 3195 468 3256 πτότητος,
502 3190 795 3265 βιάζονται,
838 3195 936 3252 ὅση
978 3191 1219 3267 δύναμις,
1270 3201 1360 3249 καὶ
1420 3198 1688 3269 ἄγχουσιν
1727 3199 1787 3260 εἰς

1963 3207 1970 3241 ι
2001 3187 2396 3242 examinarint
2425 3185 2674 3240 omnino
2689 3188 2964 3240 accurate
2990 3188 3047 3239 et
3071 3182 3378 3250 subtiliter,
3397 3199 3556 3240 com-

185 3285 281 3339 τήν
312 3281 663 3354 εύαρίστησιν
693 3289 784 3335 τοῦ
833 3288 1048 3357 Κυρίου,
1099 3283 1240 3348 ἅπαξ
1285 3288 1664 3353 πιστεύσασαι,
1713 3289 1778 3340 ὅτι

1962 3276 2151 3337 allunt,
2172 3291 2279 3346 pro
2298 3273 2543 3339 viribus,
2573 3279 2750 3345 atque
2775 3272 3027 3343 adigunt
3051 3287 3113 3328 se
3136 3270 3300 3342 ipsas
3313 3271 3390 3327 ad
3403 3271 3555 3328 bene

177 3372 204 3424 ὁ
259 3375 394 3432 Θεὸς
449 3369 651 3434 ἀληθής
695 3371 764 3423 ὧν
811 3371 869 3425 ού
929 3379 1173 3447 στερήσει
1224 3382 1320 3436 τῆς
1356 3383 1449 3427 τοῦ
1500 3379 1764 3439 [ινεύματο

1967 3365 2263 3422 acendum
2300 3365 2551 3420 Domino
2581 3382 2597 3434 ;
2645 3362 2871 3435 quippe
2901 3377 3038 3433 qua:
3081 3360 3261 3417 semel
3296 3361 3555 3418 credide-

179 3455 393 3534 δωρεᾶς
440 3459 622 3526 αὑτὰς,
681 3460 726 3514 εἰ
777 3465 1166 3535 παραμείνωσιν
1203 3464 1295 3525 ἓως
1344 3463 1517 3526 τέλους
1565 3465 1635 3526 εἰς
1699 3471 1772 3524 τήτ

1962 3462 2041 3512 int
2070 3455 2278 3518 Deum,
2309 3455 2415 3526 qui
2465 3468 2646 3508 verax
2705 3455 2812 3516 est,
2871 3466 2993 3507 non
3027 3451 3397 3521 privaturum
3455 3465 3555 3505 eas

178 3553 314 3623 πρὸς
375 3548 535 3601 αὐτόν
565 3545 660 3602 διὰ
713 3553 886 3612 πάσης
925 3549 1162 3613 σπουδῆς
1192 3552 1426 3625 λατρείαν
1456 3561 1545 3608 καὶ
1598 3555 1766 3627 ἁναμο

1961 3560 2064 3600 )no
2085 3544 2358 3616 Spiritus,
2384 3543 2443 3598 in
2483 3539 3136 3614 permanseriutusque
3172 3538 3248 3594 ad
3285 3538 3466 3594 ﬁnem
3494 3539 3554 3594 in

178 3643 288 3708 τήν,
358 3637 492 3689 ἀλλὰ
568 3639 1056 3702 καταξιωθήσονται
1107 3650 1202 3703 τῆς
1253 3643 1490 3715 οὐρανίου
1548 3647 1768 3717 χάριτος

1962 3633 2064 3688 iltu
2078 3639 2256 3704 atque
2270 3632 2708 3704 exspectatione
2733 3646 2869 3684 cum
2893 3629 3055 3684 omni
3087 3629 3412 3700 diligentia,
3448 3628 3555 3684 sed

173 3730 248 3789 ὡς
292 3731 374 3780 ἔτι
403 3725 455 3778 ἐν
498 3732 655 3801 σαρκὶ
702 3731 1091 3801 τυγχάνουσαι,
1147 3736 1236 3784 καὶ
1278 3741 1374 3794 τῆς
1411 3733 1620 3787 αἰωνίου
1653 3735 1758 3796 ζωή

1967 3738 2114 3792 gnas
2153 3738 2216 3777 se
2263 3725 2602 3792 reputatum
2635 3719 2703 3774 iri
2731 3718 2946 3774 cmlesti
2996 3719 3208 3788 gratia,
3245 3723 3306 3772 ut
3353 3717 3552 3773 adhuc

168 3816 476 3879 τεύξονται.
1901 3811 1962 3867 in
1989 3827 2166 3866 carne
2188 3811 2526 3874 existentes,
2555 3813 2733 3880 atque
2764 3807 2945 3863 vitam
2999 3817 3282 3863 aeternam
3339 3822 3553 3862 conse-

1901 3905 2163 3956 cuturas.

253 4011 332 4067 E'.
395 4017 496 4066 Καὶ
553 4013 717 4075 οὕτως
763 4021 996 4068 κινοῦσιν
1063 4015 1183 4073 ὅλην
1234 4021 1323 4075 τὴν
1370 4017 1578 4090 ἀγάπην
1621 4019 1789 4073 αὐτῶν

1971 4027 2032 4079 ν.
2063 4030 2248 4097 Atque
2265 4024 2380 4079 hoc
2403 4027 2576 4095 pacto
2604 4026 2768 4077 mota
2788 4021 2954 4077 omni
2998 4019 3312 4075 dilectione
3332 4034 3443 4074 sua
3472 4018 3551 4074 ad

169 4105 322 4175 πρὸς
377 4105 466 4154 τὸν
536 4106 744 4177 Κύριον,
823 4105 1178 4180 ἁρνησάμεναι
1242 4109 1430 4174 πάντα,
1490 4113 1578 4162 καὶ
1633 4110 1759 4162 αὐτὸ

1958 4115 2243 4184 ominum,
2293 4112 2741 4184 repudiatisque
2795 4109 3099 4176 omnibus,
3154 4125 3292 4163 eum
3355 4106 3551 4164 solum

164 4197 342 4264 μόνον
393 4193 441 4242 ἓν
487 4191 647 4265 πολλῇ
707 4195 976 4267 ἒπιθυμίᾳ,
1037 4200 1126 4248 καὶ
1151 4199 1299 4269 πείνη
1340 4202 1430 4249 καὶ
1456 4193 1602 4269 δίψει
1628 4219 1757 4274 προσ

1958 4219 2144 4258 immo
2176 4202 2492 4271 desiderio,
2524 4201 2720 4256 esurie
2750 4205 2808 4255 et
2834 4199 2929 4254 siti
2959 4202 3344 4271 exspectant;
3373 4203 3430 4252 et
3459 4211 3551 4252 re-

170 4277 456 4345 δοκὼσαι,
512 4284 600 4333 καὶ
651 4285 746 4340 τὴν
817 4280 1110 4335 ἀνάπαυσιν
1167 4289 1256 4336 καὶ
1304 4286 1629 4360 παράκλησιν
1694 4295 1756 4348 τῆ

1959 4293 2260 4348 ’θείίοιιεω
2284 4296 2341 4347 et
2361 4289 2827 4347 consolationem
2853 4290 3057 4362 gratiae
3085 4294 3372 4360 perpetuo
3401 4302 3552 4358 prae-

166 4371 417 4444 χάριτος
479 4365 823 4442 ἐκδεχόμεναι
869 4365 1103 4424 πάντοτε
1132 4378 1221 4425 και
1251 4373 1334 4425 ἐπὶ
1374 4372 1562 4447 μηδενὶ
1605 4379 1759 4429 τούτο

1959 4382 2210 4446 olantes,
2234 4382 2291 4436 in
2325 4380 2494 4438 nulla
2513 4396 2575 4435 re
2604 4380 2786 4450 hujus
2837 4378 3047 4434 mundi
3076 4377 3549 4434 consolationem

166 4465 281 4512 τοῦ
328 4461 534 4528 κόσμου
585 4458 1056 4532 παρακαλούμεναι,
1111 4467 1196 4513 καὶ
1250 4462 1653 4536 ἀναπαυόμεναι,
1700 4485 1759 4517 κα

1955 4471 2204 4543 :cipiunt
2224 4475 2282 4525 et
2301 4470 2701 4542 requiescunt,
2733 4485 2802 4524 ac
2832 4467 2984 4524 ultro
3015 4467 3211 4537 ligatas
3239 4473 3410 4522 sunt:
3446 4464 3548 4522 sed

167 4545 547 4618 δεσμούμεναι
622 4547 916 4610 ἑκουσίως·
974 4549 1100 4602 ἀλλὰ
1156 4553 1370 4606 πάντοτε
1425 4562 1529 4615 τοῖς
1594 4554 1760 4607 ὑλικοῑ

1956 4559 2118 4616 'assis
2151 4575 2386 4630 semper
2406 4556 2864 4628 cogitationibus
2890 4554 3549 4623 contradicentes,auxi-

163 4636 466 4708 λογισμοῖς
514 4634 898 4708 ἁντιλέγουσαι,
940 4643 1034 4697 τὴν
1088 4648 1178 4692 τοῦ
1223 4649 1356 4694 Θεοῦ
1395 4641 1644 4714 βοήθειαν
1701 4665 1756 4696 κο

1953 4665 2042 4702 um
2068 4655 2246 4720 atque
2265 4648 2809 4704 remunerationem
2825 4647 3159 4702 Deitantum
3179 4649 3546 4717 exspectant,

166 4723 466 4796 ἀντίληψιν
521 4729 675 4797 μόνον
727 4723 1120 4800 προσδοκῶσιν,
1188 4731 1340 4784 ὁπότε
1391 4739 1505 4794 ταῖς
1544 4737 1757 4792 τοίαύτη

1969 4740 2012 4808 ι
2025 4737 2080 4810 4
2094 4754 2232 4792 cum
2248 4736 2591 4808 bujusmodi
2606 4735 2826 4798 studio,
2844 4736 3165 4791 intentione
3179 4750 3249 4789 ac
3263 4734 3548 4804 patientia

169 4810 435 4872 σπουδήν
463 4819 552 4866 καὶ
604 4821 906 4890 προαίρεσιν
936 4823 1026 4870 καὶ
1073 4820 1335 4891 ὑπομονήν
1376 4818 1760 4895 ἀναδεχομέναι

1959 4827 2156 4882 'teditis
2169 4825 2384 4881 animis
2401 4826 2526 4896 ipse
2546 4824 2972 4894 Dominusjam
2987 4822 3214 4879 occulte
3229 4823 3549 4893 adsit,sup-

169 4904 402 4975 ψυχαῖς
457 4902 610 4964 αὐτὸς
661 4905 688 4956 ὁ
735 4908 926 4978 Κύριος
969 4902 1074 4966 ἠδη
1131 4918 1367 4982 κρυπτῶς
1427 4913 1657 4978 σύνεστι,
1698 4933 1762 4965 κα

1954 4916 2089 4971 atias
2119 4915 2284 4980 ferat,
2317 4920 2623 4970 conservet
2652 4919 2708 4969 et
2734 4913 3284 4968 suffulciatomnem
3315 4911 3547 4966 virtutis

169 4992 399 5068 βοηθεῖ,
453 4995 542 5043 καὶ
608 4988 961 5066 διαφυλάττει,
1018 5001 1108 5049 καὶ
1162 4998 1507 5071 ύποστηρίζει
1569 5002 1762 5055 ἕκαστοη

1955 5012 2153 5060 uotum
2192 5021 2202 5060 :
2237 5021 2306 5060 ac
2338 5003 2471 5059 licet
2518 5003 2574 5058 in
2623 5002 2826 5058 labore
2851 5009 2907 5058 et
2954 4999 3275 5057 afﬂictione
3322 5001 3458 5065 sint,
3495 5007 3548 5056 et

166 5090 281 5140 τῆς
308 5078 498 5154 ἀρετῆς
535 5087 732 5154 καρπὸν
759 5101 772 5114 ο
827 5085 921 5135 κᾶν
976 5083 1024 5136 ἕν
1069 5091 1207 5157 πόνῳ
1245 5092 1334 5140 καὶ
1376 5088 1546 5160 θλίψει
1576 5094 1759 5162 τυγχάη

1989 5093 2327 5162 cognitione
2352 5092 2606 5148 veritatis
2633 5098 2688 5148 et
2719 5091 3110 5147 illustratione
3136 5089 3374 5158 animae,
3402 5103 3549 5144 non-

163 5188 333 5234 νωσι,
414 5170 511 5221 κάν
561 5169 610 5221 ἐν
663 5173 938 5243 ἐπιγνώσει
1015 5172 1279 5240 ἀληθείας,
1357 5184 1447 5230 καὶ
1505 5185 1756 5252 φανερώσι

1955 5199 2041 5238 im
2073 5189 2271 5238 tamen
2299 5188 2631 5236 consecutae
2649 5187 2786 5236 sunt
2804 5180 3055 5250 gratiam
3082 5178 3356 5250 Spiritus,
3379 5193 3448 5233 ac
3462 5193 3548 5232 re-

169 5259 390 5329 ψυχῆς,
425 5255 635 5310 οὐδέπω
691 5263 998 5332 ἐκομίσαντο
1037 5268 1132 5321 τήν
1151 5266 1314 5338 χάριν
1348 5274 1438 5319 τοῦ
1468 5271 1760 5340 Πνεύματος

1949 5274 2256 5326 cntionem
2287 5269 2541 5326 ccclesiis
2563 5269 2727 5334 doni,
2757 5285 2865 5325 nec
2896 5268 2956 5323 in
2984 5267 3162 5339 plena
3187 5267 3302 5322 ﬁde
3329 5266 3542 5323 consti-

169 5353 272 5399 καὶ
335 5350 428 5406 τὴν
477 5347 774 5402 ἀνάπαυσιν
839 5358 934 5412 τῆς
982 5353 1290 5427 ἐπουρανίου
1333 5352 1553 5428 δωρεᾶς,
1594 5361 1683 5409 καὶ
1736 5357 1762 5409 ἒ

1952 5368 2033 5414 ΜΒ
2056 5364 2447 5432 perceperunt
2495 5375 2652 5426 eam,
2682 5362 2926 5429 propter
2982 5371 3271 5412 arcanam
3313 5354 3545 5426 sapien-

168 5436 510 5510 πληροφορίᾳ
562 5437 656 5490 ούκ
693 5439 917 5512 ᾖσθοντο
957 5445 1148 5502 ταύτης
1208 5440 1302 5495 διὰ
1353 5449 1444 5504 τήν
1505 5453 1596 5498 τοῦ
1647 5453 1761 5500 Θεοι

1952 5465 2059 5514 1m,
2103 5455 2157 5503 et
2185 5446 2855 5519 inenarrabiliajudicia
2871 5447 2989 5514 Dei,
3023 5446 3124 5518 qui
3152 5445 3329 5500 variis
3350 5443 3545 5500 modis

173 5525 408 5600 ἄρρητον
429 5531 637 5599 σοφίαν,
698 5536 789 5580 καὶ
839 5531 904 5582 τὰ
933 5527 1292 5603 ἁνεκδιήγητα
1329 5537 1578 5606 κρίματα,
1632 5533 1766 5588 δοκι-

1950 5537 2098 5593 leles
2137 5537 2370 5594 animas
2400 5537 2636 5609 probat,
2667 5542 2722 5592 et
2751 5535 3218 5592 dilectionemex
3240 5533 3543 5592 voluntate

263 5679 313 5713 “
341 5678 514 5736 Joan.
552 5695 640 5747 ιιι,
669 5684 755 5738 33.
