4076 6210
546 273 649 328 719

1850 280 1906 334 S.
1947 276 2247 335 MACARII
2284 275 2596 332 A‘JGYPTII
3764 274 3851 330 720

543 406 599 458 et
644 403 949 475 proposito
998 407 1348 463 manantem
1396 406 1679 463 intuetur.
1730 405 1986 463 Termini
2030 404 2192 461 enim

2317 402 2558 464 εάζοντος
2604 398 2864 474 διαφόρως
2925 400 3013 460 τὰς
3061 398 3409 458 πιστευούσας
3458 395 3651 469 ψυχας,
3695 402 3771 450 καὶ
3796 397 3856 460 εἰς

543 490 791 563 quidam
813 496 969 558 sunt,
1004 509 1302 551 mensura:
1333 511 1402 551 ac
1431 496 1687 561 trutinas,
1707 495 2196 551 liberaeintentio-

545 579 661 649 nis,
685 584 740 636 et
766 581 1113 639 voluntarias
1127 582 1479 649 dilectionis,
1501 591 1678 657 atque
1701 584 2030 641 affectionis
2053 599 2198 654 erga

544 668 751 726 omnia
776 677 983 728 sancta
1022 671 1152 743 ejus
1183 674 1490 739 mandata,
1524 680 1818 747 quantum
1870 673 2029 731 licet.
2069 673 2197 741 Quo

544 757 628 823 ﬁt,
660 763 721 813 ut
748 760 987 829 animm,
1019 776 1156 833 quas
1212 761 1465 834 implent
1518 763 1739 819 amoris
1794 769 1972 835 atque
2022 762 2200 819 ofﬁcii

548 848 637 902 sui
668 863 1035 916 mensuram,
1067 865 1253 922 regno
1279 867 1349 908 ac
1380 852 1503 910 vita
1528 858 1753 910 aeterna
1781 852 2011 909 idoneae
2039 852 2200 924 judi-

546 940 775 993 cantur.

622 1147 721 1205 VI.
748 1150 947 1205 Justus
976 1149 1139 1206 enim
1171 1153 1324 1208 Deus
1362 1158 1472 1218 est,
1500 1158 1557 1211 et
1574 1154 1736 1227 justa
1773 1154 2005 1227 judicia
2052 1156 2202 1227 ejus,

558 1250 754 1308 neque
782 1244 1084 1310 respectus
1105 1255 1497 1312 personarum
1524 1244 1688 1316 apud
1714 1260 1852 1301 eum
1881 1244 2035 1300 ullus
2059 1262 2073 1300 :
2099 1244 2204 1300 sed

548 1339 659 1396 pro
688 1325 872 1383 modo
891 1326 1477 1399 beneﬁciorum,sive
1499 1334 1915 1406 corporalium,
1935 1334 2060 1390 sive
2079 1335 2206 1405 spi-

547 1414 870 1482 ritualium,
891 1416 1014 1472 sive
1043 1420 1328 1489 scientias,
1351 1421 1474 1477 sive
1511 1422 1842 1480 intellectus
1861 1425 2019 1496 (quea
2056 1426 2209 1479 Deus

551 1507 777 1560 naturae
807 1520 1050 1578 quoque
1082 1509 1363 1566 humanae
1394 1512 1556 1568 varie
1576 1513 1810 1586 indidit)
1821 1513 2211 1587 judicaturus

552 1607 1071 1667 unumquemque,
1099 1596 1323 1655 fructus
1341 1600 1571 1657 virtutis
1601 1604 1876 1670 requiret.
1913 1610 1969 1658 et
1988 1621 2098 1676 pro
2124 1602 2213 1656 di-

551 1681 774 1751 gnitate
812 1684 1019 1740 reddet
1051 1688 1266 1759 cuique
1291 1689 1464 1759 juxta.
1495 1706 1680 1763 opera
1694 1693 1859 1763 ejus;
1892 1701 1974 1749 et:
2004 1697 2215 1751 Poten-

552 1774 633 1826 tes
654 1777 929 1841 potenter
958 1780 1257 1834 tormenta
1294 1780 1604 1849 patientur
1648 1784 1715 1836 ⁸⁷.
1745 1782 2018 1840 Minimus
2051 1785 2211 1840 enim

552 1862 723 1917 venia
746 1876 817 1919 ac
848 1863 1256 1925 misericordia
1282 1868 1521 1940 dignus.
1550 1874 1615 1927 Et
1642 1873 1928 1929 Dominus
1951 1874 2031 1929 ait
2050 1874 2213 1930 :Ser-

552 1964 675 2016 vus,
700 1954 806 2023 qui
828 1956 1101 2025 cognovit
1128 1958 1496 2016 voluntatem
1523 1962 1759 2018 Domini
1782 1962 1895 2030 sui,
1923 1969 1974 2019 et
2001 1979 2121 2019 non
2152 1979 2213 2021 se

549 2042 940 2111 praeparavit,
972 2059 1081 2101 nec
1100 2046 1250 2116 fecit
1308 2049 1631 2106 secundum
1663 2052 2032 2109 voluntatem
2063 2053 2209 2125 ejus,

552 2129 747 2199 plagis
773 2133 1085 2201 vapulabit
1106 2137 1331 2192 multis.
1360 2139 1472 2205 Qui
1491 2142 1686 2196 autem
1706 2156 1824 2197 non
1848 2142 2142 2213 cognovit,
2158 2147 2212 2198 et

548 2218 691 2288 fecit
721 2219 907 2291 digna
927 2223 1139 2295 plagis,
1156 2228 1467 2296 vapulabit
1490 2230 1720 2299 paucis.
1754 2230 1943 2287 Porro
1968 2232 2213 2287 cuicun-

553 2322 665 2379 que
694 2308 941 2365 multum
972 2311 1178 2369 datum
1209 2321 1309 2381 est,
1342 2317 1587 2373 multum
1613 2326 1915 2389 quaeretur
1940 2320 2016 2376 ab
2044 2335 2129 2385 eo,
2158 2326 2213 2376 et

554 2396 653 2453 cui
677 2400 1238 2459 commendaverunt
1256 2407 1532 2475 multum,
1556 2408 1697 2476 plus
1718 2413 1918 2479 petent
1945 2410 2021 2466 ab
2051 2424 2114 2466 eo
2139 2410 2209 2464 ⁸⁸.

555 2484 879 2543 Scientiam
908 2494 1109 2546 autem
1134 2496 1190 2547 et
1227 2493 1584 2550 intellectum
1610 2496 2006 2554 diversimode
2046 2498 2212 2554 intel-

555 2573 693 2647 lige,
715 2579 841 2631 tam
868 2578 1204 2637 secundum
1233 2583 1487 2651 gratiam
1510 2589 1567 2639 et
1586 2585 1816 2641 donum
1830 2587 2065 2643 cceleste
2085 2588 2208 2659 Spi-

556 2662 923 2735 ritus,quam
951 2670 1283 2726 secundum
1306 2675 1634 2729 naturalem
1650 2689 2033 2748 progressum
2048 2678 2209 2733 intel-

556 2750 741 2808 lectus
766 2759 822 2809 et
851 2754 1242 2825 discretionis,
1268 2765 1443 2833 atque
1466 2776 1497 2817 e
1515 2763 1697 2818 sacris
1743 2765 1972 2820 Litteris
2013 2768 2210 2838 profe-

559 2844 665 2897 ctae
691 2842 1095 2900 institutionis.
1123 2846 1212 2902 Ab
1253 2864 1621 2923 unoquoque
1651 2853 1807 2909 enim
1826 2860 2211 2927 reposcentur

560 2929 783 2987 fru'ctus
821 2933 1073 3001 virtutis,
1122 2952 1232 3009 pro
1257 2939 1437 2995 modo
1459 2957 1494 2995 a
1524 2941 1645 2998 Deo
1673 2942 1731 2998 in
1767 2959 1831 2999 se
1856 2942 2208 3002 collatorum

558 3018 1006 3089 beneﬁciorum,
1038 3025 1162 3082 sive
1189 3028 1578 3096 naturalium,
1612 3032 1733 3087 sive
1772 3048 1808 3088 a
1846 3033 2050 3089 divina
2077 3050 2209 3104 gra-

2305 496 2399 549 τήν
2436 489 2491 543 ἐκ
2548 490 2831 562 θελήματος
2882 492 2972 541 καὶ
3018 490 3363 561 προαιρέσεως
3419 485 3623 557 ἀγάπην
3659 484 3855 539 ἀποσκο-

2306 587 2538 640 ποῦντος.
2578 579 2731 654 Ὂροι
2794 580 2894 653 γὰρ
2941 581 3031 629 καὶ
3078 580 3243 649 μέτρα
3278 579 3368 627 καὶ
3401 577 3616 647 σταθμοὶ
3652 582 3736 637 τῆς
3762 575 3857 627 αὗτ-

2309 669 2547 732 εξουσίου
2602 671 2953 741 προαιρέσεως
3005 665 3127 731 εἱσι,
3182 670 3273 718 xui
3346 670 3437 717 τοῦ
3490 663 3754 736 θελήματος
3789 673 3861 725 τῆς

2311 758 2537 830 ἀγάπης,
2576 762 2665 810 καὶ
2705 765 2797 819 τῆς
2838 756 2909 819 εἰς
2963 757 3142 817 πάσας
3170 757 3259 816 τὰς
3288 753 3439 825 ἁγίας
3479 753 3632 805 αὐτοῦ
3678 752 3859 819 ἐντολὰς,

2312 848 2409 905 ὅση
2440 844 2664 919 δύναμις
2691 842 2995 906 διαθέσεως.
3054 848 3155 898 Καὶ
3197 842 3357 904 οὕτως
3421 840 3786 915 ἀναπληροῦσαι
3817 844 3862 895 αἱ

2312 935 2492 1007 ψυχαὶ
2522 937 2581 987 τὸ
2612 942 2705 996 τῆς
2740 932 2946 1006 ἀγάπης
2980 933 3150 987 αὐτῶν
3181 936 3273 985 καὶ
3326 931 3528 1004 ὀφειλῆς
3559 935 3746 1004 μέτρον,
3780 938 3856 993 τῆς

2317 1023 2588 1097 βασιλείας
2617 1028 2706 1077 καὶ
2734 1032 2825 1085 τῆς
2859 1023 3069 1076 αἰωνίου
3101 1022 3238 1084 ζωῆς
3267 1021 3647 1085 καταξιοῦνται.

2390 1148 2466 1213 ς·”.
2501 1154 2704 1211 Δίκαιος
2739 1150 2841 1221 γαρ
2898 1146 3040 1200 ἐστιν
3065 1150 3090 1200 6
3122 1150 3271 1213 Θεὸς,
3322 1150 3411 1199 καὶ
3459 1143 3641 1199 δίκαια
3682 1147 3741 1198 τὰ
3776 1150 3860 1217 κρίο

2316 1257 2458 1310 ματα
2484 1238 2664 1307 αὐτοῦ,
2704 1243 2793 1290 καὶ
2841 1236 3260 1311 προσωποληψία
3288 1235 3411 1309 παρ’
3451 1235 3588 1306 αὐτῷ
3614 1235 3702 1287 οὐκ
3737 1237 3858 1299 ἔστιν,

2319 1327 2446 1380 ἀλλά
2490 1330 2625 1380 κατὰ
2678 1326 2953 1399 ἀναλογίαν
3005 1336 3105 1379 τῶν
3160 1325 3483 1399 εὐεργεσιῶν,
3526 1328 3636 1383 ἦτοι
3675 1342 3857 1395 σωματισ

2320 1417 2503 1487 κῶν,ή
2558 1424 2936 1489 πνευματικῶν,
2991 1420 3110 1474 ἤτοι
3155 1420 3414 1487 γνώσεως,
3460 1418 3576 1472 ἦτοι
3633 1417 3854 1473 συνέσεως,

2321 1511 2350 1565 ἧ
2387 1502 2715 1580 διακρίσεως,
2787 1506 2821 1558 ά
2865 1510 2954 1558 καὶ
3009 1504 3057 1557 ἐν
3110 1512 3171 1578 τῇ
3234 1506 3385 1577 φύσει
3432 1511 3528 1557 τῶν
3578 1502 3859 1575 ἀνθρώπωνό

2323 1598 2448 1656 Θεὸς
2508 1592 2769 1668 διαφορως
2827 1595 3081 1660 ἐνέθηκεν,
3137 1596 3353 1647 ἕκαστον
3401 1597 3585 1668 κρίνων
3635 1594 3740 1652 τοὺς
3771 1609 3863 1663 καρ-

2321 1688 2447 1746 ποὺς
2476 1692 2570 1746 τῆς
2597 1683 2781 1757 ἀρετῆς
2831 1684 3161 1750 ἐπιζητήσει,
3207 1688 3295 1736 xui
3348 1682 3464 1735 κατ’
3511 1681 3651 1744 ἀξίαν
3699 1675 3862 1732 ἀποδώο

2246 1764 2285 1819 Β
2322 1793 2402 1827 σει
2431 1774 2632 1845 ἑκάστῳ
2657 1776 2793 1826 κατά
2814 1776 2879 1826 τὰ
2905 1776 3034 1847 ἔργα
3069 1773 3251 1839 αὐτοῦ,
3284 1776 3391 1825 καὶ
3423 1770 3684 1825 δυνατοὶ
3719 1766 3862 1822 Juva-

2318 1873 2430 1925 τῶς
2472 1866 2965 1923 ἑτασθήσονται.
3013 1863 3071 1916 ¢0
3103 1864 3202 1935 γαρ
3254 1860 3541 1933 ἐλάχιστος
3581 1862 3861 1932 συγγνωστός

2320 1953 2459 2006 ἐστιν
2489 1953 2652 2014 ἐλέους
2686 1973 2698 1986 ·
2728 1957 2815 2005 xui
2845 1955 2870 2005 6
2899 1956 3091 2025 Κύριος
3144 1952 3299 2023 λέγει,
3359 1950 3592 2012 Δοῦλος
3649 1950 3671 2001 6
3712 1950 3862 2019 γνοὺς

2320 2046 2388 2095 τὸ
2422 2042 2666 2115 θέλημα
2695 2049 2802 2095 τοῦ
2846 2040 3349 2114 κυρίουὲαυτοῦ,
3411 2043 3517 2091 καὶ
3554 2036 3861 2110 μὴὲτοιμά-

2322 2150 2456 2196 σας,
2501 2128 2669 2203 μηδὲ
2722 2136 3016 2193 ποιήσας
3066 2133 3228 2202 πρὸς
3283 2132 3350 2181 τὸ
3414 2127 3646 2200 θέλημα
3691 2124 3861 2186 αὐτοῦ,

2321 2217 2684 2295 δαρήσεται
2735 2219 3076 2283 πολλάς.Ὀ
3118 2216 3185 2272 δε
3238 2222 3319 2280 μή
3378 2221 3600 2291 Ἵνοὺς,
3640 2219 3864 2272 ποιήσας

2322 2306 2390 2363 δὲ
2446 2310 2597 2374 ἄξια
2644 2310 2921 2381 πληγῶν,
2983 2305 3349 2381 δαρήσεται
3434 2304 3859 2377 ὀλίγαςοπαντὶ

2322 2395 2388 2451 δὲ
2419 2396 2671 2470 ᾧὲδόθη
2705 2398 2882 2464 πολὺ,
2914 2397 3071 2451 πολὺ
3128 2398 3202 2458 ζη
3224 2401 3293 2454 τή
3314 2415 3503 2449 σεται
3531 2394 3660 2468 παρ’
3685 2391 3852 2450 αὐτοῦ,

2321 2487 2494 2560 καὶ
2543 2490 2697 2542 πολὺ
2736 2490 3106 2564 παρέθεντο,
3135 2491 3603 2559 περισσότερον
3640 2482 3854 2535 ἀπαιτέ-

2324 2598 2553 2631 σουσιν
2584 2578 2794 2634 αὐτὸν.
2827 2582 2933 2636 Τήν
2965 2574 3024 2630 δὲ
3065 2584 3260 2648 γνῶσιν
3288 2581 3388 2629 xui
3421 2578 3617 2628 σύνεσιν
3645 2569 3854 2643 διαφόρως

2319 2673 2441 2733 νόει,
2476 2671 2593 2727 ἤτοι
2622 2669 2756 2720 κατά
2779 2670 2940 2741 χάριν
2980 2670 3070 2718 καὶ
3118 2661 3260 2737 δομα
3284 2663 3585 2737 ἕπουράνιον
3620 2668 3695 2713 τοῦ
3730 2658 3850 2711 Πνεύ-

2318 2776 2500 2830 ματος,
2530 2761 2648 2815 ἤτοι
2678 2759 2812 2809 κατά
2833 2761 3060 2828 φυσικήν
3092 2753 3409 2807 ἀκολουθίαν
3434 2753 3705 2811 συνίσεωςῆ
3732 2743 3847 2798 tim-

2315 2852 2523 2922 ρίσεως,
2554 2852 2643 2899 καὶ
2671 2843 2764 2898 διὰ
2783 2854 2881 2898 τῶν
2912 2847 3056 2898 θείων
3079 2851 3292 2918 Γραφῶν
3323 2841 3657 2902 παιδεύσεως’
3675 2838 3841 2933 ἕκαστος

2315 2939 2416 3011 γὰρ
2459 2940 2575 2997 τοὺς
2620 2939 2854 3009 καρποὺς
2900 2933 3331 2992 ἀπαιτηθήσεται
3388 2942 3482 2995 τῆς
3532 2932 3698 3005 ἀρετῆς,
3736 2932 3843 2974 κατα

2318 3024 2591 3096 ἀναλογίαν
2622 3033 2720 3077 τῶν
2760 3025 2903 3098 παρά
2932 3030 3065 3076 Θεοῦ
3094 3025 3383 3094 γενομένων
3426 3022 3495 3084 εἰς
3526 3020 3656 3073 αὐτὸν
3695 3013 3845 3084 nisini.

559 3108 643 3165 tia
682 3126 1134 3171 concessorum.
1210 3119 1636 3175 Inexcusabilis
1690 3136 1831 3192 ergo
1870 3129 1958 3179 est
2013 3126 2208 3180 omnis

2320 3123 2465 3178 σιῶν,
2495 3118 2613 3173 ήτοι
2642 3121 2896 3187 φυσικῶν,
2937 3114 3056 3173 ἦτοι
3087 3112 3142 3164 ἐκ
3184 3114 3331 3172 θείας
3359 3113 3574 3185 χάριτος
3601 3102 3847 3192 δεδομένωγο

565 3198 751 3256 homo
783 3202 945 3273 apud
973 3203 1158 3260 Deum
1181 3206 1238 3261 in
1267 3206 1361 3263 die
1386 3208 1617 3279 judicii.
1666 3216 1710 3265 A
1736 3211 2002 3283 quolibet
2026 3215 2204 3280 enim,

567 3287 743 3344 drout
780 3290 966 3358 novit,
1007 3292 1232 3349 fructus
1287 3296 1446 3363 ﬁdei,
1508 3303 1563 3354 et
1618 3298 1972 3369 dilectionis,
2033 3308 2212 3375 atque

564 3377 762 3433 omnis
791 3378 904 3435 sibi
934 3395 1233 3438 concessas
1262 3384 1513 3452 virtutis,
1538 3387 1882 3444 intentionis
1914 3406 1983 3446 ac
2007 3391 2212 3446 volun-

563 3466 700 3521 tatis
749 3467 977 3524 ratione
1034 3470 1257 3538 habita,
1286 3473 1571 3531 restitutio
1622 3477 1901 3547 exigetur,
1951 3480 2072 3536 sive
2112 3497 2215 3536 au-

564 3554 691 3611 ditu
723 3558 1071 3630 perceperit,
1103 3560 1225 3617 sive
1274 3577 1588 3635 nunquam
1619 3566 1870 3623 verbum
1923 3569 2018 3624 Dei
2051 3570 2215 3626 audi-

564 3644 737 3701 verit.

635 3773 749 3828 Vll.
780 3775 995 3832 Anima
1024 3777 1183 3833 enim
1213 3778 1428 3846 ﬁdelis,
1461 3796 1533 3837 ac
1555 3782 1816 3839 veritatis
1866 3799 2102 3851 amans,
2132 3787 2218 3843 in-

565 3867 736 3920 tuens
761 3868 983 3923 aeterna
1008 3865 1172 3923 bona
1194 3868 1368 3939 justis
1398 3872 1679 3943 reposita,
1707 3877 1890 3945 atque
1916 3875 2218 3933 ineﬂabile

565 3960 829 4010 ventum
858 3955 1063 4026 gratias
1116 3956 1333 4014 divinae
1377 3958 1757 4031 beneﬁcium,
1800 3979 1860 4019 se
1891 3964 2110 4036 ipsam,
2147 3981 2217 4022 ac

563 4042 829 4101 studium
862 4061 1057 4111 suum,
1092 4045 1359 4103 laborem
1392 4059 1571 4122 atque
1599 4050 2013 4120 fatigationem
2068 4054 2218 4110 indi-

564 4147 747 4202 gnam
774 4134 975 4190 statuit
1003 4137 1240 4191 arcanis
1270 4138 1771 4208 promissionibus
1797 4141 2069 4212 Spiritus.
2115 4144 2215 4199 Hic

558 4236 786 4293 pauper
796 4228 879 4277 est
889 4222 1303 4294 Spiritu,quem
1317 4225 1591 4282 Dominus
1607 4228 1837 4284 beatum
1848 4231 2216 4300 pradicat”:

561 4309 657 4365 hic
687 4312 868 4366 esurit
902 4316 958 4367 et
986 4312 1101 4368 sitit
1121 4314 1409 4383 justitiam
1435 4333 1447 4371 :
1474 4317 1567 4372 hic
1590 4322 1680 4373 est
1709 4319 1995 4374 contritus
2012 4321 2211 4376 corde.

560 4398 668 4464 Qui
714 4398 1062 4470 hujusmodi
1091 4401 1481 4461 intentionem
1531 4406 1883 4477 suscipiunt,
1925 4409 2210 4475 studium,

2321 3203 2731 3273 Ἀναπολὸγητος
2773 3208 2943 3255 τοίνυν
2969 3204 3082 3255 iuri
3107 3207 3204 3262 πᾶς
3253 3202 3531 3275 ἄνθρωπος
3552 3197 3679 3270 παρὰ
3705 3198 3794 3261 Θεῷ
3813 3206 3845 3239 η

2326 3296 2490 3368 ἡμέρᾳ
2527 3299 2741 3368 κρίσεως
2780 3308 2793 3320 ·
2852 3294 3071 3352 ἕκαστος
3108 3293 3207 3363 γαρ
3248 3291 3373 3344 καθ’
3404 3293 3429 3343 ὅ
3482 3293 3601 3362 ἔγνω
3627 3288 3733 3385 τοὺς
3764 3296 3842 3382 εαξ-

2324 3385 2448 3443 πούς
2506 3390 2598 3445 τῆς
2647 3386 2893 3446 πίστεως,
2945 3385 3033 3433 καὶ
3092 3379 3321 3452 ἀγάπης,
3380 3385 3468 3433 καὶ
3517 3378 3676 3435 πάσης
3716 3378 3844 3443 ἀρετῆς

2325 3480 2421 3532 τῆς
2444 3475 2573 3545 πρὸς
2603 3472 2777 3538 αὐτὸν,
2822 3471 2876 3523 ἐκ
2933 3472 3293 3544 προαιρέσεως
3350 3473 3435 3521 καὶ
3492 3457 3851 3557 θελήματος

2326 3540 2585 3614 αποδοσιν
2625 3560 3067 3626 ἀπαιτηθήσεται,
3102 3563 3217 3619 ἦτοι
3271 3555 3353 3611 δι’
3394 3557 3564 3621 ἀκοῆς,
3602 3558 3705 3613 ἦτοι
3731 3540 3853 3620 μηδέ·

2327 3670 2445 3704 ποτε
2472 3650 2621 3723 λόγον
2647 3649 2878 3713 ἀκούσας
2909 3657 3069 3707 Θεοῦ.

2396 3776 2473 3832 Ζ¹.
2530 3778 2942 3831 Ἀποσκοποῦσα
2986 3777 3087 3849 γὰρ
3126 3776 3155 3833 ἡ
3188 3773 3350 3845 ψυχὴ
3408 3774 3437 3831 ἡ
3484 3772 3636 3825 πιστὴ
3673 3767 3748 3817 καὶ
3780 3757 3859 3832 φιλ-

2328 3866 2522 3927 αλήθης
2580 3866 2646 3926 εἰς
2688 3869 2753 3918 τὰ
2782 3864 3094 3937 ἀποκείμενα
3123 3863 3314 3915 αἰώνια
3338 3862 3511 3934 ἀγαθὰ
3539 3864 3636 3917 τοῖς
3660 3851 3690 3907 δ
3695 3855 3859 3908 ικαίοις,

2326 3961 2417 4009 xui
2452 3956 2523 4018 εἰς
2580 3960 2672 4014 τήν
2720 3954 2945 4030 ἄρρητον
2992 3962 3088 4015 τῆς
3142 3951 3432 4024 μελλούσης
3475 3949 3719 4020 ἐπιφοιτᾲν
3756 3940 3859 3992 θείας

2326 4049 2550 4119 χάριτος
2609 4044 2922 4119 εὐεργεσίαν,
2978 4041 3189 4105 ἀναξίαν
3244 4041 3455 4105 ἑαυτήν,
3504 4041 3589 4090 xui
3629 4038 3712 4091 τήν
3741 4044 3863 4125 σπογ·

2328 4133 2427 4195 δήν
2457 4135 2636 4202 αὐτῆς,
2666 4140 2756 4186 xui
2807 4137 2981 4200 πόνον,
3019 4136 3108 4184 καὶ
3139 4133 3375 4202 κάματον
3418 4132 3616 4200 ἡγεῖται
3656 4130 3769 4195 πρὸς
3790 4130 3859 4208 ταξ

2327 4224 2583 4301 ἀρρήτους
2640 4223 2941 4295 ἐπαγγελίας
2998 4227 3090 4273 τοῦ
3141 4222 3455 4291 Πνεῦματος.
3509 4215 3664 4272 Οὗτός
3702 4213 3861 4261 ἱστίνθ

2324 4334 2581 4386 πτωχος
2607 4322 2686 4385 τῷ
2713 4315 3051 4384 πνεύματι,
3096 4312 3150 4362 ὅν
3203 4310 3230 4362 6
3279 4312 3465 4381 Κύριος
3496 4310 3835 4395 μακαριςξιι

2324 4404 2474 4464 οὗτός
2505 4403 2645 4455 ἐστιν
2672 4405 2697 4455 6
2714 4410 2895 4455 πεινῶν
2921 4405 3011 4453 xui
3035 4396 3205 4471 διψῶν
3241 4402 3332 4458 τήν
3357 4394 3682 4449 δικαιοσύνην
3706 4403 3719 4420 ⁸
3744 4397 3862 4436 ουτος

558 4485 826 4542 laborem
858 4503 927 4543 ac
957 4488 1323 4546 desiderium
1354 4492 1609 4559 virtutis,
1632 4499 1689 4549 et
1711 4494 1789 4549 ad
1815 4494 1998 4551 ﬁnem
2024 4513 2208 4570 usque

2324 4492 2463 4545 ἐστιν
2514 4496 2539 4545 ὁ
2607 4495 3035 4564 συντετριμμένος
3092 4492 3186 4547 τήν
3239 4483 3482 4561 καρδίαν.
3542 4483 3605 4534 Οἱ
3654 4488 3859 4530 reuma?

557 4573 619 4630 in
648 4590 718 4632 eo
750 4582 1124 4646 permanent,
1156 4579 1337 4636 vitam
1367 4587 1423 4637 et
1460 4598 1714 4652 regnum
1744 4590 2043 4641 internum
2080 4603 2211 4644 vere

556 4664 842 4737 consequi
874 4671 1169 4739 poterunt.
1204 4670 1285 4725 Ne
1316 4669 1493 4739 igitur
1518 4671 1655 4745 quis
1684 4672 1935 4730 fratrum
1967 4675 2210 4733 extolla-

554 4756 650 4811 tur
673 4754 964 4812 adversus
995 4756 1258 4830 fratrem,
1292 4775 1404 4815 nec
1417 4759 1494 4816 ad
1508 4768 1888 4833 arrogantem
1906 4764 2208 4821 suiexisti-

555 4843 882 4901 mationem
912 4846 1215 4917 procedat,
1243 4864 1279 4905 a
1302 4848 1525 4907 malitia
1555 4851 1898 4924 subreptus,
1924 4852 2204 4926 inquiens

553 4947 772 5007 nempe
799 4936 955 5007 :Ego
980 4935 1196 4993 donum
1219 4937 1531 5009 spirituale
1553 4948 1895 4997 consecutus
1907 4958 2053 4999 sum.
2079 4946 2207 4999 Non

554 5024 713 5081 enim
766 5024 935 5082 decet
966 5026 1328 5085 Christianos
1358 5028 1490 5087 haec
1524 5029 1805 5100 cogitare.
1854 5030 2004 5099 Quid
2046 5032 2204 5088 enim

554 5114 813 5171 crastina
840 5113 943 5171 lux
989 5114 1072 5171 illi
1096 5116 1349 5175 allatura
1379 5119 1471 5183 sit,
1504 5118 1745 5189 ignoras
1777 5137 1790 5175 :
1826 5127 1882 5176 et
1908 5120 2044 5192 quis
2070 5121 2205 5177 ﬁnis

553 5204 701 5275 ejus,
725 5203 929 5278 quisve
948 5208 1083 5261 tuus
1121 5205 1357 5264 futurus
1400 5207 1490 5272 sit,
1522 5208 1744 5265 nescis.
1784 5211 1998 5266 Verum
2038 5212 2197 5281 quis-

551 5309 669 5365 que
684 5292 798 5350 sibi
820 5294 1104 5363 attendat,
1120 5302 1173 5353 et
1192 5295 1500 5370 propriam
1515 5298 1941 5355 conscientiam
1961 5299 2203 5356 assidue

550 5382 853 5454 dijudicet,
888 5400 959 5440 ac
990 5386 1202 5458 probet
1232 5402 1385 5459 opus
1424 5386 1619 5443 cordis
1660 5388 1773 5454 sui,
1808 5405 1928 5461 quo
1979 5389 2199 5457 studio,

552 5486 748 5545 quove
775 5480 995 5533 conatu
1022 5491 1193 5533 mens
1223 5491 1334 5532 sua
1358 5478 1545 5532 Deum
1573 5486 1971 5551 prosequatur
2003 5483 2093 5534 :et
2123 5479 2201 5536 ad

625 5679 668 5714 ³⁷
709 5680 847 5754 Sep.
884 5697 956 5753 Vl,
991 5687 1049 5739 7.
1134 5683 1181 5719 ⁸⁸
1213 5683 1352 5741 Luc.
1382 5699 1484 5752 xu,
1517 5687 1607 5743 47.
1685 5687 1732 5721 ⁹⁹
1765 5685 1966 5743 Matth.
1998 5700 2055 5753 v,
2097 5686 2149 5740 3.

2321 4588 2622 4658 προαίρεσιν
2667 4580 3129 4652 ἀναλαμϐάνοντες,
3179 4583 3269 4630 xui
3307 4570 3557 4636 σπουδὴν,
3599 4571 3682 4664 καὶ
3721 4577 3861 4664 πονον,

2320 4652 2409 4725 καὶ
2438 4652 2596 4724 ποθον
2642 4670 2844 4745 ἀρετῆς,
2898 4674 2986 4721 καὶ
3017 4667 3111 4729 ἓως
3147 4666 3326 4727 τέλους
3365 4663 3413 4715 ἓν
3452 4661 3585 4729 αὐτῷ
3636 4652 3862 4750 διαμενοξ·

2320 4782 2415 4827 τίς,
2462 4770 2558 4823 τῆς
2588 4744 2726 4823 ξωῆς
2776 4763 2864 4811 καὶ
2930 4765 3024 4819 τῆς
3068 4756 3277 4809 αἰωνίου
3330 4750 3593 4826 βασιλείας
3635 4744 3861 4839 ἐπιτυχεῖν

2320 4851 2375 4915 ἐξ
2398 4850 2640 4912 ἀληθείας
2681 4845 3019 4906 δυνήσονται.
3074 4849 3160 4904 Μή
3218 4848 3387 4895 τοίνυν
3426 4859 3500 4902 τις
3537 4844 3631 4889 τῶν
3668 4827 3860 4897 ἀδελφῶν

2319 4941 2713 5014 κατεπαιρέσθω
2767 4944 2858 4989 τοῦ
2911 4932 3158 5007 ἀδελφοῦ,
3210 4937 3301 4984 καὶ
3366 4929 3437 4992 εἰς
3484 4930 3646 4985 οἴησιν
3709 4928 3863 5014 Ἶξξκθξ

2320 5034 2506 5101 πτέτω,
2537 5030 2635 5081 ὑπὸ
2661 5037 2755 5091 τῆς
2783 5030 2967 5086 κακίας
2996 5023 3450 5094 ὑποκλεπτὸμενος,
3484 5019 3549 5077 ὡς
3602 5014 3674 5064 ὄτι
3704 5000 3860 5119 "lfo‘:

2318 5118 2436 5191 ἐγὼ
2467 5120 2770 5193 χάρισμα
2798 5117 3231 5187 πνευματικὸν
3272 5114 3585 5177 κέκτημαι
3614 5120 3625 5130 ο
3665 5107 3746 5201 οὐκ
3770 5107 3857 5191 tot:

2315 5213 2415 5284 γάρ
2450 5209 2591 5271 ἀξιον
2622 5215 2789 5261 ταῦτα
2814 5207 3165 5280 Χριστιανοὺς
3195 5199 3539 5271 ἐνθυμεῖσθαι.
3570 5194 3625 5244 Τί
3642 5194 3732 5259 γὰρ
3750 5196 3857 5284 usus

2319 5299 2348 5357 ἦ
2388 5268 2589 5371 ,αὔριον
2648 5296 2716 5358 εἰς
2779 5294 2966 5349 ἐκεῖνον
3019 5293 3113 5346 οὐκ
3192 5286 3378 5349 οἶδας*
3428 5288 3514 5335 καὶ
3576 5284 3708 5379 noto:
3741 5268 3854 5323 τελος

2315 5390 2526 5454 ἐκείνου,
2581 5391 2669 5439 καὶ
2717 5392 2863 5438 ποῖον
2920 5387 2977 5436 τὸ
3054 5385 3143 5434 σὸν
3206 5377 3423 5448 ἀγνοεῖς-
3492 5368 3617 5423 Ἀλλ’
3675 5371 3854 5467 “ita”;

2313 5476 2477 5549 ἑαυτῷ
2530 5480 2829 5550 προσέχων,
2882 5472 3191 5547 ἀνακρινίτω
3245 5471 3335 5525 τὴν
3403 5459 3536 5515 ἰδίαν
3592 5445 3851 5508 συνείδησιν
