4076 6210
264 252 372 307 721

1550 263 1866 322 HOMILUE
1902 297 1970 308 —
2010 265 2184 324 HOM.
2222 268 2383 325 XXX.

3526 277 3662 337 722’

260 381 512 443 πάντοτε,
567 383 658 433 καὶ
710 376 1041 455 δοκιμαζέτω
1078 388 1136 438 τὸ
1181 387 1326 459 ἔργον
1380 386 1538 442 αὐτοῦ
1596 398 1692 450 τῆς
1746 411 1872 465 καρ-

1992 392 2305 465 perfectum
2328 409 2582 466 scopum
2606 395 2907 464 libertatis,
2939 401 2995 454 et
3019 396 3400 458 aﬂ‘ectionum
3422 402 3631 460 vacui-

255 463 410 532 δίας,
473 473 624 521 ποίαν
657 467 898 529 σπουδὴν
929 478 1018 525 καὶ
1049 471 1225 545 ἀγῶνα
1249 477 1276 527 6
1322 485 1436 538 νοῦς
1465 480 1578 550 ἔχει
1627 482 1758 552 πρὸς
1783 485 1870 533 τόν

251 561 395 611 Θεόν
428 577 444 591 ο
477 563 568 610 καὶ
600 558 669 621 εἰς
698 562 786 612 τόν
816 559 1005 615 τέλειον
1059 568 1253 616 σκοπόν
1300 573 1390 628 τῆς
1437 565 1745 642 ἐλευθερίας,
1779 574 1865 622 xui

255 641 546 712 ἁπαθείας,
621 653 710 700 καὶ
785 657 879 711 τῆς
951 655 1324 715 καταπαύσεως
1414 663 1506 708 τοῦ
1579 660 1873 731 πνεύματος

257 732 605 801 ἀποσκοπῶν,
657 735 942 801 ἀπαύστως
996 745 1227 813 τρεχέτω
1281 748 1371 797 καὶ
1424 744 1640 817 ἀόκνως,
1668 746 1716 799 έν
1772 767 1872 820 μη-

267 821 378 877 δενί
431 829 757 899 χαρίσματι,
789 828 818 888 ἣ
870 833 959 882 καὶ
999 826 1324 905 δικαιώματι
1363 833 1868 911 πληροφορούμενος.

266 914 399 978 Δόξα
445 918 535 968 καὶ
591 920 950 989 προσκύνησις
1008 926 1202 997 [lui-9i,
1262 928 1352 978 xui
1410 925 1534 996 Υίῷ,
1601 931 1691 982 καὶ
1739 927 1870 1002 ἁγίῳ

271 1006 550 1078 Πνεύματι,
583 1005 650 1067 εἰς
675 1009 796 1070 τοὺς
829 1007 1036 1070 αἰῶνας.
1074 1009 1264 1083 Ἀμην.

874 1115 1127 1174 ΟΜΙΛΙΑ
1165 1117 1244 1174 Λ’.

258 1218 359 1272 Ἐκ
421 1224 532 1270 τοῦ
592 1217 778 1343 ἁγίου
856 1226 1223 1296 Πνεύματος
1302 1224 1406 1280 δεῖ
1469 1232 1873 1300 γεννηθῆναι

329 1292 448 1343 τὴν
522 1289 630 1343 μέλ
683 1311 886 1343 ουσαν
961 1295 1281 1343 εἰσελθιῖν
1357 1299 1446 1343 sic
1518 1299 1871 1343 Βασιληίας.

329 1292 448 1373 {in
480 1289 886 1373 _p-illo_uauv
917 1371 924 1373 _
961 1289 1281 1373 εἰσελθεῖν
1357 1299 1446 1362 εἰς
1477 1289 1489 1300 ’
1514 1289 1871 1373 βασιλείαν

333 1361 784 1435 Θεοῦψυχηνο
827 1371 934 1419 xui
975 1367 1038 1419 ὃν
1075 1374 1312 1444 τρόπον
1351 1361 1541 1425 τοῦτο
1580 1378 1868 1445 γένηται.

329 1465 415 1522 Α’.
472 1470 537 1520 Οἱ
591 1472 675 1522 τὸν
728 1470 880 1543 λόγον
930 1473 1221 1541 ἀκούοντες,
1280 1479 1426 1550 ἔργον
1479 1487 1572 1532 τοῦ
1618 1479 1774 1553 λόγου
1824 1481 1873 1534 έν

249 1564 384 1619 ταῖς
461 1557 655 1611 ἑαυτῶν
728 1559 934 1633 ψυχαῖς
1008 1563 1298 1637 ὀφείλουσιν
1373 1565 1760 1633 έπιδείξασθαι.
1815 1572 1874 1626 Ὀ

249 1645 414 1717 λόγος
465 1648 565 1718 γὰρ
615 1657 705 1702 τοῦ
758 1655 885 1704 Θεοῦ
939 1653 1034 1705 ούκ
1079 1656 1193 1708 ἐστι
1243 1655 1390 1729 λόγος
1443 1657 1624 1732 ἀργὸς,
1658 1659 1764 1713 ἀλλ’
1796 1665 1876 1735 ἕρ-

253 1754 359 1806 γον
414 1739 530 1808 ἔχει
587 1737 656 1800 εἰς
701 1744 796 1798 την
839 1740 1026 1814 ψυχὴν
1063 1749 1384 1818 γιγνόμενον.
1441 1751 1533 1801 Διά
1582 1758 1734 1804 τοῦτο
1771 1754 1872 1828 γὰρ
1905 1740 1948 1794 Β

251 1829 354 1878 καὶ
435 1827 586 1898 ἔργον
645 1827 870 1899 λέγεται,
936 1833 1021 1883 ἵνα
1071 1837 1163 1885 και
1215 1836 1364 1906 ἔργον
1430 1839 1610 1911 εὑρεθῇ
1668 1838 1716 1892 έν
1772 1827 1877 1903 τοῖς

262 1912 552 1970 ἀκούουσι.
605 1919 894 1992 Παράσχοι
949 1925 1120 1973 τοίνυν
1177 1923 1202 1974 6
1264 1926 1454 1999 Κύριος
1490 1930 1547 1979 τὸ
1587 1931 1733 2003 ἔργον
1781 1937 1878 1992 τῆς

264 2003 516 2067 ἀληθείας
570 2005 618 2057 ἐν
674 2014 783 2070 τοῖς
838 2009 1142 2080 ἀκούουσιν,
1205 2013 1288 2065 ἵνα
1339 2016 1365 2066 ό
1420 2014 1566 2088 λόγος
1617 2020 1877 2091 ἔγκαρπος

264 2095 452 2167 εὑρεθῇ
505 2095 580 2158 εἰς
631 2098 789 2168 ἡμᾶς.
839 2097 1039 2174 Ὠσπερ
1091 2104 1190 2177 γὰρ
1241 2107 1365 2158 σκιὰ
1417 2108 1637 2180 προάγει
1667 2111 1725 2161 τό
1771 2118 1878 2162 σῶ-

261 2204 342 2257 μα
365 2199 380 2214 ⁶
417 2187 450 2242 ἠ
481 2187 610 2238 σκιὰ
636 2183 695 2240 δὲ
725 2191 782 2239 τό
815 2197 969 2262 σῶμα
999 2187 1172 2262 δηλοῖ,
1208 2197 1298 2246 xui
1324 2196 1354 2252 ἡ
1388 2193 1604 2254 ἀλήθεια
1632 2202 1689 2251 τὸ
1724 2201 1877 2272 σῶμά

261 2276 381 2326 ἐστι
408 2292 422 2305 ο
459 2277 548 2326 τόν
573 2278 731 2328 αὐτὸν
772 2281 962 2349 τρόπον
1011 2283 1101 2332 καὶ
1126 2281 1151 2332 6
1176 2279 1330 2353 λόγος
1364 2286 1538 2358 ὥσπερ
1580 2290 1707 2340 σκιὰ
1753 2307 1876 2360 τυγ-

262 2367 423 2434 χάνει
448 2369 541 2424 τῆς
590 2362 833 2427 ἀληθείας
883 2374 975 2419 τοῦ
1005 2371 1255 2439 Χριστοῦ.
1321 2375 1542 2446 Προάγει
1586 2371 1644 2429 6i
1677 2376 1876 2450 όλόγος

270 2455 364 2508 τήν
432 2449 693 2510 ἀλήθειαν.
752 2455 818 2506 Οἱ
872 2452 958 2508 ἐπὶ
1011 2464 1111 2528 γῆς
1162 2463 1373 2532 πατέρες
1433 2460 1488 2514 έκ
1539 2471 1631 2526 τῆς
1680 2464 1874 2518 ἑαυτῶν

278 2541 474 2608 φύσεως
535 2550 757 2611 γεννῶσι
800 2548 953 2597 τέκνα
1004 2544 1061 2598 ix
1123 2554 1213 2600 τοῦ
1264 2554 1506 2622 σώματος
1561 2553 1734 2606 αὐτῶν
1785 2559 1876 2608 xui

280 2635 375 2688 τῆς
411 2627 610 2701 ψυχῆς,
662 2635 752 2684 xui
804 2635 1113 2704 γεννηθέντα
1165 2639 1311 2711 πάσῃ
1364 2638 1571 2715 σπουδῇ
1627 2642 1876 2717 ἐπιμελῶς

279 2713 618 2772 παιδεύουσιν
686 2723 756 2784 ὡς
813 2721 1006 2776 ἑαυτῶν
1063 2728 1234 2792 τέκνα,
1302 2729 1394 2792 ἕως
1460 2731 1640 2785 τέλειοι
1689 2731 1877 2810 ἄνδρες

270 2810 540 2879 γένωνται,
565 2813 655 2861 καὶ
683 2806 942 2884 διάδοχοι
994 2818 1084 2866 καὶ
1113 2814 1444 2890 κληρονόμοι.
1473 2826 1594 2883 Τοῖς
1630 2825 1732 2898 γὰρ
1770 2806 1874 2876 πα-

265 2898 459 2970 τράσιν
519 2896 754 2972 έξαρχῆς
799 2905 992 2964 σκοπός
1045 2908 1135 2956 καὶ
1189 2905 1399 2966 σπουδὴ
1456 2916 1606 2963 πᾶσα
1641 2896 1878 2984 γίγνεται

267 2989 399 3059 πρὸς
446 2989 506 3039 τὸ
551 2997 799 3058 γεννῆσαι
844 2994 1017 3058 τέκνα,
1049 2998 1138 3046 xui
1179 3003 1331 3066 σχεῖν
1383 2997 1755 3073 κληρονόμους,
1787 2999 1878 3056 καὶ

268 3074 311 3128 εἰ
368 3079 448 3147 μὴ
513 3079 808 3148 ἐγέννησαν,
876 3085 1132 3152 μεγίστην
1186 3083 1352 3143 λύπην
1417 3092 1508 3140 καὶ
1565 3085 1756 3149 ὀδύνην
1815 3093 1876 3144 οἶν
1909 3078 1948 3134 C

270 3160 443 3236 εἶχον,
485 3167 616 3218 ὥστε
667 3167 822 3220 πάλιν
864 3175 1224 3240 γεννήσαντες,
1283 3177 1459 3250 χαρὰν
1511 3179 1692 3250 ἔσχον.
1753 3185 1878 3234 Χαί-

263 3273 435 3329 ρουσι
466 3250 527 3307 δε
556 3260 644 3308 καὶ
674 3258 723 3308 οἱ
756 3267 1023 3330 συγγενεῖς
1052 3266 1142 3314 καὶ
1173 3265 1222 3314 οἱ
1250 3269 1494 3335 γείτονες.

341 3360 418 3416 Β¹.
471 3363 570 3415 Τὸν
613 3362 768 3416 αὐτόν
816 3370 1006 3440 τρόπον
1056 3373 1146 3420 καὶ
1175 3371 1202 3421 6
1254 3373 1443 3444 Κύριος
1495 3375 1638 3447 ἡμῶν
1677 3375 1879 3440 Ἰησοῦς

267 3453 505 3522 Χριστὸς
555 3457 673 3525 περὶ
727 3460 819 3515 τῆς
862 3462 953 3508 τοῦ
1003 3454 1276 3533 ἀνθρώπου
1344 3469 1608 3536 σωτηρίας
1673 3473 1876 3541 φροντίο

269 3557 391 3606 σας,
445 3544 619 3592 πᾶσαν
661 3540 959 3614 οἰκονομίαν
1007 3551 1095 3599 καὶ
1142 3545 1376 3608 σπουδὴν
1407 3540 1880 3632 ἐπετελεσενέξαρ-

268 3637 382 3699 χῆς
434 3623 530 3682 διὰ
568 3635 825 3705 Πατάρων,
878 3645 1245 3710 πατριάρχῶν,
1279 3634 1373 3691 διὰ
1426 3645 1584 3714 νόμου
1625 3649 1716 3698 καὶ
1746 3623 1880 3721 προ-

271 3726 450 3790 φητῶν
479 3735 492 3748 ·
536 3721 764 3791 ἔσχατον
813 3727 901 3775 καὶ
933 3723 1085 3786 αὐτὸς
1114 3733 1549 3803 παραγενόμενος,
1604 3739 1693 3786 καὶ
1725 3754 1880 3788 σταυ-

265 3815 365 3882 ροῦ
413 3807 680 3880 αἰσχύνης
733 3819 1154 3886 καταφρονήσας,
1211 3817 1445 3890 ὑπέμεινε
1484 3822 1718 3877 θάνατον.
1780 3829 1879 3878 Καὶ

269 3897 420 3957 οὗτος
459 3895 568 3957 ὅλος
613 3898 638 3949 6
669 3900 918 3970 κάματος,
971 3907 1062 3955 xui
1095 3905 1125 3962 ἡ
1179 3902 1388 3965 σπουδή
1440 3908 1601 3962 αὑτοῦ
1647 3915 1874 3985 γέγονεν,

269 3988 414 4048 ὅπως
439 3991 660 4060 γεννήσῃ
713 3985 765 4051 ἐξ
793 3987 980 4043 ἑαυτοῦ
1032 3990 1086 4043 ἐκ
1117 4001 1212 4056 τῆς
1257 3993 1442 4048 ἑαυτοῦ
1475 4000 1674 4069 φύσεως
1725 4004 1880 4054 τέκνα

271 4080 327 4128 ix
359 4081 456 4127 τοῦ
500 4079 818 4149 Πνεύμοιτος,
869 4080 1060 4133 ἄνωθεν
1126 4079 1425 4146 εὐδόκησας
1452 4090 1762 4158 γεννηθῆναι
1821 4090 1878 4144 ἐκ

273 4173 376 4226 τῆς
438 4163 596 4218 αὐτοῦ
651 4168 913 4231 θεότητος.
978 4175 1079 4224 Καὶ
1128 4173 1301 4245 ὥσπερ
1352 4177 1401 4227 οἱ
1449 4181 1660 4250 πατέρες
1712 4179 1877 4247 οὗτοι,

281 4252 366 4307 ἰὰν
418 4260 490 4327 μὴ
534 4260 848 4326 γεννήσωσι,
903 4257 1187 4314 λυποῦνται
1220 4279 1233 4291 '
1289 4263 1447 4326 οὕτως
1477 4273 1562 4319 xui
1607 4269 1633 4320 6
1692 4272 1879 4342 Κύριος

281 4343 570 4415 ἀγαπήσας
619 4347 678 4397 τό
707 4350 846 4417 γένος
893 4355 993 4399 τῶν
1049 4347 1330 4424 ἀνθρώπων
1370 4355 1437 4416 ὡς
1495 4351 1636 4408 ἰδίαν
1684 4357 1877 4427 εἰκόνα,

277 4433 532 4492 ἠθέλησεν
589 4434 775 4496 αὐτοὺς
823 4434 879 4488 ἐκ
934 4444 1026 4490 τοῦ
1075 4438 1234 4492 αὐτοῦ
1286 4447 1579 4518 σπέρματος
1633 4457 1880 4519 γεννῆσαι
1911 4425 1958 4481 D

277 4530 376 4584 τῆς
436 4524 694 4584 θεότητος.
725 4526 785 4577 Ei
834 4544 961 4586 τινες
1013 4523 1101 4579 οὖν
1129 4533 1200 4600 μὴ
1253 4530 1542 4590 θελήσωσιν
1597 4535 1667 4599 εἰς
1707 4542 1883 4591 τοιαύ-

279 4630 371 4671 την
421 4617 662 4684 γέννησιν
703 4612 883 4680 ἐλθεῖν,
945 4620 1033 4668 καὶ
1081 4615 1136 4670 ἐκ
1167 4637 1264 4681 της
1304 4625 1529 4697 γαστρὸς
1585 4643 1676 4678 του
1726 4633 1881 4682 Πνεύ-

276 4721 447 4773 ματος
511 4699 604 4764 τῆς
672 4705 914 4767 θεότητος
977 4709 1304 4778 γεννηθῆναι,
1377 4712 1566 4765 πολλάν
1623 4715 1788 4776 λύπην
1853 4721 1880 4772 ό

277 4794 509 4865 Χριστὸς
566 4789 902 4866 ἀναδέχεται,
963 4798 1142 4848 παθὼν
1193 4795 1266 4851 δι’
1305 4799 1493 4864 αὐτοὺς
1521 4809 1612 4856 xui
1667 4806 1879 4880 ύπομείο

273 4901 386 4947 νας,
413 4883 496 4934 ῖνα
523 4884 738 4944 τούτους
765 4889 938 4957 σώσῃ.

347 4988 422 5044 Γ.
487 4990 693 5053 Πάντας
720 4993 821 5066 γὰρ
887 4991 1190 5064 ἀνθρώπους
1259 4995 1389 5050 θέλει
1454 5000 1480 5050 6
1541 5003 1732 5075 Κύριος
1782 5025 1880 5069 της

271 5084 560 5148 γεννήσεως
607 5080 996 5144 καταξιωθῆναι
1054 5087 1263 5145 ταύτης.
1319 5085 1466 5160 ’Υπὲρ
1526 5091 1729 5144 πάντων
1778 5097 1877 5168 γὰρ

275 5167 516 5234 ἀπέθανε,
546 5174 636 5221 καὶ
668 5172 865 5232 πάντας
918 5171 988 5234 είς
1029 5173 1168 5234 ζωὴν
1217 5173 1447 5232 έκάλεσε.
1489 5180 1605 5237 Ζωὴ
1637 5176 1696 5233 δι
1740 5167 1878 5236 ἐστιν

275 5258 304 5314 ἠ
351 5258 546 5309 ἄνωθεν
585 5257 643 5310 ἐκ
689 5267 780 5312 τοῦ
823 5267 956 5314 Θεοῦ
997 5265 1236 5333 γέννησις
1269 5281 1282 5295 °
1337 5265 1455 5318 ἄνευ
1523 5269 1626 5343 γὰρ
1679 5275 1876 5336 ταύτης

280 5345 444 5406 ζησαι
463 5345 652 5418 ψυχὴν
675 5345 952 5416 ἀδύνατον,
981 5354 1050 5414 ὦς
1079 5371 1234 5424 φησιν
1265 5355 1291 5406 6
1325 5357 1514 5428 Κύριος
1546 5372 1558 5385 ⁸
1619 5359 1754 5412 Ἐὰν
1791 5368 1870 5433 μή

278 5455 370 5497 τις
395 5437 673 5509 γεννηθῇ
698 5438 1037 5510 ἄνωθεν,ού
1069 5437 1343 5495 δύναται
1372 5440 1536 5498 ἰδεῖν
1557 5446 1671 5505 τήν
1699 5446 1874 5522 βασι-

277 5523 450 5580 λείαν
493 5532 604 5579 τοῦ
643 5533 823 5582 Θεοῦ.
866 5528 1027 5583 Ὥστε
1073 5530 1227 5585 πάλιν
1274 5533 1390 5587 ὅσοι
1443 5539 1755 5593 πιστεύουσι
1805 5549 1876 5615 τῷ

351 5653 366 5686 ¹
399 5652 572 5717 Joan,
603 5666 685 5718 ιιι,
712 5654 765 5709 3.

1983 483 2137 549 tatis,
2191 487 2370 555 atque
2430 484 2642 557 quietis
2691 487 3012 558 spiritualis
3087 489 3417 556 collimans,
3480 491 3628 548 citra

1982 585 2225 628 omnem
2275 573 2776 632 intermissionem
2821 592 2890 632 ac
2939 579 3251 646 segnitiem
3299 586 3517 646 currat,
3567 581 3629 638 in

1983 659 2146 716 nullo
2184 663 2226 730 1
2245 663 2287 731 ι
2304 661 2354 735 5
2389 662 2744 720 charismate
2773 671 2874 721 aut
2893 666 3314 737 justiﬁcatione
3338 669 3633 726 collocata

1981 749 2222 806 ﬁducia.
2266 750 2459 808 Gloria
2491 758 2546 807 et
2569 752 2840 810 adoratio
2877 757 3047 823 Patri,
3081 761 3137 814 et
3167 757 3329 827 Filio,
3362 764 3414 815 et
3450 759 3630 832 Spirio

1981 837 2064 893 tui
2095 843 2302 896 sancto
2333 838 2393 895 in
2423 840 2663 898 saacula.
2690 841 2900 898 Amen.

2577 1146 2867 1203 HOMlLlA
2906 1149 3055 1204 XXX.

1982 1247 2082 1304 Ex
2107 1248 2333 1316 Spiritu
2362 1257 2567 1330 {aricia
2610 1255 2846 1311 renasci
2888 1261 3115 1323 oportet
3159 1258 3452 1322 animam,
3497 1274 3630 1330 qua

2051 1335 2301 1400 (cygnum
2358 1324 2468 1379 Dei
2512 1325 2860 1394 ingressum
2912 1332 3016 1393 est,
3063 1333 3264 1400 etquo
3313 1324 3632 1398 pacto'hoc

2051 1391 2181 1459 ﬁat.

2053 1496 2095 1550 Ι.
2129 1497 2238 1562 Qui
2268 1498 2517 1555 verbum
2545 1502 2817 1570 audiunt,
2849 1521 3005 1576 opus
3035 1506 3201 1562 verbi
3232 1506 3292 1562 in
3327 1506 3448 1562 suis
3479 1507 3636 1578 ipso-

1983 1601 2118 1641 rum
2162 1586 2380 1643 animis
2427 1588 2842 1648 demonstrare
2885 1593 3122 1650 debent.
3160 1595 3414 1650 Verbum
3467 1595 3633 1651 enim

1985 1675 2083 1732 Dei
2131 1691 2252 1732 non
2290 1684 2377 1733 est
2428 1678 2708 1746 otiosum,
2753 1683 2858 1738 sed
2911 1699 3064 1755 opus
3109 1684 3307 1745 habet.
3363 1685 3526 1756 quod
3573 1684 3634 1738 in

1986 1764 2188 1821 anima
2217 1766 2516 1837 perﬁcitur
2540 1786 2553 1824 :
2575 1777 2888 1842 propterea
2907 1773 3066 1828 enim
3090 1789 3248 1844 opus
3274 1772 3628 1844 appellatur,

1988 1859 2050 1908 ut
2079 1869 2232 1925 opus
2252 1872 2493 1929 quoque
2523 1859 2860 1916 inveniatur
2884 1863 3048 1933 apud
3075 1878 3201 1928 eos,
3225 1862 3326 1933 qui
3359 1861 3631 1918 audiunt.

1988 1942 2275 1999 Exhibeat
2323 1945 2500 2015 igitur
2531 1947 2816 2004 Dominus
2859 1966 3012 2020 opus
3053 1951 3314 2006 veritatis
3347 1951 3635 2006 audienti-

1985 2031 2120 2098 bus,
2156 2037 2218 2088 ut
2249 2034 2497 2090 verbum
2545 2035 2917 2094 fructuosum
2967 2041 3294 2110 reperiatur
3334 2041 3393 2096 in
3424 2039 3626 2096 nobis.

1985 2121 2230 2177 Perinde
2261 2123 2421 2179 enim
2467 2141 2538 2180 ac
2571 2129 2786 2182 umbra
2817 2129 3100 2200 prmcedit
3127 2145 3384 2200 corpus;
3417 2127 3636 2184 umbra

1985 2217 2185 2266 autem
2242 2228 2460 2283 corpus
2515 2214 2904 2283 demonstrat,
2957 2224 3016 2274 at
3062 2218 3282 2274 veritas
3314 2224 3403 2273 est
3435 2219 3634 2290 ipsum

1983 2315 2203 2372 corpus
2237 2317 2248 2357 :
2282 2300 2368 2357 sic
2392 2318 2636 2376 quoque
2666 2311 2756 2360 est
2786 2306 3036 2363 verbum
3068 2307 3224 2362 velut
3251 2309 3468 2363 umbra
3489 2307 3635 2362 veri-

1986 2389 2120 2445 tatis
2166 2389 2399 2446 Christi.
2431 2394 2708 2450 Praecedit
2752 2395 2950 2466 itaque
2982 2397 3232 2452 verbum
3265 2397 3631 2452 verietatem.

1985 2480 2180 2534 Patres
2227 2480 2332 2552 qui
2387 2481 2446 2535 in
2480 2482 2646 2538 terris
2703 2490 2864 2547 sunt,
2896 2501 2927 2540 e
2975 2501 3084 2541 sua
3113 2486 3384 2558 ipsorum
3419 2489 3637 2540 natura

1985 2576 2271 2639 generant
2299 2568 2540 2637 liberos,
2573 2588 2604 2628 e
2635 2589 2884 2644 corpore
2933 2590 3042 2630 suo
3073 2579 3128 2630 et
3156 2574 3382 2638 anima,
3412 2589 3635 2646 eosque

1985 2664 2161 2714 natos
2192 2658 2357 2714 omni
2375 2660 2570 2717 studio
2593 2667 2650 2716 et
2672 2668 2950 2718 accurata
2973 2662 3278 2733 diligentia
3298 2663 3632 2728 instituunt,

1987 2752 2050 2802 ut
2076 2762 2216 2803 suos
2248 2748 2422 2814 ﬁlios,
2473 2749 2664 2806 donec
2691 2750 2933 2821 perfecti
2964 2752 3073 2807 viri
3106 2754 3386 2817 evadant,
3420 2756 3477 2807 et
3506 2767 3638 2807 suc-

1985 2851 2251 2892 cessores
2283 2853 2352 2893 ac
2378 2838 2667 2895 heredes.
2694 2841 2901 2896 Omnis
2933 2841 3091 2896 enim
3117 2857 3337 2913 scopus
3369 2846 3634 2913 patrum,

1986 2930 2041 2980 et
2069 2940 2250 2980 omne
2281 2926 2567 2993 studium,
2602 2928 2679 2983 ab
2703 2929 2864 2984 initio
2897 2945 2966 2984 eo
3001 2930 3204 2994 tendit,
3237 2934 3298 2985 ut
3325 2934 3639 3000 procreent

1985 3013 2224 3079 liberos,
2260 3030 2329 3070 ac
2375 3015 2642 3072 haeredes
2687 3017 2993 3089 habeant;
3027 3026 3082 3074 et
3135 3019 3246 3073 nisi
3298 3019 3632 3088 genuerint,

1985 3119 2226 3159 summa
2256 3104 2485 3160 tristitia
2515 3121 2584 3160 ac
2617 3122 2869 3163 maerore
2894 3106 3235 3163 aﬂiciuntur
3261 3123 3274 3174 ;
3307 3107 3457 3162 sicut
3487 3123 3519 3162 e
3549 3105 3638 3162 di-

1987 3208 2176 3259 verso,
2233 3193 2332 3248 ubi
2381 3196 2826 3266 procreaverint
2853 3195 3098 3262 liberos,
3131 3196 3352 3267 gaudio
3396 3195 3637 3268 pertun-

1985 3282 2209 3337 duntur
2237 3302 2248 3341 :
2285 3283 2551 3355 gaudent
2577 3300 2820 3358 quoque
2851 3286 3090 3356 cognati
3122 3291 3178 3340 et
3209 3285 3415 3341 vicini.

2058 3389 2126 3443 Il.
2161 3389 2378 3445 Eodem
2408 3389 2590 3446 modo
2625 3392 2911 3448 Dominus
2937 3397 3138 3449 uoster
3175 3394 3345 3447 Jesus
3377 3391 3638 3448 Christus

1986 3476 2059 3533 de
2089 3479 2351 3535 hominis
2381 3479 2571 3536 salute
2605 3480 2917 3553 sollicitus,
2960 3498 3205 3538 omnem
3237 3480 3640 3554 dispensatio-

1988 3582 2125 3623 nem
2169 3584 2239 3623 ac
2282 3569 2548 3625 studium
2579 3569 2822 3642 perfecit
2863 3587 2899 3627 a
2943 3571 3257 3644 principio,
3307 3569 3636 3626 ministerio

1989 3659 2245 3724 Patrum,
2305 3658 2807 3729 patriarcharum,
2857 3661 3008 3730 legis
3056 3677 3127 3717 ac
3177 3663 3632 3734 prophetarum,

1988 3752 2294 3817 postremo
2310 3763 2551 3818 quoque
2571 3749 2698 3820 ipse
2719 3749 3067 3816 adveniens,
3088 3766 3158 3805 ac
3177 3750 3368 3806 crucis
3384 3748 3641 3819 ignomi-

1987 3835 2150 3891 niam
2171 3851 2480 3906 spernens,
2513 3843 2765 3893 mortem
2792 3839 3049 3909 pertulit.
3085 3838 3293 3895 Omnis
3323 3838 3524 3908 itaque
3555 3835 3638 3890 la-

1984 3922 2096 3979 bor
2149 3923 2243 3979 ille
2295 3930 2351 3980 et
2402 3924 2668 3980 studium
2712 3927 2841 3997 ejus
2882 3928 2942 3981 in
2975 3941 3045 3982 eo
3072 3926 3203 3991 fuit,
3237 3932 3299 3981 ut
3328 3928 3640 3994 generaret

1985 4029 2053 4068 ex
2083 4028 2144 4068 se
2188 4013 2340 4082 ipso,
2373 4028 2404 4068 e
2461 4031 2574 4070 sua
2623 4015 2809 4086 ipsius
2854 4020 3072 4072 natura
3120 4015 3276 4070 ﬁlios
3325 4030 3355 4068 e
3393 4012 3636 4084 Spiritu,

1985 4100 2220 4174 placide
2241 4103 2648 4174 acquiescens,
2663 4103 2829 4175 quod
2846 4105 3188 4176 supernitus
3208 4107 3593 4159 nascerentur
3609 4116 3641 4156 e

1986 4207 2097 4247 sua
2141 4191 2467 4249 divinitate.
2510 4193 2573 4247 Et
2601 4193 3118 4266 quemadmodum
3169 4196 3367 4264 patres
3415 4191 3498 4258 hi,
3528 4189 3644 4246 nisi

1988 4281 2318 4350 genuerint,
2368 4283 2596 4338 tristitia
2641 4287 2699 4339 et
2746 4282 2952 4339 dolore
3009 4282 3350 4339 aﬂiciuntur
3380 4298 3394 4334 :
3428 4279 3643 4337 eodem

1993 4369 2172 4426 modo
2240 4371 2545 4438 Dominus,
2630 4371 2888 4442 diligens
2937 4387 3126 4442 genus
3181 4371 3521 4428 humanum
3585 4373 3646 4425 ut

1992 4459 2298 4531 propriam
2346 4461 2695 4531 imaginem,
2752 4460 2933 4517 voluit
2984 4477 3086 4518 eos
3133 4477 3205 4517 ex
3242 4460 3372 4533 ipso
3416 4458 3644 4514 semine

1993 4547 2196 4603 divino
2220 4564 2553 4620 procreare.
2587 4551 2644 4607 Si
2674 4551 2776 4622 qui
2803 4565 2945 4620 ergo
2988 4550 3288 4606 renuerint
3318 4548 3396 4605 ad
3432 4548 3643 4617 hujus-

1991 4639 2157 4694 modi
2200 4639 2648 4707 generationem
2682 4641 2902 4705 venire,
2949 4645 3005 4695 et
3034 4639 3109 4696 de
3143 4644 3338 4695 ventre
3389 4637 3644 4709 Spiritus

1992 4727 2176 4782 divini
2207 4728 2393 4792 nasci,
2435 4745 2743 4784 summum
2774 4728 3042 4785 dolorem
3078 4728 3325 4800 suscipit
3356 4727 3642 4791 Christus,

1991 4816 2090 4887 qui
2123 4822 2362 4888 prOpter
2387 4833 2488 4872 eos
2516 4834 2731 4889 passus
2761 4824 2852 4873 est
2877 4834 2947 4874 ac
2977 4816 3236 4889 pertulit,
3271 4821 3328 4870 ut
3375 4830 3476 4870 eos
3520 4829 3645 4869 ser-

1991 4911 2180 4961 varet.

2064 5011 2152 5066 lll.
2186 5014 2407 5069 Omnes
2451 5013 2611 5070 enim
2665 5011 2942 5070 homines
3002 5011 3124 5068 vult
3172 5011 3458 5068 Dominus
3487 5009 3646 5064 hanc

1989 5101 2357 5158 nativitatem
2390 5102 2697 5175 consequi,
2735 5118 2841 5174 pro
2863 5101 3145 5158 omnibus
3168 5099 3464 5172 siquidem
3487 5114 3648 5154 mor-

1990 5193 2126 5245 tuus
2152 5195 2258 5257 est,
2290 5199 2346 5246 et
2375 5207 2587 5247 omnes
2614 5192 2689 5248 ad
2722 5191 2905 5248 vitam
2941 5191 3196 5248 vocavit.
3233 5189 3360 5245 Vita
3391 5205 3531 5245 vero
3560 5193 3648 5245 est

1989 5277 2248 5350 desuper
2265 5295 2336 5335 ex
2362 5282 2476 5335 Deo
2500 5282 2840 5351 generatio:
2872 5280 3102 5352 absque
3123 5279 3236 5335 hac
3257 5279 3416 5333 enim
3448 5280 3647 5333 vivere

1990 5367 2280 5432 animam,
2304 5369 2694 5440 impossibile,
2718 5369 2990 5442 utinquit
3011 5369 3298 5424 Dominus
3322 5383 3334 5421 :
3367 5367 3498 5424 Nisi
3516 5367 3647 5439 quis

1989 5463 2164 5512 natus
2185 5457 2375 5527 fuerit
2398 5473 2428 5515 e
2448 5461 2739 5529 supernis,
2781 5474 2900 5515 non
2921 5459 3141 5530 poterit
3169 5457 3368 5515 videre
3395 5473 3646 5529 regnum

1992 5545 2098 5602 Dei
2140 5547 2181 5602 ¹.
2211 5547 2280 5604 Ut
2307 5554 2534 5616 contra,
2581 5550 2929 5622 quicunque
2972 5549 3225 5606 Domino
3265 5547 3648 5617 crediderint,
