4034 6202
552 296 658 354 723

1849 296 1907 351 S.
1951 294 2255 351 MACARII
2297 292 2604 349 EGYPTII
3741 298 3815 354 τιι

550 426 606 479 et
636 420 985 479 accedentes
1025 421 1396 478 nativitatem
1443 420 1599 479 hanc
1629 421 1929 478 consecuti
1964 418 2200 485 fuerint,

2319 422 2513 492 Κυρίῳ,
2572 424 2661 471 καὶ
2708 422 3125 492 προσερχόμενοι
3184 419 3539 483 καταξιοῦνται
3577 430 3659 484 τῆς
3694 430 3821 494 γεννή-

552 512 842 582 gaudium
875 511 1195 569 conciliant
1221 516 1277 567 et
1306 527 1607 567 summam
1639 511 2095 567 exsultationem
2142 508 2202 563 in

552 602 718 657 caelis
754 600 1120 673 parentibus,
1163 602 1265 672 qui
1293 617 1395 656 eos
1441 605 1849 672 procrearunt.
1903 602 1967 654 Et
1992 614 2202 655 omnes

552 689 749 760 angeli
774 695 1116 762 sanctasque
1148 691 1388 745 virtutes
1415 690 1689 745 laetantur
1718 689 1791 744 de
1817 689 2040 753 anima,
2070 702 2203 759 qua

551 794 582 834 e
614 778 831 849 Spiritu
862 784 1156 849 prognata
1174 783 1230 834 et
1252 778 1499 850 Spiritus
1526 777 1733 833 effecta
1759 783 1864 833 est.
1896 780 2014 832 Hoc
2043 777 2201 832 enim

552 882 771 938 corpus
802 866 1128 923 similitudo
1159 872 1246 922 est
1287 868 1503 923 animae
1531 883 1543 933 ;
1574 868 1778 923 anima
1824 882 1961 922 vero
2002 866 2202 934 imago

555 956 802 1028 Spiritus
832 957 1072 1012 exsistit.
1095 959 1160 1011 Et
1183 956 1701 1028 quemadmodum
1730 972 1947 1028 corpus
1972 956 2204 1025 absque

552 1050 759 1102 anima
786 1050 1089 1101 mortuum
1121 1052 1228 1111 est,
1266 1062 1374 1102 nec
1401 1047 1545 1119 quid
1574 1061 1858 1118 peragere
1889 1045 2044 1101 valet
2071 1060 2083 1099 :
2119 1042 2203 1099 sic

553 1134 783 1205 absque
843 1134 1065 1191 ccelesti
1122 1135 1344 1202 anima,
1407 1134 1637 1207 absque
1698 1135 1901 1190 divino
1961 1134 2201 1219 Spiritu,

552 1229 793 1279 mortua
838 1231 923 1279 est
953 1241 989 1281 a
1021 1240 1206 1295 regno
1238 1224 1465 1293 anima,
1497 1241 1605 1280 nec
1644 1230 1837 1296 potest
1866 1224 2201 1296 quidquam

549 1328 835 1384 peragere
863 1329 1091 1382 eorum,
1123 1330 1257 1387 quae
1290 1315 1367 1370 ad
1400 1318 1583 1370 Deum
1612 1314 1929 1391 pertinent,
1969 1312 2198 1383 absque

555 1402 791 1474 Spiritu.

632 1528 674 1597 1
695 1528 803 1598 16
832 1527 917 1582 ιν.
953 1528 1476 1593 Quemadmodum
1500 1530 1657 1585 enim
1679 1529 1996 1585 statuarius
2017 1534 2204 1585 atten-

557 1614 644 1671 dit
670 1616 745 1670 ad
774 1616 987 1672 faciem
1019 1618 1192 1687 regis,
1230 1624 1353 1673 tum
1386 1618 1573 1690 pingit
1604 1636 1615 1674 :
1651 1636 1739 1685 ac,
1774 1620 1820 1673 si
1851 1635 1919 1673 ex
1953 1618 2208 1673 adversa

558 1709 727 1776 parte
751 1704 822 1760 sit
844 1705 1022 1761 facies
1048 1710 1219 1778 regis,
1246 1708 1639 1764 intendensin
1670 1709 1866 1780 ipsum
1896 1709 2203 1779 pictorem,

2320 526 2445 569 σεως
2510 510 2725 571 ταύτης,
2774 509 2949 581 χαρὰν
3010 506 3286 580 ἐμποιοῦσι
3340 514 3426 562 καὶ
3468 510 3673 582 μεγάλην

2313 594 2486 649 λίασιν
2540 594 2587 648 ἄν
2634 596 2871 669 οὐρανοῖς
2916 604 3023 658 τοῖς
3076 602 3359 669 γεννήσασι
3403 606 3636 670 γονεῦσι·
3678 603 3815 663 πάντες

2312 705 2364 738 τε
2391 684 2622 757 ἄγγελοι,
2669 690 2759 737 καὶ
2801 682 3067 758 δυνάμεις,
3123 687 3272 759 ἅγιαι
3320 694 3567 761 χαίρουσι

2313 782 2374 847 τῇ
2418 777 2473 826 ἐκ
2538 776 2830 846 Πνεύματος
2876 777 3197 849 γεννηθείση,
3263 782 3351 829 xui
3395 780 3622 850 γενομένη
3664 785 3829 849 πνεῦμα.

2312 870 2477 917 Τοῦτο
2515 866 2613 939 γὰρ
2654 867 2711 917 τό
2746 872 2897 934 σῶμα
2936 866 3173 937 ὁμοίωμα
3212 865 3464 938 τυγχάνει
3490 874 3580 928 τῆς
3612 865 3779 938 ψυχῆς,
3810 869 3828 923 ἦ

2316 949 2373 1005 δὲ
2415 952 2569 1025 ψυχὴ
2613 953 2757 1005 εἰκὼν
2791 961 2883 1006 τοῦ
2934 957 3231 1025 Πνεύματος
3271 956 3501 1027 ὑπάρχει
3541 972 3553 987 ’
3593 959 3670 1007 xui
3706 958 3831 1027 ὥσπερ

2313 1048 2369 1095 τό
2399 1052 2550 1114 σῶμα
2587 1048 2754 1117 χωρὶς
2795 1052 2886 1104 τῆς
2923 1040 3109 1115 ψυχῆς
3152 1048 3326 1119 νεκρόν
3370 1045 3500 1110 ἐστι,
3554 1041 3699 1117 μηδεν
3724 1040 3835 1097 δυνά-

2313 1151 2461 1204 μενον
2537 1129 2955 1205 διαπράξασθαι,
3032 1133 3198 1195 οὕτως
3258 1135 3378 1186 ἄνευ
3440 1136 3529 1197 τῆς
3591 1137 3833 1205 ἐπουρανίου

2314 1221 2521 1293 ψυχῆς,
2563 1226 2729 1296 χωρὶε
2758 1229 2848 1274 τοῦ
2896 1224 3067 1274 θεϊχοῦ
3115 1225 3430 1294 Πνεύματος,
3465 1227 3607 1297 νεκρὰ
3642 1224 3838 1293 τυγχάνει

2317 1310 2417 1362 ἀπὸ
2462 1311 2552 1371 τῆς
2595 1307 2867 1383 βασιλείας
2902 1312 2931 1369 η
2964 1310 3142 1383 ψυχη,
3172 1308 3338 1383 μηδὲν
3381 1308 3626 1384 δυναμένη
3654 1309 3831 1386 διαπρά-

2317 1400 2508 1463 ξασθαι
2532 1408 2630 1452 τῶν
2655 1406 2745 1452 τοῦ
2773 1407 2927 1466 Θεοῦ,
2968 1402 3086 1452 ἄνευ
3113 1408 3205 1453 τοῦ
3236 1403 3546 1473 Πνεύματος.

2388 1506 2458 1561 Δ’.
2491 1507 2690 1580 Ὠσπερ
2738 1509 2838 1582 γὰρ
2880 1508 2905 1559 6
2952 1507 3308 1581 εἰκονογράφος
3353 1512 3597 1580 προσέχει
3624 1517 3683 1579 τῷ
3720 1526 3835 1579 προσ-

2319 1602 2441 1669 ώπῳ
2479 1604 2568 1649 τοῦ
2602 1595 2882 1669 βασιλέως,
2928 1601 3015 1649 xui
3056 1600 3240 1669 γράφει
3279 1613 3293 1627 ⁸
3326 1601 3418 1650 xui
3444 1595 3561 1649 ἐπὰν
3592 1596 3641 1659 ἐξ
3674 1595 3840 1654 ἐναντίας

2319 1689 2349 1761 ᾖ
2409 1690 2466 1739 τό
2524 1691 2802 1759 πρόσωπον
2859 1693 2951 1738 τοῦ
3010 1684 3267 1758 βασιλέως
3319 1691 3578 1761 προσέχον
3631 1686 3747 1756 αὐτῷ
3777 1706 3839 1759 ρα-

550 1773 721 1850 facile
748 1799 926 1867 atque
958 1773 1257 1865 eleganter
1289 1797 1381 1853 ille
1411 1773 1733 1868 imaginem
1767 1798 1842 1854 ad
1873 1773 2077 1853 vivum
2106 1798 2206 1852 de-

2320 1796 2484 1849 φοντι,
2534 1774 2753 1837 εὐκόλως
2799 1779 2888 1827 xui
2937 1775 3104 1837 καλῶς
3158 1774 3353 1835 ἐκεινος
3397 1775 3643 1849 ζωγραφεῖ
3684 1778 3758 1832 τὴν
3793 1773 3838 1825 εἰ·

549 1883 781 1955 pingit:
816 1884 903 1939 sin
954 1901 1088 1941 vero
1141 1885 1353 1942 faciem
1408 1891 1655 1951 avertat,
1698 1888 1938 1959 pingere
1980 1890 2206 1959 nequit,

554 1988 625 2027 eo
651 1972 814 2046 quod
840 1974 1073 2029 intentis
1105 1974 1293 2030 oculis
1316 1991 1435 2031 non
1456 1977 1798 2033 intuebatur
1823 1977 2202 2047 pingentem:

554 2061 767 2117 eodem
801 2078 1043 2136 quoque
1077 2065 1259 2121 modo
1289 2065 1541 2135 insignis
1574 2067 1669 2122 ille
1700 2066 1890 2137 pictor
1923 2067 2206 2133 Christus,

554 2150 935 2207 credentibus
968 2154 1038 2217 ei,
1076 2158 1129 2209 et
1159 2154 1291 2209 ﬁxis
1320 2171 1456 2210 eum
1488 2155 1677 2210 oculis
1709 2173 1944 2227 semper
1979 2158 2207 2211 intuen-

552 2239 736 2305 tibus,
769 2242 1080 2298 contestim
1130 2243 1400 2315 depingit
1425 2244 1502 2300 ad
1532 2244 1857 2315 imaginem
1901 2262 2075 2301 suam
2103 2245 2211 2302 ho-

554 2329 777 2385 minem
810 2331 1136 2401 coslestem,
1180 2348 1251 2387 ex
1296 2334 1429 2403 ipso
1458 2334 1697 2404 Spiritu,
1743 2352 1812 2391 ex
1873 2336 2210 2390 substantia

551 2418 997 2489 ipsiusluminis
1015 2422 1237 2487 arcani,
1262 2422 1449 2494 pingit
1468 2423 1790 2494 imaginem
1815 2425 2135 2489 caelestem,
2155 2432 2210 2480 et

550 2508 799 2578 largitur
825 2510 875 2563 ei
904 2510 1255 2582 praaclarum
1285 2519 1341 2566 et
1368 2512 1596 2568 bonum
1624 2513 1779 2569 illius
1810 2530 2120 2585 sponsum.
2152 2514 2210 2570 Si

552 2597 687 2669 quis
700 2599 1117 2667 ergoimmotis
1130 2599 1317 2655 oculis
1334 2617 1470 2656 eum
1495 2618 1614 2656 non
1632 2618 1868 2673 semper
1886 2605 2204 2668 intueatur,

554 2686 764 2757 spretis
785 2687 1090 2749 omnibus,
1116 2704 1499 2761 nequaquam
1527 2691 1729 2761 pinget
1754 2693 2037 2747 Dominus
2065 2692 2209 2747 ima-

552 2775 752 2845 ginem
786 2776 912 2846 ejus
945 2792 974 2832 e
1003 2793 1112 2833 suo
1140 2778 1325 2849 ipsius
1354 2778 1599 2835 lumine.
1637 2782 1878 2852 Oportet
1910 2797 2052 2851 ergo
2080 2782 2209 2838 ﬁxis

552 2862 739 2919 oculis
771 2865 982 2921 intueri
1015 2882 1125 2921 nos
1158 2882 1319 2932 eum,
1354 2870 1613 2935 credere,
1646 2877 1701 2926 et
1729 2870 1974 2940 diligere
2021 2871 2211 2928 illum-

552 2952 756 3008 omnia
770 2954 1059 3025 projicere
1072 2955 1242 3027 eique
1270 2958 1665 3026 attendere,ut
1680 2961 1884 3030 pingat
1904 2960 1994 3015 sui
2026 2961 2212 3031 ipsius

548 3041 879 3112 imaginem
905 3044 1201 3100 caelestem
1222 3052 1277 3101 et
1309 3047 1586 3103 immittat
1611 3049 1826 3103 animis
1849 3050 2070 3105 nostris
2096 3067 2108 3103 :
2130 3054 2212 3105 at-

2319 1871 2445 1918 κόνα
2476 1882 2493 1901 ο
2520 1864 2645 1918 ἐπὰν
2682 1860 2741 1917 δὲ
2790 1864 3095 1938 ἀποστρέψῃ
3140 1868 3198 1916 τὸ
3246 1869 3543 1937 πρόσωπον,
3583 1864 3635 1917 ού
3678 1859 3839 1916 δύναται

2320 1954 2545 2029 γράψαι,
2601 1951 2695 2007 διὰ
2762 1956 2818 2005 τό
2880 1959 2950 2026 μὴ
3016 1952 3264 2015 ἀτενίζειν
3316 1954 3462 2025 αύτῷ
3512 1962 3578 2025 τῷ
3604 1956 3830 2027 γράφοντιδ

2321 2047 2407 2097 τὸν
2465 2043 2620 2096 αύτὸν
2674 2047 2863 2116 τρόπον
2918 2048 3007 2095 xui
3047 2044 3072 2095 6
3131 2041 3281 2103 καλός
3348 2043 3603 2116 ζωγράφος
3654 2044 3834 2115 Χριστὸς.

2320 2142 2425 2196 τοῖς
2478 2135 2816 2185 πιστεύουσιν
2874 2131 3012 2202 αύτῷ
3065 2136 3155 2184 xui
3209 2130 3534 2194 ἀτενίζουσιν
3580 2128 3660 2184 διὰ
3697 2133 3833 2189 παντὸς

2321 2226 2450 2297 πρὸς
2499 2224 2675 2286 αὐτὸν,
2736 2220 2915 2281 εὐθέως
2963 2224 3223 2295 ζωγραφεῖ
3286 2225 3424 2273 κατὰ
3475 2225 3564 2279 τὴν
3600 2220 3739 2273 εἰκόνα
3776 2217 3834 2268 αό-

2320 2319 2411 2365 τοῦ
2462 2310 2764 2385 ἰπουράνιον
2813 2312 3102 2384 ἄνθρωπον,
3159 2308 3213 2362 ἐκ
3243 2319 3335 2363 τοῦ
3393 2311 3547 2363 αὑτοῦ
3594 2312 3834 2379 Πνιύματος,

2320 2400 2375 2453 ἐκ
2426 2410 2522 2463 τῆς
2575 2402 2914 2461 ὑποστάσεως
2967 2399 3127 2451 αύτοῦ
3157 2407 3249 2451 τοῦ
3292 2402 3457 2472 φωτός
3512 2406 3596 2452 τοῦ
3644 2395 3838 2451 ἀνεκλαλή-

2319 2509 2433 2557 του,
2466 2491 2655 2564 γράφει
2709 2488 2881 2541 εἰκόνα
2919 2486 3178 2561 οὐράνιον,
3240 2493 3334 2541 xui
3387 2485 3605 2542 δίδωσιν
3650 2482 3745 2557 αὐτῇ
3780 2486 3835 2534 τὸν

2319 2580 2473 2631 καλόν
2528 2583 2617 2631 xui
2688 2576 2883 2649 ἀγαθὸν
2938 2577 3094 2638 αὐτῆς
3144 2582 3387 2650 νυμφίον.
3452 2580 3513 2633 Εἰ
3561 2597 3630 2638 τις
3676 2570 3740 2627 οὖν
3773 2572 3831 2623 οὐκ

2321 2668 2541 2729 ἀτενίζει
2590 2663 2684 2720 διὰ
2739 2670 2929 2729 παντὸς
2976 2670 3108 2741 πρός
3152 2665 3312 2718 αύτόν
3358 2676 3458 2719 τῶν
3516 2669 3691 2719 πάντων
3730 2664 3827 2732 ὑπιο-

2324 2754 2471 2825 ιδὼν,
2523 2756 2581 2809 ού
2613 2761 2683 2829 μὴ
2737 2755 2919 2830 γράφη
2953 2757 2977 2807 6
3013 2759 3198 2826 Κύριος
3226 2755 3393 2808 αὐτοῦ
3432 2760 3519 2814 τὴν
3560 2753 3819 2807 εἰκοναέκηῠ

2322 2850 2503 2902 ἑαυτοῦ
2557 2851 2743 2919 φωτός.
2787 2851 2901 2919 Χρή
2956 2849 3127 2898 τοίνυν
3169 2843 3423 2907 ἀτενίζειν
3476 2848 3606 2917 ἡμᾶς
3646 2843 3691 2902 ri;
3718 2838 3810 2889 uiri?

2320 2940 2676 3000 πιστεύοντας,
2737 2939 2825 2987 καὶ
2907 2932 3216 3005 ἀγαπῶντας
3289 2935 3469 2999 αὐτὸν,
3513 2937 3660 2987 πάντα
3700 2925 3813 3001 ῥίψει·

2322 3048 2434 3093 τας,
2466 3030 2557 3078 xui
2604 3024 2743 3095 αύτῷ
2777 3028 3138 3097 προσέχοντας
3169 3040 3187 3054 ⁸
3238 3025 3325 3076 ἶνα
3360 3023 3569 3097 γράψας
3594 3027 3669 3079 τήν
3703 3017 3821 3069 ἑαυτοῦ

554 3147 671 3203 que
716 3131 802 3187 sic
846 3148 956 3188 nos
996 3140 1301 3204 gestantes
1350 3136 1664 3203 Christum,
1711 3139 1889 3193 vitam
1927 3145 2206 3195 aeternam

2323 3116 2494 3169 εἰκόνα
2557 3119 2644 3172 τὴν
2707 3112 3029 3188 ἐπουράνιον,
3097 3111 3381 3186 ἀποστείλῃ
3444 3111 3491 3165 ἓν
3549 3118 3649 3170 ταῖς
3694 3106 3831 3177 ψυχαῖς

561 3236 1028 3294 consequamur,
1062 3230 1117 3279 et
1148 3224 1285 3280 hinc
1312 3226 1539 3282 certiori
1568 3226 1790 3283 ﬁducia
1814 3228 1939 3283 fulti
1970 3229 2209 3300 requie-

562 3326 805 3365 scamus
818 3356 830 3368 .

633 3507 693 3559 V.
728 3506 971 3563 Perinde
994 3527 1061 3565 ac
1089 3519 1328 3570 moneta
1355 3531 1556 3581 aurea,
1584 3516 1692 3571 nisi
1721 3516 2078 3588 impressam
2109 3515 2212 3570 ha-

558 3591 751 3649 buerit
781 3600 1005 3668 regiam
1038 3602 1383 3673 imaginem,
1440 3621 1560 3660 non
1592 3605 1650 3661 in
1681 3605 2045 3660 commercio
2078 3620 2206 3660 ver-

557 3684 672 3737 sari
704 3690 917 3754 potest,
956 3704 1064 3745 nec
1093 3692 1150 3746 in
1175 3693 1330 3762 regis
1361 3694 1668 3751 thesauros
1702 3695 2063 3760 reconditur,
2098 3693 2201 3749 sed

556 3772 818 3845 rejicitur
851 3792 861 3829 :
898 3778 981 3832 sic
1008 3796 1249 3853 quoque
1280 3783 1503 3849 anima,
1535 3786 1643 3839 nisi
1679 3783 1953 3840 habuerit
1984 3783 2205 3853 imagi-

553 3874 693 3915 nem
723 3863 978 3921 coalestis
1001 3869 1253 3939 Spiritus
1280 3872 1339 3927 in
1370 3872 1595 3929 lumine
1631 3889 1877 3939 arcano,
1907 3872 2207 3929 Christum

555 3946 616 4003 in
651 3966 711 4006 se
748 3952 1134 4027 insculptum,
1176 3976 1297 4015 non
1330 3968 1420 4017 est
1451 3963 1777 4018 commoda
1812 3962 1889 4018 ad
1917 3978 2209 4034 supernos

557 4037 888 4108 thesauros,
913 4052 967 4100 et
997 4062 1030 4101 a
1065 4050 1494 4105 mercatoribus
1517 4051 1702 4119 regni,
1734 4052 2033 4122 praeclaris
2061 4067 2209 4122 apo-

556 4128 741 4195 stolis,
784 4135 1103 4204 respuitur.
1142 4138 1248 4202 Qui
1300 4138 1457 4193 enim
1507 4140 1792 4195 invitatus
1835 4140 2044 4203 fuerat,
2086 4155 2208 4194 non

555 4227 879 4275 exornatus
910 4228 1067 4278 veste
1100 4226 1364 4297 nuptiali.
1400 4234 1690 4298 tanquam
1726 4228 1953 4283 alienus
1985 4229 2209 4299 ejectus

559 4312 644 4361 est
674 4307 731 4361 in
781 4312 1101 4368 exteriores
1136 4317 1430 4380 tenebras,
1476 4333 1545 4370 eo
1590 4318 1750 4389 quod
1787 4332 1904 4371 non
1955 4320 2210 4389 gestaret

556 4397 881 4469 imaginem
910 4403 1227 4457 cmlestem.
1257 4404 1377 4459 Hoc
1402 4404 1561 4460 enim
1580 4412 1665 4460 est
1691 4406 1927 4476 signum
1956 4422 2025 4461 ac
2056 4405 2209 4477 sigil-

2324 3210 2489 3279 ἡμῶν.
2557 3210 2647 3257 xui
2713 3204 2876 3266 οὕτως
2942 3207 3243 3276 φορέσαντες
3313 3208 3402 3257 τόν
3479 3204 3682 3277 Χριστόν
3738 3196 3828 3255 ζωήν

2324 3296 2527 3349 αἰώνιον
2600 3292 2852 3367 λάϐωμεν,
2928 3297 3019 3345 xui
3081 3291 3384 3347 ἀπεντεῡθεν
3460 3287 3833 3367 πληροφορηθέντες

2324 3387 2656 3456 ἀναπαῶμεν.

2393 3494 2467 3549 E'.
2520 3493 2718 3567 Ὠσπερ
2755 3495 2813 3545 τὸ
2843 3496 3076 3565 νόμισμα
3110 3499 3198 3544 τοῦ
3250 3496 3508 3565 χρυσίου,
3555 3492 3630 3543 ίαν
3670 3491 3724 3561 μή
3746 3478 3833 3551 λάϐῃ

2322 3590 2412 3639 xui
2464 3583 2726 3654 ἐντυπωθῇ
2802 3587 2894 3639 τὴν
2958 3579 3237 3655 βασιλικὴν
3304 3582 3492 3647 εἰκόνα,
3543 3583 3644 3632 οὔτε
3688 3574 3741 3635 εἰς
3782 3569 3839 3641 έμ-

2320 3679 2506 3749 πορίαν
2582 3671 2891 3744 ἀπέρχεται,
2952 3674 3067 3723 οὔτε
3142 3671 3216 3733 εἰς
3295 3670 3546 3745 βασιλέως
3615 3662 3839 3733 θησαυροὺς

2322 3764 2643 3827 ἀποτίθεται,
2706 3760 2833 3813 ἀλλὰ
2894 3759 3184 3818 ἀπόϐλητον
3240 3763 3534 3832 τυγχάνειν
3598 3757 3732 3813 οὕτως
3779 3753 3838 3799 καὶ

2320 3857 2349 3913 ἡ
2382 3852 2557 3925 Ψυχὴ.
2593 3853 2677 3903 ἐὰν
2706 3854 2776 3923 μὴ
2834 3852 2932 3922 ἔχῃ
2967 3850 3139 3901 εἰκόνα
3186 3857 3278 3901 τοῦ
3330 3848 3623 3921 ἐπουρανίου
3671 3842 3840 3910 “7513px-

2319 3963 2401 4005 τος
2466 3941 2514 3995 ἐν
2581 3945 2711 4014 φωτὶ
2788 3938 3018 4015 ἀρρήτῳ,
3098 3942 3330 4015 Χριστὸν
3407 3937 3765 4007 ἐντετυπωμένον
3807 3945 3838 3976 εν

2321 4034 2475 4104 αὐτῇ,
2530 4030 2588 4083 ού
2641 4030 2960 4102 χρησιμεύει
3014 4028 3083 4089 εἰς
3125 4032 3248 4088 τοὺς
3298 4029 3407 4081 ἄνω
3462 4024 3741 4098 θησαυροὺς,
3779 4024 3839 4065 καί

2320 4124 2420 4174 ύπό
2478 4129 2575 4173 τῶν
2632 4122 2867 4191 ἐμπόρων
2923 4125 3017 4179 τῆς
3050 4116 3319 4191 βασιλείας
3371 4125 3466 4169 τῶν
3500 4114 3650 4167 καλῶν
3672 4109 3838 4161 ὁιιιίκιηιόΔ

2318 4210 2417 4263 λων
2472 4207 2764 4270 ἀπόϐλητος
2813 4211 3035 4278 γίνεται.
3097 4212 3197 4259 Καὶ
3236 4209 3339 4281 γὰρ
3381 4208 3406 4258 6
3457 4204 3661 4267 κληθεὶς,
3702 4194 3839 4262 καὶμὲ

2320 4307 2488 4372 φορῶν
2540 4301 2595 4351 τὸ
2644 4294 2844 4369 ἔνδυμα
2872 4304 2963 4348 τοῦ
3020 4298 3215 4368 γάμου,
3259 4297 3330 4357 ὡς
3360 4294 3610 4367 ἀλλότριος
3652 4282 3836 4381 ἐξεϐλήθη

2320 4387 2390 4450 είς
2445 4391 2500 4440 τό
2556 4386 2819 4460 ἀλλότριον
2852 4391 3059 4451 σκότος,
3104 4390 3174 4455 μὴ
3233 4394 3399 4457 φορῶν
3446 4388 3534 4441 τὴν
3589 4379 3736 4432 εἰκόνα
3775 4379 3839 4423 τὴν

555 4485 681 4542 lum
713 4489 943 4544 Domini
975 4492 1192 4546 animis
1223 4493 1606 4565 impressum,
1641 4494 1892 4566 Spiritus
1926 4495 2206 4550 nimirum

2319 4474 2638 4549 ἐπουράνιον.
2695 4482 2857 4528 Τοῦτο
2906 4476 3007 4548 γάρ
3057 4481 3269 4546 σημεῖον
3318 4478 3406 4525 xui
3459 4475 3619 4542 σίγνον
3665 4473 3841 4531 ὑπαρχει

555 4574 804 4631 luminis
824 4580 1047 4634 arcani.
1076 4582 1675 4651 thuemadmodum
1703 4584 2208 4639 mortuusinutilis

557 4669 666 4732 est,
707 4681 817 4722 nec
861 4669 1111 4724 omnino
1155 4670 1299 4741 quid
1340 4672 1687 4727 commodat
1726 4673 1815 4739 iis,
1857 4673 1959 4746 qui
1997 4673 2093 4729 hic
2128 4674 2206 4728 vi-

556 4760 741 4825 vunt;
773 4762 1144 4830 quapropter
1165 4767 1481 4830 exportant
1506 4777 1747 4834 quoque
1778 4778 1913 4817 eum
1936 4778 2007 4818 ex
2039 4762 2205 4829 urbe,

557 4850 612 4899 et
649 4845 818 4900 humi
857 4847 1169 4918 deponunt
1206 4864 1217 4903 :
1254 4849 1337 4904 sic
1372 4866 1614 4923 quoque
1649 4852 1870 4917 anima,
1911 4869 2045 4925 quas
2087 4869 2205 4908 non

560 4940 755 5005 gestat
793 4935 1093 4991 ccelestem
1135 4938 1319 4993 divini
1354 4939 1596 4995 luminis
1638 4941 1983 5013 imaginem,
2028 4942 2206 4997 vitam

560 5023 787 5081 scilicet
830 5026 1070 5091 animm,
1104 5028 1263 5082 velut
1308 5029 1565 5101 reproba
1596 5047 1665 5086 ac
1697 5030 1873 5102 plane
1923 5032 2209 5101 rejectitia

558 5114 772 5171 evadit.
802 5118 926 5171 Non
956 5116 1113 5171 enim
1132 5120 1480 5175 commodat
1502 5120 1579 5175 illi
1609 5121 1826 5177 civitati
1862 5128 2207 5177 sanctorum

559 5204 763 5260 anima
786 5211 1041 5269 mortua,
1065 5221 1200 5278 qua:
1223 5224 1340 5262 non
1375 5209 1525 5278 gerit
1548 5210 1805 5266 lucidem
1834 5227 1903 5267 ac
1932 5210 2207 5266 divinum

563 5294 866 5366 Spiritum.
889 5295 1415 5359 Quemadmodum
1440 5299 1596 5353 enim
1616 5300 1673 5354 in
1698 5300 1928 5355 mundo
1952 5300 2064 5355 vita
2085 5316 2209 5355 cor-

557 5382 721 5454 poris
752 5390 839 5438 est
866 5384 1104 5439 anima:
1141 5386 1224 5441 sic
1252 5403 1494 5459 quoque
1526 5388 1585 5442 in
1617 5394 1837 5444 aeterno
1871 5406 1940 5445 ac
1988 5389 2208 5446 caalesti

559 5472 789 5529 mundo
826 5474 1037 5529 anima:
1072 5475 1191 5531 vita
1216 5484 1302 5531 est
1334 5476 1582 5548 Spiritus
1612 5478 1868 5535 divinus.

634 5673 719 5725 Vl.
754 5672 995 5745 Oportet
1046 5671 1224 5743 igitur
1270 5677 1635 5745 quaerentem
1668 5673 1927 5742 credere,
1959 5678 2017 5730 et
2043 5690 2205 5730 acce-

2318 4574 2409 4619 τοῦ
2464 4570 2660 4639 Κυρίου
2721 4563 3086 4634 ἐντυπούμενον
3132 4570 3246 4624 ταῖς
3284 4561 3502 4633 ψυχαῖς,
3555 4561 3728 4625 πνεῦμα
3770 4567 3839 4617 μιν

2317 4659 2397 4716 τὸς
2429 4654 2653 4730 ἀρρήτου
2705 4654 2967 4728 ὑπάρχον.
3005 4656 3103 4706 Καὶ
3156 4654 3329 4725 ὥσπερ
3370 4653 3394 4702 6
3448 4650 3606 4721 νεκρὸς
3656 4640 3839 4731 ἀχρεῖος,

2316 4750 2403 4797 xui
2463 4744 2591 4805 ὅλως
2636 4748 2705 4815 μη
2766 4744 3109 4815 χρησιμεύων
3164 4748 3273 4801 τοῖς
3316 4739 3417 4792 ἐκεῖ
3470 4737 3573 4790 ἐστι
3604 4750 3615 4764 ⁸
3664 4726 3736 4783 διὸ
3777 4740 3839 4774 και

2318 4832 2688 4905 ἐκκομίζουσιν
2719 4832 2874 4885 αὐτὸν
2906 4830 3000 4893 ἔξω
3034 4839 3128 4891 τῆς
3168 4829 3360 4891 πόλεως
3386 4833 3471 4879 xui
3502 4820 3835 4910 xururiOM’m:

2318 4924 2481 4983 οὕτως
2508 4928 2597 4974 xui
2653 4923 2683 4979 ἡ
2716 4920 2871 4993 ψυχὴ
2902 4922 2931 4978 ὴ
2966 4924 3037 4990 μὴ
3081 4924 3309 4991 φέρουσα
3333 4922 3425 4975 τὴν
3467 4911 3731 4986 ἐπουράνιον
3771 4918 3837 4953 τον

2321 5014 2493 5064 θεῑκοῡ
2547 5014 2709 5083 φωτὸς
2764 5010 2952 5073 εἰκόνα,
3014 5014 3106 5067 τὴν
3142 5011 3278 5071 ζωὴν
3335 5014 3423 5066 τῆς
3477 5003 3660 5074 ψυχῆς,
3706 4997 3834 5057 ὥσπερ

2318 5098 2578 5173 ἀδόκιμος
2606 5104 2695 5152 xui
2733 5101 2897 5157 πάντη
2940 5097 3226 5156 ἀπόϐλητος
3274 5096 3523 5167 τυγχάνει
3554 5107 3565 5118 ·
3603 5086 3655 5140 οὗ
3686 5095 3835 5173 χρῆσις

2319 5194 2462 5264 μεύει
2520 5192 2619 5262 γὰρ
2673 5188 2744 5251 εἰς
2798 5190 2991 5246 ἐκείνην
3044 5192 3137 5244 τὴν
3192 5184 3339 5237 πόλιν
3393 5191 3487 5235 τῶν
3541 5178 3679 5248 ἁγίων
3722 5182 3835 5235 νιιρα

2317 5280 2495 5352 ψυχὴ,
2552 5283 2623 5351 μὴ
2684 5283 2912 5351 φέρουσα
2986 5278 3225 5349 φωτεινόν
3300 5277 3383 5325 xui
3439 5270 3592 5323 θιῐχόν
3658 5268 3829 5353 Πνεῦμα.-

2315 5346 2514 5445 έηᾷἓτερ
2552 5346 2767 5442 ’γὰρ’ἓν
2835 5346 3014 5439 κόσμῳ
3072 5366 3178 5426 ζωὴ
3239 5370 3329 5415 τοῦ
3388 5367 3606 5431 σώματος
3645 5354 3670 5410 ἦ
3714 5346 3828 5446 ψυχέ

2319 5458 2480 5525 ἐστιν,
2513 5459 2675 5520 οὕτως
2721 5462 2809 5509 xui
2840 5456 2888 5508 ἐν
2946 5451 3016 5527 τῷ
3047 5453 3235 5524 αἰωνίῳ
3288 5455 3374 5503 xui
3404 5446 3665 5520 ἐπουρανίῳ
3690 5450 3827 5503 κοσμφ

2316 5558 2408 5610 τῆς
2440 5548 2623 5621 ψυχῆς
2644 5549 2673 5605 ἡ
2728 5549 2858 5611 ζωὴ,
2892 5547 2949 5597 τὸ
3002 5550 3209 5616 Πνεῦμα
3235 5549 3329 5601 τῆς
3376 5540 3599 5595 θεότητος
3624 5528 3822 5598 ὑπάρχει

2390 5673 2457 5739 ς’·
2490 5677 2604 5749 Χρὴ
2637 5676 2807 5725 τοίνυν
2838 5675 2924 5724 τὸν
2956 5670 3214 5732 ζητοῦντα
3242 5669 3512 5719 πιστεῦσαι
3540 5659 3615 5710 xui
3658 5643 3821 5723 προσελ-
