4076 6210
273 297 386 350 725

275 424 385 477 θεῖν
425 429 497 494 τῷ
539 426 734 494 Κυρίῳ,
779 418 1092 494 παρακαλεῖν
1132 421 1358 472 ἐντεῦθεν
1405 418 1578 472 λαϐεῖν
1618 423 1674 472 τὸ
1718 422 1884 473 θεῑκόν
1920 423 1965 478 Α

274 518 518 585 Πνεῦμα·
569 511 696 562 αῦτό
729 512 829 584 γάρ
862 509 1000 562 ἐστιν
1032 511 1061 568 ἠ
1111 509 1218 570 ζωὴ
1257 518 1352 571 τῆς
1399 509 1607 581 ψυχῆς,
1663 515 1750 562 καὶ
1796 507 1890 562 διὰ

269 608 435 654 τοῦτο
482 603 769 657 ἐποιήσατο
803 603 896 656 τὴν
944 598 1142 651 ἔλευσιν
1173 600 1199 650 6
1255 601 1460 672 Κύριος,
1513 597 1596 650 ἳνα
1635 599 1776 659 ζωὴν
1815 597 1888 650 ἐν·

272 692 454 744 τεῦθεν
486 687 564 760 δῷ
603 697 663 762 τῇ
710 688 889 761 ψυχῇ,
918 691 975 741 τό
1022 695 1230 760 Πνεῦμα
1277 689 1436 740 αὑτοῦ
1471 706 1482 718 ⁸
1534 687 1682 749 Ἐως
1742 689 1882 761 γὰρ,

271 785 434 854 φησὶ,
483 781 664 852 ἔχετε
728 781 796 831 τό
862 786 1004 850 φῶς,
1067 779 1408 830 πιστεύετε
1471 777 1558 839 εἰς
1596 780 1663 830 τό
1723 785 1883 850 φῶςο

275 872 550 942 ἔρχεται
587 867 716 930 νύξ,
757 868 857 920 ὅτε
895 866 1110 920 ούκέτι
1149 863 1432 920 δύνασθε
1470 865 1885 939 έργάξεσθαι.

282 961 344 1013 Ei
369 977 449 1020 τις
477 961 648 1010 τοίνυν
677 955 772 1008 οῦκ
805 955 1060 1016 ἐζήτησεν
1090 953 1314 1008 ἐντεῦθεν
1344 960 1434 1008 καὶ
1473 954 1620 1008 ἔλαϐε
1649 956 1788 1017 ζωὴν
1818 963 1880 1027 τῇ

286 1047 437 1120 ψυχῇ
490 1050 550 1098 τό
599 1047 765 1099 θεῑκόν
812 1053 913 1117 φῶς
961 1051 1052 1097 τοῦ
1102 1047 1414 1116 Πνεύματος,
1467 1043 1514 1097 ἕν
1554 1053 1626 1116 τῷ
1675 1045 1884 1119 ἐξέρχε-

289 1138 412 1190 σθαι
467 1142 562 1188 τοῦ
621 1139 883 1208 σώματος,
935 1132 984 1186 έν
1041 1141 1150 1196 τοῖς
1214 1133 1509 1206 ἀριστεροῖς
1560 1139 1735 1194 τόποις
1794 1141 1886 1186 τοῦ

285 1231 511 1286 σκότους
561 1221 670 1283 ἠδη
721 1222 1044 1296 ἀφορίζεται,
1094 1222 1162 1283 εὶς
1211 1220 1480 1296 βασιλείαν
1533 1223 1760 1296 οὐρανῶν
1813 1228 1882 1296 μὴ

281 1315 676 1388 εἰσερχόμενος,
740 1311 788 1365 έν
845 1315 1017 1386 γεέννῃ
1077 1315 1136 1365 τὸ
1197 1312 1338 1375 τέλος
1403 1315 1540 1384 ἔχων
1600 1315 1731 1385 μετὰ
1795 1319 1888 1365 τοῦ

279 1401 540 1458 διαϐόλου
587 1407 676 1456 καὶ
713 1410 812 1454 τῶν
863 1401 1088 1474 ἀγγέλων
1133 1401 1315 1455 αὐτοῦ.
1352 1400 1415 1455 Ἦ
1457 1405 1631 1476 ὥσπερ
1662 1405 1888 1474 χρυσίον

279 1495 314 1550 ἧ
379 1490 651 1565 ἀργύριον,
717 1489 841 1544 ἐπὰν
906 1490 1135 1564 ἑμϐληθῆ
1203 1499 1273 1563 τῷ
1330 1496 1477 1566 πυρὶ,
1530 1493 1890 1565 καθαρώτερον

277 1586 374 1633 καὶ
423 1577 793 1655 δοκιμώτερον,
827 1586 1048 1654 γίνεται,
1089 1585 1178 1634 καὶ
1217 1577 1367 1635 οὐδὲν
1411 1578 1631 1635 δύναται
1678 1580 1894 1634 ἀλλοιῶ-

283 1690 380 1724 σαι
411 1671 561 1737 αύτό,
591 1673 696 1724 όῖον
719 1671 865 1735 ξύλα,
911 1676 940 1731 ἣ
985 1675 1212 1744 χόρτος·
1264 1673 1435 1724 πάντα
1483 1674 1585 1745 γὰρ
1619 1670 1780 1725 έσθίει
1827 1674 1894 1723 τὰ

279 1766 691 1835 προσερχόμενα
739 1759 900 1834 αύτῷ,
946 1768 1048 1836 πῦρ
1093 1765 1194 1834 γὰρ
1248 1766 1552 1832 γίγνονται’
1605 1761 1760 1822 οὕτως
1803 1765 1891 1814 καὶ

283 1854 314 1909 ἡ
353 1850 516 1923 ψυχή
561 1850 610 1903 ἐν
661 1858 733 1921 τῷ
787 1856 914 1926 πυρὶ
971 1859 1062 1903 τοῦ
1127 1853 1424 1924 [Ινεύματος
1471 1851 1889 1926 ἀναστρεφομένη

285 1945 375 1993 καὶ
437 1948 509 2011 τῷ
564 1941 715 2010 θεῖκῷ
759 1944 910 2012 φωτὶ,
964 1941 1051 1992 ὑπ’
1091 1937 1299 2002 οὐδενός
1347 1959 1396 1993 τι
1444 1944 1602 1993 κακόν
1663 1945 1895 1993 πείσεται

286 2038 382 2082 τῶν
433 2037 672 2103 πονηρῶν
723 2035 1047 2101 πνευμάτων.
1099 2029 1161 2081 Εἰ
1212 2025 1271 2083 δὲ
1317 2033 1406 2082 καὶ
1450 2035 1786 2102 προσεγγίσει
1842 2049 1894 2081 τι

287 2118 446 2191 αὐτῇ,
507 2117 842 2171 ἀναλίσκεται
880 2119 980 2170 ὑπὸ
1046 2125 1137 2170 τοῦ
1204 2120 1509 2192 ἐπουρανίου
1576 2121 1742 2191 πυρός
1801 2125 1893 2170 τοῦ

285 2210 586 2280 Πνεῦματος
648 2206 717 2260 Ἦ
780 2208 952 2281 ὥσπερ
1020 2210 1266 2275 πετεινόν,
1334 2210 1458 2260 ἐπὰν
1521 2206 1569 2260 έν
1630 2207 1751 2278 ὕψει
1809 2227 1895 2260 πε-

284 2299 483 2369 τασθῇ,
536 2295 813 2370 ἀμέριμνόν
859 2295 1022 2362 ἐστιν,
1068 2298 1133 2357 ὡς
1178 2293 1344 2369 μηδὲν
1395 2293 1652 2362 δεδοικός,
1715 2298 1895 2369 θηρευ-

285 2390 403 2450 τὰς,
457 2387 487 2446 ἡ
557 2388 718 2459 θηρία
768 2388 1004 2457 πονηρά·
1066 2387 1171 2437 ἄνω
1222 2389 1323 2460 γάρ
1376 2406 1474 2439 που
1528 2391 1580 2438 ὄν
1637 2387 1898 2460 καταγελᾷ

291 2478 494 2528 πάντων
519 2497 532 2508 -
579 2475 716 2528 οῦτω
753 2480 842 2528 καὶ
884 2475 1038 2547 ψυχὴ
1089 2474 1324 2529 λαϐοῦσα
1360 2479 1450 2538 τὰς
1499 2481 1761 2550 πτέρυγας
1806 2484 1896 2530 τοῦ

300 2569 611 2638 ῐινεύματος,
673 2570 762 2618 καὶ
828 2565 895 2626 εἰς
942 2569 1006 2618 τὰ
1066 2564 1245 2636 ὑψηλὰ
1293 2573 1382 2618 τοῦ
1458 2567 1677 2640 ούρανοῦ
1742 2587 1896 2621 πετο-

305 2658 448 2725 μένη,
470 2658 670 2707 πάντων
703 2653 928 2727 ἁνωτέρα
957 2651 1111 2719 οὖσα,
1143 2658 1346 2708 πάντων
1377 2656 1654 2729 καταγελᾷ.

1930 1809 1972 1865 Β

372 2777 442 2833 Ζ¹.
480 2784 582 2832 Καὶ
612 2780 638 2830 6
687 2781 778 2850 μὶν
831 2781 964 2831 κατά
995 2781 1168 2852 σάρκα
1218 2779 1453 2853 Ἰσραὴλ,
1504 2785 1618 2834 τότε
1668 2785 1901 2853 σχίσαν-

294 2887 379 2930 τος
411 2872 637 2929 Μωσέως
679 2871 773 2926 τὴν
820 2867 1108 2935 θάλασσαν,
1138 2865 1430 2941 διήρχοντο
1462 2872 1603 2922 κάτω
1628 2887 1640 2901 ο
1667 2871 1810 2923 οῦτοι
1843 2867 1902 2924 δι

290 2961 448 3010 τέκνα
493 2962 622 3010 Θεοῦ
670 2961 808 3020 ὄντες
857 2957 1026 3010 ἐπάνω
1076 2966 1452 3031 περιπατοῦσιν
1513 2959 1598 3012 ini
1653 2963 1748 3018 τὴν
1807 2962 1898 3012 θά-

289 3047 498 3100 λασσαν
563 3054 659 3109 τῆς
719 3052 934 3120 πικρίας
999 3056 1099 3100 τῶν
1163 3056 1398 3120 πονηρῶν
1466 3045 1753 3121 δυνάμεων.
1829 3052 1899 3101 Τό

293 3146 452 3209 σῶμα
479 3140 581 3210 γὰρ
629 3140 718 3188 καὶ
769 3139 799 3194 ἠ
831 3136 987 3209 ψυχὴ
1043 3137 1212 3190 αὐτῶν
1245 3135 1385 3198 οἶκος
1415 3145 1548 3191 Θεοῦ
1577 3143 1852 3210 γεγόνασιν
1882 3155 1894 3168 ·
1931 3165 1972 3221 c

288 3225 338 3279 ἔν
403 3225 569 3298 ἐκείνη
627 3233 690 3298 τῇ
741 3227 930 3299 ἡμέρᾳ,
987 3227 1071 3279 ὅτε
1118 3230 1292 3280 ἔπεσεν
1343 3229 1369 3279 6
1421 3225 1618 3301 Ἀδὰμ,
1677 3224 1826 3286 ἦλθεν
1873 3229 1898 3280 6

287 3319 420 3374 Θεὸς
467 3322 762 3385 περιπατῶν
806 3313 854 3366 έν
897 3322 968 3385 τῷ
1011 3312 1339 3390 παραδείσῳ,
1382 3316 1646 3383 ἔκλαυσεν,
1703 3320 1772 3379 ὡς
1824 3317 1899 3369 εἰ·

290 3412 428 3458 πεῖν.
464 3399 592 3455 ἰδὼν
621 3405 706 3455 τόν
736 3399 934 3476 Ἀδὰμ,
968 3409 1057 3457 καὶ
1087 3407 1320 3477 εἰρηκενσ
1357 3407 1456 3458 Ἐκ
1494 3411 1689 3459 ποίων
1757 3405 1900 3479 6:76:-

293 3495 414 3545 θῶν
441 3498 594 3544 ποῖα
624 3493 905 3566 ᾐρετίσω
935 3495 1136 3549 κακάῑ
1171 3496 1234 3546 ἐκ
1266 3499 1459 3555 ποίας
1491 3491 1687 3558 δόξης
1712 3500 1900 3548 ποίαν

294 3580 630 3652 αἰσχύνην
688 3582 941 3653 φορεῖςί
1008 3587 1066 3634 τί
1133 3587 1458 3645 σκοτεινὸς
1520 3581 1573 3637 εἶ
1633 3585 1776 3639 νῦνῖ
1839 3590 1900 3638 τί

297 3665 654 3730 δυσειδήςί
716 3675 774 3723 τί
833 3671 1120 3744 σαπρόςὶ
1181 3675 1245 3725 ἑκ
1283 3677 1471 3725 ποίου
1530 3678 1730 3746 φωτός
1771 3675 1898 3727 οἷοὶ

298 3764 528 3820 σκότος
588 3758 864 3832 ἐκάλυψέ
931 3761 1032 3816 σει
1074 3766 1163 3812 καὶ
1193 3767 1435 3823 πεσόντος
1474 3771 1565 3814 τοῦ
1591 3759 1770 3835 Ἀδὰμ
1809 3784 1901 3816 καν

294 3847 644 3910 ἀποθανόντος
673 3847 773 3902 ἀπό
803 3857 895 3902 τοῦ
926 3858 1080 3916 Θεοῦ,
1121 3849 1364 3904 ἔκλαυσεν
1392 3851 1546 3903 αὐτόν
1587 3854 1612 3903 6
1655 3857 1899 3918 Ποιητὴς,

296 3937 535 4010 ἄγγελοι,
587 3944 756 3991 πᾶσαι
785 3942 840 3992 αἱ
887 3936 1156 4012 δυνάμεις,
1186 3939 1414 4011 οὐρανοὶ,
1466 3949 1558 4011 γῆ,
1600 3946 1688 3993 καὶ
1735 3943 1905 3994 πάντα

296 4029 367 4079 τὰ
407 4032 680 4098 κτίσματα
720 4026 1004 4087 ἐπένθησαν
1043 4028 1128 4080 ἐπὶ
1168 4037 1238 4099 τῷ
1285 4030 1486 4100 θανάτῳ
1525 4035 1614 4081 καὶ
1663 4037 1725 4102 τῇ
1771 4036 1904 4082 πτώ-

301 4135 382 4169 σει
428 4115 626 4168 αῦτοῦ’
678 4119 765 4170 τὸν
811 4119 912 4190 γὰρ
959 4115 1175 4170 δοθέντα
1226 4117 1406 4180 αὐτοῖς
1453 4115 1675 4190 βασιλέα
1722 4115 1906 4171 δοῦλον

299 4202 442 4258 εἶδον
517 4211 764 4277 γεγονότα
837 4205 1064 4268 έναντίας
1137 4211 1226 4260 καὶ
1300 4213 1528 4283 πονηρᾶς
1615 4204 1902 4280 δυνάμεως.

300 4299 491 4356 Σκότος
523 4300 692 4347 τοίνυν
735 4291 1015 4349 ἐνεδύσατο
1069 4295 1117 4348 έν
1163 4305 1225 4369 τῇ
1261 4297 1444 4349 ἑαυτοῦ
1493 4297 1672 4370 ψυχῇ,
1723 4302 1906 4362 σκότος

301 4387 512 4458 πικρόν,
544 4389 633 4435 καὶ
677 4389 932 4458 πονηρόν·
974 4384 1280 4443 ἑϐασιλεύθη
1314 4389 1412 4458 γὰρ
1453 4388 1553 4438 ὑπὸ
1594 4394 1685 4438 τοῦ
1715 4388 1909 4462 ἄρχον.

300 4493 389 4535 τος
420 4479 514 4525 τοῦ
565 4477 806 4535 σκότους.
849 4474 1012 4537 Οὗτος
1052 4471 1112 4534 ἧν
1162 4477 1187 4527 ό
1218 4478 1628 4548 τραυματισθεὶς
1661 4477 1762 4528 ὑπὸ
1809 4486 1909 4529 τῶν
1946 4518 1991 4573 D

301 4562 531 4637 λῃστῶν,
591 4569 680 4615 καὶ
739 4565 1002 4635 ἡμιθανὴς
1052 4571 1296 4636 γεγονὼς,
1363 4571 1748 4640 κατερχόμενος
1809 4570 1909 4619 από

299 4650 648 4726 Ἰερουσαλὴμ
678 4652 748 4714 εἰς
776 4651 1004 4725 Ἰεριχω.

381 4776 462 4830 H’.
525 4781 623 4830 Καὶ
669 4779 767 4852 γὰρ
817 4782 905 4830 καὶ
957 4778 1221 4852 Λάζαρος,
1275 4778 1328 4829 ὃν
1377 4780 1402 4830 ό
1460 4781 1649 4854 Κύριος
1699 4778 1914 4839 ἀνίστη-

311 4886 415 4930 an,
467 4867 494 4918 6
545 4866 735 4928 πολλῆς
789 4863 1065 4929 δυσωδίας
1112 4873 1302 4939 γέμων,
1335 4870 1468 4921 ὥστε
1497 4865 1700 4941 μηδένα
1753 4865 1915 4922 δύνα-

311 4958 440 5010 σθαι
506 4963 578 5025 τῷ
633 4959 868 5028 μνήματι
933 4962 1302 5030 προσεγγίσαι,
1372 4955 1628 5030 σύμϐολον
1689 4955 1748 5016 ἦν
1825 4967 1914 5012 τοῦ

310 5041 510 5117 ’Δδάμ,
561 5052 652 5098 τοῦ
704 5045 894 5104 πόλλὴν
943 5042 1213 5099 δυσωδίαν
1267 5046 1315 5099 ἐν
1369 5056 1430 5120 τῇ
1485 5047 1638 5120 ψυχῇ
1694 5048 1918 5120 προσλα-

312 5134 514 5198 ϐόντος,
599 5139 688 5186 καὶ
765 5133 1007 5205 μελανίας
1085 5140 1173 5188 καὶ
1259 5141 1477 5199 σκότους
1542 5137 1912 5211 πληρωθέντος.

311 5223 475 5276 Ἀλλὰ
519 5226 606 5287 σὺ,
661 5225 781 5276 ὅταν
826 5223 1058 5298 ἀκούσης
1110 5230 1226 5298 περὶ
1274 5222 1469 5298 Ἀδὰμ,
1527 5231 1614 5278 καὶ
1663 5232 1780 5299 περὶ
1827 5235 1918 5279 τοῦ

314 5317 849 5386 τετραυματισμένον,
909 5319 997 5366 καὶ
1051 5321 1141 5366 τοῦ
1195 5315 1464 5388 Λαζάρου,
1521 5319 1593 5388 μὴ
1651 5314 1920 5389 ἀπολύσῃς

320 5422 417 5456 σου
448 5406 535 5454 τόν
583 5409 700 5454 νοῦν
735 5403 909 5476 ὧσωερ
942 5402 1013 5464 εἰς
1066 5408 1182 5478 όξοη,
1215 5402 1324 5456 ἀλλ’
1381 5401 1525 5458 ἔνδον
1559 5403 1606 5456 έν
1651 5413 1711 5477 τῇ
1763 5404 1916 5477 ψυχὴ

325 5512 421 5546 σου
441 5497 646 5566 γίγνου,
679 5494 760 5545 ὅτι
807 5495 896 5546 καὶ
951 5497 1013 5546 σὺ
1057 5496 1120 5546 τὰ
1171 5494 1302 5548 αῦτὰ
1352 5497 1646 5568 τραύματα,
1699 5500 1788 5547 καὶ
1830 5499 1923 5555 την

403 5691 619 5747 ’Joau.
661 5706 737 5760 xu,
767 5691 820 5745 4.
900 5695 918 5725 ³
960 5693 1093 5747 Luc.
1129 5710 1189 5750 ι.

1276 5695 1294 5728 ⁸
1335 5695 1502 5752 Joan.
1529 5710 1608 5765 ix,
1638 5698 1726 5753 39.

1499 292 1832 350 HOMILI/E.
1875 325 1946 336 —
1983 294 2156 352 HOM.
2200 298 2368 355 XXX.

3535 297 3638 351 726

1999 422 2138 479 dere
2163 423 2237 480 ad
2262 425 2602 491 Dominum,
2633 425 2950 483 obsecrare
2977 427 3040 481 ut
3067 423 3206 481 hinc
3236 424 3644 494 consequatur

1998 512 2283 584 Spiritum
2327 514 2599 570 divinum
2628 531 2639 569 :
2676 517 2800 588 ipse
2827 516 2985 571 enim
3031 519 3121 570 est
3151 515 3271 569 vita
3313 513 3550 576 animae,
3583 513 3645 564 et

1998 608 2314 674 propterea
2344 601 2587 658 advenit
2615 605 2917 670 Dominus,
2964 610 3025 660 ut
3071 603 3210 658 hinc
3257 602 3439 656 vitam
3468 597 3645 667 largi-

1997 697 2156 746 retur
2187 692 2424 755 animae,
2460 693 2744 763 Spiritum
2775 709 2995 765 nempe
3031 708 3206 747 suum
3233 708 3245 746 :
3276 691 3429 745 Dum
3453 687 3608 743 enim
3632 727 3645 751 ,

1996 779 2208 853 inquit,
2241 781 2422 837 lucem
2457 781 2696 846 habetis,
2733 783 2952 838 credite
2979 783 3043 837 in
3067 782 3250 838 lucem
3277 801 3295 836 :
3319 777 3476 836 venit
3497 791 3642 838 nox,

1994 871 2234 940 quando
2251 887 2418 926 nemo
2429 878 2616 942 potest
2637 873 2876 940 operari
2896 871 3000 927 ’.Si
3021 872 3152 942 quis
3177 885 3317 938 ergo
3339 883 3458 923 non
3483 881 3646 939 quae-

1996 959 2157 1015 sierit
2185 960 2344 1026 hinc,
2385 966 2441 1016 et
2468 967 2823 1016 consecutus
2854 960 3028 1014 fuerit
3058 960 3237 1014 vitam
3292 957 3531 1019 animae,
3561 954 3645 1009 di-

1997 1050 2202 1105 vinum
2229 1050 2433 1105 lumen
2465 1051 2732 1122 Spiritus,
2761 1050 2854 1104 ille
2880 1049 2980 1104 ubi
3012 1048 3292 1118 migrabit
3319 1061 3351 1102 e
3375 1059 3644 1117 corpore,

1996 1138 2057 1194 in
2112 1139 2353 1194 sinistra
2394 1139 2525 1195 loca
2582 1139 2965 1195 tenebrarum
3008 1138 3137 1207 jam
3187 1141 3552 1204 scgregatur,
3587 1132 3646 1186 in

1997 1243 2250 1298 regnum
2297 1227 2582 1285 caelorum
2636 1245 2754 1284 non
2787 1227 3152 1298 ingrediens,
3192 1229 3408 1279 nactus
3459 1221 3648 1276 ﬁnem

1999 1318 2060 1373 in
2085 1317 2361 1388 gebenna
2385 1333 2522 1373 cum
2544 1317 2787 1374 diabolo
2814 1324 2870 1372 et
2888 1317 3119 1386 angelis
3145 1315 3422 1386 ejus.Aut
3443 1325 3652 1384 quem-

2000 1407 2332 1463 admodum
2367 1423 2584 1462 aurum
2644 1407 2738 1461 vel
2786 1411 3124 1475 argentum,
3185 1403 3522 1474 conjectum
3592 1400 3650 1456 in

2001 1498 2222 1568 ignem,
2257 1497 2463 1568 purius
2483 1502 2540 1551 et
2559 1496 2873 1568 probatius
2897 1494 3168 1559 efﬁcitur,
3197 1491 3652 1564 necquidquam

2002 1592 2198 1660 potest
2221 1585 2365 1640 illud
2388 1591 2640 1649 mutare,
2675 1601 2891 1655 nempe
2918 1584 3009 1639 vel
3037 1584 3260 1654 lignum
3293 1580 3386 1636 vel
3416 1579 3605 1634 herba
3635 1595 3648 1632 :

2002 1677 2212 1732 omnia
2231 1676 2387 1732 enim
2421 1676 2532 1731 sibi
2564 1675 2798 1746 adjecta
2828 1673 3144 1732 consumit,
3169 1687 3303 1742 quae
3321 1668 3566 1740 quidem
3592 1666 3653 1721 in

2002 1768 2201 1837 ignem
2255 1765 2563 1822 evadunt:
2599 1765 2940 1835 sicquoque
2989 1761 3191 1817 anima
3238 1763 3298 1814 in
3331 1760 3469 1828 igne
3525 1754 3648 1828 Spi-

2003 1857 2166 1921 ritus,
2191 1861 2248 1911 et
2276 1855 2336 1910 in
2365 1854 2590 1909 lumine
2619 1851 2826 1907 divino
2857 1865 3238 1917 conversans,
3273 1845 3415 1902 nihil
3440 1861 3476 1900 a
3503 1859 3653 1916 quo-

2002 1962 2188 2018 quam
2221 1942 2868 2018 pravorumspirituum
2905 1944 3124 2010 patitur
3155 1954 3169 1990 :
3203 1942 3261 1992 et
3289 1937 3657 2006 licetappro-

2002 2037 2254 2107 pinquet
2280 2033 2592 2105 quidpiam
2624 2030 3112 2095 illi,consumitur
3137 2027 3250 2081 ida
3279 2023 3656 2092 coelestiigne

2007 2124 2280 2197 Spiritus.
2313 2125 2427 2178 Aut
2459 2121 2631 2176 veluti
2663 2119 2934 2182 volucris,
2969 2120 3014 2171 si
3046 2118 3106 2171 in
3135 2116 3325 2172 altum
3384 2111 3653 2175 evolarit,

2005 2217 2332 2275 securaest,
2352 2209 2506 2265 velut
2544 2207 2974 2263 nihilmetuens
3005 2207 3409 2275 aucupes,aut
3444 2199 3657 2256 noxias

2004 2301 2224 2357 bestias
2254 2317 2268 2365 ;
2308 2299 2605 2371 siquidem
2629 2311 2815 2368 supra
2844 2297 2990 2350 dum
3024 2300 3134 2358 est,
3167 2291 3655 2348 deridetomnes:

2007 2394 2095 2447 sic
2120 2405 2362 2464 quoque
2400 2389 2624 2453 anima,
2657 2385 2919 2457 acceptis
2948 2383 3056 2439 alis
3083 2383 3355 2454 Spiritus,
3388 2381 3443 2434 in
3470 2377 3660 2433 subli-

2009 2498 2134 2538 mes
2153 2484 2196 2552 ι
2215 2480 2318 2552 17
2357 2477 2486 2534 coeli
2515 2477 2787 2546 regiones
2813 2474 3080 2536 evolans,
3113 2487 3251 2527 cum
3273 2471 3346 2526 sit
3375 2467 3659 2524 omnibus

2008 2570 2338 2634 sublimior,
2366 2566 2574 2624 omnia
2602 2564 2745 2620 risui
2785 2563 2987 2619 habet.

2080 2785 2196 2841 VII.
2250 2785 2313 2838 Et
2357 2780 2602 2855 quidem
2655 2776 2913 2850 populus
2953 2774 3132 2831 Israel
3164 2771 3495 2829 secundum
3537 2784 3662 2824 car-

2011 2892 2172 2943 nem,
2203 2890 2342 2929 cum
2368 2879 2507 2926 tunc
2524 2867 2808 2924 divideret
2827 2869 3009 2922 Moses
3031 2880 3218 2928 mare,
3243 2862 3526 2917 deorsum
3552 2864 3665 2914 tra-

2005 2965 2143 3036 jecit
2185 2980 2196 3018 :
2241 2963 2299 3018 bi
2322 2976 2484 3025 vero,
2517 2975 2655 3014 cum
2702 2956 2821 3011 sint
2861 2954 2962 3009 ﬁlii
3014 2954 3138 3017 Dei,
3167 2966 3407 3006 sursum
3459 2948 3664 3003 deam-

2009 3053 2221 3110 bulant
2248 3065 2427 3122 super
2447 3063 2608 3104 mare
2635 3045 3092 3103 acerbissimum
3121 3053 3539 3113 perversurum
3562 3052 3665 3108 po-

2012 3149 2318 3200 testatum.
2349 3141 2574 3209 Corpus
2604 3137 2763 3191 enim
2804 3139 2858 3189 et
2899 3133 3105 3188 anima
3148 3129 3389 3184 illorum
3442 3126 3662 3182 domus

2014 3232 2279 3289 Deifacta
2293 3234 2449 3284 sunt.
2467 3227 2567 3282 Die
2584 3225 2703 3289 illa,
2719 3223 3062 3296 qualapsus
3077 3224 3166 3276 est
3181 3219 3393 3283 Adam,
3412 3214 3665 3272 accessit

2013 3326 2183 3387 Deus,
2215 3318 2534 3376 ambulans
2568 3316 2628 3370 in
2659 3311 2966 3386 paradiso,
2998 3310 3362 3366 lamentatus
3391 3309 3566 3368 est,ut
3587 3304 3666 3358 ita

2009 3413 2236 3482 dicam,
2284 3412 2604 3478 conspecto
2643 3405 2789 3467 Ada,
2826 3417 2896 3458 ac
2935 3400 3120 3455 dixit:
3153 3398 3372 3466 Quibus
3427 3409 3458 3451 e
3502 3394 3666 3449 bonis

2011 3501 2216 3574 qualia
2237 3497 2509 3556 excitasti
2538 3495 2704 3551 mala
2735 3493 2763 3547 7
2779 3492 2833 3548 Ε
2853 3505 2971 3564 qua
2995 3488 3191 3559 gloria
3214 3486 3392 3558 quale
3413 3483 3665 3574 dedecus

2009 3569 2163 3663 aeris
2193 3589 2352 3644 ‘lCur
2377 3584 2716 3643 tenebrosus
2739 3597 2796 3638 es
2819 3580 2988 3636 modo
3011 3577 3039 3632 ?
3061 3593 3170 3633 cur
3187 3574 3472 3644 deformis
3503 3569 3528 3626 Τ
3556 3586 3666 3626 cur

2004 3662 2330 3753 putridus'f?
2345 3675 2514 3748 quali
2533 3688 2608 3730 ea:
2647 3672 2870 3728 lumine
2899 3669 3045 3724 tales
3077 3665 3329 3722 tenebrae
3363 3662 3669 3718 obvelave-

2010 3747 2150 3825 runt
2174 3777 2228 3824 te
2254 3769 2282 3823 ‘l
2307 3747 2372 3820 Et
2399 3763 2811 3836 quidem,cum
2834 3754 3370 3817 cecidissetAdam,
3393 3758 3498 3806 eta
3518 3747 3666 3804 facie

2013 3859 2112 3914 Dei
2149 3861 2418 3912 mortuus
2456 3856 2629 3914 esset,
2663 3849 2809 3904 luxit
2853 3862 2992 3901 eum
3021 3845 3279 3906 Creator,
3316 3838 3532 3907 angeli,
3556 3838 3670 3892 vir-

2012 3954 2166 4003 tutes
2193 3959 2425 4007 omnes,
2459 3940 2610 4003 caeli,
2648 3943 2820 4000 terra,
2849 3941 2904 3990 et
2930 3947 3141 3988 omnes
3180 3936 3466 3985 creaturas
3508 3927 3674 3980 luxe-

2014 4041 2150 4093 runt
2181 4038 2432 4089 mortem
2454 4037 2509 4086 et
2538 4043 2744 4083 casum
2774 4026 2902 4096 ejus
2937 4040 2948 4078 :
2979 4038 3116 4077 eum
3145 4020 3326 4080 enim,
3359 4016 3463 4088 qui
3490 4014 3669 4069 datus

2015 4131 2140 4180 erat
2166 4122 2281 4178 illis
2313 4136 2436 4185 rex,
2469 4132 2708 4172 servum
2744 4112 3028 4168 videbant
3049 4110 3271 4166 factum
3304 4120 3437 4161 esse
3460 4102 3670 4160 adver-

2018 4213 2187 4270 sariaa
2218 4215 2275 4267 et
2319 4223 2518 4282 pravae
2565 4204 2894 4278 potestatis.
2928 4199 3208 4257 Tenebris
3255 4195 3434 4266 igitur
3479 4192 3672 4247 induit

2017 4319 2189 4360 suam
2231 4299 2520 4361 animam,
2549 4301 2604 4350 et
2629 4293 2876 4366 quidem
2900 4288 3157 4346 tenebris
3189 4284 3421 4342 acerbis
3443 4298 3512 4339 ac
3540 4297 3672 4353 pra-

2018 4388 2452 4462 viszsiquidem
2478 4385 2753 4440 redactus
2784 4385 2869 4437 est
2896 4379 3010 4434 sub
3034 4377 3350 4449 imperium
3387 4370 3674 4446 principis

2020 4461 2422 4536 tenebrarum.
2448 4475 2498 4528 ls
2539 4477 2686 4538 erat,
2719 4470 2820 4542 qui
2866 4467 3211 4524 vulneratus
3242 4482 3274 4520 a
3315 4461 3674 4524 latronibus,

2022 4569 2446 4624 semimortuus
2475 4563 2712 4619 relictus
2753 4567 2857 4625 est,
2889 4573 3023 4613 cum
3053 4554 3444 4612 descenderet
3470 4551 3547 4608 ab
3577 4551 3674 4605 Je-

2023 4656 2280 4714 rusalem
2318 4669 2523 4710 versus
2551 4651 2786 4708 Jericho
2811 4653 2855 4703 ³.

2099 4781 2234 4836 Vlll.
2270 4779 2548 4846 Quiuimo
2581 4779 2830 4832 Lazarus
2860 4771 3359 4846 quoque‘,quem
3394 4765 3680 4821 Dominus

2033 4870 2326 4934 excitavit,
2369 4867 2521 4924 adeo
2563 4864 2748 4920 multo
2788 4864 2968 4918 fetore
2998 4861 3232 4932 plenus,
3261 4861 3322 4911 ut
3346 4870 3526 4911 nemo
3545 4869 3684 4925 pos-

2031 4967 2120 5015 set
2167 4962 2559 5014 monumento
2598 4952 3106 5026 appropinquare,
3141 4955 3315 5019 typus
3355 4950 3483 4999 erat
3516 4943 3679 5011 Adae,

2045 5049 2145 5122 qui
2197 5046 2446 5102 multum
2484 5044 2682 5100 feloris
2730 5048 2786 5097 et
2852 5035 3270 5109 graveolentiae
3317 5035 3376 5088 in
3413 5034 3682 5088 animam

2037 5139 2266 5202 ascivit,
2291 5142 2346 5192 et
2380 5134 2630 5204 caligine
2663 5148 2732 5188 ac
2777 5128 3032 5185 tenebris
3061 5125 3315 5197 repletus
3343 5122 3470 5178 fuit.
3507 5124 3682 5176 Crete-

2028 5243 2162 5282 rum
2191 5231 2272 5290 tu,
2314 5241 2447 5279 cum
2478 5221 2736 5278 audieris
2775 5221 2848 5274 de
2881 5217 3126 5278 Adamn,
3159 5214 3232 5269 de
3275 5212 3603 5272 vulnerato,
3628 5214 3684 5264 et

2037 5316 2278 5380 Lazaro,
2309 5329 2380 5369 ne
2425 5311 2689 5368 dimittas
2723 5315 2981 5364 mentem
3024 5313 3185 5360 tuam
3222 5302 3375 5358 velut
3420 5301 3477 5355 in
3521 5316 3686 5355 mon-

2037 5410 2180 5468 tem,
2204 5403 2309 5458 sed
2339 5403 2496 5458 intus
2527 5402 2585 5456 in
2626 5399 3031 5455 animatecum
3056 5391 3514 5464 babita,quiatu
3542 5405 3685 5461 quo-

2041 5510 2157 5567 que
2187 5491 2398 5550 eadem
2439 5491 2702 5555 vulnera,
2727 5487 3006 5544 eumdem
3030 5485 3298 5548 fetorem,
3323 5481 3687 5552 easdemque
