4076 6210
424 282 529 338 727

1708 286 1769 343 S.
1811 284 2110 342 MACARII
2150 282 2409 341 IEGYP’I‘
2412 284 2459 341 ΙΙ

3670 281 3787 338 728

424 407 700 465 tenebras
725 412 943 479 gestas.
978 411 1198 467 Omnes
1227 410 1389 467 enim
1419 411 1527 469 ﬁlii
1558 428 1767 468 sumus
1792 412 1947 467 illius
1988 417 2065 468 te-

2199 410 2344 469 ιύτὴν
2385 407 2678 474 δυσωδίαν,
2714 416 2804 463 καὶ
2843 414 2900 463 τὸ
2940 411 3068 464 αὐτὸ
3109 415 3291 474 σκότος
3329 418 3519 485 φορεῖς.
3552 409 3783 462 Ἐκείνου

424 496 668 554 nebrosi
711 498 967 567 generis,
1002 504 1059 553 et
1079 516 1289 556 omnes
1313 501 1464 556 illius
1491 502 1909 571 graveolentiie
1942 518 2075 573 par-

423 586 628 658 ticipes
669 604 897 642 sumus.
918 589 1047 654 Qua
1084 589 1261 659 igitur
1288 590 1583 647 laboravit
1615 591 1927 649 affectione
1958 591 2073 655 ille,

426 678 635 732 eadem
658 692 894 741 omnes,
926 679 1028 749 qui
1063 694 1135 734 ex
1166 680 1393 735 semine
1419 680 1557 735 Adae
1581 698 1811 746 sumus.
1844 681 2076 738 labora-

426 779 585 819 mus.
609 765 760 821 Talis
789 766 949 822 enim
975 766 1211 823 affectio
1237 768 1500 836 contigit,
1528 770 1609 825 uti
1636 770 1819 827 Isaias
1852 772 2069 843 inquit:

424 853 558 909 Non
584 858 665 909 est
692 855 929 921 vulnus,
954 872 1073 911 non
1093 861 1178 912 est
1202 857 1475 925 cicatrix,
1508 875 1628 915 non
1640 866 1720 916 est
1728 861 2076 933 plaga,quz

425 944 651 999 saniem
673 945 918 1001 emittat.
943 946 1081 1001 Non
1109 946 1291 1002 datur
1305 948 1637 1017 fomentum
1666 966 1966 1021 apponere
1983 955 2076 1009 vel

425 1033 760 1099 oleum,nec
784 1033 1183 1103 obtigaturam
1204 1036 1409 1106 facere
1429 1038 1449 1073 "
1480 1055 1493 1093 ε
1528 1055 1718 1111 usque
1748 1041 2075 1097 adeoincu-

424 1120 598 1177 rabili
638 1121 880 1178 vulnere
906 1123 1155 1180 sauciati
1184 1141 1413 1193 sumus,
1432 1129 1596 1199 quod
1632 1145 1753 1187 non
1780 1131 1891 1186 nisi
1913 1132 2076 1187 solus

432 1209 721 1265 Dominus
760 1213 950 1281 potuit
1001 1227 1229 1269 curare.
1259 1217 1572 1288 Propterea
1605 1220 1766 1276 enim
1806 1220 1898 1277 ille
1948 1222 2076 1294 ipse

431 1299 614 1365 venit,
644 1300 789 1372 quia
813 1317 992 1358 nemo
1023 1319 1094 1358 ex
1114 1306 1431 1374 veteribus,
1454 1324 1649 1380 neque
1674 1309 1768 1366 lex
1791 1310 1943 1383 ipsa,
1967 1328 2073 1369 nec

430 1389 735 1460 prophetae
777 1396 1099 1461 potuerunt
1145 1410 1377 1453 sanare.
1402 1397 1503 1453 Hic
1544 1415 1684 1456 vero
1721 1400 1885 1456 solus
1937 1418 2075 1458 cum

429 1479 707 1544 venisset,
733 1482 960 1537 curavit
974 1482 1214 1553 plagam
1227 1482 1391 1541 illam
1409 1486 1629 1544 animae
1642 1489 2039 1548 insanabilem
2054 1536 2067 1550 .

506 1677 587 1730 IX.
633 1676 1420 1751 Snscipiamusergoipsum
1452 1683 1638 1741 Deum
1665 1703 1736 1743 ac
1777 1690 2076 1759 Dominm,

2181 501 2281 573 γὰρ
2349 502 2532 563 πάντες
2590 504 2739 572 εσμὲν
2810 504 2916 553 υἱοὶ
2971 508 3061 553 τοῦ
3118 509 3381 554 σκοτεινοῦ
3434 502 3635 572 γένους,
3694 501 3786 549 καὶ

2182 591 2369 652 πάντες
2421 597 2514 652 τῆς
2563 590 2726 651 αὐτῆς
2783 587 3052 652 δυσωδίας
3112 595 3417 663 μετέχομεν.
3470 589 3633 661 *Οπερ
3694 583 3785 639 οὖν

2184 682 2399 732 πέπονθε
2449 682 2615 742 πάθος
2667 682 2869 746 ἐκεῖνος,
2927 688 3079 732 τοῦτο
3135 682 3318 742 πάντες
3364 678 3419 732 ἐκ
3476 686 3567 731 τοῦ
3624 680 3787 751 σπέρ-

2181 786 2340 841 ματος
2379 764 2559 841 ’Δδὰμ
2606 773 2745 832 ὄντες
2783 771 3103 841 πεπόνθαμεν
3126 787 3138 799 ·
3195 777 3429 823 τοιοῦτον
3457 770 3558 843 γὰρ
3616 768 3787 826 πάθος

2183 857 2525 929 συμϐέϐηκεν,
2556 861 2619 920 ὥς
2649 878 2804 931 φησιν
2830 858 3053 921 Ἠσαίας
3074 876 3087 887 ·
3130 858 3258 910 Οὐκ
3310 860 3448 911 ἔστι
3501 862 3781 932 τραῦμα,

2182 950 2325 1000 οὔτε
2362 946 2615 1019 μώλωψ,
2656 951 2800 1000 οὔτε
2844 947 3052 1018 πληγή
3106 947 3618 1020 φλεγμαίνουσα,
3673 943 3792 995 οὐκ

2183 1039 2324 1090 ἔστι
2353 1036 2657 1110 μάλαγμα
2683 1034 3023 1103 ἓπιθεῖναι,
3050 1039 3191 1089 οὔτε
3221 1037 3455 1099 ἔλαιον,
3496 1038 3640 1087 οὔτε
3678 1051 3784 1084 κα-

2180 1124 2549 1199 ταδέσμους
2585 1134 2883 1185 ποιῆσαι.
2917 1126 3095 1188 Οῦτως
3126 1123 3329 1179 ἀνίατον
3364 1131 3575 1199 τραῦμα
3602 1121 3793 1196 έτραυ-

2183 1218 2537 1289 ματίσθημεν,
2603 1219 2740 1287 μόνῳ
2797 1222 2868 1285 τῷ
2941 1218 3115 1289 Κυρίῳ
3177 1210 3399 1268 δυνατόν
3468 1215 3791 1286 θεραπεῦσαι

2184 1304 2333 1361 αὐτό.
2373 1309 2466 1357 Διὰ
2490 1312 2643 1358 τοῦτο
2671 1306 2772 1377 γὰρ
2801 1308 2891 1357 καὶ
2939 1301 3014 1357 δι’
3066 1304 3253 1357 ἑαυτοῦ
3280 1300 3451 1369 ἦλθεν,
3489 1303 3567 1355 ότι
3596 1296 3789 1373 μηδεὶς

2184 1402 2279 1447 τῶν
2321 1394 2583 1469 ἀρχαίων,
2625 1397 2741 1447 οὔτε
2784 1394 2810 1446 6
2847 1398 3001 1466 νόμος
3051 1393 3227 1460 αὐτὸς,
3270 1397 3387 1445 οὔτε
3438 1393 3487 1444 οἰ
3523 1399 3787 1464 προφῆται

2183 1491 2333 1537 τοῦτο
2361 1480 2705 1543 ἠδυνήθησαν
2738 1484 3072 1557 θεραπεῦσαι.
3116 1483 3281 1544 Οὗτος
3319 1479 3379 1534 δε
3416 1486 3568 1552 μόνος
3608 1478 3789 1546 nam,

2185 1576 2494 1646 ἐθεράπευσε
2522 1577 2609 1632 τὴν
2638 1572 2840 1643 πληγὴν
2870 1575 3065 1630 ἐκείνην
3092 1580 3187 1635 τῆς
3214 1571 3402 1643 ψυχῆς
3431 1574 3524 1629 τὴν
3556 1568 3796 1621 ἀνίατον.

2256 1681 2332 1737 Θ’.
2362 1678 2797 1753 Προσδιχώμεθα
2834 1684 3004 1733 τοίνυν
3035 1684 3120 1732 τὸν
3156 1684 3283 1734 Θεὸν
3321 1684 3412 1731 καὶ
3455 1680 3662 1749 Κύριον,
3710 1679 3803 1729 τὸν

429 1778 637 1819 verum
668 1766 988 1831 medicum,
1016 1770 1117 1841 qui
1149 1770 1311 1826 solus
1350 1773 1609 1841 veniens,
1645 1784 1841 1848 potest
1864 1797 2079 1837 sanare

2199 1772 2428 1831 Ξιληθινόν
2478 1773 2813 1843 θεραπευτὴν,
2867 1771 2918 1831 ὃς
2968 1775 3122 1836 μόνος
3173 1766 3393 1829 δυνατός
3448 1766 3588 1819 ἔστιν
3638 1765 3803 1818 έλθὼν

430 1853 668 1908 animas
709 1862 965 1923 nostras,
1002 1865 1320 1931 postquam
1361 1862 1629 1935 ingentes
1673 1870 1857 1923 nostri
1897 1887 2081 1927 causa

432 1943 715 1998 sustinuit
753 1944 1013 2000 labores.
1045 1947 1247 2004 Pulsat
1267 1951 1426 2007 enim
1459 1962 1747 2025 perpetuo
1778 1958 1932 2013 fores
1956 1976 2082 2016 cor-

429 2028 595 2086 dium
636 2039 1003 2100 nostrorum,
1048 2043 1108 2092 ut
1136 2040 1480 2109 aperiamus
1508 2043 1581 2106 ei,
1621 2060 1742 2116 quo
1776 2048 2082 2119 ingressus

430 2120 763 2191 requiescat
802 2123 861 2178 in
892 2124 1337 2183 animisnostris
1366 2147 1379 2195 ;
1408 2138 1535 2187 utet
1555 2133 1876 2191 abluamus
1909 2144 2083 2194 etun-

433 2224 649 2279 gamus
673 2212 851 2279 pedes
881 2213 1098 2284 ejus,et
1121 2218 1496 2276 mansionem
1520 2222 1646 2292 ipse
1679 2226 1838 2296 apud
1864 2242 1974 2282 nus
1997 2228 2083 2284 fa-

433 2297 563 2387 ciet.
598 2301 825 2355 Etenim
858 2301 974 2358 illic
1023 2308 1346 2374 exprobrat
1395 2309 1685 2367 Dominus
1712 2314 1783 2379 ei,
1816 2316 1918 2387 qui
1961 2332 2080 2373 non

432 2386 659 2443 laverat
679 2394 861 2459 pedes
899 2391 1029 2461 ejus
1060 2394 1101 2447 ’.
1146 2396 1211 2449 Et
1249 2412 1486 2452 rursum
1522 2400 1662 2457 alibi
1702 2386 1851 2459 dicit
1885 2424 1897 2460 :
1931 2407 2085 2465 Ecce

434 2483 523 2532 sto
563 2477 644 2532 ad
683 2478 913 2544 ostium,
963 2488 1016 2537 et
1056 2484 1253 2552 pulso,
1282 2486 1335 2540 si
1389 2489 1519 2558 quis
1576 2492 1834 2549 audierit
1886 2512 2080 2553 vocem

433 2580 644 2632 meam,
668 2573 720 2621 et
753 2571 1055 2636 aperuerit
1067 2572 1341 2639 ianuam,
1358 2575 1597 2634 intrabo
1612 2581 1876 2639 adittum
1890 2585 1929 2638 ⁷.
1950 2588 2081 2640 Pro-

435 2660 639 2723 pterea
670 2656 829 2711 enim
896 2659 1081 2714 multa
1129 2676 1448 2733 perpessus
1502 2671 1800 2736 sustinuit,
1846 2674 2084 2730 tradens

435 2757 613 2797 suum
654 2743 848 2812 ipsius
878 2762 1093 2817 corpus
1129 2753 1324 2817 morti,
1358 2769 1470 2809 nos
1513 2757 1814 2815 redimens
1841 2778 1877 2817 a
1907 2765 2083 2819 servi-

436 2833 575 2893 tute,
603 2836 665 2885 ut
695 2832 916 2888 veniret
949 2836 1026 2890 ad
1065 2839 1332 2896 animam
1383 2850 1671 2914 nostram,
1714 2855 1768 2904 et
1826 2853 2083 2909 mansio-

438 2933 575 3010 nem
604 2919 824 2978 faceret
862 2923 922 2978 in
944 2940 1033 2981 ea.
1069 2928 1441 3003 Quapropter
1461 2934 1541 2991 ad
1562 2935 1712 3005 illos,
1744 2940 1846 3010 qui
1874 2956 1908 2995 a
1948 2942 2086 2997 sini-

436 3007 570 3063 stris
603 3015 827 3066 stantes
857 3012 916 3067 in
934 3013 1180 3082 judicio,
1214 3018 1292 3074 ab
1332 3037 1402 3076 eo
1427 3024 1739 3081 mittuntur
1766 3007 1834 3083 in
1868 3030 2083 3098 gehen-

2191 1862 2446 1915 ἰάσασθαι
2498 1862 2592 1919 τὰς
2645 1858 2826 1930 ψυχὰς
2881 1860 3049 1931 ἡμῶν,
3114 1862 3438 1918 κεκοπιακὼς
3503 1854 3666 1908 πολλὰ
3722 1852 3803 1908 δι’

2189 1954 2344 2023 ἡμᾶς.

2188 2043 2355 2110 ἡμῶν,
2420 2041 2503 2090 ἱνα
2572 2037 2848 2109 ἁνοίξωμεν
2902 2036 3066 2108 αὐτῷ,
3134 2041 3225 2089 καὶ
3290 2035 3528 2089 εἰσελθὼν
3585 2036 3802 2105 ἀναπαῇ

2426 1951 2610 2022 Κρούει
2682 1950 2783 2022 γὰρ
2851 1946 2928 2000 ἀεὶ
2998 1950 3089 2010 τὰς
3156 1949 3319 2020 θύρας
3390 1954 3489 1999 τῶν
3562 1941 3806 2016 καρδιῶν

2192 2129 2261 2191 εἰς
2306 2131 2399 2190 τὰς
2448 2127 2636 2199 ψυχὰς
2694 2129 2859 2198 ἡμῶν,
2918 2130 3006 2179 καὶ
3058 2124 3304 2197 νίψωμεν,
3360 2130 3450 2177 καὶ
3506 2122 3803 2194 metuar.

2192 2218 2351 2270 αὐτοῦ
2408 2221 2529 2279 τοὺς
2588 2213 2779 2281 πόδας,
2840 2219 2931 2268 καὶ
2987 2219 3148 2287 μονὴν
3211 2213 3334 2286 παρ’
3384 2215 3509 2286 ἡμῖν
3568 2218 3806 2271 ποιήσει.

2194 2312 2294 2362 Καὶ
2357 2309 2459 2381 γὰρ
2519 2306 2620 2359 έκιί
2671 2301 2917 2365 ὀνειδίζει
2968 2306 2993 2357 6
3055 2306 3241 2377 Κύριος
3298 2307 3383 2355 τόν
3437 2306 3508 2374 μή
3571 2300 3808 2372 νίψαντα

2190 2400 2308 2458 τοὺς
2350 2392 2518 2457 πόδας
2567 2396 2765 2447 αὐτοῦ’
2818 2399 2905 2447 xui
2936 2393 3091 2446 πάλιν
3138 2392 3373 2465 ἀλλαχοῦ
3417 2391 3571 2462 λέγει,
3622 2392 3659 2443 Ἰ
3684 2388 3721 2442 δ
3731 2396 3809 2442 ού

2192 2489 2435 2543 ἕστηκα
2475 2485 2574 2537 ἰπὶ
2616 2489 2728 2541 τὴν
2769 2486 2985 2557 θύραν,
3028 2483 3129 2535 ἐὰν
3160 2481 3403 2555 ἀκούσῃ
3446 2488 3560 2542 τῆς
3591 2489 3812 2552 φωνῆς

2191 2595 2329 2648 μου,
2371 2579 2479 2627 καὶ
2510 2573 2728 2646 ἀνοίξῃ
2766 2577 2874 2631 τὴν
2906 2574 3121 2644 θύραν,
3154 2571 3619 2641 εἰσελεύσομαι
3648 2573 3812 2641 πρὸς

2191 2665 2401 2719 αὐτόν.
2435 2666 2529 2717 Διά
2572 2670 2725 2715 τοῦτο
2770 2665 2871 2737 γὰρ
2918 2661 3078 2714 πολλὰ
3127 2663 3307 2713 παθεῖν
3354 2661 3610 2730 ὑπέμεινε,
3679 2655 3808 2718 δοὺς

2191 2759 2249 2808 τό
2302 2754 2487 2808 ἑαυτοῦ
2540 2762 2693 2825 σῶμα
2739 2752 2807 2812 εἰς
2859 2752 3097 2816 θάνατον,
3143 2755 3235 2803 καὶ
3296 2748 3619 2823 ἐξαγοράσας
3656 2749 3801 2817 ἡμᾶς

2192 2851 2287 2906 τῆς
2318 2840 2577 2907 δουλείας,
2619 2842 2703 2893 ἱνα
2735 2839 2890 2893 ἐλθὼν
2922 2848 2982 2912 τῇ
3016 2839 3170 2912 ψυχῇ
3203 2840 3351 2911 ἡμῶν
3381 2842 3537 2910 μονὴν
3576 2840 3779 2907 ποιήσῃ

2192 2937 2313 3007 παρ’
2366 2932 2501 3003 αὐτῇ
2562 2933 2657 2983 Διὰ
2702 2936 2855 2982 τοῦτο
2902 2927 3109 2989 ἐκείνοις
3160 2934 3269 2988 τοῖς
3313 2925 3367 2990 ἐξ
3416 2925 3686 2998 ἀριστερῶν
3741 2921 3791 2975 ἓν

2193 3030 2254 3095 τῇ
2308 3025 2482 3093 κρίσει
2533 3019 2620 3072 ὑπ’
2671 3018 2830 3071 αὐτοῦ
2883 3021 3224 3090 πεμπομένοις
3282 3016 3350 3076 εἰς
3411 3019 3603 3087 γέενναν
3660 3015 3801 3083 μετὰ

437 3111 579 3152 nam
607 3113 742 3153 cum
769 3099 1031 3170 diabolo,
1060 3104 1144 3160 ait
1200 3109 1482 3166 Dominus
1511 3128 1522 3168 :
1559 3114 1783 3185 Hospes
1813 3132 1997 3180 eram.
2031 3125 2083 3175 et

2199 3119 2284 3164 τοῦ
2316 3108 2564 3163 διαϐόλου
2590 3114 2747 3181 φησὶν
2778 3109 2803 3159 6
2836 3110 3039 3179 Κύριος,
3072 3109 3262 3168 Ξένος
3327 3106 3453 3177 ἣμη
3470 3126 3516 3169 ν,
3577 3106 3686 3155 καὶ
3727 3102 3798 3154 οῦ

437 3200 556 3241 non
584 3186 900 3257 coltegistis
928 3208 1035 3249 me.
1064 3194 1324 3267 Esurivi,
1350 3205 1405 3255 et
1427 3216 1538 3256 non
1558 3203 1796 3261 dedistis
1824 3208 1972 3264 mihi
1997 3211 2082 3264 ci-

441 3275 597 3331 bum.
614 3278 800 3339 Sitivi,
836 3287 1019 3336 etnon
1044 3283 1285 3342 dedistis
1300 3288 1445 3344 mihi
1452 3297 1656 3358 potum
1670 3296 1710 3349 ⁸.
1736 3295 1910 3351 Cibus
1923 3298 2084 3354 enim

440 3370 495 3419 et
509 3368 1527 3439 potus,indumeutum,domicilium
1542 3385 1840 3455 etrequies
1853 3386 1982 3456 ejus
1996 3393 2087 3442 est

439 3452 499 3507 in
515 3454 980 3512 animisnostris.
1002 3462 1246 3532 Semper
1266 3467 1307 3535 1
1327 3468 1369 3537 ι
1383 3466 1441 3537 8
1463 3484 1604 3538 ergo
1630 3452 1849 3541 pulsat,
1880 3452 2086 3531 volens

439 3542 517 3596 ad
546 3558 654 3599 nos
684 3543 935 3615 ingredi.
971 3550 1259 3614 Quocirca
1296 3558 1696 3628 suscipiamus
1736 3578 1895 3631 eum,
1921 3570 1977 3619 et
2003 3565 2086 3619 in-

442 3630 828 3689 troducamus
880 3636 1035 3693 intra
1092 3656 1203 3697 nos
1256 3658 1270 3707 ;
1318 3645 1617 3716 siquidem
1658 3658 1858 3706 noster
1884 3630 2084 3719 cibus,

438 3721 1196 3793 vita,potusetvitaaeterna
1228 3732 1353 3804 ipse
1382 3737 1701 3809 est.ltaqne
1731 3742 1928 3797 omnis
1966 3742 2088 3799 ani-

441 3826 562 3880 ma,
579 3827 714 3884 quas
726 3830 847 3870 non
862 3819 1184 3887 susceperit
1198 3838 1358 3878 nunc
1369 3839 1506 3881 eum
1530 3826 1686 3883 intus
1700 3846 1769 3885 ac
1782 3832 2088 3905 requieve-

441 3901 534 3967 rit,
566 3900 689 3957 imo
728 3903 789 3959 in
815 3905 945 3976 ipso
978 3916 1239 3967 recreata
1268 3912 1460 3980 fuerit,
1488 3916 1546 3971 in
1587 3932 1771 3987 regno
1801 3900 2088 3979 ca—elorum

444 4006 584 4047 cum
615 3992 833 4048 sanctis
891 3996 1297 4056 hiereditatem
1361 4018 1481 4059 non
1538 4007 1743 4074 cernit,
1787 4026 1981 4082 neque
2029 4014 2088 4068 in

441 4079 743 4136 cmlestem
784 4082 1081 4141 civitatem
1116 4088 1344 4159 ingredi
1387 4100 1600 4162 potest.
1636 4100 1765 4168 Ipse
1798 4079 1953 4164 vero,
1984 4100 2090 4156 Do-

448 4169 608 4224 mine
637 4170 772 4224 Jesu
824 4172 1068 4238 Christe,
1095 4176 1368 4234 introduc
1397 4197 1506 4236 nos
1560 4184 1617 4239 in
1657 4185 1841 4251 illam,
1874 4187 2091 4255 gloriﬁ-

446 4262 650 4312 cantes
672 4273 892 4314 nomen
933 4266 1101 4317 tuum
1128 4280 1263 4321 cum
1300 4268 1464 4325 Patre
1495 4278 1551 4326 et
1598 4281 1805 4329 sancto
1847 4276 2088 4349 Spiritu,

444 4342 505 4398 in
527 4345 775 4400 saecula.
807 4347 1016 4404 Amen.

1013 4550 1301 4607 HOMILIA
1334 4553 1510 4609 XXXI.

446 4647 706 4733 Fidelem
725 4665 950 4733 oportet
969 4661 1195 4733 mutari
1205 4660 1681 4733 animo,atquein
1694 4666 1877 4722 Deum
1894 4684 2094 4727 omnes

519 4727 895 4803 cogitationes
926 4731 1220 4799 colligere.
1253 4732 1316 4787 in
1346 4727 1556 4803 quibus
1584 4750 1719 4794 vere
1748 4754 1917 4795 omne
1942 4742 2097 4799 obse-

517 4798 719 4868 quium
743 4799 1016 4858 divinum
1047 4798 1331 4859 consistit.

518 4976 559 5032 Ι.
590 4978 828 5050 Oportet
877 4996 1037 5049 eum,
1061 4982 1164 5053 qui
1210 4983 1412 5053 credit,
1440 4984 1759 5041 obsecrare
1793 4987 2002 5057 Deum,
2034 4993 2097 5045 ut

450 5066 792 5124 immutelur
821 5070 1145 5127 intedtione
1174 5090 1283 5129 sua
1312 5091 1414 5147 per
1445 5075 1833 5131 mutationem
1876 5078 2091 5149 cordis,

448 5155 612 5228 quod
661 5164 923 5214 vertatur
973 5160 1052 5216 ab
1097 5163 1418 5219 acerbitate
1462 5167 1520 5219 in
1588 5164 1967 5222 dulcedinem
2000 5207 2011 5232 ,
2041 5173 2096 5224 et

448 5248 914 5321 recordari,quo
964 5259 1138 5324 pacto
1183 5262 1430 5310 sanatus
1484 5261 1574 5310 est
1629 5271 1841 5321 caecus,
1871 5255 2093 5321 itidem,

453 5353 589 5408 quae
619 5342 929 5410 sanguinis
969 5342 1260 5412 proﬂuvio
1298 5342 1635 5409 laborabat,
1662 5350 1817 5399 tacta
1860 5346 2098 5401 fimbria

454 5427 809 5497 vestimenti,
848 5430 1117 5486 sanitatis
1170 5433 1466 5502 particeps
1524 5437 1610 5488 est
1648 5433 1822 5499 facta,
1852 5433 2095 5490 leonum

450 5522 666 5573 natura
691 5518 1105 5575 mansuefacta
1130 5526 1235 5586 est,
1270 5526 1323 5576 et
1366 5522 1517 5592 ignis
1547 5527 1761 5579 natura
1789 5523 2093 5580 exstincta.

523 5678 544 5712 ⁵
576 5677 686 5733 Isa.
719 5692 757 5742 ι,
783 5681 835 5743 5,
864 5681 914 5733 ὅ.
994 5678 1016 5712 ⁸
1044 5677 1179 5734 Luc.
1223 5684 1319 5742 vn,
1345 5680 1430 5734 44.
1505 5679 1526 5713 ⁷
1556 5678 1741 5751 Apoc.
1768 5692 1843 5744 ni,
1883 5679 1969 5733 10.

2197 3202 2597 3271 συνηγάγετέ
2626 3214 2725 3270 με’
2760 3197 3047 3263 ἐπείνων,
3077 3201 3185 3248 καὶ
3224 3194 3333 3248 οὐκ
3374 3190 3657 3247 ἔδωκατέ
3691 3212 3795 3264 μοι

2196 3297 2443 3362 φαγεῖν
2486 3284 2749 3358 ἱδίψων,
2791 3291 2898 3339 καὶ
2937 3285 3049 3338 οὐκ
3088 3284 3432 3338 ἕποτίσατέ
3480 3301 3574 3354 με.
3604 3281 3665 3335 Ἠ
3698 3285 3787 3353 γὰρ

2192 3382 2355 3449 τροφὴ
2388 3377 2546 3429 unoon
2575 3380 2665 3428 xui
2690 3377 2720 3434 ἠ
2776 3380 2955 3444 πόσις,
2987 3379 3077 3426 καὶ
3119 3376 3329 3447 ἄμφιον,
3359 3378 3449 3425 καὶ
3488 3375 3675 3442 στέγη,
3720 3374 3796 3422 xui

2196 3466 2491 3529 ἀνάπαυσις
2538 3464 2586 3517 ἰν
2634 3473 2749 3526 ταῖς
2798 3464 3003 3536 ψυχαῖς
3050 3466 3194 3537 ἡμῶν
3242 3466 3405 3516 ἔστιν.
3460 3462 3575 3516 Ἀεὶ
3627 3465 3799 3513 τοίνυν

2195 3558 2390 3629 κρούει,
2445 3552 2750 3627 βουλόμενος
2812 3554 3054 3607 εἰσελθεῖν
3121 3556 3250 3625 πρός
3309 3554 3468 3623 ἡμᾶς.
3530 3549 3806 3621 Δεξὼμεθα

2195 3650 2367 3699 τοίνυν
2422 3644 2599 3709 αὐτόν,
2643 3648 2730 3695 xui
2781 3643 3140 3714 εἰσαγάγωμεν
3193 3639 3338 3695 ἔνδον
3387 3642 3556 3712 ἡμῶν,
3590 3639 3673 3690 ὅτι
3713 3641 3807 3689 καὶ

2197 3740 2339 3808 ἡμῶν
2370 3736 2400 3793 η
2455 3734 2821 3809 τροφὴ,καὶὴ
2876 3733 3009 3801 ζωὴ,
3038 3737 3127 3784 καὶ
3175 3733 3205 3790 ἠ
3242 3738 3420 3792 πόσις,
3465 3734 3555 3781 xui
3607 3729 3636 3786 ἡ
3695 3727 3808 3787 ζωή

2197 3828 2227 3885 ἠ
2261 3825 2463 3885 αἰώνιος
2495 3822 2648 3884 αὑτός
2699 3820 2858 3873 ἰστιν.
2908 3826 3007 3874 Kui
3062 3828 3211 3873 πᾶσα
3258 3820 3412 3892 ψυχὴ
3443 3821 3473 3877 ἡ
3534 3822 3606 3890 μη
3651 3812 3815 3878 δεξα-

2197 3919 2321 3987 μένη
2370 3913 2525 3966 αὐτόν
2578 3908 2723 3964 ἔνδον
2773 3918 2860 3962 νῦν
2912 3917 3002 3962 xui
3056 3909 3430 3973 ἁναπαύσασα,
3490 3905 3683 3979 μᾶλλον
3748 3900 3813 3957 δὲ

2200 4004 2491 4056 ἀναπαεῐσα
2535 4001 2585 4053 έν
2637 4000 2800 4069 αύτῷ,
2885 3998 2933 4051 έν
2982 4007 3042 4071 τῇ
3099 3996 3344 4073 βασιλείᾳ
3411 4005 3511 4050 τῶν
3576 3996 3811 4069 οὐρανῶν

2199 4096 2327 4164 μετὰ
2372 4101 2472 4145 τῶν
2502 4090 2663 4161 ἁγίων
2700 4090 3047 4163 κληρονομίαν
3096 4088 3191 4141 οὐκ
3242 4091 3373 4159 ἔχει,
3421 4090 3538 4139 οὔτε
3597 4084 3671 4146 εἰς
3715 4088 3811 4142 τὴν

2200 4185 2500 4254 ἓπουράνιον
2547 4179 2695 4232 πόλιν
2752 4179 2992 4232 εἰσελθεῖν
3038 4175 3279 4232 δύναται.
3320 4176 3485 4238 Αὐτὸς
3512 4171 3591 4241 δὲ,
3650 4177 3813 4247 Κύριε

2198 4272 2379 4329 Ἰησοῦ
2428 4272 2644 4342 Χρίστὲ,
2702 4268 2950 4339 εἰσάγαγε
3002 4269 3138 4338 ἡμᾶς
3194 4266 3265 4328 εἰς
3312 4265 3496 4329 αὐτὴν,
3558 4260 3811 4324 δοξάζον·

2200 4362 2293 4420 τάς
2336 4378 2430 4412 σου
2480 4362 2537 4411 τό
2591 4361 2754 4429 ὄνομα
2806 4360 2900 4409 σὺν
2952 4361 3135 4429 ῐιατρὶ,
3194 4361 3283 4408 xui
3336 4354 3467 4427 ἁγίῳ
3521 4354 3809 4424 [ινεύματι,

2128 4483 2171 4537 D
2202 4448 2274 4512 εἰς
2306 4452 2420 4510 τοὺς
2442 4448 2650 4509 αἰῶνας.
2691 4448 2880 4519 Ἀμήν,

2799 4558 3045 4606 ΟΜΙΛΙΛ
3078 4554 3207 4606 AA’.

2204 4670 2304 4718 Δεῖ
2360 4664 2462 4713 τόν
2528 4664 2929 4714 πιστεύοντα
2981 4658 3461 4739 μεταλλαγῆναι
3526 4675 3637 4739 του
3698 4675 3812 4739 νου

2275 4734 2488 4798 αὐτοῦ,
2529 4738 2638 4785 καὶ
2667 4735 2904 4803 πάντας
2942 4735 3087 4792 τοὺς
3124 4732 3616 4803 λογισμοὺς-εἰς
3648 4732 3812 4781 Θεὸν

2278 4806 2635 4875 συλλέγειν,
2703 4802 2758 4855 έν
2816 4806 2906 4864 οἷς
2963 4797 3219 4866 ἀληθῶς
3262 4797 3439 4855 πάσα
3496 4797 3815 4854 διακονία

2272 4885 2380 4931 τοῦ
2448 4884 2608 4930 Θεοῦ
2671 4879 2830 4929 ἔστι.

2278 4984 2354 5039 A'.
2419 4991 2502 5037 Δεῖ
2559 4986 2644 5036 τόν
2700 4984 3011 5035 πιστεύοντα
3069 4980 3230 5037 αἰτεῖν
3286 4982 3373 5033 τὸν
3427 4982 3557 5033 Θεὸν
3623 4978 3814 5050 μετα).-

2205 5075 2428 5146 λαγῆναι
2470 5080 2560 5134 τῆς
2619 5075 2974 5145 προαιρέσεως
3021 5070 3204 5135 αὐτοῦ,
3263 5067 3517 5143 μεταϐολῇ
3584 5064 3818 5141 καρδίας

2207 5162 2653 5237 μεταϐαλλομένης
2696 5159 2799 5213 ἇπό
2846 5164 3159 5233 πικρότητος
3218 5159 3288 5221 εἰς
3340 5158 3661 5230 γλυκασίαν,
3721 5162 3815 5209 xui

2206 5254 2560 5325 μνημονεύειν,
2638 5259 2746 5311 πῶς
2798 5251 2823 5302 6
2900 5248 3088 5322 τυφλὸς
3157 5250 3299 5313 ἰάθη,
3364 5250 3392 5305 ἠ
3454 5244 3819 5320 αἱμορροοῦσα

2207 5344 2396 5415 ὁμοίως
2442 5339 2679 5412 ἁψαμένη
2735 5346 2827 5391 τοῦ
2863 5335 3155 5409 κρεσπέδου
3216 5337 3397 5397 ἰάσεως
3447 5338 3625 5406 ἔτυχε,
3678 5334 3816 5387 λεόν-

2207 5451 2305 5484 των
2359 5433 2514 5503 φύσις
2549 5431 2815 5501 ἡμερώθη,
2866 5431 3029 5503 πυρὸς
3069 5431 3221 5500 φύσις
3262 5426 3513 5499 ἐνεκρώθη
3542 5443 3554 5455 ·
3620 5427 3705 5499 ὅτι
3756 5428 3819 5477 τό

2207 5522 2378 5595 ἄκρως
2422 5518 2625 5571 καλόνό
2671 5522 2800 5580 Θεός
2830 5518 2981 5570 ἐστι·
3038 5520 3168 5591 πρὸς
3220 5516 3273 5569 ὃν
3304 5513 3514 5588 ὀφείλεις
3572 5532 3819 5586 συναγα-

2056 5675 2077 5710 ⁸
2117 5673 2317 5733 Matth.
2336 5689 2476 5739 xxv,
2505 5674 2591 5740 42,
2616 5674 2706 5730 43.
