4076 6210
285 286 397 343 729

1540 278 1875 341 HOMILLE.
1914 313 1985 327 -—
2025 277 2198 338 HOM.
2231 279 2432 338 XXXI.

3542 283 3647 341 730

274 419 393 482 γεῖν
446 414 534 464 τὸν
573 418 691 463 νοῦν
740 415 830 463 καὶ
875 413 995 472 τοὺς
1047 409 1350 482 λογισμούς,
1404 414 1494 463 καὶ
1549 406 1715 483 μηδεν
1762 410 1883 462 ἄλλο

2016 412 2152 465 )eus
2180 411 2341 464 enim
2382 424 2692 465 summum
2740 409 2969 466 bonum
3018 416 3121 476 est,
3157 412 3218 468 in
3247 426 3431 485 quem
3462 412 3649 469 debes

275 501 488 565 ἐννοεῖν,
518 501 549 559 ἣ
579 504 673 559 τὴν
704 496 1027 573 προσδοκίαν
1058 499 1216 553 αὐτοῦ
1242 494 1492 574 καθορᾷν.

353 786 424 841 Β’.
473 785 620 839 Ἠτω
669 782 756 838 οὖν
818 787 849 844 ἠ
903 784 1059 858 ψυχὴ
1121 789 1190 847 ὡς
1232 789 1383 838 τέκνα
1423 784 1711 861 ῥεμϐόμενα
1765 804 1887 837 συν-

287 877 519 946 άγουσα,
565 879 657 927 καὶ
708 876 1029 928 νουθετοῦσαι
1098 878 1213 935 τοὺς
1279 875 1381 927 ἀπὸ
1451 882 1546 936 τῆς
1630 874 1890 949 ἁμαρτίας

280 964 724 1040 ἐσκορπισμένους
789 963 1091 1036 λογισμούς,

286 1062 379 1107 τοῦ
437 1059 681 1125 σώματος
725 1052 911 1123 αὐτῆς,
947 1051 1026 1106 ἀεὶ
1083 1050 1442 1126 προσδοκῶσα
1491 1056 1577 1106 τὸν
1620 1056 1810 1127 Κύριον
1842 1052 1890 1104 ἰν

1169 964 1420 1035 εἰσαγέτω
1485 964 1551 1025 εἰς
1607 966 1694 1016 τὸν
1750 962 1889 1016 οἶκον

289 1147 508 1215 νηστείᾳ
545 1147 635 1195 καὶ
666 1141 867 1215 ἀγάπη,
905 1146 1028 1195 πότε
1074 1142 1228 1195 ἕλθὼν
1271 1142 1327 1205 ἐξ
1365 1142 1608 1203 ἀληθείας
1665 1144 1892 1213 συναγά-

278 1251 368 1304 γοι
413 1232 599 1291 αὑτήν.
633 1228 865 1290 Ἀδήλου
898 1228 958 1284 δι
997 1240 1087 1283 τοῦ
1131 1231 1397 1303 μέλλοντος
1441 1236 1605 1295 ὄντος,
1647 1230 1890 1291 ἐλπιζέτω

276 1321 436 1374 πλέον
497 1324 568 1374 ἔτι
620 1329 693 1392 τῷ
746 1320 1035 1393 κυϐερνήτῃ
1112 1320 1282 1382 καλῶς
1358 1320 1726 1384 ἕπελπίζουσα,
1802 1324 1892 1371 καὶ

273 1415 665 1484 μνημονευέτω,
714 1419 823 1472 πῶς
889 1430 979 1463 και
1026 1410 1183 1463 Ῥαὰϐ
1237 1407 1372 1462 οὖσα
1422 1413 1552 1481 μετὰ
1604 1409 1893 1483 ἀλλοφύλων

273 1500 588 1553 ἕπίστευσεν
638 1498 1015 1573 Ἰσραηλίταις,
1063 1505 1151 1552 καὶ
1204 1500 1315 1571 μετ’
1341 1499 1511 1552 αύτῶν
1547 1499 1845 1561 κατηξιώθη
1878 1514 1891 1529 ⁸

278 1592 333 1643 οἱ
366 1586 431 1642 δὲ
457 1588 785 1661 Ἰσραηλῖται
834 1596 896 1661 τῇ
958 1588 1139 1662 ἀγάπῃ
1196 1589 1269 1651 εἰς
1300 1592 1559 1661 Αἴγυπτον
1616 1590 1897 1663 μετεστρά-

282 1697 483 1751 φησαν.
514 1677 603 1740 Ὠς
655 1675 743 1730 οὖν
774 1674 926 1730 οὐδὲν
972 1677 1164 1749 ἔϐλαψε
1208 1682 1300 1737 τὴν
1346 1677 1505 1731 Ῥαὰϐ
1555 1680 1585 1736 ἠ
1618 1680 1750 1750 μετὰ
1796 1684 1895 1729 τῶν

283 1768 586 1840 ἀλλοφύλων
634 1771 865 1833 οἴκησις,
925 1766 1033 1820 ἀλλ’
1088 1770 1118 1827 ἡ
1176 1774 1357 1830 πίστις
1406 1768 1632 1840 ᾠκείωσε
1682 1775 1745 1840 τῇ
1805 1785 1898 1839 με·
1926 1776 1965 1830 Β

288 1856 403 1931 ρίδι
461 1866 564 1910 τῶν
602 1856 939 1931 Ἰσραηλιτῶν
966 1873 981 1888 ⁸
1015 1861 1175 1918 οὕτως
1213 1855 1365 1911 ούδεν
1416 1856 1609 1930 βλάψει
1665 1857 1899 1929 ἁμαρτία

290 1951 402 2007 τοὺς
434 1950 482 1999 ἔν
515 1944 668 1999 ἱλπίδ
673 1967 688 1998 ι
718 1952 806 2000 καὶ
844 1951 1022 1999 πίστει
1050 1950 1136 1999 τόν
1169 1952 1453 2021 Λυτρωτήν
1494 1944 1893 2019 ἐκδεχομένους,

290 2037 340 2097 ὃς
368 2040 786 2110 παραγενόμενος
830 2034 1135 2107 μεταϐάλλει
1164 2040 1284 2098 τούς
1328 2036 1613 2108 λογισμοὺς
1659 2044 1756 2097 τῆς
1797 2034 1898 2105 ψυ-

285 2134 361 2198 χῆ
374 2146 421 2187 ς,
448 2129 543 2176 καὶ
572 2131 709 2177 ποιεῖ
738 2122 923 2185 αύτούς
952 2126 1175 2192 θεῖκούς,
1207 2125 1495 2198 οὐρανίους,
1524 2123 1772 2196 ἀγαθούς,
1809 2128 1899 2175 καὶ

287 2209 547 2265 διδάσκει
586 2217 680 2270 τὴν
708 2212 891 2284 ψυχὴν
930 2213 1117 2284 εὐχὴν,
1170 2212 1440 2278 ἀληθινὴν,
1482 2213 1896 2286 ἀπερίσπαστον,

285 2300 675 2377 ἀρῥίμϐαστον.
736 2307 829 2361 Μὴ
873 2322 943 2375 φο
970 2303 1100 2368 ϐοῦ,
1154 2308 1334 2376 φησὶν,
1387 2305 1503 2374 ἑγὼ
1543 2303 1900 2377 ἔμπροσθέν

292 2410 408 2443 σου
450 2395 835 2463 πορεύομαι,
889 2398 997 2444 καὶ
1036 2396 1149 2467 ὄρη
1191 2393 1453 2464 ὁμαλιῶ,
1516 2395 1710 2463 θύρας
1750 2389 1903 2463 χαλ-

294 2487 407 2542 κᾶς
446 2480 804 2553 συντρίψω,
853 2487 960 2534 καὶ
1015 2480 1301 2553 μοχλούς
1343 2478 1664 2553 σιδηροῦς
1719 2481 1904 2532 συνθ-

299 2570 486 2623 λασω.
518 2570 809 2626 Καὶπάλιν.
834 2576 1327 2644 Πρόσεχε,φησί,
1374 2578 1621 2641 σεαυτῷ
1659 2574 1903 2642 μήποτε

305 2662 570 2728 γίνηται
605 2660 781 2733 ῥῆμα
818 2664 1101 2734 κρυπτὸν
1134 2658 1194 2711 ὶν
1233 2669 1305 2733 τῇ
1348 2656 1587 2733 καρδίᾳ
1619 2677 1731 2712 σου
1772 2656 1904 2709 ἀνό-

302 2753 623 2820 pupa-pi:
662 2751 848 2821 εἴπης
895 2748 955 2800 ἐν
997 2756 1069 2821 τῇ
1129 2746 1369 2824 καρδίᾳ
1410 2768 1522 2802 σου
1563 2755 1797 2802 ’Τοῦτο
1835 2749 1903 2799 τὸ

304 2839 487 2898 ῐθνος
534 2837 694 2890 πολὺ
733 2842 844 2891 καὶ
885 2838 1183 2914 ἰσχυρόν.

368 2945 444 3001 Γ.
500 2946 623 2997 Ἐἀν
681 2949 752 3018 μή
808 2946 958 3017 ἡμεῖς
1012 2948 1384 3018 χαυνωθῶμεν,
1446 2950 1536 2998 καὶ
1586 2938 1903 3017 παραδῶμεν

292 3038 386 3098 τὰς
418 3036 583 3107 νομὰς
632 3041 741 3097 τοῖς
789 3033 1031 3097 ἀτάκτοις
1070 3034 1343 3108 λογισμοῖς
1395 3043 1489 3097 τῆς
1536 3038 1747 3099 κακίας,
1777 3031 1906 3083 ἀλλὰ

1997 499 2275 567 colligere
2303 504 2565 554 mentem
2596 503 2654 554 et
2704 501 3115 569 cogitationes,
3151 516 3259 556 nec
3309 501 3456 574 quid
3486 502 3649 558 aliud

1997 589 2201 643 animo
2231 586 2562 659 concipere,
2611 604 2795 661 quam
2857 591 3361 661 exspectationem
3405 590 3535 663 ejus
3564 592 3649 647 in—

1997 676 2165 731 tueri.

2069 786 2133 838 ll.
2170 783 2249 839 Sit
2279 782 2459 852 igitur
2490 784 2711 848 anima,
2733 784 2978 855 perinde
3007 802 3221 858 acquee
3251 786 3405 842 ﬁlios
3432 803 3653 860 vagan-

1998 876 2087 928 tes
2116 871 2350 942 colligit,
2396 878 2453 927 et
2484 873 2789 943 castigans
2820 873 3124 945 dispersas
3150 892 3186 931 a
3215 883 3459 947 peccato
3491 878 3653 949 cogi-

2000 961 2643 1033 tationes,inducatque
2662 963 2720 1017 in
2735 961 2987 1017 domum
3010 966 3276 1035 corporis
3295 966 3654 1039 sui,semper

2000 1058 2353 1120 exspectans
2413 1051 2731 1106 Dominum
2799 1051 2855 1105 in
2918 1052 3148 1122 jejunio
3199 1059 3255 1108 et
3310 1053 3651 1119 dilectione,

2000 1139 2249 1210 quando
2264 1139 2510 1195 veniens
2538 1154 2673 1194 vere
2701 1155 2835 1195 eam
2867 1140 3122 1209 colligat.
3149 1140 3436 1198 Futurum
3452 1149 3653 1199 autem

2004 1244 2140 1283 cum
2168 1228 2239 1284 sit
2277 1229 2590 1296 incertum,
2624 1244 2692 1284 eo
2733 1229 2992 1299 amplius
3027 1234 3237 1301 speret,
3268 1229 3327 1286 in
3360 1232 3658 1301 guberna-

2004 1321 2127 1372 tore
2157 1334 2260 1388 spe
2289 1326 2443 1373 recte
2475 1318 2765 1374 collocata
2797 1336 2809 1383 ;
2839 1326 2894 1373 et
2924 1328 3160 1374 revocet
3190 1320 3250 1374 in
3278 1324 3656 1387 memoriam,

2005 1407 2316 1477 quomodo
2349 1407 2511 1461 Raab
2563 1424 2698 1461 cum
2742 1407 3091 1477 alienigenis
3121 1425 3507 1479 conversans,
3535 1427 3660 1466 cre-

2005 1495 2157 1551 didit
2186 1495 2484 1560 Israelitis,
2545 1511 2875 1567 eorumque
2907 1497 3184 1552 societate
3233 1499 3415 1568 digna
3458 1499 3662 1557 habita

2004 1588 2110 1639 est.
2143 1584 2417 1640 lsraelitaa
2440 1589 2644 1640 autem
2671 1600 2743 1639 ex
2775 1600 2981 1640 amore
3006 1586 3066 1641 in
3088 1587 3413 1658 JEgyptum
3440 1589 3662 1645 reversi

2006 1673 2710 1739 sunt.0uemadmodum
2726 1688 2868 1741 ergo
2905 1674 3047 1729 nihil
3080 1676 3280 1730 nocuit
3307 1676 3469 1732 Raab
3495 1677 3663 1733 habi-

2008 1764 2148 1817 tatio
2188 1778 2324 1817 cum
2376 1763 2744 1831 alienigenis,
2776 1764 2881 1818 sed
2913 1762 3063 1817 ﬁdes
3102 1779 3236 1820 eam
3266 1764 3661 1823 domesticam

2006 1851 2263 1907 reddidit
2288 1852 2556 1924 partibus
2583 1852 2981 1908 Israelitarum
3017 1871 3034 1908 :
3064 1853 3144 1908 ita
3176 1860 3487 1925 peccatum
3517 1855 3662 1913 nihil

2006 1940 2166 1995 laedit
2194 1956 2318 2007 eos,
2350 1941 2452 2012 qui
2480 1942 2539 1996 in
2598 1956 2703 2012 spe
2733 1946 2791 1996 et
2838 1941 2957 1997 ﬁde
2988 1942 3429 2013 redemptorem
3462 1960 3661 2016 exspe-

2008 2035 2190 2089 ctant.
2222 2031 2323 2101 qui
2355 2029 2684 2086 adveniens
2716 2031 3397 2101 immutatcogitationes
3418 2033 3659 2101 animas,

2009 2118 2325 2191 redditque
2355 2135 2456 2174 eas
2486 2120 2747 2184 divinas,
2787 2120 3076 2188 ccelestes,
3117 2120 3312 2177 bonas
3344 2138 3357 2187 ;
3389 2127 3446 2177 et
3491 2124 3663 2180 docet

2010 2208 2277 2263 animam
2308 2223 2513 2262 verum
2548 2208 2830 2279 precandi
2859 2209 3129 2274 modum,
3155 2225 3275 2265 non
3306 2210 3660 2269 distractum

2013 2312 2119 2352 nec
2146 2295 2595 2364 vagabundum.
2624 2298 2717 2354 Ne
2742 2298 3186 2371 timeas,inquit,
3204 2314 3303 2369 ego
3323 2300 3659 2371 antejteibo,

2010 2395 2064 2442 et
2118 2392 2338 2442 montes
2388 2386 2719 2457 adaequabo,
2762 2393 2966 2456 portas
3019 2402 3210 2444 aeneas
3251 2394 3573 2454 conteram,
3605 2396 3661 2447 et

2012 2482 2188 2532 vectes
2238 2476 2460 2534 ferreos
2490 2476 2866 2546 confringam
2898 2478 2941 2529 ’.
2975 2476 3039 2531 Et
3086 2493 3325 2532 rursum
3362 2496 3375 2536 :
3410 2480 3664 2536 Attende

2013 2566 2122 2621 tibi
2162 2565 2294 2634 ipsi,
2324 2566 2422 2629 ait,
2474 2566 2791 2637 nequando
2844 2566 3078 2623 verbum
3135 2567 3546 2623 absconditum
3598 2568 3662 2625 in

2013 2655 2187 2711 corde
2208 2660 2305 2709 tuo
2326 2655 2427 2722 ﬁat
2448 2654 2758 2726 iniquitas,
2779 2671 2852 2713 ne
2874 2657 3039 2712 dicas
3059 2658 3121 2712 in
3143 2658 3319 2714 corde
3341 2662 3441 2712 tuo
3472 2672 3486 2710 :
3513 2658 3664 2715 Gens

2016 2746 2140 2803 hac
2165 2760 2478 2801 numerosa
2519 2751 2601 2801 est
2630 2752 2685 2802 et
2723 2753 2931 2815 potens
2962 2748 3023 2803 1°.

2085 2943 2173 2997 III.
2210 2942 2266 2999 Si
2294 2958 2404 2998 nos
2437 2941 3290 3011 socordianondissolvamur,
3318 2942 3665 3015 necpabula

2013 3031 2385 3105 praebeamus
2399 3031 2808 3105 incompositis
2822 3031 3276 3101 cogitationibus
3293 3032 3667 3098 malitias,sed

294 3132 366 3196 τῷ
430 3123 684 3196 θελήματι
758 3125 903 3195 ἡμῶν
958 3123 1181 3197 ἕλκωμεν
1233 3127 1320 3177 τόν
1394 3130 1530 3190 νοῦν,
1603 3120 1903 3197 βιαζομενοι

2016 3120 2316 3177 voluntate
2356 3121 2563 3177 dostra
2602 3121 2902 3176 nahamus
2935 3121 3229 3187 animum,
3264 3126 3319 3177 et
3343 3120 3667 3193 compella-

291 3218 423 3277 τοὺς
473 3213 762 3286 λογισμοὺς
807 3216 935 3287 πρὸς
988 3216 1075 3266 τὸν
1114 3217 1302 3289 Κύριον
1341 3228 1354 3241 ⁸
1392 3214 1599 3273 πάντως
1647 3214 1673 3265 ὁ
1715 3214 1905 3286 Κύριος

292 3311 369 3357 τῶ
443 3302 693 3375 θελήματι
759 3304 918 3356 αύτοῦ
984 3302 1249 3356 ἐλεύσεται
1308 3306 1437 3377 πρὸς
1498 3304 1658 3375 ἡμᾶς,
1707 3307 1797 3354 καὶ
1853 3302 1906 3365 ἑξ

292 3393 546 3452 ἀληθείας
595 3392 885 3463 συναγάγοι
932 3393 1069 3464 ἡμᾶς
1116 3395 1248 3465 πρὸς
1296 3392 1497 3445 ἑαυτόν.
1533 3397 1689 3444 Πᾶσα
1734 3392 1834 3465 γὰρ
1870 3391 1900 3448 ἠ

296 3482 649 3556 εὐαρέστησις
698 3485 787 3534 καὶ
862 3483 892 3539 ἡ
952 3478 1196 3534 διακονία
1241 3481 1291 3534 ἕν
1379 3487 1484 3542 τοῖς
1538 3478 1906 3553 διαλογισμοῖς

298 3572 443 3625 ἑστιν
473 3587 486 3600 ⁸
521 3572 655 3623 ὥστε
689 3566 993 3623 σπούδασον
1024 3569 1210 3643 ἀρέσαι
1241 3579 1315 3642 τῷ
1358 3575 1554 3645 Κυρίῳ,
1597 3566 1906 3644 προσδοκῶν

298 3662 459 3714 αὑτὸν
514 3658 592 3713 ἀεὶ
617 3662 823 3725 ἕσωθεν,
859 3664 1027 3723 ζητῶν
1080 3660 1235 3712 αὐτὸν
1282 3658 1331 3712 ἰν
1378 3667 1484 3720 τοῖς
1514 3655 1905 3731 διαλογισμοῖς,

294 3755 390 3803 καὶ
463 3746 767 3821 βιαζόμενος
829 3753 918 3801 καὶ
970 3748 1280 3820 ἀναγκάζων
1335 3752 1395 3801 τὸ
1462 3748 1646 3801 ἑαυτοῦ
1709 3748 1907 3820 θελημα

296 3844 394 3892 καὶ
470 3843 566 3897 τὴν
634 3842 960 3913 προαίρεσιν,
1006 3842 1134 3911 πρὸς
1190 3838 1345 3891 αὐτόν
1385 3836 1464 3890 ἀεὶ
1515 3836 1894 3893 ἀνατείνεσθαι,

302 3933 412 3983 Καὶ
458 3932 557 3999 ἄρα
603 3936 713 3990 πῶς
766 3930 981 4003 ἔρχεται
1023 3931 1155 4001 πρὸς
1203 3930 1283 3991 σε,
1335 3931 1423 3978 καὶ
1468 3930 1629 3997 μονὴν
1682 3932 1907 3977 ποιεῖται

300 4020 452 4092 πσρά
506 4022 610 4070 σοί.
663 4024 822 4070 Ὅσον
859 4020 961 4091 γὰρ
1016 4019 1257 4088 συνάγεις
1288 4019 1375 4067 τὸν
1417 4022 1533 4067 νοῦν
1565 4033 1660 4067 σου
1704 4014 1776 4076 εἰς
1813 4018 1908 4071 τὴν

303 4108 536 4168 ζήτησιν
584 4106 763 4171 αὐτοῦ,
808 4107 937 4158 πολὺ
992 4107 1140 4159 πλέον
1195 4105 1373 4165 αύτνός
1403 4103 1753 4175 ἀναγκάζεται
1807 4103 1908 4154 ὑπὸ

303 4204 407 4257 τῆς
447 4191 592 4256 ἰδίας
620 4194 1015 4267 εὐσπλαγχνίας
1044 4200 1135 4247 καὶ
1184 4197 1553 4267 χρηστότητος
1598 4191 1756 4245 ἇλθεῖν
1784 4194 1910 4267 πρὸς

311 4289 392 4350 σε,
444 4289 535 4336 καὶ
565 4286 867 4337 ἀναπαῦσαί
906 4303 982 4337 σε.
1030 4291 1256 4342 Ἔστηκε
1294 4286 1395 4359 γὰρ
1439 4284 1638 4356 θεωρῶν
1685 4300 1781 4334 σου
1822 4284 1908 4333 τὸν

310 4382 451 4440 νοῦν,
494 4378 612 4435 τοὺς
653 4371 1048 4445 διαλογισμοὺς,
1089 4376 1181 4436 τὰς
1220 4375 1525 4445 ἐνθυμήσεις
1552 4391 1565 4404 ⁸
1614 4374 1910 4425 ἑπισκοπῶν

2013 3226 2151 3265 mus
2182 3211 2569 3281 cogitationes
2599 3210 2675 3265 ad
2701 3208 3023 3265 Dominum
3058 3226 3071 3275 ;
3098 3209 3283 3265 dubio
3314 3210 3522 3282 procul
3546 3209 3665 3266 Do-

2014 3299 2211 3355 minus
2236 3306 2449 3370 sponte
2469 3315 2580 3355 sua
2609 3299 2805 3354 veniet
2826 3300 2902 3355 ad
2932 3315 3063 3365 nos,
3096 3304 3151 3355 et
3184 3314 3392 3355 revera
3422 3314 3665 3370 congre-

2015 3388 2180 3461 gabit
2200 3404 2313 3444 nos
2344 3388 2420 3445 ad
2449 3405 2509 3444 se
2548 3388 2765 3461 ipsum.
2794 3389 3000 3445 Omnis
3040 3391 3200 3445 enim
3232 3387 3667 3460 complacentia

2014 3484 2070 3535 et
2094 3478 2489 3535 ministerium
2515 3479 2575 3533 in
2597 3476 3062 3550 cogitationibus
3084 3478 3667 3545 consistit.Quocirca

2015 3568 2310 3624 contende
2342 3573 2403 3624 ut
2431 3567 2667 3639 placeas
2697 3567 2976 3637 Domino,
2998 3573 3353 3638 exspectans
3378 3584 3515 3624 eum
3536 3583 3667 3640 per-

2015 3662 2193 3729 petuo
2233 3656 2511 3721 interius,
2564 3672 2840 3728 quaarens
2888 3672 3027 3712 eum
3092 3656 3152 3712 in
3182 3656 3666 3727 cogitationibus,

2016 3751 2073 3802 et
2092 3746 2457 3818 compellens
2471 3751 2647 3817 atque
2666 3745 2915 3815 adigens
2932 3752 3094 3801 tuam
3109 3746 3293 3817 ipsius
3307 3747 3668 3801 voluntatem

2017 3841 2195 3906 atque
2224 3834 2636 3899 intentionem,
2671 3839 2734 3889 ut
2760 3835 2817 3889 in
2850 3850 2987 3889 eum
3008 3839 3294 3905 perpetuo
3320 3834 3662 3890 intendant:

2018 3929 2072 3979 et
2099 3924 2368 3995 expende
2399 3938 2520 3995 qua
2558 3923 2787 3977 ratione
2818 3923 2977 3978 venit
3005 3922 3079 3978 ad
3107 3927 3180 3987 te,
3205 3929 3259 3976 et
3292 3923 3668 3978 mansionem

2016 4012 2158 4068 facit
2180 4012 2340 4084 apud
2372 4018 2444 4067 te.
2474 4012 2709 4076 Quanto
2739 4012 2896 4065 enim
2928 4010 3119 4080 magis
3140 4009 3367 4080 colligis
3397 4010 3668 4066 animum

2019 4107 2187 4158 tuum
2221 4102 2295 4155 ad
2316 4115 2454 4156 eum
2476 4100 2892 4173 quaerendum,
2925 4104 3093 4156 tanto
3125 4100 3315 4170 magis
3348 4100 3473 4172 ipse
3513 4115 3673 4156 com-

2019 4191 2270 4265 pellelur
2300 4206 2335 4247 a
2365 4190 2607 4262 propria
2634 4189 3048 4245 misericordia
3076 4194 3253 4261 atque
3280 4189 3671 4259 benignitate,

2020 4288 2084 4337 ut
2122 4281 2322 4336 veniat
2347 4280 2423 4336 ad
2456 4287 2531 4346 te,
2572 4285 2630 4336 et
2662 4285 2713 4335 te
2739 4279 3044 4335 refocillet.
3080 4280 3253 4336 Fixus
3283 4279 3442 4335 enim
3477 4280 3675 4335 intue-

2020 4375 2114 4427 tur
2152 4374 2413 4425 mentem
2469 4374 2656 4433 tuam,
2709 4369 3098 4439 cogitationes
3128 4374 3181 4424 et
3209 4368 3670 4433 meditationes;

310 4472 423 4525 πῶς
466 4466 639 4526 ζητεῖς
695 4466 870 4527 αὐτὸν,
922 4467 1011 4515 καὶ
1041 4463 1086 4515 εἰ
1115 4461 1167 4525 ἐξ
1210 4462 1333 4525 ὅλης
1360 4469 1452 4523 τῆς
1480 4461 1670 4534 ψυχῆς
1718 4480 1834 4529 σου,
1869 4459 1903 4513 εὶ

2028 4463 2072 4532 ι
2090 4461 2201 4531 ιθ
2232 4458 2621 4515 considerans
2641 4457 2950 4531 quomodo
2975 4473 3212 4530 qumras
3234 4474 3394 4524 eum,
3425 4462 3481 4514 et
3499 4474 3576 4514 an
3602 4474 3677 4515 ex

307 4557 384 4626 μὴ
413 4554 639 4623 νωθρῶς,
672 4551 715 4605 εἰ
743 4556 815 4624 μὴ
845 4551 1057 4625 ἀμελῶς.

386 4731 458 4787 .t'.
496 4734 596 4784 Καὶ
638 4732 757 4783 ὅταν
796 4726 888 4803 ῖδῃ
931 4733 1026 4789 τήν
1054 4724 1294 4787 σπουδήν
1327 4748 1421 4782 σου
1470 4730 1599 4803 πρὸς
1629 4732 1723 4788 τὴν
1752 4727 1912 4781 αὑτοῦ

311 4822 562 4885 ζήτησιν,
639 4824 756 4872 τότε
848 4826 1153 4893 φανεροῦται
1246 4824 1336 4872 καὶ
1409 4817 1727 4891 ἐπιφαίνεται
1804 4836 1908 4881 σοι,

308 4914 527 4972 καὶτῆς
577 4911 738 4962 αὑτοῦ
791 4906 1036 4982 βοηθείας
1066 4904 1422 4981 μεταδίδωσι,
1473 4912 1564 4961 καὶ
1624 4912 1716 4966 τὴν
1765 4912 1912 4965 νίκην

314 5019 399 5052 σοι
444 5005 602 5066 ποιεῖ,
647 4998 897 5073 ῥυόμενος
929 5017 987 5050 σε
1038 4997 1094 5050 ἐκ
1139 5006 1240 5050 τῶν
1279 4997 1485 5072 ἐχθρῶν
1542 5015 1657 5052 σου.
1706 5001 1914 5069 Θεωρή-

315 5107 414 5151 σας
451 5090 554 5163 γὰρ
592 5093 839 5162 πρότερον
884 5092 977 5147 τήν
1024 5092 1121 5146 σήν
1176 5091 1308 5159 πρὸς
1356 5086 1511 5140 αύτόν
1552 5087 1794 5154 ζήτησιν,
1824 5090 1915 5138 καὶ

312 5182 385 5241 ὡς
419 5178 541 5236 ὅλην
574 5197 668 5231 σου
692 5182 787 5235 τήν
824 5173 1150 5253 προσδοκίαν
1225 5173 1573 5239 ἀδιαλείπτως
1601 5179 1731 5251 πρὸς
1759 5175 1914 5228 αὐτὸν

314 5270 454 5341 ἔχεις
494 5283 507 5295 ’
547 5268 694 5329 οὗτος
720 5263 991 5331 διδάσκει,
1038 5271 1127 5319 καὶ
1158 5261 1359 5319 δίδωσί
1409 5284 1493 5318 σοι
1523 5265 1689 5336 εὐχήν
1738 5263 1915 5323 ἀληθι-

312 5362 423 5423 νὴν,
482 5355 692 5429 ἀγάπην
768 5355 1034 5421 ἀληθινὴν,
1095 5358 1212 5416 ἣτις
1283 5354 1423 5409 ἔστιν
1498 5354 1654 5416 αὐτὸς
1706 5352 1753 5405 ἐν
1832 5359 1915 5405 σοὶ

312 5448 484 5500 πάντα
536 5452 858 5519 γιγνόμενος,
909 5442 1254 5519 παράδεισος,
1310 5445 1457 5508 ξύλον
1502 5448 1657 5515 ζωῆς,
1710 5462 1913 5518 μαργικ⁶

313 5541 484 5611 ρίτης,
584 5540 850 5609 στέφανος,
943 5532 1242 5608 οἰκοδόμος,
1330 5537 1578 5608 γεωργὸς,
1652 5534 1908 5599 παθητὸς,

391 5701 412 5734 ⁸
446 5699 559 5756 lsa.
586 5714 705 5765 χιε,
740 5703 789 5754 l.
866 5699 915 5734 ¹⁰
955 5698 1165 5754 Deunt.
1192 5710 1289 5753 vn.
1320 5699 1409 5753 27.

2022 4555 2144 4607 toto
2207 4548 2413 4605 anima
2471 4552 2591 4612 tua,
2656 4562 2859 4604 annon
2916 4547 3196 4617 segniter,
3248 4562 3453 4604 annon
3493 4547 3675 4618 negli-

2022 4644 2249 4711 genter.

2095 4730 2178 4785 ιν.
2212 4728 2274 4783 Et
2305 4726 2405 4782 ubi
2438 4726 2650 4782 viderit
2679 4725 3050 4797 diligentiam
3098 4730 3283 4791 tuam,
3318 4725 3376 4780 in
3410 4741 3479 4781 eo
3507 4740 3676 4798 quae-

2020 4816 2209 4874 rendo
2236 4815 2593 4883 adhibitam,
2617 4819 2759 4869 tunc
2786 4813 3200 4870 manifestatur
3220 4813 3671 4885 etapparettibi,

2023 4906 2436 4978 auxiliumque
2475 4920 2653 4960 suum
2702 4904 3051 4975 impertitur,
3094 4919 3164 4959 ac
3212 4902 3524 4959 victoriam
3564 4902 3673 4960 tibi

2022 5001 2341 5070 praeparat,
2363 4994 2623 5050 liberans
2652 4998 2708 5049 te
2739 4994 2817 5050 ab
2833 4993 3110 5049 hostibus
3129 4992 3265 5048 tuis.
3282 4993 3671 5065 Conscipiens

2024 5087 2183 5142 enim
2214 5083 2381 5155 prius
2413 5093 2579 5138 tuum
2612 5082 2918 5155 quaerendi
2944 5098 3081 5137 eum
3125 5081 3422 5147 ardorem,
3465 5087 3521 5137 et
3550 5098 3673 5153 quo

2025 5181 2199 5248 pacto
2215 5188 2459 5229 omnem
2472 5178 2634 5229 tuam
2649 5188 2818 5244 spem
2838 5172 3236 5227 indesinenter
3252 5171 3308 5226 in
3324 5186 3393 5226 eo
3413 5170 3673 5226 locatam

2024 5263 2273 5331 habeas,
2329 5261 2426 5317 hic
2456 5263 2631 5317 docet
2658 5277 2815 5333 aque
2864 5261 3110 5330 largitur
3148 5275 3355 5315 verum
3388 5260 3677 5332 precandi

2028 5352 2298 5415 modum,
2352 5350 2731 5407 dilectionem
2763 5365 2985 5413 veram,
3040 5364 3175 5420 qua;
3231 5353 3317 5403 est
3372 5350 3519 5420 ipse,
3574 5349 3677 5422 qui

2026 5440 2233 5498 omnia
2256 5440 2419 5512 apud
2444 5444 2495 5495 te
2534 5438 2618 5502 ﬁt,
2646 5438 2985 5510 paradisus,
3008 5436 3238 5507 lignum
3256 5439 3407 5501 vitae,
3436 5454 3675 5509 marga-

2025 5532 2158 5598 rita,
2190 5545 2433 5594 corona,
2461 5528 2835 5598 architectus,
2857 5526 3141 5599 agricola,
3166 5526 3447 5602 patibilis,
3472 5529 3661 5605 impa-
