  <div class='ocr_page' id='page_1' title='image "/cluster/home/n/w/nwhite01/storage/ocr_20150623/34/hvd.32044073501835/375.png"; bbox 0 0 4076 6210; ppageno 0'>
   <div class='ocr_carea' id='block_1_1' title="bbox 431 270 3799 344">
    <p class='ocr_par' dir='ltr' id='par_1_1' title="bbox 431 270 3799 344">
     <span class='ocr_line' id='line_1_1' title="bbox 431 270 3799 344; baseline -0.004 -8"><span class='ocrx_word' id='word_1_1' title='bbox 431 288 530 344; x_wconf 84' lang='grc'>’131</span> <span class='ocrx_word' id='word_1_2' title='bbox 1719 275 1780 334; x_wconf 91' lang='lat' dir='ltr'>S.</span> <span class='ocrx_word' id='word_1_3' title='bbox 1824 270 2124 330; x_wconf 82' lang='lat' dir='ltr'>MACARII</span> <span class='ocrx_word' id='word_1_4' title='bbox 2164 270 2471 328; x_wconf 65' lang='lat' dir='ltr'>ABGYPTII</span> <span class='ocrx_word' id='word_1_5' title='bbox 3688 279 3799 334; x_wconf 77' lang='lat'>732</span> 
     </span>
    </p>
   </div>
   <div class='ocr_carea' id='block_1_2' title="bbox 433 395 2069 479">
    <p class='ocr_par' dir='ltr' id='par_1_2' title="bbox 433 401 2069 479">
     <span class='ocr_line' id='line_1_2' title="bbox 433 401 2069 479; baseline -0.009 -11"><span class='ocrx_word' id='word_1_6' title='bbox 433 410 632 475; x_wconf 89' lang='lat' dir='ltr'>tibilis,</span> <span class='ocrx_word' id='word_1_7' title='bbox 658 411 862 479; x_wconf 87' lang='lat' dir='ltr'>homo,</span> <span class='ocrx_word' id='word_1_8' title='bbox 886 408 1059 471; x_wconf 89' lang='lat' dir='ltr'>Deus,</span> <span class='ocrx_word' id='word_1_9' title='bbox 1084 406 1313 470; x_wconf 88' lang='lat' dir='ltr'>vinum,</span> <span class='ocrx_word' id='word_1_10' title='bbox 1345 418 1505 475; x_wconf 87' lang='lat' dir='ltr'>aqua</span> <span class='ocrx_word' id='word_1_11' title='bbox 1530 402 1687 467; x_wconf 89' lang='lat' dir='ltr'>viva,</span> <span class='ocrx_word' id='word_1_12' title='bbox 1725 401 1872 466; x_wconf 90' lang='lat' dir='ltr'>ovis,</span> <span class='ocrx_word' id='word_1_13' title='bbox 1897 415 2069 472; x_wconf 86' lang='lat' dir='ltr'>spon-</span> 
     </span>
    </p>
   </div>
   <div class='ocr_carea' id='block_1_3' title="bbox 2183 395 3806 479">
    <p class='ocr_par' dir='ltr' id='par_1_3' title="bbox 2202 395 3806 479">
     <span class='ocr_line' id='line_1_3' title="bbox 2202 395 3806 479; baseline 0.004 -30"><span class='ocrx_word' id='word_1_14' title='bbox 2202 395 2430 463; x_wconf 78' lang='grc' dir='ltr'>ἀπαθὴς,</span> <span class='ocrx_word' id='word_1_15' title='bbox 2496 400 2786 472; x_wconf 74' lang='grc' dir='ltr'>ἄνθρωπος,</span> <span class='ocrx_word' id='word_1_16' title='bbox 2844 403 2988 466; x_wconf 86' lang='grc' dir='ltr'>Θεὸς,</span> <span class='ocrx_word' id='word_1_17' title='bbox 3029 399 3183 467; x_wconf 83' lang='grc' dir='ltr'>οἶνος,</span> <span class='ocrx_word' id='word_1_18' title='bbox 3235 398 3378 475; x_wconf 79' lang='grc' dir='ltr'>ὕδωρ</span> <span class='ocrx_word' id='word_1_19' title='bbox 3429 403 3548 467; x_wconf 84' lang='grc' dir='ltr'>ζῶν,</span> <span class='ocrx_word' id='word_1_20' title='bbox 3604 403 3806 479; x_wconf 52' lang='grc' dir='ltr'>πρόϐα,</span> 
     </span>
    </p>
   </div>
   <div class='ocr_carea' id='block_1_4' title="bbox 434 488 2069 571">
    <p class='ocr_par' dir='ltr' id='par_1_4' title="bbox 434 490 2063 571">
     <span class='ocr_line' id='line_1_4' title="bbox 434 490 2063 571; baseline -0.008 -16"><span class='ocrx_word' id='word_1_21' title='bbox 434 518 555 571; x_wconf 89' lang='lat' dir='ltr'>sus,</span> <span class='ocrx_word' id='word_1_22' title='bbox 587 499 858 563; x_wconf 73' lang='lat' dir='ltr'>bellator,</span> <span class='ocrx_word' id='word_1_23' title='bbox 893 512 1082 561; x_wconf 90' lang='lat' dir='ltr'>arma,</span> <span class='ocrx_word' id='word_1_24' title='bbox 1130 494 1336 550; x_wconf 86' lang='lat' dir='ltr'>omnia</span> <span class='ocrx_word' id='word_1_25' title='bbox 1372 494 1432 548; x_wconf 92' lang='lat' dir='ltr'>in</span> <span class='ocrx_word' id='word_1_26' title='bbox 1464 490 1749 547; x_wconf 89' lang='lat' dir='ltr'>omnibus</span> <span class='ocrx_word' id='word_1_27' title='bbox 1799 490 2063 545; x_wconf 78' lang='lat' dir='ltr'>Christus</span> 
     </span>
    </p>
   </div>
   <div class='ocr_carea' id='block_1_5' title="bbox 2183 488 3805 571">
    <p class='ocr_par' dir='ltr' id='par_1_5' title="bbox 2196 488 3805 561">
     <span class='ocr_line' id='line_1_5' title="bbox 2196 488 3805 561; baseline 0.004 -23"><span class='ocrx_word' id='word_1_28' title='bbox 2196 507 2300 552; x_wconf 90' lang='grc' dir='ltr'>τον,</span> <span class='ocrx_word' id='word_1_29' title='bbox 2371 492 2609 560; x_wconf 77' lang='grc' dir='ltr'>νυμφίος,</span> <span class='ocrx_word' id='word_1_30' title='bbox 2672 488 3014 561; x_wconf 73' lang='grc' dir='ltr'>πολεμιστὴς,</span> <span class='ocrx_word' id='word_1_31' title='bbox 3094 490 3268 558; x_wconf 83' lang='grc' dir='ltr'>ὅπλον,</span> <span class='ocrx_word' id='word_1_32' title='bbox 3330 492 3500 544; x_wconf 78' lang='grc' dir='ltr'>πάντα</span> <span class='ocrx_word' id='word_1_33' title='bbox 3559 490 3609 542; x_wconf 77' lang='grc' dir='ltr'>ἓν</span> <span class='ocrx_word' id='word_1_34' title='bbox 3664 499 3805 544; x_wconf 81' lang='grc' dir='ltr'>πᾶσι</span> 
     </span>
    </p>
   </div>
   <div class='ocr_carea' id='block_1_6' title="bbox 434 577 2069 655">
    <p class='ocr_par' dir='ltr' id='par_1_6' title="bbox 434 579 2069 655">
     <span class='ocr_line' id='line_1_6' title="bbox 434 579 2069 655; baseline -0.009 -10"><span class='ocrx_word' id='word_1_35' title='bbox 434 587 958 655; x_wconf 86' lang='lat' dir='ltr'>Quemadmodum</span> <span class='ocrx_word' id='word_1_36' title='bbox 990 600 1127 640; x_wconf 92' lang='lat' dir='ltr'>vero</span> <span class='ocrx_word' id='word_1_37' title='bbox 1150 582 1344 638; x_wconf 89' lang='lat' dir='ltr'>infans</span> <span class='ocrx_word' id='word_1_38' title='bbox 1367 597 1484 636; x_wconf 93' lang='lat' dir='ltr'>non</span> <span class='ocrx_word' id='word_1_39' title='bbox 1502 579 1741 635; x_wconf 89' lang='lat' dir='ltr'>novitse</span> <span class='ocrx_word' id='word_1_40' title='bbox 1761 579 1965 650; x_wconf 90' lang='lat' dir='ltr'>ipsum</span> <span class='ocrx_word' id='word_1_41' title='bbox 1989 594 2069 631; x_wconf 91' lang='lat' dir='ltr'>cu-</span> 
     </span>
    </p>
   </div>
   <div class='ocr_carea' id='block_1_7' title="bbox 2183 577 3805 655">
    <p class='ocr_par' dir='ltr' id='par_1_7' title="bbox 2196 577 3805 653">
     <span class='ocr_line' id='line_1_7' title="bbox 2196 577 3805 653; baseline 0.002 -22"><span class='ocrx_word' id='word_1_42' title='bbox 2196 582 2446 650; x_wconf 83' lang='grc' dir='ltr'>Χριστός.</span> <span class='ocrx_word' id='word_1_43' title='bbox 2506 582 2605 630; x_wconf 82' lang='grc' dir='ltr'>Καὶ</span> <span class='ocrx_word' id='word_1_44' title='bbox 2658 580 2830 653; x_wconf 80' lang='grc' dir='ltr'>ὥσπερ</span> <span class='ocrx_word' id='word_1_45' title='bbox 2890 582 2948 630; x_wconf 87' lang='grc' dir='ltr'><strong>τό</strong></span> <span class='ocrx_word' id='word_1_46' title='bbox 2998 585 3181 637; x_wconf 77' lang='grc' dir='ltr'>νήπιον</span> <span class='ocrx_word' id='word_1_47' title='bbox 3220 581 3313 632; x_wconf 79' lang='grc' dir='ltr'>οῦκ</span> <span class='ocrx_word' id='word_1_48' title='bbox 3358 577 3497 634; x_wconf 84' lang='grc' dir='ltr'>οἶδεν</span> <span class='ocrx_word' id='word_1_49' title='bbox 3530 581 3681 634; x_wconf 80' lang='grc' dir='ltr'>ἑαυτό</span> <span class='ocrx_word' id='word_1_50' title='bbox 3724 584 3805 634; x_wconf 83' lang='grc' dir='ltr'>θε-</span> 
     </span>
    </p>
   </div>
   <div class='ocr_carea' id='block_1_8' title="bbox 434 666 2069 743">
    <p class='ocr_par' dir='ltr' id='par_1_8' title="bbox 434 666 2069 740">
     <span class='ocr_line' id='line_1_8' title="bbox 434 666 2069 740; baseline -0.009 -6"><span class='ocrx_word' id='word_1_51' title='bbox 434 695 561 734; x_wconf 87' lang='lat' dir='ltr'>rare</span> <span class='ocrx_word' id='word_1_52' title='bbox 594 677 684 732; x_wconf 90' lang='lat' dir='ltr'>vel</span> <span class='ocrx_word' id='word_1_53' title='bbox 710 691 943 740; x_wconf 89' lang='lat' dir='ltr'>ornare,</span> <span class='ocrx_word' id='word_1_54' title='bbox 968 674 1073 729; x_wconf 90' lang='lat' dir='ltr'>sed</span> <span class='ocrx_word' id='word_1_55' title='bbox 1100 672 1292 728; x_wconf 90' lang='lat' dir='ltr'>solum</span> <span class='ocrx_word' id='word_1_56' title='bbox 1320 670 1526 727; x_wconf 86' lang='lat' dir='ltr'>oculos</span> <span class='ocrx_word' id='word_1_57' title='bbox 1554 668 1833 723; x_wconf 77' lang='lat' dir='ltr'>convertit</span> <span class='ocrx_word' id='word_1_58' title='bbox 1859 666 1935 722; x_wconf 91' lang='lat' dir='ltr'>ad</span> <span class='ocrx_word' id='word_1_59' title='bbox 1963 682 2069 722; x_wconf 88' lang='lat' dir='ltr'>ma-</span> 
     </span>
    </p>
   </div>
   <div class='ocr_carea' id='block_1_9' title="bbox 2183 666 3805 743">
    <p class='ocr_par' dir='ltr' id='par_1_9' title="bbox 2192 667 3805 743">
     <span class='ocr_line' id='line_1_9' title="bbox 2192 667 3805 743; baseline 0.003 -25"><span class='ocrx_word' id='word_1_60' title='bbox 2192 674 2473 739; x_wconf 85' lang='grc' dir='ltr'>ραπεῦσαι,</span> <span class='ocrx_word' id='word_1_61' title='bbox 2516 669 2545 726; x_wconf 78' lang='grc' dir='ltr'>ἡ</span> <span class='ocrx_word' id='word_1_62' title='bbox 2602 668 2915 739; x_wconf 86' lang='grc' dir='ltr'>τημελῆσαι,</span> <span class='ocrx_word' id='word_1_63' title='bbox 2976 667 3103 721; x_wconf 88' lang='grc' dir='ltr'>ἀλλὰ</span> <span class='ocrx_word' id='word_1_64' title='bbox 3145 674 3297 741; x_wconf 90' lang='grc' dir='ltr'>μόνον</span> <span class='ocrx_word' id='word_1_65' title='bbox 3353 669 3623 723; x_wconf 78' lang='grc' dir='ltr'>ἀποϐλέπει</span> <span class='ocrx_word' id='word_1_66' title='bbox 3668 674 3805 743; x_wconf 84' lang='grc' dir='ltr'>πρός</span> 
     </span>
    </p>
   </div>
   <div class='ocr_carea' id='block_1_10' title="bbox 432 756 2069 831">
    <p class='ocr_par' dir='ltr' id='par_1_10' title="bbox 432 756 2069 831">
     <span class='ocr_line' id='line_1_10' title="bbox 432 756 2069 831; baseline -0.009 -7"><span class='ocrx_word' id='word_1_67' title='bbox 432 776 598 829; x_wconf 86' lang='lat' dir='ltr'>trem.</span> <span class='ocrx_word' id='word_1_68' title='bbox 658 766 828 831; x_wconf 78' lang='lat' dir='ltr'>flens,</span> <span class='ocrx_word' id='word_1_69' title='bbox 875 764 1068 819; x_wconf 90' lang='lat' dir='ltr'>donec</span> <span class='ocrx_word' id='word_1_70' title='bbox 1114 759 1524 817; x_wconf 80' lang='lat' dir='ltr'>misericordia</span> <span class='ocrx_word' id='word_1_71' title='bbox 1570 767 1872 812; x_wconf 88' lang='lat' dir='ltr'>commota</span> <span class='ocrx_word' id='word_1_72' title='bbox 1911 756 2069 811; x_wconf 88' lang='lat' dir='ltr'>illum</span> 
     </span>
    </p>
   </div>
   <div class='ocr_carea' id='block_1_11' title="bbox 2183 756 2568 831">
    <p class='ocr_par' dir='ltr' id='par_1_11' title="bbox 2193 761 2568 829">
     <span class='ocr_line' id='line_1_11' title="bbox 2193 761 2568 829; baseline 0.005 -21"><span class='ocrx_word' id='word_1_73' title='bbox 2193 761 2286 815; x_wconf 74' lang='grc' dir='ltr'>τὴν</span> <span class='ocrx_word' id='word_1_74' title='bbox 2351 761 2568 829; x_wconf 80' lang='grc' dir='ltr'>μητέρα,</span> 
     </span>
    </p>
   </div>
   <div class='ocr_carea' id='block_1_12' title="bbox 432 844 2069 929">
    <p class='ocr_par' dir='ltr' id='par_1_12' title="bbox 432 846 2069 929">
     <span class='ocr_line' id='line_1_12' title="bbox 432 846 2069 929; baseline -0.008 -17"><span class='ocrx_word' id='word_1_75' title='bbox 432 856 718 929; x_wconf 91' lang='lat' dir='ltr'>suscipiat</span> <span class='ocrx_word' id='word_1_76' title='bbox 747 868 759 907; x_wconf 92' lang='lat'>:</span> <span class='ocrx_word' id='word_1_77' title='bbox 794 856 873 909; x_wconf 88' lang='lat' dir='ltr'>sic</span> <span class='ocrx_word' id='word_1_78' title='bbox 906 852 1111 907; x_wconf 80' lang='lat' dir='ltr'>ﬁdeles</span> <span class='ocrx_word' id='word_1_79' title='bbox 1145 851 1360 907; x_wconf 76' lang='lat' dir='ltr'>animae</span> <span class='ocrx_word' id='word_1_80' title='bbox 1392 850 1449 903; x_wconf 92' lang='lat' dir='ltr'>in</span> <span class='ocrx_word' id='word_1_81' title='bbox 1474 848 1597 903; x_wconf 88' lang='lat' dir='ltr'>solo</span> <span class='ocrx_word' id='word_1_82' title='bbox 1630 846 1881 902; x_wconf 89' lang='lat' dir='ltr'>Domino</span> <span class='ocrx_word' id='word_1_83' title='bbox 1912 861 2069 917; x_wconf 88' lang='lat' dir='ltr'>spem</span> 
     </span>
    </p>
   </div>
   <div class='ocr_carea' id='block_1_13' title="bbox 2183 844 2513 929">
    <p class='ocr_par' dir='ltr' id='par_1_13' title="bbox 2194 844 2513 905">
     <span class='ocr_line' id='line_1_13' title="bbox 2194 844 2513 905; baseline 0.006 -9"><span class='ocrx_word' id='word_1_84' title='bbox 2194 844 2422 905; x_wconf 74' lang='grc' dir='ltr'>ἀναλάϐῃ</span> <span class='ocrx_word' id='word_1_85' title='bbox 2431 866 2513 898; x_wconf 86' lang='grc' dir='ltr'>ται</span> 
     </span>
    </p>
   </div>
   <div class='ocr_carea' id='block_1_14' title="bbox 2648 757 3801 831">
    <p class='ocr_par' dir='ltr' id='par_1_14' title="bbox 2648 757 3801 831">
     <span class='ocr_line' id='line_1_14' title="bbox 2648 757 3801 831; baseline 0.003 -23"><span class='ocrx_word' id='word_1_86' title='bbox 2648 757 2821 809; x_wconf 80' lang='grc' dir='ltr'>κλαῖον</span> <span class='ocrx_word' id='word_1_87' title='bbox 2898 763 3025 811; x_wconf 85' lang='grc' dir='ltr'>πότε</span> <span class='ocrx_word' id='word_1_88' title='bbox 3101 760 3570 831; x_wconf 86' lang='grc' dir='ltr'>σπλαγχνισθεῖσα</span> <span class='ocrx_word' id='word_1_89' title='bbox 3643 768 3801 813; x_wconf 83' lang='grc' dir='ltr'>τοῦτο</span> 
     </span>
    </p>
   </div>
   <div class='ocr_carea' id='block_1_15' title="bbox 2576 846 3802 921">
    <p class='ocr_par' dir='ltr' id='par_1_15' title="bbox 2576 846 3802 921">
     <span class='ocr_line' id='line_1_15' title="bbox 2576 846 3802 921; baseline 0.003 -23"><span class='ocrx_word' id='word_1_90' title='bbox 2576 862 2589 875; x_wconf 91' lang='grc'><strong>·</strong></span> <span class='ocrx_word' id='word_1_91' title='bbox 2631 847 2788 906; x_wconf 77' lang='grc' dir='ltr'>οὕτως</span> <span class='ocrx_word' id='word_1_92' title='bbox 2814 848 2867 898; x_wconf 82' lang='grc' dir='ltr'>αἱ</span> <span class='ocrx_word' id='word_1_93' title='bbox 2918 852 3108 900; x_wconf 85' lang='grc' dir='ltr'>πισταὶ</span> <span class='ocrx_word' id='word_1_94' title='bbox 3143 846 3327 919; x_wconf 71' lang='grc' dir='ltr'>ψυχαὶ</span> <span class='ocrx_word' id='word_1_95' title='bbox 3355 854 3496 921; x_wconf 82' lang='grc' dir='ltr'>μόνῳ</span> <span class='ocrx_word' id='word_1_96' title='bbox 3519 858 3590 920; x_wconf 81' lang='grc' dir='ltr'>τῷ</span> <span class='ocrx_word' id='word_1_97' title='bbox 3624 855 3802 921; x_wconf 78' lang='grc' dir='ltr'>Κυρίῳ</span> 
     </span>
    </p>
   </div>
   <div class='ocr_carea' id='block_1_16' title="bbox 428 936 2079 1016">
    <p class='ocr_par' dir='ltr' id='par_1_16' title="bbox 428 936 2079 1016">
     <span class='ocr_line' id='line_1_16' title="bbox 428 936 2079 1016; baseline -0.008 -13"><span class='ocrx_word' id='word_1_98' title='bbox 428 947 655 1004; x_wconf 87' lang='lat' dir='ltr'>habent</span> <span class='ocrx_word' id='word_1_99' title='bbox 692 952 1001 1016; x_wconf 88' lang='lat' dir='ltr'>perpetuo,</span> <span class='ocrx_word' id='word_1_100' title='bbox 1036 957 1281 996; x_wconf 87' lang='lat' dir='ltr'>omnem</span> <span class='ocrx_word' id='word_1_101' title='bbox 1316 939 1608 1009; x_wconf 79' lang='lat' dir='ltr'>justitiam</span> <span class='ocrx_word' id='word_1_102' title='bbox 1639 937 1687 992; x_wconf 91' lang='lat' dir='ltr'>ei</span> <span class='ocrx_word' id='word_1_103' title='bbox 1731 936 2079 1002; x_wconf 83' lang='lat' dir='ltr'>tribuentes,</span> 
     </span>
    </p>
   </div>
   <div class='ocr_carea' id='block_1_17' title="bbox 430 1023 2080 1109">
    <p class='ocr_par' dir='ltr' id='par_1_17' title="bbox 430 1023 2080 1109">
     <span class='ocr_line' id='line_1_17' title="bbox 430 1023 2080 1109; baseline -0.007 -18"><span class='ocrx_word' id='word_1_104' title='bbox 430 1036 574 1109; x_wconf 86' lang='lat' dir='ltr'>quia</span> <span class='ocrx_word' id='word_1_105' title='bbox 600 1035 746 1089; x_wconf 86' lang='lat' dir='ltr'>sicut</span> <span class='ocrx_word' id='word_1_106' title='bbox 776 1034 901 1087; x_wconf 92' lang='lat' dir='ltr'>sine</span> <span class='ocrx_word' id='word_1_107' title='bbox 933 1033 1049 1085; x_wconf 89' lang='lat' dir='ltr'>vite</span> <span class='ocrx_word' id='word_1_108' title='bbox 1077 1030 1309 1101; x_wconf 87' lang='lat' dir='ltr'>palmes</span> <span class='ocrx_word' id='word_1_109' title='bbox 1342 1027 1574 1093; x_wconf 87' lang='lat' dir='ltr'>arescit,</span> <span class='ocrx_word' id='word_1_110' title='bbox 1594 1027 1676 1080; x_wconf 91' lang='lat' dir='ltr'>sic</span> <span class='ocrx_word' id='word_1_111' title='bbox 1708 1041 1947 1098; x_wconf 89' lang='lat' dir='ltr'>quoque</span> <span class='ocrx_word' id='word_1_112' title='bbox 1973 1023 2080 1096; x_wconf 87' lang='lat' dir='ltr'>qui</span> 
     </span>
    </p>
   </div>
   <div class='ocr_carea' id='block_1_18' title="bbox 430 1114 2078 1196">
    <p class='ocr_par' dir='ltr' id='par_1_18' title="bbox 430 1114 2078 1196">
     <span class='ocr_line' id='line_1_18' title="bbox 430 1114 2078 1196; baseline -0.007 -17"><span class='ocrx_word' id='word_1_113' title='bbox 430 1127 661 1196; x_wconf 84' lang='lat' dir='ltr'>absque</span> <span class='ocrx_word' id='word_1_114' title='bbox 695 1122 917 1177; x_wconf 91' lang='lat' dir='ltr'>Christo</span> <span class='ocrx_word' id='word_1_115' title='bbox 954 1119 1071 1175; x_wconf 90' lang='lat' dir='ltr'>vult</span> <span class='ocrx_word' id='word_1_116' title='bbox 1095 1118 1436 1190; x_wconf 85' lang='lat' dir='ltr'>justiﬁcari.</span> <span class='ocrx_word' id='word_1_117' title='bbox 1469 1118 1532 1171; x_wconf 88' lang='lat' dir='ltr'>Et</span> <span class='ocrx_word' id='word_1_118' title='bbox 1561 1114 2078 1187; x_wconf 88' lang='lat' dir='ltr'>quemadmodum</span> 
     </span>
    </p>
   </div>
   <div class='ocr_carea' id='block_1_19' title="bbox 431 1202 2081 1279">
    <p class='ocr_par' dir='ltr' id='par_1_19' title="bbox 431 1202 2081 1279">
     <span class='ocr_line' id='line_1_19' title="bbox 431 1202 2081 1279; baseline -0.007 -10"><span class='ocrx_word' id='word_1_119' title='bbox 431 1214 582 1269; x_wconf 87' lang='lat' dir='ltr'>latro</span> <span class='ocrx_word' id='word_1_120' title='bbox 609 1220 696 1267; x_wconf 88' lang='lat' dir='ltr'>est</span> <span class='ocrx_word' id='word_1_121' title='bbox 726 1218 781 1265; x_wconf 91' lang='lat' dir='ltr'>et</span> <span class='ocrx_word' id='word_1_122' title='bbox 808 1210 920 1273; x_wconf 86' lang='lat' dir='ltr'>fur,</span> <span class='ocrx_word' id='word_1_123' title='bbox 954 1210 1051 1279; x_wconf 80' lang='lat' dir='ltr'>qui</span> <span class='ocrx_word' id='word_1_124' title='bbox 1078 1223 1188 1276; x_wconf 78' lang='lat' dir='ltr'>per</span> <span class='ocrx_word' id='word_1_125' title='bbox 1216 1207 1546 1276; x_wconf 84' lang='lat' dir='ltr'>ingressum</span> <span class='ocrx_word' id='word_1_126' title='bbox 1576 1221 1687 1259; x_wconf 82' lang='lat' dir='ltr'>non</span> <span class='ocrx_word' id='word_1_127' title='bbox 1736 1203 1945 1266; x_wconf 79' lang='lat' dir='ltr'>intrat,</span> <span class='ocrx_word' id='word_1_128' title='bbox 1979 1202 2081 1258; x_wconf 85' lang='lat' dir='ltr'>sed</span> 
     </span>
    </p>
   </div>
   <div class='ocr_carea' id='block_1_20' title="bbox 430 1292 2081 1367">
    <p class='ocr_par' dir='ltr' id='par_1_20' title="bbox 430 1292 2081 1367">
     <span class='ocr_line' id='line_1_20' title="bbox 430 1292 2081 1367; baseline -0.007 -10"><span class='ocrx_word' id='word_1_129' title='bbox 430 1302 676 1357; x_wconf 80' lang='lat' dir='ltr'>aliunde</span> <span class='ocrx_word' id='word_1_130' title='bbox 702 1299 964 1356; x_wconf 82' lang='lat' dir='ltr'>ascendit</span> <span class='ocrx_word' id='word_1_131' title='bbox 998 1300 1039 1333; x_wconf 84' lang='grc'>¹¹</span> <span class='ocrx_word' id='word_1_132' title='bbox 1074 1313 1085 1352; x_wconf 88' lang='lat'><strong>:</strong></span> <span class='ocrx_word' id='word_1_133' title='bbox 1121 1297 1200 1352; x_wconf 88' lang='lat' dir='ltr'>ita</span> <span class='ocrx_word' id='word_1_134' title='bbox 1230 1295 1333 1367; x_wconf 90' lang='lat' dir='ltr'>qui</span> <span class='ocrx_word' id='word_1_135' title='bbox 1362 1292 1870 1365; x_wconf 87' lang='lat' dir='ltr'>sinejustiﬁcante</span> <span class='ocrx_word' id='word_1_136' title='bbox 1899 1307 1961 1347; x_wconf 91' lang='lat' dir='ltr'>se</span> <span class='ocrx_word' id='word_1_137' title='bbox 1990 1292 2081 1363; x_wconf 90' lang='lat' dir='ltr'>ip-</span> 
     </span>
    </p>
   </div>
   <div class='ocr_carea' id='block_1_21' title="bbox 431 1390 902 1461">
    <p class='ocr_par' dir='ltr' id='par_1_21' title="bbox 431 1390 902 1461">
     <span class='ocr_line' id='line_1_21' title="bbox 431 1390 902 1461; baseline -0.006 -15"><span class='ocrx_word' id='word_1_138' title='bbox 431 1407 566 1446; x_wconf 88' lang='lat' dir='ltr'>sum</span> <span class='ocrx_word' id='word_1_139' title='bbox 593 1390 902 1461; x_wconf 86' lang='lat' dir='ltr'>justiﬁcat.</span> 
     </span>
    </p>
   </div>
   <div class='ocr_carea' id='block_1_22' title="bbox 502 1582 2079 1653">
    <p class='ocr_par' dir='ltr' id='par_1_22' title="bbox 502 1582 2079 1653">
     <span class='ocr_line' id='line_1_22' title="bbox 502 1582 2079 1653; baseline -0.004 -13"><span class='ocrx_word' id='word_1_140' title='bbox 502 1590 562 1641; x_wconf 87' lang='lat' dir='ltr'>V.</span> <span class='ocrx_word' id='word_1_141' title='bbox 603 1587 903 1643; x_wconf 86' lang='lat' dir='ltr'>Tollamus</span> <span class='ocrx_word' id='word_1_142' title='bbox 929 1598 1070 1653; x_wconf 87' lang='lat' dir='ltr'>ergo</span> <span class='ocrx_word' id='word_1_143' title='bbox 1101 1597 1318 1651; x_wconf 90' lang='lat' dir='ltr'>corpus</span> <span class='ocrx_word' id='word_1_144' title='bbox 1349 1585 1645 1649; x_wconf 90' lang='lat' dir='ltr'>nostrum,</span> <span class='ocrx_word' id='word_1_145' title='bbox 1684 1583 1740 1635; x_wconf 89' lang='lat' dir='ltr'>et</span> <span class='ocrx_word' id='word_1_146' title='bbox 1768 1582 2079 1635; x_wconf 87' lang='lat' dir='ltr'>construa-</span> 
     </span>
    </p>
   </div>
   <div class='ocr_carea' id='block_1_23' title="bbox 431 1672 2078 1744">
    <p class='ocr_par' dir='ltr' id='par_1_23' title="bbox 431 1672 2078 1744">
     <span class='ocr_line' id='line_1_23' title="bbox 431 1672 2078 1744; baseline -0.006 -12"><span class='ocrx_word' id='word_1_147' title='bbox 431 1694 569 1733; x_wconf 89' lang='lat' dir='ltr'>mus</span> <span class='ocrx_word' id='word_1_148' title='bbox 619 1675 802 1731; x_wconf 85' lang='lat' dir='ltr'>altare</span> <span class='ocrx_word' id='word_1_149' title='bbox 856 1681 910 1729; x_wconf 84' lang='lat' dir='ltr'>et</span> <span class='ocrx_word' id='word_1_150' title='bbox 966 1672 1531 1744; x_wconf 85' lang='lat' dir='ltr'>superimponamus</span> <span class='ocrx_word' id='word_1_151' title='bbox 1572 1685 1784 1725; x_wconf 85' lang='lat' dir='ltr'>omnes</span> <span class='ocrx_word' id='word_1_152' title='bbox 1842 1672 2078 1723; x_wconf 87' lang='lat' dir='ltr'>nostras</span> 
     </span>
    </p>
   </div>
   <div class='ocr_carea' id='block_1_24' title="bbox 2190 933 3806 1011">
    <p class='ocr_par' dir='ltr' id='par_1_24' title="bbox 2190 933 3806 1011">
     <span class='ocr_line' id='line_1_24' title="bbox 2190 933 3806 1011; baseline 0.002 -25"><span class='ocrx_word' id='word_1_153' title='bbox 2190 933 2490 996; x_wconf 77' lang='grc' dir='ltr'>ἐλπίζουσιν</span> <span class='ocrx_word' id='word_1_154' title='bbox 2545 934 2643 1001; x_wconf 82' lang='grc' dir='ltr'>ἀεὶ,</span> <span class='ocrx_word' id='word_1_155' title='bbox 2704 937 2876 988; x_wconf 86' lang='grc' dir='ltr'>πᾶσάν</span> <span class='ocrx_word' id='word_1_156' title='bbox 2930 933 3271 996; x_wconf 86' lang='grc' dir='ltr'>δικαιοσύνην</span> <span class='ocrx_word' id='word_1_157' title='bbox 3326 941 3465 1009; x_wconf 69' lang='grc' dir='ltr'>αὐτῷ</span> <span class='ocrx_word' id='word_1_158' title='bbox 3513 937 3806 1011; x_wconf 79' lang='grc' dir='ltr'>ἀπονέμου-</span> 
     </span>
    </p>
   </div>
   <div class='ocr_carea' id='block_1_25' title="bbox 2192 1023 3807 1100">
    <p class='ocr_par' dir='ltr' id='par_1_25' title="bbox 2192 1023 3807 1100">
     <span class='ocr_line' id='line_1_25' title="bbox 2192 1023 3807 1100; baseline 0.003 -25"><span class='ocrx_word' id='word_1_159' title='bbox 2192 1042 2301 1079; x_wconf 93' lang='grc' dir='ltr'>σαι.</span> <span class='ocrx_word' id='word_1_160' title='bbox 2358 1023 2558 1097; x_wconf 84' lang='grc' dir='ltr'>Ὠσπερ</span> <span class='ocrx_word' id='word_1_161' title='bbox 2590 1026 2687 1100; x_wconf 83' lang='grc' dir='ltr'>γὰρ</span> <span class='ocrx_word' id='word_1_162' title='bbox 2736 1030 2905 1100; x_wconf 86' lang='grc' dir='ltr'>χωρὶς</span> <span class='ocrx_word' id='word_1_163' title='bbox 2941 1034 3031 1087; x_wconf 86' lang='grc' dir='ltr'>τῆς</span> <span class='ocrx_word' id='word_1_164' title='bbox 3073 1026 3301 1099; x_wconf 77' lang='grc' dir='ltr'>ἀμπέλου</span> <span class='ocrx_word' id='word_1_165' title='bbox 3371 1030 3431 1080; x_wconf 86' lang='grc' dir='ltr'>τὸ</span> <span class='ocrx_word' id='word_1_166' title='bbox 3484 1027 3661 1099; x_wconf 81' lang='grc' dir='ltr'>κλῆμα</span> <span class='ocrx_word' id='word_1_167' title='bbox 3700 1027 3807 1098; x_wconf 78' lang='grc' dir='ltr'>ψύ-</span> 
     </span>
    </p>
   </div>
   <div class='ocr_carea' id='block_1_26' title="bbox 2235 1114 3791 1184">
    <p class='ocr_par' dir='ltr' id='par_1_26' title="bbox 2235 1114 3791 1184">
     <span class='ocr_line' id='line_1_26' title="bbox 2235 1114 3791 1184; baseline 0.002 -18"><span class='ocrx_word' id='word_1_168' title='bbox 2235 1134 2361 1184; x_wconf 83' lang='grc' dir='ltr'>εται,</span> <span class='ocrx_word' id='word_1_169' title='bbox 2412 1115 2576 1177; x_wconf 74' lang='grc' dir='ltr'>οὕτως</span> <span class='ocrx_word' id='word_1_170' title='bbox 2606 1119 2694 1166; x_wconf 89' lang='lat' dir='ltr'>xui</span> <span class='ocrx_word' id='word_1_171' title='bbox 2742 1116 2767 1167; x_wconf 98' lang='lat'>6</span> <span class='ocrx_word' id='word_1_172' title='bbox 2800 1116 2915 1168; x_wconf 68' lang='grc' dir='ltr'>ἰνευ</span> <span class='ocrx_word' id='word_1_173' title='bbox 2946 1124 3183 1184; x_wconf 81' lang='grc' dir='ltr'>Χριστοῦ</span> <span class='ocrx_word' id='word_1_174' title='bbox 3231 1114 3574 1170; x_wconf 81' lang='grc' dir='ltr'>δικαιοῦσθαι</span> <span class='ocrx_word' id='word_1_175' title='bbox 3605 1117 3791 1175; x_wconf 79' lang='grc' dir='ltr'>θέλων,</span> 
     </span>
    </p>
   </div>
   <div class='ocr_carea' id='block_1_27' title="bbox 2186 1136 3803 1279">
    <p class='ocr_par' dir='ltr' id='par_1_27' title="bbox 2186 1136 3803 1279">
     <span class='ocr_line' id='line_1_27' title="bbox 2235 1136 3791 1184; baseline 0.001 -17"><span class='ocrx_word' id='word_1_176' title='bbox 2235 1136 2361 1179; x_wconf 86' lang='grc' dir='ltr'>εται,</span> <span class='ocrx_word' id='word_1_177' title='bbox 2412 1136 2576 1177; x_wconf 87' lang='grc' dir='ltr'>ουτως</span> <span class='ocrx_word' id='word_1_178' title='bbox 2606 1136 2694 1166; x_wconf 87' lang='grc' dir='ltr'>και</span> <span class='ocrx_word' id='word_1_179' title='bbox 2742 1136 2767 1167; x_wconf 93' lang='grc' dir='ltr'>ο</span> <span class='ocrx_word' id='word_1_180' title='bbox 2800 1136 2915 1168; x_wconf 75' lang='lat' dir='ltr'>mu</span> <span class='ocrx_word' id='word_1_181' title='bbox 2950 1136 3183 1184; x_wconf 70' lang='lat' dir='ltr'>)pr&#39;TOU</span> <span class='ocrx_word' id='word_1_182' title='bbox 3231 1136 3574 1170; x_wconf 82' lang='grc' dir='ltr'>σικαιουσυαι</span> <span class='ocrx_word' id='word_1_183' title='bbox 3605 1136 3791 1175; x_wconf 63' lang='lat' dir='ltr'>una».</span> 
     </span>
     <span class='ocr_line' id='line_1_28' title="bbox 2186 1136 3803 1279; baseline 0.002 -24"><span class='ocrx_word' id='word_1_184' title='bbox 2186 1136 2269 1263; x_wconf 47' lang='grc' dir='ltr'>ᾗς</span> <span class='ocrx_word' id='word_1_185' title='bbox 2322 1203 2581 1277; x_wconf 78' lang='grc' dir='ltr'>όλῃστὴς</span> <span class='ocrx_word' id='word_1_186' title='bbox 2631 1209 2721 1257; x_wconf 91' lang='lat' dir='ltr'>xui</span> <span class='ocrx_word' id='word_1_187' title='bbox 2777 1204 3054 1268; x_wconf 86' lang='grc' dir='ltr'>όκλέπτης</span> <span class='ocrx_word' id='word_1_188' title='bbox 3112 1206 3273 1274; x_wconf 81' lang='grc' dir='ltr'>ἐστὶν,</span> <span class='ocrx_word' id='word_1_189' title='bbox 3331 1207 3357 1257; x_wconf 90' lang='lat'>6</span> <span class='ocrx_word' id='word_1_190' title='bbox 3396 1211 3474 1279; x_wconf 82' lang='grc' dir='ltr'>μὴ</span> <span class='ocrx_word' id='word_1_191' title='bbox 3528 1203 3645 1259; x_wconf 81' lang='grc' dir='ltr'>διὰ</span> <span class='ocrx_word' id='word_1_192' title='bbox 3689 1214 3803 1269; x_wconf 76' lang='grc' dir='ltr'>τῆς</span> 
     </span>
    </p>
   </div>
   <div class='ocr_carea' id='block_1_28' title="bbox 2189 1290 3797 1368">
    <p class='ocr_par' dir='ltr' id='par_1_28' title="bbox 2189 1290 3797 1368">
     <span class='ocr_line' id='line_1_29' title="bbox 2189 1290 3797 1368; baseline 0.001 -23"><span class='ocrx_word' id='word_1_193' title='bbox 2189 1290 2449 1345; x_wconf 82' lang='grc' dir='ltr'>εἰσόδον</span> <span class='ocrx_word' id='word_1_194' title='bbox 2491 1293 2977 1366; x_wconf 77' lang='grc' dir='ltr'>εἰσερχόμενος,</span> <span class='ocrx_word' id='word_1_195' title='bbox 3039 1294 3196 1347; x_wconf 80' lang='grc' dir='ltr'>ἀλλὰ</span> <span class='ocrx_word' id='word_1_196' title='bbox 3232 1294 3609 1368; x_wconf 79' lang='grc' dir='ltr'>ἀλλαχόθεν</span> <span class='ocrx_word' id='word_1_197' title='bbox 3651 1295 3797 1347; x_wconf 78' lang='grc' dir='ltr'>ἀνα-</span> 
     </span>
    </p>
   </div>
   <div class='ocr_carea' id='block_1_29' title="bbox 2190 1380 3795 1456">
    <p class='ocr_par' dir='ltr' id='par_1_29' title="bbox 2190 1380 3795 1456">
     <span class='ocr_line' id='line_1_30' title="bbox 2190 1380 3795 1456; baseline 0.002 -24"><span class='ocrx_word' id='word_1_198' title='bbox 2190 1380 2219 1432; x_wconf 81' lang='lat'>6</span> <span class='ocrx_word' id='word_1_199' title='bbox 2231 1386 2294 1433; x_wconf 84' lang='grc' dir='ltr'>αἱ</span> <span class='ocrx_word' id='word_1_200' title='bbox 2306 1403 2420 1433; x_wconf 82' lang='grc' dir='ltr'>νων</span> <span class='ocrx_word' id='word_1_201' title='bbox 2454 1401 2465 1412; x_wconf 89' lang='grc'><strong>·</strong></span> <span class='ocrx_word' id='word_1_202' title='bbox 2499 1383 2660 1445; x_wconf 76' lang='grc' dir='ltr'>οὕτως</span> <span class='ocrx_word' id='word_1_203' title='bbox 2692 1385 2716 1434; x_wconf 92' lang='lat'>6</span> <span class='ocrx_word' id='word_1_204' title='bbox 2748 1384 2865 1436; x_wconf 78' lang='grc' dir='ltr'>ἄνευ</span> <span class='ocrx_word' id='word_1_205' title='bbox 2893 1391 2983 1436; x_wconf 89' lang='grc' dir='ltr'>τοῦ</span> <span class='ocrx_word' id='word_1_206' title='bbox 3007 1380 3335 1446; x_wconf 78' lang='grc' dir='ltr'>δικαιοῦντος</span> <span class='ocrx_word' id='word_1_207' title='bbox 3368 1385 3533 1456; x_wconf 77' lang='grc' dir='ltr'>ἐαυτῷ</span> <span class='ocrx_word' id='word_1_208' title='bbox 3558 1382 3595 1438; x_wconf 88' lang='grc' dir='ltr'>δ</span> <span class='ocrx_word' id='word_1_209' title='bbox 3600 1388 3795 1438; x_wconf 78' lang='grc' dir='ltr'>ικαιού-</span> 
     </span>
    </p>
   </div>
   <div class='ocr_carea' id='block_1_30' title="bbox 2192 1490 2360 1542">
    <p class='ocr_par' dir='ltr' id='par_1_30' title="bbox 2192 1490 2360 1542">
     <span class='ocr_line' id='line_1_31' title="bbox 2192 1490 2360 1542; baseline 0.012 -19"><span class='ocrx_word' id='word_1_210' title='bbox 2192 1490 2360 1542; x_wconf 85' lang='grc' dir='ltr'>μενος.</span> 
     </span>
    </p>
   </div>
   <div class='ocr_carea' id='block_1_31' title="bbox 2258 1577 3807 1655">
    <p class='ocr_par' dir='ltr' id='par_1_31' title="bbox 2258 1577 3807 1655">
     <span class='ocr_line' id='line_1_32' title="bbox 2258 1577 3807 1655; baseline 0.002 -23"><span class='ocrx_word' id='word_1_211' title='bbox 2258 1578 2332 1632; x_wconf 84' lang='lat' dir='ltr'>E’.</span> <span class='ocrx_word' id='word_1_212' title='bbox 2390 1577 2633 1652; x_wconf 75' lang='grc' dir='ltr'>Ἀρωμεν</span> <span class='ocrx_word' id='word_1_213' title='bbox 2684 1577 2772 1632; x_wconf 81' lang='grc' dir='ltr'>οὖν</span> <span class='ocrx_word' id='word_1_214' title='bbox 2820 1583 2879 1633; x_wconf 88' lang='grc' dir='ltr'>τὸ</span> <span class='ocrx_word' id='word_1_215' title='bbox 2928 1589 3083 1652; x_wconf 88' lang='grc' dir='ltr'>σῶμα</span> <span class='ocrx_word' id='word_1_216' title='bbox 3135 1588 3305 1647; x_wconf 84' lang='grc' dir='ltr'>τοῦτο,</span> <span class='ocrx_word' id='word_1_217' title='bbox 3356 1586 3446 1634; x_wconf 81' lang='grc' dir='ltr'>καὶ</span> <span class='ocrx_word' id='word_1_218' title='bbox 3494 1587 3807 1655; x_wconf 70' lang='grc' dir='ltr'>ποιήσωμεν</span> 
     </span>
    </p>
   </div>
   <div class='ocr_carea' id='block_1_32' title="bbox 2193 1668 3807 1743">
    <p class='ocr_par' dir='ltr' id='par_1_32' title="bbox 2193 1668 3807 1743">
     <span class='ocr_line' id='line_1_33' title="bbox 2193 1668 3807 1743; baseline 0.002 -24"><span class='ocrx_word' id='word_1_219' title='bbox 2193 1669 2596 1742; x_wconf 81' lang='grc' dir='ltr'>θυσιαστήριον,</span> <span class='ocrx_word' id='word_1_220' title='bbox 2647 1673 2737 1721; x_wconf 84' lang='grc' dir='ltr'>καὶ</span> <span class='ocrx_word' id='word_1_221' title='bbox 2767 1668 3020 1742; x_wconf 84' lang='grc' dir='ltr'>ἐπιθῶμεν</span> <span class='ocrx_word' id='word_1_222' title='bbox 3069 1672 3237 1723; x_wconf 72' lang='grc' dir='ltr'>ἐπάνω</span> <span class='ocrx_word' id='word_1_223' title='bbox 3287 1677 3461 1724; x_wconf 79' lang='grc' dir='ltr'>πᾶσαν</span> <span class='ocrx_word' id='word_1_224' title='bbox 3504 1674 3651 1743; x_wconf 74' lang='grc' dir='ltr'>ἡμῶν</span> <span class='ocrx_word' id='word_1_225' title='bbox 3707 1677 3807 1729; x_wconf 78' lang='grc' dir='ltr'>τὴν</span> 
     </span>
    </p>
   </div>
   <div class='ocr_carea' id='block_1_33' title="bbox 429 1752 2069 1836">
    <p class='ocr_par' dir='ltr' id='par_1_33' title="bbox 429 1758 2069 1836">
     <span class='ocr_line' id='line_1_34' title="bbox 429 1758 2069 1836; baseline -0.006 -15"><span class='ocrx_word' id='word_1_226' title='bbox 429 1766 845 1836; x_wconf 83' lang='lat' dir='ltr'>cogitationes,</span> <span class='ocrx_word' id='word_1_227' title='bbox 908 1779 977 1817; x_wconf 90' lang='lat' dir='ltr'>ac</span> <span class='ocrx_word' id='word_1_228' title='bbox 1008 1762 1397 1833; x_wconf 88' lang='lat' dir='ltr'>deprecemur</span> <span class='ocrx_word' id='word_1_229' title='bbox 1429 1759 1768 1814; x_wconf 89' lang='lat' dir='ltr'>Dominum.</span> <span class='ocrx_word' id='word_1_230' title='bbox 1798 1763 1861 1813; x_wconf 90' lang='lat' dir='ltr'>ut</span> <span class='ocrx_word' id='word_1_231' title='bbox 1889 1758 2069 1812; x_wconf 88' lang='lat' dir='ltr'>mittat</span> 
     </span>
    </p>
   </div>
   <div class='ocr_carea' id='block_1_34' title="bbox 2183 1752 3804 1836">
    <p class='ocr_par' dir='ltr' id='par_1_34' title="bbox 2190 1755 3804 1834">
     <span class='ocr_line' id='line_1_35' title="bbox 2190 1755 3804 1834; baseline 0.004 -25"><span class='ocrx_word' id='word_1_232' title='bbox 2190 1758 2493 1829; x_wconf 72' lang='grc' dir='ltr'>ἐνθύμησιν,</span> <span class='ocrx_word' id='word_1_233' title='bbox 2554 1763 2643 1811; x_wconf 82' lang='grc' dir='ltr'>καὶ</span> <span class='ocrx_word' id='word_1_234' title='bbox 2710 1755 2976 1831; x_wconf 83' lang='grc' dir='ltr'>δεηθῶμεν</span> <span class='ocrx_word' id='word_1_235' title='bbox 3040 1767 3131 1813; x_wconf 88' lang='grc' dir='ltr'>τοῦ</span> <span class='ocrx_word' id='word_1_236' title='bbox 3200 1764 3418 1834; x_wconf 80' lang='grc' dir='ltr'>Κύρίου,</span> <span class='ocrx_word' id='word_1_237' title='bbox 3475 1764 3560 1813; x_wconf 83' lang='grc' dir='ltr'>ἵνα</span> <span class='ocrx_word' id='word_1_238' title='bbox 3611 1761 3804 1834; x_wconf 69' lang='grc' dir='ltr'>πέμψῃ</span> 
     </span>
    </p>
   </div>
   <div class='ocr_carea' id='block_1_35' title="bbox 429 1845 2069 1924">
    <p class='ocr_par' dir='ltr' id='par_1_35' title="bbox 429 1847 2069 1918">
     <span class='ocr_line' id='line_1_36' title="bbox 429 1847 2069 1918; baseline -0.007 -8"><span class='ocrx_word' id='word_1_239' title='bbox 429 1872 460 1911; x_wconf 95' lang='lat' dir='ltr'>e</span> <span class='ocrx_word' id='word_1_240' title='bbox 500 1854 648 1910; x_wconf 68' lang='lat' dir='ltr'>caelo</span> <span class='ocrx_word' id='word_1_241' title='bbox 680 1852 1037 1908; x_wconf 88' lang='lat' dir='ltr'>invisibilem</span> <span class='ocrx_word' id='word_1_242' title='bbox 1078 1859 1134 1905; x_wconf 94' lang='lat' dir='ltr'>et</span> <span class='ocrx_word' id='word_1_243' title='bbox 1174 1865 1464 1917; x_wconf 88' lang='lat' dir='ltr'>magnum</span> <span class='ocrx_word' id='word_1_244' title='bbox 1504 1850 1703 1917; x_wconf 83' lang='lat' dir='ltr'>ignem</span> <span class='ocrx_word' id='word_1_245' title='bbox 1732 1847 1834 1918; x_wconf 90' lang='lat' dir='ltr'>qui</span> <span class='ocrx_word' id='word_1_246' title='bbox 1864 1862 2069 1901; x_wconf 90' lang='lat' dir='ltr'>consu-</span> 
     </span>
    </p>
   </div>
   <div class='ocr_carea' id='block_1_36' title="bbox 2183 1845 3804 1924">
    <p class='ocr_par' dir='ltr' id='par_1_36' title="bbox 2191 1845 3804 1924">
     <span class='ocr_line' id='line_1_37' title="bbox 2191 1845 3804 1924; baseline 0.001 -25"><span class='ocrx_word' id='word_1_247' title='bbox 2191 1845 2243 1909; x_wconf 78' lang='grc' dir='ltr'>ἐξ</span> <span class='ocrx_word' id='word_1_248' title='bbox 2272 1847 2492 1919; x_wconf 81' lang='grc' dir='ltr'>ούρανοῦ</span> <span class='ocrx_word' id='word_1_249' title='bbox 2534 1851 2591 1899; x_wconf 87' lang='grc' dir='ltr'>τό</span> <span class='ocrx_word' id='word_1_250' title='bbox 2624 1846 2842 1921; x_wconf 89' lang='grc' dir='ltr'>ἀόρατον</span> <span class='ocrx_word' id='word_1_251' title='bbox 2888 1854 2977 1902; x_wconf 83' lang='grc' dir='ltr'>καὶ</span> <span class='ocrx_word' id='word_1_252' title='bbox 3028 1854 3162 1921; x_wconf 79' lang='grc' dir='ltr'>μέγα</span> <span class='ocrx_word' id='word_1_253' title='bbox 3214 1858 3342 1923; x_wconf 89' lang='grc' dir='ltr'>πῦρ,</span> <span class='ocrx_word' id='word_1_254' title='bbox 3394 1855 3483 1903; x_wconf 85' lang='grc' dir='ltr'>καὶ</span> <span class='ocrx_word' id='word_1_255' title='bbox 3514 1853 3804 1924; x_wconf 68' lang='grc' dir='ltr'>καταφάγῃ</span> 
     </span>
    </p>
   </div>
   <div class='ocr_carea' id='block_1_37' title="bbox 429 1937 2069 2011">
    <p class='ocr_par' dir='ltr' id='par_1_37' title="bbox 429 1941 2069 2011">
     <span class='ocr_line' id='line_1_38' title="bbox 429 1941 2069 2011; baseline -0.007 -11"><span class='ocrx_word' id='word_1_256' title='bbox 429 1949 554 2000; x_wconf 85' lang='lat' dir='ltr'>mat</span> <span class='ocrx_word' id='word_1_257' title='bbox 582 1944 784 2006; x_wconf 89' lang='lat' dir='ltr'>altare,</span> <span class='ocrx_word' id='word_1_258' title='bbox 817 1950 868 1997; x_wconf 90' lang='lat' dir='ltr'>et</span> <span class='ocrx_word' id='word_1_259' title='bbox 896 1941 1102 1996; x_wconf 90' lang='lat' dir='ltr'>omnia</span> <span class='ocrx_word' id='word_1_260' title='bbox 1132 1956 1268 2011; x_wconf 66' lang='lat' dir='ltr'>quas</span> <span class='ocrx_word' id='word_1_261' title='bbox 1300 1941 1357 1994; x_wconf 88' lang='lat' dir='ltr'>in</span> <span class='ocrx_word' id='word_1_262' title='bbox 1384 1954 1452 1993; x_wconf 92' lang='lat' dir='ltr'>eo</span> <span class='ocrx_word' id='word_1_263' title='bbox 1501 1943 1637 1992; x_wconf 91' lang='lat' dir='ltr'>sunt</span> <span class='ocrx_word' id='word_1_264' title='bbox 1680 1955 1699 1991; x_wconf 89' lang='lat'><em>:</em></span> <span class='ocrx_word' id='word_1_265' title='bbox 1747 1952 2069 2006; x_wconf 81' lang='lat' dir='ltr'>omnesque</span> 
     </span>
    </p>
   </div>
   <div class='ocr_carea' id='block_1_38' title="bbox 2183 1937 3808 2011">
    <p class='ocr_par' dir='ltr' id='par_1_38' title="bbox 2191 1937 3808 2010">
     <span class='ocr_line' id='line_1_39' title="bbox 2191 1937 3808 2010; baseline 0.002 -22"><span class='ocrx_word' id='word_1_266' title='bbox 2191 1939 2248 1988; x_wconf 89' lang='grc' dir='ltr'>τὸ</span> <span class='ocrx_word' id='word_1_267' title='bbox 2304 1938 2701 2009; x_wconf 81' lang='grc' dir='ltr'>θυσιαστήριον,</span> <span class='ocrx_word' id='word_1_268' title='bbox 2751 1943 2838 1989; x_wconf 86' lang='lat' dir='ltr'>xui</span> <span class='ocrx_word' id='word_1_269' title='bbox 2878 1941 3047 1990; x_wconf 81' lang='grc' dir='ltr'>πάντα</span> <span class='ocrx_word' id='word_1_270' title='bbox 3093 1942 3159 1991; x_wconf 65' lang='lat' dir='ltr'>re</span> <span class='ocrx_word' id='word_1_271' title='bbox 3189 1937 3237 1991; x_wconf 76' lang='grc' dir='ltr'>ἐν</span> <span class='ocrx_word' id='word_1_272' title='bbox 3263 1939 3423 2010; x_wconf 76' lang='grc' dir='ltr'>αὐτῷ.</span> <span class='ocrx_word' id='word_1_273' title='bbox 3470 1945 3570 1993; x_wconf 80' lang='lat' dir='ltr'>Kui</span> <span class='ocrx_word' id='word_1_274' title='bbox 3612 1942 3808 2002; x_wconf 75' lang='grc' dir='ltr'>πάντες</span> 
     </span>
    </p>
   </div>
   <div class='ocr_carea' id='block_1_39' title="bbox 431 2024 2069 2098">
    <p class='ocr_par' dir='ltr' id='par_1_39' title="bbox 431 2024 2069 2098">
     <span class='ocr_line' id='line_1_40' title="bbox 431 2024 2069 2098; baseline -0.005 -10"><span class='ocrx_word' id='word_1_275' title='bbox 431 2033 771 2088; x_wconf 88' lang='lat' dir='ltr'>sacerdotes</span> <span class='ocrx_word' id='word_1_276' title='bbox 840 2030 978 2085; x_wconf 90' lang='lat' dir='ltr'>Baal</span> <span class='ocrx_word' id='word_1_277' title='bbox 1036 2029 1273 2091; x_wconf 86' lang='lat' dir='ltr'>cadant,</span> <span class='ocrx_word' id='word_1_278' title='bbox 1333 2043 1469 2098; x_wconf 74' lang='lat' dir='ltr'>quae</span> <span class='ocrx_word' id='word_1_279' title='bbox 1528 2030 1668 2080; x_wconf 89' lang='lat' dir='ltr'>sunt</span> <span class='ocrx_word' id='word_1_280' title='bbox 1719 2024 2069 2080; x_wconf 75' lang='lat' dir='ltr'>adversariae</span> 
     </span>
    </p>
   </div>
   <div class='ocr_carea' id='block_1_40' title="bbox 2183 2024 3807 2098">
    <p class='ocr_par' dir='ltr' id='par_1_40' title="bbox 2192 2026 3807 2098">
     <span class='ocr_line' id='line_1_41' title="bbox 2192 2026 3807 2098; baseline 0.002 -21"><span class='ocrx_word' id='word_1_281' title='bbox 2192 2027 2240 2077; x_wconf 86' lang='grc' dir='ltr'>οἱ</span> <span class='ocrx_word' id='word_1_282' title='bbox 2298 2027 2443 2098; x_wconf 78' lang='grc' dir='ltr'>ἱερεῖς</span> <span class='ocrx_word' id='word_1_283' title='bbox 2494 2033 2586 2077; x_wconf 89' lang='grc' dir='ltr'>τοῦ</span> <span class='ocrx_word' id='word_1_284' title='bbox 2637 2026 2781 2080; x_wconf 74' lang='grc' dir='ltr'>Βαὰλ</span> <span class='ocrx_word' id='word_1_285' title='bbox 2839 2031 3091 2093; x_wconf 79' lang='grc' dir='ltr'>πέσωσιν,</span> <span class='ocrx_word' id='word_1_286' title='bbox 3141 2029 3327 2089; x_wconf 79' lang='grc' dir='ltr'>αἰτινές</span> <span class='ocrx_word' id='word_1_287' title='bbox 3376 2029 3508 2081; x_wconf 83' lang='grc' dir='ltr'>εἰσιν</span> <span class='ocrx_word' id='word_1_288' title='bbox 3577 2028 3807 2081; x_wconf 60' lang='lat' dir='ltr'>obnxii-</span> 
     </span>
    </p>
   </div>
   <div class='ocr_carea' id='block_1_41' title="bbox 428 2113 2079 2193">
    <p class='ocr_par' dir='ltr' id='par_1_41' title="bbox 428 2113 2079 2193">
     <span class='ocr_line' id='line_1_42' title="bbox 428 2113 2079 2193; baseline -0.006 -16"><span class='ocrx_word' id='word_1_289' title='bbox 428 2127 749 2193; x_wconf 87' lang='lat' dir='ltr'>potestates</span> <span class='ocrx_word' id='word_1_290' title='bbox 785 2138 797 2175; x_wconf 93' lang='lat'><strong>:</strong></span> <span class='ocrx_word' id='word_1_291' title='bbox 841 2126 1089 2190; x_wconf 84' lang='lat' dir='ltr'>tumque</span> <span class='ocrx_word' id='word_1_292' title='bbox 1128 2118 1255 2171; x_wconf 91' lang='lat' dir='ltr'>visu</span> <span class='ocrx_word' id='word_1_293' title='bbox 1284 2116 1682 2187; x_wconf 87' lang='lat' dir='ltr'>percipiemus</span> <span class='ocrx_word' id='word_1_294' title='bbox 1713 2113 2079 2185; x_wconf 89' lang='lat' dir='ltr'>spiritualem</span> 
     </span>
    </p>
   </div>
   <div class='ocr_carea' id='block_1_42' title="bbox 428 2202 2081 2281">
    <p class='ocr_par' dir='ltr' id='par_1_42' title="bbox 428 2202 2081 2281">
     <span class='ocr_line' id='line_1_43' title="bbox 428 2202 2081 2281; baseline -0.006 -16"><span class='ocrx_word' id='word_1_295' title='bbox 428 2209 719 2281; x_wconf 90' lang='lat' dir='ltr'>pluviam,</span> <span class='ocrx_word' id='word_1_296' title='bbox 778 2209 937 2263; x_wconf 88' lang='lat' dir='ltr'>velut</span> <span class='ocrx_word' id='word_1_297' title='bbox 968 2207 1285 2275; x_wconf 84' lang='lat' dir='ltr'>vestigium</span> <span class='ocrx_word' id='word_1_298' title='bbox 1319 2204 1599 2267; x_wconf 90' lang='lat' dir='ltr'>hominis,</span> <span class='ocrx_word' id='word_1_299' title='bbox 1634 2204 1965 2257; x_wconf 85' lang='lat' dir='ltr'>venientem</span> <span class='ocrx_word' id='word_1_300' title='bbox 2021 2202 2081 2255; x_wconf 92' lang='lat' dir='ltr'>in</span> 
     </span>
    </p>
   </div>
   <div class='ocr_carea' id='block_1_43' title="bbox 430 2290 2080 2368">
    <p class='ocr_par' dir='ltr' id='par_1_43' title="bbox 430 2290 2080 2368">
     <span class='ocr_line' id='line_1_44' title="bbox 430 2290 2080 2368; baseline -0.006 -14"><span class='ocrx_word' id='word_1_301' title='bbox 430 2299 719 2364; x_wconf 84' lang='lat' dir='ltr'>animam,</span> <span class='ocrx_word' id='word_1_302' title='bbox 764 2304 824 2352; x_wconf 93' lang='lat' dir='ltr'>ut</span> <span class='ocrx_word' id='word_1_303' title='bbox 856 2296 1175 2368; x_wconf 89' lang='lat' dir='ltr'>impleatur</span> <span class='ocrx_word' id='word_1_304' title='bbox 1206 2296 1263 2349; x_wconf 89' lang='lat' dir='ltr'>in</span> <span class='ocrx_word' id='word_1_305' title='bbox 1299 2294 1470 2348; x_wconf 90' lang='lat' dir='ltr'>nobis</span> <span class='ocrx_word' id='word_1_306' title='bbox 1508 2293 1711 2347; x_wconf 87' lang='lat' dir='ltr'>divina</span> <span class='ocrx_word' id='word_1_307' title='bbox 1743 2290 2080 2362; x_wconf 90' lang='lat' dir='ltr'>promissio,</span> 
     </span>
    </p>
   </div>
   <div class='ocr_carea' id='block_1_44' title="bbox 429 2380 2080 2459">
    <p class='ocr_par' dir='ltr' id='par_1_44' title="bbox 429 2380 2080 2459">
     <span class='ocr_line' id='line_1_45' title="bbox 429 2380 2080 2459; baseline -0.004 -15"><span class='ocrx_word' id='word_1_308' title='bbox 429 2387 947 2459; x_wconf 89' lang='lat' dir='ltr'>quemadmodum</span> <span class='ocrx_word' id='word_1_309' title='bbox 1015 2385 1241 2439; x_wconf 89' lang='lat' dir='ltr'>dictum</span> <span class='ocrx_word' id='word_1_310' title='bbox 1299 2388 1383 2438; x_wconf 90' lang='lat' dir='ltr'>est</span> <span class='ocrx_word' id='word_1_311' title='bbox 1446 2380 1608 2451; x_wconf 89' lang='lat' dir='ltr'>apud</span> <span class='ocrx_word' id='word_1_312' title='bbox 1666 2380 2021 2452; x_wconf 88' lang='lat' dir='ltr'>prophetam</span> <span class='ocrx_word' id='word_1_313' title='bbox 2067 2403 2080 2437; x_wconf 88' lang='lat'><strong>:</strong></span> 
     </span>
    </p>
   </div>
   <div class='ocr_carea' id='block_1_45' title="bbox 423 2470 2083 2546">
    <p class='ocr_par' dir='ltr' id='par_1_45' title="bbox 423 2470 2083 2546">
     <span class='ocr_line' id='line_1_46' title="bbox 423 2470 2083 2546; baseline -0.004 -15"><span class='ocrx_word' id='word_1_314' title='bbox 423 2476 671 2546; x_wconf 82' lang='lat' dir='ltr'>Erigam</span> <span class='ocrx_word' id='word_1_315' title='bbox 708 2491 759 2532; x_wconf 77' lang='lat' dir='ltr'>ei</span> <span class='ocrx_word' id='word_1_316' title='bbox 791 2473 1157 2543; x_wconf 65' lang='lat' dir='ltr'>rewdiﬁcabo</span> <span class='ocrx_word' id='word_1_317' title='bbox 1213 2472 1665 2527; x_wconf 78' lang='lat' dir='ltr'>tabernaculum</span> <span class='ocrx_word' id='word_1_318' title='bbox 1703 2470 1895 2525; x_wconf 82' lang='lat' dir='ltr'>David</span> <span class='ocrx_word' id='word_1_319' title='bbox 1925 2470 2083 2540; x_wconf 85' lang='lat' dir='ltr'>quod</span> 
     </span>
    </p>
   </div>
   <div class='ocr_carea' id='block_1_46' title="bbox 428 2559 2082 2634">
    <p class='ocr_par' dir='ltr' id='par_1_46' title="bbox 428 2559 2082 2634">
     <span class='ocr_line' id='line_1_47' title="bbox 428 2559 2082 2634; baseline -0.004 -13"><span class='ocrx_word' id='word_1_320' title='bbox 428 2568 755 2634; x_wconf 79' lang='lat' dir='ltr'>collapsum</span> <span class='ocrx_word' id='word_1_321' title='bbox 791 2571 895 2627; x_wconf 88' lang='lat' dir='ltr'>est,</span> <span class='ocrx_word' id='word_1_322' title='bbox 954 2571 1006 2619; x_wconf 88' lang='lat' dir='ltr'>et</span> <span class='ocrx_word' id='word_1_323' title='bbox 1038 2563 1241 2617; x_wconf 84' lang='lat' dir='ltr'>diruta</span> <span class='ocrx_word' id='word_1_324' title='bbox 1287 2564 1415 2630; x_wconf 86' lang='lat' dir='ltr'>ejus</span> <span class='ocrx_word' id='word_1_325' title='bbox 1468 2559 1830 2627; x_wconf 75' lang='lat' dir='ltr'>reaediﬁcabo</span> <span class='ocrx_word' id='word_1_326' title='bbox 1889 2561 1934 2595; x_wconf 83' lang='grc'>¹²</span> <span class='ocrx_word' id='word_1_327' title='bbox 1969 2576 1982 2625; x_wconf 91' lang='grc'>;</span> <span class='ocrx_word' id='word_1_328' title='bbox 2021 2567 2082 2615; x_wconf 91' lang='lat' dir='ltr'>ut</span> 
     </span>
    </p>
   </div>
   <div class='ocr_carea' id='block_1_47' title="bbox 425 2648 2080 2717">
    <p class='ocr_par' dir='ltr' id='par_1_47' title="bbox 425 2648 2080 2717">
     <span class='ocr_line' id='line_1_48' title="bbox 425 2648 2080 2717; baseline -0.004 -8"><span class='ocrx_word' id='word_1_329' title='bbox 425 2655 691 2710; x_wconf 88' lang='lat' dir='ltr'>animam</span> <span class='ocrx_word' id='word_1_330' title='bbox 717 2654 773 2707; x_wconf 88' lang='lat' dir='ltr'>in</span> <span class='ocrx_word' id='word_1_331' title='bbox 808 2659 979 2707; x_wconf 89' lang='lat' dir='ltr'>nocte</span> <span class='ocrx_word' id='word_1_332' title='bbox 1001 2668 1070 2707; x_wconf 89' lang='lat' dir='ltr'>ac</span> <span class='ocrx_word' id='word_1_333' title='bbox 1098 2650 1357 2705; x_wconf 88' lang='lat' dir='ltr'>tenebris</span> <span class='ocrx_word' id='word_1_334' title='bbox 1383 2654 1681 2717; x_wconf 88' lang='lat' dir='ltr'>agentem,</span> <span class='ocrx_word' id='word_1_335' title='bbox 1714 2648 1769 2702; x_wconf 91' lang='lat' dir='ltr'>in</span> <span class='ocrx_word' id='word_1_336' title='bbox 1798 2648 2080 2703; x_wconf 85' lang='lat' dir='ltr'>ebrietate</span> 
     </span>
    </p>
   </div>
   <div class='ocr_carea' id='block_1_48' title="bbox 424 2736 2079 2813">
    <p class='ocr_par' dir='ltr' id='par_1_48' title="bbox 424 2736 2079 2813">
     <span class='ocr_line' id='line_1_49' title="bbox 424 2736 2079 2813; baseline -0.004 -15"><span class='ocrx_word' id='word_1_337' title='bbox 424 2758 641 2812; x_wconf 90' lang='lat' dir='ltr'>nempe</span> <span class='ocrx_word' id='word_1_338' title='bbox 675 2743 1044 2813; x_wconf 61' lang='lat' dir='ltr'>ignorantiae,</span> <span class='ocrx_word' id='word_1_339' title='bbox 1081 2757 1191 2795; x_wconf 88' lang='lat' dir='ltr'>sua</span> <span class='ocrx_word' id='word_1_340' title='bbox 1241 2737 1602 2806; x_wconf 85' lang='lat' dir='ltr'>benignitate</span> <span class='ocrx_word' id='word_1_341' title='bbox 1634 2738 1921 2792; x_wconf 90' lang='lat' dir='ltr'>Dominus</span> <span class='ocrx_word' id='word_1_342' title='bbox 1953 2736 2079 2792; x_wconf 83' lang='lat' dir='ltr'>illii-</span> 
     </span>
    </p>
   </div>
   <div class='ocr_carea' id='block_1_49' title="bbox 427 2826 2077 2902">
    <p class='ocr_par' dir='ltr' id='par_1_49' title="bbox 427 2826 2077 2902">
     <span class='ocr_line' id='line_1_50' title="bbox 427 2826 2077 2902; baseline -0.002 -16"><span class='ocrx_word' id='word_1_343' title='bbox 427 2836 592 2898; x_wconf 90' lang='lat' dir='ltr'>stret,</span> <span class='ocrx_word' id='word_1_344' title='bbox 629 2848 763 2902; x_wconf 76' lang='lat' dir='ltr'>quae</span> <span class='ocrx_word' id='word_1_345' title='bbox 797 2836 1005 2901; x_wconf 90' lang='lat' dir='ltr'>postea</span> <span class='ocrx_word' id='word_1_346' title='bbox 1035 2829 1113 2885; x_wconf 88' lang='lat' dir='ltr'>ad</span> <span class='ocrx_word' id='word_1_347' title='bbox 1151 2828 1533 2884; x_wconf 85' lang='lat' dir='ltr'>sobrietatem</span> <span class='ocrx_word' id='word_1_348' title='bbox 1565 2826 1801 2881; x_wconf 87' lang='lat' dir='ltr'>rediens</span> <span class='ocrx_word' id='word_1_349' title='bbox 1848 2826 2077 2897; x_wconf 90' lang='lat' dir='ltr'>absque</span> 
     </span>
    </p>
   </div>
   <div class='ocr_carea' id='block_1_50' title="bbox 425 2916 2069 2992">
    <p class='ocr_par' dir='ltr' id='par_1_50' title="bbox 425 2916 2069 2987">
     <span class='ocr_line' id='line_1_51' title="bbox 425 2916 2069 2987; baseline -0.004 -12"><span class='ocrx_word' id='word_1_350' title='bbox 425 2919 787 2975; x_wconf 74' lang='lat' dir='ltr'>oifendiculo</span> <span class='ocrx_word' id='word_1_351' title='bbox 812 2918 1098 2980; x_wconf 88' lang='lat' dir='ltr'>ambulet,</span> <span class='ocrx_word' id='word_1_352' title='bbox 1125 2917 1240 2971; x_wconf 91' lang='lat' dir='ltr'>diei</span> <span class='ocrx_word' id='word_1_353' title='bbox 1271 2916 1523 2987; x_wconf 67' lang='lat' dir='ltr'>vitaeque</span> <span class='ocrx_word' id='word_1_354' title='bbox 1549 2930 1735 2985; x_wconf 88' lang='lat' dir='ltr'>opera</span> <span class='ocrx_word' id='word_1_355' title='bbox 1762 2929 2069 2985; x_wconf 89' lang='lat' dir='ltr'>peragens.</span> 
     </span>
    </p>
   </div>
   <div class='ocr_carea' id='block_1_51' title="bbox 2183 2916 3777 2992">
    <p class='ocr_par' dir='ltr' id='par_1_51' title="bbox 2188 2916 3777 2992">
     <span class='ocr_line' id='line_1_52' title="bbox 2188 2916 3777 2992; baseline 0.003 -25"><span class='ocrx_word' id='word_1_356' title='bbox 2188 2916 2386 2988; x_wconf 76' lang='grc' dir='ltr'>ἡμέρας</span> <span class='ocrx_word' id='word_1_357' title='bbox 2454 2921 2543 2968; x_wconf 89' lang='lat' dir='ltr'>xui</span> <span class='ocrx_word' id='word_1_358' title='bbox 2622 2917 2757 2978; x_wconf 77' lang='grc' dir='ltr'>ζωῆς</span> <span class='ocrx_word' id='word_1_359' title='bbox 2833 2920 2960 2991; x_wconf 81' lang='grc' dir='ltr'>ἔργα</span> <span class='ocrx_word' id='word_1_360' title='bbox 3020 2920 3374 2972; x_wconf 80' lang='grc' dir='ltr'>ἐπιτελοῦσα·</span> <span class='ocrx_word' id='word_1_361' title='bbox 3431 2920 3603 2973; x_wconf 80' lang='grc' dir='ltr'>ἐκεῖθεν</span> <span class='ocrx_word' id='word_1_362' title='bbox 3671 2922 3777 2992; x_wconf 78' lang='grc' dir='ltr'>γὰρ</span> 
     </span>
    </p>
   </div>
   <div class='ocr_carea' id='block_1_52' title="bbox 424 3003 2069 3077">
    <p class='ocr_par' dir='ltr' id='par_1_52' title="bbox 424 3003 2069 3077">
     <span class='ocr_line' id='line_1_53' title="bbox 424 3003 2069 3077; baseline -0.003 -14"><span class='ocrx_word' id='word_1_363' title='bbox 424 3008 544 3063; x_wconf 92' lang='lat' dir='ltr'>Illic</span> <span class='ocrx_word' id='word_1_364' title='bbox 573 3010 727 3063; x_wconf 88' lang='lat' dir='ltr'>enim</span> <span class='ocrx_word' id='word_1_365' title='bbox 765 3008 941 3063; x_wconf 84' lang='lat' dir='ltr'>alitur</span> <span class='ocrx_word' id='word_1_366' title='bbox 971 3009 1194 3067; x_wconf 83' lang='lat' dir='ltr'>anima.</span> <span class='ocrx_word' id='word_1_367' title='bbox 1233 3005 1335 3062; x_wconf 91' lang='lat' dir='ltr'>ubi</span> <span class='ocrx_word' id='word_1_368' title='bbox 1381 3020 1626 3077; x_wconf 88' lang='lat' dir='ltr'>quoque</span> <span class='ocrx_word' id='word_1_369' title='bbox 1673 3003 1811 3069; x_wconf 89' lang='lat' dir='ltr'>edit,</span> <span class='ocrx_word' id='word_1_370' title='bbox 1855 3004 1977 3058; x_wconf 91' lang='lat' dir='ltr'>sive</span> <span class='ocrx_word' id='word_1_371' title='bbox 2002 3004 2069 3058; x_wconf 88' lang='lat' dir='ltr'>de</span> 
     </span>
    </p>
   </div>
   <div class='ocr_carea' id='block_1_53' title="bbox 2183 3003 3790 3077">
    <p class='ocr_par' dir='ltr' id='par_1_53' title="bbox 2185 3006 3790 3077">
     <span class='ocr_line' id='line_1_54' title="bbox 2185 3006 3790 3077; baseline 0.004 -21"><span class='ocrx_word' id='word_1_372' title='bbox 2185 3008 2423 3076; x_wconf 74' lang='grc' dir='ltr'>τρέφεται</span> <span class='ocrx_word' id='word_1_373' title='bbox 2465 3006 2645 3077; x_wconf 74' lang='grc' dir='ltr'>ψυχὴ,</span> <span class='ocrx_word' id='word_1_374' title='bbox 2704 3008 2825 3059; x_wconf 81' lang='grc' dir='ltr'>ἔνθα</span> <span class='ocrx_word' id='word_1_375' title='bbox 2870 3012 2959 3060; x_wconf 88' lang='lat' dir='ltr'>xui</span> <span class='ocrx_word' id='word_1_376' title='bbox 3009 3006 3193 3077; x_wconf 73' lang='grc' dir='ltr'>ἐσθίει,</span> <span class='ocrx_word' id='word_1_377' title='bbox 3236 3012 3352 3067; x_wconf 81' lang='grc' dir='ltr'>ἤτοι</span> <span class='ocrx_word' id='word_1_378' title='bbox 3396 3008 3451 3061; x_wconf 74' lang='grc' dir='ltr'>ἐκ</span> <span class='ocrx_word' id='word_1_379' title='bbox 3481 3017 3566 3062; x_wconf 84' lang='grc' dir='ltr'>τοῦ</span> <span class='ocrx_word' id='word_1_380' title='bbox 3596 3009 3790 3071; x_wconf 81' lang='grc' dir='ltr'>αἰῶνος</span> 
     </span>
    </p>
   </div>
   <div class='ocr_carea' id='block_1_54' title="bbox 422 3092 2069 3169">
    <p class='ocr_par' dir='ltr' id='par_1_54' title="bbox 422 3092 2069 3166">
     <span class='ocr_line' id='line_1_55' title="bbox 422 3092 2069 3166; baseline -0.004 -12"><span class='ocrx_word' id='word_1_381' title='bbox 422 3098 537 3154; x_wconf 90' lang='lat' dir='ltr'>hoc</span> <span class='ocrx_word' id='word_1_382' title='bbox 580 3096 821 3161; x_wconf 65' lang='lat' dir='ltr'>saiculo,</span> <span class='ocrx_word' id='word_1_383' title='bbox 865 3099 987 3151; x_wconf 89' lang='lat' dir='ltr'>sive</span> <span class='ocrx_word' id='word_1_384' title='bbox 1027 3097 1100 3151; x_wconf 94' lang='lat' dir='ltr'>de</span> <span class='ocrx_word' id='word_1_385' title='bbox 1155 3095 1372 3166; x_wconf 90' lang='lat' dir='ltr'>Spiritu</span> <span class='ocrx_word' id='word_1_386' title='bbox 1398 3093 1640 3149; x_wconf 87' lang='lat' dir='ltr'>divino:</span> <span class='ocrx_word' id='word_1_387' title='bbox 1676 3099 1729 3148; x_wconf 92' lang='lat' dir='ltr'>et</span> <span class='ocrx_word' id='word_1_388' title='bbox 1761 3093 1874 3148; x_wconf 88' lang='lat' dir='ltr'>illic</span> <span class='ocrx_word' id='word_1_389' title='bbox 1918 3092 2069 3148; x_wconf 89' lang='lat' dir='ltr'>Deus</span> 
     </span>
    </p>
   </div>
   <div class='ocr_carea' id='block_1_55' title="bbox 2183 3092 3793 3169">
    <p class='ocr_par' dir='ltr' id='par_1_55' title="bbox 2184 3093 3793 3169">
     <span class='ocr_line' id='line_1_56' title="bbox 2184 3093 3793 3169; baseline 0.004 -24"><span class='ocrx_word' id='word_1_390' title='bbox 2184 3096 2391 3159; x_wconf 87' lang='grc' dir='ltr'>τούτου,</span> <span class='ocrx_word' id='word_1_391' title='bbox 2429 3096 2544 3153; x_wconf 74' lang='grc' dir='ltr'>ἦτοι</span> <span class='ocrx_word' id='word_1_392' title='bbox 2580 3093 2634 3147; x_wconf 76' lang='grc' dir='ltr'>ἐκ</span> <span class='ocrx_word' id='word_1_393' title='bbox 2664 3102 2754 3147; x_wconf 84' lang='grc' dir='ltr'>τοῦ</span> <span class='ocrx_word' id='word_1_394' title='bbox 2790 3099 3085 3169; x_wconf 83' lang='grc' dir='ltr'>Πνεῦματος</span> <span class='ocrx_word' id='word_1_395' title='bbox 3122 3104 3215 3150; x_wconf 88' lang='grc' dir='ltr'>τοῦ</span> <span class='ocrx_word' id='word_1_396' title='bbox 3255 3105 3389 3151; x_wconf 86' lang='grc' dir='ltr'>Θεοῦ</span> <span class='ocrx_word' id='word_1_397' title='bbox 3414 3118 3427 3130; x_wconf 88' lang='grc'><strong>·</strong></span> <span class='ocrx_word' id='word_1_398' title='bbox 3461 3104 3553 3151; x_wconf 81' lang='grc' dir='ltr'>καὶ</span> <span class='ocrx_word' id='word_1_399' title='bbox 3590 3100 3615 3150; x_wconf 87' lang='lat'>6</span> <span class='ocrx_word' id='word_1_400' title='bbox 3659 3102 3793 3161; x_wconf 77' lang='grc' dir='ltr'>Θεὸς</span> 
     </span>
    </p>
   </div>
   <div class='ocr_carea' id='block_1_56' title="bbox 425 3184 2069 3258">
    <p class='ocr_par' dir='ltr' id='par_1_56' title="bbox 425 3185 1620 3257">
     <span class='ocr_line' id='line_1_57' title="bbox 425 3185 1620 3257; baseline -0.003 -13"><span class='ocrx_word' id='word_1_401' title='bbox 425 3188 700 3252; x_wconf 88' lang='lat' dir='ltr'>nutritur,</span> <span class='ocrx_word' id='word_1_402' title='bbox 736 3187 877 3242; x_wconf 90' lang='lat' dir='ltr'>vivit</span> <span class='ocrx_word' id='word_1_403' title='bbox 906 3185 1226 3257; x_wconf 87' lang='lat' dir='ltr'>requiescit</span> <span class='ocrx_word' id='word_1_404' title='bbox 1250 3190 1305 3239; x_wconf 91' lang='lat' dir='ltr'>et</span> <span class='ocrx_word' id='word_1_405' title='bbox 1330 3188 1620 3240; x_wconf 85' lang='lat' dir='ltr'>versatur.</span> 
     </span>
    </p>
   </div>
   <div class='ocr_carea' id='block_1_57' title="bbox 2183 3184 3792 3258">
    <p class='ocr_par' dir='ltr' id='par_1_57' title="bbox 2183 3184 3792 3258">
     <span class='ocr_line' id='line_1_58' title="bbox 2183 3184 3792 3258; baseline 0.005 -25"><span class='ocrx_word' id='word_1_406' title='bbox 2183 3184 2286 3234; x_wconf 79' lang='grc' dir='ltr'>ἐκεῖ</span> <span class='ocrx_word' id='word_1_407' title='bbox 2341 3186 2597 3255; x_wconf 72' lang='grc' dir='ltr'>τρέφεται,</span> <span class='ocrx_word' id='word_1_408' title='bbox 2665 3189 2755 3236; x_wconf 82' lang='grc' dir='ltr'>καὶ</span> <span class='ocrx_word' id='word_1_409' title='bbox 2830 3190 2917 3258; x_wconf 74' lang='grc' dir='ltr'>ζῇ,</span> <span class='ocrx_word' id='word_1_410' title='bbox 2976 3189 3067 3237; x_wconf 80' lang='grc' dir='ltr'>καὶ</span> <span class='ocrx_word' id='word_1_411' title='bbox 3125 3185 3465 3257; x_wconf 85' lang='grc' dir='ltr'>ἀναπαύεται,</span> <span class='ocrx_word' id='word_1_412' title='bbox 3524 3192 3615 3241; x_wconf 90' lang='lat' dir='ltr'>xui</span> <span class='ocrx_word' id='word_1_413' title='bbox 3667 3186 3792 3240; x_wconf 83' lang='grc' dir='ltr'>ἀνα-</span> 
     </span>
    </p>
   </div>
   <div class='ocr_carea' id='block_1_58' title="bbox 2182 3289 2476 3345">
    <p class='ocr_par' dir='ltr' id='par_1_58' title="bbox 2182 3289 2476 3345">
     <span class='ocr_line' id='line_1_59' title="bbox 2182 3289 2476 3345; baseline 0.01 -23"><span class='ocrx_word' id='word_1_414' title='bbox 2182 3289 2476 3345; x_wconf 73' lang='grc' dir='ltr'>στρεφεται.</span> 
     </span>
    </p>
   </div>
   <div class='ocr_carea' id='block_1_59' title="bbox 2193 2115 3805 2191">
    <p class='ocr_par' dir='ltr' id='par_1_59' title="bbox 2193 2115 3805 2191">
     <span class='ocr_line' id='line_1_60' title="bbox 2193 2115 3805 2191; baseline 0.002 -24"><span class='ocrx_word' id='word_1_415' title='bbox 2193 2134 2338 2187; x_wconf 87' lang='grc' dir='ltr'>μεναι</span> <span class='ocrx_word' id='word_1_416' title='bbox 2387 2115 2666 2187; x_wconf 71' lang='grc' dir='ltr'>ἐνέργειαι·</span> <span class='ocrx_word' id='word_1_417' title='bbox 2700 2121 2790 2169; x_wconf 87' lang='lat' dir='ltr'>xui</span> <span class='ocrx_word' id='word_1_418' title='bbox 2844 2122 2957 2169; x_wconf 87' lang='grc' dir='ltr'>τότε</span> <span class='ocrx_word' id='word_1_419' title='bbox 3010 2116 3248 2189; x_wconf 73' lang='grc' dir='ltr'>ὀψόμεθα</span> <span class='ocrx_word' id='word_1_420' title='bbox 3308 2122 3393 2170; x_wconf 88' lang='grc' dir='ltr'>τὸν</span> <span class='ocrx_word' id='word_1_421' title='bbox 3448 2125 3805 2191; x_wconf 79' lang='grc' dir='ltr'>πνευματικόν</span> 
     </span>
    </p>
   </div>
   <div class='ocr_carea' id='block_1_60' title="bbox 2193 2203 3806 2280">
    <p class='ocr_par' dir='ltr' id='par_1_60' title="bbox 2193 2203 3806 2280">
     <span class='ocr_line' id='line_1_61' title="bbox 2193 2203 3806 2280; baseline 0.004 -26"><span class='ocrx_word' id='word_1_422' title='bbox 2193 2204 2356 2266; x_wconf 79' lang='grc' dir='ltr'>ὑετόν,</span> <span class='ocrx_word' id='word_1_423' title='bbox 2390 2207 2459 2265; x_wconf 81' lang='grc' dir='ltr'>ὡς</span> <span class='ocrx_word' id='word_1_424' title='bbox 2485 2207 2637 2275; x_wconf 80' lang='grc' dir='ltr'>ἴχνος</span> <span class='ocrx_word' id='word_1_425' title='bbox 2690 2203 2964 2278; x_wconf 81' lang='grc' dir='ltr'>ἀνθρώπου</span> <span class='ocrx_word' id='word_1_426' title='bbox 3021 2204 3301 2278; x_wconf 68' lang='grc' dir='ltr'>ἐρχόμενον</span> <span class='ocrx_word' id='word_1_427' title='bbox 3341 2205 3390 2257; x_wconf 76' lang='grc' dir='ltr'>ἐν</span> <span class='ocrx_word' id='word_1_428' title='bbox 3429 2206 3607 2280; x_wconf 66' lang='grc' dir='ltr'>ψυχῇ,</span> <span class='ocrx_word' id='word_1_429' title='bbox 3662 2210 3806 2261; x_wconf 81' lang='grc' dir='ltr'>ὥστε</span> 
     </span>
    </p>
   </div>
   <div class='ocr_carea' id='block_1_61' title="bbox 2192 2292 3808 2367">
    <p class='ocr_par' dir='ltr' id='par_1_61' title="bbox 2192 2292 3808 2367">
     <span class='ocr_line' id='line_1_62' title="bbox 2192 2292 3808 2367; baseline 0.004 -24"><span class='ocrx_word' id='word_1_430' title='bbox 2192 2294 2434 2361; x_wconf 75' lang='grc' dir='ltr'>γενέσθαι</span> <span class='ocrx_word' id='word_1_431' title='bbox 2478 2292 2525 2344; x_wconf 79' lang='grc' dir='ltr'>ἐν</span> <span class='ocrx_word' id='word_1_432' title='bbox 2592 2295 2716 2364; x_wconf 80' lang='grc' dir='ltr'>ἡμῖν</span> <span class='ocrx_word' id='word_1_433' title='bbox 2759 2298 2853 2351; x_wconf 72' lang='grc' dir='ltr'>τὴν</span> <span class='ocrx_word' id='word_1_434' title='bbox 2895 2302 2985 2345; x_wconf 86' lang='grc' dir='ltr'>τοῦ</span> <span class='ocrx_word' id='word_1_435' title='bbox 3047 2302 3180 2347; x_wconf 89' lang='grc' dir='ltr'>Θεοῦ</span> <span class='ocrx_word' id='word_1_436' title='bbox 3239 2295 3567 2367; x_wconf 74' lang='grc' dir='ltr'>ἐπαγγελίαν,</span> <span class='ocrx_word' id='word_1_437' title='bbox 3621 2300 3808 2360; x_wconf 82' lang='grc' dir='ltr'>καθὼς</span> 
     </span>
    </p>
   </div>
   <div class='ocr_carea' id='block_1_62' title="bbox 2194 2380 3807 2456">
    <p class='ocr_par' dir='ltr' id='par_1_62' title="bbox 2194 2380 3807 2456">
     <span class='ocr_line' id='line_1_63' title="bbox 2194 2380 3807 2456; baseline 0.005 -25"><span class='ocrx_word' id='word_1_438' title='bbox 2194 2383 2398 2452; x_wconf 81' lang='grc' dir='ltr'>εἴρηται</span> <span class='ocrx_word' id='word_1_439' title='bbox 2421 2380 2468 2432; x_wconf 80' lang='grc' dir='ltr'>ἐν</span> <span class='ocrx_word' id='word_1_440' title='bbox 2496 2389 2567 2450; x_wconf 86' lang='grc' dir='ltr'>τῷ</span> <span class='ocrx_word' id='word_1_441' title='bbox 2592 2387 2855 2456; x_wconf 67' lang='grc' dir='ltr'>προφήτῃ,</span> <span class='ocrx_word' id='word_1_442' title='bbox 2879 2384 3281 2451; x_wconf 84' lang='grc' dir='ltr'>Ἀνορθώσω,</span> <span class='ocrx_word' id='word_1_443' title='bbox 3314 2390 3423 2437; x_wconf 81' lang='grc' dir='ltr'>καὶ</span> <span class='ocrx_word' id='word_1_444' title='bbox 3465 2384 3807 2439; x_wconf 77' lang='grc' dir='ltr'>ἀνοικοδο-</span> 
     </span>
    </p>
   </div>
   <div class='ocr_carea' id='block_1_63' title="bbox 2195 2465 3776 2543">
    <p class='ocr_par' dir='ltr' id='par_1_63' title="bbox 2195 2465 3776 2543">
     <span class='ocr_line' id='line_1_64' title="bbox 2195 2465 3776 2543; baseline 0.005 -23"><span class='ocrx_word' id='word_1_445' title='bbox 2195 2465 2464 2538; x_wconf 81' lang='grc' dir='ltr'>δομήσω</span> <span class='ocrx_word' id='word_1_446' title='bbox 2503 2474 2614 2528; x_wconf 82' lang='grc' dir='ltr'>τὴν</span> <span class='ocrx_word' id='word_1_447' title='bbox 2657 2476 2895 2529; x_wconf 82' lang='grc' dir='ltr'>σκηνὴν</span> <span class='ocrx_word' id='word_1_448' title='bbox 2936 2469 3137 2524; x_wconf 81' lang='grc' dir='ltr'>Δαϐἱδ</span> <span class='ocrx_word' id='word_1_449' title='bbox 3192 2479 3301 2531; x_wconf 76' lang='grc' dir='ltr'>τὴν</span> <span class='ocrx_word' id='word_1_450' title='bbox 3341 2484 3776 2543; x_wconf 74' lang='grc' dir='ltr'>πεπτωκυῖαν,</span> 
     </span>
    </p>
   </div>
   <div class='ocr_carea' id='block_1_64' title="bbox 2192 2560 3771 2635">
    <p class='ocr_par' dir='ltr' id='par_1_64' title="bbox 2192 2560 3771 2635">
     <span class='ocr_line' id='line_1_65' title="bbox 2192 2560 3771 2635; baseline 0.006 -27"><span class='ocrx_word' id='word_1_451' title='bbox 2192 2563 2298 2609; x_wconf 87' lang='lat' dir='ltr'>xui</span> <span class='ocrx_word' id='word_1_452' title='bbox 2334 2560 2410 2609; x_wconf 79' lang='grc' dir='ltr'>τὰ</span> <span class='ocrx_word' id='word_1_453' title='bbox 2447 2565 2950 2631; x_wconf 78' lang='grc' dir='ltr'>κατεσκαμμένα</span> <span class='ocrx_word' id='word_1_454' title='bbox 2988 2561 3182 2623; x_wconf 81' lang='grc' dir='ltr'>αὐτῆς</span> <span class='ocrx_word' id='word_1_455' title='bbox 3221 2560 3727 2635; x_wconf 72' lang='grc' dir='ltr'>ἀνοικοδομήσω</span> <span class='ocrx_word' id='word_1_456' title='bbox 3759 2586 3771 2598; x_wconf 73' lang='grc' dir='ltr'>ο</span> 
     </span>
    </p>
   </div>
   <div class='ocr_carea' id='block_1_65' title="bbox 2190 2646 3800 2727">
    <p class='ocr_par' dir='ltr' id='par_1_65' title="bbox 2190 2646 3800 2727">
     <span class='ocr_line' id='line_1_66' title="bbox 2190 2646 3800 2727; baseline 0.006 -30"><span class='ocrx_word' id='word_1_457' title='bbox 2190 2648 2275 2699; x_wconf 85' lang='grc' dir='ltr'>ἵνα</span> <span class='ocrx_word' id='word_1_458' title='bbox 2300 2652 2392 2705; x_wconf 82' lang='grc' dir='ltr'>τὴν</span> <span class='ocrx_word' id='word_1_459' title='bbox 2423 2646 2471 2698; x_wconf 85' lang='grc' dir='ltr'>ἐν</span> <span class='ocrx_word' id='word_1_460' title='bbox 2492 2654 2640 2701; x_wconf 76' lang='grc' dir='ltr'>νυκτὶ</span> <span class='ocrx_word' id='word_1_461' title='bbox 2669 2655 2758 2701; x_wconf 86' lang='lat' dir='ltr'>xui</span> <span class='ocrx_word' id='word_1_462' title='bbox 2790 2654 2964 2703; x_wconf 83' lang='grc' dir='ltr'>σκότει</span> <span class='ocrx_word' id='word_1_463' title='bbox 2996 2647 3342 2723; x_wconf 76' lang='grc' dir='ltr'>διαιτωμένην</span> <span class='ocrx_word' id='word_1_464' title='bbox 3366 2652 3551 2725; x_wconf 75' lang='grc' dir='ltr'>ψυχὴν</span> <span class='ocrx_word' id='word_1_465' title='bbox 3582 2657 3629 2706; x_wconf 73' lang='grc' dir='ltr'>ἓν</span> <span class='ocrx_word' id='word_1_466' title='bbox 3659 2656 3800 2727; x_wconf 69' lang='grc' dir='ltr'>μέθῃ</span> 
     </span>
    </p>
   </div>
   <div class='ocr_carea' id='block_1_66' title="bbox 2191 2735 3792 2815">
    <p class='ocr_par' dir='ltr' id='par_1_66' title="bbox 2191 2735 3792 2815">
     <span class='ocr_line' id='line_1_67' title="bbox 2191 2735 3792 2815; baseline 0.006 -28"><span class='ocrx_word' id='word_1_467' title='bbox 2191 2736 2426 2806; x_wconf 83' lang='grc' dir='ltr'>ἀγνοίας,</span> <span class='ocrx_word' id='word_1_468' title='bbox 2457 2745 2518 2809; x_wconf 75' lang='grc' dir='ltr'>τῇ</span> <span class='ocrx_word' id='word_1_469' title='bbox 2556 2735 2671 2810; x_wconf 81' lang='grc' dir='ltr'>ἰδίᾳ</span> <span class='ocrx_word' id='word_1_470' title='bbox 2716 2743 3054 2814; x_wconf 75' lang='grc' dir='ltr'>χρηστότητι</span> <span class='ocrx_word' id='word_1_471' title='bbox 3084 2742 3109 2792; x_wconf 93' lang='lat'>6</span> <span class='ocrx_word' id='word_1_472' title='bbox 3156 2744 3347 2813; x_wconf 83' lang='grc' dir='ltr'>Κύριος</span> <span class='ocrx_word' id='word_1_473' title='bbox 3380 2742 3664 2815; x_wconf 65' lang='grc' dir='ltr'>ἐπιλάμψῃ,</span> <span class='ocrx_word' id='word_1_474' title='bbox 3700 2750 3792 2797; x_wconf 83' lang='lat' dir='ltr'>xui</span> 
     </span>
    </p>
   </div>
   <div class='ocr_carea' id='block_1_67' title="bbox 2188 2824 3787 2903">
    <p class='ocr_par' dir='ltr' id='par_1_67' title="bbox 2188 2824 3787 2903">
     <span class='ocr_line' id='line_1_68' title="bbox 2188 2824 3787 2903; baseline 0.004 -27"><span class='ocrx_word' id='word_1_475' title='bbox 2188 2824 2364 2877; x_wconf 83' lang='grc' dir='ltr'>λοιπόν</span> <span class='ocrx_word' id='word_1_476' title='bbox 2414 2825 2730 2897; x_wconf 73' lang='grc' dir='ltr'>ἀνανήψασα</span> <span class='ocrx_word' id='word_1_477' title='bbox 2779 2827 2942 2886; x_wconf 83' lang='grc' dir='ltr'>ἐκείνη</span> <span class='ocrx_word' id='word_1_478' title='bbox 3004 2829 3349 2902; x_wconf 84' lang='grc' dir='ltr'>ἀπροσκόπως</span> <span class='ocrx_word' id='word_1_479' title='bbox 3404 2828 3553 2903; x_wconf 69' lang='grc' dir='ltr'>όδεύῃ</span> <span class='ocrx_word' id='word_1_480' title='bbox 3596 2834 3659 2883; x_wconf 81' lang='grc' dir='ltr'>τὰ</span> <span class='ocrx_word' id='word_1_481' title='bbox 3686 2829 3787 2895; x_wconf 78' lang='grc' dir='ltr'>τῆς</span> 
     </span>
    </p>
   </div>
   <div class='ocr_carea' id='block_1_68' title="bbox 491 3378 2068 3452">
    <p class='ocr_par' dir='ltr' id='par_1_68' title="bbox 491 3378 2068 3452">
     <span class='ocr_line' id='line_1_69' title="bbox 491 3378 2068 3452; baseline 0.001 -19"><span class='ocrx_word' id='word_1_482' title='bbox 491 3384 588 3437; x_wconf 90' lang='lat' dir='ltr'>VI.</span> <span class='ocrx_word' id='word_1_483' title='bbox 617 3385 903 3439; x_wconf 70' lang='lat' dir='ltr'>Caaterum</span> <span class='ocrx_word' id='word_1_484' title='bbox 931 3380 1208 3452; x_wconf 89' lang='lat' dir='ltr'>quisque,</span> <span class='ocrx_word' id='word_1_485' title='bbox 1233 3380 1284 3431; x_wconf 88' lang='lat' dir='ltr'>si</span> <span class='ocrx_word' id='word_1_486' title='bbox 1307 3378 1460 3444; x_wconf 86' lang='lat' dir='ltr'>velit,</span> <span class='ocrx_word' id='word_1_487' title='bbox 1503 3379 1759 3449; x_wconf 90' lang='lat' dir='ltr'>probare</span> <span class='ocrx_word' id='word_1_488' title='bbox 1790 3378 2068 3450; x_wconf 90' lang='lat' dir='ltr'>seipsum</span> 
     </span>
    </p>
   </div>
   <div class='ocr_carea' id='block_1_69' title="bbox 421 3466 2069 3544">
    <p class='ocr_par' dir='ltr' id='par_1_69' title="bbox 421 3466 2069 3544">
     <span class='ocr_line' id='line_1_70' title="bbox 421 3466 2069 3544; baseline -0.002 -17"><span class='ocrx_word' id='word_1_489' title='bbox 421 3477 633 3544; x_wconf 89' lang='lat' dir='ltr'>potest,</span> <span class='ocrx_word' id='word_1_490' title='bbox 684 3470 842 3525; x_wconf 91' lang='lat' dir='ltr'>unde</span> <span class='ocrx_word' id='word_1_491' title='bbox 895 3469 1209 3533; x_wconf 87' lang='lat' dir='ltr'>nutriatur,</span> <span class='ocrx_word' id='word_1_492' title='bbox 1246 3468 1342 3523; x_wconf 89' lang='lat' dir='ltr'>ubi</span> <span class='ocrx_word' id='word_1_493' title='bbox 1400 3466 1580 3531; x_wconf 87' lang='lat' dir='ltr'>vivat,</span> <span class='ocrx_word' id='word_1_494' title='bbox 1620 3473 1675 3522; x_wconf 91' lang='lat' dir='ltr'>et</span> <span class='ocrx_word' id='word_1_495' title='bbox 1704 3467 1869 3538; x_wconf 88' lang='lat' dir='ltr'>apud</span> <span class='ocrx_word' id='word_1_496' title='bbox 1915 3484 2069 3539; x_wconf 89' lang='lat' dir='ltr'>quos</span> 
     </span>
    </p>
   </div>
   <div class='ocr_carea' id='block_1_70' title="bbox 423 3555 2067 3629">
    <p class='ocr_par' dir='ltr' id='par_1_70' title="bbox 423 3555 2067 3629">
     <span class='ocr_line' id='line_1_71' title="bbox 423 3555 2067 3629; baseline -0.001 -14"><span class='ocrx_word' id='word_1_497' title='bbox 423 3563 621 3629; x_wconf 88' lang='lat' dir='ltr'>degat,</span> <span class='ocrx_word' id='word_1_498' title='bbox 659 3564 738 3622; x_wconf 91' lang='lat' dir='ltr'>ut,</span> <span class='ocrx_word' id='word_1_499' title='bbox 766 3558 865 3612; x_wconf 90' lang='lat' dir='ltr'>ubi</span> <span class='ocrx_word' id='word_1_500' title='bbox 896 3557 1011 3613; x_wconf 92' lang='lat' dir='ltr'>hoc</span> <span class='ocrx_word' id='word_1_501' title='bbox 1043 3562 1217 3627; x_wconf 89' lang='lat' dir='ltr'>pacto</span> <span class='ocrx_word' id='word_1_502' title='bbox 1246 3555 1615 3621; x_wconf 84' lang='lat' dir='ltr'>intellexerit,</span> <span class='ocrx_word' id='word_1_503' title='bbox 1641 3560 1697 3610; x_wconf 90' lang='lat' dir='ltr'>et</span> <span class='ocrx_word' id='word_1_504' title='bbox 1726 3565 2067 3613; x_wconf 88' lang='lat' dir='ltr'>accuratam</span> 
     </span>
    </p>
   </div>
   <div class='ocr_carea' id='block_1_71' title="bbox 419 3646 2066 3713">
    <p class='ocr_par' dir='ltr' id='par_1_71' title="bbox 419 3646 2066 3713">
     <span class='ocr_line' id='line_1_72' title="bbox 419 3646 2066 3713; baseline 0 -8"><span class='ocrx_word' id='word_1_505' title='bbox 419 3649 799 3706; x_wconf 88' lang='lat' dir='ltr'>discernendi</span> <span class='ocrx_word' id='word_1_506' title='bbox 832 3648 1170 3703; x_wconf 80' lang='lat' dir='ltr'>facultatem</span> <span class='ocrx_word' id='word_1_507' title='bbox 1203 3653 1556 3702; x_wconf 90' lang='lat' dir='ltr'>consecutus</span> <span class='ocrx_word' id='word_1_508' title='bbox 1588 3646 1779 3713; x_wconf 87' lang='lat' dir='ltr'>fuerit,</span> <span class='ocrx_word' id='word_1_509' title='bbox 1814 3653 1955 3713; x_wconf 91' lang='lat' dir='ltr'>toto,</span> <span class='ocrx_word' id='word_1_510' title='bbox 1989 3649 2066 3705; x_wconf 88' lang='lat' dir='ltr'>ad</span> 
     </span>
    </p>
   </div>
   <div class='ocr_carea' id='block_1_72' title="bbox 419 3735 2062 3812">
    <p class='ocr_par' dir='ltr' id='par_1_72' title="bbox 419 3735 2062 3812">
     <span class='ocr_line' id='line_1_73' title="bbox 419 3735 2062 3812; baseline -0.002 -18"><span class='ocrx_word' id='word_1_511' title='bbox 419 3742 480 3795; x_wconf 94' lang='lat' dir='ltr'>in</span> <span class='ocrx_word' id='word_1_512' title='bbox 520 3739 683 3812; x_wconf 91' lang='lat' dir='ltr'>quod</span> <span class='ocrx_word' id='word_1_513' title='bbox 714 3740 943 3794; x_wconf 89' lang='lat' dir='ltr'>bonum</span> <span class='ocrx_word' id='word_1_514' title='bbox 974 3743 1085 3803; x_wconf 89' lang='lat' dir='ltr'>est,</span> <span class='ocrx_word' id='word_1_515' title='bbox 1109 3742 1333 3808; x_wconf 83' lang='lat' dir='ltr'>impetu</span> <span class='ocrx_word' id='word_1_516' title='bbox 1361 3735 1530 3807; x_wconf 88' lang='lat' dir='ltr'>plene</span> <span class='ocrx_word' id='word_1_517' title='bbox 1558 3736 1831 3806; x_wconf 88' lang='lat' dir='ltr'>seipsum</span> <span class='ocrx_word' id='word_1_518' title='bbox 1853 3740 2062 3794; x_wconf 88' lang='lat' dir='ltr'>tradat.</span> 
     </span>
    </p>
   </div>
   <div class='ocr_carea' id='block_1_73' title="bbox 418 3826 2065 3900">
    <p class='ocr_par' dir='ltr' id='par_1_73' title="bbox 418 3826 2065 3900">
     <span class='ocr_line' id='line_1_74' title="bbox 418 3826 2065 3900; baseline 0.001 -18"><span class='ocrx_word' id='word_1_519' title='bbox 418 3830 670 3900; x_wconf 88' lang='lat' dir='ltr'>Insuper</span> <span class='ocrx_word' id='word_1_520' title='bbox 734 3828 885 3883; x_wconf 89' lang='lat' dir='ltr'>inter</span> <span class='ocrx_word' id='word_1_521' title='bbox 937 3826 1307 3899; x_wconf 84' lang='lat' dir='ltr'>precandum</span> <span class='ocrx_word' id='word_1_522' title='bbox 1383 3831 1562 3898; x_wconf 89' lang='lat' dir='ltr'>atque</span> <span class='ocrx_word' id='word_1_523' title='bbox 1620 3827 1917 3883; x_wconf 87' lang='lat' dir='ltr'>orandum</span> <span class='ocrx_word' id='word_1_524' title='bbox 1978 3835 2065 3884; x_wconf 89' lang='lat' dir='ltr'>at-</span> 
     </span>
    </p>
   </div>
   <div class='ocr_carea' id='block_1_74' title="bbox 420 3916 2065 3990">
    <p class='ocr_par' dir='ltr' id='par_1_74' title="bbox 420 3916 2065 3990">
     <span class='ocr_line' id='line_1_75' title="bbox 420 3916 2065 3990; baseline -0.001 -16"><span class='ocrx_word' id='word_1_525' title='bbox 420 3919 593 3975; x_wconf 88' lang='lat' dir='ltr'>tende</span> <span class='ocrx_word' id='word_1_526' title='bbox 675 3918 775 3973; x_wconf 84' lang='lat' dir='ltr'>tibi</span> <span class='ocrx_word' id='word_1_527' title='bbox 842 3917 973 3988; x_wconf 89' lang='lat' dir='ltr'>ipsi,</span> <span class='ocrx_word' id='word_1_528' title='bbox 1027 3916 1357 3971; x_wconf 88' lang='lat' dir='ltr'>observans</span> <span class='ocrx_word' id='word_1_529' title='bbox 1432 3916 1820 3985; x_wconf 87' lang='lat' dir='ltr'>cogitationes</span> <span class='ocrx_word' id='word_1_530' title='bbox 1886 3921 2065 3990; x_wconf 88' lang='lat' dir='ltr'>atque</span> 
     </span>
    </p>
   </div>
   <div class='ocr_carea' id='block_1_75' title="bbox 415 4005 2065 4081">
    <p class='ocr_par' dir='ltr' id='par_1_75' title="bbox 415 4005 2065 4081">
     <span class='ocr_line' id='line_1_76' title="bbox 415 4005 2065 4081; baseline -0.002 -16"><span class='ocrx_word' id='word_1_531' title='bbox 415 4009 794 4081; x_wconf 86' lang='lat' dir='ltr'>operationes</span> <span class='ocrx_word' id='word_1_532' title='bbox 839 4007 994 4061; x_wconf 81' lang='lat' dir='ltr'>unde</span> <span class='ocrx_word' id='word_1_533' title='bbox 1047 4006 1184 4070; x_wconf 90' lang='lat' dir='ltr'>sint,</span> <span class='ocrx_word' id='word_1_534' title='bbox 1248 4022 1283 4061; x_wconf 89' lang='lat' dir='ltr'>a</span> <span class='ocrx_word' id='word_1_535' title='bbox 1339 4008 1475 4070; x_wconf 91' lang='lat' dir='ltr'>Deo,</span> <span class='ocrx_word' id='word_1_536' title='bbox 1527 4021 1603 4060; x_wconf 90' lang='lat' dir='ltr'>an</span> <span class='ocrx_word' id='word_1_537' title='bbox 1652 4005 1730 4061; x_wconf 89' lang='lat' dir='ltr'>ab</span> <span class='ocrx_word' id='word_1_538' title='bbox 1778 4006 2065 4063; x_wconf 88' lang='lat' dir='ltr'>adversa-</span> 
     </span>
    </p>
   </div>
   <div class='ocr_carea' id='block_1_76' title="bbox 416 4094 2064 4168">
    <p class='ocr_par' dir='ltr' id='par_1_76' title="bbox 416 4094 2064 4168">
     <span class='ocr_line' id='line_1_77' title="bbox 416 4094 2064 4168; baseline -0.001 -14"><span class='ocrx_word' id='word_1_539' title='bbox 416 4099 504 4155; x_wconf 87' lang='lat' dir='ltr'>rio</span> <span class='ocrx_word' id='word_1_540' title='bbox 534 4098 561 4152; x_wconf 77' lang='lat'>?</span> <span class='ocrx_word' id='word_1_541' title='bbox 589 4105 645 4153; x_wconf 89' lang='lat' dir='ltr'>et</span> <span class='ocrx_word' id='word_1_542' title='bbox 673 4098 809 4168; x_wconf 89' lang='lat' dir='ltr'>quis</span> <span class='ocrx_word' id='word_1_543' title='bbox 842 4095 1107 4167; x_wconf 72' lang='lat' dir='ltr'>praebeat</span> <span class='ocrx_word' id='word_1_544' title='bbox 1139 4094 1491 4150; x_wconf 89' lang='lat' dir='ltr'>alimentum</span> <span class='ocrx_word' id='word_1_545' title='bbox 1534 4095 1719 4161; x_wconf 88' lang='lat' dir='ltr'>cordi,</span> <span class='ocrx_word' id='word_1_546' title='bbox 1756 4097 2064 4165; x_wconf 87' lang='lat' dir='ltr'>Dominus,</span> 
     </span>
    </p>
   </div>
   <div class='ocr_carea' id='block_1_77' title="bbox 415 4183 2068 4258">
    <p class='ocr_par' dir='ltr' id='par_1_77' title="bbox 415 4183 2068 4258">
     <span class='ocr_line' id='line_1_78' title="bbox 415 4183 2068 4258; baseline -0.009 -15"><span class='ocrx_word' id='word_1_547' title='bbox 415 4203 492 4243; x_wconf 91' lang='lat' dir='ltr'>an</span> <span class='ocrx_word' id='word_1_548' title='bbox 526 4186 831 4257; x_wconf 84' lang='lat' dir='ltr'>principes</span> <span class='ocrx_word' id='word_1_549' title='bbox 856 4185 1061 4240; x_wconf 89' lang='lat' dir='ltr'>mundi</span> <span class='ocrx_word' id='word_1_550' title='bbox 1086 4188 1141 4237; x_wconf 92' lang='lat' dir='ltr'>et</span> <span class='ocrx_word' id='word_1_551' title='bbox 1162 4183 1554 4252; x_wconf 60' lang='lat' dir='ltr'>saeculihujus</span> <span class='ocrx_word' id='word_1_552' title='bbox 1575 4183 1787 4249; x_wconf 77' lang='lat' dir='ltr'>‘2Quod</span> <span class='ocrx_word' id='word_1_553' title='bbox 1814 4187 1911 4241; x_wconf 88' lang='lat' dir='ltr'>ubi</span> <span class='ocrx_word' id='word_1_554' title='bbox 1936 4203 2068 4258; x_wconf 80' lang='lat' dir='ltr'>pro-</span> 
     </span>
    </p>
   </div>
   <div class='ocr_carea' id='block_1_78' title="bbox 414 4271 2069 4360">
    <p class='ocr_par' dir='ltr' id='par_1_78' title="bbox 414 4271 2065 4342">
     <span class='ocr_line' id='line_1_79' title="bbox 414 4271 2065 4342; baseline 0 -12"><span class='ocrx_word' id='word_1_555' title='bbox 414 4275 650 4330; x_wconf 88' lang='lat' dir='ltr'>baveris</span> <span class='ocrx_word' id='word_1_556' title='bbox 702 4282 757 4327; x_wconf 83' lang='lat' dir='ltr'>et</span> <span class='ocrx_word' id='word_1_557' title='bbox 809 4272 1182 4342; x_wconf 83' lang='lat' dir='ltr'>cognoveris,</span> <span class='ocrx_word' id='word_1_558' title='bbox 1216 4288 1250 4327; x_wconf 90' lang='grc' dir='ltr'>ο</span> <span class='ocrx_word' id='word_1_559' title='bbox 1300 4271 1525 4337; x_wconf 89' lang='lat' dir='ltr'>anima,</span> <span class='ocrx_word' id='word_1_560' title='bbox 1569 4278 1699 4342; x_wconf 91' lang='lat' dir='ltr'>pete</span> <span class='ocrx_word' id='word_1_561' title='bbox 1744 4288 1780 4327; x_wconf 88' lang='lat' dir='ltr'>a</span> <span class='ocrx_word' id='word_1_562' title='bbox 1814 4274 2065 4331; x_wconf 89' lang='lat' dir='ltr'>Domino</span> 
     </span>
    </p>
   </div>
   <div class='ocr_carea' id='block_1_79' title="bbox 2183 4271 3785 4360">
    <p class='ocr_par' dir='ltr' id='par_1_79' title="bbox 2183 4280 3785 4360">
     <span class='ocr_line' id='line_1_80' title="bbox 2183 4280 3785 4360; baseline 0.007 -32"><span class='ocrx_word' id='word_1_563' title='bbox 2183 4280 2316 4348; x_wconf 84' lang='grc' dir='ltr'>πόθῳ</span> <span class='ocrx_word' id='word_1_564' title='bbox 2360 4284 2552 4352; x_wconf 72' lang='grc' dir='ltr'>τροφὴν</span> <span class='ocrx_word' id='word_1_565' title='bbox 2618 4280 2873 4352; x_wconf 70' lang='grc' dir='ltr'>οὐράνιον,</span> <span class='ocrx_word' id='word_1_566' title='bbox 2936 4288 3025 4335; x_wconf 85' lang='lat' dir='ltr'>xui</span> <span class='ocrx_word' id='word_1_567' title='bbox 3085 4284 3328 4348; x_wconf 75' lang='grc' dir='ltr'>αὔξησιν,</span> <span class='ocrx_word' id='word_1_568' title='bbox 3384 4291 3475 4337; x_wconf 87' lang='lat' dir='ltr'>xui</span> <span class='ocrx_word' id='word_1_569' title='bbox 3526 4285 3785 4360; x_wconf 72' lang='grc' dir='ltr'>ἐργασίαν</span> 
     </span>
    </p>
   </div>
   <div class='ocr_carea' id='block_1_80' title="bbox 416 4360 2069 4449">
    <p class='ocr_par' dir='ltr' id='par_1_80' title="bbox 416 4360 2063 4426">
     <span class='ocr_line' id='line_1_81' title="bbox 416 4360 2063 4426; baseline 0.002 -9"><span class='ocrx_word' id='word_1_570' title='bbox 416 4379 553 4418; x_wconf 90' lang='lat' dir='ltr'>cum</span> <span class='ocrx_word' id='word_1_571' title='bbox 586 4361 790 4417; x_wconf 91' lang='lat' dir='ltr'>labore</span> <span class='ocrx_word' id='word_1_572' title='bbox 821 4366 875 4416; x_wconf 90' lang='lat' dir='ltr'>et</span> <span class='ocrx_word' id='word_1_573' title='bbox 901 4361 1198 4415; x_wconf 87' lang='lat' dir='ltr'>desiderio</span> <span class='ocrx_word' id='word_1_574' title='bbox 1223 4361 1425 4415; x_wconf 91' lang='lat' dir='ltr'>cibum</span> <span class='ocrx_word' id='word_1_575' title='bbox 1460 4360 1853 4426; x_wconf 74' lang='lat' dir='ltr'>omlestem,et</span> <span class='ocrx_word' id='word_1_576' title='bbox 1873 4362 2063 4420; x_wconf 89' lang='lat' dir='ltr'>incre-</span> 
     </span>
    </p>
   </div>
   <div class='ocr_carea' id='block_1_81' title="bbox 2183 4360 3784 4449">
    <p class='ocr_par' dir='ltr' id='par_1_81' title="bbox 2183 4369 3784 4449">
     <span class='ocr_line' id='line_1_82' title="bbox 2183 4369 3784 4449; baseline 0.008 -31"><span class='ocrx_word' id='word_1_577' title='bbox 2183 4369 3180 4445; x_wconf 79' lang='grc' dir='ltr'>Χριστοῦ,κατάτόεἰρημένον·Ἠμὼν</span> <span class='ocrx_word' id='word_1_578' title='bbox 3223 4370 3290 4427; x_wconf 67' lang='grc' dir='ltr'>δὲ</span> <span class='ocrx_word' id='word_1_579' title='bbox 3321 4378 3387 4427; x_wconf 87' lang='grc' dir='ltr'>τὸ</span> <span class='ocrx_word' id='word_1_580' title='bbox 3417 4374 3784 4449; x_wconf 85' lang='grc' dir='ltr'>πολίτευμα</span> 
     </span>
    </p>
   </div>
   <div class='ocr_carea' id='block_1_82' title="bbox 414 4450 2069 4538">
    <p class='ocr_par' dir='ltr' id='par_1_82' title="bbox 414 4450 2065 4525">
     <span class='ocr_line' id='line_1_83' title="bbox 414 4450 2065 4525; baseline 0.002 -19"><span class='ocrx_word' id='word_1_581' title='bbox 414 4456 683 4507; x_wconf 91' lang='lat' dir='ltr'>mentum</span> <span class='ocrx_word' id='word_1_582' title='bbox 712 4455 891 4521; x_wconf 89' lang='lat' dir='ltr'>atque</span> <span class='ocrx_word' id='word_1_583' title='bbox 920 4450 1329 4519; x_wconf 88' lang='lat' dir='ltr'>operationem</span> <span class='ocrx_word' id='word_1_584' title='bbox 1358 4450 1591 4514; x_wconf 88' lang='lat' dir='ltr'>Christi,</span> <span class='ocrx_word' id='word_1_585' title='bbox 1615 4450 1785 4520; x_wconf 87' lang='lat' dir='ltr'>juxta</span> <span class='ocrx_word' id='word_1_586' title='bbox 1816 4451 1873 4505; x_wconf 89' lang='lat' dir='ltr'>id</span> <span class='ocrx_word' id='word_1_587' title='bbox 1901 4454 2065 4525; x_wconf 86' lang='lat' dir='ltr'>quod</span> 
     </span>
    </p>
   </div>
   <div class='ocr_carea' id='block_1_83' title="bbox 2183 4450 3779 4538">
    <p class='ocr_par' dir='ltr' id='par_1_83' title="bbox 2183 4456 3779 4538">
     <span class='ocr_line' id='line_1_84' title="bbox 2183 4456 3779 4538; baseline 0.008 -33"><span class='ocrx_word' id='word_1_588' title='bbox 2183 4456 2230 4505; x_wconf 69' lang='lat' dir='ltr'>iv</span> <span class='ocrx_word' id='word_1_589' title='bbox 2270 4456 2564 4527; x_wconf 77' lang='grc' dir='ltr'>οὐρανοῖς</span> <span class='ocrx_word' id='word_1_590' title='bbox 2602 4459 3023 4531; x_wconf 80' lang='grc' dir='ltr'>ὑπάρχει·καὶ</span> <span class='ocrx_word' id='word_1_591' title='bbox 3052 4461 3147 4513; x_wconf 81' lang='grc' dir='ltr'>οῦκ</span> <span class='ocrx_word' id='word_1_592' title='bbox 3168 4461 3216 4514; x_wconf 74' lang='grc' dir='ltr'>ἕν</span> <span class='ocrx_word' id='word_1_593' title='bbox 3241 4467 3484 4535; x_wconf 78' lang='grc' dir='ltr'>σχήματι</span> <span class='ocrx_word' id='word_1_594' title='bbox 3504 4468 3779 4538; x_wconf 78' lang='grc' dir='ltr'>καὶτύπῳ,</span> 
     </span>
    </p>
   </div>
   <div class='ocr_carea' id='block_1_84' title="bbox 2252 3376 3779 3454">
    <p class='ocr_par' dir='ltr' id='par_1_84' title="bbox 2252 3376 3779 3454">
     <span class='ocr_line' id='line_1_85' title="bbox 2252 3376 3779 3454; baseline 0.005 -25"><span class='ocrx_word' id='word_1_595' title='bbox 2252 3376 2319 3440; x_wconf 78' lang='grc' dir='ltr'>ς’.</span> <span class='ocrx_word' id='word_1_596' title='bbox 2376 3381 2445 3430; x_wconf 92' lang='grc' dir='ltr'>Τὸ</span> <span class='ocrx_word' id='word_1_597' title='bbox 2506 3377 2685 3431; x_wconf 89' lang='grc' dir='ltr'>λοιπὸν</span> <span class='ocrx_word' id='word_1_598' title='bbox 2745 3381 2980 3445; x_wconf 78' lang='grc' dir='ltr'>ἕκαστος,</span> <span class='ocrx_word' id='word_1_599' title='bbox 3052 3379 3097 3433; x_wconf 84' lang='grc' dir='ltr'>εἰ</span> <span class='ocrx_word' id='word_1_600' title='bbox 3156 3380 3421 3454; x_wconf 84' lang='grc' dir='ltr'>βούλεται,</span> <span class='ocrx_word' id='word_1_601' title='bbox 3488 3380 3779 3453; x_wconf 75' lang='grc' dir='ltr'>δοκιμάσαι</span> 
     </span>
    </p>
   </div>
   <div class='ocr_carea' id='block_1_85' title="bbox 2179 3465 3788 3545">
    <p class='ocr_par' dir='ltr' id='par_1_85' title="bbox 2179 3465 3788 3545">
     <span class='ocr_line' id='line_1_86' title="bbox 2179 3465 3788 3545; baseline 0.005 -28"><span class='ocrx_word' id='word_1_602' title='bbox 2179 3465 2359 3518; x_wconf 73' lang='grc' dir='ltr'>ἑαυτὸν</span> <span class='ocrx_word' id='word_1_603' title='bbox 2422 3465 2664 3533; x_wconf 88' lang='grc' dir='ltr'>δύναται,</span> <span class='ocrx_word' id='word_1_604' title='bbox 2705 3471 2859 3522; x_wconf 88' lang='grc' dir='ltr'>πόθεν</span> <span class='ocrx_word' id='word_1_605' title='bbox 2896 3474 3150 3543; x_wconf 77' lang='grc' dir='ltr'>τρέφεται,</span> <span class='ocrx_word' id='word_1_606' title='bbox 3192 3477 3282 3524; x_wconf 85' lang='grc' dir='ltr'>καὶ</span> <span class='ocrx_word' id='word_1_607' title='bbox 3324 3479 3423 3525; x_wconf 87' lang='grc' dir='ltr'>ποῦ</span> <span class='ocrx_word' id='word_1_608' title='bbox 3474 3472 3565 3545; x_wconf 69' lang='grc' dir='ltr'>ζῇ,</span> <span class='ocrx_word' id='word_1_609' title='bbox 3597 3480 3688 3527; x_wconf 83' lang='lat' dir='ltr'>xui</span> <span class='ocrx_word' id='word_1_610' title='bbox 3742 3474 3788 3526; x_wconf 72' lang='grc' dir='ltr'>ἐν</span> 
     </span>
    </p>
   </div>
   <div class='ocr_carea' id='block_1_86' title="bbox 2178 3564 3792 3645">
    <p class='ocr_par' dir='ltr' id='par_1_86' title="bbox 2178 3564 3792 3645">
     <span class='ocr_line' id='line_1_87' title="bbox 2178 3564 3792 3645; baseline 0.007 -30"><span class='ocrx_word' id='word_1_611' title='bbox 2178 3566 2253 3626; x_wconf 87' lang='grc' dir='ltr'>οἷς</span> <span class='ocrx_word' id='word_1_612' title='bbox 2305 3564 2574 3617; x_wconf 75' lang='grc' dir='ltr'>ἐστιν·ἱν’</span> <span class='ocrx_word' id='word_1_613' title='bbox 2630 3566 2797 3629; x_wconf 76' lang='grc' dir='ltr'>οὕτως</span> <span class='ocrx_word' id='word_1_614' title='bbox 2846 3574 3063 3634; x_wconf 79' lang='grc' dir='ltr'>νοήσας,</span> <span class='ocrx_word' id='word_1_615' title='bbox 3121 3575 3213 3623; x_wconf 82' lang='grc' dir='ltr'>καὶ</span> <span class='ocrx_word' id='word_1_616' title='bbox 3264 3576 3358 3630; x_wconf 75' lang='grc' dir='ltr'>τὴν</span> <span class='ocrx_word' id='word_1_617' title='bbox 3416 3570 3606 3645; x_wconf 77' lang='grc' dir='ltr'>ἀκριϐῆ</span> <span class='ocrx_word' id='word_1_618' title='bbox 3671 3571 3792 3626; x_wconf 79' lang='grc' dir='ltr'>διοί-</span> 
     </span>
    </p>
   </div>
   <div class='ocr_carea' id='block_1_87' title="bbox 2177 3656 3793 3734">
    <p class='ocr_par' dir='ltr' id='par_1_87' title="bbox 2177 3656 3793 3734">
     <span class='ocr_line' id='line_1_88' title="bbox 2177 3656 3793 3734; baseline 0.006 -28"><span class='ocrx_word' id='word_1_619' title='bbox 2177 3672 2351 3725; x_wconf 84' lang='grc' dir='ltr'>κρισιν</span> <span class='ocrx_word' id='word_1_620' title='bbox 2382 3656 2729 3727; x_wconf 82' lang='grc' dir='ltr'>κτησάμενος,</span> <span class='ocrx_word' id='word_1_621' title='bbox 2764 3664 2825 3729; x_wconf 71' lang='grc' dir='ltr'>τῇ</span> <span class='ocrx_word' id='word_1_622' title='bbox 2873 3661 3006 3731; x_wconf 85' lang='grc' dir='ltr'>πρὸς</span> <span class='ocrx_word' id='word_1_623' title='bbox 3059 3661 3117 3711; x_wconf 87' lang='grc' dir='ltr'>τὸ</span> <span class='ocrx_word' id='word_1_624' title='bbox 3150 3657 3345 3731; x_wconf 87' lang='grc' dir='ltr'>ἀγαθόν</span> <span class='ocrx_word' id='word_1_625' title='bbox 3397 3662 3530 3734; x_wconf 70' lang='grc' dir='ltr'>ὁρμῇ</span> <span class='ocrx_word' id='word_1_626' title='bbox 3582 3661 3793 3723; x_wconf 79' lang='grc' dir='ltr'>τελείως</span> 
     </span>
    </p>
   </div>
   <div class='ocr_carea' id='block_1_88' title="bbox 2176 3740 3787 3825">
    <p class='ocr_par' dir='ltr' id='par_1_88' title="bbox 2176 3740 3787 3825">
     <span class='ocr_line' id='line_1_89' title="bbox 2176 3740 3787 3825; baseline 0.006 -30"><span class='ocrx_word' id='word_1_627' title='bbox 2176 3743 2355 3795; x_wconf 82' lang='grc' dir='ltr'>ἑαυτὸν</span> <span class='ocrx_word' id='word_1_628' title='bbox 2408 3740 2592 3815; x_wconf 81' lang='grc' dir='ltr'>ἐπιδῷ.</span> <span class='ocrx_word' id='word_1_629' title='bbox 2661 3750 2855 3798; x_wconf 80' lang='grc' dir='ltr'>Λοιπὸν</span> <span class='ocrx_word' id='word_1_630' title='bbox 2925 3755 3349 3821; x_wconf 82' lang='grc' dir='ltr'>προσευχόμενος</span> <span class='ocrx_word' id='word_1_631' title='bbox 3399 3748 3447 3801; x_wconf 75' lang='grc' dir='ltr'>ἐν</span> <span class='ocrx_word' id='word_1_632' title='bbox 3505 3759 3568 3823; x_wconf 73' lang='grc' dir='ltr'>τῇ</span> <span class='ocrx_word' id='word_1_633' title='bbox 3647 3753 3787 3825; x_wconf 70' lang='grc' dir='ltr'>εὐχῇ</span> 
     </span>
    </p>
   </div>
   <div class='ocr_carea' id='block_1_89' title="bbox 2173 3838 3792 3915">
    <p class='ocr_par' dir='ltr' id='par_1_89' title="bbox 2173 3838 3792 3915">
     <span class='ocr_line' id='line_1_90' title="bbox 2173 3838 3792 3915; baseline 0.007 -32"><span class='ocrx_word' id='word_1_634' title='bbox 2173 3838 2406 3906; x_wconf 82' lang='grc' dir='ltr'>πρόσεχε</span> <span class='ocrx_word' id='word_1_635' title='bbox 2446 3843 2673 3905; x_wconf 80' lang='grc' dir='ltr'>σεαυτῷ,</span> <span class='ocrx_word' id='word_1_636' title='bbox 2722 3838 2924 3906; x_wconf 74' lang='grc' dir='ltr'>ἐπέχων</span> <span class='ocrx_word' id='word_1_637' title='bbox 2954 3845 3062 3899; x_wconf 89' lang='grc' dir='ltr'>τοῖς</span> <span class='ocrx_word' id='word_1_638' title='bbox 3090 3838 3367 3911; x_wconf 73' lang='grc' dir='ltr'>λογισμοῖς</span> <span class='ocrx_word' id='word_1_639' title='bbox 3391 3845 3474 3892; x_wconf 83' lang='grc' dir='ltr'>κοὶ</span> <span class='ocrx_word' id='word_1_640' title='bbox 3506 3848 3621 3902; x_wconf 88' lang='grc' dir='ltr'>ταῖς</span> <span class='ocrx_word' id='word_1_641' title='bbox 3647 3840 3792 3915; x_wconf 74' lang='grc' dir='ltr'>ἔνερ-</span> 
     </span>
    </p>
   </div>
   <div class='ocr_carea' id='block_1_90' title="bbox 2171 3924 3782 3996">
    <p class='ocr_par' dir='ltr' id='par_1_90' title="bbox 2171 3924 3782 3996">
     <span class='ocr_line' id='line_1_91' title="bbox 2171 3924 3782 3996; baseline 0.007 -23"><span class='ocrx_word' id='word_1_642' title='bbox 2171 3926 2333 3993; x_wconf 87' lang='grc' dir='ltr'>γείαις</span> <span class='ocrx_word' id='word_1_643' title='bbox 2388 3924 2541 3975; x_wconf 87' lang='grc' dir='ltr'>πόθεν</span> <span class='ocrx_word' id='word_1_644' title='bbox 2595 3924 2746 3988; x_wconf 84' lang='grc' dir='ltr'>εἰσὶν,</span> <span class='ocrx_word' id='word_1_645' title='bbox 2804 3928 2858 3977; x_wconf 74' lang='grc' dir='ltr'>ἐκ</span> <span class='ocrx_word' id='word_1_646' title='bbox 2889 3933 2981 3978; x_wconf 84' lang='grc' dir='ltr'>τοῦ</span> <span class='ocrx_word' id='word_1_647' title='bbox 3036 3934 3189 3994; x_wconf 85' lang='grc' dir='ltr'>Θεοῦ,</span> <span class='ocrx_word' id='word_1_648' title='bbox 3238 3929 3267 3987; x_wconf 75' lang='grc' dir='ltr'>ἢ</span> <span class='ocrx_word' id='word_1_649' title='bbox 3302 3928 3355 3980; x_wconf 73' lang='grc' dir='ltr'>ἐκ</span> <span class='ocrx_word' id='word_1_650' title='bbox 3386 3937 3477 3981; x_wconf 86' lang='grc' dir='ltr'>τοῦ</span> <span class='ocrx_word' id='word_1_651' title='bbox 3522 3929 3782 3996; x_wconf 75' lang='grc' dir='ltr'>ἐναντίου,</span> 
     </span>
    </p>
   </div>
   <div class='ocr_carea' id='block_1_91' title="bbox 2172 4013 3789 4091">
    <p class='ocr_par' dir='ltr' id='par_1_91' title="bbox 2172 4013 3789 4091">
     <span class='ocr_line' id='line_1_92' title="bbox 2172 4013 3789 4091; baseline 0.007 -29"><span class='ocrx_word' id='word_1_652' title='bbox 2172 4015 2261 4063; x_wconf 88' lang='lat' dir='ltr'>xui</span> <span class='ocrx_word' id='word_1_653' title='bbox 2312 4014 2387 4071; x_wconf 87' lang='grc' dir='ltr'>τίς</span> <span class='ocrx_word' id='word_1_654' title='bbox 2436 4016 2714 4085; x_wconf 76' lang='grc' dir='ltr'>προσφέρει</span> <span class='ocrx_word' id='word_1_655' title='bbox 2739 4019 2931 4085; x_wconf 72' lang='grc' dir='ltr'>τροφὴν</span> <span class='ocrx_word' id='word_1_656' title='bbox 2973 4023 3033 4087; x_wconf 80' lang='grc' dir='ltr'>τῇ</span> <span class='ocrx_word' id='word_1_657' title='bbox 3074 4013 3293 4091; x_wconf 82' lang='grc' dir='ltr'>καρδίᾳ,</span> <span class='ocrx_word' id='word_1_658' title='bbox 3338 4020 3363 4069; x_wconf 91' lang='lat'>6</span> <span class='ocrx_word' id='word_1_659' title='bbox 3399 4020 3605 4091; x_wconf 79' lang='grc' dir='ltr'>Κύριος,</span> <span class='ocrx_word' id='word_1_660' title='bbox 3649 4021 3681 4078; x_wconf 74' lang='grc' dir='ltr'><strong>ἣ</strong></span> <span class='ocrx_word' id='word_1_661' title='bbox 3736 4024 3789 4073; x_wconf 82' lang='grc' dir='ltr'>οἱ</span> 
     </span>
    </p>
   </div>
   <div class='ocr_carea' id='block_1_92' title="bbox 2174 4102 3788 4180">
    <p class='ocr_par' dir='ltr' id='par_1_92' title="bbox 2174 4102 3788 4180">
     <span class='ocr_line' id='line_1_93' title="bbox 2174 4102 3788 4180; baseline 0.007 -30"><span class='ocrx_word' id='word_1_662' title='bbox 2174 4102 2592 4174; x_wconf 81' lang='grc' dir='ltr'>κοσμοκράτορες</span> <span class='ocrx_word' id='word_1_663' title='bbox 2633 4110 2725 4154; x_wconf 81' lang='grc' dir='ltr'>τοῦ</span> <span class='ocrx_word' id='word_1_664' title='bbox 2782 4103 2965 4166; x_wconf 81' lang='grc' dir='ltr'>αἰῶνος</span> <span class='ocrx_word' id='word_1_665' title='bbox 3004 4108 3209 4160; x_wconf 86' lang='grc' dir='ltr'>τούτου.</span> <span class='ocrx_word' id='word_1_666' title='bbox 3276 4112 3375 4159; x_wconf 83' lang='lat' dir='ltr'>Kui</span> <span class='ocrx_word' id='word_1_667' title='bbox 3433 4104 3788 4180; x_wconf 75' lang='grc' dir='ltr'>δοκιμάσασα</span> 
     </span>
    </p>
   </div>
   <div class='ocr_carea' id='block_1_93' title="bbox 2174 4187 3785 4269">
    <p class='ocr_par' dir='ltr' id='par_1_93' title="bbox 2174 4187 3785 4269">
     <span class='ocr_line' id='line_1_94' title="bbox 2174 4187 3785 4269; baseline 0.007 -29"><span class='ocrx_word' id='word_1_668' title='bbox 2174 4194 2262 4241; x_wconf 84' lang='grc' dir='ltr'>καὶ</span> <span class='ocrx_word' id='word_1_669' title='bbox 2291 4188 2595 4260; x_wconf 74' lang='grc' dir='ltr'>ἐπιγνοῦσα,</span> <span class='ocrx_word' id='word_1_670' title='bbox 2629 4187 2668 4241; x_wconf 83' lang='grc' dir='ltr'>ὦ</span> <span class='ocrx_word' id='word_1_671' title='bbox 2702 4191 2882 4263; x_wconf 75' lang='grc' dir='ltr'>ψυχὴ,</span> <span class='ocrx_word' id='word_1_672' title='bbox 2917 4193 3063 4246; x_wconf 83' lang='grc' dir='ltr'>αἰτοῦ</span> <span class='ocrx_word' id='word_1_673' title='bbox 3097 4199 3183 4247; x_wconf 86' lang='grc' dir='ltr'>τὸν</span> <span class='ocrx_word' id='word_1_674' title='bbox 3224 4198 3414 4267; x_wconf 76' lang='grc' dir='ltr'>Κύριον</span> <span class='ocrx_word' id='word_1_675' title='bbox 3444 4199 3492 4248; x_wconf 75' lang='grc' dir='ltr'>ἐν</span> <span class='ocrx_word' id='word_1_676' title='bbox 3523 4202 3662 4269; x_wconf 74' lang='grc' dir='ltr'>πόνῴ</span> <span class='ocrx_word' id='word_1_677' title='bbox 3692 4204 3785 4252; x_wconf 81' lang='grc' dir='ltr'>καὶ</span> 
     </span>
    </p>
   </div>
   <div class='ocr_carea' id='block_1_94' title="bbox 414 4538 2059 4597">
    <p class='ocr_par' dir='ltr' id='par_1_94' title="bbox 414 4538 2059 4597">
     <span class='ocr_line' id='line_1_95' title="bbox 414 4538 2059 4597; baseline 0.001 -2"><span class='ocrx_word' id='word_1_678' title='bbox 414 4540 639 4596; x_wconf 90' lang='lat' dir='ltr'>dictum</span> <span class='ocrx_word' id='word_1_679' title='bbox 663 4545 752 4594; x_wconf 90' lang='lat' dir='ltr'>est</span> <span class='ocrx_word' id='word_1_680' title='bbox 776 4554 788 4590; x_wconf 89' lang='lat'><strong>:</strong></span> <span class='ocrx_word' id='word_1_681' title='bbox 812 4539 1029 4594; x_wconf 80' lang='lat' dir='ltr'>Nostra</span> <span class='ocrx_word' id='word_1_682' title='bbox 1051 4544 1246 4593; x_wconf 82' lang='lat' dir='ltr'>autem</span> <span class='ocrx_word' id='word_1_683' title='bbox 1264 4538 1620 4595; x_wconf 81' lang='lat' dir='ltr'>conversatio</span> <span class='ocrx_word' id='word_1_684' title='bbox 1644 4540 1705 4593; x_wconf 82' lang='lat' dir='ltr'>iu</span> <span class='ocrx_word' id='word_1_685' title='bbox 1718 4541 1872 4596; x_wconf 73' lang='lat' dir='ltr'>caelis</span> <span class='ocrx_word' id='word_1_686' title='bbox 1889 4544 2059 4597; x_wconf 66' lang='lat' dir='ltr'>est”:</span> 
     </span>
    </p>
   </div>
   <div class='ocr_carea' id='block_1_95' title="bbox 413 4625 2058 4698">
    <p class='ocr_par' dir='ltr' id='par_1_95' title="bbox 413 4625 2058 4698">
     <span class='ocr_line' id='line_1_96' title="bbox 413 4625 2058 4698; baseline 0.001 -13"><span class='ocrx_word' id='word_1_687' title='bbox 413 4644 535 4685; x_wconf 91' lang='lat' dir='ltr'>non</span> <span class='ocrx_word' id='word_1_688' title='bbox 562 4634 762 4684; x_wconf 89' lang='lat' dir='ltr'>autem</span> <span class='ocrx_word' id='word_1_689' title='bbox 786 4628 847 4681; x_wconf 91' lang='lat' dir='ltr'>in</span> <span class='ocrx_word' id='word_1_690' title='bbox 874 4632 1018 4698; x_wconf 87' lang='lat' dir='ltr'>typo</span> <span class='ocrx_word' id='word_1_691' title='bbox 1044 4631 1100 4681; x_wconf 93' lang='lat' dir='ltr'>et</span> <span class='ocrx_word' id='word_1_692' title='bbox 1124 4625 1335 4697; x_wconf 85' lang='lat' dir='ltr'>ﬁgura,</span> <span class='ocrx_word' id='word_1_693' title='bbox 1362 4628 1685 4698; x_wconf 90' lang='lat' dir='ltr'>utquidam</span> <span class='ocrx_word' id='word_1_694' title='bbox 1702 4630 2058 4687; x_wconf 79' lang='lat' dir='ltr'>existimant.</span> 
     </span>
    </p>
   </div>
   <div class='ocr_carea' id='block_1_96' title="bbox 412 4716 2061 4788">
    <p class='ocr_par' dir='ltr' id='par_1_96' title="bbox 412 4716 2061 4788">
     <span class='ocr_line' id='line_1_97' title="bbox 412 4716 2061 4788; baseline 0.001 -14"><span class='ocrx_word' id='word_1_695' title='bbox 412 4720 558 4774; x_wconf 91' lang='lat' dir='ltr'>Ecce</span> <span class='ocrx_word' id='word_1_696' title='bbox 589 4718 747 4774; x_wconf 91' lang='lat' dir='ltr'>enim</span> <span class='ocrx_word' id='word_1_697' title='bbox 805 4732 1031 4779; x_wconf 91' lang='lat' dir='ltr'>eorum,</span> <span class='ocrx_word' id='word_1_698' title='bbox 1074 4717 1173 4787; x_wconf 88' lang='lat' dir='ltr'>qui</span> <span class='ocrx_word' id='word_1_699' title='bbox 1206 4716 1463 4787; x_wconf 88' lang='lat' dir='ltr'>speciem</span> <span class='ocrx_word' id='word_1_700' title='bbox 1497 4716 1731 4788; x_wconf 88' lang='lat' dir='ltr'>pietatis</span> <span class='ocrx_word' id='word_1_701' title='bbox 1762 4718 1955 4774; x_wconf 89' lang='lat' dir='ltr'>solum</span> <span class='ocrx_word' id='word_1_702' title='bbox 1983 4720 2061 4776; x_wconf 90' lang='lat' dir='ltr'>ha</span> 
     </span>
    </p>
   </div>
   <div class='ocr_carea' id='block_1_97' title="bbox 408 4803 2053 4877">
    <p class='ocr_par' dir='ltr' id='par_1_97' title="bbox 408 4803 2053 4877">
     <span class='ocr_line' id='line_1_98' title="bbox 408 4803 2053 4877; baseline 0.001 -12"><span class='ocrx_word' id='word_1_703' title='bbox 408 4806 573 4873; x_wconf 88' lang='lat' dir='ltr'>bent,</span> <span class='ocrx_word' id='word_1_704' title='bbox 602 4808 840 4863; x_wconf 88' lang='lat' dir='ltr'>animus</span> <span class='ocrx_word' id='word_1_705' title='bbox 867 4811 1045 4877; x_wconf 89' lang='lat' dir='ltr'>atque</span> <span class='ocrx_word' id='word_1_706' title='bbox 1071 4803 1397 4860; x_wconf 89' lang='lat' dir='ltr'>intellectus</span> <span class='ocrx_word' id='word_1_707' title='bbox 1429 4804 1637 4860; x_wconf 87' lang='lat' dir='ltr'>similis</span> <span class='ocrx_word' id='word_1_708' title='bbox 1668 4811 1755 4862; x_wconf 91' lang='lat' dir='ltr'>est</span> <span class='ocrx_word' id='word_1_709' title='bbox 1780 4810 2009 4864; x_wconf 88' lang='lat' dir='ltr'>mundo</span> <span class='ocrx_word' id='word_1_710' title='bbox 2042 4829 2053 4868; x_wconf 92' lang='lat'><em>:</em></span> 
     </span>
    </p>
   </div>
   <div class='ocr_carea' id='block_1_98' title="bbox 412 4894 2059 4954">
    <p class='ocr_par' dir='ltr' id='par_1_98' title="bbox 412 4894 2059 4954">
     <span class='ocr_line' id='line_1_99' title="bbox 412 4894 2059 4954; baseline -0.001 0"><span class='ocrx_word' id='word_1_711' title='bbox 412 4914 543 4953; x_wconf 90' lang='lat' dir='ltr'>ecce</span> <span class='ocrx_word' id='word_1_712' title='bbox 576 4897 900 4953; x_wconf 87' lang='lat' dir='ltr'>commotio</span> <span class='ocrx_word' id='word_1_713' title='bbox 941 4900 997 4950; x_wconf 92' lang='lat' dir='ltr'>et</span> <span class='ocrx_word' id='word_1_714' title='bbox 1029 4894 1293 4950; x_wconf 87' lang='lat' dir='ltr'>tluctatio</span> <span class='ocrx_word' id='word_1_715' title='bbox 1353 4894 1671 4951; x_wconf 87' lang='lat' dir='ltr'>voluntatis</span> <span class='ocrx_word' id='word_1_716' title='bbox 1712 4912 1920 4953; x_wconf 90' lang='lat' dir='ltr'>eorum</span> <span class='ocrx_word' id='word_1_717' title='bbox 1968 4898 2059 4954; x_wconf 86' lang='lat' dir='ltr'>in-</span> 
     </span>
    </p>
   </div>
   <div class='ocr_carea' id='block_1_99' title="bbox 409 4984 2055 5051">
    <p class='ocr_par' dir='ltr' id='par_1_99' title="bbox 409 4984 2055 5051">
     <span class='ocr_line' id='line_1_100' title="bbox 409 4984 2055 5051; baseline 0 -8"><span class='ocrx_word' id='word_1_718' title='bbox 409 4994 694 5043; x_wconf 88' lang='lat' dir='ltr'>constans</span> <span class='ocrx_word' id='word_1_719' title='bbox 721 4987 979 5051; x_wconf 88' lang='lat' dir='ltr'>animus,</span> <span class='ocrx_word' id='word_1_720' title='bbox 1027 4984 1335 5050; x_wconf 87' lang='lat' dir='ltr'>timiditas,</span> <span class='ocrx_word' id='word_1_721' title='bbox 1368 4990 1422 5039; x_wconf 92' lang='lat' dir='ltr'>et</span> <span class='ocrx_word' id='word_1_722' title='bbox 1469 4990 1685 5051; x_wconf 90' lang='lat' dir='ltr'>metus,</span> <span class='ocrx_word' id='word_1_723' title='bbox 1723 4988 2055 5043; x_wconf 88' lang='lat' dir='ltr'>secundum</span> 
     </span>
    </p>
   </div>
   <div class='ocr_carea' id='block_1_100' title="bbox 409 5074 2059 5150">
    <p class='ocr_par' dir='ltr' id='par_1_100' title="bbox 409 5074 2059 5150">
     <span class='ocr_line' id='line_1_101' title="bbox 409 5074 2059 5150; baseline 0.001 -19"><span class='ocrx_word' id='word_1_724' title='bbox 409 5076 812 5150; x_wconf 88' lang='lat' dir='ltr'>quoddictum</span> <span class='ocrx_word' id='word_1_725' title='bbox 827 5080 939 5130; x_wconf 86' lang='lat' dir='ltr'>est:</span> <span class='ocrx_word' id='word_1_726' title='bbox 980 5076 1051 5130; x_wconf 84' lang='lat' dir='ltr'>In</span> <span class='ocrx_word' id='word_1_727' title='bbox 1080 5074 1358 5142; x_wconf 82' lang='lat' dir='ltr'>angustia</span> <span class='ocrx_word' id='word_1_728' title='bbox 1392 5080 1443 5129; x_wconf 86' lang='lat' dir='ltr'>et</span> <span class='ocrx_word' id='word_1_729' title='bbox 1468 5079 1714 5131; x_wconf 79' lang='lat' dir='ltr'>tremore</span> <span class='ocrx_word' id='word_1_730' title='bbox 1748 5075 1859 5131; x_wconf 81' lang='lat' dir='ltr'>eris</span> <span class='ocrx_word' id='word_1_731' title='bbox 1889 5092 2059 5145; x_wconf 82' lang='lat' dir='ltr'>super</span> 
     </span>
    </p>
   </div>
   <div class='ocr_carea' id='block_1_101' title="bbox 412 5162 2056 5237">
    <p class='ocr_par' dir='ltr' id='par_1_101' title="bbox 412 5162 2056 5237">
     <span class='ocr_line' id='line_1_102' title="bbox 412 5162 2056 5237; baseline 0 -15"><span class='ocrx_word' id='word_1_732' title='bbox 412 5171 634 5223; x_wconf 85' lang='lat' dir='ltr'>terram</span> <span class='ocrx_word' id='word_1_733' title='bbox 655 5167 700 5200; x_wconf 63' lang='lat' dir='ltr'>ti</span> <span class='ocrx_word' id='word_1_734' title='bbox 734 5180 746 5219; x_wconf 89' lang='lat'>:</span> <span class='ocrx_word' id='word_1_735' title='bbox 774 5163 1121 5220; x_wconf 83' lang='lat' dir='ltr'>infidelitate</span> <span class='ocrx_word' id='word_1_736' title='bbox 1140 5171 1196 5219; x_wconf 89' lang='lat' dir='ltr'>et</span> <span class='ocrx_word' id='word_1_737' title='bbox 1220 5162 1571 5218; x_wconf 84' lang='lat' dir='ltr'>confusione</span> <span class='ocrx_word' id='word_1_738' title='bbox 1586 5162 1883 5220; x_wconf 81' lang='lat' dir='ltr'>fluxarum</span> <span class='ocrx_word' id='word_1_739' title='bbox 1902 5167 2056 5237; x_wconf 88' lang='lat' dir='ltr'>cogi-</span> 
     </span>
    </p>
   </div>
   <div class='ocr_carea' id='block_1_102' title="bbox 411 5252 2057 5328">
    <p class='ocr_par' dir='ltr' id='par_1_102' title="bbox 411 5252 2057 5328">
     <span class='ocr_line' id='line_1_103' title="bbox 411 5252 2057 5328; baseline 0 -16"><span class='ocrx_word' id='word_1_740' title='bbox 411 5258 707 5312; x_wconf 86' lang='lat' dir='ltr'>tationum</span> <span class='ocrx_word' id='word_1_741' title='bbox 756 5259 981 5326; x_wconf 89' lang='lat' dir='ltr'>quanto</span> <span class='ocrx_word' id='word_1_742' title='bbox 1037 5259 1301 5323; x_wconf 89' lang='lat' dir='ltr'>tempore</span> <span class='ocrx_word' id='word_1_743' title='bbox 1351 5252 1670 5322; x_wconf 88' lang='lat' dir='ltr'>agitantur,</span> <span class='ocrx_word' id='word_1_744' title='bbox 1744 5260 1798 5309; x_wconf 92' lang='lat' dir='ltr'>et</span> <span class='ocrx_word' id='word_1_745' title='bbox 1846 5254 2057 5328; x_wconf 89' lang='lat' dir='ltr'>reliqui</span> 
     </span>
    </p>
   </div>
   <div class='ocr_carea' id='block_1_103' title="bbox 409 5340 2057 5412">
    <p class='ocr_par' dir='ltr' id='par_1_103' title="bbox 409 5340 2057 5412">
     <span class='ocr_line' id='line_1_104' title="bbox 409 5340 2057 5412; baseline 0.001 -13"><span class='ocrx_word' id='word_1_746' title='bbox 409 5360 622 5400; x_wconf 85' lang='lat' dir='ltr'>omnes</span> <span class='ocrx_word' id='word_1_747' title='bbox 652 5344 926 5400; x_wconf 89' lang='lat' dir='ltr'>homines</span> <span class='ocrx_word' id='word_1_748' title='bbox 957 5358 970 5407; x_wconf 90' lang='lat'><strong>;</strong></span> <span class='ocrx_word' id='word_1_749' title='bbox 1014 5341 1210 5412; x_wconf 88' lang='lat' dir='ltr'>specie</span> <span class='ocrx_word' id='word_1_750' title='bbox 1241 5340 1455 5407; x_wconf 89' lang='lat' dir='ltr'>solum,</span> <span class='ocrx_word' id='word_1_751' title='bbox 1491 5356 1609 5396; x_wconf 92' lang='lat' dir='ltr'>non</span> <span class='ocrx_word' id='word_1_752' title='bbox 1651 5342 1828 5398; x_wconf 87' lang='lat' dir='ltr'>etiam</span> <span class='ocrx_word' id='word_1_753' title='bbox 1868 5346 2057 5401; x_wconf 89' lang='lat' dir='ltr'>animi</span> 
     </span>
    </p>
   </div>
   <div class='ocr_carea' id='block_1_104' title="bbox 412 5429 2057 5505">
    <p class='ocr_par' dir='ltr' id='par_1_104' title="bbox 412 5429 2057 5505">
     <span class='ocr_line' id='line_1_105' title="bbox 412 5429 2057 5505; baseline 0.001 -15"><span class='ocrx_word' id='word_1_754' title='bbox 412 5434 704 5490; x_wconf 88' lang='lat' dir='ltr'>sententia</span> <span class='ocrx_word' id='word_1_755' title='bbox 729 5431 1021 5488; x_wconf 89' lang='lat' dir='ltr'>dissident</span> <span class='ocrx_word' id='word_1_756' title='bbox 1050 5431 1108 5487; x_wconf 92' lang='lat' dir='ltr'>hi</span> <span class='ocrx_word' id='word_1_757' title='bbox 1156 5446 1191 5487; x_wconf 90' lang='lat' dir='ltr'>a</span> <span class='ocrx_word' id='word_1_758' title='bbox 1222 5429 1450 5486; x_wconf 88' lang='lat' dir='ltr'>mundo</span> <span class='ocrx_word' id='word_1_759' title='bbox 1480 5448 1491 5499; x_wconf 91' lang='lat'>;</span> <span class='ocrx_word' id='word_1_760' title='bbox 1522 5435 1577 5487; x_wconf 89' lang='lat' dir='ltr'>et</span> <span class='ocrx_word' id='word_1_761' title='bbox 1606 5446 1892 5504; x_wconf 89' lang='lat' dir='ltr'>corporea</span> <span class='ocrx_word' id='word_1_762' title='bbox 1916 5450 2057 5505; x_wconf 91' lang='lat' dir='ltr'>pro-</span> 
     </span>
    </p>
   </div>
   <div class='ocr_carea' id='block_1_105' title="bbox 482 5657 1484 5731">
    <p class='ocr_par' dir='ltr' id='par_1_105' title="bbox 482 5657 1484 5731">
     <span class='ocr_line' id='line_1_106' title="bbox 482 5657 1484 5731; baseline -0.008 -13"><span class='ocrx_word' id='word_1_763' title='bbox 482 5661 527 5698; x_wconf 76' lang='lat'>“</span> <span class='ocrx_word' id='word_1_764' title='bbox 568 5657 748 5718; x_wconf 84' lang='lat' dir='ltr'>Joan.</span> <span class='ocrx_word' id='word_1_765' title='bbox 778 5674 837 5731; x_wconf 85' lang='lat' dir='ltr'>x,</span> <span class='ocrx_word' id='word_1_766' title='bbox 871 5663 915 5716; x_wconf 88' lang='lat' dir='ltr'>t.</span> <span class='ocrx_word' id='word_1_767' title='bbox 997 5659 1042 5694; x_wconf 81' lang='grc'>¹²</span> <span class='ocrx_word' id='word_1_768' title='bbox 1073 5660 1255 5715; x_wconf 84' lang='lat' dir='ltr'>Amos</span> <span class='ocrx_word' id='word_1_769' title='bbox 1284 5672 1362 5724; x_wconf 83' lang='lat' dir='ltr'>ix,</span> <span class='ocrx_word' id='word_1_770' title='bbox 1403 5661 1484 5714; x_wconf 81' lang='lat' dir='ltr'>tt.</span> 
     </span>
    </p>
   </div>
   <div class='ocr_carea' id='block_1_106' title="bbox 1566 5655 2113 5730">
    <p class='ocr_par' dir='ltr' id='par_1_106' title="bbox 1566 5655 2113 5730">
     <span class='ocr_line' id='line_1_107' title="bbox 1566 5655 2113 5730; baseline 0 -17"><span class='ocrx_word' id='word_1_771' title='bbox 1566 5658 1610 5693; x_wconf 81' lang='grc'>¹³</span> <span class='ocrx_word' id='word_1_772' title='bbox 1638 5655 1885 5730; x_wconf 85' lang='lat' dir='ltr'>Philipp.</span> <span class='ocrx_word' id='word_1_773' title='bbox 1916 5675 1991 5725; x_wconf 86' lang='lat' dir='ltr'>in,</span> <span class='ocrx_word' id='word_1_774' title='bbox 2024 5663 2113 5717; x_wconf 81' lang='lat'>20.</span> 
     </span>
    </p>
   </div>
   <div class='ocr_carea' id='block_1_107' title="bbox 2173 4545 3785 4626">
    <p class='ocr_par' dir='ltr' id='par_1_107' title="bbox 2173 4545 3785 4626">
     <span class='ocr_line' id='line_1_108' title="bbox 2173 4545 3785 4626; baseline 0.009 -32"><span class='ocrx_word' id='word_1_775' title='bbox 2173 4545 2236 4604; x_wconf 83' lang='grc' dir='ltr'>ὦς</span> <span class='ocrx_word' id='word_1_776' title='bbox 2281 4564 2409 4607; x_wconf 88' lang='grc' dir='ltr'>τινες</span> <span class='ocrx_word' id='word_1_777' title='bbox 2455 4547 2780 4618; x_wconf 81' lang='grc' dir='ltr'>νομίζουσιν.</span> <span class='ocrx_word' id='word_1_778' title='bbox 2836 4546 2979 4602; x_wconf 82' lang='grc' dir='ltr'>Ἰδοὺ</span> <span class='ocrx_word' id='word_1_779' title='bbox 3010 4554 3130 4625; x_wconf 80' lang='grc' dir='ltr'>γὰρ,</span> <span class='ocrx_word' id='word_1_780' title='bbox 3182 4560 3282 4604; x_wconf 86' lang='grc' dir='ltr'>τῶν</span> <span class='ocrx_word' id='word_1_781' title='bbox 3329 4558 3597 4626; x_wconf 69' lang='grc' dir='ltr'>μόρφωσιν</span> <span class='ocrx_word' id='word_1_782' title='bbox 3624 4555 3785 4608; x_wconf 76' lang='grc' dir='ltr'>εὐσε-</span> 
     </span>
    </p>
   </div>
   <div class='ocr_carea' id='block_1_108' title="bbox 2172 4630 3783 4717">
    <p class='ocr_par' dir='ltr' id='par_1_108' title="bbox 2172 4630 3783 4717">
     <span class='ocr_line' id='line_1_109' title="bbox 2172 4630 3783 4717; baseline 0.009 -34"><span class='ocrx_word' id='word_1_783' title='bbox 2172 4630 2310 4695; x_wconf 83' lang='grc' dir='ltr'>ϐείας</span> <span class='ocrx_word' id='word_1_784' title='bbox 2363 4638 2515 4706; x_wconf 91' lang='grc' dir='ltr'>μόνον</span> <span class='ocrx_word' id='word_1_785' title='bbox 2555 4634 2779 4707; x_wconf 79' lang='grc' dir='ltr'>ἐχόντων</span> <span class='ocrx_word' id='word_1_786' title='bbox 2819 4641 2844 4690; x_wconf 91' lang='lat'>6</span> <span class='ocrx_word' id='word_1_787' title='bbox 2884 4648 3004 4701; x_wconf 88' lang='grc' dir='ltr'>νοῦς</span> <span class='ocrx_word' id='word_1_788' title='bbox 3041 4646 3130 4693; x_wconf 87' lang='lat' dir='ltr'>xui</span> <span class='ocrx_word' id='word_1_789' title='bbox 3170 4643 3198 4699; x_wconf 83' lang='grc' dir='ltr'>ἡ</span> <span class='ocrx_word' id='word_1_790' title='bbox 3243 4638 3454 4696; x_wconf 79' lang='grc' dir='ltr'>διάνοια</span> <span class='ocrx_word' id='word_1_791' title='bbox 3509 4646 3643 4696; x_wconf 77' lang='grc' dir='ltr'>ἔοικε</span> <span class='ocrx_word' id='word_1_792' title='bbox 3706 4654 3783 4717; x_wconf 79' lang='grc' dir='ltr'>τῷ</span> 
     </span>
    </p>
   </div>
   <div class='ocr_carea' id='block_1_109' title="bbox 2170 4722 3784 4807">
    <p class='ocr_par' dir='ltr' id='par_1_109' title="bbox 2170 4722 3784 4807">
     <span class='ocr_line' id='line_1_110' title="bbox 2170 4722 3784 4807; baseline 0.007 -33"><span class='ocrx_word' id='word_1_793' title='bbox 2170 4726 2371 4795; x_wconf 84' lang='grc' dir='ltr'>κόσμῳ.</span> <span class='ocrx_word' id='word_1_794' title='bbox 2406 4722 2547 4777; x_wconf 81' lang='grc' dir='ltr'>Ἰδού</span> <span class='ocrx_word' id='word_1_795' title='bbox 2580 4728 2606 4777; x_wconf 86' lang='lat'>6</span> <span class='ocrx_word' id='word_1_796' title='bbox 2638 4732 2851 4800; x_wconf 87' lang='grc' dir='ltr'>σεισμός</span> <span class='ocrx_word' id='word_1_797' title='bbox 2901 4734 2991 4782; x_wconf 86' lang='grc' dir='ltr'>καὶ</span> <span class='ocrx_word' id='word_1_798' title='bbox 3018 4731 3043 4781; x_wconf 95' lang='grc' dir='ltr'>ό</span> <span class='ocrx_word' id='word_1_799' title='bbox 3074 4729 3231 4792; x_wconf 78' lang='grc' dir='ltr'>σάλος</span> <span class='ocrx_word' id='word_1_800' title='bbox 3281 4740 3375 4794; x_wconf 82' lang='grc' dir='ltr'>τῆς</span> <span class='ocrx_word' id='word_1_801' title='bbox 3424 4738 3784 4807; x_wconf 84' lang='grc' dir='ltr'>προαιρέσεως</span> 
     </span>
    </p>
   </div>
   <div class='ocr_carea' id='block_1_110' title="bbox 2170 4811 3785 4894">
    <p class='ocr_par' dir='ltr' id='par_1_110' title="bbox 2170 4811 3785 4894">
     <span class='ocr_line' id='line_1_111' title="bbox 2170 4811 3785 4894; baseline 0.009 -31"><span class='ocrx_word' id='word_1_802' title='bbox 2170 4811 2356 4880; x_wconf 77' lang='grc' dir='ltr'>αὐτῶν,</span> <span class='ocrx_word' id='word_1_803' title='bbox 2392 4816 2422 4872; x_wconf 81' lang='grc' dir='ltr'>η</span> <span class='ocrx_word' id='word_1_804' title='bbox 2454 4815 2679 4877; x_wconf 77' lang='grc' dir='ltr'>ἄστατος</span> <span class='ocrx_word' id='word_1_805' title='bbox 2706 4823 2910 4890; x_wconf 82' lang='grc' dir='ltr'>γνώμη,</span> <span class='ocrx_word' id='word_1_806' title='bbox 2951 4820 2981 4877; x_wconf 82' lang='grc' dir='ltr'><strong>ἠ</strong></span> <span class='ocrx_word' id='word_1_807' title='bbox 3023 4816 3193 4873; x_wconf 86' lang='grc' dir='ltr'>δειλία</span> <span class='ocrx_word' id='word_1_808' title='bbox 3231 4826 3318 4874; x_wconf 86' lang='lat' dir='ltr'>xui</span> <span class='ocrx_word' id='word_1_809' title='bbox 3359 4823 3385 4873; x_wconf 85' lang='grc' dir='ltr'>ὁ</span> <span class='ocrx_word' id='word_1_810' title='bbox 3426 4821 3600 4894; x_wconf 73' lang='grc' dir='ltr'>φόϐος,</span> <span class='ocrx_word' id='word_1_811' title='bbox 3644 4827 3785 4877; x_wconf 78' lang='grc' dir='ltr'>κατὰ</span> 
     </span>
    </p>
   </div>
   <div class='ocr_carea' id='block_1_111' title="bbox 2169 4902 3784 4985">
    <p class='ocr_par' dir='ltr' id='par_1_111' title="bbox 2169 4902 3784 4985">
     <span class='ocr_line' id='line_1_112' title="bbox 2169 4902 3784 4985; baseline 0.009 -32"><span class='ocrx_word' id='word_1_812' title='bbox 2169 4904 2226 4954; x_wconf 89' lang='grc' dir='ltr'>τὸ</span> <span class='ocrx_word' id='word_1_813' title='bbox 2283 4902 2567 4975; x_wconf 76' lang='grc' dir='ltr'>εἰρημένον,</span> <span class='ocrx_word' id='word_1_814' title='bbox 2628 4911 2856 4959; x_wconf 80' lang='grc' dir='ltr'>Στένων</span> <span class='ocrx_word' id='word_1_815' title='bbox 2896 4912 3003 4961; x_wconf 87' lang='lat' dir='ltr'>xui</span> <span class='ocrx_word' id='word_1_816' title='bbox 3069 4914 3313 4983; x_wconf 78' lang='grc' dir='ltr'>τρέμων</span> <span class='ocrx_word' id='word_1_817' title='bbox 3361 4913 3483 4985; x_wconf 78' lang='grc' dir='ltr'>ἓσῃ</span> <span class='ocrx_word' id='word_1_818' title='bbox 3524 4911 3629 4966; x_wconf 77' lang='grc' dir='ltr'>ἐπὶ</span> <span class='ocrx_word' id='word_1_819' title='bbox 3669 4923 3784 4976; x_wconf 85' lang='grc' dir='ltr'>τῆς</span> 
     </span>
    </p>
   </div>
   <div class='ocr_carea' id='block_1_112' title="bbox 2165 4992 3783 5071">
    <p class='ocr_par' dir='ltr' id='par_1_112' title="bbox 2165 4992 3783 5071">
     <span class='ocr_line' id='line_1_113' title="bbox 2165 4992 3783 5071; baseline 0.009 -30"><span class='ocrx_word' id='word_1_820' title='bbox 2165 4999 2297 5060; x_wconf 81' lang='grc' dir='ltr'>γῆς,</span> <span class='ocrx_word' id='word_1_821' title='bbox 2330 4996 2465 5045; x_wconf 84' lang='grc' dir='ltr'>κατά</span> <span class='ocrx_word' id='word_1_822' title='bbox 2490 4998 2583 5051; x_wconf 79' lang='grc' dir='ltr'>τὴν</span> <span class='ocrx_word' id='word_1_823' title='bbox 2638 4992 2889 5048; x_wconf 85' lang='grc' dir='ltr'>ἀπιστίαν</span> <span class='ocrx_word' id='word_1_824' title='bbox 2931 5002 3023 5050; x_wconf 88' lang='lat' dir='ltr'>xui</span> <span class='ocrx_word' id='word_1_825' title='bbox 3074 5001 3349 5071; x_wconf 86' lang='grc' dir='ltr'>σύγχυσιν</span> <span class='ocrx_word' id='word_1_826' title='bbox 3390 5008 3489 5053; x_wconf 84' lang='grc' dir='ltr'>τῶν</span> <span class='ocrx_word' id='word_1_827' title='bbox 3533 5000 3783 5056; x_wconf 80' lang='grc' dir='ltr'>ἀστοὶτων</span> 
     </span>
    </p>
   </div>
   <div class='ocr_carea' id='block_1_113' title="bbox 2165 5078 3782 5159">
    <p class='ocr_par' dir='ltr' id='par_1_113' title="bbox 2165 5078 3782 5159">
     <span class='ocr_line' id='line_1_114' title="bbox 2165 5078 3782 5159; baseline 0.01 -29"><span class='ocrx_word' id='word_1_828' title='bbox 2165 5078 2451 5152; x_wconf 87' lang='grc' dir='ltr'>λογισμῶν,</span> <span class='ocrx_word' id='word_1_829' title='bbox 2485 5084 2614 5144; x_wconf 86' lang='grc' dir='ltr'>ὅσας</span> <span class='ocrx_word' id='word_1_830' title='bbox 2644 5086 2775 5156; x_wconf 81' lang='grc' dir='ltr'>ὧρας</span> <span class='ocrx_word' id='word_1_831' title='bbox 2810 5086 3162 5159; x_wconf 88' lang='grc' dir='ltr'>σαλευόμενοι,</span> <span class='ocrx_word' id='word_1_832' title='bbox 3204 5091 3272 5150; x_wconf 84' lang='grc' dir='ltr'>ὡς</span> <span class='ocrx_word' id='word_1_833' title='bbox 3303 5092 3352 5142; x_wconf 83' lang='grc' dir='ltr'>οἱ</span> <span class='ocrx_word' id='word_1_834' title='bbox 3380 5089 3553 5143; x_wconf 77' lang='grc' dir='ltr'>λοιποὶ</span> <span class='ocrx_word' id='word_1_835' title='bbox 3591 5094 3782 5154; x_wconf 79' lang='grc' dir='ltr'>πάντες</span> 
     </span>
    </p>
   </div>
   <div class='ocr_carea' id='block_1_114' title="bbox 2166 5169 3782 5255">
    <p class='ocr_par' dir='ltr' id='par_1_114' title="bbox 2166 5169 3782 5255">
     <span class='ocr_line' id='line_1_115' title="bbox 2166 5169 3782 5255; baseline 0.009 -35"><span class='ocrx_word' id='word_1_836' title='bbox 2166 5169 2428 5242; x_wconf 77' lang='grc' dir='ltr'>ἄνθρωποι</span> <span class='ocrx_word' id='word_1_837' title='bbox 2458 5189 2469 5200; x_wconf 90' lang='grc'><strong>·</strong></span> <span class='ocrx_word' id='word_1_838' title='bbox 2506 5177 2750 5245; x_wconf 80' lang='grc' dir='ltr'>σχήματι</span> <span class='ocrx_word' id='word_1_839' title='bbox 2803 5172 2863 5228; x_wconf 71' lang='grc' dir='ltr'>δε</span> <span class='ocrx_word' id='word_1_840' title='bbox 2916 5182 3055 5249; x_wconf 82' lang='grc' dir='ltr'>μόνῳ</span> <span class='ocrx_word' id='word_1_841' title='bbox 3109 5178 3167 5230; x_wconf 82' lang='grc' dir='ltr'>ού</span> <span class='ocrx_word' id='word_1_842' title='bbox 3219 5184 3307 5232; x_wconf 85' lang='grc' dir='ltr'>καὶ</span> <span class='ocrx_word' id='word_1_843' title='bbox 3337 5185 3559 5252; x_wconf 81' lang='grc' dir='ltr'>νοήματι</span> <span class='ocrx_word' id='word_1_844' title='bbox 3593 5178 3782 5255; x_wconf 70' lang='grc' dir='ltr'>διαφέ-</span> 
     </span>
    </p>
   </div>
   <div class='ocr_carea' id='block_1_115' title="bbox 2165 5262 3781 5341">
    <p class='ocr_par' dir='ltr' id='par_1_115' title="bbox 2165 5262 3781 5341">
     <span class='ocr_line' id='line_1_116' title="bbox 2165 5262 3781 5341; baseline 0.009 -32"><span class='ocrx_word' id='word_1_845' title='bbox 2165 5277 2345 5331; x_wconf 90' lang='grc' dir='ltr'>ρουσιν</span> <span class='ocrx_word' id='word_1_846' title='bbox 2402 5262 2450 5312; x_wconf 80' lang='grc' dir='ltr'>οἱ</span> <span class='ocrx_word' id='word_1_847' title='bbox 2496 5269 2723 5315; x_wconf 87' lang='grc' dir='ltr'>τοιοῦτοι</span> <span class='ocrx_word' id='word_1_848' title='bbox 2754 5273 2846 5317; x_wconf 88' lang='grc' dir='ltr'>τοῦ</span> <span class='ocrx_word' id='word_1_849' title='bbox 2876 5271 3099 5339; x_wconf 88' lang='grc' dir='ltr'>κόσμου,</span> <span class='ocrx_word' id='word_1_850' title='bbox 3155 5273 3245 5321; x_wconf 88' lang='lat' dir='ltr'>xui</span> <span class='ocrx_word' id='word_1_851' title='bbox 3278 5279 3602 5341; x_wconf 86' lang='grc' dir='ltr'>σωματικοῖς</span> <span class='ocrx_word' id='word_1_852' title='bbox 3647 5291 3781 5324; x_wconf 87' lang='grc' dir='ltr'>κατ-</span> 
     </span>
    </p>
   </div>
   <div class='ocr_carea' id='block_1_116' title="bbox 2168 5350 3779 5433">
    <p class='ocr_par' dir='ltr' id='par_1_116' title="bbox 2168 5350 3779 5433">
     <span class='ocr_line' id='line_1_117' title="bbox 2168 5350 3779 5433; baseline 0.01 -34"><span class='ocrx_word' id='word_1_853' title='bbox 2168 5350 2438 5421; x_wconf 83' lang='grc' dir='ltr'>ορθώμασι</span> <span class='ocrx_word' id='word_1_854' title='bbox 2488 5358 2579 5403; x_wconf 91' lang='grc' dir='ltr'>τοῦ</span> <span class='ocrx_word' id='word_1_855' title='bbox 2634 5353 2731 5415; x_wconf 84' lang='grc' dir='ltr'>ἐξω</span> <span class='ocrx_word' id='word_1_856' title='bbox 2788 5353 3083 5429; x_wconf 83' lang='grc' dir='ltr'>ἀνθρώπου,</span> <span class='ocrx_word' id='word_1_857' title='bbox 3136 5357 3199 5430; x_wconf 66' lang='grc' dir='ltr'>τῇ</span> <span class='ocrx_word' id='word_1_858' title='bbox 3240 5354 3301 5411; x_wconf 63' lang='grc' dir='ltr'>δε</span> <span class='ocrx_word' id='word_1_859' title='bbox 3350 5355 3549 5433; x_wconf 78' lang='grc' dir='ltr'>καρδία</span> <span class='ocrx_word' id='word_1_860' title='bbox 3579 5366 3779 5433; x_wconf 76' lang='grc' dir='ltr'>καὶτῷ</span> 
     </span>
    </p>
   </div>
   <div class='ocr_carea' id='block_1_117' title="bbox 2170 5441 3781 5525">
    <p class='ocr_par' dir='ltr' id='par_1_117' title="bbox 2170 5441 3781 5525">
     <span class='ocr_line' id='line_1_118' title="bbox 2170 5441 3781 5525; baseline 0.009 -36"><span class='ocrx_word' id='word_1_861' title='bbox 2170 5442 2351 5511; x_wconf 86' lang='grc' dir='ltr'>κόσμῳ</span> <span class='ocrx_word' id='word_1_862' title='bbox 2404 5442 2667 5513; x_wconf 87' lang='grc' dir='ltr'>σύρονται,</span> <span class='ocrx_word' id='word_1_863' title='bbox 2723 5446 2809 5496; x_wconf 88' lang='lat' dir='ltr'>xui</span> <span class='ocrx_word' id='word_1_864' title='bbox 2866 5441 3084 5519; x_wconf 78' lang='grc' dir='ltr'>δεσμοῖς</span> <span class='ocrx_word' id='word_1_865' title='bbox 3110 5451 3334 5519; x_wconf 79' lang='grc' dir='ltr'>γηίνοις,</span> <span class='ocrx_word' id='word_1_866' title='bbox 3377 5452 3464 5501; x_wconf 86' lang='lat' dir='ltr'>xui</span> <span class='ocrx_word' id='word_1_867' title='bbox 3510 5460 3781 5525; x_wconf 85' lang='grc' dir='ltr'>μεριμνῶν</span> 
     </span>
    </p>
   </div>
   <div class='ocr_carea' id='block_1_118' title="bbox 2192 5659 2642 5732">
    <p class='ocr_par' dir='ltr' id='par_1_118' title="bbox 2192 5659 2642 5732">
     <span class='ocr_line' id='line_1_119' title="bbox 2192 5659 2642 5732; baseline 0.004 -15"><span class='ocrx_word' id='word_1_868' title='bbox 2192 5659 2238 5696; x_wconf 81' lang='grc'>¹⁴</span> <span class='ocrx_word' id='word_1_869' title='bbox 2268 5661 2413 5719; x_wconf 89' lang='lat' dir='ltr'>Gen.</span> <span class='ocrx_word' id='word_1_870' title='bbox 2443 5678 2521 5732; x_wconf 85' lang='lat' dir='ltr'>iv,</span> <span class='ocrx_word' id='word_1_871' title='bbox 2558 5663 2642 5719; x_wconf 73' lang='grc'><strong>12.</strong></span> 
     </span>
    </p>
   </div>
  </div>
