4034 6202
207 260 315 318 733
1460 237 1800 302 HOMILIIE.
1846 267 1911 286 -ρ
1952 235 2127 293 HOM.
2171 235 2391 293 XXXII.
3466 230 3572 286 734

203 385 472 458 ἀνωφελῶν
548 383 943 458 ἐμπεριέχονται
1025 384 1118 438 τὴν
1203 377 1254 440 ἑξ
1304 374 1522 448 ούρανοῦ
1601 369 1796 444 εἶρήνηι

1989 363 2191 418 eritate
2222 361 2526 418 exterioris
2558 359 2824 416 hominis
2859 374 2873 425 ;
2909 358 3087 414 corde
3127 373 3268 414 vero
3294 358 3575 415 etanimo

200 475 254 528 ἐν
285 448 487 550 καρδία
513 477 584 547 μὴ
618 448 952 545 κτησάμενοι,
1004 471 1178 530 καθώς
1209 486 1367 540 φησιν
1417 466 1442 515 ό
1473 458 1786 518 Ἀπόστολος

2007 451 2236 507 mundo
2264 450 2694 516 distrahuntur,
2719 457 2774 505 et
2803 448 3036 520 laqueis
3069 450 3334 517 terrenis,
3359 458 3413 506 et
3442 453 3571 511 inu-

202 567 288 618 ὅτι
313 532 372 617 'II
400 563 622 636 εἰρήνη
654 570 764 614 τοῦ
811 568 970 615 Θεοῦ
1004 557 1369 632 βραϐευέτω
1413 552 1470 605 ἐν
1501 557 1637 610 ταῖς
1667 566 1795 622 καρ‹

1978 541 2108 595 .ium
2155 555 2434 594 curarum
2481 539 2886 610 implicantur,
2920 552 3132 608 pacem
3180 537 3480 598 caelestem
3512 545 3571 600 in

212 651 396 715 δίαις
443 654 630 724 ὑμῶν,
659 651 772 712 ἣτις
801 651 914 704 ἐστὶ
945 647 1306 722 βασιλεύουσα
1324 648 1410 696 καὶ
1445 637 1805 698 ἁνακαινίζου-

1981 629 2101 684 η’όε
2130 643 2249 684 non
2282 627 2609 692 consecuti,
2652 626 3173 699 quemadmodum
3207 629 3398 700 inquit
3423 637 3574 703 Apo-

205 762 278 796 σα
321 745 417 804 τας
466 749 565 793 τῶν
615 748 814 792 πιστῶν
867 736 1121 804 διανοίας,
1178 739 1226 788 ἓν
1278 733 1456 806 ἀγάπη
1514 735 1661 798 Θεοῦ,
1721 730 1798 778 κα]

1980 718 2110 773 olus
2135 733 2146 772 :
2172 716 2302 772 Pax
2315 718 2422 773 Dei
2443 717 2709 787 palmam
2721 716 2882 785 ferat
2900 717 2961 770 in
2977 715 3252 772 cordibus
3267 722 3476 776 vestris
3503 722 3572 790 1⁵,

203 834 386 892 πάσης
471 838 561 891 τῆς
657 826 1028 901 ἁδελφότητος.
1102 825 1236 888 Δόξα
1322 828 1411 875 καὶ
1481 820 1796 894 προσύνησιε

1984 821 2058 860 ise
2097 810 2323 875 regnat,
2357 822 2426 860 ac
2467 811 2714 860 renovat
2765 805 3027 861 ﬁdelium
3060 807 3297 862 animos
3331 809 3392 864 in
3435 809 3577 866 dile-

219 925 410 994 Πατρὶ,
466 923 556 970 καὶ
606 920 732 990 Υἰῷ,
789 922 880 970 καὶ
919 916 1048 989 ἁγίῳ
1089 917 1371 986 Πνεύματι,
1431 909 1498 971 εἰς
1527 911 1647 970 τοὺς
1686 905 1811 958 αἰῶ-

1983 894 2116 950 ione
2149 895 2246 950 Dei
2279 899 2336 949 et
2361 895 2527 950 omni
2559 893 2940 951 fraternitate.
2976 894 3174 951 Gloria
3219 902 3275 952 et
3305 899 3576 956 adoratio

217 971 549 1081 νας.ιἈμήν.

1977 983 2097 1048 atri,
2135 984 2307 1054 120
2336 988 2391 1038 et
2434 983 2593 1048 Filio,
2628 988 2684 1037 et
2733 983 2967 1053 Spiritui
3003 990 3209 1040 sancto
3240 986 3300 1041 in
3331 987 3570 1044 saecula.

1926 1074 2135 1128 Amen.

812 1190 1058 1240 OMIAIA
1101 1186 1220 1239 AB’.
2490 1161 2776 1219 HOMILIA
2822 1163 3017 1218 XXXII.

203 1301 272 1348 Ἦ
305 1288 468 1356 δόξα
497 1300 612 1344 τῶν
659 1298 1068 1356 Χριστιανῶν
1109 1288 1226 1342 ἀπὸ
1281 1292 1390 1340 τοῦ
1427 1291 1532 1336 νῦν
1571 1285 1628 1336 ἓν
1682 1288 1787 1334 ταῖ

1987 1269 2138 1326 loria
2162 1268 2641 1356 Christianorum
2662 1286 2816 1350 mino
2839 1271 2899 1352 ιή
2919 1271 3153 1326 illorum
3176 1271 3392 1356 animis
3415 1271 3579 1356 latet,

289 1343 516 1417 άύὲέέί
894 1363 1169 1435 ἐμμενει,
1253 1358 1576 1436 μέλλουσα
1630 1355 1686 1407 ἐν
1739 1360 1818 1436 τῶ

2001 1357 2132 1413 quae
2154 1347 2411 1410 tempore
2430 1343 2881 1436 res‘i’u'recttom's
2896 1350 3156 1436 emerget,
3183 1353 3234 1399 et
3249 1344 3582 1400 illustrabit

287 1445 493 1510 καιρῶ
544 1413 1130 1497 τὲςὴἁναστὲἑσεως
1185 1413 1651 1510 φλάνερωιθῆνμαι,
1711 1429 1818 1510 καὶ

1507 1437 1651 1493 tum,
1711 1413 1818 1477 καὶ
2001 1427 2255 1482 corpora
2272 1429 2386 1482 pro
2414 1413 2585 1469 modo
2615 1429 2815 1469 eorum
2846 1413 3100 1482 pietatis.

290 1501 578 1571 δοξάσαι
655 1511 730 1560 τὰ
788 1513 1052 1581 σώματα
1096 1501 1230 1558 κατ’
1299 1501 1650 1572 ἀναλογίαν
1705 1505 1819 1558 τῆς

291 1580 503 1632 αὐτῶν
536 1579 890 1640 εύσεϐείαςέ

286 1685 378 1742 Α’.
408 1686 489 1741 ’Δί
514 1693 606 1740 τοῦ
630 1691 834 1758 κόσμου
863 1688 1050 1739 τούτου
1082 1683 1324 1756 γλῶσσαι
1378 1678 1621 1752 διάφοροί
1673 1675 1774 1729 εἰσι
1801 1689 1813 1703 ’
1853 1724 1879 1780 E

2000 1689 2039 1743 Ι.
2069 1688 2306 1758 Linguae
2323 1687 2503 1758 hujus
2531 1688 2740 1743 mundi
2765 1689 2942 1744 variae
2962 1693 3118 1745 sunt.
3141 1690 3397 1756 Quilibet
3417 1693 3576 1748 enim

210 1779 415 1837 παντὸς
442 1778 545 1849 γὰρ
590 1778 766 1838 ἔθνους
820 1771 934 1828 ἰδία
983 1775 1203 1847 γλῶσσά
1255 1772 1395 1825 ἐστιν
1429 1789 1442 1801 ⁸
1499 1771 1547 1822 οἱ
1603 1765 1662 1823 δε
1695 1775 1803 1840 Χρι¹

1986 1777 2193 1849 )pulus
2225 1777 2530 1848 propriam
2559 1777 2828 1847 linguam
2864 1778 3062 1834 habet.
3097 1779 3412 1836 Christiani
3440 1797 3579 1837 vero

221 1872 426 1918 στιανοὶ
497 1871 622 1938 μίαν
701 1871 790 1918 καὶ
859 1872 948 1917 νῦν
1010 1863 1256 1936 γλῶσσαν
1331 1862 1676 1935 μανθάνουσι,
1731 1861 1814 1909 καὶ

2011 1883 2170 1922 nunc
2199 1881 2380 1920 unam
2407 1866 2679 1922 ediscunt
2699 1866 3062 1935 linguam,et
3083 1884 3295 1923 omnes
3320 1869 3432 1925 sub
3461 1885 3582 1926 una

223 1955 330 2008 ὅλοι
388 1957 489 2008 ὑπὸ
551 1959 674 2028 μίαν
718 1958 902 2027 σοφίαν
953 1950 1294 2007 παιδεύονται
1322 1959 1414 2004 τοῦ
1442 1956 1596 2016 Θεοῦ,
1632 1952 1816 2019 σοφίαν

1987 1956 2224 2028 ipientia
2271 1955 2642 2021 erudiuntur,
2695 1957 2988 2027 sapientia
3018 1958 3302 2014 nimirum
3352 1958 3580 2024 divina,

220 2045 282 2097 οὗ
305 2053 398 2098 τοῦ
427 2051 630 2117 κόσμου
688 2047 896 2109 τούτου,
950 2042 1066 2096 οὒτε
1116 2050 1206 2095 τοῦ
1261 2042 1446 2103 αἰῶνος
1491 2047 1584 2092 τοῦ
1632 2056 1813 2112 παρερ-

1991 2062 2050 2101 )n
2092 2045 2273 2114 hujus
2323 2044 2554 2110 mundi,
2590 2060 2786 2116 neque
2820 2046 3018 2100 saeculi
3050 2049 3481 2117 praetereuntis.
3515 2050 3584 2103 Et

212 2139 471 2208 χομένου.
525 2139 626 2188 Καὶ
673 2136 737 2194 ὡς
785 2139 1161 2206 περιπατοῦσιν
1207 2131 1279 2193 εἰς
1338 2134 1432 2188 τὴν
1482 2133 1657 2181 κτίσιν
1689 2129 1805 2180 ταύ-

1987 2141 2060 2190 :et
2089 2134 2148 2189 in
2192 2133 2284 2189 his
2327 2133 2540 2188 creatis
2581 2133 2762 2189 rebus
2813 2135 3125 2190 ambulent
3152 2137 3492 2202 Christiani,
3520 2137 3580 2192 in

211 2243 312 2283 την
381 2226 430 2278 οἱ
484 2227 815 2297 Χριστιανοὶ,
867 2221 934 2283 εἰς
1007 2225 1303 2295 καινοτέρας
1379 2220 1498 2279 θέας
1547 2217 1804 2289 οὐρανίους

1987 2239 2118 2280 )vas
2152 2229 2352 2278 tamen
2383 2221 2710 2278 divisiones
2741 2223 3009 2279 cmlestes
3040 2223 3332 2291 incidunt,
3363 2225 3424 2281 in
3455 2225 3580 2298 glo-

213 2313 570 2386 ὶμπίπτουσι,
622 2317 710 2364 καὶ
767 2312 840 2373 εἰς
884 2307 1066 2376 δόξας,
1121 2314 1207 2361 καὶ
1263 2312 1555 2382 μυστήρια,
1588 2305 1690 2358 ἀπὸ
1721 2313 1806 2357 τῶι

1990 2329 2105 2378 am,
2137 2317 2195 2367 et.
2234 2311 2291 2366 in
2325 2312 2626 2383 mysteria,
2660 2327 2696 2367 a
2739 2312 3073 2383 conspicuis
3117 2313 3296 2369 rebus
3340 2320 3583 2386 sumpta

213 2406 542 2476 φαινομένων
597 2399 940 2473 λαμϐάνοντες
994 2402 1088 2462 τὰς
1139 2399 1401 2471 ἀφορμάς.
1466 2402 1622 2448 Ἐστι
1677 2398 1806 2457 rem

1989 2403 2265 2458 :casione.
2297 2401 2660 2456 Animalium
2689 2407 3142 2457 mansuetorum
3168 2418 3390 2472 genera
3422 2409 3582 2470 sunt,

208 2496 430 2568 ἡμέρων
481 2495 622 2562 γένη,
685 2492 790 2543 οἷον
841 2491 992 2549 ἱππος
1048 2492 1138 2541 καὶ
1187 2485 1350 2561 βοῦς’
1410 2486 1621 2538 ἕκαστον
1653 2483 1801 2536 αύτῶτ

1997 2509 2120 2564 [υυε
2142 2491 2322 2546 etbos
2352 2506 2363 2546 :
2393 2490 2869 2562 unumquodque
2894 2491 3104 2546 horum
3139 2494 3449 2564 proprium
3482 2493 3590 2549 ha-

210 2579 363 2635 ῖδιον
415 2589 569 2653 σῶμα
621 2582 735 2652 ἔχει
780 2584 870 2632 καὶ
922 2575 1062 2631 ἰδίαν
1112 2582 1300 2650 φωνήν.
1350 2579 1420 2630 Τὸ
1474 2576 1600 2628 αύτὸ
1643 2580 1734 2628 καὶ
1773 2574 1803 2628 ἂ

1991 2587 2028 2636 ιι
2055 2595 2275 2651 corpus
2315 2585 2371 2635 et
2415 2581 2721 2650 propriam
2765 2596 2998 2635 vocem.
3050 2581 3213 2637 Idem
3245 2582 3304 2637 in
3335 2582 3584 2652 bestiis;

208 2680 330 2734 τοῖς
368 2672 571 2744 θηρίοις
609 2683 622 2697 ⁸
663 2671 690 2721 ό
719 2667 842 2721 λέων
866 2664 1006 2720 ἴδιον
1059 2675 1211 2738 σῶμα
1257 2669 1373 2737 ἔχει
1414 2671 1503 2718 καὶ
1549 2663 1686 2720 ἰδίαν
1715 2687 1801 2737 φω·

1992 2686 2023 2726 o
2053 2670 2362 2742 proprium
2389 2669 2566 2724 habet
2593 2685 2831 2741 corpus,
2867 2686 3074 2726 vocem
3109 2673 3415 2743 pr0priam
3449 2688 3460 2725 :
3493 2671 3585 2728 iti-

208 2767 330 2827 νήν,
377 2762 403 2813 ό
447 2759 626 2831 ἔλαφος
681 2760 875 2832 ὁμοίως
906 2775 918 2787 ·
978 2762 1068 2810 καὶ
1107 2759 1156 2809 ἐν
1209 2762 1316 2818 τοῖς
1359 2755 1589 2828 ἑρπετοῖς
1639 2752 1798 2827 διαφο

1987 2775 2069 2815 3m
2091 2765 2148 2814 et
2166 2774 2395 2815 cervus.
2418 2758 2481 2813 In
2505 2758 2815 2829 reptilibus
2836 2775 3080 2833 quoque
3101 2759 3435 2818 differentia
3459 2777 3580 2817 non

213 2854 288 2927 ρὰ
339 2848 528 2915 πολλὴ,
582 2853 672 2901 καὶ
734 2847 782 2900 ἐν
844 2853 952 2908 τοῖς
1022 2854 1272 2907 πετεινοῖς
1329 2845 1492 2900 πολλὰ
1557 2851 1806 2917 σώματαη

1991 2850 2164 2920 Ligua,
2191 2853 2369 2919 atque
2415 2847 2473 2902 in
2525 2846 2862 2903 volucribus
2917 2849 3264 2920 multiplicia
3291 2854 3427 2906 sunt
3459 2866 3584 2906 cor-

221 2940 344 2992 ἅλλο
406 2947 560 3010 σῶμα
614 2941 704 2990 καὶ
769 2941 906 3009 φωνή
981 2934 1153 3001 ἀετοῦ,
1221 2939 1310 2986 καὶ
1366 2934 1488 2987 ἄλλο
1542 2942 1696 3007 σῶμα
1731 2940 1814 2988 καὶ

1989 2953 2114 2993 )ra:
2144 2936 2305 2992 aliud
2342 2951 2562 3006 corpus
2594 2942 2650 2991 et
2671 2952 2788 2991 vox
2818 2937 3055 3008 aquilas.
3086 2943 3140 2992 et
3171 2938 3336 2994 aliud
3361 2955 3582 3010 corpus

231 3033 366 3101 φωνή
419 3027 727 3100 ὄξυπτέρου.
769 3028 847 3078 Τὰ
884 3024 1018 3077 αὐτὰ
1067 3029 1156 3076 καὶ
1201 3023 1249 3075 ἕν
1279 3031 1340 3097 τῇ
1373 3023 1613 3097 θαλάσσῃ
1660 3027 1773 3076 εστί
1805 3042 1818 3053 ·

2021 3042 2134 3082 vox
2165 3026 2455 3096 oxypteri.
2478 3024 2698 3079 Eadem
2729 3040 2973 3096 quoque
2996 3027 3212 3082 suntin
3241 3029 3391 3083 mari
3421 3045 3435 3094 ;
3460 3044 3585 3084 cor-

238 3097 448 3188 σώματα
497 3097 665 3169 πολλὰ
701 3121 772 3189 μὴ
831 3113 1036 3168 ἐοικότα
1082 3113 1343 3178 ἀλλήλοις,
1397 3117 1486 3166 καὶ
1529 3111 1578 3165 ἐν
1635 3121 1697 3187 τῇ
1752 3122 1819 3187 γῇ

1992 3132 2082 3172 πει
2114 3114 2302 3170 multa
2331 3114 2481 3169 inter
2513 3129 2576 3168 se
2599 3112 2915 3170 dissimilia
2945 3131 2958 3170 :
2995 3121 3052 3170 et
3080 3114 3140 3170 in
3175 3121 3329 3172 terra
3353 3117 3585 3173 semina

231 3208 505 3278 σπέρματά
573 3205 676 3258 εἰσι
740 3204 918 3268 πολλὰ,
983 3202 1090 3256 ἀλλ’
1156 3205 1375 3255 ἕκαστον
1429 3207 1638 3278 σπέρμα
1686 3200 1745 3256 ῖδ
1751 3223 1824 3256 ιον

1992 3210 2075 3260 Int
2106 3204 2312 3269 multa,
2348 3219 2556 3258 verum
2585 3203 3060 3277 unumquodque
3092 3221 3300 3261 semen
3330 3205 3585 3278 peculia-

218 3297 340 3368 ἔχει
394 3298 615 3368 καρπόν.
665 3298 766 3347 Καὶ
821 3289 1016 3366 δένδρα
1098 3291 1261 3344 πολλὰ
1318 3291 1448 3344 εἰσιν
1485 3309 1498 3322 ’
1554 3291 1664 3345 ἀλλ’
1722 3295 1811 3348 εἰσὶ

1990 3312 2062 3351 ιω
2091 3294 2272 3350 habet
2305 3293 2592 3349 fructum.
2632 3293 2840 3349 Itidem
2892 3293 3094 3350 multa
3141 3302 3283 3351 sunt
3320 3296 3583 3361 arbores,

217 3381 426 3459 δένδρα
495 3386 726 3455 μείζονα,
786 3387 876 3434 καὶ
943 3381 1047 3433 εἰσὶ
1112 3377 1308 3454 δένδρα
1370 3386 1668 3457 μικρότερα.
1728 3392 1810 3438 κα

1995 3401 2147 3441 arum
2165 3389 2301 3440 sunt
2318 3382 2586 3445 arbores,
2611 3383 2893 3454 quaedam
2919 3383 3175 3450 altiores,
3199 3384 3483 3457 quaadam
3502 3401 3588 3441 ar-

215 3474 385 3526 αῦταὶ
434 3473 492 3524 αἱ
517 3472 715 3543 ὀπῶραι
782 3467 1036 3543 διαφορὰν
1085 3472 1276 3542 ἔχουσι
1327 3471 1518 3530 πολλήν
1551 3490 1563 3502 ·
1615 3474 1808 3528 ἓκαστοτ

1996 3490 2115 3530 )res
2137 3472 2504 3529 humiliores.
2520 3472 2634 3543 Ipsi
2657 3488 2900 3544 quoque
2922 3475 3194 3528 autumni
3218 3473 3442 3529 fructus
3465 3491 3589 3531 ma-

217 3567 323 3636 γὰρ
379 3561 550 3614 αὐτῶν
584 3558 723 3613 ἰδίαν
784 3567 992 3631 γεῦσιν,
1044 3563 1144 3612 Καὶ
1183 3559 1314 3612 εἰσὶν
1364 3558 1599 3633 βοτάναι,
1653 3569 1743 3617 καὶ
1781 3569 1810 3618 ἐγ

1994 3579 2126 3619 sum
2156 3563 2308 3618 inter
2337 3577 2399 3617 se
2427 3562 2699 3617 obtinent
2735 3561 3053 3618 discrimen
3082 3579 3095 3628 ;
3147 3563 3398 3635 quilibet
3428 3564 3587 3620 enim

220 3653 412 3712 αὐταῖς
443 3647 696 3722 διαφοραὶ
752 3648 958 3713 πολλαὶ,
1011 3650 1066 3700 αἱ
1113 3652 1204 3720 μεν
1257 3649 1329 3710 εἰς
1382 3651 1558 3721 ὑγείαν
1608 3671 1813 3726 προχω-

1996 3668 2148 3707 ›ῐ·υω
2190 3651 2550 3722 peculiarem
2606 3650 2791 3706 habet
2842 3657 3106 3719 gustum.
3150 3653 3297 3708 Sunt
3348 3668 3589 3726 quoque

214 3751 444 3819 ροῦσαι,
497 3742 551 3791 αἱ
599 3736 659 3791 δε
710 3738 782 3799 εἰς
821 3734 1042 3790 εὐωδίαν
1081 3743 1255 3809 μόνον.
1303 3736 1558 3794 Ἐκαστον
1620 3738 1679 3795 δε
1730 3753 1807 3796 τῶ

2009 3747 2093 3796 ter
2122 3741 2340 3795 herbas
2373 3738 2718 3794 discrimina
2744 3739 2930 3796 multa
2955 3756 2966 3795 :
3002 3741 3092 3796 hae
3119 3743 3362 3812 quidem
3389 3743 3465 3797 ad
3497 3758 3593 3796 sa-

218 3827 463 3903 ὂένδρων
544 3824 746 3880 ἔνδοθεν
832 3825 1028 3901 ἐκφέρει
1100 3829 1167 3878 τὰ
1222 3824 1490 3899 ἐνδύματα
1555 3836 1811 3902 φαινόμενι

1998 3832 2188 3884 itatem
2203 3828 2569 3893 conducunt,
2588 3826 2699 3882 illa;
2726 3843 2864 3883 vero
2878 3829 2952 3883 ad
2972 3828 3360 3898 fragrantiam
3380 3831 3591 3887 dunta-

215 3919 419 3994 φύλλα,
477 3922 568 3970 καὶ
643 3917 797 3985 ἄνθη,
869 3920 960 3967 καὶ
1033 3919 1286 3988 καρπούς.
1337 3915 1555 3989 Ὁμοίως
1632 3925 1722 3973 καὶ
1767 3940 1808 3973 τι

1997 3923 2063 3974 1t.
2085 3920 2468 3988 Unaquaeque
2484 3931 2622 3971 vero
2639 3917 2925 3971 arborum
2948 3917 3105 3972 intus
3127 3918 3590 3988 producitindu—

217 4014 513 4082 σπέρματα
560 4002 764 4058 ἔνδοθεν
814 4002 1081 4077 ξνδύματα
1146 4009 1284 4079 φέρει
1351 4012 1671 4079 φαινόμεναο
1743 4030 1810 4062 κα

1996 4011 2167 4070 lenta,
2198 4021 2334 4078 quae
2364 4005 2634 4060 videmus
2674 4004 2834 4071 folia,
2861 4004 3040 4060 ﬂores
3070 4010 3124 4060 et
3151 4005 3375 4062 fructus
3408 4023 3421 4062 :
3450 4007 3589 4063 item

215 4097 369 4152 αὐτὰ
415 4099 479 4149 τὰ
527 4101 680 4172 κρίνα
735 4091 937 4147 ἔνδοθεν
981 4099 1177 4169 εκφίρει
1234 4090 1519 4167 ἐνδύματα,
1560 4102 1650 4150 καὶ
1706 4099 1808 4152 καλε

1993 4096 2177 4152 smine
2199 4096 2356 4150 intus
2373 4092 2712 4165 producunt
2736 4094 3106 4160 indumenta,
3135 4110 3271 4166 quas
3294 4095 3586 4152 videntur.

209 4187 452 4247 λακτίζει
481 4189 574 4243 τὴν
599 4183 767 4257 χλόην
779 4228 792 4242 ,

2000 4201 2084 4242 isa
2109 4199 2350 4257 quoque
2375 4183 2498 4238 lilia
2526 4183 2684 4239 intus
2713 4182 3021 4256 proferunt
3038 4185 3319 4255 tegmina,
3345 4191 3402 4242 et
3431 4201 3593 4242 exor-

1943 4281 2091 4331 nant
2119 4281 2356 4330 terram.

305 4364 379 4420 B'.
415 4362 566 4416 Οὕτω
613 4365 704 4412 καὶ
743 4367 842 4412 τῶν
907 4365 1228 4433 Χριστιανῶν
1277 4361 1394 4413 ὅσοι
1425 4359 1833 4424 κατηξιώθησαν

2016 4365 2079 4419 ll.
2113 4364 2206 4420 Sic
2234 4377 2477 4435 quoque
2502 4365 2799 4434 quotquot
2830 4361 3296 4421 Christianorum
3325 4365 3466 4421 hinc
3491 4365 3588 4420 di-

222 4453 540 4508 ἆπεντεῦθεν
614 4450 917 4507 κτήσασθαι
971 4451 1028 4500 τό
1083 4448 1386 4524 ἐπουράνιον
1441 4446 1662 4523 ἔνδυμα,
1704 4451 1815 4504 αύτσ

2000 4456 2045 4510 3i
2073 4458 2212 4509 sunt
2231 4451 2418 4508 habiti
2441 4453 2728 4524 consequi
2757 4452 3056 4509 caelestem
3085 4454 3395 4525 amictum,
3425 4454 3593 4512 illum

216 4545 398 4598 ἐκεῖνο
447 4543 640 4612 ἔχουσι
672 4545 782 4599 ταῖς
826 4537 1036 4610 ψυχαῖς
1089 4538 1259 4590 αὐτῶν
1290 4537 1521 4612 ἕμμένον,
1558 4540 1662 4594 Καὶ
1701 4542 1809 4594 ἕπει

2000 4559 2140 4598 ιειιω
2186 4541 2410 4597 habent
2450 4541 2510 4597 in
2562 4541 2778 4598 animis
2827 4542 2950 4597 suis
2995 4550 3493 4600 commoranlem.
3528 4548 3593 4600 Et

220 4630 305 4690 δὴ
332 4630 436 4683 ἀπὸ
467 4635 602 4682 Θεοῦ
629 4633 956 4702 προώρισται
995 4623 1308 4687 διαλυθῆναι
1357 4633 1450 4686 τὴν
1486 4633 1661 4681 κτίσιν
1708 4632 1813 4682 ταύη

2002 4633 2232 4688 Joniam
2283 4646 2319 4686 a
2379 4632 2494 4686 Deo
2547 4630 2914 4702 praefinitum
2969 4638 3080 4698 est,
3135 4638 3196 4688 ut
3233 4633 3595 4690 dissolvatur

220 4740 351 4785 την,
411 4723 505 4771 καὶ
561 4717 830 4790 παρελθεῖν
882 4719 968 4769 τόν
1031 4715 1245 4790 οὐρανόν
1301 4722 1391 4769 καὶ
1451 4722 1545 4777 τὴν
1601 4726 1720 4791 γῆν,
1775 4739 1813 4772 τι

2002 4727 2216 4777 'eatura
2239 4719 2388 4784 haec,
2420 4725 2600 4791 atque
2623 4719 2838 4776 coelum
2877 4725 2932 4775 et
2960 4727 3113 4778 terra
3149 4727 3475 4788 transeant,
3504 4722 3595 4777 in-

218 4806 484 4873 ἓνδύσαν,
516 4812 605 4859 καὶ
644 4803 875 4869 δόξασαν
915 4803 1016 4858 ἀπὸ
1077 4813 1166 4858 τοῦ
1203 4805 1300 4858 ’νῦν
1351 4803 1552 4880 ἔνδυμα
1601 4807 1811 4883 οὐράνια

2002 4814 2303 4866 umentum
2343 4809 2580 4864 cceleste
2624 4825 2784 4865 nunc
2813 4815 3017 4880 tegens
3045 4817 3102 4866 et
3130 4811 3437 4868 illustrans
3469 4814 3595 4868 ani-

218 4903 330 4957 τήν
383 4897 595 4969 ψυχὴν,
641 4895 762 4970 ὅπερ
820 4893 1102 4953 ἐκτήσαντο
1168 4894 1215 4946 ἐν
1271 4903 1333 4969 τῇ
1403 4893 1621 4970 καρδίᾳ,
1680 4896 1806 4950 ἔκείν

2001 4915 2132 4966 iam,
2163 4898 2328 4971 quod
2355 4897 2626 4954 obtinent
2649 4899 2709 4954 in
2740 4900 2940 4969 corde,
2973 4899 3118 4954 illud
3157 4900 3320 4955 nuda
3351 4917 3594 4974 quoque

218 4993 325 5043 καὶ
399 4989 466 5039 τὰ
515 4987 689 5058 γυμνὰ
747 4989 983 5057 σώματα,
1071 4983 1198 5059 οἷπερ
1282 4983 1586 5038 ἀνίστανται
1634 4989 1689 5039 ἐκ
1736 4996 1808 5040 τῶ

2003 5004 2222 5060 )rpora,
2245 5004 2380 5060 qua:
2403 4993 2797 5056 resurgentex
2811 4987 3116 5059 sepulcris,
3139 4989 3200 5044 in
3225 4989 3322 5046 illa
3337 4989 3452 5055 die,
3473 5007 3596 5064 qua

221 5080 436 5149 τάφων,
487 5074 536 5127 ἓν
585 5075 749 5148 ἐκείνῃ
792 5082 856 5148 τῇ
903 5075 1071 5146 ἡμέρᾳ
1126 5075 1191 5126 τὰ
1238 5073 1537 5148 ἐγειρόμενα
1567 5080 1788 5148 σώματα

1999 5092 2200 5148 >rpora
2225 5074 2662 5140 excitabuntur,
2704 5075 2803 5132 illa
2834 5077 3104 5134 videlicet
3132 5077 3337 5135 induet
3363 5079 3592 5150 gloria;

224 5167 368 5220 ἀλλὰ
401 5163 560 5223 δῆλον
605 5165 690 5216 ὃτι
744 5161 1012 5239 περιϐαλεῖ
1058 5171 1226 5215 ταῦτα
1275 5159 1433 5226 δόξαν
1467 5181 1480 5194 ·
1534 5166 1560 5216 ὃ
1607 5163 1708 5217 ἀπὸ
1744 5174 1817 5217 τοι

2000 5166 2111 5221 uod
2141 5165 2368 5220 donum
2396 5168 2454 5219 et.
2482 5163 2902 5221 indumentum
2932 5166 3226 5223 invisibile
3258 5183 3328 5224 ac
3358 5168 3593 5226 caeleste

221 5263 321 5308 νῦν
388 5252 743 5326 λαμϐάνουσιν
804 5253 855 5304 οἱ
926 5257 1239 5326 Χριστιανοὶ
1304 5249 1446 5325 δόμα
1491 5258 1582 5306 καὶ
1638 5251 1814 5327 ἔνδυμι

2003 5270 2108 5310 unc
2131 5258 2580 5324 consequuntur
2597 5254 2930 5310 Christiani.
2947 5257 3472 5321 Quemadmodum
3495 5274 3596 5313 au-

227 5344 483 5418 ἀόρατον,
534 5346 628 5397 καὶ
703 5340 960 5414 οὐράνιον.
1024 5339 1223 5417 Ὠσπερ
1278 5337 1337 5394 δε
1384 5345 1448 5394 τὰ
1494 5341 1748 5416 πρόϐατα,
1803 5345 1820 5394 i

2000 5360 2068 5399 :m
2093 5359 2236 5399 oves
2265 5348 2366 5398 aut
2397 5343 2611 5398 cameli
2643 5343 2700 5398 in
2733 5343 2935 5400 fenum
2964 5345 3309 5412 incidentes,
3343 5346 3593 5403 inconti-

229 5436 295 5487 αἱ
358 5431 590 5506 κὰμηλοι
643 5435 838 5506 χόρτον
899 5432 1233 5505 εὑρίσκοντα,
1302 5429 1504 5505 λάϐρως
1555 5436 1646 5485 καὶ
1692 5431 1822 5496 ἀξίω

2003 5440 2157 5490 anter
2178 5439 2233 5490 et
2261 5431 2523 5490 celeriter
2547 5433 2838 5492 accedunt
2864 5434 2942 5492 ad
2965 5435 3279 5514 pabulum,
3307 5443 3485 5512 atque
3511 5437 3596 5496 in-

314 5614 364 5649 “
385 5611 610 5671 Coloss.
639 5627 715 5682 ιιι,
754 5616 838 5669 l5.
