4076 6210
471 280 582 339 735
1757 275 1817 335 S.
1866 270 2171 334 MACARII
2221 271 2525 331 [EGYPTII
3726 275 3836 333 736

476 406 725 463 cludunt
756 405 866 461 sibi
902 404 1253 461 alimentum
1289 404 1480 470 ;hora
1522 408 1723 460 autem
1772 403 1947 461 famis
1976 400 2119 457 illud

2257 405 2621 474 προσέρχονται
2670 409 2774 462 τοῖς
2822 399 3092 474 βρώμασι,
3146 404 3236 453 καὶ
3289 400 3585 472 ὶγκλείουσι
3630 405 3835 473 τροφὴν

478 497 677 569 ipsum
731 511 761 550 e
811 493 1135 550 ventriculo
1188 494 1481 550 reducunt
1526 498 1583 549 et
1637 495 1962 557 ruminant,
2009 491 2121 546 ha«

2260 498 2473 551 αυτοῐςο
2529 489 2577 542 ἓν
2631 486 2690 543 δε
2736 499 2903 565 καιρῷ
2972 494 3166 556 πείνης,
3235 490 3362 541 αὐτό
3414 492 3571 541 ἐκεῖνο
3617 488 3671 541 ίκ
3733 497 3837 551 τῆς

474 585 735 657 bentque
764 583 923 639 velut
951 583 1323 647 alimentum,
1356 599 1491 655 qum
1526 588 1661 638 ante
1688 586 2079 654 reposuerant
2107 600 2119 634 :

2257 581 2427 641 ιοι).ίας
2478 582 2812 654 ἀναφέρουσι,
2849 584 2938 632 καὶ
2991 577 3447 653 ἀναμηρυκῶνται,
3507 584 3595 632 καὶ
3626 582 3740 652 ἔχει
3771 583 3843 641 ὡς

475 676 557 729 sic
586 689 827 746 quoque
857 673 1201 744 quicunque
1231 687 1392 726 nunc
1418 686 1673 740 regnum
1699 671 1988 727 cwlorum
2027 686 2125 725 ra-

2257 674 2441 744 προφήν,
2500 670 2629 743 άπερ
2684 669 2984 727 ἐνεθηκίασε
3053 675 3321 743 πρότερον,
3374 670 3535 730 οὕτως
3581 674 3670 720 καὶ
3711 671 3837 722 ὅσοι

475 767 753 835 puerunt,
786 767 842 817 et
872 762 1171 817 caelestem
1194 759 1391 816 cibum
1424 760 1481 814 in
1506 759 1718 831 spiritu
1741 760 2005 815 viventes
2026 759 2124 815 de-

2257 768 2323 812 ιῡν
2364 760 2608 835 ἣρπασαν
2639 764 2732 818 τὴν
2790 758 3060 833 βασιλείαν
3112 766 3211 812 τῶν
3264 758 3514 833 οὐρανῶν,
3570 763 3659 811 καὶ
3690 757 3841 829 ἐγεύ-

477 856 811 921 gustarunt,
848 856 1111 921 tempore
1142 848 1585 905 resurrectionis
1618 864 1754 904 eum
1786 849 1985 921 ipsum
2018 850 2124 904 ha-

2257 869 2395 903 ravro
2445 858 2540 911 τῆς
2577 848 2884 921 ἐπουρανίου
2940 846 3182 922 βρώσεως
3222 847 3269 899 ἐν
3323 850 3577 919 πνεύματι
3637 847 3842 907 ζήσαν-

478 940 620 997 bent
647 947 941 1011 tegentem
961 943 1017 995 et
1047 939 1345 995 foventem
1375 938 1579 994 omnia
1595 953 1804 994 eorum
1830 937 2120 995 membra.

2257 959 2334 1003 ἐς,
2362 938 2410 991 ἐν
2440 947 2511 1009 τῷ
2553 946 2719 1011 καιρῷ
2764 946 2858 999 τῆς
2900 936 3231 999 ἀναστάσεως
3262 936 3388 989 αὐτό
3429 939 3587 989 ἐκεῖνο
3640 939 3842 1009 ἔχουσι

2241 1031 2498 1092 σκεπάζον
2523 1033 2613 1080 καὶ
2637 1026 2825 1081 θάλπον
2856 1027 3023 1079 αὐτῶν
3048 1026 3142 1080 ὃλα
3171 1029 3235 1079 τά
3260 1025 3410 1099 με’λη.

546 1157 639 1213 ΙΙΙ.
666 1154 1191 1221 Quemadmodum
1205 1169 1345 1223 ergo
1367 1153 1630 1208 diximus
1654 1154 1975 1210 discrimen
1998 1171 2127 1209 esse

2312 1170 2381 1228 l".
2444 1173 2625 1231 Καθὼς
2674 1167 2760 1222 οὖν
2788 1173 2991 1243 εἴπομεν
3030 1174 3123 1228 τὴν
3183 1164 3437 1243 διαφορὰν
3475 1177 3572 1221 τῶν
3606 1172 3847 1242 σπερμά-

476 1247 627 1299 inter
654 1246 906 1311 semina,
947 1244 1089 1314 quia
1141 1242 1484 1314 multiplicia
1545 1245 1602 1297 iu
1658 1259 1844 1298 unam
1909 1250 2125 1299 terram

2257 1281 2357 1326 -ων,
2410 1262 2489 1311 ὅτι
2544 1258 2707 1311 πολλὰ
2762 1257 2808 1310 έν
2838 1264 2937 1331 μιᾷ
2963 1266 3029 1331 ’γῇ
3064 1263 3350 1331 σπείρεται,
3410 1262 3497 1310 καὶ
3555 1254 3838 1331 διαφόρους

486 1336 651 1405 121
682 1335 976 1389 seminata
1021 1333 1289 1387 diversos
1316 1331 1656 1404 producunt
1685 1332 1931 1395 fructus,
1975 1332 2128 1387 inter

2257 1352 2465 1422 ιαρπούς
2515 1344 2733 1416 δίδωσι,
2770 1353 2841 1420 μη
2901 1347 3133 1409 ἐοικότας
3191 1346 3425 1408 ἀλληλοις
3456 1365 3469 1377 ·
3503 1348 3703 1419 ὁμοίως
3752 1351 3830 1399 καὶ

478 1442 540 1479 se
571 1423 926 1478 dissimiles:
953 1421 1155 1477 itidem
1174 1422 1249 1475 de
1269 1420 1586 1476 arboribus
1608 1421 1693 1476 sic
1719 1438 1783 1476 se
1805 1437 1900 1476 res
1922 1421 2124 1487 habet,

2257 1443 2355 1512 τερὶ
2402 1445 2500 1490 τῶν
2549 1434 2801 1513 δένδρων,
2851 1438 2928 1489 ὃτι
2976 1439 3042 1489 τὰ
3097 1440 3187 1508 μεν
3229 1436 3396 1488 αὐτῶν
3430 1436 3531 1489 εἰσι
3559 1436 3842 1508 μείζω,τὰ

476 1512 750 1567 videlicet
774 1510 1071 1583 quasdam
1119 1525 1326 1564 earum
1352 1525 1480 1565 esse
1516 1511 1794 1581 majores,
1824 1510 2125 1583 quasdam

2257 1510 2309 1580 η’
2335 1532 2633 1599 μικρότερα,
2678 1510 2784 1599 μία
2833 1523 2891 1579 δε
2940 1534 3007 1598 γῆ
3063 1529 3153 1586 τὰς
3196 1526 3352 1600 ῥίζας
3408 1526 3534 1578 ὅλων
3566 1528 3790 1597 κατέχει
3830 1544 3842 1555 ”

478 1602 761 1665 minores,
810 1615 992 1654 unam
1050 1604 1249 1653 autem
1304 1604 1518 1653 terram
1568 1598 1801 1655 radices
1853 1599 2125 1655 omnium

2257 1617 2403 1679 ιῦτως
2445 1622 2537 1668 καὶ
2589 1619 2619 1674 η
2684 1616 2984 1688 ἐπουράνιος
3050 1614 3336 1673 Ἐκκλησία
3390 1620 3489 1687 μία
3545 1611 3705 1680 οὖσα,
3766 1615 3851 1665 ἀνι

478 1688 813 1744 continere:
848 1688 936 1744 sic
981 1703 1223 1760 quoque
1276 1687 1530 1743 ccelestis
1578 1688 1836 1744 Ecclesia
1884 1704 2021 1743 cum
2054 1688 2127 1742 sit

2257 1709 2529 1778 ιρίθμητός
2577 1704 2735 1771 ἔστιν,
2794 1687 3012 1766 ἕκαστος
3067 1700 3126 1757 δε
3179 1701 3324 1765 ἰδίως
3380 1710 3710 1774 κεκόσμηται
3751 1704 3853 1754 ὑπὸ

478 1794 619 1846 una,
661 1778 1037 1832 innumerata
1067 1781 1173 1841 est,
1207 1777 1465 1848 quisque
1493 1783 1693 1831 autem
1755 1776 2128 1848 peculiariter

2257 1754 2333 1855 τές
2364 1754 2547 1857 Γδόξης
2602 1801 2694 1845 τοῦ
2750 1796 3068 1865 Πνεύματος.
3124 1792 3325 1866 Ὠσπερ
3368 1796 3469 1866 γὰρ
3523 1796 3589 1844 τα
3636 1794 3857 1845 πετεινά

479 1871 800 1922 exornatur
825 1882 859 1920 a
890 1865 1077 1935 gloria
1107 1864 1379 1937 Spiritus.
1406 1865 1649 1921 Perinde
1675 1866 1835 1920 enim
1862 1882 1931 1921 ac
1964 1866 2129 1921 volu-

2257 1885 2342 1937 ἱπὸ
2376 1892 2468 1936 τοῦ
2500 1890 2744 1955 σώματος
2800 1885 2863 1935 τὰ
2917 1879 3184 1954 ἐνδύματα
3236 1892 3333 1935 τῶν
3388 1891 3583 1955 πτερῶν
3614 1880 3845 1954 ἐκφέρει,

477 1972 603 2013 cres
645 1972 673 2011 e
704 1970 950 2025 corpore
983 1953 1332 2008 indumenta
1363 1952 1592 2009 alarum
1628 1954 1983 2025 producunt,
2011 1955 2129 2010 dis-

2257 1971 2471 2047 ΐιαφορά
2519 1970 2578 2025 δέ
2634 1972 2775 2025 ἔστιν
2842 1971 2889 2023 ἄν
2963 1972 3142 2032 αὐτοῖς
3192 1971 3351 2029 πολλή
3385 1993 3397 2005 ο
3457 1975 3523 2023 τὰ
3575 1975 3665 2043 μεν
3733 1973 3843 2041 γὰρ

477 2046 702 2101 crimen
731 2050 927 2099 autem
958 2044 1106 2098 inter
1126 2059 1229 2098 eas
1254 2049 1471 2098 nonest
1492 2043 1771 2114 exiguum
1802 2060 1816 2110 ;
1843 2044 2127 2115 quaedam

2257 2068 2627 2136 τροσγειότερον
2674 2066 2941 2125 πέτανται,
2984 2063 3048 2113 τὰ
3097 2057 3155 2113 δὲ
3206 2060 3258 2112 ἐν
3298 2059 3410 2135 ἀέρι
3458 2061 3706 2111 ίπτανται
3739 2077 3752 2089 ·
3818 2064 3850 2117 ἦ

478 2135 638 2191 enim
671 2133 919 2205 propius
952 2138 1168 2187 terram
1191 2131 1410 2193 volant,
1442 2133 1723 2203 quaedam
1748 2149 1883 2188 vero
1906 2132 1965 2188 in
1994 2149 2129 2189 aere

2257 2131 2415 2224 Evam-9
2448 2158 2473 2203 ο
2504 2131 2712 2223 ουρανός
2756 2151 2824 2210 εἷς
2880 2148 3013 2214 ἐστι,
3062 2155 3152 2202 καὶ
3202 2152 3315 2221 ἔχει
3355 2131 3586 2211 ’πολλοὺς
3621 2147 3856 2220 ἀστέρας

480 2222 717 2279 evolant
751 2238 763 2276 :
797 2228 898 2276 aut
930 2220 1447 2292 quemadmodum
1475 2221 1691 2276 coelum
1716 2238 1901 2277 unum
1931 2227 2041 2288 est,
2077 2228 2131 2278 et

2257 2241 2292 2293 iv
2338 2220 2523 2310 ἐαυτῷ,
2567 2220 2695 2299 τοὺς
2743 2242 2833 2311 μεν
2892 2220 3301 2311 λαμπροτέρους⁹
3343 2242 3464 2299 τοὺς
3496 2235 3553 2290 δε
3582 2238 3851 2310 μείζονας,

479 2312 701 2369 multas
728 2310 785 2365 in
813 2327 877 2364 se
917 2310 1117 2365 stellas
1157 2309 1437 2403 cqntinet,
1463 2310 1568 2364 has
1600 2311 1843 2382 quidem
1870 2312 2132 2382 splendi-

2257 2335 2369 2393 τοὺς
2418 2309 2480 2383 δέ
2521 2309 2881 2403 μικροτέρους,
2913 2309 3046 2380 ὀλοιὴ
3073 2326 3132 2380 δε
3160 2309 3229 2380 λέν
3285 2328 3485 2401 οὐρανῲ
3524 2309 3856 2398 πεπηγμένοι

482 2402 698 2466 diores,
734 2400 863 2455 illas
892 2400 1170 2468 majores,
1198 2384 1323 2453 iilas
1352 2414 1490 2454 vero
1511 2400 1806 2470 minores;
1844 2401 2136 2457 universae

2354 2384 2367 2393 '
2521 2384 2531 2402 ι
2617 2384 2626 2403 Ι
2736 2384 2745 2403 Ι
2847 2384 2879 2391 ”
3346 2384 3355 2401 l
3457 2385 3464 2396 Ι
3650 2384 3717 2398 ‘II

2257 2420 2380 2472 εἰσίν
2414 2436 2425 2448 '
2453 2419 2615 2479 οὕτως
2653 2424 2743 2470 καὶ
2790 2420 2841 2470 οἱ
2886 2417 3029 2488 ἅγιοι
3069 2420 3117 2470 ἓν
3166 2417 3237 2469 ἑνὶ
3291 2416 3490 2489 οὐρανῷ
3528 2425 3626 2478 τῆς
3666 2419 3854 2473 θεότη-

480 2507 624 2547 vero
656 2491 714 2545 in
752 2489 898 2544 ccelo
929 2488 1060 2543 ﬁxa;
1091 2493 1227 2543 sunt
1270 2502 1283 2543 :
1316 2488 1396 2541 sic
1422 2504 1663 2559 quoque
1694 2490 1882 2545 sancti
1925 2491 1985 2545 iu
2020 2506 2136 2546 uno

2257 2528 2356 2571 τος,
2412 2513 2502 2560 καὶ
2579 2506 2627 2558 ἒν
2671 2515 2733 2580 τῇ
2794 2506 2999 2581 ἀοράτῳ
3062 2514 3129 2578 ’γῇ
3183 2488 3443 2580 διαφόρως
3509 2504 3857 2581 ἐρριζωμένοι

484 2582 635 2636 ccelo
666 2578 893 2639 divino,
928 2578 1062 2632 etin
1096 2575 1373 2631 invisibili
1426 2582 1578 2631 terra
1608 2577 2008 2635 diversimode
2052 2595 2136 2635 ra-

2257 2598 2404 2650 εἰσίν.
2461 2596 2685 2667 Ὁμοίως
2707 2575 2717 2580 ⁷
2750 2593 2808 2649 δι
2838 2575 2927 2648 καὶ
2960 2575 3008 2647 οἱ
3175 2575 3448 2648 αὐτόν-τόν
3497 2575 3681 2666 ’Ᾰόάμ
3708 2575 3861 2666 λογι-

483 2668 647 2724 dices
668 2672 935 2737 egerunt.
973 2666 1179 2720 Itidem
1223 2680 1357 2737 quae
1388 2665 1529 2720 Adae
1569 2666 1894 2723 obveniunt
1922 2668 2142 2737 cogita-

482 2756 694 2821 tiones,
727 2756 979 2811 diversaa
1020 2758 1196 2809 sunt:
1227 2761 1286 2809 at
1316 2753 1569 2826 Spiritus
1603 2755 1661 2809 in
1703 2772 1804 2811 cor
1858 2756 2136 2819 veniens,

2257 2753 2825 2849 καρδίαν-ἐρχόμενον,
3053 2774 3305 2847 λογισμὸν
3381 2781 3521 2827 ποιεῖ
3561 2753 3646 2824 καί
3715 2753 3851 2843 μίαν

483 2861 671 2901 unam
709 2844 986 2917 producit
1010 2843 1437 2913 cogitationum
1472 2850 1732 2899 etunum
1759 2861 1899 2901 cor:
1944 2846 2136 2918 siqui-

2257 2862 2480 2937 καρδίαν
2507 2882 2519 2895 ·
2564 2867 2613 2917 οἱ
2658 2867 2800 2917 κάτω
2828 2867 2929 2937 γὰρ
2970 2870 3059 2917 καὶ
3106 2866 3153 2917 οἱ
3200 2865 3305 2916 ἄνω
3337 2866 3438 2917 ὑπό
3477 2864 3577 2924 ἑνός
3607 2864 3847 2931 Πνεύμα-

484 2934 622 2991 dem
657 2936 757 3007 qui
784 2934 1067 2989 deorsum
1094 2938 1251 2999 sunt,
1281 2938 1336 2988 et
1356 2933 1456 3004 qui
1486 2950 1747 2999 sursum,
1775 2935 1853 2991 ab
1882 2951 1999 2991 uno
2024 2950 2130 3005 gu-

483 3023 815 3081 bernantur
848 3023 1087 3095 Spiritu.

2257 2692 2381 2759 σμοὶ
2432 2685 2727 2761 ἐρχόμενοι,
2788 2682 3033 2758 διάφοροί
3086 2684 3191 2737 εἰσι
3220 2705 3233 2718 ’
3283 2688 3341 2737 τό
3375 2681 3434 2737 δι
3465 2691 3669 2755 Πνεῦμα
3708 2687 3760 2735 ὶν
3785 2691 3852 2755 τῇ

2256 2974 2341 3017 τος
2370 2953 2737 3028 κυϐερνῶνται.

562 3152 653 3206 1V.
688 3150 837 3215 Quid
857 3163 995 3203 vero
1022 3148 1132 3202 sibi
1162 3148 1365 3203 volunt
1403 3147 1683 3204 animalia
1714 3149 1899 3205 biﬁda
1928 3149 1956 3204 7
1984 3152 2136 3217 Quo-

2324 3148 2394 3202 A'.
2448 3154 2511 3203 Τί
2569 3146 2629 3201 δέ
2683 3149 2795 3202 ἐστι
2824 3150 2889 3201 τὰ
2932 3144 3261 3220 διχηλοῦντα
3304 3147 3456 3215 tim;
3493 3144 3710 3205 Ἐπειδή
3756 3154 3858 3207 τοῖς

482 3242 653 3297 niam
675 3238 913 3294 duobus
928 3236 1232 3307 unguibus
1260 3238 1523 3292 celeriter
1537 3239 1699 3293 viam
1716 3238 2061 3304 conﬁciunt,
2082 3242 2136 3295 in

2257 3236 2413 3292 δυσὶν
2468 3238 2635 3302 ὄνυξιν
2681 3240 2861 3299 εὐθέως
2902 3244 3178 3311 περιπατεῖ
3229 3241 3323 3296 τὴν
3363 3234 3507 3303 ὀδόν,
3565 3237 3636 3299 εἰς
3696 3241 3845 3290 τύπον

484 3330 748 3400 ﬁguram
776 3328 970 3398 posita
1000 3331 1139 3381 sunt
1166 3342 1394 3389 eorum,
1422 3327 1526 3397 qui
1571 3327 1631 3381 in
1672 3326 1799 3397 lege
1837 3335 1991 3384 recte
2018 3345 2136 3385 am-

2257 3336 2423 3381 κεῖται
2452 3336 2551 3381 τῶν
2604 3328 2653 3380 ἐν
2700 3337 2772 3399 τῷ
2809 3332 2949 3400 νόμῳ
2994 3332 3345 3402 πορευομένων
3407 3327 3594 3402 ὀρθῶς.
3648 3325 3836 3397 Ὠσπερ

488 3419 718 3474 bulant.
756 3414 1283 3481 Quemadmodum
1309 3420 1509 3469 autem
1540 3414 1757 3470 umbra
1789 3419 2055 3488 corporis
2080 3419 2136 3473 in

2257 3414 2313 3470 δὲ
2339 3419 2369 3475 ἡ
2402 3420 2527 3470 σκιὰ
2552 3425 2643 3469 τοῦ
2677 3423 2919 3491 σώματος
2975 3416 3028 3479 ἐξ
3082 3417 3241 3469 αὐτοῦ
3282 3424 3372 3469 τοῦ
3412 3420 3655 3489 σώματός
3693 3416 3845 3481 ἐστιν,

486 3506 696 3562 eodem
734 3518 981 3575 corpore
1016 3509 1125 3567 est,
1160 3507 1220 3557 at
1250 3502 1521 3558 ofﬁcium
1551 3503 1750 3559 carnis
1783 3504 2029 3576 implere
2043 3522 2136 3562 ne-

2257 3506 2382 3559 α).λά
2435 3504 2703 3559 διακονίαν
2786 3511 3043 3581 σαρκικὴν
3121 3505 3397 3581 πληρῶσαι
3450 3505 3509 3557 οὔ
3571 3502 3799 3558 δύναται
3831 3520 3843 3532 ‘

485 3595 614 3667 quit
647 3610 658 3647 :
686 3593 903 3647 umbra
974 3591 1133 3647 enim
1178 3590 1426 3647 vulnera
1457 3591 1700 3661 alligare
1750 3594 1976 3666 nequit,
2032 3611 2136 3650 nec

2257 3598 2379 3647 σκιὰ
2449 3598 2551 3671 γὰρ
2607 3598 2882 3668 τραύματα
2933 3592 3190 3654 ἐπιδῆσαι
3242 3595 3301 3647 οὐ
3369 3593 3615 3661 δύναται,
3656 3600 3856 3669 τροφήν

486 3683 689 3739 cibum
720 3681 987 3753 praebere
1047 3687 1148 3737 aut
1191 3679 1398 3751 loqui:
1439 3680 1517 3735 ab
1562 3681 1694 3752 ipso
1745 3682 2136 3739 nihilominus

2257 3681 2456 3751 δοῦναι,
2489 3685 2518 3743 ἢ
2564 3685 2792 3745 λαλῆσαι
2834 3706 2846 3718 ·
2884 3685 2937 3748 ἐξ
2967 3685 3127 3737 αὑτοῦ
3178 3681 3237 3737 δέ
3290 3684 3403 3737 ἔστι
3454 3692 3546 3736 τοῦ
3583 3692 3853 3757 σώματος,

484 3786 733 3843 corpore
767 3776 989 3839 manat,
1023 3775 1079 3824 et
1102 3768 1449 3841 praecedens
1476 3771 1851 3839 prmsentiam
1876 3773 2136 3844 corporis

2257 3779 2341 3827 καὶ
2386 3774 2831 3849 προλαμϐάνουσα
2892 3773 3047 3833 δηλοί
3084 3778 3177 3833 τὴν
3218 3778 3511 3850 παρουσίαν
3554 3780 3645 3826 τοῦ
3679 3780 3862 3846 σῶμα·

486 3860 752 3916 declarat
779 3879 791 3918 :
825 3858 902 3915 ad
934 3859 1216 3913 eumdem
1235 3859 1487 3913 modum
1508 3858 1601 3915 lex
1615 3867 1784 3915 vetus
1812 3860 2026 3917 umbra
2053 3867 2136 3917 est

2257 3884 2334 3927 τος
2368 3884 2379 3897 ³
2440 3864 2602 3926 οὓτως
2649 3869 2739 3917 καὶ
2782 3866 2807 3916 ό
2849 3870 3004 3936 νόμος
3056 3865 3080 3916 ὁ
3134 3864 3353 3926 παλαιὸς
3416 3866 3542 3916 σκιά
3601 3862 3714 3915 ἐστι
3762 3871 3862 3925 τῆς

484 3951 624 4006 novi
653 3949 986 4005 testamenti
1018 3950 1087 4000 ¹⁶.
1123 3948 1550 4004 ΡΓΞΒΙΠΟΠΒΠἫῙ.
1582 3956 1781 4006 autem
1811 3950 2026 4007 umbra
2044 3967 2136 4007 ve-

2257 3962 2427 4014 ιιαινῆς
2467 3950 2731 4015 διαθήκης
2765 3970 2777 3982 ·
2823 3950 3085 4027 προδηλοῖ
3115 3949 3173 4005 δε
3225 3954 3254 4010 ἡ
3308 3954 3432 4005 σκιά
3460 3957 3551 4010 τὴν
3584 3951 3858 4017 ἀληθειαν,

486 4040 737 4104 ritatem,
770 4044 830 4094 at
864 4038 1252 4092 ministerium
1281 4036 1533 4107 Spiritus
1566 4054 1684 4093 non
1704 4038 1983 4095 obtinuit.
2010 4043 2136 4096 Non

2257 4042 2378 4095 ἀλλὰ
2408 4040 2680 4095 διακονίαν
2727 4044 3020 4114 Πνεύματος
3068 4041 3161 4093 οὐκ
3194 4038 3356 4113 εἶχεν.
3405 4041 3481 4093 Οὐ
3519 4043 3621 4113 γὰρ
3652 4037 3857 4099 ἠδύνα-

485 4129 646 4185 enim
688 4128 877 4199 potuit
906 4128 1097 4182 Moses
1122 4142 1299 4181 carne
1322 4127 1576 4181 amictus
1609 4133 1916 4198 penetrare
1939 4144 2060 4193 cor,
2081 4136 2136 4185 et

2257 4152 2305 4185 ro
2358 4139 2587 4191 Μωυσῆς
2645 4133 2817 4205 σάρκα
2866 4129 3291 4203 περιϐεϐλημένος
3348 4129 3591 4183 εἰσελθεῖν
3641 4130 3711 4191 εἰς
3757 4135 3856 4187 τὴν

486 4218 717 4274 auferre
742 4216 985 4271 sordida
1008 4216 1360 4269 vestimenta
1384 4214 1795 4272 tenebrarum:
1818 4221 1921 4271 sed
1938 4218 2134 4273 solum

2257 4218 2493 4295 ιαρδίαν,
2567 4225 2656 4273 καὶ
2720 4218 2997 4292 ἀφελέσθαι
3050 4223 3116 4271 τά
3177 4220 3391 4294 ῥυπαρά
3436 4215 3707 4291 ενδύματα
3750 4227 3849 4271 τοῦ

488 4304 731 4376 spiritus
762 4322 796 4359 a
824 4304 1058 4374 spiritu,
1110 4308 1165 4357 et
1204 4302 1358 4373 ignis
1403 4304 1479 4357 ab
1538 4304 1659 4371 igni
1697 4304 1967 4359 dissolvit
2014 4306 2133 4360 vim

2257 4318 2490 4379 σκότους,
2543 4311 2585 4363 εἰ
2624 4314 2694 4382 μή
2750 4317 2951 4382 πνεῦμα
3008 4312 3062 4362 ἑκ
3108 4312 3422 4381 πνεύματος,
3477 4313 3566 4360 καὶ
3622 4315 3726 4383 πῦρ
3792 4311 3852 4359 ἐκ

486 4408 905 4465 perversurum
936 4390 1337 4446 tenebrarum.
1367 4389 1752 4447 Circumcisio
1796 4408 1956 4462 ergo,
1999 4411 2134 4466 qua;

2257 4404 2403 4472 πυρός
2432 4399 2543 4451 λύει
2568 4403 2661 4457 τὴν
2709 4393 2930 4471 δύναμιν
2969 4406 3062 4450 τοῦ
3107 4405 3337 4471 πονηροῦ
3397 4402 3636 4457 σκότους.
3694 4403 3851 4471 Περι-

488 4463 850 4550 eratinlege,
879 4478 1772 4551 signiﬁcatappropinquantem
1797 4498 1998 4539 veram
2024 4463 2136 4539 cir-

2257 4492 2377 4561 τομὴ
2406 4491 2503 4561 γὰρ
2560 4492 2589 4546 ἠ
2642 4486 2690 4539 ἐν
2734 4494 2795 4561 τῇ
2860 4494 2984 4559 σκιᾷ
3026 4495 3117 4539 τοῦ
3165 4493 3323 4561 νόμου
3368 4484 3520 4545 δηλοῖ
3570 4491 3857 4561 προσεγγί-

489 4570 916 4626 cumcisionem
958 4567 1173 4634 cordis,
1215 4575 1271 4623 et
1299 4569 1601 4639 baptisma
1639 4569 1786 4640 legis
1813 4571 2026 4628 umbra
2047 4577 2136 4628 est

2257 4578 2444 4638 ζουσαν
2478 4580 2570 4635 τὴν
2622 4574 2869 4634 ἀληθινὴν
2900 4582 3185 4649 περιτομήν
3243 4585 3335 4637 τῆς
3385 4572 3631 4649 καρδίας,
3665 4580 3757 4627 καὶ
3794 4578 3857 4628 τό

489 4675 770 4715 verarum
795 4674 1017 4714 rerum.
1075 4656 1193 4712 Illic
1221 4657 1381 4713 enim
1430 4656 1715 4714 abluebat
1741 4675 1957 4731 corpus
1987 4677 2000 4716 :
2041 4662 2136 4717 hic

2257 4665 2535 4739 βάπτισμα
2564 4672 2655 4718 τοῦ
2715 4670 2873 4737 νόμου
2925 4667 3050 4718 σκιά
3105 4668 3219 4718 ἔστι
3267 4674 3365 4718 τῶν
3422 4664 3676 4724 ἀληθινῶν
3715 4684 3859 4739 πρα-

488 4765 632 4805 vero
662 4748 938 4805 animum
970 4762 1141 4803 coeno
1173 4746 1629 4819 coinquinatum
1662 4747 2136 4821 baptismaignis

2257 4758 2480 4829 γμάτων.
2536 4753 2674 4808 Ἐκεῖ
2731 4757 2830 4828 γὰρ
2894 4764 3047 4826 σῶμα
3116 4753 3419 4821 ἀπέπλυνεν,
3496 4751 3602 4807 ὧδε
3650 4750 3712 4808 δὲ
3766 4759 3859 4808 τὸν

491 4843 549 4895 et
576 4838 821 4909 Spiritus
852 4841 1069 4909 purgat
1104 4842 1160 4892 et
1185 4837 1389 4893 abluit.

2257 4843 2604 4919 ξρρυπωμένον
2651 4851 2765 4897 νοῦν
2831 4842 3116 4917 βάπτισμα
3168 4847 3327 4919 πυρὸς
3395 4848 3483 4896 καὶ
3559 4846 3860 4917 Πνεύματος

2250 4936 2526 5009 καθαρίζει
2555 4940 2645 4988 καὶ
2677 4934 2977 4989 ἀποπλύνει.

567 5054 627 5107 ν.
654 5052 770 5108 Illic
800 5050 1082 5107 sacerdos
1113 5050 1511 5107 imbecillitate
1524 5052 1931 5110 circumdatus
1946 5055 2136 5125 ingre-

2326 5060 2398 5118 E'.
2459 5061 2596 5114 Ἐκεῖ
2668 5062 2823 5134 ἱερεὺς
2879 5059 3149 5114 ἀσθένειαν
3206 5058 3638 5133 περιϐεϐλημένος
3690 5059 3864 5133 εἰσῄει

494 5142 770 5199 diebatur
796 5141 1095 5203 insancta,
1121 5146 1175 5196 et
1204 5157 1311 5212 pro
1327 5157 1385 5195 se
1419 5146 1475 5195 et
1500 5158 1605 5212 pro
1637 5143 1860 5214 populo
1882 5144 2136 5201 offerens

2257 5151 2320 5212 εἰς
2372 5153 2439 5203 τὰ
2495 5150 2642 5222 ἂγια,
2694 5152 2820 5225 ὑπέρ
2866 5169 2920 5202 τε
2971 5150 3156 5203 ἑαυτοῦ
3205 5155 3415 5202 καὶτοῦ
3472 5149 3599 5201 λαοῦ
3634 5155 3862 5224 προσφε-

492 5235 798 5289 victimam
828 5247 841 5297 ;
872 5230 968 5287 hic
1001 5246 1143 5285 vero
1175 5246 1347 5285 verus
1378 5231 1641 5302 pontifex
1669 5233 1929 5289 Christus
1960 5236 2136 5292 semel

2257 5259 2353 5314 ρων
2397 5242 2583 5292 θυσίαν
2617 5259 2630 5272 ο
2712 5236 2817 5291 ὧδε
2877 5238 3153 5313 ἀρχιερεὺς
3227 5239 3465 5299 ἀληθινὸς
3519 5240 3544 5290 ό
3600 5242 3859 5312 Χριστός,

495 5324 802 5394 ingressus
832 5327 919 5376 est
945 5323 1003 5377 in
1028 5336 1150 5377 non
1178 5321 1589 5377 manufactum
1613 5322 2064 5381 tabernaculum
2089 5332 2136 5383 et

2257 5328 2393 5392 άπαξ
2423 5328 2651 5388 εἰσῆλθεν
2682 5328 2750 5389 εἰς
2792 5333 2885 5387 τὴν
2928 5328 3333 5404 ἀχειροποίητον
3394 5333 3590 5388 σκηνὴν
3651 5333 3739 5381 καὶ
3802 5331 3861 5381 τὸ

496 5427 827 5484 supernum
845 5410 1044 5475 altare,
1064 5415 1377 5482 promptus
1391 5413 1467 5466 ad
1486 5414 1874 5482 purgandum
1888 5430 2008 5481 eos,
2039 5418 2136 5489 qui

2257 5420 2359 5471 ἄνω
2418 5420 2818 5492 θυσιαστήριον.
2877 5421 3001 5479 τοὺς
3066 5418 3339 5479 αἰτοῦντας
3430 5416 3585 5469 αὑτὸν
3653 5416 3864 5489 ἕτοιμος

496 5499 891 5576 postulantab
905 5498 1454 5572 eo,etinquinatam
1475 5500 1923 5561 conscientiam.
1951 5507 2136 5579 Inquil

2257 5510 2566 5581 καθαρίσαι,
2630 5512 2720 5561 καὶ
2766 5512 2860 5567 τήν
2908 5507 3301 5582 μεμολυσμένην
3334 5504 3665 5566 συνείδησιν.
3709 5511 3865 5582 Λέγει

571 5670 619 5709 ¹⁶
651 5668 875 5729 Coloss.
912 5686 970 5743 ii,
1011 5668 1071 5722 t7
1105 5683 1119 5735 ;
1154 5666 1325 5723 Hebr.
1358 5684 1411 5737 ι,
1442 5672 1491 5727 t.
