4076 6210
206 284 320 339 737

1461 283 1801 340 HOMILLE.
1846 318 1910 326 —
1952 287 2128 343 HOM.
2168 288 2397 344 XXXII.

3461 292 3570 345 738

203 410 330 481 γὰρ,
351 407 479 462 Μεθ’
510 409 679 481 ὑμῶν
709 410 943 478 ἔσομαι
981 411 1094 470 ἔως
1132 416 1246 471 τῆς
1287 408 1660 471 συντελείας
1704 418 1809 463 τοῦ

1934 412 2079 469 enim
2112 432 2124 469 :
2178 413 2484 470 Vobiscum
2512 430 2641 470 sum
2674 429 2856 487 usque
2894 415 2975 472 ad
3013 415 3573 472 consummationem

204 498 453 558 αἰῶνος.
496 496 652 569 Εἷχεν
691 500 716 550 6
748 498 1022 573 ἀρχιερεὺς
1053 497 1136 551 ἐπὶ
1188 506 1279 551 τοῦ
1334 501 1562 560 στήθους
1610 496 1707 552 δύο
1737 520 1811 553 τι-

201 592 361 659 μίους
416 587 615 655 λίθους,
684 592 774 640 καὶ
828 585 974 660 εἶχον
1028 591 1093 641 τὰ
1170 588 1399 661 ὀνόματα
1448 597 1547 640 τῶν
1603 585 1815 642 δώδεκα

200 684 573 751 πατριαρχῶν.
620 680 688 729 Τὸ
735 680 1003 749 γενόμενον
1036 675 1157 742 ἐκεῖ,
1199 679 1355 739 τύπος
1414 676 1552 730 ἐστίν
1582 697 1594 710 ·
1648 678 1813 740 οὕτως

197 767 303 837 γὰρ
329 769 423 817 καὶ
452 766 480 816 6
531 766 720 837 Κύριος
768 762 1115 838 ἐνδυσάμενος
1168 770 1288 829 τοὺς
1340 762 1551 819 δώδεκα
1589 764 1812 820 ἀποστό-

201 855 339 917 λους,
399 853 694 907 ἀπέστειλεν
747 854 936 917 αὐτοὺς
986 855 1378 927 εὐαγγελιστάς,
1433 861 1521 909 καὶ
1582 861 1813 930 κήρυκας

208 944 326 996 ὅλου
357 950 447 996 τοῦ
496 949 719 1016 κόσμου.
760 942 916 1019 Ὁρᾷς
967 953 1078 1007 πῶς
1123 947 1153 1003 η
1200 948 1327 998 σκιὰ
1382 946 1813 1020 προσεγγίζουσα

210 1037 307 1091 τήν
360 1032 595 1091 ἀλήθειαν
649 1028 936 1089 δείκνυσιν.
969 1040 1062 1087 Ὃν
1117 1031 1393 1108 δὲτρόπον
1425 1037 1454 1094 ἠ
1515 1039 1638 1088 σκιά
1691 1032 1810 1089 δια-

213 1126 383 1175 κονίαν
434 1120 530 1174 οὐκ
579 1124 710 1194 ἔχει,
765 1126 880 1175 οὔτε
932 1128 1118 1186 πόνους
1183 1124 1324 1176 ἰᾶται
1360 1143 1372 1155 ·
1424 1125 1589 1188 οὕτως
1634 1121 1808 1178 οὐδεό

210 1211 425 1272 παλαιὸς
466 1215 622 1283 νόμος
678 1213 744 1264 τὰ
796 1214 1106 1285 τρραύματα
1161 1222 1252 1275 τῆς
1303 1213 1493 1286 ψυχῆς
1545 1220 1632 1267 καὶ
1687 1218 1809 1276 τοὺς

206 1320 398 1362 πόνους
457 1300 712 1354 ἰάσασθαι
770 1297 1010 1361 ἠδυνήθη
1042 1322 1054 1335 ·
1117 1300 1242 1356 οὐδὲ
1284 1306 1386 1377 γὰρ
1442 1300 1581 1375 εἶχεν
1637 1305 1800 1364 ζωήν,

278 1424 352 1489 ς’.
426 1426 525 1477 Δύο
571 1426 671 1499 γὰρ
748 1428 1007 1499 πρόσωπα
1083 1428 1461 1499 συναπτόμενᾶ,
1521 1426 1704 1480 τελειόν
1762 1447 1813 1479 τι

202 1520 435 1587 πρᾶγμα
485 1513 858 1588 ἀπεργάζεται,
893 1516 999 1567 οἷον
1044 1513 1142 1568 δύο
1196 1513 1453 1576 διαθῆκαι
1486 1535 1498 1546 ·
1531 1518 1645 1569 κατ’
1676 1517 1810 1571 εἰκό-

201 1624 266 1656 να
339 1608 433 1656 καὶ
512 1605 763 1676 ὁμοίωσιν
822 1600 954 1659 Θεοῦ
1029 1610 1233 1677 γέγονεν
1291 1608 1317 1658 6
1369 1608 1658 1681 ἄνθρωπος,
1715 1604 1813 1659 δύο

205 1692 504 1765 ὀφθαλμοὺς
533 1695 668 1765 ἔχει,
702 1688 801 1745 δύο
851 1693 1060 1769 ὀφρύας,
1122 1691 1219 1747 δύο
1250 1703 1457 1771 χεῖρας,
1491 1693 1587 1748 δύο
1615 1694 1806 1763 πόδας,

206 1788 289 1835 καὶ
347 1782 439 1834 ἐὰν
501 1781 673 1854 συμϐῇ
722 1783 1081 1856 μονόφθαλμον
1133 1781 1279 1849 εἶναι,
1338 1786 1367 1844 ἦ
1422 1790 1728 1859 μονόχειρα,
1781 1786 1809 1845 ή

214 1876 491 1944 μονόπουν,
546 1872 719 1945 ὥσπερ
778 1872 1047 1945 ἄπίμωμός
1100 1872 1240 1926 ἐστιν
1277 1892 1289 1903 ·
1332 1875 1362 1933 ή
1417 1876 1590 1947 ὥσπερ
1648 1894 1815 1929 πετει-

217 1964 295 2011 νὸν
347 1959 432 2012 ἐὰν
494 1962 597 2033 ἔχη
667 1964 852 2035 πτερὸν
902 1960 971 2027 ἓν,
1026 1965 1075 2014 ἐν
1130 1971 1201 2033 τῷ
1252 1962 1322 2016 ἑνὶ
1369 1967 1693 2022 πετασθῆνοιι
1753 1965 1811 2017 οὐ

219 2046 438 2102 δύναται
468 2070 482 2082 ·
542 2049 676 2101 οὕτω
723 2055 813 2103 καὶ
863 2053 892 2109 ἠ
950 2053 1101 2123 φύσις
1139 2060 1234 2114 τῆς
1279 2051 1696 2128 ἀνθρωπότητος,
1730 2053 1814 2106 ἐὰν

213 2140 328 2191 καθ’
380 2138 571 2197 ἑαυτὸν
620 2143 787 2211 γυμνὴ
832 2138 1106 2214 ἀπομείνῃ,
1158 2146 1247 2194 καὶ
1285 2147 1356 2214 μὴ
1411 2141 1542 2216 λάϐῃ
1594 2147 1689 2201 τήν
1725 2148 1814 2215 μί-

211 2229 286 2292 ξιν
312 2232 407 2281 καὶ
474 2232 569 2286 τήν
601 2232 869 2281 κοινωνίαν
926 2237 1021 2290 τῆς
1064 2229 1370 2306 ἐπουρανίου
1412 2234 1632 2303 φύσεως,
1666 2229 1817 2286 οὐδὲν

211 2315 497 2391 διωρθωθη
534 2334 547 2347 ⁶
608 2315 715 2369 ἀλλ’
747 2320 907 2390 ἔμεινε
934 2324 1131 2392 γυμνή,
1189 2326 1279 2373 καὶ
1310 2324 1575 2394 ἑπίμωμος
1628 2322 1701 2384 εἰς
1732 2327 1819 2381 τὴν

212 2410 372 2479 φύσιν
428 2406 595 2468 αὐτῆς
625 2405 674 2458 ἐν
723 2407 957 2481 ῥυπαρία
1003 2408 1187 2481 πολλῇ.
1236 2410 1380 2469 Αὐτὴ
1421 2413 1521 2485 γὰρ
1554 2411 1583 2468 ἡ
1639 2411 1817 2484 ψυχὴ,

216 2500 340 2556 ναὸς
391 2502 526 2549 Θεοῦ
568 2499 659 2548 καὶ
707 2496 1005 2569 οἰκητήριον
1054 2496 1330 2568 ἐπεκλήθη,
1378 2505 1467 2553 καὶ
1513 2504 1684 2573 νύμφη
1728 2498 1821 2574 βα-

230 2584 449 2645 σιλέως·
502 2584 637 2656 λέγει
684 2587 807 2657 γὰρ,
863 2584 1214 2645 Ἐνοικήσω
1280 2585 1336 2638 ἐν
1405 2588 1647 2655 αὐτοῖς,
1710 2594 1821 2642 καὶ

228 2671 638 2745 ἐμπεριπατή
659 2692 767 2726 σω.
802 2674 985 2737 Οὕτως
1037 2671 1323 2734 εὐδόκησεν
1347 2678 1373 2728 6
1399 2681 1549 2741 Θεὸς,
1585 2680 1666 2731 ὃτι
1694 2698 1823 2731 κατ-

226 2761 383 2814 ελθὼν
434 2761 485 2825 ἐξ
536 2762 697 2834 ἁγίων
758 2763 1008 2835 οὐρανῶν,
1070 2764 1444 2840 συμπεριελαϐε
1493 2770 1586 2825 τήν
1666 2770 1822 2839 φύσιν

220 2870 319 2904 σου
379 2855 474 2909 τὴν
528 2851 764 2923 λογικήν,
797 2856 890 2911 τὴν
937 2855 1110 2928 σάρκα
1150 2860 1244 2913 τὴν
1297 2854 1352 2907 ἐκ
1408 2863 1504 2918 τῆς
1556 2865 1678 2927 γῆς,
1734 2862 1824 2909 καὶ

221 2946 541 3013 συνεκίρασε
588 2948 660 3012 τῷ
709 2943 827 3013 θείῳ
883 2944 1047 2996 αὐτοῦ
1090 2946 1371 3015 Πνεύματι,
1423 2946 1506 2998 ἶνα
1551 2950 1641 2999 καὶ
1702 2950 1767 2998 σὺ
1798 2947 1823 2998 ὁ

223 3033 411 3101 χοίκὸς
444 3026 569 3103 δέξῃ
598 3035 693 3089 τήν
723 3029 1023 3103 ἑπουράνιον
1071 3032 1278 3105 ψυχήν.
1312 3040 1410 3088 Καὶ
1439 3037 1560 3087 ὅταν
1607 3037 1636 3093 ἡ
1666 3034 1821 3107 ψυχή

1917 502 2201 557 saeculi".
2235 502 2502 558 Habebat
2524 503 2787 575 pontifex
2808 503 2868 560 in
2900 510 3139 576 pectore
3160 504 3314 560 duos
3337 503 3570 576 lapides

1919 590 2235 662 pretiosos,
2269 590 2372 664 qui
2413 593 2798 648 continebant
2826 594 3075 649 nomina
3106 593 3427 651 duodecim
3469 609 3573 665 pa-

1921 680 2338 736 triarcharum.
2364 681 2484 736 Illic
2513 683 2680 754 quod
2703 682 2903 752 ﬁebat,
2928 688 3019 739 est
3053 683 3273 754 ﬁgura:
3304 683 3390 739 sic
3412 682 3573 738 enim

1921 783 2161 841 quoque
2184 769 2727 827 Dominusindutus
2740 772 3060 829 duodecim
3082 772 3388 844 apostolis,
3411 771 3575 829 misit

1920 873 2024 914 eos
2056 858 2454 927 evangelistas
2494 864 2549 913 et
2578 875 2885 930 praecones
2917 860 3177 917 universi
3210 861 3443 916 mundi.
3483 860 3575 916 Vi-

1919 947 2025 1002 des
2056 948 2365 1019 quomodo
2395 948 2609 1005 umbra
2638 950 3134 1021 appropinquans
3158 950 3467 1006 veritatem
3488 950 3575 1006 in-

1919 1036 2073 1092 dicet
2098 1052 2109 1091 :
2141 1037 2661 1108 quemadmodum
2684 1044 2883 1094 autem
2909 1038 3127 1095 umbra
3147 1039 3293 1095 nihil
3325 1039 3573 1108 confert,

1918 1140 2026 1180 nec
2078 1124 2388 1181 laboribus
2432 1126 2749 1182 medetur:
2807 1127 2892 1182 sic
2946 1142 3143 1199 neque
3195 1129 3444 1200 antiqua
3482 1127 3577 1183 lex

1919 1212 2168 1270 vulnera
2197 1216 2413 1270 animae
2445 1231 2515 1271 ac
2543 1215 2846 1272 molestias
2879 1230 3093 1273 sanare
3124 1216 3318 1288 potuit
3349 1233 3362 1272 :
3398 1216 3578 1288 siqui-

1920 1302 2059 1358 dem
2100 1303 2283 1359 vitam
2313 1319 2434 1359 non
2464 1304 2752 1362 habebat.

1990 1430 2076 1482 Vl.
2111 1432 2247 1484 Duae
2270 1430 2431 1485 enim
2452 1445 2724 1501 persona;
2746 1430 3078 1501 conjunctae
3102 1430 3421 1502 perfectam
3449 1446 3576 1487 rem

1920 1518 2275 1590 quampiam
2299 1518 2581 1583 efﬁciunt,
2606 1519 2898 1583 videlicet,
2927 1519 3048 1576 duo
3072 1525 3448 1576 testamenta.
3480 1521 3575 1575 Ad

1922 1605 2248 1675 imaginem
2283 1612 2337 1661 et
2390 1606 2843 1662 similitudinem
2874 1607 2971 1663 Dei
3013 1607 3195 1663 homo
3238 1608 3427 1664 factus
3465 1612 3573 1672 est,

1922 1692 2076 1750 duos
2109 1695 2316 1751 oculos
2339 1695 2541 1761 habet,
2572 1696 2726 1752 duas
2752 1712 2947 1762 nares,
2970 1696 3124 1752 duas
3151 1712 3388 1763 manus,
3422 1696 3578 1752 duos

1922 1782 2150 1856 pedes:
2190 1801 2369 1858 quem
2413 1785 2459 1839 si
2501 1786 2805 1856 contingat
2842 1785 3165 1841 unoculum
3209 1791 3313 1842 aut
3348 1785 3582 1843 unima-

1923 1888 2070 1929 num
2102 1890 2255 1938 esse,
2289 1881 2392 1931 aut
2422 1876 2605 1930 altero
2632 1878 2782 1946 perte
2811 1890 3033 1942 carere,
3060 1874 3222 1931 velut
3254 1875 3576 1947 reprehen-

1922 1961 2158 2018 dendus
2181 1968 2287 2018 est.
2307 1966 2417 2019 Aut
2439 1964 2955 2036 quemadmodum
2973 1963 3127 2030 avis,
3147 1964 3193 2018 si
3220 1964 3458 2019 unicam
3477 1964 3583 2021 hs.

1923 2050 2117 2107 buerit
2169 2053 2349 2116 alam,
2397 2068 2467 2109 ea
2511 2053 2637 2108 sola
2685 2053 2889 2108 volare
2935 2052 3169 2125 nequit;
3214 2053 3299 2107 sic
3337 2068 3580 2125 quoque

1924 2141 2194 2198 humana
2217 2146 2450 2211 natura,
2482 2142 2531 2196 si
2562 2141 2729 2197 nuda
2754 2141 2965 2214 quoad
2991 2157 3053 2197 se
3082 2145 3345 2206 maneat,
3376 2148 3432 2196 et
3460 2157 3582 2198 non

1925 2230 2171 2302 recipiat
2200 2230 2542 2286 mistionem
2576 2236 2631 2286 et
2660 2230 3153 2286 communionem
3183 2229 3435 2286 caelestis
3472 2246 3582 2287 na-

1928 2326 2096 2384 turae,
2136 2319 2283 2374 nihil
2314 2319 2490 2374 laude
2538 2320 2708 2389 122
2737 2319 2989 2389 dignum
3023 2317 3231 2383 efﬁcit;
3273 2318 3380 2374 sed
3420 2319 3583 2375 nuda

1930 2415 2149 2473 manet,
2201 2413 2258 2464 et
2311 2408 2616 2479 culpanda
2653 2411 2713 2463 in
2764 2424 2874 2464 sua
2916 2413 3153 2474 natura,
3199 2412 3254 2462 et
3299 2406 3582 2463 sordibus

1930 2498 2154 2553 multis.
2178 2497 2312 2569 Ipsa
2323 2499 2484 2553 enim
2507 2498 2712 2553 anima
2726 2496 3013 2568 templum
3030 2497 3196 2552 Deiet
3211 2496 3581 2552 domicilium

1930 2587 2232 2659 appellata
2261 2592 2367 2652 est,
2403 2602 2627 2658 sponsa
2658 2587 2833 2655 regis.
2873 2585 3066 2657 lnquit
3094 2585 3253 2641 enim
3287 2604 3300 2641 :
3342 2585 3585 2643 Inhabi—

1931 2677 2064 2733 tabo
2090 2678 2153 2733 in
2192 2675 2336 2741 illis,
2368 2682 2419 2732 et
2460 2676 2926 2732 inambulabo“.
2960 2675 3046 2730 Ita
3077 2677 3195 2731 Deo
3236 2673 3476 2746 placuit.
3522 2679 3586 2731 ut

1930 2765 2299 2822 descendens
2352 2781 2383 2821 e
2426 2766 2646 2821 sanctis
2702 2764 2889 2831 caelis,
2930 2769 3262 2821 assumeret
3310 2769 3585 2821 naturam

1931 2863 2096 2912 tuam
2125 2854 2498 2919 rationalem,
2530 2870 2772 2910 carnem
2802 2870 3020 2925 nempe
3047 2860 3366 2919 terrenam,
3398 2868 3585 2925 quam

1933 2945 2285 3016 temperavit
2315 2960 2451 2999 cum
2482 2944 2689 2999 divino
2722 2958 2833 2999 suo
2877 2943 3110 3015 Spiritu,
3146 2947 3210 2999 ut
3237 2957 3484 3014 quoque
3523 2947 3586 2997 tu

1934 3038 2199 3089 terrenus
2255 3032 2559 3089 caelestem
2612 3032 2946 3103 susciperes
3013 3031 3301 3087 animam.
3358 3032 3425 3085 Et
3483 3029 3586 3084 ubi

227 3138 317 3171 σου
347 3123 651 3192 κοινωνήσῃ
683 3127 755 3191 τῷ
802 3124 1084 3193 Πνεύμοιτι,
1112 3128 1202 3175 καὶ
1252 3123 1456 3196 εἰσέλθῃ
1488 3123 1643 3195 ψυχὴ
1677 3123 1822 3177 ἐπου-

1935 3123 2137 3178 anima
2155 3128 2256 3177 tua
2276 3137 2411 3177 cum
2433 3121 2651 3193 Spiritu
2673 3119 3226 3183 communicaverit,
3247 3119 3588 3188 etingressa

216 3211 399 3279 ράνιος
445 3208 518 3271 εἰς
572 3213 665 3280 τῂν
704 3208 890 3281 ψυχήν
936 3229 1052 3277 σου,
1085 3216 1201 3264 τότε
1229 3208 1278 3265 εἷ
1326 3213 1514 3276 τελειος
1560 3215 1826 3288 ἄνθρωπος

216 3299 266 3349 ἓν
302 3304 449 3368 Θεῷ,
481 3302 572 3350 καὶ
592 3296 927 3373 κληρονόμος,
960 3303 1047 3352 καὶ
1070 3302 1199 3362 υἱός.

287 3423 367 3475 Ζ’.
422 3421 625 3494 Ὠσπερ
686 3420 745 3476 δε
774 3427 832 3476 τὸ
862 3426 1077 3497 μέγεθος
1125 3434 1217 3478 τοῦ
1262 3434 1415 3493 Θεοῦ,
1457 3432 1543 3480 καὶ
1593 3431 1648 3481 τὸ
1701 3426 1825 3481 ἀκα-

222 3511 493 3570 τάληπτον
526 3510 708 3577 αὐτοῦ,
743 3516 860 3566 οὔτε
905 3516 954 3567 οἱ
993 3515 1098 3567 ἄνω
1148 3516 1322 3576 αἰῶνες
1377 3524 1665 3590 χωροῦσιν,
1712 3522 1827 3570 οὔτε

228 3602 273 3651 οἱ
298 3602 449 3653 κάτω
476 3621 490 3634 ο
526 3602 685 3662 οὕτως
736 3602 889 3655 πάλιν
919 3606 977 3655 τὸ
1014 3603 1198 3657 λεπτὸν
1244 3613 1337 3657 τοῦ
1367 3613 1520 3672 Θεοῦ,
1573 3611 1662 3659 καὶ
1689 3608 1828 3669 ὅπως

228 3692 643 3763 συσμικρύνεται
719 3690 923 3755 λεπτοῖς
978 3698 1067 3746 καὶ
1138 3701 1365 3769 μικροῖς,
1436 3699 1552 3747 οὐτε
1609 3697 1658 3748 οἱ
1722 3697 1826 3747 ἄνω

221 3784 439 3851 κόσμοι,
534 3783 652 3832 οὔτε
725 3782 774 3833 οἱ
874 3780 1091 3852 ὶπίγειοι
1168 3782 1477 3836 καταλαϐεῖν
1553 3780 1823 3836 δύνανται.

220 3866 429 3939 Ὠσπερ
482 3871 583 3942 γὰρ
636 3872 695 3921 τὸ
744 3872 959 3941 μέγεθος
1018 3872 1178 3924 αὐτοῦ
1227 3872 1608 3937 ἀκατάληπτον,
1663 3874 1828 3935 οὕτως

221 3964 312 4011 καὶ
362 3960 422 4009 τὸ
475 3956 657 4011 λεπτὸν
690 3958 852 4011 αὐτοῦ
885 3979 897 3992 ·
928 3966 1013 4014 καὶ
1066 3960 1360 4034 συμϐαίνει,
1422 3962 1502 4014 ὅτι
1549 3962 1829 4034 οἰκονομεῖ-

222 4065 313 4098 ται
377 4046 451 4108 εἰς
504 4046 702 4118 θλίψεις
734 4044 883 4116 εἶναι,
923 4054 1012 4102 καὶ
1040 4052 1205 4115 πάθη,
1246 4055 1335 4102 καὶ
1395 4054 1681 4123 στίγματα,
1739 4056 1829 4103 καὶ

224 4136 518 4207 οἷνομίξεις
574 4139 793 4204 ἐναντία,
869 4146 1036 4191 ταῦτα
1109 4140 1234 4213 ὑπὲρ
1302 4147 1395 4202 τῆς
1469 4139 1657 4211 ψυχῆς
1733 4159 1828 4193 σου

224 4230 453 4296 γίνεται.
513 4226 571 4280 Ei
611 4225 660 4278 ἐν
716 4234 787 4298 τῷ
836 4232 1019 4301 κόσμῳ
1074 4229 1232 4291 θέλεις
1270 4226 1398 4282 εἶναι
1435 4235 1525 4282 καὶ
1572 4229 1828 4299 πλουτεῖν,

233 4315 441 4387 ἀπαντᾴ
500 4335 584 4369 σοι
622 4322 770 4369 πᾶσα
811 4316 1013 4390 ἀτυχία
1042 4337 1055 4351 ο
1086 4320 1233 4392 ἄρχῃ
1274 4319 1391 4372 καθ’
1420 4318 1599 4371 ἑαυτὸν
1628 4319 1834 4390 λογίζε-

242 4406 382 4469 σθαι,
443 4405 650 4478 Παρ’ὂ
708 4406 820 4458 οὐκ
876 4407 1221 4479 εὐτύχηκα
1284 4408 1369 4470 εἰς
1425 4412 1529 4461 τὸν
1566 4413 1832 4481 κόσμον,

1933 3210 2330 3266 fueritanima
2351 3209 2603 3266 caelestis
2630 3209 2899 3265 animam
2924 3214 3108 3274 tuam,
3139 3212 3260 3263 tum
3286 3205 3587 3277 perfectus

1933 3300 2118 3356 homo
2143 3300 2204 3355 in
2236 3300 2355 3355 Deo
2382 3303 2488 3365 est,
2524 3304 2580 3355 et
2603 3298 2817 3364 hmres,
2860 3303 2914 3353 et
2941 3295 3124 3352 ﬁlius.

2007 3424 2116 3479 VII.
2164 3421 2689 3490 Quemadmodum
2740 3436 2881 3476 vero
2927 3419 3303 3491 majestatem
3366 3417 3483 3484 Dei,
3533 3424 3589 3475 et

1934 3512 2599 3585 incomprehensibilem
2613 3512 2740 3583 ejus
2753 3518 3054 3579 naturam,
3068 3524 3263 3581 neque
3277 3507 3591 3580 superiora

1902 3600 2153 3658 'smcula
2192 3602 2458 3673 capiunt,
2509 3616 2706 3672 neque
2736 3600 3059 3656 inferiora:
3110 3599 3192 3653 sic
3219 3614 3251 3653 e
3300 3613 3590 3653 converso

1933 3691 2329 3748 humilitatem
2379 3692 2502 3754 Dei,
2537 3695 2592 3745 et
2641 3705 2762 3760 quo
2790 3694 2966 3760 pacto
3011 3687 3315 3743 exinaniat
3345 3702 3405 3742 se
3451 3702 3590 3741 cum

1934 3780 2265 3837 humilibus
2293 3786 2349 3835 et
2393 3780 2616 3850 parvis,
2648 3794 2758 3833 nec
2790 3777 3033 3847 superni
3066 3776 3300 3844 mundi,
3332 3790 3443 3830 nec
3484 3781 3595 3830 ter-

1935 3871 2059 3925 reni
2084 3868 2368 3939 consequi
2388 3872 2659 3938 possunt.
2680 3864 3204 3931 Quemadmodum
3228 3862 3389 3918 enim
3412 3862 3595 3933 maje-

1937 3964 2061 4015 stas
2095 3959 2223 4028 ejus
2248 3974 2369 4012 non
2397 3954 2947 4026 comprehenditur,
2980 3954 3067 4008 sic
3100 3967 3294 4024 neque
3327 3952 3457 4022 ejus
3486 3952 3595 4005 hu-

1938 4048 2173 4103 militas.
2232 4047 2432 4118 Itaque
2472 4044 2761 4116 contingit
2803 4049 2886 4107 ut,
2933 4043 2979 4096 si
3030 4058 3101 4097 ex
3144 4040 3595 4111 dispensatione

1938 4136 2274 4207 subjiciaris
2315 4133 2747 4198 affectionibus,
2781 4131 3164 4203 passionibus
3203 4135 3260 4185 et
3304 4128 3593 4200 stigmati-

1937 4227 2073 4292 bus,
2101 4232 2205 4281 aut
2234 4225 2386 4290 aliis,
2419 4239 2556 4296 quae
2583 4222 2685 4278 tibi
2710 4221 2964 4277 adversa
2994 4220 3288 4284 videntur,
3322 4233 3393 4274 ea
3422 4223 3594 4288 grata

1940 4316 2159 4372 animae
2202 4320 2316 4371 tua:
2360 4312 2654 4369 accidant.
2691 4312 2746 4368 Si
2778 4311 2836 4365 in
2881 4309 3109 4365 mundo
3159 4307 3381 4363 versari
3426 4307 3586 4371 velis,

1941 4411 1997 4462 et
2037 4404 2346 4471 ditescere,
2391 4405 2711 4457 occurrunt
2759 4398 2865 4455 tibi
2906 4397 3278 4453 infortunata
3322 4394 3531 4451 omnia
3583 4410 3596 4447 :

235 4491 522 4547 ἀπελθὼν
561 4493 630 4547 ἆν
687 4494 1173 4570 ἀποτάσσομαι,
1239 4504 1345 4551 καὶ
1405 4507 1484 4571 τῷ
1524 4506 1655 4570 euq»
1695 4495 1822 4551 δου·

1943 4493 2157 4566 incipis
2175 4488 2719 4548 tecumratiocinari
2740 4505 2752 4544 :
2776 4487 3067 4556 Quoniam
3076 4485 3340 4556 feliciter
3353 4500 3447 4541 res
3460 4498 3602 4540 meae

229 4582 258 4636 λ
271 4587 336 4636 εὐ
350 4605 413 4638 ω.
448 4587 644 4637 Λοιπὸν
661 4583 939 4659 ἐρχόμενος
959 4583 1038 4640 ὦδ
1041 4607 1083 4655 ε,
1104 4586 1307 4649 ἀκούεις
1322 4595 1384 4647 τῆ
1397 4608 1418 4649 ς
1434 4587 1608 4647 ἕντολῆ
1620 4609 1641 4649 ς
1660 4587 1834 4659 λεγού-

235 4690 377 4735 σης·
422 4672 726 4733 Πώλησόν
793 4694 905 4728 σου
953 4678 1028 4728 τὰ
1082 4678 1483 4750 ὑπάρχοντα,
1545 4680 1834 4749 μίσησον

231 4767 590 4815 κοινωνίαν
631 4768 972 4839 σαρκικήν,
1024 4761 1375 4819 δούλευσον
1408 4774 1490 4837 τῷ
1530 4773 1681 4837 Θεῷ.
1710 4770 1837 4819 Τότε

231 4853 386 4927 ἄρχῃ
418 4851 755 4925 εὐχαριστεῖν
788 4861 849 4921 τῇ
884 4852 1085 4928 ἀτυχίᾳ
1115 4874 1210 4908 σου
1240 4864 1301 4929 τῇ
1336 4854 1384 4907 ἓν
1410 4862 1482 4925 τῷ
1507 4860 1709 4927 κόσμῳ,
1757 4856 1837 4907 ὅτι

235 4937 333 4993 διὰ
386 4943 693 5017 προφάσεως
744 4945 1057 5017 εὑρίσκομαι
1108 4945 1337 5005 ὑπήκοος
1387 4952 1481 5006 τῆς
1512 4942 1717 5005 ἐντολῆς
1745 4952 1836 4996 τοῦ

236 5038 500 5105 Χριστοῦ.
567 5036 762 5086 Λοιπὸν
817 5032 862 5086 εἰ
911 5036 961 5086 ἓν
1014 5038 1157 5107 μέρει
1240 5033 1289 5085 ἐν
1349 5041 1454 5096 τοῖς
1519 5038 1838 5106 φαινομένοις

237 5120 467 5183 ἧλλοιξάς
518 5139 612 5174 σου
661 5125 750 5176 τὸν
786 5132 923 5194 νοῦν,
964 5128 1055 5176 καὶ
1104 5123 1444 5197 ἀνεχώρησας
1500 5128 1699 5196 κόσμου
1749 5128 1839 5176 καὶ

236 5214 508 5272 κοινωνίας
568 5221 856 5285 σαρκικῆς·
909 5213 1072 5275 οὕτως
1116 5213 1203 5265 οὖν
1250 5219 1359 5285 χρή
1408 5232 1466 5266 σε
1516 5217 1604 5265 καὶ
1654 5212 1723 5274 εἰς
1753 5215 1839 5264 τὸν

234 5308 357 5352 νοῦν
407 5298 695 5372 ἀλλαγῆναι
752 5300 853 5354 ἀπὸ
901 5310 1156 5375 σαρκικοῦ
1209 5307 1536 5377 φρονήματος
1591 5302 1662 5364 εἰς
1718 5321 1836 5375 φρο-

234 5409 385 5461 νημα
430 5391 689 5464 οὐράνιον.
742 5395 935 5445 Λοιπὸν
992 5393 1063 5454 εἰς
1116 5392 1279 5452 αὐτὴν
1336 5397 1427 5451 τὴν
1475 5391 1637 5449 ἀκοὴν
1692 5389 1838 5464 ἄρχῃ

239 5473 555 5552 διακρίνειν,
617 5484 709 5533 καὶ
769 5480 863 5534 οὐκ
910 5484 986 5535 ἔτι
1036 5484 1179 5555 ἔχεις
1236 5480 1547 5548 ἀνάπαυσιν,
1604 5480 1633 5540 ἣ
1689 5483 1841 5552 μόνον

316 5679 362 5715 ³⁷
406 5676 608 5735 ﬂatth.
634 5694 836 5747 xxvm,
866 5679 956 5735 20.
1036 5680 1082 5716 ¹⁸
1107 5679 1148 5735 Il
1180 5681 1310 5737 Cor.
1338 5694 1419 5744 Vl,
1448 5678 1538 5734 16.

537 5775 777 5835 ΡΑτιιοι..
818 5775 923 5836 Gn.
965 5776 1214 5834 XXXIV.

1943 4600 2062 4640 non
2091 4583 2495 4639 successerunt
2523 4579 2586 4634 in
2616 4578 2859 4642 mundo,
2881 4576 3095 4633 decedo
3127 4590 3197 4631 ac
3219 4573 3517 4637 renuntio,
3547 4579 3603 4628 et

1944 4672 2351 4730 Deoinservio.
2382 4668 2767 4725 Postmodum
2789 4665 3017 4722 ubihuc
3041 4663 3403 4734 perveneris,
3426 4661 3603 4717 audis

1946 4762 2301 4818 mandatum
2332 4758 2495 4832 quod
2517 4757 2684 4815 dicit:
2723 4755 2913 4812 Vende
2935 4754 3261 4825 facultates
3290 4759 3443 4814 tuas,
3469 4749 3603 4805 odio

1941 4850 2319 4923 prosequitor
2356 4848 2660 4905 carnalem
2711 4844 3063 4906 societatem,
3116 4840 3341 4896 inserui
3382 4840 3598 4894 Deo":

1948 4946 2075 4997 tum
2106 4939 2315 5010 incipis
2354 4942 2591 5007 gratum
2622 4940 2677 4990 te
2707 4933 2987 4989 exhibere
3023 4931 3297 4986 adversas
3326 4928 3602 4991 fortunas,

1948 5046 2069 5103 qua
2100 5030 2159 5084 in
2191 5026 2416 5083 mundo
2464 5023 2837 5088 obruebaris,
2873 5021 3153 5093 inquiens
3189 5037 3201 5074 :
3236 5018 3415 5072 Illius
3462 5029 3608 5072 sane

1948 5119 2252 5177 occasione
2262 5114 2657 5188 deprehendor
2670 5112 2938 5169 obediens
2954 5108 3225 5165 mandato
3240 5106 3281 5161 C
3287 5106 3463 5161 luisti
3468 5106 3607 5161 ,ϐω-

1949 5214 2140 5266 terum
2177 5208 2222 5261 si
2266 5222 2338 5262 ex
2386 5210 2573 5276 parte,
2624 5200 2828 5275 quoad
2872 5215 2965 5255 res
3010 5203 3307 5261 externas,
3362 5193 3607 5249 mutasti

1949 5298 2242 5361 animum,
2271 5300 2327 5350 et
2356 5310 2391 5348 a
2415 5291 2642 5348 mundo
2673 5306 2741 5345 ac
2773 5287 2998 5345 carnali
3028 5284 3390 5341 commercio
3415 5296 3610 5337 seces-

1952 5387 2113 5443 sisti:
2170 5385 2253 5440 sic
2286 5383 2464 5453 igitur
2490 5384 2723 5453 oportet
2754 5386 2805 5433 te
2827 5391 3070 5449 quoque
3100 5372 3305 5445 quoad
3336 5371 3608 5428 animum

1954 5474 2277 5541 immutari,
2312 5491 2347 5530 a
2372 5470 2668 5544 sapientia
2693 5467 2921 5527 carnali
2952 5466 3011 5524 in
3041 5465 3344 5521 caelestem
3366 5460 3605 5535 sapien-

1616 5679 1661 5713 ¹⁹
1696 5675 1895 5734 Matth.
1928 5690 2048 5742 xxx,
2077 5673 2165 5735 2i.

3268 5757 3336 5820 24
