  <div class='ocr_page' id='page_1' title='image "/cluster/home/n/w/nwhite01/storage/ocr_20150623/34/hvd.32044073501835/379.png"; bbox 0 0 4076 6210; ppageno 0'>
   <div class='ocr_carea' id='block_1_1' title="bbox 509 274 613 330">
    <p class='ocr_par' dir='ltr' id='par_1_1' title="bbox 509 274 613 330">
     <span class='ocr_line' id='line_1_1' title="bbox 509 274 613 330; baseline -0.01 0"><span class='ocrx_word' id='word_1_1' title='bbox 509 274 613 330; x_wconf 82' lang='grc'><strong>’739</strong></span> 
     </span>
    </p>
   </div>
   <div class='ocr_carea' id='block_1_2' title="bbox 1807 268 2566 328">
    <p class='ocr_par' dir='ltr' id='par_1_2' title="bbox 1807 268 2566 328">
     <span class='ocr_line' id='line_1_2' title="bbox 1807 268 2566 328; baseline -0.004 -1"><span class='ocrx_word' id='word_1_2' title='bbox 1807 273 1865 327; x_wconf 91' lang='lat' dir='ltr'><strong>S.</strong></span> <span class='ocrx_word' id='word_1_3' title='bbox 1910 270 2211 328; x_wconf 81' lang='lat' dir='ltr'><strong>MACARII</strong></span> <span class='ocrx_word' id='word_1_4' title='bbox 2257 268 2566 326; x_wconf 63' lang='lat' dir='ltr'><strong>EGYPTII</strong></span> 
     </span>
    </p>
   </div>
   <div class='ocr_carea' id='block_1_3' title="bbox 3753 269 3871 329">
    <p class='ocr_par' dir='ltr' id='par_1_3' title="bbox 3753 269 3871 329">
     <span class='ocr_line' id='line_1_3' title="bbox 3753 269 3871 329; baseline 0.034 -5"><span class='ocrx_word' id='word_1_5' title='bbox 3753 269 3871 329; x_wconf 77' lang='grc'><strong>740</strong></span> 
     </span>
    </p>
   </div>
   <div class='ocr_carea' id='block_1_4' title="bbox 484 395 2146 469">
    <p class='ocr_par' dir='ltr' id='par_1_4' title="bbox 484 395 2139 455">
     <span class='ocr_line' id='line_1_4' title="bbox 484 395 2139 455; baseline -0.001 0"><span class='ocrx_word' id='word_1_6' title='bbox 484 399 648 455; x_wconf 89' lang='lat' dir='ltr'><strong>tiam.</strong></span> <span class='ocrx_word' id='word_1_7' title='bbox 676 397 1063 454; x_wconf 90' lang='lat' dir='ltr'><strong>Postmodum</strong></span> <span class='ocrx_word' id='word_1_8' title='bbox 1081 413 1155 453; x_wconf 83' lang='lat' dir='ltr'><strong>ex</strong></span> <span class='ocrx_word' id='word_1_9' title='bbox 1172 396 1386 452; x_wconf 91' lang='lat' dir='ltr'><strong>eodem</strong></span> <span class='ocrx_word' id='word_1_10' title='bbox 1408 396 1616 453; x_wconf 90' lang='lat' dir='ltr'><strong>auditu</strong></span> <span class='ocrx_word' id='word_1_11' title='bbox 1635 395 1972 454; x_wconf 89' lang='lat' dir='ltr'><strong>discernere</strong></span> <span class='ocrx_word' id='word_1_12' title='bbox 1999 397 2139 453; x_wconf 85' lang='lat' dir='ltr'><strong>inci-</strong></span> 
     </span>
    </p>
   </div>
   <div class='ocr_carea' id='block_1_5' title="bbox 2263 395 3884 469">
    <p class='ocr_par' dir='ltr' id='par_1_5' title="bbox 2263 395 3884 469">
     <span class='ocr_line' id='line_1_5' title="bbox 2263 395 3884 469; baseline 0 -22"><span class='ocrx_word' id='word_1_13' title='bbox 2263 400 2343 448; x_wconf 70' lang='grc' dir='ltr'>τὴν</span> <span class='ocrx_word' id='word_1_14' title='bbox 2398 399 2671 468; x_wconf 77' lang='grc' dir='ltr'>μέριμναν,</span> <span class='ocrx_word' id='word_1_15' title='bbox 2728 398 2817 448; x_wconf 82' lang='grc' dir='ltr'>καὶ</span> <span class='ocrx_word' id='word_1_16' title='bbox 2867 397 2955 448; x_wconf 87' lang='grc' dir='ltr'>τόν</span> <span class='ocrx_word' id='word_1_17' title='bbox 3029 398 3205 460; x_wconf 85' lang='grc' dir='ltr'>πόνον,</span> <span class='ocrx_word' id='word_1_18' title='bbox 3260 395 3345 449; x_wconf 75' lang='grc' dir='ltr'>ἵνα</span> <span class='ocrx_word' id='word_1_19' title='bbox 3404 400 3576 469; x_wconf 65' lang='grc' dir='ltr'>κτήσῃ</span> <span class='ocrx_word' id='word_1_20' title='bbox 3628 395 3654 448; x_wconf 86' lang='grc' dir='ltr'><strong><em>ὃ</em></strong></span> <span class='ocrx_word' id='word_1_21' title='bbox 3712 399 3884 454; x_wconf 71' lang='grc' dir='ltr'>ἤκου-</span> 
     </span>
    </p>
   </div>
   <div class='ocr_carea' id='block_1_6' title="bbox 479 484 2140 559">
    <p class='ocr_par' dir='ltr' id='par_1_6' title="bbox 479 484 2140 559">
     <span class='ocr_line' id='line_1_6' title="bbox 479 484 2140 559; baseline -0.001 -16"><span class='ocrx_word' id='word_1_22' title='bbox 479 488 626 559; x_wconf 92' lang='lat' dir='ltr'><strong>pies,</strong></span> <span class='ocrx_word' id='word_1_23' title='bbox 660 504 769 543; x_wconf 91' lang='lat' dir='ltr'><strong>nec</strong></span> <span class='ocrx_word' id='word_1_24' title='bbox 821 486 1081 558; x_wconf 86' lang='lat' dir='ltr'><strong>amplius</strong></span> <span class='ocrx_word' id='word_1_25' title='bbox 1120 486 1301 542; x_wconf 84' lang='lat' dir='ltr'><strong>habet</strong></span> <span class='ocrx_word' id='word_1_26' title='bbox 1330 484 1622 557; x_wconf 84' lang='lat' dir='ltr'><strong>requiem,</strong></span> <span class='ocrx_word' id='word_1_27' title='bbox 1674 485 1781 542; x_wconf 88' lang='lat' dir='ltr'><strong>sed</strong></span> <span class='ocrx_word' id='word_1_28' title='bbox 1821 485 2013 542; x_wconf 90' lang='lat' dir='ltr'><strong>solam</strong></span> <span class='ocrx_word' id='word_1_29' title='bbox 2040 502 2140 542; x_wconf 87' lang='lat' dir='ltr'><strong>cu-</strong></span> 
     </span>
    </p>
   </div>
   <div class='ocr_carea' id='block_1_7' title="bbox 482 573 2031 646">
    <p class='ocr_par' dir='ltr' id='par_1_7' title="bbox 482 573 2031 646">
     <span class='ocr_line' id='line_1_7' title="bbox 482 573 2031 646; baseline -0.003 -14"><span class='ocrx_word' id='word_1_30' title='bbox 482 593 613 633; x_wconf 91' lang='lat' dir='ltr'><strong>ram</strong></span> <span class='ocrx_word' id='word_1_31' title='bbox 643 582 697 633; x_wconf 91' lang='lat' dir='ltr'><strong>et</strong></span> <span class='ocrx_word' id='word_1_32' title='bbox 725 576 1017 641; x_wconf 88' lang='lat' dir='ltr'><strong>laborem,</strong></span> <span class='ocrx_word' id='word_1_33' title='bbox 1050 579 1114 631; x_wconf 90' lang='lat' dir='ltr'><strong>ut</strong></span> <span class='ocrx_word' id='word_1_34' title='bbox 1143 573 1513 631; x_wconf 88' lang='lat' dir='ltr'><strong>nanciscaris</strong></span> <span class='ocrx_word' id='word_1_35' title='bbox 1552 574 1716 646; x_wconf 91' lang='lat' dir='ltr'><strong>quod</strong></span> <span class='ocrx_word' id='word_1_36' title='bbox 1746 575 2031 631; x_wconf 86' lang='lat' dir='ltr'><strong>audieris.</strong></span> 
     </span>
    </p>
   </div>
   <div class='ocr_carea' id='block_1_8' title="bbox 554 697 2139 771">
    <p class='ocr_par' dir='ltr' id='par_1_8' title="bbox 554 697 2139 771">
     <span class='ocr_line' id='line_1_8' title="bbox 554 697 2139 771; baseline -0.001 -16"><span class='ocrx_word' id='word_1_37' title='bbox 554 701 689 755; x_wconf 87' lang='lat' dir='ltr'><strong>VIII.</strong></span> <span class='ocrx_word' id='word_1_38' title='bbox 722 700 829 756; x_wconf 91' lang='lat' dir='ltr'><strong>Ubi</strong></span> <span class='ocrx_word' id='word_1_39' title='bbox 860 699 1165 771; x_wconf 74' lang='lat' dir='ltr'><strong>putaveris</strong></span> <span class='ocrx_word' id='word_1_40' title='bbox 1193 704 1245 753; x_wconf 93' lang='lat' dir='ltr'><strong>te</strong></span> <span class='ocrx_word' id='word_1_41' title='bbox 1271 697 1590 770; x_wconf 87' lang='lat' dir='ltr'><strong>perfecisse</strong></span> <span class='ocrx_word' id='word_1_42' title='bbox 1620 698 1845 763; x_wconf 85' lang='lat' dir='ltr'><strong>omnia,</strong></span> <span class='ocrx_word' id='word_1_43' title='bbox 1878 713 1949 754; x_wconf 91' lang='lat' dir='ltr'><strong>eo</strong></span> <span class='ocrx_word' id='word_1_44' title='bbox 1973 698 2139 771; x_wconf 92' lang='lat' dir='ltr'><strong>quod</strong></span> 
     </span>
    </p>
   </div>
   <div class='ocr_carea' id='block_1_9' title="bbox 489 787 2135 851">
    <p class='ocr_par' dir='ltr' id='par_1_9' title="bbox 489 787 2135 851">
     <span class='ocr_line' id='line_1_9' title="bbox 489 787 2135 851; baseline -0.003 -6"><span class='ocrx_word' id='word_1_45' title='bbox 489 788 869 851; x_wconf 88' lang='lat' dir='ltr'><strong>renuntiaris,</strong></span> <span class='ocrx_word' id='word_1_46' title='bbox 916 803 1255 843; x_wconf 87' lang='lat' dir='ltr'><strong>sermonem</strong></span> <span class='ocrx_word' id='word_1_47' title='bbox 1301 787 1525 843; x_wconf 84' lang='lat' dir='ltr'><strong>confert</strong></span> <span class='ocrx_word' id='word_1_48' title='bbox 1569 794 1761 842; x_wconf 86' lang='lat' dir='ltr'><strong>tecum</strong></span> <span class='ocrx_word' id='word_1_49' title='bbox 1810 787 2135 842; x_wconf 87' lang='lat' dir='ltr'><strong>Dominus:</strong></span> 
     </span>
    </p>
   </div>
   <div class='ocr_carea' id='block_1_10' title="bbox 486 876 2139 949">
    <p class='ocr_par' dir='ltr' id='par_1_10' title="bbox 486 876 2139 949">
     <span class='ocr_line' id='line_1_10' title="bbox 486 876 2139 949; baseline -0.001 -16"><span class='ocrx_word' id='word_1_50' title='bbox 486 878 643 946; x_wconf 82' lang='lat' dir='ltr'><strong>Quid</strong></span> <span class='ocrx_word' id='word_1_51' title='bbox 650 878 936 949; x_wconf 81' lang='lat' dir='ltr'><strong>gloriaris</strong></span> <span class='ocrx_word' id='word_1_52' title='bbox 948 876 976 931; x_wconf 77' lang='lat'>?</span> <span class='ocrx_word' id='word_1_53' title='bbox 998 892 1194 933; x_wconf 82' lang='lat' dir='ltr'><strong>nonne</strong></span> <span class='ocrx_word' id='word_1_54' title='bbox 1206 892 1419 946; x_wconf 81' lang='lat' dir='ltr'><strong>corpus</strong></span> <span class='ocrx_word' id='word_1_55' title='bbox 1434 880 1599 932; x_wconf 84' lang='lat' dir='ltr'><strong>tuum</strong></span> <span class='ocrx_word' id='word_1_56' title='bbox 1614 885 1665 932; x_wconf 90' lang='lat' dir='ltr'><strong>et</strong></span> <span class='ocrx_word' id='word_1_57' title='bbox 1688 876 1951 933; x_wconf 86' lang='lat' dir='ltr'><strong>animam</strong></span> <span class='ocrx_word' id='word_1_58' title='bbox 1976 883 2139 933; x_wconf 87' lang='lat' dir='ltr'><strong>tuam</strong></span> 
     </span>
    </p>
   </div>
   <div class='ocr_carea' id='block_1_11' title="bbox 481 965 2138 1039">
    <p class='ocr_par' dir='ltr' id='par_1_11' title="bbox 481 965 2138 1039">
     <span class='ocr_line' id='line_1_11' title="bbox 481 965 2138 1039; baseline -0.002 -14"><span class='ocrx_word' id='word_1_59' title='bbox 481 984 585 1039; x_wconf 83' lang='lat' dir='ltr'><strong>ego</strong></span> <span class='ocrx_word' id='word_1_60' title='bbox 608 968 847 1025; x_wconf 84' lang='lat' dir='ltr'><strong>creavi?</strong></span> <span class='ocrx_word' id='word_1_61' title='bbox 867 966 1217 1039; x_wconf 81' lang='lat' dir='ltr'><strong>quidfecisti</strong></span> <span class='ocrx_word' id='word_1_62' title='bbox 1229 966 1331 1021; x_wconf 73' lang='lat' dir='ltr'><strong>tu?</strong></span> <span class='ocrx_word' id='word_1_63' title='bbox 1352 966 1562 1037; x_wconf 84' lang='lat' dir='ltr'><strong>Incipit</strong></span> <span class='ocrx_word' id='word_1_64' title='bbox 1575 966 1777 1022; x_wconf 91' lang='lat' dir='ltr'><strong>anima</strong></span> <span class='ocrx_word' id='word_1_65' title='bbox 1797 965 2138 1021; x_wconf 84' lang='lat' dir='ltr'><strong>conﬁtendo</strong></span> 
     </span>
    </p>
   </div>
   <div class='ocr_carea' id='block_1_12' title="bbox 479 1054 2142 1127">
    <p class='ocr_par' dir='ltr' id='par_1_12' title="bbox 479 1054 2142 1127">
     <span class='ocr_line' id='line_1_12' title="bbox 479 1054 2142 1127; baseline -0.002 -14"><span class='ocrx_word' id='word_1_66' title='bbox 479 1071 699 1127; x_wconf 85' lang='lat' dir='ltr'><strong>rogare</strong></span> <span class='ocrx_word' id='word_1_67' title='bbox 726 1057 1069 1119; x_wconf 88' lang='lat' dir='ltr'><strong>Dominum,</strong></span> <span class='ocrx_word' id='word_1_68' title='bbox 1095 1056 1380 1121; x_wconf 86' lang='lat' dir='ltr'><strong>etdicere,</strong></span> <span class='ocrx_word' id='word_1_69' title='bbox 1403 1054 1699 1110; x_wconf 79' lang='lat' dir='ltr'><strong>videlicet:</strong></span> <span class='ocrx_word' id='word_1_70' title='bbox 1724 1057 1848 1111; x_wconf 84' lang='lat' dir='ltr'><strong>Tua</strong></span> <span class='ocrx_word' id='word_1_71' title='bbox 1865 1063 2003 1110; x_wconf 86' lang='lat' dir='ltr'><strong>sunt</strong></span> <span class='ocrx_word' id='word_1_72' title='bbox 2026 1071 2142 1110; x_wconf 90' lang='lat' dir='ltr'><strong>om-</strong></span> 
     </span>
    </p>
   </div>
   <div class='ocr_carea' id='block_1_13' title="bbox 482 1144 2141 1215">
    <p class='ocr_par' dir='ltr' id='par_1_13' title="bbox 482 1144 2141 1215">
     <span class='ocr_line' id='line_1_13' title="bbox 482 1144 2141 1215; baseline -0.002 -14"><span class='ocrx_word' id='word_1_73' title='bbox 482 1147 606 1212; x_wconf 86' lang='lat' dir='ltr'><strong>nia,</strong></span> <span class='ocrx_word' id='word_1_74' title='bbox 644 1146 871 1209; x_wconf 83' lang='lat' dir='ltr'><strong>domus,</strong></span> <span class='ocrx_word' id='word_1_75' title='bbox 904 1145 967 1198; x_wconf 84' lang='lat' dir='ltr'><strong>in</strong></span> <span class='ocrx_word' id='word_1_76' title='bbox 998 1159 1115 1215; x_wconf 84' lang='lat' dir='ltr'><strong>qua</strong></span> <span class='ocrx_word' id='word_1_77' title='bbox 1144 1144 1311 1213; x_wconf 87' lang='lat' dir='ltr'><strong>dego,</strong></span> <span class='ocrx_word' id='word_1_78' title='bbox 1343 1149 1445 1199; x_wconf 81' lang='lat' dir='ltr'><strong>tua</strong></span> <span class='ocrx_word' id='word_1_79' title='bbox 1472 1148 1557 1199; x_wconf 90' lang='lat' dir='ltr'><strong>est</strong></span> <span class='ocrx_word' id='word_1_80' title='bbox 1584 1160 1601 1198; x_wconf 92' lang='lat'><strong><em>:</em></strong></span> <span class='ocrx_word' id='word_1_81' title='bbox 1639 1144 1987 1199; x_wconf 83' lang='lat' dir='ltr'><strong>indumenta</strong></span> <span class='ocrx_word' id='word_1_82' title='bbox 2011 1158 2141 1198; x_wconf 89' lang='lat' dir='ltr'><strong>mea</strong></span> 
     </span>
    </p>
   </div>
   <div class='ocr_carea' id='block_1_14' title="bbox 484 1234 2140 1303">
    <p class='ocr_par' dir='ltr' id='par_1_14' title="bbox 484 1234 2140 1303">
     <span class='ocr_line' id='line_1_14' title="bbox 484 1234 2140 1303; baseline -0.001 -14"><span class='ocrx_word' id='word_1_83' title='bbox 484 1243 588 1290; x_wconf 84' lang='lat' dir='ltr'><strong>tua</strong></span> <span class='ocrx_word' id='word_1_84' title='bbox 606 1242 743 1290; x_wconf 83' lang='lat' dir='ltr'><strong>sunt</strong></span> <span class='ocrx_word' id='word_1_85' title='bbox 771 1252 784 1289; x_wconf 93' lang='lat'>:</span> <span class='ocrx_word' id='word_1_86' title='bbox 810 1249 845 1289; x_wconf 89' lang='lat' dir='ltr'><strong>a</strong></span> <span class='ocrx_word' id='word_1_87' title='bbox 880 1241 935 1289; x_wconf 84' lang='lat' dir='ltr'><strong>te</strong></span> <span class='ocrx_word' id='word_1_88' title='bbox 962 1234 1220 1297; x_wconf 83' lang='lat' dir='ltr'><strong>nutrior,</strong></span> <span class='ocrx_word' id='word_1_89' title='bbox 1246 1237 1299 1289; x_wconf 89' lang='lat' dir='ltr'><strong>et</strong></span> <span class='ocrx_word' id='word_1_90' title='bbox 1319 1249 1354 1289; x_wconf 90' lang='lat' dir='ltr'><strong>a</strong></span> <span class='ocrx_word' id='word_1_91' title='bbox 1379 1237 1431 1289; x_wconf 91' lang='lat' dir='ltr'><strong>te</strong></span> <span class='ocrx_word' id='word_1_92' title='bbox 1450 1234 1683 1303; x_wconf 82' lang='lat' dir='ltr'><strong>dirigor</strong></span> <span class='ocrx_word' id='word_1_93' title='bbox 1706 1234 1785 1289; x_wconf 87' lang='lat' dir='ltr'><strong>ad</strong></span> <span class='ocrx_word' id='word_1_94' title='bbox 1805 1248 1975 1289; x_wconf 87' lang='lat' dir='ltr'><strong>omne</strong></span> <span class='ocrx_word' id='word_1_95' title='bbox 1993 1248 2140 1289; x_wconf 89' lang='lat' dir='ltr'><strong>emo-</strong></span> 
     </span>
    </p>
   </div>
   <div class='ocr_carea' id='block_1_15' title="bbox 487 1322 2135 1393">
    <p class='ocr_par' dir='ltr' id='par_1_15' title="bbox 487 1322 2135 1393">
     <span class='ocr_line' id='line_1_15' title="bbox 487 1322 2135 1393; baseline -0.003 -14"><span class='ocrx_word' id='word_1_96' title='bbox 487 1326 835 1379; x_wconf 85' lang='lat' dir='ltr'><strong>lumentum.</strong></span> <span class='ocrx_word' id='word_1_97' title='bbox 876 1325 1021 1376; x_wconf 87' lang='lat' dir='ltr'><strong>Tum</strong></span> <span class='ocrx_word' id='word_1_98' title='bbox 1062 1323 1269 1393; x_wconf 85' lang='lat' dir='ltr'><strong>incipit</strong></span> <span class='ocrx_word' id='word_1_99' title='bbox 1302 1324 1586 1377; x_wconf 84' lang='lat' dir='ltr'><strong>Dominus</strong></span> <span class='ocrx_word' id='word_1_100' title='bbox 1627 1323 1702 1377; x_wconf 92' lang='lat' dir='ltr'><strong>ad</strong></span> <span class='ocrx_word' id='word_1_101' title='bbox 1742 1322 1870 1377; x_wconf 75' lang='lat' dir='ltr'><strong>haec</strong></span> <span class='ocrx_word' id='word_1_102' title='bbox 1895 1322 2089 1377; x_wconf 84' lang='lat' dir='ltr'><strong>dicere</strong></span> <span class='ocrx_word' id='word_1_103' title='bbox 2122 1337 2135 1374; x_wconf 91' lang='lat'><strong>:</strong></span> 
     </span>
    </p>
   </div>
   <div class='ocr_carea' id='block_1_16' title="bbox 484 1412 2141 1482">
    <p class='ocr_par' dir='ltr' id='par_1_16' title="bbox 484 1412 2141 1482">
     <span class='ocr_line' id='line_1_16' title="bbox 484 1412 2141 1482; baseline -0.001 -14"><span class='ocrx_word' id='word_1_104' title='bbox 484 1413 686 1469; x_wconf 84' lang='lat' dir='ltr'><strong>Habeo</strong></span> <span class='ocrx_word' id='word_1_105' title='bbox 705 1413 811 1467; x_wconf 84' lang='lat' dir='ltr'><strong>tibi</strong></span> <span class='ocrx_word' id='word_1_106' title='bbox 819 1413 1097 1481; x_wconf 85' lang='lat' dir='ltr'><strong>gratiam,</strong></span> <span class='ocrx_word' id='word_1_107' title='bbox 1115 1412 1441 1482; x_wconf 80' lang='lat' dir='ltr'><strong>facultates</strong></span> <span class='ocrx_word' id='word_1_108' title='bbox 1456 1418 1572 1467; x_wconf 62' lang='lat' dir='ltr'><strong>tum</strong></span> <span class='ocrx_word' id='word_1_109' title='bbox 1586 1416 1751 1467; x_wconf 86' lang='lat' dir='ltr'><strong>sunt:</strong></span> <span class='ocrx_word' id='word_1_110' title='bbox 1774 1412 1921 1468; x_wconf 85' lang='lat' dir='ltr'><strong>bona</strong></span> <span class='ocrx_word' id='word_1_111' title='bbox 1937 1412 2141 1468; x_wconf 83' lang='lat' dir='ltr'><strong>volun-</strong></span> 
     </span>
    </p>
   </div>
   <div class='ocr_carea' id='block_1_17' title="bbox 485 1501 2134 1573">
    <p class='ocr_par' dir='ltr' id='par_1_17' title="bbox 485 1501 2134 1573">
     <span class='ocr_line' id='line_1_17' title="bbox 485 1501 2134 1573; baseline 0 -16"><span class='ocrx_word' id='word_1_112' title='bbox 485 1510 577 1557; x_wconf 93' lang='lat' dir='ltr'><strong>tas</strong></span> <span class='ocrx_word' id='word_1_113' title='bbox 604 1506 705 1557; x_wconf 82' lang='lat' dir='ltr'><strong>tua</strong></span> <span class='ocrx_word' id='word_1_114' title='bbox 749 1508 875 1557; x_wconf 91' lang='lat' dir='ltr'><strong>est:</strong></span> <span class='ocrx_word' id='word_1_115' title='bbox 922 1508 976 1556; x_wconf 90' lang='lat' dir='ltr'><strong>et</strong></span> <span class='ocrx_word' id='word_1_116' title='bbox 1008 1502 1077 1555; x_wconf 90' lang='lat' dir='ltr'><strong>ob</strong></span> <span class='ocrx_word' id='word_1_117' title='bbox 1101 1505 1265 1556; x_wconf 81' lang='lat' dir='ltr'><strong>tuum</strong></span> <span class='ocrx_word' id='word_1_118' title='bbox 1296 1501 1359 1555; x_wconf 83' lang='lat' dir='ltr'><strong>in</strong></span> <span class='ocrx_word' id='word_1_119' title='bbox 1406 1515 1495 1557; x_wconf 89' lang='lat' dir='ltr'><strong>me</strong></span> <span class='ocrx_word' id='word_1_120' title='bbox 1533 1515 1816 1564; x_wconf 85' lang='lat' dir='ltr'><strong>amorem,</strong></span> <span class='ocrx_word' id='word_1_121' title='bbox 1853 1502 2134 1573; x_wconf 85' lang='lat' dir='ltr'><strong>quoniam</strong></span> 
     </span>
    </p>
   </div>
   <div class='ocr_carea' id='block_1_18' title="bbox 481 1589 2140 1661">
    <p class='ocr_par' dir='ltr' id='par_1_18' title="bbox 481 1589 2140 1661">
     <span class='ocr_line' id='line_1_18' title="bbox 481 1589 2140 1661; baseline 0 -14"><span class='ocrx_word' id='word_1_122' title='bbox 481 1591 807 1660; x_wconf 83' lang='lat' dir='ltr'><strong>confugisti</strong></span> <span class='ocrx_word' id='word_1_123' title='bbox 822 1591 901 1645; x_wconf 87' lang='lat' dir='ltr'><strong>ad</strong></span> <span class='ocrx_word' id='word_1_124' title='bbox 913 1605 1023 1655; x_wconf 89' lang='lat' dir='ltr'><strong>me,</strong></span> <span class='ocrx_word' id='word_1_125' title='bbox 1040 1590 1178 1645; x_wconf 85' lang='lat' dir='ltr'><strong>cedo</strong></span> <span class='ocrx_word' id='word_1_126' title='bbox 1194 1607 1210 1643; x_wconf 90' lang='lat'><em>:</em></span> <span class='ocrx_word' id='word_1_127' title='bbox 1224 1590 1473 1660; x_wconf 78' lang='lat' dir='ltr'><strong>insuper</strong></span> <span class='ocrx_word' id='word_1_128' title='bbox 1493 1589 1645 1645; x_wconf 85' lang='lat' dir='ltr'><strong>dabo</strong></span> <span class='ocrx_word' id='word_1_129' title='bbox 1660 1589 1786 1655; x_wconf 89' lang='lat' dir='ltr'><strong>tibi,</strong></span> <span class='ocrx_word' id='word_1_130' title='bbox 1802 1605 1933 1661; x_wconf 72' lang='lat' dir='ltr'><strong>quae</strong></span> <span class='ocrx_word' id='word_1_131' title='bbox 1953 1606 2140 1661; x_wconf 85' lang='lat' dir='ltr'><strong>neque</strong></span> 
     </span>
    </p>
   </div>
   <div class='ocr_carea' id='block_1_19' title="bbox 484 1679 2136 1749">
    <p class='ocr_par' dir='ltr' id='par_1_19' title="bbox 484 1679 2136 1749">
     <span class='ocr_line' id='line_1_19' title="bbox 484 1679 2136 1749; baseline 0 -15"><span class='ocrx_word' id='word_1_132' title='bbox 484 1687 547 1734; x_wconf 84' lang='lat' dir='ltr'><strong>tu</strong></span> <span class='ocrx_word' id='word_1_133' title='bbox 578 1681 862 1735; x_wconf 84' lang='lat' dir='ltr'><strong>hactenus</strong></span> <span class='ocrx_word' id='word_1_134' title='bbox 888 1679 1221 1748; x_wconf 82' lang='lat' dir='ltr'><strong>possedisti,</strong></span> <span class='ocrx_word' id='word_1_135' title='bbox 1266 1694 1372 1735; x_wconf 89' lang='lat' dir='ltr'><strong>nec</strong></span> <span class='ocrx_word' id='word_1_136' title='bbox 1400 1680 1503 1749; x_wconf 86' lang='lat' dir='ltr'><strong>qui</strong></span> <span class='ocrx_word' id='word_1_137' title='bbox 1533 1694 1713 1748; x_wconf 84' lang='lat' dir='ltr'><strong>super</strong></span> <span class='ocrx_word' id='word_1_138' title='bbox 1745 1685 1968 1735; x_wconf 84' lang='lat' dir='ltr'><strong>terram</strong></span> <span class='ocrx_word' id='word_1_139' title='bbox 2000 1687 2136 1736; x_wconf 84' lang='lat' dir='ltr'><strong>sunt</strong></span> 
     </span>
    </p>
   </div>
   <div class='ocr_carea' id='block_1_20' title="bbox 486 1751 2215 1835">
    <p class='ocr_par' dir='ltr' id='par_1_20' title="bbox 486 1751 2215 1835">
     <span class='ocr_line' id='line_1_20' title="bbox 486 1751 2215 1835; baseline 0.002 -13"><span class='ocrx_word' id='word_1_140' title='bbox 486 1768 768 1835; x_wconf 80' lang='lat' dir='ltr'><strong>homines,</strong></span> <span class='ocrx_word' id='word_1_141' title='bbox 803 1767 1041 1823; x_wconf 85' lang='lat' dir='ltr'><strong>habent.</strong></span> <span class='ocrx_word' id='word_1_142' title='bbox 1073 1766 1290 1835; x_wconf 85' lang='lat' dir='ltr'><strong>Accipe</strong></span> <span class='ocrx_word' id='word_1_143' title='bbox 1306 1782 1397 1823; x_wconf 91' lang='lat' dir='ltr'><strong>me</strong></span> <span class='ocrx_word' id='word_1_144' title='bbox 1423 1768 1741 1823; x_wconf 85' lang='lat' dir='ltr'><strong>Dominum</strong></span> <span class='ocrx_word' id='word_1_145' title='bbox 1772 1782 1905 1823; x_wconf 85' lang='lat' dir='ltr'><strong>cum</strong></span> <span class='ocrx_word' id='word_1_146' title='bbox 1931 1771 2138 1825; x_wconf 74' lang='lat' dir='ltr'><strong>anima</strong></span> <span class='ocrx_word' id='word_1_147' title='bbox 2174 1751 2215 1805; x_wconf 76' lang='grc' dir='ltr'><strong>Β</strong></span> 
     </span>
    </p>
   </div>
   <div class='ocr_carea' id='block_1_21' title="bbox 484 1857 2135 1927">
    <p class='ocr_par' dir='ltr' id='par_1_21' title="bbox 484 1857 2135 1927">
     <span class='ocr_line' id='line_1_21' title="bbox 484 1857 2135 1927; baseline 0.002 -15"><span class='ocrx_word' id='word_1_148' title='bbox 484 1862 608 1922; x_wconf 86' lang='lat' dir='ltr'><strong>tua,</strong></span> <span class='ocrx_word' id='word_1_149' title='bbox 630 1866 692 1913; x_wconf 85' lang='lat' dir='ltr'><strong>ut</strong></span> <span class='ocrx_word' id='word_1_150' title='bbox 706 1858 782 1913; x_wconf 85' lang='lat' dir='ltr'><strong>sis</strong></span> <span class='ocrx_word' id='word_1_151' title='bbox 800 1864 1087 1927; x_wconf 80' lang='lat' dir='ltr'><strong>perpetuo</strong></span> <span class='ocrx_word' id='word_1_152' title='bbox 1101 1872 1325 1913; x_wconf 84' lang='lat' dir='ltr'><strong>mecum</strong></span> <span class='ocrx_word' id='word_1_153' title='bbox 1338 1859 1400 1912; x_wconf 84' lang='lat' dir='ltr'><strong>in</strong></span> <span class='ocrx_word' id='word_1_154' title='bbox 1418 1857 1626 1914; x_wconf 76' lang='lat' dir='ltr'><strong>laetitia</strong></span> <span class='ocrx_word' id='word_1_155' title='bbox 1640 1860 1694 1913; x_wconf 89' lang='lat' dir='ltr'><strong>et</strong></span> <span class='ocrx_word' id='word_1_156' title='bbox 1714 1858 2135 1915; x_wconf 70' lang='lat' dir='ltr'><strong>exsultatione.</strong></span> 
     </span>
    </p>
   </div>
   <div class='ocr_carea' id='block_1_22' title="bbox 556 2159 2138 2232">
    <p class='ocr_par' dir='ltr' id='par_1_22' title="bbox 556 2159 2138 2232">
     <span class='ocr_line' id='line_1_22' title="bbox 556 2159 2138 2232; baseline 0.001 -17"><span class='ocrx_word' id='word_1_157' title='bbox 556 2162 642 2215; x_wconf 86' lang='lat' dir='ltr'><strong>IX.</strong></span> <span class='ocrx_word' id='word_1_158' title='bbox 676 2160 922 2216; x_wconf 90' lang='lat' dir='ltr'><strong>Perinde</strong></span> <span class='ocrx_word' id='word_1_159' title='bbox 941 2162 1100 2216; x_wconf 91' lang='lat' dir='ltr'><strong>enim</strong></span> <span class='ocrx_word' id='word_1_160' title='bbox 1132 2176 1201 2216; x_wconf 91' lang='lat' dir='ltr'><strong>ac</strong></span> <span class='ocrx_word' id='word_1_161' title='bbox 1229 2159 1441 2215; x_wconf 89' lang='lat' dir='ltr'><strong>mulier</strong></span> <span class='ocrx_word' id='word_1_162' title='bbox 1458 2159 1582 2216; x_wconf 86' lang='lat' dir='ltr'><strong>viro</strong></span> <span class='ocrx_word' id='word_1_163' title='bbox 1602 2164 1987 2232; x_wconf 86' lang='lat' dir='ltr'><strong>desponsata,</strong></span> <span class='ocrx_word' id='word_1_164' title='bbox 2013 2176 2138 2216; x_wconf 87' lang='lat' dir='ltr'><strong>om-</strong></span> 
     </span>
    </p>
   </div>
   <div class='ocr_carea' id='block_1_23' title="bbox 485 2249 2141 2321">
    <p class='ocr_par' dir='ltr' id='par_1_23' title="bbox 485 2249 2141 2321">
     <span class='ocr_line' id='line_1_23' title="bbox 485 2249 2141 2321; baseline 0.001 -16"><span class='ocrx_word' id='word_1_165' title='bbox 485 2250 587 2305; x_wconf 86' lang='lat' dir='ltr'><strong>nia</strong></span> <span class='ocrx_word' id='word_1_166' title='bbox 630 2250 791 2306; x_wconf 89' lang='lat' dir='ltr'><strong>bona</strong></span> <span class='ocrx_word' id='word_1_167' title='bbox 832 2267 958 2314; x_wconf 85' lang='lat' dir='ltr'><strong>sua,</strong></span> <span class='ocrx_word' id='word_1_168' title='bbox 993 2256 1049 2305; x_wconf 90' lang='lat' dir='ltr'><strong>et</strong></span> <span class='ocrx_word' id='word_1_169' title='bbox 1077 2255 1257 2305; x_wconf 90' lang='lat' dir='ltr'><strong>totam</strong></span> <span class='ocrx_word' id='word_1_170' title='bbox 1291 2249 1493 2305; x_wconf 90' lang='lat' dir='ltr'><strong>dotem</strong></span> <span class='ocrx_word' id='word_1_171' title='bbox 1542 2249 1713 2306; x_wconf 74' lang='lat' dir='ltr'><strong>offert</strong></span> <span class='ocrx_word' id='word_1_172' title='bbox 1740 2267 1861 2321; x_wconf 68' lang='lat' dir='ltr'><strong>pra:</strong></span> <span class='ocrx_word' id='word_1_173' title='bbox 1902 2266 2141 2306; x_wconf 92' lang='lat' dir='ltr'><strong>summo</strong></span> 
     </span>
    </p>
   </div>
   <div class='ocr_carea' id='block_1_24' title="bbox 485 2339 2139 2411">
    <p class='ocr_par' dir='ltr' id='par_1_24' title="bbox 485 2339 2139 2411">
     <span class='ocr_line' id='line_1_24' title="bbox 485 2339 2139 2411; baseline 0 -17"><span class='ocrx_word' id='word_1_174' title='bbox 485 2355 712 2406; x_wconf 89' lang='lat' dir='ltr'><strong>amore,</strong></span> <span class='ocrx_word' id='word_1_175' title='bbox 760 2344 817 2394; x_wconf 92' lang='lat' dir='ltr'><strong>et</strong></span> <span class='ocrx_word' id='word_1_176' title='bbox 862 2339 918 2393; x_wconf 91' lang='lat' dir='ltr'><strong>in</strong></span> <span class='ocrx_word' id='word_1_177' title='bbox 958 2354 1174 2393; x_wconf 90' lang='lat' dir='ltr'><strong>manus</strong></span> <span class='ocrx_word' id='word_1_178' title='bbox 1198 2340 1305 2394; x_wconf 84' lang='lat' dir='ltr'><strong>viri</strong></span> <span class='ocrx_word' id='word_1_179' title='bbox 1347 2339 1605 2410; x_wconf 88' lang='lat' dir='ltr'><strong>projicit,</strong></span> <span class='ocrx_word' id='word_1_180' title='bbox 1651 2345 1829 2411; x_wconf 91' lang='lat' dir='ltr'><strong>atque</strong></span> <span class='ocrx_word' id='word_1_181' title='bbox 1856 2340 1968 2395; x_wconf 89' lang='lat' dir='ltr'><strong>hoc</strong></span> <span class='ocrx_word' id='word_1_182' title='bbox 2016 2339 2139 2395; x_wconf 86' lang='lat' dir='ltr'><strong>ait:</strong></span> 
     </span>
    </p>
   </div>
   <div class='ocr_carea' id='block_1_25' title="bbox 484 2428 2143 2499">
    <p class='ocr_par' dir='ltr' id='par_1_25' title="bbox 484 2428 2143 2499">
     <span class='ocr_line' id='line_1_25' title="bbox 484 2428 2143 2499; baseline 0.001 -16"><span class='ocrx_word' id='word_1_183' title='bbox 484 2429 679 2484; x_wconf 81' lang='lat' dir='ltr'><strong>Meum</strong></span> <span class='ocrx_word' id='word_1_184' title='bbox 703 2428 862 2499; x_wconf 81' lang='lat' dir='ltr'><strong>quod</strong></span> <span class='ocrx_word' id='word_1_185' title='bbox 884 2428 981 2495; x_wconf 85' lang='lat' dir='ltr'><strong>sit,</strong></span> <span class='ocrx_word' id='word_1_186' title='bbox 997 2428 1154 2483; x_wconf 90' lang='lat' dir='ltr'><strong>nihil</strong></span> <span class='ocrx_word' id='word_1_187' title='bbox 1177 2428 1381 2493; x_wconf 86' lang='lat' dir='ltr'><strong>habeo,</strong></span> <span class='ocrx_word' id='word_1_188' title='bbox 1412 2430 1564 2483; x_wconf 89' lang='lat' dir='ltr'><strong>bona</strong></span> <span class='ocrx_word' id='word_1_189' title='bbox 1584 2444 1713 2485; x_wconf 89' lang='lat' dir='ltr'><strong>mea</strong></span> <span class='ocrx_word' id='word_1_190' title='bbox 1729 2435 1831 2484; x_wconf 85' lang='lat' dir='ltr'><strong>tua</strong></span> <span class='ocrx_word' id='word_1_191' title='bbox 1853 2436 2020 2483; x_wconf 85' lang='lat' dir='ltr'><strong>sunt:</strong></span> <span class='ocrx_word' id='word_1_192' title='bbox 2039 2430 2143 2485; x_wconf 88' lang='lat' dir='ltr'><strong>dos</strong></span> 
     </span>
    </p>
   </div>
   <div class='ocr_carea' id='block_1_26' title="bbox 486 2517 2141 2589">
    <p class='ocr_par' dir='ltr' id='par_1_26' title="bbox 486 2517 2141 2589">
     <span class='ocr_line' id='line_1_26' title="bbox 486 2517 2141 2589; baseline 0.002 -18"><span class='ocrx_word' id='word_1_193' title='bbox 486 2533 717 2589; x_wconf 85' lang='lat' dir='ltr'><strong>quoque</strong></span> <span class='ocrx_word' id='word_1_194' title='bbox 757 2524 859 2571; x_wconf 83' lang='lat' dir='ltr'><strong>tua</strong></span> <span class='ocrx_word' id='word_1_195' title='bbox 904 2524 1009 2579; x_wconf 88' lang='lat' dir='ltr'><strong>est,</strong></span> <span class='ocrx_word' id='word_1_196' title='bbox 1044 2521 1099 2572; x_wconf 89' lang='lat' dir='ltr'><strong>et</strong></span> <span class='ocrx_word' id='word_1_197' title='bbox 1128 2517 1332 2572; x_wconf 84' lang='lat' dir='ltr'><strong>anima</strong></span> <span class='ocrx_word' id='word_1_198' title='bbox 1378 2532 1527 2581; x_wconf 90' lang='lat' dir='ltr'><strong>mea,</strong></span> <span class='ocrx_word' id='word_1_199' title='bbox 1562 2521 1615 2572; x_wconf 90' lang='lat' dir='ltr'><strong>et</strong></span> <span class='ocrx_word' id='word_1_200' title='bbox 1664 2533 1881 2587; x_wconf 80' lang='lat' dir='ltr'><strong>corpus</strong></span> <span class='ocrx_word' id='word_1_201' title='bbox 1928 2534 2141 2584; x_wconf 85' lang='lat' dir='ltr'><strong>meum,</strong></span> 
     </span>
    </p>
   </div>
   <div class='ocr_carea' id='block_1_27' title="bbox 486 2605 2145 2677">
    <p class='ocr_par' dir='ltr' id='par_1_27' title="bbox 486 2605 2145 2677">
     <span class='ocr_line' id='line_1_27' title="bbox 486 2605 2145 2677; baseline 0.002 -18"><span class='ocrx_word' id='word_1_202' title='bbox 486 2610 652 2660; x_wconf 88' lang='lat' dir='ltr'><strong>tuum</strong></span> <span class='ocrx_word' id='word_1_203' title='bbox 684 2611 769 2660; x_wconf 89' lang='lat' dir='ltr'><strong>est</strong></span> <span class='ocrx_word' id='word_1_204' title='bbox 796 2625 816 2660; x_wconf 90' lang='lat'><strong><em>:</em></strong></span> <span class='ocrx_word' id='word_1_205' title='bbox 856 2605 941 2659; x_wconf 91' lang='lat' dir='ltr'><strong>sic</strong></span> <span class='ocrx_word' id='word_1_206' title='bbox 972 2620 1214 2677; x_wconf 87' lang='lat' dir='ltr'><strong>quoque</strong></span> <span class='ocrx_word' id='word_1_207' title='bbox 1246 2610 1587 2676; x_wconf 84' lang='lat' dir='ltr'><strong>temperans</strong></span> <span class='ocrx_word' id='word_1_208' title='bbox 1617 2606 1820 2661; x_wconf 90' lang='lat' dir='ltr'><strong>anima</strong></span> <span class='ocrx_word' id='word_1_209' title='bbox 1850 2612 1935 2662; x_wconf 90' lang='lat' dir='ltr'><strong>est</strong></span> <span class='ocrx_word' id='word_1_210' title='bbox 1977 2609 2145 2677; x_wconf 89' lang='lat' dir='ltr'><strong>virgo</strong></span> 
     </span>
    </p>
   </div>
   <div class='ocr_carea' id='block_1_28' title="bbox 488 2692 2144 2765">
    <p class='ocr_par' dir='ltr' id='par_1_28' title="bbox 488 2692 2144 2765">
     <span class='ocr_line' id='line_1_28' title="bbox 488 2692 2144 2765; baseline 0.002 -16"><span class='ocrx_word' id='word_1_211' title='bbox 488 2694 743 2761; x_wconf 90' lang='lat' dir='ltr'><strong>Domini,</strong></span> <span class='ocrx_word' id='word_1_212' title='bbox 812 2692 1179 2764; x_wconf 85' lang='lat' dir='ltr'><strong>participans</strong></span> <span class='ocrx_word' id='word_1_213' title='bbox 1245 2709 1381 2749; x_wconf 89' lang='lat' dir='ltr'><strong>cum</strong></span> <span class='ocrx_word' id='word_1_214' title='bbox 1448 2694 1667 2765; x_wconf 89' lang='lat' dir='ltr'><strong>Spiritu</strong></span> <span class='ocrx_word' id='word_1_215' title='bbox 1718 2698 1850 2765; x_wconf 88' lang='lat' dir='ltr'><strong>ejus</strong></span> <span class='ocrx_word' id='word_1_216' title='bbox 1918 2701 2144 2752; x_wconf 88' lang='lat' dir='ltr'><strong>sancto.</strong></span> 
     </span>
    </p>
   </div>
   <div class='ocr_carea' id='block_1_29' title="bbox 489 2781 2151 2857">
    <p class='ocr_par' dir='ltr' id='par_1_29' title="bbox 489 2781 2151 2857">
     <span class='ocr_line' id='line_1_29' title="bbox 489 2781 2151 2857; baseline 0.002 -18"><span class='ocrx_word' id='word_1_217' title='bbox 489 2784 729 2853; x_wconf 87' lang='lat' dir='ltr'><strong>Oportet</strong></span> <span class='ocrx_word' id='word_1_218' title='bbox 755 2787 973 2847; x_wconf 92' lang='lat' dir='ltr'><strong>autem,</strong></span> <span class='ocrx_word' id='word_1_219' title='bbox 1001 2781 1250 2852; x_wconf 91' lang='lat' dir='ltr'><strong>perinde</strong></span> <span class='ocrx_word' id='word_1_220' title='bbox 1265 2782 1500 2855; x_wconf 91' lang='lat' dir='ltr'><strong>acipse,</strong></span> <span class='ocrx_word' id='word_1_221' title='bbox 1525 2799 1661 2838; x_wconf 89' lang='lat' dir='ltr'><strong>cum</strong></span> <span class='ocrx_word' id='word_1_222' title='bbox 1685 2784 1945 2839; x_wconf 83' lang='lat' dir='ltr'><strong>venisset</strong></span> <span class='ocrx_word' id='word_1_223' title='bbox 1965 2801 2151 2857; x_wconf 87' lang='lat' dir='ltr'><strong>supra</strong></span> 
     </span>
    </p>
   </div>
   <div class='ocr_carea' id='block_1_30' title="bbox 490 2871 2152 2945">
    <p class='ocr_par' dir='ltr' id='par_1_30' title="bbox 490 2871 2152 2945">
     <span class='ocr_line' id='line_1_30' title="bbox 490 2871 2152 2945; baseline 0.002 -20"><span class='ocrx_word' id='word_1_224' title='bbox 490 2876 729 2940; x_wconf 88' lang='lat' dir='ltr'><strong>terram,</strong></span> <span class='ocrx_word' id='word_1_225' title='bbox 758 2887 974 2943; x_wconf 89' lang='lat' dir='ltr'><strong>passus</strong></span> <span class='ocrx_word' id='word_1_226' title='bbox 1006 2876 1062 2926; x_wconf 94' lang='lat' dir='ltr'><strong>et</strong></span> <span class='ocrx_word' id='word_1_227' title='bbox 1108 2871 1426 2926; x_wconf 80' lang='lat' dir='ltr'><strong>cruciﬁxus</strong></span> <span class='ocrx_word' id='word_1_228' title='bbox 1459 2878 1565 2935; x_wconf 91' lang='lat' dir='ltr'><strong>est,</strong></span> <span class='ocrx_word' id='word_1_229' title='bbox 1606 2878 1659 2927; x_wconf 91' lang='lat' dir='ltr'><strong>te</strong></span> <span class='ocrx_word' id='word_1_230' title='bbox 1688 2889 1931 2945; x_wconf 91' lang='lat' dir='ltr'><strong>quoque</strong></span> <span class='ocrx_word' id='word_1_231' title='bbox 1975 2872 2152 2929; x_wconf 87' lang='lat' dir='ltr'><strong>simul</strong></span> 
     </span>
    </p>
   </div>
   <div class='ocr_carea' id='block_1_31' title="bbox 488 2958 2156 3033">
    <p class='ocr_par' dir='ltr' id='par_1_31' title="bbox 488 2958 2156 3033">
     <span class='ocr_line' id='line_1_31' title="bbox 488 2958 2156 3033; baseline 0.002 -19"><span class='ocrx_word' id='word_1_232' title='bbox 488 2958 634 3031; x_wconf 91' lang='lat' dir='ltr'><strong>pati.</strong></span> <span class='ocrx_word' id='word_1_233' title='bbox 672 2958 780 3015; x_wconf 91' lang='lat' dir='ltr'><strong>Ubi</strong></span> <span class='ocrx_word' id='word_1_234' title='bbox 811 2958 971 3014; x_wconf 90' lang='lat' dir='ltr'><strong>enim</strong></span> <span class='ocrx_word' id='word_1_235' title='bbox 995 2960 1309 3015; x_wconf 90' lang='lat' dir='ltr'><strong>recesseris</strong></span> <span class='ocrx_word' id='word_1_236' title='bbox 1337 2976 1373 3015; x_wconf 91' lang='lat' dir='ltr'><strong>a</strong></span> <span class='ocrx_word' id='word_1_237' title='bbox 1394 2960 1647 3025; x_wconf 90' lang='lat' dir='ltr'><strong>mundo,</strong></span> <span class='ocrx_word' id='word_1_238' title='bbox 1681 2976 1749 3017; x_wconf 91' lang='lat' dir='ltr'><strong>ac</strong></span> <span class='ocrx_word' id='word_1_239' title='bbox 1777 2962 1962 3017; x_wconf 90' lang='lat' dir='ltr'><strong>Deum</strong></span> <span class='ocrx_word' id='word_1_240' title='bbox 1993 2977 2156 3033; x_wconf 77' lang='lat' dir='ltr'><strong>quaa-</strong></span> 
     </span>
    </p>
   </div>
   <div class='ocr_carea' id='block_1_32' title="bbox 2255 502 2367 545">
    <p class='ocr_par' dir='ltr' id='par_1_32' title="bbox 2255 502 2367 545">
     <span class='ocr_line' id='line_1_32' title="bbox 2255 502 2367 545; baseline -0.018 -9"><span class='ocrx_word' id='word_1_241' title='bbox 2255 502 2367 545; x_wconf 88' lang='grc' dir='ltr'>σας.</span> 
     </span>
    </p>
   </div>
   <div class='ocr_carea' id='block_1_33' title="bbox 2322 694 3869 769">
    <p class='ocr_par' dir='ltr' id='par_1_33' title="bbox 2322 694 3869 769">
     <span class='ocr_line' id='line_1_33' title="bbox 2322 694 3869 769; baseline -0.002 -19"><span class='ocrx_word' id='word_1_242' title='bbox 2322 696 2402 752; x_wconf 86' lang='lat' dir='ltr'><strong>H&#39;.</strong></span> <span class='ocrx_word' id='word_1_243' title='bbox 2447 695 2568 749; x_wconf 71' lang='grc' dir='ltr'>Ὀτι</span> <span class='ocrx_word' id='word_1_244' title='bbox 2610 696 2840 769; x_wconf 78' lang='grc' dir='ltr'><strong>νομίζεις</strong></span> <span class='ocrx_word' id='word_1_245' title='bbox 2899 697 2981 749; x_wconf 87' lang='grc' dir='ltr'>ὅτι</span> <span class='ocrx_word' id='word_1_246' title='bbox 3011 698 3261 759; x_wconf 79' lang='grc' dir='ltr'>ἑποίησας</span> <span class='ocrx_word' id='word_1_247' title='bbox 3309 698 3481 749; x_wconf 79' lang='grc' dir='ltr'>πάντα</span> <span class='ocrx_word' id='word_1_248' title='bbox 3528 694 3869 768; x_wconf 76' lang='grc' dir='ltr'>ἀποταξάμε-</span> 
     </span>
    </p>
   </div>
   <div class='ocr_carea' id='block_1_34' title="bbox 2249 785 3869 860">
    <p class='ocr_par' dir='ltr' id='par_1_34' title="bbox 2249 785 3869 860">
     <span class='ocr_line' id='line_1_34' title="bbox 2249 785 3869 860; baseline 0 -23"><span class='ocrx_word' id='word_1_249' title='bbox 2249 805 2348 853; x_wconf 84' lang='grc' dir='ltr'>νος,</span> <span class='ocrx_word' id='word_1_250' title='bbox 2378 792 2516 838; x_wconf 87' lang='grc' dir='ltr'>ποιεῖ</span> <span class='ocrx_word' id='word_1_251' title='bbox 2539 785 2689 858; x_wconf 74' lang='grc' dir='ltr'>λόγον</span> <span class='ocrx_word' id='word_1_252' title='bbox 2740 787 2873 858; x_wconf 86' lang='grc' dir='ltr'><strong>μετά</strong></span> <span class='ocrx_word' id='word_1_253' title='bbox 2901 793 2995 837; x_wconf 91' lang='grc' dir='ltr'><strong>σοῦ</strong></span> <span class='ocrx_word' id='word_1_254' title='bbox 3022 787 3048 838; x_wconf 99' lang='lat'><strong>6</strong></span> <span class='ocrx_word' id='word_1_255' title='bbox 3082 788 3274 860; x_wconf 76' lang='grc' dir='ltr'>Κύριος</span> <span class='ocrx_word' id='word_1_256' title='bbox 3306 800 3319 815; x_wconf 88' lang='lat'><strong>&#39;</strong></span> <span class='ocrx_word' id='word_1_257' title='bbox 3354 790 3425 838; x_wconf 90' lang='grc' dir='ltr'>Τί</span> <span class='ocrx_word' id='word_1_258' title='bbox 3461 792 3817 857; x_wconf 78' lang='grc' dir='ltr'>καυχᾶσαι</span> <span class='ocrx_word' id='word_1_259' title='bbox 3850 801 3869 852; x_wconf 89' lang='grc'><strong>;</strong></span> 
     </span>
    </p>
   </div>
   <div class='ocr_carea' id='block_1_35' title="bbox 2251 874 3880 948">
    <p class='ocr_par' dir='ltr' id='par_1_35' title="bbox 2251 874 3880 948">
     <span class='ocr_line' id='line_1_35' title="bbox 2251 874 3880 948; baseline -0.002 -19"><span class='ocrx_word' id='word_1_260' title='bbox 2251 880 2407 948; x_wconf 83' lang='grc' dir='ltr'>οῦχὶ</span> <span class='ocrx_word' id='word_1_261' title='bbox 2439 878 2503 928; x_wconf 86' lang='grc' dir='ltr'>τὸ</span> <span class='ocrx_word' id='word_1_262' title='bbox 2537 877 2716 947; x_wconf 81' lang='grc' dir='ltr'>σῶμά</span> <span class='ocrx_word' id='word_1_263' title='bbox 2758 894 2874 929; x_wconf 90' lang='grc' dir='ltr'><strong>σου</strong></span> <span class='ocrx_word' id='word_1_264' title='bbox 2904 880 3014 928; x_wconf 86' lang='grc' dir='ltr'>καὶ</span> <span class='ocrx_word' id='word_1_265' title='bbox 3045 880 3159 933; x_wconf 81' lang='grc' dir='ltr'>τὴν</span> <span class='ocrx_word' id='word_1_266' title='bbox 3187 874 3411 946; x_wconf 70' lang='grc' dir='ltr'>ψυχὴν</span> <span class='ocrx_word' id='word_1_267' title='bbox 3446 877 3561 946; x_wconf 68' lang='grc' dir='ltr'><strong>ἑγὼ</strong></span> <span class='ocrx_word' id='word_1_268' title='bbox 3591 877 3880 948; x_wconf 66' lang='lat' dir='ltr'><strong>iactura;</strong></span> 
     </span>
    </p>
   </div>
   <div class='ocr_carea' id='block_1_36' title="bbox 2251 963 3878 1039">
    <p class='ocr_par' dir='ltr' id='par_1_36' title="bbox 2251 963 3878 1039">
     <span class='ocr_line' id='line_1_36' title="bbox 2251 963 3878 1039; baseline -0.001 -22"><span class='ocrx_word' id='word_1_269' title='bbox 2251 970 2311 1017; x_wconf 86' lang='grc' dir='ltr'><strong>τί</strong></span> <span class='ocrx_word' id='word_1_270' title='bbox 2367 964 2687 1027; x_wconf 79' lang='grc' dir='ltr'>ἐποίησας</span> <span class='ocrx_word' id='word_1_271' title='bbox 2733 968 2811 1017; x_wconf 81' lang='grc' dir='ltr'>σύ</span> <span class='ocrx_word' id='word_1_272' title='bbox 2858 981 2872 1032; x_wconf 89' lang='lat'><strong>;</strong></span> <span class='ocrx_word' id='word_1_273' title='bbox 2932 966 3152 1039; x_wconf 79' lang='grc' dir='ltr'>ἄρχεται</span> <span class='ocrx_word' id='word_1_274' title='bbox 3180 966 3210 1023; x_wconf 80' lang='grc' dir='ltr'>ἡ</span> <span class='ocrx_word' id='word_1_275' title='bbox 3235 963 3390 1037; x_wconf 69' lang='grc' dir='ltr'>ψυχὴ</span> <span class='ocrx_word' id='word_1_276' title='bbox 3421 963 3878 1037; x_wconf 73' lang='grc' dir='ltr'>ἓξομολογουμένη</span> 
     </span>
    </p>
   </div>
   <div class='ocr_carea' id='block_1_37' title="bbox 2254 1051 3877 1126">
    <p class='ocr_par' dir='ltr' id='par_1_37' title="bbox 2254 1051 3877 1126">
     <span class='ocr_line' id='line_1_37' title="bbox 2254 1051 3877 1126; baseline -0.001 -20"><span class='ocrx_word' id='word_1_277' title='bbox 2254 1051 2468 1107; x_wconf 77' lang='grc' dir='ltr'><strong>δέεσθαι</strong></span> <span class='ocrx_word' id='word_1_278' title='bbox 2496 1061 2588 1106; x_wconf 90' lang='grc' dir='ltr'><strong>τοῦ</strong></span> <span class='ocrx_word' id='word_1_279' title='bbox 2624 1057 2822 1126; x_wconf 83' lang='grc' dir='ltr'><strong>Κυρίου</strong></span> <span class='ocrx_word' id='word_1_280' title='bbox 2848 1057 2937 1106; x_wconf 79' lang='grc' dir='ltr'>καὶ</span> <span class='ocrx_word' id='word_1_281' title='bbox 2965 1053 3149 1125; x_wconf 78' lang='grc' dir='ltr'>λέγειν,</span> <span class='ocrx_word' id='word_1_282' title='bbox 3183 1055 3264 1105; x_wconf 86' lang='grc' dir='ltr'>ὅτι</span> <span class='ocrx_word' id='word_1_283' title='bbox 3304 1055 3518 1106; x_wconf 74' lang='grc' dir='ltr'>Πάντα</span> <span class='ocrx_word' id='word_1_284' title='bbox 3552 1055 3633 1105; x_wconf 86' lang='grc' dir='ltr'><strong>σοὶ</strong></span> <span class='ocrx_word' id='word_1_285' title='bbox 3661 1052 3877 1123; x_wconf 73' lang='grc' dir='ltr'>ἔστιν,</span> 
     </span>
    </p>
   </div>
   <div class='ocr_carea' id='block_1_38' title="bbox 2253 1138 3875 1214">
    <p class='ocr_par' dir='ltr' id='par_1_38' title="bbox 2253 1138 3875 1214">
     <span class='ocr_line' id='line_1_38' title="bbox 2253 1138 3875 1214; baseline -0.001 -20"><span class='ocrx_word' id='word_1_286' title='bbox 2253 1139 2477 1203; x_wconf 85' lang='grc' dir='ltr'>ὁοῖκος</span> <span class='ocrx_word' id='word_1_287' title='bbox 2508 1143 2593 1204; x_wconf 82' lang='grc' dir='ltr'><strong>εἰς</strong></span> <span class='ocrx_word' id='word_1_288' title='bbox 2629 1144 2692 1195; x_wconf 86' lang='grc' dir='ltr'>ὃν</span> <span class='ocrx_word' id='word_1_289' title='bbox 2723 1142 2881 1214; x_wconf 80' lang='grc' dir='ltr'>εἰμι,</span> <span class='ocrx_word' id='word_1_290' title='bbox 2925 1147 3029 1203; x_wconf 82' lang='grc' dir='ltr'>σός</span> <span class='ocrx_word' id='word_1_291' title='bbox 3058 1144 3225 1195; x_wconf 70' lang='grc' dir='ltr'>ἐστι·</span> <span class='ocrx_word' id='word_1_292' title='bbox 3256 1144 3332 1194; x_wconf 83' lang='grc' dir='ltr'><strong>τὰ</strong></span> <span class='ocrx_word' id='word_1_293' title='bbox 3356 1138 3698 1214; x_wconf 74' lang='grc' dir='ltr'>ἐνδύματοὲ</span> <span class='ocrx_word' id='word_1_294' title='bbox 3727 1162 3875 1213; x_wconf 89' lang='grc' dir='ltr'>μου,</span> 
     </span>
    </p>
   </div>
   <div class='ocr_carea' id='block_1_39' title="bbox 2254 1229 3871 1305">
    <p class='ocr_par' dir='ltr' id='par_1_39' title="bbox 2254 1229 3871 1305">
     <span class='ocr_line' id='line_1_39' title="bbox 2254 1229 3871 1305; baseline -0.001 -22"><span class='ocrx_word' id='word_1_295' title='bbox 2254 1233 2332 1283; x_wconf 80' lang='grc' dir='ltr'>σά</span> <span class='ocrx_word' id='word_1_296' title='bbox 2370 1234 2571 1286; x_wconf 73' lang='grc' dir='ltr'>ἔστιν.</span> <span class='ocrx_word' id='word_1_297' title='bbox 2602 1231 2701 1285; x_wconf 86' lang='grc' dir='ltr'>Ἐκ</span> <span class='ocrx_word' id='word_1_298' title='bbox 2741 1238 2855 1284; x_wconf 91' lang='grc' dir='ltr'><strong>σοῦ</strong></span> <span class='ocrx_word' id='word_1_299' title='bbox 2886 1235 3221 1305; x_wconf 78' lang='grc' dir='ltr'>τρέφομαι,</span> <span class='ocrx_word' id='word_1_300' title='bbox 3263 1241 3370 1284; x_wconf 85' lang='grc' dir='ltr'><strong>και</strong></span> <span class='ocrx_word' id='word_1_301' title='bbox 3400 1229 3518 1283; x_wconf 86' lang='grc' dir='ltr'>ἀπὸ</span> <span class='ocrx_word' id='word_1_302' title='bbox 3552 1238 3669 1283; x_wconf 87' lang='grc' dir='ltr'><strong>σοῦ</strong></span> <span class='ocrx_word' id='word_1_303' title='bbox 3705 1230 3871 1283; x_wconf 84' lang='grc' dir='ltr'>οἰκο-</span> 
     </span>
    </p>
   </div>
   <div class='ocr_carea' id='block_1_40' title="bbox 2250 1320 3861 1395">
    <p class='ocr_par' dir='ltr' id='par_1_40' title="bbox 2250 1320 3861 1395">
     <span class='ocr_line' id='line_1_40' title="bbox 2250 1320 3861 1395; baseline -0.001 -23"><span class='ocrx_word' id='word_1_304' title='bbox 2250 1328 2580 1393; x_wconf 85' lang='grc' dir='ltr'>νομοῦμαι</span> <span class='ocrx_word' id='word_1_305' title='bbox 2616 1320 2707 1383; x_wconf 83' lang='grc' dir='ltr'><strong>εἰς</strong></span> <span class='ocrx_word' id='word_1_306' title='bbox 2743 1339 2965 1373; x_wconf 86' lang='grc' dir='ltr'>πασαν</span> <span class='ocrx_word' id='word_1_307' title='bbox 3004 1326 3261 1395; x_wconf 85' lang='grc' dir='ltr'>χρείαν.</span> <span class='ocrx_word' id='word_1_308' title='bbox 3298 1322 3675 1395; x_wconf 83' lang='grc' dir='ltr'>Τότεοῖρχεται</span> <span class='ocrx_word' id='word_1_309' title='bbox 3710 1321 3737 1372; x_wconf 91' lang='lat'><strong>6</strong></span> <span class='ocrx_word' id='word_1_310' title='bbox 3765 1323 3861 1373; x_wconf 75' lang='grc' dir='ltr'><strong>Κῦ-</strong></span> 
     </span>
    </p>
   </div>
   <div class='ocr_carea' id='block_1_41' title="bbox 2247 1409 3863 1483">
    <p class='ocr_par' dir='ltr' id='par_1_41' title="bbox 2247 1409 3863 1483">
     <span class='ocr_line' id='line_1_41' title="bbox 2247 1409 3863 1483; baseline -0.001 -20"><span class='ocrx_word' id='word_1_311' title='bbox 2247 1429 2357 1483; x_wconf 89' lang='grc' dir='ltr'>ριος</span> <span class='ocrx_word' id='word_1_312' title='bbox 2387 1413 2515 1483; x_wconf 89' lang='grc' dir='ltr'>πρὸς</span> <span class='ocrx_word' id='word_1_313' title='bbox 2545 1417 2713 1463; x_wconf 87' lang='grc' dir='ltr'>ταῦτα</span> <span class='ocrx_word' id='word_1_314' title='bbox 2740 1409 2926 1482; x_wconf 70' lang='grc' dir='ltr'>λέγειν,</span> <span class='ocrx_word' id='word_1_315' title='bbox 2957 1412 3167 1483; x_wconf 80' lang='grc' dir='ltr'>Χάριν</span> <span class='ocrx_word' id='word_1_316' title='bbox 3224 1429 3331 1464; x_wconf 88' lang='grc' dir='ltr'><strong>σοι</strong></span> <span class='ocrx_word' id='word_1_317' title='bbox 3369 1412 3519 1483; x_wconf 78' lang='grc' dir='ltr'>ἔχω,</span> <span class='ocrx_word' id='word_1_318' title='bbox 3551 1413 3626 1462; x_wconf 86' lang='grc' dir='ltr'><strong>τά</strong></span> <span class='ocrx_word' id='word_1_319' title='bbox 3669 1412 3863 1481; x_wconf 75' lang='grc' dir='ltr'>ῦπαρ-</span> 
     </span>
    </p>
   </div>
   <div class='ocr_carea' id='block_1_42' title="bbox 2246 1498 3871 1572">
    <p class='ocr_par' dir='ltr' id='par_1_42' title="bbox 2246 1498 3871 1572">
     <span class='ocr_line' id='line_1_42' title="bbox 2246 1498 3871 1572; baseline -0.002 -20"><span class='ocrx_word' id='word_1_320' title='bbox 2246 1519 2453 1572; x_wconf 86' lang='grc' dir='ltr'>χοντα</span> <span class='ocrx_word' id='word_1_321' title='bbox 2507 1503 2587 1552; x_wconf 82' lang='grc' dir='ltr'>σά</span> <span class='ocrx_word' id='word_1_322' title='bbox 2636 1499 2830 1553; x_wconf 67' lang='grc' dir='ltr'>ἐστι*</span> <span class='ocrx_word' id='word_1_323' title='bbox 2882 1502 2956 1552; x_wconf 86' lang='grc' dir='ltr'>τὸ</span> <span class='ocrx_word' id='word_1_324' title='bbox 2998 1499 3242 1572; x_wconf 73' lang='grc' dir='ltr'>θέλημα</span> <span class='ocrx_word' id='word_1_325' title='bbox 3291 1502 3358 1551; x_wconf 86' lang='grc' dir='ltr'>τὸ</span> <span class='ocrx_word' id='word_1_326' title='bbox 3416 1498 3689 1570; x_wconf 78' lang='grc' dir='ltr'>ἀγαθὸν,</span> <span class='ocrx_word' id='word_1_327' title='bbox 3757 1502 3871 1551; x_wconf 78' lang='grc' dir='ltr'>σόν</span> 
     </span>
    </p>
   </div>
   <div class='ocr_carea' id='block_1_43' title="bbox 2247 1586 3877 1661">
    <p class='ocr_par' dir='ltr' id='par_1_43' title="bbox 2247 1586 3877 1661">
     <span class='ocr_line' id='line_1_43' title="bbox 2247 1586 3877 1661; baseline -0.001 -20"><span class='ocrx_word' id='word_1_328' title='bbox 2247 1592 2390 1641; x_wconf 79' lang='grc' dir='ltr'>ἑστι</span> <span class='ocrx_word' id='word_1_329' title='bbox 2421 1603 2436 1619; x_wconf 83' lang='grc'>⁶</span> <span class='ocrx_word' id='word_1_330' title='bbox 2476 1594 2586 1642; x_wconf 80' lang='grc' dir='ltr'>καὶ</span> <span class='ocrx_word' id='word_1_331' title='bbox 2641 1586 2759 1642; x_wconf 83' lang='grc' dir='ltr'>διὰ</span> <span class='ocrx_word' id='word_1_332' title='bbox 2795 1593 2910 1647; x_wconf 80' lang='grc' dir='ltr'>τὴν</span> <span class='ocrx_word' id='word_1_333' title='bbox 2960 1594 3117 1661; x_wconf 83' lang='grc' dir='ltr'>πρός</span> <span class='ocrx_word' id='word_1_334' title='bbox 3146 1593 3219 1659; x_wconf 71' lang='grc' dir='ltr'><strong>με</strong></span> <span class='ocrx_word' id='word_1_335' title='bbox 3259 1606 3373 1640; x_wconf 89' lang='grc' dir='ltr'><strong>σου</strong></span> <span class='ocrx_word' id='word_1_336' title='bbox 3414 1586 3689 1655; x_wconf 70' lang='grc' dir='ltr'>ἀγάπην,</span> <span class='ocrx_word' id='word_1_337' title='bbox 3729 1587 3877 1640; x_wconf 71' lang='grc' dir='ltr'>επεὶ</span> 
     </span>
    </p>
   </div>
   <div class='ocr_carea' id='block_1_44' title="bbox 2248 1674 3881 1753">
    <p class='ocr_par' dir='ltr' id='par_1_44' title="bbox 2248 1674 3881 1753">
     <span class='ocr_line' id='line_1_44' title="bbox 2248 1674 3881 1753; baseline -0.002 -22"><span class='ocrx_word' id='word_1_338' title='bbox 2248 1681 2651 1753; x_wconf 72' lang='grc' dir='ltr'>προσέφυγές</span> <span class='ocrx_word' id='word_1_339' title='bbox 2700 1698 2831 1751; x_wconf 85' lang='grc' dir='ltr'>μοι,</span> <span class='ocrx_word' id='word_1_340' title='bbox 2891 1674 3094 1753; x_wconf 87' lang='grc' dir='ltr'>δεῦρο</span> <span class='ocrx_word' id='word_1_341' title='bbox 3147 1677 3375 1731; x_wconf 89' lang='grc' dir='ltr'>λοιπὸν</span> <span class='ocrx_word' id='word_1_342' title='bbox 3414 1674 3599 1731; x_wconf 77' lang='grc' dir='ltr'>δώσω</span> <span class='ocrx_word' id='word_1_343' title='bbox 3647 1696 3782 1745; x_wconf 82' lang='grc' dir='ltr'>σοι,</span> <span class='ocrx_word' id='word_1_344' title='bbox 3841 1676 3881 1728; x_wconf 71' lang='grc' dir='ltr'><em>ἃ</em></span> 
     </span>
    </p>
   </div>
   <div class='ocr_carea' id='block_1_45' title="bbox 2247 1768 3881 1842">
    <p class='ocr_par' dir='ltr' id='par_1_45' title="bbox 2247 1768 3881 1842">
     <span class='ocr_line' id='line_1_45' title="bbox 2247 1768 3881 1842; baseline -0.001 -23"><span class='ocrx_word' id='word_1_345' title='bbox 2247 1771 2390 1819; x_wconf 81' lang='grc' dir='ltr'>οὔτε</span> <span class='ocrx_word' id='word_1_346' title='bbox 2432 1770 2506 1820; x_wconf 85' lang='grc' dir='ltr'>σὺ</span> <span class='ocrx_word' id='word_1_347' title='bbox 2546 1768 2653 1829; x_wconf 77' lang='grc' dir='ltr'><strong>ἕως</strong></span> <span class='ocrx_word' id='word_1_348' title='bbox 2683 1770 2836 1842; x_wconf 84' lang='grc' dir='ltr'>οῖρτι</span> <span class='ocrx_word' id='word_1_349' title='bbox 2894 1770 3176 1834; x_wconf 71' lang='grc' dir='ltr'>ἐκτήσω,</span> <span class='ocrx_word' id='word_1_350' title='bbox 3217 1770 3362 1820; x_wconf 86' lang='grc' dir='ltr'>οῦτε</span> <span class='ocrx_word' id='word_1_351' title='bbox 3419 1769 3521 1819; x_wconf 72' lang='grc' dir='ltr'><strong>ἰπὶ</strong></span> <span class='ocrx_word' id='word_1_352' title='bbox 3555 1773 3672 1837; x_wconf 73' lang='grc' dir='ltr'><strong>γῆς</strong></span> <span class='ocrx_word' id='word_1_353' title='bbox 3723 1768 3881 1819; x_wconf 74' lang='grc' dir='ltr'>ἀνθ-</span> 
     </span>
    </p>
   </div>
   <div class='ocr_carea' id='block_1_46' title="bbox 2245 1854 3878 1928">
    <p class='ocr_par' dir='ltr' id='par_1_46' title="bbox 2245 1854 3878 1928">
     <span class='ocr_line' id='line_1_46' title="bbox 2245 1854 3878 1928; baseline 0 -21"><span class='ocrx_word' id='word_1_354' title='bbox 2245 1874 2457 1928; x_wconf 90' lang='grc' dir='ltr'>ρωποι</span> <span class='ocrx_word' id='word_1_355' title='bbox 2526 1858 2823 1927; x_wconf 80' lang='grc' dir='ltr'>ἔχουσιν.</span> <span class='ocrx_word' id='word_1_356' title='bbox 2887 1856 3025 1923; x_wconf 67' lang='grc' dir='ltr'>Ἐμὲ</span> <span class='ocrx_word' id='word_1_357' title='bbox 3094 1854 3249 1908; x_wconf 76' lang='grc' dir='ltr'>λαϐε</span> <span class='ocrx_word' id='word_1_358' title='bbox 3287 1856 3395 1907; x_wconf 85' lang='grc' dir='ltr'>τὸν</span> <span class='ocrx_word' id='word_1_359' title='bbox 3448 1857 3688 1927; x_wconf 75' lang='grc' dir='ltr'>Κύριον</span> <span class='ocrx_word' id='word_1_360' title='bbox 3748 1873 3878 1908; x_wconf 85' lang='grc' dir='ltr'><strong>σου</strong></span> 
     </span>
    </p>
   </div>
   <div class='ocr_carea' id='block_1_47' title="bbox 2245 1939 3875 2017">
    <p class='ocr_par' dir='ltr' id='par_1_47' title="bbox 2245 1939 3875 2017">
     <span class='ocr_line' id='line_1_47' title="bbox 2245 1939 3875 2017; baseline -0.001 -20"><span class='ocrx_word' id='word_1_361' title='bbox 2245 1946 2406 2016; x_wconf 82' lang='grc' dir='ltr'><strong>μετά</strong></span> <span class='ocrx_word' id='word_1_362' title='bbox 2464 1952 2577 2006; x_wconf 81' lang='grc' dir='ltr'>τῆς</span> <span class='ocrx_word' id='word_1_363' title='bbox 2633 1944 2860 2017; x_wconf 77' lang='grc' dir='ltr'>ψυχῆς</span> <span class='ocrx_word' id='word_1_364' title='bbox 2938 1963 3074 2010; x_wconf 90' lang='grc' dir='ltr'>σου,</span> <span class='ocrx_word' id='word_1_365' title='bbox 3137 1946 3239 1995; x_wconf 85' lang='grc' dir='ltr'><strong>ἱνα</strong></span> <span class='ocrx_word' id='word_1_366' title='bbox 3290 1939 3364 2016; x_wconf 75' lang='grc' dir='ltr'><strong>ᾖς</strong></span> <span class='ocrx_word' id='word_1_367' title='bbox 3410 1946 3683 1996; x_wconf 83' lang='grc' dir='ltr'>πάντοτε</span> <span class='ocrx_word' id='word_1_368' title='bbox 3729 1940 3875 2015; x_wconf 77' lang='grc' dir='ltr'>μετ’</span> 
     </span>
    </p>
   </div>
   <div class='ocr_carea' id='block_1_48' title="bbox 2246 2031 3602 2108">
    <p class='ocr_par' dir='ltr' id='par_1_48' title="bbox 2246 2031 3602 2108">
     <span class='ocr_line' id='line_1_48' title="bbox 2246 2031 3602 2108; baseline 0.001 -22"><span class='ocrx_word' id='word_1_369' title='bbox 2246 2032 2397 2106; x_wconf 76' lang='grc' dir='ltr'>ἐμοῦ</span> <span class='ocrx_word' id='word_1_370' title='bbox 2455 2034 2932 2108; x_wconf 77' lang='grc' dir='ltr'>εὐφραινομένη</span> <span class='ocrx_word' id='word_1_371' title='bbox 2983 2038 3091 2087; x_wconf 84' lang='grc' dir='ltr'>καὶ</span> <span class='ocrx_word' id='word_1_372' title='bbox 3155 2031 3602 2105; x_wconf 72' lang='grc' dir='ltr'>ἀγγαλλιῶσα.</span> 
     </span>
    </p>
   </div>
   <div class='ocr_carea' id='block_1_49' title="bbox 2319 2152 3864 2231">
    <p class='ocr_par' dir='ltr' id='par_1_49' title="bbox 2319 2152 3864 2231">
     <span class='ocr_line' id='line_1_49' title="bbox 2319 2152 3864 2231; baseline -0.002 -20"><span class='ocrx_word' id='word_1_373' title='bbox 2319 2156 2396 2212; x_wconf 88' lang='grc' dir='ltr'><strong>Θ’.</strong></span> <span class='ocrx_word' id='word_1_374' title='bbox 2450 2156 2651 2231; x_wconf 86' lang='grc' dir='ltr'>Ὠσπερ</span> <span class='ocrx_word' id='word_1_375' title='bbox 2698 2160 2799 2230; x_wconf 71' lang='grc' dir='ltr'><strong>γὰρ</strong></span> <span class='ocrx_word' id='word_1_376' title='bbox 2852 2160 2981 2229; x_wconf 73' lang='grc' dir='ltr'>γυνὴ</span> <span class='ocrx_word' id='word_1_377' title='bbox 3037 2160 3465 2230; x_wconf 76' lang='grc' dir='ltr'>μεμνηστευμίνη</span> <span class='ocrx_word' id='word_1_378' title='bbox 3506 2152 3683 2229; x_wconf 81' lang='grc' dir='ltr'>ἀνδρὶ,</span> <span class='ocrx_word' id='word_1_379' title='bbox 3726 2158 3864 2208; x_wconf 76' lang='grc' dir='ltr'>πάν-</span> 
     </span>
    </p>
   </div>
   <div class='ocr_carea' id='block_1_50' title="bbox 2250 2246 3863 2321">
    <p class='ocr_par' dir='ltr' id='par_1_50' title="bbox 2250 2246 3863 2321">
     <span class='ocr_line' id='line_1_50' title="bbox 2250 2246 3863 2321; baseline -0.002 -22"><span class='ocrx_word' id='word_1_380' title='bbox 2250 2267 2315 2300; x_wconf 87' lang='grc' dir='ltr'><strong>τα</strong></span> <span class='ocrx_word' id='word_1_381' title='bbox 2342 2249 2406 2299; x_wconf 89' lang='grc' dir='ltr'><strong>τά</strong></span> <span class='ocrx_word' id='word_1_382' title='bbox 2459 2248 2771 2321; x_wconf 77' lang='grc' dir='ltr'>ὑπάρχοντα</span> <span class='ocrx_word' id='word_1_383' title='bbox 2817 2246 2995 2313; x_wconf 78' lang='grc' dir='ltr'>αὐτῆς,</span> <span class='ocrx_word' id='word_1_384' title='bbox 3050 2252 3139 2299; x_wconf 78' lang='grc' dir='ltr'>καὶ</span> <span class='ocrx_word' id='word_1_385' title='bbox 3192 2246 3312 2305; x_wconf 82' lang='grc' dir='ltr'>ὅλην</span> <span class='ocrx_word' id='word_1_386' title='bbox 3354 2250 3450 2304; x_wconf 74' lang='grc' dir='ltr'>τὴν</span> <span class='ocrx_word' id='word_1_387' title='bbox 3502 2252 3699 2321; x_wconf 85' lang='grc' dir='ltr'>προῖκα</span> <span class='ocrx_word' id='word_1_388' title='bbox 3729 2247 3863 2297; x_wconf 77' lang='grc' dir='ltr'>ἀποο</span> 
     </span>
    </p>
   </div>
   <div class='ocr_carea' id='block_1_51' title="bbox 2250 2334 3864 2410">
    <p class='ocr_par' dir='ltr' id='par_1_51' title="bbox 2250 2334 3864 2410">
     <span class='ocr_line' id='line_1_51' title="bbox 2250 2334 3864 2410; baseline -0.002 -22"><span class='ocrx_word' id='word_1_389' title='bbox 2250 2340 2387 2410; x_wconf 76' lang='grc' dir='ltr'>φέρει</span> <span class='ocrx_word' id='word_1_390' title='bbox 2418 2334 2473 2387; x_wconf 74' lang='grc' dir='ltr'>ἐκ</span> <span class='ocrx_word' id='word_1_391' title='bbox 2526 2336 2722 2397; x_wconf 84' lang='grc' dir='ltr'>πολλῆς</span> <span class='ocrx_word' id='word_1_392' title='bbox 2778 2336 2985 2407; x_wconf 77' lang='grc' dir='ltr'><strong>ἀγάπης</strong></span> <span class='ocrx_word' id='word_1_393' title='bbox 3015 2336 3085 2398; x_wconf 86' lang='grc' dir='ltr'>εἰς</span> <span class='ocrx_word' id='word_1_394' title='bbox 3127 2338 3220 2396; x_wconf 89' lang='grc' dir='ltr'><strong>τάς</strong></span> <span class='ocrx_word' id='word_1_395' title='bbox 3257 2340 3444 2407; x_wconf 84' lang='grc' dir='ltr'>χεῖρας</span> <span class='ocrx_word' id='word_1_396' title='bbox 3493 2334 3706 2408; x_wconf 80' lang='grc' dir='ltr'>ῥίψασα</span> <span class='ocrx_word' id='word_1_397' title='bbox 3764 2342 3864 2386; x_wconf 87' lang='grc' dir='ltr'><strong>τοῦ</strong></span> 
     </span>
    </p>
   </div>
   <div class='ocr_carea' id='block_1_52' title="bbox 2250 2421 3857 2500">
    <p class='ocr_par' dir='ltr' id='par_1_52' title="bbox 2250 2421 3857 2500">
     <span class='ocr_line' id='line_1_52' title="bbox 2250 2421 3857 2500; baseline -0.001 -24"><span class='ocrx_word' id='word_1_398' title='bbox 2250 2422 2461 2500; x_wconf 82' lang='grc' dir='ltr'>ἀνδρὸς,</span> <span class='ocrx_word' id='word_1_399' title='bbox 2496 2431 2586 2478; x_wconf 82' lang='grc' dir='ltr'>καὶ</span> <span class='ocrx_word' id='word_1_400' title='bbox 2611 2434 2764 2478; x_wconf 87' lang='grc' dir='ltr'>τοῦτο</span> <span class='ocrx_word' id='word_1_401' title='bbox 2789 2425 2943 2497; x_wconf 73' lang='grc' dir='ltr'>λέγει,</span> <span class='ocrx_word' id='word_1_402' title='bbox 2977 2426 3158 2497; x_wconf 84' lang='grc' dir='ltr'>Ἐμὸν</span> <span class='ocrx_word' id='word_1_403' title='bbox 3188 2421 3375 2476; x_wconf 71' lang='grc' dir='ltr'>οὐδὲν</span> <span class='ocrx_word' id='word_1_404' title='bbox 3406 2426 3554 2496; x_wconf 74' lang='grc' dir='ltr'>ἔχω,</span> <span class='ocrx_word' id='word_1_405' title='bbox 3587 2424 3663 2475; x_wconf 85' lang='grc' dir='ltr'><strong>τά</strong></span> <span class='ocrx_word' id='word_1_406' title='bbox 3712 2421 3857 2495; x_wconf 74' lang='grc' dir='ltr'>ἕμοὶ</span> 
     </span>
    </p>
   </div>
   <div class='ocr_carea' id='block_1_53' title="bbox 2252 2511 3854 2589">
    <p class='ocr_par' dir='ltr' id='par_1_53' title="bbox 2252 2511 3854 2589">
     <span class='ocr_line' id='line_1_53' title="bbox 2252 2511 3854 2589; baseline -0.001 -23"><span class='ocrx_word' id='word_1_407' title='bbox 2252 2516 2639 2589; x_wconf 75' lang='grc' dir='ltr'>ὑπάρχοντα</span> <span class='ocrx_word' id='word_1_408' title='bbox 2671 2518 2747 2567; x_wconf 79' lang='grc' dir='ltr'>σά</span> <span class='ocrx_word' id='word_1_409' title='bbox 2786 2513 2928 2567; x_wconf 76' lang='grc' dir='ltr'>ἐστι</span> <span class='ocrx_word' id='word_1_410' title='bbox 2958 2532 2972 2545; x_wconf 82' lang='lat'><strong><em>°</em></strong></span> <span class='ocrx_word' id='word_1_411' title='bbox 3007 2518 3114 2567; x_wconf 84' lang='grc' dir='ltr'><strong>καὶ</strong></span> <span class='ocrx_word' id='word_1_412' title='bbox 3141 2511 3339 2587; x_wconf 79' lang='grc' dir='ltr'>προὶξ</span> <span class='ocrx_word' id='word_1_413' title='bbox 3373 2518 3448 2572; x_wconf 80' lang='grc' dir='ltr'><em>σή</em></span> <span class='ocrx_word' id='word_1_414' title='bbox 3482 2514 3641 2578; x_wconf 73' lang='grc' dir='ltr'>ἑστι,</span> <span class='ocrx_word' id='word_1_415' title='bbox 3674 2517 3793 2564; x_wconf 81' lang='grc' dir='ltr'>καὶ</span> <span class='ocrx_word' id='word_1_416' title='bbox 3824 2514 3854 2571; x_wconf 75' lang='grc' dir='ltr'>ἡ</span> 
     </span>
    </p>
   </div>
   <div class='ocr_carea' id='block_1_54' title="bbox 2253 2600 3852 2675">
    <p class='ocr_par' dir='ltr' id='par_1_54' title="bbox 2253 2600 3852 2675">
     <span class='ocr_line' id='line_1_54' title="bbox 2253 2600 3852 2675; baseline -0.003 -20"><span class='ocrx_word' id='word_1_417' title='bbox 2253 2603 2585 2675; x_wconf 73' lang='grc' dir='ltr'>ἐμὴψυχὴ</span> <span class='ocrx_word' id='word_1_418' title='bbox 2617 2609 2725 2656; x_wconf 81' lang='grc' dir='ltr'>καὶ</span> <span class='ocrx_word' id='word_1_419' title='bbox 2782 2607 2847 2656; x_wconf 90' lang='grc' dir='ltr'>τὸ</span> <span class='ocrx_word' id='word_1_420' title='bbox 2903 2610 3086 2675; x_wconf 87' lang='grc' dir='ltr'>σῶμα</span> <span class='ocrx_word' id='word_1_421' title='bbox 3129 2606 3195 2654; x_wconf 89' lang='grc' dir='ltr'>τὸ</span> <span class='ocrx_word' id='word_1_422' title='bbox 3227 2601 3394 2674; x_wconf 77' lang='grc' dir='ltr'>ἐμὸν,</span> <span class='ocrx_word' id='word_1_423' title='bbox 3448 2609 3555 2654; x_wconf 84' lang='grc' dir='ltr'><strong>σον</strong></span> <span class='ocrx_word' id='word_1_424' title='bbox 3604 2600 3789 2654; x_wconf 78' lang='grc' dir='ltr'>ἐστιν</span> <span class='ocrx_word' id='word_1_425' title='bbox 3838 2616 3852 2629; x_wconf 82' lang='grc'>⁶</span> 
     </span>
    </p>
   </div>
   <div class='ocr_carea' id='block_1_55' title="bbox 2255 2690 3860 2767">
    <p class='ocr_par' dir='ltr' id='par_1_55' title="bbox 2255 2690 3860 2767">
     <span class='ocr_line' id='line_1_55' title="bbox 2255 2690 3860 2767; baseline -0.002 -23"><span class='ocrx_word' id='word_1_426' title='bbox 2255 2692 2390 2744; x_wconf 78' lang='grc' dir='ltr'>οὕτω</span> <span class='ocrx_word' id='word_1_427' title='bbox 2414 2698 2500 2745; x_wconf 76' lang='grc' dir='ltr'>καὶ</span> <span class='ocrx_word' id='word_1_428' title='bbox 2533 2695 2563 2750; x_wconf 79' lang='grc' dir='ltr'>ἡ</span> <span class='ocrx_word' id='word_1_429' title='bbox 2592 2699 2807 2767; x_wconf 74' lang='grc' dir='ltr'>σώφρων</span> <span class='ocrx_word' id='word_1_430' title='bbox 2826 2691 2983 2765; x_wconf 72' lang='grc' dir='ltr'>ψυχὴ</span> <span class='ocrx_word' id='word_1_431' title='bbox 3012 2693 3258 2767; x_wconf 72' lang='grc' dir='ltr'><strong>παρθένος</strong></span> <span class='ocrx_word' id='word_1_432' title='bbox 3287 2690 3400 2744; x_wconf 73' lang='grc' dir='ltr'>ἐστὶ</span> <span class='ocrx_word' id='word_1_433' title='bbox 3421 2698 3494 2761; x_wconf 85' lang='grc' dir='ltr'>τῷ</span> <span class='ocrx_word' id='word_1_434' title='bbox 3516 2692 3713 2765; x_wconf 74' lang='grc' dir='ltr'>Κυρίῳ,</span> <span class='ocrx_word' id='word_1_435' title='bbox 3743 2710 3860 2743; x_wconf 78' lang='grc' dir='ltr'>κοεο</span> 
     </span>
    </p>
   </div>
   <div class='ocr_carea' id='block_1_56' title="bbox 2256 2776 3855 2853">
    <p class='ocr_par' dir='ltr' id='par_1_56' title="bbox 2256 2776 3855 2853">
     <span class='ocr_line' id='line_1_56' title="bbox 2256 2776 3855 2853; baseline -0.003 -19"><span class='ocrx_word' id='word_1_436' title='bbox 2256 2790 2493 2834; x_wconf 88' lang='grc' dir='ltr'>νωνοῦσα</span> <span class='ocrx_word' id='word_1_437' title='bbox 2521 2781 2590 2853; x_wconf 83' lang='grc' dir='ltr'><em>τῷ</em></span> <span class='ocrx_word' id='word_1_438' title='bbox 2625 2782 2756 2853; x_wconf 74' lang='grc' dir='ltr'>ἁγίῳ</span> <span class='ocrx_word' id='word_1_439' title='bbox 2787 2781 2949 2833; x_wconf 76' lang='grc' dir='ltr'>αὐτοῦ</span> <span class='ocrx_word' id='word_1_440' title='bbox 3007 2784 3296 2853; x_wconf 80' lang='grc' dir='ltr'>Πνεῦματι.</span> <span class='ocrx_word' id='word_1_441' title='bbox 3336 2783 3453 2853; x_wconf 80' lang='grc' dir='ltr'>Χρή</span> <span class='ocrx_word' id='word_1_442' title='bbox 3487 2776 3545 2833; x_wconf 72' lang='grc' dir='ltr'>δέ</span> <span class='ocrx_word' id='word_1_443' title='bbox 3575 2797 3630 2831; x_wconf 91' lang='grc' dir='ltr'><strong>σε</strong></span> <span class='ocrx_word' id='word_1_444' title='bbox 3672 2781 3855 2850; x_wconf 74' lang='grc' dir='ltr'>ὥσπερ</span> 
     </span>
    </p>
   </div>
   <div class='ocr_carea' id='block_1_57' title="bbox 2260 2868 3856 2943">
    <p class='ocr_par' dir='ltr' id='par_1_57' title="bbox 2260 2868 3856 2943">
     <span class='ocr_line' id='line_1_57' title="bbox 2260 2868 3856 2943; baseline -0.003 -19"><span class='ocrx_word' id='word_1_445' title='bbox 2260 2872 2415 2934; x_wconf 77' lang='grc' dir='ltr'>αὐτὸς</span> <span class='ocrx_word' id='word_1_446' title='bbox 2468 2876 2553 2924; x_wconf 71' lang='grc' dir='ltr'><strong>ἐπὶ</strong></span> <span class='ocrx_word' id='word_1_447' title='bbox 2608 2879 2711 2943; x_wconf 71' lang='grc' dir='ltr'><strong>γῆς</strong></span> <span class='ocrx_word' id='word_1_448' title='bbox 2740 2870 2897 2924; x_wconf 77' lang='grc' dir='ltr'>ἐλθὼν</span> <span class='ocrx_word' id='word_1_449' title='bbox 2936 2872 3111 2934; x_wconf 75' lang='grc' dir='ltr'>ἔπαθε,</span> <span class='ocrx_word' id='word_1_450' title='bbox 3164 2874 3253 2922; x_wconf 72' lang='grc' dir='ltr'>καὶ</span> <span class='ocrx_word' id='word_1_451' title='bbox 3282 2868 3601 2942; x_wconf 75' lang='grc' dir='ltr'>ἕσταυρὼθη,</span> <span class='ocrx_word' id='word_1_452' title='bbox 3657 2872 3745 2920; x_wconf 78' lang='grc' dir='ltr'>καὶ</span> <span class='ocrx_word' id='word_1_453' title='bbox 3791 2871 3856 2920; x_wconf 72' lang='grc' dir='ltr'><strong>σε</strong></span> 
     </span>
    </p>
   </div>
   <div class='ocr_carea' id='block_1_58' title="bbox 2264 2958 3862 3037">
    <p class='ocr_par' dir='ltr' id='par_1_58' title="bbox 2264 2958 3862 3037">
     <span class='ocr_line' id='line_1_58' title="bbox 2264 2958 3862 3037; baseline -0.003 -23"><span class='ocrx_word' id='word_1_454' title='bbox 2264 2963 2580 3037; x_wconf 88' lang='grc' dir='ltr'>συμπαθεῖν.</span> <span class='ocrx_word' id='word_1_455' title='bbox 2636 2959 2795 3013; x_wconf 90' lang='grc' dir='ltr'>Ὀταν</span> <span class='ocrx_word' id='word_1_456' title='bbox 2820 2962 2919 3033; x_wconf 73' lang='grc' dir='ltr'>γὰρ</span> <span class='ocrx_word' id='word_1_457' title='bbox 2978 2958 3338 3033; x_wconf 74' lang='grc' dir='ltr'>ἀναχωρήσῃς</span> <span class='ocrx_word' id='word_1_458' title='bbox 3368 2965 3471 3029; x_wconf 26' lang='grc' dir='ltr'>’τοῦ</span> <span class='ocrx_word' id='word_1_459' title='bbox 3496 2962 3711 3030; x_wconf 77' lang='grc' dir='ltr'>κόσμου,</span> <span class='ocrx_word' id='word_1_460' title='bbox 3761 2960 3862 3010; x_wconf 84' lang='grc' dir='ltr'>καὶ</span> 
     </span>
    </p>
   </div>
   <div class='ocr_carea' id='block_1_59' title="bbox 486 3044 2146 3125">
    <p class='ocr_par' dir='ltr' id='par_1_59' title="bbox 486 3048 2146 3122">
     <span class='ocr_line' id='line_1_59' title="bbox 486 3048 2146 3122; baseline 0.001 -19"><span class='ocrx_word' id='word_1_461' title='bbox 486 3063 615 3103; x_wconf 87' lang='lat' dir='ltr'><strong>rere</strong></span> <span class='ocrx_word' id='word_1_462' title='bbox 664 3048 933 3120; x_wconf 66' lang='lat' dir='ltr'><strong>coeperis,</strong></span> <span class='ocrx_word' id='word_1_463' title='bbox 984 3052 1040 3103; x_wconf 91' lang='lat' dir='ltr'><strong>et</strong></span> <span class='ocrx_word' id='word_1_464' title='bbox 1068 3048 1431 3115; x_wconf 84' lang='lat' dir='ltr'><strong>discernere,</strong></span> <span class='ocrx_word' id='word_1_465' title='bbox 1474 3056 1762 3121; x_wconf 92' lang='lat' dir='ltr'><strong>superest,</strong></span> <span class='ocrx_word' id='word_1_466' title='bbox 1797 3056 1856 3105; x_wconf 91' lang='lat' dir='ltr'><strong>ut</strong></span> <span class='ocrx_word' id='word_1_467' title='bbox 1887 3065 2146 3122; x_wconf 87' lang='lat' dir='ltr'><strong>pugnam</strong></span> 
     </span>
    </p>
   </div>
   <div class='ocr_carea' id='block_1_60' title="bbox 2263 3044 3864 3125">
    <p class='ocr_par' dir='ltr' id='par_1_60' title="bbox 2263 3044 3864 3125">
     <span class='ocr_line' id='line_1_60' title="bbox 2263 3044 3864 3125; baseline -0.004 -23"><span class='ocrx_word' id='word_1_468' title='bbox 2263 3050 2392 3125; x_wconf 78' lang='grc' dir='ltr'>ἄρξῃ</span> <span class='ocrx_word' id='word_1_469' title='bbox 2447 3051 2620 3111; x_wconf 77' lang='grc' dir='ltr'><strong>ζητεῖν</strong></span> <span class='ocrx_word' id='word_1_470' title='bbox 2675 3053 2762 3102; x_wconf 86' lang='grc' dir='ltr'>τὸν</span> <span class='ocrx_word' id='word_1_471' title='bbox 2804 3052 2932 3103; x_wconf 86' lang='grc' dir='ltr'>Θεὸν</span> <span class='ocrx_word' id='word_1_472' title='bbox 2979 3053 3069 3101; x_wconf 82' lang='grc' dir='ltr'><strong>καὶ</strong></span> <span class='ocrx_word' id='word_1_473' title='bbox 3125 3044 3431 3124; x_wconf 75' lang='grc' dir='ltr'><strong>διακρίνειν,</strong></span> <span class='ocrx_word' id='word_1_474' title='bbox 3484 3046 3658 3100; x_wconf 84' lang='grc' dir='ltr'>λοιπὸν</span> <span class='ocrx_word' id='word_1_475' title='bbox 3705 3048 3864 3119; x_wconf 68' lang='grc' dir='ltr'>μάχῃ</span> 
     </span>
    </p>
   </div>
   <div class='ocr_carea' id='block_1_61' title="bbox 486 3136 2151 3208">
    <p class='ocr_par' dir='ltr' id='par_1_61' title="bbox 486 3136 2151 3208">
     <span class='ocr_line' id='line_1_61' title="bbox 486 3136 2151 3208; baseline 0.001 -17"><span class='ocrx_word' id='word_1_476' title='bbox 486 3136 652 3193; x_wconf 89' lang='lat' dir='ltr'><strong>ineas</strong></span> <span class='ocrx_word' id='word_1_477' title='bbox 679 3152 817 3192; x_wconf 91' lang='lat' dir='ltr'><strong>cum</strong></span> <span class='ocrx_word' id='word_1_478' title='bbox 844 3141 1064 3192; x_wconf 88' lang='lat' dir='ltr'><strong>natura</strong></span> <span class='ocrx_word' id='word_1_479' title='bbox 1095 3142 1214 3205; x_wconf 90' lang='lat' dir='ltr'><strong>tua,</strong></span> <span class='ocrx_word' id='word_1_480' title='bbox 1248 3138 1511 3208; x_wconf 88' lang='lat' dir='ltr'><strong>antiquis</strong></span> <span class='ocrx_word' id='word_1_481' title='bbox 1534 3137 1821 3193; x_wconf 89' lang='lat' dir='ltr'><strong>nimirum</strong></span> <span class='ocrx_word' id='word_1_482' title='bbox 1856 3139 2151 3204; x_wconf 91' lang='lat' dir='ltr'><strong>moribus,</strong></span> 
     </span>
    </p>
   </div>
   <div class='ocr_carea' id='block_1_62' title="bbox 488 3226 2153 3298">
    <p class='ocr_par' dir='ltr' id='par_1_62' title="bbox 488 3226 2153 3298">
     <span class='ocr_line' id='line_1_62' title="bbox 488 3226 2153 3298; baseline 0 -16"><span class='ocrx_word' id='word_1_483' title='bbox 488 3227 921 3282; x_wconf 91' lang='lat' dir='ltr'><strong>consuetudine</strong></span> <span class='ocrx_word' id='word_1_484' title='bbox 949 3226 1051 3281; x_wconf 88' lang='lat' dir='ltr'><strong>tibi</strong></span> <span class='ocrx_word' id='word_1_485' title='bbox 1074 3227 1300 3282; x_wconf 86' lang='lat' dir='ltr'><strong>innata.</strong></span> <span class='ocrx_word' id='word_1_486' title='bbox 1326 3230 1391 3282; x_wconf 89' lang='lat' dir='ltr'><strong>Et</strong></span> <span class='ocrx_word' id='word_1_487' title='bbox 1419 3227 1571 3282; x_wconf 91' lang='lat' dir='ltr'><strong>inter</strong></span> <span class='ocrx_word' id='word_1_488' title='bbox 1592 3231 1990 3298; x_wconf 81' lang='lat' dir='ltr'><strong>pugnandum</strong></span> <span class='ocrx_word' id='word_1_489' title='bbox 2016 3244 2153 3282; x_wconf 90' lang='lat' dir='ltr'><strong>cum</strong></span> 
     </span>
    </p>
   </div>
   <div class='ocr_carea' id='block_1_63' title="bbox 487 3315 2151 3385">
    <p class='ocr_par' dir='ltr' id='par_1_63' title="bbox 487 3315 2151 3385">
     <span class='ocr_line' id='line_1_63' title="bbox 487 3315 2151 3385; baseline -0.001 -14"><span class='ocrx_word' id='word_1_490' title='bbox 487 3315 945 3383; x_wconf 89' lang='lat' dir='ltr'><strong>consuetudine,</strong></span> <span class='ocrx_word' id='word_1_491' title='bbox 976 3315 1202 3385; x_wconf 89' lang='lat' dir='ltr'><strong>reperis</strong></span> <span class='ocrx_word' id='word_1_492' title='bbox 1230 3315 1626 3384; x_wconf 80' lang='lat' dir='ltr'><strong>cogitationes</strong></span> <span class='ocrx_word' id='word_1_493' title='bbox 1644 3316 1999 3372; x_wconf 84' lang='lat' dir='ltr'><strong>reluctantes</strong></span> <span class='ocrx_word' id='word_1_494' title='bbox 2025 3316 2151 3383; x_wconf 89' lang='lat' dir='ltr'><strong>tibi,</strong></span> 
     </span>
    </p>
   </div>
   <div class='ocr_carea' id='block_1_64' title="bbox 488 3403 2155 3475">
    <p class='ocr_par' dir='ltr' id='par_1_64' title="bbox 488 3403 2155 3475">
     <span class='ocr_line' id='line_1_64' title="bbox 488 3403 2155 3475; baseline 0.001 -15"><span class='ocrx_word' id='word_1_495' title='bbox 488 3411 545 3460; x_wconf 88' lang='lat' dir='ltr'><strong>et</strong></span> <span class='ocrx_word' id='word_1_496' title='bbox 572 3408 976 3475; x_wconf 84' lang='lat' dir='ltr'><strong>repugnantes</strong></span> <span class='ocrx_word' id='word_1_497' title='bbox 1003 3403 1206 3459; x_wconf 90' lang='lat' dir='ltr'><strong>animo</strong></span> <span class='ocrx_word' id='word_1_498' title='bbox 1230 3410 1363 3458; x_wconf 90' lang='lat' dir='ltr'><strong>tuo:</strong></span> <span class='ocrx_word' id='word_1_499' title='bbox 1394 3420 1530 3475; x_wconf 83' lang='lat' dir='ltr'><strong>quae</strong></span> <span class='ocrx_word' id='word_1_500' title='bbox 1554 3404 1946 3475; x_wconf 81' lang='lat' dir='ltr'><strong>cogitationes</strong></span> <span class='ocrx_word' id='word_1_501' title='bbox 1969 3412 2021 3461; x_wconf 93' lang='lat' dir='ltr'><strong>te</strong></span> <span class='ocrx_word' id='word_1_502' title='bbox 2044 3412 2155 3461; x_wconf 70' lang='lat' dir='ltr'><strong>tra-</strong></span> 
     </span>
    </p>
   </div>
   <div class='ocr_carea' id='block_1_65' title="bbox 485 3492 2157 3564">
    <p class='ocr_par' dir='ltr' id='par_1_65' title="bbox 485 3492 2157 3564">
     <span class='ocr_line' id='line_1_65' title="bbox 485 3492 2157 3564; baseline 0.002 -17"><span class='ocrx_word' id='word_1_503' title='bbox 485 3493 657 3557; x_wconf 90' lang='lat' dir='ltr'><strong>hunt,</strong></span> <span class='ocrx_word' id='word_1_504' title='bbox 696 3498 753 3547; x_wconf 92' lang='lat' dir='ltr'><strong>et</strong></span> <span class='ocrx_word' id='word_1_505' title='bbox 812 3492 983 3563; x_wconf 79' lang='lat'><strong>123</strong></span> <span class='ocrx_word' id='word_1_506' title='bbox 1027 3499 1385 3564; x_wconf 88' lang='lat' dir='ltr'><strong>occupatum</strong></span> <span class='ocrx_word' id='word_1_507' title='bbox 1441 3493 1704 3549; x_wconf 89' lang='lat' dir='ltr'><strong>reddunt</strong></span> <span class='ocrx_word' id='word_1_508' title='bbox 1742 3495 1946 3557; x_wconf 88' lang='lat' dir='ltr'><strong>rebus,</strong></span> <span class='ocrx_word' id='word_1_509' title='bbox 1997 3495 2157 3550; x_wconf 91' lang='lat' dir='ltr'><strong>unde</strong></span> 
     </span>
    </p>
   </div>
   <div class='ocr_carea' id='block_1_66' title="bbox 486 3581 2158 3656">
    <p class='ocr_par' dir='ltr' id='par_1_66' title="bbox 486 3581 2158 3656">
     <span class='ocr_line' id='line_1_66' title="bbox 486 3581 2158 3656; baseline 0.002 -21"><span class='ocrx_word' id='word_1_510' title='bbox 486 3581 737 3645; x_wconf 85' lang='lat' dir='ltr'><strong>exivisti,</strong></span> <span class='ocrx_word' id='word_1_511' title='bbox 791 3581 982 3636; x_wconf 90' lang='lat' dir='ltr'><strong>oculis</strong></span> <span class='ocrx_word' id='word_1_512' title='bbox 1042 3581 1349 3651; x_wconf 85' lang='lat' dir='ltr'><strong>subjectis.</strong></span> <span class='ocrx_word' id='word_1_513' title='bbox 1402 3581 1692 3654; x_wconf 89' lang='lat' dir='ltr'><strong>Deinceps</strong></span> <span class='ocrx_word' id='word_1_514' title='bbox 1747 3582 1962 3654; x_wconf 89' lang='lat' dir='ltr'><strong>incipis</strong></span> <span class='ocrx_word' id='word_1_515' title='bbox 2011 3599 2158 3656; x_wconf 66' lang='lat' dir='ltr'><strong>pras-</strong></span> 
     </span>
    </p>
   </div>
   <div class='ocr_carea' id='block_1_67' title="bbox 486 3668 2158 3740">
    <p class='ocr_par' dir='ltr' id='par_1_67' title="bbox 486 3668 2158 3740">
     <span class='ocr_line' id='line_1_67' title="bbox 486 3668 2158 3740; baseline 0.003 -16"><span class='ocrx_word' id='word_1_516' title='bbox 486 3668 639 3724; x_wconf 87' lang='lat' dir='ltr'><strong>lium</strong></span> <span class='ocrx_word' id='word_1_517' title='bbox 662 3684 975 3725; x_wconf 88' lang='lat' dir='ltr'><strong>conserere</strong></span> <span class='ocrx_word' id='word_1_518' title='bbox 996 3685 1066 3725; x_wconf 89' lang='lat' dir='ltr'><strong>ac</strong></span> <span class='ocrx_word' id='word_1_519' title='bbox 1086 3669 1333 3737; x_wconf 89' lang='lat' dir='ltr'><strong>bellum,</strong></span> <span class='ocrx_word' id='word_1_520' title='bbox 1358 3671 1751 3740; x_wconf 80' lang='lat' dir='ltr'><strong>cogitationes</strong></span> <span class='ocrx_word' id='word_1_521' title='bbox 1781 3688 2027 3729; x_wconf 91' lang='lat' dir='ltr'><strong>movens</strong></span> <span class='ocrx_word' id='word_1_522' title='bbox 2048 3674 2158 3729; x_wconf 92' lang='lat' dir='ltr'><strong>ad-</strong></span> 
     </span>
    </p>
   </div>
   <div class='ocr_carea' id='block_1_68' title="bbox 484 3758 2154 3830">
    <p class='ocr_par' dir='ltr' id='par_1_68' title="bbox 484 3758 2154 3830">
     <span class='ocr_line' id='line_1_68' title="bbox 484 3758 2154 3830; baseline 0.003 -17"><span class='ocrx_word' id='word_1_523' title='bbox 484 3774 689 3814; x_wconf 87' lang='lat' dir='ltr'><strong>versus</strong></span> <span class='ocrx_word' id='word_1_524' title='bbox 736 3758 1147 3828; x_wconf 83' lang='lat' dir='ltr'><strong>cogitationes,</strong></span> <span class='ocrx_word' id='word_1_525' title='bbox 1208 3766 1472 3815; x_wconf 91' lang='lat' dir='ltr'><strong>mentem</strong></span> <span class='ocrx_word' id='word_1_526' title='bbox 1521 3760 1818 3817; x_wconf 86' lang='lat' dir='ltr'><strong>adversus</strong></span> <span class='ocrx_word' id='word_1_527' title='bbox 1870 3769 2154 3830; x_wconf 88' lang='lat' dir='ltr'><strong>mentem,</strong></span> 
     </span>
    </p>
   </div>
   <div class='ocr_carea' id='block_1_69' title="bbox 483 3846 2159 3924">
    <p class='ocr_par' dir='ltr' id='par_1_69' title="bbox 483 3846 2159 3924">
     <span class='ocr_line' id='line_1_69' title="bbox 483 3846 2159 3924; baseline 0.003 -22"><span class='ocrx_word' id='word_1_528' title='bbox 483 3848 753 3903; x_wconf 89' lang='lat' dir='ltr'><strong>animam</strong></span> <span class='ocrx_word' id='word_1_529' title='bbox 775 3846 992 3903; x_wconf 88' lang='lat' dir='ltr'><strong>advers</strong></span> <span class='ocrx_word' id='word_1_530' title='bbox 1003 3864 1070 3903; x_wconf 91' lang='lat' dir='ltr'><strong>us</strong></span> <span class='ocrx_word' id='word_1_531' title='bbox 1084 3848 1380 3917; x_wconf 89' lang='lat' dir='ltr'><strong>animam,</strong></span> <span class='ocrx_word' id='word_1_532' title='bbox 1410 3850 1696 3921; x_wconf 89' lang='lat' dir='ltr'><strong>Spiritum</strong></span> <span class='ocrx_word' id='word_1_533' title='bbox 1721 3850 2015 3907; x_wconf 89' lang='lat' dir='ltr'><strong>adversus</strong></span> <span class='ocrx_word' id='word_1_534' title='bbox 2034 3853 2159 3924; x_wconf 84' lang='lat' dir='ltr'><strong>Spi-</strong></span> 
     </span>
    </p>
   </div>
   <div class='ocr_carea' id='block_1_70' title="bbox 486 3935 2157 4013">
    <p class='ocr_par' dir='ltr' id='par_1_70' title="bbox 486 3935 2157 4013">
     <span class='ocr_line' id='line_1_70' title="bbox 486 3935 2157 4013; baseline 0.004 -22"><span class='ocrx_word' id='word_1_535' title='bbox 486 3936 666 3992; x_wconf 90' lang='lat' dir='ltr'><strong>ritum</strong></span> <span class='ocrx_word' id='word_1_536' title='bbox 694 3952 706 3991; x_wconf 88' lang='lat'><em>:</em></span> <span class='ocrx_word' id='word_1_537' title='bbox 742 3942 1020 3993; x_wconf 75' lang='lat' dir='ltr'><strong>caeterum</strong></span> <span class='ocrx_word' id='word_1_538' title='bbox 1043 3935 1161 3993; x_wconf 92' lang='lat' dir='ltr'><strong>illic</strong></span> <span class='ocrx_word' id='word_1_539' title='bbox 1187 3941 1413 3996; x_wconf 58' lang='lat' dir='ltr'><strong>(eterna</strong></span> <span class='ocrx_word' id='word_1_540' title='bbox 1434 3953 1678 4011; x_wconf 90' lang='lat' dir='ltr'><strong>quoque</strong></span> <span class='ocrx_word' id='word_1_541' title='bbox 1711 3940 1916 3997; x_wconf 88' lang='lat' dir='ltr'><strong>anima</strong></span> <span class='ocrx_word' id='word_1_542' title='bbox 1938 3947 2157 4013; x_wconf 69' lang='lat' dir='ltr'><strong>priesto</strong></span> 
     </span>
    </p>
   </div>
   <div class='ocr_carea' id='block_1_71' title="bbox 492 4033 603 4083">
    <p class='ocr_par' dir='ltr' id='par_1_71' title="bbox 492 4033 603 4083">
     <span class='ocr_line' id='line_1_71' title="bbox 492 4033 603 4083; baseline -0.027 -1"><span class='ocrx_word' id='word_1_543' title='bbox 492 4033 603 4083; x_wconf 65' lang='grc' dir='ltr'>θεῖ.</span> 
     </span>
    </p>
   </div>
   <div class='ocr_carea' id='block_1_72' title="bbox 568 4151 2157 4224">
    <p class='ocr_par' dir='ltr' id='par_1_72' title="bbox 568 4151 2157 4224">
     <span class='ocr_line' id='line_1_72' title="bbox 568 4151 2157 4224; baseline 0.003 -17"><span class='ocrx_word' id='word_1_544' title='bbox 568 4154 628 4207; x_wconf 88' lang='grc' dir='ltr'><strong>Χ.</strong></span> <span class='ocrx_word' id='word_1_545' title='bbox 665 4153 826 4206; x_wconf 89' lang='lat' dir='ltr'><strong>Latet</strong></span> <span class='ocrx_word' id='word_1_546' title='bbox 849 4151 1009 4206; x_wconf 92' lang='lat' dir='ltr'><strong>enim</strong></span> <span class='ocrx_word' id='word_1_547' title='bbox 1031 4152 1264 4208; x_wconf 85' lang='lat' dir='ltr'><strong>occulta</strong></span> <span class='ocrx_word' id='word_1_548' title='bbox 1302 4153 1584 4224; x_wconf 83' lang='lat' dir='ltr'><strong>quaedam</strong></span> <span class='ocrx_word' id='word_1_549' title='bbox 1617 4158 1673 4209; x_wconf 91' lang='lat' dir='ltr'><strong>et</strong></span> <span class='ocrx_word' id='word_1_550' title='bbox 1703 4154 1933 4211; x_wconf 90' lang='lat' dir='ltr'><strong>subtilis</strong></span> <span class='ocrx_word' id='word_1_551' title='bbox 1973 4155 2157 4212; x_wconf 84' lang='lat' dir='ltr'><strong>facul-</strong></span> 
     </span>
    </p>
   </div>
   <div class='ocr_carea' id='block_1_73' title="bbox 491 4239 2158 4317">
    <p class='ocr_par' dir='ltr' id='par_1_73' title="bbox 491 4239 2158 4317">
     <span class='ocr_line' id='line_1_73' title="bbox 491 4239 2158 4317; baseline 0.003 -22"><span class='ocrx_word' id='word_1_552' title='bbox 491 4245 581 4296; x_wconf 91' lang='lat' dir='ltr'><strong>tas</strong></span> <span class='ocrx_word' id='word_1_553' title='bbox 622 4239 1025 4305; x_wconf 88' lang='lat' dir='ltr'><strong>tenebrarum,</strong></span> <span class='ocrx_word' id='word_1_554' title='bbox 1055 4240 1327 4295; x_wconf 86' lang='lat' dir='ltr'><strong>insidens</strong></span> <span class='ocrx_word' id='word_1_555' title='bbox 1372 4242 1557 4296; x_wconf 91' lang='lat' dir='ltr'><strong>cordi.</strong></span> <span class='ocrx_word' id='word_1_556' title='bbox 1593 4242 1883 4298; x_wconf 89' lang='lat' dir='ltr'><strong>Dominus</strong></span> <span class='ocrx_word' id='word_1_557' title='bbox 1914 4260 2158 4317; x_wconf 90' lang='lat' dir='ltr'><strong>quoque</strong></span> 
     </span>
    </p>
   </div>
   <div class='ocr_carea' id='block_1_74' title="bbox 493 4330 2160 4405">
    <p class='ocr_par' dir='ltr' id='par_1_74' title="bbox 493 4330 2160 4405">
     <span class='ocr_line' id='line_1_74' title="bbox 493 4330 2160 4405; baseline 0.004 -22"><span class='ocrx_word' id='word_1_558' title='bbox 493 4345 673 4400; x_wconf 90' lang='lat' dir='ltr'><strong>prope</strong></span> <span class='ocrx_word' id='word_1_559' title='bbox 718 4330 983 4383; x_wconf 87' lang='lat' dir='ltr'><strong>animam</strong></span> <span class='ocrx_word' id='word_1_560' title='bbox 1036 4335 1091 4383; x_wconf 92' lang='lat' dir='ltr'><strong>et</strong></span> <span class='ocrx_word' id='word_1_561' title='bbox 1125 4345 1347 4400; x_wconf 87' lang='lat' dir='ltr'><strong>corpus</strong></span> <span class='ocrx_word' id='word_1_562' title='bbox 1377 4337 1543 4385; x_wconf 92' lang='lat' dir='ltr'><strong>tuum</strong></span> <span class='ocrx_word' id='word_1_563' title='bbox 1571 4338 1678 4397; x_wconf 87' lang='lat' dir='ltr'><strong>est,</strong></span> <span class='ocrx_word' id='word_1_564' title='bbox 1733 4337 2009 4403; x_wconf 90' lang='lat' dir='ltr'><strong>spectans</strong></span> <span class='ocrx_word' id='word_1_565' title='bbox 2049 4350 2160 4405; x_wconf 91' lang='lat' dir='ltr'><strong>pu-</strong></span> 
     </span>
    </p>
   </div>
   <div class='ocr_carea' id='block_1_75' title="bbox 2263 3136 3870 3212">
    <p class='ocr_par' dir='ltr' id='par_1_75' title="bbox 2263 3136 3870 3212">
     <span class='ocr_line' id='line_1_75' title="bbox 2263 3136 3870 3212; baseline -0.002 -21"><span class='ocrx_word' id='word_1_566' title='bbox 2263 3147 2325 3212; x_wconf 81' lang='grc' dir='ltr'><strong>τῇ</strong></span> <span class='ocrx_word' id='word_1_567' title='bbox 2388 3142 2540 3212; x_wconf 74' lang='grc' dir='ltr'>φύσει</span> <span class='ocrx_word' id='word_1_568' title='bbox 2591 3158 2684 3192; x_wconf 91' lang='grc' dir='ltr'><strong>σου</strong></span> <span class='ocrx_word' id='word_1_569' title='bbox 2740 3141 2789 3191; x_wconf 81' lang='grc' dir='ltr'>ἓν</span> <span class='ocrx_word' id='word_1_570' title='bbox 2840 3144 2951 3200; x_wconf 84' lang='grc' dir='ltr'>τοῖς</span> <span class='ocrx_word' id='word_1_571' title='bbox 2996 3136 3236 3197; x_wconf 80' lang='grc' dir='ltr'>παλαιοῖς</span> <span class='ocrx_word' id='word_1_572' title='bbox 3287 3139 3443 3196; x_wconf 75' lang='grc' dir='ltr'>ἤθεσι</span> <span class='ocrx_word' id='word_1_573' title='bbox 3482 3141 3571 3189; x_wconf 79' lang='grc' dir='ltr'>καὶ</span> <span class='ocrx_word' id='word_1_574' title='bbox 3752 3155 3870 3188; x_wconf 78' lang='grc' dir='ltr'>συν·</span> 
     </span>
    </p>
   </div>
   <div class='ocr_carea' id='block_1_76' title="bbox 2266 3227 3860 3301">
    <p class='ocr_par' dir='ltr' id='par_1_76' title="bbox 2266 3227 3860 3301">
     <span class='ocr_line' id='line_1_76' title="bbox 2266 3227 3860 3301; baseline -0.004 -21"><span class='ocrx_word' id='word_1_575' title='bbox 2266 3230 2415 3301; x_wconf 78' lang='grc' dir='ltr'>ηθείᾳ</span> <span class='ocrx_word' id='word_1_576' title='bbox 2535 3229 2925 3299; x_wconf 72' lang='grc' dir='ltr'>συνεγεννήθης.</span> <span class='ocrx_word' id='word_1_577' title='bbox 2988 3230 3091 3279; x_wconf 80' lang='grc' dir='ltr'><strong>Καὶ</strong></span> <span class='ocrx_word' id='word_1_578' title='bbox 3148 3227 3195 3278; x_wconf 78' lang='grc' dir='ltr'>ἑν</span> <span class='ocrx_word' id='word_1_579' title='bbox 3228 3233 3299 3297; x_wconf 83' lang='grc' dir='ltr'>τῷ</span> <span class='ocrx_word' id='word_1_580' title='bbox 3351 3227 3627 3298; x_wconf 79' lang='grc' dir='ltr'>μάχεσθαι</span> <span class='ocrx_word' id='word_1_581' title='bbox 3656 3232 3723 3299; x_wconf 70' lang='grc' dir='ltr'><strong>τῇ</strong></span> <span class='ocrx_word' id='word_1_582' title='bbox 3752 3243 3860 3276; x_wconf 46' lang='grc' dir='ltr'>συνῆ</span> 
     </span>
    </p>
   </div>
   <div class='ocr_carea' id='block_1_77' title="bbox 2266 3314 3849 3390">
    <p class='ocr_par' dir='ltr' id='par_1_77' title="bbox 2266 3314 3849 3390">
     <span class='ocr_line' id='line_1_77' title="bbox 2266 3314 3849 3390; baseline -0.003 -22"><span class='ocrx_word' id='word_1_583' title='bbox 2266 3319 2435 3390; x_wconf 81' lang='grc' dir='ltr'>ηθείᾳ,</span> <span class='ocrx_word' id='word_1_584' title='bbox 2514 3318 2769 3389; x_wconf 77' lang='grc' dir='ltr'><strong>εὑρίσκεις</strong></span> <span class='ocrx_word' id='word_1_585' title='bbox 2844 3315 3132 3389; x_wconf 78' lang='grc' dir='ltr'>λογισμοὺς</span> <span class='ocrx_word' id='word_1_586' title='bbox 3205 3314 3589 3387; x_wconf 74' lang='grc' dir='ltr'>ἀντικειμένους</span> <span class='ocrx_word' id='word_1_587' title='bbox 3641 3316 3849 3367; x_wconf 85' lang='grc' dir='ltr'>σοικαὶ</span> 
     </span>
    </p>
   </div>
   <div class='ocr_carea' id='block_1_78' title="bbox 2264 3403 3855 3478">
    <p class='ocr_par' dir='ltr' id='par_1_78' title="bbox 2264 3403 3855 3478">
     <span class='ocr_line' id='line_1_78' title="bbox 2264 3403 3855 3478; baseline -0.003 -20"><span class='ocrx_word' id='word_1_588' title='bbox 2264 3411 2595 3478; x_wconf 75' lang='grc' dir='ltr'>μαχομένους</span> <span class='ocrx_word' id='word_1_589' title='bbox 2648 3414 2720 3477; x_wconf 80' lang='grc' dir='ltr'>τῷ</span> <span class='ocrx_word' id='word_1_590' title='bbox 2768 3414 2837 3477; x_wconf 81' lang='grc' dir='ltr'>νῷ</span> <span class='ocrx_word' id='word_1_591' title='bbox 2870 3424 2986 3471; x_wconf 83' lang='grc' dir='ltr'>σου,</span> <span class='ocrx_word' id='word_1_592' title='bbox 3016 3410 3108 3457; x_wconf 82' lang='grc' dir='ltr'><strong>καὶ</strong></span> <span class='ocrx_word' id='word_1_593' title='bbox 3155 3404 3366 3457; x_wconf 79' lang='grc' dir='ltr'>ἕλκουσί</span> <span class='ocrx_word' id='word_1_594' title='bbox 3396 3423 3454 3457; x_wconf 84' lang='grc' dir='ltr'><strong>σε</strong></span> <span class='ocrx_word' id='word_1_595' title='bbox 3507 3406 3558 3457; x_wconf 76' lang='grc' dir='ltr'>οἱ</span> <span class='ocrx_word' id='word_1_596' title='bbox 3600 3403 3855 3477; x_wconf 68' lang='grc' dir='ltr'>λογισμοὶ,</span> 
     </span>
    </p>
   </div>
   <div class='ocr_carea' id='block_1_79' title="bbox 2266 3493 3862 3570">
    <p class='ocr_par' dir='ltr' id='par_1_79' title="bbox 2266 3493 3862 3570">
     <span class='ocr_line' id='line_1_79' title="bbox 2266 3493 3862 3570; baseline 0.001 -23"><span class='ocrx_word' id='word_1_597' title='bbox 2266 3499 2355 3547; x_wconf 85' lang='grc' dir='ltr'>καὶ</span> <span class='ocrx_word' id='word_1_598' title='bbox 2421 3494 2797 3570; x_wconf 80' lang='grc' dir='ltr'>ῥεμϐάζουσιν,</span> <span class='ocrx_word' id='word_1_599' title='bbox 2871 3497 2983 3549; x_wconf 86' lang='grc' dir='ltr'>ὅθεν</span> <span class='ocrx_word' id='word_1_600' title='bbox 3032 3494 3238 3558; x_wconf 73' lang='grc' dir='ltr'>ἕξῆλθες</span> <span class='ocrx_word' id='word_1_601' title='bbox 3308 3493 3380 3557; x_wconf 82' lang='grc' dir='ltr'>εἰς</span> <span class='ocrx_word' id='word_1_602' title='bbox 3435 3497 3496 3547; x_wconf 87' lang='grc' dir='ltr'>τὸ</span> <span class='ocrx_word' id='word_1_603' title='bbox 3540 3500 3862 3567; x_wconf 72' lang='grc' dir='ltr'>φαινόμενον.</span> 
     </span>
    </p>
   </div>
   <div class='ocr_carea' id='block_1_80' title="bbox 2263 3582 3873 3658">
    <p class='ocr_par' dir='ltr' id='par_1_80' title="bbox 2263 3582 3873 3658">
     <span class='ocr_line' id='line_1_80' title="bbox 2263 3582 3873 3658; baseline -0.002 -18"><span class='ocrx_word' id='word_1_604' title='bbox 2263 3584 2447 3658; x_wconf 70' lang='grc' dir='ltr'>’Ἃρχῃ</span> <span class='ocrx_word' id='word_1_605' title='bbox 2505 3585 2683 3639; x_wconf 87' lang='grc' dir='ltr'>λοιπὸν</span> <span class='ocrx_word' id='word_1_606' title='bbox 2712 3592 2875 3639; x_wconf 86' lang='grc' dir='ltr'>ποιεῖν</span> <span class='ocrx_word' id='word_1_607' title='bbox 2924 3584 3101 3657; x_wconf 68' lang='grc' dir='ltr'>ἀγῶνα</span> <span class='ocrx_word' id='word_1_608' title='bbox 3155 3589 3246 3637; x_wconf 82' lang='grc' dir='ltr'>καὶ</span> <span class='ocrx_word' id='word_1_609' title='bbox 3286 3582 3527 3657; x_wconf 83' lang='grc' dir='ltr'>πόλεμον,</span> <span class='ocrx_word' id='word_1_610' title='bbox 3585 3584 3873 3656; x_wconf 71' lang='grc' dir='ltr'>λογισμοὺς</span> 
     </span>
    </p>
   </div>
   <div class='ocr_carea' id='block_1_81' title="bbox 2263 3673 3877 3749">
    <p class='ocr_par' dir='ltr' id='par_1_81' title="bbox 2263 3673 3877 3749">
     <span class='ocr_line' id='line_1_81' title="bbox 2263 3673 3877 3749; baseline -0.001 -22"><span class='ocrx_word' id='word_1_611' title='bbox 2263 3683 2416 3727; x_wconf 87' lang='grc' dir='ltr'>κινῶν</span> <span class='ocrx_word' id='word_1_612' title='bbox 2468 3678 2598 3749; x_wconf 89' lang='grc' dir='ltr'>πρὸς</span> <span class='ocrx_word' id='word_1_613' title='bbox 2644 3674 2949 3748; x_wconf 76' lang='grc' dir='ltr'>λογισμοὺς,</span> <span class='ocrx_word' id='word_1_614' title='bbox 2996 3681 3114 3727; x_wconf 85' lang='grc' dir='ltr'>νοῦν</span> <span class='ocrx_word' id='word_1_615' title='bbox 3156 3676 3283 3747; x_wconf 88' lang='grc' dir='ltr'>πρὸς</span> <span class='ocrx_word' id='word_1_616' title='bbox 3333 3680 3472 3739; x_wconf 87' lang='grc' dir='ltr'>νοῦν,</span> <span class='ocrx_word' id='word_1_617' title='bbox 3503 3673 3697 3746; x_wconf 69' lang='grc' dir='ltr'>ψυχὴν</span> <span class='ocrx_word' id='word_1_618' title='bbox 3746 3676 3877 3749; x_wconf 80' lang='grc' dir='ltr'>πρὸς</span> 
     </span>
    </p>
   </div>
   <div class='ocr_carea' id='block_1_82' title="bbox 2264 3762 3872 3839">
    <p class='ocr_par' dir='ltr' id='par_1_82' title="bbox 2264 3762 3872 3839">
     <span class='ocr_line' id='line_1_82' title="bbox 2264 3762 3872 3839; baseline -0.001 -22"><span class='ocrx_word' id='word_1_619' title='bbox 2264 3765 2471 3837; x_wconf 74' lang='grc' dir='ltr'>ψυχὴν,</span> <span class='ocrx_word' id='word_1_620' title='bbox 2522 3771 2727 3836; x_wconf 89' lang='grc' dir='ltr'>πνεῦμα</span> <span class='ocrx_word' id='word_1_621' title='bbox 2774 3768 2905 3839; x_wconf 91' lang='grc' dir='ltr'>πρὸς</span> <span class='ocrx_word' id='word_1_622' title='bbox 2950 3772 3150 3837; x_wconf 92' lang='grc' dir='ltr'>πνεῦμα</span> <span class='ocrx_word' id='word_1_623' title='bbox 3178 3781 3190 3794; x_wconf 76' lang='grc'><strong>⁸</strong></span> <span class='ocrx_word' id='word_1_624' title='bbox 3246 3768 3335 3816; x_wconf 87' lang='grc' dir='ltr'>καὶ</span> <span class='ocrx_word' id='word_1_625' title='bbox 3382 3762 3564 3817; x_wconf 88' lang='grc' dir='ltr'>λοιπὸν</span> <span class='ocrx_word' id='word_1_626' title='bbox 3595 3762 3700 3816; x_wconf 76' lang='grc' dir='ltr'>ἐκεῖ</span> <span class='ocrx_word' id='word_1_627' title='bbox 3748 3762 3872 3815; x_wconf 78' lang='grc' dir='ltr'><strong>αἰω-</strong></span> 
     </span>
    </p>
   </div>
   <div class='ocr_carea' id='block_1_83' title="bbox 2264 3852 2623 3926">
    <p class='ocr_par' dir='ltr' id='par_1_83' title="bbox 2264 3852 2623 3926">
     <span class='ocr_line' id='line_1_83' title="bbox 2264 3852 2623 3926; baseline 0.003 -19"><span class='ocrx_word' id='word_1_628' title='bbox 2264 3858 2350 3907; x_wconf 90' lang='grc' dir='ltr'><strong>νία</strong></span> <span class='ocrx_word' id='word_1_629' title='bbox 2378 3856 2407 3913; x_wconf 76' lang='grc' dir='ltr'>ἡ</span> <span class='ocrx_word' id='word_1_630' title='bbox 2441 3852 2623 3926; x_wconf 75' lang='grc' dir='ltr'>ψυχή.</span> 
     </span>
    </p>
   </div>
   <div class='ocr_carea' id='block_1_84' title="bbox 2337 4150 3870 4227">
    <p class='ocr_par' dir='ltr' id='par_1_84' title="bbox 2337 4150 3870 4227">
     <span class='ocr_line' id='line_1_84' title="bbox 2337 4150 3870 4227; baseline -0.008 -12"><span class='ocrx_word' id='word_1_631' title='bbox 2337 4158 2396 4215; x_wconf 86' lang='grc' dir='ltr'><strong>Ι’.</strong></span> <span class='ocrx_word' id='word_1_632' title='bbox 2450 4155 2900 4212; x_wconf 83' lang='grc' dir='ltr'>Ἀποκαλύπτεται</span> <span class='ocrx_word' id='word_1_633' title='bbox 2928 4155 3027 4227; x_wconf 77' lang='grc' dir='ltr'>γὰρ</span> <span class='ocrx_word' id='word_1_634' title='bbox 3076 4155 3403 4227; x_wconf 68' lang='grc' dir='ltr'>κεκρυμμένη</span> <span class='ocrx_word' id='word_1_635' title='bbox 3450 4170 3531 4213; x_wconf 86' lang='grc' dir='ltr'><strong>τις</strong></span> <span class='ocrx_word' id='word_1_636' title='bbox 3574 4156 3668 4204; x_wconf 80' lang='grc' dir='ltr'>καὶ</span> <span class='ocrx_word' id='word_1_637' title='bbox 3710 4150 3870 4209; x_wconf 67' lang='grc' dir='ltr'>λεπτή</span> 
     </span>
    </p>
   </div>
   <div class='ocr_carea' id='block_1_85' title="bbox 2267 4237 3877 4321">
    <p class='ocr_par' dir='ltr' id='par_1_85' title="bbox 2267 4237 3877 4321">
     <span class='ocr_line' id='line_1_85' title="bbox 2267 4237 3877 4321; baseline -0.004 -21"><span class='ocrx_word' id='word_1_638' title='bbox 2267 4245 2493 4321; x_wconf 81' lang='grc' dir='ltr'>δύναμις</span> <span class='ocrx_word' id='word_1_639' title='bbox 2523 4253 2614 4300; x_wconf 86' lang='grc' dir='ltr'><strong>τοῦ</strong></span> <span class='ocrx_word' id='word_1_640' title='bbox 2662 4249 2875 4305; x_wconf 77' lang='grc' dir='ltr'>σκότους</span> <span class='ocrx_word' id='word_1_641' title='bbox 2927 4242 3333 4316; x_wconf 64' lang='grc' dir='ltr'>ἓγκαθεζομίνου</span> <span class='ocrx_word' id='word_1_642' title='bbox 3373 4248 3435 4313; x_wconf 73' lang='grc' dir='ltr'><strong>τῇ</strong></span> <span class='ocrx_word' id='word_1_643' title='bbox 3492 4237 3697 4313; x_wconf 77' lang='grc' dir='ltr'>καρδίᾳ</span> <span class='ocrx_word' id='word_1_644' title='bbox 3732 4256 3748 4270; x_wconf 87' lang='grc'><strong>·</strong></span> <span class='ocrx_word' id='word_1_645' title='bbox 3785 4244 3877 4294; x_wconf 78' lang='grc' dir='ltr'>καὶ</span> 
     </span>
    </p>
   </div>
   <div class='ocr_carea' id='block_1_86' title="bbox 2267 4332 3878 4409">
    <p class='ocr_par' dir='ltr' id='par_1_86' title="bbox 2267 4332 3878 4409">
     <span class='ocr_line' id='line_1_86' title="bbox 2267 4332 3878 4409; baseline -0.004 -20"><span class='ocrx_word' id='word_1_646' title='bbox 2267 4338 2291 4389; x_wconf 90' lang='lat'><strong>6</strong></span> <span class='ocrx_word' id='word_1_647' title='bbox 2348 4339 2532 4409; x_wconf 84' lang='grc' dir='ltr'>Κύριος</span> <span class='ocrx_word' id='word_1_648' title='bbox 2580 4335 2734 4406; x_wconf 65' lang='grc' dir='ltr'><strong>ἐγγὺς</strong></span> <span class='ocrx_word' id='word_1_649' title='bbox 2782 4341 2873 4394; x_wconf 78' lang='grc' dir='ltr'>τῆς</span> <span class='ocrx_word' id='word_1_650' title='bbox 2917 4333 3102 4405; x_wconf 72' lang='grc' dir='ltr'>ψυχῆς</span> <span class='ocrx_word' id='word_1_651' title='bbox 3156 4335 3247 4384; x_wconf 79' lang='grc' dir='ltr'>καὶ</span> <span class='ocrx_word' id='word_1_652' title='bbox 3300 4337 3392 4383; x_wconf 87' lang='grc' dir='ltr'><strong>τοῦ</strong></span> <span class='ocrx_word' id='word_1_653' title='bbox 3470 4333 3717 4402; x_wconf 86' lang='grc' dir='ltr'>σώματός</span> <span class='ocrx_word' id='word_1_654' title='bbox 3777 4332 3878 4383; x_wconf 75' lang='grc' dir='ltr'><strong>σού</strong></span> 
     </span>
    </p>
   </div>
   <div class='ocr_carea' id='block_1_87' title="bbox 492 4418 2146 4498">
    <p class='ocr_par' dir='ltr' id='par_1_87' title="bbox 492 4418 2146 4488">
     <span class='ocr_line' id='line_1_87' title="bbox 492 4418 2146 4488; baseline 0.004 -17"><span class='ocrx_word' id='word_1_655' title='bbox 492 4432 673 4485; x_wconf 92' lang='lat' dir='ltr'><strong>gnam</strong></span> <span class='ocrx_word' id='word_1_656' title='bbox 701 4422 886 4481; x_wconf 89' lang='lat' dir='ltr'><strong>tuam,</strong></span> <span class='ocrx_word' id='word_1_657' title='bbox 914 4422 972 4471; x_wconf 92' lang='lat' dir='ltr'><strong>et</strong></span> <span class='ocrx_word' id='word_1_658' title='bbox 1005 4432 1259 4472; x_wconf 88' lang='lat' dir='ltr'><strong>arcanas</strong></span> <span class='ocrx_word' id='word_1_659' title='bbox 1283 4418 1560 4473; x_wconf 72' lang='lat' dir='ltr'><strong>caelestes</strong></span> <span class='ocrx_word' id='word_1_660' title='bbox 1591 4421 1979 4488; x_wconf 88' lang='lat' dir='ltr'><strong>cogitationes</strong></span> <span class='ocrx_word' id='word_1_661' title='bbox 2010 4423 2146 4478; x_wconf 71' lang='lat' dir='ltr'><strong>indit</strong></span> 
     </span>
    </p>
   </div>
   <div class='ocr_carea' id='block_1_88' title="bbox 2263 4418 3887 4498">
    <p class='ocr_par' dir='ltr' id='par_1_88' title="bbox 2266 4418 3887 4498">
     <span class='ocr_line' id='line_1_88' title="bbox 2266 4418 3887 4498; baseline -0.005 -20"><span class='ocrx_word' id='word_1_662' title='bbox 2266 4428 2406 4478; x_wconf 75' lang='grc' dir='ltr'>εστιν</span> <span class='ocrx_word' id='word_1_663' title='bbox 2438 4427 2568 4498; x_wconf 86' lang='grc' dir='ltr'>ὁρῶν</span> <span class='ocrx_word' id='word_1_664' title='bbox 2597 4429 2685 4477; x_wconf 88' lang='grc' dir='ltr'>τὸν</span> <span class='ocrx_word' id='word_1_665' title='bbox 2728 4423 2948 4496; x_wconf 85' lang='grc' dir='ltr'>πόλεμόν</span> <span class='ocrx_word' id='word_1_666' title='bbox 2981 4441 3097 4488; x_wconf 89' lang='grc' dir='ltr'>σου,</span> <span class='ocrx_word' id='word_1_667' title='bbox 3138 4425 3229 4473; x_wconf 79' lang='grc' dir='ltr'><strong>καὶ</strong></span> <span class='ocrx_word' id='word_1_668' title='bbox 3274 4421 3533 4492; x_wconf 72' lang='grc' dir='ltr'>κρυπτοὺς</span> <span class='ocrx_word' id='word_1_669' title='bbox 3584 4418 3887 4491; x_wconf 76' lang='grc' dir='ltr'>λογισμοὺς</span> 
     </span>
    </p>
   </div>
   <div class='ocr_carea' id='block_1_89' title="bbox 493 4504 2156 4577">
    <p class='ocr_par' dir='ltr' id='par_1_89' title="bbox 493 4504 2156 4577">
     <span class='ocr_line' id='line_1_89' title="bbox 493 4504 2156 4577; baseline 0.004 -16"><span class='ocrx_word' id='word_1_670' title='bbox 493 4506 616 4570; x_wconf 88' lang='lat' dir='ltr'><strong>tibi,</strong></span> <span class='ocrx_word' id='word_1_671' title='bbox 654 4509 834 4576; x_wconf 88' lang='lat' dir='ltr'><strong>atque</strong></span> <span class='ocrx_word' id='word_1_672' title='bbox 866 4504 1073 4577; x_wconf 90' lang='lat' dir='ltr'><strong>incipit</strong></span> <span class='ocrx_word' id='word_1_673' title='bbox 1102 4506 1261 4561; x_wconf 88' lang='lat' dir='ltr'><strong>clam</strong></span> <span class='ocrx_word' id='word_1_674' title='bbox 1301 4513 1351 4561; x_wconf 89' lang='lat' dir='ltr'><strong>te</strong></span> <span class='ocrx_word' id='word_1_675' title='bbox 1382 4508 1733 4564; x_wconf 85' lang='lat' dir='ltr'><strong>refocillare.</strong></span> <span class='ocrx_word' id='word_1_676' title='bbox 1769 4510 2012 4566; x_wconf 89' lang='lat' dir='ltr'><strong>Dimittit</strong></span> <span class='ocrx_word' id='word_1_677' title='bbox 2045 4528 2156 4567; x_wconf 62' lang='lat' dir='ltr'><strong>au-</strong></span> 
     </span>
    </p>
   </div>
   <div class='ocr_carea' id='block_1_90' title="bbox 492 4594 2158 4668">
    <p class='ocr_par' dir='ltr' id='par_1_90' title="bbox 492 4594 2158 4668">
     <span class='ocr_line' id='line_1_90' title="bbox 492 4594 2158 4668; baseline 0.004 -18"><span class='ocrx_word' id='word_1_678' title='bbox 492 4601 611 4651; x_wconf 91' lang='lat' dir='ltr'><strong>tem</strong></span> <span class='ocrx_word' id='word_1_679' title='bbox 655 4600 726 4665; x_wconf 92' lang='lat' dir='ltr'><strong>te,</strong></span> <span class='ocrx_word' id='word_1_680' title='bbox 761 4594 953 4649; x_wconf 90' lang='lat' dir='ltr'><strong>donec</strong></span> <span class='ocrx_word' id='word_1_681' title='bbox 990 4596 1309 4663; x_wconf 85' lang='lat' dir='ltr'><strong>erudiaris,</strong></span> <span class='ocrx_word' id='word_1_682' title='bbox 1349 4602 1405 4651; x_wconf 92' lang='lat' dir='ltr'><strong>et</strong></span> <span class='ocrx_word' id='word_1_683' title='bbox 1444 4596 1503 4651; x_wconf 92' lang='lat' dir='ltr'><strong>in</strong></span> <span class='ocrx_word' id='word_1_684' title='bbox 1540 4597 1687 4668; x_wconf 91' lang='lat' dir='ltr'><strong>ipsis</strong></span> <span class='ocrx_word' id='word_1_685' title='bbox 1735 4597 2158 4657; x_wconf 83' lang='lat' dir='ltr'><strong>afﬂictionibus</strong></span> 
     </span>
    </p>
   </div>
   <div class='ocr_carea' id='block_1_91' title="bbox 496 4682 2155 4761">
    <p class='ocr_par' dir='ltr' id='par_1_91' title="bbox 496 4682 2155 4761">
     <span class='ocr_line' id='line_1_91' title="bbox 496 4682 2155 4761; baseline 0.005 -24"><span class='ocrx_word' id='word_1_686' title='bbox 496 4682 697 4752; x_wconf 85' lang='lat' dir='ltr'><strong>dirigit</strong></span> <span class='ocrx_word' id='word_1_687' title='bbox 724 4687 778 4737; x_wconf 90' lang='lat' dir='ltr'><strong>te</strong></span> <span class='ocrx_word' id='word_1_688' title='bbox 806 4683 1033 4752; x_wconf 87' lang='lat' dir='ltr'><strong>gratia:</strong></span> <span class='ocrx_word' id='word_1_689' title='bbox 1067 4700 1201 4754; x_wconf 67' lang='lat' dir='ltr'><strong>quae</strong></span> <span class='ocrx_word' id='word_1_690' title='bbox 1231 4685 1330 4739; x_wconf 93' lang='lat' dir='ltr'><strong>ubi</strong></span> <span class='ocrx_word' id='word_1_691' title='bbox 1350 4700 1384 4739; x_wconf 90' lang='lat' dir='ltr'><strong>a</strong></span> <span class='ocrx_word' id='word_1_692' title='bbox 1406 4701 1610 4755; x_wconf 87' lang='lat' dir='ltr'><strong>pugna</strong></span> <span class='ocrx_word' id='word_1_693' title='bbox 1636 4687 1712 4741; x_wconf 90' lang='lat' dir='ltr'><strong>ad</strong></span> <span class='ocrx_word' id='word_1_694' title='bbox 1737 4688 1999 4759; x_wconf 85' lang='lat' dir='ltr'><strong>quietem</strong></span> <span class='ocrx_word' id='word_1_695' title='bbox 2029 4705 2155 4761; x_wconf 89' lang='lat' dir='ltr'><strong>per-</strong></span> 
     </span>
    </p>
   </div>
   <div class='ocr_carea' id='block_1_92' title="bbox 496 4772 2159 4847">
    <p class='ocr_par' dir='ltr' id='par_1_92' title="bbox 496 4772 2159 4847">
     <span class='ocr_line' id='line_1_92' title="bbox 496 4772 2159 4847; baseline 0.005 -20"><span class='ocrx_word' id='word_1_696' title='bbox 496 4773 749 4841; x_wconf 85' lang='lat' dir='ltr'><strong>veneris,</strong></span> <span class='ocrx_word' id='word_1_697' title='bbox 792 4772 1279 4842; x_wconf 89' lang='lat' dir='ltr'><strong>cognoscendam</strong></span> <span class='ocrx_word' id='word_1_698' title='bbox 1337 4774 1440 4829; x_wconf 91' lang='lat' dir='ltr'><strong>tibi</strong></span> <span class='ocrx_word' id='word_1_699' title='bbox 1493 4792 1553 4830; x_wconf 93' lang='lat' dir='ltr'><strong>se</strong></span> <span class='ocrx_word' id='word_1_700' title='bbox 1601 4778 1799 4847; x_wconf 83' lang='lat' dir='ltr'><strong>ipsam</strong></span> <span class='ocrx_word' id='word_1_701' title='bbox 1856 4779 2052 4842; x_wconf 87' lang='lat' dir='ltr'><strong>tradit,</strong></span> <span class='ocrx_word' id='word_1_702' title='bbox 2103 4786 2159 4836; x_wconf 91' lang='lat' dir='ltr'><strong>et</strong></span> 
     </span>
    </p>
   </div>
   <div class='ocr_carea' id='block_1_93' title="bbox 496 4862 2173 4940">
    <p class='ocr_par' dir='ltr' id='par_1_93' title="bbox 496 4862 2173 4940">
     <span class='ocr_line' id='line_1_93' title="bbox 496 4862 2173 4940; baseline 0.004 -23"><span class='ocrx_word' id='word_1_703' title='bbox 496 4868 935 4918; x_wconf 87' lang='lat' dir='ltr'><strong>commonstrat</strong></span> <span class='ocrx_word' id='word_1_704' title='bbox 966 4862 1093 4927; x_wconf 86' lang='lat' dir='ltr'><strong>tibi,</strong></span> <span class='ocrx_word' id='word_1_705' title='bbox 1120 4879 1182 4917; x_wconf 91' lang='lat' dir='ltr'><strong>se</strong></span> <span class='ocrx_word' id='word_1_706' title='bbox 1216 4863 1295 4918; x_wconf 88' lang='lat' dir='ltr'><strong>ad</strong></span> <span class='ocrx_word' id='word_1_707' title='bbox 1322 4864 1798 4921; x_wconf 90' lang='lat' dir='ltr'><strong>emolumentum</strong></span> <span class='ocrx_word' id='word_1_708' title='bbox 1832 4871 1999 4923; x_wconf 90' lang='lat' dir='ltr'><strong>tuum</strong></span> <span class='ocrx_word' id='word_1_709' title='bbox 2030 4884 2173 4940; x_wconf 12' lang='lat' dir='ltr'><strong>per-.7</strong></span> 
     </span>
    </p>
   </div>
   <div class='ocr_carea' id='block_1_94' title="bbox 492 4950 2157 5017">
    <p class='ocr_par' dir='ltr' id='par_1_94' title="bbox 492 4950 2157 5017">
     <span class='ocr_line' id='line_1_94' title="bbox 492 4950 2157 5017; baseline 0.005 -13"><span class='ocrx_word' id='word_1_710' title='bbox 492 4950 749 5017; x_wconf 86' lang='lat' dir='ltr'><strong>misisse,</strong></span> <span class='ocrx_word' id='word_1_711' title='bbox 806 4957 869 5005; x_wconf 90' lang='lat' dir='ltr'><strong>ut</strong></span> <span class='ocrx_word' id='word_1_712' title='bbox 919 4951 1268 5007; x_wconf 89' lang='lat' dir='ltr'><strong>exercearis.</strong></span> <span class='ocrx_word' id='word_1_713' title='bbox 1326 4952 1572 5007; x_wconf 88' lang='lat' dir='ltr'><strong>Perinde</strong></span> <span class='ocrx_word' id='word_1_714' title='bbox 1627 4969 1696 5009; x_wconf 88' lang='lat' dir='ltr'><strong>ac</strong></span> <span class='ocrx_word' id='word_1_715' title='bbox 1750 4954 1801 5008; x_wconf 91' lang='lat' dir='ltr'><strong>si</strong></span> <span class='ocrx_word' id='word_1_716' title='bbox 1851 4955 1926 5012; x_wconf 92' lang='lat' dir='ltr'><strong>sit</strong></span> <span class='ocrx_word' id='word_1_717' title='bbox 1964 4956 2157 5013; x_wconf 90' lang='lat' dir='ltr'><strong>divitis</strong></span> 
     </span>
    </p>
   </div>
   <div class='ocr_carea' id='block_1_95' title="bbox 492 5040 2158 5113">
    <p class='ocr_par' dir='ltr' id='par_1_95' title="bbox 492 5040 2158 5113">
     <span class='ocr_line' id='line_1_95' title="bbox 492 5040 2158 5113; baseline 0.005 -19"><span class='ocrx_word' id='word_1_718' title='bbox 492 5040 808 5110; x_wconf 89' lang='lat' dir='ltr'><strong>cujusdam</strong></span> <span class='ocrx_word' id='word_1_719' title='bbox 860 5056 1030 5111; x_wconf 89' lang='lat' dir='ltr'><strong>puer,</strong></span> <span class='ocrx_word' id='word_1_720' title='bbox 1072 5041 1171 5111; x_wconf 91' lang='lat' dir='ltr'><strong>qui</strong></span> <span class='ocrx_word' id='word_1_721' title='bbox 1206 5040 1429 5097; x_wconf 90' lang='lat' dir='ltr'><strong>habeat</strong></span> <span class='ocrx_word' id='word_1_722' title='bbox 1470 5042 1894 5113; x_wconf 84' lang='lat' dir='ltr'><strong>paedagogum,</strong></span> <span class='ocrx_word' id='word_1_723' title='bbox 1945 5046 2158 5102; x_wconf 89' lang='lat' dir='ltr'><strong>tandiu</strong></span> 
     </span>
    </p>
   </div>
   <div class='ocr_carea' id='block_1_96' title="bbox 494 5128 2156 5201">
    <p class='ocr_par' dir='ltr' id='par_1_96' title="bbox 494 5128 2156 5201">
     <span class='ocr_line' id='line_1_96' title="bbox 494 5128 2156 5201; baseline 0.005 -18"><span class='ocrx_word' id='word_1_724' title='bbox 494 5128 743 5200; x_wconf 90' lang='lat' dir='ltr'><strong>quidem</strong></span> <span class='ocrx_word' id='word_1_725' title='bbox 765 5128 907 5184; x_wconf 89' lang='lat' dir='ltr'><strong>loris</strong></span> <span class='ocrx_word' id='word_1_726' title='bbox 938 5129 1104 5184; x_wconf 87' lang='lat' dir='ltr'><strong>illum</strong></span> <span class='ocrx_word' id='word_1_727' title='bbox 1136 5130 1339 5196; x_wconf 62' lang='lat' dir='ltr'><strong>credit;</strong></span> <span class='ocrx_word' id='word_1_728' title='bbox 1363 5137 1419 5185; x_wconf 92' lang='lat' dir='ltr'><strong>et</strong></span> <span class='ocrx_word' id='word_1_729' title='bbox 1450 5133 1777 5201; x_wconf 86' lang='lat' dir='ltr'><strong>castigatio,</strong></span> <span class='ocrx_word' id='word_1_730' title='bbox 1805 5133 2056 5191; x_wconf 86' lang='lat' dir='ltr'><strong>vulnera</strong></span> <span class='ocrx_word' id='word_1_731' title='bbox 2086 5151 2156 5192; x_wconf 90' lang='lat' dir='ltr'><strong>ac</strong></span> 
     </span>
    </p>
   </div>
   <div class='ocr_carea' id='block_1_97' title="bbox 500 5217 2151 5295">
    <p class='ocr_par' dir='ltr' id='par_1_97' title="bbox 500 5217 2151 5295">
     <span class='ocr_line' id='line_1_97' title="bbox 500 5217 2151 5295; baseline 0.005 -23"><span class='ocrx_word' id='word_1_732' title='bbox 500 5218 692 5288; x_wconf 68' lang='lat' dir='ltr'><strong>plaga:</strong></span> <span class='ocrx_word' id='word_1_733' title='bbox 723 5217 987 5273; x_wconf 72' lang='lat' dir='ltr'><strong>molestae</strong></span> <span class='ocrx_word' id='word_1_734' title='bbox 1010 5218 1063 5272; x_wconf 92' lang='lat' dir='ltr'><strong>ei</strong></span> <span class='ocrx_word' id='word_1_735' title='bbox 1081 5218 1373 5284; x_wconf 88' lang='lat' dir='ltr'><strong>videntur,</strong></span> <span class='ocrx_word' id='word_1_736' title='bbox 1404 5219 1592 5275; x_wconf 90' lang='lat' dir='ltr'><strong>donec</strong></span> <span class='ocrx_word' id='word_1_737' title='bbox 1616 5222 1815 5278; x_wconf 89' lang='lat' dir='ltr'><strong>evadit</strong></span> <span class='ocrx_word' id='word_1_738' title='bbox 1841 5225 1902 5279; x_wconf 89' lang='lat' dir='ltr'><strong>in</strong></span> <span class='ocrx_word' id='word_1_739' title='bbox 1924 5225 2151 5295; x_wconf 85' lang='lat' dir='ltr'><strong>virum;</strong></span> 
     </span>
    </p>
   </div>
   <div class='ocr_carea' id='block_1_98' title="bbox 495 5307 2153 5385">
    <p class='ocr_par' dir='ltr' id='par_1_98' title="bbox 495 5307 2153 5385">
     <span class='ocr_line' id='line_1_98' title="bbox 495 5307 2153 5385; baseline 0.005 -22"><span class='ocrx_word' id='word_1_740' title='bbox 495 5312 636 5363; x_wconf 91' lang='lat' dir='ltr'><strong>tunc</strong></span> <span class='ocrx_word' id='word_1_741' title='bbox 666 5324 806 5363; x_wconf 90' lang='lat' dir='ltr'><strong>vero</strong></span> <span class='ocrx_word' id='word_1_742' title='bbox 845 5307 1053 5378; x_wconf 91' lang='lat' dir='ltr'><strong>incipit</strong></span> <span class='ocrx_word' id='word_1_743' title='bbox 1089 5314 1327 5377; x_wconf 86' lang='lat' dir='ltr'><strong>gratum</strong></span> <span class='ocrx_word' id='word_1_744' title='bbox 1354 5325 1415 5364; x_wconf 92' lang='lat' dir='ltr'><strong>se</strong></span> <span class='ocrx_word' id='word_1_745' title='bbox 1452 5310 1729 5367; x_wconf 82' lang='lat' dir='ltr'><strong>exhibere</strong></span> <span class='ocrx_word' id='word_1_746' title='bbox 1762 5313 2096 5385; x_wconf 74' lang='lat' dir='ltr'><strong>paedagogo</strong></span> <span class='ocrx_word' id='word_1_747' title='bbox 2138 5333 2153 5372; x_wconf 87' lang='lat'><strong>:</strong></span> 
     </span>
    </p>
   </div>
   <div class='ocr_carea' id='block_1_99' title="bbox 496 5396 2155 5472">
    <p class='ocr_par' dir='ltr' id='par_1_99' title="bbox 496 5396 2155 5472">
     <span class='ocr_line' id='line_1_99' title="bbox 496 5396 2155 5472; baseline 0.007 -22"><span class='ocrx_word' id='word_1_748' title='bbox 496 5397 577 5451; x_wconf 91' lang='lat' dir='ltr'><strong>sic</strong></span> <span class='ocrx_word' id='word_1_749' title='bbox 590 5412 833 5469; x_wconf 88' lang='lat' dir='ltr'><strong>quoque</strong></span> <span class='ocrx_word' id='word_1_750' title='bbox 849 5396 1037 5465; x_wconf 87' lang='lat' dir='ltr'><strong>gratia</strong></span> <span class='ocrx_word' id='word_1_751' title='bbox 1055 5413 1192 5452; x_wconf 89' lang='lat' dir='ltr'><strong>cum</strong></span> <span class='ocrx_word' id='word_1_752' title='bbox 1208 5398 1655 5469; x_wconf 91' lang='lat' dir='ltr'><strong>dispensatione</strong></span> <span class='ocrx_word' id='word_1_753' title='bbox 1669 5401 1946 5472; x_wconf 87' lang='lat' dir='ltr'><strong>castigat,</strong></span> <span class='ocrx_word' id='word_1_754' title='bbox 1961 5404 2155 5461; x_wconf 93' lang='lat' dir='ltr'><strong>donec</strong></span> 
     </span>
    </p>
   </div>
   <div class='ocr_carea' id='block_1_100' title="bbox 499 5484 1417 5556">
    <p class='ocr_par' dir='ltr' id='par_1_100' title="bbox 499 5484 1417 5556">
     <span class='ocr_line' id='line_1_100' title="bbox 499 5484 1417 5556; baseline 0.001 -18"><span class='ocrx_word' id='word_1_755' title='bbox 499 5484 560 5539; x_wconf 93' lang='lat' dir='ltr'><strong>in</strong></span> <span class='ocrx_word' id='word_1_756' title='bbox 593 5486 919 5556; x_wconf 82' lang='lat' dir='ltr'><strong>perfectum</strong></span> <span class='ocrx_word' id='word_1_757' title='bbox 946 5486 1141 5541; x_wconf 89' lang='lat' dir='ltr'><strong>virum</strong></span> <span class='ocrx_word' id='word_1_758' title='bbox 1173 5488 1417 5543; x_wconf 88' lang='lat' dir='ltr'><strong>evadas.</strong></span> 
     </span>
    </p>
   </div>
   <div class='ocr_carea' id='block_1_101' title="bbox 568 5591 2152 5673">
    <p class='ocr_par' dir='ltr' id='par_1_101' title="bbox 568 5591 2152 5673">
     <span class='ocr_line' id='line_1_101' title="bbox 568 5591 2152 5673; baseline 0.009 -29"><span class='ocrx_word' id='word_1_759' title='bbox 568 5592 649 5645; x_wconf 88' lang='grc' dir='ltr'><strong>Χῐ.</strong></span> <span class='ocrx_word' id='word_1_760' title='bbox 687 5591 953 5661; x_wconf 86' lang='lat' dir='ltr'><strong>Agricola</strong></span> <span class='ocrx_word' id='word_1_761' title='bbox 982 5608 1188 5647; x_wconf 90' lang='lat' dir='ltr'><strong>semen</strong></span> <span class='ocrx_word' id='word_1_762' title='bbox 1213 5594 1272 5649; x_wconf 92' lang='lat' dir='ltr'><strong>in</strong></span> <span class='ocrx_word' id='word_1_763' title='bbox 1301 5610 1729 5669; x_wconf 90' lang='lat' dir='ltr'><strong>quamcunque</strong></span> <span class='ocrx_word' id='word_1_764' title='bbox 1756 5603 1989 5669; x_wconf 91' lang='lat' dir='ltr'><strong>partem</strong></span> <span class='ocrx_word' id='word_1_765' title='bbox 2019 5617 2152 5673; x_wconf 86' lang='lat' dir='ltr'><strong>pro-</strong></span> 
     </span>
    </p>
   </div>
   <div class='ocr_carea' id='block_1_102' title="bbox 488 5679 2149 5759">
    <p class='ocr_par' dir='ltr' id='par_1_102' title="bbox 488 5679 2149 5759">
     <span class='ocr_line' id='line_1_102' title="bbox 488 5679 2149 5759; baseline 0.009 -25"><span class='ocrx_word' id='word_1_766' title='bbox 488 5679 638 5755; x_wconf 86' lang='lat' dir='ltr'><strong>jicit,</strong></span> <span class='ocrx_word' id='word_1_767' title='bbox 667 5687 724 5736; x_wconf 87' lang='lat' dir='ltr'><strong>et</strong></span> <span class='ocrx_word' id='word_1_768' title='bbox 761 5679 862 5755; x_wconf 90' lang='lat' dir='ltr'><strong>qui</strong></span> <span class='ocrx_word' id='word_1_769' title='bbox 892 5679 1120 5753; x_wconf 89' lang='lat' dir='ltr'><strong>plantat</strong></span> <span class='ocrx_word' id='word_1_770' title='bbox 1151 5682 1409 5755; x_wconf 89' lang='lat' dir='ltr'><strong>vineam,</strong></span> <span class='ocrx_word' id='word_1_771' title='bbox 1450 5684 1613 5759; x_wconf 88' lang='lat' dir='ltr'><strong>cupit</strong></span> <span class='ocrx_word' id='word_1_772' title='bbox 1637 5690 1700 5742; x_wconf 91' lang='lat' dir='ltr'><strong>ut</strong></span> <span class='ocrx_word' id='word_1_773' title='bbox 1730 5689 1853 5747; x_wconf 86' lang='lat' dir='ltr'><strong>tota</strong></span> <span class='ocrx_word' id='word_1_774' title='bbox 1889 5688 2149 5749; x_wconf 82' lang='lat' dir='ltr'><strong>fructum</strong></span> 
     </span>
    </p>
   </div>
   <div class='ocr_carea' id='block_1_103' title="bbox 2267 4507 3881 4589">
    <p class='ocr_par' dir='ltr' id='par_1_103' title="bbox 2267 4507 3881 4589">
     <span class='ocr_line' id='line_1_103' title="bbox 2267 4507 3881 4589; baseline -0.004 -22"><span class='ocrx_word' id='word_1_775' title='bbox 2267 4515 2540 4589; x_wconf 75' lang='grc' dir='ltr'>οὐρανίους</span> <span class='ocrx_word' id='word_1_776' title='bbox 2593 4512 2828 4571; x_wconf 78' lang='grc' dir='ltr'>ἕντίθησί</span> <span class='ocrx_word' id='word_1_777' title='bbox 2883 4531 2986 4579; x_wconf 88' lang='grc' dir='ltr'>σοι,</span> <span class='ocrx_word' id='word_1_778' title='bbox 3016 4515 3106 4564; x_wconf 83' lang='grc' dir='ltr'>καὶ</span> <span class='ocrx_word' id='word_1_779' title='bbox 3135 4512 3364 4583; x_wconf 80' lang='grc' dir='ltr'>ἄρχεται</span> <span class='ocrx_word' id='word_1_780' title='bbox 3412 4507 3696 4561; x_wconf 79' lang='grc' dir='ltr'>ἀναπαύειν</span> <span class='ocrx_word' id='word_1_781' title='bbox 3736 4527 3800 4561; x_wconf 86' lang='grc' dir='ltr'><strong>σε</strong></span> <span class='ocrx_word' id='word_1_782' title='bbox 3829 4508 3881 4560; x_wconf 73' lang='grc' dir='ltr'>ἐν</span> 
     </span>
    </p>
   </div>
   <div class='ocr_carea' id='block_1_104' title="bbox 2266 4593 3882 4678">
    <p class='ocr_par' dir='ltr' id='par_1_104' title="bbox 2266 4593 3882 4678">
     <span class='ocr_line' id='line_1_104' title="bbox 2266 4593 3882 4678; baseline -0.004 -22"><span class='ocrx_word' id='word_1_783' title='bbox 2266 4613 2339 4676; x_wconf 85' lang='grc' dir='ltr'>τῷ</span> <span class='ocrx_word' id='word_1_784' title='bbox 2380 4611 2612 4678; x_wconf 82' lang='grc' dir='ltr'>κρυπτῷ.</span> <span class='ocrx_word' id='word_1_785' title='bbox 2664 4603 2884 4674; x_wconf 72' lang='grc' dir='ltr'>Ἀφίησι</span> <span class='ocrx_word' id='word_1_786' title='bbox 2916 4598 2975 4654; x_wconf 79' lang='grc' dir='ltr'>δέ</span> <span class='ocrx_word' id='word_1_787' title='bbox 3016 4618 3074 4653; x_wconf 87' lang='grc' dir='ltr'><strong>σε</strong></span> <span class='ocrx_word' id='word_1_788' title='bbox 3103 4604 3228 4662; x_wconf 75' lang='grc' dir='ltr'>τέως</span> <span class='ocrx_word' id='word_1_789' title='bbox 3261 4593 3636 4663; x_wconf 81' lang='grc' dir='ltr'>παιδευθῆναι,</span> <span class='ocrx_word' id='word_1_790' title='bbox 3676 4602 3773 4649; x_wconf 77' lang='grc' dir='ltr'>καὶ</span> <span class='ocrx_word' id='word_1_791' title='bbox 3808 4597 3882 4659; x_wconf 79' lang='grc' dir='ltr'>εἰς</span> 
     </span>
    </p>
   </div>
   <div class='ocr_carea' id='block_1_105' title="bbox 2268 4688 3880 4762">
    <p class='ocr_par' dir='ltr' id='par_1_105' title="bbox 2268 4688 3880 4762">
     <span class='ocr_line' id='line_1_105' title="bbox 2268 4688 3880 4762; baseline -0.004 -17"><span class='ocrx_word' id='word_1_792' title='bbox 2268 4693 2430 4754; x_wconf 71' lang='grc' dir='ltr'>αὐτὰς</span> <span class='ocrx_word' id='word_1_793' title='bbox 2476 4694 2566 4754; x_wconf 89' lang='grc' dir='ltr'><strong>τάς</strong></span> <span class='ocrx_word' id='word_1_794' title='bbox 2627 4690 2825 4762; x_wconf 72' lang='grc' dir='ltr'>θλίψεις</span> <span class='ocrx_word' id='word_1_795' title='bbox 2871 4689 3129 4762; x_wconf 71' lang='grc' dir='ltr'>οἰκονομεῖ</span> <span class='ocrx_word' id='word_1_796' title='bbox 3175 4707 3233 4741; x_wconf 89' lang='grc' dir='ltr'><strong>σε</strong></span> <span class='ocrx_word' id='word_1_797' title='bbox 3285 4688 3316 4747; x_wconf 80' lang='grc' dir='ltr'>ἡ</span> <span class='ocrx_word' id='word_1_798' title='bbox 3371 4690 3535 4762; x_wconf 84' lang='grc' dir='ltr'>χάρις</span> <span class='ocrx_word' id='word_1_799' title='bbox 3562 4705 3576 4719; x_wconf 92' lang='grc'><strong>·</strong></span> <span class='ocrx_word' id='word_1_800' title='bbox 3628 4690 3720 4738; x_wconf 81' lang='grc' dir='ltr'>καὶ</span> <span class='ocrx_word' id='word_1_801' title='bbox 3753 4688 3880 4739; x_wconf 79' lang='grc' dir='ltr'>ὅταν</span> 
     </span>
    </p>
   </div>
   <div class='ocr_carea' id='block_1_106' title="bbox 2267 4771 3882 4854">
    <p class='ocr_par' dir='ltr' id='par_1_106' title="bbox 2267 4771 3882 4854">
     <span class='ocr_line' id='line_1_106' title="bbox 2267 4771 3882 4854; baseline -0.005 -20"><span class='ocrx_word' id='word_1_802' title='bbox 2267 4782 2415 4854; x_wconf 68' lang='grc' dir='ltr'>ἔλθῃς</span> <span class='ocrx_word' id='word_1_803' title='bbox 2456 4781 2526 4841; x_wconf 88' lang='grc' dir='ltr'>εἰς</span> <span class='ocrx_word' id='word_1_804' title='bbox 2554 4779 2866 4847; x_wconf 78' lang='grc' dir='ltr'>ἀνάπαυσιν,</span> <span class='ocrx_word' id='word_1_805' title='bbox 2893 4778 3136 4853; x_wconf 73' lang='grc' dir='ltr'>γνωρίζει</span> <span class='ocrx_word' id='word_1_806' title='bbox 3168 4795 3255 4829; x_wconf 89' lang='grc' dir='ltr'><strong>σοι</strong></span> <span class='ocrx_word' id='word_1_807' title='bbox 3303 4775 3511 4840; x_wconf 71' lang='grc' dir='ltr'>ἑαυτὴν,</span> <span class='ocrx_word' id='word_1_808' title='bbox 3547 4778 3639 4827; x_wconf 79' lang='grc' dir='ltr'><strong>καὶ</strong></span> <span class='ocrx_word' id='word_1_809' title='bbox 3672 4771 3882 4827; x_wconf 65' lang='grc' dir='ltr'>δείκνυε</span> 
     </span>
    </p>
   </div>
   <div class='ocr_carea' id='block_1_107' title="bbox 2270 4870 3882 4944">
    <p class='ocr_par' dir='ltr' id='par_1_107' title="bbox 2270 4870 3882 4944">
     <span class='ocr_line' id='line_1_107' title="bbox 2270 4870 3882 4944; baseline -0.003 -21"><span class='ocrx_word' id='word_1_810' title='bbox 2270 4875 2325 4923; x_wconf 90' lang='grc' dir='ltr'><strong>σί</strong></span> <span class='ocrx_word' id='word_1_811' title='bbox 2370 4890 2474 4939; x_wconf 72' lang='grc' dir='ltr'>σοι,</span> <span class='ocrx_word' id='word_1_812' title='bbox 2524 4871 2605 4922; x_wconf 89' lang='grc' dir='ltr'>ὃτι</span> <span class='ocrx_word' id='word_1_813' title='bbox 2657 4871 2783 4944; x_wconf 69' lang='grc' dir='ltr'>ὑπερ</span> <span class='ocrx_word' id='word_1_814' title='bbox 2835 4875 2927 4921; x_wconf 88' lang='grc' dir='ltr'><strong>τοῦ</strong></span> <span class='ocrx_word' id='word_1_815' title='bbox 2978 4871 3321 4941; x_wconf 72' lang='grc' dir='ltr'>συμφέροντος</span> <span class='ocrx_word' id='word_1_816' title='bbox 3370 4883 3465 4917; x_wconf 92' lang='grc' dir='ltr'><strong>σου</strong></span> <span class='ocrx_word' id='word_1_817' title='bbox 3513 4870 3882 4937; x_wconf 75' lang='grc' dir='ltr'>παρεχώρησε</span> 
     </span>
    </p>
   </div>
   <div class='ocr_carea' id='block_1_108' title="bbox 2265 4952 3881 5034">
    <p class='ocr_par' dir='ltr' id='par_1_108' title="bbox 2265 4952 3881 5034">
     <span class='ocr_line' id='line_1_108' title="bbox 2265 4952 3881 5034; baseline -0.004 -23"><span class='ocrx_word' id='word_1_818' title='bbox 2265 4962 2636 5034; x_wconf 78' lang='grc' dir='ltr'>γυμνασθῆναί</span> <span class='ocrx_word' id='word_1_819' title='bbox 2681 4978 2757 5013; x_wconf 91' lang='grc' dir='ltr'>σε.</span> <span class='ocrx_word' id='word_1_820' title='bbox 2802 4956 3001 5030; x_wconf 82' lang='grc' dir='ltr'>Ὠσπερ</span> <span class='ocrx_word' id='word_1_821' title='bbox 3043 4952 3227 5029; x_wconf 71' lang='grc' dir='ltr'>ὄτανῇ</span> <span class='ocrx_word' id='word_1_822' title='bbox 3276 4954 3529 5008; x_wconf 81' lang='grc' dir='ltr'>πλουσίου</span> <span class='ocrx_word' id='word_1_823' title='bbox 3573 4956 3716 5015; x_wconf 83' lang='grc' dir='ltr'>τινὸς</span> <span class='ocrx_word' id='word_1_824' title='bbox 3755 4972 3881 5006; x_wconf 79' lang='grc' dir='ltr'>παι-</span> 
     </span>
    </p>
   </div>
   <div class='ocr_carea' id='block_1_109' title="bbox 2269 5043 3881 5123">
    <p class='ocr_par' dir='ltr' id='par_1_109' title="bbox 2269 5043 3881 5123">
     <span class='ocr_line' id='line_1_109' title="bbox 2269 5043 3881 5123; baseline -0.004 -21"><span class='ocrx_word' id='word_1_825' title='bbox 2269 5046 2404 5116; x_wconf 87' lang='grc' dir='ltr'>δίον,</span> <span class='ocrx_word' id='word_1_826' title='bbox 2452 5055 2543 5102; x_wconf 86' lang='grc' dir='ltr'><strong>καὶ</strong></span> <span class='ocrx_word' id='word_1_827' title='bbox 2591 5052 2689 5123; x_wconf 66' lang='grc' dir='ltr'><strong>ἔχῃ</strong></span> <span class='ocrx_word' id='word_1_828' title='bbox 2747 5044 3113 5119; x_wconf 72' lang='grc' dir='ltr'>παιδαγωγὸν,</span> <span class='ocrx_word' id='word_1_829' title='bbox 3159 5049 3286 5108; x_wconf 78' lang='grc' dir='ltr'>τίως</span> <span class='ocrx_word' id='word_1_830' title='bbox 3342 5047 3431 5118; x_wconf 70' lang='grc' dir='ltr'><strong>μεν</strong></span> <span class='ocrx_word' id='word_1_831' title='bbox 3482 5043 3665 5117; x_wconf 81' lang='grc' dir='ltr'>λὼροες</span> <span class='ocrx_word' id='word_1_832' title='bbox 3714 5046 3881 5096; x_wconf 80' lang='grc' dir='ltr'>αὐτὸν</span> 
     </span>
    </p>
   </div>
   <div class='ocr_carea' id='block_1_110' title="bbox 2268 5134 3883 5212">
    <p class='ocr_par' dir='ltr' id='par_1_110' title="bbox 2268 5134 3883 5212">
     <span class='ocr_line' id='line_1_110' title="bbox 2268 5134 3883 5212; baseline -0.005 -20"><span class='ocrx_word' id='word_1_833' title='bbox 2268 5138 2568 5212; x_wconf 80' lang='grc' dir='ltr'>βασανίζει,</span> <span class='ocrx_word' id='word_1_834' title='bbox 2628 5142 2717 5191; x_wconf 76' lang='grc' dir='ltr'>καὶ</span> <span class='ocrx_word' id='word_1_835' title='bbox 2750 5140 2780 5197; x_wconf 82' lang='grc' dir='ltr'>ἡ</span> <span class='ocrx_word' id='word_1_836' title='bbox 2827 5134 3066 5196; x_wconf 86' lang='grc' dir='ltr'>παιδεία.</span> <span class='ocrx_word' id='word_1_837' title='bbox 3117 5140 3207 5189; x_wconf 83' lang='grc' dir='ltr'>καὶ</span> <span class='ocrx_word' id='word_1_838' title='bbox 3258 5136 3325 5187; x_wconf 77' lang='grc' dir='ltr'>τὰ</span> <span class='ocrx_word' id='word_1_839' title='bbox 3353 5135 3649 5209; x_wconf 80' lang='grc' dir='ltr'>τραύματα,</span> <span class='ocrx_word' id='word_1_840' title='bbox 3696 5138 3792 5185; x_wconf 85' lang='grc' dir='ltr'>καὶ</span> <span class='ocrx_word' id='word_1_841' title='bbox 3820 5134 3883 5186; x_wconf 80' lang='grc' dir='ltr'>αἱ</span> 
     </span>
    </p>
   </div>
   <div class='ocr_carea' id='block_1_111' title="bbox 2264 5219 3877 5301">
    <p class='ocr_par' dir='ltr' id='par_1_111' title="bbox 2264 5219 3877 5301">
     <span class='ocr_line' id='line_1_111' title="bbox 2264 5219 3877 5301; baseline -0.005 -21"><span class='ocrx_word' id='word_1_842' title='bbox 2264 5228 2465 5300; x_wconf 79' lang='grc' dir='ltr'>πληγαὶ</span> <span class='ocrx_word' id='word_1_843' title='bbox 2536 5226 2752 5301; x_wconf 84' lang='grc' dir='ltr'>βαρεῖαν</span> <span class='ocrx_word' id='word_1_844' title='bbox 2801 5231 3087 5299; x_wconf 73' lang='grc' dir='ltr'>φαίνονται,</span> <span class='ocrx_word' id='word_1_845' title='bbox 3146 5226 3237 5287; x_wconf 78' lang='grc' dir='ltr'><strong>ἕως</strong></span> <span class='ocrx_word' id='word_1_846' title='bbox 3308 5224 3393 5276; x_wconf 80' lang='grc' dir='ltr'>ὅτε</span> <span class='ocrx_word' id='word_1_847' title='bbox 3447 5225 3663 5293; x_wconf 74' lang='grc' dir='ltr'>γίνηται</span> <span class='ocrx_word' id='word_1_848' title='bbox 3713 5219 3877 5295; x_wconf 68' lang='grc' dir='ltr'><strong>ιίινιπξρ⁹</strong></span> 
     </span>
    </p>
   </div>
   <div class='ocr_carea' id='block_1_112' title="bbox 2265 5308 3883 5391">
    <p class='ocr_par' dir='ltr' id='par_1_112' title="bbox 2265 5308 3883 5391">
     <span class='ocr_line' id='line_1_112' title="bbox 2265 5308 3883 5391; baseline -0.005 -21"><span class='ocrx_word' id='word_1_849' title='bbox 2265 5321 2380 5370; x_wconf 85' lang='grc' dir='ltr'>τότε</span> <span class='ocrx_word' id='word_1_850' title='bbox 2411 5314 2471 5370; x_wconf 72' lang='grc' dir='ltr'><strong>δε</strong></span> <span class='ocrx_word' id='word_1_851' title='bbox 2511 5318 2739 5391; x_wconf 84' lang='grc' dir='ltr'>οἶρχεται</span> <span class='ocrx_word' id='word_1_852' title='bbox 2791 5315 3124 5388; x_wconf 79' lang='grc' dir='ltr'>εὐχαριστεῖν</span> <span class='ocrx_word' id='word_1_853' title='bbox 3178 5320 3251 5385; x_wconf 82' lang='grc' dir='ltr'>τῷ</span> <span class='ocrx_word' id='word_1_854' title='bbox 3295 5308 3625 5383; x_wconf 65' lang='grc' dir='ltr'>παιδαγωγῷ</span> <span class='ocrx_word' id='word_1_855' title='bbox 3660 5326 3674 5340; x_wconf 90' lang='grc'><strong>·</strong></span> <span class='ocrx_word' id='word_1_856' title='bbox 3703 5311 3883 5374; x_wconf 74' lang='grc' dir='ltr'>οὕτως</span> 
     </span>
    </p>
   </div>
   <div class='ocr_carea' id='block_1_113' title="bbox 2264 5400 3879 5479">
    <p class='ocr_par' dir='ltr' id='par_1_113' title="bbox 2264 5400 3879 5479">
     <span class='ocr_line' id='line_1_113' title="bbox 2264 5400 3879 5479; baseline -0.005 -20"><span class='ocrx_word' id='word_1_857' title='bbox 2264 5411 2354 5459; x_wconf 83' lang='grc' dir='ltr'><strong>καὶ</strong></span> <span class='ocrx_word' id='word_1_858' title='bbox 2403 5407 2433 5464; x_wconf 79' lang='grc' dir='ltr'>ἡ</span> <span class='ocrx_word' id='word_1_859' title='bbox 2476 5409 2634 5479; x_wconf 78' lang='grc' dir='ltr'>χάρις</span> <span class='ocrx_word' id='word_1_860' title='bbox 2677 5405 3019 5477; x_wconf 82' lang='grc' dir='ltr'>οἰκονομικῶς</span> <span class='ocrx_word' id='word_1_861' title='bbox 3064 5400 3328 5470; x_wconf 82' lang='grc' dir='ltr'>παιδεύει,</span> <span class='ocrx_word' id='word_1_862' title='bbox 3384 5402 3478 5464; x_wconf 78' lang='grc' dir='ltr'><strong>ἕως</strong></span> <span class='ocrx_word' id='word_1_863' title='bbox 3526 5401 3607 5454; x_wconf 86' lang='grc' dir='ltr'>ὅτε</span> <span class='ocrx_word' id='word_1_864' title='bbox 3660 5401 3879 5473; x_wconf 55' lang='grc' dir='ltr'>φθάσεις</span> 
     </span>
    </p>
   </div>
   <div class='ocr_carea' id='block_1_114' title="bbox 2265 5491 2774 5570">
    <p class='ocr_par' dir='ltr' id='par_1_114' title="bbox 2265 5491 2774 5570">
     <span class='ocr_line' id='line_1_114' title="bbox 2265 5491 2774 5570; baseline 0 -21"><span class='ocrx_word' id='word_1_865' title='bbox 2265 5496 2336 5559; x_wconf 86' lang='grc' dir='ltr'><strong>εἰς</strong></span> <span class='ocrx_word' id='word_1_866' title='bbox 2368 5496 2553 5549; x_wconf 72' lang='grc' dir='ltr'>τελειον</span> <span class='ocrx_word' id='word_1_867' title='bbox 2583 5491 2774 5570; x_wconf 80' lang='grc' dir='ltr'>ἄνδρα.</span> 
     </span>
    </p>
   </div>
   <div class='ocr_carea' id='block_1_115' title="bbox 2336 5595 3871 5677">
    <p class='ocr_par' dir='ltr' id='par_1_115' title="bbox 2336 5595 3871 5677">
     <span class='ocr_line' id='line_1_115' title="bbox 2336 5595 3871 5677; baseline -0.006 -21"><span class='ocrx_word' id='word_1_868' title='bbox 2336 5602 2440 5657; x_wconf 80' lang='lat' dir='ltr'><strong>IA&#39;.</strong></span> <span class='ocrx_word' id='word_1_869' title='bbox 2472 5601 2532 5655; x_wconf 77' lang='grc' dir='ltr'>Ὀ</span> <span class='ocrx_word' id='word_1_870' title='bbox 2561 5604 2790 5677; x_wconf 73' lang='grc' dir='ltr'>γεωργὸς</span> <span class='ocrx_word' id='word_1_871' title='bbox 2840 5604 2926 5654; x_wconf 89' lang='grc' dir='ltr'>τὸν</span> <span class='ocrx_word' id='word_1_872' title='bbox 2958 5604 3150 5674; x_wconf 88' lang='grc' dir='ltr'>σπόρον</span> <span class='ocrx_word' id='word_1_873' title='bbox 3180 5604 3456 5671; x_wconf 83' lang='grc' dir='ltr'>πανταχοῦ</span> <span class='ocrx_word' id='word_1_874' title='bbox 3486 5595 3684 5672; x_wconf 86' lang='grc' dir='ltr'>ῥίπτει,</span> <span class='ocrx_word' id='word_1_875' title='bbox 3717 5600 3814 5649; x_wconf 81' lang='grc' dir='ltr'>καὶ</span> <span class='ocrx_word' id='word_1_876' title='bbox 3842 5597 3871 5649; x_wconf 86' lang='grc' dir='ltr'><strong><em>ὁ</em></strong></span> 
     </span>
    </p>
   </div>
   <div class='ocr_carea' id='block_1_116' title="bbox 2262 5689 3867 5768">
    <p class='ocr_par' dir='ltr' id='par_1_116' title="bbox 2262 5689 3867 5768">
     <span class='ocr_line' id='line_1_116' title="bbox 2262 5689 3867 5768; baseline -0.004 -23"><span class='ocrx_word' id='word_1_877' title='bbox 2262 5694 2490 5768; x_wconf 68' lang='grc' dir='ltr'>φυτεύων</span> <span class='ocrx_word' id='word_1_878' title='bbox 2519 5691 2763 5767; x_wconf 79' lang='grc' dir='ltr'>ἄμπελον,</span> <span class='ocrx_word' id='word_1_879' title='bbox 2816 5690 2966 5758; x_wconf 66' lang='grc' dir='ltr'>θέλει,</span> <span class='ocrx_word' id='word_1_880' title='bbox 3010 5692 3094 5746; x_wconf 80' lang='grc' dir='ltr'><strong>ἱνα</strong></span> <span class='ocrx_word' id='word_1_881' title='bbox 3137 5689 3232 5749; x_wconf 82' lang='grc' dir='ltr'><strong>ὅλη</strong></span> <span class='ocrx_word' id='word_1_882' title='bbox 3276 5690 3687 5763; x_wconf 67' lang='grc' dir='ltr'>καρποφορήσῃ.</span> <span class='ocrx_word' id='word_1_883' title='bbox 3737 5692 3867 5740; x_wconf 80' lang='grc' dir='ltr'>Δοι-</span> 
     </span>
    </p>
   </div>
  </div>
