4076 6210
243 313 342 369 761

1498 314 1842 405 ΗΟΜίΙιΙᾹΞ.
1880 344 1949 354 -
1994 313 2168 370 HOM.
2211 314 2457 371 XXXIII.

3493 323 3598 377 742

239 439 340 491 πόν
372 434 461 490 οὖν
508 436 733 514 ἕπιφέρει
790 442 848 493 τό
880 436 1157 517 δρέπανον,
1218 446 1307 494 καὶ
1356 441 1399 494 εἰ
1446 445 1517 513 μὴ
1550 441 1691 514 εὖροι
1716 460 1829 515 καρ·

1956 438 2217 511 proferat
2236 456 2250 507 ;
2269 439 2661 511 postmodum
2683 455 2824 511 ergo
2848 440 3013 499 illata
3038 442 3209 510 falce,
3227 444 3277 501 si
3291 460 3411 502 non
3437 447 3610 504 inve-

236 529 361 596 πὸν,
418 527 691 581 λυπεῖται·
743 529 906 591 οὕτως
953 536 1043 583 καὶ
1096 531 1122 581 6
1156 533 1342 603 Κύριος
1370 534 1457 583 τὸν
1486 530 1635 603 λόγον
1683 529 1845 582 αὐτοῦ

239 625 515 691 σπαρῆναι
548 618 675 671 θέλει
707 618 779 680 εἰς
803 622 893 681 τὰς
935 616 1165 692 καρδίας
1206 628 1305 672 τῶν
1350 620 1652 693 ἀνθρώπων.
1705 618 1843 672 Ἀλλ’

235 709 417 780 ὥσπερ
443 707 470 758 6
507 711 738 782 γεωργός
784 707 834 760 έν
882 715 945 767 τῆ
985 707 1215 781 ἀποκένῳ
1245 715 1403 782 χώρᾳ
1426 709 1662 763 λυπεῖται
1684 725 1696 738 ·
1750 708 1842 760 ού-

232 815 329 857 τως
356 800 449 848 καὶ
476 797 503 847 6
542 799 731 869 Κύριος
774 795 823 849 ἓν
860 806 920 871 τῇ
977 797 1207 871 ἀποκένῳ
1251 796 1453 872 καρδίᾳ
1485 802 1573 851 καὶ
1619 802 1690 870 μὴ
1717 816 1843 872 καρ-

235 887 545 959 ποφορούσῃ
625 885 887 939 λυπεῖται.
960 885 1161 962 Ὠσπερ
1222 890 1271 940 οἱ
1319 889 1497 960 ἄνεμοι
1564 893 1841 959 πανταχοῦ

238 978 480 1027 πνέουσιν
526 974 596 1037 εἰς
649 981 825 1029 πᾶσαν
880 980 975 1035 τὴν
1051 982 1247 1043 κτίσιν,
1318 982 1408 1030 καὶ
1473 976 1646 1049 ὥσπερ
1696 976 1841 1037 ἣλιος

238 1064 382 1135 πάσῃ
442 1071 507 1136 τῇ
588 1064 863 1139 οἰκουμένῃ
903 1113 906 1116 .
943 1064 1221 1138 ἐπιλάμπει
1261 1082 1274 1095 ’
1344 1066 1511 1127 οὓτως
1575 1069 1605 1124 ἡ
1630 1068 1711 1119 θεό
1729 1084 1794 1124 τη
1820 1086 1841 1128 ς

235 1159 511 1225 πανταχοῦ
564 1151 695 1218 ἔστι,
754 1158 844 1206 καὶ
896 1162 1175 1227 πανταχοῦ
1229 1156 1550 1231 εὑρίσκεται.
1632 1155 1691 1209 Εἰ
1746 1156 1841 1215 ζη-

232 1248 332 1302 τεῖς
404 1241 562 1294 αὐτὸν
631 1240 681 1294 έν
747 1249 855 1304 τοῖς
921 1243 1181 1319 οὐρανοῖς,
1260 1244 1366 1297 έκεῖ
1441 1247 1739 1319 εὑρίσκεται
1790 1247 1839 1296 ἓν

225 1337 339 1391 τοῖς
368 1330 646 1404 λογισμοῖς
693 1339 794 1383 τῶν
835 1330 1063 1404 ἀγγέλων
1100 1351 1113 1362 ·
1156 1334 1200 1386 εἰ
1238 1334 1415 1396 ζητεῖς
1444 1334 1602 1386 αὐτόν
1632 1332 1714 1386 ἐπὶ
1743 1340 1841 1395 τῆς

219 1428 343 1491 γῆς,
405 1425 495 1473 καὶ
550 1417 655 1473 ὧδε
696 1421 988 1493 εὑρίσκεται
1035 1422 1084 1475 έν
1145 1430 1260 1485 ταῖς
1311 1419 1563 1498 καρδίαις
1608 1431 1707 1475 τῶν
1751 1421 1835 1474 ἆν-

221 1512 467 1583 θρώπων.
557 1510 691 1564 Ἀπὸ
756 1510 954 1564 πολλῶν
1024 1508 1085 1565 δὲ
1139 1511 1306 1585 ὀλίγοι
1377 1513 1705 1586 εὑρίσκονται
1787 1517 1836 1565 al

221 1599 621 1672 εὐαρεστοῦντες
678 1600 821 1672 αὐτῷ
900 1606 1237 1674 Χριστιανοί.
1302 1601 1433 1664 Δόξα
1478 1607 1566 1655 καὶ
1617 1601 1836 1674 μεγαλο-

222 1692 453 1761 πρέπεια
498 1694 686 1763 Πατρὶ,
766 1695 857 1743 καὶ
915 1691 1040 1763 Υἰῷ,
1109 1696 1199 1744 καὶ
1244 1690 1380 1763 ἁγίῳ
1432 1692 1715 1764 Πνεύματι,
1766 1691 1834 1753 εἰς

221 1780 345 1841 τοὺς
376 1777 575 1842 αἰῶνας
600 1780 788 1854 ’Δμήν.

820 1911 941 1960 OMI
948 1907 1068 1960 AIA
1106 1902 1226 1959 ΛΓ.

230 2023 701 2091 ’Δδιαλείπτως
736 2034 844 2084 καὶ
893 2038 1238 2106 προσεχῶς
1269 2025 1373 2083 δεῖ
1403 2038 1483 2102 τῷ
1511 2037 1642 2101 Θεῷ
1685 2050 1827 2106 προ-

833 2103 1217 2175 σεύχεσθαι.

290 2226 372 2280 A’.
453 2231 536 2277 Δει
610 2227 772 2297 ἡμᾶς,
826 2230 898 2298 μη
958 2229 1095 2280 κατὰ
1144 2229 1258 2288 ἔθος
1316 2230 1635 2299 σωματικόν,
1692 2231 1826 2299 μήτε

210 2318 454 2386 κραυγῆς
506 2314 629 2380 ἔθει,
684 2319 817 2386 μήτε
861 2316 1111 2387 συνηθείᾳ
1168 2323 1390 2384 σιωπῆς,
1439 2320 1571 2387 μήτε
1610 2315 1826 2379 κλίσεως

212 2403 453 2471 γονάτων
528 2405 931 2476 προσεύχεσθαι
959 2422 971 2435 °
1056 2403 1183 2456 ἀλλά
1256 2403 1519 2477 νηφαλέως
1603 2412 1674 2475 τῷ
1755 2412 1824 2476 νῷ

219 2494 591 2562 προσέχοντας
654 2488 958 2565 προσδοκᾷν
1003 2495 1090 2544 τὸν
1141 2496 1269 2547 Θεὸν
1306 2498 1432 2546 πότε
1480 2492 1690 2566 έπιστῇ,
1735 2498 1824 2547 καὶ

225 2578 576 2650 ἱπισκέψηται
617 2576 712 2633 διὰ
763 2589 945 2635 πασῶν
989 2589 1087 2633 τῶν
1127 2579 1318 2644 ἐξόδων
1360 2586 1454 2641 τὴν
1482 2581 1690 2654 ψυχὴν,
1738 2585 1822 2635 καὶ

231 2673 336 2717 τῶν
360 2666 543 2740 τρίϐων
576 2668 740 2731 αὐτῆς
766 2674 856 2722 καὶ
903 2670 1281 2746 αἰσθητηρίων.
1336 2676 1436 2725 Καὶ
1478 2672 1642 2734 οὕτως
1671 2674 1825 2731 ἡνίκα

223 2761 341 2830 χρὴ
395 2765 615 2830 σωπᾲν,
664 2764 753 2812 καὶ
801 2761 957 2819 ἡνίκα
1016 2759 1151 2834 βοᾷν
1205 2765 1341 2837 χρὴ,
1387 2767 1477 2815 καὶ
1518 2764 1567 2815 ἑν
1619 2769 1819 2837 κραυγῇ

218 2848 643 2920 προσεύχεσθαι,
695 2852 848 2921 μόνον
897 2851 923 2903 6
984 2857 1099 2911 νοῦς
1136 2849 1418 2925 έῤῥωμένος
1469 2851 1501 2923 ᾗ
1563 2854 1688 2924 πρὸς
1737 2854 1822 2903 τόν

218 2938 362 2989 Θεὸν.
391 2934 594 3010 ⁴Ωσπερ
632 2938 734 3011 γὰρ
770 2941 826 2991 τὸ
882 2945 1037 3011 σῶμα
1086 2940 1209 2992 ὅταν
1268 2938 1558 3014 έργάζηταί
1596 2959 1668 3004 τι,
1709 2939 1821 2991 ὅλον

223 3020 292 3075 δι’
333 3024 458 3077 ὅλου
515 3024 897 3099 ἀποσχολεῖται
952 3026 1241 3101 έγκείμενον
1295 3037 1367 3099 τῷ
1398 3031 1554 3103 ἔργῳ,
1584 3033 1673 3081 καὶ
1698 3030 1825 3082 πάν-

220 3116 280 3165 τά
304 3114 475 3168 αὐτοῦ
508 3117 573 3168 τὰ
603 3116 729 3187 μελη
789 3114 1026 3179 ἀλλήλοις
1072 3116 1262 3191 βοηθεῖ
1291 3135 1303 3147 °
1356 3118 1492 3172 οὕτω
1539 3123 1629 3171 καὶ
1659 3120 1688 3177 ἠ
1718 3119 1825 3191 ψυ-
1856 3143 1897 3201 C

216 3206 295 3274 χή
328 3204 424 3262 ὅλη
478 3200 551 3257 δι’
591 3204 709 3258 ὅλου
742 3202 1093 3261 ἀποδεδύσθω
1124 3207 1192 3269 εἰς
1242 3212 1336 3266 τὴν
1366 3211 1498 3284 πρὸς
1529 3211 1717 3280 Κύριον
1748 3212 1827 3261 αῖ-

211 3310 376 3350 τησιν
420 3298 511 3346 καὶ
560 3292 791 3366 ἀγάπην,
844 3300 917 3368 μὴ
966 3295 1253 3370 ῥεμϐομένη
1308 3301 1399 3350 καὶ
1452 3302 1822 3373 περιφερομένη

214 3389 331 3443 τοῖς
378 3381 677 3456 λογισμοῖς,
733 3389 823 3438 καὶ
870 3387 1018 3458 πάσῃ
1050 3394 1114 3459 τῇ
1150 3386 1452 3461 προσδοκίᾳ
1481 3406 1824 3463 προσανακει-

220 3478 349 3545 μένη
386 3479 647 3545 Χριστοῦ.

296 3597 381 3652 Β’.
417 3602 519 3651 Kal
543 3598 704 3660 οὕτως
750 3598 904 3663 αὐτὸς
933 3599 1235 3672 ὶπιλάμψει,
1269 3600 1517 3661 ἀληθινὴν
1551 3598 1826 3656 διδάσκων

227 3690 464 3751 αἴτησιν,
510 3684 697 3751 διδοὺς
754 3688 919 3761 εὐχὴν
967 3692 1219 3764 καθαρὰν,
1274 3696 1647 3763 πνευματικὴν,
1692 3700 1828 3746 Θεοῦ

228 3775 404 3842 ἀξίαν,
435 3780 527 3829 καὶ
557 3781 667 3836 τὴν
718 3780 777 3830 ἓν
807 3780 1123 3851 πνεύματι
1162 3783 1270 3832 καὶ
1314 3778 1585 3853 ἀληθείᾳ
1635 3800 1827 3855 προσ-

222 3868 387 3923 κύνη
408 3884 527 3921 σιν.
558 3864 757 3939 Ὢσπερ
790 3864 849 3921 δε
873 3868 901 3919 6
932 3866 1186 3940 ἐμπορίας
1215 3872 1405 3940 τέχνην
1444 3870 1823 3943 έπανελόμενος,

223 3955 285 4008 οὐ
311 3960 634 4030 μονότροπον
675 3958 785 4028 ἔχει
842 3963 937 4010 τοῦ
989 3954 1207 4029 κέρδους
1265 3962 1359 4015 τὴν
1415 3955 1665 4024 ἐπίνοιαν,
1700 3957 1828 4013 ἀλλὰ

221 4045 481 4098 πάντοθεν
558 4044 729 4107 αὔξειν
797 4050 888 4098 καὶ
969 4044 1415 4108 πολυπλασιάςειν
1490 4050 1548 4099 τὸ
1640 4044 1827 4122 κέρδος

219 4132 510 4205 έπείγεται,
578 4132 680 4187 ἀπὸ
735 4138 932 4198 ταύτης
980 4135 1055 4207 ἄρ’
1114 4135 1288 4211 ἑτέραν
1345 4140 1529 4209 μετιὼν
1576 4135 1821 4207 ὶπίνοιαν,

219 4228 311 4276 καὶ
344 4221 571 4276 ἐντεῦθεν
624 4227 754 4297 πρὸς
809 4225 972 4300 ἕτερον
1019 4228 1224 4297 τρέχων
1271 4230 1450 4298 πόρον,
1478 4230 1568 4278 καὶ
1595 4226 1694 4279 ἀπὸ
1734 4233 1826 4278 τοῦ

231 4308 395 4383 μηδὲν
454 4310 736 4376 ὀνήσαντας
785 4311 863 4367 ἀεὶ
915 4310 1205 4372 ἀποπηδῶν
1256 4318 1343 4369 ἰπὶ
1375 4318 1432 4367 τὸ
1485 4312 1822 4391 κερδαλεώτε-

226 4418 312 4474 ρον
337 4404 517 4475 τρέχει
543 4420 557 4433 ·
612 4401 773 4463 οὕτως
826 4406 915 4454 καί⁵
963 4402 1114 4475 ἡμεῖς
1169 4406 1259 4463 τὴν
1304 4402 1493 4476 ψυχὴν
1523 4405 1669 4477 ἡμῶν
1711 4424 1825 4457 ποι-

224 4490 382 4552 κίλως
431 4494 524 4543 καὶ
553 4488 800 4562 ἐντέχνως
854 4490 1256 4565 εύτρεπίσωμεν,
1311 4494 1449 4556 ὅπως
1497 4490 1823 4568 κερδανωμεν

218 4583 279 4631 τὸ
312 4578 558 4638 ἀληθινὸν
604 4584 695 4633 καὶ
723 4584 860 4652 μέγα
879 4578 1083 4655 κέρδος,
1116 4585 1200 4635 τὸν
1225 4586 1352 4636 Θεὸν
1384 4585 1468 4635 τόν
1495 4579 1825 4637 διδάσκοντα

217 4671 364 4739 ἡμᾶς
419 4668 474 4731 ἐξ
526 4667 766 4731 ἀληθείας
798 4672 1213 4745 προσεύχεσθαι.
1272 4671 1451 4734 Οὖτως
1488 4674 1590 4746 γὰρ
1634 4675 1824 4726 ἐπανα-

221 4758 497 4811 παύεταιό
540 4760 728 4833 Κύριος
778 4767 841 4833 τῇ
902 4757 1073 4832 ἀγαθῇ
1121 4769 1210 4821 τῆς
1257 4758 1445 4833 ψυχῆς
1497 4766 1818 4834 προαιρέσει,

217 4848 401 4921 θρόνον
458 4842 619 4911 δόξης
674 4848 836 4907 αὐτὴν
923 4848 1281 4923 ἐργαζόμενος,
1341 4849 1715 4923 ἐπικαθήμενός
1768 4871 1822 4905 τε

214 4942 308 4991 καὶ
366 4936 821 5012 ἕπαναπαυόμενος
892 4937 970 4992 ἐπ’
1045 4938 1229 4998 αὐτόν.
1284 4939 1466 5002 Οὕτως
1529 4942 1631 5015 γὰρ
1680 4943 1823 5014 παρά

215 5026 473 5088 Ἰεζεκιὴλ
520 5034 611 5080 τοῦ
658 5030 924 5102 προφήτου
1010 5028 1308 5100 ἠκούσαμεν
1360 5032 1477 5104 περὶ
1519 5037 1618 5081 τῶν
1674 5048 1818 5083 πνευ-

215 5124 452 5187 ματικῶν
538 5119 703 5188 ζώων,
778 5125 879 5170 τῶν
953 5117 1343 5190 ὑπεζευγμένων
1399 5126 1471 5189 τῷ
1522 5123 1820 5190 Δεσποτικῷ

215 5204 417 5279 ἅρματι
446 5223 459 5236 ·
489 5203 789 5277 ὀλόφθαλμα
823 5208 925 5279 γὰρ
957 5206 1082 5279 ἡμῖν
1130 5212 1367 5281 παριστᾴ
1415 5214 1603 5275 ταῦτα,
1645 5210 1817 5282 ὥσπερ

218 5296 360 5346 ἑστὶν
382 5295 413 5353 ἠ
438 5291 593 5365 ψυχὴ
617 5295 647 5352 ἡ
670 5292 1021 5367 βαστάζουσα
1040 5299 1125 5348 τόν
1148 5299 1297 5361 Θεὸν,
1320 5295 1511 5369 μᾶλλον
1536 5292 1571 5348 δ
1574 5299 1594 5349 ε
1620 5292 1818 5369 βαστα-

220 5385 409 5455 ζομένη
443 5383 542 5434 ὑπὸ
568 5390 661 5436 τοῦ
688 5390 823 5437 Θεοῦ
864 5398 877 5411 ⁸
912 5388 1147 5457 γίγνεται
1170 5386 1272 5462 γὰρ
1305 5384 1394 5444 ὅλη
1427 5383 1709 5458 ὀφθαλμός.

288 5506 364 5563 Ι“’.
433 5510 537 5561 Καὶ
622 5509 676 5560 ὃν
726 5513 919 5583 τρόπον
960 5506 1095 5571 οἶκος
1137 5512 1224 5562 τὸν
1277 5506 1540 5570 δεσπότην
1588 5512 1821 5583 παρόντα

218 5597 584 5669 fluentiam;
610 5600 756 5671 γέμει
799 5598 1083 5673 εύκόσμίας
1137 5604 1226 5653 καὶ
1257 5601 1569 5675 ὡραιότητος
1612 5602 1703 5651 καὶ
1742 5596 1820 5651 εύ-

1865 1787 1909 1843 Β

1952 528 2079 584 niat
2106 528 2388 595 fructum,
2421 544 2677 585 maerore
2706 530 2960 587 afﬁcitur
2990 550 3002 588 :
3035 532 3119 588 sic
3144 549 3386 606 quoque
3418 536 3612 593 Domi-

1951 631 2067 672 nus
2101 617 2352 673 verbum
2385 634 2561 673 suum
2613 620 2897 676 seminari
2936 621 3060 677 vult
3089 622 3148 678 in
3182 624 3464 680 cordibus
3500 626 3607 682 ho-

1952 705 2212 763 minum.
2253 707 2466 762 Verum
2498 707 2743 779 perinde
2777 725 2846 765 ac
2875 710 3144 781 agricola
3168 711 3247 769 ob
3292 714 3599 784 regionem

1951 794 2195 851 inanem
2240 796 2518 867 angitur;
2569 798 2654 853 sic
2683 813 2926 871 quoque
2972 801 3258 857 Dominus
3287 802 3362 858 de
3408 819 3604 861 vacuo

1950 883 2152 949 corde,
2175 900 2284 940 nec
2304 883 2529 941 fructus
2552 886 2938 957 producente,
2967 890 3364 947 contristatur.
3389 893 3604 957 Quem-

1950 972 2284 1028 admodum
2316 974 2476 1029 venti
2516 974 2772 1046 perﬂant
2801 975 3023 1048 ubique
3053 984 3332 1035 cunctam
3368 986 3600 1038 creatu-

1949 1076 2079 1117 ram
2096 1078 2110 1127 ;
2125 1062 2709 1134 etquemadmodum
2731 1063 3075 1121 solomnem
3088 1071 3308 1123 terram
3321 1068 3598 1137 illustrat,

1950 1152 2037 1205 sic
2063 1151 2253 1207 deitas
2286 1152 2509 1225 ubique
2534 1159 2644 1221 est,
2675 1158 2730 1210 et
2763 1154 2988 1227 ubique
3011 1157 3320 1228 reperitur.
3350 1159 3408 1214 Si
3438 1175 3601 1231 quaa-

1948 1255 2045 1295 ras
2075 1240 2243 1295 illum
2270 1243 2329 1297 in
2360 1242 2543 1307 caelis,
2576 1242 2695 1298 illic
2723 1244 3016 1315 reperitur
3043 1245 3103 1300 in
3129 1246 3599 1317 cogitationibus

1947 1328 2339 1397 angelorum;
2384 1331 2431 1384 si
2471 1348 2709 1402 quaeras
2757 1349 2897 1389 eum
2927 1333 2987 1389 in
3017 1338 3194 1400 terra,
3229 1335 3328 1391 hic
3355 1351 3599 1409 quoque

1946 1416 2237 1487 reperitur
2277 1419 2337 1473 in
2391 1418 2674 1475 cordibus
2720 1421 3063 1477 hominum.
3114 1426 3155 1478 E
3209 1424 3411 1480 multis
3456 1441 3598 1481 vero

1945 1506 2122 1575 pauci
2173 1508 2567 1578 reperiuntur,
2609 1508 2714 1581 qui
2761 1510 3038 1581 placeant
3084 1514 3202 1568 Deo
3256 1513 3597 1572 Christiani.

1944 1593 2139 1650 Gloria
2186 1600 2243 1651 et
2273 1596 2719 1666 magnificentia
2764 1601 2934 1667 Patri,
2968 1605 3023 1657 et
3067 1601 3232 1666 Filio,
3265 1607 3321 1659 et
3354 1603 3595 1674 Spiritui

1941 1688 2173 1751 sancto,
2206 1685 2264 1741 in
2307 1685 2539 1743 saecula.
2581 1690 2790 1744 Amen.

2470 1901 2757 1959 HOMILIA
2794 1903 3017 1959 XXXIII.

1937 2026 2347 2085 Indesinenter
2372 2033 2425 2084 et
2457 2030 2675 2085 attente
2711 2032 2939 2112 oportet
2973 2030 3086 2086 Deo
3125 2034 3260 2089 vota
3298 2031 3503 2101 facere
3531 2036 3589 2089 et

2639 2115 2905 2169 precari.

2008 2227 2046 2278 Ι.
2077 2225 2317 2296 Oportet
2355 2239 2487 2289 nos,
2520 2240 2642 2282 non
2675 2240 2750 2280 ex
2791 2240 2958 2282 more
2988 2242 3296 2300 corporeo,
3328 2243 3436 2285 nec
3477 2243 3587 2300 pro

1936 2328 2100 2369 more
2132 2312 2517 2379 vociferandi,
2578 2329 2688 2369 nec
2731 2330 2804 2371 ex
2859 2317 3290 2374 consuetudine
3345 2317 3585 2384 silendi,

1935 2408 2038 2459 aut
2080 2417 2278 2472 genua
2309 2401 2604 2468 ﬂectendi,
2635 2419 2839 2475 preces
2871 2403 3061 2461 facere
3082 2424 3098 2476 ;
3142 2421 3347 2462 verum
3389 2407 3587 2463 sobrie

1934 2492 2205 2548 animum
2258 2490 2629 2548 attendentes
2679 2500 3025 2565 exspectare
3087 2497 3294 2559 Deum,
3335 2495 3585 2568 quando

1935 2580 2126 2637 aderit
2163 2580 2425 2637 visitabit
2454 2596 2560 2652 per
2607 2597 2821 2638 omnes
2870 2583 3242 2653 egressiones
3291 2584 3584 2650 animam,

1933 2686 2039 2743 per
2058 2670 2301 2726 semitas
2324 2670 2454 2740 ejus
2478 2685 2548 2725 ac
2569 2686 2856 2726 sensuum
2874 2686 3104 2741 organa
3127 2688 3141 2738 ;
3173 2677 3227 2727 et
3243 2672 3324 2728 ita
3340 2673 3587 2745 quando

1933 2759 2251 2815 conveniat
2277 2766 2493 2824 tacere,
2524 2764 2580 2814 et
2610 2760 2857 2831 quando
2876 2761 3192 2817 conveniat
3219 2760 3501 2833 clamare,
3533 2765 3592 2818 et

1933 2864 2071 2905 cum
2104 2847 2525 2903 vociferatione
2554 2848 2802 2919 precari,
2837 2847 3020 2904 modo
3045 2865 3217 2905 mens
3252 2851 3323 2905 sit
3351 2849 3589 2907 ﬁrmata

1932 2936 1992 2992 in
2030 2939 2238 2992 Deum.
2271 2935 2523 2992 Perinde
2566 2935 2725 2993 enim
2766 2952 2837 2993 ac
2885 2953 3105 3009 corpus
3134 2954 3273 2994 cum
3304 2945 3589 3011 operatur

1932 3025 2464 3098 quidpiam,totum
2479 3025 2714 3097 penitus
2728 3030 3077 3098 occupatum
3092 3027 3386 3084 incumbit
3398 3030 3585 3101 operi,

1933 3121 1991 3171 et
2028 3114 2237 3170 omnia
2276 3114 2405 3185 ejus
2450 3112 2723 3171 membra
2752 3130 2813 3170 se
2844 3115 3097 3171 invicem
3124 3116 3418 3186 adjuvant
3451 3130 3464 3169 :
3500 3118 3587 3175 sic

1933 3219 2179 3276 quoque
2192 3204 2397 3259 anima
2410 3207 2530 3259 tota
2542 3218 2788 3276 prorsus
2804 3207 3186 3261 consecretur
3200 3206 3587 3278 postulationi

1933 3298 1990 3348 et
2019 3292 2289 3349 charitati
2324 3292 2576 3359 Domini,
2609 3308 2744 3365 quae
2775 3307 2884 3349 nec
2914 3293 3081 3363 vagis
3109 3298 3455 3366 occupetur,
3484 3299 3590 3352 aut

1934 3381 2384 3437 circumferetur
2430 3382 2909 3452 cogitationibus,
2952 3387 3009 3438 et
3055 3398 3223 3455 spem
3269 3390 3450 3456 atque
3489 3400 3588 3440 ex-

1935 3475 2363 3544 spectationem
2379 3486 2621 3527 omnem
2634 3470 2988 3528 collocatam
3012 3471 3234 3529 habeat
3247 3474 3306 3528 in
3331 3472 3583 3530 Christo.

2006 3596 2077 3653 II.
2121 3598 2310 3668 Atque
2356 3596 2472 3651 hoc
2508 3600 2683 3665 pacto
2712 3594 3013 3652 illucescet
3060 3595 3176 3663 ille,
3226 3597 3329 3669 qui
3362 3614 3584 3670 purum

1935 3684 2107 3741 docet
2138 3685 2378 3757 petendi
2408 3684 2679 3748 modum,
2707 3692 2764 3740 et
2793 3686 3057 3757 suggerit
3101 3687 3436 3743 orationem
3469 3704 3585 3761 pu-

1933 3791 2065 3832 ram
2090 3773 2483 3846 spiritualem,
2506 3774 2627 3828 Deo
2640 3773 2909 3841 dignam,
2942 3780 2999 3829 et
3022 3790 3159 3845 quae
3188 3775 3253 3830 ﬁt
3282 3776 3345 3832 in
3367 3778 3585 3846 spiritu

1936 3870 1987 3921 et
2031 3862 2292 3925 veritate,
2321 3862 2733 3918 adorationem
2764 3864 2831 3915 ³ο.
2866 3862 3391 3927 Quemadmodum
3421 3881 3583 3931 vero,

1934 3952 2039 4023 qui
2071 3951 2486 4007 mercatoriam
2517 3956 2701 4006 artem
2735 3950 2927 4019 elegit,
2959 3965 3081 4006 non
3112 3952 3358 4009 unicum
3389 3953 3584 4009 solum

1933 4040 2082 4097 lucri
2109 4039 2363 4096 faciendi
2385 4040 2676 4110 excogitat
2698 4040 3031 4105 inventum,
3059 4038 3165 4096 sed
3183 4040 3586 4114 undecunque

1936 4144 2154 4198 augere
2176 4128 2795 4183 etcumularelucrum
2818 4126 3069 4197 cogitur,
3092 4127 3171 4184 ab
3185 4128 3297 4185 hac
3318 4131 3361 4200 ι
3373 4129 3492 4202 24
3504 4131 3583 4186 ad

1934 4218 2117 4275 aliam
2145 4218 2435 4274 transiens
2449 4216 2741 4274 solertiam
2761 4217 3134 4274 etinventum
3157 4236 3170 4286 ;
3190 4223 3245 4274 et
3262 4219 3402 4275 inde
3419 4220 3583 4277 aliud

1935 4308 2043 4364 iter
2070 4307 2422 4378 suscipiens,
2447 4312 2502 4361 et
2522 4308 2600 4362 ab
2621 4322 2713 4373 eo,
2738 4305 2902 4378 quod
2920 4306 3322 4378 nihilprodest
3348 4325 3585 4383 semper

1934 4395 2299 4459 transiliens,
2332 4394 2410 4450 ad
2449 4394 2530 4459 id,
2573 4393 2737 4464 quod
2768 4396 3171 4465 quaestuosius
3201 4400 3310 4461 est,
3343 4398 3523 4453 currit
3568 4413 3580 4451 :

1858 4482 1903 4537 D
1934 4486 2017 4541 sic
2043 4500 2286 4558 quoque
2311 4500 2417 4541 nos
2439 4484 2706 4539 animam
2733 4488 3003 4539 nostram
3019 4484 3174 4540 varie
3200 4486 3584 4542 etartiﬁciose

1934 4576 2320 4639 adornemus,
2354 4577 2419 4628 ut
2447 4571 2888 4628 lucrifaciamus
2919 4588 3131 4629 verum
3172 4590 3241 4630 ac
3273 4591 3581 4630 summum

1932 4665 2188 4729 lucrum,
2214 4666 2397 4718 Deum
2423 4662 2731 4726 nimirum,
2759 4661 2863 4734 qui
2889 4661 3225 4718 deceatnos
3253 4664 3313 4718 in
3342 4663 3584 4720 veritate

1930 4752 2183 4827 precari.
2206 4751 2293 4807 Ad
2317 4751 2478 4807 hunc
2500 4751 2659 4806 enim
2683 4751 2930 4806 modum
2961 4752 3276 4823 requiescit
3296 4753 3583 4807 Dominus

1930 4845 1990 4899 in
2032 4843 2193 4898 bona
2244 4841 2460 4897 animae
2509 4839 2855 4906 intentione,
2891 4840 3171 4896 thronum
3204 4839 3405 4909 glorias
3445 4856 3580 4896 eam

1930 4932 2315 4997 constituens,
2340 4930 2627 4996 insidens,
2648 4935 2704 4985 et
2724 4930 3100 5001 requiescens
3116 4930 3177 4983 in
3193 4944 3281 4984 ea.
3303 4930 3394 4985 Sic
3420 4929 3578 4986 enim

1930 5020 2095 5094 apud
2129 5019 2485 5077 Ezechielem
2519 5017 2876 5091 prophetam
2925 5018 3268 5072 audivimus
3299 5016 3374 5073 de
3406 5019 3580 5091 spiri-

1931 5110 2196 5167 tualibus
2222 5107 2585 5164 animalibus
2616 5109 2684 5173 ²¹,
2717 5105 3053 5177 subjugatis
3083 5106 3285 5161 currui
3326 5107 3578 5161 Domini.

1929 5201 2075 5257 Tota
2114 5199 2270 5255 enim
2304 5197 2543 5254 oculata
2589 5195 2763 5252 nobis
2795 5196 3069 5267 proponit
3112 5210 3201 5259 ea,
3238 5195 3580 5267 cujusmodi

1931 5294 2019 5347 est
2045 5288 2252 5345 anima
2280 5302 2416 5360 qua:
2453 5288 2634 5341 Deum
2664 5288 2877 5354 gestat,
2909 5284 3181 5356 quinimo
3207 5299 3342 5357 qua;
3378 5288 3579 5354 gesta-

1930 5383 2023 5437 tur
2049 5395 2085 5435 a
2114 5378 2253 5433 Deo.
2292 5376 2375 5432 Fit
2403 5375 2561 5431 enim
2590 5379 2710 5430 tota
2742 5372 2973 5429 oculus.

2004 5505 2099 5559 IIl.
2133 5505 2198 5558 Et
2243 5497 2765 5574 quemadmodum
2814 5497 3055 5563 domus,
3086 5512 3224 5570 quin
3264 5496 3582 5555 dominum

1929 5597 2284 5669 praesentem
2308 5590 2510 5659 habet,
2524 5588 2687 5646 omni
2718 5586 2986 5646 abundat
3004 5591 3241 5659 ornatu,
3259 5586 3585 5663 pulchritu-

286 5723 337 5757 ²⁰
366 5722 543 5781 toan.
584 5737 666 5793 iv,
696 5725 787 5781 24.
863 5725 907 5761 ²¹
937 5723 1143 5783 Ezech.
1176 5739 1215 5791 ι,
1251 5727 1273 5782 t
1304 5740 1405 5793 ;x,
1436 5728 1470 5781 2
1492 5742 1511 5797 ς
1540 5722 1754 5793 Homil,
1780 5738 1821 5791 1,
1852 5724 1877 5779 1
1910 5734 2037 5801 seq.
