4076 6210
485 304 586 358 743

1790 298 1846 351 S.
1891 294 2186 353 MACARII
2226 292 2533 350 AEGYPTII

3462 46 3993 149 τι·

3746 294 3858 352 744

483 426 627 483 dine
640 432 696 482 et
718 427 931 482 decore
948 442 962 493 ;
979 426 1191 482 eodem
1216 424 1400 481 modo
1423 424 1797 495 anima,qure
1818 424 2121 479 Dominum

2248 425 2490 492 πρεπείας
2523 441 2535 453 ο
2579 420 2715 472 οὕτω
2754 423 2843 472 καὶ
2894 418 3049 491 ψυχὴ
3101 421 3131 477 ἠ
3189 422 3394 491 ἔχουσα
3438 424 3527 474 τὸν
3580 426 3856 481 Δεσπότην

488 532 666 571 suum
714 516 877 587 apud
909 532 970 570 se
1000 516 1194 586 ipsam
1227 514 1426 580 habet,
1459 520 1515 569 et
1554 514 1612 568 in
1665 530 1726 568 se
1772 518 2137 576 manentem,

492 604 1112 676 omnipulchritudine
1139 608 1195 659 et
1216 603 1430 658 decore
1458 602 1677 675 repleta
1698 610 1784 657 est
1808 619 1821 669 ;
1842 601 2139 673 siquidem

482 691 803 747 Dominum
836 708 973 747 cum
1000 691 1405 764 spiritualibus
1426 691 1549 746 suis
1580 690 1875 747 thesauris
1907 689 2139 745 inhabi-

482 786 705 837 tantem
735 781 936 844 habet,
961 786 1015 836 et
1049 782 1346 851 aurigam.
1374 782 1467 835 Vae
1492 780 1722 849 domui,
1752 780 1926 849 cuius
1946 778 2139 833 domi-

479 885 594 925 nus
624 872 1058 943 peregrinatur,
1083 870 1299 941 cuique
1329 869 1614 925 dominus
1636 884 1755 925 non
1785 872 2000 937 prresto
2025 871 2134 932 est,

481 960 625 1031 quia
655 960 926 1015 desolata
955 965 1061 1025 est,
1091 959 1308 1027 diruta,
1334 958 1691 1030 ptenaomni
1722 957 2061 1028 impuritate
2083 960 2140 1011 et

487 1049 962 1119 perturbatione.
1000 1048 1118 1102 lllic
1147 1047 1381 1103 Sirenes
1411 1051 1465 1102 et
1492 1047 1784 1103 daemonia
1814 1051 1861 1081 “
1887 1062 1900 1111 ;
1930 1060 2138 1101 secun-

481 1137 627 1192 dum
661 1137 1013 1208 prophetam
1056 1136 1351 1192 habitant.
1386 1137 1449 1191 In
1485 1137 1722 1191 deserta
1762 1136 1919 1189 enim
1953 1134 2138 1189 domo

478 1225 639 1290 feles,
664 1242 859 1289 canes,
877 1232 931 1280 et
957 1225 1153 1280 omnis
1182 1226 1564 1280 immunditia
1589 1225 1751 1280 latet.
1770 1225 1868 1279 Vna
1895 1223 2138 1289 animus,

478 1330 611 1387 quae
642 1331 761 1370 non
792 1316 1045 1384 resurgit
1068 1332 1102 1369 a
1128 1314 1297 1383 gravi
1323 1314 1497 1385 lapsu
1519 1331 1659 1381 suo;
1692 1319 1747 1369 et
1772 1314 1926 1369 intra
1948 1327 2011 1367 se
2037 1313 2140 1367 ha-

480 1405 1221 1477 bet,quipersuadeantei,
1251 1401 2138 1475 atqueadigeanteaminimici-

482 1495 595 1550 tias
629 1495 929 1565 suscipere
970 1510 1106 1547 cum
1143 1508 1253 1549 suo
1299 1492 1492 1563 ipsius
1526 1494 1781 1563 Sponso,
1810 1498 1864 1546 et
1892 1491 1997 1564 qui
2043 1507 2139 1547 ex-

477 1588 683 1655 optent
714 1598 1097 1654 corrumpere
1129 1581 1259 1652 ejus
1290 1581 1477 1637 animi
1510 1596 1686 1637 sensa
1716 1596 1753 1637 a
1777 1579 2027 1636 Christo.

550 1798 637 1852 IV.
673 1795 820 1851 Cum
853 1812 993 1851 vero
1023 1795 1313 1852 Dominus
1342 1794 1577 1861 viderit,
1615 1794 1780 1866 quod
1814 1793 2053 1864 colligat
2074 1810 2135 1849 se
2176 1775 2215 1830 Β

478 1886 671 1958 ipsam
696 1902 803 1957 pro
820 1884 1046 1940 viribus
1064 1886 1210 1948 suis,
1235 1900 1472 1956 semper
1494 1884 1813 1940 Dominum
1836 1900 2131 1956 quaerens,

476 1982 656 2030 noctu
687 1974 913 2046 diuque
944 1980 1322 2045 exspectans,
1355 1980 1533 2044 atque
1564 1972 1834 2029 clamans
1865 1973 1940 2028 ad
1970 1988 2130 2037 eum,

474 2064 995 2136 quemadmodum
1029 2064 1339 2119 mandavit
1369 2063 1523 2119 citra
1548 2062 2039 2118 intermissionem
2075 2062 2134 2117 in

476 2156 638 2210 omni
674 2155 910 2224 negotio
944 2155 1201 2223 precari,
1229 2153 1413 2222 faciet
1456 2153 1782 2208 vindictam
1813 2153 1939 2221 eius
1970 2154 2041 2215 ³³,
2072 2155 2135 2206 ut

475 2244 772 2314 promisit,
807 2250 986 2313 atque
1016 2257 1149 2296 cam
1183 2246 1579 2311 expurgatam
1609 2240 1686 2295 ab
1713 2241 1876 2295 omni
1910 2239 2135 2295 malitia

476 2331 1191 2402 s’ua.irreprehensibilem
1207 2340 1259 2385 et
1274 2332 1709 2387 immaculatum
1726 2345 1995 2401 sponsam
2010 2332 2136 2398 ipse

473 2420 586 2475 sibi
610 2420 925 2475 constituet
954 2434 1083 2474 eam
1112 2418 1181 2471 ¹⁴.
1207 2418 1501 2473 Caeterum
1530 2419 1576 2472 si
1607 2418 1801 2492 credis
1835 2417 1959 2472 haec
1991 2433 2133 2472 vera

476 2524 624 2574 esse,
659 2515 718 2563 ut
754 2523 998 2580 quoque
1033 2514 1190 2570 sunt,
1224 2506 1464 2561 attende
1496 2506 1598 2560 tibi
1628 2506 1774 2577 ipse,
1812 2522 1956 2561 num
1988 2522 2132 2561 con-

477 2605 677 2652 secuta
710 2598 783 2652 sit
815 2597 1017 2652 anima
1057 2601 1159 2651 tua
1201 2594 1405 2650 lumen
1438 2595 1699 2666 dirigens
1729 2611 1885 2659 eam,
1923 2610 2129 2652 verum

474 2686 673 2742 cibum
702 2684 1118 2757 etpotum,qui
1146 2684 1543 2740 estDominus
1560 2703 1572 2752 ;
1589 2685 1678 2738 sin
1694 2685 1894 2739 minus
1918 2691 2130 2740 nactus

474 2775 578 2842 sis,
612 2790 811 2846 qumre
853 2780 1033 2830 noctu
1064 2774 1308 2846 diuque,
1343 2780 1406 2829 ut
1447 2773 1864 2846 consequaris.
1902 2774 1960 2829 Si
1990 2788 2128 2844 ergo

475 2864 778 2937 aspexeris
827 2864 1036 2923 solem.
1070 2864 1349 2937 inquirito
1397 2879 1605 2918 verum
1657 2861 1884 2928 solem;
1935 2879 2129 2918 caecus

474 2954 770 3026 siquidem
794 2969 878 3010 es.
905 2952 1573 3025 Sispectaverislumen,
1596 2952 1829 3025 respice
1858 2952 2127 3007 animam

472 3048 661 3109 tuam,
696 3059 843 3098 num
892 3058 1100 3098 verum
1150 3048 1206 3097 et
1248 3041 1479 3097 bonum
1526 3041 1731 3097 lumen
1764 3046 1978 3097 nactus
2027 3044 2126 3098 sis.

2249 509 2411 571 αύτῆς
2440 511 2571 581 πρὸς
2614 508 2798 567 ἑαυτὴν
2853 513 2943 560 καὶ
2997 508 3049 560 ἐν
3106 510 3237 581 αὐτῇ
3270 515 3640 583 καταμένοντα,
3674 513 3861 572 πάσης

2246 600 2565 671 ὡραιότητος
2621 603 2708 651 xui
2764 598 3070 671 εὐπρεπείας
3122 602 3266 671 γέμει
3305 615 3318 629 ·
3381 602 3468 652 τὸν
3523 604 3624 673 γὰρ
3657 601 3858 675 Κύριον

2248 692 2342 740 σύν
2372 694 2481 749 τοῖς
2526 694 2894 759 πνευματικοῖς
2951 687 3111 740 αὐτοῦ
3167 690 3452 763 θησαυροῖς
3494 692 3686 742 ἔνοικον
3735 692 3857 761 ἔχει

2244 783 2336 831 καὶ
2362 780 2608 849 ἡνίοχον.
2648 778 2784 830 Ούαι
2844 774 2905 830 δὲ
2954 777 3116 849 οἰκίᾳ,
3179 778 3242 839 ἧς
3286 780 3312 830 6
3362 774 3622 840 δεσπότης
3652 775 3861 838 ἀποδη-

2246 874 2349 939 μεῖ,
2401 872 2491 919 xui
2545 868 2570 918 6
2621 869 2802 941 κύριος
2859 866 2919 919 ού
2968 869 3239 941 πάρεστιν,
3307 869 3389 920 ὅτι
3426 869 3706 942 ἠρήμωται
3734 872 3864 922 κατ·

2246 960 2570 1029 εσκαμμένη,
2629 960 2867 1028 γέμουσα
2942 959 3121 1019 πάσης
3176 956 3524 1031 ἀκαθαρσίας,
3580 963 3672 1011 καὶ
3728 958 3860 1011 ἀκα-

2245 1050 2555 1107 ταστασίας.
2590 1045 2731 1100 Ἐκεῖ
2761 1053 3063 1117 Σειρῆνες
3089 1052 3201 1099 καὶ
3233 1043 3570 1120 δαιμόνια,
3604 1049 3740 1101 κατὰ
3771 1052 3864 1100 τόν

2244 1140 2535 1206 προφήτην,
2595 1135 2850 1189 οἰκοῦσιν.
2910 1135 2989 1187 Ἐν
3037 1137 3138 1208 γὰρ
3193 1142 3255 1207 τῇ
3318 1136 3635 1210 ἠρημωμένη
3686 1136 3858 1209 οἰκίᾳ,

2247 1222 2477 1298 αἳλουροι
2530 1229 2618 1276 καὶ
2661 1227 2831 1287 κύνες,
2861 1228 2950 1275 καὶ
2988 1230 3137 1276 πᾶσα
3184 1224 3485 1299 ἀκαθαρσία
3513 1224 3656 1277 ἐστίν
3690 1268 3702 1279 .
3739 1226 3859 1278 ούαὶ

2244 1311 2400 1385 ψυχῇ
2448 1320 2509 1384 τῇ
2562 1317 2633 1386 μὴ
2681 1312 2995 1387 ἀνισταμένη
3048 1312 3103 1365 ἐκ
3160 1322 3255 1375 τῆς
3302 1314 3544 1387 χαλεπῆς
3605 1320 3851 1377 πτώσεως

2246 1402 2430 1466 αὐτῆς,
2459 1408 2547 1455 xui
2587 1399 2733 1455 ἔνδον
2766 1402 2926 1466 αὐτῆς
2957 1402 3155 1476 ἐχούσῃ
3207 1423 3330 1465 τους
3361 1406 3630 1465 πείθοντας
3661 1404 3840 1469 αὐτὴν,

2245 1495 2335 1542 καὶ
2380 1489 2771 1563 ἀναγκάζοντας
2850 1494 3047 1567 ἔχθραν
3113 1494 3253 1565 ἔχειν
3315 1496 3445 1566 πρὸς
3523 1497 3611 1546 τὸν
3667 1494 3853 1557 ἑαυτῆς

2245 1584 2502 1652 Νυμφίον,
2544 1586 2634 1633 καὶ
2666 1578 3005 1654 βουλομένους
3034 1583 3256 1655 φθείρειν
3302 1585 3371 1635 τὰ
3420 1588 3659 1656 νοήματα
3685 1584 3858 1645 αὐτῆς

2244 1667 2347 1721 ἀπὸ
2377 1677 2468 1722 τοῦ
2498 1676 2755 1734 Χριστοῦ.

2316 1793 2389 1847 Δ’.
2442 1801 2603 1847 Ὅταν
2647 1792 2707 1848 δι
2762 1792 2855 1868 ἴδη
2910 1797 2936 1848 ό
2996 1799 3205 1869 Κύριος,
3258 1797 3335 1851 ὃτι
3392 1800 3606 1870 συνάγει
3654 1798 3854 1860 ἑαυτὴν

2244 1885 2365 1936 ὅσον
2398 1888 2454 1937 τὸ
2513 1886 2646 1937 κατὰ
2689 1881 2932 1958 δύναμιν,
2988 1885 3066 1939 ἀεὶ
3124 1889 3211 1939 τὸν
3271 1889 3458 1961 Κύριον
3492 1890 3730 1951 ζητοῦσα
3768 1911 3859 1941 νυ-

2244 1976 2360 2035 κτὸς
2389 1979 2478 2025 καὶ
2509 1977 2720 2046 ἡμέρας,
2756 1982 2843 2027 καὶ
2874 1972 3056 2048 βοῶσα
3086 1979 3212 2051 πρὸς
3260 1976 3435 2044 αὐτόν,
3468 1979 3642 2041 καθὼς
3671 1976 3859 2032 ἐνετεί-

2242 2061 2386 2129 λατο,
2411 2060 2842 2126 ἀδιαλείπτως
2871 2067 3372 2137 προσεύχεσθαι
3396 2068 3445 2118 ἑν
3466 2072 3855 2137 παντὶ,ποιὴ-

2245 2171 2339 2205 σει
2378 2156 2489 2212 τὴν
2520 2150 2873 2213 ἑκδικησιν
2905 2154 3061 2213 αύτῆ
3079 2175 3120 2220 ς,
3149 2158 3218 2216 ὡς
3244 2157 3527 2228 ὑπίσχετο,
3550 2158 3856 2230 καθαρίσας

2244 2243 2403 2300 αὐτὴν
2435 2240 2535 2295 ἀπὸ
2568 2250 2658 2304 τῆς
2706 2245 2754 2296 ἓν
2801 2243 2930 2316 αύτῇ
2964 2249 3171 2310 κακίας,
3235 2250 3341 2298 καὶ
3394 2246 3676 2319 ἄμωμον,
3740 2254 3853 2301 xui

2243 2331 2519 2383 ἄσπιλον
2553 2336 2803 2404 νύμφην
2836 2332 3031 2394 αὐτὸς
3063 2333 3267 2405 ἑαυτῷ
3294 2340 3718 2410 παραστήσει
3752 2338 3852 2389 αύ-

2241 2424 2311 2477 τή
2332 2440 2376 2473 ν.
2413 2420 2470 2473 Εἰ
2496 2417 2555 2473 δι
2576 2424 2836 2484 πιστεύεις
2858 2430 3023 2475 ταῦτα
3040 2422 3204 2483 ἁληθῆ
3230 2419 3380 2489 εἶναι,
3410 2426 3583 2498 ὥσπερ
3605 2430 3694 2478 xui
3722 2426 3844 2491 εἰσὶ,

2241 2514 2475 2581 πρόσεχε
2507 2519 2728 2581 σεαυτῷ,
2764 2510 2809 2563 εἰ
2850 2510 2990 2586 εὗρεν
3020 2513 3050 2570 ἠ
3084 2510 3239 2584 ψυχή
3272 2532 3367 2565 σου
3396 2518 3454 2566 τό
3486 2511 3720 2585 όδηγοῦν
3751 2517 3851 2568 αύ-

2242 2602 2333 2655 τὴν
2365 2606 2487 2669 φῶς,
2522 2604 2612 2651 xui
2636 2604 2724 2657 τὴν
2756 2598 2972 2659 ἀληθινὴ
3003 2598 3204 2673 βρῶσιν
3233 2607 3323 2655 xui
3345 2606 3521 2673 πόσιν,
3556 2604 3672 2665 ἣτις
3699 2604 3851 2658 ἐστὶν

2241 2688 2265 2737 6
2298 2690 2507 2759 Κύριος.
2544 2688 2603 2739 Εἰ
2634 2684 2693 2741 δι
2722 2688 2813 2741 ούκ
2845 2692 3003 2761 ἔχεις,
3050 2690 3283 2751 ζήτησον
3338 2696 3519 2754 νυκτὸς
3573 2699 3660 2746 xui
3717 2697 3847 2766 ﬁui-

2237 2794 2329 2849 ρας
2358 2776 2443 2828 ἵνα
2484 2776 2669 2850 λάϐῃς.
2710 2777 2872 2831 Ὀταν
2940 2774 3027 2831 οὖν
3083 2775 3206 2852 ῖδης
3243 2783 3330 2832 τόν
3386 2780 3546 2847 ἣλιον,
3600 2782 3840 2843 ζήτησον

2236 2868 2321 2917 τὸν
2362 2864 2602 2923 ἀληθινόν
2659 2866 2802 2925 ἣλιον
2842 2882 2855 2894 ·
2917 2867 3102 2940 τυφλός
3140 2870 3240 2944 γὰρ
3302 2876 3369 2926 εἰ.
3436 2869 3585 2923 Ὀταν
3637 2873 3842 2945 θεωρῇς

2239 2962 2364 3025 φῶς,
2395 2954 2667 3026 ἔπίϐλεψον
2719 2956 2786 3017 εἰς
2835 2961 2929 3015 τὴν
2980 2957 3166 3029 ψυχήν
3217 2977 3333 3025 σου,
3377 2959 3421 3013 εἰ
3463 2959 3593 3033 εὗρες
3616 2964 3674 3011 τό
3707 2958 3843 3019 όιληο

2240 3044 2376 3095 θινὸν
2432 3052 2557 3116 φῶς,
2621 3050 2710 3099 xui
2757 3044 2971 3117 ἀγαθόν.
3033 3049 3160 3099 Σκιὰ
3215 3050 3314 3121 γὰρ
3375 3048 3489 3102 ἔστι
3541 3051 3714 3102 πάντα
3779 3053 3851 3104 τὰ

472 3134 686 3189 Omnia
702 3133 883 3197 enim,
903 3148 1038 3204 quae
1056 3132 1204 3186 visui
1220 3135 1442 3202 patent,
1461 3135 1599 3186 sunt
1617 3130 1834 3185 umbra
1854 3146 2121 3185 verarum

2240 3136 2518 3205 φαινόμενα
2598 3142 2698 3187 τῶν
2751 3134 3006 3194 ἀληθινῶν
3068 3144 3163 3200 τῆς
3231 3137 3420 3210 ψυχῆς
3494 3140 3848 3212 πραγμάτων.

470 3238 669 3277 rerum
698 3222 775 3277 ad
807 3222 1079 3277 animam
1107 3220 1551 3292 pertinentium.
1587 3222 1685 3274 Est
1713 3218 1872 3274 enim
1913 3226 2129 3290 praeter

470 3311 778 3367 hominem
806 3310 1222 3381 conspicuum,
1256 3309 1410 3363 alius
1444 3310 1623 3363 homo
1652 3308 1914 3373 interior,
1942 3312 1997 3362 et
2028 3308 2127 3363 alii

470 3400 807 3471 oculi,quos
822 3399 1138 3453 occaecavit
1155 3399 1406 3453 Satanas
1426 3412 1439 3461 ;
1456 3403 1719 3463 etaures,
1735 3413 1890 3469 quas
1907 3396 2125 3452 surdas

470 3488 680 3543 effecit.
733 3493 933 3559 Itaque
966 3487 1129 3541 venit
1175 3488 1362 3554 Jesus,
1422 3494 1485 3540 ut
1538 3484 1797 3541 interiori
1849 3485 1985 3540 huic
2023 3485 2127 3541 ho-

472 3578 617 3632 mini
648 3577 917 3632 restituat
961 3575 1302 3630 sanitatem.
1346 3574 1445 3629 Cui
1500 3573 1685 3645 gloria
1720 3580 1775 3629 et
1805 3575 2123 3646 imperium

470 3682 608 3721 cum
640 3666 829 3731 Patre,
864 3669 921 3720 et
951 3664 1167 3735 Spiritu
1200 3667 1409 3719 sancto
1439 3663 1499 3718 in
1532 3662 1768 3719 saecula.
1804 3668 2013 3719 Amen.

1005 3844 1293 3900 HOMILIA
1328 3842 1552 3898 XXXIV.

472 3973 558 4028 De
590 3970 784 4042 gloria
827 3969 1307 4025 Christianorum
1364 3984 1543 4039 quam
1584 3983 1837 4037 corpora
1877 3968 2119 4042 illorum

540 4039 606 4099 iri
634 4042 1063 4099 resurrectione
1100 4049 1555 4112 consequentur,
1590 4046 1642 4095 et
1671 4056 1789 4110 qua
1832 4056 1964 4096 cum
1996 4039 2123 4095 ani-

542 4130 640 4171 ma
663 4114 1158 4170 ittustrabuntur.

541 4238 582 4292 1.
614 4236 1138 4302 Quemadmodum
1187 4234 1341 4290 oculi
1394 4235 1661 4305 corporei
1712 4234 1868 4289 clare
1916 4234 2119 4289 omnia

460 4326 854 4396 conspiciunt,
889 4326 970 4378 sic
1001 4338 1242 4394 quoque
1282 4322 1499 4377 animis
1551 4328 1894 4377 sanctorum
1929 4323 2119 4377 mani-

458 4416 607 4471 festa
638 4419 693 4469 et
718 4414 1045 4483 conspicua
1071 4417 1209 4465 sunt
1238 4417 1595 4466 ornamenta
1616 4410 1962 4473 divinitatis,
1988 4411 2115 4482 qui.

2238 3220 2387 3274 Ἐστι
2439 3225 2541 3297 γὰρ
2621 3226 2765 3296 παρὰ
2829 3228 2917 3277 τόν
2994 3230 3292 3298 φαινόμενον
3364 3227 3518 3288 ἄλλος
3574 3229 3845 3305 ἄνθρωπος

2236 3307 2419 3362 ἔνδον
2498 3316 2587 3364 xui
2661 3312 2936 3387 ὀφθαλμοὶ,
3003 3315 3093 3377 ούς
3167 3314 3452 3387 ἑτύφλωσεν
3508 3318 3533 3368 6
3592 3324 3827 3386 Σατανᾶς,

2235 3404 2323 3451 καὶ
2374 3400 2482 3451 ὦτα
2534 3400 2568 3451 ἄ
2623 3403 2911 3474 ἓκώφωσεν,
2964 3409 3053 3457 καὶ
3111 3401 3260 3463 ἦλθεν
3314 3406 3338 3457 6
3399 3405 3611 3469 Ἰησοῦς
3660 3414 3831 3460 τοῦτον

2234 3491 2320 3540 τὸν
2370 3491 2471 3541 ἔσω
2524 3491 2793 3565 ἄνθρωπον
2824 3494 2947 3564 ὑγιῆ
2982 3502 3246 3553 ποιῆσαιο
3392 3498 3422 3553 ἡ
3478 3492 3614 3559 δόξα
3667 3501 3839 3549 κᾶὶτὸ

2233 3578 2423 3649 κράτος
2480 3582 2574 3630 σὺν
2620 3585 2787 3653 Πατρὶ
2828 3586 2918 3635 xui
2976 3581 3109 3655 ἁγίῳ
3163 3585 3423 3657 Πνεύματι
3456 3585 3530 3647 είς
3560 3589 3681 3647 τοὺς
3716 3586 3843 3638 αἰῶ-

2232 3686 2341 3729 νας.
2386 3668 2575 3741 Ἀμὴν.

2832 3851 3083 3906 ΟΜΙΔΙΑ
3124 3851 3244 3907 ΛΔ’.

2234 3974 2385 4042 Περὶ
2440 3977 2703 4047 τῆς-τῶν
2739 3974 3164 4047 ⁸Χριστιανῶν
3209 3970 3431 4042 δόξης,
3482 3977 3553 4037 ἧς
3598 3978 3678 4029 τὰ
3731 3986 3846 4031 σώ-

2301 4060 2470 4113 ματα
2496 4043 2699 4095 αὐτῶν
2732 4042 2910 4118 ἕν’τῇ
2948 4044 3307 4118 ἀναστάσει
3353 4049 3840 4111 καταξιωθήσε-

2300 4134 2423 4179 ται,
2465 4120 2573 4167 xui
2607 4118 2768 4187 μετὰ
2805 4116 2915 4178 τῆς
2952 4116 3181 4191 ψυχῆς
3220 4122 3741 4191 φωτισθήσεται.

2298 4238 2379 4293 Α’.
2410 4245 2608 4313 Ὥσπερ
2638 4241 2686 4291 οἱ
2721 4246 3012 4312 σωματικοὶ
3045 4240 3299 4315 ὀφθαλμοὶ
3347 4243 3622 4316 τηλαυγῶς
3662 4256 3837 4299 πάντα

2229 4323 2525 4398 βλέπουσιν,
2559 4328 2695 4381 οὕτω
2734 4335 2824 4382 xui
2882 4337 2993 4391 ταῖς
3031 4331 3240 4404 ψυχαῖς
3292 4340 3395 4385 τῶν
3449 4334 3611 4405 ἁγίων
3640 4338 3838 4410 φανερὰ

2225 4420 2309 4468 xui
2354 4418 2517 4488 ὁρατά
2563 4418 2678 4471 ἐστι
2724 4422 2792 4471 τὰ
2833 4420 2993 4479 κάλλη
3026 4429 3123 4483 τῆς
3163 4425 3421 4494 θεότητος,
3452 4424 3519 4487 εἰς
3550 4424 3584 4476 ἄ
3611 4443 3838 4499 συγκιρ-

458 4506 572 4559 bus
600 4502 863 4574 permisti
897 4500 1210 4555 Christiani
1244 4500 1505 4571 sapiunt.
1538 4501 1609 4555 At
1640 4515 1778 4555 vero
1811 4501 2113 4571 corporeis

2237 4512 2408 4558 θῶνται
2465 4512 2555 4559 xui
2595 4516 2843 4581 φρονοῦσι
2903 4516 3236 4583 Χριστιανοί.
3292 4483 3451 4567 Ἀλλὰ
3502 4521 3612 4576 τοῖς
3651 4483 3835 4588 cii-iitu-

456 4592 646 4647 oculis
660 4590 953 4646 occultata
970 4595 1056 4644 est
1077 4588 1173 4643 illa
1188 4589 1414 4659 gloria;
1442 4590 1660 4644 animae
1688 4603 1827 4643 vero
1850 4589 2112 4644 credenti

456 4682 767 4754 perspicue
786 4678 1103 4745 revelatur,
1133 4694 1313 4751 quam
1344 4678 1633 4733 Dominus
1662 4683 1931 4732 necatam
1960 4678 2111 4733 exci-

454 4777 538 4826 tat
570 4788 605 4826 a
636 4775 900 4842 peccato,
936 4767 1456 4840 quemadmodum
1506 4767 1747 4821 suscitat
1788 4772 1842 4821 et
1874 4775 2109 4825 mortua

453 4876 709 4931 corpora
739 4877 752 4925 ;
800 4860 891 4913 cui
925 4862 1226 4929 praeparat
1254 4856 1468 4912 ccelum
1504 4871 1751 4918 novum,
1794 4860 1848 4911 et
1887 4860 2103 4913 terram

448 4966 691 5019 novam,
732 4954 788 5004 et
814 4948 1001 5003 solem
1031 4946 1292 5017 justitiae,
1327 4945 1418 5000 cui
1452 4944 1699 5013 largitur
1727 4945 1930 5000 omnia
1958 4962 1987 5000 e
2018 4946 2103 5001 di-

444 5039 685 5095 vinitate
719 5055 845 5093 sua.
879 5038 1005 5107 Ipse
1033 5046 1118 5091 est
1156 5035 1421 5089 mundus
1452 5050 1647 5095 verus,
1682 5043 1836 5089 terra
1876 5036 2098 5101 vivens,

445 5127 575 5183 vitis
605 5126 923 5189 fructifera,
959 5124 1129 5196 125
1158 5123 1331 5194 panis
1354 5123 1503 5188 vitae,
1526 5128 1580 5177 et
1603 5138 1765 5194 aqua
1795 5124 2013 5193 vivens,
2037 5130 2101 5180 ut

444 5218 727 5289 scriptum
757 5220 845 5271 est
880 5232 891 5269 :
931 5215 1123 5269 Credo
1166 5212 1361 5268 videre
1394 5211 1543 5267 bona
1577 5212 1816 5268 Domini
1842 5217 1901 5268 in
1934 5221 2098 5272 terra

442 5307 760 5363 viventium
789 5306 854 5357 ³⁵.
884 5304 949 5358 Et
978 5319 1212 5358 rursum
1239 5318 1248 5354 :
1283 5300 1521 5356 Orietur
1548 5302 1886 5357 timentibus
1909 5304 2098 5359 Domi-

440 5414 584 5451 num
605 5393 997 5464 Soljustitiae,
1022 5395 1076 5449 et
1091 5391 1322 5447 sanitas
1348 5389 1410 5444 in
1433 5389 1547 5445 alis
1565 5392 1693 5458 ejus
1718 5392 1785 5445 ’⁸.
1816 5390 1879 5446 Et
1904 5392 2097 5449 Domi-

438 5501 553 5541 nus
588 5498 829 5556 quoque
860 5481 1095 5553 inquit:
1123 5481 1249 5550 Ego
1282 5495 1411 5534 sum
1445 5479 1575 5535 vitis
1610 5494 1749 5537 vera
1773 5482 1837 5536 ⁸⁷.
1875 5483 1939 5537 Et
1963 5498 2092 5538 rur-

510 5630 558 5664 ²²
591 5630 703 5682 Isa.
733 5643 930 5689 xxxw,
965 5628 1050 5680 tl».
1129 5626 1178 5660 ³³
1206 5624 1357 5684 Luc.
1391 5640 1549 5694 xvm,
1583 5625 1635 5698 1,
1678 5623 1731 5681 7.

437 5703 485 5741 ³⁷
517 5704 689 5761 Joan.
730 5716 829 5769 xv,
867 5704 882 5753 t
915 5715 930 5766 ;
962 5715 1036 5767 vn,
1071 5700 1157 5755 48.

1835 5626 1883 5661 ²⁴
1941 5624 2154 5703 Ephes.

2222 4602 2388 4657 τικοίς
2421 4594 2702 4669 ὀφθαλμοῖς
2758 4597 3075 4652 κεκάλυπται
3104 4601 3135 4659 ἡ
3170 4597 3302 4663 δόξα
3354 4599 3538 4673 ἄκείνη,
3572 4610 3636 4675 τῇ
3668 4604 3829 4678 ψυχῇ

2223 4679 2281 4735 δέ
2327 4691 2385 4756 τῇ
2438 4688 2760 4759 πιστευούση
2834 4686 3103 4760 τηλαυγῶς
3168 4688 3607 4757 ἀποκαλύπτεται,
3670 4695 3734 4751 ἠν
3805 4697 3830 4746 6

2222 4775 2412 4845 Κύριος
2442 4777 2783 4849 νεκρωθεῖσαν
2826 4776 3016 4849 ἀνιστᾷ
3072 4776 3125 4831 ix
3163 4788 3253 4841 τῆς
3311 4779 3592 4855 ἁμαρτίας,
3646 4784 3827 4857 ὥσπερ

2216 4864 2400 4935 ἱγείρει
2473 4868 2563 4916 xui
2636 4867 2702 4917 τὰ
2786 4869 2941 4940 νεκρὰ
3040 4873 3278 4941 σώματα,
3368 4869 3658 4943 ἑτοιμάζων
3735 4874 3828 4925 αύ-

2213 4958 2276 5022 τῇ
2310 4952 2525 5025 ούρανὸν
2555 4958 2749 5021 καινόν,
2780 4960 2869 5008 xui
2893 4964 2993 5028 γῆν
3019 4962 3221 5023 καινὴν,
3249 4962 3339 5011 καὶ
3367 4959 3510 5019 ἣλιον
3542 4957 3823 5015 δικαιοσύ-

2210 5060 2322 5109 νης,
2360 5037 2395 5093 δ
2400 5037 2549 5104 ιδούς
2592 5044 2723 5117 αύτῇ
2752 5047 2923 5098 πάντα
2968 5047 3023 5098 ἐκ
3062 5054 3153 5109 τῆς
3183 5049 3342 5101 αὑτοῦ
3373 5050 3630 5111 θεότητος.
3664 5048 3823 5120 Ἐστι

2209 5133 2402 5201 κόσμος
2431 5130 2695 5197 άληθινὸς,
2729 5138 2818 5186 καὶ
2845 5142 2911 5206 γῆ
2948 5135 3117 5203 ζῶσα,
3147 5142 3236 5190 xui
3289 5138 3517 5210 ἄμπελος
3549 5148 3821 5216 καρποφό-

2206 5236 2315 5294 ρος,
2360 5224 2451 5272 xui
2499 5222 2651 5288 ἄρτος
2708 5225 2866 5288 ζωῆς,
2902 5230 2991 5277 καὶ
3022 5222 3165 5300 ὕδωρ
3227 5226 3345 5293 ζῶν,
3382 5230 3554 5291 καθὼς
3583 5235 3820 5303 γέγραπ-

2205 5313 2641 5372 ται,Πιστεύω
2670 5319 2780 5364 τοῦ
2842 5309 3009 5367 ἰδεῖν
3060 5318 3135 5367 τὰ
3185 5314 3395 5388 ἁγάθόι
3462 5321 3695 5393 Κύρίου
3752 5324 3815 5374 ἓν

2205 5405 2279 5469 γῇ
2317 5398 2564 5458 ζώντων
2598 5421 2611 5434 ·
2644 5407 2734 5455 καὶ
2791 5402 2965 5470 παλιν,
3016 5402 3349 5459 ’Δνατελεῐ
3394 5414 3531 5469 τοῖς
3582 5408 3817 5481 φόϐου-

2205 5490 2424 5558 μένοις
2479 5492 2587 5541 τόν
2644 5493 2879 5565 Κύριον
2926 5492 3144 5558 Ἥλιος
3196 5492 3648 5569 δικαιοσύνης,
3704 5506 3814 5553 xui

2207 5645 2259 5695 ν,
2293 5631 2386 5700 26,
2416 5635 2504 5689 27.
2585 5632 2807 5693 “Psal.
2836 5653 2993 5704 xxvr,
3041 5641 3133 5695 26.
3248 5640 3298 5677 ²⁶
3336 5639 3583 5699 Malach.
3627 5658 3706 5711 1v,
3756 5648 3808 5699 2.

4058 4642 4059 4729 l

4053 4998 4055 5137 Ν
