4034 6202
199 318 301 375 745

1460 309 1806 367 ΗΟΜΙΙΛᾹΞ.
1851 337 1914 352 κ-
1957 309 2130 367 ΗΟΜ.
2164 309 2415 368 XXXIV.

3453 316 3558 371 ’746

199 444 376 504 ἱασις
402 439 462 494 έν
491 445 638 502 ταῖς
665 435 968 512 πτέρυξιν
998 435 1216 491 αὐτοῦ.
1250 440 1352 490 Καὶ
1375 437 1401 489 ὁ
1425 437 1617 508 Κύριος
1643 431 1789 500 εἶπεν,

1912 451 2083 493 suam
2118 452 2131 491 :
2166 437 2293 507 Ego
2313 453 2441 494 sum
2466 439 2646 508 panis
2672 438 2805 496 vita:
2832 457 2848 507 ;
2872 443 2928 496 et
2951 455 3194 496 rursum
3230 454 3242 494 :
3273 441 3383 508 Qui
3405 441 3556 499 bibe-

197 531 354 604 Ἐγὼ
383 529 519 603 εἰμι
545 531 574 588 ἡ
603 526 889 601 ἄμπελος
915 527 946 585 ἡ
982 524 1283 584 ἀληθινή.
1319 529 1418 579 Καὶ
1443 524 1619 590 πάλιν,
1653 523 1801 596 Ἐγώ

195 622 329 694 εἰμι
360 621 386 672 ό
442 620 632 693 ἄρτος
659 625 774 678 τῆς
833 619 1015 680 ζωῆς.
1059 620 1161 669 Καὶ
1184 615 1359 680 πάλιν,
1411 614 1469 667 Ὀ
1507 618 1704 667 πίνων
1735 613 1800 665 ἐκ

193 717 310 764 τοῦ
341 706 580 770 ὕδατος
617 707 685 761 οὖ
723 706 844 779 ἑγὼ
886 702 1071 759 δώσω
1111 705 1298 776 αὐτῷ,
1339 708 1702 777 γενήσεται
1740 701 1798 755 έν

193 801 365 872 αὐτῷ
389 803 558 871 πηγὴ
588 794 1202 869 ὕδατοςᾶλλομένου
1224 795 1314 856 εἰς
1341 795 1511 856 ζωήν
1533 793 1794 846 αἰώνιον.

267 926 339 981 B'.
385 924 443 978 Ἠ
472 926 576 997 γὰρ
634 923 835 985 ἕλευσις
863 929 954 976 τοῦ
1011 925 1204 997 Κυρίου
1257 926 1406 974 πᾶσα
1459 916 1552 973 διὰ
1583 922 1669 972 τὸν
1701 919 1795 970 ἅν-

205 1019 400 1090 θρωπον
436 1017 734 1087 γεγένηται,
787 1015 874 1065 τόν
931 1013 1340 1083 τεθανατωμένον
1385 1012 1433 1063 ἓν
1472 1011 1617 1082 τάφω
1676 1012 1797 1061 σκό-

205 1124 332 1171 τους,
393 1103 675 1177 ἁμαρτίας,
741 1103 1033 1175 πνεύματος
1083 1099 1402 1174 ἀκαθάρτου,
1489 1103 1579 1152 καὶ
1639 1094 1796 1151 δυνάο

199 1214 328 1267 μεων
359 1200 618 1268 πονηρῶν,
655 1193 738 1244 ἵνα
786 1189 838 1243 έν
865 1199 938 1262 τῷ
983 1190 1135 1243 αἰῶνι
1185 1193 1355 1262 τούτῳ
1397 1195 1485 1241 νῦν
1515 1187 1791 1260 ἀναστήσῃ

194 1289 283 1336 καὶ
344 1283 652 1354 ζωοποιήση
727 1283 812 1333 τόν
864 1281 1153 1354 ἄνθρωπον,
1235 1284 1326 1332 καὶ
1379 1279 1642 1351 καθαρίσῃ
1691 1274 1792 1328 ἀπὸ

189 1375 368 1434 πάσης
395 1371 660 1444 μελανίας,
690 1375 778 1423 καὶ
829 1373 1029 1442 φωτίση
1062 1367 1218 1421 αὐτὸν
1270 1376 1341 1420 τῶ
1371 1364 1490 1439 ἰδίῳ
1521 1371 1670 1439 φωτὶ,
1703 1369 1793 1417 καὶ

190 1463 437 1536 ἀμφιάσῃ
471 1461 626 1512 αὐτόν
651 1461 717 1512 τὰ
754 1458 942 1512 ἑαυτοῦ
980 1461 1032 1511 ἓν
1063 1454 1278 1530 δόματα
1315 1464 1408 1519 τῆς
1459 1458 1696 1516 θεότητος
1727 1457 1793 1506 τὰ

187 1551 430 1626 οὐρανια.
490 1548 572 1602 Ἐν
629 1544 690 1600 δε
744 1555 806 1620 τῇ
870 1545 1153 1598 ἀναστάσει
1232 1553 1330 1598 τῶν
1389 1546 1664 1616 σωμάτων,
1723 1543 1790 1593 ὧν

188 1643 590 1714 προανέστησαν
621 1641 710 1690 καὶ
733 1633 1202 1710 προεδοξοίσθησαν
1233 1637 1289 1687 αἱ
1315 1633 1518 1705 ψυχαὶ,
1560 1637 1671 1686 τότε
1699 1637 1790 1684 καὶ

187 1732 255 1782 τὰ
305 1733 530 1800 σώματα
584 1721 1016 1789 συνδοξάζονται,
1069 1729 1159 1776 xui
1218 1723 1532 1796 φωτίζονται
1570 1729 1632 1795 τῇ
1687 1720 1789 1773 ἀπὸ

191 1825 280 1871 τοῦ
311 1825 400 1869 νῦν
452 1818 813 1888 πεφωτισμένῃ
873 1817 962 1866 καὶ
1015 1809 1376 1886 δεδοξασμένῃ
1438 1811 1592 1883 ψυχῇ
1624 1825 1638 1840 ·
1674 1813 1788 1863 ἔστι
1827 1807 1867 1860 Β

194 1911 291 1979 γὰρ
343 1905 515 1958 αὐτῶν
565 1901 705 1966 οἶκος
751 1909 841 1956 καὶ
881 1907 1044 1962 σκηνὴ
1085 1907 1173 1955 xui
1229 1901 1378 1962 πόλις
1409 1902 1433 1953 ό
1467 1904 1676 1974 Κύριος.
1717 1904 1787 1952 Τό

198 2001 492 2069 οἰκητήριον
586 1991 644 2047 δί
706 1995 767 2046 τό
841 1992 895 2055 εξ
959 1991 1195 2064 ίούρανοῦ
1276 1994 1333 2043 τὸ
1384 1989 1786 2063 ἀχειροποίητον

195 2084 585 2161 περιϐέϐληνται
639 2079 798 2146 δόξαν
837 2084 1005 2154 φωτός
1059 2083 1250 2147 θεῖκοῠ,
1305 2083 1375 2142 ὡς
1417 2085 1568 2133 τέκνα
1621 2083 1787 2152 φωτὸς

191 2183 472 2247 γενόμενοι,
501 2173 560 2226 οὗ
589 2171 938 2246 προσέξουσιν
970 2169 1210 2232 ἀλλήλοις
1255 2169 1501 2243 ὀφθαλμὼ
1527 2176 1734 2241 πονηρῷ
1769 2190 1780 2202 ·

189 2268 416 2337 πονηρία
451 2264 555 2335 γὰρ
605 2261 822 2334 ἐξήρθη.
857 2259 968 2312 Οὔκ
1022 2262 1163 2312 ἔστιν
1187 2261 1295 2311 ἐκεῖ
1322 2261 1477 2332 ἄρσεν
1509 2263 1599 2309 καὶ
1633 2256 1783 2322 θῆλυ,

189 2351 380 2415 δοῦλος
430 2357 519 2404 καὶ
553 2349 814 2423 ἐλεύθερος
845 2370 859 2383 ·
894 2348 962 2410 εἰς
995 2351 1168 2408 θεῑκήν
1225 2351 1325 2424 γὰρ
1381 2351 1536 2421 φύσιν
1566 2347 1786 2408 ἅπαντες

183 2442 614 2518 μεταϐάλλονται,
656 2445 911 2515 χρηστοὶ,
967 2443 1057 2492 xui
1118 2440 1245 2508 θεοὶ,
1299 2443 1386 2490 καὶ
1444 2442 1596 2490 τέκνα
1652 2443 1785 2491 Θεοῦ

181 2538 476 2606 γενόμενοι.
582 2530 722 2583 Ἐκεῖ
822 2527 1260 2600 ἀνεπαισχύντως
1359 2532 1474 2580 τότε
1571 2525 1786 2586 λαλήσει

183 2624 394 2698 εἰρήνην
419 2617 636 2694 ἀδελφός
657 2615 852 2692 ἀδελφῇ
881 2639 894 2652 ο
924 2619 973 2670 ἓν
992 2619 1091 2690 γάρ
1114 2617 1243 2670 εἰσιν
1265 2619 1313 2670 ἓν
1335 2624 1549 2689 Χριστῶ
1576 2617 1786 2688 πάντες,

178 2717 269 2766 καὶ
335 2712 528 2771 πάντες
600 2711 648 2761 ἓν
724 2706 795 2760 ivi
863 2711 992 2780 φωτὶ
1067 2706 1466 2779 ἀναπαυόμενοι.
1538 2705 1784 2779 Προσέξει

181 2803 351 2874 ἔτερος
381 2808 454 2852 τῶ
481 2797 661 2870 έτέμῳ,
692 2800 783 2849 καὶ
838 2797 888 2848 ἓν
938 2804 1011 2848 τῶ
1040 2795 1341 2869 προσέψιιν,
1404 2795 1584 2856 εὐθέως
1631 2794 1782 2847 πάλιν

183 2891 251 2954 εἰς
302 2888 548 2948 ἀλήθειαν
599 2883 976 2959 ἒκλάμψουσιν,
1020 2885 1092 2948 εἰς
1147 2883 1394 2944 ἀληθινὴν
1447 2887 1562 2937 θέαν
1617 2888 1782 2957 φωτὸς

187 2979 429 3055 ἀρρήτου.

268 3105 335 3158 I".
367 3105 544 3165 Οὕτως
581 3101 784 3162 πολλοῖς
828 3105 1102 3174 σχήμασι,
1143 3104 1234 3153 xui
1264 3099 1476 3162 πολλαῖς
1525 3105 1612 3154 καὶ
1658 3119 1782 3152 ποι-

190 3199 356 3258 κίλαις
404 3192 590 3257 δόξαις
648 3195 843 3254 θεῑκαῖς
893 3191 1128 3251 ἀλλήλοις
1166 3192 1400 3264 ἐνορῶσι,
1443 3196 1531 3242 καὶ
1568 3192 1783 3251 ἕκαστος

180 3284 532 3344 ἐκπλήσσεται
604 3286 694 3334 καὶ
759 3279 983 3352 ἁγαλλιᾷ
1056 3278 1362 3351 ἀγαλλιάσει
1435 3279 1779 3351 ἀνεκλαλήτῳ,

175 3377 460 3447 προσέχων
499 3379 563 3444 τῇ
619 3377 712 3424 τοῦ
760 3369 931 3443 έτέρου
988 3364 1140 3443 δόξῃ.
1200 3367 1353 3441 Ὁρᾷς
1417 3376 1527 3431 πῶς
1582 3371 1637 3422 αἱ
1691 3377 1784 3422 τοῦ

177 3470 314 3518 Θεοῦ
365 3459 525 3524 δόξαι
571 3461 833 3534 ἄφραστοί
873 3458 977 3512 εἰσι
1024 3463 1114 3511 xui
1172 3457 1552 3525 ἁκατάληπτοι,
1621 3462 1786 3532 φωτὸς

181 3551 411 3628 ἆρῥήτου
455 3555 547 3603 xui
598 3545 780 3602 ὄιῑδίων
854 3553 1181 3621 μυστηρίων,
1259 3552 1349 3600 xui
1420 3545 1785 3622 ἀναριθμήτων

185 3639 393 3713 ἀγαθῶν
451 3640 810 3712 ὑπάρχουσι;
853 3637 1054 3710 Ὠσπερ
1082 3639 1182 3711 γὰρ
1215 3636 1263 3689 έν
1313 3645 1422 3699 τοῖς
1466 3643 1787 3711 φαινομένοις

180 3734 243 3785 τὰ
290 3738 386 3791 τῆς
414 3737 517 3801 γῆς
561 3731 715 3801 φυτὰ,
751 3729 779 3788 ή
819 3731 1113 3801 σπέρματα,
1165 3727 1194 3786 ή
1242 3727 1372 3785 ἄνθη
1405 3727 1616 3780 ποικίλα
1647 3724 1787 3780 ἁδύ-

176 3824 331 3871 νατόν
361 3838 468 3870 τινι
509 3815 817 3870 καταλαϐεῖν
872 3815 1098 3889 ἀριθμῷ,
1151 3820 1241 3869 καὶ
1287 3818 1374 3868 τόν
1425 3817 1594 3868 πάντα
1623 3816 1786 3868 πλοῦ-

180 3928 272 3962 τον
303 3915 406 3968 τῆς
428 3913 551 3979 γῆς,
602 3905 882 3978 ἀμήχανόν
925 3924 1027 3957 τινι
1074 3912 1334 3978 μετρῆσαι
1364 3905 1393 3964 ἣ
1423 3903 1743 3957 ἐπίστασθαι
1771 3924 1782 3938 ·

176 3999 206 4056 fg
239 3999 424 4071 ὧσπερ
456 3998 505 4048 ἓν
532 4004 597 4068 τῇ
650 3994 887 4068 θαλάσση
941 3996 1006 4046 τὰ
1044 3992 1091 4046 έν
1141 3993 1268 4064 αὐτῇ
1334 3996 1462 4058 ζῶα,
1494 3995 1525 4053 ή
1560 3997 1644 4046 τόν
1677 3991 1789 4066 ἀρι-

178 4089 337 4158 θμὸν,
375 4085 406 4144 ή
439 4086 506 4137 τὰ
548 4088 692 4156 γένη,
737 4084 768 4144 ή
811 4089 905 4142 τὴν
951 4079 1226 4156 διαφορὰν,
1267 4083 1297 4142 ή
1356 4085 1414 4134 τὸ
1463 4086 1647 4155 μέτρον
1696 4090 1786 4135 τοῦ

175 4172 383 4234 ὕδατος
435 4173 620 4238 αὐτῆς,
652 4174 682 4232 ἣ
713 4176 770 4225 τὸ
810 4177 993 4246 μέτρον
1047 4178 1140 4224 τοῦ
1178 4176 1340 4224 τόπου
1381 4170 1544 4233 αὐτῆς
1596 4168 1788 4223 ἀδύνα-

822 2527 1044 2581 ἁνεπαισ
1051 2530 1228 2600 χύντω
1240 2548 1260 2590 ς

1815 3157 1856 3215 C

176 4271 273 4319 τὸν
311 4284 414 4318 τινι
443 4272 541 4316 τῶν
600 4262 882 4338 ἀνθρώπων
924 4261 1234 4314 καταλαϐεῖν
1281 4281 1294 4294 θ
1329 4263 1358 4321 ή
1416 4264 1590 4337 ὥσπερ
1640 4261 1688 4314 έν
1715 4269 1787 4332 τῷ

182 4354 306 4430 ὃιέρι
354 4357 446 4406 τὸν
502 4352 722 4427 ἀριθμὸν
778 4360 879 4405 τῶν
929 4359 1166 4405 πετεινῶν
1208 4369 1220 4381 ·
1254 4351 1285 4410 ἢ
1341 4353 1407 4404 τὰ
1459 4357 1580 4422 γένη
1613 4353 1642 4411 ή
1694 4356 1788 4410 τήν

183 4443 460 4497 ποικιλίαν
506 4439 762 4495 ἀδύνατον
808 4450 1000 4514 γνῶναι
1033 4461 1046 4475 ο
1079 4441 1109 4500 ἦ
1143 4443 1316 4513 ὥσπερ
1365 4444 1422 4493 τό
1448 4449 1540 4494 τοῦ
1571 4440 1788 4516 οὐρανοῦ

177 4535 432 4606 μέγεθος,
472 4532 502 4591 ή
563 4535 656 4592 τὰς
713 4533 874 4592 θέσεις
934 4539 1031 4582 τῶν
1083 4531 1308 4603 ἄστρων,
1371 4531 1399 4590 ή
1457 4535 1543 4583 τὸν
1597 4528 1791 4605 δρόμον
1826 4529 1868 4585 D

179 4624 365 4677 αὐτῶν
420 4624 489 4684 ὡς
545 4625 687 4675 ἔστιν
736 4617 993 4674 ἀδύνατον
1045 4619 1351 4672 καταλαϐεῖν
1391 4635 1407 4652 ⁸
1458 4621 1613 4682 οὕτως
1652 4622 1792 4675 ἐστὶν

179 4711 456 4767 ἀδύνατον
517 4711 694 4775 εἰπεῖν,
743 4712 774 4771 ἡ
844 4707 1188 4784 διαγορεῦσαι
1254 4713 1338 4762 τὸν
1419 4710 1637 4763 πλοῦτον
1695 4721 1794 4763 τῶν

177 4810 531 4879 Χριστιανῶν
548 4804 634 4854 τὸν
662 4799 969 4874 ἀμέτρητον,
994 4798 1275 4873 ἀπέραντον
1300 4805 1383 4852 καὶ
1407 4799 1791 4860 ἀκατάληπτον.

182 4895 257 4952 Εἰ
313 4896 419 4966 γὰρ
473 4893 541 4944 τὰ
591 4894 860 4964 κτίσματα
923 4896 1088 4942 ταῦτα
1145 4897 1393 4942 τοσοῦτον
1451 4891 1641 4965 ἄπειρα
1704 4895 1794 4942 καὶ

180 4982 548 5041 ἀκατάληπτα
576 4989 685 5042 τοῖς
741 4979 1035 5054 ἀνθρώποις
1093 4982 1366 5052 τυγχάνει,
1421 4985 1568 5053 πόσῳ
1607 4981 1797 5053 μᾶλλον

181 5076 211 5128 ό
246 5077 446 5132 κτίσας
496 5074 586 5123 καὶ
641 5074 1046 5132 κατασκευάσας
1097 5069 1230 5122 αὐτοί
1271 5069 1284 5124 l
1323 5069 1540 5142 Ὀφείλει
1589 5066 1676 5122 οὖν
1719 5090 1796 5132 τις

180 5161 394 5238 μᾶλλον
452 5158 872 5230 ἆγαλλιασθῆναι
927 5164 1016 5212 xui
1094 5167 1349 5234 χαρῆναι,
1417 5161 1498 5211 ὃτι
1550 5167 1800 5221 τοσοῦτος

181 5252 422 5310 πλοῦτος
476 5253 565 5301 xui
616 5248 932 5322 κληρονομία
990 5256 1097 5311 τοῖς
1159 5256 1497 5323 Χριστιανοῖς
1579 5251 1803 5320 ήτοίμα-

188 5360 351 5408 σται,
385 5340 520 5391 ὥστε
546 5334 753 5412 μηδένα
798 5334 1090 5397 δυνηθῆναι
1141 5337 1318 5402 εἰπεῖν,
1353 5337 1379 5396 ὂ
1426 5338 1791 5410 ἐξαγορεῦσαι,

184 5432 351 5486 Μετὰ
380 5430 554 5490 πάσης
607 5425 666 5481 δε
698 5423 934 5488 σπουδῆς
980 5433 1070 5480 καὶ
1117 5430 1587 5502 ταπεινοφροσύνης
1640 5446 1801 5500 προσσ

185 5521 367 5577 ελθεῖν
426 5514 508 5570 δεῖ
551 5517 636 5572 ἐπὶ
689 5520 776 5570 τὸν
830 5515 1006 5590 ἀγῶνα
1041 5526 1142 5570 τῶν
1190 5525 1541 5592 Χριστιανῶν,
1581 5521 1670 5569 καὶ
1711 5515 1805 5568 λα-

272 5721 328 5756 "
353 5717 528 5774 Joan.
563 5732 640 5784 1v,
674 5717 726 5782 4,

1911 525 1991 579 rit
2019 540 2094 582 ea:
2123 526 2236 582 hac
2263 542 2441 598 aqua,
2475 543 2653 598 quam
2685 544 2787 599 ego
2819 530 2971 586 dabo
3003 531 3074 594 ei,
3106 531 3206 598 ﬁet
3232 531 3297 586 in
3327 545 3392 586 eo
3413 531 3556 600 fons

1909 629 2080 686 aqua“
2106 615 2375 672 salientis
2403 615 2465 672 in
2497 617 2677 674 vitam
2706 622 2989 676 aeternam
3021 620 3092 674 ³⁸.

1977 937 2044 992 ΙΙ.
2069 937 2372 994 Adventus
2400 939 2562 994 enim
2590 939 2824 996 Domini
2845 945 3006 997 totus
3040 942 3277 1014 penitus
3309 948 3553 1015 propter

1908 1025 2211 1082 hominem
2239 1027 2363 1093 fuit,
2396 1029 2496 1100 qui
2526 1034 2795 1084 mortuus
2815 1029 3055 1100 jacebat
3081 1032 3140 1086 in
3173 1033 3450 1104 sepulcro
3473 1038 3554 1088 te-

1904 1114 2252 1185 nebrarum,
2285 1118 2532 1188 peccati,
2579 1119 2820 1189 spiritus
2868 1118 3106 1191 impuri,
3143 1125 3198 1176 et
3228 1136 3555 1192 perversa-

1902 1220 2039 1260 rum
2067 1209 2452 1276 potestatum,
2486 1213 2550 1262 ut
2578 1207 2639 1262 in
2669 1207 2783 1264 hoc
2810 1209 3032 1265 saeculo
3057 1225 3218 1265 nunc
3247 1211 3558 1266 resuscitat

1904 1308 1973 1349 ac
1996 1293 2250 1350 viviﬁcet
2278 1294 2607 1358 hominem,
2637 1295 3013 1353 emundetab
3039 1297 3202 1353 omni
3222 1297 3554 1366 nigredine,

1903 1380 2195 1438 illuminet
2225 1399 2361 1438 eum
2390 1400 2498 1439 suo
2527 1384 2969 1456 lumine,atque
2995 1386 3236 1442 amiciat
3265 1402 3405 1442 eum
3430 1387 3557 1441 suis

1900 1469 2088 1542 ipsius
2129 1469 2496 1527 indumentis
2526 1472 2744 1528 divinis
2782 1480 2839 1529 et
2869 1474 3239 1532 ccelestibus.
3273 1476 3336 1530 In
3364 1490 3558 1530 resur-

1899 1561 2158 1615 rectione
2202 1566 2399 1616 autem
2433 1577 2775 1633 corporum,
2824 1578 3084 1634 quorum
3126 1570 3262 1620 ante
3293 1580 3558 1619 resurre-

1899 1648 2095 1704 xerint
2115 1657 2171 1704 et
2190 1649 2379 1719 gloria
2409 1649 2711 1706 illustratus
2734 1651 2951 1707 fuerint
2979 1652 3216 1723 animai,
3243 1659 3382 1708 tunc
3409 1668 3556 1724 quo-

1899 1755 2017 1810 que
2030 1754 2283 1809 corpora
2309 1738 2489 1794 simul
2509 1739 3002 1809 gloriﬁcabun'ur
3019 1746 3075 1797 et
3099 1741 3555 1797 illustrabuntur

1899 1844 2035 1884 cum
2065 1829 2288 1893 anima,
2320 1843 2454 1900 quae
2475 1844 2636 1884 nunc
2660 1829 3000 1886 illuminata
3017 1835 3074 1886 et
3100 1830 3394 1886 illustrata
3419 1831 3551 1886 fuit.

1897 1918 2186 1972 Dominus
2205 1917 2364 1972 enim
2387 1923 2475 1972 est
2497 1933 2706 1972 eorum
2735 1920 2977 1983 domus,
3007 1919 3461 1975 tabernaculum
3497 1927 3554 1975 et

1898 2006 2100 2062 civitas
2123 2023 2136 2073 ;
2157 2005 2459 2061 domicilio
2483 2022 2617 2062 vero
2640 2006 2882 2072 caelesti,
2907 2023 3028 2063 non
3049 2008 3391 2064 manufacto
3419 2024 3552 2078 pro-

1898 2093 2030 2151 tecti
2055 2103 2213 2160 sunt,
2238 2094 2426 2165 gloria
2455 2094 2740 2151 nimirum
2770 2095 3012 2151 luminis
3043 2096 3230 2151 divini
3252 2097 3414 2152 velut
3439 2097 3545 2152 ﬁlii

1895 2183 2048 2241 lucis
2088 2182 2297 2239 eﬁecti.
2351 2186 2477 2239 Non
2526 2183 2916 2241 intuebuntur
2969 2202 3031 2240 se
3071 2185 3329 2241 invicem
3363 2185 3543 2242 oculo

1897 2287 2084 2343 pravo
2126 2291 2140 2338 ;
2183 2272 2410 2328 malitia
2458 2273 2616 2328 enim
2666 2272 2904 2329 sublata
2952 2279 3058 2329 est.
3110 2273 3240 2330 Non
3292 2281 3384 2330 est
3433 2275 3549 2331 illic

1899 2361 2200 2416 masculus
2215 2367 2270 2417 et
2283 2362 2522 2421 femina.
2545 2377 2752 2417 servus
2767 2361 3000 2418 etliber.
3025 2363 3088 2418 In
3103 2363 3371 2418 divinam
3394 2365 3553 2420 enim

1897 2455 2173 2507 naturam
2205 2467 2417 2506 omnes
2448 2456 2938 2515 transmutantur,
2970 2451 3236 2521 benigni,
3265 2453 3347 2507 dii
3371 2460 3427 2508 et
3449 2452 3552 2508 ﬁlii

1899 2541 1997 2596 Dei
2037 2539 2195 2596 facti.
2219 2539 2340 2595 Illic
2385 2541 2616 2612 absque
2655 2539 2776 2595 ullo
2828 2541 3057 2611 pudore
3098 2547 3238 2596 tunc
3276 2539 3554 2613 loquetur

1897 2645 2108 2702 pacem
2139 2629 2319 2685 frater
2342 2645 2481 2685 cum
2513 2644 2736 2686 sorore.
2769 2631 2960 2686 Unum
2995 2628 3296 2701 siquidem
3329 2631 3553 2686 suntin

1895 2719 2122 2774 Christo
2145 2734 2377 2784 omnes,
2397 2725 2676 2774 etomnes
2693 2718 2752 2774 in
2768 2734 2887 2774 uno
2902 2718 3127 2774 lumine
3147 2719 3551 2790 requiescunt.

1894 2807 2168 2863 Attendet
2214 2807 2359 2863 alter
2405 2807 2465 2862 in
2514 2806 2789 2873 alterum,
2819 2813 2875 2863 et
2919 2807 3070 2863 inter
3120 2807 3551 2863 attendendum

1893 2897 2207 2953 confestim
2252 2897 2452 2953 denuo
2493 2897 2553 2951 in
2587 2897 2831 2953 veritate
2875 2896 3294 2968 splendebant,
3326 2896 3385 2952 in
3415 2913 3551 2953 vera

1892 2985 2396 3057 contemplatione
2426 2984 2670 3040 luminis
2709 2984 2934 3042 arcani.

1966 3111 2058 3165 Ill.
2090 3110 2253 3166 Adeo
2302 3108 2734 3181 multiplicibus
2773 3109 3001 3178 ﬁguris,
3036 3108 3225 3164 multa
3275 3113 3332 3164 et
3381 3108 3553 3164 varia

1893 3200 2083 3271 gloria
2099 3199 2305 3256 divina
2323 3215 2386 3255 se
2414 3199 2670 3254 invicem
2688 3198 2977 3270 aspicient
3000 3215 3013 3253 :
3039 3198 3290 3271 quisque
3307 3202 3552 3270 stupore

1893 3291 2253 3362 percutietur
2298 3295 2354 3345 et
2416 3287 2735 3344 exsultabit
2783 3287 3178 3344 exsultatione
3240 3285 3549 3353 ineflabili,

1894 3377 2317 3435 animadversa
2370 3377 2609 3432 alterius
2672 3376 2882 3446 gloria.
2943 3376 3117 3431 Vides
3168 3391 3292 3448 quo
3373 3382 3550 3447 pacto

1895 3468 2086 3539 gloria
2137 3468 2233 3522 Dei
2277 3465 2474 3523 verbis
2512 3465 2796 3538 explicari
2838 3473 2941 3522 aut
2977 3463 3407 3537 comprehendi
3454 3481 3553 3520 ne-

1895 3563 2099 3630 queat,
2132 3556 2322 3626 gloria
2373 3555 2597 3611 scilicet
2639 3554 2883 3611 luminis
2933 3555 3158 3621 arcani,
3191 3561 3554 3612 aeternorum

1897 3646 2312 3717 mysteriorum
2326 3649 2382 3699 et
2398 3645 2696 3700 bonorum
2709 3643 3133 3698 innumerabili
3145 3643 3554 3710 um.Quemad-

1897 3734 2150 3791 modum
2185 3733 2347 3789 enim
2389 3732 2448 3788 in
2489 3732 2664 3788 rebus
2704 3733 2851 3787 aciei
2890 3732 3203 3788 oculorum
3247 3732 3550 3805 subjectis,

1898 3823 2340 3896 plantasterrae,
2371 3820 2602 3877 semina
2629 3825 2734 3876 aut
2757 3821 2935 3876 ﬂores
2969 3821 3170 3875 varios
3190 3835 3310 3875 non
3343 3821 3552 3876 datum

1897 3917 1984 3967 est
2044 3911 2309 3983 cuipiam
2357 3924 2608 3964 numero
2666 3907 3195 3978 comprehendere,
3249 3913 3428 3979 atque
3488 3913 3553 3962 ut

1897 4016 2108 4058 omnes
2134 4015 2279 4070 opes
2294 4005 2458 4054 terras
2473 3997 3062 4069 metiaturquispiam
3087 3999 3550 4064 autcognoscat,

1898 4090 2023 4145 ﬁeri
2052 4105 2172 4144 non
2206 4093 2398 4160 potest
2432 4104 2446 4154 ;
2475 4091 2577 4143 aut
2629 4085 2806 4142 veluti
2848 4084 3139 4141 animalia
3176 4085 3236 4140 in
3277 4085 3429 4139 mari
3455 4085 3554 4139 de-

1898 4179 2116 4251 gentia,
2144 4183 2246 4233 aut
2265 4192 2606 4241 numerum,
2631 4180 2983 4244 autgenera,
3005 4180 3105 4229 aut
3130 4173 3550 4239 differentiam,

1898 4274 2000 4325 aut
2028 4283 2373 4322 mensuram
2414 4282 2589 4337 aquas
2619 4264 2879 4336 ejus,aut
2908 4278 3256 4318 mensuram
3285 4261 3397 4318 loci
3426 4262 3553 4333 ejus

1899 4357 2268 4429 impossibile
2299 4361 2384 4410 est
2416 4354 2516 4410 ulli
2546 4353 2860 4409 hominum
2894 4351 3554 4424 comprehendere;aut

1901 4447 2079 4502 veluti
2111 4461 2212 4518 per
2240 4461 2440 4500 aerem
2478 4442 2810 4500 volantium
2837 4441 3170 4498 volucrium
3202 4457 3544 4512 numerum,

1904 4540 2008 4593 aut
2037 4551 2254 4604 genera
2271 4533 2705 4589 autvarietates
2737 4547 2857 4586 non
2875 4530 3012 4586 licet
3037 4546 3396 4600 cognoscere
3415 4547 3428 4595 ;
3446 4534 3547 4585 aut

1907 4625 2086 4682 veluti
2120 4623 2598 4694 magnitudinem
2637 4620 2789 4685 caeli,
2819 4625 2919 4676 aut
2959 4619 3191 4692 positus
3231 4625 3550 4683 astrorum,

1907 4719 2009 4770 aut
2046 4729 2284 4768 cursum
2329 4726 2536 4767 eorum
2576 4709 2862 4782 consequi
2901 4707 3273 4780 impossibile
3313 4714 3397 4762 est
3430 4723 3441 4762 :
3479 4707 3560 4760 sic

1905 4819 2146 4876 quoque
2168 4799 2536 4872 impossibile
2559 4803 2646 4854 est
2669 4813 2948 4854 enarrare
2968 4804 3069 4852 aut
3091 4797 3386 4868 explicare
3408 4795 3554 4849 divi-

1907 4894 2016 4947 tias
2059 4891 2524 4948 Christianorum
2555 4887 2904 4952 immensas,
2939 4884 3194 4941 inﬁnitas
3235 4893 3290 4940 et
3327 4885 3560 4939 incom-

1909 4979 2425 5053 prehensibiles.Si
2451 4977 2667 5031 etenim
2684 4982 2966 5032 creaturas
2991 4975 3116 5030 ista:
3139 4973 3289 5028 adeo
3313 4973 3559 5027 inﬁnitae

1909 5075 1965 5125 et
2019 5065 2650 5139 incomprehensibiles
2711 5064 3061 5121 hominibus
3135 5069 3291 5132 sunt,
3335 5066 3563 5134 quanto

1913 5158 2128 5228 magis,
2152 5157 2254 5228 qui
2303 5155 2571 5210 condidit
2601 5160 2656 5209 et
2703 5153 2920 5208 creavit
2951 5152 3079 5207 illas
3107 5152 3135 5209 ?
3167 5150 3349 5205 Debet
3388 5150 3566 5219 igitur

1911 5246 2212 5320 quispiam
2255 5244 2666 5300 vehementius
2697 5242 2994 5299 exsultare
3035 5245 3092 5296 et
3131 5238 3337 5305 laetari,
3368 5243 3566 5294 tantas

1912 5353 2057 5408 opes
2083 5344 2137 5390 et
2167 5334 2575 5390 haereditatem
2609 5332 2956 5390 Christianis
2987 5335 3384 5402 praeparatam
3413 5343 3565 5397 esse,

1915 5432 1975 5481 ut
1996 5441 2174 5480 nemo
2201 5422 2596 5496 possiteloqui
2627 5428 2729 5478 aut
2760 5435 3058 5476 enarrare.
3094 5419 3382 5474 Caeterum
3397 5415 3566 5472 omni

1917 5514 2112 5571 studio
2130 5520 2184 5569 et
2205 5512 2387 5570 animi
2410 5511 2739 5568 humilitate
2768 5509 3050 5567 accedere
3091 5512 3323 5581 oportet
3341 5507 3418 5563 ad
3449 5522 3568 5563 cer-
