4116 6210
518 300 622 354 747

1835 292 1893 347 S.
1937 290 2234 350 MACARII
2275 291 2584 348 ASGYPTll

3766 289 3880 345 748

498 426 698 480 tamen
734 420 1228 485 Christianorum,
1270 434 1341 475 ac
1378 417 1668 490 consequi
1697 417 1827 473 illas
1873 417 2137 473 divitias.

2260 415 2361 469 ϐεῖν
2392 415 2576 470 ἐκεῖνον
2605 419 2692 470 τὸν
2740 415 2981 469 πλοῦτον.
3040 413 3370 488 κληρονομία
3417 416 3520 488 γὰρ
3569 419 3662 468 καὶ
3720 418 3880 486 μερὶς

496 512 815 568 Hasrcditas
865 511 1023 566 enim
1067 514 1123 564 et
1171 524 1310 580 pars
1337 507 1828 575 Christianorum,
1882 515 1971 562 est
2022 507 2148 578 ipse

499 605 677 657 Deus.
711 600 987 656 Dominus
1010 602 1185 664 enim,
1219 597 1431 669 inquit,
1462 613 1603 667 pars
1635 596 2150 654 haereditatismew

499 699 549 748 et
574 692 772 746 calicis
799 690 911 746 mei
941 691 1010 742 ’9.
1043 688 1234 742 Gloria
1267 687 1344 742 sit
1370 688 1440 751 ei,
1476 687 1576 758 qui
1611 702 1672 741 se
1702 687 1901 758 ipsum
1941 686 2144 756 donat,

497 786 677 851 atque
718 778 1038 850 permiscet
1068 782 1337 832 sanctam
1394 775 1659 831 animam
1713 791 1885 831 suam
1935 774 2150 832 animis

499 869 992 937 Christianorum,
1025 867 1081 922 in
1114 867 1355 921 saecula.
1383 866 1592 920 Amen.

969 994 1010 1062 l
1025 992 1139 1063 26
1172 991 1457 1047 HOMILIA
1490 991 1684 1046 XXXV.

871 1099 952 1155 De
967 1098 1224 1154 Sabbato
1255 1098 1495 1169 antiquo
1518 1102 1570 1154 et
1608 1113 1774 1154 novo.

567 1225 608 1279 Ι.
637 1226 697 1279 In
727 1225 939 1279 umbra
961 1223 1107 1294 legis
1131 1238 1235 1294 per
1253 1224 1449 1278 Mosen
1471 1222 1627 1278 datae
1655 1223 1960 1279 mandavit
1979 1226 2150 1287 Deus,

502 1329 999 1385 unumquemque
1053 1313 1425 1384 requiescere
1480 1313 1540 1366 in
1595 1311 1953 1380 Sabbato,et
2005 1313 2151 1368 nihil

497 1403 827 1474 agere.Iloc
859 1408 1059 1457 autem
1089 1401 1718 1471 ﬁguraeratetumbra
1741 1403 1859 1456 veri
1884 1401 2147 1468 Sabbati,

497 1492 659 1564 quod
679 1493 893 1546 animas
924 1491 1182 1545 donatur
1208 1507 1243 1546 a
1270 1491 1545 1545 Domino.
1581 1491 1989 1558 Animaenim,
2013 1507 2150 1562 qum

496 1581 680 1651 digna
719 1585 994 1635 censetur
1026 1578 1103 1634 ab
1130 1579 1404 1635 obscenis
1434 1586 1490 1635 et
1523 1581 1796 1651 turpibus
1828 1582 2141 1650 cogitatio-

495 1670 674 1726 nibus
749 1669 1005 1734 liberari,
1063 1674 1189 1724 tum
1241 1685 1441 1724 verum
1487 1669 1818 1725 Sabbatum
1867 1670 2144 1735 celebrat,

2259 515 2358 558 τῶν
2390 513 2717 578 Χριστιανῶν
2746 505 2899 565 αὐτὸς
2928 507 3069 556 ἐστιν
3120 506 3146 556 ὁ
3190 509 3318 566 Θεὸς
3353 523 3365 534 ·
3423 506 3666 576 Κύριος
3720 506 3866 576 γὰρ,

2261 600 2408 668 φησὶ,
2470 600 2652 668 μερὶς
2719 603 2830 656 τῆς
2895 594 3335 666 κληρονομίας
3403 613 3524 666 μου
3589 597 3695 645 καὶ
3758 600 3870 645 τοῦ

2259 690 2578 760 ποτηρίου
2618 704 2760 756 μου.
2793 684 2926 747 Δόξα
2954 692 3022 754 τῷ
3063 684 3243 757 ίαρτόν
3280 680 3508 750 διδόντι,
3549 687 3640 736 καὶ
3672 702 3868 753 συγκυ-

2259 783 2444 849 ρνῶντι
2475 779 2565 833 τὴν
2605 773 2756 846 ἁγίαν
2804 777 2957 846 φύσιν
2991 773 3155 826 αύτοῦ
3187 781 3303 837 ταῖς
3332 773 3540 846 ψυχαῖς
3571 781 3670 826 τῶν
3705 781 3872 846 Χρισο

2260 872 2466 933 τιανῶν,
2496 864 2566 926 εἰς
2595 868 2713 927 τοὺς
2744 863 2954 924 αἰῶνας.
2997 862 3186 935 Ἀμήν.

2847 991 3097 1043 ΟΜΙΛΙΑ
3142 987 3266 1041 AE'.

2265 1101 2412 1170 Περὶ
2451 1104 2559 1149 τοῦ
2598 1094 2882 1148 παλαιοῦ
2919 1099 3027 1148 καὶ
3067 1101 3177 1147 τοῦ
3215 1100 3450 1146 καινοῦ
3513 1091 3872 1146 Σαϐϐάτου.

2331 1221 2414 1276 Α’.
2472 1223 2554 1274 Ἐν
2613 1229 2673 1292 τῇ
2755 1224 2881 1289 σκιᾷ
2937 1227 3028 1271 τοῦ
3102 1223 3260 1291 νόμου
3321 1224 3413 1271 τοῦ
3490 1213 3586 1270 διὰ
3639 1222 3877 1278 Μωσέως

2262 1307 2519 1374 δοθέντος,
2568 1310 2883 1384 προσέταξεν
2929 1310 2954 1360 ὁ
3000 1311 3130 1369 Θεὸς
3159 1312 3208 1359 ὲν
3245 1315 3314 1378 τῷ
3371 1305 3619 1379 Σαϐϐάτῳ
3651 1307 3871 1360 ἕκαστον

2261 1398 2620 1451 ἀναπαύεσθαι
2652 1403 2743 1450 καὶ
2775 1394 2942 1469 μηδὲν
2984 1404 3168 1449 ποιεῖν.
3201 1404 3365 1449 Τοῦτο
3400 1393 3458 1449 δί
3488 1398 3646 1457 τύπος
3679 1393 3741 1454 ἧν
3790 1402 3869 1448 xui

2261 1491 2386 1541 σκιά
2413 1496 2502 1540 τοῦ
2551 1487 2797 1546 ἀληθινοῦ
2830 1485 3103 1539 Σαϐϐάτου
3147 1493 3238 1539 τοῦ
3280 1483 3564 1557 διδομένου
3595 1494 3659 1558 τῇ
3711 1485 3868 1558 ψυχῇ

2258 1576 2357 1630 ἀπὸ
2389 1585 2478 1630 τοῦ
2515 1582 2727 1649 Κυρίου.
2751 1577 2808 1628 Ἡ
2831 1579 2933 1650 γὰρ
2970 1575 3366 1639 καταξιωθεῖσα
3387 1574 3544 1647 ψυχὴ
3583 1574 3878 1648 [ἐλευθερω-

2260 1668 2439 1737 θῆναι]
2476 1666 2575 1718 ἀπὸ
2607 1675 2706 1718 τῶν
2759 1666 3002 1737 αἰσχρῶν
3048 1670 3136 1716 καὶ
3165 1666 3414 1739 ῥυπαρῶν
3444 1663 3733 1736 λογισμῶν,
3787 1670 3879 1716 καὶ

496 1764 625 1814 tum
671 1774 874 1814 veram
922 1758 1190 1830 requiem
1216 1758 1552 1830 requiescit,
1610 1760 1796 1814 otium
1851 1775 2035 1830 agens
2093 1766 2147 1815 et

2260 1755 2497 1814 ἀληθινὸν
2538 1755 2797 1808 Σάϐϐατον
2845 1753 3181 1819 σαϐϐατίζει,
3228 1759 3319 1806 xui
3350 1753 3598 1812 ἀληθινὴν
3639 1752 3878 1806 ἀνάπαυ-

496 1848 745 1905 liberata
771 1848 847 1903 ab
867 1847 1148 1903 omnibus
1174 1849 1456 1920 operibus
1482 1849 1837 1904 tenebrosis.
1856 1849 1973 1904 lllic
1987 1849 2146 1905 enim

496 1939 553 1994 in
579 1937 759 2009 typici
783 1937 1026 1994 Sabbati
1041 1937 1454 2002 celebratione,
1482 1939 1588 1993 etsi
1612 1939 2147 2010 corporaquiesce-

496 2029 660 2092 bant,
696 2032 1106 2083 verumtamen
1142 2028 1357 2082 animas
1386 2028 1657 2099 nequitiis
1691 2043 1761 2082 ac
1799 2028 1950 2083 vitiis
1981 2033 2149 2085 erant

496 2117 878 2188 illigatanloc
909 2132 1280 2184 vero,verum
1312 2116 1791 2173 Sabbatumvera
1814 2119 2146 2190 estrequies

496 2207 730 2272 animae,
755 2222 888 2278 quae
911 2213 1101 2270 vacat,
1119 2213 1170 2260 et
1196 2210 1528 2277 expurgata
1541 2211 1628 2261 est
1641 2223 1676 2262 a
1690 2207 2150 2276 cogitationibus

494 2296 749 2365 Satanae,
773 2301 830 2351 et
858 2296 1170 2368 requiescit
1203 2295 1261 2350 in
1295 2301 1585 2368 perpetua
1625 2296 1823 2369 quiete
1850 2302 1907 2352 et
1947 2296 2151 2353 laetitia

499 2385 756 2441 Domini.

566 2671 629 2724 ιι.
665 2670 1192 2736 Quemadmodum
1223 2671 1381 2726 enim
1405 2675 1544 2727 tunc
1568 2671 1897 2738 mandavit,
1927 2678 1989 2730 ut
2019 2674 2150 2746 ipsa

494 2774 738 2831 quoque
765 2759 942 2815 bruta
955 2759 1242 2816 animalia
1263 2760 1527 2816 Sabbato
1544 2761 2022 2833 quiescerent,ue
2039 2763 2147 2820 bos

496 2849 608 2904 sub
631 2851 848 2919 jugum
872 2849 1277 2904 necessarium
1302 2849 1658 2915 traheretur;
1679 2867 1750 2906 ne
1773 2853 1942 2908 asino
1964 2868 2148 2909 onera

494 2939 979 3008 imponerentur;
1008 2937 1402 3009 quiescebant
1436 2940 1594 2995 enim
1615 2939 2000 3013 ipsaquoque
2023 2943 2147 2997 ani-

494 3027 679 3082 malia
709 3042 742 3082 a
773 3026 937 3082 duris
978 3027 1262 3098 operibus
1295 3045 1309 3093 ;
1343 3029 1424 3084 sic
1450 3044 1690 3100 quoque
1718 3046 1854 3085 cum
1886 3031 2148 3086 venisset

496 3115 876 3182 Dominus,et
897 3132 1104 3172 verum
1135 3123 1545 3188 zeternumque
1575 3118 1906 3174 Sabbatum
1940 3125 2146 3176 contu-

492 3204 671 3268 lisset,
703 3205 1046 3262 refocillavit
1075 3207 1339 3262 animam
1360 3207 1644 3262 oneribus
1671 3208 2018 3280 iniquitatis,
2039 3209 2147 3264 im-

495 3293 980 3366 mundarumque
995 3296 1422 3364 cogitationum
1439 3303 1752 3364 gravatam
1767 3303 1822 3351 et
1839 3305 2140 3364 onustam,

495 3388 550 3437 et
586 3383 1278 3455 operanteminiquitatis
1320 3399 1504 3454 opera
1533 3386 1890 3450 necessario,
1923 3389 2146 3460 quippe

493 3487 628 3542 quae
669 3470 781 3526 sub
812 3471 1164 3526 acerborum
1197 3472 1586 3528 dominorum
1628 3475 1996 3530 servirtutem
2023 3482 2148 3531 erat

494 3559 736 3615 redacta
755 3577 767 3625 ;
783 3566 839 3615 et
862 3560 1074 3615 levavit
1098 3577 1230 3616 eam
1251 3561 1328 3616 ob
1347 3561 1629 3616 oneribus
1651 3562 2142 3619 intolerabilibus.

493 3648 672 3704 variis
717 3655 894 3721 atque
941 3648 1216 3704 obscenis
1252 3651 1732 3719 cogitationibus,
1787 3653 2146 3725 sublatoque

492 3739 659 3809 gravi
702 3742 850 3809 jugo
912 3754 1164 3810 operum
1217 3739 1562 3811 iniquorum
1637 3744 1922 3798 recreavit
1985 3760 2145 3810 eam,

492 3827 954 3897 cogitationibus
981 3827 1231 3900 impuris
1260 3827 1654 3885 laborantem.

566 3936 656 3990 Ill.
703 3937 986 3991 Dominus
1016 3936 1174 3991 enim
1193 3941 1367 3992 vocat
1394 3936 1700 3993 hominem
1735 3937 1810 3994 ad
1839 3941 2147 3997 recreatio-

494 4040 652 4091 nem,
676 4025 951 4097 inquiens
982 4041 992 4078 :
1039 4026 1235 4082 Venite
1259 4027 1339 4082 ad
1360 4042 1467 4092 me,
1502 4043 1698 4083 omnes
1729 4029 1831 4099 qui
1863 4029 2148 4086 laboratis

493 4119 547 4171 et
589 4115 820 4171 onerati
854 4115 1002 4181 estis,
1048 4121 1101 4170 et
1141 4132 1240 4184 ego
1290 4116 1639 4184 refocitlabo
1683 4133 1778 4172 vos
1839 4119 1903 4171 ³ο.
1948 4120 2147 4191 itaque

494 4219 869 4274 quaecunque
894 4204 1113 4258 animas
1138 4204 1492 4258 crediderint
1524 4211 1580 4260 et
1610 4207 1990 4271 accesserint,
2017 4208 2149 4261 reﬁ-

495 4292 605 4346 ciet
620 4307 720 4346 eas
737 4291 813 4345 ab
829 4292 919 4346 his
934 4292 1511 4360 gravibus,molestis
1525 4301 1578 4347 et
1593 4293 1913 4348 immundis
1931 4296 2147 4364 cogita-

495 4379 779 4443 tionibus,
813 4395 948 4450 quae
990 4385 1272 4435 vacantes
1313 4381 1390 4436 ab
1430 4382 1594 4436 omni
1638 4383 1962 4454 iniquitate,
1997 4385 2148 4439 cele-

493 4468 671 4523 brant
723 4466 1051 4522 Sabbatum
1103 4484 1330 4534 verum,
1393 4469 1742 4525 deliciarum
1793 4471 2038 4543 plenum
2095 4481 2151 4529 et

495 4561 770 4611 sanctum
801 4574 813 4611 :
851 4563 1143 4627 peragunt
1167 4557 1381 4614 festum
1411 4559 1679 4629 Spiritus,
1705 4561 1906 4630 gaudii
1939 4568 1992 4617 et
2021 4579 2151 4619 exe-

493 4645 827 4702 sultationis
843 4646 1256 4702 inenarrabilis
1272 4653 1326 4703 et
1340 4649 1807 4704 serviuntserviti
1820 4667 1916 4706 um
1932 4668 2150 4721 purum

493 4740 548 4792 et
581 4737 695 4790 Deo
735 4739 973 4806 gratum
1006 4752 1075 4790 ex
1122 4753 1268 4808 puro
1318 4738 1518 4800 corde,
1548 4738 1659 4793 hoc
1719 4746 1827 4803 est,
1861 4756 2067 4796 verum
2098 4750 2154 4801 et

494 4829 770 4880 sanctum
804 4824 1148 4881 Sabbatum.
1183 4826 1439 4883 Obsecre
1457 4844 1588 4882 mus
1617 4844 1758 4896 ergo
1778 4845 1887 4883 nos
1907 4845 2149 4902 quoque

494 4915 698 4978 Deum,
717 4920 777 4968 ut
799 4913 1206 4983 ingrediamur
1225 4915 1280 4970 in
1297 4917 1452 4972 hanc
1485 4917 1774 4988 requiem,
1797 4919 2148 4974 utferiemur

493 5019 529 5059 a
560 5004 847 5075 turpibus,
878 5004 1186 5060 malitiosis
1230 5012 1408 5078 atque
1451 5005 1623 5062 vanis
1663 5008 2145 5077 cogitationibus,

491 5109 614 5165 quo
644 5095 756 5148 hoc
787 5099 960 5165 pacto
983 5096 1289 5165 possimus
1319 5097 1631 5152 servitium
1659 5096 1930 5153 exhibere
1947 5101 2063 5154 Deo
2078 5116 2148 5156 ex

492 5198 644 5254 puro
697 5182 895 5247 corde,
926 5198 995 5238 ac
1034 5183 1332 5240 celebrare
1375 5185 1592 5241 festum
1647 5187 1897 5258 Spiritus
1934 5189 2144 5243 sancti.

492 5273 702 5328 Beatus
751 5288 914 5343 ergo,
966 5273 1069 5344 qui
1130 5273 1437 5343 ingressus
1496 5282 1582 5330 est
1627 5275 1786 5330 illam
1846 5278 2136 5347 requiem.

493 5362 686 5418 Gloria
722 5361 895 5426 Patri,
941 5362 1035 5417 cui
1094 5362 1177 5418 sic
1239 5363 1485 5434 placuit,
1523 5370 1577 5419 et
1608 5364 1767 5429 Filio,
1805 5372 1861 5420 et
1907 5366 2143 5437 Spiritui

492 5455 717 5515 sancto,
746 5450 803 5504 in
837 5450 1078 5508 saacula.
1112 5456 1319 5507 Amen.

563 5687 607 5719 ²⁹
633 5683 780 5740 Psal.
817 5701 924 5756 xvr,
959 5690 1010 5742 5.
1091 5689 1136 5722 ³ο
1170 5687 1369 5745 Matth.
1403 5705 1476 5753 ιι,
1512 5689 1600 5744 28.

2258 1866 2340 1899 σιν
2415 1845 2751 1909 ἀναπαύεται,
2830 1843 3076 1916 ἀργοῦσα
3151 1849 3241 1895 καὶ
3317 1841 3709 1916 ἐλευθερουμένη
3769 1842 3876 1894 ἀπὸ

2253 1937 2455 1987 πάντων
2495 1944 2592 1986 τῶν
2635 1942 2913 1986 σκοτεινῶν
2972 1936 3161 2006 ἔργων.
3195 1935 3332 1985 Ἐκεῖ
3384 1935 3474 2004 μὲν
3531 1934 3632 2005 γὰρ
3691 1932 3760 1993 εἰς
3813 1936 3876 1984 τὸ

2253 2028 2469 2077 τυπικόν
2546 2023 2829 2087 Σάϐϐατον,
2889 2022 2933 2075 εἰ
2987 2027 3074 2074 καὶ
3135 2030 3452 2094 σωματικῶς
3523 2020 3872 2087 ἀνεπαύοντο,

2255 2113 2361 2166 ἀλλ’
2421 2117 2474 2166 αἱ
2525 2113 2704 2185 ψυχαὶ
2756 2113 2823 2174 εἰς
2879 2115 2967 2172 τὰς
3019 2116 3273 2185 πονηρίας
3327 2117 3417 2163 καὶ
3471 2115 3661 2173 κακίας
3720 2108 3860 2169 ἦσαν

2257 2201 2548 2275 δεδεμέναι.
2581 2211 2742 2256 Τοῦτο
2771 2199 2828 2254 δὲ
2855 2221 2913 2254 το
2947 2200 3186 2260 ἀληθινον
3219 2199 3500 2265 Σάϐϐατον,
3560 2200 3860 2262 ἀνάπαυσις

2257 2291 2472 2350 ἀληθινή
2536 2290 2667 2356 ἐστι,
2722 2291 2905 2362 ψυχῆς
2963 2289 3228 2363 ἀργούσης
3297 2293 3387 2341 καὶ
3441 2290 3862 2363 καθαριζομένης

2257 2381 2356 2434 ἀπὸ
2410 2389 2509 2433 τῶν
2562 2377 2918 2451 διαλογισμῶν
2979 2387 3069 2431 τοῦ
3110 2385 3325 2441 Σατανᾶ,
3381 2382 3470 2431 xui
3530 2377 3856 2452 ἀναπαυομέ-

2255 2491 2342 2531 νης
2407 2470 2480 2531 εἰς
2533 2474 2625 2528 τὴν
2697 2476 2788 2522 τοῦ
2847 2472 3040 2544 Κυρίου
3124 2467 3418 2520 ἀνάπαυσιν
3473 2467 3707 2533 αἰωνίαν,
3770 2474 3862 2521 xui

2256 2561 2451 2636 χαράν.

2328 2668 2400 2721 Β’.
2447 2667 2647 2740 Ὠσπερ
2677 2669 2777 2740 γάρ
2809 2671 2920 2719 τότε
2959 2663 3244 2738 προσέταξε
3275 2669 3364 2716 xui
3413 2664 3546 2716 αύτά
3575 2667 3637 2717 τὰ
3691 2663 3862 2735 ἄλογα

2258 2763 2368 2818 ςῶα
2422 2765 2492 2827 τῷ
2541 2755 2787 2827 Σαϐϐάτῳ
2847 2755 3228 2820 ἀναπαύεσθαι,
3312 2757 3397 2806 τὸν
3454 2753 3580 2825 βοῦν
3622 2759 3691 2824 μὴ
3750 2756 3853 2804 ὑπὸ

2257 2848 2415 2918 ζυγὸν
2455 2845 2679 2918 ἀνάγκης
2735 2847 2994 2910 ἕλκεσθαι,
3052 2847 3138 2896 τὸν
3197 2847 3306 2895 ὄνον
3378 2847 3451 2915 μὴ
3508 2841 3850 2914 έπιφορτίζειν

2256 2935 2592 3006 (ἀνεπαύοντο
2622 2938 2721 3006 γὰρ
2763 2940 2851 2986 καὶ
2903 2933 3039 2986 αύτά
3085 2935 3150 2984 τά
3205 2936 3312 2994 ζῶα
3369 2931 3470 2984 ἀπὸ
3520 2940 3610 2983 τῶν
3643 2929 3851 3003 βαρέων

2255 3027 2439 3100 ἔργων)
2473 3043 2484 3054 ·
2515 3025 2674 3084 οὕτως
2731 3023 2883 3076 item
2936 3023 2962 3073 ὁ
3017 3025 3206 3093 Κύριος
3243 3026 3332 3072 xui
3377 3025 3437 3073 τὸ
3498 3020 3734 3077 ἀληθινὸν
3766 3025 3862 3073 καὶ

2257 3115 2461 3166 αἰώνιον
2518 3111 2777 3165 Σάϐϐατον
2834 3108 2978 3174 δούς,
3046 3109 3306 3162 ἀνέπαυσε
3352 3113 3447 3167 την
3503 3107 3864 3182 βεϐαρημένην

2257 3208 2341 3255 καὶ
2373 3207 2781 3275 πεφορτισμένην
2833 3201 3019 3272 ψυχὴν
3060 3205 3287 3273 φορτίοις
3341 3198 3575 3272 ἀνομίας,
3634 3200 3860 3272 ἀκαθάρ-

2256 3313 2352 3344 των
2430 3289 2806 3363 διαλογισμῶν,
2895 3294 2983 3341 xui
3055 3287 3402 3361 ἐργαζομένην
3465 3285 3680 3348 ἀδικίας
3737 3292 3850 3357 ξογα

2257 3384 2384 3452 μετά
2417 3379 2640 3451 ἀνάγκης
2672 3383 2735 3440 ὡς
2756 3380 2854 3431 ὑπὸ
2888 3375 3158 3439 δεσπότας
3191 3379 3406 3448 πικρούς
3438 3372 3845 3449 δεδουλωμένην,

2258 3474 2344 3521 καὶ
2375 3468 2641 3541 ἐκούφισεν
2674 3469 2835 3526 αὐτὴν
2869 3467 2967 3520 ἀπὸ
3026 3475 3124 3519 τῶν
3167 3463 3582 3519 δυσϐαστάκτων
3617 3471 3854 3539 φορτίων,

2257 3563 2490 3631 ματαίων
2517 3565 2606 3611 xui
2633 3559 2878 3633 ῥυπαρῶν
2911 3555 3286 3628 διαλογισμῶν.
3323 3560 3422 3608 Καὶ
3453 3551 3546 3628 ἦρε
3585 3560 3672 3608 τὸν
3705 3559 3859 3626 ζυγὸν

2259 3651 2344 3700 τὸν
2375 3651 2560 3714 πικρὸν
2607 3656 2707 3700 τῶν
2756 3649 2915 3720 ἔργων
2957 3643 3190 3710 ἀδικίας,
3229 3649 3318 3696 καὶ
3367 3643 3654 3697 ἀνέπαυσεν
3699 3645 3864 3703 αὐτὴν

2259 3747 2524 3791 κοπιῶσαν
2551 3741 2598 3790 ἐν
2624 3745 2730 3800 τοῖς
2758 3735 3125 3810 διαλογισμοῖς
3154 3744 3243 3796 τῆς
3269 3734 3620 3809 ἀκαθαρσίας.

2333 3931 2403 3987 I".
2451 3931 2510 3983 Ὀ
2558 3933 2654 4002 γὰρ
2731 3932 2920 4004 Κύριος
2976 3929 3121 3982 καλεῖ
3175 3932 3258 3981 τὸν
3312 3929 3582 4002 ἄνθρωπον
3639 3929 3709 3990 εἰς
3767 3937 3865 3988 τήν

2262 4021 2554 4073 ἀνάπαυσιν
2601 4019 2780 4090 λέγων,
2845 4025 3032 4070 Δεῦτε
3072 4020 3305 4080 πάντες
3365 4019 3419 4069 οἱ
3477 4026 3862 4084 κοπιῶντες,

2260 4115 2366 4162 xui
2419 4112 2968 4181 πεφορτισμένοιο
3020 4106 3192 4179 κάγὼ
3273 4106 3624 4159 ἀναπαύσω
3673 4109 3860 4179 ὑμᾶς.

2263 4206 2363 4252 Καὶ
2395 4202 2516 4252 ὅσαι
2545 4198 2724 4270 ψυχαὶ
2766 4199 3026 4250 πείθονται
3049 4201 3137 4248 καὶ
3170 4201 3580 4270 προσέρχονται,
3609 4195 3866 4249 ἀναπαύει

2261 4288 2418 4348 αύτάς
2451 4287 2550 4338 ἀπὸ
2584 4290 2776 4339 τούτων
2807 4295 2901 4338 τῶν
2931 4285 3129 4359 βαρέων
3161 4290 3249 4337 καὶ
3277 4293 3530 4360 φορτικῶν
3553 4289 3640 4337 xui
3663 4284 3867 4338 ἀκαθά-

2261 4397 2392 4450 ρτων
2418 4377 2700 4448 λογισμῶν,
2735 4381 2825 4428 xui
2858 4375 3108 4450 ἀργοῦσιν
3141 4374 3240 4428 ἀπὸ
3268 4378 3440 4435 πάσης
3462 4374 3701 4447 ἀνομίας,
3737 4375 3867 4428 σαϐ-

2264 4466 2580 4526 ϐατίζουσαι
2630 4464 2891 4518 Σάϐϐατον
2924 4464 3185 4531 ἀληθινὸν,
3221 4467 3490 4539 τρυφερὸν,
3542 4465 3692 4534 ἅγιον
3725 4479 3738 4494 '
3775 4470 3870 4517 xui

2263 4555 2600 4630 ἑορτάζουσιν
2652 4556 2831 4628 ἑορτὴν
2891 4557 3205 4626 Πνεύματος,
3253 4561 3449 4629 χαρᾶς,
3487 4559 3575 4605 καὶ
3615 4553 3869 4625 ἀγαλλιά-

2266 4665 2392 4708 σεως
2444 4643 2806 4702 ἀνεκλαλήτου.
2871 4649 2969 4697 Καὶ
3022 4644 3332 4717 λατρεύουσι
3399 4643 3632 4717 λατρείαν
3691 4646 3865 4696 καθα-

2261 4738 2376 4807 ράν,
2421 4739 2510 4787 καὶ
2565 4734 2835 4808 εὐάρεστον
2887 4735 2957 4802 τῷ
3012 4741 3145 4803 Θεῷ,
3203 4735 3254 4784 ἑκ
3307 4734 3542 4804 καθαρᾶς
3585 4729 3819 4804 καρδίας
3853 4750 3864 4761 ·

2261 4829 2412 4877 τοῦτο
2447 4825 2560 4876 ἐστι
2591 4827 2646 4876 τὸ
2682 4823 2921 4881 ἀληθινὸν
2952 4829 3040 4874 καὶ
3085 4822 3234 4893 ἅγιον
3285 4821 3566 4874 Σάϐϐατον.
3612 4828 3870 4894 Παρακα-

2259 4914 2483 4984 λέσωμεν
2537 4909 2624 4965 οὖν
2679 4917 2767 4963 καὶ
2816 4914 2966 4982 ἡμεῖς
3041 4914 3126 4962 τὸν
3173 4914 3300 4964 Θεὸν
3361 4910 3601 4963 εἰσελθεῖν
3641 4911 3716 4973 εἰς
3773 4917 3867 4969 τήν

2260 5005 2592 5055 κατάπαυσιν
2647 5004 2860 5064 ταύτην,
2922 5007 3013 5052 τοῦ
3069 4999 3244 5073 ἀργεῖν
3308 5002 3446 5072 ἡμᾶς
3501 4999 3601 5052 ἀπὸ
3644 5009 3744 5052 τῶν
3790 5002 3864 5052 αἰ-

2263 5101 2463 5167 σχρῶν,
2524 5097 2611 5144 καὶ
2666 5099 2921 5165 πονηρῶν,
2963 5095 3053 5141 xui
3083 5095 3319 5162 ματαίων
3351 5086 3738 5161 διαλογισμῶν,
3788 5092 3870 5142 ῖνα

2262 5183 2424 5244 ούτως
2457 5178 2760 5252 δυνηθῶμεν
2808 5179 3089 5251 λατρεῦσαι
3117 5189 3188 5249 τῷ
3221 5187 3333 5249 Θεῷ
3382 5178 3435 5230 ἐκ
3478 5181 3714 5252 καθαρᾶς
3743 5199 3869 5253 καρ-

2261 5269 2404 5340 δίας,
2444 5277 2533 5324 xui
2590 5273 2834 5342 ἓορτάσαι
2885 5269 3063 5343 ἑορτὴν
3115 5271 3411 5340 ῐῐνεύματος
3469 5267 3646 5338 ἁγίου.
3687 5269 3872 5323 Μακά·

2263 5383 2374 5437 ριος
2440 5359 2524 5414 οὖν
2583 5363 2607 5413 ὁ
2661 5361 2898 5413 εἰσελθὼν
2949 5359 3014 5420 εἰς
3079 5358 3274 5417 ἔκεινην
3330 5363 3423 5417 τὴν
3477 5361 3817 5411 κατάπαυσιν
3853 5377 3865 5388 ·

2261 5450 2392 5515 δοξα
2424 5460 2494 5522 τῷ
2530 5451 2692 5510 οὕτως
2721 5446 3075 5506 εύδοκήσαντι
3113 5452 3302 5522 Πατρὶ,
3331 5453 3416 5500 xui
3442 5449 3570 5517 Υἱῷ,
3603 5448 3697 5499 καὶ
3730 5449 3865 5520 ἁγίῳ

2263 5545 2546 5616 Πνεύματι,
2579 5541 2650 5603 εἰς
2669 5543 2785 5602 τούς
2813 5538 3019 5600 αἰῶνας.
3046 5538 3230 5611 Ἀμὴν.
