4116 6210
271 316 377 373 749

872 443 1120 495 OMIAIA
1162 440 1287 506 Ag’.

270 551 432 622 Περὶ
473 543 722 610 δισσῆς
762 547 1176 622 ἀναστάσεως
1213 549 1331 622 τῶν
1361 547 1589 622 ψυχῶν
1627 554 1734 622 καὶ
1774 570 1882 603 σω-

344 616 586 691 μάτων,
645 623 750 673 καὶ
816 616 1141 694 διαφόρου
1210 616 1406 684 δόξης
1456 616 1590 674 ’τῶν
1628 621 1878 676 ἀνιστα-

341 695 569 765 μένων.

344 797 424 852 A'.
477 800 800 862 Ἀνάστασις
846 805 947 853 τῶν
995 806 1186 876 νεκρῶν
1236 799 1429 872 ψυχῶν
1487 799 1589 854 ἀπὸ
1642 808 1734 854 τοῦ
1789 808 1878 854 νῦν

270 892 492 962 γίνεται.
549 887 876 952 ’Λνάστασις
929 885 990 943 δι
1040 897 1141 942 τῶν
1201 891 1455 963 σωμάτων
1499 888 1548 942 έν
1592 891 1756 964 ἐκείνῃ
1813 899 1874 965 τῇ

277 979 464 1050 ἡμέρᾳ.
521 982 721 1050 Ὥσπερ
776 974 836 1030 δέ
878 976 927 1029 έν
982 985 1056 1050 τῷ
1111 979 1312 1053 οὐρανῷ
1364 983 1686 1052 πεπηγμένοι
1741 984 1878 1044 ὄντες

279 1065 329 1120 οἰ
376 1067 610 1140 ἀστέρες,
640 1065 736 1119 οὐκ
778 1069 889 1118 ’ίσοι
940 1067 1124 1128 πάντες
1171 1067 1323 1134 εἰσὶν,
1369 1066 1478 1120 ἀλλ’
1531 1068 1600 1131 εἷς
1639 1076 1732 1122 τοῦ
1771 1069 1881 1132 ένός

277 1151 514 1228 διαφέρει
546 1152 596 1207 ἓν
648 1161 710 1227 τῇ
763 1153 1091 1228 λαμπρότητι
1128 1159 1220 1208 καὶ
1283 1155 1645 1229 μεγαλειότητι
1679 1174 1693 1187 °
1745 1157 1879 1211 οὕτω

272 1244 369 1296 κὰν
415 1249 524 1304 τοῖς
574 1251 962 1316 πνευματικοῖς,
1000 1246 1137 1296 κατὰ
1186 1247 1244 1296 τό
1283 1249 1467 1318 μέτρον
1523 1254 1619 1308 τῆς
1654 1250 1880 1309 πίστεώς

269 1333 378 1386 εἱσι
429 1337 694 1406 προκοπαὶ
743 1334 792 1385 έν
823 1332 964 1404 αὐτῷ
1012 1341 1085 1386 τῶ
1131 1335 1410 1406 Πνεύματι,
1443 1332 1511 1396 εἷς
1563 1335 1876 1388 πλουσιώτε-

265 1441 418 1496 τερος
448 1429 542 1475 τοῦ
571 1421 766 1495 έτέρου.
817 1426 920 1476 Καὶ
968 1423 998 1480 ἡ
1044 1427 1219 1495 Γραφὴ
1274 1422 1432 1494 λέγει,
1475 1425 1555 1477 ότι
1583 1423 1642 1477 Ὁ
1680 1423 1879 1476 λαλῶν

265 1509 326 1564 έν
365 1511 656 1584 γλώσσῃ,
693 1513 1023 1584 Πνεύματι
1063 1516 1219 1566 Θεοῦ
1257 1511 1436 1565 λαλεῖ
1465 1513 1628 1574 Οὗτος
1657 1533 1878 1586 πνευμα-

263 1606 418 1664 τικός
449 1599 564 1653 ἐστι
586 1607 696 1671 Οεῷ
723 1599 919 1652 λαλῶν
950 1599 1010 1653 Ὀ
1051 1597 1118 1654 δὲ
1158 1605 1598 1673 προφητεύων,
1635 1602 1882 1662 Ἐκκλη-

267 1708 304 1742 σ
319 1694 424 1742 ίαν
463 1708 490 1741 ο
507 1688 604 1741 ἰκο
619 1685 775 1761 δομε
791 1695 827 1742 ἰ.
848 1688 1012 1752 Οὗτος
1035 1693 1338 1762 περίσσειαν
1360 1692 1490 1762 έσχέ
1509 1699 1605 1752 τῆς
1623 1693 1874 1766 χάριτος·

1378 316 1714 374 HOMILI/E.
1761 351 1823 360 —
1867 320 2039 377 HOM.
2083 323 2334 388 XXXVI,
2378 323 2654 378 XXXVII.

1911 443 1959 498 Α

3530 326 3632 380 750

2539 446 2826 504 HOMILIA
2851 447 3082 504 XXXVI.

1989 554 2074 610 De
2101 553 2333 624 duplici
2371 554 2804 626 resurrectione
2845 556 3183 610 animarum
3223 559 3636 626 et'corporum

2312 629 2366 682 et
2386 625 2624 682 diversa
2645 628 3076 696 resurgentium
3101 627 3324 698 gloria.

2059 804 2102 859 Ι.
2136 804 2505 860 Resurrectio
2528 807 2898 859 mortuarum
2934 804 3268 860 animrrum
3292 805 3370 862 ab
3387 805 3501 861 hoc
3521 820 3645 862 mo-

1994 898 2194 950 mento
2224 894 2289 950 ﬁt
2329 912 2342 950 :
2372 892 2725 950 resurrectio
2757 909 2892 948 vero
2922 909 3243 966 corporum
3284 895 3344 950 in
3386 895 3486 952 illa
3515 895 3640 954 die.

1992 981 2517 1048 Quemadmodum
2536 981 2745 1038 veroin
2787 981 2957 1046 coelo,
2976 999 3112 1054 quae
3130 983 3263 1039 ﬁxae
3282 988 3420 1040 sunt
3440 985 3644 1052 stellae,

1990 1087 2112 1128 non
2147 1076 2288 1126 sunt
2308 1087 2518 1127 omnes
2532 1070 2798 1143 aquales,
2823 1071 2924 1126 sed
2957 1072 3162 1127 unaab
3184 1072 3240 1127 al
3264 1072 3433 1129 teffra
3455 1073 3652 1130 differt

1990 1160 2308 1234 splendore
2334 1160 2814 1229 etmagnitudine
2835 1179 2847 1228 ;
2879 1159 3034 1215 sicin
3051 1160 3228 1216 rebus
3243 1161 3651 1232 spiritualibus

1989 1265 2098 1321 pro
2130 1249 2312 1306 modo
2343 1249 2482 1305 ﬁdei
2514 1253 2652 1304 sunt
2685 1249 3094 1321 promotiones
3136 1249 3194 1304 in
3236 1250 3371 1321 ipso
3393 1250 3638 1322 Spiritu,

1990 1353 2146 1394 unus
2167 1337 2520 1410 locupletior
2549 1336 2756 1393 altero.
2792 1337 3094 1408 Scriptura
3122 1354 3367 1411 quoque
3393 1339 3474 1395 ait
3495 1356 3510 1395 :
3531 1340 3645 1407 Qui

1992 1427 2259 1499 loquitur
2281 1426 2764 1497 lingua,Spiritu
2794 1428 2897 1482 Dei
2928 1427 3196 1498 loquitur
3227 1429 3295 1478 δι.
3331 1427 3433 1483 Hic
3472 1427 3646 1499 spiri-

1991 1515 2165 1572 tualis
2179 1516 2395 1588 est,qui
2409 1531 2547 1571 cum
2565 1514 3064 1586 DeoloquiturzAt
3085 1517 3126 1585 1
3143 1517 3250 1586 27
3271 1515 3644 1587 quiproplie-

1991 1605 2410 1671 tat,ecciesiam
2425 1605 2821 1673 aediﬁcatlste
2834 1604 3273 1660 abundantiam
3287 1605 3540 1676 adeptus
3553 1611 3640 1661 est

1991 1693 2495 1764 gratianlleenim
2531 1709 2592 1747 se
2624 1693 2759 1765 ipsu
2774 1692 3067 1749 duntaxat
3092 1693 3471 1758 eediﬁcat,hic
3497 1710 3636 1750 vero

267 1780 296 1830 6
465 1780 570 1851 γὰρ
603 1777 782 1831 ἑαυτὸν
806 1781 960 1851 μόνον
986 1775 1274 1850 οἰκοδομεῖ,
1308 1781 1334 1831 ό
1363 1775 1422 1832 δι
1465 1778 1644 1832 ἑαυτὸν
1675 1784 1766 1833 καὶ
1792 1783 1880 1833 τόν

1998 1797 2054 1837 se
2086 1783 2284 1855 ipsum
2305 1788 2361 1838 et
2384 1782 2746 1854 proximum.
2781 1784 2898 1838 Hoc
2930 1798 3109 1853 porro
3123 1798 3185 1837 se
3207 1782 3407 1847 habet,
3424 1788 3486 1838 ut
3511 1797 3643 1852 gra-

269 1868 518 1925 πλησίον.
562 1874 728 1920 Τοῦτο
776 1864 837 1920 δέ
883 1866 1043 1929 ἔστιν.
1095 1868 1268 1942 ὥσπερ
1298 1869 1478 1929 κόκκος
1535 1873 1686 1921 σίτου
1731 1887 1880 1922 σπει-

269 1960 483 2030 ρόμενος
539 1958 678 2028 έντῇ
733 1963 824 2029 γῇ,
877 1960 968 2009 καὶ
999 1957 1025 2008 6
1056 1956 1213 2020 αὐτὸς
1244 1957 1298 2008 έκ
1351 1965 1446 2019 τῆς
1486 1963 1608 2030 μιᾶς
1656 1955 1880 2032 καρδίας

269 2045 490 2108 πολλούς
538 2049 630 2098 καὶ
677 2041 962 2120 διαφόρους
1019 2051 1241 2107 κόκκους
1298 2051 1514 2122 έκφέρει.
1572 2052 1671 2101 Καὶ
1729 2047 1881 2100 πάλιν

273 2135 424 2188 αὐτοὶ
453 2133 506 2186 οἰ
555 2135 808 2206 στάχυες,
841 2134 891 2187 οἰ
917 2139 1009 2208 μέν
1061 2135 1165 2189 εἰσι
1217 2136 1528 2211 μειζότεροι,
1586 2139 1634 2189 οἱ
1685 2133 1744 2190 δι
1793 2158 1885 2208 μι-

270 2229 534 2298 κρότεροι,
586 2223 694 2275 ὅλοι
748 2219 808 2276 δε
864 2223 936 2287 εἰς
993 2228 1118 2296 μίαν
1183 2227 1498 2296 συνάγονται
1551 2224 1741 2290 ἅλωνα,
1811 2226 1885 2287 εἰς

269 2317 396 2385 μίαν
410 2311 707 2378 ἀποθήκην,
732 2308 976 2388 διάφοροι
997 2316 1135 2376 ὄντες
1154 2309 1226 2376 εἷς
1244 2312 1297 2377 ἐξ
1316 2314 1484 2367 αὐτῶν
1496 2318 1692 2386 γίνεται
1705 2315 1881 2388 ἄρτος.

347 2418 427 2475 Β’.
457 2417 524 2472 Ἥ
551 2420 728 2492 ὥσπερ
769 2418 900 2472 ιίσιν
929 2421 980 2473 ἄν
1033 2419 1180 2473 πόλει
1229 2419 1405 2478 πλήθη
1448 2419 1750 2496 ἀνθρώπων,
1795 2425 1886 2476 καὶ

283 2510 333 2560 οἱ
493 2507 596 2560 εἰσι
624 2503 820 2561 παιδία
846 2513 1029 2575 νήπια,
1069 2509 1119 2560 οἱ
1164 2505 1224 2562 δε
1253 2505 1457 2582 ἄνδρες,
1501 2509 1531 2569 ἦ
1575 2514 1836 2564 νεανίσκοι
1867 2526 1881 2540 ·

285 2597 464 2656 πάντες
517 2592 577 2649 δί
632 2594 734 2648 ἀπὸ
781 2602 909 2668 μιᾶς
956 2603 1134 2668 πηγῆς
1181 2593 1326 2670 ὕδωρ
1375 2602 1608 2664 πίνουσι,
1661 2605 1750 2652 καὶ
1782 2598 1883 2652 ἀπὸ

291 2683 396 2745 ἑνός
445 2686 604 2757 ἄρτου
651 2686 938 2756 ἑσθίουσιν,
997 2687 1084 2739 ἕνα
1141 2685 1269 2760 ἀέρα
1321 2689 1527 2759 ἔχοντες
1560 2705 1572 2717 ’
1630 2689 1660 2748 ἣ
1709 2690 1882 2762 ὥσπερ

287 2773 390 2827 εἰσὶ
418 2772 627 2846 λύχνοι,
660 2779 750 2828 καὶ
779 2777 804 2828 6
843 2778 933 2848 μὶν
962 2778 1076 2848 ἔχει
1107 2771 1205 2829 δύο
1243 2785 1533 2849 μυκτῆρας,
1563 2779 1590 2830 ό
1619 2774 1678 2831 δε
1708 2778 1839 2831 ἑπτά
1867 2794 1882 2809 ⁶

283 2862 393 2916 ἀλλ’
441 2865 573 2916 ὅπου
616 2862 754 2916 ίστὶν
782 2865 812 2922 ἡ
866 2869 1143 2940 περίσσεια
1178 2872 1271 2919 τοῦ
1321 2869 1486 2936 φωτὸς
1515 2866 1680 2928 ἄλλως
1731 2871 1883 2939 φωτί-

281 2953 364 3014 ζει
396 2969 409 2982 ·
443 2952 607 3016 οὕτως
649 2954 765 3007 ὅσοι
804 2952 935 3007 εἰσὶν
975 2953 1024 3006 έν
1064 2958 1191 3028 πυρὶ
1229 2959 1318 3008 καὶ
1355 2960 1506 3027 φωτί,
1535 2955 1594 3008 ού
1625 2952 1876 3010 δύνανται

283 3038 416 3096 εἶναι
450 3045 502 3095 έν
551 3061 724 3096 σκτοει
747 3057 762 3074 ⁸
807 3041 936 3096 ἀλλὰ
973 3039 1202 3117 διαφορά
1256 3043 1418 3103 πολλή
1460 3045 1626 3099 ἰστιν.
1677 3043 1879 3120 Ὠσπερ

1993 1889 2138 1928 num
2173 1873 2451 1928 frumenti
2482 1873 2542 1928 in
2575 1878 2792 1928 terram
2820 1871 3154 1943 conjectum
3187 1889 3200 1926 :
3235 1871 3395 1927 idem
3427 1888 3498 1927 ex
3527 1887 3648 1926 uno

1992 1962 2171 2018 corde
2199 1961 2371 2034 plura
2403 1967 2459 2016 et
2488 1961 2726 2017 diversa
2767 1975 2957 2031 grana
2987 1959 3280 2031 producit.
3311 1963 3376 2016 Et
3395 1976 3636 2016 rursum

1993 2067 2064 2106 ex
2097 2051 2276 2122 spicis
2301 2051 2444 2123 ipsis
2461 2049 2592 2106 aliae
2625 2048 3121 2122 suntampliores,
3155 2049 3286 2104 alias
3317 2048 3644 2115 tenuiores;

1996 2140 2290 2196 universas
2331 2154 2473 2195 vero
2523 2139 2584 2194 in
2621 2154 2804 2194 unam
2849 2142 3293 2208 congregantur
3321 2153 3548 2202 aream,
3583 2137 3646 2193 in

1995 2245 2182 2284 unum
2205 2229 2487 2285 horreum
2516 2244 2530 2294 ;
2563 2232 2620 2284 et
2648 2227 2782 2284 licet
2804 2226 3208 2292 diversaafsint,
3228 2241 3382 2282 unus
3399 2241 3471 2283 ex
3502 2227 3645 2299 ipsis

1995 2317 2303 2374 conﬁcitur
2325 2317 2517 2389 panis.

2069 2427 2134 2479 ll.
2169 2429 2282 2480 Aut
2310 2423 2832 2496 quemadmodum
2854 2424 2913 2478 in
2930 2421 3164 2478 civitate
3187 2422 3652 2478 sunthominum

1999 2512 2426 2578 multitudines,
2454 2518 2511 2569 et
2562 2511 2833 2568 nonnulli
2873 2517 3012 2566 sunt
3064 2511 3233 2582 pueri
3290 2511 3509 2582 pusilli,
3553 2511 3656 2568 alii

1997 2619 2137 2659 vero
2163 2603 2271 2658 viri
2293 2602 2387 2658 vel
2421 2602 3088 2667 adolescentes;omnes
3122 2616 3258 2656 vero
3271 2615 3344 2656 ex
3359 2615 3477 2656 uno
3491 2600 3654 2657 fonte

1997 2709 2220 2766 aquam
2251 2691 2483 2758 bibunt,
2510 2707 2696 2747 unum
2731 2706 2950 2762 panem
2969 2689 3316 2746 comedunt.
3343 2703 3654 2760 unumque

1997 2797 2196 2838 aerem
2226 2782 2476 2852 spirant.
2502 2781 2614 2835 Aut
2635 2778 2882 2850 perinde
2914 2783 2978 2834 ut
2999 2777 3429 2843 suntlucernas,
3453 2777 3652 2833 ethasc

1995 2871 2240 2944 quidem
2289 2870 2469 2926 habet
2524 2869 2646 2924 duo
2683 2867 3026 2931 luminaria,
3060 2866 3158 2923 illa
3209 2883 3348 2923 vero
3399 2871 3651 2939 septem,

1998 2965 2058 3016 at
2099 2961 2200 3016 ubi
2230 2965 2318 3016 est
2347 2958 2720 3015 abundantia
2755 2956 2930 3023 lucis,
2964 2957 3046 3012 ibi
3085 2955 3252 3013 aliter
3291 2956 3592 3012 illuminat
3633 2973 3647 3011 :

1999 3049 2082 3104 sic
2120 3049 2465 3121 quicunque
2518 3051 2658 3102 sunt
2709 3046 2769 3102 in
2801 3045 2937 3116 igne
2967 3051 3024 3101 et
3061 3044 3308 3108 lumine,
3344 3048 3650 3116 nequeunt

282 3132 346 3184 ἄν
397 3135 442 3185 εἰ
483 3151 564 3193 τις
590 3136 764 3206 πατὴρ
810 3132 878 3185 ὢν
917 3134 1063 3195 υἱοὺς
1091 3135 1204 3206 ἔχει
1246 3130 1363 3200 δύο,
1396 3136 1482 3186 τὸν
1515 3138 1605 3206 μὲν
1643 3131 1881 3200 παιδίον,

2000 3153 2131 3194 esse
2161 3137 2495 3195 intenebris
2525 3153 2536 3192 :
2567 3151 2777 3192 verum
2801 3149 3022 3204 magna
3036 3133 3191 3190 inter
3205 3149 3306 3190 eos
3326 3133 3653 3189 estdiscre~

279 3224 374 3275 τὸν
418 3219 480 3274 δε
507 3225 793 3287 νεανίσκον,
846 3227 935 3275 καὶ
977 3225 1065 3274 τὸν
1105 3226 1196 3295 μεν
1239 3223 1312 3284 εἰς
1367 3223 1536 3284 πόλεις
1589 3222 1890 3282 ἀποστέλλει

280 3315 379 3364 καὶ
432 3307 718 3384 πατρίδας,
770 3313 828 3364 τό
868 3307 928 3364 δε
965 3315 1148 3370 νήπιον
1195 3315 1414 3366 πάντοτε
1453 3309 1751 3388 δορυφορεῖ,
1779 3317 1888 3368 επεὶ

281 3396 454 3473 μηδεν
487 3396 704 3453 δύναται
741 3407 926 3455 ποιεῖν.
961 3399 1095 3463 Δόξα
1131 3409 1203 3472 τῷ
1235 3409 1369 3474 Θεῷ.
1401 3402 1594 3474 Ἀμήν.

877 3707 1128 3759 ΟΜΙΛῙΑ
1166 3703 1286 3760 ΛΖ’.

281 3814 437 3886 Περὶ
465 3816 576 3864 τοῦ
605 3805 1041 3885 παραδείσου,
1067 3815 1178 3864 καὶ
1206 3814 1399 3884 νόμου
1424 3823 1880 3886 πνευματικοῦ.

356 3917 429 3972 A'.
457 3916 515 3970 Ἠ
555 3916 738 3990 φιλία
773 3924 886 3970 τοῦ
923 3922 1192 3990 κόσμου,
1239 3920 1374 3971 κατὰ
1401 3922 1458 3971 τὸ
1493 3925 1866 3992 γεγραμμένον,

279 4007 492 4078 ἔχθρα
528 4005 721 4059 έστὶν
758 4005 848 4068 εἰς
887 4010 1055 4060 Θεόν.
1090 4010 1178 4059 Διό
1216 4008 1246 4066 ἠ
1295 4013 1471 4083 Γραφὴ
1517 4008 1876 4084 κελεύέιπάσῃ

276 4095 413 4168 λοικῇ
467 4102 640 4170 τηρεῖν
683 4096 903 4148 ἕκαστον
933 4100 1027 4154 τὴν
1067 4095 1253 4148 ἑαυτοῦ
1300 4093 1546 4170 καρδίαν,
1589 4099 1671 4150 ἶνα
1711 4118 1787 4160 τις
1816 4102 1884 4162 ὡς

278 4180 607 4257 παράδεισον
652 4184 931 4257 φυλάσσων
969 4183 1019 4238 έν
1058 4182 1190 4257 αύτῇ
1251 4188 1338 4237 τόν
1383 4185 1555 4257 λόγον,
1607 4186 1880 4262 ἀπολαύσῃ

276 4283 379 4336 τῆς
402 4276 648 4347 χάριτος,
687 4278 760 4346 μὴ
798 4273 998 4327 ἀκούων
1023 4283 1116 4327 τοῦ
1145 4272 1292 4328 ἔνδον
1328 4275 1684 4349 εἱλισσομένου
1724 4282 1885 4350 ὄφεως

288 4362 729 4436 συμϐουλεύοντος
776 4365 844 4416 τὰ
891 4367 1016 4436 πρός
1046 4360 1264 4431 ἡδονὴν,
1313 4361 1388 4418 δι’
1431 4367 1490 4427 ἧς
1518 4373 1756 4438 γεννᾶται
1797 4370 1884 4421 θυη-

281 4457 379 4526 μός
407 4453 437 4505 ό
467 4449 856 4525 ἀδελφοκτόνος,
918 4457 1009 4505 καὶ
1061 4455 1274 4512 θνήσκει
1311 4453 1468 4527 ψυχὴ
1512 4457 1543 4514 ἡ
1578 4461 1833 4510 τίκτουσα
1866 4474 1880 4488 ⁸

282 4540 390 4594 ἀλλ’
420 4539 622 4594 ἀκούων
667 4547 760 4594 τοῦ
795 4545 988 4614 Κυρίου
1019 4541 1272 4612 λέγοντος,
1301 4542 1754 4616 Ἐπιμελεῖσθε
1792 4551 1885 4600 πί-

283 4649 491 4692 στεως
527 4634 632 4683 καὶ
664 4625 954 4697 έλπίδος,
987 4627 1168 4683 δι’ὧν
1201 4638 1508 4702 γεννᾶται
1535 4636 1566 4694 ἠ
1597 4635 1885 4707 φιλόθεος

279 4724 391 4772 καὶ
433 4718 886 4793 φιλάνθρωπος
925 4718 1159 4791 ἀγάπη,
1193 4723 1222 4779 ἡ
1265 4726 1377 4780 τὴν
1417 4724 1678 4778 αἰώνιον
1718 4725 1884 4786 ζωὴν

279 4828 407 4884 παρ
423 4811 583 4881 έχου
600 4827 696 4863 σα.
728 4808 814 4870 Εἰς
844 4815 1026 4861 τοῦτον
1047 4811 1134 4861 τόν
1160 4807 1486 4882 παράδεισον
1517 4812 1723 4872 εἰσῆλθε
1745 4821 1880 4880 Νῶε,

279 4899 376 4955 τὴν
420 4895 627 4955 ὶντολὴν
672 4895 955 4969 φυλάσσων
997 4901 1086 4948 καὶ
1130 4895 1490 4970 έργαζόμενος,
1537 4905 1625 4953 καὶ
1657 4897 1750 4953 διὰ
1788 4909 1883 4962 τῆς

279 4984 486 5059 ἀγάπης
571 4985 832 5059 ἱλυτρώθη
918 4993 1014 5048 τῆς
1092 4985 1272 5060 ὀργῆς.
1349 4995 1537 5041 Τοῦτον
1603 4989 1882 5062 φυλάσσων

277 5075 522 5150 Ἀϐραὰμ
587 5081 756 5148 φωνὴν
829 5082 964 5129 Θεοῦ
1041 5079 1260 5134 ἢκουσε.
1333 5084 1522 5131 Τοῦτον
1604 5079 1882 5151 φυλάσσων

279 5171 514 5225 meum;
566 5159 724 5228 δόξαν
783 5164 854 5226 εἰς
892 5167 950 5218 τό
1000 5170 1276 5240 πρόσωπον
1321 5165 1619 5239 ἐλάμϐανεν.
1661 5167 1885 5240 Ὀμοίως

280 5249 450 5307 Δαϐἱδ
497 5260 680 5306 τοῦτον
711 5255 991 5326 φυλάσσων
1049 5255 1339 5328 εἰργάζετο,
1373 5258 1483 5309 ὅθεν
1532 5266 1630 5309 τῶν
1680 5258 1885 5331 ἐχθρῶν

280 5341 537 5417 ἕκυρίευεν
580 5359 592 5371 ο
637 5341 766 5395 ἀλλὰ
830 5347 920 5397 καὶ
982 5344 1145 5397 Σαούλ
1201 5346 1298 5408 ἕως
1352 5345 1412 5399 ού
1471 5345 1730 5419 ἐφύλασσε
1794 5351 1885 5406 τὴν

279 5429 530 5506 καρδίαν,
589 5427 877 5488 εύωδούτο.
943 5439 1066 5486 Ὀτε
1105 5429 1165 5487 δι
1223 5433 1291 5495 εἰς
1342 5434 1485 5497 τέλος
1540 5435 1764 5510 παρέϐη,
1814 5455 1888 5500 εις

282 5520 420 5583 τέλος
477 5519 854 5594 έγκατελήφθη.
912 5522 990 5575 Ἐν
1039 5525 1211 5597 μέτρῳ
1259 5526 1361 5600 γὰρ
1426 5527 1560 5578 κατὰ
1610 5522 1886 5597 ἀναλογίαν

357 5703 400 5737 ³³
426 5701 444 5754 l
475 5703 609 5758 Cor.
638 5704 809 5770 xrv,2.
907 5705 952 5737 "
981 5700 1104 5758 Jac.
1136 5717 1213 5770 Iv,
1239 5702 1293 5757 4.
1371 5705 1416 5738 ³³
1434 5705 1601 5760 Prov.
1636 5720 1706 5770 Iv,
1739 5707 1827 5760 23.

2001 3228 2224 3300 pantia.
2247 3226 2430 3282 Veluti
2469 3241 2539 3282 ac
2578 3225 2626 3280 si
2670 3228 2839 3295 pater
2889 3222 3192 3296 quispiam
3235 3221 3457 3278 habeat
3497 3221 3653 3277 duos

1999 3315 2174 3381 ﬁlios,
2209 3317 2369 3372 hunc
2396 3313 2700 3387 pusillum,
2733 3312 2986 3368 alterum
3016 3311 3654 3376 adolescentem,hunc

1997 3406 2238 3478 quidem
2273 3406 2329 3460 in
2344 3405 2521 3460 urbes
2551 3402 2724 3459 mittit
2743 3407 2800 3458 et
2826 3399 3418 3473 regiones,pusillum
3447 3404 3650 3456 autem

1998 3510 2238 3568 semper
2268 3493 2642 3566 tuetur,quia
2665 3490 2814 3548 nihil
2844 3496 3042 3562 potest
3065 3505 3261 3561 agere.
3289 3489 3486 3546 Gloria
3511 3491 3648 3545 Deo.

1996 3587 2206 3641 Amen.

2526 3707 2817 3764 HOMILIA
2856 3706 3098 3761 XXXVII.

2291 3817 2376 3871 De
2402 3813 2687 3883 paradiso
2715 3819 2769 3868 et
2832 3813 2955 3881 iege
2985 3810 3315 3879 spirituali.

2066 3922 2340 3978 Amicitia
2369 3921 2543 3992 hujus
2570 3918 2868 3979 mundi.ut
2888 3917 3174 3988 scriptum
3198 3921 3302 3976 est.
3337 3914 3649 3970 inimicitia

1993 4019 2075 4068 est
2107 4013 2209 4067 Dei
2239 4011 2306 4064 ³³.
2328 4012 2703 4080 Quapropter
2724 4005 3030 4077 Scriptura
3051 4003 3222 4074 jubet
3249 4017 3651 4074 unumquem-

1993 4116 2112 4172 que
2132 4099 2295 4154 omni
2327 4096 2602 4153 custodia
2627 4096 2949 4151 observare
2967 4109 3069 4148 cor
3096 4109 3272 4147 suum
3304 4092 3372 4158 ³³,
3408 4099 3468 4146 ut
3491 4091 3645 4163 quis,

1993 4189 2152 4245 velut
2180 4187 2548 4259 paradisum,
2565 4198 2932 4241 conservans
2956 4183 3014 4237 in
3033 4197 3102 4236 eo
3135 4180 3409 4243 verbum,
3425 4180 3651 4235 fruatur

1993 4276 2552 4350 gratia,nec‘-audiat
2578 4277 2912 4346 serpentem
2937 4272 3096 4327 intus
3127 4287 3190 4326 se
3221 4269 3648 4340 implicantem,

1995 4375 2048 4424 et
2074 4366 2481 4423 consulentem
2529 4379 2664 4436 quae
2706 4361 2993 4432 voluptati
3042 4360 3390 4422 inserviunt,
3412 4373 3485 4413 ex
3523 4373 3648 4429 qua

1995 4457 2257 4514 nascitur
2287 4453 2601 4511 iracundia
2621 4452 2698 4509 ad
2722 4449 3114 4508 fratricidium
3145 4446 3644 4505 committendum

1995 4545 2264 4615 adigens,
2293 4551 2348 4600 et
2384 4543 2634 4598 moritur
2659 4541 2863 4596 anima
2883 4539 3122 4612 pariens
3157 4555 3170 4604 ;
3205 4553 3414 4594 verum
3446 4535 3650 4593 audiat

1999 4635 2315 4691 Dominum
2345 4633 2676 4688 dicentem:
2713 4630 2932 4686 Curam
2982 4629 3186 4685 habete
3203 4626 3345 4696 ﬁdei
3392 4641 3462 4682 ac
3501 4624 3647 4695 spei,

1993 4724 2256 4795 aquibus
2311 4722 2656 4794 proﬁcitsur
2698 4719 2986 4782 Charitas,
3020 4720 3073 4773 et
3108 4717 3211 4773 Dei
3235 4723 3286 4772 et
3334 4716 3641 4772 hominum

1993 4821 2223 4876 amans,
2256 4827 2388 4884 qua
2409 4811 2591 4868 vitam
2614 4816 2896 4865 aeternam
2916 4805 3190 4876 largitur.
3210 4808 3269 4858 In
3284 4803 3385 4873 huj
3398 4801 3644 4857 usmodi

1991 4902 2344 4974 paradisum
2361 4903 2666 4972 ingressus
2680 4904 2767 4954 est
2781 4901 2920 4964 Noe,
2942 4894 3295 4951 mandatum
3315 4893 3648 4949 observans

1992 4997 2171 5064 atque
2183 5006 2536 5063 exsequens,
2557 4995 2735 5060 atque
2757 5003 2862 5058 per
2885 4986 3233 5041 charitatem
3265 4986 3534 5038 servatus
3565 4986 3652 5037 est

1994 5082 2071 5136 ab
2112 5082 2215 5136 ira.
2277 5082 2442 5135 Hunc
2481 5091 2846 5134 conservans
2892 5073 3198 5130 Abraham
3249 5071 3466 5126 divinae
3515 5069 3650 5125 voci

1992 5167 2622 5239 obtemperavitllunc
2635 5163 2976 5222 custodiens
2991 5159 3462 5230 Moses,gloriam
3477 5159 3537 5239 in
3554 5157 3644 5213 fa-

1994 5234 2616 5328 cierecepitJtidemet
2636 5252 2817 5310 David
2852 5254 3011 5308 hunc
3038 5249 3405 5313 custodiens,
3430 5234 3646 5312 etfacit,

1997 5347 2154 5402 unde
2210 5346 2549 5402 dominium
2603 5345 2664 5400 in
2709 5343 2910 5398 hostes
2962 5341 3219 5411 adeptus
3275 5343 3382 5393 est.
3427 5339 3642 5393 Verum

1996 5435 2178 5493 etiam
2214 5435 2375 5502 Saul,
2407 5433 2682 5507 quandiu
2727 5430 3044 5489 custodivit
3101 5445 3222 5495 cor,
3259 5427 3409 5484 felici
3441 5441 3644 5483 rerum

1997 5541 2282 5582 successu
2304 5525 2582 5581 utebatur
2624 5541 2638 5590 ;
2667 5521 2913 5595 quando
2933 5534 3076 5576 vero
3107 5519 3220 5574 sub
3249 5516 3432 5574 ﬁnem
3455 5522 3645 5574 trans-
