4116 6210
463 283 562 339 751

1757 273 1817 326 S.
1860 266 2161 327 MACARII
2200 264 2507 322 IEGYPTII

3720 267 3830 320 752

463 422 703 479 gressus
728 408 833 469 est,
864 402 1106 460 tandem
1130 404 1217 457 est
1244 399 1700 456 circumventus.
1735 398 1912 454 Juxta
1957 410 2121 453 men-

2240 394 2541 465 μετέρχεται
2586 392 2802 447 ἑκαστον
2850 394 2876 446 ό
2927 393 3079 466 λόγος
3124 400 3214 447 τοῦ
3265 400 3418 465 Θεοῦ,
3463 392 3586 446 ὅσον
3616 390 3837 463 ἐπικρα-

464 512 667 553 suram
693 494 851 551 enim
882 500 937 551 et
969 510 1041 550 ex
1071 490 1453 565 proportione
1478 488 1743 560 pervenit
1784 486 1863 544 ad
1901 502 2123 543 unum-

464 600 772 659 quemque
811 583 1059 639 verbum
1122 580 1243 647 Dei,
1275 584 1571 651 quantum
1651 576 1787 649 quis
1826 574 2117 649 possedit,

463 680 698 732 tantum
740 672 1148 746 possidebitur
1170 674 1256 726 :et
1278 672 1572 741 quantum
1597 666 1730 739 quis
1750 664 2112 730 custodierit,

468 768 701 822 tantum
736 761 1119 818 custodietur.

542 891 932 961 ll.Propterea
947 886 1256 941 universus
1269 882 1484 939 chorus
1499 886 1839 939 sanctorum
1859 881 2120 954 prophe-

465 981 684 1042 tarum,
722 975 1152 1047 apostolorum,
1187 978 1243 1028 et
1265 977 1603 1043 martyrum
1635 972 1884 1026 verbum
1907 971 1965 1026 in
1994 985 2119 1025 cor-

465 1064 643 1121 dibus
680 1065 803 1119 suis
843 1062 1270 1126 custodierunt,
1304 1061 1378 1116 de
1416 1060 1584 1116 nulla
1636 1075 1696 1115 re
1739 1059 1989 1125 solliciti,
2015 1058 2120 1114 sed

466 1153 859 1225 despicientes
904 1157 1134 1207 terrena
1180 1151 1239 1205 in
1291 1149 1580 1206 mandato
1629 1149 1878 1221 Spiritus
1931 1148 2120 1204 sancti

466 1247 942 1314 permanserunt,
970 1240 1253 1310 eligentes
1279 1239 1444 1312 quod
1468 1239 1584 1294 Deo
1614 1238 1850 1310 Spiritui
1884 1242 2123 1309 gratum

468 1337 525 1388 et
554 1332 782 1387 bonum
812 1334 962 1388 erat:
984 1345 1103 1385 non
1118 1328 1300 1384 verbo
1322 1328 1449 1384 solo
1465 1329 1917 1396 autcognitione
1936 1326 2118 1393 nuda,

470 1421 574 1477 sed
601 1420 779 1476 verbo
795 1424 850 1474 et
862 1435 1141 1490 opere,ac
1157 1417 1335 1473 rebus
1349 1418 1523 1488 ipsis:
1546 1433 1653 1488 pro
1667 1416 1887 1472 divitiis
1902 1417 2123 1486 eligen-

468 1517 554 1566 tes
582 1512 1135 1583 paupertatem,pro
1152 1508 1342 1576 gloria
1368 1508 1667 1562 honorum
1685 1512 2119 1577 contemptum,

467 1615 577 1671 pro
646 1598 948 1669 voluptate
1009 1597 1330 1661 miseriam,
1394 1595 1551 1651 unde
1618 1596 1793 1651 etiam
1864 1611 1973 1668 pro
2037 1596 2125 1653 ira

469 1687 877 1744 dilectionem:
897 1686 1035 1741 odio
1064 1685 1225 1740 enim
1249 1690 1678 1757 prosequentes
1699 1701 1833 1757 quae
1854 1686 2124 1755 jucunda

2233 489 2309 535 τεῖ
2356 501 2454 548 τις,
2521 490 2768 535 τοσοῦτον
2834 482 3212 557 ἐπικρατεῖται,
3243 488 3333 536 καὶ
3393 484 3513 537 ὅσον
3570 482 3834 555 φυλάσσει

2230 580 2476 626 τοσοῦτον
2508 572 2846 646 φυλάσσεται.

2300 878 2372 931 B’.
2412 881 2506 933 Διά
2549 886 2702 932 τοῦτο
2738 884 2841 941 πᾶς
2889 879 2914 930 ό
2963 881 3129 952 χορός
3167 886 3267 931 τῶν
3314 879 3474 951 όιγίων
3527 884 3839 954 προφητῶν,

2229 964 2549 1033 ἀποστόλων,
2602 970 2900 1042 μαρτύρων,
2963 970 3048 1020 τὸν
3108 967 3259 1039 λόγον
3319 966 3367 1020 ἄν
3416 974 3532 1028 ταῖς
3582 961 3843 1040 καρδίαις

2232 1055 2401 1107 αὐτῶν
2458 1054 2765 1128 ἐφύλασσον,
2820 1051 2987 1129 μηδὲν
3045 1056 3213 1131 ἕτερον
3283 1064 3646 1129 μεριμνῶντες,
3707 1053 3843 1106 ἀλλὰ

2229 1148 2294 1197 τὰ
2338 1150 2497 1216 γήῐνα
2554 1146 2921 1219 ὑπερορῶντες,
2984 1149 3072 1197 καὶ
3148 1147 3197 1198 ἑν
3276 1144 3448 1218 ἕντολῇ
3506 1152 3602 1197 τοῦ
3678 1142 3839 1215 ἀγίου

2233 1237 2525 1307 Πνεῦματος
2583 1231 2911 1307 διαμένοντες
2962 1239 3051 1287 καὶ
3105 1236 3163 1287 τὸ
3215 1242 3309 1287 τοῦ
3350 1237 3650 1308 Πνεῦματος
3696 1233 3840 1305 φιλό-

2235 1325 2364 1389 θεον,
2423 1328 2511 1376 καὶ
2581 1322 2776 1395 ἀγαθόν
2844 1325 3044 1376 πάντων
3112 1328 3495 1398 προκρίνοντες,
3571 1323 3630 1376 οὐ
3698 1321 3832 1394 λόγῳ

2233 1418 2370 1484 μόνῳ
2403 1414 2431 1471 ἦ
2466 1419 2655 1484 γνώσει
2681 1412 2833 1485 ψιλῇ,
2870 1411 2974 1465 ἀλλ’
3009 1412 3055 1465 ἐν
3104 1412 3238 1485 λόγῳ
3266 1418 3355 1466 καὶ
3398 1415 3529 1489 ἔργῳ
3562 1409 3635 1465 δι’
3667 1412 3834 1464 αὐτῶν

2232 1510 2332 1554 τῶν
2379 1504 2697 1574 πραγμάτων
2742 1519 2751 1529 ·
2811 1500 2926 1554 ἀντὶ
2979 1501 3205 1555 πλούτου
3259 1502 3486 1575 ἑλόμενοι
3541 1506 3841 1573 πτωχείαν,

2234 1589 2348 1644 ἀντὶ
2398 1589 2557 1654 δόξης
2606 1590 2837 1664 ἀτιμίαν,
2889 1590 3003 1644 ἀντὶ
3047 1588 3245 1652 ἡδονῆς
3297 1592 3679 1665 ταλαιπωρίαν,
3725 1593 3844 1644 ὅθεν

2232 1686 2323 1733 καὶ
2372 1679 2485 1732 ἀντὶ
2541 1688 2632 1732 τοῦ
2662 1682 2827 1753 θυμοῦ
2873 1679 3082 1752 ἀγάπην
3107 1696 3121 1712 ⁸
3155 1688 3429 1753 μισοῦντες
3473 1684 3575 1755 γάρ
3608 1684 3677 1733 τὰ
3705 1677 3848 1738 ἡδέα

471 1782 609 1832 sunt
646 1776 707 1831 in
735 1776 847 1831 hac
877 1775 1019 1839 vita,
1045 1790 1148 1830 eos
1165 1776 1266 1846 qui
1286 1774 1415 1830 huic
1429 1774 2124 1837 auferebant.vehemen-

2240 1777 2324 1822 τοῦ
2370 1767 2509 1843 βίου,
2558 1774 2680 1831 τοὺς
2723 1768 3127 1842 ἀφαιρουμένους
3174 1770 3309 1823 αὐτὰ
3355 1770 3544 1843 μᾶλλον
3596 1771 3844 1841 ἠγάπων,

470 1864 587 1922 tius
624 1865 971 1936 diligebant,
1002 1868 1293 1935 tanquam
1331 1862 1694 1935 opitulantes
1722 1863 1833 1919 sibi
1887 1864 1963 1918 ad
2001 1880 2126 1921 sco-

470 1972 616 2027 pum
650 1953 1085 2024 attingendum,
1116 1952 1398 2025 prohibiti
1421 1952 1811 2022 acognitione
1832 1953 1972 2009 boni
2004 1970 2126 2010 ma-

468 2044 631 2117 lique
660 2060 672 2099 :
707 2059 901 2115 neque
924 2045 1085 2099 enim
1113 2042 1311 2097 bonos
1344 2041 1734 2114 repellebant,
1772 2058 1879 2098 nec
1904 2042 2125 2115 impro-

468 2134 582 2191 bos
596 2133 989 2189 accusabant:
1006 2149 1108 2188 eos
1122 2147 1332 2186 omnes
1348 2131 1574 2200 legatos
1591 2131 2123 2188 administrationis

474 2222 799 2280 Dominicae
821 2237 955 2277 esse
983 2221 1411 2276 existimantes.
1441 2222 1731 2286 Quocirca
1756 2237 1893 2291 erga
1911 2237 2123 2277 omnes

474 2312 761 2382 gerebant
790 2310 1062 2366 animum
1113 2309 1397 2366 benevole
1439 2309 1740 2365 affectum.
1768 2312 1913 2365 Cum
1963 2312 2122 2367 enim

482 2402 655 2473 128
699 2399 973 2458 audirent
1014 2400 1337 2455 Dominum
1368 2399 1663 2454 dicentem
1688 2400 2038 2467 :Remittite,
2071 2407 2123 2456 et

477 2493 807 2548 remittetur
836 2490 999 2546 vobis
1027 2490 1094 2556 3‘,
1127 2494 1265 2543 tunc
1288 2488 1391 2559 qui
1410 2487 1792 2553 selaaderent,
1821 2489 2123 2544 beneﬁcos

474 2578 856 2651 reputabant,
892 2576 1049 2632 velut
1073 2576 1150 2633 ab
1198 2576 1267 2631 iis
1289 2575 1591 2631 consecuti
1620 2576 2001 2633 occasionem
2027 2593 2121 2633 re-

475 2666 764 2724 mittendi.
775 2668 853 2721 Cu
862 2668 1073 2735 mjvero
1087 2681 1291 2720 rursus
1304 2664 1607 2721 audirent:
1629 2664 2123 2731 Quemadmodum

477 2757 679 2823 vultis,
702 2762 763 2809 ut
790 2755 1016 2823 facient
1033 2754 1189 2810 vobis
1204 2753 1576 2820 homines,ita
1592 2769 1688 2809 vos
1700 2755 2126 2826 quoquefacite

474 2844 594 2901 illis
620 2846 687 2910 ³⁵,
713 2848 852 2900 tunc
877 2859 1120 2916 quoque
1147 2842 1369 2915 probos
1402 2844 1457 2898 in
1509 2842 1871 2901 conscientia
1909 2846 2125 2916 dilige-

475 2934 643 2991 bant.
673 2933 1091 3006 Relinquentes
1118 2933 1281 2988 enim
1323 2948 1502 2988 suam
1531 2933 1847 3004 justitiam,
1884 2940 1938 2991 et
1958 2935 2127 3005 justi-

478 3024 621 3081 tiam
667 3022 765 3079 Dei
811 3026 1165 3096 quaerentes,
1196 3027 1634 3094 consequenter
1687 3024 2043 3081 invenerunt
2073 3030 2129 3082 et

477 3113 824 3170 charitatem
855 3112 917 3168 in
955 3127 1027 3169 ea
1062 3111 1408 3169 naturaliter
1437 3112 1828 3169 reconditam.

550 3238 645 3293 ΙΙΙ.
680 3236 968 3293 Dominus
994 3238 1154 3293 enim
1182 3253 1319 3292 cum
1352 3237 1539 3292 multa
1561 3237 1635 3293 de
1668 3238 1953 3294 charitate
1987 3255 2132 3310 prae-

478 3327 717 3399 ciperet,
751 3327 1217 3398 jussitquterere
1251 3325 1552 3395 justitiam
1594 3327 1692 3381 Dei
1724 3343 1735 3382 :
1771 3328 1934 3383 novit
1972 3329 2130 3383 enim

477 3415 636 3472 hanc
704 3419 956 3470 matrem
1018 3415 1322 3469 charitatis
1385 3430 1535 3469 esse.
1596 3418 1721 3470 Non
1786 3415 1921 3472 licet
1973 3418 2130 3472 enim

478 3503 713 3571 salvari,
738 3503 848 3557 nisi
877 3517 983 3573 per
1005 3502 1235 3572 proxim
1247 3507 1441 3565 um,ut
1461 3502 1743 3573 praecepit
1771 3522 1782 3558 :
1814 3504 2129 3572 Remittite,

480 3598 533 3647 et
590 3592 923 3647 remittetur
970 3589 1147 3646 vobis.
1184 3590 1314 3645 Haec
1351 3594 1441 3645 est
1494 3591 1589 3646 lex
1628 3591 1970 3662 spiritualis,
1996 3609 2132 3665 quae

481 3679 541 3734 in
567 3678 849 3734 cordibus
882 3677 1158 3734 ﬁdelibus
1182 3678 1477 3743 scribitur,
1507 3678 2021 3749 complementum
2049 3682 2134 3737 ni-

479 3769 699 3823 mirum
754 3767 965 3838 prioris
1014 3767 1182 3836 legis.
1236 3767 1375 3824 Non
1405 3770 1580 3832 enim,
1615 3767 1831 3840 inquit,
1883 3773 2019 3827 veni
2055 3772 2136 3827 ad

478 3856 899 3914 destruendam
931 3856 1132 3927 legem,
1158 3857 1257 3912 sed
1285 3863 1354 3912 ut
1391 3858 1719 3927 compleam
1742 3860 1809 3913 ³⁵.
1840 3860 1965 3925 Quo
1993 3876 2135 3931 ergo

479 3954 656 4018 pacto
680 3946 1416 4019 impleatur,accipe.Prior
1446 3946 1541 4002 lex
1556 3953 1796 4019 sumpta
1820 3950 2135 4007 occasione

477 4034 873 4091 benedicendi
896 4035 966 4098 ei,
1005 4034 1107 4106 qui
1141 4040 1513 4106 peccaverat,
1540 4035 2134 4107 fortiusjcondemna-

480 4123 563 4180 vit
608 4139 767 4189 eum,
812 4124 916 4194 qui
959 4122 1136 4178 lmsus
1197 4127 1303 4179 est.
1339 4124 1407 4179 1n
1466 4140 1597 4195 quo.
1656 4125 1866 4196 inquit,
1900 4127 2137 4197 judicas

478 4214 757 4276 alterum,
815 4211 877 4266 in
908 4227 971 4267 eo
1004 4218 1056 4267 te
1076 4212 1271 4281 ipsum
1324 4213 1682 4268 condemnas
1710 4233 1729 4269 :
1759 4213 1822 4268 in
1854 4229 1970 4285 quo
2006 4230 2138 4271 vero

480 4301 747 4363 remittit,
782 4300 1140 4355 remittettur
1191 4302 1244 4356 ei
1300 4301 1368 4354 ³⁷.
1398 4301 1484 4356 Ita
1516 4300 1677 4356 enim
1724 4301 1818 4356 lex
1894 4302 2087 4374 inquit
2120 4319 2133 4356 :

491 4390 563 4445 In
595 4388 784 4444 medio
802 4388 1023 4458 judicii
1059 4388 1379 4457 judicium,
1411 4388 1538 4445 etin
1567 4390 1758 4446 medio
1772 4390 2137 4448 remissionis

489 4492 770 4533 νεηιιεδιο.

562 4601 650 4656 IV.
698 4599 1005 4656 Plenitudo
1035 4615 1176 4670 ergo
1205 4599 1351 4670 legis
1390 4602 1662 4659 remissio
1707 4608 1811 4659 est.
1849 4606 2137 4660 Caeterum

482 4691 741 4761 priorem
774 4692 948 4761 legem
980 4690 1392 4757 diximus,non
1425 4692 1591 4764 quod
1623 4695 1773 4748 Deus
1804 4694 1958 4749 duas
1978 4693 2137 4763 leges

482 4780 913 4852 praescripserit
934 4780 1301 4845 hominibus,
1324 4781 1426 4835 sed
1463 4782 1787 4851 unicam,et
1812 4782 2059 4855 quidem
2075 4784 2139 4839 il-

480 4868 603 4925 lam
627 4869 991 4941 spiritualem
1027 4886 1097 4925 ex
1120 4876 1366 4926 natura:
1390 4871 1593 4943 quoad
1628 4872 1947 4927 vindictam
1975 4889 2132 4938 vero,

478 4959 703 5029 justam
743 4958 1003 5015 inferens
1036 4959 1359 5032 unicuique
1382 4960 1690 5026 ultionem,
1711 4962 2030 5017 remittenti
2054 4979 2139 5018 re-

483 5047 681 5113 mittit,
706 5052 761 5103 et
810 5048 1097 5104 aamulum
1152 5051 1489 5105 aemulatur.
1519 5051 1715 5121 Inquit
1756 5052 1914 5106 enim
1960 5055 2137 5109 :Uum

480 5136 896 5203 electo,etectus
927 5140 1120 5202 eris,et
1153 5155 1284 5194 cum
1316 5154 1890 5208 perverso,perverse
1916 5156 2047 5213 ages
2066 5144 2132 5197 ⁸⁸.

482 5228 864 5298 Quapropter.
895 5227 997 5298 qui
1032 5227 1415 5299 spiritualiter
1467 5243 1601 5283 eam
1628 5230 1894 5299 implent,
1929 5237 1983 5287 et
2028 5248 2134 5304 pro

482 5316 665 5371 modo
688 5316 1005 5387 participes
1039 5323 1175 5371 sunt
1205 5317 1560 5387 gratiae,non
1585 5318 1885 5375 beneﬁcos
1915 5321 2133 5387 solum,

481 5404 589 5459 sed
617 5405 797 5460 etiam
825 5406 1225 5461 conviciantes
1239 5422 1308 5460 ac
1322 5412 1727 5478 persecutores
1740 5408 1775 5463 d
1786 5409 2137 5482 iligunt,spi-

478 5493 749 5550 ritualem
770 5494 1108 5551 charitatem
1120 5500 1528 5567 exspectantes
1542 5512 1648 5568 pro
1660 5500 2137 5556 remuneratione

556 5652 602 5685 ³⁸
645 5653 758 5706 Luc
790 5669 859 5713 γι,
885 5651 973 5706 37.
1052 5653 1098 5688 ³⁸
1128 5655 1323 5710 Matth.
1358 5671 1455 5717 vu.
1486 5660 1568 5712 t2.
1649 5659 1694 5692 ⁸⁸
1726 5657 1926 5714 Matth.
1962 5674 2019 5725 v,
2050 5660 2134 5715 l7.

2235 1862 2304 1920 ὡς
2353 1866 2725 1932 συνεργοῦντας
2779 1859 2954 1919 αὐτοῖς
2996 1862 3125 1932 πρὸς
3181 1862 3268 1911 τόν
3315 1862 3528 1925 σκοπὸν,
3573 1858 3849 1933 ἀπεχόμε-

2234 1967 2312 2001 νοι
2340 1955 2431 2000 τοῦ
2470 1952 2745 2019 γινώσκειν
2794 1947 2948 1999 καλὸν
2997 1953 3085 2000 καὶ
3112 1952 3354 2021 πονηρόν.
3390 1952 3525 2001 Οῦτε
3566 1950 3671 2021 γὰρ
3726 1952 3851 2009 τοὺς
3916 1952 3919 1953 ⁷

2236 2036 2465 2108 ἀγαθοὺς
2538 2037 2803 2109 ἠρνοῦντο,
2872 2040 2989 2090 οὔτε
3062 2041 3177 2098 τοὺς
3260 2041 3521 2111 πονηροὺς
3595 2038 3848 2111 ᾐτιῶντο,

2234 2128 2431 2187 πάντας
2499 2124 2936 2200 ἀποκρισιαρίους
2996 2135 3093 2189 τῆς
3159 2133 3481 2189 Δεσποτικῆς
3547 2127 3849 2200 οἰκονομίας

2234 2218 2530 2287 ηγούμενοι.
2566 2218 2704 2288 Πρὸς
2733 2217 2932 2277 πάντας
2969 2211 3056 2268 οὖν
3088 2212 3233 2287 εἶχον
3265 2212 3565 2269 εὖδιάθετον
3605 2220 3839 2269 εὔνοιαν

2231 2303 2354 2356 Ὀτε
2400 2310 2501 2376 γὰρ
2550 2308 2739 2362 ἤκουον
2773 2312 2864 2356 τοῦ
2891 2307 3111 2379 Κυρίου,
3162 2304 3404 2377 Ἀφετε,
3462 2311 3572 2357 καὶ
3616 2306 3849 2378 ἀφεθή-

2236 2410 2415 2444 σεται
2456 2394 2626 2464 ὑμῖν,
2682 2396 2796 2445 τότε
2843 2396 2963 2454 τοὺς
3012 2390 3321 2454 ἀδικοῦντας
3369 2394 3633 2469 εὐεργέτας
3673 2394 3850 2467 ἐλογί-

2235 2482 2380 2541 ζοντο
2436 2481 2507 2543 εἰς
2560 2482 2742 2554 ἄφεσιν
2782 2485 2989 2553 ἔχοντες
3039 2486 3130 2545 τὰς
3170 2483 3295 2556 παρ’
3326 2484 3495 2536 αὐτῶν
3555 2482 3803 2558 ἀφορμάς
3831 2503 3844 2515 ·

2235 2572 2316 2623 ὅτε
2346 2567 2405 2623 δὲ
2434 2570 2588 2622 πάλιν
2636 2574 2846 2642 ἤκουον,
2900 2574 3126 2633 Καθὼς
3167 2572 3382 2625 θέλετε
3422 2574 3523 2625 ἵνα
3562 2583 3847 2627 ποιῶσιν

2234 2661 2382 2732 ὑμῖν
2422 2662 2479 2712 οἱ
2516 2660 2860 2735 ἅνθρωποι,
2903 2667 3011 2713 καὶ
3061 2664 3244 2733 ὑμεῖς
3295 2670 3544 2715 ποιεῖτε
3592 2663 3840 2731 αὐτοῖς,

2236 2754 2351 2802 τότε
2378 2753 2468 2802 καὶ
2497 2752 2616 2811 τοὺς
2649 2748 2873 2821 ἀγαθοὺς
2902 2754 3036 2803 κατὰ
3066 2747 3372 2809 συνείδησιν
3399 2752 3624 2820 ἠγάπων.
3659 2751 3838 2823 Ἀφέν-

2236 2858 2318 2901 τες
2354 2842 2453 2912 γὰρ
2488 2843 2582 2899 τὴν
2623 2835 2967 2898 δικαιοσύνην
3017 2840 3233 2910 ἑαυτῶν,
3289 2846 3379 2893 καὶ
3425 2845 3515 2899 τὴν
3564 2848 3653 2892 τοῦ
3695 2848 3834 2894 Θεοῦ

2240 2925 2582 2987 δικαιοσύνην
2648 2932 2992 2997 ζητήσαντες,
3042 2930 3187 3003 εὗρον
3256 2928 3545 2992 ἀκολούθως
3594 2934 3685 2985 καὶ
3740 2936 3841 2990 τὴν

2241 3015 2448 3089 ἀγάπην
2479 3020 2526 3070 ἐν
2567 3017 2695 3091 αὐτῇ
2730 3021 2863 3070 κατά
2893 3021 3048 3091 φύσιν
3074 3018 3509 3094 ἔγκεκρυμμένην.

2315 3232 2385 3285 I".
2421 3238 2521 3286 Καὶ
2566 3234 2668 3305 γὰρ
2717 3233 2743 3284 ὀ
2790 3236 2980 3305 Κύριος
3007 3231 3173 3285 πολλὰ
3221 3237 3341 3305 περὶ
3382 3242 3479 3295 τῆς
3527 3231 3840 3305 ἀγάπηςὲν-

2241 3320 2555 3389 τειλάμενος,
2613 3326 2706 3380 τὴν
2780 3318 3122 3381 δικαιοσύνην
3206 3322 3435 3374 ἐκέλευσε
3513 3326 3693 3386 ζητεῖν
3753 3328 3837 3374 τοῦ

2244 3419 2378 3465 Θεοῦ
2411 3431 2423 3443 ·
2454 3408 2565 3464 οἶδε
2614 3415 2711 3487 γὰρ
2765 3416 2958 3469 ταύτην
3006 3416 3208 3485 μητέρα
3258 3418 3352 3473 τῆς
3410 3410 3623 3483 ἀγάπης
3681 3415 3847 3486 ὑπάρ-

2242 3519 2376 3571 χειν.
2411 3503 2521 3552 Οὐκ
2574 3502 2817 3573 ἔστιγὰρ
2876 3500 3036 3562 ἄλλως
3082 3503 3334 3566 σωθῆναι,
3390 3500 3435 3553 εἰ
3490 3505 3565 3573 μὴ
3622 3498 3719 3554 διὰ
3762 3509 3852 3553 τοῦ

2243 3588 2482 3653 πλησίον,
2534 3592 2704 3651 καθὼς
2758 3590 3055 3655 ἐνετείλατο,
3107 3589 3347 3663 Ἄφετε,
3391 3595 3502 3643 καὶ
3542 3589 3855 3663 ἀφεθήσε-

2244 3699 2349 3731 ται
2386 3680 2554 3752 ὑμῖν.
2612 3681 2774 3742 Οὗτός
2828 3680 2969 3733 ἐστιν
3021 3681 3046 3732 ὁ
3098 3684 3444 3753 πνευματικὸς
3498 3686 3677 3754 νόμος,
3732 3684 3761 3733 ὁ
3806 3685 3854 3734 ἐν

2244 3766 2488 3841 καρδίαις
2534 3778 2745 3832 πισταῖς
2795 3775 3129 3844 γραφόμενος,
3179 3774 3238 3822 τὸ
3269 3769 3528 3843 πλήρωμα
3570 3779 3666 3823 τοῦ
3713 3778 3857 3845 πρώ-

2245 3877 2335 3911 του
2363 3863 2550 3932 νόμου·
2587 3859 2716 3912 Οὐκ
2756 3856 2945 3919 ἦλθον
2984 3862 3128 3934 γὰρ,
3157 3864 3310 3932 φησὶ,
3337 3858 3707 3912 καταλῦσαι
3749 3864 3855 3913 τὸν

2246 3951 2455 4019 νόμον,
2495 3947 2653 4000 ἀλλὰ
2689 3948 3060 4022 πληρῶσαι.
3097 3956 3214 4011 ιιῶς
3240 3944 3299 4002 δὲ
3328 3948 3644 4022 πληροῦται,
3678 3952 3850 4022 μάθε’

2246 4037 2272 4089 ὁ
2303 4045 2503 4110 πρῶτος
2543 4041 2697 4109 νόμος
2729 4033 2823 4090 διὰ
2878 4045 2971 4099 τῆς
3006 4037 3216 4109 εὐλόγου
3273 4036 3510 4110 ἀφορμῆς
3563 4045 3655 4091 τοῦ
3687 4038 3855 4111 ἀμαρ-

2246 4132 2499 4187 τήσαντος
2524 4131 2787 4202 κατέκρινε
2830 4131 3206 4202 περισσοτέρως
3243 4130 3329 4180 τὸν
3360 4123 3685 4185 ἀδικηθέντα
3707 4147 3721 4160 ’
3760 4128 3854 4183 Ἐν

2247 4217 2446 4287 ᾦγόιρ,
2475 4221 2599 4286 φησὶ
2632 4220 2861 4288 κρίνεις
2899 4223 3001 4269 τόν
3043 4218 3274 4291 ἕτερον,
3305 4220 3574 4269 σεαυτόν
3614 4236 3854 4270 κατακ-

2246 4303 2552 4378 ρίνεις-ἐν
2651 4302 2717 4358 δε
2756 4310 3036 4378 ἠφίηςιν,
3064 4304 3467 4377 ἀφεθήσεται
3508 4305 3683 4377 αὐτῷ
3711 4326 3724 4338 ·
3766 4307 3857 4358 οὗ·

2248 4396 2467 4465 τωςγὰρ
2491 4395 2691 4466 ὀνόμος
2710 4394 2863 4465 λέγει,
2887 4394 3034 4451 Ἀνὰ
3062 4398 3254 4467 μέσον
3294 4400 3571 4465 κρίσεως
3600 4401 3858 4462 κρίσις,

2171 4465 2218 4521 D
2249 4488 2357 4535 καὶ
2397 4481 2511 4535 ἀνὰ
2548 4488 2742 4555 μέσον
2783 4482 3067 4556 ἀφέσεως
3105 4486 3361 4557 ἄφεσις,

2324 4605 2393 4661 Δ’.
2427 4607 2692 4681 Πλήρωμα
2736 4605 2823 4661 οὖν
2852 4613 3010 4682 νόμου
3058 4612 3088 4668 ἠ
3143 4611 3329 4684 ἄφεσις
3374 4622 3647 4682 τυγχάνει.
3702 4616 3860 4683 Πρῶ-

2250 4716 2334 4749 τον
2380 4693 2439 4750 δὲ
2481 4702 2635 4768 νόμον
2675 4699 2971 4773 εἰρήκαμεν,
3032 4699 3137 4771 οὐχ
3193 4702 3273 4753 ὃτι
3304 4702 3329 4752 ὁ
3372 4702 3497 4760 Θεὸς
3539 4696 3637 4751 δύο
3666 4705 3863 4769 νόμους

2250 4788 2498 4861 παρέθετο
2546 4795 2655 4849 τοῖς
2714 4785 3020 4862 ἀνθρώποις,
3082 4788 3187 4840 ἀλλ’
3245 4790 3330 4842 ἕνα
3384 4792 3734 4861 πνευματικὸν
3765 4793 3859 4863 μὲν

2249 4878 2385 4927 κατά
2438 4879 2613 4947 φύσιν,
2660 4880 2795 4929 κατὰ
2848 4874 2906 4930 δὲ
2957 4882 3045 4935 τὴν
3076 4874 3372 4944 ἐκδίκησιν,
3427 4874 3641 4931 δικαίαν
3684 4881 3857 4951 ἐπιφέ-

2248 4983 2350 5038 ρων
2395 4964 2597 5038 ἑκάστῳ
2634 4971 2726 5024 τὴν
2777 4963 3074 5036 ἑκδίκησιν,
3130 4976 3201 5039 τῷ
3251 4968 3447 5041 ἀφιέντι
3501 4966 3713 5041 ἀφίησι,
3767 4972 3859 5022 καὶ

2250 5062 2321 5123 τῷ
2341 5054 2730 5128 παραζηλοῦντι
2752 5056 3072 5130 παραζηλοι.
3105 5061 3242 5115 Φησὶ
3266 5059 3367 5131 γάρ
3395 5074 3407 5086 ⁸
3437 5059 3611 5110 Μετά
3648 5056 3858 5109 ἐκλεκ-

2248 5150 2357 5193 τοῦ
2398 5142 2689 5207 ἐκλεκτός
2742 5147 2877 5217 ἓση,
2924 5146 3027 5197 καὶ
3070 5148 3226 5218 μετὰ
3284 5144 3597 5221 στρεϐλοῦ
3660 5143 3857 5199 διασο

2246 5236 2513 5303 τρέφεις.
2550 5235 2645 5285 Διὰ
2701 5241 2852 5286 τοῦτο
2884 5236 2931 5286 οἱ
2980 5240 3339 5307 πνευματικῶς
3390 5234 3539 5287 αὐτόν
3592 5235 3857 5288 ἐκτελοῦν-

2247 5339 2349 5386 τες,
2382 5326 2471 5373 καὶ
2520 5322 2780 5394 ἀναλόγως
2809 5330 2901 5395 τῇς
2945 5325 3172 5400 χάριτος
3199 5327 3522 5397 μετέχοντες,
3579 5324 3640 5377 οῦ
3700 5330 3855 5397 μόνον

2248 5414 2367 5471 τοῦς
2422 5411 2829 5484 εὐεργετοῦντας,
2894 5411 3020 5464 ἀλλὰ
3058 5419 3148 5466 καὶ
3200 5417 3321 5476 τοὺς
3361 5410 3716 5477 ὀνειδίζοντας
3764 5419 3853 5467 καὶ

2251 5496 2532 5562 διώκοντας
2589 5502 2823 5574 ἠγάπων,
2878 5508 2971 5561 την
3030 5508 3383 5577 πνευματικὴν
3437 5502 3672 5576 ἀγάπην,
3730 5505 3855 5559 ἀντ-

2214 5661 2256 5695 "
2289 5662 2454 5717 Rom.
2484 5680 2540 5726 ιι,
2577 5663 2626 5730 1,
2659 5662 2711 5719 2.
2791 5666 2837 5702 ³⁸
2868 5665 3026 5724 Psal.
3056 5681 3211 5733 xvm,
3254 5667 3343 5723 26.
