4082 6196
201 285 302 342 753

1483 290 1814 347 ΗΟΜΙΕΙΕ.
1849 319 1916 328 —
1944 286 2118 342 HOM.
2159 288 2438 345 XXXVII.

3451 284 3555 340 754

197 407 461 468 αποδοσιν
487 407 821 482 ἐκδεχόμενοι
861 419 958 463 τῶν
999 410 1276 483 ἀγαθῶν·
1320 414 1524 486 ἀγαθῶν
1559 413 1618 469 δι
1644 416 1797 487 λέγω,

1928 429 2210 470 sonorum
2237 433 2255 470 :
2291 416 2570 471 bonorum
2594 421 2794 472 autem
2817 415 2972 482 dico,
2998 428 3116 470 non
3138 413 3282 486 quia
3297 412 3560 469 offensas

197 503 304 574 οὐχ
329 503 411 554 ὁτι
440 501 506 552 τὰ
543 495 849 572 ἀδικήματα
887 508 1287 574 συνεχώρησαν,
1320 503 1425 556 ἀλλ’
1467 507 1544 557 ὅτι
1585 510 1673 557 καὶ
1710 508 1800 566 τὰς

195 592 385 665 ψυχὰς
435 599 534 642 τῶν
582 586 903 643 ἀδικούντων
942 594 1319 664 εὐηργέτησαν.
1363 594 1515 648 Οῦτω
1555 598 1657 669 γὰρ
1703 594 1800 646 αῦ-

195 685 320 743 τούς
366 681 693 754 παρετίθεντο
741 686 812 750 τῷ
866 685 1002 752 Θεῷ,
1043 684 1112 744 ὡς
1167 678 1241 735 δι’
1301 684 1468 736 αὐτῶν
1499 692 1588 737 τοῦ
1632 704 1800 756 μακα-

198 777 395 848 ρισμοῦ
451 771 784 841 τυχάνοντες,
830 771 1003 832 καθώς
1046 791 1198 843 φησι,
1245 776 1574 847 Μακάριοι
1634 774 1798 841 ἐστι,

199 864 352 916 ὅταν
393 855 810 912 ὀνειδίσωσιν
842 859 1018 930 ὑμᾶς,
1047 865 1155 914 καὶ
1187 858 1532 929 διώξωσιν,
1577 867 1686 916 καὶ
1725 866 1799 916 εῖ-

203 969 370 1006 πωσι
400 956 519 1003 πᾶν
551 951 827 1022 πονηρὸν
854 949 1029 1024 ῥῆμα
1057 951 1192 1005 καθ’
1216 953 1383 1024 ὑμῶν
1412 950 1799 1026 ψευδόμενοι

207 1045 406 1095 ἕνεκεν
463 1039 637 1112 ἐμοῦ.

274 1164 351 1222 Ε¹.
386 1164 510 1218 Ὑπὸ
555 1160 615 1218 δί
660 1172 1012 1236 πνευματικοῦ
1041 1170 1220 1238 νόμου,
1265 1168 1400 1220 οὕτω
1449 1176 1644 1242 φρονεῖν
1693 1165 1799 1222 ἔδιο

204 1253 503 1309 δοίσκοντο·
560 1255 911 1325 ὑπομενόντων
951 1257 1050 1330 γὰρ
1096 1255 1280 1319 αὐτῶν,
1330 1262 1419 1310 καὶ
1476 1262 1569 1315 τὴν
1622 1261 1798 1331 νοεράν

196 1348 478 1420 πραότητα
535 1345 890 1413 τηρούντων,ό
945 1346 1136 1418 Κύριος
1198 1343 1396 1418 βλέπων
1447 1351 1542 1405 τὴν
1599 1348 1801 1419 ύπομο-

195 1439 290 1492 νὴν
341 1440 439 1494 τῆς
478 1428 700 1506 καρδίας
747 1431 1144 1504 πολεμουμένης,
1191 1438 1277 1486 καὶ
1323 1442 1413 1496 τῆς
1467 1434 1672 1506 ἀγάπης
1732 1442 1799 1508 μὴ

195 1524 566 1594 ἐξισταμένης,
603 1518 841 1596 διέῤῥηξε
872 1525 940 1574 τὸ
979 1528 1369 1596 μεσότοιχον
1437 1532 1547 1577 τοῦ
1615 1546 1801 1598 φραγ-

191 1620 340 1686 μοῦ,
373 1616 462 1664 καὶ
509 1615 603 1669 την
633 1610 828 1663 τελείαν
871 1613 1066 1684 ἔχθραν
1116 1611 1449 1681 ἀπεϐάλοντο,
1505 1620 1592 1667 καὶ
1631 1615 1802 1668 οῦκέτι

192 1703 332 1775 μετά
385 1699 531 1773 βίας,
561 1699 687 1752 ἀλλὰ
735 1702 866 1771 μετά
895 1697 1139 1772 βοηθείας
1192 1698 1335 1773 εἶχον
1365 1707 1458 1760 τὴν
1490 1701 1694 1774 ἀγάπην
1743 1704 1802 1756 'O

1912 504 2285 569 remiserunt,
2321 521 2525 560 verum
2558 507 2699 578 quia
2732 507 2966 562 animas
2992 506 3273 576 injuriam
3306 502 3562 558 inferen-

1910 593 2059 649 tium
2087 593 2378 650 beneﬁcio
2399 610 2638 667 quoque
2660 594 3003 651 affecerunt.
3035 595 3125 651 Sic
3152 594 3310 648 enim
3335 607 3438 646 eos
3459 590 3564 646 oh-

1912 682 2170 738 tnlerunt
2197 686 2332 746 Deo.
2361 700 2431 739 ac
2462 683 2509 738 si
2541 700 2645 755 per
2673 699 2776 738 eos
2804 683 3234 740 beatitudinem
3257 678 3563 738 consecuti

1911 776 2125 836 essent,
2179 772 2696 842 quemadmodum
2741 773 2978 844 inquit:
3028 772 3198 828 Beati
3254 771 3386 827 estis
3428 784 3560 824 cum

1910 862 2587 929 matedixerintvobis,et
2613 865 2909 932 persecuti
2926 879 3026 920 vos
3051 863 3301 932 fuerint,
3321 867 3372 916 et
3403 860 3563 916 dixe.

1909 952 2034 1006 rint
2063 968 2228 1007 omne
2255 954 2474 1008 malum
2505 953 2786 1009 adversus
2814 968 2932 1017 vos,
2961 952 3299 1008 mentientes
3319 955 3566 1018 propter

1909 1057 1999 1098 me
2030 1043 2099 1093 89.

1979 1171 2042 1222 V.
2065 1169 2109 1222 A
2137 1167 2262 1240 lege
2294 1167 2605 1239 spirituali,
2637 1172 2698 1223 ut
2729 1168 2810 1224 sic
2842 1163 3155 1231 sentirent,
3179 1163 3373 1220 edocti
3406 1165 3566 1217 sunt-

1913 1260 2063 1314 Dum
2092 1257 2253 1312 enim
2281 1257 2572 1327 patienter
2601 1256 2816 1321 ferunt,
2842 1261 2898 1312 et
2927 1255 3111 1311 animi
3160 1250 3569 1308 mansuetudi-

1909 1363 2047 1402 nem
2076 1351 2335 1408 servaut,
2374 1345 2665 1402 Dominus
2719 1346 2958 1400 intuens
2992 1343 3336 1415 patientiam
3370 1340 3568 1396 cordis

1911 1437 2066 1491 bello
2093 1436 2387 1506 oppressi,
2419 1440 2476 1490 et
2507 1435 2788 1490 charitate
2820 1435 3064 1489 minime
3091 1433 3456 1494 labascente,
3481 1428 3570 1484 di-

1913 1526 2027 1581 ruit
2054 1525 2436 1580 interstitium
2462 1524 2735 1580 maceriae
2761 1525 2819 1594 ⁸ο,
2855 1528 3031 1594 atque
3064 1522 3215 1576 adeo
3263 1521 3566 1588 ingentem

1913 1615 2285 1670 inimicitiam
2342 1613 2711 1686 expulerunt,
2766 1619 2825 1666 ut
2877 1628 2994 1667 non
3052 1609 3309 1682 amplius
3354 1609 3431 1675 vi,
3463 1606 3569 1662 sed

1915 1721 2051 1759 cum
2079 1703 2300 1758 auxilio
2315 1703 2668 1757 charitatem
2683 1701 2792 1756 sibi
2812 1701 3140 1771 subjectam
3156 1698 3438 1754 habeant.
3463 1699 3571 1751 Do-

193 1794 298 1864 γάρ
389 1792 580 1865 Κύριος
661 1789 839 1841 λοιπὸν
926 1794 1188 1865 κατείργει
1259 1766 1364 1850 *τὴν
1459 1766 1802 1867 στρεφομένην

1928 1794 2114 1848 minus
2142 1793 2298 1847 enim
2355 1791 2604 1864 posthac
2632 1796 2862 1846 coercet
2912 1789 3242 1844 versatilem
3278 1787 3569 1856 gladium,

199 1881 479 1955 ῥομφαίαν,
533 1883 627 1938 τὴν
677 1885 923 1930 κινοῦσαν
973 1883 1090 1942 τούς
1143 1879 1445 1952 λογισμοὺς,
1492 1887 1580 1934 καὶ
1629 1882 1803 1956 εἰσήρ-

203 1988 364 2042 χοντο
418 1969 489 2030 εἰς
541 1971 598 2019 τὸ
663 1969 910 2041 ἐσώτερον
971 1975 1061 2020 τοῦ
1123 1973 1604 2041 καταπετάσματος,
1675 1972 1804 2023 ὃπου

199 2055 498 2132 πρόδρομος
553 2057 679 2130 ὑπὲρ
736 2058 882 2128 ἡμῶν
944 2056 1178 2116 εἰσῆλθεν
1225 2060 1250 2110 6
1314 2061 1536 2132 Κύριος·
1593 2065 1682 2112 καὶ
1735 2063 1806 2111 ἐν·

195 2151 427 2220 ετρύφων
478 2154 583 2207 τοῖς
629 2153 851 2220 καρποῖς
905 2153 998 2198 τοῦ
1048 2149 1365 2219 Πνεύματος,
1427 2153 1516 2200 καὶ
1573 2151 1638 2200 τὰ
1693 2149 1808 2220 μέλ-

192 2236 353 2291 λοντα
397 2234 446 2287 ἐν
499 2233 804 2308 βεϐαιότητι
850 2231 1078 2308 καρδίας
1137 2237 1466 2308 θεασάμενοι,
1520 2242 1609 2289 καὶ
1675 2240 1810 2289 κατὰ

188 2330 282 2379 τὸν
364 2323 698 2392 Ἀπόστολον,
752 2323 923 2376 οῦκέτι
987 2322 1034 2375 ἐν
1105 2327 1362 2396 ἐσόπτρῳ,
1429 2331 1518 2377 καὶ
1581 2325 1629 2377 ἐν
1681 2326 1811 2378 αἰνί-

190 2412 678 2488 γματιῖλεγον,”Α
745 2412 1072 2485 ὀφθαλμός
1131 2413 1248 2466 οῦκ
1314 2410 1466 2477 εἶδε,
1535 2420 1641 2467 καὶ
1706 2411 1809 2477 οὖς

201 2505 318 2559 ούκ
361 2504 621 2568 ἤκουσε,
662 2505 765 2554 καὶ
827 2499 933 2555 ἐπὶ
972 2499 1253 2575 καρδίαν
1308 2501 1643 2578 ἀνθρώπου
1701 2504 1812 2556 οῦκ

202 2591 433 2657 ἀνέϐη,
477 2592 594 2644 ὃσα
632 2593 986 2661 ἡτοίμασεν
1027 2593 1052 2643 6
1089 2595 1242 2653 Θεὸς
1298 2600 1428 2654 τοῖς
1468 2592 1812 2663 ἀγαπῶσιν

191 2687 418 2738 αὐτόν.
452 2679 587 2735 Ἀλλ’
618 2679 716 2752 ἐγὼ
744 2687 895 2733 τοῦτο
930 2682 1233 2753 θαυμαστόν
1264 2683 1488 2754 ἐπερωτη
1504 2703 1596 2738 σω.

272 2809 346 2875 ς’.
384 2809 758 2883 Ἐρώτησις.
826 2806 898 2860 Εἰ
963 2805 1067 2859 ἰπὶ
1128 2804 1405 2880 καρδίαν
1473 2808 1815 2882 ἀνθρώπου

197 2900 318 2954 οῦκ
362 2895 575 2959 ἀνέϐη,
607 2897 790 2969 ύμεῖς
830 2894 998 2948 αῦτά
1035 2904 1163 2958 πῶς
1202 2893 1464 2950 οἴδατε·
1525 2899 1821 2970 μάλιστα

203 2988 730 3062 ὁμολογήσαντες
758 2987 815 3037 ἐν
842 2992 985 3046 ταῖς
1014 2985 1362 3058 Πραξεσιν,
1398 2988 1820 3059 ὁμοιοπαθεῖς

207 3079 387 3150 ὑμεῖς
422 3073 594 3128 εἶναι
631 3075 997 3148 ἄνθρωποι;

281 3202 333 3254 Ἀ
352 3204 682 3273 πόκρισις.
721 3197 859 3250 Ἀλλ’
917 3201 1145 3264 ἀκούετε,
1179 3203 1230 3251 τί
1286 3203 1417 3272 πρὸς
1470 3208 1636 3254 ταῦτα
1695 3202 1819 3258 ἀπο-

196 3296 441 3366 κρίνεται
467 3288 667 3349 Παῦλος
693 3311 704 3322 -
736 3288 916 3361 Ἡμῖν
957 3285 1046 3351 δε,
1107 3293 1288 3361 φησὶν,
1352 3289 1759 3364 ἀπεκαλυψεν
1791 3296 1816 3347 6

193 3384 358 3441 Θεὸς
426 3377 541 3432 διὰ
606 3385 717 3430 τοῦ
811 3381 1188 3450 Πνεύματος
1273 3380 1496 3432 αὑτοῦ·
1571 3386 1639 3434 τὸ
1695 3386 1814 3460 γὰρ

192 3478 492 3541 Πνεῦμα,
531 3469 740 3522 πάντα
769 3467 995 3542 ἐρευνᾷ
1026 3471 1238 3521 καὶτὰ
1279 3467 1449 3542 βάθη
1491 3480 1598 3523 τοῦ
1630 3481 1811 3528 Θεοῦ.

191 3543 346 3617 Ἀλλ’
378 3561 462 3611 ἱνα
489 3562 557 3630 μὴ
583 3577 664 3618 τις
695 3560 810 3631 εἴπῃ
839 3558 920 3610 ὅτι
960 3558 1138 3620 αὐτοῖς
1186 3554 1342 3618 ἑδόθη
1378 3563 1434 3612 τὸ
1489 3568 1695 3635 Πνεῦμα
1750 3567 1815 3625 ὡς

195 3650 537 3712 ἀποστόλοις,
561 3649 686 3719 ἡμῖν
705 3643 762 3700 δι
775 3649 909 3699 κατὰ
919 3649 1074 3720 φύσιν
1093 3645 1278 3722 ἀχώρη
1288 3667 1371 3700 τον
1390 3658 1562 3715 τοῦτο,
1580 3650 1813 3724 ἀλλαχοῦ

187 3743 551 3812 ἐπευχόμενος
578 3737 732 3806 λέγει,
760 3743 892 3790 Ἰνα
931 3733 1062 3807 δῴη
1125 3738 1276 3808 ύμῖν
1339 3740 1364 3789 6
1432 3744 1591 3802 Θεὸς
1652 3747 1815 3795 κατά

184 3834 308 3884 τὸν
347 3827 625 3880 πλοῦτον
675 3833 783 3886 τῆς
838 3823 1039 3888 δόξης
1076 3827 1282 3878 αὑτοῦ
1333 3823 1616 3900 δύναμιν
1674 3851 1814 3906 κρα-

182 3918 562 3975 ταιωθῆναι
602 3911 714 3968 διὰ
773 3922 886 3968 τοῦ
929 3917 1318 3987 Πνεύματος
1355 3917 1553 3970 αὐτοῦ
1593 3919 1686 3981 εἰς
1711 3924 1814 3973 τόν

183 4013 324 4063 ἴσω
394 4007 746 4077 ἄνθρωπον,
814 4014 1229 4064 κατοικῆσαι
1267 4009 1376 4057 τὸν
1415 4013 1704 4079 Χριστὸν
1756 4011 1814 4062 ἐν

181 4104 346 4160 ταῖς
378 4091 684 4168 καρδίαις
737 4095 931 4165 ὑμῶν,
981 4095 1305 4148 Καίπάλιν’
1363 4095 1422 4147 Ὀ
1476 4093 1544 4148 δι
1587 4102 1816 4170 Κύριος

177 4193 254 4242 τὸ
297 4187 551 4257 Πνεῦμα
589 4183 798 4236 ἐστιν·
831 4185 991 4235 ὅπου
1034 4180 1104 4236 δε
1143 4189 1209 4236 τό
1253 4191 1513 4257 Πνεῦμα
1555 4192 1814 4260 Κυρίου,

181 4278 334 4332 ἱκεῐ
373 4273 860 4347 ἔλευθερία.Καὶ
889 4272 1062 4338 πάλιν,
1127 4273 1194 4327 Ei
1253 4271 1326 4326 δέ
1396 4294 1491 4336 τις
1564 4283 1819 4351 Πνεῦμα

188 4371 493 4445 ’Χριστοῦ
532 4362 644 4416 ο’ύκ
681 4365 842 4434 ἔχει,
883 4363 1072 4423 οὗτος
1110 4363 1222 4415 οῦκ
1263 4365 1440 4416 ἔστιν
1472 4369 1689 4421 αὐτοῦ.

1915 1884 2268 1939 excitantem
2300 1881 2708 1952 cogitationes,
2757 1886 2814 1933 et
2845 1879 3260 1949 ingrediuntur
3291 1876 3572 1932 interiora

1916 1972 2247 2036 velaminis,
2322 1987 2444 2041 quo
2515 1984 2850 2040 prmcursor
2916 1983 3023 2039 pro
3099 1966 3274 2021 nobis
3348 1962 3576 2019 introiit

1921 2061 2206 2118 Dominus
2241 2077 2251 2115 :
2296 2067 2350 2115 et
2383 2075 2520 2114 cum
2554 2057 2942 2113 delectatione
2975 2057 3253 2111 fruuntur
3280 2052 3574 2108 fructibus

1921 2151 2189 2222 Spiritus,
2223 2155 2401 2220 atque
2431 2148 2629 2203 futura
2657 2164 2794 2202 cum
2838 2147 3022 2202 animi
3067 2143 3403 2200 constantia
3435 2156 3575 2198 con-

1922 2241 2294 2311 templantes,
2352 2254 2481 2302 nec,
2546 2244 2607 2292 ut
2667 2236 2990 2307 Apostolus
3049 2235 3150 2302 ait,
3193 2233 3455 2304 amplius
3509 2233 3574 2286 in

1919 2330 2156 2401 speculo
2170 2337 2341 2400 atque
2354 2327 2724 2396 aenigmate“
2743 2331 3072 2388 versantes,
3098 2324 3407 2395 inquiunt:
3435 2322 3573 2388 Qua:

1920 2421 2127 2476 oculus
2167 2434 2284 2473 non
2312 2417 2479 2481 vidit,
2505 2431 2612 2472 nec
2643 2415 2808 2471 auris
2837 2414 3088 2477 audivit,
3120 2428 3226 2468 nec
3256 2412 3317 2466 in
3341 2427 3444 2468 cor
3476 2411 3574 2465 ho-

1919 2511 2087 2563 minis
2102 2507 2640 2576 ascenderuntguw
2651 2520 2924 2575 praepara
2934 2503 3012 2559 vit
3032 2505 3180 2557 Deus
3193 2500 3466 2569 diligenti
3473 2501 3573 2555 bus

1923 2599 2062 2654 se“.
2105 2599 2316 2652 Verum
2366 2612 2477 2665 ego
2509 2595 2663 2650 hanc
2713 2591 3136 2649 admirandam
3177 2590 3574 2662 quaestionem

1926 2685 2202 2743 movebo.

2001 2812 2085 2865 VI.
2115 2811 2537 2881 Interrogatio.
2563 2810 2632 2866 Si
2655 2809 2718 2864 in
2745 2823 2848 2864 cor
2873 2807 3126 2864 hominis
3153 2821 3271 2861 non
3303 2803 3579 2860 ascende-

1929 2907 2093 2965 runt,
2117 2916 2216 2956 vos
2233 2916 2347 2972 quo
2363 2904 2540 2970 pacto
2553 2898 2662 2954 illa
2678 2898 2892 2953 nostis:
2915 2896 3017 2968 qui
3031 2895 3288 2952 maxime
3301 2894 3578 2961 conﬁtea-

1929 2990 2077 3045 mini
2104 2989 2165 3045 in
2186 2989 2383 3044 Actis:
2408 3007 2435 3038 «
2479 2989 2588 3043 Vos
2612 3001 2734 3042 esse
2748 2985 3007 3041 homines
3034 2985 3234 3040 iisdem
3254 2999 3385 3039 cum
3411 2981 3576 3037 nobis

1930 3078 2334 3150 affectionibus
2365 3078 2659 3147 subiectos
2681 3077 2727 3111 ⁴³
2753 3076 2780 3130 ?
2815 3097 2841 3124 η

2006 3207 2049 3276 1
2063 3205 2178 3276 29
2197 3203 2534 3274 Responsio.
2557 3201 2670 3258 Sed
2699 3201 2919 3264 audite,
2934 3199 3079 3271 quid
3098 3197 3176 3253 ad
3190 3198 3316 3252 ilth
3331 3210 3579 3266 respon-

1926 3295 2062 3350 deat
2093 3293 2346 3349 Paulus:
2377 3292 2558 3348 Nobis
2580 3298 2774 3347 autem
2789 3288 3072 3346 revetavit
3091 3289 3246 3343 Deus
3254 3301 3365 3355 per
3390 3285 3579 3353 Spiri-

1927 3389 2048 3440 tum
2062 3400 2231 3439 suum
2242 3381 2524 3451 .Spiritus
2539 3381 2691 3438 enim
2707 3381 2904 3436 omnia
2919 3377 3429 3441 scrutatur,etiam
3445 3390 3578 3442 pro-

1922 3473 2250 3542 funditates
2282 3472 2468 3527 Dei“.
2495 3471 2710 3525 Verum
2744 3485 2816 3524 ne
2839 3469 2972 3540 quis
2995 3467 3176 3532 dicat,
3204 3466 3348 3537 ipsis
3371 3463 3578 3519 datum

1924 3579 2052 3618 esse
2085 3561 2369 3632 Spiritum
2403 3568 2692 3631 tanquam
2720 3557 3031 3630 apostolis,
3063 3574 3098 3612 a
3129 3555 3305 3611 nobis
3329 3569 3470 3609 vero
3495 3569 3582 3608 se-

1924 3651 2189 3706 cundum
2213 3655 2486 3705 naturam
2511 3646 2937 3720 comprehendi
2966 3645 3080 3701 hoc
3105 3661 3222 3698 non
3251 3659 3448 3714 posse,
3481 3641 3583 3697 ali-

1923 3739 2060 3794 cubi
2082 3740 2414 3809 deprecans
2433 3739 2542 3792 ait:
2569 3738 2639 3793 Ut
2663 3737 2757 3792 det
2783 3736 2942 3791 vobis
2965 3737 3116 3789 Deus
3125 3735 3314 3802 juxta
3340 3730 3581 3785 divitias

1922 3829 2126 3900 gloriae
2148 3843 2293 3892 suae,
2327 3834 2391 3882 ut
2410 3827 2775 3896 fortitudine
2821 3821 3286 3879 corroboremini
3313 3822 3375 3874 in
3402 3819 3582 3874 inter-

1923 3935 2065 3973 num
2098 3918 2411 3980 hominem,
2446 3920 2508 3969 ut
2533 3916 2594 3970 in
2629 3914 2851 3970 habitet
2879 3912 3153 3968 Christus
3179 3925 3286 3978 per
3309 3909 3484 3976 ﬁdem
3518 3907 3579 3961 in

1925 4006 2200 4063 cordibus
2223 4005 2510 4061 vestris“.
2542 4007 2606 4058 Et
2627 4018 2864 4058 rursum
2886 4017 2898 4056 :
2929 3999 3209 4055 Dominus
3231 4003 3428 4052 autem
3452 3995 3583 4063 Spi-

1924 4096 2076 4151 ritus
2106 4102 2209 4152 est.
2251 4095 2360 4151 Ubi
2389 4109 2525 4150 vero
2565 4092 2829 4162 Spiritus
2861 4091 3116 4154 Domini,
3148 4088 3228 4142 ibi
3253 4086 3493 4141 libertas
3509 4085 3578 4134 ‘5.

1927 4188 1992 4240 Et
2022 4201 2263 4240 rursum
2294 4200 2305 4238 :
2341 4184 2404 4238 Si
2431 4183 2562 4253 quis
2596 4198 2726 4238 vero
2751 4181 3039 4252 Spiritum
3071 4176 3298 4236 Christi
3322 4191 3440 4230 non
3474 4174 3582 4230 ha-

1931 4275 2038 4340 bet,
2073 4275 2168 4330 hic
2198 4290 2317 4330 non
2347 4279 2431 4330 est
2463 4276 2590 4343 ejus
2611 4274 2676 4326 ‘7.

257 4493 346 4548 Z'.
381 4488 664 4561 Εύξὼμεθα
710 4492 884 4540 τοίνυν
929 4493 1016 4540 καὶ
1060 4490 1206 4560 ἡμεῖς
1255 4487 1302 4541 ἓν
1350 4491 1676 4566 πληροφορίᾳ
1730 4492 1811 4546 καί

2001 4485 2120 4539 Vll.
2151 4484 2548 4540 Obsecremus
2571 4499 2711 4552 ergo
2736 4498 2979 4556 quoque
3008 4497 3118 4536 nos
3150 4482 3207 4537 in
3236 4479 3585 4535 certitudine

181 4582 460 4639 αἰσθήσει
506 4575 806 4650 μεταλαϐεῖν
851 4584 941 4630 τοῦ
973 4577 1126 4648 ἀγίου
1184 4580 1490 4651 Πνεῦματος,
1523 4586 1610 4634 xui
1662 4582 1820 4634 εἰσελ-

179 4675 298 4725 θεῖν
333 4669 455 4722 ὅθεν
515 4665 906 4738 έξεληλύθαμεν,
962 4671 1050 4719 καὶ
1104 4674 1194 4719 τοῦ
1241 4667 1424 4720 λοιποῦ
1476 4667 1811 4744 ἀποστραφῆ-

175 4782 274 4814 ναι
338 4757 434 4828 ἀφ’
492 4758 638 4829 ἡμῶν
708 4759 795 4807 τὸν
850 4757 1164 4828 θυμοκτόνον
1219 4761 1351 4829 ὅφιν,
1406 4763 1495 4810 καὶ
1555 4756 1822 4823 κενόδοξον

178 4844 506 4922 σύμϐουλον
535 4848 596 4898 τὸ
652 4851 861 4916 Πνεῦμα
908 4853 1003 4905 τῆς
1054 4849 1311 4918 μερίμνης
1353 4851 1442 4898 καὶ
1495 4847 1820 4919 κραιπάληςο

183 4941 318 4992 ὅθεν
385 4932 604 5009 βεϐαίως
659 4936 1034 4996 πιστεύσαντες
1081 4937 1168 4994 τὰς
1227 4933 1433 4997 ἐντολὰς
1482 4945 1572 4988 τοῦ
1633 4943 1824 5011 Κυρίου

176 5027 530 5104 φυλάξωμεν,
564 5029 653 5077 καὶ
707 5023 1009 5097 αῦξηθῶμεν
1044 5023 1092 5076 ἐν
1146 5025 1286 5097 αὐτῷ
1319 5026 1406 5088 εἰς
1475 5023 1682 5102 ἄνδρα
1744 5033 1829 5081 τέ-

180 5121 343 5173 λεον
391 5115 480 5177 εἰς
517 5119 749 5190 μέτρον
789 5113 1072 5179 ἡλικίας,
1115 5123 1205 5167 τοῦ
1250 5120 1436 5187 μηκέτι
1467 5121 1806 5192 κατακυριεύε

179 5211 331 5264 σθαι
361 5207 466 5257 ύπό
498 5211 590 5265 τῆς
621 5202 826 5266 ἀπάτης
857 5212 949 5256 τοῦ
988 5203 1170 5266 αἰῶνος
1221 5209 1429 5273 τούτου,
1463 5205 1571 5257 ἀλλ’
1604 5205 1650 5258 ἓν
1703 5207 1830 5265 πλη-

180 5314 439 5372 ροφοριᾳ
491 5301 586 5346 τοῦ
632 5296 926 5366 Πνεύματος
979 5290 1126 5358 εἶναι,
1177 5299 1268 5346 καὶ
1310 5298 1381 5366 μὴ
1441 5295 1698 5365 ἀπιστεῖν,
1753 5298 1832 5348 ὅτι

187 5391 299 5440 καὶ
337 5383 414 5445 εἰς
459 5381 796 5458 ἁμαρτωλούς
848 5385 1280 5454 μετανοοῦνταςή
1314 5387 1475 5458 χάρις
1503 5392 1638 5439 Θεοῦ
1683 5383 1834 5438 εὗδο-

196 5481 321 5530 κεῖ.
361 5475 434 5525 Τὸ
477 5474 578 5545 γὰρ
621 5473 758 5524 κατά
793 5473 956 5546 χάριν
1008 5469 1352 5545 δωρούμενον,
1403 5473 1576 5526 οὐκέτι
1614 5472 1662 5524 ἐν
1705 5493 1832 5549 παρ-

279 5617 340 5653 ³⁹
369 5614 563 5672 Matth.
621 5631 678 5680 v,
730 5617 814 5671 tt.
893 5617 935 5652 ‘°
977 5615 1188 5686 Ephes.
1215 5631 1274 5680 ιι,
1341 5619 1424 5672 44.

187 5708 261 5759 ιι,
305 5686 408 5742 10.
488 5687 531 5722 ⁸⁵
559 5687 777 5758 Ephes.
833 5703 913 5756 ιιι,
945 5689 1030 5756 16,
1067 5693 1146 5743 t7.
1225 5689 1273 5723 ⁴⁶
1328 5688 1372 5742 tl
1405 5689 1531 5746 Cor.
1567 5706 1648 5756 ιιι,
1687 5695 1769 5747 t7.

1502 5618 1595 5672 “t
1646 5619 1776 5675 Cor.
1808 5635 1932 5685 xm,
1983 5624 2066 5674 t2.
2144 5619 2226 5672 ⁸³1
2262 5621 2334 5674 Co

1502 5705 1531 5744 ξ.
1567 5706 1648 5747 ιιι.
1687 5695 1769 5747 t7.
1849 5693 1890 5726 ⁸⁷
1927 5693 2094 5747 Rom.
2129 5705 2248 5747 vni.
2303 5695 2334 5746 9

1973 5707 2094 5748 om.
2129 5705 2248 5758 vni,
2303 5705 2352 5746 ν.

1931 4573 2068 4628 ﬁdei
2097 4579 2152 4629 et
2183 4591 2384 4639 sensu,
2415 4581 2474 4628 ut
2502 4575 2820 4646 participes
2840 4574 3058 4628 ﬁamus
3083 4571 3334 4643 Spiritus
3371 4568 3584 4634 sancti,

1932 4681 1987 4731 et
2031 4665 2438 4736 ingrediamur
2480 4665 2636 4719 unde
2675 4663 2892 4732 egressi
2922 4665 3250 4716 sumus:et
3291 4664 3350 4713 ut
3396 4659 3586 4728 impo-

1935 4770 2158 4819 sterum
2207 4763 2504 4814 avertatur
2550 4772 2586 4810 a
2631 4753 2805 4808 nobis
2851 4767 3098 4822 serpens
3150 4753 3208 4804 et
3249 4746 3588 4802 interfector

1936 4851 2146 4914 animi,
2175 4847 2467 4920 superbus
2491 4851 2546 4899 et
2578 4859 2770 4898 vanus
2796 4839 3118 4903 consultor,
3154 4837 3403 4908 Spiritus
3436 4833 3588 4889 solli-

1937 4939 2212 4997 citudinis
2257 4944 2311 4991 et
2359 4934 2666 5006 crapulae:
2711 4938 2773 4986 ut
2804 4931 2940 4984 inde
2991 4927 3235 4982 ﬁrmiter
3283 4925 3588 4980 credentes

1939 5028 2229 5086 mandata
2271 5023 2498 5081 Domini
2528 5037 2859 5083 servemus,
2886 5025 2940 5074 et
2967 5031 3310 5072 crescamus
3343 5015 3400 5069 in
3429 5029 3498 5068 eo
3525 5014 3585 5068 in

1941 5122 2132 5177 virum
2155 5117 2485 5186 perfectum
2519 5155 2532 5179 ,
2563 5113 2621 5167 in
2656 5125 2990 5168 mensuram
3021 5106 3288 5173 aetatis“,
3335 5119 3408 5158 ne
3437 5104 3588 5158 ultra

1941 5208 2284 5264 dominetur
2333 5203 2505 5258 nobis
2548 5201 2818 5271 deceptio
2866 5199 3045 5268 hujus
3096 5194 3320 5260 saeculi,
3372 5191 3477 5246 sed
3529 5191 3586 5245 in

1943 5295 2290 5353 certitudine
2313 5293 2450 5348 ﬁdei
2486 5291 2731 5362 Spiritus
2754 5290 2956 5350 simus,
2988 5300 3180 5357 neque
3198 5282 3547 5337 difﬁdamus
3575 5297 3588 5334 :

1942 5388 2084 5460 quia
2101 5390 2441 5457 peccatores
2462 5395 2704 5452 quoque
2723 5377 3138 5448 resipiscentes
3161 5373 3350 5441 gratia
3375 5369 3477 5424 Dei
3494 5369 3592 5424 be-

1944 5475 2149 5533 nevole
2169 5471 2440 5544 suscipit.
2466 5471 2634 5536 Quod
2655 5469 2812 5525 enim
2832 5484 2936 5539 per
2957 5465 3209 5538 gratiam
3229 5463 3505 5527 donatur,
3532 5461 3591 5516 id

2144 5619 2226 5672 "1
2262 5621 2390 5674 Cor.
2446 5633 2505 5679 ιι,
2537 5621 2590 5670 9.
2667 5616 2713 5650 ⁴³
2759 5615 2880 5669 Act.
2916 5629 3034 5676 xxv,
3097 5614 3179 5670 15.
3261 5613 3358 5666 “I
3417 5614 3548 5670 Cor.

2435 5692 2480 5724 ⁵⁸
2522 5687 2732 5761 Ephes.
2790 5703 2868 5752 iv,
2934 5689 3016 5740 t3.
