4116 6210
498 296 605 350 755

496 438 621 480 non
643 422 780 478 licet
807 420 1086 493 amplius,
1128 419 1540 492 comparando
1579 435 1718 475 cum
1761 418 2147 475 antecedente
2178 415 2225 469 Α

496 510 861 578 inﬁrmitate,
919 510 1138 575 metiri;
1189 510 1333 580 quia
1389 508 1579 578 gratia
1626 508 1756 579 jam
1810 522 1933 564 non
1992 513 2149 562 esset

497 601 710 671 gratia,
736 599 839 654 sed
858 599 916 654 in
948 601 1135 655 Deum
1156 598 1631 668 omnipotentem
1654 596 1984 664 credentes,
2006 598 2149 652 sim-

500 689 633 762 plici
660 694 716 745 et
748 689 903 743 curis
929 704 1121 743 vacuo
1150 687 1330 743 corde
1361 687 1723 742 accedamus
1753 686 1828 743 ad
1857 702 2017 750 eum.
2046 689 2147 759 qui

495 792 602 849 per
616 776 797 833 ﬁdem
811 775 1334 847 participationem
1350 776 1600 847 Spiritus
1613 774 1878 844 largitur,
1902 789 2025 830 non
2045 789 2149 846 per

495 866 989 922 assimilationem
1012 881 1264 938 operum
1282 864 1420 920 tidei
1444 882 1458 918 :
1484 865 1674 937 inquit
1694 864 1850 921 enim
1875 880 1887 919 :
1919 864 2058 920 Non
2074 879 2150 920 ex

493 956 770 1024 operibus
806 955 947 1025 legis
985 955 1278 1026 Spiritum
1310 954 1647 1023 accepistis,
1693 954 1796 1010 sed
1825 968 1900 1010 ea:
1935 953 2148 1009 auditu

494 1046 636 1112 ﬁdei
656 1046 724 1096 ‘9.

566 1171 704 1225 Vlll.
726 1169 1144 1241 Interrogatio.
1172 1169 1412 1237 Dixisti,
1434 1168 1634 1226 omnia
1656 1168 2060 1240 spiritualiter
2084 1167 2148 1223 in

494 1260 698 1315 anima
712 1274 832 1315 esse
846 1259 1171 1315 recondita.
1202 1259 1355 1327 Quid
1375 1264 1457 1316 est
1474 1274 1613 1330 ergo
1632 1280 1651 1316 :
1663 1277 1692 1308 «
1734 1259 1875 1314 Volo
1888 1257 2150 1329 quinque

492 1348 673 1405 verba
706 1349 769 1403 in
808 1349 1081 1405 Ecclesia
1110 1355 1303 1404 mente
1331 1363 1461 1406 mea
1484 1348 1648 1420 loqui
1661 1349 1730 1400 ⁸ο.
1762 1366 1790 1400 ν

561 1474 901 1544 Responsio.
934 1474 1193 1530 Ecclesia
1217 1475 1277 1529 in
1303 1474 1542 1529 duabus
1572 1474 1843 1544 personis
1875 1473 2149 1543 intelligi-

493 1568 605 1628 tur,
652 1563 1115 1633 congregatione
1146 1563 1365 1618 scilicet
1397 1561 1683 1627 ﬁdelium,
1719 1569 1777 1618 et
1813 1562 1873 1618 in
1910 1577 2149 1618 concre-

492 1654 647 1708 tione
679 1653 917 1708 animae.
951 1654 1004 1709 Si
1039 1668 1178 1723 ergo
1212 1652 1595 1724 spiritualiter
1636 1651 1695 1707 in
1728 1652 1970 1708 homine
2002 1652 2150 1707 acci-

489 1741 706 1813 piatur,
749 1742 997 1797 ecclesia
1028 1747 1115 1797 est
1154 1746 1275 1797 tota
1315 1741 1445 1811 ejus
1489 1757 1835 1812 compages.
1873 1740 2147 1813 Quinque
2186 1769 2227 1824 Β

488 1835 686 1887 autem
706 1831 892 1887 verba
915 1840 1053 1885 sunt
1075 1831 1339 1892 virtutes.
1361 1830 1579 1903 quibus
1598 1830 2145 1901 comprehenditur,

488 1935 625 1991 quae
658 1924 847 1975 totum
877 1919 1186 1975 hominem
1221 1926 1594 1984 construunt,
1628 1920 1805 1974 variis
1838 1919 2031 1975 modis
2062 1920 2149 1975 di-

489 2008 651 2063 visae.
668 2007 1194 2074 Quemadmodum
1215 2008 1372 2063 enim
1390 2008 1491 2080 qui
1510 2007 1845 2078 loquiturin
1871 2009 2147 2074 Domino,

490 2112 597 2169 per
609 2096 878 2169 quinque
892 2096 1075 2153 verba
1090 2113 1334 2153 omnem
1351 2097 2146 2168 complectitursapientiam;

493 2187 577 2242 sic
622 2189 725 2259 qui
778 2186 1050 2259 sequitur
1080 2188 1399 2243 Dominum
1445 2204 1552 2259 per
1578 2187 1845 2259 quinque
1883 2187 2147 2253 virtutes,

489 2292 879 2348 summopere
899 2277 1132 2349 pietatis
1154 2276 1375 2331 cultum
1400 2276 1671 2331 aediﬁcat.
1693 2278 1835 2341 Qua)
1869 2293 2004 2331 cum
2036 2276 2153 2332 sint

489 2364 787 2437 quinque,
831 2365 1092 2437 reliquas
1124 2380 1335 2420 omnes
1376 2365 1916 2437 comprehendunt,
1957 2366 2153 2436 prima

488 2453 780 2509 nimirum
811 2454 1102 2510 oratione.
1139 2457 1375 2511 Cretera
1403 2454 1788 2521 continentia,
1820 2456 2153 2511 misericor-

494 2541 615 2611 dia,
645 2548 991 2614 paupertas.
1026 2542 1475 2613 longanimitas,
1506 2542 1599 2597 haa
1626 2543 1922 2599 desiderio
1948 2560 2018 2599 ac
2049 2561 2153 2599 vo-

487 2631 723 2687 luntate
754 2631 1115 2703 implentur;
1164 2637 1421 2704 suntque
1462 2631 1643 2687 verba
1673 2633 1909 2698 animm,
1946 2649 2080 2706 quas
2118 2650 2153 2689 a

489 2720 746 2776 Domino
776 2721 1178 2791 proferuntur,
1213 2726 1269 2775 et
1298 2722 1355 2775 in
1383 2720 1560 2776 corde
1587 2721 2009 2777 exaudiuntur-
2046 2724 2152 2778 Do-

489 2808 693 2864 minus
725 2809 887 2865 enim
918 2814 1227 2881 operatur,
1269 2816 1324 2865 et
1354 2814 1494 2865 tunc
1528 2809 1780 2880 Spiritus
1801 2809 2066 2883 loquitur
2090 2812 2152 2868 in

484 2896 785 2955 intellectu
814 2914 825 2954 :
868 2904 923 2954 et
951 2914 1053 2953 cor
1069 2902 1366 2970 quantum
1393 2898 1716 2965 desiderat,
1744 2904 1976 2956 tantum
2007 2915 2155 2974 qu0‘

490 3002 609 3059 que
639 2986 701 3043 in
732 2992 938 3059 aperto
966 2993 1270 3060 operatur.

558 3115 645 3168 IX.
671 3114 921 3169 Virtutes
954 3119 1154 3169 autem
1188 3113 1325 3179 illas,
1348 3112 1407 3169 in
1437 3119 1730 3186 quantum
1759 3131 1968 3171 omnes
1994 3133 2154 3175 com-
2182 3119 2223 3175 C

485 3202 887 3273 prehenduni,
912 3208 1145 3258 tantum
1182 3219 1311 3258 sese
1334 3208 1542 3257 mutuo
1566 3208 1873 3271 generant.
1906 3206 2151 3263 Sublata

483 3291 647 3347 enim
666 3291 884 3363 prima,
912 3290 1197 3346 tolluntur
1213 3308 1443 3347 omnes.
1464 3290 1671 3347 Itidem
1695 3306 1798 3363 per
1816 3296 2146 3351 secundam

480 3396 621 3452 quea
664 3386 999 3451 sequuntur
1029 3396 1040 3433 :
1075 3385 1133 3434 et
1170 3380 1251 3434 ita
1280 3380 1584 3452 deinceps.
1620 3382 1747 3446 Quo
1781 3387 1954 3452 pacto
1985 3385 2145 3440 enim

479 3468 619 3540 quis
672 3467 1013 3540 precabitur
1048 3484 1167 3525 non
1196 3485 1231 3525 a
1272 3469 1492 3540 Spiritu
1524 3468 1820 3541 impulsus
1842 3472 1870 3527 ?
1902 3474 1963 3526 Et
1994 3477 2146 3528 atte-

482 3560 671 3612 statur
705 3557 848 3612 mihi
879 3558 1201 3628 Scriptura,
1231 3574 1367 3629 qum
1399 3558 1546 3613 dicit
1579 3575 1592 3613 :
1627 3559 1813 3614 Nemo
1836 3566 2027 3629 potest
2057 3562 2144 3617 di-

482 3660 619 3701 cere
634 3645 950 3701 Dominum
971 3647 1190 3712 Jesum,
1214 3646 1333 3702 nisi
1336 3662 1448 3718 per
1469 3647 1764 3716 Spiritum
1784 3657 2057 3707 sanctum
2072 3654 2140 3711 δί.

478 3736 732 3805 Insuper
760 3750 882 3807 quo
910 3741 1086 3807 pacto
1129 3735 1302 3808 130
1335 3736 1566 3808 absque
1606 3738 1894 3793 orationis
1921 3740 2143 3797 auxilio

478 3823 793 3879 continens
822 3825 1194 3895 permanebit
1225 3825 1251 3879 ?
1287 3828 1350 3880 Et
1388 3826 1492 3897 qui
1527 3841 1645 3882 non
1687 3832 1773 3883 est
1803 3843 1907 3898 per
1938 3830 2144 3887 omnia

479 3913 812 3979 continens,
835 3930 957 3987 quo
988 3921 1162 3985 pacto
1187 3915 1559 3970 miserebitur
1580 3916 1892 3971 esurientis
1922 3925 2020 3974 aut
2056 3919 2143 3977 in-

478 4002 703 4072 juriam
719 4001 919 4074 passi?
952 4006 1163 4060 Verum
1186 4004 1288 4076 qui
1314 4004 1723 4060 misericordia
1748 4006 2137 4078 nonducitur,

482 4090 576 4146 ille
608 4108 803 4164 neque
833 4098 1166 4163 spontaneo
1200 4099 1365 4147 motu
1407 4100 1821 4163 paupertatem
1856 4097 2128 4167 suscipit.

482 4183 736 4236 Rursum
770 4196 906 4236 vero
946 4180 1257 4236 iracundia
1288 4188 1376 4236 est
1422 4181 1669 4237 alumna
1714 4189 1769 4237 et
1800 4185 1998 4239 nutrix
2040 4203 2137 4241 cu-

482 4269 752 4340 piditatis
788 4270 1210 4340 pecuniarum;
1244 4270 1367 4324 sive
1392 4270 1709 4337 pecuniam
1739 4271 1977 4338 habeat,
2009 4274 2137 4331 sive

487 4372 631 4412 non.
666 4358 952 4412 Caeterum
989 4358 1240 4427 praedita
1272 4357 1583 4412 virtutibus
1615 4358 1816 4414 anima
1840 4360 1919 4415 ita
1944 4362 2135 4418 (ediﬁ-

476 4450 645 4500 catur
667 4443 725 4498 in
776 4445 1043 4510 ecclesia,
1096 4462 1213 4500 non
1244 4447 1387 4516 quia
1424 4453 1671 4517 operata
1700 4453 1808 4515 est,
1861 4449 1965 4505 sed
1992 4452 2133 4521 quia
2164 4481 2207 4535 ο

476 4532 856 4589 desideravit.
904 4536 1030 4589 Non
1071 4534 1229 4589 enim
1260 4536 1569 4605 pr0prium
1609 4552 1760 4607 opus
1798 4537 1990 4595 salvat
2028 4540 2131 4596 ho-

480 4620 725 4688 minem,
771 4622 875 4678 sed
904 4622 1007 4695 qui
1054 4624 1344 4695 operandi
1384 4623 1722 4680 facultatem
1771 4627 2037 4697 largitur.
2071 4630 2129 4685 Si

475 4726 617 4782 ergo
662 4712 796 4783 quis
854 4712 1135 4782 stigmata
1179 4713 1409 4768 Domini
1450 4713 1683 4785 perfert,
1724 4731 1799 4770 ne
1838 4717 2131 4774 existimet

477 4800 706 4873 aliquid
738 4817 889 4867 esse,
929 4801 1062 4857 licet
1092 4800 1330 4874 quidvis
1362 4802 1581 4869 fecerit,
1614 4804 1698 4859 vel
1730 4806 1927 4877 etiam,
1965 4807 2129 4879 quod

477 4906 717 4947 summo
773 4906 978 4947 amore
1018 4896 1199 4962 atque
1238 4893 1418 4947 animi
1448 4898 1662 4949 conatu
1706 4895 1867 4966 operi
1910 4896 2127 4967 produ-

475 4979 667 5036 cendo
699 4980 1058 5036 incubuerit.
1091 4983 1170 5036 Ne
1200 4980 1377 5051 igitur
1406 4982 1706 5039 existimes
1744 4988 1800 5039 te
1832 4984 1889 5039 in
1916 4985 2128 5041 virtute

1796 293 1851 346 S.
1897 288 2198 346 MACARII
2238 285 2544 344 .IEGYPTII

3746 285 3861 342 756

2580 422 2671 475 τῆς
2761 413 3127 488 προλαϐούσης
3204 416 3472 475 ἀσθενείας
3561 417 3823 486 μετρεῖται
3849 453 3867 465 .

2256 503 2364 557 ἐπεὶ
2399 507 2429 563 ἡ
2470 506 2634 578 χάρις
2674 504 2842 558 ούκέτι
2886 508 2997 558 ἐστὶ
3027 507 3205 579 χάρις,
3248 504 3377 558 διλλὰ
3412 511 3486 575 τῷ
3526 498 3863 556 παντοδυνοί-

2257 615 2338 666 μῳ
2380 600 2495 665 Θεῷ
2524 596 2916 661 πιστεύσαντες,
2975 594 3134 668 ἁπλῇ,
3183 600 3272 647 καὶ
3318 594 3609 668 ἀπεριέργῳ
3660 588 3876 667 καρδίᾳ

2258 683 2618 757 προσέλθωμεν
2674 692 2747 754 τῷ
2823 680 2917 737 διὰ
2978 688 3203 745 πίστεως
3261 687 3350 743 τὴν
3416 685 3695 756 μετουσίαν
3772 688 3878 733 τοῦ

2261 774 2551 844 Πνεύματος
2592 773 2947 847 χαριζομένῳ,
2996 778 3086 827 καὶ
3133 772 3193 825 οὐ
3225 769 3319 826 διὰ
3362 776 3727 843 παρεικασμοῦ
3781 774 3881 822 πί-

2261 881 2421 925 στεως
2442 865 2602 936 ἔργων
2627 879 2640 892 ’
2674 867 2805 934 φησὶ
2833 864 2958 937 γὰρ,
2991 863 3121 915 Ούκ
3158 862 3223 925 ἐξ
3282 865 3479 934 ἔργων
3533 866 3729 933 νόμου
3797 863 3879 911 τὸ

2260 959 2512 1025 Πνεῦμα
2538 950 2818 1017 ἐλάϐετε,
2860 951 3015 1004 ἀλλὰ
3052 947 3135 1004 δι’
3178 950 3373 1013 ἀκοῆς
3412 954 3717 1011 πίστεως.

2256 422 2490 486 εικασμῷ

2331 1076 2409 1132 H'.
2443 1075 2811 1151 Ἐρώτησις.
2870 1077 3078 1141 Εἵπες,
3152 1076 3358 1129 πάντα
3419 1078 3480 1128 ἓν
3528 1082 3601 1148 τῇ
3674 1073 3872 1147 ψυχῇ

2257 1173 2714 1237 πνευματικῶς
2752 1164 3312 1241 ἀποκρύπτεσθαι,
3342 1168 3402 1218 τί
3449 1162 3611 1228 ἐστι,
3646 1163 3876 1217 «Θέλω

2258 1258 2449 1307 πέντε
2486 1254 2714 1327 λόγους
2765 1255 2825 1307 ἐν
2878 1254 3195 1327 ἐκκλησίᾳ
3255 1250 3369 1307 διὰ
3415 1260 3526 1306 τοῦ
3564 1258 3703 1315 νοός
3744 1272 3875 1325 μου

2257 1343 2543 1403 λαλῆσαι
2571 1362 2584 1411 ;
2618 1364 2648 1397 ›)

2333 1471 2382 1522 Ἀ
2405 1474 2729 1544 πόκρισις.
2765 1468 3052 1527 Ἐκκλησία
3072 1467 3120 1521 ἐν
3152 1464 3282 1521 δυσὶ
3311 1472 3609 1542 προσώποις
3638 1473 3867 1532 νοεῖται,

2258 1567 2331 1631 τῷ
2373 1564 2673 1630 συστήματι
2720 1567 2818 1611 τῶν
2870 1566 3089 1623 πιστῶν,
3139 1562 3228 1610 καὶ
3284 1564 3356 1627 τῷ
3405 1560 3728 1631 συγκρίματι
3775 1564 3884 1617 τῆς

2257 1648 2464 1720 ψυχῆς.
2532 1647 2693 1701 ’Ὅταν
2758 1643 2845 1700 οὖν
2898 1654 3259 1719 πνευματικῶς
3320 1646 3391 1707 εἰς
3454 1648 3541 1698 τόν
3598 1646 3883 1718 ἄνθρωπον

2257 1736 2603 1810 λαμϐάναται,
2651 1736 2939 1795 Ἐκκλησία
2989 1735 3134 1788 ἐστὶν
3183 1735 3295 1787 ὅλον
3342 1733 3502 1787 αὐτοῦ
3531 1738 3587 1787 τό
3647 1736 3881 1805 σύγκρι-

2258 1848 2351 1900 μα.
2390 1830 2541 1879 Πέντε
2580 1822 2640 1879 δὲ
2685 1825 2830 1898 λόγοι
2864 1826 2996 1878 εἰσὶν
3049 1825 3105 1877 αί
3138 1829 3459 1898 περιεκτικαὶ
3508 1822 3708 1899 ἀρεταὶ,
3758 1823 3883 1876 ὅλον

2259 1921 2344 1969 τόν
2388 1918 2656 1991 ἄνθρωπον
2713 1912 3121 1988 οἰκοδομοῦσαι,
3174 1914 3512 1987 πολυτρόπως
3561 1910 3885 1987 διαιρούμε-

2260 2026 2363 2061 ναι.
2406 2004 2605 2081 Ὠσπερ
2654 2008 2756 2077 γὰρ
2806 2007 2830 2057 6
2884 2004 3050 2057 λαλῶν
3082 2003 3130 2056 ἐν
3181 2008 3378 2079 Κυρίῳ,
3437 2000 3532 2056 διὰ
3580 2011 3679 2055 τῶν
3728 2008 3884 2056 πέντε

2259 2096 2422 2168 λόγων
2470 2101 2643 2148 πᾶσαν
2693 2093 2985 2169 περιελαϐεν
3043 2098 3135 2152 τὴν
3191 2097 3409 2165 σοφίαν·
3459 2092 3620 2153 οὕτως
3676 2093 3702 2143 6
3752 2090 3883 2145 ἁκο-

2259 2185 2453 2239 λουθῶν
2482 2192 2554 2255 τῷ
2605 2188 2779 2259 Κυρίῳ
2834 2180 2928 2236 διὰ
2975 2190 3075 2235 τῶν
3130 2186 3277 2235 πέντε
3325 2180 3517 2256 ἀρετῶν
3550 2180 3744 2240 πολλὴν
3793 2183 3880 2234 οἰ-

2259 2271 2478 2347 κοδομεῖ
2505 2277 2598 2332 τὴν
2649 2271 2930 2327 εὐσέϐειαν.
2967 2276 3118 2325 Πέντε
3158 2274 3260 2345 γὰρ
3330 2267 3489 2323 οὖσαι
3537 2270 3721 2331 λοιπὰς
3770 2274 3878 2323 ποί-

2264 2383 2360 2426 σας
2416 2367 2726 2437 περιέχουσι
2786 2367 2963 2435 πρώτη
3049 2360 3207 2435 εύχῇ.
3295 2362 3491 2415 Λοιπὸν
3572 2362 3877 2434 ἐγκράτεια,

2261 2452 2602 2524 ἐλεημοσύνη,
2650 2454 2910 2521 πτωχεία,
2964 2452 3321 2523 μακροθυμία,
3382 2456 3551 2501 ταῦτα
3602 2450 3750 2519 πόθῳ
3774 2454 3873 2503 καὶ

2260 2544 2560 2615 προαιρέσει
2609 2538 2999 2613 ἐπιτελούμενα·
3054 2538 3196 2611 λόγοι
3244 2538 3345 2591 εἰσὶ
3400 2537 3589 2609 ψυχῆς
3619 2539 3720 2591 ὑπὸ
3764 2545 3877 2592 Κυ-

2259 2634 2375 2705 ρίου
2441 2629 2763 2702 λαλούμενοι,
2820 2633 2910 2681 καὶ
2961 2630 3061 2681 ύπό
3136 2624 3358 2702 καρδίας
3419 2626 3743 2699 ἀκουόμενοι.
3808 2627 3870 2681 Ὀ

2258 2722 2357 2793 γὰρ
2389 2721 2576 2792 Κύριος
2620 2717 2847 2792 ἐνεργεῖ·
2897 2722 2987 2770 καὶ
3038 2720 3097 2769 τό
3152 2724 3358 2789 Πνεῦμα
3388 2720 3503 2769 τότε
3530 2725 3709 2789 νοερῶς
3772 2715 3868 2768 λοι-

2259 2809 2335 2862 λεῖ
2362 2814 2452 2861 καὶ
2490 2810 2520 2867 ἠ
2575 2804 2772 2883 καρδία
2800 2807 2922 2860 ὂσον
2979 2805 3235 2872 ἐπιποθεῖ,
3290 2812 3537 2859 τοσοῦτον
3563 2809 3648 2856 καὶ
3697 2823 3855 2876 φανε-

2261 2906 2364 2972 ρῶς
2403 2896 2637 2950 ἐπιτελεῖ.

2334 3112 2416 3166 ϐ’.
2450 3113 2516 3167 Ai
2569 3107 2626 3163 δὲ
2654 3110 2833 3185 ἀρεταὶ
2863 3112 2983 3163 ὅσον
3014 3110 3119 3163 εἰσὶ
3176 3112 3500 3183 περιεκτικαὶ
3528 3115 3733 3172 πασῶν,
3784 3128 3867 3162 το-

2262 3209 2446 3254 σοῦτον
2493 3199 2723 3259 ἀλλήλων
2774 3203 3091 3271 γεννητικαί.
3142 3206 3249 3260 Τῆς
3294 3204 3508 3271 πρώτης
3546 3200 3651 3271 γὰρ
3707 3197 3858 3250 6mm}-

2259 3310 2379 3355 σης,
2424 3290 2757 3363 ἀναιροῦνται
2808 3294 2996 3342 πᾶσαι.
3045 3287 3269 3359 Ὁμοίως
3313 3284 3407 3340 διὰ
3435 3296 3533 3348 τῆς
3593 3283 3843 3360 δευτέρας,

2254 3383 2309 3433 αἱ
2350 3378 2665 3432 ἀκόλουθοισ
2728 3380 2977 3440 ὡσαύτως
3006 3379 3061 3429 αἱ
3108 3376 3350 3440 καθεξῆς.
3408 3383 3519 3438 Πῶς
3569 3379 3675 3449 γὰρ
3728 3375 3847 3438 εύξε-

2254 3474 2340 3522 ταί
2382 3488 2457 3530 τις
2507 3472 2578 3540 μὴ
2612 3468 2711 3520 ύπό
2769 3470 3061 3540 Πνεύματος
3105 3468 3429 3541 ἑνεργηθείςς
3486 3470 3580 3519 καὶ
3610 3471 3856 3540 μαρτυρεῖ

2252 3580 2343 3634 μοι
2386 3560 2414 3617 ἠ
2454 3561 2627 3629 Γραφὴ
2678 3555 2926 3628 λέγουσα,
2978 3553 3229 3617 Οὐδεὶς
3296 3552 3573 3609 δύναται
3652 3554 3863 3608 εἰπεῖν

2257 3650 2489 3721 Κύριον
2528 3646 2800 3711 Ἰησοῦν,
2834 3645 2888 3698 εἰ
2923 3650 3003 3717 μὴ
3043 3645 3102 3697 ἐν
3144 3647 3473 3716 Πνεύματι
3526 3644 3712 3715 ἁγίῳ.
3748 3650 3868 3705 Πῶς

2254 3735 2313 3790 δὲ
2341 3738 2581 3809 ὑπομενεῖ
2604 3736 2630 3787 ὁ
2655 3740 2821 3809 χωρὶς
2847 3735 3009 3806 εὐχῆς
3040 3734 3479 3807 ἐγκρατευόμενος
3511 3732 3825 3795 ἁϐοηθήτως
3849 3751 3864 3799 ;

2250 3809 2307 3880 Ὀ
2335 3823 2393 3879 δε
2423 3825 2470 3878 ἐν
2499 3830 2655 3877 παντὶ
2683 3828 2755 3897 μὴ
2786 3824 3238 3896 ἐγκρατευόμενος,
3270 3831 3380 3885 πῶς
3408 3822 3609 3881 ἐλεήσει
3636 3826 3727 3875 τόν
3752 3842 3867 3876 πει-

2250 3918 2462 3974 νῶνταῆ
2512 3911 2841 3979 ἀδικοῦντα;
2869 3913 2928 3966 Ὁ
2958 3911 3017 3967 δι
3042 3912 3134 3966 ούκ
3189 3911 3356 3977 ἐλεῶν,
3390 3909 3515 3965 ούδε
3566 3915 3866 3984 πτωχεύειν

2250 4009 2493 4065 ἑκουσίως
2540 4000 2915 4075 καταδέχεται.
2971 4005 3127 4057 Πάλιν
3181 3999 3240 4056 δε
3270 4011 3365 4064 τῆς
3412 4010 3513 4054 τῶν
3562 4004 3863 4074 χρημάτων

2248 4085 2525 4166 επιθυμίας
2554 4094 2579 4146 6
2608 4094 2766 4165 θυμός
2815 4094 3115 4165 σύντροφος,
3170 4092 3265 4143 κᾶν
3291 4093 3391 4163 ἔχη
3425 4094 3706 4165 χρήματα,
3760 4093 3861 4144 κᾶν

2245 4188 2314 4256 μή
2344 4186 2443 4257 ἔχη
2466 4202 2480 4216 ⁸
2529 4184 2559 4240 ἡ
2595 4178 2654 4234 δὲ
2694 4180 2924 4255 ἐνάρετος
2952 4180 3107 4253 ψυχὴ
3148 4178 3308 4241 οὕτως
3349 4175 3860 4251 προσοικοδομεῖται

2245 4280 2305 4343 τῇ
2361 4270 2669 4343 Ἐκκλησία,
2704 4270 2809 4341 οὐχ
2856 4271 2936 4323 ὅτι
2966 4269 3228 4335 ἐποίησεν,
3278 4269 3385 4322 ἀλλ’
3440 4270 3519 4322 ὅτι
3575 4268 3857 4327 ἐπόθησεν.

2243 4360 2320 4413 Ού
2349 4363 2449 4434 γὰρ
2481 4364 2538 4412 τό
2568 4357 2708 4413 ἴδιον
2735 4363 2882 4432 ἔργον
2915 4360 3074 4420 σώζει
3104 4362 3190 4411 τόν
3220 4360 3512 4432 ἄνθρωπον,
3546 4357 3654 4410 ἁλλ’
3682 4359 3708 4410 6
3740 4379 3861 4429 χα-

2241 4451 2514 4523 ρισάμενος
2558 4454 2650 4508 τὴν
2682 4445 2923 4521 δύναμιν.
2957 4448 3017 4502 Εἰ
3069 4448 3155 4502 οὖν
3186 4449 3426 4520 ὑπομένει
3479 4467 3559 4510 τις
3612 4450 3681 4499 τὰ
3732 4453 3859 4501 στί-

2240 4558 2419 4611 γματα
2445 4545 2535 4591 τοῦ
2558 4542 2839 4602 Δεσπότου,
2891 4541 2962 4609 μὴ
3010 4537 3161 4610 οἰηθῇ
3196 4540 3243 4589 ἓν
3272 4556 3392 4603 τινι,
3444 4537 3540 4589 κᾶν
3566 4538 3623 4588 τό
3683 4540 3859 4608 τυχόν

2241 4632 2536 4693 πεποίηκεν,
2571 4626 2680 4678 ἀλλ’
2727 4630 2756 4686 ἦ
2790 4630 2943 4698 μόνον
2972 4629 3028 4679 τό
3077 4626 3377 4697 ἀγαπῆσαι,
3426 4630 3516 4678 καὶ
3574 4622 3860 4682 ἐπιτηδεῦ⁸

2242 4736 2333 4770 σαι
2357 4720 2486 4791 πρὸς
2515 4719 2606 4778 τὰς
2659 4714 2929 4791 ἐνεργείας.
2983 4720 3068 4774 Μὴ
3125 4712 3212 4769 οὖν
3271 4713 3432 4789 δόξης
3462 4718 3584 4768 ποτε
3632 4717 3683 4767 ἒν
3734 4714 3858 4788 ἁρε-

2239 4813 2300 4879 τῇ
2356 4804 2717 4879 προειληφέναι
2770 4807 2855 4856 τόν
2918 4806 3106 4878 Κύριον
3160 4805 3296 4856 κατὰ
3342 4806 3445 4856 τόν
3483 4803 3716 4875 λέγοντα,
3771 4804 3854 4857 ὅτι

2239 4895 2440 4957 Οὗτός
2481 4893 2653 4946 ἐστιν
2694 4895 2719 4945 6
2758 4896 3028 4967 ἐνεργῶν
3069 4892 3126 4945 ἐν
3196 4894 3347 4965 ύμῖν
3385 4896 3602 4946 καὶτὸ
3644 4892 3853 4946 θέλειν

2237 4986 2449 5036 καὶτὸ
2490 4983 2771 5055 ἐνεργεῖν
2811 4983 2964 5056 ύπερ
3008 4990 3120 5044 τῆς
3161 4979 3487 5044 εὐδοκίας.

472 5070 837 5143 praevenisse
867 5071 1205 5136 Dominum,
1240 5072 1569 5127 secundum
1599 5088 1733 5128 eum
1768 5074 1871 5146 qui
1894 5074 2035 5129 dicit
2068 5091 2078 5128 :
2116 5074 2245 5143 Ipse
2268 5078 2350 5129 est
2374 5071 2478 5145 qui
2506 5078 2793 5141 operatur
2820 5072 2883 5127 in
2914 5072 3089 5136 vobis,
3116 5073 3263 5129 vette
3283 5076 3336 5129 et
3382 5072 3689 5143 perﬁcere.
3720 5087 3839 5143 pro

476 5159 630 5216 bona
662 5161 1045 5216 voluntate“.

545 5251 604 5305 Χ.
648 5248 1070 5319 Interrogatio.
1116 5250 1269 5318 Quid
1291 5251 1477 5322 igitur
1502 5252 1777 5322 praecipit
1806 5253 2127 5322 Scriptura

476 5337 701 5395 homini
726 5339 936 5407 facere
964 5336 992 5392 ?

545 5445 887 5515 Responsio.
903 5448 1086 5501 Antea
1102 5445 1924 5518 diximus,promptitudinem
1939 5446 2126 5503 animi

472 5532 779 5591 hominem
808 5533 1030 5592 habere
1057 5551 1092 5590 a
1113 5538 1350 5599 natura,
1381 5549 1565 5607 quam
1591 5550 1835 5608 quoque
1862 5537 2015 5592 Deus
2041 5551 2125 5592 re-

548 5677 594 5712 ‘9
629 5678 816 5734 Galat.
850 5693 933 5748 ιιι,
981 5682 1031 5732 '2.
1111 5679 1197 5733 θοι
1230 5681 1358 5736 Cor.
1411 5695 1530 5745 xw,
1571 5682 1651 5736 t9.

1731 5682 1828 5736 Ι⁵¹Ι
1883 5681 2013 5737 Cor.
2044 5697 2144 5749 xu,
2203 5686 2257 5738 3.

2306 5248 2362 5304 I'.
2395 5256 2760 5325 Ἐρώτησις.
2802 5253 2875 5303 Τί
2921 5249 3025 5302 οὖν
3064 5251 3094 5308 ἠ
3139 5254 3349 5324 Γραφή
3390 5248 3831 5323 παραγγέλλει

2233 5346 2315 5410 τῷ
2356 5338 2664 5411 ἀνθρώπῳ
2703 5346 2912 5392 ποιεῖν
2938 5356 2951 5405 ;

2307 5446 2705 5518 Ἀπόκρισις.
2737 5451 3072 5520 Προείπομεν,
3122 5448 3201 5499 ὅτι
3230 5449 3322 5505 τὴν
3352 5440 3696 5504 ἐπιτήδευσιν
3727 5449 3821 5518 ἔχε

2235 5537 2260 5589 ό
2290 5536 2562 5609 ἄνθρωπος
2606 5537 2742 5588 κατὰ
2770 5538 2945 5609 φύσιν,
2986 5540 3076 5589 καὶ
3112 5538 3302 5595 ταύτην
3333 5536 3359 5587 ό
3403 5538 3530 5595 Θεὸς
3574 5533 3844 5598 ἐπιζητεῖ.

2334 5681 2377 5717 ⁸⁸
2401 5680 2651 5754 Philipp.
2682 5698 2741 5746 ιι,
2805 5686 2887 5737 t3.
