4116 6210
253 281 368 337 757

1506 285 1854 342 HOMILIE.
1896 317 1963 329 —
1995 288 2175 346 .HOM.
2211 289 2513 346 XXXVIII.

3516 291 3620 346 758

247 406 613 482 Παραγγέλλει
642 408 752 478 οὖν,
793 410 878 462 ἵνα
910 416 1111 482 πρῶτον
1149 412 1334 484 νοήσῃ,
1368 414 1456 464 καὶ
1496 414 1690 473 νοήσας
1723 409 1849 483 ἁγα-

1965 413 2156 485 quirit.
2189 414 2458 486 Praecipit
2498 414 2694 484 igitur,
2743 418 2806 472 ut
2839 415 3104 486 primum
3160 420 3514 485 cognoscat,
3564 420 3618 472 et

244 501 427 568 πήσῃ,
468 501 561 549 καὶ
596 497 844 571 θελήματι
895 495 1215 572 ἐπιτηδεύσῃ
1258 515 1272 529 ⁸
1319 501 1376 552 τὸ
1417 495 1477 552 δε
1515 497 1853 572 ἐνεργηθῆναι

244 588 338 638 τόν
367 593 512 652 νοῦν,
545 586 574 646 ἠ
623 587 898 660 ὑπομεῖναι
940 592 1027 641 τόν
1059 592 1238 655 κόπον,
1284 588 1313 648 ἣ
1349 587 1550 641 τελέσαι
1579 592 1636 640 τό
1682 590 1849 663 ἔργον,

243 677 276 736 ἦ
309 676 481 750 χάρις
538 683 630 729 τοῦ
688 679 880 750 Κύριον
934 680 1158 751 παρὶχει
1207 685 1280 749 τῷ
1331 678 1606 736 θελήσαντι
1650 683 1739 730 καὶ
1769 698 1853 732 πι-

248 768 556 818 στεύσαντι.
597 768 668 819 T6
723 763 812 820 οὖν
861 766 1059 839 θέλημα
1106 774 1198 820 τοῦ
1254 765 1528 841 ἀνθρώπου
1577 770 1646 830 ὡς
1689 769 1853 841 παρά-

251 873 446 918 στασις
475 855 804 915 ὑποστατική
857 872 870 887 ·
911 861 982 929 μή
1012 861 1267 929 παρόντος
1299 853 1358 910 δε
1394 856 1695 929 θελήματος,
1730 854 1853 911 ούδέ

253 943 407 1005 αὐτὸς
430 945 456 996 6
496 950 624 1006 Θεός
650 964 704 998 τι
729 953 885 1014 ποιεῖ,
936 950 1122 1018 καίπερ
1177 943 1481 1019 δυνάμενος,
1516 943 1611 999 διὰ
1637 949 1696 1000 τὸ
1727 951 1855 1000 αῦτ-

257 1033 508 1097 εξούσιον.
560 1033 621 1087 Ἡ
663 1032 753 1088 οὖν
805 1033 1164 1109 τελεσιουργία
1208 1055 1302 1089 του
1355 1038 1649 1110 Πνεύματος
1693 1035 1741 1089 ἐν
1780 1043 1853 1107 τῷ

261 1121 513 1194 θελήματι
570 1131 662 1176 τοῦ
715 1123 989 1197 ἀνθρώπου
1048 1132 1235 1180 κεῖται.
1290 1124 1450 1179 Πάλιν
1498 1128 1584 1179 ἐὰν
1642 1126 1754 1180 ὅλον
1793 1130 1852 1179 τὸ

253 1211 454 1284 θέλημα
489 1208 680 1285 δῶμεν,
740 1212 853 1266 ὅλον
903 1217 964 1267 τὸ
1001 1216 1150 1286 ἔργον
1203 1216 1329 1287 ήμῖν
1381 1218 1669 1289 ἐπιγράφει,
1733 1218 1855 1268 θαυ-

241 1305 450 1374 μαστὸς
491 1303 518 1354 6
549 1306 679 1365 Θεὸς
717 1301 767 1356 ἐν
795 1309 950 1370 πᾶσι,
991 1309 1082 1357 καὶ
1133 1305 1475 1379 ἀπερινόητος
1501 1308 1558 1358 τό
1594 1305 1804 1358 σύνολον
1835 1321 1852 1337 ο

238 1391 518 1466 ἅνθρωποι
548 1388 608 1444 δέ
653 1396 806 1467 μέρος
861 1412 913 1445 τι
965 1402 1064 1446 τῶν
1120 1395 1430 1466 θαυμασίων
1487 1394 1649 1446 αὐτοῦ
1685 1394 1853 1447 λαλεῖν

237 1478 640 1555 ἐπιχειροῦμεν,
690 1491 750 1554 τῇ
827 1489 1003 1556 Γραφῇ
1081 1480 1486 1557 ἐπερειδόμενοι,
1548 1484 1739 1556 μᾶλλον
1794 1481 1855 1538 δε

237 1569 537 1631 ὑπἀὐτῆς
591 1571 1010 1643 συνεταζόμενοι.
1067 1578 1174 1634 Τίς
1234 1575 1380 1644 γὰρ,
1452 1577 1628 1646 φησὶν,
1693 1575 1854 1645 ἔγνω

237 1666 392 1712 νοῦν
434 1663 720 1732 Κυρίου,
758 1664 911 1724 αὐτὸς
941 1657 1001 1714 δέ
1030 1681 1182 1734 φησι,
1226 1665 1520 1726 [Ιοσάκις
1559 1662 1852 1723 ἠθέλησα

1960 519 2099 558 cum
2141 505 2431 573 cognorit,
2463 503 2694 576 diligat,
2725 508 2783 560 et
2820 504 3122 560 voluntate
3170 505 3506 560 incumbat.
3547 508 3615 561 Ut

1961 596 2163 648 autem
2202 598 2546 648 exerceatur
2585 609 2775 657 mens,
2810 599 2912 648 aut
2947 593 3214 649 laborem
3247 594 3477 659 toleret,
3517 598 3620 649 aut

1961 696 2114 752 opus
2140 680 2384 752 aliquod
2418 681 2702 752 perﬁciat,
2735 682 2924 751 gratia
2961 682 3192 737 Domini
3233 681 3482 752 largitur
3519 697 3621 738 vo-

1963 771 2104 826 lenti
2134 776 2190 826 et
2214 771 2500 827 credenti.
2537 771 2819 827 Voluntas
2851 787 2992 841 ergo
3024 772 3289 826 hominis
3331 778 3423 828 est
3462 771 3620 827 velut

1962 859 2327 930 adjutorium
2351 877 2382 918 a
2409 867 2622 917 natura
2649 861 2894 915 insitum
2919 876 2931 914 :
2964 860 3215 916 absente
3248 876 3386 916 vero
3410 860 3613 916 volun.

1963 954 2100 1014 tate,
2130 965 2323 1021 neque
2353 949 2478 1022 ipse
2512 953 2660 1005 Deus
2679 949 2989 1021 quidpiam
3009 953 3308 1020 operatur,
3338 948 3620 1021 quamvis

1962 1039 2191 1110 possit;
2224 1046 2466 1110 propter
2494 1039 2746 1094 liberam
2777 1037 3063 1094 nimirum
3087 1037 3315 1093 arbitrii
3347 1037 3618 1094 volunta-

1963 1131 2105 1184 tem.
2141 1129 2416 1184 Pert’ectio
2457 1129 2633 1198 igitur
2671 1127 2868 1200 operis
2904 1126 3179 1198 Spiritus,
3217 1127 3278 1181 in
3318 1126 3619 1182 voluntate

1963 1218 2227 1273 hominis
2278 1219 2387 1274 sita
2433 1223 2540 1272 est.
2593 1219 2869 1281 Rursum,
2927 1217 2973 1270 si
3014 1220 3196 1271 totam
3247 1215 3618 1270 voluntatem

1963 1307 2388 1372 concedamus,
2418 1307 2713 1376 integrum
2737 1321 2893 1372 opus
2919 1305 3096 1360 nobis
3117 1304 3424 1369 adscribit,
3445 1303 3621 1358 mira-

1962 1395 2097 1451 bilis
2127 1395 2225 1450 ille
2257 1396 2408 1450 Deus
2449 1395 2506 1449 in
2540 1395 2847 1459 omnibus,
2895 1399 2951 1448 et
2980 1395 3082 1464 qui
3113 1393 3315 1448 animo
3349 1407 3624 1464 compre-

1963 1484 2142 1540 hendi
2166 1486 2413 1540 omnino
2439 1500 2554 1538 non
2590 1489 2820 1554 potest:
2857 1499 2966 1538 nos
2996 1483 3273 1538 homines
3316 1497 3455 1537 vero
3487 1497 3622 1552 por—

1965 1574 2294 1629 tiunculam
2325 1573 2588 1645 aliquam
2631 1572 2992 1627 mirabilium
3028 1573 3157 1642 ejus
3184 1570 3483 1641 explicare
3519 1586 3621 1626 co-

1964 1679 2202 1727 namur,
2240 1663 2543 1735 Scriptura
2574 1661 2717 1727 nixi,
2747 1662 2891 1734 quin
2920 1662 3113 1731 potius
3145 1660 3223 1714 ab
3260 1659 3354 1714 illa
3388 1659 3609 1716 edocti.

243 1747 644 1812 ἐπισυνάξαι
675 1751 749 1802 τὰ
772 1754 963 1803 τέκνα
1003 1769 1140 1817 σου,
1173 1756 1280 1804 καὶ
1319 1751 1429 1806 ούκ
1457 1753 1848 1821 nonne-un;

1967 1753 2104 1820 Quis
2135 1752 2310 1817 enim,
2344 1751 2441 1817 ait,
2488 1753 2761 1822 cOgnovit
2783 1765 3016 1806 sensum
3045 1748 3283 1804 Domini
3335 1749 3384 1782 ⁸³
3406 1749 3434 1805 ?
3489 1748 3619 1818 Ipse

242 1837 336 1900 Ὠς
369 1835 422 1890 ἐκ
456 1840 643 1891 τούτου
691 1842 972 1905 πιστεύειν,
1011 1841 1089 1893 ὅτι
1146 1841 1304 1904 αύτός
1361 1843 1496 1914 ἡμᾶς
1524 1845 1850 1915 ἐπισυνάγει.

247 1925 427 1999 Ἠμῶν
483 1923 544 1980 δι
589 1932 743 2000 μόνον
798 1929 1096 2002 παραζητεί
1155 1934 1212 1983 τὸ
1271 1931 1491 2005 θέλημα.
1552 1939 1646 1996 Τίς
1704 1929 1764 1986 δε
1820 1937 1849 1994 ή

259 2021 550 2089 φανέρωσις
577 2024 671 2070 τοῦ
696 2015 1002 2092 θελήματος,
1026 2019 1160 2092 εἰμὴ
1189 2023 1342 2082 πόνος
1373 2020 1608 2084 ἑκούσιος
1637 2038 1650 2088 ;

320 2317 428 2375 ΙΑ’.
461 2317 662 2394 Ὠσπερ
701 2322 804 2395 γὰρ
853 2318 1078 2398 σίδηρος
1105 2323 1332 2394 πρίζων,
1365 2325 1650 2392 ἐκκόπτων,
1697 2344 1855 2399 γεωρ.

243 2417 376 2480 γῶν,
405 2411 796 2481 καταφυτεύων,
834 2411 982 2473 αὐτὸς
1007 2415 1098 2485 μεν
1128 2413 1536 2487 ύποθλιϐόμενος
1573 2412 1848 2493 ἐνδίδωσι,

249 2497 386 2556 πλὴν
436 2496 584 2560 ἄλλος
637 2497 778 2552 ἐστὶν
808 2501 835 2552 6
873 2509 1049 2566 κινῶν,
1105 2507 1192 2555 xui
1248 2503 1474 2576 ἐπάγων,
1533 2510 1623 2558 xui
1675 2504 1723 2558 ἐν
1778 2515 1850 2578 τῷ

261 2586 596 2662 συντριϐῆναι
647 2597 825 2663 πυρῶν
882 2595 971 2644 καὶ
1019 2589 1363 2654 ἁνακαινίζων
1391 2611 1405 2626 ο
1462 2595 1628 2659 οὕτως
1680 2600 1766 2648 xui
1824 2598 1850 2650 6

258 2675 522 2750 ἄνθρωπος
569 2676 666 2729 κᾶν
712 2677 956 2738 θλίϐηται
1029 2686 1120 2734 καὶ
1173 2688 1335 2753 κοπιᾷ
1407 2683 1747 2758 ἐργαζόμενος
1793 2689 1850 2739 τό

255 2761 473 2836 ἀγαθόν,
496 2764 606 2818 ἀλλ’
637 2768 663 2818 6
698 2770 890 2840 Κύριος
933 2768 1244 2834 λανθνόντως
1275 2771 1323 2824 ἐν
1378 2773 1518 2826 αύτῶ
1551 2775 1847 2848 ἐργάζεται,

247 2857 340 2905 καὶ
393 2855 442 2906 ἐν
498 2862 573 2926 τῷ
629 2863 887 2910 κοπιᾶσαι
941 2864 1031 2912 xui
1085 2859 1444 2934 συντριϐῆναι,
1486 2867 1578 2921 τὴν
1626 2861 1850 2938 καρδίαν

244 2941 544 3015 παρακαλεί
599 2950 687 2998 καὶ
743 2944 1086 3014 ἀνάκαινίζει,
1145 2952 1312 3012 καθὼς
1367 2956 1457 3003 καὶ
1510 2953 1535 3003 6
1583 2958 1851 3026 προφήτης

244 3030 408 3102 λέγει,
489 3037 582 3091 Μή
667 3031 1176 3099 δοξασθήσεται
1257 3038 1439 3114 ἀξίνη
1522 3042 1666 3094 ἄνευ
1741 3049 1851 3095 τοῦ

244 3124 654 3189 κόπτοντοςς
715 3125 745 3184 ἦ
784 3124 1217 3196 ὑψωθήσεται
1281 3133 1483 3203 πρίων
1541 3130 1688 3183 ἄνευ
1742 3140 1852 3185 τοῦ

242 3209 580 3277 ἕλκοντος;
612 3213 789 3275 Οὕτως
843 3211 902 3268 δὲ
949 3215 1060 3270 ἐστι
1112 3223 1201 3270 καὶ
1241 3218 1308 3280 εἰς
1361 3223 1419 3272 τό
1466 3223 1644 3286 κακόν,
1699 3222 1778 3275 ὅτε
1826 3225 1851 3275 ό

248 3301 530 3375 ἅνθρωπος
582 3303 832 3357 ὑπακούει
890 3311 980 3359 καὶ
1039 3307 1373 3380 ἑτοιμάζεται
1430 3327 1441 3339 ·
1504 3314 1616 3363 τότε
1680 3317 1768 3365 καὶ
1825 3314 1851 3365 6

246 3396 492 3452 Σατανᾶς
520 3391 716 3446 ἐλαύνει
758 3399 848 3448 καὶ
875 3397 1157 3470 παροξύνει
1186 3398 1345 3451 αύτόν
1377 3402 1440 3460 ὡς
1488 3401 1513 3452 6
1565 3400 1768 3474 λῃστής
1794 3405 1850 3454 τὸ

245 3479 411 3550 ξίφος.
464 3477 672 3554 Σιδήρῳ
721 3479 778 3536 δε
816 3488 1206 3560 παρεικάσαμεν
1234 3493 1326 3546 τὴν
1355 3487 1598 3559 καρδίαν,
1634 3487 1728 3544 διὰ
1758 3497 1850 3552 τήν

249 3565 604 3627 ἀναισθησίαν
643 3579 743 3623 τῶν
794 3577 1116 3648 πραγμάτων
1164 3583 1251 3629 καὶ
1294 3577 1483 3637 πολλὴν
1525 3584 1847 3654 σκηρότητα.

252 3656 360 3708 οὐκ
387 3654 498 3711 ἔδει
529 3655 588 3712 δέ
633 3662 771 3733 ἡμᾶς
801 3661 1002 3735 ἀγνοεῖν
1042 3669 1130 3717 τὸν
1168 3674 1458 3740 κρατοῦντα
1487 3672 1554 3732 ὡς
1593 3668 1851 3729 ἀναίσθη-

245 3764 330 3807 τος
363 3744 586 3822 σίδηρος
617 3770 630 3782 ο
666 3748 773 3803 ἐπεὶ
803 3757 1008 3824 ταχέως
1037 3754 1140 3807 ἀπὸ
1189 3763 1280 3808 τοῦ
1312 3766 1544 3832 γεωργοῦ
1589 3759 1745 3831 λόγου
1778 3761 1848 3820 εἰς

239 3840 330 3888 τόν
384 3844 480 3889 τοῦ
535 3847 763 3912 πονηροῦ
817 3841 1068 3914 λογισμόν
1126 3845 1185 3898 ού
1241 3851 1610 3918 μετεπίπτομεν
1644 3865 1656 3879 ·
1721 3847 1848 3900 ἀλλὰ

237 3923 435 3997 μᾶλλον
483 3929 551 3989 ὣς
582 3929 608 3979 6
662 3925 788 4001 βοῦς
831 3935 922 3984 xui
959 3934 986 3985 6
1017 3937 1129 3996 ὄνος
1184 3931 1378 3987 εἰδέναι
1431 3938 1517 3987 τὸν
1574 3933 1848 3988 ἐλαύνοντα

236 4020 331 4068 καὶ
361 4011 663 4088 όδηγοῦντα
685 4023 820 4072 κατὰ
851 4017 1088 4075 διάνοιαν
1113 4045 1127 4058 ·
1155 4029 1287 4096 φησὶ
1321 4027 1444 4097 γὰρ,
1472 4024 1669 4096 Ἔγνω
1698 4023 1846 4098 βοῦς

237 4107 351 4157 τόν
416 4108 848 4181 κτησάμενον,
912 4116 1019 4164 xui
1086 4117 1218 4174 ὄνος
1283 4118 1394 4172 τήν
1462 4116 1698 4186 φάτνην
1737 4121 1845 4167 τοῦ

235 4198 469 4268 κυρίου
512 4195 735 4266 αὑτοῦ,
779 4199 1039 4272 Ἰσραὴλ
1083 4197 1151 4254 δέ
1189 4221 1260 4273 με
1299 4202 1410 4255 ούκ
1448 4205 1627 4274 ἔγνω.
1669 4203 1846 4266 Εύξώ-

239 4284 368 4352 μεθα
419 4288 590 4336 τοίνυν
643 4282 898 4350 δέξασθαι
926 4298 1123 4361 γνῶσιν
1172 4299 1326 4357 Θεοῦ,
1389 4297 1479 4346 xui
1511 4301 1844 4366 πνευματικῷ

243 4368 594 4432 παιδευθῆναι
622 4380 762 4448 νόμῳ
811 4377 882 4439 εἰς
945 4379 1274 4454 ὖπούργησιν
1323 4390 1424 4434 τῶν
1479 4382 1640 4454 ἁγίων
1684 4383 1844 4436 αύτοῦ

1965 1857 2104 1898 vero
2134 1841 2280 1896 dixit
2311 1857 2324 1894 :
2361 1840 2592 1907 Quoties
2627 1839 2788 1896 uolui
2818 1853 3174 1908 congregare
3201 1838 3353 1905 ﬁlios
3387 1844 3534 1901 tuos,
3564 1843 3619 1892 et

1963 1933 2228 1989 noluistis
2261 1934 2307 1968 ⁵⁸
2337 1933 2364 1988 ?
2413 1937 2612 2003 Itaque
2650 1948 2720 1986 ex
2753 1931 2864 1986 hoc
2903 1929 3246 1993 credamus,
3285 1928 3450 2000 quod
3493 1928 3618 1999 ipse

1963 2039 2074 2079 nos
2091 2027 2415 2093 congregat
2439 2037 2502 2086 ;a
2525 2021 2697 2076 nobis
2717 2027 2916 2076 autem
2933 2019 3124 2074 solam
3144 2018 3388 2090 requirit
3411 2017 3618 2073 volun-

1963 2116 2166 2167 tatem.
2225 2113 2361 2178 Quaa
2411 2126 2551 2166 vero
2600 2109 2922 2166 voluntatis
2973 2109 3082 2164 erit
3128 2107 3451 2163 declaratio
3500 2105 3620 2162 nisi

1963 2200 2139 2257 labor
2170 2207 2534 2273 spontaneus
2561 2199 2590 2254 εἰ

2033 2326 2099 2382 XI
2139 2323 2669 2391 Quemadmodum
2723 2323 2882 2379 enim
2926 2321 3168 2386 ferrum,
3228 2320 3376 2377 dum
3435 2323 3616 2388 secat,

1964 2414 2203 2480 scindit,
2236 2418 2385 2480 arat,
2412 2413 2658 2485 plantat,
2690 2413 2889 2484 ipsum
2911 2411 3158 2483 quidem
3191 2397 3487 2482 quatenus
3514 2409 3622 2463 im-

1961 2504 2218 2577 pellitur,
2247 2503 2471 2576 aliquid
2504 2502 2753 2575 porrigit
2778 2519 2791 2556 :
2821 2501 2971 2556 alius
3002 2507 3202 2556 tamen
3234 2505 3341 2563 est,
3367 2498 3469 2570 qui
3498 2513 3621 2552 mo-

1960 2599 2057 2650 vet
2084 2598 2141 2649 et
2171 2594 2353 2663 agitat
2388 2591 2632 2658 ferrum,
2661 2598 2717 2646 et
2743 2591 2843 2646 ubi
2868 2589 3045 2646 fuerit
3069 2590 3356 2654 attritum,
3389 2585 3623 2642 inﬂam-

1963 2689 2084 2738 mat
2131 2687 2308 2753 atque
2357 2687 2644 2746 renovat;
2679 2681 2764 2734 sic
2807 2694 3052 2751 quoque
3085 2679 3289 2741 homo,
3329 2677 3460 2730 licet
3491 2689 3621 2746 pre-

1962 2777 2158 2828 matur
2181 2777 2237 2827 et
2263 2769 2510 2834 laboret,
2536 2785 2794 2841 operans
2825 2767 2988 2840 quod
3019 2768 3248 2822 bonum
3275 2771 3384 2828 est,
3420 2763 3620 2819 Domi-

1959 2877 2075 2917 nus
2124 2868 2322 2916 tamen
2355 2859 2508 2914 clam
2557 2859 2616 2913 in
2650 2858 2779 2930 ipso
2834 2865 3134 2928 operatur,
3158 2861 3214 2910 et
3239 2855 3384 2909 dum
3411 2853 3619 2910 labore

1959 2949 2314 3019 defatigatur
2331 2953 2386 3003 et
2411 2948 2677 3003 atteritur
2709 2946 2824 3016 ille,
2850 2961 2952 3000 cor
2973 2943 3308 3000 consolatur
3339 2947 3515 3014 atque
3535 2957 3619 2997 re-

1961 3044 2140 3103 creat,
2166 3042 2226 3092 ut
2252 3051 2494 3108 quoque
2537 3035 2830 3106 propheta
2861 3033 3092 3105 inquit:
3125 3034 3284 3088 Num
3335 3031 3618 3101 gloriabi-

1885 3121 1924 3178 C
1961 3134 2063 3183 tur
2082 3127 2302 3184 securis
2329 3121 2922 3196 absqueqscindente?
2944 3130 3046 3178 aut
3069 3122 3131 3176 in
3157 3122 3350 3178 altum
3377 3119 3619 3175 tolletur

1959 3231 2130 3274 serra
2148 3215 2274 3271 sine
2289 3214 2559 3271 trahente
2583 3215 2630 3249 ⁵⁵
2647 3212 2674 3267 ‘t
2698 3212 2918 3268 Eodem
2947 3210 3127 3266 modo
3171 3227 3230 3264 se
3259 3225 3351 3264 res
3374 3223 3618 3280 quoque

1963 3304 2142 3360 habet
2168 3305 2226 3360 in
2257 3303 2682 3359 committendo
2712 3300 3159 3373 malozquando
3183 3299 3365 3354 homo
3387 3297 3616 3352 obtem-

1961 3399 2146 3468 perat,
2168 3398 2580 3465 etpromptum
2606 3407 2666 3446 se
2683 3391 2938 3456 exhibet,
2955 3396 3077 3446 tum
3097 3403 3334 3462 quoque
3360 3386 3618 3441 Satanas

1961 3483 2207 3555 impellit
2237 3487 2294 3538 et
2323 3482 2557 3537 exacuit
2580 3480 2766 3547 illum,
2801 3480 2958 3536 velut
2987 3479 3136 3536 latro
3173 3493 3401 3534 ensem.
3438 3477 3618 3531 Ferro

1961 3579 2157 3629 autem
2189 3570 2656 3628 assimilavimus
2713 3585 2835 3636 cor,
2865 3569 2944 3625 ob
3002 3567 3363 3639 imperitiam
3415 3581 3617 3620 rerum

1960 3677 2385 3733 summamque
2416 3659 2715 3716 duritiem.
2746 3659 3002 3715 Tametsi
3046 3673 3166 3712 non
3206 3655 3458 3710 decebat
3507 3669 3617 3710 nos

1959 3752 2234 3821 ignorare
2286 3765 2448 3814 eum,
2483 3749 2583 3819 qui
2640 3748 2934 3818 gubernat
2985 3763 3118 3810 nos,
3182 3745 3339 3800 velut
3396 3743 3614 3798 ferrum

1957 3854 2134 3893 sensu
2167 3854 2377 3894 carens
2403 3837 2714 3908 (quoniam
2741 3835 3014 3906 celeritur
3031 3834 3107 3889 ab
3131 3833 3408 3904 agricolae
3433 3830 3616 3885 verbo

1956 3926 2034 3982 ad
2059 3927 2295 3982 malitiae
2321 3925 2743 3996 cogitationem
2765 3939 2882 3978 non
2896 3922 3270 3989 dilabimur);
3295 3920 3395 3974 sed
3416 3919 3617 3990 potius

1956 4014 2134 4070 veluti
2166 4015 2276 4070 bos
2309 4020 2364 4070 et
2395 4013 2603 4069 asinus
2636 4027 2809 4067 nosse
2841 4011 3130 4066 debemus
3161 4025 3323 4072 eum,
3365 4005 3466 4076 qui
3499 4005 3615 4058 im-

1957 4103 2122 4174 pellit
2151 4111 2206 4159 et
2225 4103 2422 4173 dirigit
2445 4117 2552 4174 pro
2580 4103 2792 4156 mentis
2815 4100 3151 4172 agitatione.
3189 4097 3383 4168 lnquit
3423 4095 3612 4150 enim:

1958 4192 2247 4261 Cognovit
2273 4192 2370 4248 bos
2395 4205 2798 4260 possessorum
2818 4205 3012 4254 suum,
3037 4193 3090 4244 et
3113 4187 3318 4243 asinus
3344 4198 3612 4255 praesepe

1962 4283 2004 4350 1
2019 4281 2070 4352 3
2089 4283 2132 4352 1
2161 4281 2388 4337 domini
2408 4281 2533 4343 sui;
2561 4280 2748 4336 Israel
2772 4286 2968 4335 autem
2995 4292 3084 4333 me
3104 4292 3225 4332 non
3245 4273 3517 4345 cognovit
3544 4275 3612 4328 ⁵⁸.

1955 4369 2270 4425 Precemur
2291 4371 2468 4440 igitur
2499 4375 2562 4424 ut
2586 4383 3036 4440 consequamur
3062 4365 3471 4435 cognitionem
3495 4361 3618 4427 Dei,

240 4459 475 4529 ἐντολῶν,
546 4461 852 4528 δοξαζοντες
911 4473 1136 4542 Πατέρα,
1196 4475 1286 4524 καὶ
1340 4474 1480 4542 Υἰόν,
1559 4478 1648 4527 xui
1695 4474 1843 4546 ἅγιον

1965 4464 2010 4514 et
2039 4460 2096 4513 in
2121 4460 2410 4531 spirituali
2439 4459 2786 4514 erudiamur
2810 4457 2958 4526 lege,
2981 4455 3060 4510 ab
3085 4455 3448 4526 obsequium
3484 4467 3619 4506 san-

238 4557 474 4625 Πνεῦμα,
505 4553 575 4615 εὶς
607 4558 730 4617 τοὺς
760 4555 980 4618 αἰῶνας.
1011 4556 1200 4630 Ἀμήν.

823 4756 1071 4809 ΟΜΙΛΙΑ
1109 4753 1239 4810 AH'.

232 4853 491 4936 Πολλῆς
529 4854 868 4936 ἀκριϐείας
907 4864 1014 4912 xui
1056 4865 1376 4936 συνέσεως
1403 4867 1604 4936 χρεία
1643 4864 1825 4918 ἐστὶν

308 4925 494 5015 ἐνὶτῷ
558 4924 924 5015 δοκιμάσαι
960 4936 1106 5015 τοὺς
1147 4924 1496 5015 ausonii;
1536 4943 1848 5011 Χριστια-

317 5003 470 5060 νούς.
514 5004 622 5053 καὶ
661 5005 841 5062 τίνες
880 5003 1118 5057 ἐκέῖνοί
1156 5005 1354 5058 εἰσιν.

323 5123 400 5178 Δ’.
437 5123 622 5179 Πολλοὶ
653 5121 856 5180 δίκαιοι
888 5133 1180 5201 φαινόμενοι
1218 5131 1519 5204 νομίζονται
1569 5129 1696 5185 εἶναι
1724 5142 1852 5208 Χρι-

253 5218 484 5278 στιανοὶ,
537 5223 788 5287 τεχνιτῶν
840 5213 900 5269 δί
951 5216 1064 5271 ἐστι
1093 5223 1181 5272 xui
1213 5225 1594 5295 πεπειραμένων
1625 5219 1852 5295 δοκιμά-

255 5322 368 5374 σαι,
427 5303 470 5356 si
501 5301 706 5368 ἀληθῶς
745 5308 794 5358 οἱ
838 5315 1061 5361 τοιοῦτοι
1093 5311 1284 5380 ἔχουσι
1330 5315 1389 5363 τό
1437 5316 1614 5382 σίγνον
1643 5317 1733 5364 xui
1759 5317 1852 5372 τὴν

249 5392 424 5445 εἰκόνα
470 5400 562 5445 τοῦ
612 5391 889 5468 βασιλέως.
949 5401 1150 5460 Μήπως
1202 5400 1304 5473 ἄρα
1379 5402 1852 5475 παρακεχάρακται

236 5489 510 5554 τεχνιτῶν
558 5485 706 5557 ἔργα,
761 5489 850 5539 xui
910 5487 1244 5560 θαυμάζουσι
1330 5497 1568 5563 τεχνῖται
1619 5496 1708 5544 καὶ
1764 5489 1854 5563 ψέ-

1955 4553 2183 4604 ctorum
2217 4549 2637 4605 mandatorum
2667 4547 2814 4618 eius,
2846 4545 3242 4616 gloriﬁcantes
3282 4547 3532 4607 Patrem,
3564 4545 3618 4597 et

1960 4637 2170 4694 Filium
2196 4645 2254 4694 et
2282 4639 2564 4709 Spiritum
2594 4642 2891 4700 sanctum,
2923 4635 2982 4690 in
3020 4635 3258 4690 stecula.
3295 4637 3505 4688 Amen.

2480 4763 2769 4820 HOMILIA
2811 4761 3088 4818 XXXVIII.

1959 4868 2262 4925 Accurato
2282 4869 2514 4938 judicio
2562 4876 2741 4940 atque
2778 4868 3087 4923 intellectu
3113 4880 3260 4940 opus
3293 4871 3373 4940 est
3409 4861 3614 4940 in

2011 4934 2324 4997 cernendis
2355 4941 2505 4997 veris
2539 4934 2921 5003 Christianis,
2955 4944 3009 4995 et
3032 4937 3274 5008 quinam
3309 4936 3427 4991 sint
3454 4934 3567 4990 illi.

2036 5137 2076 5190 Ι.
2111 5135 2269 5192 Multi
2301 5136 2402 5207 qui
2429 5137 2572 5206 justi
2603 5138 2915 5208 apparent,
2975 5131 3272 5187 habentur
3299 5146 3406 5203 pro
3455 5130 3621 5187 Chri-

1964 5225 2209 5280 stianis:
2237 5241 2439 5280 verum
2470 5223 2756 5279 artiﬁcum
2791 5228 2876 5278 est
2899 5227 2949 5278 et
2982 5220 3302 5292 peritorum
3339 5219 3615 5292 probare,

1966 5330 2112 5369 num
2170 5313 2318 5370 tales
2373 5329 2573 5368 revera
2606 5314 2869 5368 habeant
2920 5311 3160 5379 signum
3193 5317 3247 5365 et
3292 5309 3617 5378 imaginem

1962 5404 2141 5472 regis,
2175 5419 2250 5458 an
2279 5401 2526 5458 forsitan
2568 5401 2902 5456 adulterino
2939 5401 3231 5471 impresso
3260 5399 3432 5470 signo
3460 5413 3609 5454 cusa

1967 5492 2081 5548 sint
2108 5491 2404 5549 artiﬁcum
2437 5507 2640 5564 opera,
2695 5507 2771 5546 an
2810 5489 3179 5547 admirentur
3228 5488 3506 5554 artiﬁces,
3555 5493 3610 5543 et

314 5689 361 5723 ⁵³
395 5687 441 5743 ΙΙ
465 5686 598 5744 Cor.
621 5703 682 5753 ιι,
718 5687 820 5757 t6;
848 5692 1017 5748 Rom.
1047 5709 1126 5758 xi,
1153 5695 1242 5750 34.
1322 5694 1369 5730 “
1397 5695 1530 5752 Luc.
1559 5711 1682 5764 xm,
1708 5700 1778 5755 34
1803 5714 1818 5766 ;
1844 5701 1849 5754 J

1965 5698 2038 5756 th.
2070 5714 2192 5767 xm,
2225 5698 2312 5756 37.
2390 5699 2437 5735 “
2465 5697 2582 5756 Isa.
2615 5715 2672 5764 x,
2710 5703 2793 5753 t5.
2872 5699 2919 5733 ⁵⁵
2943 5697 3053 5754 Isa.
3081 5715 3116 5751 ι.
3147 5701 3198 5751 2.
