4116 6210
506 284 613 339 759

1796 282 1857 338 S.
1900 280 2199 338 MACARII
2238 279 2541 338 EGYPTII

3731 280 3839 335 τοο

474 408 967 482 ιτθρτοὶιθοάᾶιιῐ.
1004 409 1061 465 Si
1093 425 1231 466 vero
1271 410 1563 466 defuerint
1590 410 1861 475 artiﬁces,
1899 424 2017 463 non
2049 423 2137 480 po-

2264 426 2470 479 γουσιν.
2524 408 2641 463 Ἐἀν
2675 402 2732 461 δὴ
2775 410 2848 479 μὴ
2882 408 2982 459 ὦσι
3024 412 3281 478 τεχνῖται,
3331 405 3391 459 ού
3431 402 3679 458 δύνανται
3711 402 3869 459 δοκι-

502 503 697 554 terunt
731 499 971 570 probari
1016 500 1207 555 dolosi
1266 499 1688 556 fabricatores:
1718 500 2009 571 quoniam
2035 496 2153 569 ipsi

500 605 747 661 quoque
773 595 983 659 gerunt
1012 589 1284 645 habitum
1319 606 1549 653 eorum,
1584 590 1687 661 qui
1717 588 2043 644 solitariam
2072 586 2154 641 vi-

499 684 628 733 tam
659 685 844 746 agunt
875 683 975 733 aut
1005 679 1493 734 Christianorum.
1526 679 1750 735 Etenim
1770 679 2143 749 pseudoapo-

498 767 628 822 stoli
656 783 764 839 pro
806 766 1037 822 Christo
1061 767 1461 838 patiebantur,
1495 774 1548 823 et
1571 768 1686 839 ipsi
1708 767 2151 823 annuntiabant

496 873 753 926 regnum
782 858 1091 914 caelorum.
1126 859 1496 930 Quapropter
1555 858 1747 931 inquit
1795 858 2145 929 Apostolus:

499 948 565 1001 In
579 947 860 1017 periculis
875 948 1251 1015 copiosius,in
1266 948 1687 1017 afﬂictionibus
1699 963 1884 1019 supra
1898 947 2145 1011 modum,

496 1037 559 1091 in
592 1037 931 1091 carceribus
958 1036 1366 1093 abundantius
1389 1039 1435 1071 ⁵⁷
1460 1053 1473 1089 :
1507 1037 1707 1093 volens
1729 1038 2060 1102 ostendere,
2085 1053 2149 1092 se

497 1124 695 1197 plura,
724 1141 908 1196 quam
948 1124 1083 1196 ipsi,
1114 1141 1362 1197 passum
1390 1141 1542 1181 esse.

568 1248 639 1301 ll.
670 1253 892 1301 Aurum
949 1248 1119 1304 facile
1168 1250 1495 1321 reperitur;
1540 1249 1879 1319 margaritas
1927 1266 2061 1306 vero
2092 1254 2148 1305 et

495 1335 726 1407 lapides
776 1338 1036 1407 pretiosi,
1093 1338 1393 1393 commodi
1454 1338 1533 1393 ad
1577 1339 1859 1395 diadema
1888 1340 2141 1407 regium,

492 1426 685 1481 rarius
724 1427 1135 1494 inveniuntur;
1174 1444 1592 1499 saepenumero
1653 1427 1810 1483 enim
1857 1445 1928 1484 ex
1959 1428 2030 1483 iis
2060 1445 2145 1484 re.

493 1515 713 1586 perias,
744 1516 843 1587 qui
873 1516 1071 1569 minus
1129 1516 1244 1571 sint
1298 1517 1496 1572 idonei
1528 1519 1649 1573 :sic
1702 1534 1943 1590 quoque
1997 1517 2147 1574 inter

496 1604 877 1669 Christianos,
908 1604 1008 1675 qui
1064 1612 1523 1676 superstuuntur
1554 1624 1788 1663 coronas
1822 1607 2050 1672 Christi,
2085 1614 2147 1663 ut

495 1693 675 1747 sociae
734 1701 1079 1749 sanctorum
1113 1694 1259 1751 ﬁant
1319 1696 1536 1751 animae
1564 1697 1696 1752 illae.
1730 1697 1927 1753 Gloria
1975 1704 2045 1753 sit
2070 1698 2138 1762 ei,

493 1781 590 1851 qui
626 1798 820 1853 usque
855 1783 1006 1838 adeo
1057 1783 1551 1841 dilexitanimam
1606 1787 1783 1853 hanc,
1831 1793 1886 1842 et
1913 1802 2020 1859 pro
2047 1786 2144 1842 illa

489 1886 708 1941 passus
771 1878 877 1937 est,
912 1879 966 1927 et
1026 1874 1335 1929 suscitovit
1387 1891 1523 1931 eam
1552 1892 1587 1929 a
1615 1878 1884 1931 mortuis.
1929 1877 2140 1941 Quem-

492 1958 823 2014 admodum
852 1967 1052 2015 autem
1121 1963 1261 2017 Mosi
1320 1960 1590 2019 velamen
1631 1964 2053 2036 imponebatur
2083 1966 2141 2021 in

490 2047 721 2103 vultum
748 2050 816 2114 ⁵⁸,
841 2050 983 2121 quia
1013 2066 1133 2106 uon
1176 2058 1407 2123 poterat
1460 2054 1765 2108 intendere
1814 2054 1872 2109 in
1928 2054 2141 2110 faciem

491 2136 619 2206 ejus
655 2138 915 2209 populus
943 2154 955 2203 ;
982 2139 1067 2193 sic
1098 2156 1339 2211 quoque
1361 2157 1519 2196 nunc
1541 2143 1704 2197 cordi
1738 2151 1837 2198 tuo
1857 2143 2141 2213 injectum

491 2231 579 2280 est
604 2225 895 2294 velamen,
932 2244 1005 2282 ne
1062 2230 1402 2300 conspicias
1424 2232 1673 2299 gloriam
1716 2232 1831 2286 Dei.
1864 2234 1969 2288 Ubi
2002 2249 2140 2287 vero

491 2313 637 2369 illud
662 2315 833 2371 fuerit
859 2316 1151 2382 ablatum,
1209 2325 1331 2373 tum
1361 2326 1608 2391 apparet
1640 2324 1697 2374 et
1721 2320 2057 2377 manifestat
2079 2338 2141 2376 se

491 2403 695 2474 ipsum
724 2403 1089 2469 Christianis,
1124 2412 1178 2460 et
1208 2408 1595 2476 diligentibus
1655 2425 1736 2473 se,
1766 2416 1819 2465 et
1845 2410 2143 2482 inquiren-

492 2492 650 2546 tibus
678 2493 737 2546 in
765 2494 1029 2562 veritate,
1067 2500 1129 2548 ut
1154 2496 1234 2550 ait
1262 2514 1274 2562 ;
1307 2497 1704 2565 Manifestabo
1731 2499 1782 2554 ei
1811 2514 1901 2555 me
1924 2500 2139 2570 ipsum,

490 2586 543 2635 et
564 2584 923 2637 mansionem
958 2585 1122 2650 apud
1151 2599 1279 2640 eum
1302 2585 1528 2651 faciam
1557 2587 1625 2638 ⁵9.

564 2793 655 2846 III.
704 2794 1149 2851 Contendamus
1198 2812 1338 2867 ergo
1386 2799 1666 2855 accedere
1714 2800 1792 2855 ad
1843 2801 2142 2857 Christum

490 2881 793 2938 mendacii
811 2890 1112 2954 expertem
1142 2892 1205 2940 ut
1222 2902 1667 2959 consequamur
1682 2890 2142 2962 promissionem

488 2975 545 3024 et
576 2986 805 3027 novum
839 2978 1284 3043 testamentum,
1320 2977 1483 3048 quod
1517 2980 1825 3035 renovavit
1859 2981 2144 3035 Dominus

488 3075 595 3130 per
626 3076 863 3117 crucem
893 3068 949 3119 et
968 3069 1248 3131 mortam,
1290 3066 1548 3123 effractis
1593 3069 1777 3139 portis
1825 3069 2034 3124 inferni
2090 3074 2145 3125 et
2177 3105 2220 3163 Ο

487 3151 754 3221 peccati;
791 3168 927 3206 cum
988 3154 1293 3210 eduxisset
1346 3157 1579 3211 animas
1628 3157 1853 3224 fideles,
1900 3159 2145 3214 donavit

488 3238 717 3295 eisdem
766 3241 1013 3295 interius
1074 3244 1461 3311 Paracletum,
1523 3252 1701 3318 atque
1732 3248 1966 3303 reduxit
2011 3248 2141 3302 illas

486 3326 547 3383 in
572 3343 823 3397 regnum
852 3346 1049 3383 suum.
1096 3332 1221 3386 Una
1260 3348 1401 3401 ergo
1427 3350 1564 3388 cum
1622 3334 1721 3389 illo
1754 3353 1865 3391 nos
1903 3353 2143 3408 quoque

486 3431 831 3485 regnemus,
856 3418 914 3472 in
932 3419 1262 3475 Jerusalem
1283 3422 1519 3477 civitate
1543 3424 1693 3495 ejus,
1718 3426 1775 3479 in
1801 3425 2024 3480 caelesti
2045 3428 2143 3480 Ec-

487 3503 688 3569 clesia,
722 3507 781 3559 in
813 3506 994 3561 choro
1028 3515 1375 3564 sanctorum
1431 3512 1808 3576 angelorum.
1865 3515 1973 3579 Qui
2005 3530 2141 3570 vero

486 3592 736 3648 fratrum
762 3594 944 3663 longo
973 3602 1237 3667 tempore
1285 3601 1581 3655 exercitati
1615 3609 1669 3655 et
1708 3604 1941 3674 probati
1966 3610 2125 3667 sunt,

484 3680 546 3736 hi
578 3690 834 3753 possunt
866 3685 1111 3740 rudibus
1144 3688 1456 3759 suppetias
1488 3689 1637 3745 ferre
1668 3698 1723 3747 et
1754 3694 2033 3765 compati.

557 3895 646 3950 ιν.
678 3896 931 3963 Quidam
955 3899 1113 3954 enim
1143 3901 1477 3958 munientes
1499 3921 1559 3960 se
1588 3905 1774 3976 ipsos,
1802 3912 1857 3962 et
1882 3923 1917 3962 a
1948 3911 2137 3978 gratia

485 3986 583 4040 Dei
608 3986 905 4058 imprimis
929 3990 1154 4057 agitati,
1171 3992 1322 4046 adeo
1344 3994 1713 4050 sanctiﬁcata
1737 3996 2009 4053 membra
2028 4014 2137 4054 sua

483 4082 783 4145 reperunt,
834 4084 894 4132 ut
946 4079 1371 4146 existimarent,
1426 4099 1545 4139 non
1588 4086 1949 4153 contingere,
1986 4093 2046 4142 ut
2077 4091 2136 4143 in

484 4162 995 4220 Christianismum
1020 4168 1195 4222 cadat
1217 4171 1514 4239 cupiditas
1539 4190 1551 4238 ;
1585 4174 1685 4227 sed
1706 4190 1807 4229 eos
1828 4176 2135 4246 possidere

484 4258 743 4307 mentem
771 4254 1035 4310 sobriam
1066 4261 1121 4310 et
1152 4264 1375 4312 castam
1406 4276 1418 4325 ;
1456 4267 1509 4315 et
1540 4263 1741 4332 quoad
1788 4264 2015 4335 reliqua
2046 4264 2131 4319 in-

481 4340 756 4395 teriorem
781 4342 1089 4398 hominem
1110 4347 1367 4415 pendere
1395 4364 1430 4403 a
1456 4348 1671 4405 divinis
1690 4356 1743 4405 et
1765 4351 2131 4409 coelestibus:

2263 499 2585 570 μάσαιτούς
2638 494 2842 558 δολίους
2890 496 3130 572 ἐργάτας,
3182 492 3360 554 ἔπειδή
3412 500 3503 548 καὶ
3554 496 3702 547 αὐτοὶ
3755 494 3869 547 έπι-

2264 590 2507 661 φέρονται
2552 595 2743 659 σχῆμα
2794 587 3143 658 μονοιξόντων,
3198 589 3317 645 ἤτοι
3368 592 3717 657 Χριστιανῶν.
3755 590 3859 637 Καὶ

2261 679 2361 749 γὰρ
2402 679 2451 728 οἱ
2480 673 2905 748 ψευδαπόστολοι
2934 678 3170 747 ἔπασχον
3200 676 3326 747 ὑπὲρ
3358 682 3449 727 τοῦ
3485 680 3736 749 Χριστοῦ,
3770 678 3867 726 καὶ

2262 766 2412 819 αύτοὶ
2461 765 2855 838 εὐηγγελίζοντο
2920 763 3187 839 βασιλείαν
3254 764 3505 840 οὐρανῶν.
3568 765 3664 817 Διά
3706 770 3868 817 τοῦτο

2259 855 2395 927 λέγει
2423 857 2449 907 ό
2476 854 2810 917 Ἀπόστολος,
2846 856 2940 909 Ἐν
2978 850 3310 915 κινδύνοις
3346 857 3863 927 περισσοτέρως,

2260 944 2320 998 έν
2389 945 2738 1017 θλίψευσιν
2800 942 3353 1018 ὑπερϐαλλόντως,
3416 943 3476 995 έν
3539 941 3865 1014 φυλακαῖς

2259 1054 2369 1110 περ
2388 1038 2754 1106 ισσοτέρως,
2798 1033 2950 1086 θέλων
2977 1030 3148 1095 δεῖξαι
3177 1034 3258 1085 ὃτι
3286 1031 3456 1085 πλεῖον
3481 1030 3647 1083 αὐτῶν
3678 1032 3860 1084 ἔπαθε.

2331 1248 2400 1303 Β’.
2430 1252 2637 1323 Χρυσὸς
2682 1247 2910 1322 εὐχερῶς
2940 1250 3232 1321 εὑρίσκεται
3264 1263 3276 1276 ·
3310 1253 3634 1321 μαργαρῖται
3681 1241 3742 1298 δε
3764 1250 3850 1298 καὶ

2256 1336 2391 1390 λίθοι
2447 1343 2613 1410 τίμιοι
2692 1344 3082 1412 προχωροῦντες
3150 1336 3215 1397 εἰς
3273 1331 3520 1407 διάδημα
3601 1332 3851 1407 βασιλέως

2260 1431 2487 1489 σπανίως
2546 1428 2874 1499 εὑρίσκονται
2905 1446 2918 1458 ·
2962 1424 3208 1488 πολλάκις
3263 1428 3364 1497 γὰρ
3418 1422 3471 1487 ἕξ
3518 1426 3688 1476 αὐτῶν
3749 1424 3850 1495 οὐχ

2258 1517 2584 1590 εὑρίσκονται
2614 1522 3009 1589 προχωροῦντες
3044 1554 3057 1567 .
3094 1514 3268 1575 Οὕτως
3306 1518 3395 1565 καὶ
3435 1514 3482 1565 οἱ
3540 1518 3855 1585 Χριστιανοὶ

2257 1602 2719 1678 ἓποικοδομοῦντες
2767 1604 2838 1665 εἰς
2885 1608 2971 1656 τὸν
3023 1608 3265 1676 στέφανον
3316 1610 3409 1655 τοῦ
3462 1603 3720 1675 Χριστοῦ,
3778 1603 3863 1653 ἶνα

2256 1700 2491 1748 κοινωνοὶ
2521 1698 2769 1767 γένωνται
2798 1702 2898 1747 τῶν
2952 1694 3111 1765 ἁγίων
3166 1695 3220 1745 αἱ
3248 1692 3425 1764 ψυχαὶ
3477 1694 3685 1745 ἐκεῖναι.
3724 1692 3863 1755 Δόξα

2256 1795 2326 1857 τῷ
2367 1786 2531 1844 οὕτως
2583 1784 2922 1855 ἀγαπήσαντι
2969 1788 3061 1841 τὴν
3102 1782 3287 1854 ψυχὴν
3326 1784 3543 1847 ταύτην,
3592 1785 3682 1833 καὶ
3728 1782 3861 1855 ὑπερ

2256 1876 2419 1934 αὐτῆς
2484 1876 2701 1927 παθόντι
2753 1878 2843 1925 καὶ
2906 1871 3263 1930 ἀναστήσαντι
3320 1871 3482 1929 αὐτὴν
3531 1870 3585 1922 ix
3642 1879 3862 1942 νεκρῶν.

2253 1964 2452 2036 Ὠσπερ
2494 1959 2528 2015 δ
2533 1967 2553 2015 ε
2585 1970 2658 2033 τῷ
2687 1969 2902 2015 Μωύσεῑ
2930 1960 3180 2033 κάλυμμα
3210 1959 3466 2012 έπετίθετο
3491 1959 3561 2021 εἰς
3590 1963 3648 2011 τὸ
3689 1964 3861 2030 πρόσο

2254 2073 2411 2124 ωπον,
2467 2056 2596 2126 πρὸς
2626 2055 2683 2103 τὸ
2714 2056 2786 2123 μὴ
2840 2048 3103 2104 δύνασθαι
3153 2052 3433 2123 προσέχειν
3458 2057 3530 2119 τῷ
3578 2054 3856 2121 προσώπῳ

2254 2144 2414 2196 αύτοῦ
2456 2147 2544 2194 τόν
2590 2141 2710 2193 λαόν
2747 2157 2759 2170 '
2796 2141 2931 2192 ούτω
2982 2144 3071 2191 καὶ
3121 2147 3209 2191 νῦν
3248 2137 3331 2190 ἰπὶ
3358 2143 3449 2196 τὴν
3500 2134 3730 2211 καρδίαν
3762 2158 3864 2191 σου

2252 2240 2420 2285 κεῖται
2451 2229 2701 2303 κάλυμμα
2749 2232 2875 2302 πρὸς
2914 2231 2971 2280 τό
3015 2232 3087 2299 μὴ
3140 2226 3346 2300 βλέπειν
3393 2231 3487 2285 τὴν
3545 2222 3704 2289 δόξαν
3760 2235 3862 2280 τοῦ

2252 2328 2399 2375 Θεοῦ.
2452 2319 2614 2372 Ὀταν
2672 2315 2731 2371 δὲ
2777 2319 3076 2390 περιαιρεθῇ
3136 2324 3308 2380 τοῦτο,
3368 2320 3483 2368 τότε
3535 2318 3873 2387 ἑπιφαίνεται

2252 2418 2341 2463 καὶ
2372 2413 2638 2481 ἔμφανίζει
2669 2408 2845 2461 ἑαυτὸν
2888 2414 2997 2469 τοῖς
3044 2412 3404 2480 Χριστιανοῖς,
3445 2410 3534 2456 καὶ
3583 2412 3689 2465 τοῖς
3722 2407 3869 2475 ἁγα-

2252 2504 2422 2551 πὼσιν
2478 2501 2652 2560 αὐτόν,
2721 2501 2807 2549 καὶ
2867 2496 3177 2557 ἐκζητοῦσιν
3252 2494 3302 2546 έν
3362 2492 3600 2566 ἀληθείᾳ,
3668 2496 3851 2557 καθὼς

2252 2587 2408 2658 λέγει,
2441 2588 2521 2638 ὅτι
2553 2586 2921 2658 Ἐμφανίσω
2961 2588 3126 2654 αύτῷ
3165 2586 3461 2656 ἓμαυτόν,
3504 2588 3611 2636 καὶ
3649 2588 3853 2656 μονὴν

2253 2676 2393 2748 παρ’
2451 2674 2619 2745 αύτῷ
2656 2679 2929 2732 ποιήσω.

2327 2799 2399 2853 I".
2424 2796 2811 2873 Σπουδάσωμεν
2832 2798 2920 2851 οὖν
2951 2797 3249 2874 προσελθεῖν
3271 2805 3343 2870 τῷ
3360 2792 3578 2869 ἀψευδεῖ
3600 2802 3842 2869 Χριστῷ,

2257 2891 2339 2942 ἶνα
2390 2892 2634 2961 τύχωμεν
2664 2896 2759 2951 τῆς
2803 2887 3131 2958 ἐπαγγελίας,
3182 2891 3271 2940 καὶ
3309 2895 3401 2947 τῆς
3430 2894 3599 2947 καινῆς
3646 2881 3843 2944 διαθη-

2254 2999 2366 3044 κης,
2400 2978 2459 3037 ἣν
2509 2980 2829 3031 ἀνεκαίνισεν
2858 2978 2884 3029 ὁ
2918 2978 3112 3050 Κύριος
3144 2972 3236 3029 διὰ
3290 2983 3519 3050 σταυροῦ
3545 2979 3633 3027 καὶ
3682 2976 3851 3028 θανά-

2254 3088 2345 3121 του
2398 3064 2683 3149 διαρρήξας
2752 3069 2915 3128 πύλας
2987 3061 3146 3137 ᾅδου,
3223 3068 3313 3118 καὶ
3370 3064 3631 3137 ἁμαρτίας
3682 3080 3696 3095 ⁸
3759 3069 3857 3118 καὶ

2255 3157 2542 3228 έξαγαγὼν,
2590 3159 2682 3217 τὰς
2726 3157 2918 3216 πιστὰς
2945 3154 3151 3226 ψυχὰς,
3184 3159 3275 3206 καὶ
3324 3151 3450 3216 δούς
3490 3153 3677 3216 αὐταῖς
3717 3151 3861 3207 ἔνδον

2254 3246 2607 3319 παράκλητον,
2637 3250 2726 3298 καὶ
2780 3242 3051 3315 ἀνενέγκας
3107 3244 3173 3305 εἰς
3220 3248 3313 3302 τὴν
3364 3242 3640 3316 βασιλείαν
3678 3242 3844 3297 αὑτοῦ.

2255 3334 2753 3407 Συμϐασιλεύσωμεν
2793 3335 2881 3387 οὖν
2929 3334 3070 3404 αύτῷ
3116 3338 3207 3386 καὶ
3245 3335 3394 3405 ἡμεῖς
3424 3332 3499 3395 εὶς
3550 3338 3649 3391 τὴν
3676 3332 3845 3406 Ἰερου-

2254 3426 2430 3497 σαλὴμ
2482 3429 2575 3483 την
2607 3424 2752 3476 πόλιν
2811 3424 2990 3488 αύτοῦ,
3048 3423 3120 3486 εἰς
3168 3428 3260 3482 τὰν
3309 3424 3615 3492 ἱπουράνιον
3650 3422 3856 3478 Ἐκκληο

2253 3521 2393 3579 σίαν,
2448 3515 2519 3576 είς
2564 3518 2650 3567 τόν
2678 3518 2841 3585 χορὸν
2896 3522 2996 3566 τῶν
3043 3514 3205 3583 ἁγίων
3263 3511 3509 3584 ἀγγέλων.
3545 3514 3615 3564 Οἱ
3672 3509 3730 3564 δε
3780 3512 3865 3564 ἐπὶ

2251 3604 2409 3657 πολύν
2439 3608 2632 3676 χρόνον
2685 3606 3070 3675 γυμνασθέττες
3100 3599 3314 3675 ἀδελφοὶ
3358 3606 3447 3653 καὶ
3506 3598 3868 3673 δοκιμασθέν-

2250 3714 2351 3759 τες,
2394 3694 2539 3747 οὗτοι
2569 3691 2820 3746 δύνανται
2860 3700 2970 3753 τοῖς
3000 3692 3227 3766 ἀπείροις
3257 3688 3546 3765 βοηθῆσαι,
3580 3696 3673 3743 καὶ
3704 3710 3858 3762 συμ-

2249 3785 2516 3842 παθῆσαι,

2322 3910 2391 3961 Δ’.
2420 3909 2565 3969 Τινὶς
2588 3907 2689 3980 γὰρ
2740 3903 3153 3978 ἀσφαλισάμενοι
3180 3903 3393 3965 ἑαυτούς
3421 3906 3510 3954 καὶ
3540 3904 3642 3956 ύπό
3687 3904 3867 3975 χάρι-

2246 4018 2335 4060 τος
2418 4003 2551 4050 Θεοῦ
2606 3994 2958 4068 ένεργηθέντες
3031 3992 3287 4065 μεγάλως,
3365 3992 3525 4051 οὕτως
3576 3991 3725 4066 εὗρον
3801 3996 3873 4046 τὰ

2246 4087 2370 4159 μελη
2407 4086 2573 4138 αὐτῶν
2620 4086 2937 4155 ἡγιασμένοι,
2992 4085 3125 4135 ὥστε
3172 4081 3482 4153 λογίζεσθαι
3529 4080 3738 4143 αύτούς,
3780 4084 3871 4135 ὅτι

2246 4178 2305 4230 ού
2340 4174 2613 4248 συμϐαίνει
2659 4173 2730 4235 εἰς
2778 4173 3198 4245 Χριστιανισμόν
3250 4172 3489 4241 γίνεσθαι
3548 4168 3872 4242 ἐπιθυμίαν,

2247 4265 2374 4317 ἀλλά
2424 4268 2698 4321 κέκτηνται
2727 4269 2844 4314 νοῦν
2886 4267 3127 4335 σώφρονα
3177 4265 3265 4313 καὶ
3324 4259 3500 4331 ἀγινόν
3530 4278 3543 4292 ι
3594 4263 3685 4311 καὶ
3735 4263 3870 4314 ἔστι

2245 4354 2420 4407 λοιπόν
2479 4355 2504 4404 ὁ
2560 4354 2662 4405 ἔσω
2718 4352 2989 4423 ἄνθρωπος
3036 4354 3291 4423 μετέωρος
3347 4349 3419 4411 εἰς
3475 4350 3540 4401 τά
3590 4349 3703 4401 θεῖα
3761 4356 3867 4405 καὶ

482 4432 547 4482 ut
589 4429 839 4484 omnino
889 4432 1295 4488 existimarent
1327 4437 1501 4491 talem
1542 4438 1669 4507 jam
1698 4442 1772 4493 ad
1806 4440 2134 4512 perfectum

2253 4446 2545 4519 ἰπουράνια,
2598 4444 2732 4493 ὥστε
2780 4442 2983 4501 πάντως
3033 4444 3249 4511 νομίσαι
3301 4442 3387 4491 τὸν
3440 4444 3676 4491 τοιοῦτον
3738 4436 3865 4499 ἤδη

482 4517 829 4588 pervenisse
861 4520 1137 4586 gradum,
1168 4527 1268 4594 qui
1301 4540 1437 4579 cum
1471 4534 1724 4597 putaret,
1750 4529 2051 4600 appulisse
2074 4548 2135 4588 se

476 4604 603 4676 jam
665 4605 742 4660 ad
801 4614 1040 4679 portum
1119 4614 1524 4682 tranquillum,
1586 4616 2031 4675 insurrexerunt
2082 4621 2131 4675 ei

481 4694 720 4760 ﬂuctus,
761 4703 823 4752 ut
856 4697 1056 4753 denuo
1093 4699 1368 4756 inventus
1397 4704 1467 4759 sit
1497 4705 1553 4759 in
1596 4706 1795 4762 medio
1817 4708 2035 4779 pelagi,
2070 4710 2131 4765 il-

482 4781 697 4854 lucque
718 4784 971 4852 delatus,
999 4788 1097 4843 ubi
1122 4806 1301 4855 mare,
1326 4792 1538 4848 caelum
1557 4799 1611 4848 et
1634 4812 1793 4850 mors
1813 4803 2083 4869 prompta
2119 4815 2131 4853 :

481 4870 633 4927 adeo
657 4881 971 4943 peccatum
996 4879 1331 4947 ingressum
1364 4884 1724 4953 produxerat
1748 4902 1990 4942 omnem
2014 4904 2136 4943 ma-

481 4958 600 5015 lam
620 4963 1098 5033 cupididitatem.
1116 4970 1369 5025 Rursum
1392 4987 1531 5027 vero
1547 4973 1711 5038 tales,
1732 4974 2135 5047 aliquagratia

479 5048 645 5118 digni
681 5051 889 5119 habiti,
932 5056 1106 5127 132
1136 5064 1212 5123 et,
1248 5066 1306 5113 ut
1340 5061 1416 5115 ita
1447 5061 1665 5128 dicam,
1700 5080 1769 5119 ex
1801 5066 1921 5120 imo
1953 5066 2135 5122 maris

478 5139 783 5209 profundo
802 5144 1041 5212 guttulis
1058 5146 1421 5217 quibusdam
1440 5151 1690 5218 irrorati,
1707 5156 2002 5226 reperiunt
2022 5156 2134 5212 hoc

478 5227 675 5299 ipsum
695 5232 944 5301 singulis
965 5233 1146 5303 horis,
1173 5238 1543 5312 singulisque
1565 5242 1776 5297 diebus
1798 5251 1913 5299 tam
1945 5245 2133 5300 admi-

482 5320 736 5374 randam
766 5324 1171 5391 Operationem
1206 5326 1348 5391 ﬁeri,
1389 5336 1448 5384 ut
1469 5332 1570 5401 qui
1595 5340 1870 5403 Operetur
1900 5334 1977 5389 ob
2002 5334 2133 5391 ino-

483 5407 773 5477 pinatam,
811 5414 1184 5482 peregrinam
1240 5421 1297 5471 et
1325 5417 1590 5474 divinam
1622 5421 1993 5479 eﬂ'ectionem
2025 5424 2134 5480 ob-

485 5499 791 5567 stupescat
830 5506 885 5554 et
913 5501 1259 5570 admiretur,
1314 5522 1437 5578 qua
1467 5510 1691 5565 ratione
1722 5513 2006 5584 deceptus
2038 5515 2128 5569 sit.

555 5647 597 5680 ⁸⁷
633 5649 679 5702 Il
708 5652 835 5705 Cor.
870 5667 949 5719 χι,
982 5652 1069 5710 23.

1147 5657 1193 5691 ⁵⁸
1222 5658 1405 5715 Exod.
1440 5678 1637 5733 xxxxv,
1662 5662 1751 5727 33,
1783 5667 1881 5729 35;
1921 5666 1962 5720 ll
1989 5665 2117 5722 Cor.
2148 5684 2225 5732 ιιι,
2260 5667 2347 5724 73.

2245 4532 2513 4606 έφθακέναι
2548 4531 2617 4593 εἰς
2661 4533 2726 4583 τά
2765 4529 2932 4583 τέλεια
2982 4534 3167 4602 μέτρα.
3203 4533 3304 4582 Καὶ
3349 4530 3418 4590 ὡς
3450 4526 3650 4600 ένόμιζε
3679 4547 3873 4603 προσ.

2246 4627 2516 4694 ηγγικέναι
2568 4618 2675 4679 ἤδη
2724 4628 2796 4691 τῷ
2846 4616 3007 4691 εύδίῳ
3061 4618 3247 4691 λιμένι,
3299 4616 3659 4674 έπανέστησαν
3708 4618 3872 4691 αὐτῷ

2244 4708 2516 4774 κλύδωνες,
2574 4711 2709 4761 ὥστε
2760 4708 2914 4761 πάλιν
2975 4709 3244 4779 εὑρεθῆναι
3304 4706 3377 4767 εἰς
3435 4709 3492 4757 τὸ
3551 4708 3710 4778 μέσον
3768 4716 3871 4761 τοῦ

2244 4800 2520 4872 πελάγους,
2564 4802 2654 4850 καὶ
2704 4797 3063 4868 εἰσενεχθῆναι
3118 4798 3247 4849 ὁπου
3303 4797 3333 4853 ἠ
3384 4794 3650 4861 θάλασσα,
3694 4795 3876 4871 ούρα-

2244 4893 2349 4955 νός,
2398 4893 2487 4940 καὶ
2538 4889 2753 4947 θάνατός
2824 4885 2963 4939 ἔστιν
3036 4887 3259 4958 ἕτοιμος.
3318 4886 3496 4945 Οὕτως
3539 4885 3568 4943 ἠ
3622 4884 3877 4959 ἁμαρτία

2245 4978 2617 5031 έπεισελθοῦσα
2742 4978 3126 5050 κατειργάσατο
3253 4980 3427 5026 πᾶσαν
3575 4972 3877 5046 ἐπιθυμίαν

2245 5072 2411 5125 κακήν
2446 5084 2457 5095 ·
2494 5066 2643 5127 αὖθις
2671 5062 2729 5118 δί
2756 5067 2805 5118 οἱ
2859 5072 3087 5118 τοιοῦτοι
3117 5066 3336 5138 χάριτός
3366 5082 3500 5125 τινος
3533 5061 3873 5129 ἀξιωθέντες,

2245 5162 2355 5222 καὶ,
2409 5158 2583 5230 ὧσπερ
2625 5156 2806 5220 εἰπεῖν,
2866 5153 2967 5207 ἀπὸ
3008 5155 3125 5207 ὅλου
3188 5152 3353 5227 βυθοῦ
3412 5161 3504 5213 τῆς
3579 5150 3875 5215 θαλάσσης

2244 5245 2455 5317 ψεκάδα
2484 5247 2599 5297 τινὰ
2652 5241 2943 5317 δεξάμινοι,
2993 5245 3328 5318 εὑρίσκουσιν
3361 5241 3486 5293 αύτὸ
3519 5239 3680 5293 έκεῖνο
3736 5244 3841 5295 καθ
3863 5259 3875 5277 ·

2243 5338 2401 5408 ὥραν,
2461 5338 2550 5386 καὶ
2629 5334 2747 5386 καθ’
2805 5334 3001 5407 ἡμέραν
3076 5335 3339 5391 τοσαύτην
3420 5333 3861 5405 θαυματουργίαν

2243 5428 2568 5496 γιγνομένην,
2602 5424 2736 5475 ὥστε
2765 5427 2852 5474 τὸν
2882 5424 3241 5497 ἑνεργούμενον
3298 5420 3384 5473 ἐπὶ
3411 5428 3474 5493 τῇ
3532 5417 3859 5492 παραδόξῳ,

2242 5519 2331 5567 καὶ
2364 5514 2475 5586 ξένῃ
2526 5516 2615 5565 καὶ
2663 5514 2805 5585 θεῐκῇ
2867 5516 3092 5587 ὶργασίᾳ
3143 5510 3459 5584 θαμϐεῑσθαι
3509 5513 3600 5562 καὶ
3630 5510 3858 5568 έκπλήτ-

2426 5667 2473 5701 ⁸⁸
2499 5667 2670 5722 Joan.
2695 5681 2813 5733 xiv,
2843 5668 2932 5734 2t,
2966 5666 3051 5721 23.
