  <div class='ocr_page' id='page_1' title='image "/cluster/home/n/w/nwhite01/storage/ocr_20150623/34/hvd.32044073501835/390.png"; bbox 0 0 4082 6196; ppageno 0'>
   <div class='ocr_carea' id='block_1_1' title="bbox 261 285 360 340">
    <p class='ocr_par' dir='ltr' id='par_1_1' title="bbox 261 285 360 340">
     <span class='ocr_line' id='line_1_1' title="bbox 261 285 360 340; baseline 0 0"><span class='ocrx_word' id='word_1_1' title='bbox 261 285 360 340; x_wconf 86' lang='grc'>761</span> 
     </span>
    </p>
   </div>
   <div class='ocr_carea' id='block_1_2' title="bbox 1441 285 2560 360">
    <p class='ocr_par' dir='ltr' id='par_1_2' title="bbox 1441 285 2560 360">
     <span class='ocr_line' id='line_1_2' title="bbox 1441 285 2560 360; baseline 0.003 -18"><span class='ocrx_word' id='word_1_2' title='bbox 1441 285 1776 344; x_wconf 68' lang='grc' dir='ltr'>ΗΟΜΙΙΜΕ.</span> <span class='ocrx_word' id='word_1_3' title='bbox 1813 320 1881 330; x_wconf 89' lang='lat'>-—</span> <span class='ocrx_word' id='word_1_4' title='bbox 1922 285 2096 344; x_wconf 79' lang='lat' dir='ltr'>HOM.</span> <span class='ocrx_word' id='word_1_5' title='bbox 2141 288 2407 360; x_wconf 84' lang='lat' dir='ltr'><strong>XXXIX,</strong></span> <span class='ocrx_word' id='word_1_6' title='bbox 2447 290 2560 347; x_wconf 86' lang='lat' dir='ltr'>XL.</span> 
     </span>
    </p>
   </div>
   <div class='ocr_carea' id='block_1_3' title="bbox 3525 294 3630 350">
    <p class='ocr_par' dir='ltr' id='par_1_3' title="bbox 3525 294 3630 350">
     <span class='ocr_line' id='line_1_3' title="bbox 3525 294 3630 350; baseline 0 0"><span class='ocrx_word' id='word_1_7' title='bbox 3525 294 3630 350; x_wconf 84' lang='lat'>762</span> 
     </span>
    </p>
   </div>
   <div class='ocr_carea' id='block_1_4' title="bbox 261 411 1849 490">
    <p class='ocr_par' dir='ltr' id='par_1_4' title="bbox 261 411 1849 489">
     <span class='ocr_line' id='line_1_4' title="bbox 261 411 1849 489; baseline 0.003 -27"><span class='ocrx_word' id='word_1_8' title='bbox 261 412 448 463; x_wconf 87' lang='grc' dir='ltr'>τεσθαι</span> <span class='ocrx_word' id='word_1_9' title='bbox 477 418 590 472; x_wconf 89' lang='grc' dir='ltr'>πῶς</span> <span class='ocrx_word' id='word_1_10' title='bbox 647 411 922 485; x_wconf 77' lang='grc' dir='ltr'>ἕσοφίσθη.</span> <span class='ocrx_word' id='word_1_11' title='bbox 984 415 1202 478; x_wconf 82' lang='grc' dir='ltr'>Λοιπὸν,</span> <span class='ocrx_word' id='word_1_12' title='bbox 1258 413 1469 485; x_wconf 75' lang='grc' dir='ltr'>φωτίζει</span> <span class='ocrx_word' id='word_1_13' title='bbox 1502 414 1532 473; x_wconf 82' lang='grc' dir='ltr'><strong>ἠ</strong></span> <span class='ocrx_word' id='word_1_14' title='bbox 1565 416 1730 489; x_wconf 84' lang='grc' dir='ltr'>χάρις</span> <span class='ocrx_word' id='word_1_15' title='bbox 1779 418 1849 467; x_wconf 76' lang='grc' dir='ltr'>αὑ</span> 
     </span>
    </p>
   </div>
   <div class='ocr_carea' id='block_1_5' title="bbox 1966 411 3628 490">
    <p class='ocr_par' dir='ltr' id='par_1_5' title="bbox 1980 415 3628 490">
     <span class='ocr_line' id='line_1_5' title="bbox 1980 415 3628 490; baseline 0.005 -21"><span class='ocrx_word' id='word_1_16' title='bbox 1980 415 2160 472; x_wconf 87' lang='lat' dir='ltr'>Porro</span> <span class='ocrx_word' id='word_1_17' title='bbox 2205 416 2624 489; x_wconf 86' lang='lat' dir='ltr'>gratiaipsum</span> <span class='ocrx_word' id='word_1_18' title='bbox 2652 416 2969 487; x_wconf 88' lang='lat' dir='ltr'>illuminat,</span> <span class='ocrx_word' id='word_1_19' title='bbox 3023 417 3245 488; x_wconf 86' lang='lat' dir='ltr'>dirigit,</span> <span class='ocrx_word' id='word_1_20' title='bbox 3304 420 3628 490; x_wconf 82' lang='lat' dir='ltr'>paciﬁcum</span> 
     </span>
    </p>
   </div>
   <div class='ocr_carea' id='block_1_6' title="bbox 257 497 1866 577">
    <p class='ocr_par' dir='ltr' id='par_1_6' title="bbox 257 497 1866 577">
     <span class='ocr_line' id='line_1_6' title="bbox 257 497 1866 577; baseline 0.004 -26"><span class='ocrx_word' id='word_1_21' title='bbox 257 504 370 566; x_wconf 84' lang='grc' dir='ltr'>τὸν,</span> <span class='ocrx_word' id='word_1_22' title='bbox 437 497 646 573; x_wconf 80' lang='grc' dir='ltr'>ὁδηγεῖ,</span> <span class='ocrx_word' id='word_1_23' title='bbox 702 501 968 577; x_wconf 78' lang='grc' dir='ltr'>εἰρηνεύει,</span> <span class='ocrx_word' id='word_1_24' title='bbox 1047 501 1315 574; x_wconf 83' lang='grc' dir='ltr'>ἀγαθὺνει,</span> <span class='ocrx_word' id='word_1_25' title='bbox 1387 505 1454 556; x_wconf 81' lang='grc' dir='ltr'>τὰ</span> <span class='ocrx_word' id='word_1_26' title='bbox 1513 506 1682 556; x_wconf 89' lang='grc' dir='ltr'>πάντα</span> <span class='ocrx_word' id='word_1_27' title='bbox 1732 505 1866 558; x_wconf 84' lang='grc' dir='ltr'>οὖσα</span> 
     </span>
    </p>
   </div>
   <div class='ocr_carea' id='block_1_7' title="bbox 260 591 1864 667">
    <p class='ocr_par' dir='ltr' id='par_1_7' title="bbox 260 591 1864 667">
     <span class='ocr_line' id='line_1_7' title="bbox 260 591 1864 667; baseline 0.002 -25"><span class='ocrx_word' id='word_1_28' title='bbox 260 591 375 642; x_wconf 89' lang='grc' dir='ltr'>θεία</span> <span class='ocrx_word' id='word_1_29' title='bbox 429 595 522 643; x_wconf 80' lang='grc' dir='ltr'>καὶ</span> <span class='ocrx_word' id='word_1_30' title='bbox 570 592 906 666; x_wconf 65' lang='grc' dir='ltr'>ἓπουράνιοςυ</span> <span class='ocrx_word' id='word_1_31' title='bbox 981 592 1115 644; x_wconf 82' lang='grc' dir='ltr'>ὥστε</span> <span class='ocrx_word' id='word_1_32' title='bbox 1169 595 1294 667; x_wconf 88' lang='grc' dir='ltr'>πρὸς</span> <span class='ocrx_word' id='word_1_33' title='bbox 1343 595 1620 665; x_wconf 77' lang='grc' dir='ltr'>σύγκρισιν</span> <span class='ocrx_word' id='word_1_34' title='bbox 1674 591 1864 647; x_wconf 78' lang='grc' dir='ltr'>ἐκείνου</span> 
     </span>
    </p>
   </div>
   <div class='ocr_carea' id='block_1_8' title="bbox 257 675 1863 756">
    <p class='ocr_par' dir='ltr' id='par_1_8' title="bbox 257 675 1863 756">
     <span class='ocr_line' id='line_1_8' title="bbox 257 675 1863 756; baseline 0.002 -24"><span class='ocrx_word' id='word_1_35' title='bbox 257 675 497 751; x_wconf 84' lang='grc' dir='ltr'>βασιλεῖς</span> <span class='ocrx_word' id='word_1_36' title='bbox 539 683 630 732; x_wconf 80' lang='grc' dir='ltr'>καὶ</span> <span class='ocrx_word' id='word_1_37' title='bbox 684 676 964 752; x_wconf 77' lang='grc' dir='ltr'>δυνάστας,</span> <span class='ocrx_word' id='word_1_38' title='bbox 1000 685 1193 753; x_wconf 80' lang='grc' dir='ltr'>σοφοὺς</span> <span class='ocrx_word' id='word_1_39' title='bbox 1243 687 1332 734; x_wconf 81' lang='grc' dir='ltr'>καὶ</span> <span class='ocrx_word' id='word_1_40' title='bbox 1385 681 1766 756; x_wconf 70' lang='grc' dir='ltr'>ἀξιωματικοὺς</span> <span class='ocrx_word' id='word_1_41' title='bbox 1796 686 1863 746; x_wconf 84' lang='grc' dir='ltr'>ὡς</span> 
     </span>
    </p>
   </div>
   <div class='ocr_carea' id='block_1_9' title="bbox 255 767 1864 846">
    <p class='ocr_par' dir='ltr' id='par_1_9' title="bbox 255 767 1864 846">
     <span class='ocr_line' id='line_1_9' title="bbox 255 767 1864 846; baseline 0.002 -26"><span class='ocrx_word' id='word_1_42' title='bbox 255 767 577 840; x_wconf 72' lang='grc' dir='ltr'>ἐλαχίστους</span> <span class='ocrx_word' id='word_1_43' title='bbox 629 774 721 822; x_wconf 81' lang='grc' dir='ltr'>καὶ</span> <span class='ocrx_word' id='word_1_44' title='bbox 780 769 992 832; x_wconf 77' lang='grc' dir='ltr'>εὐτελεῖς</span> <span class='ocrx_word' id='word_1_45' title='bbox 1070 771 1335 843; x_wconf 79' lang='grc' dir='ltr'>ἡγεῖσθαι.</span> <span class='ocrx_word' id='word_1_46' title='bbox 1381 774 1526 825; x_wconf 79' lang='grc' dir='ltr'>Μετὰ</span> <span class='ocrx_word' id='word_1_47' title='bbox 1573 768 1632 824; x_wconf 68' lang='grc' dir='ltr'>δὲ</span> <span class='ocrx_word' id='word_1_48' title='bbox 1682 774 1864 846; x_wconf 78' lang='grc' dir='ltr'>καιρὸν</span> 
     </span>
    </p>
   </div>
   <div class='ocr_carea' id='block_1_10' title="bbox 257 857 1864 934">
    <p class='ocr_par' dir='ltr' id='par_1_10' title="bbox 257 857 1864 934">
     <span class='ocr_line' id='line_1_10' title="bbox 257 857 1864 934; baseline 0.002 -25"><span class='ocrx_word' id='word_1_49' title='bbox 257 862 346 910; x_wconf 73' lang='grc' dir='ltr'>καὶ</span> <span class='ocrx_word' id='word_1_50' title='bbox 384 859 525 933; x_wconf 84' lang='grc' dir='ltr'>ὤραν</span> <span class='ocrx_word' id='word_1_51' title='bbox 576 857 950 931; x_wconf 85' lang='grc' dir='ltr'>μεταϐάλλεταί</span> <span class='ocrx_word' id='word_1_52' title='bbox 1004 861 1072 912; x_wconf 82' lang='grc' dir='ltr'>τὰ</span> <span class='ocrx_word' id='word_1_53' title='bbox 1112 861 1414 934; x_wconf 88' lang='grc' dir='ltr'>πράγματα,</span> <span class='ocrx_word' id='word_1_54' title='bbox 1473 862 1607 914; x_wconf 84' lang='grc' dir='ltr'>ὥστε</span> <span class='ocrx_word' id='word_1_55' title='bbox 1657 860 1709 924; x_wconf 74' lang='grc' dir='ltr'><strong>ἐξ</strong></span> <span class='ocrx_word' id='word_1_56' title='bbox 1739 860 1864 920; x_wconf 80' lang='grc' dir='ltr'>ἁλη-</span> 
     </span>
    </p>
   </div>
   <div class='ocr_carea' id='block_1_11' title="bbox 263 949 1863 1023">
    <p class='ocr_par' dir='ltr' id='par_1_11' title="bbox 263 949 1863 1023">
     <span class='ocr_line' id='line_1_11' title="bbox 263 949 1863 1023; baseline 0.001 -24"><span class='ocrx_word' id='word_1_57' title='bbox 263 949 400 1009; x_wconf 87' lang='grc' dir='ltr'>θείας</span> <span class='ocrx_word' id='word_1_58' title='bbox 455 950 543 999; x_wconf 87' lang='grc' dir='ltr'>τὸν</span> <span class='ocrx_word' id='word_1_59' title='bbox 609 955 844 1000; x_wconf 81' lang='grc' dir='ltr'>τοιοῦτον</span> <span class='ocrx_word' id='word_1_60' title='bbox 893 949 1069 1002; x_wconf 72' lang='grc' dir='ltr'>ἑαυτὸν</span> <span class='ocrx_word' id='word_1_61' title='bbox 1140 950 1389 1020; x_wconf 75' lang='grc' dir='ltr'>ἡγεῖσθαι</span> <span class='ocrx_word' id='word_1_62' title='bbox 1439 949 1863 1023; x_wconf 85' lang='grc' dir='ltr'>ἁμαρτωλότερον</span> 
     </span>
    </p>
   </div>
   <div class='ocr_carea' id='block_1_12' title="bbox 262 1034 1863 1114">
    <p class='ocr_par' dir='ltr' id='par_1_12' title="bbox 262 1034 1863 1114">
     <span class='ocr_line' id='line_1_12' title="bbox 262 1034 1863 1114; baseline 0.003 -27"><span class='ocrx_word' id='word_1_63' title='bbox 262 1037 463 1088; x_wconf 80' lang='grc' dir='ltr'>πάντων</span> <span class='ocrx_word' id='word_1_64' title='bbox 523 1034 806 1112; x_wconf 80' lang='grc' dir='ltr'>ἀνθρώπων</span> <span class='ocrx_word' id='word_1_65' title='bbox 835 1055 848 1068; x_wconf 87' lang='grc'>·</span> <span class='ocrx_word' id='word_1_66' title='bbox 905 1042 993 1090; x_wconf 79' lang='grc' dir='ltr'>καὶ</span> <span class='ocrx_word' id='word_1_67' title='bbox 1053 1037 1208 1090; x_wconf 88' lang='grc' dir='ltr'>πάλιν</span> <span class='ocrx_word' id='word_1_68' title='bbox 1267 1038 1392 1112; x_wconf 75' lang='grc' dir='ltr'>ἄλλη</span> <span class='ocrx_word' id='word_1_69' title='bbox 1427 1041 1555 1114; x_wconf 80' lang='grc' dir='ltr'>ὥρᾳ,</span> <span class='ocrx_word' id='word_1_70' title='bbox 1597 1041 1718 1113; x_wconf 79' lang='grc' dir='ltr'>ὁρᾷν</span> <span class='ocrx_word' id='word_1_71' title='bbox 1749 1039 1863 1092; x_wconf 82' lang='grc' dir='ltr'>ἑαυ-</span> 
     </span>
    </p>
   </div>
   <div class='ocr_carea' id='block_1_13' title="bbox 271 1122 1862 1202">
    <p class='ocr_par' dir='ltr' id='par_1_13' title="bbox 271 1122 1862 1202">
     <span class='ocr_line' id='line_1_13' title="bbox 271 1122 1862 1202; baseline 0.002 -24"><span class='ocrx_word' id='word_1_72' title='bbox 271 1127 355 1178; x_wconf 82' lang='grc' dir='ltr'>τὸν</span> <span class='ocrx_word' id='word_1_73' title='bbox 385 1125 490 1178; x_wconf 82' lang='grc' dir='ltr'>οἷον</span> <span class='ocrx_word' id='word_1_74' title='bbox 517 1122 740 1198; x_wconf 77' lang='grc' dir='ltr'>βασιλέα</span> <span class='ocrx_word' id='word_1_75' title='bbox 782 1131 1028 1199; x_wconf 73' lang='grc' dir='ltr'>μέγιστον</span> <span class='ocrx_word' id='word_1_76' title='bbox 1054 1127 1302 1193; x_wconf 71' lang='grc' dir='ltr'>ἐξαίσιον,</span> <span class='ocrx_word' id='word_1_77' title='bbox 1353 1129 1382 1188; x_wconf 80' lang='grc' dir='ltr'><strong>ἣ</strong></span> <span class='ocrx_word' id='word_1_78' title='bbox 1415 1125 1680 1187; x_wconf 73' lang='grc' dir='ltr'>δυνάστην</span> <span class='ocrx_word' id='word_1_79' title='bbox 1721 1129 1862 1202; x_wconf 71' lang='grc' dir='ltr'>φίλον</span> 
     </span>
    </p>
   </div>
   <div class='ocr_carea' id='block_1_14' title="bbox 276 1213 1863 1291">
    <p class='ocr_par' dir='ltr' id='par_1_14' title="bbox 276 1213 1863 1291">
     <span class='ocr_line' id='line_1_14' title="bbox 276 1213 1863 1291; baseline 0.003 -25"><span class='ocrx_word' id='word_1_80' title='bbox 276 1213 536 1286; x_wconf 75' lang='grc' dir='ltr'>βασιλέως</span> <span class='ocrx_word' id='word_1_81' title='bbox 562 1234 575 1248; x_wconf 87' lang='grc'><strong>·</strong></span> <span class='ocrx_word' id='word_1_82' title='bbox 626 1215 780 1268; x_wconf 88' lang='grc' dir='ltr'>πάλιν</span> <span class='ocrx_word' id='word_1_83' title='bbox 835 1215 960 1291; x_wconf 76' lang='grc' dir='ltr'>ἄλλη</span> <span class='ocrx_word' id='word_1_84' title='bbox 1018 1217 1129 1291; x_wconf 81' lang='grc' dir='ltr'>ὥρᾳ</span> <span class='ocrx_word' id='word_1_85' title='bbox 1188 1217 1366 1270; x_wconf 86' lang='grc' dir='ltr'>ἑαυτόν</span> <span class='ocrx_word' id='word_1_86' title='bbox 1397 1220 1520 1290; x_wconf 80' lang='grc' dir='ltr'>ὁρᾲν</span> <span class='ocrx_word' id='word_1_87' title='bbox 1551 1217 1739 1277; x_wconf 80' lang='grc' dir='ltr'>ἀσθενῆ</span> <span class='ocrx_word' id='word_1_88' title='bbox 1773 1223 1863 1271; x_wconf 80' lang='grc' dir='ltr'>καὶ</span> 
     </span>
    </p>
   </div>
   <div class='ocr_carea' id='block_1_15' title="bbox 255 1305 1864 1380">
    <p class='ocr_par' dir='ltr' id='par_1_15' title="bbox 255 1305 1864 1380">
     <span class='ocr_line' id='line_1_15' title="bbox 255 1305 1864 1380; baseline 0.002 -24"><span class='ocrx_word' id='word_1_89' title='bbox 255 1309 501 1376; x_wconf 83' lang='grc' dir='ltr'>πτωχόν.</span> <span class='ocrx_word' id='word_1_90' title='bbox 557 1308 755 1358; x_wconf 80' lang='grc' dir='ltr'><strong>Λοιπὸν</strong></span> <span class='ocrx_word' id='word_1_91' title='bbox 787 1305 856 1368; x_wconf 79' lang='grc' dir='ltr'>εἰς</span> <span class='ocrx_word' id='word_1_92' title='bbox 902 1305 1207 1379; x_wconf 78' lang='grc' dir='ltr'><strong>ἀμηχανίαν</strong></span> <span class='ocrx_word' id='word_1_93' title='bbox 1256 1305 1500 1380; x_wconf 73' lang='grc' dir='ltr'>ἐμπίπτει</span> <span class='ocrx_word' id='word_1_94' title='bbox 1529 1309 1555 1360; x_wconf 89' lang='lat'>6</span> <span class='ocrx_word' id='word_1_95' title='bbox 1583 1316 1721 1378; x_wconf 83' lang='grc' dir='ltr'><strong>νοῦς,</strong></span> <span class='ocrx_word' id='word_1_96' title='bbox 1769 1305 1864 1360; x_wconf 75' lang='grc' dir='ltr'>διὰ</span> 
     </span>
    </p>
   </div>
   <div class='ocr_carea' id='block_1_16' title="bbox 251 1391 1861 1470">
    <p class='ocr_par' dir='ltr' id='par_1_16' title="bbox 251 1391 1861 1470">
     <span class='ocr_line' id='line_1_16' title="bbox 251 1391 1861 1470; baseline 0.002 -26"><span class='ocrx_word' id='word_1_97' title='bbox 251 1396 303 1444; x_wconf 90' lang='grc' dir='ltr'>τί</span> <span class='ocrx_word' id='word_1_98' title='bbox 328 1391 517 1458; x_wconf 88' lang='grc' dir='ltr'>οὑτως,</span> <span class='ocrx_word' id='word_1_99' title='bbox 549 1398 638 1447; x_wconf 78' lang='grc' dir='ltr'>καὶ</span> <span class='ocrx_word' id='word_1_100' title='bbox 693 1392 848 1446; x_wconf 88' lang='grc' dir='ltr'>πάλιν</span> <span class='ocrx_word' id='word_1_101' title='bbox 881 1395 1045 1456; x_wconf 85' lang='grc' dir='ltr'>οὑτως</span> <span class='ocrx_word' id='word_1_102' title='bbox 1077 1417 1090 1429; x_wconf 90' lang='grc'><strong>·</strong></span> <span class='ocrx_word' id='word_1_103' title='bbox 1121 1393 1239 1448; x_wconf 76' lang='grc' dir='ltr'>Ὀτι</span> <span class='ocrx_word' id='word_1_104' title='bbox 1271 1397 1296 1448; x_wconf 98' lang='lat'>6</span> <span class='ocrx_word' id='word_1_105' title='bbox 1331 1401 1556 1460; x_wconf 82' lang='grc' dir='ltr'>Σατανᾶς</span> <span class='ocrx_word' id='word_1_106' title='bbox 1581 1395 1861 1470; x_wconf 81' lang='grc' dir='ltr'>μισόκαλος</span> 
     </span>
    </p>
   </div>
   <div class='ocr_carea' id='block_1_17' title="bbox 248 1483 1862 1562">
    <p class='ocr_par' dir='ltr' id='par_1_17' title="bbox 248 1483 1862 1562">
     <span class='ocr_line' id='line_1_17' title="bbox 248 1483 1862 1562; baseline 0.004 -30"><span class='ocrx_word' id='word_1_107' title='bbox 248 1486 339 1550; x_wconf 86' lang='grc' dir='ltr'>ὤν,</span> <span class='ocrx_word' id='word_1_108' title='bbox 381 1484 450 1534; x_wconf 82' lang='grc' dir='ltr'>τὰ</span> <span class='ocrx_word' id='word_1_109' title='bbox 492 1486 696 1559; x_wconf 82' lang='grc' dir='ltr'>πονηρὰ</span> <span class='ocrx_word' id='word_1_110' title='bbox 742 1483 1021 1538; x_wconf 86' lang='grc' dir='ltr'>ὑποϐάλλει</span> <span class='ocrx_word' id='word_1_111' title='bbox 1066 1493 1172 1547; x_wconf 87' lang='grc' dir='ltr'>τοῖς</span> <span class='ocrx_word' id='word_1_112' title='bbox 1221 1489 1315 1544; x_wconf 78' lang='grc' dir='ltr'>τὴν</span> <span class='ocrx_word' id='word_1_113' title='bbox 1358 1485 1544 1560; x_wconf 72' lang='grc' dir='ltr'>ἀρετὴν</span> <span class='ocrx_word' id='word_1_114' title='bbox 1573 1489 1862 1562; x_wconf 83' lang='grc' dir='ltr'>κατορθοῦ-</span> 
     </span>
    </p>
   </div>
   <div class='ocr_carea' id='block_1_18' title="bbox 252 1571 1857 1652">
    <p class='ocr_par' dir='ltr' id='par_1_18' title="bbox 252 1571 1857 1652">
     <span class='ocr_line' id='line_1_18' title="bbox 252 1571 1857 1652; baseline 0.004 -28"><span class='ocrx_word' id='word_1_115' title='bbox 252 1590 330 1637; x_wconf 83' lang='grc' dir='ltr'>σι,</span> <span class='ocrx_word' id='word_1_116' title='bbox 383 1577 477 1626; x_wconf 79' lang='grc' dir='ltr'>καὶ</span> <span class='ocrx_word' id='word_1_117' title='bbox 522 1571 831 1645; x_wconf 62' lang='grc' dir='ltr'>ἀγωνίζεται</span> <span class='ocrx_word' id='word_1_118' title='bbox 869 1593 1062 1639; x_wconf 87' lang='grc' dir='ltr'>αυτους</span> <span class='ocrx_word' id='word_1_119' title='bbox 1113 1575 1478 1649; x_wconf 70' lang='grc' dir='ltr'>μεταστρέψαι</span> <span class='ocrx_word' id='word_1_120' title='bbox 1517 1591 1532 1607; x_wconf 75' lang='grc'>⁸</span> <span class='ocrx_word' id='word_1_121' title='bbox 1566 1579 1712 1652; x_wconf 78' lang='grc' dir='ltr'>ἔργον</span> <span class='ocrx_word' id='word_1_122' title='bbox 1756 1579 1857 1651; x_wconf 84' lang='grc' dir='ltr'>γὰρ</span> 
     </span>
    </p>
   </div>
   <div class='ocr_carea' id='block_1_19' title="bbox 252 1663 572 1734">
    <p class='ocr_par' dir='ltr' id='par_1_19' title="bbox 252 1663 572 1734">
     <span class='ocr_line' id='line_1_19' title="bbox 252 1663 572 1734; baseline 0.013 -20"><span class='ocrx_word' id='word_1_123' title='bbox 252 1663 372 1734; x_wconf 72' lang='grc' dir='ltr'>ἔχει</span> <span class='ocrx_word' id='word_1_124' title='bbox 396 1670 572 1719; x_wconf 86' lang='grc' dir='ltr'>τοῦτο.</span> 
     </span>
    </p>
   </div>
   <div class='ocr_carea' id='block_1_20' title="bbox 327 1856 1858 1935">
    <p class='ocr_par' dir='ltr' id='par_1_20' title="bbox 327 1856 1858 1935">
     <span class='ocr_line' id='line_1_20' title="bbox 327 1856 1858 1935; baseline 0.001 -23"><span class='ocrx_word' id='word_1_125' title='bbox 327 1856 399 1913; x_wconf 83' lang='grc' dir='ltr'>Ε’.</span> <span class='ocrx_word' id='word_1_126' title='bbox 456 1857 613 1912; x_wconf 79' lang='grc' dir='ltr'>Ἀλλὰ</span> <span class='ocrx_word' id='word_1_127' title='bbox 665 1863 730 1912; x_wconf 87' lang='grc' dir='ltr'>σὺ</span> <span class='ocrx_word' id='word_1_128' title='bbox 775 1862 944 1932; x_wconf 82' lang='grc' dir='ltr'>τούτῳ</span> <span class='ocrx_word' id='word_1_129' title='bbox 999 1864 1071 1934; x_wconf 75' lang='grc' dir='ltr'>μὴ</span> <span class='ocrx_word' id='word_1_130' title='bbox 1143 1862 1411 1935; x_wconf 63' lang='grc' dir='ltr'>ὑποταγῆς</span> <span class='ocrx_word' id='word_1_131' title='bbox 1480 1865 1595 1930; x_wconf 78' lang='grc' dir='ltr'>τὴν,</span> <span class='ocrx_word' id='word_1_132' title='bbox 1673 1861 1724 1915; x_wconf 79' lang='grc' dir='ltr'>ἐν</span> <span class='ocrx_word' id='word_1_133' title='bbox 1785 1871 1858 1933; x_wconf 84' lang='grc' dir='ltr'>τῷ</span> 
     </span>
    </p>
   </div>
   <div class='ocr_carea' id='block_1_21' title="bbox 261 1945 1856 2025">
    <p class='ocr_par' dir='ltr' id='par_1_21' title="bbox 261 1945 1856 2025">
     <span class='ocr_line' id='line_1_21' title="bbox 261 1945 1856 2025; baseline 0.003 -26"><span class='ocrx_word' id='word_1_134' title='bbox 261 1949 363 2000; x_wconf 79' lang='grc' dir='ltr'>ἔσω</span> <span class='ocrx_word' id='word_1_135' title='bbox 420 1945 675 2020; x_wconf 80' lang='grc' dir='ltr'>ἀνθρώπῳ</span> <span class='ocrx_word' id='word_1_136' title='bbox 723 1949 1110 2022; x_wconf 73' lang='grc' dir='ltr'>ἑπιτελουμίνην</span> <span class='ocrx_word' id='word_1_137' title='bbox 1179 1947 1520 2010; x_wconf 81' lang='grc' dir='ltr'>δικαιοσύνην</span> <span class='ocrx_word' id='word_1_138' title='bbox 1569 1951 1856 2025; x_wconf 76' lang='grc' dir='ltr'>ἑργαζόμε-</span> 
     </span>
    </p>
   </div>
   <div class='ocr_carea' id='block_1_22' title="bbox 257 2034 1856 2113">
    <p class='ocr_par' dir='ltr' id='par_1_22' title="bbox 257 2034 1856 2113">
     <span class='ocr_line' id='line_1_22' title="bbox 257 2034 1856 2113; baseline 0.004 -27"><span class='ocrx_word' id='word_1_139' title='bbox 257 2055 357 2100; x_wconf 84' lang='grc' dir='ltr'>νος,</span> <span class='ocrx_word' id='word_1_140' title='bbox 405 2034 454 2088; x_wconf 77' lang='grc' dir='ltr'>ἕν</span> <span class='ocrx_word' id='word_1_141' title='bbox 595 2039 654 2089; x_wconf 87' lang='grc' dir='ltr'>τὸ</span> <span class='ocrx_word' id='word_1_142' title='bbox 706 2044 796 2090; x_wconf 81' lang='grc' dir='ltr'>τοῦ</span> <span class='ocrx_word' id='word_1_143' title='bbox 843 2045 1079 2112; x_wconf 79' lang='grc' dir='ltr'>Χριστοῦ</span> <span class='ocrx_word' id='word_1_144' title='bbox 1141 2037 1294 2113; x_wconf 84' lang='grc' dir='ltr'>βῆμα</span> <span class='ocrx_word' id='word_1_145' title='bbox 1368 2039 1580 2099; x_wconf 76' lang='grc' dir='ltr'>ἕστηκεν</span> <span class='ocrx_word' id='word_1_146' title='bbox 1623 2041 1734 2113; x_wconf 80' lang='grc' dir='ltr'>οἶμα</span> <span class='ocrx_word' id='word_1_147' title='bbox 1783 2047 1856 2111; x_wconf 83' lang='grc' dir='ltr'>τῷ</span> 
     </span>
    </p>
   </div>
   <div class='ocr_carea' id='block_1_23' title="bbox 251 2123 1856 2202">
    <p class='ocr_par' dir='ltr' id='par_1_23' title="bbox 251 2123 1856 2202">
     <span class='ocr_line' id='line_1_23' title="bbox 251 2123 1856 2202; baseline 0.003 -27"><span class='ocrx_word' id='word_1_148' title='bbox 251 2123 507 2198; x_wconf 78' lang='grc' dir='ltr'>ἀχράντῳ</span> <span class='ocrx_word' id='word_1_149' title='bbox 554 2126 908 2200; x_wconf 81' lang='grc' dir='ltr'>ἁγιαστηρίῳ,</span> <span class='ocrx_word' id='word_1_150' title='bbox 974 2127 1112 2191; x_wconf 88' lang='grc' dir='ltr'>ὃπως</span> <span class='ocrx_word' id='word_1_151' title='bbox 1142 2132 1198 2180; x_wconf 89' lang='grc' dir='ltr'>τό</span> <span class='ocrx_word' id='word_1_152' title='bbox 1237 2133 1522 2202; x_wconf 84' lang='grc' dir='ltr'>μαρτύριον</span> <span class='ocrx_word' id='word_1_153' title='bbox 1553 2138 1646 2192; x_wconf 79' lang='grc' dir='ltr'>τῆς</span> <span class='ocrx_word' id='word_1_154' title='bbox 1678 2148 1856 2181; x_wconf 87' lang='grc' dir='ltr'>συνει-</span> 
     </span>
    </p>
   </div>
   <div class='ocr_carea' id='block_1_24' title="bbox 251 2209 1856 2294">
    <p class='ocr_par' dir='ltr' id='par_1_24' title="bbox 251 2209 1856 2294">
     <span class='ocr_line' id='line_1_24' title="bbox 251 2209 1856 2294; baseline 0.002 -28"><span class='ocrx_word' id='word_1_155' title='bbox 251 2209 460 2276; x_wconf 82' lang='grc' dir='ltr'>δήσεώς</span> <span class='ocrx_word' id='word_1_156' title='bbox 493 2234 588 2268; x_wconf 93' lang='grc' dir='ltr'>σου</span> <span class='ocrx_word' id='word_1_157' title='bbox 628 2220 964 2288; x_wconf 74' lang='grc' dir='ltr'>καυχήσεται</span> <span class='ocrx_word' id='word_1_158' title='bbox 1016 2217 1066 2269; x_wconf 73' lang='grc' dir='ltr'>ἐν</span> <span class='ocrx_word' id='word_1_159' title='bbox 1105 2226 1174 2288; x_wconf 82' lang='grc' dir='ltr'>τῷ</span> <span class='ocrx_word' id='word_1_160' title='bbox 1227 2227 1436 2292; x_wconf 79' lang='grc' dir='ltr'>σταυρῷ</span> <span class='ocrx_word' id='word_1_161' title='bbox 1479 2225 1571 2271; x_wconf 82' lang='grc' dir='ltr'>τοῦ</span> <span class='ocrx_word' id='word_1_162' title='bbox 1599 2226 1856 2294; x_wconf 78' lang='grc' dir='ltr'>Χριστοῦ,</span> 
     </span>
    </p>
   </div>
   <div class='ocr_carea' id='block_1_25' title="bbox 246 2304 1856 2382">
    <p class='ocr_par' dir='ltr' id='par_1_25' title="bbox 246 2304 1856 2382">
     <span class='ocr_line' id='line_1_25' title="bbox 246 2304 1856 2382; baseline 0.002 -28"><span class='ocrx_word' id='word_1_163' title='bbox 246 2311 345 2356; x_wconf 83' lang='grc' dir='ltr'>τοῦ</span> <span class='ocrx_word' id='word_1_164' title='bbox 404 2306 786 2377; x_wconf 77' lang='grc' dir='ltr'>καθαρίσαντός</span> <span class='ocrx_word' id='word_1_165' title='bbox 849 2325 942 2358; x_wconf 90' lang='grc' dir='ltr'>σου</span> <span class='ocrx_word' id='word_1_166' title='bbox 1006 2311 1100 2366; x_wconf 73' lang='grc' dir='ltr'>τὴν</span> <span class='ocrx_word' id='word_1_167' title='bbox 1150 2304 1456 2366; x_wconf 74' lang='grc' dir='ltr'>συνείδησιν</span> <span class='ocrx_word' id='word_1_168' title='bbox 1512 2307 1613 2360; x_wconf 79' lang='grc' dir='ltr'>ἀπὸ</span> <span class='ocrx_word' id='word_1_169' title='bbox 1668 2316 1856 2382; x_wconf 80' lang='grc' dir='ltr'>νεκρῶν</span> 
     </span>
    </p>
   </div>
   <div class='ocr_carea' id='block_1_26' title="bbox 247 2393 1858 2472">
    <p class='ocr_par' dir='ltr' id='par_1_26' title="bbox 247 2393 1858 2472">
     <span class='ocr_line' id='line_1_26' title="bbox 247 2393 1858 2472; baseline 0.003 -28"><span class='ocrx_word' id='word_1_170' title='bbox 247 2393 440 2464; x_wconf 69' lang='grc' dir='ltr'>ἔργων,</span> <span class='ocrx_word' id='word_1_171' title='bbox 502 2394 585 2445; x_wconf 81' lang='grc' dir='ltr'>ἵνα</span> <span class='ocrx_word' id='word_1_172' title='bbox 640 2403 712 2465; x_wconf 84' lang='grc' dir='ltr'>τῷ</span> <span class='ocrx_word' id='word_1_173' title='bbox 771 2397 1023 2466; x_wconf 83' lang='grc' dir='ltr'>πνεύματί</span> <span class='ocrx_word' id='word_1_174' title='bbox 1081 2415 1176 2448; x_wconf 92' lang='grc' dir='ltr'>σου</span> <span class='ocrx_word' id='word_1_175' title='bbox 1244 2401 1351 2468; x_wconf 84' lang='grc' dir='ltr'>Θεῷ</span> <span class='ocrx_word' id='word_1_176' title='bbox 1417 2396 1728 2472; x_wconf 74' lang='grc' dir='ltr'>λατρεὺσῃς,</span> <span class='ocrx_word' id='word_1_177' title='bbox 1775 2398 1858 2449; x_wconf 78' lang='grc' dir='ltr'>ἵνα</span> 
     </span>
    </p>
   </div>
   <div class='ocr_carea' id='block_1_27' title="bbox 245 2481 1856 2556">
    <p class='ocr_par' dir='ltr' id='par_1_27' title="bbox 245 2481 1856 2556">
     <span class='ocr_line' id='line_1_27' title="bbox 245 2481 1856 2556; baseline 0.001 -24"><span class='ocrx_word' id='word_1_178' title='bbox 245 2486 388 2548; x_wconf 80' lang='grc' dir='ltr'>γνῷς</span> <span class='ocrx_word' id='word_1_179' title='bbox 407 2481 461 2530; x_wconf 89' lang='grc' dir='ltr'>τί</span> <span class='ocrx_word' id='word_1_180' title='bbox 484 2488 812 2554; x_wconf 75' lang='grc' dir='ltr'>προσκυνεῖς,</span> <span class='ocrx_word' id='word_1_181' title='bbox 838 2483 976 2532; x_wconf 82' lang='grc' dir='ltr'>κατὰ</span> <span class='ocrx_word' id='word_1_182' title='bbox 1004 2484 1091 2533; x_wconf 85' lang='grc' dir='ltr'>τὸν</span> <span class='ocrx_word' id='word_1_183' title='bbox 1125 2481 1354 2535; x_wconf 78' lang='grc' dir='ltr'>εἰπόντα.</span> <span class='ocrx_word' id='word_1_184' title='bbox 1409 2481 1618 2555; x_wconf 83' lang='grc' dir='ltr'>’Πμεῖς</span> <span class='ocrx_word' id='word_1_185' title='bbox 1665 2501 1783 2556; x_wconf 88' lang='grc' dir='ltr'>προ</span> <span class='ocrx_word' id='word_1_186' title='bbox 1800 2501 1856 2534; x_wconf 88' lang='grc' dir='ltr'>σ-</span> 
     </span>
    </p>
   </div>
   <div class='ocr_carea' id='block_1_28' title="bbox 253 2565 1856 2644">
    <p class='ocr_par' dir='ltr' id='par_1_28' title="bbox 253 2565 1856 2644">
     <span class='ocr_line' id='line_1_28' title="bbox 253 2565 1856 2644; baseline 0.002 -24"><span class='ocrx_word' id='word_1_187' title='bbox 253 2575 581 2641; x_wconf 75' lang='grc' dir='ltr'>κυνοῦμεν</span> <span class='ocrx_word' id='word_1_188' title='bbox 630 2570 656 2622; x_wconf 86' lang='grc' dir='ltr'><strong>ὅ</strong></span> <span class='ocrx_word' id='word_1_189' title='bbox 704 2565 998 2643; x_wconf 81' lang='grc' dir='ltr'>οἴδαμεν.</span> <span class='ocrx_word' id='word_1_190' title='bbox 1056 2573 1311 2629; x_wconf 84' lang='grc' dir='ltr'>Πείσθητι</span> <span class='ocrx_word' id='word_1_191' title='bbox 1354 2580 1425 2642; x_wconf 86' lang='grc' dir='ltr'>τῷ</span> <span class='ocrx_word' id='word_1_192' title='bbox 1481 2568 1760 2644; x_wconf 75' lang='grc' dir='ltr'>ὀδηγοῦντί</span> <span class='ocrx_word' id='word_1_193' title='bbox 1799 2591 1856 2624; x_wconf 93' lang='grc' dir='ltr'>σε</span> 
     </span>
    </p>
   </div>
   <div class='ocr_carea' id='block_1_29' title="bbox 253 2658 1856 2733">
    <p class='ocr_par' dir='ltr' id='par_1_29' title="bbox 253 2658 1856 2733">
     <span class='ocr_line' id='line_1_29' title="bbox 253 2658 1856 2733; baseline 0.002 -23"><span class='ocrx_word' id='word_1_194' title='bbox 253 2664 395 2728; x_wconf 63' lang='grc' dir='ltr'>Θεῷ,</span> <span class='ocrx_word' id='word_1_195' title='bbox 446 2661 814 2717; x_wconf 80' lang='grc' dir='ltr'>κοινωνησάτω</span> <span class='ocrx_word' id='word_1_196' title='bbox 843 2660 874 2718; x_wconf 77' lang='grc' dir='ltr'>ἡ</span> <span class='ocrx_word' id='word_1_197' title='bbox 907 2658 1062 2730; x_wconf 72' lang='grc' dir='ltr'>ψυχή</span> <span class='ocrx_word' id='word_1_198' title='bbox 1115 2679 1210 2712; x_wconf 91' lang='grc' dir='ltr'>σου</span> <span class='ocrx_word' id='word_1_199' title='bbox 1257 2669 1326 2732; x_wconf 82' lang='grc' dir='ltr'>τῷ</span> <span class='ocrx_word' id='word_1_200' title='bbox 1367 2667 1501 2733; x_wconf 81' lang='grc' dir='ltr'>Θεῷ,</span> <span class='ocrx_word' id='word_1_201' title='bbox 1531 2663 1600 2724; x_wconf 86' lang='grc' dir='ltr'>ὡς</span> <span class='ocrx_word' id='word_1_202' title='bbox 1625 2669 1856 2714; x_wconf 80' lang='grc' dir='ltr'>κοινωνεῖ</span> 
     </span>
    </p>
   </div>
   <div class='ocr_carea' id='block_1_30' title="bbox 239 2747 1856 2824">
    <p class='ocr_par' dir='ltr' id='par_1_30' title="bbox 239 2747 1856 2824">
     <span class='ocr_line' id='line_1_30' title="bbox 239 2747 1856 2824; baseline 0.004 -28"><span class='ocrx_word' id='word_1_203' title='bbox 239 2747 426 2818; x_wconf 67' lang='grc' dir='ltr'>νύμφη</span> <span class='ocrx_word' id='word_1_204' title='bbox 455 2752 658 2820; x_wconf 72' lang='grc' dir='ltr'>νυμφίῳ</span> <span class='ocrx_word' id='word_1_205' title='bbox 692 2764 705 2777; x_wconf 91' lang='grc'><strong>·</strong></span> <span class='ocrx_word' id='word_1_206' title='bbox 760 2751 839 2802; x_wconf 89' lang='grc' dir='ltr'>Τὸ</span> <span class='ocrx_word' id='word_1_207' title='bbox 898 2751 1020 2820; x_wconf 83' lang='grc' dir='ltr'>γὰρ</span> <span class='ocrx_word' id='word_1_208' title='bbox 1065 2754 1429 2822; x_wconf 76' lang='grc' dir='ltr'>μυστήριον</span> <span class='ocrx_word' id='word_1_209' title='bbox 1467 2758 1656 2803; x_wconf 82' lang='grc' dir='ltr'>τοῦτο</span> <span class='ocrx_word' id='word_1_210' title='bbox 1693 2754 1856 2824; x_wconf 85' lang='grc' dir='ltr'>μίγα</span> 
     </span>
    </p>
   </div>
   <div class='ocr_carea' id='block_1_31' title="bbox 239 2834 1852 2914">
    <p class='ocr_par' dir='ltr' id='par_1_31' title="bbox 239 2834 1852 2914">
     <span class='ocr_line' id='line_1_31' title="bbox 239 2834 1852 2914; baseline 0.002 -26"><span class='ocrx_word' id='word_1_211' title='bbox 239 2834 411 2899; x_wconf 73' lang='grc' dir='ltr'>ἐστὶ,</span> <span class='ocrx_word' id='word_1_212' title='bbox 443 2841 624 2908; x_wconf 75' lang='grc' dir='ltr'>φησὶν,</span> <span class='ocrx_word' id='word_1_213' title='bbox 670 2839 786 2909; x_wconf 73' lang='grc' dir='ltr'>ἑγὼ</span> <span class='ocrx_word' id='word_1_214' title='bbox 818 2835 887 2891; x_wconf 67' lang='grc' dir='ltr'>δε</span> <span class='ocrx_word' id='word_1_215' title='bbox 914 2837 1074 2910; x_wconf 76' lang='grc' dir='ltr'>λέγω</span> <span class='ocrx_word' id='word_1_216' title='bbox 1128 2838 1216 2900; x_wconf 83' lang='grc' dir='ltr'>εἰς</span> <span class='ocrx_word' id='word_1_217' title='bbox 1247 2843 1527 2914; x_wconf 81' lang='grc' dir='ltr'>Χριστὸν</span> <span class='ocrx_word' id='word_1_218' title='bbox 1557 2844 1645 2893; x_wconf 75' lang='grc' dir='ltr'>καὶ</span> <span class='ocrx_word' id='word_1_219' title='bbox 1673 2840 1852 2903; x_wconf 80' lang='grc' dir='ltr'>εἰςτήν</span> 
     </span>
    </p>
   </div>
   <div class='ocr_carea' id='block_1_32' title="bbox 244 2924 1742 3003">
    <p class='ocr_par' dir='ltr' id='par_1_32' title="bbox 244 2924 1742 3003">
     <span class='ocr_line' id='line_1_32' title="bbox 244 2924 1742 3003; baseline 0.006 -26"><span class='ocrx_word' id='word_1_220' title='bbox 244 2924 462 2999; x_wconf 85' lang='grc' dir='ltr'>ἆαωμον</span> <span class='ocrx_word' id='word_1_221' title='bbox 491 2925 698 2999; x_wconf 75' lang='grc' dir='ltr'>ψυχὴν.</span> <span class='ocrx_word' id='word_1_222' title='bbox 725 2927 748 2947; x_wconf 80' lang='grc'><em>”</em></span> <span class='ocrx_word' id='word_1_223' title='bbox 770 2929 865 3001; x_wconf 76' lang='grc' dir='ltr'><strong>ῼή</strong></span> <span class='ocrx_word' id='word_1_224' title='bbox 896 2925 1032 3001; x_wconf 56' lang='lat' dir='ltr'>Jeep</span> <span class='ocrx_word' id='word_1_225' title='bbox 1071 2928 1142 2992; x_wconf 87' lang='grc' dir='ltr'>είς</span> <span class='ocrx_word' id='word_1_226' title='bbox 1171 2933 1292 2991; x_wconf 83' lang='grc' dir='ltr'>τοὺς</span> <span class='ocrx_word' id='word_1_227' title='bbox 1315 2929 1524 2993; x_wconf 83' lang='grc' dir='ltr'>αἰῶνας.</span> <span class='ocrx_word' id='word_1_228' title='bbox 1553 2927 1742 3003; x_wconf 80' lang='grc' dir='ltr'>Ἀμήν.</span> 
     </span>
    </p>
   </div>
   <div class='ocr_carea' id='block_1_33' title="bbox 839 3054 1263 3111">
    <p class='ocr_par' dir='ltr' id='par_1_33' title="bbox 839 3054 1263 3111">
     <span class='ocr_line' id='line_1_33' title="bbox 839 3054 1263 3111; baseline 0.007 -4"><span class='ocrx_word' id='word_1_229' title='bbox 839 3056 1087 3109; x_wconf 84' lang='grc' dir='ltr'>ΟΜΙΛΙΑ</span> <span class='ocrx_word' id='word_1_230' title='bbox 1129 3054 1263 3111; x_wconf 85' lang='grc' dir='ltr'>ΛΘ’.</span> 
     </span>
    </p>
   </div>
   <div class='ocr_carea' id='block_1_34' title="bbox 1976 505 3630 579">
    <p class='ocr_par' dir='ltr' id='par_1_34' title="bbox 1976 505 3630 579">
     <span class='ocr_line' id='line_1_34' title="bbox 1976 505 3630 579; baseline 0.005 -20"><span class='ocrx_word' id='word_1_231' title='bbox 1976 505 2188 569; x_wconf 86' lang='lat' dir='ltr'>reddit,</span> <span class='ocrx_word' id='word_1_232' title='bbox 2222 522 2292 561; x_wconf 89' lang='lat' dir='ltr'>ac</span> <span class='ocrx_word' id='word_1_233' title='bbox 2322 506 2547 561; x_wconf 89' lang='lat' dir='ltr'>bonum</span> <span class='ocrx_word' id='word_1_234' title='bbox 2571 505 2768 570; x_wconf 86' lang='lat' dir='ltr'>efﬁcit,</span> <span class='ocrx_word' id='word_1_235' title='bbox 2797 523 2932 579; x_wconf 82' lang='lat' dir='ltr'>quae</span> <span class='ocrx_word' id='word_1_236' title='bbox 2958 507 3149 576; x_wconf 89' lang='lat' dir='ltr'>gratia</span> <span class='ocrx_word' id='word_1_237' title='bbox 3183 523 3286 579; x_wconf 86' lang='lat' dir='ltr'>per</span> <span class='ocrx_word' id='word_1_238' title='bbox 3314 511 3519 567; x_wconf 86' lang='lat' dir='ltr'>omnia</span> <span class='ocrx_word' id='word_1_239' title='bbox 3545 511 3630 568; x_wconf 91' lang='lat' dir='ltr'>di-</span> 
     </span>
    </p>
   </div>
   <div class='ocr_carea' id='block_1_35' title="bbox 1979 594 3630 671">
    <p class='ocr_par' dir='ltr' id='par_1_35' title="bbox 1979 594 3630 671">
     <span class='ocr_line' id='line_1_35' title="bbox 1979 594 3630 671; baseline 0.007 -25"><span class='ocrx_word' id='word_1_240' title='bbox 1979 595 2113 650; x_wconf 82' lang='lat' dir='ltr'>vina</span> <span class='ocrx_word' id='word_1_241' title='bbox 2141 602 2198 649; x_wconf 90' lang='lat' dir='ltr'>et</span> <span class='ocrx_word' id='word_1_242' title='bbox 2221 594 2472 650; x_wconf 72' lang='lat' dir='ltr'>cmlestis</span> <span class='ocrx_word' id='word_1_243' title='bbox 2505 611 2520 660; x_wconf 91' lang='lat'><strong>;</strong></span> <span class='ocrx_word' id='word_1_244' title='bbox 2552 603 2611 649; x_wconf 91' lang='lat' dir='ltr'>ut</span> <span class='ocrx_word' id='word_1_245' title='bbox 2641 595 2956 652; x_wconf 79' lang='lat' dir='ltr'>collatione</span> <span class='ocrx_word' id='word_1_246' title='bbox 3008 598 3139 668; x_wconf 88' lang='lat' dir='ltr'>ejus</span> <span class='ocrx_word' id='word_1_247' title='bbox 3187 613 3376 668; x_wconf 80' lang='lat' dir='ltr'>reges.</span> <span class='ocrx_word' id='word_1_248' title='bbox 3417 608 3630 671; x_wconf 89' lang='lat' dir='ltr'>poten-</span> 
     </span>
    </p>
   </div>
   <div class='ocr_carea' id='block_1_36' title="bbox 1977 684 3627 755">
    <p class='ocr_par' dir='ltr' id='par_1_36' title="bbox 1977 684 3627 755">
     <span class='ocr_line' id='line_1_36' title="bbox 1977 684 3627 755; baseline 0.004 -17"><span class='ocrx_word' id='word_1_249' title='bbox 1977 688 2080 750; x_wconf 88' lang='lat' dir='ltr'>tes,</span> <span class='ocrx_word' id='word_1_250' title='bbox 2110 684 2427 755; x_wconf 77' lang='lat' dir='ltr'>sapientes,</span> <span class='ocrx_word' id='word_1_251' title='bbox 2460 690 2516 740; x_wconf 91' lang='lat' dir='ltr'>et</span> <span class='ocrx_word' id='word_1_252' title='bbox 2559 685 2619 739; x_wconf 89' lang='lat' dir='ltr'>in</span> <span class='ocrx_word' id='word_1_253' title='bbox 2654 685 2938 754; x_wconf 76' lang='lat' dir='ltr'>dignitate</span> <span class='ocrx_word' id='word_1_254' title='bbox 2983 687 3285 742; x_wconf 90' lang='lat' dir='ltr'>constituti</span> <span class='ocrx_word' id='word_1_255' title='bbox 3331 689 3488 744; x_wconf 89' lang='lat' dir='ltr'>velut</span> <span class='ocrx_word' id='word_1_256' title='bbox 3513 689 3627 745; x_wconf 90' lang='lat' dir='ltr'>mi-</span> 
     </span>
    </p>
   </div>
   <div class='ocr_carea' id='block_1_37' title="bbox 1974 771 3628 850">
    <p class='ocr_par' dir='ltr' id='par_1_37' title="bbox 1974 771 3628 850">
     <span class='ocr_line' id='line_1_37' title="bbox 1974 771 3628 850; baseline 0.005 -24"><span class='ocrx_word' id='word_1_257' title='bbox 1974 771 2121 828; x_wconf 87' lang='lat' dir='ltr'>nimi</span> <span class='ocrx_word' id='word_1_258' title='bbox 2156 789 2226 828; x_wconf 89' lang='lat' dir='ltr'>ac</span> <span class='ocrx_word' id='word_1_259' title='bbox 2258 771 2402 828; x_wconf 84' lang='lat' dir='ltr'>viles</span> <span class='ocrx_word' id='word_1_260' title='bbox 2453 779 2817 844; x_wconf 90' lang='lat' dir='ltr'>reputentur.</span> <span class='ocrx_word' id='word_1_261' title='bbox 2867 774 3094 844; x_wconf 82' lang='lat' dir='ltr'>Exiguo</span> <span class='ocrx_word' id='word_1_262' title='bbox 3152 792 3289 832; x_wconf 89' lang='lat' dir='ltr'>vero</span> <span class='ocrx_word' id='word_1_263' title='bbox 3340 779 3628 850; x_wconf 89' lang='lat' dir='ltr'>temporis</span> 
     </span>
    </p>
   </div>
   <div class='ocr_carea' id='block_1_38' title="bbox 1975 861 3628 934">
    <p class='ocr_par' dir='ltr' id='par_1_38' title="bbox 1975 861 3628 934">
     <span class='ocr_line' id='line_1_38' title="bbox 1975 861 3628 934; baseline 0.005 -18"><span class='ocrx_word' id='word_1_264' title='bbox 1975 867 2077 916; x_wconf 89' lang='lat' dir='ltr'>aut</span> <span class='ocrx_word' id='word_1_265' title='bbox 2105 861 2268 917; x_wconf 65' lang='lat' dir='ltr'>horae</span> <span class='ocrx_word' id='word_1_266' title='bbox 2300 862 2494 934; x_wconf 88' lang='lat' dir='ltr'>spatio</span> <span class='ocrx_word' id='word_1_267' title='bbox 2526 869 2678 933; x_wconf 89' lang='lat' dir='ltr'>post,</span> <span class='ocrx_word' id='word_1_268' title='bbox 2711 878 2805 917; x_wconf 92' lang='lat' dir='ltr'>res</span> <span class='ocrx_word' id='word_1_269' title='bbox 2850 863 3265 930; x_wconf 91' lang='lat' dir='ltr'>immutantur,</span> <span class='ocrx_word' id='word_1_270' title='bbox 3303 872 3364 921; x_wconf 92' lang='lat' dir='ltr'>ut</span> <span class='ocrx_word' id='word_1_271' title='bbox 3393 883 3454 922; x_wconf 89' lang='lat' dir='ltr'>re</span> <span class='ocrx_word' id='word_1_272' title='bbox 3484 884 3628 924; x_wconf 90' lang='lat' dir='ltr'>vera</span> 
     </span>
    </p>
   </div>
   <div class='ocr_carea' id='block_1_39' title="bbox 1972 950 3625 1025">
    <p class='ocr_par' dir='ltr' id='par_1_39' title="bbox 1972 950 3625 1025">
     <span class='ocr_line' id='line_1_39' title="bbox 1972 950 3625 1025; baseline 0.005 -20"><span class='ocrx_word' id='word_1_273' title='bbox 1972 950 2021 1005; x_wconf 88' lang='lat' dir='ltr'>is</span> <span class='ocrx_word' id='word_1_274' title='bbox 2073 950 2202 1021; x_wconf 90' lang='lat' dir='ltr'>ipse</span> <span class='ocrx_word' id='word_1_275' title='bbox 2261 967 2322 1007; x_wconf 92' lang='lat' dir='ltr'>se</span> <span class='ocrx_word' id='word_1_276' title='bbox 2377 951 2572 1023; x_wconf 91' lang='lat' dir='ltr'>ipsum</span> <span class='ocrx_word' id='word_1_277' title='bbox 2602 957 2832 1023; x_wconf 87' lang='lat' dir='ltr'>reputet</span> <span class='ocrx_word' id='word_1_278' title='bbox 2886 953 3219 1021; x_wconf 82' lang='lat' dir='ltr'>graviorem</span> <span class='ocrx_word' id='word_1_279' title='bbox 3248 960 3625 1025; x_wconf 87' lang='lat' dir='ltr'>peccatorem</span> 
     </span>
    </p>
   </div>
   <div class='ocr_carea' id='block_1_40' title="bbox 1972 1039 3624 1102">
    <p class='ocr_par' dir='ltr' id='par_1_40' title="bbox 1972 1039 3624 1102">
     <span class='ocr_line' id='line_1_40' title="bbox 1972 1039 3624 1102; baseline 0.004 -8"><span class='ocrx_word' id='word_1_280' title='bbox 1972 1040 2257 1094; x_wconf 89' lang='lat' dir='ltr'>omnibus</span> <span class='ocrx_word' id='word_1_281' title='bbox 2279 1039 2626 1096; x_wconf 90' lang='lat' dir='ltr'>hominibus</span> <span class='ocrx_word' id='word_1_282' title='bbox 2647 1056 2660 1092; x_wconf 91' lang='lat'><strong>:</strong></span> <span class='ocrx_word' id='word_1_283' title='bbox 2691 1047 2745 1094; x_wconf 91' lang='lat' dir='ltr'>et</span> <span class='ocrx_word' id='word_1_284' title='bbox 2771 1056 3009 1096; x_wconf 82' lang='lat' dir='ltr'>rursum</span> <span class='ocrx_word' id='word_1_285' title='bbox 3033 1042 3149 1096; x_wconf 90' lang='lat' dir='ltr'>alia</span> <span class='ocrx_word' id='word_1_286' title='bbox 3170 1041 3319 1098; x_wconf 90' lang='lat' dir='ltr'>hora</span> <span class='ocrx_word' id='word_1_287' title='bbox 3342 1044 3539 1101; x_wconf 83' lang='lat' dir='ltr'>videat</span> <span class='ocrx_word' id='word_1_288' title='bbox 3561 1061 3624 1102; x_wconf 91' lang='lat' dir='ltr'>se</span> 
     </span>
    </p>
   </div>
   <div class='ocr_carea' id='block_1_41' title="bbox 1971 1128 3624 1202">
    <p class='ocr_par' dir='ltr' id='par_1_41' title="bbox 1971 1128 3624 1202">
     <span class='ocr_line' id='line_1_41' title="bbox 1971 1128 3624 1202; baseline 0.004 -19"><span class='ocrx_word' id='word_1_289' title='bbox 1971 1128 2170 1199; x_wconf 89' lang='lat' dir='ltr'>ipsum</span> <span class='ocrx_word' id='word_1_290' title='bbox 2201 1128 2380 1184; x_wconf 89' lang='lat' dir='ltr'>veluti</span> <span class='ocrx_word' id='word_1_291' title='bbox 2439 1144 2638 1198; x_wconf 80' lang='lat' dir='ltr'>regem</span> <span class='ocrx_word' id='word_1_292' title='bbox 2673 1129 3007 1184; x_wconf 89' lang='lat' dir='ltr'>maximum</span> <span class='ocrx_word' id='word_1_293' title='bbox 3059 1135 3116 1184; x_wconf 93' lang='lat' dir='ltr'>et</span> <span class='ocrx_word' id='word_1_294' title='bbox 3166 1131 3490 1202; x_wconf 80' lang='lat' dir='ltr'>ingentem,</span> <span class='ocrx_word' id='word_1_295' title='bbox 3522 1138 3624 1190; x_wconf 87' lang='lat' dir='ltr'>aut</span> 
     </span>
    </p>
   </div>
   <div class='ocr_carea' id='block_1_42' title="bbox 1973 1217 3622 1292">
    <p class='ocr_par' dir='ltr' id='par_1_42' title="bbox 1973 1217 3622 1292">
     <span class='ocr_line' id='line_1_42' title="bbox 1973 1217 3622 1292; baseline 0.004 -20"><span class='ocrx_word' id='word_1_296' title='bbox 1973 1221 2275 1289; x_wconf 89' lang='lat' dir='ltr'>potentem</span> <span class='ocrx_word' id='word_1_297' title='bbox 2294 1219 2554 1273; x_wconf 89' lang='lat' dir='ltr'>amicum</span> <span class='ocrx_word' id='word_1_298' title='bbox 2571 1217 2758 1287; x_wconf 89' lang='lat' dir='ltr'>regis:</span> <span class='ocrx_word' id='word_1_299' title='bbox 2783 1235 3021 1273; x_wconf 82' lang='lat' dir='ltr'>rursum</span> <span class='ocrx_word' id='word_1_300' title='bbox 3038 1218 3157 1274; x_wconf 90' lang='lat' dir='ltr'>alia</span> <span class='ocrx_word' id='word_1_301' title='bbox 3182 1219 3332 1276; x_wconf 89' lang='lat' dir='ltr'>hora</span> <span class='ocrx_word' id='word_1_302' title='bbox 3348 1237 3409 1275; x_wconf 90' lang='lat' dir='ltr'>se</span> <span class='ocrx_word' id='word_1_303' title='bbox 3423 1221 3622 1292; x_wconf 90' lang='lat' dir='ltr'>ipsum</span> 
     </span>
    </p>
   </div>
   <div class='ocr_carea' id='block_1_43' title="bbox 1971 1305 3624 1381">
    <p class='ocr_par' dir='ltr' id='par_1_43' title="bbox 1971 1305 3624 1381">
     <span class='ocr_line' id='line_1_43' title="bbox 1971 1305 3624 1381; baseline 0.004 -21"><span class='ocrx_word' id='word_1_304' title='bbox 1971 1305 2170 1362; x_wconf 85' lang='lat' dir='ltr'>videat</span> <span class='ocrx_word' id='word_1_305' title='bbox 2223 1307 2530 1362; x_wconf 88' lang='lat' dir='ltr'>inﬁrmum</span> <span class='ocrx_word' id='word_1_306' title='bbox 2559 1312 2614 1362; x_wconf 89' lang='lat' dir='ltr'>et</span> <span class='ocrx_word' id='word_1_307' title='bbox 2675 1323 3028 1379; x_wconf 85' lang='lat' dir='ltr'>pauperem.</span> <span class='ocrx_word' id='word_1_308' title='bbox 3057 1309 3346 1363; x_wconf 75' lang='lat' dir='ltr'>Caeterum</span> <span class='ocrx_word' id='word_1_309' title='bbox 3404 1309 3463 1364; x_wconf 88' lang='lat' dir='ltr'>in</span> <span class='ocrx_word' id='word_1_310' title='bbox 3496 1325 3624 1381; x_wconf 86' lang='lat' dir='ltr'>per-</span> 
     </span>
    </p>
   </div>
   <div class='ocr_carea' id='block_1_44' title="bbox 1971 1394 3620 1468">
    <p class='ocr_par' dir='ltr' id='par_1_44' title="bbox 1971 1394 3620 1468">
     <span class='ocr_line' id='line_1_44' title="bbox 1971 1394 3620 1468; baseline 0.002 -17"><span class='ocrx_word' id='word_1_311' title='bbox 1971 1394 2314 1467; x_wconf 87' lang='lat' dir='ltr'>plexitatem</span> <span class='ocrx_word' id='word_1_312' title='bbox 2337 1396 2554 1451; x_wconf 88' lang='lat' dir='ltr'>labitur</span> <span class='ocrx_word' id='word_1_313' title='bbox 2575 1397 2835 1461; x_wconf 87' lang='lat' dir='ltr'>animus,</span> <span class='ocrx_word' id='word_1_314' title='bbox 2856 1397 3253 1468; x_wconf 88' lang='lat' dir='ltr'>quamobrem</span> <span class='ocrx_word' id='word_1_315' title='bbox 3277 1398 3382 1464; x_wconf 90' lang='lat' dir='ltr'>sic,</span> <span class='ocrx_word' id='word_1_316' title='bbox 3412 1403 3468 1454; x_wconf 89' lang='lat' dir='ltr'>et</span> <span class='ocrx_word' id='word_1_317' title='bbox 3490 1415 3620 1454; x_wconf 71' lang='lat' dir='ltr'>rur~</span> 
     </span>
    </p>
   </div>
   <div class='ocr_carea' id='block_1_45' title="bbox 1971 1485 3623 1558">
    <p class='ocr_par' dir='ltr' id='par_1_45' title="bbox 1971 1485 3623 1558">
     <span class='ocr_line' id='line_1_45' title="bbox 1971 1485 3623 1558; baseline 0.004 -20"><span class='ocrx_word' id='word_1_318' title='bbox 1971 1501 2104 1540; x_wconf 91' lang='lat' dir='ltr'>sum</span> <span class='ocrx_word' id='word_1_319' title='bbox 2137 1486 2240 1540; x_wconf 92' lang='lat' dir='ltr'>sic.</span> <span class='ocrx_word' id='word_1_320' title='bbox 2275 1485 2423 1552; x_wconf 87' lang='lat' dir='ltr'>Quia</span> <span class='ocrx_word' id='word_1_321' title='bbox 2457 1489 2730 1549; x_wconf 83' lang='lat' dir='ltr'>Satanas,</span> <span class='ocrx_word' id='word_1_322' title='bbox 2780 1502 2916 1540; x_wconf 92' lang='lat' dir='ltr'>cum</span> <span class='ocrx_word' id='word_1_323' title='bbox 2966 1487 3022 1540; x_wconf 90' lang='lat' dir='ltr'>id</span> <span class='ocrx_word' id='word_1_324' title='bbox 3073 1487 3239 1558; x_wconf 90' lang='lat' dir='ltr'>quod</span> <span class='ocrx_word' id='word_1_325' title='bbox 3272 1487 3502 1543; x_wconf 90' lang='lat' dir='ltr'>bonum</span> <span class='ocrx_word' id='word_1_326' title='bbox 3535 1493 3623 1546; x_wconf 89' lang='lat' dir='ltr'>est</span> 
     </span>
    </p>
   </div>
   <div class='ocr_carea' id='block_1_46' title="bbox 1969 1574 3621 1648">
    <p class='ocr_par' dir='ltr' id='par_1_46' title="bbox 1969 1574 3621 1648">
     <span class='ocr_line' id='line_1_46' title="bbox 1969 1574 3621 1648; baseline 0.002 -18"><span class='ocrx_word' id='word_1_327' title='bbox 1969 1574 2108 1630; x_wconf 90' lang='lat' dir='ltr'>odio</span> <span class='ocrx_word' id='word_1_328' title='bbox 2141 1581 2556 1647; x_wconf 86' lang='lat' dir='ltr'>prosequatur,</span> <span class='ocrx_word' id='word_1_329' title='bbox 2587 1574 2746 1631; x_wconf 89' lang='lat' dir='ltr'>mala</span> <span class='ocrx_word' id='word_1_330' title='bbox 2777 1576 3039 1645; x_wconf 82' lang='lat' dir='ltr'>suggerit</span> <span class='ocrx_word' id='word_1_331' title='bbox 3069 1575 3180 1640; x_wconf 88' lang='lat' dir='ltr'>his,</span> <span class='ocrx_word' id='word_1_332' title='bbox 3212 1578 3313 1648; x_wconf 89' lang='lat' dir='ltr'>qui</span> <span class='ocrx_word' id='word_1_333' title='bbox 3342 1576 3621 1633; x_wconf 90' lang='lat' dir='ltr'>virtutem</span> 
     </span>
    </p>
   </div>
   <div class='ocr_carea' id='block_1_47' title="bbox 1969 1665 3619 1737">
    <p class='ocr_par' dir='ltr' id='par_1_47' title="bbox 1969 1665 3619 1737">
     <span class='ocr_line' id='line_1_47' title="bbox 1969 1665 3619 1737; baseline 0.002 -19"><span class='ocrx_word' id='word_1_334' title='bbox 1969 1669 2406 1730; x_wconf 87' lang='lat' dir='ltr'>consectantur,</span> <span class='ocrx_word' id='word_1_335' title='bbox 2427 1679 2652 1736; x_wconf 89' lang='lat' dir='ltr'>eosque</span> <span class='ocrx_word' id='word_1_336' title='bbox 2672 1669 2934 1720; x_wconf 86' lang='lat' dir='ltr'>avertere</span> <span class='ocrx_word' id='word_1_337' title='bbox 2951 1665 3257 1721; x_wconf 85' lang='lat' dir='ltr'>contendit</span> <span class='ocrx_word' id='word_1_338' title='bbox 3279 1684 3297 1737; x_wconf 71' lang='grc' dir='ltr'>ς</span> <span class='ocrx_word' id='word_1_339' title='bbox 3323 1666 3436 1722; x_wconf 89' lang='lat' dir='ltr'>hoc</span> <span class='ocrx_word' id='word_1_340' title='bbox 3457 1666 3619 1722; x_wconf 91' lang='lat' dir='ltr'>enim</span> 
     </span>
    </p>
   </div>
   <div class='ocr_carea' id='block_1_48' title="bbox 1893 1753 2410 1832">
    <p class='ocr_par' dir='ltr' id='par_1_48' title="bbox 1893 1753 2410 1832">
     <span class='ocr_line' id='line_1_48' title="bbox 1893 1753 2410 1832; baseline 0 -24"><span class='ocrx_word' id='word_1_341' title='bbox 1893 1779 1931 1832; x_wconf 77' lang='grc' dir='ltr'>Β</span> <span class='ocrx_word' id='word_1_342' title='bbox 1968 1753 2098 1824; x_wconf 87' lang='lat' dir='ltr'>ejus</span> <span class='ocrx_word' id='word_1_343' title='bbox 2123 1759 2213 1809; x_wconf 85' lang='lat' dir='ltr'>est</span> <span class='ocrx_word' id='word_1_344' title='bbox 2239 1768 2410 1824; x_wconf 90' lang='lat' dir='ltr'>opus.</span> 
     </span>
    </p>
   </div>
   <div class='ocr_carea' id='block_1_49' title="bbox 2043 1859 3620 1934">
    <p class='ocr_par' dir='ltr' id='par_1_49' title="bbox 2043 1859 3620 1934">
     <span class='ocr_line' id='line_1_49' title="bbox 2043 1859 3620 1934; baseline 0.001 -18"><span class='ocrx_word' id='word_1_345' title='bbox 2043 1862 2102 1916; x_wconf 92' lang='lat' dir='ltr'><strong>V.</strong></span> <span class='ocrx_word' id='word_1_346' title='bbox 2136 1862 2348 1916; x_wconf 85' lang='lat' dir='ltr'>Verum</span> <span class='ocrx_word' id='word_1_347' title='bbox 2380 1877 2454 1915; x_wconf 91' lang='lat' dir='ltr'>ne</span> <span class='ocrx_word' id='word_1_348' title='bbox 2497 1859 2579 1915; x_wconf 87' lang='lat' dir='ltr'>illi</span> <span class='ocrx_word' id='word_1_349' title='bbox 2624 1860 2980 1930; x_wconf 89' lang='lat' dir='ltr'>subjiciaris,</span> <span class='ocrx_word' id='word_1_350' title='bbox 3027 1861 3131 1916; x_wconf 92' lang='lat' dir='ltr'>sed</span> <span class='ocrx_word' id='word_1_351' title='bbox 3163 1877 3411 1934; x_wconf 86' lang='lat' dir='ltr'>Operare</span> <span class='ocrx_word' id='word_1_352' title='bbox 3446 1863 3620 1934; x_wconf 90' lang='lat' dir='ltr'>justi-</span> 
     </span>
    </p>
   </div>
   <div class='ocr_carea' id='block_1_50' title="bbox 1969 1949 3618 2024">
    <p class='ocr_par' dir='ltr' id='par_1_50' title="bbox 1969 1949 3618 2024">
     <span class='ocr_line' id='line_1_50' title="bbox 1969 1949 3618 2024; baseline 0.001 -19"><span class='ocrx_word' id='word_1_353' title='bbox 1969 1950 2134 2014; x_wconf 87' lang='lat' dir='ltr'>tiam,</span> <span class='ocrx_word' id='word_1_354' title='bbox 2166 1966 2300 2020; x_wconf 75' lang='lat' dir='ltr'>qute</span> <span class='ocrx_word' id='word_1_355' title='bbox 2325 1949 2385 2004; x_wconf 89' lang='lat' dir='ltr'>in</span> <span class='ocrx_word' id='word_1_356' title='bbox 2437 1949 2702 2005; x_wconf 88' lang='lat' dir='ltr'>interiori</span> <span class='ocrx_word' id='word_1_357' title='bbox 2760 1949 3004 2005; x_wconf 92' lang='lat' dir='ltr'>homine</span> <span class='ocrx_word' id='word_1_358' title='bbox 3036 1951 3356 2022; x_wconf 83' lang='lat' dir='ltr'>perﬁcitur,</span> <span class='ocrx_word' id='word_1_359' title='bbox 3403 1951 3463 2006; x_wconf 91' lang='lat' dir='ltr'>in</span> <span class='ocrx_word' id='word_1_360' title='bbox 3496 1968 3618 2024; x_wconf 88' lang='lat' dir='ltr'>quo</span> 
     </span>
    </p>
   </div>
   <div class='ocr_carea' id='block_1_51' title="bbox 1969 2038 3620 2111">
    <p class='ocr_par' dir='ltr' id='par_1_51' title="bbox 1969 2038 3620 2111">
     <span class='ocr_line' id='line_1_51' title="bbox 1969 2038 3620 2111; baseline 0.002 -17"><span class='ocrx_word' id='word_1_361' title='bbox 1969 2038 2173 2094; x_wconf 88' lang='lat' dir='ltr'>Christi</span> <span class='ocrx_word' id='word_1_362' title='bbox 2204 2039 2388 2094; x_wconf 90' lang='lat' dir='ltr'>altare</span> <span class='ocrx_word' id='word_1_363' title='bbox 2406 2038 2680 2094; x_wconf 87' lang='lat' dir='ltr'>consistit</span> <span class='ocrx_word' id='word_1_364' title='bbox 2699 2054 2818 2094; x_wconf 89' lang='lat' dir='ltr'>una</span> <span class='ocrx_word' id='word_1_365' title='bbox 2845 2055 2981 2094; x_wconf 90' lang='lat' dir='ltr'>cum</span> <span class='ocrx_word' id='word_1_366' title='bbox 3002 2039 3314 2111; x_wconf 91' lang='lat' dir='ltr'>impolluto</span> <span class='ocrx_word' id='word_1_367' title='bbox 3342 2045 3620 2098; x_wconf 90' lang='lat' dir='ltr'>sanctua-</span> 
     </span>
    </p>
   </div>
   <div class='ocr_carea' id='block_1_52' title="bbox 1968 2127 3616 2198">
    <p class='ocr_par' dir='ltr' id='par_1_52' title="bbox 1968 2127 3616 2198">
     <span class='ocr_line' id='line_1_52' title="bbox 1968 2127 3616 2198; baseline 0.002 -16"><span class='ocrx_word' id='word_1_368' title='bbox 1968 2129 2075 2192; x_wconf 89' lang='lat' dir='ltr'>rio,</span> <span class='ocrx_word' id='word_1_369' title='bbox 2108 2132 2169 2182; x_wconf 88' lang='lat' dir='ltr'>ut</span> <span class='ocrx_word' id='word_1_370' title='bbox 2213 2128 2619 2183; x_wconf 88' lang='lat' dir='ltr'>testimonium</span> <span class='ocrx_word' id='word_1_371' title='bbox 2673 2127 3049 2185; x_wconf 61' lang='lat' dir='ltr'>conscientia</span> <span class='ocrx_word' id='word_1_372' title='bbox 3101 2134 3213 2183; x_wconf 67' lang='lat' dir='ltr'>tuae</span> <span class='ocrx_word' id='word_1_373' title='bbox 3245 2129 3526 2198; x_wconf 89' lang='lat' dir='ltr'>glorietur</span> <span class='ocrx_word' id='word_1_374' title='bbox 3557 2130 3616 2186; x_wconf 90' lang='lat' dir='ltr'>in</span> 
     </span>
    </p>
   </div>
   <div class='ocr_carea' id='block_1_53' title="bbox 1968 2216 3616 2289">
    <p class='ocr_par' dir='ltr' id='par_1_53' title="bbox 1968 2216 3616 2289">
     <span class='ocr_line' id='line_1_53' title="bbox 1968 2216 3616 2289; baseline 0.003 -18"><span class='ocrx_word' id='word_1_375' title='bbox 1968 2232 2139 2272; x_wconf 90' lang='lat' dir='ltr'>cruce</span> <span class='ocrx_word' id='word_1_376' title='bbox 2167 2217 2396 2280; x_wconf 85' lang='lat' dir='ltr'>Christi,</span> <span class='ocrx_word' id='word_1_377' title='bbox 2425 2216 2528 2288; x_wconf 90' lang='lat' dir='ltr'>qui</span> <span class='ocrx_word' id='word_1_378' title='bbox 2565 2221 2859 2289; x_wconf 85' lang='lat' dir='ltr'>expurgat</span> <span class='ocrx_word' id='word_1_379' title='bbox 2882 2217 3309 2273; x_wconf 88' lang='lat' dir='ltr'>conscientiam</span> <span class='ocrx_word' id='word_1_380' title='bbox 3344 2225 3506 2275; x_wconf 91' lang='lat' dir='ltr'>tuam</span> <span class='ocrx_word' id='word_1_381' title='bbox 3537 2219 3616 2276; x_wconf 90' lang='lat' dir='ltr'>ab</span> 
     </span>
    </p>
   </div>
   <div class='ocr_carea' id='block_1_54' title="bbox 1967 2305 3618 2378">
    <p class='ocr_par' dir='ltr' id='par_1_54' title="bbox 1967 2305 3618 2378">
     <span class='ocr_line' id='line_1_54' title="bbox 1967 2305 3618 2378; baseline 0.001 -16"><span class='ocrx_word' id='word_1_382' title='bbox 1967 2306 2248 2378; x_wconf 87' lang='lat' dir='ltr'>operibus</span> <span class='ocrx_word' id='word_1_383' title='bbox 2280 2307 2551 2372; x_wconf 90' lang='lat' dir='ltr'>mortuis,</span> <span class='ocrx_word' id='word_1_384' title='bbox 2582 2311 2645 2361; x_wconf 90' lang='lat' dir='ltr'>ut</span> <span class='ocrx_word' id='word_1_385' title='bbox 2675 2306 2888 2378; x_wconf 86' lang='lat' dir='ltr'>spiritu</span> <span class='ocrx_word' id='word_1_386' title='bbox 2912 2311 3013 2362; x_wconf 89' lang='lat' dir='ltr'>tuo</span> <span class='ocrx_word' id='word_1_387' title='bbox 3047 2305 3164 2362; x_wconf 89' lang='lat' dir='ltr'>Deo</span> <span class='ocrx_word' id='word_1_388' title='bbox 3197 2306 3520 2374; x_wconf 87' lang='lat' dir='ltr'>ministres,</span> <span class='ocrx_word' id='word_1_389' title='bbox 3553 2313 3618 2364; x_wconf 88' lang='lat' dir='ltr'>ut</span> 
     </span>
    </p>
   </div>
   <div class='ocr_carea' id='block_1_55' title="bbox 1966 2395 3615 2468">
    <p class='ocr_par' dir='ltr' id='par_1_55' title="bbox 1966 2395 3615 2468">
     <span class='ocr_line' id='line_1_55' title="bbox 1966 2395 3615 2468; baseline 0.002 -18"><span class='ocrx_word' id='word_1_390' title='bbox 1966 2396 2128 2450; x_wconf 89' lang='lat' dir='ltr'>noris</span> <span class='ocrx_word' id='word_1_391' title='bbox 2153 2395 2297 2468; x_wconf 89' lang='lat' dir='ltr'>quid</span> <span class='ocrx_word' id='word_1_392' title='bbox 2328 2395 2566 2460; x_wconf 89' lang='lat' dir='ltr'>adoras,</span> <span class='ocrx_word' id='word_1_393' title='bbox 2600 2395 2933 2451; x_wconf 89' lang='lat' dir='ltr'>secundum</span> <span class='ocrx_word' id='word_1_394' title='bbox 2964 2411 3098 2451; x_wconf 91' lang='lat' dir='ltr'>eum</span> <span class='ocrx_word' id='word_1_395' title='bbox 3142 2395 3245 2466; x_wconf 88' lang='lat' dir='ltr'>qui</span> <span class='ocrx_word' id='word_1_396' title='bbox 3288 2395 3459 2453; x_wconf 90' lang='lat' dir='ltr'>dicit:</span> <span class='ocrx_word' id='word_1_397' title='bbox 3494 2397 3615 2454; x_wconf 86' lang='lat' dir='ltr'>Nos</span> 
     </span>
    </p>
   </div>
   <div class='ocr_carea' id='block_1_56' title="bbox 1966 2484 3609 2555">
    <p class='ocr_par' dir='ltr' id='par_1_56' title="bbox 1966 2484 3609 2555">
     <span class='ocr_line' id='line_1_56' title="bbox 1966 2484 3609 2555; baseline 0.002 -15"><span class='ocrx_word' id='word_1_398' title='bbox 1966 2485 2310 2550; x_wconf 82' lang='lat' dir='ltr'>adoramus,</span> <span class='ocrx_word' id='word_1_399' title='bbox 2328 2485 2487 2555; x_wconf 89' lang='lat' dir='ltr'>quod</span> <span class='ocrx_word' id='word_1_400' title='bbox 2496 2485 2710 2540; x_wconf 82' lang='lat' dir='ltr'>scimus</span> <span class='ocrx_word' id='word_1_401' title='bbox 2735 2487 2782 2520; x_wconf 79' lang='grc' dir='ltr'><strong>⁸ο</strong></span> <span class='ocrx_word' id='word_1_402' title='bbox 2807 2503 2819 2540; x_wconf 91' lang='lat'><strong>:</strong></span> <span class='ocrx_word' id='word_1_403' title='bbox 2851 2484 3383 2555; x_wconf 81' lang='lat' dir='ltr'>Conﬁdedirigenti</span> <span class='ocrx_word' id='word_1_404' title='bbox 3400 2491 3450 2541; x_wconf 90' lang='lat' dir='ltr'>te</span> <span class='ocrx_word' id='word_1_405' title='bbox 3469 2487 3609 2553; x_wconf 91' lang='lat' dir='ltr'>Deo,</span> 
     </span>
    </p>
   </div>
   <div class='ocr_carea' id='block_1_57' title="bbox 1966 2574 3612 2647">
    <p class='ocr_par' dir='ltr' id='par_1_57' title="bbox 1966 2574 3612 2647">
     <span class='ocr_line' id='line_1_57' title="bbox 1966 2574 3612 2647; baseline 0.002 -18"><span class='ocrx_word' id='word_1_406' title='bbox 1966 2574 2334 2630; x_wconf 89' lang='lat' dir='ltr'>consortium</span> <span class='ocrx_word' id='word_1_407' title='bbox 2362 2574 2582 2629; x_wconf 89' lang='lat' dir='ltr'>habeat</span> <span class='ocrx_word' id='word_1_408' title='bbox 2603 2575 2808 2630; x_wconf 81' lang='lat' dir='ltr'>anima</span> <span class='ocrx_word' id='word_1_409' title='bbox 2827 2579 2926 2630; x_wconf 93' lang='lat' dir='ltr'>tua</span> <span class='ocrx_word' id='word_1_410' title='bbox 2949 2591 3087 2629; x_wconf 91' lang='lat' dir='ltr'>cum</span> <span class='ocrx_word' id='word_1_411' title='bbox 3118 2574 3258 2639; x_wconf 91' lang='lat' dir='ltr'>Deo,</span> <span class='ocrx_word' id='word_1_412' title='bbox 3294 2581 3358 2630; x_wconf 88' lang='lat' dir='ltr'>ut</span> <span class='ocrx_word' id='word_1_413' title='bbox 3383 2591 3612 2647; x_wconf 89' lang='lat' dir='ltr'>sponsa</span> 
     </span>
    </p>
   </div>
   <div class='ocr_carea' id='block_1_58' title="bbox 1966 2662 3610 2734">
    <p class='ocr_par' dir='ltr' id='par_1_58' title="bbox 1966 2662 3610 2734">
     <span class='ocr_line' id='line_1_58' title="bbox 1966 2662 3610 2734; baseline 0.002 -17"><span class='ocrx_word' id='word_1_414' title='bbox 1966 2663 2307 2718; x_wconf 88' lang='lat' dir='ltr'>societatem</span> <span class='ocrx_word' id='word_1_415' title='bbox 2330 2662 2469 2717; x_wconf 87' lang='lat' dir='ltr'>colit</span> <span class='ocrx_word' id='word_1_416' title='bbox 2498 2678 2631 2717; x_wconf 86' lang='lat' dir='ltr'>cum</span> <span class='ocrx_word' id='word_1_417' title='bbox 2663 2677 2906 2734; x_wconf 91' lang='lat' dir='ltr'>sponso.</span> <span class='ocrx_word' id='word_1_418' title='bbox 2937 2663 3285 2732; x_wconf 80' lang='lat' dir='ltr'>Mysterium</span> <span class='ocrx_word' id='word_1_419' title='bbox 3315 2662 3476 2718; x_wconf 90' lang='lat' dir='ltr'>enim</span> <span class='ocrx_word' id='word_1_420' title='bbox 3501 2663 3610 2720; x_wconf 87' lang='lat' dir='ltr'>hoc</span> 
     </span>
    </p>
   </div>
   <div class='ocr_carea' id='block_1_59' title="bbox 1963 2750 3617 2822">
    <p class='ocr_par' dir='ltr' id='par_1_59' title="bbox 1963 2750 3617 2822">
     <span class='ocr_line' id='line_1_59' title="bbox 1963 2750 3617 2822; baseline 0.002 -16"><span class='ocrx_word' id='word_1_421' title='bbox 1963 2766 2248 2821; x_wconf 82' lang='lat' dir='ltr'>magnum</span> <span class='ocrx_word' id='word_1_422' title='bbox 2283 2758 2402 2808; x_wconf 87' lang='lat' dir='ltr'>est:</span> <span class='ocrx_word' id='word_1_423' title='bbox 2429 2766 2526 2822; x_wconf 90' lang='lat' dir='ltr'>ego</span> <span class='ocrx_word' id='word_1_424' title='bbox 2574 2765 2710 2806; x_wconf 86' lang='lat' dir='ltr'>vero</span> <span class='ocrx_word' id='word_1_425' title='bbox 2734 2750 2886 2816; x_wconf 84' lang='lat' dir='ltr'>dico,</span> <span class='ocrx_word' id='word_1_426' title='bbox 2936 2751 3095 2807; x_wconf 87' lang='lat' dir='ltr'>inter</span> <span class='ocrx_word' id='word_1_427' title='bbox 3143 2752 3448 2808; x_wconf 78' lang='lat' dir='ltr'>Christum</span> <span class='ocrx_word' id='word_1_428' title='bbox 3483 2754 3525 2788; x_wconf 73' lang='lat'><strong>“</strong></span> <span class='ocrx_word' id='word_1_429' title='bbox 3560 2757 3617 2810; x_wconf 91' lang='lat' dir='ltr'>et</span> 
     </span>
    </p>
   </div>
   <div class='ocr_carea' id='block_1_60' title="bbox 1961 2839 3611 2912">
    <p class='ocr_par' dir='ltr' id='par_1_60' title="bbox 1961 2839 3611 2912">
     <span class='ocr_line' id='line_1_60' title="bbox 1961 2839 3611 2912; baseline 0.002 -18"><span class='ocrx_word' id='word_1_430' title='bbox 1961 2839 2498 2896; x_wconf 88' lang='lat' dir='ltr'>incontaminatam</span> <span class='ocrx_word' id='word_1_431' title='bbox 2539 2840 2825 2896; x_wconf 89' lang='lat' dir='ltr'>animam.</span> <span class='ocrx_word' id='word_1_432' title='bbox 2880 2839 2983 2895; x_wconf 91' lang='lat' dir='ltr'>Cui</span> <span class='ocrx_word' id='word_1_433' title='bbox 3041 2839 3229 2912; x_wconf 86' lang='lat' dir='ltr'>gloria</span> <span class='ocrx_word' id='word_1_434' title='bbox 3278 2843 3338 2896; x_wconf 90' lang='lat' dir='ltr'>in</span> <span class='ocrx_word' id='word_1_435' title='bbox 3370 2841 3611 2898; x_wconf 63' lang='lat' dir='ltr'>saecula.</span> 
     </span>
    </p>
   </div>
   <div class='ocr_carea' id='block_1_61' title="bbox 1963 2929 2171 2984">
    <p class='ocr_par' dir='ltr' id='par_1_61' title="bbox 1963 2929 2171 2984">
     <span class='ocr_line' id='line_1_61' title="bbox 1963 2929 2171 2984; baseline -0.019 0"><span class='ocrx_word' id='word_1_436' title='bbox 1963 2929 2171 2984; x_wconf 80' lang='lat' dir='ltr'>Amen.</span> 
     </span>
    </p>
   </div>
   <div class='ocr_carea' id='block_1_62' title="bbox 2511 3054 3058 3111">
    <p class='ocr_par' dir='ltr' id='par_1_62' title="bbox 2511 3054 3058 3111">
     <span class='ocr_line' id='line_1_62' title="bbox 2511 3054 3058 3111; baseline -0.007 -1"><span class='ocrx_word' id='word_1_437' title='bbox 2511 3055 2798 3111; x_wconf 79' lang='lat' dir='ltr'>HOMILIA</span> <span class='ocrx_word' id='word_1_438' title='bbox 2840 3054 3058 3110; x_wconf 84' lang='lat' dir='ltr'><strong>XXXIX.</strong></span> 
     </span>
    </p>
   </div>
   <div class='ocr_carea' id='block_1_63' title="bbox 247 3140 1849 3233">
    <p class='ocr_par' dir='ltr' id='par_1_63' title="bbox 247 3155 1849 3233">
     <span class='ocr_line' id='line_1_63' title="bbox 247 3155 1849 3233; baseline 0.003 -23"><span class='ocrx_word' id='word_1_439' title='bbox 247 3160 439 3221; x_wconf 82' lang='grc' dir='ltr'>Τίνος</span> <span class='ocrx_word' id='word_1_440' title='bbox 469 3159 677 3212; x_wconf 76' lang='grc' dir='ltr'>ἕνεκεν</span> <span class='ocrx_word' id='word_1_441' title='bbox 706 3155 902 3220; x_wconf 75' lang='grc' dir='ltr'>ἰδόθη</span> <span class='ocrx_word' id='word_1_442' title='bbox 943 3162 1095 3233; x_wconf 76' lang='grc' dir='ltr'>ἡμῖν</span> <span class='ocrx_word' id='word_1_443' title='bbox 1128 3161 1246 3214; x_wconf 89' lang='grc' dir='ltr'>ὑπὸ</span> <span class='ocrx_word' id='word_1_444' title='bbox 1297 3169 1408 3215; x_wconf 83' lang='grc' dir='ltr'>τοῦ</span> <span class='ocrx_word' id='word_1_445' title='bbox 1448 3163 1663 3221; x_wconf 81' lang='grc' dir='ltr'>Θεοῦή</span> <span class='ocrx_word' id='word_1_446' title='bbox 1713 3163 1849 3215; x_wconf 88' lang='grc' dir='ltr'>θεία</span> 
     </span>
    </p>
   </div>
   <div class='ocr_carea' id='block_1_64' title="bbox 1966 3140 3610 3233">
    <p class='ocr_par' dir='ltr' id='par_1_64' title="bbox 1966 3160 3610 3233">
     <span class='ocr_line' id='line_1_64' title="bbox 1966 3160 3610 3233; baseline 0.001 -15"><span class='ocrx_word' id='word_1_447' title='bbox 1966 3161 2059 3218; x_wconf 83' lang='lat' dir='ltr'>Ad</span> <span class='ocrx_word' id='word_1_448' title='bbox 2081 3161 2227 3233; x_wconf 85' lang='lat' dir='ltr'>quid</span> <span class='ocrx_word' id='word_1_449' title='bbox 2255 3161 2573 3232; x_wconf 80' lang='lat' dir='ltr'>Scriptura</span> <span class='ocrx_word' id='word_1_450' title='bbox 2602 3161 2809 3218; x_wconf 87' lang='lat' dir='ltr'>divina</span> <span class='ocrx_word' id='word_1_451' title='bbox 2835 3160 3002 3217; x_wconf 83' lang='lat' dir='ltr'>nobis</span> <span class='ocrx_word' id='word_1_452' title='bbox 3027 3177 3064 3218; x_wconf 90' lang='lat' dir='ltr'>a</span> <span class='ocrx_word' id='word_1_453' title='bbox 3093 3162 3208 3217; x_wconf 91' lang='lat' dir='ltr'>Deo</span> <span class='ocrx_word' id='word_1_454' title='bbox 3239 3161 3464 3219; x_wconf 87' lang='lat' dir='ltr'>donata</span> <span class='ocrx_word' id='word_1_455' title='bbox 3491 3162 3610 3218; x_wconf 83' lang='lat' dir='ltr'>sit?</span> 
     </span>
    </p>
   </div>
   <div class='ocr_carea' id='block_1_65' title="bbox 912 3237 1178 3306">
    <p class='ocr_par' dir='ltr' id='par_1_65' title="bbox 912 3237 1178 3306">
     <span class='ocr_line' id='line_1_65' title="bbox 912 3237 1178 3306; baseline 0.026 -22"><span class='ocrx_word' id='word_1_456' title='bbox 912 3237 1178 3306; x_wconf 73' lang='grc' dir='ltr'>Γραφή;</span> 
     </span>
    </p>
   </div>
   <div class='ocr_carea' id='block_1_66' title="bbox 308 3351 1850 3432">
    <p class='ocr_par' dir='ltr' id='par_1_66' title="bbox 308 3351 1850 3432">
     <span class='ocr_line' id='line_1_66' title="bbox 308 3351 1850 3432; baseline 0.001 -22"><span class='ocrx_word' id='word_1_457' title='bbox 308 3355 398 3410; x_wconf 85' lang='lat' dir='ltr'>A’.</span> <span class='ocrx_word' id='word_1_458' title='bbox 429 3353 631 3427; x_wconf 78' lang='grc' dir='ltr'>Ὠσπερ</span> <span class='ocrx_word' id='word_1_459' title='bbox 677 3351 920 3428; x_wconf 82' lang='grc' dir='ltr'>βασιλεὺς</span> <span class='ocrx_word' id='word_1_460' title='bbox 969 3356 1178 3430; x_wconf 74' lang='grc' dir='ltr'>γράψας</span> <span class='ocrx_word' id='word_1_461' title='bbox 1215 3357 1510 3424; x_wconf 73' lang='grc' dir='ltr'>ἓπιστολὰς,</span> <span class='ocrx_word' id='word_1_462' title='bbox 1561 3359 1638 3420; x_wconf 83' lang='grc' dir='ltr'>οἷς</span> <span class='ocrx_word' id='word_1_463' title='bbox 1668 3355 1850 3432; x_wconf 81' lang='grc' dir='ltr'>βούλε-</span> 
     </span>
    </p>
   </div>
   <div class='ocr_carea' id='block_1_67' title="bbox 229 3441 1846 3521">
    <p class='ocr_par' dir='ltr' id='par_1_67' title="bbox 229 3441 1846 3521">
     <span class='ocr_line' id='line_1_67' title="bbox 229 3441 1846 3521; baseline 0.001 -22"><span class='ocrx_word' id='word_1_464' title='bbox 229 3464 324 3499; x_wconf 86' lang='grc' dir='ltr'>ται</span> <span class='ocrx_word' id='word_1_465' title='bbox 383 3441 696 3506; x_wconf 76' lang='grc' dir='ltr'>κωδικίλους</span> <span class='ocrx_word' id='word_1_466' title='bbox 758 3451 849 3498; x_wconf 76' lang='grc' dir='ltr'>καὶ</span> <span class='ocrx_word' id='word_1_467' title='bbox 897 3443 1094 3520; x_wconf 85' lang='grc' dir='ltr'>δωρεὰς</span> <span class='ocrx_word' id='word_1_468' title='bbox 1138 3443 1282 3509; x_wconf 85' lang='grc' dir='ltr'>ἰδίας</span> <span class='ocrx_word' id='word_1_469' title='bbox 1336 3450 1696 3521; x_wconf 82' lang='grc' dir='ltr'>χαρίσασθαι,</span> <span class='ocrx_word' id='word_1_470' title='bbox 1743 3467 1846 3507; x_wconf 82' lang='grc' dir='ltr'>ση-</span> 
     </span>
    </p>
   </div>
   <div class='ocr_carea' id='block_1_68' title="bbox 233 3533 1846 3607">
    <p class='ocr_par' dir='ltr' id='par_1_68' title="bbox 233 3533 1846 3607">
     <span class='ocr_line' id='line_1_68' title="bbox 233 3533 1846 3607; baseline 0.002 -22"><span class='ocrx_word' id='word_1_471' title='bbox 233 3538 410 3605; x_wconf 86' lang='grc' dir='ltr'>μαίνει</span> <span class='ocrx_word' id='word_1_472' title='bbox 449 3539 632 3599; x_wconf 84' lang='grc' dir='ltr'>πᾶσιν,</span> <span class='ocrx_word' id='word_1_473' title='bbox 679 3534 761 3587; x_wconf 86' lang='grc' dir='ltr'>ὅτι</span> <span class='ocrx_word' id='word_1_474' title='bbox 804 3539 1068 3607; x_wconf 79' lang='grc' dir='ltr'>Ταχέως</span> <span class='ocrx_word' id='word_1_475' title='bbox 1153 3533 1566 3590; x_wconf 77' lang='grc' dir='ltr'>σπουδάσατε</span> <span class='ocrx_word' id='word_1_476' title='bbox 1636 3537 1846 3591; x_wconf 74' lang='grc' dir='ltr'>ἐλθεῖν</span> 
     </span>
    </p>
   </div>
   <div class='ocr_carea' id='block_1_69' title="bbox 237 3623 1832 3702">
    <p class='ocr_par' dir='ltr' id='par_1_69' title="bbox 237 3623 1832 3702">
     <span class='ocr_line' id='line_1_69' title="bbox 237 3623 1832 3702; baseline 0.003 -26"><span class='ocrx_word' id='word_1_477' title='bbox 237 3628 394 3696; x_wconf 86' lang='grc' dir='ltr'>πρὸς</span> <span class='ocrx_word' id='word_1_478' title='bbox 420 3643 514 3696; x_wconf 85' lang='grc' dir='ltr'>με,</span> <span class='ocrx_word' id='word_1_479' title='bbox 549 3624 648 3676; x_wconf 78' lang='grc' dir='ltr'>ἵνα</span> <span class='ocrx_word' id='word_1_480' title='bbox 674 3623 914 3684; x_wconf 89' lang='grc' dir='ltr'>λάϐητε</span> <span class='ocrx_word' id='word_1_481' title='bbox 940 3625 1086 3699; x_wconf 89' lang='grc' dir='ltr'>παρ’</span> <span class='ocrx_word' id='word_1_482' title='bbox 1118 3624 1270 3698; x_wconf 75' lang='grc' dir='ltr'>ἐμοῦ</span> <span class='ocrx_word' id='word_1_483' title='bbox 1303 3623 1548 3702; x_wconf 78' lang='grc' dir='ltr'>δωρεὰς</span> <span class='ocrx_word' id='word_1_484' title='bbox 1579 3625 1832 3700; x_wconf 86' lang='grc' dir='ltr'>βασιλι-</span> 
     </span>
    </p>
   </div>
   <div class='ocr_carea' id='block_1_70' title="bbox 233 3710 1836 3788">
    <p class='ocr_par' dir='ltr' id='par_1_70' title="bbox 233 3710 1836 3788">
     <span class='ocr_line' id='line_1_70' title="bbox 233 3710 1836 3788; baseline 0.002 -24"><span class='ocrx_word' id='word_1_485' title='bbox 233 3714 372 3776; x_wconf 77' lang='grc' dir='ltr'>κὰς,</span> <span class='ocrx_word' id='word_1_486' title='bbox 398 3716 489 3765; x_wconf 79' lang='grc' dir='ltr'>καὶ</span> <span class='ocrx_word' id='word_1_487' title='bbox 518 3711 562 3765; x_wconf 86' lang='grc' dir='ltr'>εἰ</span> <span class='ocrx_word' id='word_1_488' title='bbox 581 3717 653 3784; x_wconf 78' lang='grc' dir='ltr'>μὴ</span> <span class='ocrx_word' id='word_1_489' title='bbox 686 3711 953 3766; x_wconf 74' lang='grc' dir='ltr'>ἀπέλθωσι</span> <span class='ocrx_word' id='word_1_490' title='bbox 982 3719 1072 3767; x_wconf 78' lang='grc' dir='ltr'>καὶ</span> <span class='ocrx_word' id='word_1_491' title='bbox 1101 3713 1350 3781; x_wconf 88' lang='grc' dir='ltr'>λάϐωσιν,</span> <span class='ocrx_word' id='word_1_492' title='bbox 1384 3710 1538 3767; x_wconf 63' lang='grc' dir='ltr'><strong>οὐδὲν</strong></span> <span class='ocrx_word' id='word_1_493' title='bbox 1571 3715 1836 3788; x_wconf 77' lang='grc' dir='ltr'>ὠφεληθη-</span> 
     </span>
    </p>
   </div>
   <div class='ocr_carea' id='block_1_71' title="bbox 229 3798 1843 3874">
    <p class='ocr_par' dir='ltr' id='par_1_71' title="bbox 229 3798 1843 3874">
     <span class='ocr_line' id='line_1_71' title="bbox 229 3798 1843 3874; baseline 0.003 -23"><span class='ocrx_word' id='word_1_494' title='bbox 229 3819 360 3864; x_wconf 86' lang='grc' dir='ltr'>σαν,</span> <span class='ocrx_word' id='word_1_495' title='bbox 392 3798 697 3871; x_wconf 73' lang='grc' dir='ltr'>ἀναγνόντες</span> <span class='ocrx_word' id='word_1_496' title='bbox 732 3805 827 3862; x_wconf 84' lang='grc' dir='ltr'>τὰς</span> <span class='ocrx_word' id='word_1_497' title='bbox 882 3802 1178 3868; x_wconf 74' lang='grc' dir='ltr'>ἐπιστολὰς,</span> <span class='ocrx_word' id='word_1_498' title='bbox 1230 3803 1420 3874; x_wconf 82' lang='grc' dir='ltr'>μᾶλλον</span> <span class='ocrx_word' id='word_1_499' title='bbox 1467 3800 1526 3856; x_wconf 70' lang='grc' dir='ltr'>δε</span> <span class='ocrx_word' id='word_1_500' title='bbox 1558 3809 1648 3856; x_wconf 77' lang='grc' dir='ltr'>καὶ</span> <span class='ocrx_word' id='word_1_501' title='bbox 1689 3805 1843 3856; x_wconf 85' lang='grc' dir='ltr'>θανά-</span> 
     </span>
    </p>
   </div>
   <div class='ocr_carea' id='block_1_72' title="bbox 219 3889 1840 3966">
    <p class='ocr_par' dir='ltr' id='par_1_72' title="bbox 219 3889 1840 3966">
     <span class='ocr_line' id='line_1_72' title="bbox 219 3889 1840 3966; baseline 0.001 -23"><span class='ocrx_word' id='word_1_502' title='bbox 219 3909 328 3943; x_wconf 76' lang='grc' dir='ltr'>του</span> <span class='ocrx_word' id='word_1_503' title='bbox 362 3889 490 3942; x_wconf 81' lang='grc' dir='ltr'>εἰσὶν</span> <span class='ocrx_word' id='word_1_504' title='bbox 507 3894 684 3962; x_wconf 82' lang='grc' dir='ltr'>ἔνοχοι</span> <span class='ocrx_word' id='word_1_505' title='bbox 711 3896 782 3963; x_wconf 76' lang='grc' dir='ltr'>μὴ</span> <span class='ocrx_word' id='word_1_506' title='bbox 813 3891 1116 3954; x_wconf 76' lang='grc' dir='ltr'>θελήσαντες</span> <span class='ocrx_word' id='word_1_507' title='bbox 1147 3891 1401 3957; x_wconf 79' lang='grc' dir='ltr'>ἀπελθεῖν,</span> <span class='ocrx_word' id='word_1_508' title='bbox 1431 3897 1520 3945; x_wconf 81' lang='grc' dir='ltr'>καὶ</span> <span class='ocrx_word' id='word_1_509' title='bbox 1550 3891 1606 3944; x_wconf 75' lang='grc' dir='ltr'>ἐκ</span> <span class='ocrx_word' id='word_1_510' title='bbox 1656 3896 1840 3966; x_wconf 80' lang='grc' dir='ltr'>χειρὸς</span> 
     </span>
    </p>
   </div>
   <div class='ocr_carea' id='block_1_73' title="bbox 224 3976 1841 4053">
    <p class='ocr_par' dir='ltr' id='par_1_73' title="bbox 224 3976 1841 4053">
     <span class='ocr_line' id='line_1_73' title="bbox 224 3976 1841 4053; baseline 0.002 -24"><span class='ocrx_word' id='word_1_511' title='bbox 224 3976 500 4053; x_wconf 72' lang='grc' dir='ltr'>βασιλέως</span> <span class='ocrx_word' id='word_1_512' title='bbox 547 3987 702 4052; x_wconf 84' lang='grc' dir='ltr'>τιμῆς</span> <span class='ocrx_word' id='word_1_513' title='bbox 745 3979 1074 4042; x_wconf 71' lang='grc' dir='ltr'>ἀξιωθῆναιο</span> <span class='ocrx_word' id='word_1_514' title='bbox 1145 3981 1309 4040; x_wconf 85' lang='grc' dir='ltr'>οὑτως</span> <span class='ocrx_word' id='word_1_515' title='bbox 1387 3986 1477 4032; x_wconf 78' lang='grc' dir='ltr'>καὶ</span> <span class='ocrx_word' id='word_1_516' title='bbox 1547 3983 1643 4042; x_wconf 81' lang='grc' dir='ltr'>τὰς</span> <span class='ocrx_word' id='word_1_517' title='bbox 1701 3983 1841 4042; x_wconf 87' lang='grc' dir='ltr'>θείας</span> 
     </span>
    </p>
   </div>
   <div class='ocr_carea' id='block_1_74' title="bbox 222 4067 1841 4143">
    <p class='ocr_par' dir='ltr' id='par_1_74' title="bbox 222 4067 1841 4143">
     <span class='ocr_line' id='line_1_74' title="bbox 222 4067 1841 4143; baseline 0.001 -22"><span class='ocrx_word' id='word_1_518' title='bbox 222 4069 450 4139; x_wconf 71' lang='grc' dir='ltr'>Γραφὰς</span> <span class='ocrx_word' id='word_1_519' title='bbox 516 4067 688 4143; x_wconf 80' lang='grc' dir='ltr'>ὥσπερ</span> <span class='ocrx_word' id='word_1_520' title='bbox 766 4067 1044 4133; x_wconf 72' lang='grc' dir='ltr'>ἐπιστολὰς</span> <span class='ocrx_word' id='word_1_521' title='bbox 1128 4069 1422 4122; x_wconf 82' lang='grc' dir='ltr'>ἀπέστειλεν</span> <span class='ocrx_word' id='word_1_522' title='bbox 1479 4070 1505 4121; x_wconf 94' lang='lat'>6</span> <span class='ocrx_word' id='word_1_523' title='bbox 1591 4068 1841 4142; x_wconf 84' lang='grc' dir='ltr'>βασιλεὺς</span> 
     </span>
    </p>
   </div>
   <div class='ocr_carea' id='block_1_75' title="bbox 223 4154 1842 4232">
    <p class='ocr_par' dir='ltr' id='par_1_75' title="bbox 223 4154 1842 4232">
     <span class='ocr_line' id='line_1_75' title="bbox 223 4154 1842 4232; baseline -0.001 -20"><span class='ocrx_word' id='word_1_524' title='bbox 223 4161 377 4217; x_wconf 86' lang='grc' dir='ltr'>Θεὸς</span> <span class='ocrx_word' id='word_1_525' title='bbox 413 4164 514 4218; x_wconf 86' lang='grc' dir='ltr'>τοῖς</span> <span class='ocrx_word' id='word_1_526' title='bbox 552 4156 860 4231; x_wconf 83' lang='grc' dir='ltr'>ἀνθρώποις,</span> <span class='ocrx_word' id='word_1_527' title='bbox 899 4154 1143 4220; x_wconf 75' lang='grc' dir='ltr'>δηλώσας</span> <span class='ocrx_word' id='word_1_528' title='bbox 1196 4156 1268 4212; x_wconf 81' lang='grc' dir='ltr'>δι’</span> <span class='ocrx_word' id='word_1_529' title='bbox 1295 4159 1484 4225; x_wconf 85' lang='grc' dir='ltr'>αὑτῶν,</span> <span class='ocrx_word' id='word_1_530' title='bbox 1542 4160 1624 4211; x_wconf 87' lang='grc' dir='ltr'>ἵνα</span> <span class='ocrx_word' id='word_1_531' title='bbox 1669 4178 1842 4232; x_wconf 88' lang='grc' dir='ltr'>παρα-</span> 
     </span>
    </p>
   </div>
   <div class='ocr_carea' id='block_1_76' title="bbox 226 4245 1840 4314">
    <p class='ocr_par' dir='ltr' id='par_1_76' title="bbox 226 4245 1840 4314">
     <span class='ocr_line' id='line_1_76' title="bbox 226 4245 1840 4314; baseline 0.001 -15"><span class='ocrx_word' id='word_1_532' title='bbox 226 4245 552 4309; x_wconf 72' lang='grc' dir='ltr'>καλέσαντες</span> <span class='ocrx_word' id='word_1_533' title='bbox 625 4249 713 4299; x_wconf 87' lang='grc' dir='ltr'><strong>τόν</strong></span> <span class='ocrx_word' id='word_1_534' title='bbox 789 4251 939 4314; x_wconf 89' lang='grc' dir='ltr'>Θεὸν,</span> <span class='ocrx_word' id='word_1_535' title='bbox 992 4253 1082 4301; x_wconf 77' lang='grc' dir='ltr'>καὶ</span> <span class='ocrx_word' id='word_1_536' title='bbox 1161 4251 1530 4309; x_wconf 81' lang='grc' dir='ltr'>πιστεύσαντες</span> <span class='ocrx_word' id='word_1_537' title='bbox 1582 4248 1840 4308; x_wconf 77' lang='grc' dir='ltr'>αἰτήσωσι</span> 
     </span>
    </p>
   </div>
   <div class='ocr_carea' id='block_1_77' title="bbox 228 4331 1841 4410">
    <p class='ocr_par' dir='ltr' id='par_1_77' title="bbox 228 4331 1841 4410">
     <span class='ocr_line' id='line_1_77' title="bbox 228 4331 1841 4410; baseline 0.002 -23"><span class='ocrx_word' id='word_1_538' title='bbox 228 4341 323 4388; x_wconf 74' lang='grc' dir='ltr'>καὶ</span> <span class='ocrx_word' id='word_1_539' title='bbox 347 4333 550 4388; x_wconf 79' lang='grc' dir='ltr'>λάϐωσι</span> <span class='ocrx_word' id='word_1_540' title='bbox 582 4331 780 4410; x_wconf 84' lang='grc' dir='ltr'>δωρεὰν</span> <span class='ocrx_word' id='word_1_541' title='bbox 828 4336 1065 4410; x_wconf 77' lang='grc' dir='ltr'>οὐράνιον</span> <span class='ocrx_word' id='word_1_542' title='bbox 1119 4335 1173 4389; x_wconf 74' lang='grc' dir='ltr'>ἔκ</span> <span class='ocrx_word' id='word_1_543' title='bbox 1219 4345 1313 4399; x_wconf 88' lang='grc' dir='ltr'>τῆς</span> <span class='ocrx_word' id='word_1_544' title='bbox 1366 4339 1704 4400; x_wconf 80' lang='grc' dir='ltr'>ὑποστάσεως</span> <span class='ocrx_word' id='word_1_545' title='bbox 1746 4345 1841 4399; x_wconf 85' lang='grc' dir='ltr'>τῆς</span> 
     </span>
    </p>
   </div>
   <div class='ocr_carea' id='block_1_78' title="bbox 232 4423 1840 4499">
    <p class='ocr_par' dir='ltr' id='par_1_78' title="bbox 232 4423 1840 4499">
     <span class='ocr_line' id='line_1_78' title="bbox 232 4423 1840 4499; baseline 0.001 -21"><span class='ocrx_word' id='word_1_546' title='bbox 232 4427 479 4485; x_wconf 79' lang='grc' dir='ltr'>θεότητος</span> <span class='ocrx_word' id='word_1_547' title='bbox 533 4423 715 4482; x_wconf 79' lang='grc' dir='ltr'>αὑτοῦ,</span> <span class='ocrx_word' id='word_1_548' title='bbox 771 4428 1070 4497; x_wconf 74' lang='grc' dir='ltr'>Γέγραπται</span> <span class='ocrx_word' id='word_1_549' title='bbox 1144 4429 1271 4498; x_wconf 87' lang='grc' dir='ltr'>γὰρ,</span> <span class='ocrx_word' id='word_1_550' title='bbox 1327 4424 1370 4478; x_wconf 72' lang='grc' dir='ltr'>Ἰ</span> <span class='ocrx_word' id='word_1_551' title='bbox 1391 4447 1460 4479; x_wconf 92' lang='grc' dir='ltr'>να</span> <span class='ocrx_word' id='word_1_552' title='bbox 1509 4429 1840 4499; x_wconf 74' lang='grc' dir='ltr'>γινώμεθα</span> 
     </span>
    </p>
   </div>
   <div class='ocr_carea' id='block_1_79' title="bbox 224 4512 1839 4589">
    <p class='ocr_par' dir='ltr' id='par_1_79' title="bbox 224 4512 1839 4589">
     <span class='ocr_line' id='line_1_79' title="bbox 224 4512 1839 4589; baseline 0.001 -21"><span class='ocrx_word' id='word_1_553' title='bbox 224 4516 417 4575; x_wconf 87' lang='grc' dir='ltr'>θείας</span> <span class='ocrx_word' id='word_1_554' title='bbox 465 4518 768 4566; x_wconf 78' lang='grc' dir='ltr'>κοινωνοὶ</span> <span class='ocrx_word' id='word_1_555' title='bbox 805 4516 1074 4586; x_wconf 77' lang='grc' dir='ltr'>φύσεως.</span> <span class='ocrx_word' id='word_1_556' title='bbox 1103 4515 1225 4570; x_wconf 80' lang='grc' dir='ltr'>Ἐὰν</span> <span class='ocrx_word' id='word_1_557' title='bbox 1257 4512 1317 4568; x_wconf 75' lang='grc' dir='ltr'>δὲ</span> <span class='ocrx_word' id='word_1_558' title='bbox 1341 4519 1412 4588; x_wconf 85' lang='grc' dir='ltr'>μὴ</span> <span class='ocrx_word' id='word_1_559' title='bbox 1436 4515 1720 4589; x_wconf 70' lang='grc' dir='ltr'>προσελθη,</span> <span class='ocrx_word' id='word_1_560' title='bbox 1749 4522 1839 4569; x_wconf 80' lang='grc' dir='ltr'>καὶ</span> 
     </span>
    </p>
   </div>
   <div class='ocr_carea' id='block_1_80' title="bbox 219 4599 1840 4679">
    <p class='ocr_par' dir='ltr' id='par_1_80' title="bbox 219 4599 1840 4679">
     <span class='ocr_line' id='line_1_80' title="bbox 219 4599 1840 4679; baseline 0.002 -24"><span class='ocrx_word' id='word_1_561' title='bbox 219 4603 458 4674; x_wconf 76' lang='grc' dir='ltr'>αἰτήσῃ,</span> <span class='ocrx_word' id='word_1_562' title='bbox 490 4605 580 4653; x_wconf 80' lang='grc' dir='ltr'>καὶ</span> <span class='ocrx_word' id='word_1_563' title='bbox 631 4599 761 4675; x_wconf 73' lang='grc' dir='ltr'>λάϐῃ</span> <span class='ocrx_word' id='word_1_564' title='bbox 820 4603 846 4654; x_wconf 91' lang='lat'>6</span> <span class='ocrx_word' id='word_1_565' title='bbox 903 4601 1192 4679; x_wconf 80' lang='grc' dir='ltr'>ἅνθρωπος,</span> <span class='ocrx_word' id='word_1_566' title='bbox 1238 4600 1390 4657; x_wconf 70' lang='grc' dir='ltr'>οὑδεν</span> <span class='ocrx_word' id='word_1_567' title='bbox 1444 4604 1680 4676; x_wconf 73' lang='grc' dir='ltr'>ὠφελήθη</span> <span class='ocrx_word' id='word_1_568' title='bbox 1713 4605 1840 4658; x_wconf 83' lang='grc' dir='ltr'>ἁνα-</span> 
     </span>
    </p>
   </div>
   <div class='ocr_carea' id='block_1_81' title="bbox 213 4689 1838 4767">
    <p class='ocr_par' dir='ltr' id='par_1_81' title="bbox 213 4689 1838 4767">
     <span class='ocr_line' id='line_1_81' title="bbox 213 4689 1838 4767; baseline 0.002 -24"><span class='ocrx_word' id='word_1_569' title='bbox 213 4695 389 4766; x_wconf 79' lang='grc' dir='ltr'>γνοὺς</span> <span class='ocrx_word' id='word_1_570' title='bbox 453 4692 549 4752; x_wconf 79' lang='grc' dir='ltr'>τὰς</span> <span class='ocrx_word' id='word_1_571' title='bbox 591 4693 815 4765; x_wconf 78' lang='grc' dir='ltr'>Γραφὰς,</span> <span class='ocrx_word' id='word_1_572' title='bbox 891 4692 1081 4765; x_wconf 87' lang='grc' dir='ltr'>μᾶλλον</span> <span class='ocrx_word' id='word_1_573' title='bbox 1140 4689 1199 4745; x_wconf 71' lang='grc' dir='ltr'>δὲ</span> <span class='ocrx_word' id='word_1_574' title='bbox 1245 4699 1336 4746; x_wconf 81' lang='grc' dir='ltr'>καὶ</span> <span class='ocrx_word' id='word_1_575' title='bbox 1389 4695 1611 4746; x_wconf 89' lang='grc' dir='ltr'>θανάτου</span> <span class='ocrx_word' id='word_1_576' title='bbox 1659 4695 1838 4767; x_wconf 79' lang='grc' dir='ltr'>ἔνοχός</span> 
     </span>
    </p>
   </div>
   <div class='ocr_carea' id='block_1_82' title="bbox 213 4779 1835 4855">
    <p class='ocr_par' dir='ltr' id='par_1_82' title="bbox 213 4779 1835 4855">
     <span class='ocr_line' id='line_1_82' title="bbox 213 4779 1835 4855; baseline 0.002 -21"><span class='ocrx_word' id='word_1_577' title='bbox 213 4786 398 4850; x_wconf 68' lang='grc' dir='ltr'>ἑστιν,</span> <span class='ocrx_word' id='word_1_578' title='bbox 425 4782 506 4832; x_wconf 89' lang='grc' dir='ltr'>ὃτι</span> <span class='ocrx_word' id='word_1_579' title='bbox 537 4783 679 4855; x_wconf 83' lang='grc' dir='ltr'>παρὰ</span> <span class='ocrx_word' id='word_1_580' title='bbox 737 4779 993 4853; x_wconf 70' lang='grc' dir='ltr'>βασιλεως</span> <span class='ocrx_word' id='word_1_581' title='bbox 1037 4783 1282 4855; x_wconf 78' lang='grc' dir='ltr'>οὐρανίου</span> <span class='ocrx_word' id='word_1_582' title='bbox 1335 4784 1428 4836; x_wconf 77' lang='grc' dir='ltr'>οὑκ</span> <span class='ocrx_word' id='word_1_583' title='bbox 1481 4783 1702 4842; x_wconf 79' lang='grc' dir='ltr'>ἠθέλησε</span> <span class='ocrx_word' id='word_1_584' title='bbox 1749 4784 1835 4837; x_wconf 86' lang='grc' dir='ltr'>λα-</span> 
     </span>
    </p>
   </div>
   <div class='ocr_carea' id='block_1_83' title="bbox 212 4868 1836 4944">
    <p class='ocr_par' dir='ltr' id='par_1_83' title="bbox 212 4868 1836 4944">
     <span class='ocr_line' id='line_1_83' title="bbox 212 4868 1836 4944; baseline 0.002 -21"><span class='ocrx_word' id='word_1_585' title='bbox 212 4869 334 4923; x_wconf 82' lang='grc' dir='ltr'>ϐεῖν</span> <span class='ocrx_word' id='word_1_586' title='bbox 397 4869 535 4930; x_wconf 77' lang='grc' dir='ltr'>ζωῆς</span> <span class='ocrx_word' id='word_1_587' title='bbox 569 4872 775 4944; x_wconf 77' lang='grc' dir='ltr'>ςωρεὰν,</span> <span class='ocrx_word' id='word_1_588' title='bbox 824 4871 884 4932; x_wconf 82' lang='grc' dir='ltr'>ἧς</span> <span class='ocrx_word' id='word_1_589' title='bbox 942 4872 1061 4924; x_wconf 78' lang='grc' dir='ltr'>ἄνευ</span> <span class='ocrx_word' id='word_1_590' title='bbox 1093 4868 1350 4925; x_wconf 79' lang='grc' dir='ltr'>ἀδύνατόν</span> <span class='ocrx_word' id='word_1_591' title='bbox 1387 4871 1497 4925; x_wconf 74' lang='grc' dir='ltr'>ἔστι</span> <span class='ocrx_word' id='word_1_592' title='bbox 1526 4873 1663 4934; x_wconf 81' lang='grc' dir='ltr'>ζωῆς</span> <span class='ocrx_word' id='word_1_593' title='bbox 1710 4872 1836 4926; x_wconf 79' lang='grc' dir='ltr'>ἀθα-</span> 
     </span>
    </p>
   </div>
   <div class='ocr_carea' id='block_1_84' title="bbox 210 4957 1836 5035">
    <p class='ocr_par' dir='ltr' id='par_1_84' title="bbox 210 4957 1836 5035">
     <span class='ocr_line' id='line_1_84' title="bbox 210 4957 1836 5035; baseline 0.003 -24"><span class='ocrx_word' id='word_1_594' title='bbox 210 4962 387 5012; x_wconf 82' lang='grc' dir='ltr'>νάτου</span> <span class='ocrx_word' id='word_1_595' title='bbox 411 4964 614 5029; x_wconf 84' lang='grc' dir='ltr'>τυχεῖν,</span> <span class='ocrx_word' id='word_1_596' title='bbox 672 4957 788 5019; x_wconf 80' lang='grc' dir='ltr'>ἣτις</span> <span class='ocrx_word' id='word_1_597' title='bbox 839 4961 980 5012; x_wconf 72' lang='grc' dir='ltr'>ἑστιν</span> <span class='ocrx_word' id='word_1_598' title='bbox 1021 4961 1048 5012; x_wconf 92' lang='lat'>6</span> <span class='ocrx_word' id='word_1_599' title='bbox 1102 4965 1348 5035; x_wconf 86' lang='grc' dir='ltr'>Χριστός.</span> <span class='ocrx_word' id='word_1_600' title='bbox 1399 4961 1469 5034; x_wconf 83' lang='grc' dir='ltr'>ᾯ.</span> <span class='ocrx_word' id='word_1_601' title='bbox 1511 4963 1541 5020; x_wconf 86' lang='grc' dir='ltr'>ἡ</span> <span class='ocrx_word' id='word_1_602' title='bbox 1595 4957 1726 5026; x_wconf 80' lang='grc' dir='ltr'>δόξα</span> <span class='ocrx_word' id='word_1_603' title='bbox 1763 4963 1836 5025; x_wconf 82' lang='grc' dir='ltr'>εἰς</span> 
     </span>
    </p>
   </div>
   <div class='ocr_carea' id='block_1_85' title="bbox 210 5046 814 5121">
    <p class='ocr_par' dir='ltr' id='par_1_85' title="bbox 210 5046 814 5121">
     <span class='ocr_line' id='line_1_85' title="bbox 210 5046 814 5121; baseline -0.003 -19"><span class='ocrx_word' id='word_1_604' title='bbox 210 5050 350 5108; x_wconf 84' lang='grc' dir='ltr'>τοὺς</span> <span class='ocrx_word' id='word_1_605' title='bbox 381 5046 593 5109; x_wconf 83' lang='grc' dir='ltr'>αἰῶνας.</span> <span class='ocrx_word' id='word_1_606' title='bbox 623 5047 814 5121; x_wconf 72' lang='grc' dir='ltr'>Ἀμήν.</span> 
     </span>
    </p>
   </div>
   <div class='ocr_carea' id='block_1_86' title="bbox 851 5175 1224 5232">
    <p class='ocr_par' dir='ltr' id='par_1_86' title="bbox 851 5175 1224 5232">
     <span class='ocr_line' id='line_1_86' title="bbox 851 5175 1224 5232; baseline 0.011 -4"><span class='ocrx_word' id='word_1_607' title='bbox 851 5179 1101 5231; x_wconf 85' lang='grc' dir='ltr'>ΟΜΙΛΙΑ</span> <span class='ocrx_word' id='word_1_608' title='bbox 1137 5175 1224 5232; x_wconf 81' lang='grc' dir='ltr'>Μ’.</span> 
     </span>
    </p>
   </div>
   <div class='ocr_carea' id='block_1_87' title="bbox 205 5279 1833 5357">
    <p class='ocr_par' dir='ltr' id='par_1_87' title="bbox 205 5279 1833 5357">
     <span class='ocr_line' id='line_1_87' title="bbox 205 5279 1833 5357; baseline 0.004 -25"><span class='ocrx_word' id='word_1_609' title='bbox 205 5281 230 5298; x_wconf 85' lang='grc'><strong><em>⁹</em></strong></span> <span class='ocrx_word' id='word_1_610' title='bbox 263 5286 394 5357; x_wconf 66' lang='lat' dir='ltr'>Qu</span> <span class='ocrx_word' id='word_1_611' title='bbox 422 5282 723 5357; x_wconf 61' lang='grc' dir='ltr'>πᾷσαιριὶ</span> <span class='ocrx_word' id='word_1_612' title='bbox 777 5279 1029 5357; x_wconf 78' lang='grc' dir='ltr'>ἀρεταὶ,</span> <span class='ocrx_word' id='word_1_613' title='bbox 1060 5290 1172 5338; x_wconf 79' lang='grc' dir='ltr'>καὶ</span> <span class='ocrx_word' id='word_1_614' title='bbox 1200 5285 1408 5338; x_wconf 84' lang='grc' dir='ltr'>πάντα</span> <span class='ocrx_word' id='word_1_615' title='bbox 1434 5289 1599 5339; x_wconf 82' lang='grc' dir='ltr'>κακὰ</span> <span class='ocrx_word' id='word_1_616' title='bbox 1646 5285 1833 5345; x_wconf 78' lang='grc' dir='ltr'>ἀλλή-</span> 
     </span>
    </p>
   </div>
   <div class='ocr_carea' id='block_1_88' title="bbox 295 5348 1831 5432">
    <p class='ocr_par' dir='ltr' id='par_1_88' title="bbox 295 5348 1831 5432">
     <span class='ocr_line' id='line_1_88' title="bbox 295 5348 1831 5432; baseline 0.004 -28"><span class='ocrx_word' id='word_1_617' title='bbox 295 5351 423 5432; x_wconf 81' lang='grc' dir='ltr'>λων</span> <span class='ocrx_word' id='word_1_618' title='bbox 479 5348 879 5432; x_wconf 30' lang='grc' dir='ltr'>ἑῌκδίδενται,</span> <span class='ocrx_word' id='word_1_619' title='bbox 939 5348 1047 5408; x_wconf 79' lang='grc' dir='ltr'>καὶ</span> <span class='ocrx_word' id='word_1_620' title='bbox 1104 5357 1381 5432; x_wconf 82' lang='grc' dir='ltr'>ὡσπερεὶ</span> <span class='ocrx_word' id='word_1_621' title='bbox 1445 5358 1677 5421; x_wconf 82' lang='grc' dir='ltr'>ἄλυσίς</span> <span class='ocrx_word' id='word_1_622' title='bbox 1739 5377 1831 5419; x_wconf 88' lang='grc' dir='ltr'>τις</span> 
     </span>
    </p>
   </div>
   <div class='ocr_carea' id='block_1_89' title="bbox 296 5426 1118 5501">
    <p class='ocr_par' dir='ltr' id='par_1_89' title="bbox 296 5426 1118 5501">
     <span class='ocr_line' id='line_1_89' title="bbox 296 5426 1118 5501; baseline 0.006 -27"><span class='ocrx_word' id='word_1_623' title='bbox 296 5427 422 5496; x_wconf 81' lang='grc' dir='ltr'>μία</span> <span class='ocrx_word' id='word_1_624' title='bbox 449 5430 558 5484; x_wconf 71' lang='grc' dir='ltr'>τῆς</span> <span class='ocrx_word' id='word_1_625' title='bbox 592 5429 746 5496; x_wconf 83' lang='grc' dir='ltr'>μιᾶς</span> <span class='ocrx_word' id='word_1_626' title='bbox 784 5426 1118 5501; x_wconf 74' lang='grc' dir='ltr'>ἤρτηνται.</span> 
     </span>
    </p>
   </div>
   <div class='ocr_carea' id='block_1_90' title="bbox 299 5523 1830 5608">
    <p class='ocr_par' dir='ltr' id='par_1_90' title="bbox 299 5523 1830 5608">
     <span class='ocr_line' id='line_1_90' title="bbox 299 5523 1830 5608; baseline 0.005 -26"><span class='ocrx_word' id='word_1_627' title='bbox 299 5523 385 5582; x_wconf 82' lang='lat' dir='ltr'>A’.</span> <span class='ocrx_word' id='word_1_628' title='bbox 441 5535 567 5604; x_wconf 85' lang='grc' dir='ltr'>Περὶ</span> <span class='ocrx_word' id='word_1_629' title='bbox 593 5539 685 5594; x_wconf 83' lang='grc' dir='ltr'>τῆς</span> <span class='ocrx_word' id='word_1_630' title='bbox 727 5537 1036 5608; x_wconf 70' lang='grc' dir='ltr'>φαινομένης</span> <span class='ocrx_word' id='word_1_631' title='bbox 1081 5534 1372 5607; x_wconf 77' lang='grc' dir='ltr'>ἀσκήσεως,</span> <span class='ocrx_word' id='word_1_632' title='bbox 1403 5541 1493 5591; x_wconf 79' lang='grc' dir='ltr'>καὶ</span> <span class='ocrx_word' id='word_1_633' title='bbox 1525 5543 1668 5590; x_wconf 90' lang='grc' dir='ltr'>ποῖον</span> <span class='ocrx_word' id='word_1_634' title='bbox 1720 5535 1830 5590; x_wconf 73' lang='grc' dir='ltr'>ἄπι-</span> 
     </span>
    </p>
   </div>
   <div class='ocr_carea' id='block_1_91' title="bbox 303 5677 1373 5755">
    <p class='ocr_par' dir='ltr' id='par_1_91' title="bbox 303 5677 1373 5755">
     <span class='ocr_line' id='line_1_91' title="bbox 303 5677 1373 5755; baseline 0.009 -25"><span class='ocrx_word' id='word_1_635' title='bbox 303 5677 759 5746; x_wconf 73' lang='lat' dir='ltr'>“Joan.tv,22.</span> <span class='ocrx_word' id='word_1_636' title='bbox 839 5682 882 5718; x_wconf 82' lang='grc'>⁶¹</span> <span class='ocrx_word' id='word_1_637' title='bbox 936 5681 1152 5755; x_wconf 85' lang='lat' dir='ltr'>Ephes.</span> <span class='ocrx_word' id='word_1_638' title='bbox 1186 5699 1239 5750; x_wconf 89' lang='lat' dir='ltr'>v,</span> <span class='ocrx_word' id='word_1_639' title='bbox 1286 5687 1373 5740; x_wconf 85' lang='lat'>32.</span> 
     </span>
    </p>
   </div>
   <div class='ocr_carea' id='block_1_92' title="bbox 1453 5681 1922 5751">
    <p class='ocr_par' dir='ltr' id='par_1_92' title="bbox 1453 5681 1922 5751">
     <span class='ocr_line' id='line_1_92' title="bbox 1453 5681 1922 5751; baseline 0.004 -14"><span class='ocrx_word' id='word_1_640' title='bbox 1453 5685 1499 5720; x_wconf 69' lang='grc' dir='ltr'>θ’</span> <span class='ocrx_word' id='word_1_641' title='bbox 1528 5684 1573 5738; x_wconf 89' lang='lat' dir='ltr'>Il</span> <span class='ocrx_word' id='word_1_642' title='bbox 1606 5685 1753 5741; x_wconf 89' lang='lat' dir='ltr'>Petr.</span> <span class='ocrx_word' id='word_1_643' title='bbox 1802 5697 1842 5751; x_wconf 86' lang='lat'>1,</span> <span class='ocrx_word' id='word_1_644' title='bbox 1870 5681 1922 5739; x_wconf 74' lang='grc'>4.</span> 
     </span>
    </p>
   </div>
   <div class='ocr_carea' id='block_1_93' title="bbox 2032 3356 3609 3429">
    <p class='ocr_par' dir='ltr' id='par_1_93' title="bbox 2032 3356 3609 3429">
     <span class='ocr_line' id='line_1_93' title="bbox 2032 3356 3609 3429; baseline 0.001 -16"><span class='ocrx_word' id='word_1_645' title='bbox 2032 3358 2072 3413; x_wconf 91' lang='grc' dir='ltr'>Ι.</span> <span class='ocrx_word' id='word_1_646' title='bbox 2107 3357 2635 3424; x_wconf 89' lang='lat' dir='ltr'>Quemadmodum</span> <span class='ocrx_word' id='word_1_647' title='bbox 2665 3372 2788 3422; x_wconf 86' lang='lat' dir='ltr'>rex,</span> <span class='ocrx_word' id='word_1_648' title='bbox 2820 3357 2922 3429; x_wconf 90' lang='lat' dir='ltr'>qui</span> <span class='ocrx_word' id='word_1_649' title='bbox 2979 3356 3183 3413; x_wconf 86' lang='lat' dir='ltr'>scribit</span> <span class='ocrx_word' id='word_1_650' title='bbox 3236 3358 3476 3412; x_wconf 87' lang='lat' dir='ltr'>Litteras</span> <span class='ocrx_word' id='word_1_651' title='bbox 3529 3357 3609 3414; x_wconf 91' lang='lat' dir='ltr'>ad</span> 
     </span>
    </p>
   </div>
   <div class='ocr_carea' id='block_1_94' title="bbox 1959 3445 3608 3519">
    <p class='ocr_par' dir='ltr' id='par_1_94' title="bbox 1959 3445 3608 3519">
     <span class='ocr_line' id='line_1_94' title="bbox 1959 3445 3608 3519; baseline 0.001 -16"><span class='ocrx_word' id='word_1_652' title='bbox 1959 3463 2086 3512; x_wconf 88' lang='lat' dir='ltr'>eos,</span> <span class='ocrx_word' id='word_1_653' title='bbox 2118 3447 2338 3519; x_wconf 87' lang='lat' dir='ltr'>quibus</span> <span class='ocrx_word' id='word_1_654' title='bbox 2379 3445 2504 3501; x_wconf 91' lang='lat' dir='ltr'>vult</span> <span class='ocrx_word' id='word_1_655' title='bbox 2547 3445 2850 3502; x_wconf 90' lang='lat' dir='ltr'>codicillos</span> <span class='ocrx_word' id='word_1_656' title='bbox 2893 3451 2947 3501; x_wconf 90' lang='lat' dir='ltr'>et</span> <span class='ocrx_word' id='word_1_657' title='bbox 2986 3446 3310 3518; x_wconf 90' lang='lat' dir='ltr'>peculiaria</span> <span class='ocrx_word' id='word_1_658' title='bbox 3355 3461 3608 3504; x_wconf 88' lang='lat' dir='ltr'>munera</span> 
     </span>
    </p>
   </div>
   <div class='ocr_carea' id='block_1_95' title="bbox 1956 3535 3606 3607">
    <p class='ocr_par' dir='ltr' id='par_1_95' title="bbox 1956 3535 3606 3607">
     <span class='ocr_line' id='line_1_95' title="bbox 1956 3535 3606 3607; baseline 0.001 -15"><span class='ocrx_word' id='word_1_659' title='bbox 1956 3536 2178 3607; x_wconf 89' lang='lat' dir='ltr'>largiri,</span> <span class='ocrx_word' id='word_1_660' title='bbox 2213 3543 2420 3592; x_wconf 87' lang='lat' dir='ltr'>notum</span> <span class='ocrx_word' id='word_1_661' title='bbox 2451 3535 2586 3592; x_wconf 83' lang='lat' dir='ltr'>facit</span> <span class='ocrx_word' id='word_1_662' title='bbox 2611 3535 2915 3602; x_wconf 91' lang='lat' dir='ltr'>omnibus,</span> <span class='ocrx_word' id='word_1_663' title='bbox 2965 3551 3220 3606; x_wconf 90' lang='lat' dir='ltr'>nempe:</span> <span class='ocrx_word' id='word_1_664' title='bbox 3257 3536 3606 3593; x_wconf 84' lang='lat' dir='ltr'>Contendite</span> 
     </span>
    </p>
   </div>
   <div class='ocr_carea' id='block_1_96' title="bbox 1957 3625 3607 3696">
    <p class='ocr_par' dir='ltr' id='par_1_96' title="bbox 1957 3625 3607 3696">
     <span class='ocr_line' id='line_1_96' title="bbox 1957 3625 3607 3696; baseline 0 -13"><span class='ocrx_word' id='word_1_665' title='bbox 1957 3627 2264 3696; x_wconf 82' lang='lat' dir='ltr'>confestim</span> <span class='ocrx_word' id='word_1_666' title='bbox 2287 3625 2369 3681; x_wconf 89' lang='lat' dir='ltr'>ad</span> <span class='ocrx_word' id='word_1_667' title='bbox 2393 3639 2482 3681; x_wconf 91' lang='lat' dir='ltr'>me</span> <span class='ocrx_word' id='word_1_668' title='bbox 2500 3626 2716 3689; x_wconf 86' lang='lat' dir='ltr'>venire,</span> <span class='ocrx_word' id='word_1_669' title='bbox 2741 3630 2807 3680; x_wconf 87' lang='lat' dir='ltr'>ut</span> <span class='ocrx_word' id='word_1_670' title='bbox 2837 3625 3147 3696; x_wconf 85' lang='lat' dir='ltr'>accipiatis</span> <span class='ocrx_word' id='word_1_671' title='bbox 3178 3641 3214 3681; x_wconf 91' lang='lat' dir='ltr'>a</span> <span class='ocrx_word' id='word_1_672' title='bbox 3237 3641 3326 3681; x_wconf 90' lang='lat' dir='ltr'>me</span> <span class='ocrx_word' id='word_1_673' title='bbox 3354 3641 3607 3683; x_wconf 86' lang='lat' dir='ltr'>munera</span> 
     </span>
    </p>
   </div>
   <div class='ocr_carea' id='block_1_97' title="bbox 1954 3714 3606 3786">
    <p class='ocr_par' dir='ltr' id='par_1_97' title="bbox 1954 3714 3606 3786">
     <span class='ocr_line' id='line_1_97' title="bbox 1954 3714 3606 3786; baseline -0.001 -15"><span class='ocrx_word' id='word_1_674' title='bbox 1954 3718 2162 3786; x_wconf 88' lang='lat' dir='ltr'>regia:</span> <span class='ocrx_word' id='word_1_675' title='bbox 2193 3715 2296 3786; x_wconf 89' lang='lat' dir='ltr'>qui</span> <span class='ocrx_word' id='word_1_676' title='bbox 2339 3714 2452 3769; x_wconf 81' lang='lat' dir='ltr'>nisi</span> <span class='ocrx_word' id='word_1_677' title='bbox 2483 3715 2749 3768; x_wconf 91' lang='lat' dir='ltr'>venerint</span> <span class='ocrx_word' id='word_1_678' title='bbox 2791 3719 2847 3769; x_wconf 90' lang='lat' dir='ltr'>et</span> <span class='ocrx_word' id='word_1_679' title='bbox 2885 3715 3246 3786; x_wconf 89' lang='lat' dir='ltr'>acceperint,</span> <span class='ocrx_word' id='word_1_680' title='bbox 3287 3714 3606 3786; x_wconf 90' lang='lat' dir='ltr'>nihilipsis</span> 
     </span>
    </p>
   </div>
   <div class='ocr_carea' id='block_1_98' title="bbox 1953 3802 3605 3878">
    <p class='ocr_par' dir='ltr' id='par_1_98' title="bbox 1953 3802 3605 3878">
     <span class='ocr_line' id='line_1_98' title="bbox 1953 3802 3605 3878; baseline -0.001 -18"><span class='ocrx_word' id='word_1_681' title='bbox 1953 3805 2234 3878; x_wconf 89' lang='lat' dir='ltr'>proderit,</span> <span class='ocrx_word' id='word_1_682' title='bbox 2280 3803 2445 3875; x_wconf 89' lang='lat' dir='ltr'>quod</span> <span class='ocrx_word' id='word_1_683' title='bbox 2500 3803 2609 3857; x_wconf 89' lang='lat' dir='ltr'>has</span> <span class='ocrx_word' id='word_1_684' title='bbox 2638 3802 2918 3870; x_wconf 84' lang='lat' dir='ltr'>legerint;</span> <span class='ocrx_word' id='word_1_685' title='bbox 2952 3804 3098 3874; x_wconf 89' lang='lat' dir='ltr'>quin</span> <span class='ocrx_word' id='word_1_686' title='bbox 3151 3805 3349 3874; x_wconf 82' lang='lat' dir='ltr'>potius</span> <span class='ocrx_word' id='word_1_687' title='bbox 3396 3805 3605 3860; x_wconf 88' lang='lat' dir='ltr'>mortis</span> 
     </span>
    </p>
   </div>
   <div class='ocr_carea' id='block_1_99' title="bbox 1952 3891 3605 3966">
    <p class='ocr_par' dir='ltr' id='par_1_99' title="bbox 1952 3891 3605 3966">
     <span class='ocr_line' id='line_1_99' title="bbox 1952 3891 3605 3966; baseline 0 -18"><span class='ocrx_word' id='word_1_688' title='bbox 1952 3893 2246 3966; x_wconf 89' lang='lat' dir='ltr'>supplicio</span> <span class='ocrx_word' id='word_1_689' title='bbox 2264 3891 2697 3956; x_wconf 85' lang='lat' dir='ltr'>ﬁuntobnoxii,</span> <span class='ocrx_word' id='word_1_690' title='bbox 2734 3892 2897 3963; x_wconf 90' lang='lat' dir='ltr'>quod</span> <span class='ocrx_word' id='word_1_691' title='bbox 2928 3891 3232 3946; x_wconf 87' lang='lat' dir='ltr'>renuerint</span> <span class='ocrx_word' id='word_1_692' title='bbox 3279 3893 3498 3958; x_wconf 89' lang='lat' dir='ltr'>venire,</span> <span class='ocrx_word' id='word_1_693' title='bbox 3546 3899 3605 3948; x_wconf 86' lang='lat' dir='ltr'>et</span> 
     </span>
    </p>
   </div>
   <div class='ocr_carea' id='block_1_100' title="bbox 1951 3980 3602 4052">
    <p class='ocr_par' dir='ltr' id='par_1_100' title="bbox 1951 3980 3602 4052">
     <span class='ocr_line' id='line_1_100' title="bbox 1951 3980 3602 4052; baseline -0.003 -12"><span class='ocrx_word' id='word_1_694' title='bbox 1951 4000 1982 4040; x_wconf 94' lang='lat' dir='ltr'>e</span> <span class='ocrx_word' id='word_1_695' title='bbox 2006 3998 2189 4038; x_wconf 91' lang='lat' dir='ltr'>manu</span> <span class='ocrx_word' id='word_1_696' title='bbox 2218 3981 2371 4052; x_wconf 90' lang='lat' dir='ltr'>regis</span> <span class='ocrx_word' id='word_1_697' title='bbox 2393 3980 2784 4035; x_wconf 90' lang='lat' dir='ltr'>honorarium</span> <span class='ocrx_word' id='word_1_698' title='bbox 2809 3983 3126 4051; x_wconf 88' lang='lat' dir='ltr'>consequi:</span> <span class='ocrx_word' id='word_1_699' title='bbox 3157 3982 3240 4035; x_wconf 90' lang='lat' dir='ltr'>sic</span> <span class='ocrx_word' id='word_1_700' title='bbox 3255 3996 3498 4052; x_wconf 89' lang='lat' dir='ltr'>quoque</span> <span class='ocrx_word' id='word_1_701' title='bbox 3517 3981 3602 4035; x_wconf 84' lang='lat' dir='ltr'>di—</span> 
     </span>
    </p>
   </div>
   <div class='ocr_carea' id='block_1_101' title="bbox 1949 4068 3603 4141">
    <p class='ocr_par' dir='ltr' id='par_1_101' title="bbox 1949 4068 3603 4141">
     <span class='ocr_line' id='line_1_101' title="bbox 1949 4068 3603 4141; baseline -0.002 -13"><span class='ocrx_word' id='word_1_702' title='bbox 1949 4073 2118 4128; x_wconf 89' lang='lat' dir='ltr'>vinas</span> <span class='ocrx_word' id='word_1_703' title='bbox 2152 4071 2485 4141; x_wconf 86' lang='lat' dir='ltr'>Scripturas</span> <span class='ocrx_word' id='word_1_704' title='bbox 2503 4068 2660 4123; x_wconf 90' lang='lat' dir='ltr'>velut</span> <span class='ocrx_word' id='word_1_705' title='bbox 2682 4069 2962 4140; x_wconf 88' lang='lat' dir='ltr'>epistolas</span> <span class='ocrx_word' id='word_1_706' title='bbox 2993 4069 3157 4124; x_wconf 86' lang='lat' dir='ltr'>misit</span> <span class='ocrx_word' id='word_1_707' title='bbox 3181 4084 3281 4125; x_wconf 90' lang='lat' dir='ltr'>rex</span> <span class='ocrx_word' id='word_1_708' title='bbox 3315 4071 3468 4124; x_wconf 90' lang='lat' dir='ltr'>Deus</span> <span class='ocrx_word' id='word_1_709' title='bbox 3497 4069 3603 4125; x_wconf 89' lang='lat' dir='ltr'>ho-</span> 
     </span>
    </p>
   </div>
   <div class='ocr_carea' id='block_1_102' title="bbox 1951 4157 3603 4228">
    <p class='ocr_par' dir='ltr' id='par_1_102' title="bbox 1951 4157 3603 4228">
     <span class='ocr_line' id='line_1_102' title="bbox 1951 4157 3603 4228; baseline -0.001 -12"><span class='ocrx_word' id='word_1_710' title='bbox 1951 4160 2236 4224; x_wconf 90' lang='lat' dir='ltr'>minibus,</span> <span class='ocrx_word' id='word_1_711' title='bbox 2269 4159 2345 4214; x_wconf 89' lang='lat' dir='ltr'>iis</span> <span class='ocrx_word' id='word_1_712' title='bbox 2377 4157 2749 4228; x_wconf 85' lang='lat' dir='ltr'>signiﬁcans,</span> <span class='ocrx_word' id='word_1_713' title='bbox 2807 4164 2867 4212; x_wconf 90' lang='lat' dir='ltr'>ut</span> <span class='ocrx_word' id='word_1_714' title='bbox 2910 4158 3260 4212; x_wconf 85' lang='lat' dir='ltr'>invocantes</span> <span class='ocrx_word' id='word_1_715' title='bbox 3306 4160 3514 4226; x_wconf 89' lang='lat' dir='ltr'>Deum,</span> <span class='ocrx_word' id='word_1_716' title='bbox 3545 4163 3603 4214; x_wconf 87' lang='lat' dir='ltr'>et</span> 
     </span>
    </p>
   </div>
   <div class='ocr_carea' id='block_1_103' title="bbox 1950 4246 3599 4320">
    <p class='ocr_par' dir='ltr' id='par_1_103' title="bbox 1950 4246 3599 4320">
     <span class='ocr_line' id='line_1_103' title="bbox 1950 4246 3599 4320; baseline -0.001 -14"><span class='ocrx_word' id='word_1_717' title='bbox 1950 4250 2254 4306; x_wconf 88' lang='lat' dir='ltr'>credentes</span> <span class='ocrx_word' id='word_1_718' title='bbox 2287 4253 2491 4320; x_wconf 85' lang='lat' dir='ltr'>petant</span> <span class='ocrx_word' id='word_1_719' title='bbox 2520 4253 2576 4302; x_wconf 89' lang='lat' dir='ltr'>et</span> <span class='ocrx_word' id='word_1_720' title='bbox 2609 4253 3059 4318; x_wconf 89' lang='lat' dir='ltr'>consequantur</span> <span class='ocrx_word' id='word_1_721' title='bbox 3095 4246 3326 4302; x_wconf 88' lang='lat' dir='ltr'>donum</span> <span class='ocrx_word' id='word_1_722' title='bbox 3357 4247 3599 4305; x_wconf 71' lang='lat' dir='ltr'>cmleste</span> 
     </span>
    </p>
   </div>
   <div class='ocr_carea' id='block_1_104' title="bbox 1948 4335 3596 4411">
    <p class='ocr_par' dir='ltr' id='par_1_104' title="bbox 1948 4335 3596 4411">
     <span class='ocr_line' id='line_1_104' title="bbox 1948 4335 3596 4411; baseline -0.003 -16"><span class='ocrx_word' id='word_1_723' title='bbox 1948 4355 2021 4395; x_wconf 87' lang='lat' dir='ltr'>ex</span> <span class='ocrx_word' id='word_1_724' title='bbox 2060 4337 2366 4411; x_wconf 87' lang='lat' dir='ltr'>hypostasi</span> <span class='ocrx_word' id='word_1_725' title='bbox 2397 4336 2718 4392; x_wconf 87' lang='lat' dir='ltr'>divinitatis</span> <span class='ocrx_word' id='word_1_726' title='bbox 2748 4339 2895 4407; x_wconf 86' lang='lat' dir='ltr'>ejus.</span> <span class='ocrx_word' id='word_1_727' title='bbox 2945 4335 3241 4407; x_wconf 88' lang='lat' dir='ltr'>Scriptum</span> <span class='ocrx_word' id='word_1_728' title='bbox 3281 4337 3439 4391; x_wconf 91' lang='lat' dir='ltr'>enim</span> <span class='ocrx_word' id='word_1_729' title='bbox 3471 4342 3596 4393; x_wconf 88' lang='lat' dir='ltr'>est:</span> 
     </span>
    </p>
   </div>
   <div class='ocr_carea' id='block_1_105' title="bbox 1952 4425 3598 4496">
    <p class='ocr_par' dir='ltr' id='par_1_105' title="bbox 1952 4425 3598 4496">
     <span class='ocr_line' id='line_1_105' title="bbox 1952 4425 3598 4496; baseline -0.001 -12"><span class='ocrx_word' id='word_1_730' title='bbox 1952 4429 2076 4496; x_wconf 82' lang='lat' dir='ltr'>Quo</span> <span class='ocrx_word' id='word_1_731' title='bbox 2095 4431 2306 4494; x_wconf 74' lang='lat' dir='ltr'>ﬁamus</span> <span class='ocrx_word' id='word_1_732' title='bbox 2318 4427 2539 4483; x_wconf 65' lang='lat' dir='ltr'>divina</span> <span class='ocrx_word' id='word_1_733' title='bbox 2558 4429 2853 4482; x_wconf 83' lang='lat' dir='ltr'>consortes</span> <span class='ocrx_word' id='word_1_734' title='bbox 2871 4431 3107 4481; x_wconf 77' lang='lat' dir='ltr'>naturae</span> <span class='ocrx_word' id='word_1_735' title='bbox 3130 4427 3198 4483; x_wconf 74' lang='grc'>⁸³.</span> <span class='ocrx_word' id='word_1_736' title='bbox 3221 4425 3277 4483; x_wconf 93' lang='lat' dir='ltr'>Si</span> <span class='ocrx_word' id='word_1_737' title='bbox 3309 4441 3452 4481; x_wconf 90' lang='lat' dir='ltr'>vero</span> <span class='ocrx_word' id='word_1_738' title='bbox 3475 4441 3598 4482; x_wconf 89' lang='lat' dir='ltr'>non</span> 
     </span>
    </p>
   </div>
   <div class='ocr_carea' id='block_1_106' title="bbox 1875 4497 3600 4586">
    <p class='ocr_par' dir='ltr' id='par_1_106' title="bbox 1875 4497 3600 4586">
     <span class='ocr_line' id='line_1_106' title="bbox 1875 4497 3600 4586; baseline -0.002 -12"><span class='ocrx_word' id='word_1_739' title='bbox 1875 4497 2281 4579; x_wconf 72' lang='lat' dir='ltr'>I)accesserit,</span> <span class='ocrx_word' id='word_1_740' title='bbox 2334 4531 2456 4571; x_wconf 90' lang='lat' dir='ltr'>non</span> <span class='ocrx_word' id='word_1_741' title='bbox 2514 4515 2762 4586; x_wconf 90' lang='lat' dir='ltr'>petierit,</span> <span class='ocrx_word' id='word_1_742' title='bbox 2825 4530 2933 4570; x_wconf 90' lang='lat' dir='ltr'>nec</span> <span class='ocrx_word' id='word_1_743' title='bbox 2986 4515 3298 4586; x_wconf 89' lang='lat' dir='ltr'>acceperit,</span> <span class='ocrx_word' id='word_1_744' title='bbox 3349 4514 3496 4570; x_wconf 89' lang='lat' dir='ltr'>nihil</span> <span class='ocrx_word' id='word_1_745' title='bbox 3545 4517 3600 4571; x_wconf 89' lang='lat' dir='ltr'>ei</span> 
     </span>
    </p>
   </div>
   <div class='ocr_carea' id='block_1_107' title="bbox 1949 4604 3601 4683">
    <p class='ocr_par' dir='ltr' id='par_1_107' title="bbox 1949 4604 3601 4683">
     <span class='ocr_line' id='line_1_107' title="bbox 1949 4604 3601 4683; baseline -0.002 -20"><span class='ocrx_word' id='word_1_746' title='bbox 1949 4605 2229 4680; x_wconf 89' lang='lat' dir='ltr'>proderit,</span> <span class='ocrx_word' id='word_1_747' title='bbox 2254 4605 2416 4678; x_wconf 90' lang='lat' dir='ltr'>quod</span> <span class='ocrx_word' id='word_1_748' title='bbox 2448 4605 2655 4674; x_wconf 89' lang='lat' dir='ltr'>legerit</span> <span class='ocrx_word' id='word_1_749' title='bbox 2677 4605 3032 4674; x_wconf 90' lang='lat' dir='ltr'>Scripturas,</span> <span class='ocrx_word' id='word_1_750' title='bbox 3066 4604 3185 4658; x_wconf 88' lang='lat' dir='ltr'>imo</span> <span class='ocrx_word' id='word_1_751' title='bbox 3205 4604 3402 4683; x_wconf 81' lang='lat' dir='ltr'>potius</span> <span class='ocrx_word' id='word_1_752' title='bbox 3433 4605 3601 4676; x_wconf 91' lang='lat' dir='ltr'>capi-</span> 
     </span>
    </p>
   </div>
   <div class='ocr_carea' id='block_1_108' title="bbox 1947 4691 3594 4766">
    <p class='ocr_par' dir='ltr' id='par_1_108' title="bbox 1947 4691 3594 4766">
     <span class='ocr_line' id='line_1_108' title="bbox 1947 4691 3594 4766; baseline -0.004 -14"><span class='ocrx_word' id='word_1_753' title='bbox 1947 4695 2048 4752; x_wconf 89' lang='lat' dir='ltr'>tali</span> <span class='ocrx_word' id='word_1_754' title='bbox 2086 4693 2378 4766; x_wconf 89' lang='lat' dir='ltr'>supplicio</span> <span class='ocrx_word' id='word_1_755' title='bbox 2409 4693 2721 4758; x_wconf 86' lang='lat' dir='ltr'>tenebitur,</span> <span class='ocrx_word' id='word_1_756' title='bbox 2763 4693 2925 4764; x_wconf 91' lang='lat' dir='ltr'>quod</span> <span class='ocrx_word' id='word_1_757' title='bbox 2966 4708 3002 4747; x_wconf 94' lang='lat' dir='ltr'>a</span> <span class='ocrx_word' id='word_1_758' title='bbox 3033 4694 3186 4762; x_wconf 83' lang='lat' dir='ltr'>Rege</span> <span class='ocrx_word' id='word_1_759' title='bbox 3219 4691 3440 4746; x_wconf 69' lang='lat' dir='ltr'>caelesti</span> <span class='ocrx_word' id='word_1_760' title='bbox 3478 4707 3594 4746; x_wconf 89' lang='lat' dir='ltr'>no-</span> 
     </span>
    </p>
   </div>
   <div class='ocr_carea' id='block_1_109' title="bbox 1944 4780 3588 4854">
    <p class='ocr_par' dir='ltr' id='par_1_109' title="bbox 1944 4780 3588 4854">
     <span class='ocr_line' id='line_1_109' title="bbox 1944 4780 3588 4854; baseline -0.003 -14"><span class='ocrx_word' id='word_1_761' title='bbox 1944 4785 2116 4841; x_wconf 89' lang='lat' dir='ltr'>luerit</span> <span class='ocrx_word' id='word_1_762' title='bbox 2140 4783 2408 4854; x_wconf 88' lang='lat' dir='ltr'>accipere</span> <span class='ocrx_word' id='word_1_763' title='bbox 2426 4783 2654 4837; x_wconf 90' lang='lat' dir='ltr'>donum</span> <span class='ocrx_word' id='word_1_764' title='bbox 2689 4782 2854 4847; x_wconf 62' lang='lat' dir='ltr'>vitae;</span> <span class='ocrx_word' id='word_1_765' title='bbox 2890 4780 3019 4835; x_wconf 91' lang='lat' dir='ltr'>sine</span> <span class='ocrx_word' id='word_1_766' title='bbox 3050 4796 3171 4852; x_wconf 90' lang='lat' dir='ltr'>quo</span> <span class='ocrx_word' id='word_1_767' title='bbox 3199 4781 3330 4837; x_wconf 86' lang='lat' dir='ltr'>ﬁeri</span> <span class='ocrx_word' id='word_1_768' title='bbox 3363 4782 3588 4852; x_wconf 86' lang='lat' dir='ltr'>nequit,</span> 
     </span>
    </p>
   </div>
   <div class='ocr_carea' id='block_1_110' title="bbox 1948 4868 3590 4941">
    <p class='ocr_par' dir='ltr' id='par_1_110' title="bbox 1948 4868 3590 4941">
     <span class='ocr_line' id='line_1_110' title="bbox 1948 4868 3590 4941; baseline -0.003 -13"><span class='ocrx_word' id='word_1_769' title='bbox 1948 4878 2010 4928; x_wconf 91' lang='lat' dir='ltr'>ut</span> <span class='ocrx_word' id='word_1_770' title='bbox 2033 4873 2216 4928; x_wconf 89' lang='lat' dir='ltr'>vitam</span> <span class='ocrx_word' id='word_1_771' title='bbox 2237 4870 2656 4938; x_wconf 90' lang='lat' dir='ltr'>immortalem,</span> <span class='ocrx_word' id='word_1_772' title='bbox 2675 4885 2809 4941; x_wconf 68' lang='lat' dir='ltr'>quae</span> <span class='ocrx_word' id='word_1_773' title='bbox 2831 4876 2915 4924; x_wconf 90' lang='lat' dir='ltr'>est</span> <span class='ocrx_word' id='word_1_774' title='bbox 2938 4868 3219 4937; x_wconf 87' lang='lat' dir='ltr'>Christus,</span> <span class='ocrx_word' id='word_1_775' title='bbox 3258 4883 3590 4941; x_wconf 88' lang='lat' dir='ltr'>consequa-</span> 
     </span>
    </p>
   </div>
   <div class='ocr_carea' id='block_1_111' title="bbox 1946 4958 3014 5031">
    <p class='ocr_par' dir='ltr' id='par_1_111' title="bbox 1946 4958 3014 5031">
     <span class='ocr_line' id='line_1_111' title="bbox 1946 4958 3014 5031; baseline -0.007 -14"><span class='ocrx_word' id='word_1_776' title='bbox 1946 4967 2058 5018; x_wconf 89' lang='lat' dir='ltr'>tur.</span> <span class='ocrx_word' id='word_1_777' title='bbox 2091 4961 2193 5017; x_wconf 87' lang='lat' dir='ltr'>Cui</span> <span class='ocrx_word' id='word_1_778' title='bbox 2225 4959 2412 5031; x_wconf 89' lang='lat' dir='ltr'>gloria</span> <span class='ocrx_word' id='word_1_779' title='bbox 2441 4960 2502 5014; x_wconf 90' lang='lat' dir='ltr'>in</span> <span class='ocrx_word' id='word_1_780' title='bbox 2534 4958 2772 5014; x_wconf 59' lang='lat' dir='ltr'>saecula.</span> <span class='ocrx_word' id='word_1_781' title='bbox 2803 4959 3014 5013; x_wconf 85' lang='lat' dir='ltr'>Amen.</span> 
     </span>
    </p>
   </div>
   <div class='ocr_carea' id='block_1_112' title="bbox 2547 5171 2980 5229">
    <p class='ocr_par' dir='ltr' id='par_1_112' title="bbox 2547 5171 2980 5229">
     <span class='ocr_line' id='line_1_112' title="bbox 2547 5171 2980 5229; baseline -0.009 -1"><span class='ocrx_word' id='word_1_782' title='bbox 2547 5171 2832 5229; x_wconf 77' lang='lat' dir='ltr'>HOMILIA</span> <span class='ocrx_word' id='word_1_783' title='bbox 2876 5171 2980 5226; x_wconf 84' lang='lat' dir='ltr'><strong>XL.</strong></span> 
     </span>
    </p>
   </div>
   <div class='ocr_carea' id='block_1_113' title="bbox 1944 5275 3585 5347">
    <p class='ocr_par' dir='ltr' id='par_1_113' title="bbox 1944 5275 3585 5347">
     <span class='ocr_line' id='line_1_113' title="bbox 1944 5275 3585 5347; baseline -0.004 -8"><span class='ocrx_word' id='word_1_784' title='bbox 1944 5282 2202 5339; x_wconf 85' lang='lat' dir='ltr'>Cunctas</span> <span class='ocrx_word' id='word_1_785' title='bbox 2236 5281 2502 5347; x_wconf 83' lang='lat' dir='ltr'>virtutes,</span> <span class='ocrx_word' id='word_1_786' title='bbox 2530 5283 2584 5335; x_wconf 86' lang='lat' dir='ltr'>et</span> <span class='ocrx_word' id='word_1_787' title='bbox 2606 5285 2824 5335; x_wconf 86' lang='lat' dir='ltr'>cuncta</span> <span class='ocrx_word' id='word_1_788' title='bbox 2853 5277 3000 5334; x_wconf 85' lang='lat' dir='ltr'>vitia</span> <span class='ocrx_word' id='word_1_789' title='bbox 3027 5276 3186 5333; x_wconf 87' lang='lat' dir='ltr'>inter</span> <span class='ocrx_word' id='word_1_790' title='bbox 3215 5290 3274 5332; x_wconf 88' lang='lat' dir='ltr'>se</span> <span class='ocrx_word' id='word_1_791' title='bbox 3299 5275 3585 5344; x_wconf 78' lang='lat' dir='ltr'>colligata</span> 
     </span>
    </p>
   </div>
   <div class='ocr_carea' id='block_1_114' title="bbox 2011 5348 3512 5418">
    <p class='ocr_par' dir='ltr' id='par_1_114' title="bbox 2011 5348 3512 5418">
     <span class='ocr_line' id='line_1_114' title="bbox 2011 5348 3512 5418; baseline -0.005 -8"><span class='ocrx_word' id='word_1_792' title='bbox 2011 5369 2146 5415; x_wconf 79' lang='lat' dir='ltr'>esse,</span> <span class='ocrx_word' id='word_1_793' title='bbox 2156 5359 2206 5409; x_wconf 82' lang='lat' dir='ltr'>et</span> <span class='ocrx_word' id='word_1_794' title='bbox 2221 5353 2379 5409; x_wconf 87' lang='lat' dir='ltr'>velut</span> <span class='ocrx_word' id='word_1_795' title='bbox 2391 5359 2658 5407; x_wconf 85' lang='lat' dir='ltr'>catenam</span> <span class='ocrx_word' id='word_1_796' title='bbox 2674 5365 2854 5407; x_wconf 86' lang='lat' dir='ltr'>unam</span> <span class='ocrx_word' id='word_1_797' title='bbox 2868 5350 2943 5405; x_wconf 88' lang='lat' dir='ltr'>ab</span> <span class='ocrx_word' id='word_1_798' title='bbox 2955 5350 3150 5405; x_wconf 82' lang='lat' dir='ltr'>altera</span> <span class='ocrx_word' id='word_1_799' title='bbox 3162 5348 3512 5418; x_wconf 80' lang='lat' dir='ltr'>dependere.</span> 
     </span>
    </p>
   </div>
   <div class='ocr_carea' id='block_1_115' title="bbox 2011 5525 3592 5603">
    <p class='ocr_par' dir='ltr' id='par_1_115' title="bbox 2011 5525 3592 5603">
     <span class='ocr_line' id='line_1_115' title="bbox 2011 5525 3592 5603; baseline -0.003 -15"><span class='ocrx_word' id='word_1_800' title='bbox 2011 5532 2057 5591; x_wconf 92' lang='grc' dir='ltr'>Ι.</span> <span class='ocrx_word' id='word_1_801' title='bbox 2084 5530 2160 5589; x_wconf 93' lang='lat' dir='ltr'>De</span> <span class='ocrx_word' id='word_1_802' title='bbox 2182 5529 2452 5588; x_wconf 87' lang='lat' dir='ltr'>exteriori</span> <span class='ocrx_word' id='word_1_803' title='bbox 2473 5527 2907 5601; x_wconf 80' lang='lat' dir='ltr'>exercitatione,</span> <span class='ocrx_word' id='word_1_804' title='bbox 2935 5533 2989 5584; x_wconf 89' lang='lat' dir='ltr'>et</span> <span class='ocrx_word' id='word_1_805' title='bbox 3013 5526 3329 5603; x_wconf 85' lang='lat' dir='ltr'>quodnam</span> <span class='ocrx_word' id='word_1_806' title='bbox 3353 5525 3592 5584; x_wconf 80' lang='lat' dir='ltr'>institu-</span> 
     </span>
    </p>
   </div>
  </div>
