4116 6210
501 296 601 352 763

1797 292 1857 348 S.
1904 288 2200 348 MACARII
2242 287 2541 345 EGYPTII

3740 291 3851 347 764

504 424 625 474 tum
649 418 721 475 sit
752 419 949 490 potius
973 418 1307 490 etprimum
1334 417 1449 473 hoc
1472 418 1699 482 scitote,
1731 417 1946 483 dilecti,
1975 415 2142 489 quod

2260 412 2494 486 τηδευμα
2547 414 2744 485 μεῖζον,
2777 418 2871 466 xui
2930 422 3130 489 πρῶτον
3174 416 3450 487 τυγχάνει,
3506 421 3659 468 τοῦτο
3700 420 3853 487 γινώ-

501 508 653 563 inter
683 525 743 563 se
771 508 1059 563 devinctae
1087 508 1201 561 sint
1230 522 1441 561 omnes
1472 507 1734 562 virtutes.
1777 506 1946 578 133
1984 505 2147 561 Velut

501 598 649 652 enim
664 597 839 667 quzed
850 614 936 651 am
954 594 1274 668 spiritualis
1287 604 1496 651 catena
1510 612 1625 650 una
1639 596 1717 651 ab
1730 596 1915 651 altera
1928 596 2149 667 depen-

503 687 630 750 det;
673 688 935 758 precatio
974 686 1052 741 ad
1092 684 2147 754 dilectione.dilectioagaudio,gau-

502 775 659 829 dium
676 792 709 829 a
725 773 1595 839 mansuetudine,mansuetudo
1608 774 1684 829 ab
1701 773 2019 829 humilitate
2033 773 2148 827 hu.-

502 863 720 919 militas
744 865 820 919 ab
839 865 1148 936 obsequio,
1169 864 1527 935 obsequium
1562 880 1595 917 a
1614 878 1742 934 spe,
1768 877 1904 933 spes
1952 878 1987 917 a
2006 860 2146 926 ﬁde,

500 954 649 1009 ﬁdes
667 954 743 1009 ab
762 955 989 1021 auditu,
1014 953 1299 1008 auditusa
1323 952 1716 1024 simplicitate.
1752 951 2153 1020 Quemadmo-

500 1042 646 1097 dum
671 1045 844 1097 etiam
870 1059 940 1097 ex
972 1043 1222 1096 adversa
1245 1049 1411 1113 parte
1436 1042 1593 1107 vitia,
1624 1058 1808 1096 unum
1843 1042 1920 1095 ab
1943 1040 2149 1104 altero,

499 1131 877 1203 dependent;
912 1132 1117 1185 odium
1163 1131 1241 1185 ab
1294 1131 1400 1194 ira,
1435 1148 1469 1186 a
1516 1130 1817 1201 superbia,
1874 1130 2154 1202 superbia

501 1237 719 1276 avana
773 1220 981 1289 gloria,
1042 1237 1200 1275 vana
1248 1218 1435 1287 gloria
1482 1219 1560 1274 ab
1614 1219 1981 1283 inﬁdelitate,
2025 1217 2155 1273 inti-

501 1310 708 1365 delitas
766 1327 799 1364 a
853 1310 1065 1364 duritie
1123 1309 1343 1375 cordis,
1405 1308 1652 1363 durities
1713 1308 1911 1363 cordis
1964 1325 2000 1364 a
2056 1323 2155 1362 ne-

502 1399 802 1469 gligentia,
839 1398 1196 1467 negligentia
1242 1415 1275 1453 a
1305 1398 1562 1469 pigritia,
1599 1397 1835 1469 pigritia
1864 1396 1942 1453 ab
1988 1412 2156 1451 acce-

502 1489 619 1553 dia,
652 1488 859 1543 acedia
882 1490 960 1542 ab
988 1487 1377 1557 impatientia,
1394 1486 1813 1558 impatientiaa
1830 1485 2151 1556 voluptate,

505 1583 560 1632 et
585 1577 816 1648 reliqua
865 1576 1138 1631 membra
1166 1575 1445 1631 vitiorum
1506 1575 1584 1631 ab
1628 1576 1882 1631 invicem
1930 1574 2157 1645 depen-

501 1666 703 1721 dentia
724 1685 736 1720 :
756 1667 838 1720 sic
861 1682 1102 1737 quoque
1122 1666 1180 1719 in
1210 1664 1371 1719 bona
1390 1671 1557 1736 parte
1572 1664 1721 1719 abin
1733 1664 1917 1719 vicem
1935 1662 2155 1736 depen-

503 1756 663 1821 dent,
694 1760 749 1809 et
776 1770 1084 1825 suspensas
1118 1758 1257 1809 sunt
1283 1755 1546 1808 virtutes.

502 1841 714 1904 ηδονίας
756 1863 768 1875 ο

501 1932 665 1991 λὴλων
684 1933 813 1985 εἰσὶν
844 1934 1217 2004 ἐκκρεμάμεναι
1242 1934 1296 1983 αἱ
1327 1930 1501 2005 ἀρεταὶ
1533 1936 1622 1983 καὶ
1662 1931 2043 2004 ἀπηρτημέναι.

574 2057 639 2110 ll.
693 2057 880 2127 Caput
914 2060 1114 2111 autem
1157 2055 1339 2110 totius
1386 2054 1530 2111 boni
1572 2054 1839 2120 instituti,
1874 2058 1931 2109 et
1957 2056 2151 2108 vertex

500 2144 885 2201 honestarum
922 2145 1224 2199 actionum
1249 2148 1335 2198 est
1362 2143 1685 2214 perdurare
1707 2142 1765 2197 in
1789 2140 2148 2214 precatione,

499 2234 672 2305 cujus
697 2250 810 2303 ope
842 2237 1087 2288 caeteras
1117 2248 1359 2304 quoque
1393 2233 1634 2288 virtutes
1665 2248 1770 2302 per
1805 2230 2149 2301 postulatio-

502 2338 638 2377 nem
663 2339 697 2378 a
723 2322 841 2377 Deo
859 2321 1126 2393 quotidie
1147 2322 1429 2392 consequi
1452 2338 1796 2392 possumus.
1816 2320 1960 2375 Hinc
1991 2318 2149 2374 enim

501 2412 777 2483 provenit
808 2412 877 2465 iis
909 2411 1009 2481 qui
1038 2410 1200 2479 digni
1230 2410 1545 2475 habentur,
1579 2409 2044 2464 communicatio
2069 2407 2153 2462 di-

499 2500 654 2555 vinae
682 2500 1092 2554 sanctimoniae
1145 2504 1199 2553 et
1232 2498 1553 2569 spiritualis
1605 2497 1906 2561 efﬁcaciae,
1932 2503 1986 2552 et
2010 2512 2153 2552 con-

502 2588 676 2643 nexio
708 2587 1037 2643 affectionis
1081 2588 1265 2642 animi
1298 2602 1439 2655 erga
1472 2586 1814 2652 Dominum,
1860 2586 2021 2641 velut
2048 2600 2154 2657 per

502 2691 787 2732 arcanam
812 2674 1210 2730 dilectionem.
1241 2675 1348 2740 Qui
1376 2675 1531 2730 enim
1565 2691 1627 2729 se
1661 2674 1857 2745 ipsum
1885 2674 2153 2746 quotidie

502 2764 579 2819 ad
612 2763 1123 2835 perseverandum
1179 2764 1238 2818 in
1271 2764 1539 2818 oratione
1598 2762 1919 2834 compellit,
1966 2764 2061 2818 ille
2093 2763 2153 2818 in

504 2869 771 2909 amorem
801 2852 1074 2907 divinum
1097 2859 1153 2907 et
1175 2852 1537 2908 desiderium
1561 2852 1775 2907 ardens
1802 2868 1835 2907 a
1864 2852 2152 2924 spirituali

502 2942 814 2997 dilectione
836 2941 1183 2997 accenditur
1206 2957 1346 3011 erga
1381 2945 1563 2997 Deum
1596 2948 1652 2997 et
1679 2942 1936 3011 gratiam
1966 2940 2155 3013 perfe-

503 3030 714 3087 ctionis
745 3030 1172 3087 sanctiﬁcantis
1206 3031 1459 3103 Spiritus
1493 3030 1759 3102 suscipit.

574 3226 671 3281 IlI.
688 3226 721 3281 Ι
722 3225 1407 3296 nterrogatio.0uoniam
1423 3225 1663 3296 quidam
1680 3225 1942 3281 vendunt
1958 3225 2153 3293 facul-

2259 523 2423 574 σκετε,
2476 502 2755 575 ἀγαπητοὶ,
2806 505 2885 555 ὅτι
2932 502 3160 562 ἀλλήλων
3227 501 3528 557 ίκδίδενται
3578 510 3751 557 πᾶσαι
3798 506 3859 556 αἱ

2258 590 2456 665 ἀρεταί.
2509 592 2750 665 Ὠσπερεὶ
2804 595 2907 665 γάρ
2975 612 3051 654 τις
3105 598 3425 665 πνευματικὴ
3492 594 3697 660 άλυσις,
3756 598 3861 666 μία

2256 688 2350 743 τῆς
2380 687 2503 754 μιᾶς
2529 685 2785 755 ἤρτηνται
2825 697 2838 711 ⁸
2871 684 2901 740 ἠ
2942 682 3085 754 τύχη
3136 681 3237 735 ἀπὸ
3273 690 3363 743 τῆς
3404 682 3629 754 ἀγάπης,
3661 685 3688 742 ὁ
3722 682 3864 755 ἀγά-

2258 790 2329 827 πη
2364 770 2464 823 ἀπὸ
2522 780 2613 831 τῆς
2658 778 2854 845 χαρᾶς,
2912 773 2942 830 ἡ
2990 776 3138 845 χαρά
3193 771 3293 824 ἀπὸ
3337 780 3430 835 τῆς
3482 778 3791 846 πραόνητος,
3824 775 3859 831 ἡ

2258 865 2489 931 πραότης
2548 858 2649 912 ἀπὸ
2696 866 2793 922 τῆς
2871 864 3247 924 ταπεινώσεως,
3303 862 3333 919 ἡ
3388 866 3699 923 ταπείνωσις
3757 860 3867 914 ἀπὸ

2260 956 2349 1009 τῆς
2390 945 2677 1013 διακονίας,
2726 950 2756 1006 ἡ
2811 945 3055 1001 διακονία
3101 947 3202 1001 ἀπό
3244 957 3336 1010 τῆς
3388 946 3613 1015 ἐλπίδος,
3646 951 3677 1007 ἡ
3720 948 3870 1012 avri;

2263 1036 2363 1090 ἀπὸ
2398 1046 2490 1099 τῆς
2521 1043 2765 1102 πίστεως,
2824 1040 2854 1095 ἠ
2909 1043 3090 1099 πίστις
3142 1036 3241 1091 ἀπό
3280 1046 3371 1101 τῆς
3402 1040 3661 1105 ὑπακοῆς,
3691 1041 3723 1098 ἡ
3771 1042 3870 1093 ῦπ-

2263 1130 2392 1185 ακοη
2423 1124 2523 1178 ἀπὸ
2551 1135 2643 1189 τῆς
2672 1126 2981 1189 ἁπλότητος.
3026 1126 3225 1203 Ὠσπερ
3274 1132 3364 1180 καὶ
3421 1131 3477 1180 τό
3524 1128 3753 1181 ἐναντίον
3779 1134 3868 1201 με.

2262 1235 2353 1291 ρος
2402 1217 2450 1269 ἓν
2506 1214 2587 1287 ἀφ’
2646 1214 2756 1279 ἕνός
2806 1218 2872 1268 τὰ
2910 1219 3046 1269 κακά
3084 1214 3384 1270 ίκδέδενται
3416 1236 3429 1249 ·
3475 1220 3534 1270 τὸ
3574 1224 3734 1290 μῖσος
3761 1217 3859 1271 ἀπὸ

2264 1312 2355 1357 τοῦ
2390 1307 2576 1376 θυμοῦ,
2627 1307 2652 1357 ό
2705 1307 2867 1378 θυμός
2924 1306 3024 1358 ἀπό
3078 1314 3173 1368 τῆς
3219 1308 3597 1380 ὑπερηφανίας,
3645 1309 3675 1365 ἡ
3714 1310 3852 1383 ὑπερ-

2265 1399 2456 1467 ηφανία
2487 1393 2586 1446 ἀπὸ
2617 1402 2712 1455 τῆς
2750 1391 3063 1459 κενοδοξίας,
3114 1397 3144 1453 ἡ
3191 1392 3465 1458 κενοδοξία
3494 1395 3596 1449 ἀπὸ
3630 1404 3720 1457 τῆς
3750 1394 3855 1448 um-

2267 1488 2435 1548 στίας,
2468 1485 2498 1541 ἡ
2542 1484 2763 1536 ἀπιστία
2802 1482 2903 1535 ἀπό
2954 1491 3051 1546 τῆς
3087 1482 3531 1557 σκληροκαρδίας,
3579 1487 3609 1543 ἡ
3646 1485 3861 1559 σκληρο·

2264 1570 2463 1647 καρδία
2520 1570 2620 1625 ἀπὸ
2676 1581 2769 1633 τῆς
2826 1571 3083 1645 ἀμελείας,
3134 1574 3165 1631 ἡ
3224 1572 3433 1646 ἀμέλεια
3475 1573 3576 1627 ἀπὸ
3610 1582 3701 1635 τῆς
3732 1595 3869 1647 χαυο

2263 1668 2489 1730 νώσεως,
2537 1662 2567 1719 ἡ
2622 1664 2893 1732 χαύνωσις
2931 1663 3032 1714 ἀπὸ
3072 1669 3162 1722 τῆς
3192 1658 3441 1727 ἀκηδίας,
3466 1669 3497 1721 ὴ
3533 1660 3739 1721 ἀκηδία
3770 1662 3872 1716 ἀπὸ

2188 1751 2232 1806 Β
2264 1758 2355 1811 ῆς
2412 1750 2851 1823 ἀνυπομονησίας,
2920 1752 2949 1809 ἠ
3008 1750 3402 1825 ἀνυπομονησία
3441 1750 3542 1805 ἀπὸ
3587 1760 3684 1815 τῆς
3756 1753 3867 1826 φιλ·

820 1845 1017 1894 καὶτὰ
1067 1842 1222 1895 λοιπὰ
1282 1842 1407 1913 μελη
1459 1851 1549 1902 τῆς
1600 1845 1782 1902 κακίας
1842 1840 2070 1899 ἀλλήλων
2133 1841 2264 1894 εἰσὶν
2318 1839 2712 1913 ἐκκρεμάμεναο
2780 1840 2945 1901 οὕτως
3025 1840 3120 1893 κάν
3188 1849 3263 1912 τῷ
3317 1840 3497 1913 ἀγαθῷ
3554 1847 3697 1916 μέρει
3784 1842 3876 1895 ἀλ-

2336 2052 2408 2106 Β’.
2441 2051 2723 2124 Κεφάλαιον
2775 2048 2834 2105 δὲ
2878 2054 3055 2114 πάσης
3113 2050 3354 2115 σπουδῆς
3410 2053 3630 2126 ἀγαθῆς,
3663 2061 3754 2108 καὶ
3784 2076 3875 2109 κου

2260 2148 2480 2214 ρυφαῖον
2548 2149 2647 2192 τῶν
2719 2144 3144 2215 κατορθωμάτων
3218 2140 3328 2195 ίστὶ
3376 2146 3434 2195 τὸ
3466 2154 3881 2219 προσκαρτερεῖν

2264 2238 2323 2302 τῇ
2363 2230 2517 2302 εύχῇ,
2555 2229 2638 2302 ἀφ’
2671 2231 2729 2303 ᾖς
2782 2236 2870 2282 xui.
2925 2234 3017 2293 τάς
3048 2231 3231 2294 λοιπὰς
3263 2230 3448 2305 ἀρετὰς
3481 2230 3574 2286 διὰ
3611 2242 3710 2296 τῆς
3732 2238 3883 2309 παρὰ

2264 2328 2397 2372 Θεοῦ
2484 2320 2739 2380 αἰτήσεως
2814 2322 3073 2393 ὁσημέραι
3151 2324 3521 2396 προσκτᾶσθαι
3580 2320 3877 2397 δυνάμεθα.

2266 2407 2518 2461 Ἐντεῦθεν
2556 2412 2657 2481 γὰρ
2717 2409 2974 2481 ἐγγίνεται
3029 2416 3137 2471 τοῖς
3192 2410 3620 2483 καταξιουμένοις
3670 2415 3700 2471 ἠ
3762 2432 3879 2465 κοι.

2261 2502 2418 2549 νωνία
2446 2506 2539 2559 τῆς
2592 2504 2683 2549 τοῦ
2716 2505 2849 2551 Θεοῦ
2892 2498 3191 2569 ἁγιότητος,
3255 2503 3346 2552 καὶ
3384 2509 3479 2562 τῆς
3518 2512 3884 2573 πνευματικῆς

2264 2584 2538 2659 ἐνεργείας,
2572 2592 2661 2639 καὶ
2719 2589 2749 2645 ἡ
2813 2590 3067 2659 συνάφεια
3119 2597 3210 2649 τῆς
3264 2596 3356 2641 τοῦ
3401 2596 3491 2641 νοῦ
3551 2585 3870 2652 διαθέσεως.

2264 2677 2327 2735 ὡς
2358 2678 2489 2748 πρὸς
2527 2678 2613 2726 τόν
2648 2678 2858 2749 Κύριον,
2909 2676 2959 2728 ἐν
2997 2675 3175 2750 ἀγάπῃ
3212 2675 3442 2752 ἀῤῥητῳ.
3474 2676 3534 2731 Ὀ
3561 2682 3662 2753 γὰρ
3688 2679 3878 2732 ἑαυτὸν

2265 2765 2523 2838 ὁσημέραι
2607 2772 2669 2837 τῇ
2730 2772 3004 2838 προσευχῇ
3067 2774 3470 2842 προσκαρτερεῖν
3538 2766 3865 2839 ἀναγκάζων,

2266 2852 2337 2913 εἰς
2368 2856 2534 2927 ἔρωτα
2567 2855 2698 2905 θεῖον
2748 2859 2838 2905 καὶ
2874 2857 3032 2906 πόθον
3062 2857 3288 2930 ἔμπυρον
3345 2857 3446 2908 ύπό
3486 2863 3571 2918 τῆς
3622 2875 3857 2929 πνευμα-

2264 2950 2415 3005 τικῆς
2466 2942 2671 3014 ἀγάπης
2727 2942 2988 2996 ίκκαίεται
3032 2948 3161 3019 πρὸς
3211 2948 3360 3011 Θεὸν,
3416 2949 3507 2998 καὶ
3556 2949 3644 3005 τήν
3696 2948 3867 3021 χάριν

2264 3040 2358 3093 τῆς
2409 3039 2502 3085 τοῦ
2556 3034 2849 3105 Πνεύματος
2911 3032 3227 3105 ἁγιαστικῆς
3281 3034 3600 3099 τελειότητος
3665 3033 3873 3090 ὑποδί-

2263 3140 2439 3192 χεται.

2335 3228 2411 3283 I".
2454 3228 2822 3303 Ἐρώτησις.
2858 3226 3105 3289 Ἐπειδὴ
3137 3249 3306 3293 τινες
3333 3231 3629 3284 πωλοῦσι
3662 3236 3765 3306 μὲν
3792 3236 3862 3284 τὰ

503 3322 652 3371 tates
680 3331 837 3380 suas,
856 3331 1051 3370 servos
1068 3315 1341 3370 libertate
1362 3315 1607 3379 donant,
1638 3318 1690 3368 et
1719 3314 1968 3381 implent
1989 3330 2151 3371 man-

2263 3317 2671 3389 ὑπάρχοντα,
2749 3322 2857 3370 καὶ
2912 3315 3192 3381 δούλους
3266 3318 3709 3393 ἐλευθεροῦσι,
3754 3325 3853 3373 καὶ

501 3404 668 3466 data,
682 3420 801 3459 non
816 3411 1011 3459 tamen
1026 3404 1263 3458 student
1278 3402 1627 3473 consequiin
1652 3403 1761 3458 hoc
1782 3403 2003 3457 mundo
2023 3402 2150 3471 Spi-

500 3493 703 3557 ritum,
730 3508 873 3549 num
906 3494 1011 3563 qui
1039 3492 1123 3547 sic
1156 3491 1380 3557 vivunt,
1412 3507 1531 3547 non
1558 3491 1778 3547 abeunt
1803 3492 1864 3547 in
1897 3507 2148 3562 regnum

502 3582 783 3638 caelorum
814 3580 842 3634 ?

569 3759 913 3829 Responsio.
951 3758 1277 3830 Disputatio
1320 3758 1449 3814 haec
1500 3757 1731 3813 subtilis
1758 3763 1862 3814 est.
1893 3758 2147 3825 Quidam

498 3850 659 3906 enim
691 3848 855 3904 aiunt
904 3848 981 3919 (2)
1016 3848 1259 3902 unicum
1293 3863 1425 3902 esse
1478 3862 1755 3916 regnum,
1804 3853 1861 3903 et
1908 3848 2148 3904 unicam

497 3940 858 4009 gehennam.
887 3941 1001 3993 Nos
1034 3943 1231 3993 autem
1254 3937 1600 4005 asserimus,
1621 3936 1836 3994 multos
1862 3953 1993 3993 esse
2015 3952 2153 4007 gra-

497 4028 634 4093 dus,
669 4026 1034 4083 differentias
1067 4030 1246 4097 atque
1297 4041 1637 4092 mensuras,
1688 4042 1809 4081 non
1842 4028 2035 4082 solum
2090 4028 2151 4082 in

496 4118 629 4189 ipso
663 4132 870 4187 regno,
895 4131 1099 4170 verum
1134 4116 1311 4170 etiam
1344 4114 1401 4169 in
1422 4114 1715 4184 gehenna.
1751 4116 2154 4180 Quemadmo-

499 4206 646 4261 dum
669 4220 811 4274 ergo
832 4209 917 4259 est
947 4220 1065 4259 una
1089 4204 1293 4258 anima
1320 4204 1376 4257 in
1401 4204 1683 4258 omnibus
1703 4203 1987 4258 membris
2009 4205 2155 4261 nihil

498 4292 760 4349 lominus
788 4310 858 4348 ea
883 4309 1121 4347 sursum
1141 4295 1200 4348 in
1220 4293 1465 4348 cerebro
1492 4293 1612 4347 vim
1646 4310 1815 4347 suam
1841 4294 2074 4358 exserit,
2101 4300 2157 4349 et

495 4382 778 4437 deorsum
826 4382 1008 4451 pedes
1040 4388 1379 4436 commovet
1411 4398 1423 4433 :
1467 4382 1549 4436 sic
1588 4398 1828 4453 quoque
1869 4381 2155 4438 divinitas

496 4485 712 4527 omnes
746 4476 1070 4534 creaturas,
1101 4478 1225 4524 tum
1258 4469 1547 4532 cmlestes,
1571 4485 1705 4541 quae
1735 4470 1945 4525 subtus
1975 4471 2153 4543 abys-

498 4574 633 4613 sum
655 4564 811 4621 sunt,
832 4558 1112 4621 continet,
1143 4564 1199 4612 et
1226 4556 1446 4628 ubique
1466 4556 1636 4627 plene
1654 4564 1739 4612 est
1765 4558 1822 4612 in
1841 4561 2150 4625 creaturis,

496 4646 780 4720 quamvis
813 4645 1007 4701 aliena
1033 4664 1067 4701 a
1098 4646 1379 4701 creaturis
1407 4646 1496 4710 sit,
1531 4662 1600 4701 eo
1630 4646 1790 4716 quod
1826 4647 1897 4701 sit
1924 4648 2154 4704 dimen-

496 4737 681 4793 sionis
728 4742 781 4792 et
832 4734 1383 4807 comprehensionis
1432 4751 1661 4805 expers.
1709 4737 1969 4791 Attendit
2011 4753 2153 4808 ergo

496 4826 631 4897 ipsa
661 4826 941 4881 divinitas
972 4823 1344 4887 hominibus,
1377 4830 1433 4879 et
1460 4823 1753 4894 gubernat
1778 4825 1984 4881 omnia
2015 4843 2151 4882 cum

495 4916 743 4971 ratione.
769 4917 833 4969 Et
851 4913 1138 4986 quoniam
1164 4913 1431 4968 nonnulli
1453 4920 1787 4984 precantur,
1809 4913 2153 4984 ignorantes

493 5004 640 5077 quid
671 5011 970 5076 quaerant;
1012 5002 1261 5074 quidam
1298 5018 1437 5057 vero
1473 5002 1773 5073 jejunant;
1821 5002 1918 5058 alii
1960 5006 2153 5059 consi-

496 5098 663 5148 stunt
709 5092 767 5147 in
817 5092 1166 5155 ministerio,
1216 5091 1537 5163 unicuique
1588 5107 1695 5162 pro
1749 5092 1930 5147 modo
1987 5092 2147 5156 ﬁdei,

496 5182 674 5247 Deus,
708 5182 808 5253 qui
832 5181 1027 5251 justus
1055 5179 1238 5250 judex
1264 5188 1368 5245 est,
1398 5178 1589 5235 reddit
1614 5181 1969 5236 mercedem.
2007 5182 2148 5247 Quae

500 5272 659 5328 enim
676 5271 917 5339 faciunt,
939 5276 1098 5324 metu
1120 5270 1216 5325 Dei
1241 5275 1563 5340 peragunt:
1583 5286 1788 5325 verum
1805 5286 1926 5327 non
1941 5286 2151 5327 omnes

500 5361 595 5416 isti
616 5360 739 5429 ﬁlii,
781 5365 882 5415 aut
910 5374 1099 5428 reges,
1136 5363 1239 5415 aut
1268 5359 1531 5414 hazredes
1566 5364 1721 5415 sunt.

568 5451 658 5503 IV.
698 5451 986 5506 Caeterum
1018 5448 1077 5503 in
1110 5448 1337 5503 mundo
1368 5447 1465 5502 alii
1502 5454 1640 5503 sunt
1670 5448 2009 5517 homicidas,
2049 5449 2149 5506 alii

500 5542 709 5609 stupro
748 5537 950 5603 dediti,
980 5535 1077 5591 alii
1107 5541 1375 5608 raptores
1404 5552 1417 5590 :
1459 5551 1697 5593 rursum
1729 5537 2000 5594 nonnulli
2042 5555 2149 5595 sua

573 5678 646 5759 (2)
682 5678 930 5736 Unicum
959 5677 1162 5753 accipe
1192 5693 1301 5753 pro
1327 5678 1605 5738 uniformi
1631 5683 1687 5738 et
1714 5680 1867 5755 pari.

2260 3412 2565 3457 ποιοῦσιν
2616 3405 2887 3471 ἐντολὰς,
2938 3405 3399 3471 ούζητοῦσιδε
3437 3407 3666 3463 λαϐεῖν
3697 3410 3750 3463 ἐν
3780 3418 3860 3481 τῷ

2262 3498 2477 3565 κόσμῳ
2529 3497 2731 3566 τούτῳ
2789 3499 2857 3548 τὸ
2892 3503 3165 3569 Πνεῦμα,
3217 3496 3338 3570 ἆρα
3380 3498 3623 3561 ζῶντες
3669 3500 3866 3563 οὕτως

2260 3582 2373 3634 ούκ
2414 3581 2815 3655 ἀπέρχονται
2872 3584 2964 3647 εἰς
3010 3590 3124 3645 τὴν
3166 3584 3509 3659 βασιλείαν
3536 3596 3657 3641 τῶν
3685 3593 3872 3663 ούρα-

2258 3680 2433 3738 vain;

2331 3759 2729 3835 Ἀπόκρισις.
2785 3760 2844 3814 Ὀ
2899 3761 3051 3834 λόγος
3105 3762 3251 3826 οὗτος
3286 3763 3469 3827 λεπτός
3523 3764 3656 3820 ἔστι.
3717 3769 3868 3827 Τενξς

2257 3851 2359 3923 γὰρ
2408 3849 2622 3920 λέγουσι
2667 3856 2791 3921 μίαν
2840 3849 3135 3923 βασιλείαν,
3182 3858 3272 3905 καὶ
3312 3858 3515 3925 γέενναν
3546 3871 3564 3889 ο
3614 3856 3765 3928 ἡμεῖς
3805 3851 3866 3908 δέ

2258 3938 2468 4011 λέγομεν
2509 3938 2744 4012 βαθμοὺς
2782 3938 3002 4002 πολλοὺς
3054 3946 3144 3993 xui
3184 3938 3461 4016 διαφορὰς,
3508 3948 3599 3997 καὶ
3654 3948 3823 4016 μίτρα
3848 3962 3862 3974 ⁸

2261 4032 2351 4080 καὶ
2382 4026 2429 4079 ἐν
2472 4027 2602 4101 αὐτῇ
2645 4036 2707 4101 τῇ
2739 4026 2999 4102 βασιλείᾳ,
3049 4034 3135 4082 καὶ
3167 4028 3215 4082 ἕν
3236 4031 3365 4104 αὐτῇ
3400 4040 3462 4105 τῇ
3495 4034 3694 4105 γεέννῃ.
3735 4040 3865 4085 Ὥσ-

2262 4136 2356 4190 περ
2390 4112 2450 4169 di
2475 4114 2587 4169 ἔστι
2616 4116 2768 4189 ψυχὴ
2813 4116 2862 4169 ἐν
2893 4117 3029 4180 ὅλοις
3066 4126 3174 4181 τοῖς
3202 4120 3401 4192 μελεσι,
3442 4126 3530 4174 xui
3577 4122 3684 4174 οἷνω
3709 4126 3760 4174 ἓν
3791 4128 3864 4192 τῷ

2264 4205 2525 4278 ἐγκεφάλῳ
2582 4205 2790 4281 ἐνεργεῖ,
2848 4212 2937 4260 καὶ
2984 4210 3125 4261 κάτω
3155 4214 3271 4271 τοὺς
3300 4207 3466 4272 πόδας
3496 4210 3627 4269 αύτὴ
3670 4220 3806 4265 κινεῖ
3842 4227 3859 4243 ⁶

2265 4295 2426 4357 οὕτως
2470 4299 2559 4347 καὶ
2598 4298 2627 4354 ἠ
2686 4298 2865 4357 θεότης
2908 4298 3075 4349 πάντα
3116 4300 3181 4349 τὰ
3218 4304 3483 4370 κτίσματα
3530 4302 3597 4352 re:
3642 4302 3866 4375 ἐπουράο

2263 4402 2367 4448 νια,
2400 4388 2491 4436 καὶ
2520 4386 2587 4435 τὰ
2624 4384 2870 4438 ύποκάτω
2902 4394 2993 4446 τῆς
3022 4384 3258 4440 ἀϐύσσου
3306 4392 3560 4463 περιέχει,
3602 4394 3695 4442 καὶ
3734 4410 3869 4443 πανο

2264 4480 2437 4543 ταχοῦ
2467 4473 2803 4547 πεπλήρωται
2856 4472 2904 4526 ἓν
2944 4482 3006 4543 τῇ
3044 4480 3233 4541 κτίσει,
3281 4477 3325 4529 εἰ
3377 4482 3467 4530 καὶ
3513 4477 3737 4551 ἓξωτίρα
3766 4487 3871 4532 τῶν

2263 4564 2566 4633 κτισμάτων
2594 4561 2727 4628 ἐστὶ,
2761 4560 2856 4615 διὰ
2917 4568 2977 4616 τό
3008 4562 3295 4637 ἀμέτρητον
3351 4570 3439 4618 καὶ
3490 4565 3866 4639 ἀπερίληπτον.

2266 4654 2530 4725 Προσέχει
2579 4652 2667 4704 οὖν
2724 4655 2857 4711 αῦτη
2919 4655 2948 4710 ἡ
3003 4655 3179 4717 θεότης
3253 4660 3355 4716 τοῖς
3416 4653 3727 4730 ἀνθρώποις,
3777 4662 3871 4710 καὶ

2263 4740 2523 4812 οἰκονομεῖ
2546 4742 2718 4792 πάντα
2754 4744 2890 4793 κατὰ
2929 4741 3078 4813 λόγον
3114 4760 3126 4773 ·
3152 4747 3240 4795 xui
3286 4740 3467 4803 ἕπειδὴ
3500 4749 3633 4807 τινες
3664 4750 3757 4818 μεν
3790 4749 3870 4799 εῦ-

2261 4848 2452 4900 χονται
2477 4834 2547 4901 μὴ
2573 4826 2769 4892 εἰδότες
2806 4834 2857 4881 τί
2886 4831 3111 4891 ζητοῦσι
3143 4850 3156 4862 ·
3201 4836 3335 4895 τινες
3400 4829 3459 4887 δε
3497 4837 3866 4902 νηστεύουσιν,

2261 4917 2406 4969 ἄλλοι
2460 4923 2745 4975 στήκουσιν
2798 4919 2870 4980 εἰς
2923 4916 3218 4991 διακονίαν,
3275 4922 3474 4993 ἑκάστῳ
3512 4924 3652 4976 κατά
3681 4928 3740 4976 τό
3782 4929 3867 4997 μί·

2261 5026 2379 5081 τρον
2409 5013 2504 5066 τῆς
2533 5012 2778 5073 πίστεως,
2806 5010 2832 5060 ὁ
2884 5012 3013 5072 Θεὸς
3064 5006 3100 5062 δ
3105 5015 3430 5085 ικαιοκρίτης
3459 5015 3528 5062 ὥν
3560 5009 3869 5067 ἀποδίδωσι

2260 5098 2347 5147 τόν
2378 5097 2591 5166 μισθόν.
2622 5095 2685 5150 Ἀ
2707 5100 2805 5171 γὰρ
2833 5106 3067 5170 ποιοῦσι,
3100 5095 3195 5152 διὰ
3228 5098 3382 5173 φόϐον
3413 5104 3541 5153 Θεοῦ
3580 5110 3825 5154 ποιοῦσιν
3850 5119 3863 5131 '

2264 5183 2368 5236 ἀλλ’
2426 5184 2522 5236 οὐκ
2552 5185 2683 5239 εἰσὶν
2728 5187 2871 5239 οὗτοι
2924 5191 3111 5252 πάντες
3164 5191 3289 5254 υἱοὶ,
3338 5192 3456 5242 οὔτε
3486 5187 3724 5263 βασιλεῖς
3751 5194 3869 5245 οὔτε

2263 5273 2593 5347 κληρονόμοι.

2334 5453 2413 5510 Δ⁹,
2456 5458 2575 5507 Εισὶ
2617 5450 2675 5507 δὲ
2715 5456 2762 5508 ἓν
2812 5462 2885 5527 τῷ
2911 5461 3093 5530 κόσμῳ
3137 5460 3186 5511 οἱ
3216 5461 3305 5531 μὲν
3337 5467 3517 5531 φονεῖς,
3561 5460 3711 5514 ἄλλοι
3739 5466 3865 5535 πόρ·

2263 5561 2363 5612 νοι,
2389 5546 2479 5596 καὶ
2524 5541 2666 5596 ἀλλοι
2713 5544 2937 5617 άρπαγες
2970 5562 2983 5576 ’
3017 5549 3065 5598 οἱ
3106 5543 3163 5600 δι
3194 5546 3346 5599 πάλιν
3377 5550 3443 5602 τὰ
3480 5545 3539 5602 ’ίδ
3545 5570 3601 5604 ια
3633 5558 3869 5624 πτωχοῖς
