4116 6210
282 269 397 330 765
1613 252 1951 315 HOMlLl/E.
1989 286 2059 299 —
2097 254 2271 313 HOM.
2316 252 2427 312 XL.
3530 264 3635 320 756

276 391 635 459 διαδιδόντες,
665 396 917 467 προσέχει
960 394 1051 443 καὶ
1079 391 1280 450 τούτοις
1326 385 1580 446 κάκείνοις
1606 386 1631 437 6
1662 385 1872 459 Κύριος,

2008 382 2348 453 iauperibus
2367 380 2701 453 largiuntur
2732 399 2747 448 ;
2779 384 3028 440 attendit
3056 402 3297 460 quoque
3319 389 3413 445 his
3439 394 3495 447 et
3516 390 3633 447 illis

272 489 367 537 xui
391 492 497 544 τοῖς
530 486 620 556 μὲν
651 480 1057 554 ἀγαθοποιοῦσιν
1104 478 1398 531 ἀνάπαυσιν
1437 481 1526 528 xui
1564 476 1753 547 μισθὸν
1784 471 1819 527 δ
1825 479 1871 526 ί-

2007 472 2287 526 )ominus.
2322 474 2378 524 et
2424 470 2667 541 quidem
2714 471 2865 527 bene
2906 476 3241 543 agentibus,
3272 479 3533 550 quietem
3576 487 3632 538 et

272 570 466 628 δωσιν.
510 571 629 625 Εἰσὶ
653 574 753 643 γὰρ
785 574 947 645 μέτρα
968 569 1313 642 ὑπερέχοντα,
1343 570 1434 618 xui
1469 567 1635 637 μέτρα
1669 567 1833 637 μικρά
1856 583 1870 597 -

2006 560 2296 615 irremium
2324 558 2589 629 largitur.
2619 561 2941 617 Suntenim
2972 580 3268 622 mensuras
3287 570 3539 638 exiguae.
3566 574 3631 629 Et

272 667 366 716 xui
399 661 449 714 ἐν
479 660 620 731 αὐτῷ
649 668 721 731 τῷ
746 663 875 732 φωτὶ
926 662 1016 710 xui
1067 664 1129 730 τῇ
1171 653 1299 729 δόξῃ
1330 652 1556 728 διαφορά
1598 656 1711 707 ἐστι
1743 674 1755 686 ο
1784 658 1873 706 xui

2003 665 2042 704 n
2073 650 2203 719 ipso
2233 648 2458 703 lumine
2481 663 2551 704 ac
2568 649 2757 721 gloria
2777 650 3179 724 discrepantia
3210 657 3491 728 quaedam
3523 666 3628 717 est.

272 751 321 805 ἰν
352 751 487 823 αὐτῇ
535 757 598 822 τῇ
649 753 846 821 γεέννῃ,
894 753 985 800 καὶ
1018 754 1079 819 τῇ
1129 745 1340 799 κολάσει
1370 749 1636 818 φαίνονται
1665 744 1714 795 oi
1752 762 1876 815 φαρ-

2008 753 2045 792 n
2089 738 2220 809 ipsa
2257 752 2435 810 porro
2480 738 2757 808 gehenna
2796 746 2854 794 et
2899 743 3195 814 supplicio
3248 746 3633 808 inveniuntur

276 845 455 914 μακοὶ,
482 844 574 892 καὶ
611 840 661 890 οἱ
709 838 921 910 λῃσταὶ,
972 841 1060 889 καὶ
1111 834 1256 888 ἄλλοι
1300 837 1351 887 οἱ
1377 835 1545 908 μικρά
1570 831 1863 905 πλημμελής

2005 828 2248 891 rcneﬁci,
2280 827 2541 882 latrones
2572 832 2629 883 et
2649 828 2767 892 alii,
2807 832 2907 901 qui
2939 831 3090 888 levia
3108 844 3351 904 peccata
3383 840 3630 895 commi-

281 948 479 991 σαντες.
531 929 599 981 Oi
638 924 697 980 δι
750 927 994 999 λέγοντες.
1045 930 1158 979 Μία
1203 925 1318 978 ἐστὶ
1366 922 1630 997 βασιλεία,
1660 927 1751 975 καὶ
1774 926 1873 995 μία

2007 921 2204 972 terunt.
2238 916 2346 982 Qui
2376 932 2511 972 vero
2539 925 2835 988 asserunt,
2862 920 3104 976 unicum
3128 938 3254 977 esse
3278 942 3552 997 regnum,
3576 933 3632 986 et

276 1024 470 1091 γέεννα,
510 1021 603 1070 καὶ
653 1016 746 1068 οὐκ
799 1014 900 1068 εἰσὶ
957 1012 1177 1087 βαθμοὶ,
1219 1022 1388 1073 κακῶς
1416 1012 1647 1085 λέγουσι.
1707 1016 1870 1065 Πόσοι

2003 1022 2223 1061 micam
2272 1006 2631 1076 gehennam,
2694 1022 2803 1062 nec
2856 1024 2988 1064 esse
3037 1010 3281 1080 gradus,
3312 1031 3628 1088 perperam

279 1111 381 1182 γὰρ
438 1107 543 1159 εἰσι
598 1110 847 1178 κοσμικοὶ
900 1111 987 1156 νῦν
1052 1103 1124 1165 εἰς
1191 1105 1381 1178 θέατρα
1426 1108 1716 1171 στήκοντες,
1776 1103 1867 1152 καὶ

2002 1100 2328 1165 oquuntur.
2362 1092 2536 1165 134
2559 1095 2708 1159 Quot
2732 1096 2890 1150 enim
2924 1103 3065 1152 sunt
3097 1098 3279 1156 moda
3314 1104 3627 1171 mundani,

271 1199 458 1258 λοιπὰς
491 1194 707 1258 ἀταξίας
742 1192 753 1247 !
791 1199 882 1246 xui
935 1198 1091 1245 πόσοι
1129 1196 1261 1244 εὶσὶν
1312 1193 1431 1266 ἄρτι
1477 1191 1752 1264 εὐχόμενοι
1776 1193 1867 1241 καὶ

2007 1184 2079 1254 [ui
2135 1184 2489 1254 spectaculis
2546 1189 2603 1237 et
2655 1182 2784 1238 aliis
2834 1186 3114 1241 absurdis
3171 1190 3351 1245 rebus
3406 1193 3632 1250 haerent

268 1282 575 1356 φοϐούμενοι
613 1286 700 1335 τὸν
753 1286 875 1336 Θεόν
922 1282 935 1337 l
984 1283 1189 1343 τούτοις
1234 1287 1322 1333 οῦν
1366 1279 1617 1341 κάκείνοις
1672 1281 1699 1332 6
1745 1282 1867 1342 Θεὸς

2005 1272 2185 1325 ntenti
2223 1270 2250 1326 ?
2285 1273 2345 1325 Et
2389 1276 2536 1343 quot
2568 1278 2706 1327 sunt
2743 1273 2926 1329 modo
2967 1274 3070 1347 qui
3117 1275 3516 1349 deprecantur
3560 1298 3630 1338 ac

260 1377 526 1445 προσέχει
551 1389 567 1404 °
625 1376 717 1424 xui
761 1375 832 1434 ὡς
889 1367 1275 1445 δικαιοκρίτης,
1306 1377 1412 1431 τοῖς
1452 1373 1542 1444 μεν
1574 1368 1868 1423 ἀνάπαυσιν

2008 1364 2250 1415 netuunt
2283 1361 2465 1414 Deum
2494 1359 2522 1414 ‘i‘
2548 1362 2644 1415 His
2670 1362 2848 1430 igitur
2878 1368 2931 1417 et
2962 1363 3075 1419 illis
3102 1368 3351 1423 attendit
3378 1370 3551 1441 Deus,
3577 1376 3633 1429 et

260 1462 556 1535 ἐτοιμάζει,
592 1468 697 1522 τοῖς
727 1456 787 1514 δε
813 1460 1053 1517 κόλασιν.

2004 1448 2137 1504 'elut
2165 1449 2364 1519 justus
2382 1448 2590 1520 judex,
2624 1450 2719 1505 his
2749 1453 3041 1523 requiem,
3072 1454 3185 1511 illis
3228 1473 3360 1513 vero
3402 1462 3629 1533 suppli-

1976 1537 2138 1593 cium
2165 1544 2487 1610 praeparat.

334 1640 412 1694 E’.
458 1639 658 1713 Ὠσπερ
706 1636 766 1693 δέ
818 1639 1145 1712 ζευγνύοντες
1190 1639 1455 1712 ἄνθρωποι
1502 1638 1711 1702 ἵππους,
1775 1640 1866 1688 καὶ

2050 1647 2113 1700 V.
2147 1644 2673 1710 Quemadmodum
2703 1651 2904 1702 autem
2934 1648 3212 1706 homines
3243 1654 3343 1725 qui
3365 1655 3630 1729 jungunt

258 1730 477 1805 ἅρματα
541 1732 844 1802 ἡνιοχοῦσι,
898 1734 988 1781 καὶ
1047 1727 1162 1781 κατ’
1215 1726 1441 1786 ἀλλήλων
1507 1726 1861 1799 ἐλαύνουσιν..

2003 1748 2187 1805 ιᾳυοε,
2243 1749 2452 1788 currus
2501 1734 2783 1804 dirigunt,
2818 1742 2873 1791 et
2921 1737 3209 1795 adversus
3257 1758 3319 1797 se
3372 1726 3628 1801 invicem

264 1822 483 1883 ἕκαστος
539 1822 643 1893 γὰρ
699 1818 1028 1891 ἀγωνίζεται,
1073 1825 1177 1879 πῶς
1222 1816 1363 1892 ῥίψει
1409 1821 1499 1870 καὶ
1549 1823 1754 1877 κινήσει
1780 1821 1864 1871 τὸν

2005 1821 2291 1893 mpellunt
2332 1839 2345 1889 ;
2385 1820 2636 1893 quilibet
2684 1824 2842 1878 enim
2900 1842 3105 1883 eorum
3156 1832 3480 1900 contendit,
3513 1850 3630 1905 qua

266 1909 326 1972 ἐξ
357 1909 581 1972 ἐναντίας
611 1926 624 1939 ·
674 1908 839 1970 οὕτως
876 1910 1016 1961 εστὶν
1063 1906 1112 1959 έν
1163 1914 1225 1979 τῇ
1277 1903 1477 1981 καρδίᾳ
1529 1914 1627 1959 τῶν
1675 1905 1867 1979 ἀγωνι-

2007 1911 2205 1967 atione
2242 1916 2576 1983 prosternat
2601 1916 2656 1967 et
2702 1920 2940 1985 supcret
2970 1916 3381 1976 adversarium
3412 1938 3424 1975 :
3462 1903 3547 1978 ita
3568 1939 3630 1980 se

278 2000 523 2072 ζομένων,
571 2000 780 2069 θέατρον
827 2005 927 2051 τῶν
982 2004 1219 2070 πονηρῶν
1268 1997 1571 2069 πνευμάτων
1624 1995 1864 2049 παλαιόν-

2003 1999 2238 2055 ιεώθιὶιι
2278 1999 2457 2056 corde
2484 2002 2859 2067 certantium,
2896 2007 3306 2075 spectaculum
3325 2010 3628 2083 improbo-

262 2109 363 2141 των
409 2096 476 2162 τῇ
534 2087 713 2160 ψυχῇ,
774 2091 862 2140 καὶ
917 2093 1050 2141 Θεοῦ
1102 2091 1193 2139 xui
1250 2083 1478 2157 r’qyﬂwv
1548 2087 1867 2160 θεωρούντων

1999 2105 2113 2144 ἰιω
2144 2088 2462 2160 spirituum
2484 2105 2623 2145 cum
2648 2090 2854 2147 anima
2880 2092 3256 2166 luctantium,
3300 2101 3416 2156 Deo
3443 2106 3498 2156 et
3526 2116 3624 2158 an-

252 2181 342 2230 τόν
378 2176 557 2249 ἀγῶνα
587 2195 600 2209 ·
631 2175 810 2229 λοιπόν
864 2174 980 2227 καθ’
1022 2174 1249 2233 ἑκάστην
1294 2175 1431 2249 ὤραν
1469 2174 1738 2235 κτίζονται
1768 2176 1868 2226 ὑπὸ

2007 2177 2125 2245 εθιὶε
2151 2181 2454 2232 certamen
2486 2180 2916 2250 spectantibus.
2960 2186 3161 2256 Itaque
3192 2186 3439 2259 singulis
3469 2190 3632 2246 horis

252 2275 353 2328 τῆς
382 2266 570 2338 ψυψῆς
598 2265 780 2318 πολλοὶ
830 2264 1084 2337 λογισμοὶ
1130 2269 1303 2336 νεαροί
1337 2283 1349 2295 ·
1407 2265 1598 2336 ὁμοίως
1629 2274 1718 2320 καὶ
1766 2257 1870 2316 ὑπὸ

2007 2265 2393 2322 producuntur
2422 2266 2500 2322 ab
2539 2267 2744 2324 anima
2781 2270 2983 2327 multa;
3024 2257 3632 2349 recentes'cogitatio-

250 2365 355 2418 τῆς
384 2362 568 2416 κακίας
627 2352 793 2409 ἔνδον.
848 2359 949 2408 Καὶ
994 2356 1096 2426 γὰρ
1127 2354 1157 2412 ἠ
1196 2352 1346 2425 ψυχὴ
1387 2354 1602 2417 πολλούς
1640 2358 1872 2429 ἀποκρύ-

2004 2370 2131 2422 ies;
2166 2354 2367 2411 itidem
2391 2372 2426 2411 a
2450 2357 2589 2412 vitio
2628 2373 2870 2430 quoque
2911 2361 3177 2418 interius.
3217 2365 3431 2424 Anima
3470 2370 3629 2426 enim

259 2465 385 2519 γους
423 2448 538 2516 ἔχει
587 2443 893 2516 λογισμοὺς,
933 2448 1023 2496 καὶ
1084 2443 1132 2495 έν
1173 2443 1303 2517 αὐτῇ
1356 2452 1416 2516 τῇ
1464 2448 1573 2519 ὥρᾳ
1621 2450 1871 2521 προφέρει

2002 2444 2199 2501 nultas
2230 2445 2567 2501 reconditas
2596 2446 2777 2503 habet
2806 2450 3215 2520 cogitationes,
3244 2472 3397 2528 quas
3422 2458 3499 2514 ad
3523 2459 3627 2515 ho-

256 2539 350 2587 xui
376 2538 563 2605 γεννᾷο
633 2536 724 2585 καὶ
780 2532 911 2590 αὐτὴ
971 2533 1001 2590 ἠ
1058 2536 1219 2584 κακία
1265 2531 1547 2606 λογισμοὺς
1586 2537 1699 2607 ἔχει
1746 2534 1867 2587 πολ-

2001 2534 2313 2607 'amipsam
2338 2540 2609 2605 procreat
2629 2542 2685 2591 et
2706 2539 2911 2607 gignit.
2937 2540 3134 2612 Ipsum
3158 2559 3402 2617 quoque
3415 2548 3626 2605 vitium

257 2623 400 2694 λοὺς,
452 2628 541 2677 xui
595 2618 1015 2695 ἓπιτηδεύματα,
1072 2626 1161 2675 καὶ
1215 2622 1333 2675 καθ’
1395 2626 1531 2697 ὥραν
1579 2630 1732 2696 γεννᾷ
1783 2625 1864 2678 λο-

2000 2623 2301 2679 )ermultas
2316 2624 2900 2695 habetcogitationes
2914 2636 2969 2685 et
2993 2631 3214 2698 studia,
3231 2640 3286 2688 et
3310 2635 3385 2689 ad
3412 2635 3625 2694 horam

258 2716 487 2786 γισμοῦς
531 2716 741 2787 νεαρούς
784 2709 924 2764 κᾶτά
978 2719 1070 2772 τῆς
1126 2710 1333 2784 ψυχῆς.
1383 2718 1483 2765 Καὶ
1528 2716 1629 2786 γὰρ
1683 2716 1709 2766 ό
1748 2722 1864 2769 νοῦς

2002 2712 2647 2782 »ι-οάυοιίοοεὶίδιίοηθε
2664 2730 2853 2772 novas
2867 2717 3162 2775 adversus
3177 2722 3627 2782 animam.Mens

253 2805 473 2875 ἡνίοχός
526 2805 640 2855 ἔστι
701 2806 791 2853 καὶ
840 2801 1091 2872 ζεύγνυσι
1128 2804 1185 2852 τό
1237 2800 1380 2874 ἅρμα
1409 2810 1501 2863 τῆς
1527 2802 1710 2875 ψυχῆς
1738 2824 1862 2857 κατ-

2001 2800 2190 2855 tenim
2217 2802 2427 2871 auriga
2456 2809 2565 2866 est,
2594 2819 2731 2874 quas
2755 2805 2953 2875 jungit
2982 2823 3225 2865 currum
3267 2812 3510 2881 animas,
3542 2819 3626 2871 te-

248 2896 393 2965 έχων
423 2895 571 2955 ἡνίας
632 2899 732 2944 τῶν
783 2890 1048 2963 λογισμῶν
1078 2904 1093 2920 ⁸
1131 2894 1218 2944 καὶ
1248 2886 1353 2943 ὦδε
1381 2896 1559 2966 τρέχει
1605 2896 1741 2945 κατὰ
1767 2902 1857 2947 τοῦ

2002 2904 2117 2944 ,θῦε
2147 2888 2417 2946 habenas
2451 2892 2883 2961 cogitationum
2915 2913 2927 2950 :
2963 2902 3019 2951 et
3050 2900 3234 2954 currit
3275 2900 3394 2958 illic
3417 2908 3627 2963 contra

252 2984 495 3057 ἅρματος
549 2988 641 3033 τοῦ
692 2988 914 3047 Σατανᾶ,
966 2979 1094 3033 ὃπου
1150 2984 1241 3032 xui
1297 2980 1450 3042 αὐτὸς
1513 2981 1686 3045 ἔζευξε
1721 2986 1859 3036 κατὰ

2006 2993 2205 3033 urrum
2237 2982 2469 3035 Satanae
2502 2979 2600 3035 ubi
2627 2981 2753 3053 ipse
2771 2998 3010 3056 quoque
3035 2986 3234 3056 junxit
3254 3005 3496 3049 currum
3521 2994 3626 3051 ad-

257 3081 358 3135 τῆς
381 3070 542 3143 ψυχῆ
554 3090 594 3132 ς-

1894 3081 1936 3138 C
1967 3081 2179 3123 versus
2202 3067 2494 3124 animam.

332 3179 404 3244 ς’.
487 3176 860 3251 Ἐρώτησις.
962 3176 1031 3230 Εἰ
1132 3174 1491 3238 ἀνάπαυσίς
1587 3176 1852 3239 ἕστινὴ

2042 3172 2132 3228 Vl.
2166 3174 2585 3245 Interrogatio.
2618 3175 2683 3232 Si
2727 3178 2887 3249 quies
2917 3184 2999 3236 est
3030 3182 3255 3251 anima,
3283 3201 3399 3257 quo
3439 3194 3621 3258 pacto

247 3269 441 3341 ψυχή
474 3268 577 3337 (3),
600 3275 728 3328 πῶς
755 3266 1024 3338 λέγουσί
1054 3285 1244 3330 τινες,
1278 3267 1375 3319 ὅτι
1413 3267 1499 3319 Οὐ
1530 3263 1859 3342 δυνάμεθα

1991 3261 2173 3319 licunt
2193 3263 2387 3334 aliqui
2410 3280 2514 3321 nos
2538 3280 2656 3322 non
2686 3282 2857 3335 posse
2878 3284 3073 3337 orare,
3106 3288 3213 3329 nec
3228 3282 3616 3343 perseverant

252 3357 599 3423 εὔξασθαι,
641 3352 792 3409 οὐδε
828 3357 1262 3429 ὑπομένουσιν
1300 3355 1359 3408 ἐν
1396 3364 1466 3430 τῇ
1511 3357 1711 3431 εῦχῇ;

769 3360 792 3409 ε
828 3357 1262 3429 ὑπομένουσιν
1300 3355 1359 3408 ἐν
1396 3364 1466 3430 τῇ
1511 3357 1711 3431 εύχῇ;
1963 3350 2028 3407 in
2061 3351 2330 3408 oratione
2360 3352 2389 3411 9

328 3464 735 3539 Ἀπόκρισις.
791 3463 936 3522 Αὐτὴ
980 3464 1012 3522 ἡ
1046 3462 1337 3525 ἀνάπαυσις
1386 3462 1747 3527 πλεονάζουσα
1776 3463 1857 3519 δί-

2043 3459 2375 3528 Responsio.
2402 3460 2539 3533 Ipsa
2586 3463 2823 3535 requies
2865 3465 2912 3522 si
2952 3466 3241 3535 abundet,
3278 3473 3622 3545 suppeditat

263 3549 399 3606 δωσι
431 3551 719 3625 σπλάγχνα
768 3557 857 3606 καὶ
910 3549 1182 3615 διακονίας
1230 3553 1424 3627 ἑτέρας,
1481 3555 1585 3606 οἷον
1617 3563 1706 3607 τοῦ
1743 3554 1856 3609 ἑπι-

1997 3547 2198 3606 ’ἱεοετει
2252 3549 2673 3607 misericordiae
2723 3561 2901 3627 atque
2934 3556 3052 3613 alia
3103 3559 3418 3633 obsequia,
3461 3564 3622 3621 velut

267 3641 568 3713 σκέψασθαι
598 3645 719 3703 τοὺς
748 3638 1021 3714 ἀδελφοὺς,
1053 3649 1144 3694 τοῦ
1198 3642 1267 3704 εἰς
1296 3646 1382 3695 τὸν
1430 3642 1580 3714 λόγον
1612 3641 1645 3696 δ
1652 3653 1857 3704 ιακονῆ-

1996 3637 2244 3693 'isitandi
2286 3638 2516 3707 fratres,
2561 3642 2937 3700 ministrandi
2969 3647 3173 3704 verbo.
3204 3650 3339 3722 Ipsa
3377 3668 3621 3726 quoque

261 3749 371 3786 σαι.
427 3735 529 3784 Καὶ
589 3730 720 3789 αύτὴ
752 3733 782 3789 ἠ
814 3733 972 3804 φύσις
1014 3730 1143 3784 θέλει
1194 3730 1426 3784 ἀπελθεῖν
1456 3736 1540 3784 xui
1574 3729 1703 3785 ἰδεῖν
1733 3737 1857 3796 τοὺς

1997 3730 2176 3782 latura
2231 3727 2532 3783 desiderat
2576 3734 2873 3801 progredi,
2931 3741 2987 3790 et
3043 3737 3229 3793 visere
3295 3741 3501 3797 fratres
3544 3743 3622 3799 ad

256 3817 512 3893 ἀδελφούς
566 3820 795 3879 λαλῆσαι
854 3819 1023 3892 λόγον.
1075 3816 1243 3873 Οὐδὲν
1296 3824 1398 3894 γὰρ
1429 3820 1478 3873 έν
1516 3827 1643 3895 πυρὶ
1672 3820 1855 3895 βαλλό-

1995 3816 2337 3887 oquendum
2369 3820 2638 3873 verbum.
2669 3821 2817 3876 Nihil
2841 3824 2999 3879 enim
3027 3829 3301 3898 est,quod
3331 3830 3391 3885 in
3418 3831 3620 3901 ignem

252 3928 409 3984 μενον
440 3907 663 3964 δύναται
709 3914 875 3983 μένειν
932 3910 981 3963 έν
1010 3917 1073 3984 τῇ
1119 3906 1234 3982 ἰδίᾳ
1284 3914 1456 3983 φύσει,
1511 3910 1617 3963 ἀλλ’
1651 3910 1851 3984 ἀνάγκη

1998 3904 2324 3973 onjectum,
2356 3911 2549 3976 potest
2596 3924 2947 3979 permanere
2995 3913 3054 3970 in
3110 3932 3220 3971 sua
3248 3924 3483 3985 natura,
3516 3921 3620 3977 sed

254 4005 351 4052 xui
414 4003 539 4053 αὐτὸ
580 4002 822 4073 γίνεσθαι
876 4007 1000 4074 πῦρ.
1043 3998 1138 4052 "Ov
1176 4004 1365 4073 τρόπον
1412 4001 1497 4053 ἑὰν
1549 3999 1719 4073 βάλῃς
1763 4003 1855 4054 κά-

1995 4007 2205 4049 ιθοθεεθ
2221 4000 2307 4049 est
2323 3996 2521 4066 ipsum
2535 4012 2778 4069 quoque
2800 4000 2860 4055 in
2884 4000 3082 4070 ignem
3099 4008 3367 4062 converti
3401 4028 3412 4067 ε
3438 4010 3620 4067 veluti

252 4089 471 4161 χληκας
516 4089 586 4152 εἰς
634 4097 759 4166 πῦρ,
792 4089 964 4161 ὀλίγος
990 4095 1190 4162 γίνεται
1238 4089 1494 4152 ἄσϐεστος
1526 4106 1538 4119 ·
1591 4095 1679 4143 καὶ
1710 4090 1754 4143 εἰ
1783 4091 1855 4153 εἰς

1993 4082 2305 4153 iprojicias
2334 4083 2638 4154 lapillosin
2665 4088 2888 4157 ignem,
2908 4092 3238 4162 pauxillum
3268 4097 3618 4168 producitur

258 4178 554 4246 θάλασσαν,
588 4179 803 4233 ἐπιπολὺ
841 4176 1134 4233 καταδῦναι
1184 4184 1271 4232 καὶ
1305 4177 1538 4232 ἀπελθεῖν
1582 4179 1651 4241 si;
1695 4184 1853 4253 μέσον

1991 4172 2161 4237 aleis,
2190 4173 2289 4228 Sin
2322 4174 2381 4228 in
2417 4190 2579 4230 mare
2609 4176 2804 4233 mittas
2830 4183 3205 4254 quempiam,
3242 4185 3307 4241 ﬁt
3340 4192 3401 4244 ut
3431 4188 3616 4259 pluri-

256 4269 496 4340 πέλαγος,
546 4269 979 4329 καταποντίζεται
1027 4273 1119 4321 καὶ
1167 4266 1366 4340 ἀφανής
1408 4274 1609 4341 γίνεται
1636 4286 1649 4299 ·
1705 4272 1731 4322 6
1771 4267 1850 4337 δὲ,

1993 4276 2153 4326 num,
2190 4268 2251 4317 ut
2273 4261 2597 4328 demersus
2627 4270 2682 4321 et
2720 4267 3032 4325 delatusin
3050 4272 3316 4331 medium
3339 4277 3618 4349 pelagus,

261 4361 392 4411 κατά
448 4355 650 4431 βαθμὸν
703 4358 1085 4432 εἰσερχόμενος,
1144 4357 1297 4410 πάλιν
1351 4356 1604 4417 ἀναϐῆναι
1638 4374 1651 4388 ·
1724 4359 1852 4413 θέλει

1997 4351 2242 4441 Luctibus
2272 4351 2580 4441 obruatur,
2614 4359 2669 4411 et
2696 4356 2889 4413 visum
2922 4358 3185 4430 effugiat.
3217 4365 3325 4429 Qui
3354 4382 3496 4423 vero
3515 4384 3622 4441 per

260 4452 345 4500 xui
408 4446 718 4500 έπιπλεῦσαι
767 4452 857 4499 xui
925 4446 1139 4510 ἐξελθεῖν
1214 4446 1286 4508 εἰς
1331 4447 1528 4519 λιμένα,
1579 4453 1668 4501 καὶ
1722 4446 1851 4503 ἰδεῖν

1997 4438 2184 4495 radiis
2208 4439 2553 4511 ingreditur,
2588 4443 2787 4500 denuo
2821 4451 3139 4507 ascendere
3174 4453 3489 4523 desiderat,
3516 4438 3622 4514 ad-

256 4541 379 4599 τοῦς
410 4535 495 4589 ἰπὶ
532 4544 634 4607 γῆς
672 4534 972 4612 ἀνθρώπους
1004 4552 1019 4567 ο
1070 4536 1234 4598 οὕτως
1273 4541 1361 4589 καὶ
1406 4537 1478 4598 εἰς
1529 4540 1586 4589 τό
1628 4557 1853 4611 πνευμα-

1997 4528 2246 4618 .avigare
2276 4536 2330 4585 et
2360 4532 2562 4599 egredi
2583 4533 2661 4590 ad
2680 4541 2942 4605 portum,
2969 4544 3031 4594 ut
3062 4542 3326 4613 aspiciat,
3355 4546 3459 4618 qui
3484 4554 3622 4605 sunt

257 4630 402 4679 τικὸν
442 4625 741 4700 εἰσέρχεταί
792 4645 871 4687 τις
921 4626 992 4689 εἰς
1043 4623 1206 4699 βάθος
1261 4627 1499 4700 χάριτος,
1558 4631 1648 4680 xui
1698 4628 1852 4680 πάλιν

1999 4631 2019 4671 1
2051 4617 2239 4684 terris,
2269 4617 2544 4676 homines
2576 4637 2588 4676 :
2626 4622 2708 4679 sic
2736 4640 2981 4699 quoque
3008 4628 3064 4684 in
3095 4646 3156 4686 re
3188 4615 3498 4704 spirituali,
3518 4636 3624 4692 ali-

258 4719 568 4789 μνημονεύει
626 4724 726 4769 τῶν
779 4715 992 4789 ἑταίρων
1039 4715 1220 4781 αὐτοῦ,
1273 4720 1362 4768 xui
1420 4715 1550 4775 αύτή
1606 4718 1635 4774 ἡ
1697 4720 1851 4789 φύσις

1995 4705 2097 4775 {uis
2126 4706 2183 4761 in
2214 4707 2581 4779 profundum
2601 4714 2805 4781 gratia:
2831 4716 3411 4787 ingressus,rursum
3432 4739 3620 4781 recor~

260 4804 391 4858 οΐλει
432 4803 667 4858 ἀπελθεῖν
705 4804 776 4867 εἰς
832 4801 1102 4877 ἀδελφούς,
1170 4802 1551 4878 ἀποπληρῶσαι
1580 4810 1671 4865 τὴν
1719 4805 1853 4878 ἁγά-

1992 4795 2136 4850 latur
2171 4796 2469 4853 sociorum
2498 4816 2763 4873 suorum,
2787 4806 3057 4876 quinimo
3078 4809 3207 4879 ipsa
3225 4815 3438 4869 natura
3463 4813 3617 4871 desi-

256 4914 381 4959 πην,
408 4893 811 4967 πληροφορῆσαι
839 4893 1012 4966 λόγον.

1993 4883 2131 4937 ierat
2155 4884 2439 4941 accedere
2474 4886 2549 4943 ad
2601 4888 2830 4957 fratres,
2867 4892 3114 4966 implere
3143 4896 3519 4967 charitatem,
3563 4907 3618 4961 et

1963 4971 2350 5030 corroborare
2381 4975 2655 5033 verbum.

330 5071 409 5128 z’.
473 5072 849 5146 Ἐρώτησις.
910 5078 1047 5135 Πῶς
1098 5067 1377 5127 δύναται
1428 5075 1503 5125 τὰ
1544 5069 1661 5127 δύο
1713 5079 1855 5151 πρό-

2035 5079 2575 5153 VII.Interrogatio,
2596 5086 2708 5153 Qui
2729 5095 2908 5158 pacto
2934 5095 3330 5160 possuntdua:
3342 5112 3612 5167 personae

262 5181 445 5216 σωπα
493 5159 657 5215 εἶναι
704 5161 762 5215 ἂν
816 5169 887 5236 τῇ
929 5157 1193 5238 καρδίᾳ,
1245 5168 1353 5216 xui
1400 5165 1852 5238 ἠχάριςκαὶή

1989 5170 2031 5222 ‘n
2058 5168 2231 5225 corde
2258 5171 2595 5240 consistere,
2623 5157 2825 5245 gratia
2856 5157 3139 5239 nimirum
3170 5189 3225 5239 et
3245 5157 3551 5253 peccatum
3572 5157 3614 5245 7?

261 5250 594 5327 ἀμαρτία;

334 5342 739 5415 Ἀπόκρισις.
793 5339 994 5415 Ὠσπερ
1046 5340 1168 5393 ὃταν
1261 5346 1365 5413 πῦρ
1396 5338 1576 5403 ἔξωθεν
1604 5340 1854 5413 χαλκέου,

2043 5346 2381 5414 Responsio.
2412 5348 2939 5416 Quemadmodum
2970 5356 3017 5412 si
3047 5359 3117 5414 sit
3145 5360 3298 5431 ignis
3321 5370 3483 5421 extra
3508 5382 3613 5424 vas

267 5428 450 5482 λοιπόν
493 5426 578 5481 Iuv
628 5427 894 5503 ύποϐάλῃς
974 5428 1118 5500 ξύλα²
1186 5425 1304 5481 ἰδοῦ
1368 5430 1587 5502 ἕκπυρον
1636 5434 1857 5501 γίνεται,

1993 5449 2227 5506 eneum,
2252 5442 2530 5495 creterum
2553 5440 2599 5495 si
2622 5442 2948 5515 subjeceris
2978 5447 3159 5520 ligna,
3179 5466 3313 5508 ecce
3347 5456 3618 5514 accendi-

266 5522 359 5571 xui
395 5521 456 5570 τὸ
501 5519 689 5571 ἔσωθεν
730 5526 824 5571 τοῦ
873 5520 1085 5579 σκεύους
1139 5515 1339 5591 ἕψεται,
1370 5522 1460 5571 xui
1492 5516 1742 5593 βράσσει,
1770 5526 1861 5573 τοῦ

1986 5526 2068 5579 tur
2090 5521 2207 5595 ille,
2240 5528 2297 5581 et
2326 5528 2490 5599 quod
2522 5528 2679 5588 intra
2721 5548 2826 5592 vas
2866 5542 2972 5614 est,
2999 5515 3292 5615 coquitur,
3325 5548 3378 5601 et
3408 5544 3611 5622 fervet,

351 5641 434 5713 (3)
471 5642 649 5716 Εὐχή,
677 5642 883 5710 oratio,
905 5642 1021 5714 legi
1070 5640 1270 5700 debet.
