4116 6210
501 256 603 309 767

1797 250 1856 305 S.
1898 248 2199 306 MACARII
2242 248 2548 305 {EGYPTH

3748 252 3853 309 768

498 381 633 449 igne
668 379 999 433 extrinseco
1018 392 1270 432 accenso
1301 393 1313 431 :
1344 377 1392 431 si
1416 392 1555 431 vero
1573 377 1707 448 quis
1728 377 2009 447 negligat,
2037 390 2142 430 nec

2259 379 2423 447 πυρὸς
2475 375 2657 437 ἔξωθεν
2696 376 3071 446 ὑποκαιομένου
3098 394 3111 406 ·
3154 375 3199 426 εἰ
3243 371 3306 427 δέ
3354 394 3433 437 τις
3485 376 3722 448 ἀμελήσῃ
3766 383 3861 429 καὶ

497 468 660 537 ligna
700 467 1030 530 submittat,
1064 467 1266 537 incipit
1308 466 1558 536 tepidior
1596 466 1845 519 evadere
1886 465 2059 531 ignis,
2093 470 2149 519 et

499 558 939 630 propemodum
980 556 1272 627 exstingui
1303 573 1315 607 :
1341 557 1424 610 sic
1464 570 1706 626 quoque
1747 555 1959 623 gratia,
1990 554 2146 623 ignis

498 647 783 702 nimirum
824 644 1081 701 cmlestis
1118 645 1271 698 intra
1314 648 1364 699 te
1396 649 1505 698 est.
1542 645 1745 715 Itaque
1788 642 1833 697 si
1870 651 2145 714 precatus

499 737 699 801 fueris,
728 751 795 790 ac
820 734 1133 789 contuleris
1164 734 1550 801 cogitationes
1592 738 1724 787 tuas
1766 732 1841 787 ad
1884 731 2146 787 dilectio-

499 842 635 881 nem
677 824 902 891 Christi,
948 824 1076 876 vide
1118 838 1242 894 quo
1286 828 1461 892 pacto
1520 822 1842 891 subjeceris
1879 820 2063 890 ligna,
2094 825 2148 875 et

497 914 762 970 evadunt
792 913 1175 982 cogitationes
1229 917 1342 965 tuae
1393 912 1451 965 in
1495 911 1715 979 ignem,
1748 916 1801 965 et
1842 912 2148 979 tinguntur

495 1004 791 1059 desiderio
844 1002 959 1055 Dei.
988 1004 1049 1055 Et
1092 1001 1225 1055 licet
1264 1000 1500 1055 secedat
1538 1001 1811 1070 Spiritus,
1839 1001 1939 1071 qui
1981 1005 2147 1055 extra

498 1100 548 1149 te
603 1098 706 1157 est,
742 1091 1129 1145 nihilominus
1160 1090 1337 1143 etiam
1370 1090 1524 1143 intra
1569 1096 1622 1143 te
1670 1094 1776 1155 est,
1808 1095 1861 1143 et
1900 1094 2065 1144 extra
2093 1094 2146 1143 te

497 1187 762 1254 apparet.
798 1180 968 1247 Quod
1001 1180 1047 1233 si
1080 1195 1218 1233 vero
1242 1178 1369 1249 qeis
1394 1179 1670 1234 socordia
1697 1178 2144 1250 diﬂluens,pau-

496 1272 678 1341 lisper
710 1288 772 1325 se
821 1271 1015 1339 ipsum
1069 1269 1262 1324 tradat
1310 1276 1410 1322 aut
1459 1269 1780 1323 mundanis
1836 1268 2014 1323 rebus
2045 1274 2146 1323 aut

496 1358 1215 1431 occupationibus,denuo
1257 1360 1299 1427 ι
1314 1358 1364 1428 3
1377 1358 1427 1429 5
1444 1357 1671 1412 accedit
1692 1357 2148 1429 vitium,inquit-

494 1466 611 1520 que
638 1451 925 1511 animam,
953 1462 1022 1501 ac
1053 1452 1238 1501 totum
1271 1446 1576 1501 hominem
1618 1444 1879 1514 afﬂigere
1909 1447 2136 1517 incipit.

496 1538 856 1593 Recordatur
887 1552 1027 1603 ergo
1056 1536 1260 1590 anima
1283 1535 1493 1606 prioris
1525 1534 1769 1606 requiei,
1796 1541 1975 1606 atque
2002 1536 2147 1590 inci-

495 1628 581 1699 pit
597 1625 798 1697 afﬂigi,
830 1630 883 1679 et
911 1624 1208 1679 continuis
1239 1624 1528 1679 aerumnis
1560 1623 1735 1679 afﬁci.

566 1752 701 1805 Vill.
736 1751 947 1804 Iterum
976 1749 1227 1803 intendit
1265 1749 1504 1804 animus
1534 1750 1589 1803 in
1622 1749 2027 1820 Deum,ccepit
2066 1747 2144 1803 illi
2180 1732 2217 1784 Β

494 1840 982 1911 appropinquare
1024 1839 1183 1909 prior
1211 1838 1467 1909 requies,
1500 1838 1703 1908 incipit
1738 1837 2145 1893 vehementius

494 1929 808 2001 inquirere.
841 1931 1132 1995 Deprecor
1154 1934 1225 1995 te,
1247 1926 1346 1992 ait,
1380 1927 1939 1982 Domine.Paulatim
1963 1942 2146 1998 appo-

494 2017 655 2072 nitur
686 2018 735 2072 ei
762 2018 913 2086 ignis
947 2025 1000 2069 et
1040 2018 1373 2070 accendens
1413 2023 1467 2069 et
1502 2032 1777 2070 recreans
1818 2015 2084 2069 animam
2128 2031 2140 2068 :

494 2104 1014 2176 quemadmodum
1052 2105 1267 2159 hamus
1309 2104 1598 2175 paulatim
1639 2103 1894 2159 extrahit
1934 2120 1963 2157 e
2004 2118 2143 2174 pro-

496 2193 684 2249 fundo
720 2196 971 2265 piscem.
996 2194 1111 2248 Nisi
1138 2194 1293 2247 enim
1328 2194 1439 2247 hoc
1468 2194 1545 2248 ita
1575 2200 1749 2257 esset,
1784 2210 1853 2247 ac
1879 2197 2146 2261 gustaret

493 2283 954 2337 amaritudinem
984 2290 1034 2337 et
1067 2288 1334 2343 mortem,
1357 2298 1478 2353 quo
1500 2290 1673 2352 pacto
1702 2288 1901 2352 posset
1921 2282 2143 2336 discer-

494 2388 634 2427 nere
657 2388 932 2427 amarum
966 2388 999 2425 a
1031 2371 1205 2437 dulci,
1232 2377 1287 2425 et
1319 2378 1567 2425 mortem
1598 2388 1631 2425 a
1663 2372 1801 2435 vita,
1824 2378 1877 2426 et
1905 2376 2142 2443 gratum

495 2477 556 2515 se
606 2461 884 2515 exhibere
927 2460 1248 2514 viviﬁcanti
1309 2460 1477 2524 Patri,
1520 2466 1573 2514 et
1630 2460 1788 2523 Filio,
1823 2467 1875 2514 et
1904 2459 2141 2531 Spiritui

497 2555 723 2613 sancto,
761 2550 819 2603 in
851 2550 1069 2604 saecula
1096 2550 1124 2604 ?
1155 2553 1361 2603 Amen.

1098 2728 1383 2783 HOMILIA
1415 2726 1541 2782 XLI.

492 2835 813 2905 Profunda
847 2834 1015 2890 valde
1046 2841 1182 2889 sunt
1210 2840 1347 2888 sunt
1375 2834 1715 2908 penetralia
1752 2834 1986 2901 animai,
2020 2852 2148 2908 qum

530 2909 821 2979 paulatim
840 2909 1201 2962 incrementa
1224 2908 1434 2975 gratiae
1446 2912 1548 2961 aut
1569 2905 1847 2962 vitiorum
1870 2905 2108 2977 accipit.

561 3089 600 3143 Ι.
634 3085 962 3142 Pretiosum
993 3100 1095 3139 vas
1124 3083 1340 3138 animae
1368 3084 1423 3138 in
1458 3100 1700 3139 summa
1742 3083 2144 3155 profunditate
2180 3088 2218 3143 C

491 3176 779 3239 consistit,
834 3181 895 3228 ut
942 3173 1158 3228 alicubi
1216 3173 1408 3243 inquit
1442 3190 1453 3224 :
1484 3172 1775 3241 Abyssum
1801 3181 1852 3229 et
1887 3191 1989 3230 cor
2019 3176 2144 3243 ipse

490 3270 798 3323 scrutatur
829 3267 895 3316 ⁸³.
929 3263 1034 3317 Ubi
1062 3262 1220 3316 enim
1247 3262 1547 3315 diverterit
1566 3262 1747 3315 homo
1770 3278 1804 3316 a
1828 3263 2137 3332 mandato,

490 3360 543 3409 et
601 3353 903 3408 sententiae
952 3351 1049 3404 ira:
1098 3350 1392 3403 obnoxius
1451 3350 1640 3404 factus
1693 3350 1881 3415 fuerit,
1930 3352 2143 3420 redigit

490 3444 656 3499 illum
685 3443 744 3497 in
774 3457 945 3495 suam
974 3444 1323 3509 potestatem
1357 3440 1869 3509 peccatum,quod
1904 3456 2041 3495 cum
2064 3442 2140 3495 sit

489 3533 645 3587 velut
685 3530 942 3601 abyssus
973 3528 1258 3599 quaedam
1276 3526 1611 3582 acerbitatis
1642 3529 1701 3581 in
1734 3528 2058 3585 subtilitate
2080 3536 2135 3586 et

488 3619 889 3693 profunditate
930 3616 1286 3677 consistens,
1321 3617 1657 3683 ingressum
1697 3616 1872 3683 intro,
1906 3634 2134 3689 pascua

485 3710 703 3767 animae
743 3706 1076 3776 occupavit,
1112 3720 1301 3775 usque
1331 3704 1407 3759 ad
1440 3705 1561 3760 ima
1589 3706 1717 3775 ejus
1742 3709 2137 3777 receptacula.

490 3802 652 3854 Hunc
691 3802 887 3851 autem
921 3796 977 3848 in
1005 3794 1253 3849 modum
1288 3793 1758 3849 assimilabimus
1788 3794 2059 3852 animam
2088 3805 2142 3852 et

481 3892 795 3959 peccatum
819 3883 1441 3956 perinistum,perinde
1457 3900 1525 3938 ac
1539 3885 1583 3937 si
1602 3885 1673 3938 sit
1688 3884 1866 3939 arbor
1886 3885 2121 3955 ingens,

486 3994 622 4050 quae
652 3976 873 4032 habeat
901 3973 1121 4028 multos
1156 3972 1606 4039 ramos,habeat
1637 3989 1879 4045 quoque
1912 3976 2141 4030 radices

488 4066 795 4138 profundae
828 4069 991 4119 terra)
1023 4061 1371 4116 inﬁxaszsic
1386 4077 1628 4133 quoque
1648 4078 1872 4133 pascua
1903 4062 2139 4119 intimo-

486 4172 619 4213 rum
636 4156 851 4211 animae
864 4151 1372 4222 receptaculorum
1391 4151 1487 4203 ubi
1505 4159 1823 4219 penetrans
1837 4160 2136 4222 peccatum

488 4245 821 4314 occupavit,
841 4243 901 4295 in
932 4239 1428 4293 consuetudinem
1458 4239 1580 4293 abit
1599 4248 1653 4293 et
1675 4242 2138 4310 prmoccupatio-

486 4347 790 4397 nem,cum
809 4326 1261 4399 unoquoque'ab
1277 4326 1525 4381 infantia
1547 4328 1722 4382 simul
1744 4336 2135 4399 augmentum

492 4435 740 4475 sumens
768 4422 1170 4479 conversatur,
1205 4421 1261 4469 et
1290 4415 1429 4469 vitia
1458 4414 1686 4470 edocet.

561 4510 624 4562 li.
646 4508 750 4563 Ubi
765 4522 904 4577 ergo
920 4505 1119 4576 gratiae
1150 4505 1364 4558 divina)
1395 4504 2135 4564 etﬁcaciaobumbraverit

490 4600 708 4654 anima:
725 4612 830 4667 pro
846 4594 1026 4649 modo
1043 4594 1513 4665 uniuscujusque
1529 4594 1720 4661 ﬁdei,a
1733 4600 1868 4667 tque
1881 4596 2139 4667 desumr

489 4686 777 4744 auxilium
794 4682 1307 4754 receperit,adhnc
1321 4682 1523 4755 aliqua
1553 4684 1610 4738 in
1630 4689 1797 4755 parte
1811 4686 2137 4741 adumbrat

489 4779 700 4847 gratia.
735 4778 812 4830 Ne
839 4788 979 4842 ergo
1029 4771 1330 4827 arbitreris
1359 4774 1707 4844 quempiam
1757 4779 1878 4829 tota
1932 4776 2134 4831 anima

488 4881 615 4921 esse
652 4864 1050 4919 illuminatum
1087 4880 1099 4916 :
1134 4862 1332 4916 adhuc
1378 4862 1628 4917 multum
1681 4862 1971 4933 pabulum
2010 4865 2133 4919 vitii

487 4957 646 5010 intus
701 4954 857 5015 latet,
893 4966 1251 5023 summoque
1299 4950 1503 5006 labore
1558 4952 1784 5022 indiget
1833 4952 2038 5018 homo,
2080 4961 2137 5009 et

488 5043 928 5113 defatigatione,
951 5057 1087 5113 quas
1120 5040 1443 5096 consentiat
1489 5042 1717 5097 collata:
1748 5042 1862 5112 ipsi
1895 5044 2123 5111 gratiae.

488 5138 801 5205 Propterea
827 5131 986 5186 enim
1017 5130 1415 5201 particulatim
1456 5131 1661 5202 incipit
1702 5131 1905 5187 divina
1943 5134 2134 5201 gratia

485 5224 806 5281 adventare
863 5221 920 5275 in
949 5220 1237 5285 animam,
1268 5236 1398 5290 qua:
1444 5219 1530 5273 vel
1565 5220 1741 5274 unius
1796 5222 1955 5275 horae
2010 5237 2131 5276 mo-

489 5318 689 5367 mento
715 5311 903 5382 possit
925 5310 1253 5374 hominem,
1278 5309 1377 5363 ubi
1407 5310 1749 5377 cxpurgarit
1778 5309 2134 5381 eum,perfc—

487 5410 648 5457 ctum
678 5400 925 5455 reddere
955 5416 966 5465 ;
1003 5412 1207 5452 verum
1243 5396 2126 5467 utprobetintentionemhomi.

486 5490 684 5557 nis,an
714 5487 1095 5542 dilectionem
1114 5501 1255 5555 erga
1285 5488 1467 5542 Deum
1490 5483 1780 5559 integram
1804 5492 2129 5557 conservet,

2170 4438 2212 4492 υ

562 5643 605 5678 ⁵³
636 5638 807 5695 Ecch.
839 5652 972 5705 mi,
1004 5636 1086 5691 18.

2258 468 2329 533 μὴ
2363 463 2595 536 ὑποϐάλῃ
2650 463 2798 528 ξύλα,
2832 465 3057 539 ἄρχεται
3093 463 3446 537 χλιαρώτερον
3482 468 3760 535 γίγνεσθαι
3799 470 3861 518 τὸ

2258 561 2380 625 πῦρ,
2415 559 2502 605 καὶ
2532 556 2705 626 ὥσπερ
2764 552 3214 605 κατασϐέννυσθαι
3245 568 3257 580 ⁸
3308 554 3466 614 οὑτως
3505 559 3592 606 καὶ
3623 556 3653 611 ἠ
3700 558 3865 627 χάρις

2258 646 2315 694 τὸ
2346 650 2448 717 πῦρ
2481 646 2538 694 τὸ
2570 643 2806 716 ούράνιον
2858 647 2948 695 καὶ
2981 644 3168 695 ἓσωθέν
3219 645 3311 695 σού
3359 642 3491 697 ἐστι.
3548 648 3741 696 Λοιπὸν
3775 645 3867 696 ἐὰν

2258 732 2402 805 εὔξῃ,
2432 738 2519 784 καὶ
2561 729 2743 805 δώσης
2784 736 2903 793 τοὺς
2936 731 3219 804 λογισμούς
3268 751 3363 785 σου
3392 732 3462 794 εἰς
3523 732 3732 803 ἀγάπην
3766 740 3866 787 τοῦ

2260 828 2517 895 Χριστοῦ,
2562 818 2645 873 ἴδε
2700 830 2808 883 πῶς
2860 820 3109 883 ὑπέϐαλες
3156 824 3222 873 τὰ
3278 821 3422 887 ξύλα,
3476 827 3566 875 καὶ
3627 828 3869 894 γίνονται

2257 911 2305 960 οἰ
2336 910 2577 982 λογισμοί
2606 930 2699 963 σου
2730 919 2854 985 πῦρ,
2894 916 2983 963 καὶ
3019 909 3311 983 βάπτονται
3362 910 3432 973 εἰς
3460 915 3545 963 τὸν
3584 914 3745 965 πόθον
3772 921 3869 965 τοῦ

2259 1007 2412 1053 Θεοῦ.
2470 1000 2527 1053 Εἰ
2580 998 2639 1053 δε
2679 1006 2771 1053 καὶ
2825 1002 3095 1074 ὑποχωρεί
3147 1003 3203 1053 τὸ
3261 1007 3468 1072 Πνεῦμα
3520 1004 3590 1064 ὡς
3618 1000 3866 1076 ἐξώτερον

2260 1109 2354 1141 σου
2415 1095 2702 1162 γινόμενον,
2784 1088 2911 1142 ἀλλά
2980 1094 3069 1141 καὶ
3144 1090 3331 1142 ἓσωθέν
3405 1093 3499 1142 σού
3586 1089 3717 1157 ἐστι,
3773 1098 3865 1145 xui

2258 1179 2435 1241 ἔξωθέν
2464 1199 2557 1231 σου
2589 1183 2986 1254 παραφαίνιται.
3051 1178 3167 1231 Ἐὰν
3201 1174 3261 1231 δε
3315 1178 3550 1253 ἀμελήση
3601 1199 3701 1244 τις,
3758 1181 3859 1233 ὀλί-

2256 1287 2345 1338 γον
2386 1264 2573 1331 ἐκδούς
2621 1269 2819 1333 ἑαυτὸν,
2875 1272 2905 1326 ἥ
2971 1268 3042 1328 εἰς
3100 1270 3329 1339 κοσμικὰ
3392 1270 3698 1343 πράγματα,
3728 1272 3753 1329 ἑ
3784 1270 3851 1330 εἰς

2256 1356 2576 1431 ῥεμϐασμὸν,
2650 1357 2802 1410 πάλιν
2867 1360 3081 1428 ἔρχεται
3155 1358 3183 1414 ἠ
3239 1361 3418 1420 κακία,
3479 1363 3569 1410 xui
3628 1356 3847 1411 ἐνδύεται

2259 1450 2351 1505 τὴν
2400 1446 2606 1518 ψυχὴν,
2681 1452 2766 1499 καὶ
2849 1446 2961 1498 ὅλον
3029 1447 3299 1519 ἄνθρωπον
3350 1447 3578 1518 ἄρχεται
3648 1447 3854 1502 θλίϐειν.

2258 1536 2578 1607 Μνημονεύει
2622 1533 2708 1587 οὖν
2764 1538 2793 1594 ἠ
2849 1535 3003 1607 ψυχὴ
3069 1542 3158 1595 τῆς
3214 1538 3463 1609 προτέρας
3521 1536 3862 1600 ἀναπαύσεως

2256 1630 2346 1676 καὶ
2385 1644 2576 1696 ρχεται
2610 1624 2898 1691 θλίϐεσθαι,
2958 1629 3045 1677 καὶ
3074 1629 3447 1697 συνεχέστερον
3490 1626 3859 1699 ταλαιπωρεῖν.

2330 1750 2406 1803 [ι’.
2445 1749 2601 1802 Πάλιν
2634 1754 2929 1823 προσέσχεν
2976 1751 3002 1801 ὸ
3031 1756 3144 1809 νοῦς
3191 1752 3320 1821 πρὸς
3359 1752 3443 1801 τὸν
3483 1754 3630 1816 Θεὸν,
3663 1752 3864 1827 ἤρξατο

2256 1840 2619 1910 προσεγγίζειν
2668 1840 2807 1909 αύτῷ
2870 1841 2900 1898 ἡ
2956 1843 3181 1914 προτέρα
3254 1837 3566 1906 ἀνάπαυσις,
3630 1843 3864 1914 ἄρχεται

2259 1925 2621 2001 σφοδροτέρως
2651 1928 2913 1989 ἐπιζητεῖν
2947 1946 2958 1959 ·
2994 1928 3227 1999 Δέομαί
3264 1946 3397 1994 σου,
3433 1935 3584 2001 φησὶ,
3620 1934 3815 2003 Κύριε
3846 1949 3859 1961 ⁸

2255 2019 2389 2066 κατὰ
2428 2019 2611 2089 μικρὸν
2664 2019 3001 2089 προστίθεται
3054 2018 3195 2090 αὑτῷ
3243 2021 3301 2071 τὸ
3362 2025 3463 2090 πῦρ
3518 2017 3736 2080 ἐξάπτον
3768 2024 3863 2071 καὶ

2255 2103 2515 2157 ἀναπαῦον
2579 2110 2671 2163 τὴν
2720 2106 2903 2177 ψυχήν
2937 2124 2950 2136 '
3011 2109 3183 2181 ὥσπερ
3243 2113 3301 2161 τὸ
3379 2110 3665 2181 ἄγκιστρον
3724 2111 3859 2180 αἰρει

2257 2197 2311 2246 ἐκ
2333 2203 2423 2246 τοῦ
2455 2193 2624 2267 βυθοῦ
2655 2199 2739 2247 τὸν
2769 2195 2924 2267 ἰχθύν
2972 2200 3106 2249 κατὰ
3138 2204 3344 2273 μικρὸν.
3404 2198 3460 2251 Εἰ
3488 2200 3589 2269 γὰρ
3623 2202 3695 2268 μὴ
3742 2206 3860 2250 τοῦ·

2256 2280 2310 2336 το
2338 2282 2419 2349 ἧν,
2454 2290 2541 2336 καὶ
2574 2284 2771 2355 ἐγεύετο
2802 2294 2892 2337 τοῦ
2922 2295 3111 2359 πικροῦ
3164 2294 3253 2341 καὶ
3310 2296 3398 2340 τοῦ
3450 2289 3693 2351 Θανάτου,
3750 2296 3863 2349 πῶς

2258 2370 2488 2431 ἠδύνατο
2522 2371 2788 2448 διακρῖναι
2844 2378 2900 2426 τὸ
2950 2380 3134 2450 πικρὸν
3192 2377 3292 2430 ἀπὸ
3345 2384 3434 2429 τοῦ
3485 2376 3737 2448 γλυκέως,
3771 2382 3862 2428 καὶ

2258 2460 2343 2515 τὸν
2377 2464 2593 2515 θάνατον
2626 2462 2726 2515 ἀπὸ
2774 2471 2868 2525 τῆς
2902 2468 3055 2529 ζωῆς,
3083 2471 3172 2518 καὶ
3199 2467 3597 2540 εῦχαριστῆσαι
3626 2475 3697 2537 τῷ
3728 2467 3863 2527 ζωο-

2258 2560 2389 2622 ποιῷ
2431 2558 2619 2625 Πατρὶ,
2665 2559 2753 2606 καὶ
2806 2557 2932 2625 Υἰῷ,
2969 2560 3059 2607 καὶ
3108 2556 3241 2628 ἁγίῳ
3291 2558 3577 2628 Πνεύματι,
3636 2556 3711 2618 εἰς
3742 2560 3866 2618 τούς

2259 2640 2443 2702 αἰῶνας
2476 2658 2488 2707 ;
2514 2642 2701 2714 Ἀμήν.

2844 2738 3087 2787 ΟΜΙΛΙΑ
3130 2734 3263 2790 MA'.

2260 2835 2461 2886 Βαθέα
2487 2833 2626 2886 λίαν
2658 2837 2733 2887 τὰ
2762 2844 2867 2896 τῆς
2900 2836 3117 2907 ψυχῆς
3155 2844 3409 2909 ταμεία,
3450 2845 3552 2896 τῆς
3588 2834 3702 2909 ἀπὸ
3741 2840 3847 2906 μέ-

2328 2925 2474 2979 ρους
2504 2916 2573 2979 τῇ
2607 2910 2829 2981 χάριτι
2867 2913 2973 2960 καὶ
3002 2916 3146 2969 ταῖς
3171 2915 3431 2969 κακίαις
3465 2908 3850 2969 συναυξανο-

2327 2997 2477 3049 μινη
2498 2998 2537 3039 ς.

2327 3085 2408 3140 A’.
2441 3088 2509 3137 Τὸ
2541 3089 2709 3157 τίμιον
2742 3092 2923 3148 σκεῦος
2953 3094 3047 3148 τῆς
3074 3083 3261 3159 ψυχῆς
3308 3086 3355 3139 έν
3394 3086 3554 3160 πολλῇ
3592 3085 3864 3159 βαθύτητι

2255 3177 2530 3246 τυγχάνει,
2563 3174 2631 3234 ὣς
2660 3177 2759 3225 πού
2791 3194 2971 3247 φησιν,
3025 3174 3346 3229 Ἀϐυσσον
3399 3180 3509 3228 καὶ
3571 3172 3856 3248 καρδίαν

2256 3264 2441 3323 αὑτὸς
2474 3266 2696 3334 ἐρευνᾷ
2723 3283 2734 3295 ·
2770 3266 3103 3337 ἑκτραπέντος
3152 3268 3253 3336 γὰρ
3303 3274 3393 3317 τοῦ
3448 3264 3725 3340 ἀνθρώπου
3761 3273 3846 3323 τῆς

2256 3351 2479 3415 ἐντολῆς,
2512 3357 2602 3404 xui
2624 3354 2724 3405 ὑπὸ
2757 3352 3016 3425 ἀπόφασιν
3043 3353 3205 3428 ὀργῆς
3233 3359 3598 3425 γεγενημένου,
3624 3354 3847 3407 λαϐοῦσα

2255 3440 2409 3492 αὑτὸν
2452 3442 2756 3512 ὑποχείριον
2783 3444 2812 3499 ἡ
2847 3442 3099 3516 ἁμαρτία,
3130 3449 3218 3496 xui
3257 3442 3387 3501 αύτή
3421 3446 3597 3517 ὧσπερ
3630 3443 3855 3502 ἄϐυσσος

2254 3550 2334 3590 τις
2354 3535 2568 3602 πικρίας
2599 3529 2646 3581 ἐν
2668 3531 2938 3589 λεπτότητι
2961 3537 3050 3584 καὶ
3077 3530 3336 3604 βαθύτητι
3353 3535 3724 3603 τυγχάνουσα,
3761 3532 3869 3585 εἰσι

2255 3618 2475 3670 ελθοῦσα
2505 3615 2670 3684 ἔνδον,
2718 3622 2811 3681 τὰς
2873 3623 3032 3693 νομὰς
3072 3628 3167 3681 τῆς
3218 3620 3406 3692 ψυχῆς
3454 3626 3741 3693 κατέσχεν,
3773 3624 3866 3683 ἕως

2253 3716 2352 3759 τῶν
2390 3705 2694 3780 βαθυτάτων
2762 3709 2926 3769 αὑτῆς
2990 3714 3237 3782 ταμείων,
3295 3712 3529 3782 Τοιούτῳ
3585 3707 3645 3763 δὲ
3685 3716 3869 3785 τρόπῳ

2253 3800 2635 3870 παρεικάσομεν
2698 3803 2790 3857 τὴν
2843 3798 3028 3869 ψυχὴν
3074 3804 3163 3851 καὶ
3222 3803 3315 3857 τὴν
3355 3800 3636 3874 ἁμαρτίαν,
3694 3808 3868 3872 μιγεῖ-

2255 3906 2372 3955 σαν,
2415 3892 2589 3960 ὥσπερ
2641 3890 2760 3940 ὅταν
2816 3888 2847 3958 ᾖ
2904 3884 3120 3963 δένδρον
3177 3892 3446 3960 μέγιστον,
3490 3892 3615 3961 ἔχον
3642 3890 3868 3953 πολλοὺς

2250 3976 2445 4038 κλῶνας
2481 3998 2493 4009 ·
2528 3979 2628 4049 ἔχη
2667 3972 2726 4030 δε
2755 3982 2845 4029 καὶ
2876 3980 2964 4037 τὰς
2993 3978 3148 4051 ῥίζας
3195 3978 3244 4029 έν
3296 3986 3404 4039 τοῖς
3444 3976 3737 4051 βαθυτάτοι
3766 3987 3867 4041 τῆς

2249 4074 2344 4136 γῆς
2378 4085 2389 4097 ·
2426 4067 2584 4126 οὕτως
2641 4068 2732 4127 τὰς
2802 4069 2961 4138 νομὰς
2999 4075 3098 4119 τῶν
3151 4064 3459 4139 βαθυτάτων
3525 4075 3617 4129 τῆς
3672 4068 3866 4139 ψυχῆς

2250 4159 2472 4226 ταμείων
2504 4157 2533 4212 ἠ
2568 4155 2901 4229 παρελθοῦσα
2951 4156 3181 4229 ἁμαρτία
3223 4164 3602 4228 κατασχοῦσα,
3661 4156 3712 4209 έν
3743 4176 3864 4210 συν-

2250 4246 2399 4315 ηθείᾳ
2455 4249 2631 4315 γέγονε
2687 4250 2775 4297 καὶ
2824 4244 3099 4317 προλήψει,
3168 4245 3367 4317 ἑκάστῳ
3413 4249 3654 4305 νηπιὸθεν
3724 4267 3854 4299 συν·-

2249 4334 2589 4405 αυξανομένη,
2622 4339 2710 4385 καὶ
2739 4336 2803 4385 τὰ
2832 4337 2970 4386 κακὰ
3007 4331 3426 4387 ἐκδιδάσκουσα.

2322 4510 2389 4563 B’.
2425 4512 2583 4564 Ἐπὰν
2613 4516 2783 4564 τοίνυν
2830 4514 3054 4586 χάριτος
3106 4515 3244 4575 θείας
3301 4512 3527 4585 ἐνέργεια
3557 4517 3848 4591 ἐπισκιάση

2247 4608 2306 4673 τῇ
2340 4600 2494 4672 ψυχῇ
2552 4604 2687 4653 κατὰ
2729 4606 2786 4653 τὸ
2817 4607 3000 4675 μέτρον
3055 4610 3145 4674 τῇς
3195 4602 3419 4656 ἑκάστου
3460 4608 3705 4669 πίστεως,
3756 4612 3851 4659 καὶ

2247 4687 2467 4752 δέξηται
2528 4692 2717 4743 ἄνωθεν
2769 4690 3039 4762 βοήθειαν,
3090 4690 3262 4763 ἀκμὴν
3314 4691 3363 4744 έν
3401 4697 3543 4766 μέρει
3602 4698 3705 4746 τινὶ
3755 4694 3853 4748 ἐπ..

2250 4784 2489 4831 εσκίασεν
2547 4781 2576 4837 ἡ
2633 4782 2811 4851 χάρις.
2881 4785 2965 4838 Μὴ
3026 4785 3215 4853 νομίσῃ
3277 4777 3365 4833 οὖν
3413 4801 3515 4847 τις,
3566 4782 3688 4841 ὅλην
3753 4789 3849 4843 τὴν

2243 4867 2429 4939 ψυχὴν
2481 4875 2847 4940 πεφώτισται·
2917 4868 3088 4941 ἀκμὴν
3131 4869 3289 4928 πολλὴ
3340 4875 3468 4942 νομὴ
3530 4878 3626 4933 τῆς
3664 4875 3851 4936 χακίἀς

2245 4954 2389 5008 ἔνδον
2444 4959 2572 5018 ἐστὶ,
2633 4962 2721 5010 καὶ
2789 4958 2975 5010 πολλοῦ
3026 4962 3182 5011 πόνου
3230 4964 3391 5034 χρεία
3454 4965 3543 5013 xui
3608 4965 3849 5035 καμάτου

2246 5054 2317 5115 τῷ
2379 5044 2630 5119 ἀνθρώπῳ
2686 5054 3077 5119 συμφωνοῦντος
3129 5056 3191 5121 τῇ
3249 5052 3381 5122 πρὸς
3432 5048 3588 5100 αὑτὸν
3640 5053 3849 5125 χάριτι.

2246 5137 2337 5187 Διά
2377 5142 2525 5186 τοῦτο
2577 5138 2677 5210 γὰρ
2720 5141 2809 5188 xui
2870 5134 2971 5188 ἀπὸ
3011 5140 3200 5211 μέρους
3252 5138 3445 5211 ἤρξατο
3482 5139 3511 5194 ἡ
3550 5140 3664 5191 θεία
3691 5143 3854 5213 χάρις

2244 5226 2508 5295 ἓπιφοιτᾴν
2564 5233 2626 5297 τῇ
2686 5224 2864 5298 ψυχῇ,
2927 5222 3187 5298 δυναμένη
3231 5226 3365 5301 ῥοπῇ
3427 5231 3566 5301 ὧρας
3619 5232 3707 5281 τὸν
3769 5251 3855 5283 αν-

2249 5314 2451 5387 θρωπον
2496 5316 2836 5386 καθαρίσασα
2893 5314 3183 5373 τελειῶσαι.
3239 5315 3374 5369 Ἀλλ’
3436 5318 3519 5367 ἱνα
3577 5313 3851 5392 δοκιμάσῄ

2245 5407 2339 5459 τὴν
2388 5412 2663 5475 πραίρεσιν
2711 5411 2801 5456 τοῦ
2856 5403 3151 5476 ἀνθρώπου,
3219 5404 3261 5457 εἰ
3316 5409 3408 5463 τὴν
3462 5403 3676 5477 ἀγάπην
3725 5412 3855 5480 πρὸς

2247 5496 2375 5546 Θεὸν
2408 5492 2683 5569 ὁλόκληρον
2724 5492 3009 5563 ἀποσώζει,
3049 5498 3122 5567 μὴ
3167 5489 3477 5556 συνδυάζων
3520 5502 3594 5567 τῷ
3644 5505 3855 5574 πονηρῲ
