4082 6196
264 288 380 349 769

1537 295 1910 363 HOMILIzE.
1955 332 2035 348 -
2078 299 2270 368 ΗΟΜ.
2316 303 2502 370 XLII.

3661 325 3780 388 770

253 420 306 476 ἂν
365 417 561 494 μηδενὶ
617 419 746 479 ἀλλ’
800 419 932 480 ὅλον
988 426 1058 500 τῇ
1105 424 1292 502 χάριτι
1341 425 1526 510 ἑαυτὸν
1553 428 1836 497 ἐκδιδοόςο
1875 436 1955 489 καὶ

2109 437 2239 493 ιυΙΙο
2270 455 2505 509 prorsus
2536 441 2736 500 habito
2764 443 3112 506 commercio
3142 465 3276 508 cum
3315 451 3618 526 improbo;
3669 461 3772 516 sed

253 508 428 572 ἒῦτως
479 509 845 584 εὐδοκιμοῦσα
887 515 921 583 ἡ
971 515 1126 592 ψυχὴ
1184 508 1428 591 χρόνοις
1459 518 1553 573 καὶ
1591 527 1826 596 καιροῖς,
1874 521 1965 577 καὶ

255 600 360 667 τήν
432 598 595 673 χάριν
648 599 700 654 ἐν
763 598 958 673 μηδενὶ
1037 601 1301 676 λυποῦσα,
1375 606 1516 679 μήτε
1588 604 1965 683 ἐνυϐρίζουσα,

259 687 323 742 ἐκ
361 692 458 742 τοῦ
513 690 630 743 κατ’
677 688 870 765 ὀλίγου
932 692 1233 767 βοηθεῖται.
1293 694 1390 749 Καὶ
1450 695 1584 766 αὐτή
1621 694 1678 752 δὲ
1717 700 1751 767 ἡ
1803 700 1966 774 χάρις

262 778 441 849 νομήν
476 773 744 851 λαμϐάνει
775 779 826 834 ἐν
872 779 940 856 τῇ
970 784 1146 856 ψυχῇ,
1196 782 1284 838 καὶ
1332 780 1436 846 ἕως
1494 788 1602 840 τῶν
1650 788 1964 862 βαθυτάτων

261 869 436 937 αὐτῆς
502 874 684 941 μερῶν
733 870 821 926 καὶ
892 868 1265 947 διαλογισμῶν
1326 873 1590 950 ῥιζοῦται,
1650 876 1702 932 ἐν
1751 884 1970 953 καιροῖς

258 957 507 1013 πλείοσιν
568 956 969 1032 εὐδοκιμοόσης
1019 962 1108 1016 καὶ
1167 965 1568 1040 συμφωνούσης
1629 973 1730 1036 τῆς
1780 970 1965 1043 ψυχῆς

256 1051 328 1120 τῇ
383 1046 571 1122 χάριτι
605 1067 618 1079 ο
671 1043 775 1112 ἕως
827 1050 888 1104 οὗ
927 1048 1033 1120 δλη
1091 1053 1126 1121 ἡ
1187 1053 1342 1127 ψυχὴ
1373 1051 1692 1129 περιληφθῇ
1732 1056 1833 1111 ὑπὸ
1864 1064 1964 1127 τῆς

254 1135 581 1212 ἐπουρανίου
634 1139 886 1215 χάριτος,
950 1140 1145 1196 λοιπὸν
1229 1141 1631 1217 βασιλευούσης
1697 1144 1748 1200 ἐν
1817 1145 1965 1220 αὐτῷ

253 1225 338 1299 τῷ
369 1225 563 1282 σκεῦει.

334 1413 401 1462 I".
454 1407 578 1462 Ἐάν
637 1403 696 1462 δέ
753 1428 836 1470 τις
897 1410 972 1483 μὴ
1017 1409 1054 1484 ᾖ
1103 1407 1154 1465 ἐν
1217 1411 1682 1489 ταπεινοφροσύνῃ
1751 1411 1961 1489 πολλῇ,

258 1493 621 1567 παραδίδοται
691 1498 852 1562 οὗτος
923 1502 1004 1570 τῷ
1082 1505 1315 1572 Σατανᾷ,
1390 1502 1480 1556 καὶ
1551 1503 1965 1578 ἀπογυμνοῦται

256 1593 364 1656 τῆς
413 1585 549 1662 πρὸς
597 1587 758 1642 αὐτὸν
797 1587 1087 1664 γενομένης
1136 1589 1281 1655 θείας
1326 1591 1578 1668 χάριτος,
1627 1595 1717 1648 καὶ
1772 1595 1962 1668 πειρά-

258 1683 410 1747 ζεται
441 1675 492 1732 ἐν
535 1675 750 1752 θλίψεσι
788 1675 1050 1750 πολλαῖς,
1099 1678 1190 1734 καὶ
1235 1679 1358 1736 τότε
1415 1687 1738 1762 φανεροῦται
1796 1685 1963 1740 αὐτοῦ

257 1769 293 1837 ἡ
346 1767 548 1838 οἴησις,
581 1766 666 1823 ὅτι
711 1770 917 1844 γυμνὸς
973 1769 1063 1824 καὶ
1099 1768 1452 1845 ταλαίπωρος
1497 1774 1756 1852 ὑπάρχει.
1791 1774 1961 1850 Ὀφεί-

256 1856 344 1913 λει
395 1855 487 1912 οὖν
545 1858 574 1912 ὁ
633 1861 890 1914 πλουτῶν
927 1862 994 1932 τῇ
1045 1859 1236 1934 χάριτι
1272 1859 1368 1916 τοῦ
1399 1865 1532 1917 Θεοῦ
1563 1861 1614 1917 ὲν
1648 1861 1836 1938 πολλῇ
1867 1885 1963 1920 τα-

254 1947 654 2025 πεινοφροσύνῃ
712 1948 805 2003 καὶ
851 1953 1175 2022 συντριμμῷ
1241 1946 1465 2024 καρδίας
1525 1951 1816 2027 ὑπάρχειν,
1871 1953 1960 2008 καὶ

261 2038 340 2100 ὡς
391 2038 618 2113 πτωχὸν
646 2037 739 2092 καὶ
796 2035 966 2110 μηδὲν
1009 2035 1209 2113 ἔχοντα
1247 2039 1435 2095 ἑαυτὸν
1459 2043 1712 2115 ἡγεῖσθαι
1747 2063 1760 2075 ο
1791 2041 1966 2097 ἀλλό-

257 2147 412 2204 τριον
468 2129 636 2183 αὐτοῦ
696 2128 830 2199 ἐστι,
878 2128 969 2184 καὶ
1023 2127 1195 2192 ἄλλος
1252 2124 1452 2185 ἔδωκεν
1492 2129 1658 2204 αὐτῷ,
1715 2133 1808 2186 καὶ
1876 2134 1965 2190 ὅτε

261 2215 525 2294 βούλεται
573 2215 716 2290 αἴρει
773 2217 924 2274 αὐτό.
993 2222 1050 2272 Ὃ
1099 2217 1273 2281 οὕτως
1314 2220 1584 2276 ταπεινῶν
1637 2220 1825 2277 ἑαυτὸν
1875 2221 1963 2279 ἐπὶ

261 2312 399 2364 Θεοῦ
456 2308 548 2363 καὶ
605 2309 931 2382 ἀνθρώπων,
983 2307 1204 2363 δύναται
1265 2306 1590 2389 διαφυλάξαι
1662 2311 1760 2378 τήν
1829 2313 1964 2386 πρὸς

259 2399 428 2454 αὑτὸν
483 2395 775 2472 γενομένην
842 2397 1023 2473 χάριν,
1079 2399 1261 2462 καθὼς
1329 2420 1508 2476 φησιν.
1569 2405 1625 2454 Ὁ
1695 2405 1960 2458 ταπεινῶν

259 2493 453 2548 ἑαυτὸν
503 2494 885 2567 ὑψωθήσεται*
935 2495 1128 2569 καίπερ
1195 2492 1272 2548 ὢν
1321 2491 1573 2557 ἐκλεκτὸς
1632 2500 1788 2565 Θεοῦ,
1837 2497 1965 2570 παρ’

254 2584 434 2656 ἑαυτῷ
489 2581 1063 2658 ἀποδεδοκιμασμένος
1118 2580 1278 2652 ἤτωο
1337 2583 1426 2639 καὶ
1477 2581 1551 2639 ὢν
1613 2585 1825 2655 πιστὸς,
1885 2586 1960 2648 ὡς

246 2673 472 2746 ἀνάξιον
521 2673 706 2728 ἑαυτὸν
781 2672 1046 2748 ἡγείσθω.
1119 2677 1377 2729 Τοιαῦται
1456 2675 1558 2749 γάρ
1637 2675 1809 2750 ψυχαὶ
1871 2674 1959 2730 εὖ·

245 2767 534 2838 αρεστοῦσι
593 2766 736 2835 Θεῷ,
791 2767 882 2818 καὶ
940 2765 1332 2832 ζωοποιοῦνται
1377 2761 1428 2818 ἐν
1453 2762 1695 2838 Χριστῷ,
1726 2765 1771 2836 ᾧ
1799 2765 1833 2834 ἡ
1868 2761 1958 2819 δό-

245 2854 309 2924 ξα
338 2851 427 2907 καὶ
457 2852 520 2908 τὸ
549 2851 747 2928 κράτος
787 2851 862 2914 εἰς
886 2852 1014 2914 τοὺς
1051 2851 1274 2915 αἰῶνας.
1312 2854 1511 2925 Ἀμήν.

893 2963 1140 3018 OMIAIA
1185 2960 1317 3017 MB‘.

251 3053 348 3120 Μὴ
419 3051 488 3106 τὰ
551 3049 768 3125 ἔξωθεν,
827 3048 975 3105 ἀλλᾶ
1035 3049 1102 3125 τᾲ
1142 3045 1369 3125 ’ἔνδοθεν
1418 3048 1651 3125 *προάγει
1719 3049 1954 3125 ᾔίβλά-

327 3119 461 3200 πτειν
522 3119 635 3200 τὸνψ
690 3119 1310 3200 ᾅνθρῳᾉπον,“δηλαδὴ-
1379 3119 1480 3176 τὸ’
1532 3119 1632 3191 τῆς
1728 3119 1957 3200 χάριτος

329 3199 572 3269 Πνεῦμα,
603 3195 639 3264 ἤ
668 3195 732 3249 τὸ
754 3191 960 3267 πνεῦμα
983 3194 1081 3261 τῆς
1110 3191 1399 3267 πονηρίας.

324 3304 408 3360 A‘.
458 3304 660 3377 Ὥσπερ
717 3299 806 3355 ἐὰν
859 3299 897 3375 ᾖ
924 3298 1085 3361 πόλις
1124 3298 1359 3376 μεγάλη.
1409 3297 1616 3374 ἔρημος
1666 3296 1722 3354 δὲ
1847 3305 1954 3357 τῶν

245 3391 485 3468 τειχέων
531 3387 963 3463 διαλελυμένων,
992 3387 1084 3443 καὶ
1136 3388 1238 3443 ὑπὸ
1274 3387 1485 3463 ἐχθρῶν
1548 3386 1758 3465 ληφθῇ,
1797 3387 1952 3445 οὐδὲν

241 3490 353 3552 τῆς
416 3479 844 3555 μεγαλειότητος
910 3475 1110 3556 ὄφελος
1151 3495 1168 3512 ο
1219 3478 1482 3548 ζητητέον
1531 3476 1621 3532 οῦν
1670 3479 1760 3533 καὶ
1810 3481 1954 3554 [alii

241 3570 406 3643 κατὰ]
464 3568 528 3622 τὸ
589 3566 836 3641 μέγεθος,
894 3563 990 3619 ’ίνα
1040 3559 1145 3640 ἔχῃ
1206 3563 1295 3619 καὶ
1324 3564 1486 3640 τείχη
1520 3563 1699 3640 όχῦρδι
1727 3566 1864 3638 πρὸς
1889 3567 1952 3621 τὸ

247 3660 328 3734 μή
382 3658 509 3720 τοὺς
569 3653 800 3730 ἐχθροὺς
860 3653 1126 3709 εἰσιέναι’
1188 3653 1333 3709 οὕτω
1389 3649 1456 3722 δή
1514 3652 1603 3708 καὶ
1655 3655 1831 3730 ψυχαὶ
1896 3655 1953 3709 αἱ

239 3745 658 3820 κεκοσμημέναι
713 3745 907 3820 γνώσει
960 3743 1052 3797 καὶ
1101 3743 1328 3812 συνέσει,
1387 3743 1475 3797 καὶ
1533 3746 1609 3814 νῷ
1691 3742 1950 3816 ὀξυτάτῳ,

241 3838 322 3900 ὡς
385 3834 576 3898 πόλεις
634 3833 736 3889 εἶσι
805 3830 1061 3908 μεγάλαι.
1122 3829 1300 3888 Ἀλλᾶ
1355 3830 1642 3901 ξητητέον,
1702 3831 1747 3884 εἰ
1803 3832 1952 3907 ὠχύ-

245 3947 455 4004 ρωνται
500 3930 569 3999 τῇ
625 3922 850 3998 δυνάμει
903 3923 1000 3980 τοῦ
1032 3921 1365 3996 Πνεύματος,
1402 3924 1617 3995 μήποτε
1659 3921 1710 3977 οἱ
1759 3921 1955 4002 ἐχθροῖ

243 4016 586 4078 εἰσελθόντες
640 4014 1003 4091 ἐρημώσωσιν
1045 4012 1228 4074 αὐτάς.
1261 4012 1324 4066 Οἱ
1369 4012 1471 4088 γὰρ
1521 4012 1678 4084 σοφοὶ
1729 4016 1824 4067 τοῦ
1864 4013 1956 4068 κό-

242 4128 416 4182 σμου.
474 4102 886 4181 Ἀριστοτέλης,
945 4103 980 4178 ᾗ
1043 4099 1291 4166 Πλάτων,
1348 4100 1385 4174 ᾖ
1447 4100 1766 4175 Σωκράτης,
1825 4100 1954 4178 φρό.

236 4218 400 4270 νιμοι
459 4191 608 4257 ὄντες
668 4193 722 4248 ἐν
769 4192 992 4266 γνώσει,
1025 4188 1208 4264 ὥσπερ
1246 4189 1435 4253 πόλεις
1505 4188 1738 4265 μεγάλαι
1803 4189 1954 4266 ἐτύγ-

236 4307 438 4362 χανον,
471 4282 597 4339 ἀλλ’
627 4277 828 4358 ἔρημοι
860 4281 995 4350 ἦσαν
1031 4280 1135 4335 ὑπό
1167 4278 1403 4355 ἐχθρῶν,
1434 4275 1524 4334 διὰ
1559 4277 1622 4334 τὸ
1683 4280 1760 4352 μή
1815 4280 1951 4334 εἶναι

239 4351 469 4448 Ηνεῦμα
499 4377 634 4428 Θεοῦ
665 4371 717 4427 ἐν
751 4371 958 4432 αὐτοῖς.

315 4465 396 4522 Β’.
457 4464 612 4517 Ὅσοι
673 4457 730 4515 δέ
788 4458 920 4515 εἰσιν
977 4456 1193 4514 ἰδιῶται
1250 4456 1489 4532 μέτπχοι
1543 4460 1642 4527 τῆς
1700 4459 1950 4533 χάριτος,

2075 529 2262 619 totum
2294 529 2490 600 gratim
2523 548 2582 588 se
2629 533 2824 604 ipsum
2875 538 3115 595 tradat:
3166 539 3392 613 hocque
3439 550 3606 615 pacto
3635 564 3767 619 ιιι-ο-

2076 615 2212 708 bata
2254 622 2519 708 tempore
2562 629 2616 677 et
2664 626 3095 696 opportunitate
3141 629 3356 701 anima,
3405 615 3774 708 gratiamque

2074 703 2134 758 in
2166 704 2330 761 nulla
2360 723 2598 778 prorsus
2629 728 2688 767 re
2718 715 3095 784 contristans,
3128 734 3231 774 nec
3264 719 3385 775 ulla
3407 703 3775 781 contumulia

2074 794 2358 864 afﬁciens,
2401 814 2436 853 a
2468 800 2693 856 modico
2741 808 2978 876 sumpto
3018 806 3184 863 initio
3235 809 3520 868 auxilium
3569 829 3774 871 conse-

2074 884 2296 956 quitur.
2330 886 2460 958 Ipsa
2491 905 2721 962 quoque
2757 893 2947 963 gratia
2987 901 3216 968 pastum
3251 900 3308 955 in
3343 903 3538 960 anima
3579 906 3774 973 sumit,

2073 978 2130 1066 et
2159 975 2227 1029 ad
2262 978 2766 1046 profundussimas
2809 999 2994 1055 usque
3037 987 3166 1057 ejus
3213 995 3406 1058 partes
3455 1002 3507 1048 et
3557 995 3778 1066 cogita-

2073 1063 2264 1120 tiones
2309 1067 2556 1136 radices,
2592 1068 2793 1136 mittit,
2832 1087 2966 1128 cum
3019 1073 3080 1130 in
3115 1076 3315 1132 multis
3362 1063 3774 1140 occasionibus

2074 1153 2316 1224 probata
2347 1155 2444 1222 sit,
2477 1161 2534 1214 et
2583 1160 2952 1218 consentiens
2997 1165 3196 1234 gratiis
3227 1171 3284 1221 et
3322 1168 3538 1237 anima,
3589 1172 3776 1229 donec

2070 1243 2193 1297 tota
2221 1244 2420 1300 anima
2471 1245 2745 1318 absorpta
2796 1255 2884 1305 est
2925 1267 2959 1306 a
2989 1253 3208 1309 cmlesti
3248 1258 3453 1326 gratia,
3514 1265 3773 1330 postmo-

2073 1330 2215 1386 dum
2245 1331 2303 1388 in
2337 1333 2462 1404 ipso
2492 1351 2626 1392 vase
2655 1342 2962 1409 regnante.

2141 1421 2244 1478 III.
2276 1423 2436 1488 Quod
2479 1425 2529 1480 si
2559 1442 2691 1483 vero
2741 1429 2874 1498 quis
2908 1447 3020 1484 non
3049 1433 3333 1490 studuerit
3374 1452 3621 1493 summa
3671 1439 3779 1495 hu-

2073 1509 2330 1578 militati,
2379 1513 2626 1570 traditur
2657 1515 2769 1571 iste
2819 1517 3068 1585 Satanas,
3103 1527 3158 1576 et
3215 1523 3546 1581 denudatus
3578 1528 3776 1584 divina

2072 1597 2184 1654 sibi
2215 1599 2420 1656 collata
2449 1605 2655 1673 gratia,
2688 1609 2950 1661 tentatur
2979 1609 3399 1667 afﬂictionibus
3440 1614 3638 1670 multis
3667 1633 3681 1684 ;
3715 1622 3772 1674 et

2071 1690 2197 1742 tum
2253 1690 2664 1747 manifestatur
2705 1694 2832 1764 ejus
2881 1697 3252 1766 existimatio,
3287 1702 3442 1771 quod
3491 1705 3690 1760 nudus
3719 1711 3779 1759 et

2072 1793 2434 1836 aerumnosus
2477 1782 2574 1836 sit.
2612 1783 2786 1840 Debet
2831 1801 2989 1857 ergo,
3022 1786 3120 1858 qui
3153 1789 3411 1860 locuples
3465 1797 3555 1847 est
3583 1794 3777 1865 gratia

2069 1867 2287 1938 divina,
2317 1869 2376 1925 in
2435 1871 2612 1927 multa
2690 1872 3019 1931 humilitate
3067 1882 3124 1932 et
3195 1882 3540 1936 contritione
3587 1883 3776 1940 cordis

2071 1957 2310 2025 versari,
2387 1964 2444 2015 et
2500 1959 2657 2016 velut
2714 1978 3031 2034 pauperem
3105 1983 3171 2021 ac
3240 1967 3384 2024 nihil
3460 1969 3773 2028 habentem

2073 2046 2227 2102 186
2285 2063 2348 2103 se
2413 2047 2611 2119 ipsum
2685 2050 3052 2121 existimare;
3117 2055 3370 2114 alienum
3451 2062 3540 2115 est
3613 2063 3772 2132 quod

2070 2132 2267 2204 habet,
2301 2135 2570 2210 aliusque
2608 2139 2719 2195 sibi
2759 2141 2940 2207 dedit,
3000 2148 3058 2198 et
3109 2146 3343 2214 quando
3383 2147 3528 2212 vult.
3585 2149 3774 2205 aufert

2071 2222 2239 2279 illud.
2273 2225 2515 2291 Quihoc
2559 2237 2720 2297 pacto
2751 2245 2814 2285 se
2862 2230 3056 2301 ipsum
3103 2232 3401 2305 humiliat,
3446 2245 3558 2293 tam
3611 2241 3764 2310 apud

2073 2315 2255 2372 Deum
2314 2334 2489 2390 quam
2548 2319 2835 2390 homines,
2887 2331 3072 2392 potest
3117 2341 3457 2382 conservare
3507 2328 3772 2386 collatam

2069 2405 2185 2460 sibi
2215 2407 2482 2478 gratiam,
2516 2413 2580 2464 ut
2601 2409 2793 2481 inquit
2823 2428 2837 2467 :
2875 2412 2980 2480 Qui
2998 2429 3054 2468 se
3083 2413 3374 2482 humiliat,
3405 2418 3769 2474 excitabitur.

2070 2496 2141 2549 Et
2189 2497 2454 2566 quamvis
2502 2497 2583 2554 sit
2628 2497 2847 2556 electus
2912 2501 3028 2568 Dei,
3088 2505 3242 2574 apud
3297 2521 3361 2560 se
3417 2509 3770 2577 reprobatus

2068 2590 2188 2639 esto
2222 2601 2237 2644 :
2270 2587 2541 2656 quamvis
2573 2586 2649 2642 sit
2700 2589 2909 2657 fidelis,
2941 2590 3098 2646 velut
3127 2593 3431 2663 indignum
3481 2611 3543 2650 se
3574 2594 3766 2665 ipsum

2069 2677 2314 2744 reputet.
2365 2674 2666 2745 Ejusmodi
2732 2679 2890 2734 enim
2952 2680 3161 2735 anima;
3216 2681 3325 2737 Deo
3397 2699 3775 2756 summopere

2068 2761 2317 2832 placent,
2348 2765 2405 2818 et
2453 2763 2820 2821 viviﬁcantur
2866 2783 2968 2840 per
2996 2766 3310 2826 Christum.
3344 2769 3451 2826 Cui
3499 2771 3686 2844 gloria
3716 2775 3774 2830 et

2067 2852 2327 2922 potentia
2353 2852 2412 2907 in
2443 2853 2674 2912 saecula.
2705 2857 2908 2913 Amen.

2663 2960 2972 3018 HOMILIA
3000 2963 3174 3020 XLII.

2066 3048 2185 3124 Non
2243 3054 2500 3124 esterno,
2571 3050 2662 3124 sed
2713 3054 2937 3124 interna
3000 3062 3318 3124 promovent
3389 3065 3490 3112 aut
3555 3056 3775 3114 laedunt

2140 3119 2437 3199 hominem,
2515 3122 2684 3176 veluti
2777 3119 3012 3194 Spiritus
3075 3127 3291 3195 gratiae.
3387 3133 3487 3183 aut
3539 3130 3772 3199 spiritus

1985 3183 2029 3251 C
2138 3190 2413 3262 nequitiae.

2140 3297 2182 3354 Ι.
2203 3298 2706 3363 Quemadmodum
2739 3301 2788 3357 si
2823 3302 2996 3359 fuerit
3025 3303 3162 3360 urbs
3216 3305 3444 3378 ingens,
3477 3323 3663 3379 eaque
3693 3310 3770 3364 sit

2067 3387 2314 3456 deserta,
2343 3389 2528 3446 muris
2559 3390 2825 3448 videlicet
2854 3391 3176 3464 dissolutis,
3208 3399 3377 3466 atque
3397 3396 3468 3451 ab
3502 3396 3768 3454 hostibus

2066 3483 2256 3550 capta,
2314 3477 2477 3534 nulla
2509 3481 2928 3550 magnitudinis
2957 3491 3043 3537 est
3064 3482 3285 3540 utilitas
3316 3501 3330 3542 :
3377 3487 3767 3556 expetendum

2064 3581 2202 3639 ergo
2244 3573 2304 3623 et
2355 3572 2562 3640 praeter
2607 3569 3094 3640 magnitudinem,
3146 3577 3211 3628 ut
3267 3572 3478 3629 habeat
3534 3589 3768 3647 quoque

2066 3669 2264 3711 muros
2303 3655 2529 3722 ﬁrmos,
2564 3672 2636 3712 ne
2669 3657 2860 3714 hostes
2890 3658 3170 3715 invadant
3203 3677 3218 3714 :
3261 3662 3345 3716 sic
3375 3677 3511 3718 sane
3537 3677 3770 3734 quoque

2064 3745 2606 3812 animas,exornatte
2660 3746 2904 3803 scientia
2933 3755 2992 3803 et
3043 3747 3366 3819 intellectu,
3411 3755 3473 3805 et
3533 3750 3765 3824 ingenio

2065 3835 2432 3900 acutissimo,
2455 3834 2616 3890 velut
2646 3852 2869 3908 magna:
2900 3843 3040 3894 sunt
3073 3840 3268 3894 urbes.
3302 3839 3585 3896 Caeterum
3613 3858 3766 3913 quie-

2066 3927 2335 3992 rendum,
2369 3940 2446 3979 an
2477 3925 2716 3980 munitae
2745 3927 2864 3982 sint
2883 3927 3097 3982 virtute
3120 3928 3392 3998 Spiritus,
3426 3945 3499 3984 ne
3529 3930 3765 4001 quando

2065 4014 2264 4071 hostes
2305 4013 2592 4068 irruentes
2674 4013 3013 4070 desolentur
3067 4031 3186 4071 eas.
3245 4016 3548 4087 Sapientes
3605 4018 3762 4074 enim

2065 4103 2244 4173 hujus
2292 4101 2494 4157 mundi
2545 4101 2903 4170 Aristoteles,
2954 4102 3119 4159 Plato
3170 4104 3256 4160 vel
3302 4105 3591 4174 Socrates,
3663 4106 3764 4178 qui

2065 4206 2261 4248 rerum
2293 4189 2559 4245 notitiam
2618 4189 2923 4259 callebant,
2976 4191 3162 4248 instar
3207 4208 3554 4265 magnarum
3603 4198 3769 4251 erant

2064 4281 2293 4336 urbium
2321 4299 2335 4348 ;
2368 4293 2569 4334 verum
2600 4279 2805 4336 vastati
2835 4285 3004 4337 erant
3056 4281 3129 4337 ab
3177 4281 3468 4350 hostibus,
3501 4297 3568 4338 eo
3607 4285 3763 4355 quod

2064 4386 2180 4426 non
2203 4375 2356 4425 esset
2385 4367 2636 4439 Spiritus
2673 4367 2770 4423 Dei
2800 4368 2860 4424 in
2893 4369 3059 4440 ipsis.
3687 4378 3690 4380 ‘

2135 4459 2206 4514 ΙΙ.
2267 4457 2613 4529 Quicunque
2667 4473 2800 4514 vero
2858 4474 2927 4513 ex
2997 4458 3194 4515 idiotis
3251 4459 3565 4531 participes
3633 4463 3768 4516 sunt

237 4553 430 4629 ὥσπερ
487 4549 679 4612 πόλεις
731 4547 920 4625 μικραί
977 4547 1110 4603 είσιν
1169 4545 1538 4621 ὦχυρωμέναι
1594 4549 1663 4620 τῇ
1723 4543 1946 4620 δυνάμει

2109 4547 2276 4613 ratiis,
2336 4545 2491 4602 velut
2549 4545 2724 4601 urbes
2795 4562 2982 4617 parve
3040 4551 3200 4613 sunt,
3256 4547 3492 4603 munitas
3551 4547 3768 4604 virtute

234 4647 340 4700 τοῦ
401 4643 656 4714 σταυροῦ.
705 4638 1064 4694 Ἐκπίπτουσι
1115 4633 1173 4690 δὲ
1218 4642 1319 4704 τῆς
1367 4636 1596 4710 χάριτος
1662 4635 1771 4691 ἀπὸ
1855 4634 1952 4691 δύο

237 4730 612 4808 πραγμάτων,
659 4727 749 4783 καὶ
810 4725 1147 4782 ἀπόλλυνται
1181 4743 1196 4758 ο
1255 4724 1290 4799 ᾗ
1345 4723 1428 4779 ὅτι
1481 4726 1578 4788 τὰς
1634 4723 1952 4800 ἑπιφερομέ.

238 4844 343 4885 νας
401 4818 616 4894 θλίψεις
663 4818 772 4892 οὐχ
821 4816 1184 4888 ὑπομένουσιν
1217 4833 1232 4848 ο
1267 4815 1302 4890 ᾗ
1362 4812 1444 4869 ὅτι
1495 4813 1694 4877 εἰςτὰς
1751 4812 1955 4884 ἡδονὰς

237 4919 349 4983 τῆς
415 4908 682 4986 ἁμαρτίας
741 4904 1111 4978 ἒνηδυνθεῖσαι
1181 4903 1468 4977 ἁπέμειναν
1533 4906 1649 4976 [alii
1735 4902 1955 4975 ἒνηδυν-

243 5005 413 5071 θῆναι
470 4997 782 5072 ὑπέμειναν]
817 5014 831 5030 ο
882 4995 945 5051 οὐ
1003 4993 1255 5050 δύνανται
1313 4993 1419 5070 γὰρ
1484 4994 1536 5048 οἱ
1620 4990 1952 5057 διοδεύοντες

244 5091 374 5146 ἄνευ
433 5091 754 5163 πειρασμῶν
817 5083 1075 5156 διελθεῖν,
1122 5085 1326 5157 ’Ὠσπερ
1383 5078 1441 5137 δὲ
1496 5079 1549 5137 ἒν
1604 5086 1683 5155 τῷ
1746 5086 1955 5155 τοκετῷ

241 5183 279 5251 ἡ
315 5183 602 5255 προσαῖτις
634 5175 725 5232 καὶ
765 5178 800 5245 ἡ
851 5172 1070 5250 βασιλὶς
1115 5174 1212 5235 τὰς
1253 5171 1415 5234 αὐτὰς
1471 5171 1668 5233 ὠδῖνας
1708 5166 1953 5247 ἔχουσιν,

237 5268 462 5343 ὁμοίως
492 5267 579 5321 καὶ
616 5269 651 5336 ἡ
686 5272 754 5339 γῆ
784 5267 881 5320 τοῦ
911 5262 1184 5319 πλουσίου
1211 5261 1303 5316 καὶ
1332 5263 1429 5316 τοῦ
1476 5259 1732 5330 πένητος,
1767 5261 1812 5315 εἱ
1875 5262 1950 5334 μὴ

234 5362 342 5430 τὴν
377 5349 753 5430 δὲουσανλάϐῃ
797 5350 1079 5430 [ἁρδείαν],
1110 5353 1174 5408 οὐ
1216 5349 1436 5407 δύναται
1482 5349 1723 5426 καρποὺς
1769 5350 1951 5419 ἀξίους

237 5450 477 5526 ἐνεγκεῖν
528 5467 544 5484 ⁸
605 5446 749 5504 οὕτω
797 5445 887 5500 καὶ
945 5442 998 5499 ἒν
1052 5446 1121 5517 τῇ
1181 5440 1409 5521 ἐργασίᾳ
1462 5449 1562 5511 τῆς
1631 5443 1818 5517 ψυχῆς
1889 5441 1952 5496 οὗ

239 5537 437 5617 σοφός,
480 5536 544 5593 οὐ
597 5535 865 5598 πλούσιος
913 5531 966 5589 ἒν
1002 5537 1071 5607 τῇ
1111 5532 1297 5608 χάριτι
1344 5528 1638 5607 βασιλεύει,
1679 5529 1727 5584 εἰ
1773 5531 1849 5603 μή
1883 5526 1951 5585 δι’

241 5633 561 5706 ὑπομονῆς,
604 5628 697 5686 καὶ
754 5625 1018 5702 θλίψεων,
1047 5622 1140 5678 καὶ
1191 5620 1451 5697 καμάτων
1493 5619 1753 5677 πολλῶν·
1794 5620 1823 5675 ὁ
1850 5619 1952 5697 γὰρ

569 5731 832 5792 Panos.
878 5727 988 5789 Gn.
1032 5722 1302 5790 XXXIV.

2061 4635 2273 4694 crucis.
2308 4634 2592 4690 Excidunt
2647 4651 2781 4691 vero
2827 4653 2861 4691 a
2899 4636 3088 4708 gratia
3117 4635 3342 4708 duplici
3373 4638 3444 4693 de
3475 4654 3675 4704 causa,
3707 4641 3765 4693 et

2063 4729 2330 4798 pereunt,
2352 4728 2455 4780 aut
2493 4725 2641 4793 quod
2671 4723 2866 4781 illatas
2896 4725 3246 4781 afﬂictiones
3278 4741 3391 4780 non
3415 4725 3766 4795 sustineant,

2064 4817 2166 4869 aut
2195 4811 2350 4884 quod
2394 4810 2794 4884 voluptatibus
2834 4813 3055 4884 peccati
3096 4829 3158 4868 se
3206 4812 3454 4868 deleniri
3486 4813 3768 4883 permiseo

2065 4904 2201 4960 rint.
2252 4904 2376 4960 Non
2452 4903 2609 4960 enim
2666 4909 2916 4975 possunt
2964 4903 3062 4973 qui
3093 4907 3480 4974 transmeant,
3514 4903 3767 4988 absquef

2063 4992 2484 5050 tentationibus
2554 4997 2877 5064 penetrare.
2935 4992 3438 5056 Quemadmodum
3496 5009 3630 5066 ergo
3705 4995 3767 5052 in

2065 5089 2258 5157 partu,
2301 5082 2658 5156 paupercula
2689 5087 2747 5139 et
2786 5083 2986 5155 regina
3014 5085 3252 5139 eosdem
3299 5081 3530 5139 dolores
3579 5083 3764 5138 susti-

2065 5177 2223 5242 nent,
2246 5171 2444 5228 itidem
2501 5187 2732 5244 quoque
2782 5176 2937 5228 terra
2967 5171 3163 5228 divitis
3201 5177 3259 5227 et
3304 5171 3597 5242 pauperis,
3652 5171 3769 5227 nisi

2064 5261 2500 5320 convenientem
2534 5261 2814 5334 acceperit
2856 5261 3125 5331 imbrem,
3158 5277 3272 5317 non
3313 5266 3498 5332 potest
3545 5261 3766 5317 fructus

2064 5352 2271 5424 dignos
2295 5350 2647 5422 producere:
2682 5350 2764 5405 sic
2793 5365 3025 5422 quoque
3057 5349 3114 5405 in
3163 5351 3501 5422 operatione
3531 5349 3762 5416 animae,

2064 5456 2180 5496 non
2204 5437 2459 5510 sapiens,
2493 5455 2607 5495 non
2641 5438 2900 5508 locuples
2931 5437 2990 5493 in
3023 5437 3212 5510 gratia
3242 5453 3491 5510 regnum
3517 5437 3765 5508 obtinet,

2063 5529 2174 5586 nisi
2208 5544 2309 5601 per
2337 5527 2734 5597 tolerantiam,
2780 5527 3126 5584 alﬂictiones
3155 5533 3212 5584 et
3241 5527 3468 5584 labores
3509 5526 3723 5584 multos
3750 5545 3765 5598 ;

2008 5627 2013 5632 '
2063 5617 2540 5677 Christianorum
2575 5617 2732 5675 enim
2771 5618 2891 5674 vita
2919 5617 3201 5690 ejusmodi
3237 5633 3362 5676 esse
3407 5617 3596 5675 debet.
3629 5617 3767 5674 Per-

3361 5719 3439 5788 35
