4116 6210
362 268 477 333 771
1714 272 1778 330 S.
1826 267 1986 333 MAG

2260 270 2537 338 IGYPTII
3765 270 3885 336 77³2

362 402 500 460 inde
522 417 589 459 ac
620 402 934 459 meldulce
975 402 1128 474 quod
1190 406 1300 469 est,
1362 401 1506 458 nihil
1556 402 1800 474 suscipit
1853 418 1986 461 ama

2268 411 2515 464 ιστιανῶν
2552 406 2673 482 βίος
2717 405 2929 484 ὀφείλει
2959 406 3211 467 τοιοῦτος
3241 404 3398 465 εἶναι.
3441 408 3645 481 ’Ὠσπερ
3673 406 3736 460 τὸ
3784 408 3888 479 μὲ-

360 509 466 548 neo
521 493 790 549 venenati
858 493 995 565 quid
1031 492 1329 561 admittit;
1401 493 1485 550 sic
1532 492 1629 549 isti
1699 509 1980 565 quescunq

2283 497 2454 573 γλυκὺ
2505 496 2805 575 τυγχάνον,
2856 494 3012 552 οὐδὲν
3070 493 3381 571 ἔπιδέχεται
3456 500 3565 551 τῶν
3644 501 3884 569 πικρῶν,

359 584 677 649 evenerint,
728 583 847 638 sive
900 582 1067 649 bona,
1120 582 1240 637 sive
1289 581 1460 651 mala,
1508 582 1746 655 benigni
1797 588 1957 649 sunt,

2259 594 2345 644 τῶν
2396 586 2640 645 ἰοϐόλων
2697 583 3069 663 μεταλαϐεῖν·
3130 582 3303 651 οὕτως
3359 586 3513 643 αὐτοὶ
3574 592 3705 641 πᾶσι
3765 592 3884 648 τοῖς

360 673 552 745 inquit
592 672 921 728 Dominus:
968 674 1151 728 Estote
1196 673 1440 744 benigni,
1491 674 1633 728 sicut
1675 675 1845 729 Pater
1890 688 1985 729 ves.

2260 682 2590 757 ;ρχομένοις,
2649 678 2757 734 εἶ’τε
2825 680 3049 755 ἀγαθοῖς
3128 677 3233 734 εἴτε
3301 683 3584 753 πονηροῖς,
3642 677 3885 753 χρηστοὶ

358 764 607 819 cuzlestis.
644 763 793 831 Quod
823 766 970 818 enim
1013 763 1168 818 laedit
1196 768 1250 818 et
1289 762 1547 835 inquinat
1586 764 1880 833 hominem,
1913 766 1983 819 im

2256 770 2555 844 (χάνουσιν,
2613 767 2688 832 ὥς
2747 790 2911 846 φησιν
2988 770 3016 824 ὁ
3076 768 3296 844 Κύριος,
3343 768 3554 823 Γίνεσθε
3615 767 3881 841 χρηστοὶ,

354 860 455 909 est.
490 858 631 910 Nam
660 852 725 909 de
770 853 925 909 corde
973 859 1209 909 exerunt
1263 857 1617 923 cogitationes
1677 854 1849 912 mala:
1878 854 1948 921 ⁸⁸,

2306 859 2335 913 6
2394 860 2581 934 Πατὴρ
2646 859 2800 931 ὑμῶν
2856 859 2884 913 6
2945 857 3246 934 οὐράνιος·
3334 858 3396 913 τὸ
3468 857 3571 932 γὰρ
3639 856 3892 931 βλάπτον

354 944 639 1000 Dominus
684 944 784 1014 ait,
835 944 1111 1015 quoniam
1160 959 1286 1015 quae
1364 944 1679 1016 inquinant
1737 946 1979 1002 homine

2322 953 2537 1023 μιαῖνον
2596 948 2688 1004 τὸν
2750 947 3055 1022 ἄνθρωπον,
3112 944 3321 1003 ἔνδοθέν
3395 946 3539 1002 ἔστιν
3589 965 3603 979 ·
3666 944 3727 999 ἐκ
3784 945 3889 1021 γὰρ

354 1032 584 1091 interna
613 1041 771 1090 sunt.

2262 1061 2269 1101 :
2357 1036 2583 1115 καρδίας
2686 1037 3074 1114 ἐκπορεύονται
3170 1037 3524 1114 διαλογισμοὶ
3627 1038 3887 1107 πονηροὶ,

2168 1128 2349 1191 καθὼς
2382 1129 2409 1183 ὁ
2444 1128 2637 1199 Κύριος
2678 1126 2851 1203 λέγει,
2882 1126 2967 1184 δτι
3015 1129 3081 1183 τά
3128 1132 3410 1184 κοινοῦντα
3459 1127 3553 1181 τὸν
3596 1126 3887 1199 ἄνθρωπον

2170 1212 2382 1273 ἔνδοθὲν
2414 1217 2579 1277 ἐστιν.

425 1310 522 1366 ΙΙΙ.
560 1309 724 1366 Intus
755 1324 888 1381 ergo
919 1318 1005 1365 est
1048 1311 1103 1365 in
1138 1308 1338 1367 anima
1369 1326 1576 1382 repens
1601 1314 1657 1367 et
1689 1309 2050 1383 progrediens

2251 1308 2310 1365 l".
2343 1304 2587 1363 Ἐνδοθεν
2622 1306 2713 1362 οὖν
2756 1306 2897 1362 ἐστιν
2931 1306 2984 1362 ἐν
3014 1310 3083 1382 τῇ
3116 1310 3281 1385 ψυχῷ
3326 1302 3496 1381 ἕρπον
3540 1305 3631 1360 καὶ
3682 1306 3876 1379 προϊὸν

350 1401 592 1471 Spiritus
642 1399 899 1468 malitiae,
962 1398 1242 1456 rationale
1297 1399 1703 1472 impulsivum,
1764 1401 1918 1472 quod
1972 1423 1975 1451 ι

2255 1400 2383 1470 εὖμα
2448 1397 2736 1474 πονηρίας,
2814 1396 3130 1475 λογιστικὸν
3210 1396 3514 1467 κινητικὸν,
3574 1392 3705 1470 ὅπερ
3766 1394 3880 1451 ἐστὶ

347 1488 606 1546 velamen
630 1488 1023 1557 tenebrarum,
1075 1492 1238 1545 vetus
1295 1488 1577 1545 nimirum
1626 1489 1829 1558 homo,
1884 1506 1972 1562 qui

2286 1484 2554 1561 κάλυμμα
2615 1490 2713 1543 τοῦ
2775 1488 3022 1556 σκότους,
3073 1488 3100 1541 6
3150 1485 3387 1547 παλαιὸς
3454 1485 3764 1560 ἄνθρωπος,
3827 1486 3883 1540 δν

349 1581 571 1649 oportet
617 1594 717 1634 eos
767 1578 869 1650 qui
910 1577 977 1633 ad
1042 1577 1351 1635 Dominum
1405 1580 1771 1651 confugiunt,
1822 1592 1974 1635 exue

2319 1578 2445 1639 τοὺς
2501 1582 2579 1649 τῷ
2634 1579 2750 1648 Θεῷ
2814 1576 3255 1656 προσφεύγοντας
3332 1572 3725 1645 ἀποδύσασθαι,
3788 1577 3887 1630 καὶ

348 1671 518 1738 atque
566 1667 807 1723 induere
864 1666 1160 1724 ccelestem
1222 1676 1273 1723 et
1334 1683 1545 1724 novum
1599 1666 1973 1740 hominem;

2256 1665 2477 1720 ύσασθαι
2530 1666 2620 1721 τὸν
2668 1666 2990 1742 ἐπουράνιον
3050 1665 3138 1720 καὶ
3207 1666 3390 1721 καινὸν
3457 1666 3769 1741 ἄνθρωπον,
3821 1664 3880 1727 ὅς

343 1762 432 1810 est
462 1756 749 1812 Christus.
802 1755 957 1811 Nihil
1018 1772 1153 1829 ergo
1185 1774 1405 1825 eorum,
1442 1775 1569 1830 qua:
1620 1764 1856 1814 externa
1886 1776 1968 1815 8111

2249 1778 2275 1810 τι
2306 1757 2557 1831 Χριστός.
2592 1755 2756 1813 Ούδὶν
2790 1756 2880 1812 οὖν
2920 1761 3027 1812 τῶν
3082 1752 3274 1827 ἔξωθεν
3326 1754 3585 1831 βλάπτειν
3648 1752 3874 1811 δύναται

342 1845 547 1902 laedere
578 1851 767 1917 potest
816 1846 1129 1915 hominem,
1165 1847 1273 1904 nisi
1316 1849 1416 1919 qui
1470 1847 1625 1916 vivit,
1658 1854 1953 1920 operatur,

2279 1848 2579 1923 ἄνθρωπον,
2614 1847 2659 1902 εἰ
2706 1848 2780 1919 μή
2838 1847 2901 1902 τὸ
2970 1852 3078 1917 ζῶν
3119 1845 3211 1901 καὶ
3278 1843 3621 1922 ἐνεργητικὸν
3679 1845 3742 1900 τὸ
3799 1844 3878 1899 ἐν·

345 1936 568 1991 habitat
624 1936 681 1991 in
743 1936 911 1993 corde
970 1937 1210 2007 spiritus
1292 1940 1687 1995 tenebrarum.
1757 1940 1967 2005 Quocir

2243 1942 2342 1993 .oBv
2398 1935 2452 1992 ἐν
2500 1940 2568 2011 τῇ
2617 1934 2815 2013 καρδίᾳ
2864 1940 3079 2011 πνεῦμα
3139 1936 3365 1998 σκότους
3397 1943 3412 1966 ⁶
3454 1936 3595 1990 ὥστε
3647 1932 3745 1989 οὖν
3776 1935 3868 1989 τὸν

340 2024 632 2097 unusquis
655 2026 849 2097 quein
881 2026 1336 2097 cogitationibus
1375 2030 1498 2084 suis
1537 2028 1708 2085 debet
1754 2040 1965 2085 certam

2252 2032 2340 2083 ὒνα
2368 2025 2593 2091 ἕκαστος
2640 2026 2693 2082 ἐν
2751 2032 2867 2090 τοῖς
2931 2028 3225 2103 λογισμοῖς
3287 2024 3495 2105 ὀφείλει
3553 2029 3877 2095 κεκτῆσθαι,

338 2115 505 2180 inire,
553 2119 618 2170 ut
660 2112 963 2171 illucescat
1010 2116 1168 2170 cordi
1218 2118 1343 2187 ejus
1398 2117 1686 2173 Christus.
1728 2118 1831 2174 Cui
1862 2118 1956 2191 glo

2284 2116 2573 2192 ἐπιλάμψῃ
2607 2122 2675 2192 τῇ
2725 2116 2919 2191 καρδίᾳ
2948 2117 3119 2171 αὐτοῦ
3180 2118 3208 2171 6
3249 2116 3503 2192 Χριστός.
3536 2118 3604 2194 ᾪ
3652 2117 3686 2184 ἡ
3750 2112 3880 2187 δόξα

346 2202 405 2259 in
428 2203 656 2260 saecula.
689 2208 893 2261 Amen.

2160 2204 2236 2266 sic:
2263 2203 2391 2265 τοὺς
2422 2204 2643 2266 αἰῶνας.
2677 2206 2878 2277 Ἀμήν.

840 2294 936 2350 la
950 2296 989 2349 7
1026 2295 1320 2351 HOMILIA
1355 2296 1553 2354 XLIII.

2806 2295 3055 2350 ΟΜΙΛΙΑ
3101 2294 3225 2350 ΜΤ’.

349 2386 417 2443 De
442 2400 726 2459 progressu
766 2386 873 2442 viri
903 2384 1226 2453 Christiani,
1267 2388 1424 2458 cujus
1487 2393 1601 2444 tota
1640 2390 1719 2445 vis
1777 2404 1847 2447 ex
1892 2407 1974 2449 cor

655 2458 931 2507 denendet-
965 2462 1025 2507 ut
1070 2458 1161 2507 hic
1200 2458 1352 2507 varie
1385 2460 1735 2507 describitur-

2248 2384 2291 2437 si
2393 2390 2495 2451 τῆς
2598 2389 2883 2457 προκοπῆς
2982 2380 3079 2437 τοῦ
3195 2382 3521 2451 Χριστιανοῦ
3644 2377 3873 2454 ἀνδρὸς,

2248 2457 2292 2507 ἴς
2381 2460 2525 2507 πᾶσα
2613 2456 2649 2507 ἢ
2745 2452 2972 2507 δύναμις
3067 2454 3127 2507 ἐκ
3216 2456 3316 2507 τῆς
3400 2450 3630 2507 καρδίας
3723 2453 3870 2506 ἀπο-

655 2458 934 2529 depeudet,
965 2462 1025 2513 ut
1070 2458 1161 2514 hic
1200 2450 1352 2514 uarie
1385 2460 1736 2517 describitur.
2226 2450 2280 2522 ἧς

2244 2450 2292 2522 ξς
2381 2450 2525 2529 πᾶσα
2745 2450 2979 2529 δύναμιςΔ
3067 2454 3127 2509 ἐκ
3216 2450 3316 2518 τῆς
3387 2450 3660 2529 καρδίας-
3723 2450 3869 2529 ἆποέ

2228 2526 2543 2651 κρεμαῖἐνη
2640 2522 2831 2595 Via-civ,
2880 2522 2892 2528 ⁷
2942 2523 3124 2601 ὥσπερ
3244 2522 3518 2588 ποικίλως
3643 2522 3868 2579 ἐνταῦθα

2228 2610 2383 2651 οιαγο
2427 2618 2603 2651 ωεται.

2228 2610 2603 2673 διαγραφεται.

414 2686 455 2746 Ι.
486 2688 990 2755 Quemadmodum
1051 2690 1122 2746 ab
1181 2690 1303 2763 igni
1342 2693 1741 2749 accenduntur
1792 2693 2039 2752 lucerna:

2245 2688 2536 2762 ὶ¹.“Ωσπερ
2565 2685 2669 2742 ἀπὸ
2698 2688 2795 2742 τοῦ
2845 2686 3015 2762 πυρὸς
3075 2678 3341 2743 ἅπτονται
3403 2683 3604 2761 λύχνοι
3662 2684 3870 2741 πολλοὶ

340 2778 535 2835 multis
570 2784 625 2835 et
656 2780 955 2851 lampades
985 2781 1297 2849 ardentes;
1330 2789 1554 2840 cunctae
1584 2799 1715 2840 vero
1746 2782 1965 2857 lampad

2239 2787 2245 2830 ἱ
2298 2774 2581 2850 λαμπάδες
2626 2779 2936 2850 καιόμεναι,
2969 2780 3135 2832 πᾶσαι
3205 2774 3261 2831 δὲ
3310 2777 3364 2831 αἱ
3414 2772 3699 2849 λαμπάδες
3769 2774 3864 2830 καί

338 2866 661 2923 etlucernas
694 2868 767 2923 ab
798 2884 914 2924 una
954 2874 1162 2925 natura
1191 2871 1590 2926 accenduntur
1619 2880 1673 2927 et
1696 2873 1963 2943 splende:

2238 2863 2437 2939 λύχνοι
2471 2866 2575 2920 ἀπὸ
2621 2869 2747 2938 μιᾶς
2793 2864 3004 2944 φύσεως
3047 2865 3367 2919 ἀνάπτονται
3416 2864 3505 2918 καὶ
3556 2860 3862 2942 σαίνουσιν·

338 2956 422 3013 sic
455 2974 687 3030 quoque
734 2958 1050 3015 Christiani
1101 2960 1172 3015 ab
1223 2977 1340 3016 una
1388 2965 1595 3017 natura
1644 2962 1963 3019 accendunt

2238 2977 2327 3018 τως
2373 2955 2464 3011 καὶ
2514 2956 2564 3010 οἱ
2613 2958 2929 3030 Χριστιανοί
2992 2955 3097 3012 ἀπὸ
3150 2960 3275 3029 μιᾶς
3323 2956 3535 3033 φύσεως
3582 2955 3863 3009 ἀνάπτον-

335 3052 393 3103 et
420 3046 636 3116 lucent,
671 3048 823 3119 ignis
879 3049 1161 3105 nimirum
1211 3048 1413 3117 divini,
1459 3049 1588 3106 Filii
1632 3050 1780 3107 Dei:
1827 3057 1884 3108 et
1931 3053 1960 3108 b

2246 3091 2263 3116 ,
2292 3045 2382 3101 καὶ
2424 3043 2691 3124 φαίνουσι,
2735 3048 2831 3100 τοῦ
2873 3046 3045 3120 πυρὸς
3110 3049 3206 3100 τοῦ
3250 3044 3421 3113 θείου,
3461 3048 3556 3099 τοῦ
3604 3045 3734 3099 Υἱοῦ
3766 3048 3863 3099 τοῦ

331 3135 475 3192 bent
504 3138 806 3211 lampades
834 3140 1104 3195 ardentes
1146 3138 1206 3193 in
1238 3140 1516 3195 cordibus
1549 3141 1702 3210 suis,
1732 3140 1956 3213 lucentq

2242 3139 2310 3206 >ὖ,
2364 3135 2453 3189 καὶ
2520 3130 2710 3213 ἔχουσι
2775 3134 2869 3197 τὰς
2923 3129 3213 3205 λαμπάδας
3271 3136 3564 3207 καιομένας
3640 3133 3715 3194 εἷς
3767 3134 3867 3197 τὰς

331 3226 390 3281 in
446 3237 762 3301 conspectu
817 3230 960 3299 ejus,
1022 3228 1109 3284 vel
1166 3228 1355 3285 adhuc
1404 3230 1461 3284 in
1511 3234 1667 3287 terra
1740 3233 1956 3300 degenti

2233 3222 2378 3286 »δίας
2445 3225 2644 3293 αὐτῶν,
2715 3223 2807 3278 καὶ
2867 3224 3117 3301 φαίνουσι
3167 3224 3502 3278 κατενώπιον
3581 3222 3749 3277 αὐτοῦ
3806 3221 3858 3275 ἐν

332 3316 487 3371 sicut
541 3326 596 3373 et
645 3318 790 3388 ipse.
850 3316 1047 3387 Inquit
1104 3317 1308 3374 enim:
1379 3324 1671 3390 Propterea
1739 3324 1904 3376 unxit

2277 3311 2445 3383 ὅντες,
2502 3311 2684 3375 καθὼς
2741 3312 2832 3367 καὶ
2873 3311 3055 3374 αὐτός.
3118 3310 3273 3389 Λέγει
3330 3312 3451 3387 γὰρ,
3524 3311 3623 3367 Διά
3697 3315 3861 3366 τοῦτο

328 3404 492 3471 Deus,
546 3407 683 3462 Deus
740 3411 865 3461 tuus
921 3407 1036 3463 oleo
1094 3407 1375 3464 laetitiae“.
1422 3408 1641 3465 Idcirco
1702 3412 1953 3483 appellat

2250 3405 2327 3458 ισέ
2384 3424 2440 3456 σε
2519 3401 2546 3456 ὁ
2623 3400 2755 3465 Θεός
2832 3422 2925 3457 σου
3014 3398 3197 3456 ἔλαιον
3290 3399 3701 3477 ἀγαλλιάσεως.
3763 3402 3864 3455 Διά

330 3499 418 3551 est
448 3496 738 3563 Christus,
764 3503 827 3552 ut
874 3513 941 3553 eo
993 3496 1120 3569 ipso
1152 3497 1301 3566 oleo,
1344 3515 1459 3570 quo
1518 3500 1642 3570 ipse
1671 3506 1760 3557 est
1803 3507 1955 3557 uncti

2230 3514 2297 3548 ιτο
2354 3491 2584 3568 Χριστὸς
2653 3488 2956 3562 ἐπεκλήθη,
3011 3487 3104 3545 ἵνα
3178 3495 3254 3562 τῷ
3330 3490 3477 3563 αὐτῷ
3554 3489 3748 3563 ἐλαίῳ,
3808 3489 3855 3562 ᾧ

327 3600 434 3640 nos
462 3600 692 3656 quoque
750 3587 903 3641 uncti
943 3588 1155 3643 ﬁamus
1194 3586 1432 3653 Christi,
1493 3589 1780 3660 ejusdem,
1823 3596 1888 3647 ut
1950 3609 1952 3647 :

2228 3583 2300 3645 ;ὸς
2358 3580 2612 3657 ἒχρίσθη,
2660 3578 2751 3636 καί
2816 3584 2983 3653 ἡμεῖς
3039 3579 3349 3661 χρισθέντες
3386 3580 3671 3657 γενώμεθα
3721 3588 3853 3656 Χριο

327 3674 535 3745 dicam,
583 3675 952 3743 substantia,
1007 3680 1065 3731 et
1113 3679 1291 3734 unius
1341 3680 1624 3751 corporis.
1661 3679 1854 3752 Inquit
1901 3698 1952 3737 rt

2220 3672 2276 3741 ιὶ,
2305 3678 2405 3741 τῆς
2447 3671 2633 3740 αὐτῆς,
2669 3670 2743 3733 ὡς
2799 3669 2992 3738 εἰπεῖν,
3034 3669 3215 3732 οὐσίας
3247 3669 3335 3724 καί
3391 3670 3503 3731 ἐνὸς
3563 3670 3845 3744 σώματος.

325 3781 455 3821 sum
493 3780 507 3821 :
561 3766 667 3835 Qui
703 3765 1042 3837 sanctiﬁcat,
1074 3775 1125 3825 et
1174 3767 1272 3839 qui
1317 3769 1736 3839 sanctiﬁcantur
1791 3787 1867 3828 ea:
1921 3789 1950 3828 ιι

2222 3784 2293 3838 γει
2333 3761 2522 3831 πάλιν,
2562 3762 2627 3816 "0
2673 3781 2732 3816 τε
2791 3758 3047 3836 ἁγιάζων,
3106 3762 3195 3815 καὶ
3264 3760 3316 3815 οἱ
3386 3760 3748 3837 ἁγιαζόμενοι
3794 3759 3847 3833 ἐξ

323 3854 578 3911 omnes“.

2136 3852 2249 3917 ἑνὸς
2277 3852 2487 3918 πάντες.

392 4036 461 4093 ΙΙ.
498 4035 728 4093 Similes
775 4036 954 4108 igitur
989 4041 1129 4093 sunt
1157 4038 1473 4095 Christiani
1505 4055 1573 4095 ex
1632 4042 1827 4116 aliqua
1857 4048 2017 4113 parte

2215 4039 2280 4091 B‘.
2348 4034 2624 4087 Ἐοικασιν
2689 4028 2781 4086 οὖν
2853 4028 2905 4085 οἱ
2964 4029 3273 4106 Χριστιανοῖ
3361 4028 3414 4084 ἐν
3511 4029 3584 4084 ἑνὶ
3684 4032 3840 4106 μέρει

322 4123 581 4181 lucernis
612 4125 964 4181 habentibus
1020 4125 1214 4182 oleum
1257 4126 1317 4182 in
1376 4143 1460 4195 se,
1503 4128 1611 4185 hoc
1670 4115 1759 4187 est
1801 4132 1947 4188 fruct

2223 4123 2385 4200 (νίαις
2442 4122 2698 4197 ἐχούσαις
2748 4122 2809 4177 τὸ
2856 4115 3037 4177 ἔλαιον
3088 4122 3137 4178 ἐν
3189 4120 3401 4193 αὐταῖς,
3432 4123 3675 4177 τούτεστι
3717 4121 3848 4184 τοὺς

317 4212 577 4281 iustitiae,
610 4218 666 4269 et
696 4212 806 4268 nisi
839 4214 1189 4271 accendatur
1236 4215 1477 4273 lucerna
1506 4218 1565 4273 in
1588 4219 1673 4274 eis
1696 4236 1729 4275 a
1789 4219 1942 4276 luoer

2223 4214 2370 4276 ιποὺς
2420 4220 2519 4283 τῆς
2572 4210 2942 4282 δικαιοσύνης.
2996 4212 3116 4268 Ἐὰν
3179 4209 3235 4266 δὲ
3302 4213 3377 4285 μὴ
3432 4212 3576 4287 ἁφθῇ
3636 4210 3848 4287 λύχνος

318 4300 537 4369 divina,
569 4301 714 4355 nihil
766 4306 923 4357 sunt.
977 4304 1253 4360 Dominus
1301 4310 1425 4361 erat
1469 4304 1708 4364 lucerna
1785 4311 1943 4365 ardet

2223 4309 2318 4359 τοῦ
2368 4300 2578 4381 λύχνου
2629 4309 2730 4371 τῆς
2778 4302 3033 4373 θεότητος
3083 4298 3135 4356 ἐν
3183 4302 3392 4371 αὐτοῖς,
3445 4298 3598 4356 οὐδέν
3656 4301 3790 4355 εἰσιν
3833 4321 3848 4337 ’

317 4395 550 4460 propter
602 4388 879 4459 Spiritum
911 4391 1233 4449 divinitatis
1280 4397 1615 4451 manentem
1658 4396 1942 4455 substantl

2224 4394 2387 4469 ζύριος
2418 4394 2484 4463 ἦν
2514 4394 2541 4447 ὁ
2583 4390 2791 4465 λύχνος
2818 4393 2845 4446 ὁ
2891 4392 3203 4465 καιόμενος,
3237 4388 3326 4445 διὰ
3371 4393 3433 4446 τὸ
3477 4395 3701 4463 Πνεῦμα
3738 4394 3849 4456 τῆς

314 4476 449 4533 liter
478 4477 703 4546 inipso,
735 4482 793 4533 et
822 4479 1230 4538 ascendentem
1286 4483 1414 4553 ejus
1467 4500 1567 4540 cor
1612 4502 1716 4557 pro
1760 4485 1939 4543 huma

2228 4503 2395 4554 τητος
2450 4482 2513 4536 τὸ
2567 4482 2728 4555 μὲνον
2787 4479 3074 4543 οὐσιωδῶς
3132 4480 3182 4537 ἐν
3230 4478 3401 4553 αὐτῷ,
3463 4480 3553 4536 καὶ
3623 4480 3847 4536 ἐκκαῖον

580 4533 594 4546 ι
690 4533 701 4541 -
829 4533 850 4534 κν
934 4533 1230 4538 ίηην---η-
1291 4533 1413 4553 νιν--
1471 4533 1557 4540 -ν-
1655 4533 1713 4542 -ν
1760 4533 1939 4543 ··-··’⁶“··

314 4577 545 4624 natura.
581 4566 825 4623 Perinde
854 4584 987 4625 vero
1020 4586 1085 4625 ac
1127 4570 1176 4628 si
1208 4571 1281 4628 sit
1324 4533 1687 4647 marsupiurm
1721 4576 1939 4647 putidu:

2239 4533 2394 4554 ’⁷1⁷⁷⁷
2465 4533 2508 4536 "
2567 4533 2717 4555 r"'"
2795 4533 3072 4543 "““""
3136 4533 3174 4537 -τ
3236 4533 3401 4553 ""Tr
3629 4533 3838 4536 ""“""

2221 4577 2294 4628 :oii
2350 4574 2447 4642 τὴν
2507 4569 2731 4645 καρδίαν
2790 4573 2927 4627 κατὰ
2972 4573 3035 4626 τὸ
3092 4570 3690 4645 ἀνθρώπινον.Ὣσπερ
3740 4572 3846 4646 γὰρ

314 4656 553 4727 plenum
613 4658 978 4730 margaritis:
1038 4662 1121 4717 sic
1168 4680 1394 4734 quoque
1433 4664 1770 4735 Christiani,
1826 4684 1939 4738 quo

2238 4662 2274 4736 ᾖ
2335 4660 2624 4738 βαλάντιον
2686 4666 2890 4734 σαπρὸν
2950 4658 3391 4735 πεπληρωμένον
3460 4666 3847 4736 μαργαριτῶν,

312 4754 613 4805 externum
650 4749 964 4819 hominem,
1003 4752 1257 4810 humiles
1310 4754 1523 4810 debent
1586 4771 1735 4825 esse,
1788 4762 1845 4812 et
1890 4759 1937 4813 vi

2221 4774 2271 4806 κω
2329 4752 2418 4805 καὶ
2477 4752 2526 4805 οἱ
2578 4750 2891 4826 Χριστιανοὶ
2935 4755 3014 4823 τῷ
3054 4746 3244 4823 ἔξωθεν
3293 4750 3566 4824 ἀνθρώπῳ
3594 4753 3846 4805 ταπεινοὶ

312 4839 684 4907 conditionis,
738 4840 896 4896 intus
946 4857 1079 4898 vero
1128 4842 1184 4897 in
1240 4842 1501 4899 interiori
1559 4844 1799 4901 homine
1871 4847 1937 4903 ob

2219 4841 2441 4903 ιίλοντες
2494 4841 2631 4895 εἶναι
2691 4838 2781 4894 καῖ
2831 4837 3315 4917 εὐκαταφρόνητοι,
3347 4835 3559 4894 ἔνδοθεν
3611 4839 3690 4903 εἰς
3746 4842 3844 4895 τὸν

311 4932 451 4982 nent
509 4928 821 4998 pretiosam
869 4930 1271 5002 margaritam.
1344 4932 1620 4990 Nonnulli
1680 4949 1816 4991 vero
1879 4953 1936 4993 su

2218 4954 2233 4987 ι
2290 4928 2574 5005 ἄνθρωπον
2651 4927 2841 5006 ἔχουσι
2926 4929 3017 4983 τὸν
3094 4928 3404 5003 πολύτιμον
3478 4930 3843 5006 μαργαρίτην.

310 5018 598 5090 sepulcris
655 5018 938 5077 dealbatis
994 5022 1237 5093 similes,
1268 5026 1523 5081 exterius
1610 5026 1847 5097 quidem
1913 5029 1935 5083 (ὲ

2224 5041 2343 5096 ηεροι
2385 5019 2443 5076 δὲ
2491 5021 2591 5075 εἰσι
2639 5020 2831 5097 τάφοις
2899 5017 3303 5093 κεκονιαμένοις
3367 5018 3629 5088 ἐοικότες,
3703 5016 3849 5090 ἔξω-

310 5108 447 5178 picti
488 5116 540 5164 et
570 5107 736 5164 valde
780 5109 1144 5181 splendidi”,
1186 5111 1350 5167 intus
1406 5129 1535 5169 vero
1588 5113 1745 5186 pleni
1794 5116 1935 5172 ossit

2269 5112 2362 5184 μὲν
2423 5108 2873 5187 ἐζωγραφημένοι
2926 5107 3017 5164 καὶ
3087 5104 3464 5185 περικαλλεῖς,
3524 5106 3723 5164 ἔσωθεν
3786 5106 3845 5165 δὲ

311 5204 699 5263 mortuorum,
757 5199 955 5255 fetoris
1015 5201 1184 5256 multi
1252 5206 1308 5257 et
1359 5202 1678 5273 spirituum
1756 5205 1936 5263 immu

2217 5221 2386 5263 ιοντες
2440 5201 2641 5255 ὀστέων
2699 5204 2924 5276 νεκρῶν,
2976 5200 3066 5255 καὶ
3128 5195 3395 5260 δυσωδίας
3446 5196 3696 5269 πολλῆς,
3746 5202 3842 5255 καὶ

311 5288 793 5357 dorum;mortui
845 5296 985 5345 sunt
1014 5309 1047 5345 a
1095 5292 1253 5347 Deo:
1316 5296 1488 5363 atque
1546 5295 1705 5350 omni
1764 5298 1936 5370 turpit

2216 5293 2441 5366 ,υμάτων
2491 5289 2831 5365 ἀκαθάρτων.
2898 5288 3097 5365 Νεκροί
3153 5288 3282 5344 εἶσιν
3344 5286 3450 5344 ἀπὸ
3524 5292 3687 5358 Θεοῦ,
3744 5290 3841 5344 καὶ

311 5374 465 5445 dine,
491 5378 760 5436 sordibus
790 5383 846 5436 et
875 5380 1134 5437 tenebris
1156 5381 1466 5439 adversarii
1487 5384 1698 5441 induti.

2215 5403 2295 5437 ταν
2357 5379 2622 5455 αἶ’σχύνην
2682 5380 2773 5434 καὶ
2842 5379 3132 5455 ῥυπαρίαν,
3187 5377 3277 5433 καὶ
3334 5378 3396 5433 τὸ
3468 5378 3664 5441 σκότος
3738 5383 3840 5435 τοῦ

2126 5471 2496 5547 ἀντικειμένου
2554 5468 2923 5544 ἑνδεδυμένοι.

387 5645 433 5681 ⁶⁴
463 5645 600 5703 Luc.
634 5661 710 5716 v1,
741 5647 852 5717 36;
882 5646 1089 5717 Matth,
1123 5666 1217 5718 xv,
1251 5650 1335 5708 11.
1412 5651 1459 5688 ⁸⁵
1486 5652 1637 5711 Psal.
1670 5669 1793 5725 xcv,
1822 5655 1856 5709 8
1927 5655 1971 5692 “
2000 5655 2012 5712 l

1422 5651 1459 5688 ιδ
1486 5652 1637 5711 Psal.
1670 5669 1793 5725 ην,
1822 5655 1856 5709 8
1927 5655 1971 5692 ⁸⁸
2000 5654 2172 5713 Hebr.
2205 5670 2267 5711 ιι.
2302 5654 2360 5711 2.
2438 5651 2485 5688 ⁸⁷
2522 5651 2731 5712 Matth.
2766 5668 2927 5722 nm,
2956 5652 3047 5709 27.
