4116 6210
275 338 350 406 77
357 349 394 408 3

1536 351 1912 416 ΗΟΜΙῙᾹᾹΞΞ.
1963 380 2038 396 -ι
2081 353 2274 415 ΗΟΜ.
2321 356 2536 418 XLIII.

3677 367 3795 432 774

343 484 416 539 1".
450 482 513 540 Ὀ
573 481 912 545 Ἀπόστολος
970 482 1138 574 λέγει,
1197 486 1280 542 ὅτι
1342 490 1406 545 Ὁ
1457 489 1682 558 νήπιος,
1729 482 1832 548 ἓως
1891 486 1946 541 6'1

2167 489 2270 544 III.
2339 492 2652 562 Apostolus
2705 493 2786 550 ait
2843 495 3030 567 :Puer,
3087 499 3333 570 quandiu
3379 503 3639 570 paruulus
3693 513 3790 574 est,

272 571 476 648 μικρός
572 573 737 646 ἐστιν,
845 573 949 630 ὑπὸ
1047 573 1374 651 ἐπιτρόπους
1460 578 1551 632 καὶ
1657 575 1981 648 οἰκονόμους

265 670 379 720 τῶν
435 670 691 736 πονηρῶν
757 665 1078 740 πνευμάτων
1142 665 1310 739 ἐστιν,
1365 663 1520 724 ἅτινα
1575 666 1855 740 πνεύματα
1916 665 1980 720 οὗ

263 754 488 810 θὲλουσι
532 755 622 810 τὸν
667 757 862 827 νήπιον
914 757 1138 828 αὐξῆσαι
1174 775 1190 793 ο
1230 756 1319 813 τίνα
1365 761 1440 834 μή
1500 756 1786 832 γενόμενος
1846 755 1980 828 ἀνὴρ

261 843 502 914 τέλειος,
561 841 785 920 ἄρξηται
836 847 1115 917 ξπιζητεῖν
1177 848 1245 903 τὰ
1301 851 1436 903 κατὰ
1503 848 1596 902 τὸν
1658 849 1832 915 οἷκον,
1891 843 1980 899 καὶ

263 933 500 990 ἐκδικεῖν
581 938 681 1006 τὴν
766 938 1090 1012 κυριότητα.
1165 939 1226 996 Ὁ
1327 937 1647 1015 Χριστιανὸς
1747 937 1980 992 πάντοτε

264 1024 476 1104 ὀφείλει
508 1027 608 1095 τὴν
660 1029 884 1102 μνήμην
933 1034 1032 1084 τοῦ
1063 1033 1198 1084 Θεοῦ
1247 1024 1392 1105 ἔχειν
1422 1047 1436 1062 ⁶
1485 1029 1788 1105 γέγραπται
1851 1027 1973 1103 γὰρ.

261 1115 598 1188 Ἀγαπήσεις
685 1116 881 1190 Κύριον
951 1119 1042 1174 τὸν
1115 1119 1244 1174 Θεόν
1324 1139 1420 1175 σου
1495 1120 1546 1190 ἐξ
1648 1118 1787 1189 ὅλης
1876 1122 1974 1186 τῆς

263 1203 493 1277 καρδίας
555 1225 675 1276 σου,
731 1204 827 1261 ’ἕνα
897 1209 972 1281 μή
1039 1207 1228 1282 μόνον,
1287 1209 1376 1264 ὅτε
1433 1207 1733 1283 εἰσέρχεται
1793 1206 1870 1270 εἷς
1913 1206 1974 1260 τὸ

265 1295 584 1368 εύκτήριον,
638 1296 824 1372 ἀγαπᾷ
871 1299 964 1353 τὸν
1019 1297 1238 1372 Κύριον,
1297 1297 1444 1355 ἀλλᾶ
1499 1299 1589 1354 καὶ
1643 1301 1975 1372 περιπατῶν,

260 1385 355 1440 καὶ
416 1383 656 1458 ὁμιλῶν,
709 1387 802 1442 καὶ
859 1387 1050 1443 ἐσθίων
1107 1387 1217 1465 ἔχῃ
1270 1391 1369 1458 τὴν
1416 1392 1641 1462 μνήμην
1689 1393 1786 1444 τοῦ
1817 1387 1974 1458 Θεοῦ,

261 1475 354 1528 καὶ
402 1476 502 1545 τὴν
547 1475 786 1550 ἀγάπην,
836 1477 925 1532 καὶ
971 1479 1070 1547 τὴν
1124 1481 1386 1556 στοργήν.
1439 1479 1599 1555 Λέγει
1635 1478 1759 1555 γὰρ,
1800 1481 1972 1533 Ὅπου

261 1564 290 1618 6
351 1569 480 1628 νοῦς
529 1587 647 1635 σου,
706 1563 818 1622 ἐκεῖ
870 1568 962 1622 καὶ
1022 1567 1049 1622 6
1107 1569 1381 1645 θησαυρός
1440 1587 1556 1626 σου.
1625 1569 1716 1629 Εἰς
1787 1569 1816 1622 ’ὀ
1871 1566 1971 1643 γὰρ

256 1658 491 1729 πρᾶγμα
521 1657 555 1726 ἡ
606 1653 802 1730 καρδία
845 1659 992 1720 τινὸς
1026 1655 1259 1725 δέδεται,
1290 1659 1382 1714 καὶ
1430 1659 1568 1714 ὅπου
1619 1661 1653 1727 ἡ
1712 1656 1972 1730 ἐπιθυμία

252 1742 409 1799 ελκει
459 1744 641 1815 αὐτὸν,
673 1745 842 1802 ἐκεῖνό
873 1745 1014 1802 ἐστιν
1065 1748 1231 1803 αὐτοῦ
1275 1749 1303 1803 6
1363 1749 1506 1811 θεός.
1556 1747 1679 1802 Ἐὰν
1728 1746 1968 1820 ἐπιθυμῇ

255 1835 292 1903 ἠ
354 1830 551 1908 καρδία
607 1833 840 1892 πάντοτε
883 1839 982 1892 τοῦ
1040 1841 1196 1905 θεοῦ,
1244 1837 1408 1900 αὐτός
1477 1836 1588 1892 ἐστι
1629 1837 1826 1910 Κύριος
1867 1842 1968 1905 τῆς
2000 1857 2047 1923 Β

250 1922 480 1996 καρδίας
547 1923 758 1980 αὐτοῦ·
828 1925 856 1980 6
914 1923 972 1980 δὲ
1020 1925 1423 1999 ἂιποταξάμενός
1497 1945 1602 1996 τις,
1669 1925 1966 2001 γενόμενος

251 2011 539 2085 ἀκτήμων,
597 2014 688 2069 καί
756 2009 979 2084 ἄπολις,
1013 2016 1102 2070 καὶ
1161 2017 1460 2086 νηστεύων,
1511 2016 1670 2078 οὗτος
1741 2015 1816 2078 εἰς
1869 2017 1962 2071 τὸν

251 2101 448 2156 ἑαυτοῦ
506 2099 789 2175 ἄνθρωπον
849 2105 1032 2178 ἀκμήν
1093 2103 1322 2175 δέδεται,
1475 2105 1552 2170 εἷς
1604 2105 1672 2160 τὰ
1725 2111 1966 2179 κοσμικᾶ

251 2192 570 2267 πράγματα,
601 2195 638 2268 ᾖ
670 2194 747 2257 εἰς
797 2195 990 2265 οἰκίαν,
1032 2197 1068 2270 ᾗ
1115 2196 1192 2259 είς
1253 2194 1484 2274 φίλτρον
1537 2197 1762 2272 γονέων,
1823 2197 1961 2252 ὅπου

252 2277 406 2352 ἐδέθη
469 2281 638 2337 αὐτοῦ
704 2283 738 2352 ἠ
799 2280 1017 2357 καρδία,
1075 2285 1165 2339 καὶ
1223 2285 1250 2339 6
1325 2289 1454 2348 νοῦς
1523 2283 1958 2359 ᾐχμαλωτίσθη,

249 2366 430 2425 ἐκεῖνο
479 2369 644 2426 αὐτοῦ
695 2371 805 2427 ἐστι
859 2371 978 2435 θεός
1028 2385 1045 2407 ⁸
1097 2375 1188 2428 καὶ
1221 2373 1546 2450 εὑρίσκεται,
1596 2372 1686 2429 διὰ
1737 2375 1830 2448 μὲν
1858 2381 1958 2446 τῆς

250 2456 514 2522 πλατείας
563 2461 726 2534 θύρας
775 2459 1003 2531 ἐξελθὼν
1054 2467 1155 2516 τοῦ
1189 2464 1422 2536 κόσμου,
1469 2461 1557 2518 διὰ
1605 2461 1661 2518 δὶ
1706 2470 1806 2533 τῆς
1853 2485 1960 2521 πα-

249 2548 489 2624 ραθύρου
553 2547 811 2604 εἰσελθὼν
896 2551 988 2604 καὶ
1063 2549 1309 2623 ἐμπεσὼν
1388 2549 1464 2614 εἷς
1549 2552 1640 2607 τὸν
1727 2553 1954 2626 κόσμον.

245 2635 454 2708 Ὥσπερ
513 2633 580 2689 τὰ
632 2634 869 2712 φρύγανα
927 2633 1358 2713 ἐπιῤῥιπτόμενα
1419 2636 1496 2700 είς
1565 2642 1628 2692 τὸ
1704 2641 1833 2711 πῦρ,
1893 2637 1954 2692 οὒ

247 2721 503 2779 δύνανται
560 2723 877 2795 ἀντιστῆναι
923 2730 992 2799 τῇ
1053 2725 1277 2799 δυνάμει
1326 2730 1422 2781 τοῦ
1460 2728 1648 2801 πυρὸς,
1685 2725 1812 2781 ἀλλ’
1869 2727 1954 2781 εύ-

246 2815 386 2878 θέως
440 2815 823 2870 κατακαίονται
874 2832 889 2849 ⁸
941 2814 1114 2879 οὕτως
1151 2819 1240 2872 καὶ
1281 2817 1334 2872 οἱ
1393 2815 1643 2890 δαίμονες
1703 2816 1953 2880 θέλοντες

244 2903 512 2977 πολεμεῖν
580 2904 854 2980 ἀνθρώπῳ
925 2906 1239 2980 Πνεύματος
1313 2907 1630 2981 ἠξιωμὲνῳ,
1713 2905 1952 2962 καίονται

240 2994 333 3050 καὶ
392 2995 878 3052 καταναλίσκονται
928 2997 1032 3052 ὑπὸ
1107 3005 1209 3068 τῆς
1283 2999 1430 3060 θείας
1516 2995 1799 3070 δυνάμεως
1856 3001 1953 3052 τοῦ

241 3086 438 3159 πυρὸς,
475 3086 642 3158 μόνον
703 3083 794 3141 ἵνα
852 3088 880 3141 6
939 3086 1225 3162 ἄνθρωπος
1283 3087 1514 3142 πάντοτε
1587 3085 1952 3160 προσκολλώ-

245 3177 472 3252 μενοςῇ
518 3182 596 3250 τῷ
646 3178 850 3253 Κυρίῳ,
879 3179 969 3232 καὶ
1025 3181 1124 3249 τῆν
1182 3178 1510 3250 πεποίθησιν
1569 3179 1659 3233 καὶ
1706 3180 1803 3248 τὴν
1859 3178 1954 3234 ἐλ-

240 3264 374 3321 πίδα
430 3267 566 3340 πρὸς
619 3266 780 3323 αὐτὸν
861 3263 1027 3342 ἔχων.
1087 3269 1194 3325 Καὶ
1259 3268 1346 3323 ἐὰν
1403 3268 1534 3323 ὦσιν
1589 3269 1641 3323 o't
1701 3265 1953 3342 δαίμονες

244 3355 468 3432 ἰσχυροὶ
539 3356 613 3417 ὡς
672 3353 772 3431 ὄρη
846 3356 1067 3432 ἰσχυρὰ,
1113 3358 1215 3413 ὑπό
1283 3364 1382 3428 τῆς
1450 3357 1620 3433 εὐχῆς
1685 3358 1955 3425 καίονται,

239 3446 482 3520 καθάπερ
531 3446 558 3499 6
607 3445 777 3518 κηρὸς
833 3447 936 3501 ὑπὸ
984 3445 1169 3521 κυρός.
1228 3443 1405 3522 Μέγας
1453 3444 1510 3502 δὲ
1562 3447 1613 3502 ἐν
1644 3453 1723 3519 τῷ
1757 3449 1951 3521 μεταξὺ

238 3539 417 3590 κεῖται
449 3533 591 3611 ἀγὼν
626 3536 715 3590 καὶ
771 3535 1019 3610 πόλεμος
1063 3539 1134 3610 τῇ
1183 3539 1339 3611 ψυχῇ
1386 3538 1521 3611 πρὸς
1574 3538 1795 3601 αὐτοὺς.
1839 3546 1952 3594 Πο-

235 3624 406 3697 ταμοί
443 3623 546 3679 είσι
607 3623 916 3698 δρακόντων
989 3625 1120 3696 ἐκεῖ,
1168 3627 1258 3681 καὶ
1335 3628 1577 3699 στόματα
1661 3627 1894 3684 λεόντων
1932 3647 1947 3662 ·

236 3715 342 3784 πῦρ
423 3711 538 3766 ἐστι
626 3712 966 3790 φλεγόμενον
1034 3714 1111 3774 είς
1175 3716 1274 3783 τήν
1358 3717 1564 3788 ψυχήν.
1634 3722 1834 3790 Ὥσπερ
1919 3719 1946 3772 6

232 3799 449 3862 τίλειος
504 3803 801 3863 κακοποιὸς
845 3801 1054 3876 μεθύων
1117 3802 1192 3864 εἷς
1239 3802 1303 3857 τὸ
1346 3807 1558 3874 πνεῦμα
1601 3810 1703 3872 τῆς
1734 3803 1947 3876 πλάνης

233 3890 266 3962 ᾗ
301 3889 564 3968 φονεύων,
597 3891 633 3965 ᾗ
680 3890 980 3968 μοιχεύων,
1012 3891 1302 3967 ἀκόρεστός
1333 3891 1474 3947 ἐστιν
1505 3892 1580 3954 είς
1628 3892 1691 3947 τὸ
1745 3896 1944 3949 κακόν-

228 3978 403 4042 οῦτως
451 3979 544 4034 καὶ
597 3982 648 4036 οἱ
702 3981 1017 4055 Χριστιανοὶ
1068 3977 1493 4056 βεϐαπτισμένοι
1525 3982 1600 4045 είς
1631 3981 1693 4036 τὸ
1726 3987 1944 4057 Πνεῦμα

220 4070 283 4124 τὸ
337 4073 518 4147 ἅγιον,
585 4070 802 4146 ἄπειροι
853 4091 1096 4146 γινονται
1145 4076 1242 4128 τοῦ
1281 4065 1470 4130 κακοῦ.
1505 4073 1571 4130 Οἱ
1621 4069 1679 4127 δὲ
1721 4068 1942 4149 ἔχοντες

222 4160 414 4234 χάριν,
469 4160 561 4214 κσὶ
619 4156 696 4216 ἔτι
759 4161 1089 4238 μεμιγμένοι
1144 4167 1212 4236 τῇ
1290 4163 1552 4237 ἁμαρτίᾳ,
1609 4163 1762 4216 οὗτοι
1839 4163 1942 4217 ὑπὸ

223 4243 396 4323 φόϐον
430 4247 556 4316 είσῖ,
589 4248 678 4303 καὶ
713 4247 805 4304 δια
836 4245 1069 4328 φοϐερὸν
1097 4251 1265 4305 τόπον
1295 4247 1563 4308 ὁδεύουσι.

295 4340 366 4395 Δ’.
426 4339 674 4415 Καθάπερ
724 4340 827 4416 γαρ
881 4340 933 4396 οί
982 4336 1216 4416 ἔμποροι
1260 4340 1517 4405 πλέοντες
1565 4342 1661 4398 κᾶν
1709 4342 1936 4418 εὕρωσιν

223 4426 364 4482 ἴδιον
422 4427 627 4502 ἄνεμον
685 4433 774 4486 καὶ
835 4431 1188 4505 γαληνιῶσαν
1246 4433 1347 4500 τήν
1416 4431 1712 4500 θάλασσαν,
1769 4435 1938 4506 μήπω

219 4509 276 4570 δὲ
342 4516 620 4596 φθάσωσιν
680 4516 759 4580 εἷς
811 4520 905 4574 τὸν
965 4517 1183 4592 λιμένα,
1241 4519 1324 4573 ἀεὶ
1384 4519 1487 4574 ὑπὸ
1563 4517 1732 4600 φόϐον
1811 4519 1934 4588 εἶσὶ,

2089 578 2188 632 sub
2246 582 2522 636 tutoribus
2573 589 2624 638 et
2681 588 3027 642 curatoribus
3055 587 3098 623 ⁸³
3153 589 3469 660 spirituum
3529 593 3791 650 immun-

2090 667 2294 723 dorum
2346 670 2486 741 agit,
2539 673 2639 744 qui
2685 675 2925 745 spiritus
2965 677 3168 734 nolunt
3213 696 3458 751 puerum
3511 698 3788 751 crescere,

2090 772 2162 810 ne
2196 756 2290 811 ubi
2322 758 2381 813 in
2412 759 2600 816 virum
2635 764 2957 833 perfectum
3015 770 3282 837 evaserit,
3345 771 3586 844 incipiat
3633 791 3792 846 quas-

2090 861 2236 913 rere,
2269 863 2392 918 quas
2424 851 2495 904 ad
2538 851 2824 908 familiam
2877 858 3186 927 pertinent,
3232 865 3288 915 et
3336 861 3627 920 vindicare
3680 865 3786 921 do-

2090 936 2361 993 minium.
2395 939 2764 998 Christianus
2797 943 2958 1000 nullo
3009 963 3123 1001 non
3169 954 3426 1020 tempore
3461 953 3633 1009 debet
3663 967 3785 1010 ms-

2089 1028 2334 1082 moriam
2385 1028 2486 1084 Dei
2535 1030 2769 1088 habere.
2828 1033 3118 1106 Scriptum
3181 1039 3335 1093 enim
3388 1046 3525 1097 est:
3581 1045 3783 1114 Diliges

2084 1116 2380 1173 Dominum
2431 1119 2600 1174 Deum
2631 1125 2787 1176 tuum
2820 1137 2890 1177 ex
2919 1129 3026 1179 toto
3055 1126 3214 1180 corde
3245 1131 3338 1182 tuo
3367 1128 3445 1183 69:
3490 1147 3560 1186 ne
3590 1134 3782 1188 solum

2086 1206 2318 1275 quando
2392 1208 2723 1280 ingreditur
2781 1213 3120 1281 oratorium,
3189 1215 3394 1288 diligat
3469 1219 3782 1277 Dominum

2085 1296 2185 1350 sed
2227 1296 2399 1352 etiam
2450 1299 2784 1368 ambulans,
2836 1301 3199 1374 colloquens,
3246 1311 3304 1360 et
3353 1310 3684 1377 comedens,
3731 1309 3786 1366 la

2077 1386 2362 1442 memoria
2423 1387 2605 1444 Deum
2653 1389 2880 1457 habeat,
2933 1393 3166 1464 diligat;
3217 1397 3274 1448 et
3332 1412 3526 1453 amore
3582 1415 3782 1469 prose.

2083 1478 2314 1542 quatur.
2366 1477 2560 1546 Inquit
2593 1478 2747 1534 enim
2775 1495 2789 1534 :
2826 1479 2926 1537 Ubi
2956 1497 3105 1538 mens
3137 1491 3254 1553 tua,
3305 1484 3386 1540 ibi
3425 1501 3634 1560 quoque
3663 1489 3784 1546 the-

2079 1579 2284 1620 saurus
2314 1573 2458 1622 tuus.
2491 1565 2539 1601 7°
2568 1570 2650 1624 Ad
2684 1585 3096 1642 quamcunque
3125 1574 3280 1629 enim
3334 1593 3452 1632 rem
3485 1593 3583 1633 cor
3602 1580 3778 1636 aliou-

2071 1651 2175 1722 jus
2196 1653 2489 1725 alligatur,
2521 1660 2578 1712 et
2609 1674 2724 1728 quo
2754 1675 2888 1714 eum
2947 1661 3115 1716 trahit
3141 1663 3376 1734 cupido,
3427 1665 3528 1720 illa
3560 1681 3650 1722 res
3693 1674 3783 1724 est

2079 1742 2208 1810 ejus
2239 1742 2402 1798 deus.
2449 1744 2508 1800 Si
2559 1744 2850 1804 desideret
2885 1765 2985 1803 cor
3017 1748 3231 1820 ubique
3261 1752 3596 1822 Dominum,
3653 1757 3778 1826 ipse

2078 1836 2168 1886 est
2189 1831 2476 1888 Dominus
2519 1836 2712 1891 cordis
2750 1836 2899 1907 ejus.
2938 1837 3239 1910 Quispiam
3271 1856 3426 1902 vero.
3477 1843 3578 1913 qui
3608 1845 3777 1900 abre-

2079 1921 2394 1992 nuntiavit,
2461 1923 2852 1996 omnibusque
2920 1928 3044 1983 suis
3087 1927 3467 1986 facultatibus
3523 1940 3578 1987 et
3636 1934 3777 1990 urbe

2079 2009 2316 2079 relictis,
2340 2011 2566 2082 jejunio
2616 2014 2716 2069 dat
2745 2029 3002 2087 operam,
3046 2017 3151 2072 iste
3196 2019 3284 2074 sui
3320 2017 3505 2090 ipsius
3554 2020 3777 2078 homini

2077 2099 2266 2154 adhuc
2296 2099 2566 2170 alligatus
2596 2101 2794 2171 heret,
2837 2109 2942 2160 aut
2970 2106 3145 2162 rebus
3176 2109 3511 2176 mundanis,
3546 2115 3646 2166 aut
3686 2112 3774 2167 fa-

2079 2187 2428 2260 miliaribus,
2469 2195 2572 2247 aut
2600 2195 2782 2250 amori
2816 2200 3120 2264 parentum
3157 2211 3170 2252 :
3205 2198 3303 2253 ubi
3354 2199 3655 2271 alligatum
3689 2207 3777 2258 est

2075 2277 2200 2347 qius
2232 2295 2348 2347 cor,
2373 2287 2426 2334 et
2458 2296 2622 2337 mens
2650 2283 2780 2352 ejus
2809 2285 3122 2355 captivata,
3154 2287 3211 2342 id
3262 2287 3456 2359 ipsum
3505 2294 3593 2344 est
3648 2291 3776 2360 ejus

2073 2366 2260 2423 deus:
2312 2377 2366 2424 et
2413 2370 2869 2442 deprehenditur
2919 2374 3156 2446 quidem
3201 2391 3300 2446 per
3341 2381 3594 2450 amplam
3644 2395 3774 2451 por-

2074 2462 2188 2510 tam
2222 2473 2253 2512 e
2297 2460 2512 2515 mundo
2560 2461 2895 2530 excessisse,
2953 2479 3050 2532 per
3109 2464 3380 2521 ostiolum
3434 2471 3631 2525 autem
3678 2470 3772 2524 ln-

2068 2560 2306 2614 gressus
2337 2547 2396 2601 in
2430 2549 2715 2604 mundum
2747 2549 3045 2608 incidisse.
3098 2554 3597 2620 Quemadmodum
3637 2571 3767 2614 sar.

2065 2643 2256 2690 menta
2282 2635 2340 2692 in
2373 2636 2567 2709 ignem
2602 2639 2858 2709 proiecta
2888 2651 3185 2713 nequeunt
3208 2643 3474 2700 resistere
3506 2647 3558 2701 vi
3593 2646 3764 2718 ignis,

2066 2725 2165 2780 sed
2201 2727 2509 2782 confestim
2541 2729 3002 2800 comburuntur;
3046 2733 3129 2788 sic
3171 2749 3405 2806 quoque
3449 2734 3764 2804 daemones,

2065 2815 2165 2886 qui
2200 2816 2414 2873 bellum
2457 2818 2660 2876 volunt
2689 2819 2903 2878 inferre
2959 2823 3179 2880 homini
3221 2825 3505 2897 Spiritum
3555 2841 3758 2884 conse-

2065 2908 2219 2973 cuto,
2251 2907 2680 2965 comburuntur
2706 2919 2760 2966 et
2803 2921 3231 2969 consumuntur
3261 2930 3296 2969 a
3326 2914 3515 2970 divina
3546 2917 3764 2974 virtute

2063 2993 2237 3064 ignis,
2272 2997 2444 3052 modo
2477 2997 2648 3055 homo
2680 3007 2956 3070 perpetuo
2989 3002 3234 3059 Domino
3265 3004 3587 3073 adhmreat,
3621 3005 3772 3062 fidu-

2063 3083 2332 3155 ciamque
2362 3089 2419 3141 et
2444 3101 2608 3156 spem
2639 3087 2699 3142 in
2731 3103 2864 3143 eum
2896 3087 3154 3146 collocet.
3199 3091 3263 3145 Et
3293 3092 3339 3146 si
3377 3093 3526 3148 I88
3553 3094 3770 3149 fuerint

2060 3173 2356 3231 daemones
2391 3176 2591 3244 fortes,
2623 3177 2828 3234 robore
2842 3181 3143 3235 montibus
3168 3181 3318 3236 haud
3341 3182 3665 3252 absimiles,
3690 3185 3762 3241 ab

2063 3262 2326 3318 oratione
2381 3264 2829 3332 comburuntur,
2869 3265 3027 3321 velut
3069 3283 3198 3324 cera
3227 3267 3298 3323 ab
3346 3268 3489 3340 igni.
3549 3272 3762 3342 Ingens

2064 3366 2200 3406 vero
2260 3352 2477 3409 interea
2525 3355 2831 3410 intercedit
2863 3358 3152 3411 certamen
3185 3373 3252 3412 ac
3294 3356 3507 3414 bellum
3555 3359 3765 3414 animae

2063 3440 2340 3498 adversus
2371 3445 2626 3499 eosdem.
2674 3443 2859 3500 Fluvii
2893 3446 3210 3501 draconum
3243 3452 3382 3503 sunt
3421 3448 3559 3515 illic,
3588 3455 3764 3521 atque

2061 3546 2162 3585 ora
2192 3531 2464 3602 leonum;
2501 3534 2655 3604 ignis
2687 3534 3010 3590 accendens
3050 3536 3329 3592 animam.
3374 3537 3758 3602 Quemadmo-

2059 3621 2201 3677 dum
2234 3639 2370 3694 ergo
2403 3625 2690 3693 perfectus
2721 3624 2779 3679 in
2813 3625 2969 3681 malo
3029 3628 3470 3697 oommittendo,
3505 3629 3759 3685 inebria-e

2058 3715 2154 3766 tus
2177 3712 2386 3783 spiritu
2418 3713 2654 3780 erroris,
2687 3714 3006 3770 homicidio
3047 3724 3144 3770 aut
3172 3717 3459 3773 adulterio
3505 3719 3760 3788 deditus,

2057 3802 2383 3857 exsaturari
2428 3803 2653 3857 malitia
2709 3803 2952 3873 nequit:
2985 3805 3069 3858 sic
3137 3821 3366 3876 quoque
3421 3806 3758 3876 Christiani,

2055 3891 2332 3962 haptizati
2366 3892 2422 3946 in
2453 3892 2735 3963 Spiritum
2761 3897 3057 3958 sanctum,
3092 3895 3268 3950 rudes
3300 3895 3560 3950 evadunt
3591 3896 3758 3952 vitio-

2053 3996 2207 4035 rum.
2242 3980 2348 4044 Qui
2378 3996 2511 4036 vero
2543 3981 2840 4036 consecuti
2891 3981 3140 4052 gratiam
3185 3983 3375 4039 adhuc
3406 3984 3756 4054 permiscen-

2051 4073 2148 4126 tur
2178 4078 2430 4142 peccato,
2467 4069 2528 4124 hi
2582 4070 2690 4126 sub
2737 4075 2890 4126 metu
2951 4076 3104 4141 sunt,
3139 4077 3198 4128 et
3251 4089 3353 4144 per
3406 4073 3750 4131 formidabi-

2052 4158 2166 4214 lem
2199 4160 2392 4216 locum
2422 4159 2534 4215 iter
2562 4159 2806 4215 faciunt.

2121 4339 2215 4394 IV.
2249 4337 2758 4401 Quemadmodum
2783 4336 2942 4392 enim
3005 4342 3355 4395 mercatores
3402 4339 3542 4398 dum
3585 4339 3748 4396 navi-

2047 4435 2210 4500 gant,
2264 4429 2399 4484 licet
2445 4428 2600 4484 nacti
2652 4429 2774 4483 sint
2814 4429 3133 4485 secundum
3184 4435 3420 4485 ventum
3471 4434 3529 4485 et
3583 4433 3746 4484 tran-

2047 4517 2291 4590 quillum
2327 4533 2506 4587 mare,
2543 4535 2646 4574 nec
2680 4519 2815 4574 dum
2841 4519 3206 4590 pervenerint
3235 4519 3302 4574 ad
3330 4523 3581 4590 portum,
3616 4535 3750 4575 con-

219 4607 424 4677 μήπως
485 4605 647 4685 ἄφνω
699 4607 941 4662 ἐναντίου
985 4608 1294 4678 κινηθέντος
1345 4608 1545 4682 ἀνέμου
1588 4608 1939 4683 κλυδωνισθῇ

2066 4610 2212 4664 .inuo
2234 4609 2346 4664 sub
2376 4614 2532 4664 metu
2593 4613 2751 4672 sunt,
2786 4622 2858 4664 ne
2906 4609 3219 4679 derepente
3257 4610 3544 4664 contrario
3594 4611 3744 4666 excl-

213 4695 247 4762 ἡ
307 4694 580 4762 θάλασσα,
611 4695 704 4750 καὶ
761 4693 1076 4770 κινδυνεύσῃ
1118 4697 1181 4751 τὸ
1237 4695 1432 4752 πλοῖον
1469 4715 1483 4732 ⁸
1540 4696 1684 4753 οὕτω
1742 4698 1831 4753 καὶ
1883 4699 1934 4752 οἰ

215 4788 559 4857 Χριστιανοὶ,
596 4787 640 4841 εί
698 4788 785 4842 καὶ
847 4782 1066 4859 ἔχουσιν
1128 4787 1184 4842 ἐν
1244 4788 1430 4849 αὐτοῖς
1496 4787 1672 4844 αἴσιον
1736 4789 1934 4860 ἄνεμον

211 4879 310 4931 τοῦ
373 4877 530 4951 ἁγίου
591 4877 900 4948 Πνεύματος
955 4873 1201 4932 πνέοντα.
1263 4876 1389 4932 αλλ’
1436 4875 1512 4932 ἔτι
1589 4878 1693 4934 ὑπὸ
1761 4872 1931 4957 φόϐον

216 4965 342 5032 εἶσί,
401 4967 601 5038 μήπως
649 4967 676 5021 6
720 4963 916 5039 ἄνεμος
975 4973 1076 5036 τῆς
1135 4965 1376 5029 ἐναντίας
1433 4965 1714 5042 δυνάμεως
1773 4969 1931 5024 πνεύ-

215 5075 281 5129 σῃ
343 5053 735 5125 ἐπελθὼν,καὶ
791 5057 1042 5130 ταραχήν
1099 5075 1221 5111 τινα
1268 5058 1358 5112 καὶ
1417 5055 1671 5112 κλύδωνα
1728 5061 1921 5135 κινήσῃ

209 5149 329 5208 ταῖς
386 5146 595 5218 ψυχαῖς
651 5143 849 5203 αὐτῶν.
898 5143 1157 5214 Επουδῆς
1206 5141 1296 5200 οὖν
1343 5144 1566 5216 πολλῆς
1623 5146 1805 5225 χρεία,
1835 5146 1930 5204 ’ίνα

210 5235 506 5307 φθάσωμεν
564 5234 642 5295 εἷς
697 5235 788 5289 τὸν
861 5233 1059 5308 λιμένα
1105 5242 1205 5304 τῆς
1263 5236 1670 5302 καταπαύσεως,
1716 5235 1791 5297 εἷς
1834 5238 1925 5292 τὸν

206 5323 422 5379 τελειον
474 5323 703 5398 κόσμον,
761 5325 837 5387 είς
903 5326 1004 5394 τήν
1061 5322 1280 5378 αἶ’ωνίαν
1331 5325 1475 5394 ζωὴν
1542 5324 1632 5379 καὶ
1688 5325 1921 5402 τρυφὴν,

207 5414 283 5476 εἷς
321 5415 424 5482 τήν
458 5414 621 5470 πόλιν
652 5418 759 5469 τῶν
811 5413 1002 5490 ἁγίων,
1060 5413 1136 5472 είς
1194 5416 1295 5484 τὴν
1343 5413 1664 5490 ἐπουράνιον
1724 5418 1924 5488 Ἱερου-

209 5503 428 5578 σαλήμ,
473 5504 551 5567 είς
604 5507 705 5575 τήν
759 5503 1085 5576 Ἐκκλησίαν
1133 5508 1243 5560 τῶν
1295 5504 1679 5582 πρωτοτόκων.
1713 5504 1834 5560 Ἐάν
1867 5502 1924 5560 δὲ

2049 4704 2164 4755 lato
2194 4704 2363 4753 vento
2423 4697 2698 4753 ﬂuctibus
2755 4713 2916 4753 mare
2971 4698 3248 4769 agitetur,
3283 4702 3340 4751 et
3371 4698 3533 4752 navis
3565 4698 3622 4752 in
3651 4714 3748 4769 ps-

2045 4787 2293 4844 riculum
2324 4787 2545 4842 incidat
2577 4801 2592 4842 :
2625 4786 2710 4841 sio
2727 4801 2961 4858 quoque
2981 4785 3316 4853 Christiani,
3341 4785 3475 4840 licet
3499 4786 3747 4843 habeant

2043 4876 2102 4933 in
2153 4893 2216 4934 se
2269 4891 2603 4947 prosperum
2659 4881 2896 4931 ventum
2946 4875 3131 4930 sancti
3190 4873 3444 4945 Spiritus
3483 4874 3742 4947 ﬂantem,

2044 4967 2434 5024 nihilominus
2473 4969 2759 5032 metuunt,
2803 4981 2874 5022 ne
2905 4965 3219 5036 aliquando
3252 4969 3457 5021 ventus
3507 4970 3744 5021 contra-

2041 5057 2138 5114 riis
2180 5059 2484 5128 potestatis
2540 5055 2722 5127 spiret
2769 5059 2829 5111 et
2885 5055 3173 5127 insurgat,
3215 5059 3272 5109 et
3328 5059 3739 5127 tempestatem

2040 5145 2360 5220 quamdam
2411 5160 2476 5200 ac
2507 5145 2688 5201 ﬂatus
2717 5144 2930 5201 excitet
2959 5144 3174 5200 animis
3203 5158 3426 5199 eorum.
3477 5144 3739 5215 Diligen-

2039 5239 2120 5294 tia
2167 5251 2303 5308 ergo
2351 5250 2586 5290 summa
2631 5249 2800 5307 opus,
2849 5238 2912 5289 ut
2950 5231 3355 5306 perveniamus
3393 5235 3462 5288 ad
3505 5238 3738 5304 portum

2039 5324 2280 5398 requiei,
2314 5325 2382 5380 ad
2419 5325 2708 5380 mundum
2751 5323 3094 5396 perfectum,
3141 5323 3211 5378 ad
3261 5323 3438 5378 vitam
3481 5327 3538 5378 et
3584 5323 3736 5380 deli-

2037 5415 2160 5472 cias
2189 5419 2457 5480 aeternas,
2493 5414 2564 5469 ad
2601 5413 2890 5470 civitatem
2922 5416 3281 5480 sanctorum,
3329 5426 3395 5469 ac
3451 5412 3737 5471 ccelestem

2037 5505 2438 5574 Jerusalem",
2480 5505 2552 5562 ad
2607 5503 2922 5561 Ecclesiam
2996 5502 3536 5575 primogenitorum.
3614 5504 3738 5563 Nisi

205 5683 255 5722 ⁸⁸
280 5685 405 5743 Gal.
440 5699 522 5755 ιν,
553 5687 606 5743 1.
681 5685 730 5724 ⁸³
764 5687 928 5746 Deut.
960 5701 1040 5757 vx,
1069 5687 1126 5744 5.
1201 5685 1251 5724 το
1283 5686 1487 5745 Matth.
1511 5701 1590 5757 v1,
1622 5687 1714 5744 21.
1747 5686 1791 5725 τι
1824 5685 1944 5746 Hsb

2072 5701 2138 5757 ιῐ,
2156 5685 2250 5755 22,
2271 5685 2362 5742 25.
