4082 6196
332 359 447 420 775

1660 356 1724 415 S.
1774 352 2099 416 MACARII
2144 352 2491 417 EGYPTII

3716 326 3846 388 776

328 505 461 546 vero
511 488 645 560 quis
674 488 892 561 gradus
930 486 1062 544 illos
1106 486 1424 555 transierit,
1480 503 1851 559 summOpere
1900 503 2026 544 me—
2055 532 2067 562 Α

2279 484 2464 560 διέλθῃ
2522 502 2607 545 τις
2650 479 2716 535 τὰ
2758 476 2927 551 μέτρα
2975 465 3332 562 inﬁmi-1:6
3381 458 3548 562 φόϐον
3598 460 3708 516 ἐστὶ
3737 479 3850 562 ποῖ

330 580 467 648 tuit,
500 595 571 634 ne
602 579 745 634 forte
790 578 1011 634 interea
1050 576 1281 649 lapsum
1333 578 1648 648 quemdam
1700 578 2032 635 adversaria

330 673 592 742 potestas
622 667 921 726 moliatur.

404 759 473 813 V.
504 759 749 814 Perinde
804 774 938 814 vero
996 772 1064 814 ac
1097 757 1304 814 mulier
1352 773 1481 828 quae
1529 758 1813 829 concepit,
1873 758 2034 813 intus
2119 812 2125 818 .

2142 547 2264 646 λὺν,
2326 547 2524 650 μήπώς
2579 570 2630 627 έν
2691 547 2771 640 τῷ
2838 547 3035 638 μεταξὺ
3090 555 3295 614 πτῶσίν
3354 574 3476 610 τινα
3523 554 3558 621 ἡ
3626 547 3852 622 πονηρὰ

2142 665 2372 740 δύναμις
2395 666 2715 740 ἒργὶσηται.

2350 726 2556 827 ’.Ὠσπερ
2588 726 2672 805 ’δὲ
2728 746 2866 822 γυνῆ
2901 734 3252 798 συλλαϐοῦσα
3302 734 3447 827 έντδς
3478 729 3598 827 έχει
3625 726 3860 827 ’τὸ-βρέ-

332 848 511 904 habet
540 848 817 904 infantem
874 862 1046 903 suum
1086 847 1146 902 in
1195 820 1470 913 tenebris,
1505 852 1570 902 ut
1614 847 1694 903 ita
1712 820 1935 916 .dicam,
1976 851 2037 903 et

2241 872 2243 878 λ
2304 846 2473 916 αὐτῆς
2522 820 2574 897 έν
2636 820 2839 907 σκότει,
2882 835 2956 897 ὡς
3014 829 3206 895 εἷπεῖν,
3246 825 3337 881 καὶ
3396 820 3599 879 ὕλώδει
3641 820 3801 890 τόπῳ
3838 833 3859 851 ·

2892 923 2927 927 ⁸⁷
2974 922 2989 927 ³
3018 922 3033 927 ⁸
3073 925 3094 927 “
3224 916 3235 927 ¹
3394 912 3443 927 κο
3562 910 3579 927 θ
3676 906 3723 927 81

337 938 522 992 denso
566 936 738 993 loco:
790 936 839 991 ei
879 952 1009 992 vero
1067 937 1440 1007 postmodum
1493 937 1794 1009 contingat
1836 936 2034 1009 egredi

337 1042 586 1099 puerum
651 1031 913 1096 tempore
978 1024 1194 1094 debito,
1235 1025 1493 1082 intuetur
1548 1042 1759 1081 novam
1818 1029 2037 1081 creatu-

340 1133 488 1185 ram,
531 1131 707 1187 quam
752 1130 1050 1186 nunquam
1096 1114 1337 1183 viderat,
1372 1116 1525 1183 cceli,
1557 1123 1719 1171 terrae
1772 1119 1831 1170 et
1877 1114 2038 1181 solis,

341 1211 398 1263 et
440 1204 610 1261 amici
667 1209 841 1275 atque
894 1203 1121 1275 cognati
1170 1204 1443 1261 continuo
1502 1205 1675 1261 hilari
1722 1206 1889 1263 vultu
1945 1220 2041 1260 ex-

342 1294 563 1365 cipiunt
603 1309 735 1349 eum
784 1294 844 1349 in
885 1294 1100 1350 ulnas:
1150 1296 1306 1366 quod
1367 1294 1416 1349 si
1473 1310 1606 1352 vero
1657 1295 1957 1367 contingat
2012 1310 2046 1349 a

342 1384 686 1441 confusione
714 1383 963 1455 quadam
988 1382 1184 1438 divelli
1231 1385 1389 1439 intus
1420 1383 1728 1451 infantem,
1772 1400 2045 1440 necessa-

345 1475 431 1531 rio
461 1479 751 1545 superest,
784 1476 849 1526 ut
891 1472 962 1527 ad
1024 1472 1131 1527 hoc
1187 1472 1490 1528 constituti
1549 1473 1760 1528 medici
1809 1471 2043 1529 cultello

348 1569 612 1631 utantur,
707 1562 900 1633 itaque
964 1561 1418 1632 deprehenditur
1491 1567 1682 1632 postea
1748 1562 1943 1618 infans
2015 1578 2049 1617 a

348 1657 533 1709 morte
566 1654 627 1707 in
660 1657 905 1706 mortem
940 1666 1197 1723 pergere,
1229 1668 1263 1705 a
1305 1651 1557 1707 tenebris
1613 1652 1674 1707 in
1727 1651 1999 1707 tenebras
2029 1668 2047 1708 :

349 1744 434 1800 sic
493 1742 690 1814 accipe
746 1756 977 1813 quoque
1032 1740 1091 1795 in
1181 1756 1242 1796 re
1316 1741 1631 1813 spirituali,
1705 1742 2051 1812 Quicunque

350 1836 738 1902 susceperunt
767 1847 962 1887 semen
1031 1830 1368 1901 divinitatis,
1426 1832 1488 1887 hi
1545 1832 1825 1887 invisibili
1879 1833 2131 1931 modoB

352 1922 616 1980 obtinent
643 1920 811 1989 illud,
839 1926 897 1976 et
941 1925 1175 1992 pr0pter
1222 1920 1557 1976 inhabitans
1590 1921 1702 1975 sibi
1751 1926 2052 1993 peccatum

351 2014 413 2068 in
444 2010 825 2066 tenebricosis
851 2015 907 2065 et
966 2009 1248 2065 timendis
1278 2008 1423 2065 locis
1480 2009 1791 2066 occultant.
1825 2010 1885 2066 Si
1919 2026 2053 2082 ergo

352 2100 621 2157 muniant
650 2114 713 2154 se
740 2098 923 2169 ipsos,
954 2102 1012 2153 et
1049 2102 1391 2153 conservent
1439 2114 1662 2163 semen,
1715 2098 1811 2153 isti
1860 2097 2055 2153 debito

351 2192 615 2260 tempore
645 2187 976 2259 producunt
1031 2186 1089 2242 in
1140 2187 1434 2256 |ucem,et
1481 2189 1721 2243 tandem
1757 2188 1817 2243 in
1869 2188 2057 2242 disso-

349 2277 574 2334 lutione
631 2276 909 2347 corporis,
955 2274 1147 2346 angeli
1197 2280 1254 2331 et
1310 2292 1515 2332 omnes
1590 2276 1833 2348 superni
1890 2275 2057 2333 chori

353 2367 483 2423 leto
524 2365 686 2421 vultu
743 2364 1036 2434 excipiunt
1092 2364 1243 2420 illos.
1289 2365 1347 2420 Si
1387 2381 1519 2421 vero
1577 2367 1712 2437 quis
1766 2365 2052 2435 susceptis

354 2457 533 2512 armis
556 2453 769 2510 Christi
790 2455 860 2507 ad
912 2452 1129 2509 bellum
1184 2454 1406 2509 fortiter
1454 2456 1800 2526 gerendum,
1855 2471 2044 2511 socor-

355 2547 449 2603 dia
471 2544 760 2609 difﬂuerit,
791 2543 1080 2612 ejusmodi
1128 2542 1225 2613 qui
1262 2548 1374 2611 est,
1408 2560 1585 2616 quam
1641 2545 1893 2616 primum
1943 2550 2056 2600 tra-

356 2636 516 2691 ditur
544 2633 832 2698 hostibus,
863 2638 919 2687 et
959 2632 1018 2686 in
1071 2630 1456 2687 dissolutione
1513 2635 1770 2702 corporis
1800 2652 1831 2688 a
1892 2643 2058 2690 lene-

358 2724 505 2790 bris,
537 2739 666 2789 quae
699 2737 851 2776 nunc
883 2721 1383 2793 comprehendunt
1412 2720 1600 2792 illum,
1654 2724 1713 2779 in
1743 2724 1894 2779 alias
1937 2739 2058 2780 mo-

360 2815 627 2871 lestiores
657 2811 928 2867 tenebras
957 2816 1013 2867 et
1043 2812 1103 2867 in
1130 2811 1425 2867 interitum
1460 2813 1669 2885 pergit.

430 2904 525 2960 Vl.
559 2902 805 2959 Perinde
834 2919 967 2958 vero
997 2919 1062 2958 ac
1112 2902 1162 2957 si
1211 2903 1290 2957 sit
1346 2902 1570 2972 hortus,
1605 2904 1894 2962 arboritus
1946 2907 2060 2961 fru-

363 2995 579 3054 ctiferis
613 2999 669 3050 et
715 2993 845 3049 aliis
881 2993 1279 3065 fragrantibus
1312 2994 1527 3065 plantis
1575 2996 1860 3062 consitus,
1884 3000 2060 3067 atque

366 3103 468 3157 per
521 3083 720 3139 omnia
768 3084 916 3138 bene
967 3082 1230 3138 excultus
1288 3087 1345 3138 et
1401 3088 1737 3153 exornatus,
1802 3086 2070 3141 munitus

366 3191 595 3252 quoque
629 3191 728 3246 pro
776 3172 949 3241 vallo,
982 3173 1187 3245 exiguo
1224 3175 1441 3244 pariete
1471 3180 1851 3230 conservante
1892 3191 2069 3231 eum:

2146 906 2240 994 έὸιν⁷
2283 934 2342 991 δὲ
2389 906 2574 1008 σομϐᾖ
2627 927 2825 986 λοιπὸν
2892 922 3121 996 ἐξελθεῖν
3177 916 3240 972 τὰ
3290 912 3507 970 παιδίον
3559 910 3614 966 έν
3672 906 3868 962 δέοντι

2146 1031 2345 1103 καιρῷ,
2380 997 2571 1101 βλέπει
2628 1019 2800 1076 κτίσιν
2844 1010 3179 1084 καινοτέραν,
3240 1006 3307 1076 ἢν
3368 1000 3660 1103 οὗδέποτεὶ
3687 997 3868 1103 εἶδεν,

2151 1087 2406 1191 οὐρανοῦ,
2435 1112 2527 1168 καὶ
2575 1116 2699 1185 γῆς,
2759 1106 2849 1162 καὶ
2906 1100 3121 1171 ἡλίομ·
3152 1094 3242 1151 καὶ
3283 1093 3437 1154 εὐθὺς
3488 1091 3539 1145 οἳ
3580 1087 3732 1149 φίλοι
3762 1087 3872 1141 καὶ

2153 1176 2429 1283 συγγενεῖς
2478 1176 2658 1276 ἶλαιρῷ
2704 1202 2783 1269 τῷ
2832 1192 3110 1283 προσώπιρ
3156 1184 3411 1283 δέχονται
3455 1180 3587 1283 cura
3637 1178 3713 1239 είς
3753 1176 3872 1283 ,τας

2152 1268 2395 1371 ἀγκαλας
2427 1309 2442 1322 ⁶
2476 1268 2589 1345 ἐὰν.
2627 1268 2682 1342 δὲ
2743 1268 2930 1358 συμϐῇ
2991 1277 3094 1333 ὑπὸ
3151 1273 3369 1344 ἀταξίας
3417 1270 3561 1331 τινὸς
3610 1268 3873 1333 σπασοῆο

2153 1358 2242 1441 ναι
2304 1377 2451 1438 ἔνδον
2483 1380 2547 1435 τὸ
2577 1374 2822 1443 παιδίον,
2874 1371 3081 1444 ἀνάγκη
3125 1364 3322 1422 λοιπὸν
3384 1361 3513 1421 τοὺς
3569 1358 3644 1419 εἰς
3693 1359 3875 1410 τοῦτο

2154 1471 2520 1549 τεταγμένους
2583 1463 2796 1541 ἰατροὺς
2857 1461 2996 1549 ξίφει
3047 1455 3408 1549 χρήσασθαι-ο
3468 1446 3587 1549 Δκαὶ
3665 1444 3878 1501 λοιπὸν

2158 1537 2463 1635 εὑρίσκεται
2511 1558 2574 1613 τὸ
2622 1537 2843 1611 παιδίον
2904 1537 3010 1604 ἀπὸ
3058 1543 3288 1600 θανάτου
3332 1541 3408 1602 εἷς
3465 1537 3687 1593 θάνατον
3738 1553 3880 1635 χαὶ-

2160 1619 2309 1725 ροῖιν,
2342 1650 2429 1705 καὶ
2471 1648 2578 1702 ἀπὸ
2642 1644 2870 1705 σκότους
2935 1638 3009 1699 εἰς
3068 1630 3260 1695 σκότος
3304 1650 3318 1664 ·
3379 1628 3555 1690 οὕτως
3624 1619 3882 1679 ἀνέλαϐε

2157 1713 2247 1798 καὶ
2280 1739 2357 1801 εἷς
2405 1739 2468 1793 τὸ
2500 1730 2885 1808 πνευματικόν.
2914 1730 3067 1784 Ὀσοι
3131 1720 3451 1792 ὑπεδέξαντο
3513 1716 3605 1770 τὸν
3660 1713 3883 1808 σπόρον

2157 1834 2257 1900 τῆς
2314 1827 2597 1897 θεότητος,
2647 1823 2795 1877 οὗτοι
2854 1816 3107 1893 ἀοράτως
3147 1809 3369 1887 ἔχουσιν
3418 1804 3719 1900 auream}
3779 1800 3883 1856 διὰ

2161 1888 2260 1989 την
2312 1919 2561 1973 σύνοικοι)
2626 1910 2891 1986 ἁμαρτίαν
2969 1907 3023 1960 ἐι
3082 1903 3383 1959 σκοτεινοῖς
3457 1896 3547 1951 καὶ
3607 1888 3882 1972 οοὸεροῖς

2161 1982 2353 2069 τόποις
2405 1982 2761 2080 κρύπτουσινξ
2819 1997 2946 2053 Ἐὰν
3008 1990 3099 2048 οὖν
3166 1985 3576 2064 ἀσφαλίσωνται
3619 1982 3882 2049 έαυτοῦς,

2164 2096 2253 2153 καὶ
2311 2073 2596 2169 τηρήσωσι
2652 2090 2715 2143 τὸ
2763 2085 3000 2160 σπέρμα,
3042 2082 3194 2136 οὗτοι
3277 2080 3357 2149 τῷ
3444 2073 3617 2128 δέοντι
3692 2075 3884 2169 καιρῷ

2166 2158 2559 2263 ἀναγεννῶντες
2618 2179 2693 2242 εἷς
2749 2179 2810 2233 τὸ
2869 2173 3119 2252 φανερὸν,
3175 2168 3265 2225 καὶ
3314 2165 3511 2222 λοιπὸν
3560 2163 3610 2218 ἐν
3642 2165 3714 2233 τῇ
3743 2158 3884 2215 δια-

2166 2251 2322 2333 λύσέι
2353 2278 2450 2329 τοῦ
2483 2273 2738 2345 σώματος
2769 2267 2820 2322 οἱ
2852 2263 3080 2343 ἄγγελοι
3110 2260 3200 2315 καί
3232 2259 3427 2320 πάντες
3458 2258 3507 2311 οἱ
3564 2251 3685 2345 ἅνω*
3707 2254 3885 2345 χοροὶ

2160 2367 2382 2440 ἰλαροῖς
2439 2361 2759 2437 προσώποις
2838 2350 3241 2431 προσδέχονται
3316 2344 3535 2405 αὐτοὺς.
3602 2341 3727 2397 Ἐὰν
3822 2338 3884 2394 δὲ

2172 2430 2569 2527 ὑπόδεξάμενος
2607 2450 2676 2504 τὰ
2732 2444 2879 2503 ὅπλα
2934 2448 3031 2499 τοῦ
3079 2442 3316 2516 Χριστοῦ
3348 2436 3421 2497 είς
3459 2435 3522 2489 τὸ
3554 2430 3881 2533 πολεμῆσαι

2172 2518 2432 2618 ἀνδρείως
2490 2540 2774 2615 χαυνωθῇ,
2824 2533 3021 2593 εὐθέως
3089 2531 3117 2585 ὁ
3195 2530 3446 2586 τοιοῦτος
3504 2518 3880 2619 ’παραδίδοται

2170 2607 2287 2693 τοῖς
2346 2607 2592 2705 ἐχθροῖς,
2631 2607 2736 2681 καὶ*
2781 2623 2835 2679 έν
2891 2626 2961 2695 τῇ
3019 2616 3263 2674 διαλύσει
3302 2617 3400 2670 τοῦ
3447 2612 3702 2683 σώματος
3766 2607 3883 2662 ἀπὸ

2174 2695 2412 2782 σκότοὺςῸ
2446 2695 2543 2772 τοῦ
2582 2718 2669 2769 νῦν
2729 2707 3082 2785 περιέχοντος
3139 2704 3299 2760 αὐτὸν
3361 2702 3437 2762 είς
3500 2697 3642 2753 ἄλλο
3702 2695 3884 2769 χαλε-

2172 2811 2422 2883 πώτερον
2456 2804 2646 2865 σκότος
2679 2805 2855 2877 χωρεῖ
2883 2797 2973 2854 καὶ
3005 2792 3306 2851 ἀπώλειαν.

2248 2875 2345 2974 ς”ξ
2374 2900 2579 2969 ’Ὠσπερ
2633 2875 2817 2947 δὶήέἆν
2859 2887 2895 2963 ᾖ
2940 2882 3270 2962 παράδεισος
3320 2879 3466 2958 ἔχων
3516 2875 3705 2951 δένδρα
3739 2894 3887 2974 ξαρ-

2176 2962 2411 3064 ποςρόρα,
2452 2962 2560 3040 καὶ·
2600 2979 2745 3037 ἄλλα
2791 2977 2931 3058 φυτᾶ
2995 2972 3200 3044 εὐώδη,
3389 2968 3542 3064 ὅλως
3693 2962 3888 3064 καλῶς

2178 3054 2529 3152 εἶργα’σμένος
2566 3072 2657 3127 καὶ
2709 3054 3249 3146 πεςριλοκαλημένος,
3316 3054 3462 3152 ἔχῃ⁸
3500 3054 3559 3152 δὲ
3629 3054 3719 3109 καὶ
3791 3076 3889 3152 pLg—-

2180 3138 2309 3242 xpo'v
2355 3138 2543 3239 τεῖχος
2590 3160 2707 3216 ἀντὶ
2767 3138 3012 3233 θ’ριγγίου
3071 3151 3345 3242 φυλάσσον
3405 3145 3585 3242 αὐτόν·
3620 3163 3633 3175 ·
3697 3138 3887 3242 συμϐῇ

366 3233 666 3336 έοῑιὶίηειιί.
693 3278 829 3318 vero
862 3261 1103 3316 fluvium
1161 3262 1421 3332 rapidum
1478 3262 1597 3318 illic
1652 3268 2067 3331 transcurrere,

2296 3255 2407 3311 ἐκεῖ
2454 3251 2699 3325 ποταμὸν
2760 3250 3087 3324 ὁρμητιαῖον
3153 3240 3483 3316 διέρχεσθαι,
3542 3234 3591 3291 εἴ
3646 3233 3733 3289 καὶ
3800 3256 3891 3306 μισ

368 3355 506 3410 licet
547 3353 840 3407 modicum
875 3367 1044 3421 aqua
1086 3349 1291 3405 allidat
1323 3351 1554 3422 parieti,
1588 3352 1912 3423 corrumpit
1942 3354 2073 3408 fun-

369 3444 728 3506 damentum,
779 3446 1129 3509 sumptaque
1204 3439 1511 3495 eductione
1574 3432 1865 3510 paulatim
1949 3442 2069 3497 dis-

367 3531 559 3594 solvit,
643 3537 814 3600 atque
898 3528 1125 3583 irruens
1215 3529 1475 3598 effringit
1577 3529 1862 3601 exstirpat
1954 3546 2078 3587 om-

367 3634 473 3674 nes
505 3617 757 3689 plantas.
798 3620 855 3672 et
904 3616 1240 3673 universam
1290 3616 1582 3674 culturam
1630 3618 1801 3688 delet,
1852 3626 1908 3675 et
1954 3625 2074 3676 ste-

368 3707 535 3763 rilem
566 3707 748 3764 reddit
783 3722 797 3761 :
832 3705 914 3761 sic
939 3722 1173 3778 quoque
1191 3723 1253 3762 se
1283 3706 1458 3763 habet
1480 3724 1578 3763 cor
1601 3708 1859 3764 hominis
1893 3726 1906 3763 :
1941 3726 2076 3782 pos-

370 3798 522 3854 sidet
576 3795 955 3867 cogitationes
1042 3796 1363 3852 honestas:
1425 3798 1893 3870 appropinquant
1942 3816 2075 3855 vero

371 3886 529 3943 cordi
600 3892 874 3956 perpetuo
938 3889 995 3940 et
1048 3884 1209 3940 ﬂuvii
1264 3886 1556 3954 vitiorum,
1614 3888 1875 3944 volentes
1931 3887 2075 3944 illud

372 3976 642 4046 dejicere,
672 3980 848 4046 atque
878 3974 938 4030 in
970 3991 1133 4030 suam
1190 3980 1410 4047 partem
1473 3976 1826 4047 protrahere.
1884 3977 2078 4049 Itaque

372 4069 421 4123 si
462 4066 615 4121 189
648 4064 882 4119 animus
916 4064 1225 4135 paululum
1276 4065 1422 4122 levis
1454 4066 1662 4135 factus,
1706 4067 1989 4124 illabatur
2018 4068 2078 4123 in

372 4157 640 4225 impuras
693 4153 1097 4223 cogitationes,
1161 4169 1293 4208 ecce
1373 4159 1723 4225 acceperunt
1796 4156 2078 4227 pabulum

372 4244 620 4312 spiritus
662 4240 899 4308 erroris,
932 4240 1260 4311 etingressi
1311 4249 1645 4297 everterunt
1689 4242 1850 4298 illius
1899 4260 2079 4299 orna—

375 4336 593 4397 menta,
643 4329 1062 4399 exstinctisque
1110 4329 1279 4384 bonis
1324 4329 1774 4401 cogitationibus
1823 4333 2078 4390 animam

376 4421 772 4476 devastarunt.

449 4508 573 4563 VII.
607 4507 1113 4571 Quemadmodum
1144 4523 1279 4564 vero
1352 4508 1559 4565 oculus
1590 4510 1858 4568 omnium
1894 4528 2083 4569 mem-

2181 3347 2310 3421 κρὸν
2364 3347 2462 3398 τοῦ
2519 3323 2712 3402 ὕδατος
2761 3323 3122 3413 προσκρούσει
3176 3336 3251 3403 τῷ
3306 3329 3509 3421 τοίχῳ,
3570 3323 3889 3421 δποῖμθείριει

2179 3412 2272 3491 τόν
2332 3432 2606 3505 θεμέλιον,
2649 3412 2920 3502 λαμϐάνει
2976 3424 3229 3499 ἀγωγὴν,
3293 3418 3383 3473 καί
3467 3415 3605 3470 κατὰ
3674 3412 3891 3505 ,μικρὸν

2184 3525 2302 3582 λύει
2358 3524 2447 3578 τὸν
2496 3519 2770 3594 θεμέλιον,
2822 3516 2913 3572 καὶ
2970 3512 3226 3570 εἰσελθών
3278 3507 3561 3582 διαῤῥήσει
3598 3503 3690 3558 καὶ
3736 3501 3891 3574 ἐκρι-

2185 3620 2271 3685 ζοῖ
2308 3613 2482 3669 πάντα
2527 3610 2594 3665 τὰ
2640 3608 2800 3687 φυτὰ,
2828 3606 2919 3662 καὶ
2969 3603 3106 3674 ὅλην
3161 3602 3263 3671 τὴν
3311 3595 3563 3673 ἐργασίαν
3617 3590 3892 3670 ἀφανίζει,

2182 3708 2273 3760 καὶ
2330 3704 2571 3770 ἄκαρπον
2622 3704 2819 3755 ποιεῖ’
2880 3696 3054 3756 οὕτως
3113 3692 3223 3748 ἐστὶ
3282 3690 3374 3745 καὶ
3419 3689 3455 3758 ἡ
3516 3683 3713 3770 καρδία
3790 3688 3893 3738 τοῦ

2184 3794 2491 3869 ἀνθρώπου.
2524 3796 2683 3865 Ἔχει
2710 3785 2838 3847 τοὺς
2868 3780 3173 3859 λογισμοὺς
3209 3777 3337 3839 τοὺς
3387 3773 3613 3843 καλοὺς,
3646 3769 3898 3840 πλησια-

2187 3862 2339 3952 ζουσι
2370 3877 2435 3934 δὲ
2476 3878 2705 3933 πάντοτε
2733 3873 2824 3929 καὶ
2882 3873 2936 3927 οἳ
2996 3868 3240 3942 ποταμοὶ
3268 3871 3367 3934 τῆς
3417 3862 3607 3922 κακίας
3646 3862 3715 3931 τῇ
3756 3877 3901 3930 καρσ

2188 3946 2297 4046 δίᾳ,
2328 3971 2573 4031 θέλοντες
2622 3966 2787 4035 αὐτὴν
2840 3958 3165 4019 καταϐαλεῖν
3214 3958 3303 4013 καὶ
3355 3956 3505 4031 ῥίψαι
3542 3951 3615 4012 είς
3658 3946 3897 4046 “to-{Sina

2193 4038 2378 4139 μέρος,
2418 4059 2615 4115 λοιπὸν
2666 4055 2755 4112 ἐὰν
2787 4054 2824 4129 ᾖ
2881 4052 3073 4127 μικρὸν
3132 4046 3612 4139 moues-6303:,
3645 4038 3734 4139 κξῖ
3797 4040 3901 4139 ἣξᾩ

2187 4127 2303 4216 τοῖς
2361 4127 2685 4223 ἀκαθάρτοις
2743 4127 3065 4218 λογισμοῖς,
3121 4136 3241 4193 ἰδοὺ
3316 4128 3515 4223 ἔλαϐον
3568 4129 3751 4223 νομὴν
3809 4127 3908 4223 Δτὰ

2189 4241 2471 4314 πνεύματα
2515 4244 2615 4306 τῆς
2654 4233 2893 4305 πλάνης,
2923 4230 3015 4286 καὶ
3068 4225 3324 4297 εἰσῆλθον
3379 4221 3473 4278 καὶ
3530 4217 3905 4314 κατέστρειξαν

2188 4332 2255 4387 τὰ
2301 4304 2412 4385 ἐκεῖ
2457 4304 2666 4395 κάλλη,
2723 4323 2981 4393 ἠσᾶνισαν
3049 4316 3177 4378 τοὺς
3255 4313 3487 4388 ἀγαθοὺς
3562 4304 3908 4381 λογισμοῦς,

2190 4421 2280 4476 καὶ
2300 4418 2606 4490 ἠόήμωσαν
2634 4414 2734 4482 τήν
2771 4412 2981 4487 ψυχήν.

2263 4516 2332 4567 z'.
2379 4509 2585 4579 ’Ὠσπερ
2643 4502 2785 4558 ἐστὶν
2846 4501 2874 4554 ὁ
2932 4495 3218 4576 ὀφθαλμὸς
3278 4494 3473 4569 μικρὸς
3530 4495 3802 4569 παρ’ὃλα
3841 4500 3916 4556 τὲ

377 4598 618 4653 brorum
658 4600 750 4652 est
780 4596 1081 4666 minimus,
1113 4602 1171 4653 et
1197 4596 1325 4667 ipsa
1383 4598 1626 4670 pupilla,
1659 4618 1785 4672 qua
1823 4606 1913 4658 est
1961 4604 2067 4659 exi-

2241 4599 2359 4670 έλη,
2426 4598 2517 4653 καὶ
2585 4594 2721 4663 αὐτὴ
2789 4594 2824 4662 ἡ
2885 4591 3024 4664 κόρη
3098 4586 3266 4662 μικρᾶ
3330 4583 3486 4652 οὖσα,
3560 4587 3703 4661 μέγα
3790 4588 3912 4644 ἑστῖ

380 4703 493 4761 gua
522 4691 611 4743 est
666 4702 768 4742 vas
823 4685 1025 4757 ingens
1058 4702 1072 4743 :
1104 4686 1363 4744 intuetur
1408 4690 1563 4746 enim
1612 4706 1727 4747 uno
1785 4699 2081 4750 momento

380 4776 614 4843 coelum,
666 4780 844 4837 astra,
877 4775 1077 4844 solem,
1112 4776 1339 4839 lunam.
1370 4780 1568 4849 urbes,
1617 4786 1673 4836 et
1729 4780 1870 4836 alias
1929 4799 2085 4840 crea-

380 4870 596 4921 turas:
656 4865 859 4921 eodem
918 4882 1153 4937 quoque
1217 4867 1408 4937 modo,
1468 4885 1593 4939 quis
1647 4871 2088 4940 conspiciuntur

384 4973 501 5013 uno
524 4958 843 5027 eodemque
877 4961 1193 5025 momento,
1223 4956 1285 5013 in
1322 4957 1424 5013 illa
1455 4975 1630 5030 parva
1674 4960 1899 5031 pupilla
1933 4961 2084 5016 oculi

382 5046 711 5103 formantur
740 5048 796 5098 et
826 5044 1187 5115 effinguntur
1219 5062 1232 5101 :
1265 5046 1351 5101 sic
1369 5062 1597 5117 quoque
1625 5063 1686 5104 se
1717 5064 1883 5105 mens
1916 5048 2088 5105 habet

383 5135 441 5192 in
475 5132 646 5191 corde
678 5149 693 5189 :
728 5132 1040 5205 ipsumque
1089 5149 1187 5189 cor
1215 5139 1305 5190 est
1336 5152 1436 5192 vas
1466 5136 1762 5206 quoddam
1813 5139 2084 5210 exiguum

384 5227 582 5299 ibique
611 5226 751 5280 sunt
778 5224 1076 5291 dracones,
1107 5224 1186 5279 ibi
1242 5223 1460 5293 leones,
1495 5224 1575 5281 ibi
1626 5243 1929 5285 venenosae
1986 5230 2089 5285 be-

386 5318 532 5377 stias,
568 5314 646 5368 ibi
681 5312 877 5369 cuncti
909 5312 1178 5368 vitiorum
1213 5312 1478 5369 thesauri
1511 5329 1525 5369 :
1557 5314 1640 5371 ibi
1671 5332 1899 5388 quoque
1926 5335 2090 5391 aspe-

386 5420 463 5459 ιω
493 5407 548 5457 et
596 5400 907 5455 salebrosas
950 5399 1074 5468 viae,
1122 5398 1200 5456 ibi
1253 5399 1621 5471 precipitia:
1667 5404 1869 5460 itidem
1913 5422 1946 5461 e
1993 5406 2086 5460 di-

386 5507 573 5557 verso,
623 5488 704 5544 ibi
760 5494 850 5545 est
879 5489 1051 5552 Deus,
1078 5489 1154 5545 ibi
1214 5505 1445 5561 quoque
1487 5490 1698 5561 angeli,
1733 5493 1812 5549 ibi
1869 5496 1986 5551 vita
2032 5501 2089 5551 et

389 5594 658 5651 regnum,
685 5577 764 5632 ibi
799 5578 995 5633 lumen
1030 5582 1086 5633 et
1130 5578 1395 5648 apostoli,
1437 5578 1517 5633 ibi
1548 5578 1805 5638 thesauri
1836 5582 2034 5653 gratia:
2066 5599 2082 5640 :

390 5671 471 5731 ibi
514 5672 654 5727 sunt
683 5666 897 5726 omnia.
958 5667 1461 5733 Quemadmodum
1519 5670 1676 5727 enim
1731 5675 1820 5729 est
1872 5672 2087 5735 nebula

2185 4693 2373 4750 σκεῦος
2409 4706 2422 4719 ο
2478 4683 2671 4760 βλέπει
2726 4681 2826 4758 γὰρ
2878 4679 2965 4756 ὑφ’
3011 4674 3088 4748 ἓν,
3139 4674 3387 4751 οὐρανὸν,
3435 4674 3650 4749 ἀστέρα,
3708 4675 3909 4748 ﬁlum,

2185 4778 2437 4847 σελήνην,
2500 4771 2692 4832 πόλεις
2753 4768 2840 4823 καὶ
2920 4763 3069 4820 ἄλλα
3122 4764 3393 4837 κτίσματα
3453 4783 3468 4798 ο
3528 4764 3751 4835 ὁμοίως
3814 4768 3912 4821 καὶ

2198 4866 2331 4923 αὐτὰ
2384 4864 2451 4918 τὰ
2506 4861 2759 4934 ὁρώμενα
2816 4855 2920 4910 ὑπὸ
2975 4854 3037 4909 τὸ
3076 4852 3153 4921 ἓν,
3214 4856 3284 4925 τῇ
3349 4857 3515 4928 μιχρᾷ
3582 4854 3721 4929 κόρῃ
3806 4860 3911 4910 τος

2196 4952 2484 5032 ὀφθαλμοῦ
2541 4950 2925 5025 ἐμμορφοῦται
2973 4965 3064 4999 και
3104 4941 3483 5032 ἐνεικονίζεται
3516 4962 3529 4977 ·
3564 4941 3749 5032 ⁸οὕτως
3793 4943 3912 5000 ἐστῖ

2194 5029 2284 5099 καὶ
2325 5045 2353 5098 ὁ
2394 5046 2518 5103 νοῦς
2549 5039 2626 5104 εἷς
2653 5040 2751 5107 τὴν
2787 5032 3033 5110 καρδίαν.
3068 5032 3167 5088 Καὶ
3212 5031 3348 5101 αὐτὴ
3386 5033 3421 5100 ἡ
3452 5029 3673 5105 καρδία,
3706 5036 3913 5111 μικρόν

2195 5132 2439 5195 τισκεῦός
2467 5132 2600 5199 ἐστι,
2630 5130 2722 5184 καὶ
2753 5129 2865 5183 ἐκεῖ
2911 5128 2964 5180 o't
3010 5121 3323 5199 δράκοντες,
3353 5120 3444 5176 καὶ
3494 5120 3605 5177 ἐκεῖ
3652 5124 3706 5178 οἱ
3758 5122 3915 5179 λέον-

2193 5246 2302 5290 τες,
2327 5222 2437 5278 ἐκεῖ
2466 5222 2533 5276 τὰ
2563 5214 2759 5275 ἲοϐόλα
2789 5214 2975 5290 θηρία,
3004 5213 3095 5269 καὶ
3126 5211 3251 5267 ὅλοι
3282 5212 3333 5266 οἳ
3378 5210 3644 5287 θησαυροὶ
3675 5218 3780 5282 τῆς
3811 5236 3914 5269 κα-

2194 5316 2315 5379 κίας
2346 5335 2357 5347 ·
2392 5312 2483 5368 καὶ
2524 5311 2635 5366 ἐκεῖ
2665 5310 2718 5365 αἱ
2759 5311 3011 5385 τραχεῖαι
3058 5304 3150 5359 καὶ
3199 5301 3488 5376 ἀνώμαλοι
3521 5300 3669 5372 ὁδοὶ,
3699 5302 3817 5358 ἐκεῖ
3855 5304 3912 5359 αἲ

2197 5406 2463 5483 φάραγγες
2497 5424 2510 5435 ·
2571 5402 2784 5474 ὁμοίως
2840 5397 3005 5454 πάλιν
3034 5394 3147 5450 ἐκεῖ
3176 5395 3203 5450 ὁ
3242 5395 3410 5483 ,Θεδῆ
3449 5393 3564 5448 ἐκεῖ
3598 5394 3690 5449 καὶ
3727 5395 3785 5448 οἱ
3822 5397 3911 5471 ἄγα

2193 5481 2369 5573 γελοι,
2429 5492 2539 5547 ἐκεῖ
2584 5493 2619 5560 ἡ
2672 5490 2785 5559 ζωὴ
2825 5486 2916 5543 καὶ
2944 5488 2979 5556 ἡ
3034 5482 3306 5559 βασιλεία,
3337 5481 3450 5539 ἒκεῖ
3476 5486 3539 5538 τό
3572 5485 3812 5573 φῶς-καί
3850 5484 3911 5537 οἱ

2196 5570 2519 5652 ἀπόστολοι,
2553 5578 2663 5635 ἐκεῖ
2703 5577 2755 5632 oi.
2805 5573 3086 5649 θησαυμοὶ
3115 5579 3217 5642 τῆς
3261 5578 3363 5635 τῆς
3412 5573 3669 5647 χάριτος,
3699 5570 3816 5626 ἐκεῖ
3839 5573 3910 5626 τὶ

2195 5676 2371 5731 πάντα
2417 5669 2577 5728 ἐστίν.
2610 5670 2816 5744 Ὥσπερ
2858 5665 2961 5742 γὰρ
3010 5662 3151 5721 ἐστιν
3210 5659 3433 5741 ὁμίχλη
3485 5659 3563 5724 είς
3620 5660 3765 5733 ὅλην
3806 5663 3907 5732 τήν
