4082 6196
273 366 388 426 777

1537 375 1908 440 HOMILIE.
1954 409 2032 422 —-
2077 380 2278 442 HOM.
2328 382 2543 450 XLIII.

3678 405 3791 467 778

270 499 608 602 οἰκουμένην
665 499 1006 602 ἐπικειμένη,
1055 504 1146 560 καὶ
1196 503 1480 580 ἄνθρωπος
1525 506 1812 584 ἄνθρωπον
1863 509 1959 583 οὐχ

2145 529 2262 586 ιρει·
2308 518 2642 578 universam
2691 528 2908 583 terram
2965 534 3228 602 extensa,
3279 538 3337 592 et
3383 535 3556 594 homo
3603 538 3788 596 homi-

267 587 374 662 ὁρᾷ
405 607 419 623 ο
468 588 645 650 οὕτως
701 588 814 645 ἐστὶ
869 592 962 646 καὶ
1007 593 1072 648 τὸ
1129 593 1320 657 σκότος
1375 599 1473 650 τοῦ
1531 595 1733 658 αἰῶνος
1779 597 1977 653 τούτου

264 677 612 754 ἐπικείμενον
669 679 812 756 πάσῃ
867 687 935 755 τῇ
991 683 1161 739 κτίσει
1208 685 1298 740 καὶ
1347 686 1493 762 πάσῃ
1555 687 1709 765 φύσει
1765 689 1979 764 ἀνθρώ-

261 788 372 824 που
425 767 534 824 ἀπὸ
590 775 690 839 τῆς
743 766 1103 845 παραϐάσεως
1155 792 1168 806 ·
1231 774 1350 830 ὅθεν
1407 774 1848 849 έπισκιαζόμενοι
1919 776 1978 833 ἐκ

263 861 365 912 τοῦ
441 858 638 914 σκότου
693 859 746 914 ἐν
804 860 953 916 νυκτί
1009 862 1142 934 ἱεῖσι,
1203 863 1294 917 καὶ
1361 863 1411 920 ἰν
1473 861 1727 943 φοϐεροῖς
1787 866 1977 927 τόποις

263 945 458 1023 ἔχουσι
504 949 604 1017 τήν
644 945 923 1024 διαγωγήν
982 971 995 986 ·

261 1035 409 1093 ἐστιν
457 1036 509 1092 ἐν
569 1035 706 1111 οἴκῳ
753 1039 854 1108 ἑνὶ,
900 1041 1072 1104 οὕτως
1122 1041 1238 1097 έστί
1289 1042 1380 1098 καὶ
1439 1044 1475 1113 ἡ
1536 1044 1778 1118 ἁμαρτία
1841 1045 1976 1117 μετά

259 1134 374 1184 τῶν
461 1130 714 1206 ῥυπαρῶν
794 1129 1076 1207 λογισμῶν
1149 1133 1342 1206 αὐτῆς,
1409 1133 1813 1213 ἐγκαθεζομένη
1882 1135 1972 1192 καὶ

261 1216 570 1298 ἒφέρπουσα
638 1219 716 1285 είς
779 1220 910 1285 τοὺς
989 1221 1296 1299 λογισμοὺς
1369 1231 1470 1295 τῆς
1553 1224 1796 1301 καρδίας,
1881 1225 1970 1281 καὶ

260 1311 488 1382 ἄπειρον
513 1307 728 1382 πλῆσος
761 1310 1058 1387 δαιμόνων.

332 1401 417 1459 Η”.
457 1402 660 1475 Ὠσπερ
715 1399 773 1456 δὲ
822 1401 874 1458 ἰν
903 1409 1019 1465 τοῖς
1051 1401 1425 1482 φαινομένοις,
1455 1426 1699 1479 πονεμου
1737 1427 1969 1480 συγκρο-

254 1489 552 1561 τουμὲνού,
607 1489 708 1546 οὐκ
766 1491 1097 1571 ἀπέρχονται
1155 1495 1208 1549 οἱ
1275 1495 1434 1572 σοφοὶ
1493 1495 1582 1550 καὶ
1651 1501 1968 1570 μεγιστᾶνες

253 1574 394 1646 ἐκτῖ,
469 1577 616 1635 ἀλλά
685 1575 1016 1657 φοϐούμενοι
1087 1583 1180 1639 τὸν
1262 1585 1484 1640 θάνατον
1556 1585 1890 1658 ἀπομένουσι
1950 1604 1965 1619 ο

255 1664 454 1724 λοιπὸν
507 1664 916 1738 προϐάλλονται
974 1674 1026 1728 οἱ
1100 1675 1346 1748 τίρωνες,
1421 1675 1514 1730 καὶ
1580 1675 1636 1729 οἱ
1712 1675 1965 1745 πένητες,

250 1758 346 1814 καὶ
399 1759 451 1814 οἱ
511 1755 749 1834 ἰδιῶται,
806 1760 897 1816 καὶ
955 1757 1240 1837 συμϐαίνει
1298 1762 1382 1819 ὅτι
1434 1765 1591 1836 νίκην
1646 1765 1965 1842 ἐργάζονται

1074 952 1164 1007 καὶ
1233 953 1416 1029 ὥσπερ
1488 958 1694 1009 καπνοῦ
1759 953 1973 1025 πλῆθός

2089 618 2221 690 nem
2284 621 2395 660 non
2457 608 2645 679 videt;
2680 613 2765 670 sic
2821 632 3054 690 quoque
3112 628 3250 677 sunt
3297 629 3545 680 tenebris
3593 629 3790 683 saeculi

2088 689 2263 762 hujus
2322 711 2589 767 expansa
2629 718 2806 774 super
2852 722 3085 764 omnem
3118 718 3439 769 creaturam
3470 724 3523 770 et
3557 717 3793 772 univer-

2087 796 2210 873 sam
2245 789 2512 842 naturam
2556 788 2870 849 humanam
2911 812 2944 849 a
2975 802 3236 870 tempore
3274 805 3787 873 transgressionis;

2086 870 2241 960 unde
2287 876 2543 932 tenebris
2588 880 2758 936 affusi
2801 892 2932 937 sunt
2979 885 3037 940 in
3090 895 3275 960 nocte,
3310 895 3367 946 et
3413 870 3471 946 in
3505 870 3787 950 formida;

2084 957 2300 1054 bilibus
2330 961 2474 1054 locis
2503 965 2680 1022 vitam
2712 975 2915 1039 agunt.
2950 973 3016 1028 Et
3045 957 3540 1045 quemadmodum
3575 998 3788 1054 magna

2084 1048 2227 1144 fumi
2259 1053 2426 1123 copia
2471 1059 2561 1112 est
2608 1057 2666 1112 in
2711 1061 2882 1116 domo
2913 1066 3230 1136 quapiam;
3263 1069 3350 1125 sic
3386 1087 3620 1143 quoque
3651 1048 3784 1144 p'ec-

2084 1141 2280 1196 catum
2339 1158 2470 1198 cum
2523 1149 2790 1205 obscenis
2839 1152 3287 1224 cogitationibus
3333 1158 3456 1214 suis
3488 1141 3702 1216 insidet
3729 1166 3788 1216 et

2081 1228 2264 1298 serpit
2311 1231 2369 1286 in
2409 1235 2790 1306 cogitationes
2849 1242 3060 1310 cordis,
3089 1248 3146 1300 et
3191 1243 3421 1303 infinita
3469 1249 3783 1305 multitudo

2081 1317 2432 1378 damonum.

2161 1420 2306 1476 VIII.
2341 1420 2500 1476 Sicut
2553 1436 2686 1476 vero
2743 1421 2801 1476 in
2862 1424 3037 1479 rebus
3093 1425 3387 1482 oculorum
3446 1429 3588 1483 aciei
3647 1429 3786 1484 sub-

2069 1509 2265 1582 jectis,
2308 1509 2460 1565 bello
2507 1509 2745 1576 indicto,
2807 1527 2923 1568 non
2977 1513 3431 1584 proficiscuntur
3486 1517 3782 1588 sapientes

2078 1602 2180 1654 aut
2234 1603 2534 1669 magnetes
2579 1615 2668 1664 eo,
2702 1601 2826 1668 sed,
2861 1608 3106 1657 mortem
3157 1604 3562 1672 formidantes,
3621 1607 3778 1662 domi

2075 1694 2416 1756 remanent;
2457 1705 2589 1760 ergo
2650 1690 3022 1760 proferuntur
3079 1691 3321 1760 tirones,
3382 1710 3664 1766 pauperes
3722 1700 3780 1752 et

2075 1776 2368 1844 idiotas,et
2421 1778 2655 1844 accidit,
2689 1784 2755 1834 ut
2818 1779 3056 1836 victoria
3112 1787 3444 1853 comparata
3497 1784 3777 1841 adversus

252 1848 392 1904 κατὰ
449 1851 559 1904 τῶν
605 1849 911 1924 πολεμίων,
969 1851 1060 1907 καὶ
1118 1848 1408 1909 διώκουσιν
1468 1853 1664 1917 αὐτοὺς
1730 1853 1790 1910 έκ
1854 1858 1959 1910 τῶν

2145 1873 2296 1936 ειεε,
2328 1872 2747 1939 persequantur
2791 1885 2890 1925 eos
2911 1874 3072 1924 extra
3112 1848 3333 1926 limites
3363 1888 3570 1943 usque,
3603 1879 3777 1944 atque

253 1939 444 2016 ὁρίων,
505 1941 596 1996 καὶ
650 1942 717 1998 τὰ
774 1940 1010 1998 ἐπινίκια
1045 1943 1135 1998 καὶ
1191 1943 1317 2006 τοὺς
1373 1945 1666 2024 στεφάνους
1740 1939 1961 2017 λαμϐά-

252 2051 435 2086 νουσιν
469 2029 575 2087 ἀπὸ
624 2035 721 2087 τοῦ
774 2031 1062 2107 βασιλέως,
1119 2033 1211 2089 καὶ
1257 2031 1507 2110 ἔρχονται
1557 2033 1633 2096 εἷς
1677 2033 1962 2107 προκοπὰς

252 2119 346 2174 καὶ
425 2119 729 2194 ἀξιώματα,
814 2121 1052 2176 κάκεῖνοι
1113 2122 1164 2176 οἱ
1231 2121 1462 2198 μεγάλοι
1522 2123 1701 2178 ὀπίσω
1751 2123 1959 2178 τούτων

254 2211 595 2284 εὑρίσκονται
628 2229 643 2244 ο
677 2209 850 2272 οὕτως
899 2211 1011 2267 ἐστὶ
1061 2211 1154 2267 καὶ
1191 2213 1255 2269 τὸ
1297 2213 1461 2288 μέρος
1489 2213 1552 2268 τὸ
1598 2211 1964 2285 πνευματικόν

249 2301 318 2358 Οἱ
360 2297 580 2356 ἱδιῶται
617 2300 906 2364 ἀκούοντες
963 2299 1016 2372 ἐξ
1065 2302 1245 2377 ἀρχῆς
1291 2303 1384 2358 τὸν
1444 2301 1632 2378 λόγον,
1663 2299 1960 2379 φιλαλήθει

249 2389 507 2464 λογισμῷ
581 2390 644 2445 τὸ
721 2385 880 2467 ἔργον
939 2389 1104 2445 αὐτοῦ
1155 2395 1400 2461 ποιοῦσι,
1460 2391 1550 2445 καὶ
1611 2385 1958 2465 λαμϐάνουσι

247 2480 396 2549 παρά
435 2482 568 2534 Θεοῦ
595 2480 696 2550 τήν
753 2480 918 2555 χάριν
972 2483 1074 2535 τοῦ
1133 2478 1453 2554 Πνεύματος
1487 2497 1502 2511 ⁸
1571 2480 1622 2535 οἱ
1683 2478 1740 2535 δὲ
1793 2470 1958 2558 σοφοὶ

245 2567 339 2622 καὶ
371 2565 584 2630 λεπτῶς
633 2571 915 2638 ζητοῦντες
962 2568 1056 2623 τὸν
1111 2567 1302 2646 λόγον,
1335 2569 1491 2624 οῦτοι
1548 2569 1809 2646 φεύγουσι
1866 2569 1955 2624 τὸν

247 2653 525 2729 πόλεμον,
566 2657 658 2711 καὶ
717 2655 781 2711 ού
838 2657 1232 2731 προκόπτουσι,
1289 2659 1380 2713 καὶ
1440 2657 1616 2713 ὀπίσω
1671 2658 1956 2734 εὑρίσκον-ι

247 2765 341 2800 ται
380 2748 490 2800 τῶν
521 2743 956 2819 πολεμησάντων
981 2746 1073 2802 καὶ
1101 2745 1458 2817 νικησάντων.

321 2836 396 2893 Θ’.
442 2836 649 2909 Ὥσπερ
698 2831 754 2890 δὲ
802 2835 856 2890 οἱ
911 2834 1110 2908 ἄνεμοι
1167 2833 1422 2915 σφοδρῶς
1476 2832 1729 2898 πνέοντες
1784 2837 1958 2892 πάντα

249 2925 317 2980 τὰ
373 2922 640 2997 κτίσματα
683 2924 750 2980 τά
801 2925 904 2981 ὑπὸ
950 2929 1060 2980 τῶν
1113 2925 1357 2999 οὐρανῶν
1407 2930 1644 2994 κινοῦσι,
1673 2926 1763 2981 καὶ
1811 2929 1958 3001 ἦχον

247 3011 424 3070 πολὺν
477 3014 835 3072 ἀποτελοῦσιν
898 3032 915 3050 ⁸
989 3014 1163 3078 οὓτως
1220 3019 1256 3086 ἡ
1316 3015 1545 3091 δύναμις
1600 3021 1697 3072 τοῦ
1753 3017 1956 3094 ἐχθροῦ

245 3104 438 3178 κρούει
500 3105 591 3160 καὶ
649 3106 798 3184 φέρει
853 3104 982 3168 τούς
1038 3103 1360 3180 λογισμοὺς,
1428 3105 1520 3161 καὶ
1598 3104 1815 3162 σαλεύει
1888 3106 1955 3160 τὰ

251 3195 392 3268 βάθη
450 3201 551 3264 τῆς
593 3191 818 3270 καρδίας
875 3197 1011 3272 πρὸς
1077 3197 1140 3252 τὸ
1198 3195 1390 3252 ἑαυτοῦ
1447 3194 1689 3270 θέλημα,
1727 3195 1820 3252 καί
1877 3196 1955 3260 εἷς

245 3287 348 3355 τήν
414 3281 690 3342 διακονίαν
766 3287 934 3342 αὐτοῦ
1026 3285 1305 3360 σκορπίζει
1395 3286 1522 3350 τοὺς
1619 3284 1948 3362 λογισμούς.

245 3379 451 3448 Ὠσπερ
501 3375 637 3432 εἰσὶν
693 3377 744 3432 οἱ
796 3376 1026 3432 τελῶναι
1078 3378 1430 3450 καθεζόμενοι
1487 3377 1562 3441 εἷς
1609 3379 1706 3440 τὰς
1765 3379 1951 3441 στενὰς

244 3464 431 3536 ὀδοὺς,
473 3467 562 3521 καὶ
611 3467 934 3542 κατέχοντες
1001 3467 1129 3529 τοὺς
1192 3467 1488 3543 παριόντας
1541 3469 1632 3523 καὶ
1689 3466 1954 3524 διασείον-

241 3577 352 3626 τες,
385 3556 561 3618 οὕτως
605 3555 696 3610 καὶ
747 3557 798 3611 oi
843 3553 1098 3629 δαίμονες
1148 3555 1467 3632 ἐπιτηροῦσι
1517 3559 1605 3612 καὶ
1655 3559 1950 3632 κατέχουσι

238 3645 338 3708 τὰς
381 3645 586 3720 ψυχὰς,
624 3645 715 3701 καὶ
763 3645 815 3701 ἰν
863 3646 943 3718 τῷ
993 3644 1304 3721 έξέρχεσθαι
1363 3645 1527 3710 αύτάς
1577 3646 1637 3702 ὲκ
1681 3651 1779 3702 τοῦ
1845 3646 1952 3700 σώο

243 3755 442 3809 ματος,
499 3735 587 3790 ἐὰν
645 3736 722 3808 μή
795 3731 1022 3798 τελείως
1091 3736 1510 3810 καθαρισθῶσιν,
1584 3735 1684 3791 ούκ
1738 3734 1954 3810 ἐπιτρέ-

238 3845 438 3880 πονται
504 3821 747 3880 ἀνελθεῖν
802 3823 882 3888 εἷς
935 3825 1031 3888 τὰς
1108 3824 1276 3898 μονάς
1350 3828 1446 3879 τοῦ
1523 3823 1773 3899 ούρανοῦ,
1860 3823 1950 3878 καὶ

239 3913 548 3983 ἀπαντῆσαι
607 3917 686 3985 τῷ
741 3912 985 3989 Δεσπότῃ
1045 3912 1221 3969 αὐτῶν
1282 3931 1297 3947 ·
1374 3911 1765 3990 καταφέρονται
1847 3913 1950 3988 γάρ

243 4005 353 4060 ὑπὸ
415 4008 525 4060 τῶν
587 4002 782 4078 ἀερίων
842 4000 1140 4077 δαιμόνων.
1206 4002 1268 4057 Οἱ
1344 4001 1402 4058 δι
1479 4003 1813 4077 ὑπάρχοντες
1897 4001 1950 4056 ἐν

240 4089 425 4165 σαρκὶ,
480 4087 562 4146 in
631 4087 721 4145 διὰ
776 4089 946 4145 πόνου
1001 4091 1092 4145 καὶ
1151 4088 1367 4166 ἀγῶνος
1443 4086 1660 4144 πολλοῦ
1734 4094 1832 4158 τῆν
1899 4086 1949 4157 ἐξ

239 4178 414 4254 ὕψους
470 4180 617 4256 παρά
675 4179 872 4254 Κυρίου
920 4180 1215 4250 κτήσονται
1278 4179 1439 4253 χάριν
1473 4197 1485 4210 ·
1539 4173 1755 4248 δηλαδὴ
1801 4177 1951 4232 οὗτοι

243 4268 384 4343 μετά
451 4273 558 4324 τῶν
643 4265 712 4324 δι’
796 4268 1047 4344 ἐναρέτου
1115 4267 1576 4340 ἀναπαυσαμένων
1649 4266 1950 4336 πολιτείας,

240 4360 382 4432 πρὸς
428 4359 520 4414 τὸν
574 4359 768 4433 Κύριον
837 4356 1249 4430 ἀπελεύσονται,
1301 4357 1485 4420 καθὼς
1560 4356 1950 4432 ἐπηγγείλατο,

239 4451 416 4504 Ὀπου
477 4447 594 4521 εἰμὶ
653 4447 784 4523 ἐγὼ,
844 4445 956 4503 ἐκεῖ
1009 4448 1102 4503 καὶ
1159 4448 1188 4502 ὁ
1233 4444 1482 4510 διάκονος
1515 4446 1544 4500 ὁ
1593 4445 1723 4519 ἐμὸς
1753 4441 1900 4501 ἔσται
1935 4464 1947 4477 °

241 4539 336 4594 καὶ
421 4538 497 4600 εἷς
581 4539 708 4600 τοὺς
790 4536 1122 4612 ἀπεράντους
1184 4535 1382 4600 αἰῶνας
1452 4531 1948 4609 συμϐασιλεύσουσι

238 4633 322 4700 τῷ
381 4625 573 4702 Πατρῖ,
609 4625 699 4681 καὶ
739 4627 874 4700 Υἱῷ,
916 4625 1008 4682 καὶ
1056 4627 1195 4703 ἁγίῳ
1247 4624 1546 4699 Πνεύματι,
1589 4629 1679 4680 νῦν
1725 4625 1816 4680 καὶ
1871 4625 1952 4680 ἀεὶ
1984 4631 2032 4697 D

241 4719 335 4772 καὶ
368 4716 444 4780 εἰς
471 4717 601 4780 τοὺς
641 4717 840 4777 αἰῶνας
868 4719 975 4771 τῶν
1008 4715 1242 4774 αἰώνων.
1275 4717 1474 4790 ’Δμήν.

870 4827 1121 4881 OMIAIA
1159 4827 1296 4884 ΜΔΖ

242 4910 422 5000 Πυθίαν
499 4912 556 5000 έν
660 4914 966 5000 ἀνθρώπω..
1042 4912 1351 5000 Χριστιαχῷ
1439 4905 1760 5000 μεταξολήν
1865 4909 1954 4994 καὶ

316 4983 649 5074 ἀνακαίνισιγ
726 4983 1104 5074 ἀπεργάζεται
1158 4985 1187 5038 ὁ
1262 4983 1516 5073 ξίριστὸς,
1593 4983 1620 5037 ὁ
1698 4983 1766 5038 τὰ
1857 4983 1956 5051 τῆς

316 5060 506 5134 ψυχῆς
536 5058 680 5128 παθη
711 5057 802 5113 καὶ
831 5056 1022 5116 νύσους
1053 5056 1404 5131 θεραπεύσας.

311 5161 397 5219 Δ’.
447 5163 511 5218 Ὀ
567 5161 1014 5236 προσερχόμενος
1063 5166 1145 5234 τῷ
1200 5165 1338 5233 Θεῷ,
1397 5159 1485 5216 καὶ
1545 5163 1785 5234 Χριστοῦ
1818 5160 1955 5231 πάρ-

238 5247 403 5325 εδρος
478 5248 530 5304 ἄν
603 5247 837 5322 ἀληθείᾳ
889 5247 1036 5306 θέλει
1119 5251 1278 5322 εἶναι,
1361 5250 1558 5305 τούτου
1633 5249 1794 5324 χάριν
1857 5254 1954 5304 τοῦ

237 5341 456 5394 σκοποῦ
521 5337 734 5416 ὀφείλει
790 5339 1190 5415 προσέρχεσθαι
1245 5342 1343 5394 τοῦ
1398 5337 1706 5415 ἀλλαγῆναι
1767 5337 1952 5409 αὐτὸν,

239 5428 338 5482 καὶ
408 5422 820 5498 μεταϐληθῆναι
901 5427 1008 5484 ὰπὸ
1074 5435 1176 5498 τῆς
1232 5424 1502 5504 προτέρας
1579 5427 1952 5490 καταστάσεως

240 5519 340 5576 καὶ
414 5519 776 5595 ἀναστροφῆς,
843 5519 934 5576 καὶ
1009 5517 1177 5575 καλὸν
1255 5519 1343 5574 καὶ
1429 5519 1612 5575 καινὸν
1668 5516 1952 5594 ἄνθρωπον

320 5723 373 5757 ⁷⁸
400 5724 567 5781 Joan.
602 5738 704 5798 xu,
742 5724 832 5779 26.

2069 1958 2323 2013 victoriae
2381 1958 2632 2030 praemiis
2697 1974 2762 2014 ac
2818 1960 3048 2016 coronis
3103 1977 3138 2015 a
3195 1977 3326 2033 rege
3375 1962 3645 2032 acceptis,
3702 1964 3777 2018 ad

2071 2046 2389 2118 dignitates
2438 2052 2496 2102 et
2549 2048 2833 2104 honorum
2879 2049 3098 2120 gradus
3137 2056 3630 2121 promoveantur;
3691 2051 3778 2108 illi

2069 2149 2203 2190 vero
2235 2133 2432 2206 magni
2456 2133 2625 2201 longe
2667 2135 2740 2190 ab
2783 2135 2990 2190 horum
3039 2141 3202 2208 tergo
3247 2135 3656 2208 reperiuntur:
3689 2137 3776 2194 sic

2070 2240 2305 2297 quoque
2343 2240 2407 2281 se
2451 2240 2544 2280 res
2584 2224 2760 2281 habet
2803 2226 3148 2297 spiritualis.
3201 2226 3397 2284 Rudes
3445 2243 3512 2284 ac
3544 2227 3773 2298 plebeii,

2070 2314 2373 2371 audientes
2403 2314 2569 2370 initio
2599 2316 2826 2372 verbum
2857 2317 3138 2382 veritatis,
3167 2317 3389 2373 amanti
3419 2317 3775 2389 cogitatione

2070 2420 2220 2476 opus
2274 2404 2404 2474 ejus
2450 2404 2780 2475 perﬁciunt,
2825 2410 2884 2463 et
2925 2405 3221 2478 accipiunt
3265 2423 3300 2462 a
3346 2406 3463 2462 Deo
3519 2407 3772 2478 gratiam

2065 2492 2316 2564 Spiritus
2357 2513 2372 2561 ;
2417 2494 2711 2564 sapientes
2757 2511 2913 2564 vero,
2953 2499 3010 2552 et
3066 2495 3168 2566 qui
3213 2495 3596 2552 subtilitatem
3647 2511 3774 2551 ver-

2069 2585 2277 2639 borum
2310 2586 2634 2656 requirunt,
2666 2585 2727 2640 hi
2758 2585 2994 2658 fugiunt
3022 2584 3266 2655 bellum,
3301 2601 3406 2642 nec
3437 2585 3770 2656 proﬁciunt,

2067 2673 2170 2728 sed
2202 2675 2551 2746 posteriores
2605 2673 2987 2730 inveniuntur
3040 2673 3116 2730 iis
3171 2673 3274 2746 qui
3312 2673 3466 2731 bello
3496 2678 3660 2746 gesto
3689 2673 3773 2729 vi-

2066 2762 2305 2820 ctoriam
2338 2767 2730 2836 reportarunt.

2147 2857 2247 2912 IX.
2273 2852 2780 2922 Quemadmodum
2819 2867 2952 2909 vero
2983 2851 3138 2908 venti
3166 2851 3537 2908 vehementer
3567 2851 3772 2908 ﬂantes

2065 2962 2267 3005 omnes
2310 2953 2606 3001 creaturas
2652 2957 2780 3013 qua
2833 2944 2972 2996 sunt
3025 2941 3135 2996 sub
3167 2939 3351 3008 cmlis,
3381 2945 3771 3008 commovent,

2065 3046 2240 3110 atque
2287 3049 2496 3092 sonum
2545 3033 2844 3104 ingentem
2893 3030 3115 3100 edunt;
3157 3028 3244 3085 sic
3286 3029 3547 3099 potentia
3587 3027 3773 3084 hostis

2064 3128 2282 3202 pulsat,
2311 3126 2421 3181 fert
2449 3121 2856 3196 cogitationes,
2889 3123 3059 3190 atque
3101 3118 3283 3189 agitat
3320 3117 3610 3190 profunda
3639 3133 3771 3174 cor-

2065 3223 2156 3278 dis
2183 3234 2287 3292 pro
2315 3233 2425 3274 suo
2456 3216 2643 3288 ipsius
2671 3212 2888 3281 lubitu,
2918 3217 2976 3266 et
3022 3211 3083 3266 in
3127 3209 3522 3265 ministerium
3562 3208 3654 3264 sui
3687 3209 3773 3264 di-

2061 3309 2276 3383 spergit
2323 3305 2722 3378 cogitationes.
2779 3302 2945 3358 Sicut
3001 3297 3298 3372 publicani
3355 3298 3561 3354 sedent
3601 3299 3771 3366 juxta

2063 3399 2184 3456 vias
2213 3405 2518 3470 angustas,
2550 3401 2606 3450 et
2643 3392 2902 3450 retinent
2949 3395 3122 3461 atque
3163 3386 3510 3444 concutiunt
3539 3391 3770 3457 praeter-

2061 3493 2303 3547 euntes:
2337 3485 2420 3542 sic
2461 3499 2695 3558 quoque
2731 3481 3026 3536 diemones
3073 3476 3379 3534 observant
3423 3482 3480 3534 et
3507 3476 3771 3533 detinent

2061 3576 2310 3642 animas,
2351 3578 2410 3631 et
2453 3575 2594 3630 dum
2644 3573 2932 3628 decedunt
2989 3586 3070 3627 ea
3109 3587 3140 3626 e
3175 3583 3435 3642 corpore,
3481 3565 3595 3623 nisi
3640 3578 3768 3634 per-

2060 3668 2205 3723 fecte
2261 3665 2476 3722 fuerint
2530 3667 2884 3735 expurgatae,
2916 3677 3030 3718 non
3071 3661 3423 3733 permittunt
3451 3656 3534 3714 eis
3566 3669 3770 3712 ascen-

2060 3758 2197 3812 dere
2226 3757 2298 3811 ad
2334 3753 2670 3810 mansiones
2712 3751 2864 3817 cmli,
2893 3756 2950 3806 et
2992 3764 3294 3806 occurrere
3337 3746 3584 3803 Domino
3615 3759 3716 3799 suo
3750 3759 3764 3798 :

2061 3847 2401 3899 evertuntur
2446 3840 2605 3896 enim
2659 3839 2730 3894 ab
2779 3836 2950 3894 aeriis
3007 3835 3409 3892 daemonibus.
3469 3832 3577 3898 Qui
3634 3845 3766 3886 vero

2059 3937 2369 3989 versantur
2413 3929 2470 3985 in
2523 3944 2718 3997 carne,
2751 3924 3138 3982 nihilominus
3185 3937 3420 3978 summo
3465 3920 3663 3976 labore
3701 3935 3766 3974 ac

2061 4021 2380 4078 certamine
2437 4033 2749 4091 supernam
2780 4033 2814 4072 a
2854 4015 3102 4071 Domino
3151 4015 3587 4082 consequentur
3635 4025 3766 4081 gra-

2059 4111 2233 4168 tiam:
2271 4126 2478 4180 nempe
2525 4107 2584 4164 hi
2628 4123 2762 4164 cum
2815 4105 2954 4171 illis,
2986 4103 3088 4174 qui
3125 4119 3225 4176 per
3265 4101 3571 4157 honestam
3611 4100 3767 4170 quie-

2060 4206 2265 4258 verunt
2336 4197 2857 4265 conversationem,
2890 4195 2961 4250 ad
3028 4191 3340 4250 Dominum
3399 4189 3766 4260 proﬁciscen-

2060 4298 2179 4359 tur,
2209 4295 2274 4346 ut
2304 4287 2598 4361 pollicitus
2619 4292 2710 4343 est
2743 4302 2757 4340 :
2785 4285 2882 4342 Ubi
2910 4300 3030 4340 sum
3059 4299 3182 4352 ego,
3214 4289 3268 4338 et
3305 4280 3422 4336 illic
3437 4283 3489 4336 et
3513 4277 3770 4334 minister

2058 4379 2342 4437 meruerit
2370 4380 2453 4448 ἠς
2485 4383 2544 4434 et
2591 4393 2694 4450 per
2721 4374 2953 4432 inﬁnita
2999 4372 3212 4429 saecula
3267 4369 3599 4442 regnabant
3636 4383 3769 4423 cum

2059 4470 2231 4526 Patre
2257 4475 2315 4525 et
2361 4467 2525 4535 Filio,
2560 4472 2618 4522 et
2665 4465 2882 4536 Spiritu
2930 4466 3155 4527 sancto,
3185 4475 3344 4517 nunc
3398 4463 3458 4515 et
3514 4473 3766 4530 semper,

2063 4566 2122 4618 et
2148 4560 2208 4616 in
2241 4557 2453 4616 secula
2481 4553 2847 4614 seculorum.
2879 4556 3090 4609 Amen.

2562 4807 2719 4865 I40
2758 4803 3054 4863 HOMILIA
3089 4800 3278 4859 XLlV.

2069 4903 2344 4973 Quantam
2373 4901 2435 4956 in
2483 4899 2716 4973 homine
2735 4893 3076 4973 Christiana
3105 4888 3469 4973 mutationem
3514 4891 3568 4973 et
3597 4902 3772 4945 reno-

2135 4972 2417 5030 vationem
2452 4972 2626 5040 faciat
2682 4969 2950 5036 Christus,
2983 4966 3076 5037 qui
3131 4963 3332 5018 anima:
3374 4960 3683 5033 affectiones
3709 4976 3773 5015 ac

2135 5044 2354 5102 morbos
2385 5043 2622 5099 sanavit.

2139 5154 2185 5211 Ι.
2216 5153 2322 5221 Qui
2385 5149 2611 5209 accedit
2657 5151 2730 5206 ad
2784 5151 2986 5216 Deum,
3017 5149 3074 5203 et
3112 5143 3326 5201 Christi
3365 5156 3631 5198 assessor
3681 5154 3767 5194 re-

2065 5262 2200 5302 vera
2246 5260 2377 5301 esse
2422 5243 2734 5309 desiderat,
2794 5240 2974 5311 hujus
3044 5235 3208 5308 scopi
3264 5233 3449 5306 gratia
3501 5230 3773 5331 accedere

2067 5336 2257 5404 debet,
2290 5338 2350 5390 ut
2380 5336 2750 5389 convertatur
2790 5330 2937 5402 ipse,
2959 5332 3018 5384 et
3063 5327 3496 5382 transmutetur
3533 5337 3566 5376 ε
3597 5327 3775 5390 priori

2064 5430 2218 5486 statu
2277 5429 2334 5482 et
2379 5424 2834 5489 conversatione,
2865 5435 2931 5476 ac
2977 5419 3196 5474 bonum
3252 5419 3310 5472 et
3339 5427 3552 5469 novum
3583 5409 3773 5466 bomi-

2065 5532 2202 5574 nem
2234 5515 2616 5581 demonstret,
2647 5511 2747 5582 qui
2795 5507 2944 5565 nihil
2992 5504 3202 5564 veteris
3250 5499 3506 5561 hominis
3535 5501 3724 5573 gestet
3755 5514 3769 5553 :
