4082 6196
407 369 521 426 779

403 584 686 642 Dominus
714 585 869 640 enim
914 589 1111 640 noster
1159 582 1329 638 Jesus
1375 582 1636 638 Christus
1684 585 1985 653 propterea
2013 596 2110 635 ve—

404 674 514 742 nit,
551 683 611 730 ut
669 679 936 729 naturam
986 675 1365 736 converteret,
1394 674 1645 727 mutaret
1701 676 1757 726 et
1787 672 2108 737 renovaret,

405 768 579 836 atque
615 779 851 819 rursum
900 762 1175 817 conderet
1231 760 1488 815 animam
1531 760 1680 816 hanc
1730 775 1989 814 eversam
2021 759 2107 814 af-

401 854 750 910 fectionibus
824 856 1061 923 propter
1117 849 1659 919 transgressionem,
1719 849 2109 905 commiscens

402 945 665 1000 eamdem
725 959 859 999 cum
908 958 1014 997 suo
1062 941 1286 1013 Spiritu
1331 940 1546 996 divino.
1579 944 1799 995 Novam
1831 945 2106 1007 mentem,

400 1050 608 1089 novam
657 1032 937 1099 animum,
971 1047 1152 1087 novos
1208 1030 1430 1097 oculos,
1463 1046 1638 1085 novas
1676 1046 1866 1098 aures,
1899 1045 2107 1085 novam

401 1122 666 1193 linguam
718 1119 1107 1192 spiritualem,
1158 1124 1214 1175 et
1264 1123 1329 1175 ut
1378 1119 1615 1175 omnino
1663 1120 1874 1187 dicam,
1929 1134 2109 1174 novos

398 1212 669 1268 homines
716 1211 1014 1266 credentes
1059 1209 1111 1265 ei
1160 1213 1223 1265 ut
1278 1208 1558 1277 efﬁceret,
1588 1209 1763 1274 venit,
1797 1224 1897 1263 seu
1929 1224 2110 1264 novos

401 1306 583 1365 utres,
646 1316 869 1368 ungens
931 1315 1026 1354 eos
1083 1314 1183 1354 suo
1241 1297 1428 1369 ipsius
1472 1298 1694 1353 lumine
1743 1297 2149 1368 cognitionis,‘

403 1394 467 1444 ut
535 1387 868 1443 infunderet
932 1387 1129 1443 vinum
1186 1402 1421 1453 novum,
1483 1387 1633 1456 quod
1703 1391 1793 1442 est
1859 1386 2110 1457 Spiritus

398 1479 543 1548 eius.
584 1480 783 1533 Vinum
821 1475 1000 1542 enim,
1032 1477 1131 1546 ait,
1163 1492 1363 1535 novum
1404 1474 1463 1530 in
1495 1482 1641 1531 uiros
1695 1491 1859 1533 novos
1886 1476 2109 1532 mitten-

400 1568 531 1626 dum
562 1567 627 1623 ⁷⁴.

468 1841 539 1898 ΙΙ.
579 1838 1076 1903 Quemadmodum
1119 1838 1274 1894 enim
1332 1837 1519 1934 hostis
1559 1841 1766 1934 nactus
1812 1838 2109 1934 hominem
2144 1869 2193 1934 Β

397 1930 510 1986 sibi
542 1930 943 2000 subjugatum,
975 1945 1110 1984 eum
1154 1944 1365 1984 novum
1400 1929 1459 1984 in
1489 1930 1578 1984 sui
1611 1930 1859 2001 gratiam
1901 1931 2109 2000 eﬂ'eeit,

396 2018 743 2091 vitiosisque
845 2016 1251 2075 atiectionibus

399 2108 612 2181 spiritu
644 2107 973 2179 peccati,ac
1022 2109 1223 2164 vinum
1273 2108 1463 2163 omnis
1512 2108 1836 2178 iniquitatis
1878 2114 1935 2164 et
1988 2127 2113 2180 pra-

398 2214 480 2254 vss
503 2197 778 2254 doctrinis
808 2197 870 2252 in
919 2213 1051 2252 eum
1086 2196 1330 2252 immisit
1363 2212 1375 2251 :
1412 2195 1495 2251 sic
1532 2213 1765 2268 quoque
1805 2198 2109 2266 Dominus,

400 2306 532 2345 cum
585 2288 931 2344 redemisset
985 2304 1119 2343 eum
1172 2289 1243 2343 ab
1292 2288 1481 2355 hoste,
1521 2304 1737 2342 novum
1765 2289 2109 2358 constituit;

398 2396 654 2452 cumque
694 2378 956 2435 unxisset
1004 2395 1108 2434 suo
1156 2378 1343 2450 ipsius
1374 2377 1613 2449 Spiritu,
1647 2379 1847 2433 vinum
1880 2395 2111 2451 quoque

394 2470 526 2523 vitea
559 2472 616 2524 et
661 2484 869 2523 novam
901 2467 1155 2539 Spiritus
1204 2467 1530 2522 doctrinam
1579 2466 1638 2521 in
1680 2483 1814 2522 eum
1874 2468 2108 2524 infudit.

399 2558 506 2625 Qui
535 2559 689 2614 enim
737 2558 979 2613 mutavit
1027 2566 1291 2612 naturam
1341 2557 1599 2627 quinque
1642 2573 1859 2628 panum
1914 2558 1972 2613 in
2006 2576 2110 2616 na-

400 2653 593 2704 turam
656 2647 1071 2717 multitudinis,
1102 2652 1160 2702 et
1208 2654 1427 2701 natura:
1476 2646 1628 2701 asini
1670 2647 1894 2702 ratione
1924 2649 2110 2704 desti-

400 2741 585 2794 tutuae
626 2753 822 2792 vocem
855 2737 1039 2802 dedit,
1067 2739 1125 2791 et
1156 2736 1521 2791 meretricem
1564 2737 1632 2790 ad
1664 2738 2105 2808 temperantiam

397 2827 701 2895 convertit,
726 2831 783 2881 et
832 2826 1009 2898 ignis,
1069 2826 1352 2881 adurendi
1410 2825 1467 2880 vi
1525 2826 1773 2898 praditi,
1833 2835 2106 2885 naturam

395 2918 466 2973 ad
526 2916 851 2988 irrigandos
905 2932 1004 2971 eos
1055 2916 1155 2986 qui
1204 2923 1365 2972 erant
1416 2916 1473 2970 in
1533 2917 1765 2971 camino
1833 2917 2107 2975 idoneam

396 3005 670 3074 reddidit,
730 3010 787 3061 et
844 3009 1112 3060 naturam
1174 3005 1402 3060 leonum
1469 3006 1788 3075 agrestium
1858 3007 2109 3066 ferarum

395 3102 633 3169 propter
688 3095 985 3151 Danielem
1045 3096 1446 3157 mansuefecit,
1490 3096 1584 3151 hic
1629 3113 1863 3168 quoque
1920 3104 2112 3169 potest

396 3186 653 3242 animam
704 3187 993 3241 desertam
1044 3191 1101 3241 et
1150 3190 1440 3255 agrestem
1491 3202 1524 3240 a
1558 3191 1789 3255 peccato
1822 3187 2106 3256 effectam,

398 3279 731 3331 convertere
780 3275 843 3329 in
901 3291 1067 3329 suam
1112 3274 1301 3345 ipsius
1352 3274 1691 3339 bonitatem,
1738 3274 2109 3334 clementiam

401 3370 458 3421 et
489 3381 710 3435 pacem,
742 3364 959 3435 Spiritu
1004 3363 1415 3435 promissionis
1445 3370 1643 3420 sancto
1664 3374 1718 3420 et
1749 3364 1967 3423 divino.

478 3457 573 3510 III.
612 3454 853 3509 Perinde
894 3452 1049 3507 enim
1104 3469 1170 3508 ac
1219 3461 1413 3523 pastor
1441 3454 1766 3511 scabiosam
1800 3471 1965 3513 ovem
2010 3473 2113 3528 po-

402 3548 521 3600 test
578 3559 801 3611 curare,
834 3547 892 3597 et
921 3560 955 3598 a
1013 3542 1167 3615 lupis
1215 3544 1531 3611 custodire,
1554 3546 1757 3601 eodem
1808 3546 1977 3603 modo
2024 3563 2115 3603 ve-

403 3646 509 3685 rus
542 3633 740 3701 pastor
786 3629 1049 3685 Christus
1099 3629 1337 3685 veniens
1388 3630 1554 3687 solus
1604 3633 1797 3703 potuit
1827 3648 2028 3689 curare
2058 3639 2114 3691 et

403 3726 732 3775 convertere
771 3719 1058 3791 perditam
1120 3724 1177 3775 et
1220 3720 1543 3776 scabiosam
1575 3738 1762 3789 ovem,
1797 3723 2112 3790 hominem,

404 3826 437 3864 a
467 3809 656 3864 scabie
678 3816 731 3865 et
784 3808 946 3879 lepra
999 3810 1238 3880 peccati.
1273 3809 1500 3865 Priores
1547 3810 1703 3867 enim
1755 3815 2111 3880 sacerdotes,

402 3898 607 3955 Levita
640 3907 811 3970 atque
870 3898 1158 3970 magistri,
1200 3915 1315 3955 non
1377 3906 1687 3970 potuerunt
1717 3919 1926 3959 sanare
1982 3904 2113 3961 ani-

399 4006 557 4046 mam
613 3989 1004 4046 oblationibus
1065 4006 1378 4045 munerum
1429 3996 1488 4047 et
1549 3993 1998 4060 sacrificiorum,
2032 3999 2110 4049 at-

399 4095 513 4151 que
575 4079 1016 4150 aspersionibus
1080 4079 1404 4148 sanguinis,
1460 4097 1591 4136 cum
1656 4096 1761 4137 nec
1830 4098 1893 4137 se
1956 4082 2113 4153 ipsos

397 4167 698 4238 potuerint
752 4183 992 4233 curare;
1039 4168 1255 4222 etenim
1314 4167 1428 4237 ipsi
1489 4184 1723 4239 quoque
1772 4169 2114 4227 infirmitate

397 4262 561 4312 erant
593 4258 815 4311 amicti.
848 4258 963 4311 Non
1002 4257 1150 4313 enim
1195 4266 1391 4327 potesl,
1422 4259 1637 4329 inquit,
1672 4263 1897 4330 sanguis
1928 4270 2112 4317 tauro-

398 4362 523 4401 rum
580 4352 633 4399 et
681 4344 965 4399 hircorum
1013 4349 1233 4415 auferre
1276 4352 1491 4416 peccata
1537 4348 1602 4403 ⁷⁸.
1660 4349 1940 4405 Dominus
1979 4366 2112 4407 vero

399 4432 566 4498 dixit,
617 4439 1091 4489 commonstrans
1157 4434 1561 4489 inﬁrmitatem
1637 4444 1754 4491 turn
1831 4440 2112 4508 temporis

402 4522 763 4576 medicorum
802 4536 813 4574 :
848 4519 1079 4576 Omnino
1109 4521 1297 4577 dicetis
1326 4524 1466 4579 mihi
1489 4525 1629 4580 hanc
1648 4526 2110 4584 similitudinem:

401 4609 635 4676 Mediae,
672 4626 813 4665 cura
862 4615 914 4665 te
960 4614 1139 4681 ipsum
1169 4610 1233 4667 ⁷⁸.
1282 4619 1385 4668 Pro
1437 4631 1502 4669 eo
1538 4631 1551 4669 :
1584 4616 1700 4670 Non
1746 4632 1870 4670 sum
1914 4633 2010 4687 ego

2226 4601 2395 4677 ἒρεῖτέ
2464 4626 2559 4678 μοι
2623 4607 2725 4675 τὴν
2782 4602 3107 4681 παραϐολὴν

400 4702 508 4769 illi,
541 4705 636 4774 qui
678 4717 775 4757 nec
813 4717 871 4757 se
919 4704 1057 4774 ipsos
1105 4711 1332 4774 possunt
1381 4721 1594 4760 curare.
1630 4706 1749 4777 Ego
1781 4724 1906 4763 sum
1940 4724 2110 4765 verus

401 4793 684 4859 medicus,
718 4800 770 4847 et
802 4792 986 4849 bonus
1026 4798 1241 4865 pastor,
1275 4794 1377 4866 qui
1432 4812 1584 4867 pono
1630 4798 1888 4853 animam
1924 4815 2109 4855 meam

396 4896 500 4951 pro
530 4882 755 4949 ovibus,
780 4881 877 4954 qui
936 4898 1168 4953 possum
1221 4898 1421 4939 curare
1470 4902 1704 4941 omnem
1752 4886 2021 4941 morbum
2055 4892 2110 4943 et

398 4986 629 5025 omnem
665 4969 1125 5027 imbecillitatem
1158 4972 1388 5029 animae.
1411 4976 1529 5046 Ego
1570 4992 1699 5031 sum
1732 4975 2108 5032 immaculata

392 5058 536 5125 ovis,
568 5075 696 5129 quae
738 5060 907 5115 semel
966 5060 1158 5116 oblata
1199 5070 1308 5128 est,
1354 5067 1409 5118 et
1448 5063 1548 5134 qui
1579 5064 1862 5119 accedunt
1893 5063 1965 5119 ad
1996 5081 2105 5135 me,

401 5165 499 5205 eos
549 5166 792 5222 possum
844 5166 1066 5206 curare.
1116 5152 1258 5205 Vera
1306 5151 1460 5206 enim
1506 5153 1726 5208 sanitas
1776 5169 1810 5208 a
1859 5153 2106 5209 Domino

396 5237 519 5293 solo
586 5239 994 5309 proﬁciscitur.
1028 5241 1160 5295 Ecce
1221 5241 1399 5309 enim,
1456 5242 1669 5313 inquit,
1738 5244 1919 5313 Agnus
1987 5243 2103 5312 Dei,

400 5326 496 5397 qui
524 5329 665 5382 tollit
697 5336 916 5399 peccata
949 5329 1142 5383 mundi
1172 5328 1217 5364 ⁷⁷
1252 5346 1265 5384 :
1299 5330 1511 5385 animae
1544 5332 1821 5386 nimirum
1855 5333 2103 5387 creden-

399 5416 476 5469 tis
500 5416 572 5485 ei,
595 5423 650 5471 et
673 5418 974 5491 diligentis
1001 5436 1131 5475 eum
1166 5436 1233 5474 ex
1263 5423 1383 5476 toto
1412 5423 1604 5477 corde.

401 5505 534 5557 Θεοῦ
609 5504 637 5558 ὁ
712 5506 880 5580 αἴρων
956 5508 1055 5576 τὴν
1134 5508 1405 5582 ἁμαρτίαν
1481 5512 1577 5563 τοῦ
1653 5510 1887 5582 κόσμου,
1954 5516 2053 5579 τῆς
2126 5510 2315 5581 ψυχῆς

403 5591 562 5647 αὐτὸν
620 5591 669 5664 ἐξ
727 5594 867 5665 ὅλης
920 5594 1167 5669 καρδίας.

1363 2018 1853 2075 circumvolutum
1947 2020 2116 2076 unxit

1746 357 1805 418 s.
1855 354 2191 418 MACARII
2238 352 2579 417 IEGYPTII
3742 375 3834 434 περ

401 495 463 551 Si
519 494 644 567 quis
681 494 858 563 enim,
908 492 1123 566 inquit,
1162 494 1221 547 in
1272 490 1511 561 Christo,
1562 506 1700 548 nova
1754 491 2040 546 creatura'

2223 483 2639 561 ἀποδειχθῆναι,
2728 486 2896 559 μηδὲν
2980 511 3033 545 τι
3119 496 3216 545 τοῦ

3313 493 3540 550 παλαιοῦ
3615 499 3838 575 ἀνθρώπου

2221 577 2632 656 ἐπιφερόμενον.
2695 576 2759 633 Ε⁹ί
2815 600 2899 641 τις
2943 579 3069 657 γὰρ,
3121 581 3305 658 φησὶν,
3358 582 3407 637 ἐν
3461 586 3670 660 Χριστῷ,
3719 596 3838 661 καινή

2216 668 2411 729 κτίσις.
2468 668 2566 723 Καὶ
2617 668 2720 745 γὰρ
2775 670 2802 724 ὁ
2852 669 3048 743 Κύριος
3105 673 3267 745 ἡμῶν
3318 675 3517 742 Ἰησοῦς
3563 681 3752 752 Χριστὸς
3778 680 3845 736 διὰ

2217 761 2378 812 τοῦτο
2442 756 2829 833 παραγέγονεν,
2892 759 3030 814 ὥστε
3112 767 3210 831 τῆν
3298 764 3450 839 φύσιν
3520 765 3721 837 ἀλλάξαι
3779 772 3845 825 καὶ

2224 841 2547 919 μεταϐαλεῖν
2605 848 2695 902 καὶ
2757 848 3114 920 ἀνακαινίσαι,
3171 850 3263 905 καὶ
3318 852 3601 923 ἀνακτίσαι,
3643 859 3726 925 τὴν
3772 863 3847 931 ttu-

2217 937 2325 1011 χὴν
2412 937 2613 1007 ταύτην
2675 939 2773 1007 τὴν
2856 941 3339 1015 κατεστραμμένην
3412 948 3523 1005 τοῖς
3574 945 3737 1000 πάθεσι
3786 945 3851 1002 διά

2217 1026 2317 1091 τήν
2394 1022 2723 1100 παράϐασιν,
2783 1030 3012 1103 κεράσας
3062 1034 3143 1102 τῷ
3210 1027 3337 1103 ῗδίῳ
3402 1032 3554 1088 αὐτοῦ
3628 1036 3847 1108 Πνεόματι

2217 1120 2316 1183 τῆς
2376 1116 2654 1187 θεότητος.
2724 1119 2924 1173 Καινὸν
2985 1122 3128 1190 νοῦν,
3191 1119 3282 1174 καὶ
3338 1122 3521 1192 καινὴν
3572 1126 3751 1198 ψυχὴν,
3785 1126 3850 1179 καὶ

2218 1205 2442 1267 καινοὺς
2534 1205 2876 1285 ὀφθαλμοὺς,
2950 1209 3105 1263 καινὰ
3191 1208 3326 1273 ὦτα,
3398 1212 3578 1281 καινὴν
3657 1212 3851 1289 γλῶτταν

2220 1298 2614 1368 πνευματικήν,
2708 1297 2796 1352 καὶ
2880 1298 3215 1372 ἁπαξαπλῶς
3311 1301 3523 1363 καινοὺς
3596 1302 3854 1376 ἀνθρώπους

2218 1384 2344 1446 τοὺς
2418 1388 2774 1449 πιστεύοντας
2848 1390 2997 1461 αὐτῷ
3067 1389 3231 1458 ἦλθεν
3310 1390 3705 1466 ἀπεργάσασθαι,
3759 1392 3851 1461 ἤτοι

2221 1474 2440 1537 καινοὺς
2490 1477 2709 1549 ἀσκοὺς,
2772 1478 2967 1552 χρίσας
3028 1479 3224 1541 αὐτοὺς
3276 1484 3355 1552 τῷ
3404 1482 3585 1536 ἑαυτοῦ
3637 1482 3852 1559 φωτὶτῆς

2218 1564 2490 1640 γνώσεως,
2537 1564 2633 1620 ’ίνα
2693 1562 2974 1641 μεταϐάλῃ
3037 1566 3157 1623 νὲον
3215 1568 3384 1637 οἶνον,
3442 1568 3471 1623 ὅ
3501 1569 3604 1625 ἐστι
3638 1571 3691 1627 τὸ
3734 1575 3853 1626 Πνεῦ-

2223 1675 2299 1727 μα
2349 1654 2536 1711 αὐτοῦ.
2601 1656 2758 1712 Οἶνον
2810 1657 2937 1732 γὰρ,
2995 1658 3150 1735 φησί,
3183 1657 3297 1713 νέον
3346 1658 3424 1724 εἷς
3468 1660 3649 1723 ἀσκοὺς
3689 1660 3854 1721 καινοὺς

2224 1740 2485 1816 βλητέον.

2294 1834 2371 1890 B'.
2434 1832 2634 1906 Ὠσπερ
2692 1832 2792 1909 γὰρ
2852 1836 2881 1890 ὅ
2940 1834 3133 1912 ἐχθρὸς
3202 1832 3390 1894 λαϐὼν
3468 1839 3558 1893 τὸν
3630 1838 3855 1914 ἄνθρωπον

2229 1922 2572 1997 ὑποχείριον,
2640 1926 2823 1980 καινὸν
2908 1926 3067 1982 αὐτὸν
3160 1928 3237 1990 εἷς
3330 1929 3519 1984 ἑαυτὸν
3606 1928 3850 2003 εἰργάσατο,

2223 2015 2414 2068 πάθεσι
2483 2016 2674 2077 κακίας
2740 2013 3077 2090 περιϐαλὼν,
3134 2018 3224 2073 καὶ
3268 2018 3469 2093 χρίσας
3525 2024 3597 2091 τῷ
3647 2020 3856 2091 πνεύματι

2220 2109 2320 2171 τῆς
2379 2103 2669 2179 ἁμαρτίας,
2728 2106 2819 2159 τὸν
2883 2105 3024 2161 οἶνον
3087 2111 3190 2173 τῆς
3265 2108 3505 2182 ἀνομίας
3582 2110 3737 2179 πάσης
3792 2106 3856 2161 καὶ

2219 2192 2409 2254 κακίας
2471 2189 2824 2256 διδασκαλίας
2897 2190 3149 2251 ἐνέϐαλεν
3211 2196 3288 2259 εἱς
3340 2199 3501 2253 αὐτόν
3535 2217 3549 2231 ·
3605 2196 3749 2260 οὕτως
3789 2194 3858 2249 καὶ

2225 2281 2252 2334 ὁ
2303 2281 2504 2357 Κύριος
2556 2281 2976 2358 λυτρωσάμενος
3027 2285 3188 2340 αὐτὸν
3237 2285 3348 2342 ἀπὸ
3407 2291 3502 2342 τοῦ
3555 2286 3748 2361 ἐχθροῦ,
3773 2306 3859 2339 χαι-

2220 2371 2307 2425 νὸν
2364 2370 2731 2446 ἀπειργάσατο
2768 2392 2780 2404 ·
2840 2373 3040 2449 χρίσας
3096 2380 3177 2447 τῷ
3233 2376 3431 2432 ἑαυτοῦ
3500 2376 3753 2448 Πνεῦματι,
3791 2373 3854 2427 καὶ

2217 2460 2308 2514 τὸν
2366 2466 2468 2528 τῆς
2548 2466 2692 2529 ζωῆς
2751 2463 2918 2531 οἶνον,
2971 2464 3070 2531 τήν
3150 2465 3348 2533 καινὴν
3434 2469 3529 2520 τοῦ
3609 2463 3855 2535 Πνεόματος

2221 2546 2570 2604 διδασκαλίαν
2636 2549 2712 2610 εἷς
2798 2550 2957 2606 αὐτὸν
3036 2551 3267 2626 ἐνέχεεν.
3325 2554 3389 2611 Ὀ
3444 2554 3547 2629 γὰρ
3602 2546 3855 2625 μεταϐαλὼν

2216 2640 2315 2708 τήν
2378 2637 2532 2716 φύσιν
2592 2642 2702 2693 τῶν
2749 2639 2906 2696 πέντε
2971 2641 3149 2716 ἄρτων
3207 2642 3283 2704 εἷς
3347 2644 3504 2721 φύσιν
3542 2637 3857 2712 πλήθοὺς,καὶ

2221 2727 2377 2807 φύσει
2407 2727 2533 2783 ὅνου
2594 2730 2785 2805 ἀλόγῳ
2844 2729 2972 2795 δοὺς
3027 2735 3237 2810 φωνὴν,
3294 2732 3389 2788 καί
3443 2736 3539 2803 τήν
3588 2734 3759 2806 πόρνην
3800 2726 3855 2786 εἷς

2221 2818 2575 2894 σωφροσύνην
2662 2820 3053 2895 μεταστρέψας,
3132 2823 3223 2878 καὶ
3302 2820 3479 2899 πυρός
3558 2822 3693 2897 φύσιν
3759 2838 3858 2873 καυ-

2220 2913 2403 2964 στικοῦ
2463 2906 2731 2981 δροσίζειν
2795 2912 2923 2973 τοὺς
2989 2912 3041 2965 ἐν
3099 2918 3167 2986 τῇ
3227 2914 3454 2987 καμίνῳ
3508 2910 3857 2989 παρασκευάσας,

2218 2999 2306 3053 καὶ
2357 2999 2516 3075 φύσιν
2567 2997 2802 3055 λεόντων
2855 3001 3058 3078 ἀγρίων
3118 3004 3330 3076 θηρίων
3398 3008 3478 3075 τῷ
3540 3000 3727 3070 Δανιὴλ
3767 3000 3863 3068 ἡμευ

2224 3089 2427 3161 ρώσας,
2487 3089 2642 3150 οὗτος
2691 3086 2911 3145 δύναται
2969 3091 3060 3145 καὶ
3134 3093 3235 3161 τήν
3307 3094 3499 3168 ψυχὴν
3564 3094 3654 3159 τὴν
3710 3086 3863 3161 ἔρημον

2220 3176 2313 3232 καὶ
2380 3177 2739 3251 ἀγριωθεῖσαν
2797 3180 2902 3234 bino
2957 3184 3060 3245 τῆς
3114 3181 3391 3256 ἁμαρτίας
3453 3175 3746 3257 μεταϐαλεῖν
3810 3174 3862 3233 εἷς

2219 3266 2317 3332 τὴν
2374 3266 2565 3321 ἑαυτοῦ
2624 3267 2951 3342 ἀγαθότητα,
3000 3270 3091 3323 καὶ
3148 3273 3538 3344 χρηστότητα,
3571 3269 3652 3324 καὶ
3699 3266 3863 3340 εἰρήνην

2218 3359 2298 3427 τῷ
2330 3354 2607 3424 Πνεόματι
2637 3363 2735 3425 τῆς
2768 3356 3099 3433 ἐπαγγελίας
3128 3363 3206 3430 τῷ
3244 3360 3395 3436 ἁγίῳ
3434 3360 3523 3415 καὶ
3570 3359 3749 3433 ἀγαθῷ.

2292 3444 2343 3497 ΓΙ
2410 3446 2479 3502 "0
2581 3447 2594 3461 \
2776 3446 2787 3465 Ι
3100 3448 3114 3467 ς
3262 3450 3274 3465 \
3524 3454 3548 3465 η.
3746 3439 3769 3463 Ρ

2350 3486 2363 3499 .
2482 3466 2635 3521 νγαρ
2693 3466 2897 3520 τρόπον
2945 3468 3155 3521 ποιμην
3221 3470 3287 3505 το
3365 3454 3589 3525 ψωριων
3653 3444 3864 3520 πρόοιτον

2223 3529 2443 3588 δύναται
2472 3536 2835 3607 ίΘεραπεῦσαι,
2885 3537 2971 3591 καὶ
3024 3537 3132 3593 ἀπὸ
3180 3536 3371 3593 λύκων
3426 3537 3687 3615 φυλάξαι·
3731 3528 3861 3586 ὡσαύ-

2218 3642 2326 3683 τως
2381 3624 2408 3676 ὁ
2458 3623 2715 3692 ἀληθινὸς
2772 3628 2983 3699 ποιμὴν
3040 3627 3269 3700 Χριστὸς
3326 3627 3520 3698 ἐλθὼν,
3582 3624 3728 3699 μόνος
3771 3616 3867 3689 ἡδυ-

2219 3712 2359 3781 νήθη
2431 3712 2774 3785 θεραπεῦσαι,
2830 3715 2920 3770 καὶ
2984 3714 3302 3789 ἐπιστρέψαι
3361 3718 3425 3773 τὸ
3485 3711 3754 3771 ἀπολωλὸς
3798 3706 3862 3759 καὶ

2220 3804 2445 3876 ψωριῶν
2494 3797 2792 3876 πρόϐατον,
2868 3804 2959 3861 τὸν
3032 3804 3348 3880 ἄνθρωπον,
3412 3806 3520 3861 ἀπὸ
3583 3806 3672 3869 τίς
3726 3803 3865 3873 ψὼρπς

2220 3890 2311 3944 καὶ
2363 3888 2567 3965 λέπρας
2626 3899 2729 3960 τῆς
2771 3894 3059 3968 ἁμαρτίας.
3105 3896 3166 3950 Οἱ
3224 3897 3333 3971 γὰρ
3401 3895 3530 3969 πρὶν
3596 3894 3735 3967 ἱερεῖς
3799 3882 3863 3939 καὶ

2222 3985 2444 4035 Λευῖται
2501 3981 2591 4037 καὶ
2659 3980 2978 4039 διδάσκαλοι
3038 3985 3143 4040 οὐκ
3196 3983 3554 4056 ἠδυνήθησαν
3607 3973 3873 4057 θεραπεῦσαι

2218 4072 2317 4138 τήν
2366 4072 2551 4145 ψυχὴν
2590 4075 2711 4135 ταῖς
2747 4078 3087 4153 προσφοραῖς
3141 4079 3252 4129 τῶν
3307 4074 3503 4150 δώρων
3560 4073 3644 4126 καὶ
3699 4070 3869 4153 θυσιῶν,

2219 4159 2307 4213 καὶ
2356 4158 2676 4233 ῥαντίσμοῖς
2743 4151 2996 4234 αἳματος,
3057 4164 3265 4241 ὅπουγε
3318 4161 3448 4219 οὗδὶ
3496 4162 3679 4220 αὐτοὺς
3724 4151 3875 4225 ’διδυνῆ

2220 4246 2386 4314 θησαν
2444 4249 2765 4322 θεραπεῦσαι
2800 4267 2815 4282 '
2901 4251 2992 4305 καὶ
3059 4252 3162 4327 γὰρ
3239 4252 3409 4308 αὐτοὶ
3475 4250 3726 4307 ἀσθένειαν
3762 4259 3876 4339 napi:

2223 4333 2447 4392 ὲκειντο.
2498 4336 2790 4396 ’Δδύνατον
2869 4339 2996 4415 γὰρ,
3082 4342 3273 4413 φησὶν,
3349 4340 3488 4415 αἷμα
3558 4339 3747 4411 ταύρων
3813 4333 3878 4381 καὶ

2220 4427 2433 4500 τράγων
2500 4426 2719 4502 ἀφελεῖν
2800 4429 3087 4503 ἁμαρτίαν.
3156 4432 3213 4485 Ὀ
3313 4430 3372 4487 δὲ
3470 4432 3660 4501 Κύριος
3738 4420 3880 4491 ἔλεγε,

2223 4512 2434 4577 δεικνὺς
2514 4518 2611 4586 τὴν
2682 4517 2956 4573 ἀσθένειαν
3020 4523 3127 4574 τῶν
3192 4521 3322 4575 τότε
3409 4520 3624 4593 ἰατρῶν,
3704 4510 3880 4568 Πάντως

3199 4608 3438 4681 ταύτην,
3507 4605 3682 4680 Ἰατρὶ,
3761 4594 3883 4668 θερί·

2804 4698 2921 4753 ἀντὶ
2986 4703 3103 4763 τοῦ,
3146 4697 3257 4753 Οὐκ
3317 4698 3438 4772 εἷμί
3497 4695 3600 4772 ἐγὼ
3661 4694 3725 4752 ὡς
3773 4687 3875 4742 ἐκεῖ·

2219 4806 2323 4856 νοι,
2383 4785 2435 4840 οἶ
2491 4788 2629 4859 μήτε
2712 4788 2933 4851 ἑαυτοὺς
3019 4785 3314 4863 δυνάμενοι
3402 4790 3729 4862 θεραπεῦσαι.
3773 4773 3878 4847 Ἐγὼ

2220 4878 2333 4949 εἰμι
2385 4878 2412 4932 ὁ
2457 4877 2717 4949 ἀληθινὸς
2780 4879 2985 4950 ἰατρὸς,
3017 4880 3107 4934 καὶ
3156 4880 3332 4943 καλὸς
3375 4880 3605 4951 ποιμὴν,
3637 4876 3662 4929 ὁ
3692 4868 3785 4930 θεῖς
3807 4863 3877 4931 τὴν

2220 4969 2405 5042 ψυχήν
2474 4990 2578 5041 μου
2633 4969 2764 5045 ὑπὲρ
2811 4974 2919 5024 τῶν
2982 4965 3300 5045 προϐάτων,
3365 4972 3394 5025 ὁ
3454 4968 3729 5040 δυνάμενος
3763 4961 3877 5029 θε9²’

2218 5058 2396 5113 πεύειν
2477 5065 2648 5113 πᾶσαν
2713 5061 2892 5129 νόσον,
2961 5061 3048 5115 καὶ
3107 5065 3285 5116 πᾶσαν
3361 5058 3630 5134 μαλακίαν
3691 5052 3875 5125 ψυχῆξ’

2218 5146 2323 5221 ἐγώ
2354 5146 2467 5221 εἶμι
2499 5150 2560 5204 τὸ
2620 5146 2853 5223 ἄμωμον
2886 5146 3181 5224 πρόϐατον,
3242 5152 3309 5206 τὸ
3368 5150 3508 5220 ἅπαξ
3556 5136 3872 5232 προσενεχθξέ,

2214 5237 2301 5291 καὶ
2361 5238 2488 5300 τοὺς
2550 5238 2673 5310 ἐμοὶ
2748 5242 3235 5316 προσερχομένους
3317 5239 3615 5313 δυνάμενος
3666 5236 3871 5316 θερπξυ.

2216 5347 2322 5381 σαι.
2386 5332 2449 5381 Ἡ
2504 5330 2607 5404 γὰρ
2667 5315 3094 5399 ἀληθινὴνῖἀσις
3141 5338 3246 5399 τῆς
3309 5335 3505 5408 ψυχῆς
3558 5324 3659 5382 ἀπὸ
3722 5315 3873 5414 Kef/{0:9

2218 5418 2386 5489 μόνου
2450 5419 2702 5494 γίνεταιο
2771 5418 2911 5478 Ἰδοὺ
2972 5421 3095 5497 γὰρ,
3165 5421 3361 5500 φησὶν,
3454 5421 3482 5477 δ
3546 5414 3724 5488 Ἀμνδί
3777 5423 3869 5500 ,του

2415 5504 2673 5578 δηλονότι
2764 5513 3131 5583 πιστευσάσης
3178 5497 3382 5586 ἀῦτῷ,
3462 5507 3553 5573 καὶ
3631 5497 3870 5580 ἀγαπώσϊί

2224 4715 2422 4749 πευσον
2491 4696 2710 4751 σεαυτόν
2747 4715 2759 4728 ’

477 5682 523 5719 ’³³
553 5684 600 5739 II
631 5685 759 5741 Cor.
792 5701 847 5757 ν,
882 5686 969 5742 17.
1042 5686 1090 5720 ⁷⁴
1120 5686 1326 5747 Matth.
1358 5705 1436 5759 ιι,
1472 5689 1558 5750 17.
1635 5689 1684 5724 ⁷⁵
1713 5689 1884 5747 Hebr.
1916 5708 1971 5762 x,
2003 5689 2035 5743 4

2222 5686 2344 5746 Luc.
2368 5704 2444 5760 IV,
2475 5684 2564 5747 23.
2642 5690 2687 5727 ⁷⁷
2716 5691 2886 5749 Joan.
2931 5709 2974 5765 ι,
3002 5692 3095 5749 29.
