4116 6210
277 419 392 484 γει
437 389 442 394 ’

1539 424 1928 490 HOMILIIE.
1970 457 2053 478 ο·-
2093 425 2286 490 ΗΟΜ.
2332 423 2538 486 XLIV.

3677 423 3795 490 782

346 557 419 614 A'.
452 557 509 610 Ὀ
556 559 763 630 ποιμὴν
815 557 992 613 τοίνυν
1035 557 1063 614 ὁ
1112 555 1282 620 καλὸς
1319 557 1382 614 τὸ
1415 560 1642 632 ψωριῶν
1702 554 1958 633 πρόϐατοι

2176 558 2325 615 In
2391 556 2484 618 IV.
2541 557 2742 612 Pastor
2805 569 2941 627 ergo
3001 553 3188 612 bonus
3252 552 3571 616 scabiosum
3628 572 3795 616 ovem

274 645 584 721 θεραπεύει.
631 641 915 720 Πρόϐατον
967 644 1022 703 δὲ
1082 642 1357 722 πρόϐατον
1412 648 1836 724 θεραπεῦσαιοό
1894 646 1983 705 δύ’

271 755 451 791 ναται.
508 735 606 792 Καὶ
657 736 700 791 εἱ
755 738 831 810 μὴ
882 738 1184 814 θεραπευθῇ
1243 738 1305 794 τὸ
1364 735 1588 814 λογικὸν
1621 733 1918 813 πρόϐατον,
1951 739 1980 796 ὁ

274 823 586 899 ἅνθρωπος,
638 824 714 888 εἰς
774 824 1104 898 Ἐκκλησίαν
1150 827 1354 904 Κυρίου
1391 829 1492 897 τὴν
1533 829 1852 904 ἐπουράνιον
1881 827 1982 886 οὐκ

274 914 604 990 εἰσέρχεται.
635 915 820 979 Οὕτως
846 918 948 993 γὰρ
1003 917 1092 973 καὶ
1150 916 1200 972 ἐν
1257 922 1338 990 τῷ
1397 919 1557 992 νόμῳ
1612 917 1827 993 εἷ’ρηται
1892 916 1982 974 διὰ

274 1012 430 1070 σκιᾶς
484 1007 574 1061 καὶ
632 1007 840 1070 εἰκόνος
877 1027 892 1041 ο
951 1007 1074 1083 περί
1130 1009 1235 1083 γὰρ
1287 1015 1382 1065 τοῦ
1440 1009 1666 1084 λεπροῦ,
1725 1011 1814 1065 καὶ
1867 1013 1981 1084 μῶ·

279 1116 382 1169 μον
429 1093 676 1172 ἔχοντος,
745 1101 912 1152 ταῦτα
969 1097 1263 1154 αἰνίσσεται
1323 1099 1530 1172 μηνῦον
1584 1099 1646 1154 τὸ
1705 1104 1920 1172 Πνεῦμα
1959 1139 1975 1155 .

272 1187 507 1260 Λεπρὸς,
567 1186 753 1263 φησὶν,
818 1188 855 1258 ἢ
927 1191 1121 1262 μῶμον
1198 1186 1361 1264 ἔχων,
1447 1189 1549 1244 οὐκ
1622 1188 1976 1244 εἰσελεύσεται

273 1275 355 1338 εἰς
404 1276 734 1348 Ἐκκλησίαν
792 1279 1016 1354 Κυρίου.
1077 1277 1253 1336 Ἀλλὰ
1309 1281 1598 1355 προσεταεε
1651 1285 1731 1352 τῷ
1789 1280 1975 1355 λεπρῷ

274 1365 611 1444 ἀπέρχεσθαι
668 1367 806 1442 πρὸς
864 1368 954 1422 τὸν
1023 1367 1188 1441 ἱερὲα,
1246 1367 1336 1426 καί
1388 1367 1730 1442 παρακλήσει
1785 1367 1974 1442 πολλῇ

271 1456 424 1528 ἄγειν
490 1457 657 1511 αὐτὸν
717 1456 793 1518 εἰς
848 1457 939 1511 τὸν
999 1455 1149 1511 οἰκον
1207 1463 1308 1526 τῆς
1365 1465 1570 1528 σκηνῆς
1628 1459 1818 1528 αὐτοῦ,
1883 1458 1974 1513 καὶ

269 1541 570 1598 ἰπιτιθέναι
627 1543 723 1606 τὰς
803 1551 993 1623 χεῖρας
1071 1545 1236 1601 αὐτοῦ
1292 1546 1378 1603 ἐπὶ
1435 1550 1538 1618 τήν
1594 1548 1820 1622 λέπραν,
1872 1569 1974 1618 ση-

275 1632 600 1707 μειούμενον
666 1635 758 1688 τὸν
817 1634 986 1690 τόπον
1045 1642 1148 1705 τῆς
1207 1637 1350 1715 ἁφῆς
1411 1644 1511 1708 τῆς
1599 1635 1825 1713 λέπρας,
1882 1637 1972 1692 καὶ

267 1721 603 1795 θεραπεύειν.
663 1723 761 1778 Τὸν
819 1721 980 1780 αὺτὸν
1039 1724 1241 1799 τρόπον
1293 1726 1380 1780 καί
1435 1729 1663 1802 Χριστὸς
1725 1729 1752 1783 ὁ
1825 1728 1974 1799 ἀλη-

270 1811 375 1878 θήτ
405 1810 692 1886 ἀρχιερεὺς
748 1818 856 1868 τῶν
924 1811 1238 1887 μελλόντων
1304 1816 1519 1891 ἀγαθῶν
1572 1823 1691 1879 ταῖς
1747 1817 1973 1893 λεπρώ-

2093 654 2278 706 curat.
2322 647 2458 703 Ovis
2535 651 2731 702 autem
2793 661 2954 702 ovem
3013 661 3219 702 curare
3275 646 3499 716 nequit.
3562 647 3633 704 Et
3681 647 3796 704 nisi

2090 743 2287 796 curata
2360 736 2534 792 fuerit
2602 735 2902 792 rationalis
2974 735 3112 802 ovis,
3177 735 3351 792 homo
3415 735 3654 803 scilicet,
3733 737 3794 794 in

2089 827 2406 885 Ecclesium
2423 824 2654 882 Domini
2685 824 2975 880 omlestem
3010 841 3124 880 non
3149 824 3496 895 ingreditur.
3519 826 3605 881 Ad
3638 826 3794 884 hunc

2088 918 2242 975 enim
2277 916 2516 972 modum
2549 915 2608 971 in
2642 913 2764 984 lege
2795 929 3026 984 quoque
3059 913 3282 970 dictum
3327 919 3417 970 est
3446 916 3553 972 sub
3587 914 3796 976 umbra

2089 1012 2146 1064 et
2176 1007 2452 1076 imagine.
2486 1005 2565 1061 De
2613 1003 2841 1073 leproso
2881 1004 3037 1059 enim
3081 1008 3182 1059 aut
3227 1005 3506 1060 maculam
3548 1004 3794 1062 habente

2089 1101 2208 1156 hac
2257 1099 2502 1156 obscure
2535 1097 2782 1168 loquens
2831 1095 3125 1166 signiﬁcat
3171 1095 3424 1166 Spiritus
3460 1113 3474 1152 :
3508 1099 3792 1168 Leprosus,

2086 1191 2298 1263 inquit,
2319 1195 2369 1246 et
2427 1188 2700 1245 maculam
2756 1188 2979 1254 habens,
3024 1201 3132 1241 non
3190 1185 3534 1256 ingredietur
3579 1189 3637 1242 in
3697 1190 3794 1243 Eo-

2084 1281 2319 1338 clesiam
2349 1281 2570 1336 Domini
2598 1279 2662 1334 ⁷⁸.
2696 1281 2914 1332 Verum
2947 1276 3219 1348 precepit
3239 1275 3491 1347 leproso,
3524 1282 3592 1332 ut
3624 1278 3796 1334 abeat

2084 1372 2156 1427 ad
2185 1371 2568 1438 sacerdotem,
2597 1372 2653 1424 et
2697 1369 2966 1438 precibus
3007 1365 3208 1421 multis
3256 1366 3510 1422 adducat
3561 1383 3697 1422 eum
3733 1370 3791 1423 in

2085 1461 2323 1516 domum
2365 1457 2728 1516 tabernaculi
2786 1456 2904 1524 sui,
2964 1464 3017 1511 et
3065 1457 3327 1527 imponat
3385 1473 3596 1513 manus
3649 1474 3786 1514 suas

2083 1568 2258 1623 super
2287 1551 2531 1623 lepram,
2565 1550 2752 1605 locum
2786 1547 3068 1603 nimirum
3103 1552 3367 1603 notatum
3403 1553 3560 1604 tactu
3597 1548 3790 1619 lepra,

2083 1647 2140 1700 et
2167 1645 2346 1697 curet.
2380 1641 2593 1698 Eodem
2633 1655 2867 1711 quoque
2911 1638 3083 1694 modo
3119 1637 3407 1706 Christus,
3436 1655 3605 1694 verus
3638 1639 3788 1695 Pon-

2081 1733 2219 1788 tii‘ex
2246 1733 2580 1787 futurorum
2613 1730 2925 1796 bonorum,
2960 1728 3026 1782 ad
3062 1728 3322 1798 leprosas
3354 1729 3599 1794 animas,
3636 1729 3793 1799 lepra

2083 1819 2306 1892 peccati
2331 1819 2663 1876 laborantes
2685 1816 3332 1888 inclinans,ingreditur
3348 1816 3790 1874 tabernaculum

270 1919 392 1962 σαις
434 1904 637 1976 ψυχαῖς
687 1899 890 1972 λέπραν
940 1903 1210 1978 ἁμαρτίας
1257 1903 1756 1980 ἐπικαμπτὸμενος,
1797 1906 1958 1979 εἰσερ-

2084 1910 2274 1966 cordis
2330 1908 2584 1978 illarum,
2618 1912 2675 1964 et
2723 1914 2886 1963 curat
2931 1922 2997 1962 ac
3054 1910 3222 1962 sanat
3260 1906 3615 1963 atieotiones.
3687 1909 3790 1963 Αι-

266 2001 433 2065 χεται
466 1991 539 2050 εἰς
585 1992 684 2059 τήν
733 1994 941 2062 σκηνήν
984 1997 1080 2048 τοῦ
1136 1995 1390 2067 σώματος
1430 1996 1631 2064 αὐτῶν,
1680 1997 1770 2050 καὶ
1827 1998 1958 2071 θεραι

2087 2017 2198 2073 que
2246 2001 2354 2058 hoc
2402 2005 2564 2072 pacto
2618 1999 2828 2071 poterit
2876 1997 3072 2052 anima
3121 1996 3343 2068 ingredi
3387 1997 3449 2051 in
3490 1996 3786 2053 cmlestem

272 2078 426 2135 πεύει
477 2080 568 2135 καί
629 2079 771 2137 ἷᾶται
838 2083 904 2136 τὰ
961 2085 1134 2154 πάθη.
1194 2085 1291 2139 Καὶ
1345 2083 1518 2146 οὓτως
1576 2082 1858 2155 δυνήσεται
1945 2089 1980 2157 ἡ

270 2170 429 2245 ψυχὴ
490 2167 749 2225 εἰσελθεῖν
809 2172 886 2233 εἰς
944 2173 1043 2240 τήν
1102 2172 1420 2248 ἐπουράνιον
1483 2173 1813 2241 Ἐκκλησίαν
1873 2179 1982 2230 τῶν

267 2259 438 2333 ἁγίων
492 2263 592 2315 τοῦ
641 2258 905 2327 ἀληθινοῦ
949 2263 1174 2336 Ἰσραήλ
1217 2280 1232 2296 ⁸
1301 2264 1444 2317 πάσα
1506 2263 1607 2337 γὰρ
1665 2265 1820 2338 ψυχή
1881 2285 1982 2341 φο-

275 2351 446 2422 ροῦσα
496 2347 700 2421 λέπραν
760 2351 1028 2424 ἁμαρτίας
1093 2352 1306 2420 παθῶν,
1363 2353 1454 2407 καὶ
1505 2355 1581 2425 μή
1650 2352 1982 2428 προσελθοῦο

272 2457 339 2491 σα
378 2441 458 2510 τῷ
509 2435 757 2510 ἀληθινῷ
813 2439 1085 2515 ἀρχιερεῖ,
1139 2440 1229 2495 καί
1287 2441 1672 2516 θεραπευθεῖσα
1727 2446 1841 2515 νῦν,
1903 2442 1979 2504 εἰς

267 2526 367 2592 τήν
428 2523 792 2600 παρεμϐολήν
845 2532 954 2583 τῶν
1033 2528 1223 2603 ἁγίων,
1309 2528 1386 2592 εἰς
1471 2531 1571 2600 τήν
1654 2529 1975 2604 ἰπουράνιον

266 2613 600 2686 Ἐκκλησίαν
665 2618 768 2671 οὐκ
823 2616 1148 2692 εἰσέρχεται.
1207 2621 1484 2693 ’Ἃμωμος
1539 2621 1645 2695 γὰρ
1705 2619 1834 2676 οὖσα
1883 2621 1974 2676 καί

260 2704 492 2777 καθαρὰ,
553 2705 822 2778 ἀμώμους
879 2707 971 2762 καὶ
1026 2707 1263 2781 καθαρὰς
1320 2708 1500 2783 ψυχὰς
1562 2714 1735 2779 ζητεῖ.
1785 2711 1973 2765 Μακάο

261 2812 373 2868 ριοι
448 2793 575 2869 γὰρ,
629 2795 792 2872 φησὶν
859 2796 916 2850 οἱ
978 2797 1202 2873 καθαροὶ
1275 2801 1345 2872 τῇ
1401 2795 1617 2874 καρδίᾳ,
1677 2797 1760 2854 ὅτι
1817 2799 1972 2854 αὐτοὶ

257 2882 350 2937 τὸν
377 2881 509 2938 Θεὸν
541 2883 788 2957 ὄψονται.

336 2975 414 3030 Ε’.
470 2977 561 3027 Δεῖ
585 2972 688 3049 γὰρ
725 2974 824 3042 τήν
886 2975 1071 3049 ψυχὴν
1130 2976 1231 3045 τήν
1288 2973 1344 3031 ἓν
1393 2974 1626 3047 ἀληθείᾳ
1689 2977 1972 3032 πιστεύου-

260 3083 359 3120 σαν
430 3067 667 3138 Χριστῷ,
743 3066 1095 3137 μετατεθῆναι
1171 3067 1262 3121 καί
1337 3065 1644 3141 ἀλλαγῆναι
1703 3066 1811 3122 ἀπὸ
1865 3073 1968 3137 τῆς

256 3157 353 3208 νῦν
435 3157 678 3224 πονηρᾶς
765 3154 1160 3225 καταστάσεως,
1221 3154 1296 3218 εἰς
1379 3155 1560 3230 ὲτᾶραν
1643 3157 1962 3212 κατάστασιν

2087 2090 2402 2148 Eoolesiam
2436 2095 2771 2145 sanctorum
2801 2087 2917 2142 veri
2951 2085 3199 2142 Israelis.
3233 2085 3600 2156 Quacunque
3629 2086 3785 2142 enim

2084 2183 2300 2246 anima,
2333 2181 2602 2236 laborans
2648 2177 2810 2250 lepra
2850 2176 3218 2233 affectionum
3269 2177 3510 2249 peccati,
3544 2193 3658 2233 non
3693 2193 3786 2232 ac-

2082 2270 2320 2326 cesserit
2359 2269 2431 2324 ad
2480 2283 2684 2323 verum
2733 2266 3096 2333 Pontiﬂoem,
3127 2269 3186 2320 et
3238 2281 3396 2322 nunc
3445 2271 3648 2321 curata
3669 2267 3788 2321 iue-

2083 2360 2176 2423 rit,
2206 2358 2266 2413 in
2305 2357 2568 2414 ordinem
2620 2361 2980 2423 sanctorum,
3015 2355 3074 2409 in
3131 2352 3423 2411 celestem
3465 2353 3780 2410 Ecclesium

2080 2464 2196 2504 non
2217 2447 2560 2520 ingreditur.
2595 2443 2975 2500 Immaculata
3029 2444 3187 2500 enim
3223 2458 3356 2499 cum
3406 2442 3477 2498 sit
3523 2451 3577 2498 et
3613 2460 3782 2516 pura,

2079 2534 2569 2592 incontaminatas
2638 2539 2694 2589 et
2766 2549 2945 2605 puras
3029 2533 3238 2604 qumrit
3311 2533 3559 2588 animas.
3626 2534 3786 2589 Beati

2075 2629 2246 2696 enim,
2278 2624 2491 2698 inquit,
2539 2624 2742 2680 mundi
2775 2625 2959 2692 corde,
2986 2623 3250 2696 quoniam
3293 2622 3402 2695 ipsi
3431 2624 3604 2680 Deum
3635 2622 3784 2679 vide-

2077 2718 2212 2773 bunt
2230 2717 2296 2771 τ’.

2146 2992 2208 3046 ν.
2250 2991 2485 3060 Oportet
2531 2988 2684 3044 enim
2735 2988 2983 3045 animam
3043 3004 3174 3060 quas
3210 3003 3341 3044 vere
3393 2987 3626 3044 Christo
3662 3003 3777 3045 cre-

2069 3077 2177 3144 dit,
2210 3076 2508 3134 transferri
2532 3092 2598 3134 ac
2625 3077 2835 3134 mutari
2866 3077 2937 3134 ab
2985 3077 3090 3134 hoc
3122 3093 3300 3148 pravo
3332 3081 3487 3133 statu
3509 3076 3570 3133 in
3594 3075 3772 3134 alium

2068 3173 2285 3226 statum
2335 3169 2579 3238 bonum,
2611 3172 2668 3224 et
2715 3167 2786 3224 ab
2837 3168 2941 3224 hac
2987 3167 3193 3224 humili
3249 3171 3477 3233 natura,
3507 3167 3566 3222 in
3616 3167 3770 3223 alte-

252 3242 610 3316 ἀγαθήν,καί
651 3241 758 3298 ἀπὸ
787 3249 888 3312 τῆς
945 3247 1040 3298 νῦν
1101 3245 1311 3320 φύσεως
1366 3251 1645 3314 ταπεινῆς,
1713 3244 1792 3308 εἰς
1857 3243 1958 3300 ἐτέ-

2075 3275 2184 3314 ιεω
2217 3257 2472 3313 divinam
2507 3261 2800 3325 naturam,
2833 3273 3080 3329 eamque
3109 3272 3317 3312 novam
3360 3255 3512 3312 el'ﬂci
3553 3256 3769 3312 virtute

255 3351 352 3404 ραν
421 3330 563 3387 θείαν
637 3330 815 3408 φύσιν,
883 3334 973 3387 καὶ
1048 3334 1242 3404 καινήν
1307 3334 1475 3405 αὐτὴν
1545 3335 1951 3412 ἀπεργασθῆναι

253 3415 345 3474 διὰ
409 3426 511 3488 τῆς
563 3417 848 3494 δυνάμεως
902 3426 1000 3476 τοῦ
1054 3422 1213 3496 ἁγίου
1256 3426 1586 3497 Πνεῦματος.
1634 3426 1732 3480 Καὶ
1781 3427 1956 3488 οὕτως

253 3507 473 3565 δύναται
540 3515 911 3585 χρησιμεῦσαι
971 3513 1050 3576 εἰς
1091 3515 1192 3583 τήν
1250 3515 1570 3590 ἰπουράνιον
1650 3515 1950 3593 βασιλείαν.

247 3603 444 3672 Τυχεῖν
484 3596 542 3654 δὶ
586 3601 796 3657 τούτων
847 3603 983 3673 ἡμῖν
1033 3600 1181 3659 ἔσται
1217 3605 1553 3675 πιστεύουσι,
1593 3607 1683 3660 καί
1724 3606 1952 3683 ἀγαπῶ-

249 3708 331 3744 σιν
387 3689 551 3745 αὐτὸν
603 3688 655 3745 ἰν
712 3689 969 3764 ἀληθείᾳ,
1025 3693 1115 3748 καί
1182 3693 1234 3748 ἐν
1306 3695 1502 3758 πάσαις
1583 3702 1703 3760 ταῖς
1777 3695 1952 3771 ἁγίαις

248 3779 421 3835 αὐτοῦ
479 3778 723 3843 ἐντολαῖς
774 3781 1285 3863 ἀναστρεφομένοις.
1354 3784 1420 3843 Εἰ
1503 3786 1608 3860 γὰρ
1685 3783 1772 3840 ἐπὶ
1855 3790 1954 3841 τοῦ

247 3867 568 3924 Ἐλισσαίου
630 3870 695 3924 τὸ
755 3870 910 3948 φύσει
984 3877 1186 3952 κοῦφον
1267 3872 1425 3947 ξύλον
1491 3875 1541 3929 ἐν
1613 3879 1733 3936 τοῖς
1799 3871 1952 3928 ὕδασι

251 3955 460 4030 βληθὲν
517 3959 777 4033 ἀνήνεγκε
831 3960 895 4015 τὸ
970 3963 1126 4035 φύσει
1221 3961 1358 4037 βαρὺ
1445 3960 1717 4038 σιδήριον,
1801 3963 1956 4036 πόσῳ

250 4046 472 4118 μᾶλλον
527 4047 748 4104 ἐνταῦθα
803 4050 1094 4107 ἀποστελεῖ
1147 4053 1177 4108 ὁ
1235 4052 1438 4127 Κύριος
1481 4066 1542 4108 το
1600 4052 1828 4132 κούφον,
1865 4053 1955 4107 καὶ

241 4134 506 4214 ἐλαφρὸν,
553 4137 642 4193 καὶ
703 4140 927 4216 ἀγαθὸν,
961 4141 1051 4195 καὶ
1109 4139 1431 4216 ἐπουράνιον
1488 4141 1654 4197 αὐτοῦ
1713 4145 1953 4215 Πνεῦμα,

241 4227 336 4282 καὶ
397 4225 469 4282 δι’
527 4227 691 4284 αὐτοῦ
726 4230 828 4299 τήν
888 4226 1278 4304 βεόυθισμένην
1336 4237 1453 4295 τοῖς
1507 4231 1662 4288 ὕδασι
1718 4235 1820 4297 τῆς
1850 4253 1953 4287 πο-

239 4315 439 4391 νηρίας
516 4319 700 4392 ψυχήν
778 4319 1064 4395 ἀνενεγκεῖ,
1123 4321 1210 4376 καὶ
1269 4323 1534 4401 κουφίσει,
1593 4323 1683 4377 καὶ
1741 4323 1956 4398 πτερώ-

242 4425 328 4461 σει
387 4406 525 4480 πρὸς
570 4408 636 4462 τὰ
692 4407 802 4482 ὕψη
851 4413 960 4466 τῶν
1023 4409 1286 4482 οὐρανῶν,
1345 4415 1436 4466 καὶ
1499 4406 1799 4485 μεταϐαλεῖ
1861 4412 1948 4467 καὶ

240 4490 473 4563 ἀλλάξει
523 4493 692 4565 αὐτὴν
726 4495 787 4551 tu
813 4502 913 4567 τῆς
946 4495 1089 4560 ἰδίας
1120 4497 1331 4575 φύσεως
1365 4499 1378 4554 l

318 4583 381 4657 ς·
388 4587 420 4641 ’.
445 4585 550 4641 Καὶ
594 4584 775 4660 ὥσπερ
826 4584 880 4640 ἐν
933 4593 1051 4650 τοῖς
1097 4587 1445 4666 φαινομένοις
1493 4587 1669 4652 οὐδεὶς
1730 4585 1949 4645 δύναται

241 4668 316 4727 δι’
373 4673 565 4728 ἑαυτοῦ
623 4675 851 4749 περᾶσαι
907 4677 998 4730 καὶ
1049 4674 1280 4733 διελθεῖν
1328 4679 1430 4747 τήν
1462 4677 1753 4749 θάλασσαν,
1787 4677 1836 4734 εἰ
1870 4679 1946 4752 μὴ

240 4757 360 4835 ἔχει
390 4763 454 4816 τὸ
493 4759 697 4840 κοῦφον
727 4765 819 4818 καὶ
868 4763 1104 4843 ἐλαφρὸν
1151 4767 1370 4840 πλοῖον,
1419 4770 1480 4822 τὸ
1539 4768 1598 4824 ἐκ
1654 4767 1818 4838 ξύλου
1847 4788 1948 4823 κα-

241 4853 626 4923 τασκευασθὶν,
673 4853 738 4908 τὸ
801 4853 966 4927 μόνον
1037 4854 1220 4910 ἐπάνω
1293 4861 1400 4913 τῶν
1460 4855 1668 4913 ὑδάτων
1723 4877 1953 4932 περιπα-

242 4946 357 4996 τεῖν
397 4938 690 5014 δυνάμενον
749 4962 763 4976 ⁸
817 4947 1264 5016 καταποντίζεται
1316 4947 1421 5022 γάρ
1479 4946 1567 5003 καί
1615 4946 1948 5018 ἀπόλλυται,

243 5027 310 5081 ἂν
377 5023 632 5102 ἐπιϐαίνῃ
673 5050 758 5090 τις
823 5029 877 5086 ἰν
937 5034 1004 5098 τῇ
1070 5030 1314 5108 θαλάσσῃ
1349 5035 1488 5090 ’τὸν
1553 5034 1946 5108 αὐτὸντρόπον

244 5116 505 5173 ἀδύνατον
547 5120 734 5196 ψυχὴν
793 5118 864 5174 δι’
923 5122 1117 5188 εαυτῆς
1176 5121 1409 5180 διελθεῖν
1466 5125 1554 5180 καὶ
1625 5120 1949 5200 ὑπερϐῆναι,

241 5208 335 5262 καί
394 5204 714 5280 ὃιαπεράσαι
770 5210 872 5278 τήν
929 5211 1125 5286 πικρὰν
1173 5211 1443 5269 θάλασσαν
1501 5220 1602 5283 τῆς
1658 5215 1948 5286 ἁμαρτίας,

243 5298 336 5352 καί
390 5299 495 5366 τήν
547 5296 798 5373 χαλεπὴν
865 5295 1098 5357 ἄϐυσσον
1163 5307 1270 5357 τῶν
1347 5309 1604 5379 πονηρῶν
1673 5300 1951 5377 δυνάμεων

243 5392 342 5442 τοῦ
385 5389 613 5450 σκότους
643 5388 751 5444 τῶν
778 5390 988 5459 παθῶν,
1022 5391 1069 5446 εἰ
1107 5393 1183 5464 μή
1241 5393 1304 5447 τὸ
1357 5393 1590 5470 ἇλαφρὸν
1648 5393 1738 5447 καὶ
1787 5391 1949 5448 ἐπου-

251 5478 436 5550 ράνιον
497 5478 586 5533 καὶ
651 5475 910 5555 εὔπτερον
966 5484 1063 5536 τοῦ
1122 5487 1364 5558 Χριστοῦ
1442 5487 1658 5558 Πνεῦμα
1723 5479 1947 5556 δέξεται,

243 5568 428 5627 ίπάνω
473 5576 576 5640 τῆς
622 5570 889 5646 πονηρίας
940 5572 1080 5645 ὅλης
1136 5583 1469 5652 περιπατοῦν
1529 5573 1620 5633 καὶ
1684 5571 1946 5649 ὃιοδεῦον,

314 5744 361 5783 ’⁷³
397 5747 531 5803 Lev.
560 5764 679 5822 xxx,
711 5749 798 5806 18.
873 5750 920 5786 ’⁸⁸
949 5748 1155 5808 Matth.
1181 5766 1238 5824 v,
1257 5750 1312 5806 8.
1388 5749 1435 5786 ⁸ο
1465 5749 1539 5806 ιν
1569 5750 1710 5825 Reg.
1743 5767 1823 5824 vi,
1855 5754 1907 5805 5.

2066 3347 2323 3421 Spiritus
2371 3347 2558 3403 sancti
2589 3361 2602 3414 ;
2635 3354 2688 3403 et
2724 3347 2832 3404 hac
2873 3347 3095 3402 ratione
3141 3345 3352 3418 poterit
3397 3345 3606 3402 idonea
3641 3360 3770 3404 esse

2062 3439 2134 3495 ad
2165 3437 2398 3495 cmleste
2441 3453 2709 3510 regnum.
2741 3437 3023 3508 Consequi
3073 3442 3270 3493 autem
3328 3436 3452 3492 haec
3500 3440 3768 3492 nostrum

2061 3533 2168 3596 est,
2229 3528 2329 3600 qui
2378 3527 2673 3583 credimus
2729 3531 2786 3582 et
2840 3543 2968 3582 vere
3025 3525 3326 3598 diligimus
3373 3525 3564 3593 illum,
3597 3529 3653 3581 et
3708 3526 3765 3581 in

2057 3619 2333 3674 omnibus
2351 3619 2568 3674 sanctis
2596 3608 2890 3674 mandatis
2911 3617 3039 3688 ejus
3061 3632 3497 3672 conversamur.
3517 3616 3576 3671 Si
3607 3615 3762 3672 enim

2061 3712 2324 3780 tempore
2372 3707 2582 3768 Elisael,
2634 3706 2884 3777 lignum,
2926 3705 3084 3777 quod
3133 3713 3338 3761 natura
3382 3704 3502 3761 leve
3550 3711 3658 3774 est,
3704 3705 3763 3761 in

2060 3815 2272 3872 aquam
2331 3799 2655 3870 conjectum
2702 3797 2768 3864 '°,
2819 3796 3024 3852 extulit
3070 3796 3306 3865 ferrum,
3349 3797 3503 3867 quod
3557 3800 3765 3850 natura

2062 3903 2233 3960 grave
2261 3892 2382 3944 est:
2417 3890 2638 3958 quanto
2667 3886 2854 3958 magis
2887 3885 3076 3940 mittet
3100 3884 3215 3939 huc
3248 3884 3526 3939 Dominus
3556 3883 3762 3948 levem,

2062 3978 2359 4046 subtilem,
2391 3977 2610 4032 bonum
2655 3980 2712 4031 et
2747 3975 3035 4031 caelestem
3069 3991 3244 4030 suum
3277 3973 3582 4044 Spiritum,
3615 3973 3770 4043 ejus-

2063 4083 2176 4141 que
2199 4083 2306 4138 ope
2322 4065 2692 4122 submersam
2725 4065 2886 4136 aquis
2919 4064 3188 4138 nequitias
3220 4065 3474 4119 animam
3507 4061 3762 4132 extollet,

2063 4163 2121 4214 et
2171 4156 2417 4213 elevabit
2463 4159 2639 4227 atque
2696 4154 2920 4212 evolare
2979 4154 3148 4211 faciet
3205 4155 3276 4210 ad
3336 4151 3618 4210 sublimia
3659 4168 3768 4208 coe-

2058 4245 2274 4313 lorum,
2305 4260 2371 4300 ac
2419 4242 2836 4300 transmutabit
2882 4244 2940 4298 et
2989 4245 3282 4298 convertet
3332 4256 3457 4298 eam
3498 4257 3530 4297 a
3560 4243 3766 4296 natura

2061 4333 2201 4390 sua!

2130 4597 2218 4653 Vi.
2249 4596 2320 4653 Et
2367 4594 2864 4669 quemadmodum
2901 4594 2962 4651 in
3013 4594 3189 4651 rebus
3237 4595 3570 4667 conspicuis
3591 4608 3762 4649 nemo

2060 4693 2246 4762 potest
2277 4705 2378 4760 per
2408 4703 2471 4744 se
2513 4685 2757 4742 transire
2787 4692 2841 4740 et
2880 4685 3148 4756 trajicere
3195 4702 3375 4752 mare,
3411 4685 3517 4740 nisi
3553 4684 3764 4740 habeat

2065 4779 2245 4834 levem
2277 4783 2334 4834 et
2371 4781 2606 4833 tenuem
2659 4775 3010 4842 naviculam,
3033 4791 3101 4831 ex
3149 4773 3307 4846 ligno
3338 4777 3760 4838 constructam,

2063 4884 2188 4939 qua
2220 4868 2345 4923 sola
2375 4883 2552 4938 super
2609 4881 2789 4936 aquas
2835 4865 3102 4920 incedere
3151 4868 3374 4934 potest;
3408 4861 3762 4930 demergitur

2061 4955 2218 5010 enim
2263 4962 2312 5011 et
2368 4954 2588 5021 interit,
2622 4952 2672 5008 si
2715 4952 2975 5009 ambulet
3023 4951 3155 5023 quis
3207 4951 3264 5005 in
3315 4949 3504 5006 mari:
3557 4951 3760 5005 eodem

2063 5045 2237 5100 modo
2269 5044 2467 5113 nequit
2495 5042 2692 5098 anima
2729 5058 2829 5112 per
2878 5056 2941 5097 se
2973 5040 3160 5113 ipsam
3192 5040 3462 5105 transire,
3486 5054 3763 5110 superare

2063 5135 2164 5185 aut
2225 5130 2488 5201 trajicere
2534 5129 2803 5184 acerbum
2863 5143 3022 5182 mare
3062 5125 3302 5198 peccati,
3362 5129 3417 5180 et
3463 5123 3759 5179 difﬁcilem

2064 5220 2341 5292 abyssum
2373 5234 2681 5290 pravorum
2716 5216 3032 5290 spirituum
3063 5213 3334 5286 caliginis
3365 5212 3760 5277 alrectionum,

2063 5309 2176 5365 nisi
2234 5307 2536 5374 subtilem,
2568 5305 2862 5363 cmlestem
2911 5310 2968 5362 et
3022 5302 3314 5359 volatilem
3370 5299 3578 5358 Christi
3625 5300 3762 5372 Spi-

2064 5401 2243 5455 ritum
2306 5397 2648 5469 susceperit,
2671 5413 2849 5468 super
2895 5410 3127 5451 omnem
3180 5391 3498 5463 nequitiam
3568 5391 3765 5447 ambu-

2063 5489 2279 5545 lantem
2336 5495 2392 5543 et
2459 5487 2848 5554 incedentem,
2903 5483 3072 5558 cujus
3132 5499 3260 5555 ope,
3310 5480 3546 5552 auxilio,
3606 5487 3762 5538 recto

2063 5582 2122 5636 et
2149 5578 2345 5634 minus
2369 5593 2610 5635 erroneo
2640 5593 2813 5633 cursu
2845 5575 2918 5633 ad
2941 5573 3229 5632 ccelestem
3262 5578 3494 5648 portum
3528 5571 3758 5645 quietis,
