4116 6210
297 412 415 480 783
1632 410 1695 471 S.
1743 407 2069 472 MACARII
2114 404 2461 470 .IEGYPTII
3704 391 3833 454 784

293 550 366 604 ad
401 548 697 605 civitatem
743 543 904 618 regni
971 540 1180 616 poterit
1241 541 1561 614 pervenire.
1612 540 2050 615 Quemadmo-J

2237 537 2299 594 οῦ
2347 533 2701 610 εὖθυδρόμως
2747 531 2837 589 καὶ
2877 532 3054 606 ὀρθῶς
3102 526 3179 591 είς
3223 526 3315 618 τὸν
3368 522 3690 618 ἐπουράνιον
3734 524 3838 618 λι-

295 643 436 697 dum
483 646 675 697 autem
725 638 823 709 qui
871 639 1005 692 sunt
1046 634 1107 690 in
1148 632 1300 701 navi,
1332 648 1363 689 e
1392 633 1537 688 mari
1583 648 1697 688 non
1730 632 2010 688 hauriunt
2036 613 2048 615 θ

2200 648 2252 683 να
2281 634 2382 696 τῆς
2436 623 2808 689 ἀναπαύσεως,
2866 621 2944 682 εἷς
2998 621 3098 690 τήν
3158 617 3321 674 πόλιν
3379 623 3480 686 τῆς
3543 613 3838 691 βασιλείας

297 746 405 785 nec
462 729 695 790 bibunt.
731 704 835 782 nec
886 741 951 781 ex
1002 740 1066 780 eo
1123 723 1471 778 vestimenta
1529 728 1625 775 aut
1670 721 1887 776 victum
1916 737 2010 777 ac-

2200 720 2404 788 νήσεται
2451 722 2803 785 καταντῆσαι.
2862 714 3063 786 Ὥσπερ
3127 707 3186 764 δέ
3261 709 3312 763 οἱ
3370 704 3424 762 ἔν
3478 711 3556 778 τῷ
3636 705 3834 776 πλοίῳ

299 817 545 889 cipiunt,
579 817 676 871 sed
709 814 945 869 aliunde
986 813 1044 866 in
1093 826 1303 868 navem
1348 810 1669 881 important
1700 825 1715 864 :
1749 809 1835 865 sic
1873 825 2011 880 quo-

2232 814 2331 877 τῆς
2381 804 2661 875 θαλάσσης
2716 802 2815 858 οὐκ
2865 801 3117 876 ἀρύονται
3164 799 3257 853 καί
3306 796 3573 865 πίνουσιν,
3619 792 3742 850 οὔτε
3772 795 3838 866 ἐξ

302 881 415 978 que
443 881 653 961 animis
701 903 1164 960 Christianorum
1216 916 1334 955 non
1376 915 1445 954 ex
1491 899 1599 955 hoc
1629 898 1864 966 seculo,
1910 900 2008 955 sed

2200 903 2287 966 τῆς
2336 897 2403 951 τά
2465 891 2738 965 ἐνδύματα
2777 890 2868 947 καὶ
2924 890 3021 954 τὰς
3096 887 3299 968 τροφὰς
3377 881 3622 961 ἔχουσιν,
3701 884 3845 940 ἀλλ’

303 974 639 1066 supernitus
683 1010 715 1049 e
753 992 896 1048 cmlo
952 990 1148 1046 cibum
1200 988 1495 1045 cmlestem
1555 992 1612 1043 et
1666 988 2012 1043 indumenta

2200 987 2308 1040 υθεν
2366 983 2416 1039 έν
2449 988 2528 1056 τῷ
2556 979 2741 1055 πλοίῳ
2788 979 3201 1053 έπικομίζονται
3244 982 3259 1010 ‘
3319 975 3495 1038 οὕτως
3542 974 3597 1029 αἶ
3656 974 3843 1049 ψυγαὶ

308 1063 642 1154 spiritualia
695 1080 986 1151 accipiunt
1018 1096 1032 1134 :
1067 1084 1237 1148 atque
1291 1078 1427 1133 inde
1470 1078 1744 1145 viventes,
1772 1076 1830 1132 in
1879 1076 2011 1132 navi

2203 1096 2228 1128 ν
2287 1076 2648 1147 Χριστιανῶν,
2706 1069 2804 1125 οὐκ
2861 1071 2925 1124 ἐκ
2976 1072 3075 1124 τοῦ
3132 1067 3329 1128 αἰῶνος
3399 1064 3620 1134 τούτου,
3703 1063 3849 1119 ἀλλ’

308 1151 447 1226 ι)οηὶ
471 1178 527 1227 et
544 1170 752 1227 viviﬁci
785 1169 1035 1240 Spiritus
1065 1165 1392 1231 ambulant,
1418 1172 1473 1222 et.
1502 1166 2015 1237 transgrediuntur

2200 1166 2325 1218 ωθεν
2395 1160 2444 1233 ἐξ
2505 1161 2738 1234 οὐρανοῦ
2790 1161 3000 1235 τροφὴν
3064 1157 3314 1232 οὐράνιον
3390 1154 3479 1210 καὶ
3558 1151 3850 1227 ἐνδύματα

309 1260 667 1317 adversariae
700 1258 1029 1332 principum
1063 1262 1120 1312 et
1159 1262 1506 1328 potestatum
1534 1272 1738 1326 pravas
1772 1255 2018 1311 faculta-

2200 1251 2461 1325 ευματικά
2526 1245 2895 1323 λαμϐάνουσι,
2948 1248 3192 1303 κάκεῖθεν
3261 1249 3428 1315 ζῶσαι
3496 1243 3547 1298 ἐν
3602 1247 3672 1317 τῇ
3741 1249 3853 1313 νηῒ

310 1356 419 1406 tes.
455 1350 521 1405 Et
549 1348 1038 1420 quemadmodum
1080 1362 1150 1401 ex
1200 1345 1365 1400 unica
1396 1352 1602 1399 natura
1644 1342 1783 1415 ligni
1814 1360 2018 1400 omnes

2200 1347 2225 1397 ῦ
2315 1343 2519 1415 ἀγαθοῦ
2611 1340 2701 1395 καὶ

313 1458 489 1497 naves
518 1446 955 1504 construuntur,
978 1453 1230 1509 quarum
1263 1435 1540 1492 beneficio
1570 1436 1840 1492 homines
1864 1452 2021 1491 ama-

2784 1344 3059 1410 ζωοποιοῦ
3154 1337 3292 1393 Πνεύ
3301 1356 3470 1410 ματος
3576 1329 3821 1407 ἐμϐᾶσαι
3834 1378 3852 1403 ,

2126 1432 2496 1507 παρέρχονται
2543 1430 2636 1493 τὰς
2713 1431 2954 1491 ἐναντίας
3004 1432 3112 1484 τῶν
3176 1427 3364 1502 ἀρχῶν
3434 1425 3525 1480 καὶ
3584 1424 3856 1495 ἐξουσιῶν

314 1547 445 1586 rum
488 1534 735 1600 possunt
764 1534 1126 1583 transmeare
1158 1542 1314 1581 mare
1349 1540 1363 1580 :
1399 1524 1483 1580 sic
1520 1540 1589 1580 ex
1612 1525 1785 1580 unica
1807 1524 2020 1580 divini-

313 1624 431 1674 tate
452 1617 601 1674 lucis
631 1616 880 1672 caelestis
908 1616 1264 1671 diversorum
1296 1613 1492 1686 gratias
1523 1615 1812 1669 donorum
1846 1614 2020 1670 unius

315 1708 469 1762 1Δὲ
502 1706 776 1776 Spiritus,
824 1720 1025 1760 omnes
1063 1703 1527 1760 Christianorum
1566 1703 1780 1758 animm
1819 1718 2023 1759 corro-

317 1796 529 1852 boratas
554 1793 882 1849 universam
913 1810 980 1849 su
991 1793 1286 1863 pervolant
1309 1791 1653 1862 nequitiam.

2130 1522 2370 1595 πονηράς
2428 1518 2704 1594 δυνάμεις.
2754 1520 2857 1576 Καὶ
2906 1516 3089 1592 ὥσπερ
3145 1516 3206 1573 ἐκ
3246 1520 3372 1589 μιᾶς
3425 1512 3630 1576 θύσεως
3679 1511 3864 1584 ξύλου

2130 1611 2304 1665 πάντα
2358 1610 2426 1665 τὰ
2479 1609 2648 1665 πλοῖα
2706 1608 3217 1677 κατασκευάζονται,
3281 1603 3352 1659 δι²
3411 1605 3483 1658 ὧν
3551 1601 3861 1677 παρελθεῖν

2132 1702 2184 1755 ol.
2273 1702 2556 1776 ἄνθρωποι
2659 1702 2761 1768 τὴν
2838 1698 3035 1772 πικράν
3124 1696 3448 1766 δυνήσονται
3525 1692 3859 1748 θάλασσαν’

2131 1788 2303 1851 οὕτως
2360 1787 2421 1845 ἐκ
2481 1793 2608 1863 μιᾶς
2667 1788 2925 1859 θεότητος
2957 1786 3138 1866 φωτὸς
3197 1782 3459 1860 οὒρανίου
3506 1787 3613 1837 τῶν
3647 1780 3857 1859 διατιρό-

322 1903 431 1958 ρων
490 1881 849 1955 χαρισμάτων
911 1884 1009 1936 τοῦ
1075 1878 1200 1944 ἐνὸς
1264 1878 1600 1952 Πνεύματος,
1666 1882 1831 1933 πᾶσαι
1907 1883 2017 1933 τῶν
2083 1883 2429 1954 Χριστιανῶν
2490 1880 2542 1934 αἱ
2606 1880 2781 1953 ψυχαὶ
2848 1875 3249 1951 δυναμούμεναι
3314 1875 3414 1944 τὴν
3481 1872 3617 1944 ὅλην
3688 1892 3857 1947 περι-

324 1972 569 2026 ίπτανται
600 1970 887 2043 πονηρίαν.

388 2060 510 2116 VII.
545 2060 763 2115 Verum
811 2076 944 2116 cum
1002 2061 1164 2115 navis
1221 2062 1278 2115 et
1308 2059 1696 2131 gubernatore
1742 2058 2021 2129 indigeat,
2056 2061 2103 2126 Β

320 2155 377 2207 et
404 2155 725 2220 temperato
769 2153 825 2205 et
866 2165 1093 2206 ammno
1132 2154 1323 2217 vento,
1349 2149 1421 2205 ad
1474 2148 1714 2205 feliciter
1752 2149 2027 2221 navigan-

319 2240 488 2306 dum;
522 2239 645 2294 haec
684 2239 882 2294 omnia
928 2244 1016 2295 est
1058 2239 1183 2310 ipse
1240 2239 1519 2295 Dominus
1550 2239 1606 2294 in
1649 2241 1844 2295 anima
1877 2239 2026 2294 fideli

322 2331 561 2402 degens,
587 2333 645 2385 et
689 2328 941 2400 perferre
1000 2345 1125 2385 eam
1186 2330 1406 2386 faciens
1468 2330 1743 2386 molestas
1803 2336 2027 2399 tempe-

323 2423 504 2476 states
534 2424 591 2474 et
621 2418 839 2475 feroces
870 2416 1104 2474 malitia
1147 2418 1381 2487 ﬂuctus,
1407 2425 1583 2489 atque
1624 2418 1882 2488 impetus
1912 2418 2030 2475 vio-

324 2507 612 2563 lentorum
671 2506 889 2577 peccati
954 2519 1302 2567 ventorum;
1355 2513 1411 2562 et
1479 2508 1717 2577 quidem
1786 2508 2028 2567 fortiter.

326 2594 611 2649 ferventer
655 2610 723 2648 ac
767 2593 928 2660 scite,
962 2598 1027 2648 ut
1074 2594 1201 2665 ipse
1238 2594 1419 2660 novit,
1481 2594 1765 2649 dissoluto
1832 2611 2030 2650 eorum

330 2688 498 2736 testu.
548 2680 787 2751 Absque
841 2681 1058 2736 cmlesti
1106 2682 1262 2738 enim
1328 2682 1727 2754 gubernatore.
1780 2682 2032 2750 Christo,

330 2786 450 2826 non
518 2776 707 2841 potest
776 2771 1070 2841 quispiam
1148 2770 1417 2842 trajicere
1499 2787 1832 2842 perversum
1885 2787 2039 2828 mare

330 2862 681 2929 potestatum
716 2860 1199 2929 tenebrarum,ac
1232 2860 1613 2916 molestarum
1648 2861 2038 2917 tentationum

332 2948 586 3006 afﬂatus.
618 2948 925 3005 Ascendunt
970 2952 1151 3018 enim,
1183 2950 1397 3023 inquit,
1444 2966 1612 3022 usque
1658 2950 1940 3020 adcclos,
1988 2962 2040 3009 et

330 3037 665 3095 descendunt
713 3054 881 3109 usque
938 3040 1007 3093 ad
1064 3040 1285 3111 abysso:
1306 3039 1374 3098 εί.
1407 3039 1654 3097 Omnem
1712 3058 1880 3111 porro
1937 3059 2044 3115 gu-

332 3128 616 3184 bernandi
666 3128 993 3197 scientiam,
1026 3130 1164 3186 item
1216 3130 1503 3187 bellorum
1543 3147 1610 3186 ac
1656 3133 2045 3187 tentationum

334 3217 514 3286 novit,
575 3233 752 3289 super
804 3218 1025 3273 feroces
1094 3218 1306 3274 ﬂuctus
1361 3218 1658 3275 incedens.
1716 3221 1837 3291 Ipse
1872 3222 2045 3288 enim,

337 3307 555 3378 inquit,
607 3311 875 3374 tentatus,
925 3313 1101 3375 potest
1169 3306 1243 3362 iis
1298 3309 1396 3378 qui
1459 3310 1769 3378 tentantur,
1824 3325 2049 3365 succur-

342 3410 469 3450 rere
496 3393 571 3450 ⁸³.

414 3568 562 3624 VIII.
588 3568 826 3639 Oportet
880 3586 1013 3639 ergo
1070 3570 1324 3627 converti
1378 3587 1447 3627 ac
1499 3573 1882 3629 transmutari
1933 3575 2056 3630 ani-

349 3676 475 3713 mas
497 3662 727 3713 nostras
757 3676 792 3715 a
821 3659 1095 3731 prasenti
1126 3666 1274 3715 statu
1328 3659 1389 3715 in
1434 3659 1685 3716 alterum
1727 3666 1968 3730 statum,
2000 3669 2057 3721 et

350 3748 609 3803 divinam
670 3753 959 3816 naturam,
1012 3754 1069 3806 et
1113 3749 1237 3805 ﬁeri
1285 3766 1464 3806 novos
1514 3766 1545 3805 e
1583 3752 1894 3817 veteribus,
1947 3754 2057 3811 hoc

351 3844 460 3904 est,
499 3840 705 3905 bonos,
739 3838 1023 3909 benignos
1078 3855 1146 3894 ac
1178 3838 1401 3907 ﬁdeles,
1432 3856 1500 3895 ex
1538 3840 1765 3897 acerbis
1823 3848 1879 3899 et
1923 3842 2055 3898 inﬁ-

353 3929 606 3997 delibus,
636 3933 694 3983 ct
723 3929 805 3984 sic
836 3929 1077 3984 idoneos
1106 3927 1326 3984 cmlesti
1375 3945 1555 4001 regno
1607 3930 1730 3986 fieri
1762 3939 1815 3987 et
1845 3932 2056 3988 consti-

352 4020 458 4075 tui.
504 4019 712 4076 Beatus
769 4017 922 4073 enim
984 4017 1197 4073 Paulus
1247 4020 1318 4073 de
1347 4019 1720 4076 conversione
1751 4025 1807 4076 et
1837 4036 2059 4076 assum-

356 4110 552 4180 ptione
582 4125 707 4173 sua,
732 4124 850 4178 qua
897 4107 1356 4177 comprehensus
1386 4113 1475 4163 est
1504 4125 1537 4162 a
1563 4108 1827 4176 Domino,
1860 4109 2061 4165 scribit

354 4197 523 4252 haec:
575 4193 679 4251 Sed
732 4205 922 4261 sector,
979 4197 1029 4250 si
1062 4194 1237 4251 etiam
1292 4197 1717 4265 apprehendam,
1762 4204 2059 4268 quatenus,

353 4294 407 4341 et
446 4286 818 4356 apprehensus
865 4299 985 4338 sum
1044 4300 1078 4337 a
1128 4284 1340 4339 Christo
1387 4283 1455 4339 ⁸³.
1497 4285 1617 4349 Quo
1664 4286 1846 4356 igitur
1891 4290 2060 4357 pacto

357 4370 871 4443 comprehenditur
921 4389 953 4425 ιι
1010 4370 1126 4426 Deo
1158 4372 1185 4426 ?
1233 4374 1737 4438 Quemadmodum
1795 4375 1952 4430 enim
2011 4376 2061 4432 si

357 4464 615 4533 captivos
645 4460 953 4531 quosdam,
988 4476 1136 4530 quos
1165 4468 1447 4531 rapuerat,
1476 4468 1761 4533 tyrannus
1791 4464 2060 4531 abducat,

357 4553 626 4621 deinceps
658 4550 781 4620 ipse
812 4548 1340 4620 comprehendatur
1368 4567 1401 4607 a
1431 4567 1564 4607 vero
1597 4568 1729 4624 rege
1760 4569 1774 4608 :
1808 4554 1887 4609 ita
1916 4571 2064 4627 quo-

357 4656 466 4712 que
505 4638 743 4707 Paulus,
771 4653 900 4692 cum
953 4654 987 4692 a
1044 4638 1345 4709 tyrannica
1402 4642 1609 4712 spiritu
1670 4645 1884 4714 peccati
1944 4649 2063 4701 tor-

357 4735 652 4801 queretur,
691 4725 1011 4784 Ecclesiam
1073 4729 1528 4800 persequebatur
1580 4740 1634 4785 et
1688 4732 2061 4788 devastabat:

354 4834 551 4874 verum
582 4833 716 4872 cum
750 4832 865 4871 non
896 4816 1026 4871 odio
1057 4815 1181 4884 Dei,
1215 4819 1311 4872 sed
1356 4833 1454 4889 per
1513 4818 1899 4885 ignorantiam
1952 4820 2059 4878 hoc

356 4912 575 4979 ageret,
629 4912 910 4976 tanquam
989 4922 1092 4976 pro
1149 4905 1389 4961 Veritate
1447 4908 1754 4976 dimicans,
1819 4925 1930 4964 non
1972 4914 2061 4965 est

356 4995 680 5068 neglectus,
722 4996 820 5051 sed
879 4994 1264 5065 apprehendit
1294 5011 1422 5051 eum
1492 5012 1823 5069 arcanoque
1865 4999 2063 5069 splen-

358 5088 497 5143 dore
545 5083 924 5140 circumfudit
971 5084 1275 5151 Dominus,
1308 5084 1562 5141 coelestis
1609 5092 1669 5141 et
1716 5102 1885 5143 verus
1943 5104 2061 5159 rex,

357 5191 608 5248 eumque
627 5190 762 5231 voce
784 5190 892 5230 sua
922 5172 1290 5244 dignatua,in
1322 5173 1526 5230 faciem
1558 5175 1867 5246 percussit,
1892 5182 2066 5248 atque

357 5277 423 5321 ut
477 5279 707 5321 servum
774 5262 1060 5319 liberavit.
1121 5263 1262 5318 Vide
1327 5263 1560 5319 Domini
1622 5262 1941 5321 bonitatem
2008 5271 2066 5323 et

358 5352 817 5418 conversionem,
874 5368 987 5423 quo
1055 5357 1219 5424 pacto
1290 5352 1475 5423 possit
1550 5357 1774 5409 mutare
1840 5354 2063 5411 animas

356 5442 495 5499 vitio
553 5441 962 5512 agglutinatas,
1021 5445 1080 5496 et
1136 5442 1351 5497 feroces
1397 5441 1651 5509 effectae,
1710 5447 1882 5514 atque
1940 5459 2067 5501 mo-

357 5540 548 5676 ἓιοοιο
580 5530 733 5585 hora
763 5529 823 5584 in
854 5545 1019 5585 suam
1052 5529 1241 5600 ipsius
1281 5528 1599 5586 bonitatem
1630 5535 1689 5587 et
1719 5547 1919 5603 pacem
1949 5536 2065 5589 tra-

404 5617 608 5675 ucerel

404 5634 571 5675 ucere
594 5617 608 5671 l

428 5706 476 5743 ⁸⁸
507 5705 659 5776 Psal,
688 5706 930 5779 «11,26.
1006 5704 1054 5742 ⁸³
1082 5704 1258 5765 Hebr.
1282 5724 1349 5781 ιι,
1376 5710 1464 5767 18.
1540 5708 1588 5746 ⁸³
1607 5708 1864 5784 Philipp.
1887 5726 1977 5785 ιιι,
2004 5712 2092 5775 12.

2078 3432 2122 3498 C
2161 3394 2364 3470 ἀγρίων
2450 3393 2707 3467 κυμάτων
2780 3390 3073 3450 ἐπιϐαίνων
3136 3413 3153 3430 θ

2206 2062 2283 2117 Ζ’.
2338 2058 2486 2114 Ἐπεὶ
2559 2055 2616 2113 δὲ
2664 2058 2725 2114 τὸ
2800 2056 2998 2112 πλοῖον
3052 2056 3144 2111 καὶ
3210 2048 3544 2129 κυϐερνήτου
3620 2052 3856 2127 χρῄζει,

2126 2147 2220 2201 καὶ
2274 2147 2535 2221 εὐκράτου
2591 2147 2681 2202 καὶ
2739 2144 2901 2217 ἡδέος
2961 2148 3164 2220 ἀνέμου
3234 2143 3373 2217 πρὸς
3434 2145 3496 2199 τὸ
3576 2140 3853 2197 διαπλεῦ-

2134 2258 2221 2291 σαι
2269 2236 2480 2302 καλῶς,
2526 2241 2700 2293 ταῦτα
2744 2238 2916 2291 πάντα
2966 2236 3129 2301 αὐτός
3186 2236 3327 2293 ἐστιν
3375 2238 3403 2292 6
3445 2234 3638 2307 Κύριος
3685 2232 3737 2287 ἐν
3768 2236 3852 2307 τῇ

2132 2329 2299 2399 πιστῇ
2357 2329 2511 2400 ψυχῇ
2575 2325 2883 2402 γινόμενος,
2962 2325 3053 2381 καὶ
3130 2323 3399 2403 διαπερῶν
3476 2323 3641 2392 αὐτὴν
3711 2321 3854 2384 τοὺς

2136 2413 2340 2477 δεινοὺς
2385 2419 2692 2493 χειμῶνας,
2744 2416 2835 2470 καὶ
2888 2414 2957 2470 τά
3010 2414 3174 2491 ἄγρια
3218 2423 3319 2485 τῆς
3361 2413 3624 2489 πονηρίας
3662 2411 3850 2483 κύμα-

2136 2525 2225 2572 τα,
2282 2503 2371 2558 καὶ
2428 2504 2522 2565 τὰς
2562 2501 2876 2578 καταιγίδας
2929 2509 3036 2559 τῶν
3116 2504 3307 2580 βιαίων
3390 2512 3492 2573 τῆς
3576 2502 3856 2576 ἁμαρτίας

2140 2592 2375 2665 ἀνέμων,
2450 2590 2689 2656 δυνατῶς
2765 2595 2853 2649 καὶ
2943 2592 3205 2668 ἐμπύρως
3280 2594 3372 2648 καὶ
3439 2592 3857 2663 ἐπιστημόνως,

2143 2682 2219 2742 ὡς
2276 2680 2435 2742 αὐτὸς
2509 2680 2810 2753 ἐπίσταναι,
2871 2679 3111 2737 διαλύων
3185 2682 3279 2737 τὸν
3351 2679 3604 2737 κλύδωνα
3668 2679 3858 2734 αὐτῶν

2143 2769 2298 2822 ’Ἄνευ
2388 2768 2494 2843 γάρ
2595 2773 2693 2824 τοῦ
2777 2768 3102 2843 ἐπουρανίου
3182 2764 3519 2844 κυϐερνήτου
3584 2770 3862 2841 Χριστοῦ,

2148 2855 2404 2914 ἀδύνατόν
2462 2881 2569 2915 τινι
2622 2859 2913 2931 παρελθεῖν
2972 2860 3072 2928 τὴν
3126 2859 3365 2933 πονηράν
3414 2856 3683 2912 θάλασσαν
3740 2860 3864 2911 τῶν

2150 2944 2431 3021 δυνάμεων
2497 2952 2594 3003 τοῦ
2662 2949 2914 3016 σκότους,
2978 2948 3069 3003 καὶ
3158 2952 3267 3003 τῶν
3347 2951 3556 3023 πικρῶν

2149 3042 2302 3112 σμῶν
2334 3036 2401 3092 τά
2454 3040 2889 3115 καταφυσήματα
2943 3058 2957 3072 ·
3019 3033 3401 3094 Ἀναϐαίνουσι
3478 3034 3603 3109 γὰρ,
3662 3034 3863 3111 φησὶν,

2148 3124 2256 3189 ἕως
2347 3129 2454 3181 τῶν
2544 3125 2814 3199 οὐρανῶν,
2896 3126 2987 3181 καὶ
3071 3120 3487 3180 καταϐαίνουσιν
3568 3121 3670 3184 ἔως
3742 3126 3865 3177 τῶν

2153 3211 2425 3273 ἀϐύσσων.
2499 3221 2678 3271 Πᾶσαν
2762 3212 2819 3270 δὲ
2919 3211 3315 3291 κυϐερνητικὴν
3394 3214 3703 3284 ἐπιστήμην
3768 3212 3871 3267 καὶ

2155 3304 2419 3377 πολέμων
2506 3305 2597 3359 καὶ
2663 3310 2983 3381 πειρασμῶν
3058 3303 3365 3375 ἐπίσταται,
3442 3303 3687 3378 ὑπεράνω
3753 3306 3871 3356 τῶν

3238 3396 3416 3456 Αὐτὸς
3497 3393 3624 3469 γάρ,

2161 3484 2472 3559 ⁴πειρασθείς
2502 3481 2723 3539 δύναται
2758 3484 3179 3557 πειραζομένοις
3214 3485 3507 3559 βοηθῆσαι.

2233 3576 2319 3631 Η’.
2356 3574 2453 3633 Δεῖ
2517 3572 2695 3628 τοίνυν
2761 3572 3067 3651 ἀλλαγῆναι
3129 3573 3219 3628 καὶ
3287 3568 3701 3646 μεναϐληθῆναι
3769 3570 3876 3631 τας

2163 3664 2343 3739 ψυχὰς
2399 3666 2561 3737 ἡμῶν
2615 3662 2722 3719 ἀπὸ
2787 3671 2887 3732 τῆς
2941 3669 3031 3718 νῦν
3087 3663 3463 3725 καταστάσεως
3532 3662 3607 3724 είς
3677 3657 3868 3733 ἑτέραν

2163 3752 2507 3820 κατάστασιν,
2573 3752 2665 3807 καὶ
2731 3752 2886 3828 φύσιν
2963 3754 3134 3824 θείαν,
3201 3753 3292 3807 καὶ
3364 3751 3604 3828 γενέσθαι
3648 3751 3878 3809 καινοὺς

2166 3840 2227 3896 ἐκ
2292 3840 2566 3912 παλαιῶν,
2627 3841 2901 3897 τουτέστιν
2978 3840 3212 3910 ἀγαθοὺς
3277 3842 3371 3896 καὶ
3438 3840 3715 3916 χρηστοὺς
3783 3839 3881 3894 καὶ

2166 3933 2413 3999 πιστοὺς,
2444 3930 2505 3987 ἐκ
2532 3937 2742 4008 πικρῶν
2780 3932 2872 3988 καὶ
2915 3933 3155 3988 ἀπίστων
3190 3954 3204 3968 ·
3245 3932 3337 3987 καὶ
3387 3933 3531 3987 οὕτω
3560 3928 3883 4004 χρησίμους

2166 4022 2490 4094 γενομένους
2518 4021 2595 4083 είς
2639 4022 2737 4090 τὴν
2787 4020 3107 4098 ἐπουράνιον
3163 4020 3441 4096 βασιλείαν
3493 4021 3885 4088 ἀποκαταστῆ-

2168 4130 2277 4167 ναι.
2320 4111 2425 4167 Καὶ
2482 4111 2583 4185 γάρ
2628 4112 2657 4165 6
2708 4112 2975 4185 μακάριος
3025 4110 3244 4174 Παῦλος
3269 4109 3393 4179 περὶ
3424 4116 3524 4179 τῆς
3559 4102 3884 4181 μεταϐολῆς

2169 4198 2334 4254 αὐτοῦ
2390 4200 2479 4254 καὶ
2525 4197 2907 4274 καταλήψεως,
2964 4203 3033 4271 ἧς
3095 4198 3414 4274 κατελήφθη
3486 4198 3588 4253 ὑπὸ
3643 4198 3881 4268 Κυρίου,

2170 4289 2363 4368 γράφει
2416 4292 2584 4344 ταῦτα
2614 4306 2629 4322 ·
2692 4290 2884 4344 Διώκω
2942 4287 3020 4358 δὲ,
3062 4291 3105 4345 εί
3154 4283 3471 4360 καταλάϐω,
3530 4287 3612 4365 ἐφ’
3665 4286 3711 4358 ᾧ
3783 4287 3881 4340 καὶ

2170 4375 2518 4455 κατελήφθην
2591 4379 2693 4434 ὑπὸ
2770 4383 3028 4455 Χριστοῦ.
3112 4384 3235 4442 Πῶς
3300 4378 3353 4434 τί
3420 4378 3523 4453 ἄρα
3596 4377 3893 4448 καταλαμ-

2174 4463 2385 4521 ϐάνετσι
2420 4468 2521 4522 ὑπὸ
2550 4468 2647 4523 τοῦ
2705 4472 2886 4539 Θεοῦς
2937 4472 3142 4543 ’Ὠσπερ
3192 4469 3295 4546 γὰρ
3347 4468 3436 4523 έάν
3488 4465 3890 4541 αἰχμαλωσίαν

2172 4577 2288 4612 τινα
2359 4556 2616 4630 τύραννος
2705 4559 2947 4632 ἀρπάσας
3043 4560 3245 4633 ἀπάγῃ,
3341 4558 3457 4612 εἶνα
3551 4554 3894 4633 καταληφθῇ

2177 4646 2281 4701 ὑπὸ
2331 4649 2433 4700 τοῦ
2470 4645 2735 4717 ἀληθινοῦ
2791 4646 3063 4722 βασιλέως
3096 4666 3111 4680 ’
3162 4646 3332 4702 οὕτων
3380 4646 3471 4701 καὶ
3519 4645 3760 4708 Παῦλος,
3796 4644 3897 4699 ὅτε

2177 4734 2280 4789 ὑπὸ
2335 4737 2432 4789 τοῦ
2496 4739 2820 4809 τυραννικοῦ
2876 4737 3182 4808 πνεύματος
3252 4741 3354 4803 τῆς
3403 4732 3670 4808 ἁμαρτίας
3713 4730 3897 4805 ἐνηρ-

2172 4828 2346 4897 γεῖτο,
2410 4824 2511 4891 τήν
2569 4823 2900 4895 Ἐκκλησίαν
2971 4822 3164 4879 ἐδίωκε
3209 4823 3299 4879 καὶ
3360 4822 3666 4878 έσκύλευεν.
3726 4819 3895 4875 Ἀλλ’

2171 4911 2286 4967 ἐπεὶ
2356 4916 2433 4985 μή
2486 4914 2644 4987 ζήλῳ
2716 4918 2850 4971 Θεοῦ
2907 4914 3044 4971 κατά
3098 4913 3317 4990 ἄγνοιαν
3379 4913 3575 4980 ἐποίει,
3624 4912 3701 4973 ὡς
3749 4912 3891 4985 ὑπὲρ

2173 4999 2431 5070 ἀληθείας
2509 5002 2933 5079 ἀγωνιζόμενος,
2993 5004 3058 5059 ού
3123 5002 3448 5079 παρωράθη,
3522 4999 3671 5057 ἀλλὰ
3754 5021 3898 5055 κατ-

2172 5085 2364 5146 έλαϐεν
2395 5090 2555 5146 αὐτὸν
2589 5092 2617 5146 6
2668 5092 2889 5166 Κύριος,
2930 5090 3281 5167 περιλάμψας
3332 5089 3585 5166 assem:
3633 5090 3662 5143 6
3714 5087 3901 5144 ἐπου-

2176 5180 2355 5253 ράνιος
2422 5182 2513 5235 καὶ
2573 5179 2835 5251 ἀληθινὸς
2914 5180 3191 5257 βασιλεὺς,
3260 5186 3446 5256 φωνῆς
3525 5185 3627 5247 τῆς
3717 5179 3899 5234 αὐτοῦ

2170 5272 2362 5324 τοῦτον
2400 5269 2654 5341 ἀξιώσας,
2688 5271 2779 5325 καί
2832 5270 3060 5345 ῥαπίσας
3107 5272 3181 5333 ὡς
3236 5268 3436 5325 δοῦλον
3481 5266 3893 5342 ἠλευθέρωσεν.

2172 5356 2279 5415 Ἴδε
2335 5359 2607 5415 Δεσπότου
2672 5360 2985 5433 ἀγαθότητα
3030 5361 3119 5415 καὶ
3169 5355 3500 5434 μεταϐολήν,
3549 5359 3670 5418 πῶς
3720 5355 3887 5412 86w:-

2169 5467 2256 5503 ται
2320 5442 2644 5521 μεταϐαλεῖν
2701 5448 2886 5527 ψυχὰς
2940 5450 3038 5512 τὰς
3093 5452 3162 5522 τῇ
3227 5448 3387 5519 κακίᾳ
3440 5445 3888 5520 συμπλακείσας,

2170 5538 2261 5593 καὶ
2310 5537 2505 5614 ἀγρίας
2558 5538 3029 5609 ἀποκαταστάσας,
3086 5538 3178 5593 καὶ
3242 5537 3385 5614 ῥοπῇ
3445 5536 3594 5611 ὥρας
3654 5536 3734 5600 εἰς
3781 5540 3885 5607 τήν

2171 5627 2365 5685 ἑαυτοῦ
2390 5629 2717 5706 ἀγαθότητα,
2750 5630 2842 5685 καὶ
2873 5628 3096 5704 εἰρήνην
3128 5626 3485 5704 μετενεγκεῖν.

3654 2965 3825 3021 πειρα
3846 2977 3864 2987 ο

3708 3391 3875 3469 φησὶ,
