4116 6210
320 418 445 484 ’785

396 560 457 614 Θ.
504 557 687 613 Πάντα
742 560 845 637 γάρ
895 554 1093 617 δυνατὰ
1147 562 1296 637 παρὰ
1344 568 1484 637 Θεῷ,
1532 563 1712 639 ὥσπερ
1784 563 1869 621 ἐπὶ
1921 569 2019 621 τοῦ
2053 570 2107 636 Α

321 641 533 718 λῃστοῦ
561 647 772 723 γέγονε,
805 648 949 725 ῥοπῇ
991 651 1135 726 ὥρας
1194 650 1282 707 διὰ
1318 661 1418 723 τῆς
1471 653 1701 716 πίστεως
1754 650 2029 728 μετεϐλή-

322 735 419 802 θη,
451 736 540 788 καί
582 735 659 799 εἷς
716 735 1039 812 παράδεισον
1084 740 1451 813 ἀποκατέστη.
1504 745 1601 798 Διὰ
1645 748 1812 799 τοῦτο
1861 742 2027 813 ἦλθεν

323 823 358 877 ἁ
400 825 620 899 Κύριος,
649 823 743 881 ’ίνα
781 830 878 891 τας
917 831 1097 905 ψυχὰς
1146 834 1310 904 ἡμῶν
1350 832 1561 909 ἀλλάξῃ
1612 834 1701 888 καὶ
1743 834 2025 908 ἀνακτίσῃ,

324 912 416 967 καὶ
474 916 679 989 ποιήσῃ
735 917 920 986 αὐτὰς,
993 921 1177 983 καθὼς
1255 922 1579 997 γέγραπται,
1638 924 1781 985 θείας
1839 944 2030 979 κοινω-

321 1003 451 1066 νοὺς
488 1004 721 1077 φύσεως,
766 1007 858 1061 καὶ
905 1006 1087 1063 δοῦναι
1143 1010 1219 1072 εἰς
1266 1013 1364 1081 τήν
1412 1014 1596 1087 ψυχὴν
1655 1014 1815 1085 ἡμῶν
1868 1012 2029 1068 ἐπου-

326 1091 507 1163 ράνιον
575 1095 781 1168 ψυχὴν,
854 1097 1100 1153 τουτέστι
1179 1104 1398 1173 Πνεῦμα
1467 1101 1724 1171 θεότητος
1785 1098 2022 1175 ὁδηγοῦν

320 1180 472 1253 ἡμᾶς
528 1181 603 1244 εἰς
665 1188 838 1239 πᾶσαν
893 1185 1110 1261 ἀρετὴν,
1168 1189 1318 1251 ὅπως
1375 1192 1522 1260 ςωὴν
1572 1190 1791 1245 αἰώνιον
1867 1196 2024 1259 ζῆσαι

317 1267 649 1344 δυνηθχμεν.
703 1270 803 1344 Ε”η
859 1274 1040 1330 τοίνυν
1106 1276 1156 1350 ἐξ
1235 1278 1373 1348 ὅλης
1449 1276 1669 1354 καρδίας
1742 1280 2022 1335 πιστεῦσαι

323 1360 467 1431 ἡμᾶς
534 1366 652 1424 ταῖς
736 1362 1148 1441 ἆνεκδιηγήτοις
1229 1367 1394 1423 αὐτοῦ
1473 1367 1847 1446 ἐπαγγελίαις,
1940 1367 2024 1424 ὅτι

318 1448 536 1520 ἀληθής
585 1450 727 1508 ἔστιν
791 1455 819 1509 6
888 1456 1362 1532 ἐπαγγειλάμενος.
1422 1460 1537 1533 Χρή
1600 1458 1693 1513 οῦν
1747 1460 2022 1534 ἀγαπῆσαι

318 1540 411 1596 τὸν
462 1539 677 1615 Κύριον,
726 1544 816 1599 καὶ
868 1544 1167 1602 σπουδάσαι
1224 1550 1497 1611 παντοίως
1556 1549 1607 1604 ἐν
1654 1550 1849 1612 πάσαις
1900 1550 2025 1623 ἀρε-

319 1638 463 1701 ταῖς,
512 1633 602 1687 καὶ
659 1635 874 1707 αἰτῇσαι
950 1637 1227 1711 ἐπιμόνως
1283 1640 1373 1695 καὶ
1469 1637 1795 1715 ἐνδελεχῶς,
1889 1640 2025 1695 ὥστε

318 1719 567 1792 δέξασθαι
624 1726 725 1795 τὴν
782 1724 1114 1804 ἐπαγγελίαν
1177 1735 1275 1785 τοῦ
1336 1730 1648 1805 Πνεύματος
1688 1732 1853 1786 αὐτοῦ
1902 1729 2026 1785 ὀλο-

316 1809 545 1885 κλήρως
602 1814 693 1868 καὶ
752 1817 1001 1889 τελείως,
1082 1816 1176 1874 *ίνα
1243 1822 1656 1890 ζωοποιηθῶσιν
1726 1822 1780 1875 αἱ
1850 1821 2022 1896 ψυχαὶ

317 1903 503 2007 ἡμῶν,
559 1903 757 2008 ὡς’ἔτι
936 1908 1092 1984 σαρκί
1153 1909 1333 1984 ἐσμεν,
1386 1911 1507 1966 Ἐὰν
1571 1912 1646 1985 μὴ
1707 1912 1807 1986 γὰρ
1858 1910 1910 1966 ἐν
1942 1915 2022 1983 τῷ
2060 1945 2102 2008 Β

317 1992 512 2064 κόσμῳ
577 1995 756 2068 τούτῳ
814 1994 1029 2069 δέξηται
1103 2001 1137 2069 ἡ
1225 2002 1377 2074 ψυχή
1436 2001 1527 2055 τὸν
1602 2001 1865 2075 ἁγιασμὸν
1923 2003 2020 2055 τοῦ

318 2082 636 2153 Πνεύματος
694 2082 784 2139 διὰ
840 2085 1064 2157 πολλῆς
1122 2089 1354 2151 πίστεως
1427 2088 1517 2144 καὶ
1596 2086 1855 2159 δεήσεως,
1930 2091 2020 2145 καὶ

315 2169 578 2232 κοινωνὸς
660 2170 802 2232 θείας
873 2173 1082 2249 φύσεως
1174 2176 1418 2251 γένηται,
1501 2174 1860 2249 ἀνακραθεῖσα
1949 2179 2019 2249 τῇ

319 2256 530 2331 χάριτι,
593 2255 663 2314 δι’
708 2263 775 2330 ἧς
832 2268 1003 2318 πᾶσαν
1063 2264 1291 2334 ἐντολήν
1350 2265 1599 2338 ἀμώμως
1640 2266 1727 2321 καὶ
1771 2267 2019 2340 καθαρῶς

318 2343 590 2403 ἐπιτελεῖν
668 2347 975 2421 δυνήσεται,
1045 2353 1313 2425 ἀποίητός
1374 2354 1514 2410 ἐστιν
1570 2354 1647 2417 είς
1701 2357 1801 2424 τήν
1864 2357 2021 2431 βασι-

321 2432 475 2491 λείαν
518 2441 631 2493 τῶν
681 2438 940 2515 οὐρανῶν.
1009 2445 1177 2519 Ὅπερ
1234 2446 1335 2519 γαρ
1392 2465 1475 2507 τις
1534 2443 1770 2499 ἐντεῦθεν
1827 2444 2021 2521 ἀγαθὸν

321 2525 613 2598 ἐκτήσατο,
679 2534 840 2584 τοῦτο
905 2530 1035 2586 αὐτὸ
1100 2532 1154 2587 ἐν
1221 2532 1399 2609 ἐκείνῃ
1464 2538 1533 2606 τῇ
1600 2534 1780 2606 ἡμέρᾳ
1873 2532 2019 2589 ἔσται

321 2614 487 2670 αὐτοῦ
544 2618 659 2686 ζωὴ
719 2615 809 2673 διὰ
861 2624 958 2673 τοῦ
1022 2624 1250 2697 Πατρός,
1300 2624 1392 2678 καὶ
1440 2627 1538 2679 τοῦ
1596 2625 1723 2677 Υίοῦ
1777 2624 1869 2678 καὶ
1924 2627 2021 2679 τοῦ

317 2704 480 2779 ἀγίοσ
510 2707 846 2780 Πνεύματος,
878 2708 957 2772 εἷς
986 2710 1112 2773 τοὺς
1144 2711 1365 2774 αἰῶνας.
1398 2714 1592 2786 Ἀμήν.

951 2843 1201 2897 ΟΜΙΛΙΑ
1250 2843 1382 2899 ME’.

311 2921 565 3013 066‘epia‘
604 2925 798 3013 τέχνη,
864 2926 924 3013 ού
1006 2926 1244 3013 πλοῦτος
1320 2928 1516 3013 τούτου
1597 2933 1694 2985 τοῦ
1786 2929 2021 3001 κόσμου,

385 2998 431 3050 εἱ
495 2998 595 3084 μὴ,
646 2998 793 3087 μόἔή
857 3002 893 3068 ἡ
951 3001 1352 3087 τοῦΜΧριστοῦ
1422 3000 1709 3087 ἐπιφάνεια
1767 2998 2021 3075 θεραπεῦὲ

386 3087 474 3154 σαι
542 3070 640 3155 τὸν
701 3070 985 3155 ἄνθρωπον
1064 3070 1300 3155 δύναται,
1386 3072 1447 3126 οὗ
1532 3070 1840 3146 ’μεγίστην’
1883 3074 2019 3146 πρὸς

388 3142 483 3194 τὸν
552 3142 682 3196 Θεὸν
749 3142 1053 3219 συγγένειαν
1144 3144 1279 3215 αὕτη
1373 3146 1409 3213 ἡ
1498 3142 1691 3218 ὁμιλία
1763 3142 2022 3221 αποφαί-

392 3231 561 3268 νεται.

1593 432 1963 496 HOMlLl/E.
2013 466 2090 479 -—
2134 432 2326 497 HOM.
2375 433 2557 496 XLV.

3717 422 3835 484 786

2208 569 2297 624 IX.
2330 569 2540 624 Omnia
2568 567 2724 623 enim
2783 566 2937 639 apud
2987 569 3167 621 Deum
3200 565 3338 619 sunt
3383 557 3704 633 possibilia,
3766 558 3830 613 ut

2140 659 2198 713 in
2233 658 2458 714 latrone
2507 659 2774 730 contigit,
2819 659 2917 728 qui
2955 661 3247 714 momento
3310 653 3461 709 horae
3512 666 3613 721 per
3660 649 3832 703 ﬁdem

2140 764 2456 805 conversus
2487 755 2595 815 est,
2629 755 2685 803 et
2732 748 2791 803 in
2826 750 3153 817 paradisum
3186 742 3530 800 translatus.
3562 741 3834 806 Propter-

2139 854 2206 893 ea
2246 840 2401 894 venit
2450 838 2751 904 Dominus,
2811 844 2871 892 ut
2912 839 3140 893 animas
3197 840 3429 891 nostras
3480 828 3836 887 converteret

2138 931 2315 997 atque
2368 928 2747 993 reformeret;
2803 943 2868 981 ac
2910 926 3080 980 faciat
3116 940 3233 991 eas,
3286 927 3351 978 ut
3398 920 3677 991 scripturn
3726 919 3832 982 est,

2136 1016 2339 1071 divina
2393 1019 2673 1072 consortes
2728 1015 3007 1081 naturae“,
3059 1023 3113 1069 et
3171 1014 3428 1068 conferat
3473 1010 3531 1065 in
3573 1006 3830 1062 animam

2138 1112 2400 1163 nostram
2444 1106 2740 1162 caelestem
2783 1107 3064 1170 animam,
3117 1104 3225 1158 hoc
3272 1108 3379 1168 est,
3414 1099 3695 1171 Spiritum
3745 1095 3833 1149 di-

2137 1196 2367 1265 vinum,
2423 1197 2805 1251 deducentem
2868 1211 2973 1250 nos
3011 1194 3069 1248 in
3131 1207 3365 1247 omnem
3423 1190 3714 1250 virtutem,
3774 1190 3835 1238 ut

2135 1286 2312 1341 vitam
2368 1291 2645 1341 aeternam
2687 1285 2871 1339 vivere
2932 1282 3246 1356 possimus.
3297 1279 3535 1351 Oportet
3581 1290 3716 1346 ergo
3767 1288 3836 1328 ex

2135 1382 2253 1433 toto
2284 1378 2454 1434 corde
2486 1394 2591 1433 nos
2621 1378 2853 1433 credere
2890 1373 3353 1431 inenarabilibus
3392 1371 3520 1441 ejus
3575 1366 3833 1438 promis-

2137 1467 2423 1533 sionibus,
2455 1467 2595 1537 quia
2634 1482 2805 1521 verax
2836 1470 2943 1531 est,
2988 1463 3087 1535 qui
3141 1460 3427 1533 promisit.
3475 1458 3837 1527 Quapmpter

2136 1555 2304 1611 decet
2334 1555 2580 1626 diligere
2620 1554 2948 1621 Dominum,
2990 1559 3164 1623 atque
3197 1549 3544 1607 contendere
3592 1548 3833 1600 omnino

2136 1646 2192 1700 in
2218 1646 2492 1702 omnibus
2522 1645 2850 1713 virtutibus,
2884 1653 2937 1699 et
2956 1643 3191 1699 assidue
3211 1646 3402 1712 petere
3422 1638 3641 1707 absque
3673 1632 3836 1690 omni

2136 1735 2602 1801 intermissione,
2660 1739 2724 1790 ut
2753 1749 3181 1804 consequamur
3216 1726 3662 1802 promissionem
3706 1722 3836 1794 Spi-

2135 1826 2278 1881 ritus
2308 1828 2433 1896 ejus
2464 1824 2689 1896 integre
2738 1840 2802 1878 ac
2834 1822 3103 1894 perfecte,
3153 1836 3269 1892 quo
3298 1816 3665 1872 viviﬁcantur
3713 1813 3834 1867 ani-

2137 1931 2242 1969 mea
2274 1924 2507 1981 nostrai,
2542 1913 2755 1986 quippe
2785 1912 2887 1984 qui
2917 1911 3107 1966 adhuc
3140 1910 3197 1965 in
3239 1923 3409 1964 carne
3439 1919 3669 1961 sumus.
3707 1901 3835 1957 Nisi

2132 2007 2287 2063 enim
2320 2006 2379 2061 in
2408 2005 2517 2061 hoc
2556 2004 2765 2062 seculo
2796 2008 3105 2058 consecuta
3155 1999 3328 2054 fuerit
3357 1996 3558 2052 anima
3605 1990 3829 2048 sancti-

2132 2095 2463 2151 ﬁcationem
2494 2092 2744 2164 Spiritus
2783 2108 3015 2147 summa
3045 2090 3158 2145 fids
3190 2093 3364 2158 atque
3412 2081 3827 2145 absecratione,

2131 2190 2189 2242 et
2236 2184 2523 2256 particeps
2570 2182 2781 2238 divinas
2828 2187 3047 2237 natura)
3100 2180 3248 2233 facta
3293 2173 3485 2241 fuerit,
3545 2170 3833 2244 permixta

2130 2273 2348 2347 gratiae,
2374 2274 2543 2340 cujus
2569 2271 2849 2328 beneﬂcio
2878 2284 3051 2326 omne
3077 2265 3417 2323 mandatum
3466 2262 3683 2331 absque
3731 2274 3829 2313 re-

2131 2361 2515 2435 prehensione
2545 2370 2597 2417 et
2631 2376 2774 2432 pure
2823 2358 3094 2429 perlicere
3145 2354 3374 2427 poterit,
3408 2367 3522 2407 non
3572 2357 3657 2404 est
3694 2351 3830 2416 apta

2129 2453 2202 2507 ad
2238 2467 2480 2523 regnum
2512 2448 2813 2506 caelorum.
2848 2445 3142 2517 Quidquid
3173 2443 3329 2500 enim
3369 2440 3503 2497 boni
3554 2436 3828 2509 quisjam

2133 2541 2267 2597 hinc
2289 2541 2629 2607 obtinuerit,
2654 2537 2763 2592 hoc
2806 2538 2995 2609 ipsum
3030 2552 3087 2590 in
3122 2532 3222 2589 illa
3255 2532 3347 2588 die
3393 2530 3501 2586 erit
3530 2528 3659 2599 ejus
3690 2526 3825 2585 vita,

2132 2647 2235 2704 per
2289 2632 2541 2694 Patrem,
2586 2633 2643 2683 et
2690 2626 2924 2692 Filium,
2986 2628 3043 2681 et
3086 2623 3373 2695 Spiritum
3439 2625 3728 2683 sanctum,
3770 2615 3829 2670 in

2131 2721 2367 2778 saecula.
2401 2724 2607 2775 Amen.

2632 2839 2796 2897 143
2828 2838 3130 2895 HOMILIA
3160 2834 3324 2892 XLV.

2129 2934 2300 2991 Nulla
2378 2949 2469 2989 ars
2533 2938 2630 2987 aut
2722 2929 2932 2985 divitia
2997 2927 3157 2991 hujus
3234 2924 3450 2989 mundi,
3526 2922 3619 2979 sed
3687 2921 3833 2976 solus

2203 3006 2405 3061 Christi
2478 3004 2739 3058 adventus
2792 3015 2993 3055 sanare
3058 2996 3329 3053 hominem
3401 3000 3619 3066 potest,
3674 2996 3831 3066 culus

2199 3079 2505 3131 maximam
2578 3089 2704 3129 cum
2784 3072 2889 3128 Deo
2954 3070 3331 3139 cognationem
3402 3064 3529 3121 'haee
3601 3064 3828 3120 homitia

2202 3149 2463 3216 explicat.

390 3338 467 3394 A'.
527 3339 584 3393 ’0
630 3338 720 3393 τὸν
770 3342 986 3414 μονήρη
1054 3339 1169 3414 βίον
1247 3338 1651 3413 ἐπιλεξάμενος,
1718 3341 1887 3395 πάντα
1951 3342 2017 3396 τὰ

2202 3348 2246 3403 I.
2281 3345 2389 3410 Qui
2438 3343 2764 3400 solitariam
2811 3341 2987 3398 vitam
3048 3340 3239 3409 elegit,
3285 3337 3558 3393 universa
3604 3351 3730 3407 quas
3771 3333 3830 3388 in

316 3426 367 3482 ἐν
403 3432 484 3501 τῷ
540 3427 735 3501 κόσμῳ
781 3430 962 3503 τούτῳ
1022 3431 1360 3504 στρεφόμενα
1409 3431 1707 3505 πράγματα
1752 3429 2021 3507 ἀλλότρια

316 3517 510 3572 ἑαυτοῦ
575 3517 669 3574 καὶ
724 3520 843 3588 ξένα
917 3522 1150 3595 ἡγεῖσθα
1210 3520 1437 3596 ὀφείλει.
1496 3522 1552 3576 Ὀ
1610 3522 1714 3598 γὰρ
1770 3520 1820 3595 ἐξ
1880 3520 2021 3593 ἀληο

316 3608 462 3669 θείας
534 3605 888 3681 μεταδιώκων
951 3610 1043 3664 τὸν
1095 3610 1356 3683 σταυρρόν
1400 3614 1496 3666 τοῦ
1543 3615 1799 3683 Χριστοῦ,
1847 3612 2023 3666 πάντα

316 3698 713 3771 ἀρνησάμενος,
772 3697 849 3754 ἔτι
908 3698 964 3755 δὲ
1008 3702 1107 3769 τὴν
1164 3700 1357 3756 ἑαυτοῦ
1414 3703 1619 3775 ψυχὴν,
1660 3697 2025 3775 προσηλωμέ-

314 3808 405 3842 νον
460 3788 555 3842 τὸν
610 3792 735 3843 νοῦν
796 3789 871 3851 είς
918 3791 1017 3859 τήν
1079 3789 1296 3865 ἀγάπην
1370 3796 1467 3845 τοῦ
1548 3793 1790 3865 Χριστοῦ
1873 3788 2023 3869 ἔχειν

316 3876 532 3954 ἆφείλει
567 3898 582 3913 ο
613 3884 895 3953 προτιμῶν
938 3878 1153 3952 δηλαδή
1204 3881 1298 3936 τὸν
1345 3882 1546 3957 Κύριον
1595 3881 1821 3956 γονέων,
1861 3878 2026 3936 ἀδελ-

319 3972 455 4041 φῶν,
516 3970 794 4044 γυναικὸς,
851 3971 1077 4041 τέκνων,
1158 3971 1488 4047 συγγενείας,
1574 3969 1771 4049 φίλων,
1858 3972 2028 4041 ὑπαρ-

322 4055 555 4129 χόντων.
628 4060 803 4115 Τοῦτο
879 4060 982 4136 γὰρ
1062 4060 1091 4115 6
1162 4058 1357 4136 Κύριος
1444 4060 1761 4137 ἀπεφήνατο
1834 4058 2025 4128 είπὼν,

321 4152 431 4210 Πᾶς
498 4146 647 4209 ὅστις
710 4148 810 4203 ούκ
872 4148 1047 4228 ἀφῆκε
1120 4148 1343 4225 πατέρα,
1400 4150 1434 4219 ἢ
1508 4150 1805 4223 μητέρα,ἠ“
1862 4146 2025 4203 ἀδελ-

321 4236 480 4314 φοὺς,
550 4238 584 4308 ἢ
652 4244 902 4315 γυναῖκα,
971 4238 1007 4308 ἢ
1100 4239 1256 4295 τέκνα
1320 4240 1355 4309 ἢ
1447 4238 1669 4314 ἀγροὺς,
1744 4237 1833 4293 καὶ
1928 4238 2027 4294 ούκ

321 4325 616 4382 ἀκολουθεῖ
684 4348 800 4401 μοι,
868 4326 967 4383 οὒκ
1031 4321 1143 4383 ἔστι
1230 4349 1334 4401 μου
1422 4328 1589 4398 ἄξιος.
1679 4328 1766 4383 Ἐν
1852 4324 2024 4382 οὐδενὶ

322 4415 426 4490 γαρ
484 4417 653 4491 ἑτέρῳ
712 4417 1011 4492 εὑρίσκεται
1062 4418 1305 4491 σωτηρία
1358 4423 1475 4479 τοῖς
1546 4416 1855 4491 ἀνθρώποις
1936 4417 2025 4472 καὶ

320 4503 633 4573 ἀνάπαυσις,
683 4506 758 4566 ὡς
803 4506 1132 4579 ἠκούσαμεν.
1204 4506 1369 4561 Πόσοι
1441 4505 1544 4581 γὰρ
1617 4506 1866 4581 βασιλεῖς
1939 4506 2025 4560 ἀν·

321 4596 595 4668 εφάνησαν
655 4594 716 4649 ἐκ
764 4598 861 4649 τοῦ
924 4593 1107 4671 γένους
1188 4592 1386 4667 Ἀδάμ,
1464 4599 1778 4669 κρατοῦντες
1847 4594 2027 4664 πάσης

2134 3438 2240 3495 hoc
2294 3434 2506 3493 seculo
2564 3438 2890 3499 versantur,
2935 3449 2968 3485 a
3016 3447 3079 3487 se
3162 3428 3354 3485 aliena
3412 3436 3586 3499 atque
3669 3440 3835 3497 pere-

2132 3528 2300 3602 grina
2343 3526 2673 3582 existimare
2730 3523 2920 3578 debet.
2989 3520 3095 3587 Qui
3125 3520 3280 3575 enim
3342 3532 3470 3573 vere
3528 3514 3835 3587 prosequi-

2132 3624 2228 3675 tur
2284 3634 2515 3674 crueem
2576 3615 2816 3680 Christi,
2867 3613 3143 3669 omnibus
3193 3606 3517 3679 abnegatis,
3562 3605 3648 3661 vel
3725 3620 3834 3659 sua

2134 3710 2325 3779 ipsius
2373 3707 2587 3772 anima,
2648 3705 2817 3760 fixam
2879 3707 3130 3757 mentem
3183 3700 3242 3755 in
3300 3713 3557 3754 amorem
3615 3691 3834 3750 Christi

2138 3799 2355 3855 habere
2383 3798 2575 3863 debet,
2621 3800 2984 3866 anteponens
3041 3790 3307 3846 videlicet
3361 3788 3673 3845 Dominum
3733 3801 3835 3855 pa-

2136 3887 2423 3951 rentibus,
2450 3884 2746 3951 fratribus,
2779 3881 2968 3944 uxori,
2998 3880 3220 3945 liberis,
3265 3876 3553 3948 cognatis,
3612 3873 3839 3937 amicis,

2143 3974 2536 4032 facultatibus.
2605 3971 2721 4026 lloc
2780 3970 2935 4024 enim
2986 3966 3270 4022 Dominus
3317 3963 3537 4029 innuit,
3588 3960 3836 4015 dicens:

2139 4066 2455 4133 Quicunque
2527 4076 2639 4115 non
2723 4058 3004 4113 dimiserit
3095 4058 3327 4126 patrem.
3403 4058 3501 4106 aut
3582 4056 3835 4111 matrem,

2137 4160 2235 4209 aut
2265 4155 2486 4221 fratres,
2518 4155 2617 4204 aut
2649 4163 2900 4211 uxorem,
2948 4154 3044 4201 aut
3069 4144 3286 4209 liberos,
3332 4151 3430 4197 aut
3460 4156 3639 4211 agros,
3670 4142 3723 4192 et
3751 4152 3838 4191 me

2136 4254 2347 4299 secutus
2377 4257 2483 4297 non
2526 4243 2724 4311 fuerit.
2755 4255 2867 4295 non
2894 4246 2972 4293 est
3000 4253 3085 4293 me
3112 4234 3328 4306 dignus.
3382 4232 3445 4288 In
3477 4229 3638 4288 nullo
3678 4228 3835 4285 enim

2140 4333 2251 4389 alio
2299 4332 2595 4388 invenitur
2658 4328 2816 4385 salus
2907 4326 3209 4383 hominum
3275 4334 3332 4379 et
3422 4321 3678 4393 requies,
3774 4324 3840 4373 ut

2138 4422 2493 4479 audivimus.
2537 4422 2689 4486 Quot
2736 4417 2893 4474 enim
2941 4432 3102 4487 reges
3150 4414 3577 4470 emicuerunte
3628 4424 3837 4482 genere

2137 4514 2298 4576 Adae,
2343 4512 2443 4583 qui
2499 4510 2652 4565 nacti
2714 4507 3043 4563 dominium
3114 4504 3396 4560 universae
3458 4510 3639 4569 teme,
3688 4499 3837 4555 altos

2138 4602 2249 4659 sibi
2283 4600 2597 4657 sumebant
2644 4598 2890 4670 spiritus
2940 4599 3176 4668 propter
3223 4595 3439 4666 regiam
3477 4588 3834 4663 potentiam!

320 4692 421 4755 τῆς
470 4692 600 4760 γῆς,
653 4683 793 4759 μέγα
838 4689 1158 4760 φρονοῦντες
1191 4684 1277 4740 ἐπὶ
1307 4689 1374 4757 τῇ
1410 4684 1669 4761 βασιλικῇ
1699 4682 1980 4754 δυναστείᾳ
2010 4686 2022 4741 l

2141 4693 2345 4747 horum
2381 4699 2571 4745 tamen
2613 4687 2813 4744 nullus
2852 4703 2920 4742 ex
2951 4687 3056 4741 bac
3078 4700 3275 4740 rerum
3308 4682 3474 4753 copia
3506 4680 3694 4752 potuit
3742 4696 3840 4734 co-

319 4775 409 4831 καὶ
434 4775 645 4829 τούτων
680 4772 857 4836 οὐδεὶς
887 4772 975 4829 διὰ
1017 4781 1119 4844 τῆς
1166 4773 1424 4844 τοιαύτης
1456 4771 1774 4845 ίκανότητος
1832 4773 2026 4849 ἴσχυσε

321 4864 583 4939 γνωρίσαι
652 4865 750 4933 τήν
817 4864 876 4919 ἐκ
920 4871 1021 4934 τῆς
1086 4859 1445 4940 παραϐάσεως
1501 4868 1598 4918 τοῦ
1656 4864 1876 4936 πρώτου
1935 4865 2026 4918 ἀν-

321 4954 542 5027 θρώπος
600 4952 1012 5008 ἐπεισελθοῦσαν
1082 4957 1153 5027 τῇ
1221 4956 1375 5027 ψυχῇ
1437 4951 1644 5021 κακίαν,
1693 4952 1783 5007 καὶ
1837 4952 2027 5008 σκοτί-

322 5064 486 5099 σασαν
540 5042 729 5112 αύτήν,
780 5046 919 5116 πρὸς
954 5044 1017 5098 τὸ
1072 5045 1147 5117 μὴ
1200 5042 1491 5118 ἐπιγνῶναι
1541 5044 1641 5112 τήν
1686 5039 2024 5116 μεταϐολὴν,

320 5134 405 5187 ὅτι
460 5138 681 5206 πρῶτον
735 5131 1047 5206 καθαρεύων
1102 5133 1130 5187 6
1188 5137 1312 5195 νοῦς
1372 5133 1514 5206 ἐώρα
1583 5132 1675 5186 τὸν
1748 5134 2023 5204 Δεσπότην

318 5226 487 5280 αὑτοῦ
546 5224 599 5280 ἐν
664 5223 935 5298 ἀξιώματι
995 5222 1092 5295 ὥν,
1148 5228 1237 5279 καὶ
1306 5229 1399 5280 νῦν
1456 5221 1729 5279 ἐνδέδυται
1796 5222 1885 5280 δια
1922 5226 2021 5295 τήν

316 5313 589 5369 ’ἔκπτωσιν
645 5314 933 5390 αἶσχύνην,
980 5312 1373 5393 τυφλωθέντων
1415 5318 1524 5369 τῶν
1577 5313 1878 5391 ὀφθαλμῶν
1926 5322 2026 5384 τῆς

316 5403 544 5476 καρδίας
573 5409 670 5460 τοῦ
713 5427 788 5479 μη
825 5402 1047 5480 βλέπειν
1092 5404 1299 5475 ἐκείνην
1348 5406 1448 5472 τὴν
1495 5402 1674 5474 δόξαν,
1715 5403 1781 5472 ἢν
1829 5400 2026 5461 ἓϐλεπε

314 5496 424 5569 πρὸ
451 5503 554 5564 τῆς
583 5503 863 5571 παρακοῆς
906 5498 934 5551 6
963 5498 1143 5566 πατὴρ
1175 5499 1337 5569 ἡμῶν
1370 5493 1568 5567 Ἀδάμ..

391 5588 449 5641 Β’
504 5587 778 5662 Ἐγένοντο
818 5585 875 5641 δὲ
920 5587 1011 5641 καὶ
1071 5584 1099 5641 δ
1144 5588 1154 5603 ’
1521 5587 1533 5602 “
1690 5586 1703 5602 “
1819 5586 1830 5603 ’

454 5630 468 5642 .
1107 5605 1323 5665 ιαφοροι
1372 5606 1536 5663 σοφοι
1578 5606 1713 5640 κατα
1768 5606 1973 5659 κοσμον
2002 5607 2015 5621 ⁸

317 5672 394 5726 ὧν
438 5674 491 5727 oi
542 5674 635 5745 μὲν
685 5671 775 5727 διά
822 5671 1149 5751 φιλοσοφίας
1198 5673 1394 5747 ἀρετήν
1437 5670 1773 5742 ἐπεδείξαντο
1808 5690 1822 5707 ⁸
1880 5674 1933 5729 οἱ
1964 5672 2021 5729 δὲ

390 5763 437 5799 ⁸⁴
467 5763 515 5819 ll
557 5762 705 5822 Petr.
738 5780 780 5833 ι,
809 5766 863 5820 4.
938 5764 985 5800 ⁸⁵
1016 5764 1158 5833 Luc,
1188 5779 1303 5833 xxv,
1329 5763 1442 5835 26;
1468 5761 1673 5826 Matth.
1718 5780 1772 5833 ι,
1807 5762 1903 5823 3’7.

2137 4798 2435 4853 gnoscere,
2471 4779 2752 4835 malitiam
2784 4794 2814 4833 e
2863 4774 3320 4845 transgressione
3368 4770 3537 4843 primi
3580 4769 3840 4824 hominis

2137 4871 2559 4942 ingredientem
2622 4868 2683 4923 in
2720 4867 3003 4929 animam,
3060 4870 3118 4918 et
3173 4860 3653 4915 obtcnebrantem
3684 4873 3835 4925 eam,

2137 4976 2207 5015 ne
2238 4962 2576 5029 agnosceret
2606 4958 3015 5020 mutationem,
3054 4951 3208 5022 quod
3241 4963 3451 5019 nempe
3480 4962 3646 5002 mens
3696 4962 3841 5017 pura

2137 5050 2295 5120 prius
2326 5049 2535 5103 viderit
2577 5046 2887 5103 Dominum
2939 5058 3113 5098 suum
3174 5039 3232 5093 in
3292 5038 3574 5109 dignitate
3616 5035 3837 5092 consti-

2135 5143 2261 5194 tuta
2289 5156 2303 5205 ;
2336 5154 2490 5193 nunc
2539 5152 2669 5191 vero
2712 5136 2918 5191 induta
2947 5132 3022 5187 sit
3059 5133 3290 5201 propter
3325 5126 3552 5198 lapsum
3593 5126 3834 5197 pudore,

2134 5228 2430 5285 excecatis
2460 5224 2645 5281 oculis
2686 5223 2901 5291 cordis,
2942 5238 3014 5277 ne
3065 5216 3432 5286 conspiciant
3477 5214 3720 5285 gloriam
3773 5213 3839 5269 il-

2134 5319 2251 5374 lam
2311 5334 2490 5390 quam
2555 5316 2855 5388 spectabat
2940 5317 3073 5369 ante
3139 5306 3596 5365 inobedientiam
3670 5310 3836 5377 pater

2135 5413 2335 5464 noster
2357 5407 2565 5463 Adam.

2207 5587 2279 5642 Il.
2314 5586 2594 5642 Caeterum
2628 5585 2919 5657 sapientes
2949 5582 3007 5637 in
3041 5580 3258 5637 mundo
3292 5579 3449 5634 luere
3480 5576 3835 5632 diversimo-

2134 5676 2213 5744 di,
2236 5693 2475 5750 quorum
2506 5675 2775 5733 nonnulli
2820 5671 3199 5744 philosophia
3247 5668 3527 5728 beneﬂcio
3562 5667 3835 5725 virtutem
