4116 6210
296 392 411 453 787

293 614 663 672 admirationi
717 621 851 669 sunt
911 612 1131 667 habiti:
1167 612 1262 667 alii
1323 611 1671 668 rhetoricam
1720 612 2003 667 docebant

290 706 675 779 gravitatem:
752 703 847 758 alii
916 701 1279 772 grammatici
1350 706 1408 757 et
1475 706 1653 773 poetis
1713 702 1845 757 facti
1898 719 2000 773 pro

292 797 561 852 instituto
584 794 919 851 scribebant
941 792 1240 848 historias.
1282 792 1457 848 Porro
1503 794 1736 847 luerunt
1769 806 2000 863 quoque

291 888 435 943 varii
487 886 761 950 artiﬁces,
825 883 947 954 qui,
999 898 1120 954 quae
1203 889 1339 938 sunt
1423 882 1482 938 in
1545 884 1783 950 mundo,
1847 889 1999 938 artes

293 979 696 1031 exercuerunt.
753 975 1012 1037 Quorum
1080 972 1347 1027 nonnulli
1407 972 1644 1042 quidem
1704 971 1767 1027 in
1822 972 2000 1042 lignis

290 1072 589 1121 tornantee
641 1081 855 1137 genera
904 1064 1100 1118 avium
1159 1069 1212 1116 et
1272 1061 1546 1133 piscium.
1596 1067 1653 1116 et
1716 1062 2001 1133 Imagines

290 1155 624 1219 hominum,
658 1155 715 1208 in
756 1153 872 1207 illis
906 1168 1072 1207 suam
1128 1150 1479 1206 industriam
1537 1156 1998 1207 commonstrare

290 1247 763 1301 contenderunt:
797 1243 1065 1298 nonnulli
1112 1260 1245 1298 vcro
1304 1244 1361 1297 in
1414 1259 1527 1297 aere
1584 1243 1999 1299 similitudines

293 1340 614 1392 statuarum
647 1334 1017 1403 aliorumque
1048 1332 1435 1403 quorumdam
1493 1333 1758 1403 sculpere
1804 1334 1997 1390 conati

290 1436 429 1479 sunt
484 1424 580 1479 alii
638 1425 884 1479 aediﬁcia
932 1423 1190 1492 ingentia
1243 1439 1308 1478 ac
1358 1422 1665 1493 splendida
1750 1423 1995 1479 fabrica-

287 1521 530 1569 verunt:
619 1513 713 1568 alii
808 1519 1022 1568 terram
1113 1512 1401 1568 fodientes
1478 1515 1759 1581 referunt,
1840 1515 1993 1586 quod

294 1602 706 1673 corrumpitur,
741 1616 948 1655 aurum
983 1604 1040 1655 et
1086 1606 1393 1671 argentum
1431 1601 1564 1656 :alii
1600 1602 1822 1673 lapides
1872 1620 1995 1671 pre-

291 1692 514 1747 tiosos:
597 1690 693 1745 alii
780 1707 911 1745 vero
984 1690 1244 1760 corporis
1348 1689 1645 1761 elegantia
1745 1693 1991 1762 praediti,

292 1798 425 1835 cum
504 1781 575 1837 ob
657 1784 1023 1835 venustatem
1098 1778 1295 1835 vultus
1373 1780 1462 1835 sui
1556 1780 1990 1849 extollerentur,

1629 388 1695 449 S.
1743 385 2072 449 MACARII
2116 381 2464 447 IEGYPTII

292 525 721 581 ostendebant:
763 521 860 578 alii
907 537 1059 588 vero,
1118 520 1191 576 ob
1241 520 1587 592 sophisticae
1662 521 1992 578 exercitium

2127 518 2216 586 τήν
2275 514 2601 595 σοφιστικὴν
2661 511 3040 585 ἐεαςκήσαντες
3103 505 3596 582 ἐθαυμαστώθησαν
3640 525 3655 540 ⁸

3703 371 3829 435 ’188

3724 505 3826 563 ἄλ-

2114 605 2204 663 λοι
2254 607 2351 675 τὴν
2426 606 2727 680 ῥητορικήν
2796 598 3133 670 ἐπεδείξαντο
3221 596 3508 668 δεινότητα
3565 616 3580 631 ⁸
3663 595 3827 653 ἄλλοι

2110 696 2489 771 γραμματικοὶ
2550 696 2641 751 καὶ
2696 692 2923 763 ποιηταὶ
2979 692 3286 767 γενόμενοι,
3342 692 3437 752 τὰς
3492 690 3630 744 κατά
3704 710 3829 743 συν-

2111 788 2283 857 θήκην
2342 785 2584 859 ἱστορίας
2633 782 2960 860 ἐγράψαντο.
3008 779 3185 839 Ἀλλά
3249 780 3338 835 καὶ
3405 784 3653 853 τεχνῖται
3715 777 3831 833 διά-

2111 896 2273 952 φοροι
2316 874 2569 951 γεγόνασι
2630 874 2726 935 τὰς
2782 871 2916 928 κατά
2990 870 3082 929 τὸν
3154 871 3362 942 κόσμον
3438 868 3826 940 ἐξασκήσαντες

2109 966 2307 1040 τέχνας
2350 983 2364 998 ⁸
2417 967 2491 1020 ὧν
2540 965 2593 1019 οἱ
2655 964 2749 1038 μὲν
2802 961 2855 1018 ἐν
2894 967 3012 1023 τοῖς
3064 960 3248 1031 ξύλοις
3279 958 3663 1034 τορνεόσαντες
3697 957 3829 1034 γένη

2110 1054 2336 1125 ὅρνέων,
2381 1056 2470 1110 καὶ
2521 1054 2748 1130 ἰχθύων,
2798 1055 2887 1108 καὶ
2948 1051 3159 1113 εῗκόνας
3216 1051 3541 1121 ἀνθρώπων,
3588 1048 3642 1104 ἐν
3692 1048 3830 1106 ἐκεί-

2108 1166 2220 1207 νοις
2271 1147 2370 1214 τὴν
2425 1145 2627 1200 ἑαυτῶν
2678 1145 2874 1219 ἀρετὴν
2934 1140 3197 1212 ἐπιδεῖξαι
3236 1140 3567 1197 ἐσπούδασαν
3603 1160 3615 1175 ⁸
3662 1138 3830 1196 ἄλλοι

2109 1232 2166 1289 δὲ
2232 1234 2319 1289 διὰ
2377 1234 2591 1310 χαλκοῦ
2678 1235 3009 1308 ὁμοιώματα
3077 1230 3403 1307 ἀνδριάντων
3468 1232 3559 1286 καὶ
3638 1229 3829 1286 ἄλλων

2106 1329 2270 1380 τινῶν
2352 1324 2713 1400 ἐπεχείρησαν
2781 1325 3218 1379 κατασκευάσαι⁸
3289 1320 3455 1378 ἄλλοι
3518 1319 3828 1394 οἷκοδομάς

2111 1415 2368 1489 μεγίστας
2400 1417 2489 1470 καὶ
2521 1414 2872 1491 περικαλλεῖς
2904 1409 3114 1469 ἔκτισαν
3152 1432 3165 1445 ⁸
3215 1410 3390 1487 ἕτεροι
3450 1410 3507 1467 δὲ
3552 1414 3652 1481 τήν
3720 1420 3829 1488 γῆν

2110 1503 2452 1577 ἀρόσσοντες,
2499 1504 2823 1582 ἀναφέρουσι
2872 1506 2961 1560 τὸν
3024 1504 3382 1584 φθειρόμενον
3448 1504 3684 1580 ἄργυρον
3735 1504 3827 1557 καὶ

2108 1596 2351 1669 χρυσόν⁸
2405 1594 2571 1653 ἄλλοι
2619 1594 2675 1651 δὲ
2718 1595 2905 1658 λίθους
2954 1596 3173 1669 τιμίους
3227 1612 3239 1624 ⁸
3292 1592 3459 1649 ἀλλοι
3511 1592 3570 1649 δὲ
3636 1592 3824 1665 κάλλη

2114 1684 2383 1757 σωμάτων
2434 1681 2675 1760 ἔχοντες,
2724 1684 2815 1739 ἐπὶ
2863 1689 2932 1757 τῇ
2988 1685 3284 1759 ὡραιότητι
3345 1688 3453 1740 τῶν
3515 1685 3829 1758 προσώπων

2102 1774 2480 1849 ἐπαιρόμενοι,
2536 1775 2749 1847 μᾶλλον
2809 1772 3201 1844 ἐδελεάσθησαν
3278 1774 3384 1829 ὑπὸ
3441 1777 3538 1829 τοῦ
3583 1778 3826 1844 Σατανᾶ,

294 1870 480 1939 magis
547 1869 723 1925 illecti
780 1874 915 1924 sunt
973 1887 1006 1924 a
1051 1873 1285 1938 Satana,
1343 1874 1521 1941 atque
1578 1870 1637 1926 in
1690 1878 1990 1942 peccatum

2127 1865 2191 1919 ιαὶ
2241 1864 2315 1926 εἷς
2368 1864 2634 1939 ἁμαρτίαν
2694 1859 2906 1923 ἔπεσον.
2962 1864 3063 1920 Καὶ
3115 1864 3265 1919 οὗτοι
3316 1864 3512 1924 πάντες
3562 1864 3612 1918 οἱ
3654 1862 3827 1938 προρ-

292 1958 460 2030 lapsi.
522 1959 586 2014 Et
633 1959 690 2014 hi
741 1975 947 2013 omnes
1014 1959 1275 2029 praedicti
1332 1959 1585 2015 artifices
1643 1961 1865 2017 detenti
1922 1962 1993 2017 ab

292 2050 453 2105 iutus
532 2048 833 2104 habitante
905 2052 1201 2120 serpente,
1275 2054 1331 2105 et
1395 2066 1509 2105 non
1582 2059 1999 2119 cognoscentes

292 2155 489 2195 secum
523 2138 791 2193 habitare
813 2146 1133 2209 peccatum,
1157 2138 1367 2208 captivi
1426 2155 1493 2195 ac
1538 2141 1687 2195 servi
1720 2157 1997 2212 perversa

290 2227 592 2298 potestatis
627 2227 758 2282 facti
782 2231 943 2297 sunt,
979 2226 1126 2282 nihil
1167 2227 1354 2298 adjuti
1385 2245 1419 2284 a
1468 2229 1715 2285 scientia
1762 2234 1819 2285 et
1876 2236 1999 2288 arte

294 2333 420 2371 sua.

362 2405 457 2461 III.
500 2404 720 2461 Similis
750 2409 841 2462 est
878 2422 1014 2477 ergo
1047 2407 1326 2473 mundus,
1360 2408 1520 2463 omni
1554 2407 1836 2465 varietate
1876 2410 1996 2481 pla-

296 2511 429 2563 nus,
460 2496 689 2552 homini
721 2496 884 2551 diviti
945 2495 1266 2567 possidenti
1326 2498 1528 2553 domos
1570 2500 1910 2569 splendidas
1940 2504 1997 2556 et

296 2602 563 2656 magnas,
598 2603 803 2642 aurum
825 2592 883 2641 et
913 2591 1236 2656 argentum,
1270 2603 1334 2642 ac
1366 2588 1762 2657 possessiones
1784 2590 1994 2660 varias,

294 2691 583 2745 omneque
613 2676 1003 2732 ministerium
1030 2675 1408 2731 invidendum
1445 2694 1457 2732 :
1494 2694 1689 2734 verum
1722 2696 1998 2751 cumgra—

291 2766 438 2819 viter
468 2767 687 2821 morbis
718 2776 889 2837 atque
940 2764 1350 2823 afﬂictionibus
1412 2768 1815 2837 distineretur,
1849 2772 1998 2826 asti-

293 2857 491 2908 terunt
518 2859 575 2910 et
622 2855 817 2910 cuncti
877 2854 1107 2926 cognati
1141 2872 1274 2911 cum
1327 2857 1605 2912 omnibus
1637 2858 1848 2928 opibus
1880 2862 1995 2915 neu

290 2946 552 3001 valentes
597 2961 730 3001 eum
783 2962 850 3001 ex
889 2946 1230 3002 infirmitate
1278 2948 1568 3018 expedire.
1628 2948 1800 3005 Nulla
1858 2965 1994 3021 ergo

294 3035 598 3107 diligentia
620 3052 845 3103 eorum,
881 3035 982 3107 qui
1012 3042 1153 3092 sunt
1200 3037 1259 3091 in
1312 3038 1547 3105 saeculo,
1598 3056 1713 3095 non
1763 3040 1995 3111 fratres,

290 3143 407 3182 non
439 3125 670 3193 divitiae,
707 3142 822 3181 non
848 3126 1149 3194 fortitudo,
1202 3145 1306 3183 nec
1357 3128 1491 3196 alia,
1544 3145 1672 3200 quae
1726 3132 1998 3201 praedicta

289 3220 447 3281 sunt,
508 3218 835 3273 demersam
887 3236 919 3272 a
972 3224 1206 3288 peccato
1267 3220 1545 3285 animam,
1578 3229 1631 3275 et
1683 3237 1805 3292 quae
1854 3240 1994 3292 pure
2032 3245 2074 3310 ρ

290 3305 622 3375 prospicere
679 3306 902 3376 nequit,
943 3307 1198 3376 eripiunt
1242 3324 1273 3363 e
1354 3317 1625 3378 peccato;
1690 3313 1787 3366 sed
1870 3311 1994 3367 sola

286 3393 500 3449 Christi
531 3396 818 3464 apparitio
848 3411 1169 3465 expurgare
1212 3401 1401 3467 potest
1430 3398 1686 3454 animam
1746 3404 1803 3455 et
1860 3416 1991 3457 cor-

292 3484 533 3553 pus.Ab
563 3483 724 3538 omni
763 3483 945 3553 igitur
1000 3485 1175 3553 hujus
1226 3487 1354 3541 vita:
1402 3504 1541 3543 cura
1598 3490 1850 3559 liberati,
1884 3508 1993 3547 va-

294 3588 491 3627 cemus
526 3573 793 3639 Domino,
835 3572 1157 3631 clamantes
1206 3577 1276 3630 ad
1336 3592 1465 3633 eum
1526 3586 1697 3634 noctu
1754 3581 1992 3651 diuque.

300 3661 455 3718 I44
485 3663 737 3719 Mundus
786 3665 942 3720 enim
974 3665 1069 3721 hic
1102 3667 1472 3735 conspicuus,
1515 3673 1571 3723 et
1601 3686 1727 3741 quas
1782 3675 1873 3726 est
1931 3672 1989 3726 in

294 3767 359 3807 eo
391 3754 636 3821 requies,
667 3758 887 3824 quanto
947 3756 1130 3824 magis
1188 3772 1399 3827 corpus
1451 3757 1726 3815 videntur
1783 3760 1990 3827 fovere,

294 3846 457 3897 tanto
487 3842 892 3899 vehementius
913 3846 1125 3901 animae
1155 3846 1493 3905 aﬂ‘ectiones
1521 3848 1773 3913 irritant,
1820 3856 1995 3922 atque

292 3936 508 4004 augent
537 3936 661 4003 ejus
682 3934 1084 3993 afﬂictionem.

366 4113 455 4170 IV.
490 4115 737 4180 Quidam
794 4132 926 4172 vero
984 4117 1071 4171 vir
1134 4119 1414 4187 prudens,
1451 4134 1583 4175 cum
1644 4122 1994 4178 desideraret

292 4215 492 4253 curam
526 4215 725 4269 gerere
758 4201 851 4255 sui
880 4202 1083 4271 studii,
1144 4204 1446 4258 contendit
1502 4206 1749 4274 experiri
1794 4208 1994 4262 omnia

290 4303 420 4357 qua)
445 4288 753 4343 volvuntur
782 4288 841 4342 in
876 4289 981 4344 hoc
1040 4292 1284 4361 mundo,
1315 4292 1364 4346 si
1420 4293 1568 4347 forte
1610 4292 1991 4349 emolumenti

293 4371 436 4443 quid
468 4372 726 4428 invenire
760 4374 958 4442 possit.
992 4376 1253 4431 Accessit
1297 4378 1368 4431 ad
1419 4394 1610 4448 reges,
1645 4385 1907 4450 potentes
1937 4386 1994 4437 et

295 4459 609 4530 principes,
658 4475 763 4514 nec
801 4460 1024 4517 invenit
1079 4463 1365 4520 medelam
1416 4464 1761 4532 salutarem,
1814 4484 1989 4539 quam

292 4548 428 4602 inde
457 4549 664 4602 animas
712 4548 987 4607 efferret:
1020 4559 1074 4607 et
1130 4569 1264 4610 cum
1322 4553 1414 4611 his
1454 4555 1555 4610 diu
1601 4564 1987 4627 conversatus,

2109 1953 2364 2028 ῥηθέντες
2411 1960 2682 2028 τεχνῖται,
2731 1954 3100 2032 κατεχόμενοι
3161 1953 3264 2007 ὑπὸ
3336 1956 3437 2006 τοῦ
3519 1948 3669 2007 ἓνδον
3742 1952 3828 2005 οἰ-

2107 2047 2328 2105 κοῦντος
2386 2042 2584 2121 ὄφεως,
2642 2044 2732 2097 καὶ
2775 2044 2850 2116 μή
2911 2044 3126 2118 γνόντες
3172 2042 3270 2109 τὴν
3333 2042 3583 2097 σύνοικον
3632 2040 3823 2101 αὐτοῖς

2109 2131 2397 2205 ἁμαρτίαν,
2452 2133 2809 2207 αἷχμάλωτοι
2874 2132 2965 2187 καὶ
3021 2128 3212 2187 δοῦλοι
3277 2138 3376 2199 τῆς
3428 2137 3676 2205 πονηρᾶς
3730 2129 3826 2185 δυ-

2105 2221 2323 2294 νάμεως
2378 2221 2654 2296 γεγόνασι,
2718 2219 2886 2294 μηδὲν
2934 2218 3300 2291 ὠσεληθέντες
3346 2219 3451 2276 ἀπὸ
3519 2227 3620 2289 τῆς
3698 2220 3820 2275 ἐπι-

2107 2312 2202 2380 στή
2216 2333 2324 2383 μης
2351 2312 2440 2365 καὶ
2478 2312 2682 2389 τέχνης
2712 2312 2919 2367 αὐτῶν.

2175 2408 2245 2461 Γ’.
2306 2404 2522 2457 Ἔοικεν
2573 2401 2665 2457 οὖν
2724 2403 2752 2457 ὁ
2801 2402 3032 2475 κόσμος,
3094 2402 3121 2456 ὁ
3181 2402 3359 2471 πάσης
3408 2402 3696 2463 ποικιλίας
3722 2423 3819 2456 πε-

2104 2490 2493 2564 πληρωμένος,
2555 2492 2828 2566 ἀνθρώπῳ
2912 2490 3165 2563 πλουσίῳ
3230 2492 3554 2563 κεκτημένῳ
3624 2490 3817 2552 οἴκους

2106 2577 2398 2654 λαμπροὺς
2433 2581 2523 2636 καὶ
2578 2580 2878 2657 μεγάλους,
2931 2580 3138 2659 χρυσόν
3188 2602 3246 2636 τε
3298 2581 3388 2635 καὶ
3432 2580 3692 2656 ἄργυρον,
3723 2581 3816 2636 καὶ

2103 2671 2323 2738 κτήσεις
2384 2666 2698 2746 διαφόρους,
2757 2670 2849 2726 καὶ
2923 2676 3097 2726 πᾶσαν
3168 2670 3457 2745 ὑπηρεσίαν
3518 2671 3746 2746 ἄφθονον
3802 2690 3817 2709 ν

2104 2758 2318 2833 ἀθρόως
2381 2757 2437 2813 δὲ
2495 2758 2805 2835 συσχεθέντι
2855 2759 3035 2821 νόσοις
3095 2760 3186 2814 καὶ
3243 2761 3436 2815 πάθεσι
3483 2765 3628 2814 πᾶσα
3678 2782 3816 2835 παρ-

2105 2848 2327 2923 έστηκεν
2380 2852 2414 2920 ἠ
2467 2852 2768 2925 συγγένεια,
2831 2852 2965 2924 μετὰ
3012 2852 3210 2912 παντὸς
3274 2856 3370 2906 τοῦ
3411 2850 3677 2922 πλούτου,
3733 2852 3809 2924 μὴ

2106 2935 2379 3010 δυναμένη
2467 2941 2625 2995 αὐτὸν
2698 2938 2970 3009 ἐξελέσθαι
3035 2949 3135 3011 τῆς
3221 2940 3511 3003 ἀσθενείας.
3574 2937 3817 3014 Οὐδεμία

2103 3027 2284 3083 τοίνυν
2340 3027 2551 3098 σπουδή
2596 3033 2704 3084 τῶν
2759 3031 2893 3085 κατὰ
2947 3031 3039 3085 τὸν
3100 3030 3241 3104 βίον,
3302 3030 3401 3085 οὐκ
3456 3028 3705 3105 ἀδελφοὶ,
3756 3030 3817 3085 οὐ

2103 3118 2362 3185 πλοῦτος,
2423 3120 2524 3173 οὐκ
2570 3116 2782 3191 ἀνδρία,
2839 3117 2951 3175 οὔτ’
3001 3118 3168 3185 ἄλλα,
3199 3119 3298 3175 ὅσα
3346 3119 3813 3194 προείρηται,τὴν

2109 3204 2545 3281 βεϐαπτισμένην
2599 3209 2701 3262 ὕπὸ
2752 3215 2854 3277 τῆς
2920 3210 3186 3284 ἁμαρτίας
3252 3210 3458 3284 ψυχὴν,
3508 3212 3597 3262 καί
3647 3211 3813 3263 καθα-

2107 3296 2216 3372 ρῶς
2283 3293 2572 3371 διαϐλέψαι
2626 3299 2701 3369 μὴ
2762 3298 3088 3371 συναμένην,
3136 3297 3425 3369 ἐξαιρεῖται
3480 3306 3582 3368 τῆς
3634 3302 3814 3373 ἀμαρ-

2104 3384 2245 3455 τίας,
2296 3384 2340 3439 εἰ
2396 3387 2472 3458 μὴ
2519 3385 2659 3457 μόνη
2720 3389 2755 3455 ἡ
2805 3391 2902 3442 τοῦ
2954 3389 3197 3461 Χριστυῦ
3251 3388 3531 3465 ἐπιφάνεια
3586 3388 3816 3463 καθαρί-

2106 3496 2192 3529 σαι
2250 3474 2471 3530 δόναται
2531 3478 2717 3550 ψυχὴν
2776 3477 2866 3530 καὶ
2943 3481 3122 3550 σῶμα.
3185 3478 3370 3548 Πάσης
3466 3475 3558 3533 οὖν
3644 3478 3817 3534 ἀπαλ-

2106 3564 2352 3640 λαγέντες
2412 3569 2511 3630 τῆς
2572 3566 2708 3621 κατὰ
2765 3567 2859 3621 τὸν
2918 3566 3034 3641 βίον
3097 3567 3386 3641 μερίμνης,
3439 3566 3811 3642 σχολάσωμεν

2101 3658 2182 3726 τῷ
2217 3654 2434 3728 Κυμίῳ,
2499 3657 2735 3729 βοῶντες
2782 3656 2919 3730 πρὸς
2978 3656 3134 3712 αὐτὸν
3180 3656 3371 3719 νυκτὸς
3421 3658 3512 3713 καὶ
3570 3658 3806 3732 ἡμέρας.

2103 3748 2159 3797 Ὀ
2206 3746 2307 3818 γάρ
2366 3744 2692 3821 φαινόμενος
2757 3747 2915 3808 οὗτος
2989 3748 3195 3819 κόσμος
3262 3746 3351 3801 καὶ
3409 3749 3443 3817 ἡ
3525 3746 3577 3803 ἓν
3664 3751 3813 3821 αὐτῷ

2102 3834 2417 3903 ἀνάπαυσις,
2451 3835 2562 3907 ὅσῳ
2624 3836 2687 3892 τὸ
2748 3841 2910 3909 σῶμα
2968 3835 3187 3893 δοκοῦσι
3245 3837 3494 3905 θάλπειν,
3551 3843 3814 3895 τοσοῦτον

2100 3927 2199 3989 τῆς
2259 3928 2445 4003 ψυχῆς
2498 3926 2563 3980 τὰ
2601 3926 2745 3997 πάθη
2800 3927 3178 4003 παροξύνουσι,
3240 3928 3330 3982 καὶ
3390 3927 3639 3997 αὔξουσιν
3710 3929 3811 3984 αό-

2100 4020 2201 4082 τῆς
2245 4016 2342 4082 τήν
2377 4015 2633 4071 κάκωσιν.

2176 4108 2256 4162 Δ’.
2292 4104 2455 4177 Ἀνὴρ
2505 4103 2563 4160 δὲ
2616 4126 2701 4167 τις
2759 4106 3022 4183 φρόνιμος
3081 4107 3422 4181 ἐπιθυμήσας
3493 4103 3813 4180 ἐπιμέλειαν

2101 4196 2432 4263 ποιήσασθαι
2489 4198 2587 4264 τῆς
2656 4193 2917 4267 σπουδῆς,
2996 4196 3326 4254 ἐσπούδασεν
3400 4198 3812 4274 ἀποπειράσθῆ-

2100 4303 2187 4337 ναι
2238 4284 2455 4341 πάντων
2514 4290 2619 4341 τῶν
2670 4284 3012 4359 κυλιομένων
3089 4287 3140 4343 ἐν
3221 4293 3299 4360 τῷ
3377 4289 3534 4343 αἰῶνι
3603 4288 3808 4360 τούτῷ,

2102 4371 2269 4436 εἷ’πως
2326 4376 2497 4448 εὑρεῖν
2568 4374 2836 4448 ὠφέλειαν
2894 4375 3123 4451 δυνηθῇ.
3160 4377 3447 4452 Προσῆλθε
3494 4378 3803 4453 βασιλεῦσι,

2102 4460 2403 4535 δυνάσταις,
2460 4463 2711 4541 ἄρχουσι,
2770 4466 2861 4521 καὶ
2929 4466 3036 4542 οὐχ
3086 4468 3233 4543 εὗρεν
3289 4467 3420 4540 ἴαμα
3453 4468 3810 4543 σωτηριῶδες

2099 4552 2293 4609 ἐκεῖθεν
2340 4559 2407 4628 τῇ
2468 4560 2623 4635 ψυχῇ
2680 4561 3037 4635 προσενέγκαι
3097 4577 3108 4591 ⁸
3162 4559 3252 4614 καὶ
3300 4560 3515 4620 τούτοις
3567 4559 3810 4615 ἐπιπολὺ

291 4636 437 4691 nihil
469 4636 848 4694 emolumenti
874 4642 1148 4712 percepit.
1202 4643 1356 4698 Abiit
1382 4645 1573 4701 denuo
1619 4617 1992 4719 adsapientes

2385 4617 2406 4628 __
2482 4617 2491 4629 ο
2548 4617 2623 4635 Ν,
2724 4617 2733 4632 _
2925 4617 2935 4635 _
3502 4617 3512 4620 _

2128 4641 2502 4718 υνδιατρίψας,
2580 4644 2730 4701 οὐδὲν
2810 4647 3039 4718 ὤνησεν.
3100 4647 3371 4718 Ἀπῆλθεν
3445 4650 3597 4711 αὖθις
3676 4652 3815 4725 πρὸς

294 4727 499 4781 mundi
529 4732 585 4783 et
616 4732 891 4798 oratores,
926 4747 1073 4801 quos
1103 4733 1307 4788 eodem
1359 4750 1589 4805 quoque
1635 4737 1805 4792 modo
1854 4728 1989 4793 reli-

291 4815 436 4886 quit,
472 4816 699 4873 nullum
732 4817 963 4874 lucrum
997 4821 1247 4876 referens
1281 4824 1553 4878 :transiit
1585 4841 1688 4896 per
1719 4825 1985 4897 pictores,

292 4913 349 4959 et
387 4920 484 4960 eos
544 4907 645 4977 qui
705 4923 915 4963 aurum
974 4914 1030 4964 et
1077 4917 1385 4981 argentum
1428 4918 1653 4969 eterra
1710 4915 1987 4985 referunt,

294 4998 467 5065 atque
528 5012 628 5065 per
683 5013 887 5053 omnes
937 4998 1205 5069 artiﬁces,
1251 5016 1354 5056 nec
1393 5001 1573 5058 ullam
1628 5003 1988 5060 curationem

293 5084 478 5155 potuit
512 5085 637 5140 suis
669 5086 928 5143 invenire
984 5089 1337 5146 vulneribus.
1396 5092 1653 5148 Tandem
1712 5096 1989 5150 recedens

294 5172 365 5227 ab
398 5172 866 5244 bis,inquirebat
895 5178 1005 5232 sibi
1056 5178 1263 5246 Deum,
1311 5182 1412 5251 qui
1464 5187 1631 5237 sanat
1658 5183 1991 5241 affectiones

293 5268 349 5317 et
389 5266 622 5319 morbos
654 5265 859 5320 anima:
886 5282 899 5320 :
925 5283 1056 5322 cum
1082 5285 1214 5324 vero
1267 5286 1328 5326 se
1351 5272 1544 5342 ipsum
1573 5274 1990 5340 consideraret,

288 5356 346 5404 et
369 5350 490 5406 baac
532 5353 934 5419 meditaretur,
995 5356 1353 5424 deprehensa
1391 5365 1480 5415 est
1530 5377 1695 5415 mens
1745 5368 1896 5431 eius,
1959 5379 1992 5419 a

292 5442 504 5509 quibus
528 5445 701 5497 rebus
732 5450 898 5500 antea
929 5453 1212 5518 occupata
1261 5448 1451 5519 palam
1482 5459 1818 5511 recesserat,
1868 5468 1993 5507 eas-

297 5529 430 5585 dem
462 5531 679 5588 odisse.

364 5710 430 5775 V.
465 5709 968 5779 Quemadmodum
1000 5731 1131 5773 vero
1164 5718 1373 5776 mulier
1394 5719 1737 5791 quaedamin
1770 5723 1990 5783 mundo

2096 4730 2226 4792 τοὺς
2277 4732 2475 4811 σοφοὺς
2521 4740 2619 4789 τοῦ
2664 4736 2873 4808 κόσμου
2916 4737 3005 4792 καὶ
3056 4738 3291 4811 ῥήτορας
3324 4757 3335 4769 ⁸

2098 4842 2185 4893 πῳ
2250 4822 2509 4879 κατέλιπε
2563 4824 2858 4893 κάκείνους,
2933 4824 3102 4898 μηδὲν
3182 4826 3374 4901 κέρδος
3452 4829 3813 4904 ἀπενεγκάμε-

3387 4742 3466 4809 τῷ
3496 4737 3646 4810 αὐτῷ
3676 4740 3808 4812 τρό.

2096 4932 2207 4974 νος.
2270 4912 2472 4981 Διῆλθε
2531 4911 2621 4969 διὰ
2675 4920 2782 4970 τῶν
2850 4918 3166 4993 ζωγράφων,
3196 4918 3288 4973 καὶ
3337 4922 3445 4972 τῶν
3481 4918 3574 4973 τὸν
3605 4921 3813 4993 χρυσὸν

2098 5001 2185 5055 καὶ
2244 4999 2475 5078 ἄργυρον
2554 5004 2659 5059 ἀπὸ
2732 5013 2837 5082 γῆς
2896 5007 3293 5083 ἀναφερόντων,
3353 5005 3444 5061 διὰ
3488 5008 3708 5062 πάντων
3754 5029 3813 5063 τε

2097 5096 2204 5147 τῶν
2252 5098 2543 5167 τεχνιτῶν,
2594 5094 2682 5148 καὶ
2760 5094 3019 5168 οὐδεμίαν
3082 5096 3365 5171 θεραπείαν
3434 5096 3627 5170 ἴσχυσε
3692 5104 3811 5159 τοῖς

2100 5178 2260 5243 ἰδίοις
2310 5179 2551 5257 ἐφευρεῖν
2606 5185 2900 5258 τραύμασι.
2979 5185 3146 5248 Τέλος
3232 5187 3594 5261 ἀναχωρήσας
3681 5188 3809 5242 τού-

2095 5292 2223 5335 των,
2257 5270 2505 5343 ἐπεζήτει
2550 5275 2722 5347 ἒαυτῷ
2777 5276 2904 5331 Θεὸν
2971 5276 3204 5350 ἰώμενον
3265 5279 3334 5332 τὰ
3380 5279 3522 5347 παθη
3575 5278 3666 5332 καὶ
3715 5279 3812 5339 τάς

2096 5361 2286 5423 νόσους
2344 5369 2442 5431 τῆς
2511 5366 2721 5440 ψυχῆς.
2784 5367 2858 5428 ὼς
2913 5364 2969 5421 δὲ
3029 5365 3384 5423 ἐπεσκέπτετο
3453 5367 3663 5435 ἑαυτὸν,
3720 5369 3812 5423 καὶ

2097 5456 2267 5507 ταῦτα
2324 5450 2680 5528 διελογίζετο,
2723 5458 2918 5531 εὑρέθη
2979 5458 3007 5512 ὁ
3064 5462 3189 5518 νοῦς
3248 5459 3414 5513 αὐτοῦ
3471 5456 3523 5513 ἐν
3585 5456 3812 5521 ἐκείνοις

2100 5537 2442 5618 ῥεμϐόμενος
2501 5550 2620 5608 τοῖς
2683 5547 3000 5623 πράγμασιν
3074 5548 3147 5602 ὧν
3210 5552 3452 5626 φανερῶς
3516 5546 3814 5626 ἀνεχώρη-

2101 5653 2179 5702 σε,
2215 5633 2454 5705 μισήσας
2480 5634 2639 5691 αὐτά.

2170 5721 2249 5785 Ε’.
2302 5717 2512 5800 ’Ὠσπερ
2572 5722 2631 5782 δὲ
2694 5726 2829 5802 γυνή
2881 5746 2968 5790 τις
3026 5725 3079 5783 ὲν
3137 5727 3334 5804 κόσμῳ
3402 5726 3662 5801 πλουσία,
3719 5729 3808 5784 καὶ
