4116 6210
280 345 401 408 189

1562 348 1934 412 HOMILIE.
1981 377 2056 393 —
2103 347 2290 408 ΗΟΜ.
2339 348 2522 410 XLV.

3685 353 3806 414 790

277 481 554 555 χρήματα
591 479 774 536 πολλὰ
811 479 901 542 καὶ
951 481 1102 536 οἷκον
1155 479 1408 558 λαμπρὸν
1459 475 1685 556 ἔχουσα,
1743 479 1986 536 λείπεται

2108 478 2385 551 locuples,
2444 481 2529 536 vel
2581 480 2807 554 amplas
2873 482 3105 540 divitias
3162 500 3229 539 ac
3294 484 3532 540 domum
3580 484 3801 557 magni-

284 570 622 644 προστασίας
654 589 667 606 ο
722 571 814 626 καὶ
873 571 924 625 οἱ
991 569 1356 645 ἐπερχόμενοι
1417 571 1506 627 ἐπὶ
1553 573 1616 627 τὸ
1661 569 1868 647 βλάψαι
1895 567 1992 624 αὗ-

279 663 402 730 τήν,
457 661 548 716 καὶ
604 661 698 723 τὰς
755 660 994 732 οῗκήσεις
1071 661 1379 737 ἐρημῶσαι,
1436 661 1690 718 πολλοίο
1767 659 1988 729 κάκείνη

289 751 367 824 μή
424 751 659 827 φέρουσα
723 753 822 820 τὴν
887 747 1060 828 ὓϐριν,
1127 751 1472 828 περιέρχεται
1533 755 1770 823 ζητοῦσα
1825 747 1992 822 ἄνδρα

285 840 575 913 δυνάστην,
608 842 792 898 ἱκανόν
831 864 890 897 τε
937 843 1029 898 καὶ
1077 840 1506 917 πεπαιδευμένον
1564 842 1616 898 ἐν
1674 847 1842 896 πᾶσι·
1899 838 1991 892 καὶ

285 934 414 989 ’ὁταν
502 930 690 987 πολλὰ
763 932 1140 1007 ἀγωνισαμένη
1245 927 1388 1006 λαϐῃ
1478 936 1725 986 τοιοῦτον
1802 925 1988 1003 ἄνδρα,

286 1022 608 1097 ἇγαλλιᾶται
675 1020 760 1077 ἐπ’
828 1023 1002 1094 αὐτῷ,
1055 1022 1144 1076 καὶ
1202 1020 1321 1100 ἔχει
1379 1021 1544 1077 αὐτὸν
1601 1019 1716 1076 ἂντὶ
1771 1018 1993 1093 τείχους

284 1111 556 1188 ἰσχυροῦ·
611 1112 706 1166 τὸν
768 1112 934 1166 αὐτὸν
981 1112 1183 1185 τρόπον
1239 1113 1274 1181 ἡ
1334 1113 1488 1186 ψυχή
1527 1111 1662 1185 μετὰ
1689 1111 1786 1178 τήν
1816 1111 1993 1183 παρεὶ-

285 1198 466 1272 6ασιν,
505 1199 740 1257 ὶπιπολὺ
788 1196 1037 1256 θλιϐεῖσα
1099 1200 1203 1256 ὑπὸ
1253 1207 1352 1270 τῆς
1411 1199 1655 1262 ἐναντίας
1714 1198 1991 1271 δυνάμεως

283 1292 376 1348 καὶ
437 1291 516 1354 εἰς
587 1289 830 1368 μεγάλην
887 1290 1120 1367 ἐρημίαν
1178 1289 1512 1363 ἐμπεσοῦσα,
1542 1292 1633 1345 καὶ
1683 1291 1852 1364 χήρα,
1902 1287 1991 1343 καὶ

291 1382 652 1456 μεμονωμένη
707 1381 813 1435 ἀπὸ
844 1385 941 1435 τοῦ
970 1379 1292 1455 ἐπουρανίου
1350 1378 1545 1455 ἀνδρὸς
1598 1377 1686 1434 διὰ
1741 1382 1839 1449 τὴν
1896 1400 1992 1434 πα-

287 1467 514 1548 ράϐασιν
601 1473 701 1535 τῆς
787 1469 1012 1538 ἐντολῆς
1093 1469 1511 1549 καταλειφθεῖσα
1585 1469 1672 1524 καὶ
1743 1469 1990 1545 παίγνιον

284 1560 488 1622 πάσαις
536 1565 654 1622 ταῖς
711 1558 1107 1632 ἀντικειμέναις
1181 1557 1443 1633 δυνάμεσι
1517 1559 1783 1634 γενομένη
1836 1577 1850 1592 ⁸
1911 1556 1995 1630 ἐξ·-

285 1650 519 1720 ἑστησαν
585 1649 686 1725 γὰρ
747 1650 916 1718 αὐτὴν
974 1652 1082 1704 τῶν
1150 1645 1305 1704 ἰδίων
1355 1650 1569 1722 θρενῶν,
1613 1644 1992 1720 θαμϐήσαντες

287 1740 393 1794 ἀπὸ
449 1740 550 1808 της
611 1737 866 1812 οὐρανίου
934 1735 1197 1806 διανοίας,
1258 1737 1396 1793 ὥστε
1456 1738 1532 1812 μή
1601 1739 1728 1813 ὁρᾷν
1786 1738 1853 1792 τὰ
1905 1736 1996 1790 ὑπ’

2103 569 2270 624 licam
2313 572 2637 642 possidens,
2689 573 3029 630 destituitur
3080 574 3294 630 auxilio
3335 580 3392 630 et
3436 577 3795 646 patrocinio;

2100 667 2156 717 et
2186 662 2285 733 qui
2332 664 2389 718 in
2430 679 2553 718 eam
2604 667 2909 737 insurgunt
2942 671 3005 721 ut
3035 683 3158 722 eam
3194 666 3426 734 lzedant,
3462 673 3520 724 et
3558 667 3801 722 aedificia

2099 753 2422 822 devastent,
2458 771 2571 809 non
2604 761 2742 810 sunt
2796 757 2992 826 pauci;
3028 756 3128 813 illa
3160 774 3272 813 non
3307 761 3494 814 ferens
3526 759 3798 829 injuriam

2101 843 2457 910 obambulat,
2531 861 2794 915 quaerens
2864 849 3050 902 virum
3118 855 3430 919 potentem,
3496 849 3794 917 idoneum,

2100 939 2151 986 et
2218 933 2274 986 in
2332 933 2604 989 omnibus
2677 936 3023 1003 eruditum;
3092 946 3146 991 et
3215 938 3314 992 ubi
3391 943 3517 1009 post
3584 939 3798 996 multos

2099 1020 2327 1077 labores
2393 1023 2715 1079 exantlatos
2785 1029 2954 1080 nacta
3008 1027 3181 1081 fuerit
3247 1029 3533 1097 ejusmodi
3583 1031 3797 1095 virum,

2101 1111 2347 1167 exsultat
2414 1118 2649 1185 propter
2709 1129 2864 1180 eum,
2935 1119 2991 1169 et
3045 1115 3222 1170 habet
3283 1132 3417 1171 eum
3472 1135 3569 1186 pro
3635 1136 3798 1176 muro

2101 1202 2288 1258 valido
2324 1220 2336 1258 :
2373 1204 2574 1260 eodem
2629 1206 2801 1260 modo
2854 1206 3073 1270 anima,
3109 1214 3233 1276 post
3278 1211 3800 1279 transgressionem

2102 1292 2474 1347 vehementer
2524 1293 2595 1347 ab
2645 1294 2968 1348 adversaria
3026 1298 3313 1364 potestate
3363 1295 3598 1365 afflicta,
3639 1303 3695 1353 et
3740 1299 3803 1356 in

2103 1398 2376 1452 magnam
2428 1383 2803 1438 solitudinem
2847 1383 3077 1456 illapsa,
3139 1391 3194 1440 et
3242 1387 3414 1440 vidua
3468 1392 3524 1443 et
3573 1390 3803 1446 deserta

2100 1490 2133 1528 a
2165 1471 2415 1528 caelestis
2456 1473 2678 1543 Sponso
2725 1479 2961 1546 propter
3009 1479 3530 1544 transgressionem
3580 1480 3802 1549 peccati

2101 1563 2393 1629 derelicta,
2435 1579 2498 1617 ac
2539 1563 2791 1618 ludibrio
2823 1564 3097 1619 omnibus
3127 1564 3474 1622 adversariis
3507 1570 3804 1636 potestati-

2103 1651 2210 1706 bus
2259 1652 2515 1720 exposita
2549 1653 2895 1723 (everterunt
2941 1655 3096 1708 enim
3145 1654 3306 1709 illam
3353 1671 3386 1709 a
3435 1673 3544 1711 sua
3585 1662 3799 1725 mente,

2103 1744 2272 1810 atque
2304 1741 2689 1796 deturbarunt
2739 1742 2809 1796 ab
2851 1742 3145 1798 intellectu
3180 1741 3419 1812 cmlesti,
3456 1760 3527 1800 ne
3573 1746 3803 1817 conspi-

286 1826 463 1882 αὐτῶν
504 1825 580 1888 εἰς
625 1825 796 1896 αὐτὴν
842 1828 1124 1902 γινόμενα,
1175 1825 1322 1882 ἀλλὰ
1369 1826 1635 1900 νομίζειν,
1693 1827 1774 1880 δτι
1820 1824 1992 1887 οὕτως

2108 1829 2239 1895 ciat,
2275 1845 2402 1900 quas
2453 1829 2524 1883 ab
2573 1829 2692 1884 illis
2729 1830 2790 1885 in
2823 1846 2950 1885 eam
3002 1831 3471 1900 committuntur,
3507 1833 3607 1888 sed
3645 1838 3803 1902 putet

287 1915 342 1987 ἐξ
402 1916 588 1991 ἀρχῆς
649 1917 955 1992 γεγένηται.
1013 1916 1143 1971 Εἶτα
1210 1913 1281 1970 δι’
1351 1915 1518 1984 ἀκοῆς
1589 1917 1829 1989 μαθοῦσα
1890 1917 1988 1983 τήν

290 2007 529 2080 μόνωσιν
581 2006 751 2076 αὐτῆς
801 2007 888 2062 καὶ
952 2005 1211 2080 ἐρημίαν,
1269 2007 1560 2077 στενάξασα
1612 2005 1837 2060 ἐνώπιον
1893 2012 1992 2074 τῆς

286 2096 700 2174 φιλανθρωπίας
756 2101 854 2152 τοῦ
923 2100 1077 2165 Θεοῦ,
1134 2097 1254 2172 εὗρε
1322 2097 1468 2167 ζωὴν
1530 2096 1622 2151 καὶ
1699 2095 1992 2168 σωτηρίαν.

286 2187 382 2243 Διά
433 2188 534 2257 τί;
589 2184 810 2256 Ἐπειδὴ
860 2185 1094 2257 ἂνῆλθεν
1145 2186 1222 2248 είς
1277 2188 1375 2256 τήν
1429 2188 1740 2262 συγγένειαν
1802 2184 1993 2254 αὐτῆς.

286 2275 532 2350 Οὐδεμία
587 2277 689 2353 γὰρ
750 2275 898 2348 ἄλλη
958 2298 1041 2339 τις
1110 2276 1384 2338 οῗκείωσίς
1441 2275 1551 2331 ἐστι
1609 2276 1698 2331 καὶ
1757 2275 1996 2350 ὠφέλεια

284 2367 535 2437 τοιαύτη,
595 2367 640 2422 εἰ
709 2369 785 2440 μὴ
854 2371 1040 2442 ψυχῆς
1107 2367 1244 2443 πρὸς
1312 2367 1460 2436 Θεὸν,
1529 2366 1618 2422 καὶ
1684 2370 1817 2420 Θεοῦ
1857 2366 1994 2438 πρὸς

288 2459 484 2529 αὐτήν.
547 2460 804 2529 Ἐποίησε
859 2459 964 2534 γὰρ
1023 2459 1052 2513 6
1111 2459 1242 2520 Θεὸς
1299 2457 1498 2533 όρνίων
1531 2457 1662 2532 γένη
1714 2455 1993 2532 διάφορα·

285 2547 354 2604 τὰ
417 2549 509 2620 μὲν
566 2548 706 2603 ὥστε
764 2547 1030 2626 φωλεύειν
1090 2547 1141 2603 ἐν
1197 2551 1266 2621 τῇ
1296 2551 1390 2624 γῇ,
1423 2547 1662 2604 κάκεῖθεν
1712 2541 1858 2622 ἔχειν
1897 2547 1997 2616 τὴν

289 2635 591 2718 διατροφὴν
650 2639 741 2694 καὶ
797 2641 896 2709 τήν
975 2638 1273 2695 ἀνάπαυσιν
1307 2657 1320 2673 ⁸
1400 2639 1468 2695 τὰ
1530 2637 1587 2694 δὲ
1645 2641 1996 2714 ᾠκονόμησεν

292 2730 397 2784 ὑπὸ
458 2730 527 2784 τὰ
590 2727 758 2784 ὕδατα
811 2728 1100 2808 φωλεύειν,
1158 2729 1398 2785 κάκεῖθεν
1459 2725 1606 2808 ἔχειν
1655 2732 1756 2800 τήν
1801 2731 1946 2800 ζωήν
1981 2744 1997 2764 ⁸

291 2815 700 2893 ἐδημιούργησε
755 2817 845 2874 καὶ
913 2817 1008 2873 δύο
1064 2819 1328 2891 κόσμους,
1384 2819 1476 2873 τὸν
1555 2818 1652 2892 μὲν
1719 2817 1828 2873 ἄνω
1881 2822 1998 2879 τοῖς

292 2903 694 2978 λειτουργικοῖς
773 2903 1060 2978 πνεύμασι,
1127 2905 1218 2959 καὶ
1300 2907 1401 2974 τὴν
1486 2904 1766 2960 πολιτείαν
1851 2900 1998 2978 ἔχειν

294 2992 409 3048 ἐκεῖ
451 2991 724 3065 διετάξατο
761 3014 773 3028 ·
807 2995 897 3049 τὸν
932 2992 990 3050 δὲ
1018 2995 1169 3050 κάτω
1225 2999 1344 3055 τοῖς
1383 2993 1714 3068 ἀνθρώποις,
1747 2995 1852 3048 ὑπὸ
1904 2994 1996 3052 τὸν

293 3082 427 3158 ἆέρα
480 3087 710 3139 τοῦτονο
772 3079 946 3140 ἔκτισε
1013 3082 1070 3141 δὲ
1121 3085 1212 3142 καὶ
1268 3082 1490 3160 οὐρανὸν
1549 3085 1637 3138 καὶ
1671 3091 1792 3159 γῆν,
1839 3080 2000 3152 ἤλιον

291 3174 383 3228 καὶ
446 3172 700 3244 σελήνην,
757 3171 948 3243 ὕδατα,
1007 3171 1196 3247 δένδρα
1248 3173 1592 3251 καρποφόρα,
1650 3170 1776 3250 γένη
1841 3175 1996 3245 ζώων

289 3263 566 3318 παντοίων
599 3281 613 3294 ο
645 3261 774 3316 ἀλλ’
819 3262 871 3318 ἐν
931 3261 1112 3319 οὐδενὶ
1163 3265 1340 3320 αὐτῶν
1395 3266 1422 3319 6
1481 3266 1610 3326 Θεὸς
1669 3263 2000 3320 ἐπαναπαύε-
2031 3244 2074 3310 C

293 3373 406 3409 ται.
442 3359 591 3408 Πᾶσα
622 3355 655 3423 ἡ
703 3355 878 3416 κτίσις
931 3354 1019 3408 ὑπ’
1085 3353 1248 3410 αὖτοῦ
1295 3357 1645 3430 κεκράτηται,
1701 3355 1790 3409 καὶ
1848 3353 2002 3429 ὅμως

297 3441 399 3497 οὐκ
455 3438 647 3514 ἔπηξεν
702 3442 756 3496 ἐν
811 3443 997 3504 αὐτοῖς
1048 3444 1258 3519 θρόνον,
1309 3442 1432 3500 οὔτε
1488 3444 1774 3507 κοινωνίας
1823 3445 2001 3519 ἡρμό-

299 3552 453 3600 σατο,
485 3532 530 3586 εὶ
569 3534 643 3604 μή
697 3531 751 3586 ἐν
782 3532 1052 3606 ἀνθρώπῳ
1105 3534 1267 3606 μόνον
1329 3533 1609 3604 εὐδόκησε,
1667 3536 2001 3604 κοινωνήσας

298 3621 468 3692 αύτῷ,
531 3620 620 3676 καὶ
693 3621 1227 3694 ἐπαναπαυσᾶμενος.
1275 3627 1430 3694 Ὁρᾷς
1487 3621 1595 3678 ὧδε
1679 3625 1997 3699 συγγένειαν

298 3714 436 3765 Θεοῦ
492 3710 629 3784 πρὸς
687 3708 987 3785 ἄνθρωπον,
1043 3713 1129 3766 καὶ
1191 3711 1480 3785 ἀνθρώπου
1538 3713 1674 3786 πρὸς
1729 3713 1855 3768 Θεόν
1890 3731 1902 3781 ;
1941 3718 2001 3768 Ἥ

301 3799 396 3856 οὖν
447 3803 638 3871 συνετῆ
683 3801 773 3856 καὶ
821 3801 1060 3879 φρονίμη
1113 3805 1264 3877 ψυχή
1315 3800 1675 3876 περιελθοῦσα
1711 3802 1879 3857 πάντα
1934 3805 2002 3858 τὰ

301 3887 789 3966 δημιουργήματα,
847 3890 953 3964 οὐχ
1012 3889 1160 3962 εὗρεν
1217 3890 1511 3945 ἀνάπαυσιν
1567 3891 1749 3964 ἑαυτῇ,
1803 3890 1854 3946 εἷ’
1921 3893 1996 3964 μὴ

302 3979 464 4052 μόνον
517 3979 567 4035 ἰν
624 3981 808 4053 Κυρίῳ
842 3998 855 4012 ⁶
901 3982 989 4035 καὶ
1052 3981 1079 4034 6
1125 3981 1322 4054 Κύριος
1380 3979 1431 4035 ἐν
1466 3978 1646 4036 οὐδενὶ
1687 3978 1999 4053 εὐδόκησεν,

299 4069 345 4125 εἰ
371 4071 448 4145 μὴ
476 4072 642 4144 μόνον
673 4070 724 4126 ἐν
762 4071 1050 4145 ἀνθρώπῳ.

369 4249 468 4325 ς’.
527 4249 627 4304 "Av
704 4245 1004 4323 ἒκπετάσῃς
1088 4249 1216 4312 τοὺς
1298 4247 1614 4329 ὀφθαλμοὺς
1699 4249 1833 4324 πρὸς
1905 4248 1996 4303 τὸν

294 4338 483 4408 ἣλιον,
533 4337 800 4413 εὑρίσκεις
855 4338 906 4392 ἐν
951 4339 1163 4412 ούρανῳ
1207 4339 1299 4394 τὸν
1330 4337 1543 4409 ζκύκλον
1590 4338 1754 4394 αὐτοῦ
1787 4358 1801 4371 ·
1845 4338 1907 4392 τὸ
1943 4335 1999 4392 δὲ

297 4434 415 4506 σῶς
471 4431 559 4484 καὶ
616 4430 713 4491 τὰς
785 4427 1003 4490 ἆκτῖνας
1062 4428 1146 4484 ἐπὶ
1209 4437 1312 4506 γῆν
1369 4428 1632 4506 ῥεπούσας
1689 4429 1779 4484 καὶ
1827 4433 1995 4483 πᾶσαν

293 4521 392 4588 τήν
448 4516 678 4591 δύναμιν
717 4521 815 4573 τοῦ
876 4519 1076 4594 φωτὸς,
1133 4520 1221 4573 καὶ
1281 4519 1379 4587 τήν
1460 4515 1790 4590 λαμπηδόνα
1862 4519 1999 4594 πρὸς

291 4617 359 4682 γῆ
369 4629 397 4661 ν
448 4608 754 4688 φερομένην
783 4650 798 4665 .

295 4698 511 4774 Πατρὸς
569 4697 817 4771 ὑπεράνω
873 4698 1051 4768 πάσης
1127 4697 1309 4772 ἀρχῆς
1387 4697 1476 4751 καὶ
1549 4697 1791 4768 ἐξουσίας
1879 4698 2002 4752 κάθ-

293 4806 442 4859 ηται·
517 4787 609 4842 τὸν
666 4783 724 4841 δὲ
771 4784 1053 4862 ὀφθαλμὸν
1112 4785 1278 4842 αὐτοῦ
1337 4787 1411 4847 εἰς
1467 4787 1563 4846 τὰς
1620 4786 1837 4861 καρείας
1893 4791 1997 4840 τῶν

294 4877 385 4933 Et?
439 4879 544 4954 γῆς
603 4875 902 4946 ἀνθρώπων
944 4871 1061 4952 ἔχει
1131 4874 1448 4951 τεταμένον,
1503 4874 1650 4936 ὅπως
1722 4877 1850 4939 τοὺς
1906 4877 2004 4932 ἀπ-

296 4964 697 5040 εκδεχομένους
743 4967 844 5035 τήν
898 4968 1027 5042 παρ’
1102 4963 1266 5020 αὐτοῦ
1363 4965 1638 5040 βοήθειαν,
1721 4964 2001 5042 ἆνενέγκῃ,

295 5054 416 5113 ἔνθα
473 5055 638 5118 αὐτὸς
691 5054 924 5130 ὑπάρχε,
985 5053 1171 5125 ἐπειδή
1232 5054 1404 5130 λέγει,
1465 5055 1640 5108 ’Ὀπου
1700 5053 1808 5128 ἐγὼ
1866 5054 2002 5127 εἰμι,

293 5146 407 5202 ἐκεῖ
470 5145 561 5197 καὶ
628 5143 656 5196 6
725 5141 974 5206 διάκονος
1042 5146 1070 5199 6
1137 5143 1268 5216 ἐμὸς
1329 5141 1499 5198 ἔσται.
1568 5144 1664 5197 Καὶ
1745 5142 1907 5198 πάλιν
1977 5143 2004 5197 6

297 5231 517 5293 Παῦλος
570 5248 586 5262 ⁸
660 5231 782 5285 Ὅτι
840 5235 1119 5308 συνήγειρε
1183 5233 1274 5286 καὶ
1343 5231 1674 5286 συνεκάθισεν
1744 5229 1794 5285 ἒν
1864 5228 2007 5304 δεξιᾷ

295 5324 468 5380 αὐτοῦ
535 5320 589 5376 ἐν
647 5325 764 5383 τοῖς
829 5321 1186 5394 ἐπουρανίοις.
1263 5320 1417 5376 Πολὺ
1483 5319 1539 5375 δὲ
1624 5319 1802 5397 ἄλογα
1898 5325 2008 5390 ζῶα

297 5412 635 5484 ωνετώτερα
697 5409 831 5466 εἰσιν
900 5415 1080 5485 ἡμῶν.
1161 5413 1257 5467 Καὶ
1335 5413 1438 5488 γὰρ
1517 5407 1744 5465 ἕκαστον
1828 5407 2006 5466 αὖτῶν

298 5503 636 5574 συνήνωνται
685 5504 756 5576 τῇ
819 5501 931 5573 ἰδίᾳ
977 5499 1154 5580 φύσει,
1201 5500 1268 5556 τὰ
1315 5499 1476 5575 ἄγρια
1531 5499 1665 5574 πρὸς
1719 5498 1785 5554 τὰ
1824 5497 2006 5576 άγριά,

369 5688 418 5726 ⁸⁸
454 5691 624 5751 Joan.
657 5709 757 5763 xu,
784 5692 877 5749 26.
953 5690 999 5727 ⁸⁷
1029 5689 1240 5764 Ephes.
1269 5704 1335 5761 ιι,
1363 5688 1418 5759 5,
1449 5687 1508 5744 6.

2103 1918 2187 1973 sic
2217 1919 2289 1972 ab
2333 1918 2501 1973 initio
2534 1919 2900 1990 contigisse);
2950 1921 3324 1991 postmodum
3360 1921 3460 1976 ubi
3490 1937 3558 1977 ex
3595 1923 3799 1978 auditu

2103 2009 2356 2080 percepit
2386 2009 2758 2066 solitudinem
2783 2016 2977 2077 Quam,
3007 2011 3304 2083 deplorata
3322 2013 3675 2070 desolatione
3697 2032 3806 2072 sua

2102 2099 2162 2153 in
2198 2105 2511 2169 conspectu
2554 2099 2964 2155 humanissimi
3001 2099 3101 2155 Dei
3149 2102 3367 2158 invenit
3413 2103 3588 2158 vitam
3623 2108 3679 2159 et
3711 2121 3804 2160 sa-

2100 2187 2303 2243 lutem.
2339 2189 2701 2261 Quapropter
2719 2189 2748 2245 ‘P
2778 2190 2922 2255 Quia
2941 2206 3169 2246 reversa
3191 2196 3279 2246 est
3301 2192 3370 2246 ad
3396 2192 3803 2262 cogitationem

2104 2295 2294 2334 suam.
2345 2277 2516 2334 Nulla
2562 2280 2718 2335 enim
2769 2285 2856 2335 est
2884 2279 3016 2335 talis
3047 2280 3409 2338 familiaritas
3457 2293 3628 2355 atque
3670 2287 3803 2357 cpi-

2103 2368 2333 2435 tulatio,
2404 2385 2470 2424 ac
2534 2371 2619 2424 est
2681 2370 2887 2424 anima:
2950 2386 3083 2441 erga
3142 2371 3344 2439 Deum,
3415 2376 3470 2428 et
3522 2373 3622 2429 Dei
3668 2391 3806 2446 erga

2106 2457 2383 2514 animam.
2428 2457 2698 2513 Condidit
2763 2459 2918 2513 enim
2979 2459 3128 2516 Deus
3177 2461 3366 2516 avium
3437 2478 3649 2533 genera
3714 2464 3806 2518 di-

2103 2562 2308 2603 versa:
2352 2549 2637 2618 quaedam
2680 2551 2740 2602 ut
2772 2548 2937 2603 nidos
2969 2553 3320 2619 componant
3350 2551 3406 2604 in
3439 2555 3614 2621 terra,
3646 2555 3704 2607 et
3745 2550 3806 2605 in

2105 2654 2172 2694 ea
2205 2637 2455 2692 habeant
2488 2642 2716 2709 pastum
2751 2654 2815 2693 ac
2842 2638 3101 2709 requiem
3131 2640 3450 2711 :quasdam
3486 2658 3616 2717 vero
3648 2640 3805 2696 ordi-

2107 2730 2284 2795 navit,
2329 2733 2389 2784 ut
2427 2731 2535 2785 sub
2584 2729 2749 2802 aquis
2799 2730 3120 2800 nidiﬁcent,
3170 2732 3417 2804 indeque
3464 2733 3643 2789 vitam
3697 2733 3808 2788 ha-

2110 2821 2278 2875 beant
2303 2836 2320 2874 :
2345 2819 2642 2874 fabricavit
2674 2836 2903 2892 quoque
2937 2820 3224 2890 duplicem
3275 2822 3592 2892 mundum;
3628 2839 3809 2878 unum

2108 2910 2486 2981 superiorem,
2530 2909 3043 2965 administratoriis
3092 2910 3418 2980 spiritibus,
3443 2917 3505 2966 ut
3535 2911 3653 2967 illic
3676 2928 3808 2967 con-

2108 3008 2429 3066 versentur,
2460 2998 2790 3065 constituit;
2823 2998 3066 3053 alterum
3101 2999 3431 3054 inferiorem
3464 3001 3806 3056 hominibus

2109 3086 2218 3142 sub
2267 3087 2376 3143 hoc
2424 3104 2573 3143 aere.
2628 3087 2853 3144 Creavit
2899 3105 3130 3160 quoque
3193 3089 3403 3144 ccelum
3449 3099 3503 3144 et
3569 3095 3804 3160 terram,

2111 3179 2288 3234 solem
2333 3195 2398 3233 ac
2446 3177 2668 3243 lunam,
2718 3194 2919 3250 aquas,
2970 3179 3202 3234 arbores
3245 3178 3593 3248 fructiferas,
3627 3184 3683 3234 et
3713 3196 3809 3233 va-

2114 3267 2328 3323 riorum
2376 3267 2713 3322 animalium
2756 3284 2999 3337 genera:
3055 3269 3112 3322 in
3161 3266 3321 3323 nullo
3360 3272 3558 3324 tamen
3599 3269 3809 3324 horum

2112 3357 2429 3428 requiescit
2452 3355 2618 3412 Deus.
2664 3355 2944 3411 Universa
2993 3361 3255 3411 creatura
3285 3356 3388 3411 sub
3421 3357 3549 3428 ejus
3579 3362 3669 3412 est
3695 3357 3809 3414 im-

2112 3445 2302 3516 perio;
2329 3462 2432 3500 nec
2482 3453 2673 3499 tamen
2706 3446 3030 3500 construxit
3073 3445 3131 3498 in
3169 3443 3252 3500 eis
3288 3444 3587 3511 thronum,
3623 3462 3811 3518 neque

2112 3535 2446 3591 societatem
2475 3533 2626 3603 iniit,
2678 3533 2786 3589 nisi
2839 3533 2900 3588 in
2951 3533 3187 3589 homine
3238 3533 3360 3589 solo
3401 3533 3810 3605 complacitum

2113 3628 2164 3682 ei
2212 3631 2318 3691 est,
2370 3642 2435 3681 ac
2477 3625 2809 3680 societatem
2863 3640 2998 3680 cum
3049 3641 3114 3680 eo
3167 3623 3477 3692 contraxit,
3546 3629 3604 3681 et
3660 3626 3718 3680 in
3748 3643 3812 3681 eo

2113 3714 2443 3786 requiescit.
2497 3714 2745 3768 Videsne
2799 3713 2895 3768 hic
2943 3713 3349 3784 cognationem
3393 3712 3494 3766 Dei
3539 3729 3669 3768 cum
3717 3713 3814 3768 hoc

2115 3803 2292 3872 mine,
2325 3813 2378 3858 et
2408 3803 2664 3857 hominis
2695 3818 2827 3857 cum
2879 3802 2994 3856 Deo
3035 3802 3063 3857 ?
3089 3802 3278 3872 Sagax
3302 3818 3436 3873 ergo
3469 3806 3520 3855 et
3554 3803 3809 3872 prudens

2111 3891 2305 3946 anima
2348 3890 2742 3961 pertransiens
2791 3897 3031 3944 cunctas
3070 3893 3384 3955 creaturas,
3438 3903 3552 3941 non
3586 3887 3810 3942 invenit

2111 3979 2367 4051 requiem
2436 3977 2547 4033 sibi
2597 3978 2732 4048 ipsi,
2799 3976 2912 4032 nisi
2957 3975 3144 4031 solum
3213 3976 3271 4030 in
3338 3975 3623 4030 Domino:
3705 3991 3808 4032 nec

2113 4069 2362 4124 Domino
2402 4069 2461 4123 in
2503 4065 2618 4123 ullo
2682 4065 3094 4138 complacitum
3147 4071 3261 4137 est,
3331 4064 3442 4120 nisi
3497 4066 3685 4121 solum
3746 4065 3809 4121 in

2109 4157 2370 4214 homine.
2633 4175 2638 4180 τ

2179 4247 2274 4303 VI.
2300 4247 2360 4302 Si
2391 4247 2683 4318 expandas
2721 4244 2920 4301 oculos
2951 4245 3021 4301 ad
3056 4245 3260 4315 solem,
3315 4245 3532 4316 reperis
3577 4244 3637 4301 in
3669 4243 3809 4300 coelo

2111 4339 2390 4395 circulum
2443 4339 2604 4409 ejus:
2654 4337 2853 4392 lumen
2900 4340 3094 4392 autem
3136 4342 3193 4392 et
3252 4337 3440 4392 radios
3487 4336 3547 4392 in
3595 4340 3807 4391 terram

2111 4445 2362 4499 vergere,
2410 4432 2580 4499 atque
2627 4443 2856 4482 omnem
2903 4426 2997 4481 vin
3052 4425 3295 4481 luminis
3342 4431 3398 4481 et
3438 4425 3806 4496 splendorem

2111 4519 2179 4573 ad
2214 4524 2424 4572 terram
2468 4517 2716 4572 deferri:
2775 4516 2859 4571 sic
2910 4532 3144 4588 quoque
3197 4516 3472 4571 Dominus
3512 4531 3543 4570 a
3592 4515 3808 4570 dextris

847 4605 1019 4669 οὕτως
1075 4609 1163 4663 καὶ
1221 4609 1248 4662 6
1304 4608 1502 4680 Κύριος
1559 4606 1619 4662 ἐκ
1660 4605 1848 4677 δεξιῶν
1902 4613 1995 4663 τοῦ

2115 4607 2276 4664 I45
2331 4609 2518 4663 Patris
2555 4623 2731 4675 super
2791 4623 3023 4662 omnem
3087 4607 3476 4677 principatum
3544 4609 3600 4658 et
3652 4608 3809 4674 pote-

2107 4705 2317 4754 statem
2389 4699 2582 4766 sedet;
2670 4696 2900 4752 oculum
2985 4701 3178 4751 autem
3266 4711 3438 4749 suum
3511 4694 3568 4748 in
3637 4693 3812 4748 corda

2106 4789 2412 4844 hominum
2479 4786 2539 4841 in
2611 4791 2762 4841 terra
2847 4785 3166 4839 viventium
3240 4782 3414 4838 habet
3489 4785 3808 4850 extentum,

2108 4884 2172 4934 ut
2229 4894 2326 4934 eos
2392 4877 2494 4948 qui
2583 4875 2909 4944 suscipiant
2974 4873 3045 4929 ab
3087 4889 3155 4928 eo
3217 4871 3523 4934 auxilium,
3573 4871 3813 4929 extollat

2109 4985 2195 5034 eo,
2257 4967 2354 5022 ubi
2403 4966 2526 5037 ipse
2567 4970 2673 5020 est.
2717 4964 3011 5028 Quoniam
3073 4963 3312 5032 iuquit:
3356 4963 3454 5019 Ubi
3513 4978 3630 5017 sum
3688 4979 3811 5032 ego,

2110 5057 2226 5111 illic
2262 5070 2476 5126 quoque
2503 5052 2758 5107 minister
2793 5068 2945 5107 meus
2989 5052 3095 5105 erit
3124 5050 3188 5103 ".
3223 5050 3288 5105 Et
3320 5051 3524 5104 iterum
3556 5050 3812 5106 Paulus:

2111 5144 2288 5199 Simul
2331 5144 2715 5207 ressuscitavit,
2757 5145 2807 5197 et
2837 5139 3010 5196 simul
3055 5139 3240 5195 sedere
3269 5141 3397 5208 fecit
3428 5140 3498 5193 ad
3529 5138 3813 5194 dexteram

2110 5250 2266 5289 suam
2324 5233 2469 5288 inter
2516 5231 2759 5288 caelestes
2822 5232 2888 5288 ".
2946 5230 3158 5286 Verum
3249 5229 3523 5284 animalia
3593 5228 3814 5285 ratione

2113 5323 2407 5388 destituta,
2478 5327 2616 5377 sunt
2683 5328 2852 5392 longe
2919 5319 3370 5392 intelligentiora
3439 5334 3615 5389 quam
3682 5335 3810 5375 nos.

2113 5411 2582 5482 Unumquodque
2631 5410 2788 5466 enim
2843 5411 3051 5464 horum
3114 5408 3314 5463 unitur
3360 5406 3455 5474 iis,
3509 5423 3634 5478 quas
3677 5413 3814 5464 sunt

2113 5500 2378 5572 eiusdem
2427 5506 2669 5566 natura,
2721 5500 2974 5572 agrestia
3021 5498 3368 5569 agrestibus,
3412 5500 3466 5552 et
3518 5512 3648 5553 oves
3696 5514 3812 5554 suae
