4116 6210
286 349 398 417 791

1622 350 1686 413 S.
1736 350 2060 413 MACARII
2108 352 2450 416 EGYPTII

3679 351 3795 415 792

284 483 518 559 speciei.
549 486 632 540 Tu
680 499 815 540 vero
848 500 960 540 non
1009 481 1315 541 reverteris
1362 482 1436 541 ad
1477 483 1767 541 emlestem
1816 488 1978 542 tuam

2116 487 2191 542 ιαὶ
2258 486 2326 543 τά
2383 483 2630 563 πρόϐατα
2684 487 2819 564 πρὸς
2882 486 2945 545 τὸ
3007 484 3153 544 ’ίδιον
3222 488 3431 566 γένος’
3488 482 3802 542 καὶσῦούκ

286 577 717 649 cognationem,
750 592 877 647 quae
920 582 1004 631 est
1035 575 1350 633 Dominus:
1403 574 1507 631 sed
1537 575 1989 647 cogitationibus

287 670 403 727 tuis
451 669 637 725 tradis
694 674 751 725 te
797 674 854 724 et
901 668 1208 724 assentiris
1268 667 1725 740 cogitationibus
1771 666 1989 739 pravis,

288 761 521 831 adjutor
552 758 767 831 peccati
824 758 1031 823 factus,
1076 759 1321 828 ejusque
1352 773 1459 829 ope
1489 757 1595 812 tibi
1627 757 1739 828 ipsi
1773 755 1990 811 bellum

287 849 490 917 infers,
542 854 715 919 atque
757 848 897 902 adeo
948 862 1143 903 escam
1193 846 1376 902 hostis
1428 851 1485 902 te
1523 846 1720 916 ipsum
1773 845 1988 901 consti-

290 937 426 1002 tuis,
476 937 714 1007 perinde
764 952 829 993 ac
858 936 906 993 si
940 938 1063 992 avis
1101 936 1173 991 ab
1204 935 1399 1007 aquila
1428 935 1855 1007 comprehensa
1888 935 1989 990 ab-

290 1031 565 1083 sumatur
591 1029 692 1081 aut
721 1025 842 1082 ovis
868 1043 901 1081 a
931 1026 1092 1097 lupo,
1116 1030 1218 1080 aut
1248 1042 1393 1097 puer
1418 1025 1695 1096 ignorans
1726 1024 1996 1079 extendat

293 1134 535 1174 manum
572 1134 740 1173 suam
773 1116 843 1172 ad
888 1122 1243 1188 serpentem,
1275 1132 1309 1172 a
1373 1131 1485 1187 quo
1514 1131 1724 1171 exesus
1768 1114 1997 1170 inﬂam-

294 1213 503 1264 metur.
569 1206 995 1263 Similitudines
1049 1206 1206 1262 enim
1274 1205 1432 1263 velut
1497 1206 1741 1277 efﬁgiem
1784 1208 1997 1277 gerunt

294 1313 485 1355 rerum
518 1296 937 1368 spiritualium.

360 1479 483 1537 VII.
518 1478 1020 1544 Quemadmodum
1069 1494 1200 1534 vero
1249 1477 1409 1549 virgo
1456 1476 1618 1533 dives
1649 1477 1998 1547 desponsata

292 1570 436 1636 viro,
495 1586 855 1641 quaecunque
904 1569 1191 1641 acceperit
1238 1570 1392 1624 dona
1446 1572 1583 1624 ante
1628 1567 2000 1637 conjunctio-

300 1676 456 1725 nem,
507 1659 628 1715 sive
674 1663 1045 1725 ornamenta,
1094 1657 1216 1713 sive
1256 1657 1695 1724 vestimentum,
1743 1656 1862 1711 sive
1892 1671 1999 1710 su-

295 1748 642 1820 pellectilem
694 1748 1030 1820 pretiosam,
1086 1763 1203 1802 non
1253 1747 1499 1819 quiescit
1532 1746 1589 1802 in
1634 1745 1772 1811 illis,
1815 1744 1998 1801 donec

294 1846 526 1909 tempus
577 1837 911 1907 nuptiarum
953 1835 1267 1905 advenerit,
1319 1840 1376 1892 et
1423 1834 1827 1907 conjunctione
1894 1848 1992 1903 po-

2116 1835 2306 1909 γάμου,
2339 1836 2427 1890 καὶ
2476 1836 2622 1913 τύχῃ
2684 1843 2785 1906 τῆς
2837 1835 3125 1899 κοινωνίας
3174 1856 3187 1870 ⁸

293 1928 403 1984 tita
449 1926 662 1983 fuerit:
703 1927 789 1982 sic
837 1941 1071 1998 quoque
1109 1926 1305 1982 anima
1353 1929 1549 1996 aptata
1592 1924 1652 1979 in
1714 1938 1994 1993 sponsam

292 2016 509 2074 caelesti
556 2019 801 2085 Sponso.
856 2014 1068 2086 accipit
1104 2015 1499 2070 arrhabonem
1549 2028 1579 2069 e
1611 2010 1997 2084 Spiritu,sive

294 2108 448 2162 dena
504 2105 907 2169 sanationum,
955 2103 1073 2160 sive
1122 2103 1495 2176 cognitionis,
1545 2104 1666 2158 sive
1702 2099 1997 2157 revelatio-

294 2195 419 2251 nis:
449 2195 547 2249 sed
582 2210 695 2249 non
737 2193 1101 2265 conquiescit
1144 2193 1205 2248 in
1253 2192 1394 2262 illis,
1444 2192 1629 2248 donec
1676 2205 1999 2260 consequa-

293 2287 391 2338 tur
440 2281 673 2354 plenam
707 2281 1062 2348 societatem,
1115 2283 1224 2336 hoc
1301 2284 1389 2336 est
1424 2280 1818 2346 dilectionem,
1868 2293 1998 2350 quae

292 2386 421 2427 cum
472 2385 580 2426 nec
625 2373 906 2437 mutetur,
958 2384 1064 2423 nec
1112 2367 1359 2435 excidat,
1390 2368 1581 2424 omnis
1608 2366 1897 2439 passionis
1940 2369 1998 2422 et

292 2459 700 2516 concussionis
754 2462 1015 2529 expertes
1053 2457 1360 2512 constituit
1409 2456 1562 2523 illos,
1600 2456 1701 2526 qui
1731 2472 1858 2511 eam
1892 2456 1998 2511 de-

291 2548 575 2603 siderant.
607 2549 724 2602 Aut
771 2544 1266 2616 quemadmodum
1315 2544 1511 2600 infans
1563 2543 1809 2599 amictus
1839 2560 1998 2599 mar-

289 2634 495 2709 geritis
534 2640 591 2690 et
622 2635 985 2689 indumentis
1023 2635 1316 2703 pretiosis,
1373 2633 1471 2688 ubi
1509 2633 1799 2698 esurierit,
1850 2631 1997 2687 nihil

293 2724 547 2782 aestimat
592 2740 719 2795 quis
760 2727 969 2791 gestat,
1007 2722 1108 2779 sed
1156 2740 1224 2779 ea
1271 2723 1532 2794 negligit,
1584 2736 1819 2778 omnem
1863 2736 1996 2776 vero

290 2830 490 2872 curam
548 2814 721 2870 habet
769 2813 828 2868 in
879 2812 1143 2869 mamilla
1200 2812 1484 2882 alimenti,
1537 2828 1652 2883 quo
1704 2816 1870 2881 pacto
1907 2812 1997 2867 lac

290 2902 579 2975 accipiat:
625 2902 781 2957 idem
813 2917 1047 2974 quoque
1088 2909 1286 2974 putato
1322 2902 1463 2957 mihi
1498 2900 1559 2956 in
1591 2902 1996 2974 spiritualibus

296 2992 466 3048 donis
497 2991 623 3048 Dei.
656 2990 762 3046 Cui
791 2991 975 3063 gloria
1006 2992 1062 3046 in
1097 2990 1330 3047 secula.
1364 2992 1566 3046 Amen.

875 3097 1182 3154 HOMILIA
1220 3097 1416 3153 XLVI.

287 3190 362 3246 De
408 3188 721 3260 differentia
770 3186 916 3243 inter
988 3187 1229 3260 Verbum
1274 3186 1394 3260 Dei
1461 3191 1514 3242 et
1572 3186 1726 3260 inter,
1769 3186 1993 3260 verbum

358 3257 594 3315 mundi:
644 3266 699 3315 et
764 3262 910 3315 inter
979 3258 1123 3329 ﬁlios
1184 3259 1283 3313 Dei
1346 3265 1396 3313 et
1447 3259 1597 3312 inter
1642 3258 1786 3327 ﬁlios
1835 3257 1997 3324 huius

358 3331 574 3387 mundi.

360 3438 403 3494 Ι.
451 3437 710 3492 Verbum
765 3435 882 3504 Dei,
941 3434 1101 3490 Deus
1159 3438 1268 3503 est,
1334 3438 1391 3490 et
1454 3434 1695 3491 verbum
1766 3437 1995 3504 mundi,

290 3528 550 3582 mundus
582 3531 693 3583 est.
730 3526 1000 3594 Magnum
1026 3541 1159 3581 vero
1181 3524 1495 3581 discrimen
1530 3531 1587 3581 et
1618 3525 1997 3582 intervallum

290 3620 380 3671 est
448 3615 601 3671 inter
672 3616 918 3671 Verbum
995 3615 1089 3672 Dei
1149 3620 1204 3672 et
1268 3615 1420 3672 inter
1485 3617 1728 3672 verbum
1769 3618 1997 3687 mundi,

291 3709 465 3774 atque
500 3706 649 3759 inter
689 3703 840 3760 ﬁlios
877 3703 979 3760 Dei
1011 3709 1068 3760 et
1114 3705 1265 3761 inter
1296 3704 1446 3771 ﬁlios
1481 3706 1706 3761 mundi.
1753 3707 2000 3777 Utraque

299 3794 456 3847 enim
506 3793 697 3865 proles
745 3809 987 3850 suorum
1034 3793 1245 3849 similis
1285 3799 1375 3850 est
1423 3803 1752 3865 parentum.
1804 3794 1864 3849 Si
1896 3811 2002 3850 vo—

296 3883 471 3940 luerit
503 3899 639 3956 ergo
682 3901 935 3956 propago
967 3883 1214 3956 spiritus
1251 3884 1478 3941 tradere
1509 3900 1571 3940 se
1612 3885 1797 3957 ipsam
1830 3886 2001 3941 verbo

300 3975 530 4045 mundi,
601 3991 669 4032 ac
736 3976 908 4031 rebus
975 3974 1239 4042 terrenis,
1307 3980 1483 4047 atque
1541 3974 1739 4047 gloria
1804 3976 2003 4031 saeculi

304 4065 504 4134 hujus.
567 4065 958 4120 mortiﬁcatur
1011 4068 1068 4119 et
1123 4066 1291 4135 perit,
1342 4067 1558 4137 quippe
1620 4082 1747 4137 quae
1808 4082 2002 4121 veram

297 4156 563 4225 requiem
614 4156 744 4209 vitae
794 4154 1073 4225 consequi
1122 4170 1237 4210 non
1284 4156 1485 4225 possit.
1548 4154 1798 4226 ltequies
1846 4157 2001 4211 enim

297 4244 425 4312 ejus
478 4242 597 4297 illic
645 4246 752 4309 est,
804 4243 956 4296 unde
1004 4246 1287 4313 prognata
1324 4247 1430 4298 est.
1470 4242 1792 4298 Suﬂ‘ocatur
1816 4245 2001 4311 enim,

305 4342 366 4387 ut
396 4331 589 4401 inquit
630 4331 935 4397 Dominus,
987 4336 1044 4385 et
1074 4331 1478 4388 infructuosus
1527 4333 1786 4387 redditur
1815 4330 2002 4389 Verbo

300 4420 516 4487 divino,
569 4419 666 4489 qui
734 4418 1118 4474 saecularibus
1168 4421 1322 4476 curis
1386 4427 1701 4491 occupatus
1760 4423 2003 4478 terrenis

299 4509 521 4581 laqueis
560 4507 841 4575 illigatur.
896 4506 1197 4569 Similiter.
1250 4512 1349 4580 qui
1417 4510 1637 4566 carnali
1684 4511 2003 4568 intentione

2028 3234 2078 3302 C

2100 578 2372 654 ἐπανέρχῃ
2431 580 2566 654 πρὸς
2640 582 2739 649 τήν
2815 578 3064 655 οὐράνιόν
3124 600 3218 634 σου
3286 575 3622 654 συγγένειαν,
3681 572 3802 644 ἥτις

2100 667 2244 723 ἐστίν
2277 670 2304 724 ὁ
2337 669 2532 741 Κύριος
2566 686 2580 702 ·
2622 668 2769 725 ἀλλά
2818 667 3179 733 συνεπιδιδοῖς
3210 670 3299 725 καὶ
3356 665 3628 728 συννεύεις
3683 669 3803 726 τοῖς

2103 756 2397 834 λογισμοῖς
2429 781 2525 814 σου
2564 760 2641 823 εἷς
2698 761 2823 823 τοὺς
2880 760 3181 835 λογισμοὺς
3234 766 3336 829 τῆς
3392 759 3607 827 κακίας,
3673 756 3806 829 βοη-

2103 849 2195 910 θὸς
2253 856 2351 917 τῆς
2428 849 2698 924 ἁμαρτίας
2769 849 3083 925 γενόμενος,
3140 850 3229 905 καὶ
3284 850 3377 904 σὺν
3435 847 3574 922 αὐτῇ
3634 847 3810 915 ἑαυτῷ

2102 938 2387 1010 πολεμῶν,
2445 940 2533 993 καὶ
2585 940 2729 995 οὕτω
2785 937 3123 1014 κατάόρωμα
3177 943 3273 994 τοῦ
3343 937 3549 1017 ἐχθροῦ
3634 937 3811 989 ποιῶν

2105 1026 2290 1082 ἑαυτόν
2328 1047 2340 1059 ·
2374 1025 2554 1103 ὥσπερ
2615 1027 2675 1084 ἂν
2733 1028 2916 1104 ὄρνεον
2970 1030 3073 1085 ὑπὸ
3123 1030 3280 1084 ἀετοῦ
3327 1025 3641 1100 συλληφθὶν
3686 1044 3816 1077 κατ-

2104 1115 2384 1191 αναλωθῇ,
2432 1119 2465 1187 ἢ
2518 1113 2791 1190 πρόϐατον
2848 1119 2951 1174 ὑπὸ
2996 1117 3188 1185 λύκου,
3219 1118 3255 1187 ἢ
3316 1113 3524 1173 σαιδίον
3582 1114 3812 1188 ἀγνοοῦν

2107 1207 2316 1281 ἐκτείνῃ
2361 1211 2460 1276 τὴν
2506 1214 2669 1283 χεῖρα
2722 1208 2888 1265 αὐτοῦ
2930 1209 3069 1284 πρὸς
3117 1204 3261 1284 ὅφιν,
3303 1206 3395 1262 καὶ
3448 1206 3656 1281 βρωθέν
3719 1202 3810 1257 ὑπ’

2107 1296 2275 1352 αὐτοῦ
2324 1298 2607 1372 ἃποκαυθῇ
2642 1316 2654 1331 ⁸
2725 1301 2779 1353 αἱ
2837 1300 2941 1374 γὰρ
3008 1296 3324 1372 παραϐολαὶ
3385 1295 3567 1369 ὥσπερ
3626 1292 3799 1367 πρόσ-

2106 1407 2229 1442 ωπα
2258 1382 2477 1461 ἔχουσιν
2510 1387 2586 1451 εἷς
2613 1389 2675 1443 τὸ
2704 1389 3065 1460 πνευματικὸν
3100 1384 3282 1461 ἔργονο

2178 1477 2247 1532 Ζ’.
2316 1479 2522 1551 ’Ὠσπερ
2589 1474 2644 1533 δὲ
2718 1476 2984 1552 παρθένος
3054 1475 3291 1533 πλουσία
3357 1472 3809 1549 μεμνηπευμὲνη

2108 1564 2281 1641 ἀνδρὶ,
2313 1566 2412 1622 ὅσα
2461 1568 2520 1622 ἂν
2575 1566 2789 1639 δέξηται
2841 1568 2990 1643 δῶρα
3045 1568 3151 1641 πρὸ
3198 1574 3298 1636 τῆς
3344 1564 3655 1633 κοινωνίας,
3707 1560 3813 1616 εἴτε

2105 1657 2328 1729 κόσμια,
2394 1656 2498 1712 εἷ’τε
2577 1658 2895 1731 ἱματισμὸν,
2953 1656 3060 1713 εἷ’τε
3125 1655 3288 1726 σκεύη
3350 1653 3655 1725 πολύτιμα,
3715 1651 3817 1705 οὐκ

2107 1743 2501 1801 ὲπαναπαύεται
2576 1748 2812 1816 τούτοις,
2868 1745 2974 1807 ἓως
3033 1746 3095 1801 οὗ
3163 1747 3191 1801 ὁ
3247 1745 3435 1817 καιρὸς
3504 1738 3645 1815 ἔληῃ
3713 1744 3811 1795 τοῦ

3248 1834 3421 1894 οὕτως
3480 1834 3545 1906 ἀρ
3554 1832 3818 1905 μοσθεῖσα

2110 1926 2185 1987 εἷς
2216 1926 2431 2004 νύμφην
2463 1928 2498 1995 ἡ
2553 1929 2704 2003 ψυχή
2755 1926 2836 1999 τῷ
2892 1924 3202 2002 ἐπουρανίῳ
3262 1923 3505 2000 νυμφίῳ,
3539 1915 3811 1994 λαμϐάνει

2108 2010 2397 2090 ἀρῥαϐὢνα
2457 2014 2517 2071 ἐκ
2561 2020 2659 2070 τοῦ
2723 2017 3054 2089 Πνεύματος.
3114 2013 3221 2071 εἴτε
3264 2013 3579 2089 χαρίσματα
3641 2007 3813 2081 ἰαμά-

2104 2127 2234 2176 των,
2303 2106 2410 2162 εἴτε
2466 2109 2741 2182 γνώσεως,
2809 2105 2919 2163 εἷ’τε
3003 2106 3401 2180 ἀποκαλύψεως
3454 2122 3469 2137 ⁶
3535 2100 3661 2158 ἀλλ’
3709 2100 3815 2155 οὐκ

2107 2195 2509 2252 ἐπαναπαύεται
2604 2196 2847 2269 ἐκείνοις,
2911 2195 3016 2261 ἓως
3088 2196 3148 2251 ἂν
3212 2196 3357 2271 τύχῃ
3423 2200 3523 2263 τῆς
3594 2188 3813 2251 τελείας

2105 2287 2423 2355 κοινωνίας,
2470 2288 2717 2343 τουτέστι
2774 2294 2874 2357 τῆς
2921 2286 3160 2361 ἀγάπης,
3217 2285 3344 2355 ¹ἥτις
3384 2282 3648 2358 ἄτρεπτος
3682 2278 3816 2335 οὖσα

2107 2375 2197 2431 καὶ
2276 2373 2546 2445 ἄπτωτος,
2633 2377 2853 2440 ἀπαθεῖς
2922 2377 3014 2431 καὶ
3108 2372 3436 2435 ἀσαλεύτους
3534 2370 3811 2447 ἐργάζεται

2105 2466 2232 2527 τοὺς
2300 2465 2467 2536 αῦτὴν
2526 2468 2890 2537 ποθήσαντας.
2949 2468 3019 2522 Ἥ
3079 2464 3259 2540 ὥσπερ
3321 2464 3518 2543 βρέφος
3594 2454 3811 2535 περιϐε-

2108 2550 2392 2627 ϐλημένον
2466 2557 2803 2631 μαργαρίτας
2878 2558 2969 2612 καὶ
3054 2554 3322 2629 ἐνδύματα
3406 2554 3587 2627 τίμια,
3686 2551 3810 2604 ὅταν

2105 2646 2352 2719 πεινάσῃ,
2386 2646 2459 2708 ὠς
2518 2644 2669 2701 οὐδέν
2716 2647 2997 2721 λογίζεται
3045 2647 3078 2701 ἃ
3134 2649 3310 2722 φορεῖ,
3343 2642 3491 2698 ἀλλά
3535 2660 3819 2719 καταφρο-

2104 2738 2184 2788 νεῖ
2235 2732 2436 2804 αύτῶν,
2496 2732 2633 2804 ὅλην
2686 2731 2741 2789 δὲ
2795 2735 2895 2799 τὴν
2958 2736 3216 2807 μέριμναν
3279 2730 3397 2806 ἔχει
3446 2730 3522 2793 εἷς
3578 2731 3669 2784 τὸν
3708 2749 3811 2801 μα-

2107 2826 2231 2877 στὸν
2290 2829 2390 2892 τῆς
2439 2830 2672 2897 τροφῆς,
2702 2827 2818 2886 πῶς
2870 2824 2931 2879 τὸ
2988 2821 3131 2898 γάλα
3178 2818 3323 2895 λάϐῃ
3362 2839 3374 2851 ·
3426 2820 3490 2875 τὸ
3549 2818 3681 2874 αὐτό
3716 2838 3810 2889 μοι

2105 2913 2334 2991 λογίζου
2391 2916 2488 2969 κᾶν
2538 2918 2655 2977 τοῖς
2694 2919 3087 2987 πνευματικοῖς
3136 2913 3441 2989 χαρίσμασι
3470 2914 3569 2966 τοῦ
3632 2912 3766 2964 Θεοῦ
3794 2927 3807 2940 ·

2108 3006 2153 3077 ᾧ
2183 3007 2218 3075 ἡ
2248 3002 2373 3074 δόξα
2404 3003 2481 3067 εἰς
2509 3006 2637 3067 τοὺς
2678 3008 2897 3067 αἰῶνας.
2932 3005 3140 3078 ’Δμήν.

2745 3115 2994 3169 OMIAIA
3024 3112 3178 3186 Μς.

2108 3183 2255 3259 Περὶ,
2304 3190 2406 3259 τῆς
2472 3181 2735 3259 διαφορᾶς
2783 3186 2898 3259 ’τοῦ
2960 3204 3020 3238 τε
3086 3178 3268 3259 Λόγου
3342 3184 3460 3259 τοῦ.
3505 3184 3664 3249 Θεοῦ,
3724 3178 3816 3259 καὶ

2176 3254 2275 3310 τοῦ
2326 3254 2499 3330 λόγου
2564 3254 2674 3330 του,
2732 3256 2964 3328 κόσμου,
3028 3255 3121 3310 καὶ
3182 3254 3322 3330 ’τῷν
3411 3254 3611 3307 τέκνων
3715 3254 3814 3305 τοῦ

2180 3330 2334 3395 Θεοῦ,
2366 3324 2456 3380 καὶ
2487 3330 2594 3380 τῶν
2625 3324 3051 3381 τὲκνων⁷τούτου
3081 3330 3176 3381 τοῦ
3204 3327 3437 3399 κόσμου.

2180 3433 2253 3486 Α’.
2314 3432 2376 3490 Ὀ
2432 3436 2529 3486 τοῦ
2588 3436 2721 3486 Θεοῦ
2777 3433 2971 3506 Λόγος,
3040 3433 3170 3494 Θεὸς
3230 3431 3362 3488 ἐστι.
3415 3429 3513 3485 Καί
3561 3432 3590 3484 6
3650 3429 3820 3507 λόγος

2108 3526 2205 3579 τοῦ
2252 3522 2485 3593 κόσμου,
2517 3522 2724 3595 κόσμος
2784 3521 2918 3580 ἐστί.
2953 3520 3148 3590 [Ιολλή
3206 3518 3263 3576 δε
3315 3519 3549 3599 διαιρορά
3594 3520 3686 3575 καὶ
3722 3541 3821 3593 με·-

2108 3612 2273 3679 σὸτης
2304 3612 2587 3685 τυγχάνει,
2618 3615 2715 3666 τοῦ
2744 3633 2802 3667 τε
2848 3611 3032 3685 Λόγου
3078 3615 3174 3666 τοῦ
3232 3615 3365 3665 Θεοῦ
3421 3609 3511 3664 καὶ
3567 3613 3669 3663 τοῦ
3728 3608 3818 3664 λό-

2108 3722 2207 3775 γου
2258 3705 2355 3756 τοῦ
2412 3700 2647 3774 κόσμου,
2689 3703 2781 3756 καὶ
2836 3706 2945 3757 τῶν
2991 3702 3194 3758 τέκνων
3252 3705 3345 3757 τοῦ
3400 3703 3536 3755 Θεοῦ
3584 3699 3817 3754 καὶτῶν

2108 3788 2310 3844 τὲκνων
2378 3794 2473 3844 τοῦ
2538 3791 2773 3862 κόσμου.
2838 3792 3098 3845 ’Ἑκαστον
3184 3790 3287 3865 γάρ
3373 3792 3617 3865 γέννημα
3700 3792 3819 3848 τοῖς

2113 3877 2276 3941 ἰδίοις
2306 3876 2447 3935 ἔοικε
2485 3885 2751 3955 γονεῦσιν,
2787 3882 2850 3936 Εἴ
2881 3880 2969 3935 οῦν
3020 3881 3241 3950 θελήσει
3295 3879 3359 3934 τὸ
3416 3882 3517 3933 τοῦ
3568 3879 3817 3950 Πνεύμαο

2111 3990 2203 4031 τος
2272 3971 2519 4045 γέννημα
2585 3967 2861 4025 ἐπιδοῦναι
2929 3970 3113 4025 ἑαυτὸν
3184 3969 3260 4031 είς
3328 3968 3419 4023 τὸν
3481 3965 3654 4041 λόγου
3720 3971 3816 4022 τοῦ

2111 4060 2345 4131 κόσμου,
2405 4059 2495 4115 καὶ
2552 4060 2619 4113 τά
2664 4060 2956 4134 πράγματα
3010 4065 3111 4127 τῆς
3168 4066 3292 4135 γῆς,
3352 4058 3441 4111 καὶ
3500 4058 3602 4125 τήν
3660 4053 3814 4126 δόξαν

2109 4154 2207 4204 τοῦ
2255 4149 2452 4210 αἰῶνος
2499 4150 2713 4218 τούτου,
2765 4151 3082 4204 θανατοῦται
3128 4150 3218 4202 καὶ
3290 4144 3623 4212 ἀπόλλυται,
3692 4145 3818 4199 ἀνά-

2112 4260 2305 4295 παυσιν
2351 4238 2619 4309 ἀληθινὴν
2678 4244 2825 4308 ζωῆς
2879 4240 3050 4313 εύρεῖν
3113 4239 3190 4311 μὴ
3241 4236 3555 4309 δυνάμενον.
3590 4241 3654 4291 Ἣ
3714 4236 3818 4311 γάρ

2112 4328 2405 4391 ἀνάπαυσις
2470 4327 2634 4383 αὐτοῦ
2701 4327 2811 4382 ἐκεῖ
2874 4327 3040 4395 ἐστιν,
3134 4328 3250 4382 ὅθεν
3339 4326 3431 4381 καὶ
3534 4324 3818 4401 ἐγεννήθη.

2114 4416 2483 4489 Συμπνίγεται
2541 4416 2670 4493 γὰρ,
2735 4414 2810 4477 ὥς
2869 4438 3031 4491 φησιν
3094 4418 3120 4471 6
3185 4416 3404 4490 Κύριος,
3432 4414 3524 4469 καὶ
3573 4412 3818 4488 ἄκαρπος

2112 4506 2315 4582 γίνεται
2373 4506 2479 4561 ἀπὸ
2534 4510 2632 4561 τοῦ
2691 4507 2866 4580 Λόγου
2910 4510 3007 4561 τοῦ
3056 4511 3189 4561 Θεοῦ
3239 4506 3266 4560 6
3320 4505 3607 4579 βιωτικαῖς
3646 4518 3820 4582 φρον-

298 4598 611 4664 detinetur,
644 4596 751 4653 hoc
784 4602 873 4651 est
904 4596 1079 4652 homo
1110 4597 1464 4668 mundanus,
1498 4599 1546 4654 si
1576 4598 1717 4655 velit
1750 4600 1996 4655 Verbum

2116 4596 2218 4651 τίσι
2268 4595 2654 4670 συνεχόμενος,
2714 4596 2805 4650 καὶ
2870 4597 3087 4670 γηῗνοις
3147 4592 3369 4667 δεσμοῖς
3419 4591 3816 4666 δεσμούμενος.

298 4688 397 4745 Dei
445 4688 667 4755 audire,
716 4686 1052 4754 suffocatur,
1104 4695 1157 4742 et
1204 4687 1361 4743 velut
1438 4689 1730 4762 quispiam
1795 4707 1997 4761 expers

298 4779 535 4835 rationis
600 4776 999 4835 constituitur.
1093 4777 1420 4835 Assuelacti
1504 4779 1662 4835 enim
1714 4778 1993 4836 vitiorum

296 4866 608 4934 illecebris,
662 4866 761 4922 ubi
812 4866 881 4921 de
944 4865 1059 4922 Deo
1113 4866 1252 4938 quid
1330 4866 1645 4932 audierint,
1714 4872 1997 4939 tanquam

296 4956 492 5013 minus
553 4956 717 5012 suavi
781 4972 1046 5013 sermone
1112 4955 1353 5023 turbati,
1423 4956 1606 5012 animi
1655 4956 1825 5013 taedio
1873 4957 1997 5013 affi-

294 5046 554 5105 ciuntur.

373 5226 529 5282 ΙΔΘ
559 5224 630 5279 ΙΙ.
674 5224 764 5280 Ait
816 5240 1047 5297 quoque
1101 5222 1318 5280 Paulus
1357 5222 1635 5280 Animalis
1681 5224 1838 5281 homo
1884 5241 1999 5280 non

294 5315 525 5385 percipit
566 5329 629 5369 ea
658 5329 776 5384 qum
802 5318 933 5369 sunt
962 5313 1221 5384 Spiritus,
1253 5311 1496 5368 stultitia
1523 5315 1672 5368 enim
1703 5316 1778 5368 est
1814 5313 1903 5367 illi
1929 5312 1995 5369 ⁸⁸.

296 5406 365 5459 Et
422 5402 707 5474 propheta
766 5403 996 5473 inquit:
1080 5404 1274 5457 Factus
1340 5411 1419 5457 est
1474 5402 1585 5458 illis
1640 5418 1816 5458 sermo
1880 5403 1995 5469 Dei,

293 5494 460 5565 quasi
498 5494 749 5548 vomitus.
800 5492 999 5563 Vides,
1036 5494 1227 5550 vivere
1274 5492 1414 5549 alibi
1447 5509 1561 5548 non
1593 5492 1788 5565 licere,
1819 5509 1995 5564 quam

362 5680 405 5714 ³⁸
437 5681 457 5735 Ι
490 5677 617 5735 Cor.
652 5693 717 5749 ιι,
753 5679 836 5734 14.

2107 4683 2379 4747 Ὡσαύτως
2451 4684 2479 4737 6
2539 4688 2771 4757 σαρκικῇ
2840 4684 3151 4758 προαιρέσει
3216 4682 3617 4756 κατεχόμενος,
3664 4701 3820 4735 τουτο

2108 4771 2249 4829 ἐστιν
2315 4772 2597 4849 ἄνθρωπος
2652 4771 2727 4827 ὢν
2780 4772 3011 4845 κόσμου,
3063 4771 3149 4827 ἐάν
3200 4770 3403 4844 θελήσῃ
3455 4770 3553 4824 τοῦ
3632 4770 3816 4844 Λόγου

2108 4865 2332 4919 ἀκοῦσαι
2402 4867 2499 4919 τοῦ
2568 4869 2723 4936 Θεοῦ,
2784 4866 3170 4938 συμπνίγεται,
3229 4863 3320 4917 καὶ
3374 4859 3555 4935 ὥσπερ
3634 4858 3816 4935 ἆλόγιο

2108 4954 2231 5015 στός
2267 4974 2350 5016 τις
2380 4953 2692 5009 καθίσταται
2726 4969 2739 4984 ⁸
2792 4952 3085 5014 ἐθισθέντες
3132 4954 3231 5026 γάρ
3289 4956 3407 5012 ταῖς
3465 4957 3567 5020 τῆς
3623 4949 3815 5011 κακίας

2106 5042 2357 5106 ἀπάταις,
2392 5042 2592 5099 ὁπόταν
2623 5042 2745 5116 περὶ
2777 5046 2909 5097 Θεοῦ
2940 5041 3264 5113 ἀκούσωσιν,
3298 5040 3371 5102 ὡς
3404 5037 3565 5109 ἀηδεῖ
3614 5037 3817 5113 ὁμιλίᾳ

2106 5132 2601 5207 περιοχλούμενοι,
2630 5132 2724 5187 τὸν
2753 5135 2875 5187 νοῦν
2910 5128 3249 5201 ἀηδίζονται.

2179 5222 2255 5289 Β’,
2288 5220 2432 5291 Φησὶ
2467 5218 2522 5276 δὲ
2568 5221 2657 5276 καὶ
2716 5221 2744 5275 6
2791 5217 3030 5281 Παῦλος.
3091 5220 3345 5293 Ψυχικὸς
3395 5216 3453 5272 δὲ
3524 5215 3817 5292 ἄνθρωπος

2106 5310 2171 5365 ού
2241 5307 2459 5389 δέχεται
2524 5312 2591 5365 τὰ
2655 5314 2752 5365 τοῦ
2819 5311 3135 5383 Πνεύματος
3172 5328 3184 5342 ·
3257 5308 3438 5383 μωρία
3500 5308 3605 5382 γὰρ
3667 5308 3814 5380 αύτῷ

2104 5400 2259 5456 ἐστι’
2320 5401 2410 5456 καὶ
2464 5402 2491 5456 6
2546 5403 2836 5477 προφήτης
2891 5400 3057 5477 λέγει,
3106 5398 3348 5475 Ἐγένετο
3401 5396 3585 5458 αὐτοῖς
3627 5398 3656 5451 ὁ
3713 5394 3811 5451 λό-

2102 5511 2200 5568 γος
2257 5496 2354 5548 τοῦ
2408 5495 2542 5549 Θεοῦ
2600 5491 2675 5555 ὡς
2733 5489 2947 5566 ἔμετος.
3007 5495 3186 5565 Ὁρᾷς,
3236 5488 3320 5544 ὅτι
3378 5492 3475 5561 ζῇν
3546 5485 3809 5566 ἀλλαχοῦ
