4116 6210
315 324 434 388 793

1576 322 1958 388 HOMILMS.
2002 359 2076 370 ——
2122 318 2314 389 HOM.
2363 323 2568 389 XLVI.

3719 327 3835 392 794

309 463 414 518 οὐκ
459 459 758 537 ἐνδέχεται,
825 458 872 515 εί
942 461 1020 534 μή
1086 462 1205 516 καθ’
1272 461 1334 516 ὅν
1398 454 1622 524 ἕκαστος
1689 461 2006 536 γεγέννηται

2144 480 2191 520 ιε
2243 479 2358 535 qua
2403 461 2655 534 quisque
2701 466 2875 520 natus
2923 468 3030 530 est,
3064 463 3304 521 ratione.
3328 463 3476 528 Quin
3515 465 3688 522 etiam
3719 467 3814 523 ali-

312 550 503 626 λόγον.
560 551 667 607 Καὶ
718 548 913 624 ἑτέρως
959 547 1016 604 δὲ
1074 548 1361 606 ἀκουστέον
1415 550 1540 625 περὶ
1605 549 1825 608 τούτου.
1885 552 2010 608 Ἐἀν

308 638 486 714 ἔπιδῷ
542 641 725 696 ἱαυτὸν
785 639 860 703 εἷς
921 635 1239 714 μεταϐολήν
1293 639 1470 697 ἐλθεῖν
1529 643 1558 696 6
1616 642 1868 717 σαρκικὸς
1916 639 2017 696 ἅν-

310 733 555 806 θρωπος,
611 732 940 804 ἀποθνήσκει
1014 732 1280 808 πρότερον
1359 730 1580 802 ἰκεῖθεν,
1628 733 1720 787 καὶ
1776 729 2016 806 ἄκαρπος

305 821 515 896 γίνεται
573 819 678 876 ἀπὸ
739 828 840 892 τῆς
901 823 1168 897 προτέρας
1222 820 1431 893 ἐκείνης
1507 820 1562 877 ἐν
1635 824 1704 896 τῇ
1780 821 2017 895 πονηρίᾳ⁵

312 915 478 982 ζωῆς.
537 913 739 987 Ὥσπερ
800 909 857 967 δὲ
921 911 974 967 εἴ
1011 933 1094 975 τις
1123 913 1269 986 νόσῳ
1307 912 1340 982 ἢ
1373 916 1591 987 πυρετῷ
1619 911 1936 986 κατέχεται,
1969 911 2018 966 εἴ

308 1000 399 1056 καὶ
454 1001 518 1056 τὸ
579 1005 741 1075 σῶμα
800 1000 888 1056 ἐπὶ
943 1008 1046 1071 τῆς
1101 1001 1297 1073 κλίνης
1351 999 1619 1077 ἕρῥιπται,
1665 999 1834 1074 μηδὲν
1864 998 2017 1055 δυνά·

315 1111 472 1165 μενον
524 1087 914 1166 διαπράξασθαι
971 1096 1080 1147 τῶν
1137 1097 1237 1161 τῆς
1293 1098 1400 1169 γῆς
1454 1087 1654 1168 ἓργων,
1684 1091 1774 1146 καὶ
1833 1092 2017 1154 ὁνοῦς

314 1183 428 1257 οὐχ
480 1182 772 1256 ἡσυχάζει,
859 1180 1278 1256 περισπώμενος
1361 1182 1452 1236 καὶ
1532 1185 1809 1256 μεριμνῶν
1890 1181 2013 1255 περὶ

312 1269 590 1348 ἐργασίας,
618 1270 710 1326 καὶ
748 1271 840 1325 τὸν
897 1271 1080 1345 ἰατρὸν
1140 1269 1406 1341 ἐπιζητεῖ,
1477 1269 1833 1327 ἀποστέλλων
1880 1270 2016 1346 πρὸς

315 1359 477 1415 αὐτὸν
532 1361 663 1423 τοὺς
709 1357 907 1438 φίλους
962 1359 1128 1415 αὐτοῦ
1160 1378 1174 1393 ⁶
1208 1359 1302 1415 τὸν
1371 1360 1532 1416 αὐτὸν
1589 1359 1792 1436 τρόπον
1840 1359 1932 1414 καὶ
1979 1359 2014 1428 ἡ

315 1450 473 1525 ψυχὴ
506 1449 612 1504 ἀπὸ
657 1456 758 1519 τῆς
814 1445 1170 1525 παραϐάσεως
1215 1455 1317 1519 τῆς
1365 1448 1614 1518 ἐντολῆς,
1667 1449 1718 1503 ἐν
1771 1449 2019 1520 ἀσθενείᾳ

314 1545 422 1596 τῶν
481 1540 669 1595 παθῶν
736 1543 1010 1615 γεγονυῖα,
1066 1540 1155 1595 καὶ
1214 1537 1408 1604 ἄτονος
1461 1544 1786 1609 καταστᾶσα,
1843 1558 2018 1613 προσ-

317 1628 597 1707 ερχομένη
677 1633 757 1701 τῷ
817 1628 1022 1702 Κυρίῳ,
1079 1627 1172 1685 καὶ
1243 1629 1588 1699 πιστεύουσα,
1646 1635 1746 1698 τῆς
1805 1627 2022 1698 ἀντιλή-

317 1723 463 1793 ψεως
520 1719 692 1775 αὑτοῦ
735 1717 1016 1798 τυγχάνει,
1066 1718 1157 1774 καὶ
1205 1717 1548 1794 ἀρνησαμένη
1595 1719 1694 1787 τήν
1754 1717 2016 1794 προτέραν

315 1810 579 1880 κακίστην
632 1807 801 1878 ζωήν,
851 1807 896 1861 εἰ
952 1809 1043 1863 καὶ
1099 1806 1152 1863 ἒν
1197 1812 1266 1882 τῇ
1319 1805 1527 1879 παλαιᾷ
1570 1807 1806 1879 ἀσθενείᾳ
1851 1808 2018 1863 κατά-

318 1919 513 1962 κειται,
577 1898 652 1971 μὴ
715 1894 988 1972 δυναμένη
1046 1897 1115 1952 τά
1169 1895 1300 1975 ἔργα
1359 1904 1461 1967 τῆς
1503 1903 1652 1968 ζωῆς
1681 1897 1734 1953 tv
1790 1896 2024 1968 ἀληθείᾳ

321 1986 732 2062 διαπράξασθαι,
792 1986 919 2043 ἀλλ’
977 1988 1130 2061 ὅμως
1195 1988 1258 2042 τὸ
1317 1994 1648 2062 μεριμνῆσαι
1723 1988 1846 2062 περὶ
1921 1993 2023 2057 τῆς

320 2085 468 2150 ζωῆς
525 2075 804 2150 ἰμπόνως,
843 2078 909 2133 τὸ
963 2075 1221 2148 δεηθῆναι
1271 2081 1368 2133 τοῦ
1408 2078 1630 2151 Κυρίου,
1683 2078 1746 2134 τὸ
1790 2082 2020 2149 ζητῆσαι

316 2170 409 2226 τὸν
441 2166 702 2238 ἀληθινὸν
733 2165 918 2242 ἰατρὸν
949 2165 1067 2246 ἔχει
1093 2167 1182 2222 καὶ
1224 2164 1467 2222 δύναται.

389 2256 464 2316 1".
518 2257 619 2312 Καὶ
673 2255 782 2331 οὐχ
837 2255 912 2319 ὥς
969 2259 1106 2319 τινες
1157 2276 1283 2332 φασι
1341 2252 1853 2318 κακοδιδασκαλίαις
1922 2257 2020 2312 ὑπ-

319 2348 608 2421 αγόμενοι,
674 2345 759 2401 ὅτι
815 2346 1054 2415 καθάπαξ
1119 2345 1378 2400 ἀπέθανεν
1438 2346 1466 2401 6
1547 2348 1855 2420 ἄνθρωπος.
1927 2345 2020 2401 καὶ

321 2437 471 2500 ὅλως
501 2439 562 2494 οὖ
604 2435 824 2493 δύναταί
864 2459 916 2492 τι
977 2437 1173 2513 ἀγαθὸν
1217 2435 1592 2510 διαπράξαθαι.
1651 2437 1753 2494 Καὶ
1802 2437 1904 2513 γὰρ
1960 2437 2024 2492 τὸ

327 2529 525 2607 βρέφος
570 2527 668 2583 κᾶν
713 2525 882 2603 μηδὲν
933 2528 1096 2604 ἰσχύῃ
1144 2526 1584 2601 διαπράττεσθαι,
1616 2527 1650 2596 ἢ
1681 2533 1798 2590 τοῖς
1857 2525 2024 2591 ίδίοις

321 2620 480 2675 ποσὶν
536 2616 711 2673 ἐλθεῖν
769 2618 905 2694 πρὸς
972 2618 1069 2687 τὴν
1136 2617 1346 2693 μητέρα
1410 2614 1670 2691 ἀδυνατῇ,
1730 2617 1884 2689 ὅμως
1938 2638 2028 2671 κυ-

322 2709 523 2778 λίεται,
581 2707 671 2763 καὶ
733 2708 856 2783 βοᾷ,
913 2708 1003 2762 καὶ
1067 2706 1246 2762 κλαίει
1307 2705 1599 2778 ἐπιζητοῦν
1657 2707 1756 2777 τὴν
1797 2707 2027 2782 μητέρα.

322 2799 426 2854 Καὶ
480 2797 533 2853 ἐν
598 2797 778 2870 τούτῳ
839 2795 1267 2873 σπλαγχνῐζεται
1323 2799 1359 2868 ἡ
1422 2800 1631 2872 μήτηρ,
1688 2796 1778 2852 καὶ
1845 2797 2028 2872 χαίρει

322 2889 710 2961 ἐπιζητοῦντος
757 2887 926 2957 αὐτὴν
973 2893 1074 2943 τοῦ
1120 2888 1322 2960 νηπίου
1374 2887 1428 2943 ἐν
1475 2889 1629 2958 πόνῳ
1703 2887 1794 2941 καὶ
1859 2908 2028 2962 κραυ-

323 2984 423 3055 γῇ,
473 2980 564 3035 καὶ
624 2976 1013 3042 ἀδυνατοῦντος
1079 2982 1176 3034 τοῦ
1247 2977 1479 3055 βρέφους
1548 2976 1690 3032 ἑλεῖν
1741 2977 1879 3050 πρὸς
1945 2977 2033 3032 αῦ-

322 3071 448 3140 τήν,
489 3071 643 3142 ὅμως
693 3065 782 3123 διὰ
829 3069 928 3137 τὴν
979 3065 1200 3136 πολλὴν
1244 3070 1340 3122 τοῦ
1388 3063 1608 3122 παιδίου
1659 3067 1908 3136 ζήτησιν,
1941 3067 2032 3121 αύ-

323 3161 393 3229 τὴ
426 3161 464 3229 ἡ
522 3160 709 3232 μήτηρ
748 3157 1047 3233 ἀπὲρχέται
1113 3158 1248 3231 πρὸς
1293 3156 1445 3225 αὐτὸ,
1503 3153 1606 3210 ὓπὸ
1646 3162 1748 3225 τῆς
1802 3157 1925 3231 περὶ
1967 3156 2030 3211 τὸ

2122 556 2212 607 ter
2239 552 2310 606 de
2339 551 2450 607 hoc
2507 557 2596 608 est
2651 551 3031 609 audiendum.
3063 553 3122 609 Si
3171 553 3360 608 tradat
3403 568 3469 609 se
3514 553 3707 624 ipsum
3756 557 3827 612 ad

2122 643 2593 714 consequendam
2628 643 3003 699 mutationem
3054 643 3308 699 carnalis
3365 643 3540 701 homo
3591 645 3873 717 moritur,

2124 734 2288 802 prius
2321 733 2461 802 illic,
2492 739 2550 789 et
2578 733 2969 791 infructuosus
2997 734 3247 792 efﬁcitur
3287 735 3466 806 priori
3512 735 3618 804 illi,
3653 751 3832 807 quam

2121 825 2183 880 in
2233 823 2500 895 privitate
2547 824 2828 893 traduxit,
2859 825 2996 882 vita.
3041 826 3546 889 Quemadmodum
3595 841 3733 896 ergo
3781 824 3830 879 si

2121 914 2253 986 quis
2284 913 2484 969 morbo
2514 918 2616 969 aut
2645 914 2790 969 febri
2829 914 3179 981 detineatur,
3222 915 3356 970 licet
3386 915 3446 982 in
3479 914 3674 970 cubile
3703 931 3832 971 cor-
3871 945 3876 950 ε

2124 1020 2230 1074 pus
2277 1003 2602 1075 projectum
2657 1003 2735 1058 sit
2792 1019 2907 1060 non
2964 1003 3158 1059 valens
3208 1004 3484 1075 perﬁcere
3530 1020 3677 1076 opus
3723 1004 3830 1060 ali-

2124 1095 2279 1166 quod
2339 1100 2656 1164 terrenum,
2698 1111 2815 1150 non
2885 1100 3079 1150 tamen
3135 1094 3380 1165 quiescit
3427 1095 3680 1162 animus,
3728 1096 3829 1150 sed

2123 1182 2442 1239 distractus
2498 1189 2556 1239 et
2603 1199 2815 1239 curans
2846 1198 2970 1254 qua
3002 1191 3138 1238 sunt
3167 1183 3513 1255 peragenda,
3541 1183 3833 1239 medicum

2123 1273 2388 1344 requirit,
2422 1273 2620 1328 missis
2651 1273 2721 1328 ad
2743 1287 2878 1328 eum
2909 1272 3115 1328 amicis
3147 1273 3274 1328 suis
3306 1289 3320 1328 :
3363 1273 3560 1328 eodem
3595 1267 3834 1342 quoque

2123 1361 2296 1417 modo
2335 1361 2531 1416 anima
2579 1361 3103 1433 transgressionem
3155 1361 3440 1427 mandati,
3471 1359 3529 1416 in
3579 1360 3833 1415 inﬁrmi-

2123 1455 2302 1505 tatem
2359 1450 2727 1506 aﬁ‘ectionum
2787 1452 3037 1518 redacta,
3091 1457 3143 1505 et
3199 1450 3533 1521 languidior
3589 1449 3831 1518 reddita,

2125 1539 2224 1594 ubi
2253 1539 2558 1595 accesserit
2606 1540 2678 1594 ad
2728 1540 3039 1595 Dominum
3076 1543 3134 1595 et
3175 1539 3508 1600 crediderit,
3543 1538 3830 1596 auxilium

2127 1632 2198 1686 ab
2247 1645 2314 1685 eo
2379 1632 2804 1701 consequitur:
2849 1633 2909 1685 et
2953 1631 3252 1702 abnegans
3321 1631 3574 1701 priorem
3643 1628 3831 1700 pessi-

2131 1736 2277 1776 mam
2315 1721 2514 1788 vitam,
2548 1721 2681 1777 licet
2727 1720 2970 1792 antiqua
3017 1720 3360 1792 agritudine
3399 1719 3732 1789 decumbat,
3774 1723 3833 1776 et

2126 1818 2377 1881 nequeat
2434 1826 2610 1881 opera
2665 1810 2796 1865 vita
2866 1827 2995 1866 vere
3061 1825 3380 1882 peragere:
3442 1808 3830 1865 nihilominus

2129 1915 2352 1968 curare,
2391 1916 2518 1970 quas
2571 1899 2642 1954 ad
2691 1901 2867 1956 vitam
2919 1900 3225 1972 pertinent,
3274 1897 3478 1954 sedulo
3535 1899 3830 1970 deprecari

2131 1990 2462 2058 Dominum,
2493 1992 2550 2045 et
2597 1988 2888 2060 inquirere
2928 2005 3129 2046 verum
3187 1989 3506 2058 medicum,
3548 2003 3610 2044 se
3658 1988 3831 2047 habet

2131 2085 2188 2136 et
2222 2082 2434 2152 potest.

2204 2253 2297 2309 IlI.
2357 2251 2429 2307 Et
2474 2267 2614 2320 non,
2650 2248 2720 2306 sit
2776 2248 2942 2306 aiunt
2987 2248 3228 2321 quidam
3270 2264 3508 2318 pervera
3562 2249 3830 2306 doctrina

2132 2339 2379 2409 seducti,
2414 2355 2653 2411 prorsus
2690 2342 2960 2394 mortuus
2997 2342 3086 2393 est
3122 2337 3320 2404 homo,
3353 2342 3419 2394 ut
3447 2337 3685 2393 omnino
3719 2354 3831 2393 non

2134 2429 2320 2502 possit
2375 2428 2696 2500 quidquam
2745 2425 2880 2484 boni
2933 2442 3226 2500 peragere.
3259 2427 3484 2482 Etenim
3517 2427 3730 2496 infans,
3761 2426 3841 2481 li-

2134 2524 2224 2574 cet
2253 2518 2399 2573 nihil
2432 2517 2617 2589 possit
2674 2517 2969 2590 perﬁcere,
3003 2521 3106 2572 aut
3162 2516 3414 2588 prepriis
3465 2517 3708 2587 pedibus
3751 2533 3843 2571 ac-

2135 2608 2337 2664 cedere
2384 2609 2451 2662 ad
2513 2612 2760 2662 matrem
2820 2612 3059 2676 nequeat
3112 2605 3497 2662 nihilominus
3559 2605 3832 2673 volvitur,

2135 2696 2350 2752 clamat
2379 2705 2432 2751 et
2475 2696 2685 2766 plorat,
2716 2695 3019 2767 inquirens
3062 2699 3344 2762 matrem;
3377 2711 3515 2767 erga
3543 2710 3676 2752 eum
3709 2710 3844 2751 sum

2137 2804 2231 2842 ma
2262 2786 2514 2843 atﬁcitur
2561 2785 2962 2842 misericordia
3019 2790 3224 2852 mater,
3254 2787 3312 2840 et
3368 2785 3585 2857 gaudet
3623 2785 3694 2840 dc
3749 2783 3846 2838 in-

2139 2879 2312 2943 fante,
2346 2883 2637 2947 quaerente
2678 2888 2738 2931 se
2782 2890 2915 2930 cum
2960 2873 3157 2931 labore
3201 2878 3261 2929 et
3306 2872 3595 2940 clamore;
3626 2877 3846 2928 etcum

2139 2983 2251 3021 non
2312 2966 2492 3037 possit
2548 2966 2743 3021 infans
2788 2966 2856 3020 ad
2909 2979 3039 3020 eam
3087 2963 3408 3036 pervenire,
3465 2963 3845 3019 nihilominus

2138 3055 2210 3111 ob
2235 3057 2480 3111 multam
2523 3055 2686 3126 pueri
2718 3053 3179 3126 inquisitionem,
3213 3053 3341 3122 ipsa
3398 3060 3584 3107 mater
3621 3051 3739 3106 abit
3769 3051 3844 3106 ad

2137 3143 2329 3216 illum,
2363 3160 2561 3202 amore
2620 3144 2781 3216 pueri
2823 3149 3009 3213 capta,
3045 3146 3100 3198 et
3149 3141 3543 3213 amplectitur,
3603 3141 3852 3195 circum-

587 3225 807 3325 ἀγάπης
856 3225 1435 3323 ἀίχμαλωλτιζομένη,
1503 3247 1592 3302 καὶ
1656 3225 2025 3321 ἀναλαμῦάνει

2145 3234 2319 3303 fovet,
2345 3239 2522 3306 atque
2575 3233 2924 3288 alimentum
2974 3231 3191 3302 profert
3239 3245 3474 3286 summa
3529 3245 3666 3286 cum
3705 3228 3854 3285 dile-

326 3341 418 3396 καὶ
477 3338 824 3414 περιθάλπει,
881 3338 972 3394 καὶ
1026 3342 1360 3415 τροφοφορεῖ
1414 3337 1466 3392 ἐν
1526 3336 1716 3410 πολλῇ
1795 3341 2025 3412 στοργῇ.

325 3435 499 3486 Τοῦτο
537 3429 627 3484 καὶ
666 3429 695 3484 6
739 3425 1128 3506 φιλάνθρωπος
1172 3428 1302 3489 Οεὸς
1351 3431 1500 3481 ποιεῖ
1554 3425 1644 3481 ἐπὶ
1689 3429 1757 3491 τῇ
1798 3446 2034 3501 προσερο

326 3519 545 3598 χομὲνῃ
595 3519 685 3574 καὶ
734 3518 894 3574 αὐτὸν
932 3516 1270 3591 ὲπιποθούσῃ
1321 3519 1499 3592 ψυχῇ.
1549 3516 1743 3590 Πολλῇ
1787 3513 1842 3572 δὲ
1885 3515 2034 3589 μᾶλ-

329 3610 428 3668 λον
479 3608 638 3670 αὐτὸς
683 3607 860 3682 ἀγάπῃ
905 3606 1204 3688 φερόμενος
1255 3604 1542 3678 ἐνδιαθέτῳ
1588 3607 1678 3661 καὶ
1728 3603 1842 3677 ἰδίᾳ
1887 3625 2032 3681 χρη-

326 3699 554 3769 στότητι
611 3694 880 3753 κολλᾶται
941 3701 1012 3771 τῇ
1088 3692 1301 3767 διανοίᾳ
1373 3695 1564 3764 αὑτῆς,
1636 3695 1727 3750 καὶ
1799 3694 2036 3770 γίγνεναι

329 3790 448 3862 μετ’
515 3786 685 3855 αὐτῆς
753 3785 827 3848 εἷς
881 3783 938 3840 ’ὲν
1005 3788 1240 3858 πνεῦμα,
1307 3784 1448 3839 κατά
1511 3785 1604 3838 τὸν
1672 3782 2038 3839 ἂποστολικὸν

328 3878 514 3951 λόγον.
578 3879 689 3941 Τῆς
757 3873 862 3950 γάρ
902 3877 1089 3951 ψυχῆς
1138 3872 1502 3946 κολλωμὲνης
1553 3877 1634 3944 τῷ
1690 3871 1892 3946 Κυρίῳ,
1946 3873 2035 3927 καὶ

325 3970 425 4021 τοῦ
500 3965 706 4037 Κυρίου
783 3962 1086 4031 ἐλεοῦντος,
1144 3960 1234 4016 καὶ
1316 3962 1660 4037 ἀγαπῶντος,
1731 3959 2038 4035 ἐρχομένου

325 4077 386 4111 τε
425 4055 562 4129 πρὸς
609 4053 796 4124 αὐτὴν,
855 4053 945 4108 καὶ
998 4049 1361 4125 κολλωμένου
1404 4050 1564 4124 αὐτῇ.
1623 4050 1712 4104 καὶ
1759 4057 1860 4118 τῆς
1920 4047 2035 4105 δια-

325 4145 479 4206 νοίας
548 4143 742 4199 λοιπὸν
808 4140 1226 4217 παραμενούσης
1291 4137 1658 4202 ἀδιαλείπτως
1722 4143 1784 4194 τὸ
1851 4138 2040 4214 χάριτι

327 4239 428 4290 τοῦ
469 4233 694 4310 Κυρίου,
743 4231 820 4293 εἷς
863 4225 917 4287 ἔν
957 4235 1192 4304 πνεῦμα,
1241 4230 1331 4286 καὶ
1382 4230 1460 4292 εἷς
1514 4231 1642 4303 μίαν
1691 4235 1900 4304 κρᾶσιν,
1947 4229 2038 4283 καὶ

330 4325 408 4384 εἰς
445 4324 571 4396 μίαν
622 4320 863 4378 διάνοιαν
922 4321 1193 4397 γίγνονται
1253 4323 1288 4390 ἡ
1345 4320 1499 4393 ψυχὴ
1557 4319 1647 4374 καὶ
1701 4319 1730 4373 6
1791 4318 1988 4394 Κύριος
2023 4340 2038 4354 ο

330 4414 423 4470 καὶ
480 4415 543 4468 τὸ
591 4416 752 4486 σῶμα
804 4411 975 4480 αὐτῆς
1024 4409 1331 4486 ὲῤῥίπτεται
1371 4407 1424 4463 ἐν
1470 4411 1539 4483 τῇ
1589 4412 1686 4485 γῇ,
1735 4409 1822 4463 καὶ
1855 4411 1889 4477 ἡ
1923 4405 2040 4462 διά.

327 4524 455 4558 vota
505 4501 676 4570 αὐτῆς
731 4497 933 4572 suis
986 4497 1121 4554 δλου
1178 4503 1246 4573 τῇ
1301 4496 1606 4571 ἐπουρανίῳ
1677 4495 2044 4572 Ἰερουσαλήμ

2145 3325 2381 3382 ctione:
2415 3325 2523 3381 hoc
2569 3325 2763 3396 ipsum
2823 3322 3113 3394 benignus
3171 3337 3405 3394 quoque
3453 3322 3605 3375 Deus
3629 3319 3765 3376 facit
3794 3320 3854 3375 in

2147 3416 2345 3472 anima
2373 3415 2443 3470 ad
2474 3429 2608 3470 eum
2641 3413 2968 3480 accedente,
3001 3417 3059 3468 et
3088 3411 3217 3482 ejus
3251 3410 3538 3466 desiderio
3570 3411 3804 3465 detenta
3836 3424 3851 3464 :

2146 3506 2315 3578 longe
2371 3521 2503 3563 vero
2559 3505 2770 3576 majori
2825 3503 2952 3575 ipse
3009 3501 3122 3559 sibi
3179 3501 3361 3556 insita
3417 3500 3746 3568 dilectione,
3795 3502 3852 3554 et

2149 3595 2382 3668 propria
2438 3594 2791 3668 benignitate
2838 3593 3069 3661 doctus,
3127 3589 3472 3646 adhaerescit
3533 3586 3857 3644 intellectui

2146 3686 2294 3756 ejus,
2327 3693 2381 3740 el
2411 3683 2603 3739 evadit
2647 3699 2778 3738 cum
2811 3680 2908 3736 illa
2951 3681 3012 3736 in
3058 3696 3235 3735 unum
3280 3677 3542 3750 spiritum
3586 3678 3651 3748 ⁸³,
3677 3677 3848 3748 juxta

2148 3789 2480 3831 sermonem
2539 3772 2945 3844 apostolicum.
2977 3770 3038 3826 Si
3090 3769 3248 3825 enim
3305 3769 3596 3824 adhereat
3652 3767 3849 3822 anima

2147 3862 2419 3929 Domino,
2443 3866 2501 3918 et
2532 3860 2819 3916 Dominus
2850 3857 3250 3913 misericordia
3267 3866 3318 3912 et
3342 3856 3620 3910 charilate
3655 3859 3847 3910 motus

2147 3952 2381 4008 accedat
2428 3953 2498 4006 ad
2548 3965 2700 4013 eam,
2747 3953 2807 4004 et
2847 3948 3127 4019 jungatur
3167 3946 3243 4014 ei,
3291 3949 3467 4016 atque
3517 3943 3851 4000 intellectus

2146 4043 2382 4098 tandem
2435 4041 2774 4113 permaneat
2810 4036 3203 4092 indesinenter
3258 4035 3318 4090 in
3367 4033 3556 4106 gratia
3605 4032 3849 4100 Domini,

2149 4131 2206 4186 in
2266 4145 2448 4185 unum
2497 4127 2796 4198 spiritum,
2846 4129 2904 4180 et
2950 4125 3010 4179 in
3067 4139 3252 4179 unum
3302 4125 3852 4193 temperamentum,

2149 4221 2292 4278 etin
2352 4236 2535 4276 unum
2592 4216 2952 4274 intellectum
3009 4215 3263 4271 evadunt
3310 4213 3509 4269 anima
3563 4219 3618 4268 et
3666 4212 3858 4266 Domi-

2149 4328 2262 4369 nus
2297 4327 2311 4366 :
2345 4315 2520 4381 atque
2562 4324 2772 4379 corpus
2801 4307 2930 4378 ejus
2975 4307 3035 4361 in
3071 4312 3284 4361 terram
3333 4303 3655 4375 projicitur,
3689 4318 3854 4358 mens

2149 4416 2284 4457 vero
2333 4405 2452 4455 tota
2497 4397 2666 4470 plane
2710 4396 2770 4451 in
2821 4394 3008 4451 caslesi
3067 4393 3396 4450 Jerusalem
3446 4397 3730 4457 versatur,
3781 4391 3853 4446 ad

2151 4490 2388 4545 tertium
2445 4487 2655 4543 coelum
2705 4501 2894 4558 usque
2938 4484 3278 4550 ascendens,
3319 4487 3497 4554 atque
3543 4480 3855 4551 conjuncta

328 4592 698 4660 πολιτεύεται,
775 4587 882 4652 ἓως
959 4588 1145 4663 τρίτου
1205 4589 1440 4664 οὐρανοῦ
1517 4586 1886 4662 ἀνερχομένη,
1953 4590 2025 4642 κα

2153 4579 2423 4646 Domino,
2454 4578 2574 4635 illic
2596 4577 2896 4634 ministrat
2925 4575 2998 4633 ei.

329 4681 669 4754 κολλωμὲνη
700 4683 782 4752 τῷ
819 4677 1024 4754 Κυρίῳ,
1051 4679 1206 4733 κάκεῖ
1227 4674 1553 4732 διακονοῦσα
1582 4676 1748 4748 αὐτῷ.

406 4773 480 4829 Δ’.
532 4769 632 4826 Καὶ
683 4767 844 4833 αὐτὸς
897 4767 950 4823 ἐν
999 4771 1080 4840 τῷ
1129 4765 1306 4842 θρόνῳ
1364 4769 1465 4839 τῇς
1532 4763 1922 4841 μεγαλωσύνης
1989 4764 2040 4820 ἐν

337 4859 586 4936 ὑψηλοῖς
623 4857 1004 4932 καθεζόμενος,
1039 4855 1165 4930 ἐντῇ
1196 4853 1502 4930 ἐπουρανίῳ
1532 4852 1714 4927 πόλει,
1747 4853 1877 4916 ὅλος
1905 4854 2042 4929 πρὸς

332 4947 504 5019 αὒτὴν
557 4947 610 5002 ἦν
653 4951 736 5019 τῷ
781 4945 995 5020 σώματι
1043 4943 1212 5013 αὐτῆς
1263 4942 1395 5001 ἐστι.
1431 4944 1536 5012 Τὴν
1597 4943 1696 5016 μὲν
1738 4943 1840 5018 γὰρ
1870 4942 2041 5013 αὐτῆς

335 5037 515 5095 εθκόνα
529 5036 764 5092 τέθεικεν
788 5033 896 5090 ἅνω
927 5034 980 5089 ἐν
1009 5038 1078 5108 τῇ
1101 5033 1410 5109 ἐπουρανίῳ
1430 5031 1592 5088 πόλει
1623 5033 1728 5088 τῶν
1756 5031 1926 5107 ἁγίων
1948 5033 2044 5090 Ἰε-

336 5125 638 5203 ρουσαλήμ
666 5143 682 5158 ⁶
713 5125 814 5194 τήν
845 5121 902 5179 δὲ
952 5120 1097 5178 ΐδίαν
1128 5123 1308 5178 εἰκόνα
1337 5126 1433 5178 τοῦ
1464 5120 1704 5198 ἀῤῥήτου
1735 5123 1912 5198 φωτὸς
1943 5128 2041 5186 τῆς

335 5217 599 5287 θεότητος
649 5213 812 5270 αὐτοῦ
862 5215 1096 5270 τέθεικεν
1151 5212 1204 5268 ἰν
1253 5216 1334 5285 τῷ
1379 5211 1592 5284 σώματι
1643 5210 1831 5280 αὐτῆς.
1873 5211 2042 5274 Αὐτὸς

341 5307 480 5380 αὑτῇ
511 5302 754 5360 διακονεῖ
790 5303 842 5358 ἐν
882 5307 951 5378 τῇ
982 5307 1080 5358 τοῦ
1125 5303 1376 5374 σώματος
1408 5299 1606 5356 πόλει·
1637 5301 1860 5370 κάκείνη
1896 5298 2041 5373 αἱ)τῷ

343 5390 580 5447 διακονεῖ
627 5391 681 5445 ἐν
723 5394 794 5465 τῇ
841 5387 1148 5464 ἰπουρανίῳ
1203 5384 1386 5444 πόλει.
1436 5387 1585 5457 Δύτή
1661 5384 1819 5440 αὐτὸν
1871 5384 2038 5457 ἐκλη-

343 5481 646 5560 ρονόμησεν
727 5478 780 5534 ἐν
863 5477 1137 5553 οὐρανοῖς,
1199 5477 1290 5533 καὶ
1356 5475 1519 5538 αὐτὸς
1593 5472 2037 5549 ἐκληρονόμησεν

415 5656 465 5694 ⁸⁸
503 5657 528 5714 Ι
557 5656 686 5729 Cor,
719 5671 794 5724 tv,
829 5655 917 5711 17.
985 5736 994 5741 -

2224 4760 2314 4817 IV.
2368 4761 2492 4832 Ipse
2535 4773 2668 4815 vero
2717 4757 2775 4812 in
2823 4755 3028 4812 throno
3085 4750 3528 4823 magniﬁcentiae
3574 4748 3634 4805 in
3667 4748 3854 4805 excel-

2151 4852 2234 4908 sis
2265 4849 2580 4916 sedens,in
2625 4846 2844 4905 caelesti
2884 4846 3140 4908 civitate.
3172 4841 3406 4914 penitus
3461 4855 3597 4895 cum
3646 4837 3746 4894 illa
3796 4838 3853 4894 in

2151 4957 2390 5014 corpore
2418 4940 2547 5012 ejus
2576 4943 2706 4995 est:
2739 4936 3031 5008 siquidem
3078 4935 3208 5004 ejus
3264 4929 3577 4999 imaginem
3609 4929 3858 4984 colloca-

2149 5031 2232 5087 vit
2261 5045 2498 5087 sursum
2529 5029 2590 5084 in
2621 5027 2836 5083 caelesti
2861 5024 3084 5080 civitate
3115 5025 3450 5077 sanctorum
3481 5019 3808 5074 Jerusalem
3837 5031 3851 5082 ;

2152 5119 2444 5192 prepriam
2491 5133 2622 5174 vero
2674 5114 2988 5186 imaginem
3038 5110 3278 5168 luminis
3337 5107 3532 5163 arcani
3571 5111 3745 5177 atque
3775 5104 3858 5160 di-

2151 5209 2408 5265 vinitatis
2437 5225 2556 5264 sua
2605 5206 2908 5264 collocavit
2953 5203 3012 5258 in
3054 5215 3295 5272 corpore
3351 5198 3524 5268 ejus:
3560 5195 3684 5266 ipse
3735 5193 3847 5248 mi-

2153 5298 2363 5354 nistrat
2391 5299 2442 5354 ei
2473 5298 2530 5352 in
2555 5298 2786 5353 civitate
2806 5291 3094 5365 corporis:
3128 5289 3228 5344 illa
3271 5303 3400 5343 vero
3445 5287 3496 5342 ei
3549 5283 3848 5340 ministrat

2149 5387 2208 5442 in
2242 5387 2456 5444 caelesti
2507 5387 2754 5442 civitate.
2790 5385 2917 5438 Haec
2967 5379 3128 5435 illius
3175 5377 3572 5433 haereditatem
3619 5375 3742 5430 adit
3792 5373 3850 5429 in

2149 5475 2326 5545 coelo;
2369 5476 2468 5533 ille
2534 5492 2667 5533 vero
2723 5473 2906 5531 cernit
2960 5473 3084 5540 ejus
3125 5468 3525 5525 hereditatem
3569 5465 3629 5522 in
3688 5470 3858 5521 terra.
