4082 6196
250 310 364 377 795

1588 306 1652 365 S.
1701 298 2026 363 MACARII
2075 294 2416 365 ᾸΞΘΫΡΤΙΙ

3656 308 3771 376 796

248 450 536 508 Dominus
585 448 742 504 enim
800 448 1108 503 hereditas
1159 445 1224 499 ﬁt
1268 444 1498 511 animae,
1528 445 1585 498 et
1609 441 1801 496 anima
1842 439 1956 495 bae-

2146 440 2243 508 τήν
2279 437 2367 494 ἐπὶ
2424 447 2545 515 γῆς.
2607 441 2669 498 Ὁ
2726 440 2929 515 Κύριος
2994 444 3097 518 γὰρ
3151 443 3502 520 κληρονομία
3538 446 3775 523 γίγνεται

247 541 463 596 reditas
492 540 559 595 ﬁt
589 537 844 594 Domini.
894 538 948 591 Si
999 536 1215 591 etenim
1269 537 1635 605 peccatorum
1691 530 1751 585 in
1800 536 1957 585 tene-

254 631 373 687 bris
422 632 719 702 agentium
778 628 1110 684 intellectus
1173 636 1223 681 et
1285 642 1452 681 mens
1502 630 1619 681 tam
1682 621 1960 693 procula

252 737 493 793 corpore
544 721 745 775 abesse
787 724 998 790 potest,
1054 735 1121 773 ac
1169 716 1404 787 longius
1443 712 1819 786 peregrinari,
1870 716 1958 765 at—

251 827 361 882 que
419 811 475 863 in
545 810 885 865 remotiores
966 807 1228 878 regiones
1308 804 1595 875 proﬁcisci
1663 806 1958 857 momento

251 898 403 954 horas
437 899 603 967 valet,
636 907 691 952 et
748 912 1147 967 saepenumero
1198 894 1396 949 relicto
1430 895 1484 947 in
1519 898 1670 947 terra
1699 905 1956 961 corpore,

249 1006 413 1045 mens
472 990 530 1045 in
582 988 694 1044 alia
739 989 973 1059 regione
1030 1003 1163 1041 cum
1216 984 1426 1039 dilecto
1475 984 1560 1040 vel
1620 982 1808 1037 amica
1856 997 1960 1035 sua

250 1081 426 1151 degit,
459 1085 518 1135 et
576 1079 695 1133 illic
753 1095 816 1132 se
864 1077 1060 1146 ipsum
1120 1076 1290 1147 quasi
1335 1075 1513 1130 vitam
1564 1073 1773 1143 degere
1828 1087 1968 1126 con-

251 1170 470 1239 spicit:
534 1169 583 1223 si
645 1168 825 1239 igitur
868 1168 1016 1221 147
1072 1164 1391 1237 peccatoris
1452 1162 1647 1218 anima
1695 1166 1780 1217 est
1829 1162 1969 1215 adeo

251 1258 483 1315 subtilis
536 1262 592 1313 et
644 1256 911 1322 volatilis,
945 1260 1012 1311 ut
1062 1272 1228 1311 mens
1273 1255 1402 1325 eius
1445 1269 1559 1309 nou
1595 1252 1967 1323 prohibeatur

252 1366 284 1405 a
318 1348 516 1419 procul
574 1346 798 1402 dissitis
857 1345 1244 1415 locis;multo
1305 1343 1490 1416 magis
1548 1342 1744 1399 anima
1790 1360 1821 1395 a
1852 1358 1964 1412 qua

252 1437 549 1494 sublatum
608 1441 697 1491 est
749 1435 1015 1491 velamen
1073 1435 1448 1490 tenebrarum
1508 1434 1721 1487 virtute
1774 1431 1960 1487 sancti

251 1525 525 1595 Spiritus,
559 1528 613 1577 et
660 1522 974 1577 illuminati
1022 1528 1162 1577 sunt
1207 1519 1627 1576 intellectuales
1647 1519 1774 1589 ejus
1807 1516 1961 1573 oculi

252 1613 475 1668 lumine
532 1610 773 1679 caelesti,
822 1618 880 1667 et
951 1628 1076 1682 quae
1134 1612 1383 1665 liberata
1437 1615 1527 1665 est
1586 1610 1833 1680 perfecte
1889 1608 1960 1662 ab

252 1701 669 1759 afﬂictionibus
718 1701 1013 1764 obscenis,
1059 1704 1123 1754 ut
1172 1699 1390 1754 munda
1440 1697 1719 1753 beneﬁcio
1762 1697 1960 1767 gratiae

2066 530 2165 596 τῆς
2224 532 2430 604 ψυχῆς,
2500 529 2590 584 καὶ
2644 532 2677 599 ἡ
2739 532 2894 609 ψυχὴ
2961 532 3311 607 κληρονομία
3365 535 3604 611 γίγνεται
3682 540 3779 591 τοῦ

2069 620 2293 693 Κύρίου.
2323 620 2387 674 Εἰ
2438 620 2541 695 γὰρ
2589 625 2697 676 τῶν
2749 621 2799 677 ἐν
2848 623 3026 677 σκότει
3084 624 3429 698 ἁμαρτωλῶν
3471 628 3505 695 ἡ
3566 624 3781 682 διάνοια

2068 711 2156 765 καὶ
2198 711 2225 765 6
2275 716 2401 775 νοῦς
2438 715 2693 767 τοσοῦτον
2750 711 2939 787 πόῤῥω
2983 718 3080 769 τοῦ
3148 715 3403 787 σώματος
3473 717 3606 771 εἶναι
3680 716 3782 771 δύδ

2066 822 2239 868 ναται,
2311 801 2399 854 καὶ
2480 802 2689 873 μακρὰν
2748 799 3082 875 ἀποδημεῖν,
3150 804 3239 857 καὶ
3300 804 3375 865 εἷς
3437 806 3778 879 μακροτέρας

2067 887 2330 963 πατρίδας
2388 888 2642 944 ἀπελθεῖν
2703 891 2847 964 ῥοπῇ
2899 890 3045 965 ὥρας
3108 892 3307 967 ἰσχύει,
3366 894 3458 947 καὶ
3506 892 3783 956 πολλάκις

2067 977 2396 1052 ἐρριμμένου
2438 978 2491 1033 ἐν
2541 982 2609 1052 τῇ
2662 983 2732 1053 γῇ
2782 985 2879 1035 τοῦ
2922 982 3197 1053 σώματος,
3237 984 3264 1051 ἦ
3298 979 3511 1037 διάνοια
3540 982 3593 1037 ἐν
3627 983 3785 1057 ἑτέρᾳ

2066 1066 2283 1142 πατρίδι
2328 1069 2463 1143 πρὸς
2509 1069 2601 1123 τὸν
2649 1068 2958 1146 ἀγαπητὸν,
3008 1069 3043 1139 ἢ
3102 1072 3203 1139 τὴν
3263 1070 3550 1146 ἀγαπητὴν
3616 1074 3783 1129 αὐτοῦ

2066 1159 2347 1233 τυγχάνει,
2405 1159 2559 1213 κάκεῖ
2606 1159 2794 1214 ἑαυτὸν
2841 1160 2913 1221 ὡς
2973 1158 3331 1232 διαιτώμενον
3390 1163 3598 1237 καθορᾷ
3651 1178 3666 1193 ⁸
3734 1162 3785 1217 εἲ

2069 1245 2159 1302 οὖν
2204 1250 2236 1316 ἡ
2279 1252 2374 1301 τοῦ
2422 1246 2759 1324 ἁμαρτωλοῦ
2801 1252 2954 1323 ψυχὴ
2999 1250 3143 1304 οὕτω
3183 1248 3395 1325 ἐλαφρά
3441 1272 3501 1306 τε
3547 1252 3638 1306 καὶ
3686 1252 3780 1307 εὖ·

2067 1357 2286 1412 πτερος,
2336 1336 2476 1392 ὥστε
2528 1339 2619 1392 τὸν
2666 1343 2797 1393 νπῦν
2857 1340 3023 1394 αύτοῦ
3094 1341 3168 1411 μή
3232 1338 3621 1412 ἐμποδίζεσθαι
3672 1342 3780 1396 ἀπὸ

2069 1432 2175 1482 τῶν
2223 1425 2501 1502 πόρῥωθεν
2539 1427 2745 1489 τόπων,
2792 1426 2991 1500 πολλῷ
3042 1427 3259 1501 μᾶλλον
3326 1432 3361 1499 ὴ
3426 1432 3637 1504 ψυχῆς,
3712 1434 3782 1501 ἧς

2070 1516 2215 1591 ἤρθη
2264 1516 2325 1570 τὸ
2373 1515 2641 1589 κάλυμμα
2683 1522 2781 1572 τοῦ
2830 1518 3055 1581 σκότους
3091 1519 3192 1573 ὑπὸ
3231 1525 3330 1588 τῆς
3362 1515 3647 1593 δυνάμεως
3677 1524 3778 1575 τοῦ

2073 1608 2384 1679 Πνεύματος
2450 1611 2548 1661 τοῦ
2598 1608 2778 1682 ἁγίου,
2837 1607 2927 1663 καί
3005 1608 3380 1683 ἐφωτίσθησαν
3461 1610 3518 1664 οἱ
3590 1611 3779 1683 νεκροὶ

2071 1694 2347 1772 ὀφθαλμοὶ
2396 1696 2563 1759 αὐτῆς
2612 1692 2702 1750 διὰ
2739 1700 2837 1751 τυῦ
2894 1695 3216 1771 ἐπουρανίου
3266 1698 3467 1776 φωτὸς,
3515 1700 3603 1752 καὶ
3649 1697 3782 1753 ἐλυ-

251 1792 496 1857 reddita,
528 1795 650 1845 tota
689 1789 751 1844 in
809 1789 1026 1858 Spiritu
1062 1790 1119 1844 in
1161 1788 1321 1844 cmlis
1364 1789 1662 1842 ministrat
1697 1785 1959 1853 Domino,

2144 1784 2253 1854 ώθη
2312 1783 2534 1847 τελείως
2599 1785 2706 1839 ἀπὸ
2764 1790 2872 1841 τῶν
2930 1789 3115 1842 παθῶν
3195 1796 3297 1857 τῆς
3363 1787 3607 1860 ἀτιμίας,
3687 1788 3784 1843 καὶ

248 1888 307 1938 et
336 1885 455 1937 tota
480 1880 539 1935 in
572 1895 812 1951 corpore
843 1880 1018 1934 servit
1063 1879 1145 1933 illi
1178 1896 1191 1934 :
1226 1884 1284 1935 et
1328 1878 1389 1933 in
1440 1882 1668 1933 tantum
1701 1875 1966 1930 extendi-

247 1970 683 2038 turintellectu,
712 1973 775 2024 ut
841 1968 965 2039 ipsa
1014 1970 1092 2024 sit
1133 1968 1344 2034 ubivis,
1377 1972 1454 2036 et,
1488 1967 1607 2035 ubi,
1641 1971 1698 2021 et
1726 1965 1964 2036 quando

247 2059 501 2123 libuerit,
535 2057 761 2114 Christo
791 2056 1103 2111 ministret.

274 2346 277 2355 ν
322 2334 385 2386 V.
428 2332 545 2387 Hoc
589 2329 733 2385 dicit
782 2326 1091 2399 Apostolus
1127 2342 1140 2382 :
1186 2327 1251 2383 Ut
1300 2324 1532 2380 valeatis
1579 2323 1797 2393 assequi
1841 2336 1964 2376 cum

248 2425 510 2479 omnibus
567 2421 793 2483 sanctis,
856 2433 982 2489 quae
1025 2419 1096 2471 sit
1143 2415 1398 2479 latitudo,
1468 2420 1519 2469 et
1573 2412 1873 2483 longitudo,
1916 2418 1968 2466 et

242 2512 621 2584 profunditas,
652 2518 704 2565 et
743 2509 1076 2574 sublimitas,
1126 2519 1545 2576 cognoscereque
1585 2505 1964 2569 preeminen-

248 2605 356 2657 tem
387 2598 722 2670 cognitionis
770 2597 1114 2652 dilectionem
1156 2594 1388 2659 Christi,
1420 2598 1483 2646 ut
1531 2592 1879 2660 impleamini
1906 2596 1963 2645 in

247 2707 465 2748 omnem
492 2687 892 2759 plenitudinem
923 2687 1024 2741 Dei
1050 2684 1116 2739 9°.
1152 2682 1559 2753 Contemplare
1598 2697 1807 2737 arcana
1838 2696 1963 2752 my-

247 2781 428 2837 steria
469 2779 697 2846 animai,
727 2795 759 2831 a
804 2793 919 2847 qua
976 2776 1165 2831 aufert
1224 2774 1510 2829 Dominus
1560 2770 1964 2827 incumbentes

251 2871 547 2935 tenebras,
578 2878 631 2924 et
690 2869 903 2924 revelat
941 2882 1092 2933 eam,
1153 2870 1217 2919 ut
1265 2864 1551 2920 revelatur
1607 2862 1698 2930 ei;
1733 2877 1848 2933 qua
1880 2878 1966 2915 ra-

254 2962 412 3017 tione
463 2959 668 3013 dilatet
723 2965 777 3013 et
827 2958 1100 3011 extendat
1150 2953 1511 3026 prudentiam
1568 2954 1782 3007 mentis
1833 2952 1961 3020 ejus

250 3052 313 3107 in
365 3049 723 3114 latitudines,
753 3046 1171 3117 longitudines,
1208 3044 1635 3116 profunditales
1692 3045 1748 3097 et
1778 3040 1962 3096 subli-

248 3143 485 3197 mitates
553 3138 838 3193 universae
868 3135 1111 3191 visibilis
1176 3140 1232 3191 et
1290 3132 1602 3189 invisibilis
1659 3136 1956 3188 creaturae.

244 3234 512 3303 Magnum
564 3244 719 3300 ergo,
761 3232 817 3282 et
866 3226 1130 3281 divinum
1183 3240 1352 3296 Opus,
1408 3228 1467 3277 et
1524 3221 1956 3287 admirandum,

245 3337 445 3377 revera
492 3322 580 3373 est
630 3317 847 3371 anima.
883 3315 1027 3370 Cum
1086 3315 1240 3370 enim
1300 3315 1520 3367 crearet
1561 3310 1746 3379 illam,
1779 3310 1956 3364 talem

245 3408 512 3467 condidit
543 3406 700 3462 Deus
731 3422 883 3473 eam,
917 3409 980 3458 ut
1011 3405 1066 3457 in
1116 3408 1322 3457 natura
1371 3402 1501 3471 ejus
1533 3399 1758 3454 nullum
1800 3398 1957 3453 inse-

246 3503 397 3553 reret
456 3497 683 3561 vitium,
718 3496 818 3550 serl
869 3495 939 3549 ad
992 3492 1307 3563 imaginem
1368 3492 1653 3544 virtutum
1710 3490 1959 3556 Spiritus

244 3584 511 3643 condidit
555 3584 765 3638 illam:
820 3582 1009 3655 posuit
1065 3582 1125 3635 in
1198 3596 1265 3636 ea
1315 3580 1467 3647 leges
1499 3579 1803 3642 virtutum,
1838 3578 1961 3631 dis-

253 3676 589 3740 cretionem,
643 3673 972 3739 scientiam,
1024 3670 1420 3743 prudentiam,
1471 3668 1664 3736 fidem,
1700 3667 1961 3722 dilectio~

250 3782 406 3832 nem,
484 3770 661 3836 atque
726 3772 959 3819 ceteras
1024 3761 1268 3816 virtutes
1324 3760 1392 3814 ad
1464 3758 1778 3830 imaginem
1838 3755 1960 3826 Spi-

249 3854 418 3912 ritus.

316 3945 647 4002 VLAdbuc
704 3943 861 4000 enim
906 3941 993 3999 vel
1043 3957 1198 3998 nunc
1256 3941 1314 3996 in
1374 3939 1639 4008 scientia,
1700 3939 1952 4010 pruden-

246 4037 682 4103 tia,dilectione
732 4037 787 4089 et
844 4033 956 4088 fide
1000 4032 1309 4104 reperitur,
1344 4035 1401 4086 et
1451 4029 1859 4085 manifestatur
1909 4028 1957 4084 ei

245 4128 531 4184 Dominus
567 4143 579 4180 :
614 4124 822 4179 locavit
886 4123 945 4177 in
996 4140 1060 4177 ea
1118 4121 1499 4184 intellectum,
1549 4120 1959 4189 cogitationes,

245 4216 605 4273 voluntatem
656 4230 721 4267 ac
780 4217 1036 4267 mentem
1070 4212 1277 4265 ducem
1311 4210 1665 4281 praecipuum
1701 4225 1714 4264 :
1750 4209 1962 4263 consti-

245 4306 356 4361 tuit
412 4320 645 4375 quoque
701 4302 764 4356 iu
804 4318 867 4357 ea
900 4301 1287 4372 multiplicem
1320 4301 1491 4355 aliam
1525 4298 1916 4354 subtilitatem
1946 4316 1959 4366 ;

251 4392 384 4447 fecit
424 4391 585 4445 illam
649 4387 815 4443 facile
874 4389 1171 4454 mobilem,
1230 4387 1547 4455 volatilem,
1607 4392 1663 4442 et
1720 4388 1967 4442 indefes-

251 4496 400 4539 sam.
434 4479 678 4535 Donavit
703 4476 810 4545 illi,
848 4483 907 4532 ut
940 4478 995 4531 in
1048 4480 1344 4531 momento
1396 4476 1480 4531 ire
1528 4480 1585 4531 et
1621 4475 1809 4531 redire
1840 4493 1965 4548 pos-

251 4570 344 4634 sit,
378 4572 434 4623 et
483 4569 675 4621 mente
708 4564 1042 4620 ministrare
1083 4564 1157 4634 ei,
1191 4569 1363 4635 prout
1393 4564 1644 4634 Spiritus
1684 4564 1956 4631 voluerit,
1991 4550 2036 4615 Ι)

250 4662 425 4729 atque
493 4659 556 4709 ut
604 4652 842 4709 omnino
895 4655 1111 4718 dicam,
1166 4654 1378 4707 creavit
1434 4654 1592 4708 illam
1649 4653 1844 4721 talem,
1899 4658 1961 4708 ut

251 4747 380 4819 ipsa
410 4748 486 4802 sit
516 4762 729 4817 sponsa
760 4749 816 4800 et
863 4745 1019 4801 socia
1061 4744 1211 4815 ejus,
1245 4749 1309 4799 ut
1358 4745 1482 4816 ipse
1523 4760 1657 4800 cum
1691 4744 1791 4800 illa
1818 4760 1961 4799 con-

252 4843 622 4909 temperetur,
663 4844 716 4892 et
783 4853 935 4893 unus
993 4836 1245 4907 Spiritus
1304 4852 1437 4891 cum
1497 4852 1564 4892 eo
1613 4837 1734 4901 ﬁat,
1786 4837 1960 4892 utin-

204 4913 216 4927 ’
254 4928 418 5000 quit:
454 4926 559 4995 Qui
608 4928 863 4984 adhaeret
909 4928 1158 4993 Domino,
1196 4942 1337 4981 unus
1378 4928 1612 4999 spiritus
1651 4934 1729 4983 est
1759 4927 1826 4983 9‘.
1858 4926 1961 4983 Cui

256 5017 442 5091 gloria
472 5017 535 5074 in
564 5018 775 5073 saecula
806 5015 1175 5072 saeculorum.
1208 5022 1417 5073 Amen.

818 5124 1125 5179 HOMILIA
1166 5123 1380 5179 XLVII.

467 5216 774 5289 Explicatio
796 5215 1100 5289 allegorica
1122 5213 1486 5283 quorumdam
1513 5216 1612 5270 sub
1639 5216 1751 5285 lege

955 5288 1255 5356 factorum.

329 5376 373 5431 Ι.
430 5376 623 5433 Gloria
680 5375 877 5443 Musis,
912 5390 1083 5444 quam
1144 5374 1377 5445 gerebat
1446 5374 1503 5429 in
1564 5375 1730 5444 facie,
1788 5380 1961 5448 typus

256 5471 382 5524 erat
442 5482 586 5522 verre
644 5466 863 5539 gloriae.
912 5463 1417 5532 Quemadmodum
1469 5466 1623 5522 enim
1680 5467 1797 5523 illic
1836 5467 1965 5524 fixis

325 5652 375 5688 9°
406 5650 617 5725 Ephes,
652 5667 738 5719 ιιι,
775 5652 859 5708 19.
935 5652 981 5689 ⁹¹
1018 5654 1039 5708 Ι
1069 5652 1197 5710 Cor.
1232 5668 1311 5720 v1,
1340 5651 1427 5708 17.

2073 1871 2282 1946 καθαρά
2339 1869 2427 1926 διὰ
2483 1878 2581 1941 τῆς
2643 1874 2876 1947 χάριτος
2924 1875 3314 1949 κατειργάσθη,
3369 1873 3476 1945 ὅλη
3528 1873 3580 1929 ὲν
3621 1875 3787 1950 οὖρα-

2074 1967 2190 2023 νοῖς
2241 1962 2291 2016 ἐν
2340 1962 2607 2035 πνεύματι
2660 1960 2899 2018 διακονεῖ
2953 1968 3032 2035 τῷ
3076 1965 3284 2039 Κυρίῳ,
3327 1965 3415 2019 καὶ
3463 1963 3569 2034 ὅλη
3612 1964 3665 2020 ὲν
3700 1970 3785 2036 τῷ

2075 2052 2292 2124 σώματι
2330 2049 2570 2105 διακονεῖ
2619 2050 2763 2122 αύτῷ
2799 2071 2810 2083 ⁸
2867 2051 2957 2107 καί
3014 2058 3279 2107 τοσοῦτον
3337 2052 3665 2108 πλατύνεται
3701 2058 3789 2125 τῷ

2074 2143 2403 2214 φρονήματι,
2464 2140 2601 2195 ὥστε
2660 2147 2949 2219 πανταχοῦ
3027 2141 3192 2211 αὐτὴν
3257 2143 3436 2196 εἶναι’
3499 2144 3587 2198 καὶ
3641 2144 3785 2198 ὅπου

2079 2229 2354 2304 βούλεται,
2386 2229 2476 2283 καὶ
2506 2228 2633 2284 ἔνθα
2669 2230 2922 2303 βούλεται
2955 2227 3221 2286 διακονεῖν
3254 2235 3334 2303 τῷ
3364 2236 3601 2306 Χριστῷ.

2147 2323 2223 2377 Ε’.
2269 2320 2436 2376 Τοῦτό
2482 2342 2643 2397 φησιν
2686 2322 2713 2375 6
2774 2320 3128 2385 Ἀπόστολος.
3170 2326 3281 2379 Ἱνα
3336 2323 3654 2399 ἐξισχύσητε
3682 2346 3783 2379 κα-

2072 2407 2330 2466 ταλαϐεῖν
2372 2409 2463 2465 σὺν
2524 2416 2655 2466 πᾶσι
2733 2416 2850 2475 τοῖς
2899 2412 3101 2487 ἁγίοις,
3166 2414 3218 2467 τί
3288 2413 3351 2469 τὸ
3418 2412 3649 2484 πλάτος,
3687 2416 3784 2469 καὶ

2080 2504 2276 2574 μῆκος,
2331 2501 2419 2555 καὶ
2470 2502 2630 2575 ὕψος,
2675 2500 2764 2556 καὶ
2817 2504 3007 2576 βάθος,
3067 2503 3269 2578 γνῶναί
3326 2524 3383 2557 τε
3459 2506 3557 2573 τὴν
3626 2505 3787 2578 ὑπερ-

2076 2586 2387 2646 ϐάλλουσαν
2471 2593 2571 2659 τῆς
2664 2590 2912 2667 γνώσεως
3018 2591 3234 2666 ἀγάπην
3319 2597 3417 2649 τοῦ
3518 2595 3785 2668 Χριστοῦ,

2073 2679 2163 2736 ’ίνα
2228 2681 2562 2755 πληρωθῆτε
2636 2680 2712 2743 εἰς
2778 2686 2881 2735 πᾶν
2942 2683 3003 2736 τὸ
3070 2680 3355 2757 ηλήρωμα
3434 2688 3531 2738 τοῦ
3616 2689 3780 2743 Θεοῦ.

2077 2773 2363 2847 Θεώρησον
2423 2769 2634 2847 ἄῤῥητα
2693 2773 2968 2846 μυστήρια
3025 2776 3203 2846 ψυχῆ,
3243 2774 3309 2843 ἧς
3366 2772 3784 2847 περιαίριιΚύ-

2077 2882 2191 2937 ριος
2246 2861 2308 2916 τὰ
2357 2861 2697 2934 ἐπικείμενον
2752 2863 2962 2933 σκότος,
3014 2863 3104 2917 καὶ
3166 2862 3543 2919 ἀποκαλύπτει
3587 2865 3781 2936 αὐτὴν,

2074 2951 2162 3008 xxi
2222 2949 2663 3006 ἀποκαλύπτεται
2717 2950 2853 3025 αὐτῇ
2890 2970 2901 2982 ⁸
2972 2956 3089 3014 πῶς
3146 2951 3407 3008 πλατύνει
3475 2953 3567 3007 καὶ
3623 2953 3785 3008 τείνει

2072 3042 2141 3096 τὰ
2206 3042 2530 3115 φρονήματα
2580 3044 2677 3095 τοῦ
2732 3041 2857 3102 νοὸς
2935 3041 3125 3111 αὐτῆς,
3195 3042 3271 3103 εἱς
3337 3042 3403 3097 τὰ
3452 3040 3783 3111 πλάτη,καὶ

2079 3134 2254 3205 μήκη,
2306 3131 2392 3185 καὶ
2464 3131 2629 3206 βάθη,
2668 3133 2755 3187 καὶ
2820 3128 2929 3205 ὕψη
2990 3134 3167 3204 πάσης
3236 3134 3435 3206 ὁρατῆς
3495 3134 3581 3189 καὶ
3622 3135 3790 3207 ἀορά-

2070 3242 2168 3276 του
2226 3221 2475 3282 κτίσεως.
2546 3221 2698 3296 Μέγα
2740 3220 2917 3276 τοίνυν
2969 3222 3056 3277 καὶ
3118 3224 3258 3278 θεῖον
3313 3218 3473 3298 ἔργον
3514 3225 3605 3278 καὶ
3652 3226 3788 3277 θαυ-

2075 3310 2275 3384 μαστὸν
2327 3308 2482 3371 ὄντος
2545 3307 2685 3363 ἐστὶν
2733 3312 2768 3378 ἡ
2818 3312 2994 3384 ψυχή.
3031 3312 3117 3367 Ἐν
3166 3312 3269 3386 γὰρ
3318 3315 3399 3383 τῷ
3441 3308 3786 3386 δημιουργῇ-

2074 3422 2160 3455 σαι
2198 3400 2389 3468 αὐτὴν,
2438 3400 2698 3469 τοιαύτην
2756 3397 3012 3470 ἐποίησεν
3076 3401 3105 3455 6
3153 3402 3280 3463 θεὸς
3347 3402 3538 3471 αὐτὴν,
3608 3404 3681 3465 ὡς
3731 3401 3787 3457 ἐν

2070 3495 2139 3564 τῇ
2204 3489 2356 3568 φύσει
2406 3487 2576 3558 αὐτῆς
2649 3492 2724 3563 μὴ
2767 3488 2989 3545 ἐνθεῖναι
3051 3493 3265 3562 κακίαν,
3326 3490 3473 3547 ἀλλά
3509 3493 3646 3546 κατά
3680 3496 3791 3562 τήν

2073 3580 2253 3636 εἰκόνα
2300 3584 2407 3635 τῶν
2458 3580 2663 3654 ἀρετῶν
2730 3586 2828 3636 τοῦ
2888 3583 3201 3655 Πνεύματος
3268 3580 3521 3652 ἐποίησεν
3587 3582 3789 3653 αὐτήν.

2070 3672 2298 3739 Ἐθηκεν
2361 3670 2435 3731 εἰς
2487 3671 2658 3738 αὐτὴν
2726 3670 2928 3743 νόμους
2986 3672 3216 3745 ἀρετῶν,
3284 3669 3573 3746 διάκρισιν,
3646 3678 3792 3747 γνῶ-

2072 3781 2178 3830 σιν,
2229 3761 2511 3837 φρόνησιν,
2566 3760 2767 3829 πίστιν,
2815 3761 3052 3835 ἀγάπην,
3099 3763 3189 3817 καὶ
3244 3763 3341 3827 τὶς
3400 3762 3596 3826 λοιπας
3667 3765 3793 3838 ἀρε-

2068 3852 2164 3913 τὰς
2197 3852 2331 3906 κατά
2357 3852 2457 3918 τὴν
2494 3848 2677 3905 εἰκόνα
2706 3854 2803 3906 τοῦ
2834 3850 3175 3924 Πνεύματος.

2144 3940 2239 4014 ς’.
2273 3940 2495 4015 Ἐτιγὰρ
2534 3940 2621 3993 καὶ
2681 3941 2830 3995 νῦνὲν
2880 3944 2949 4014 τῇ
3000 3941 3214 4013 γνώσει,
3249 3942 3336 3996 καὶ
3381 3944 3656 4018 φρονήσει,
3687 3942 3789 3997 καὶ

2073 4029 2276 4102 ἀγάπη,
2332 4028 2423 4082 καὶ
2493 4030 2670 4084 πίστει
2731 4027 3032 4103 εὑρίσκεται
3089 4030 3180 4085 καὶ
3248 4035 3569 4109 φανεροῦται
3638 4032 3790 4105 αύτῇ

2073 4117 2101 4170 ὁ
2134 4117 2333 4190 Κύριος
2367 4133 2380 4146 ⁸
2411 4112 2601 4185 ἔθηκεν
2657 4117 2732 4178 εἷς
2780 4117 2950 4186 αὐτὴν
3009 4114 3276 4187 διάνοιαν,
3327 4118 3651 4195 λογισμοὺς,
3701 4119 3795 4174 Θέ-

2074 4205 2251 4278 λημα,
2292 4210 2415 4261 νοῦν
2461 4208 2711 4281 ἡγεμόνα
2737 4225 2749 4239 ·
2813 4206 3141 4281 ἐνεθρόνισεν
3182 4207 3234 4264 ἐν
3290 4209 3425 4281 αὐτῇ
3466 4210 3555 4263 καὶ
3597 4207 3793 4281 ἄλλην

2071 4295 2291 4366 πολλήν
2334 4295 2669 4366 λεπτότητα.
2701 4297 2987 4367 Ἐποίησεν
3030 4299 3200 4368 αὐτὴν
3250 4298 3553 4368 εὐκίνητον.
3587 4299 3793 4355 εὔπτε-

2075 4405 2189 4461 ρον,
2242 4385 2445 4441 ἄκοπον
2479 4405 2492 4418 ’
2554 4384 2851 4461 ἐχαρίσατο
2884 4386 3019 4462 αὐτῇ
3050 4388 3110 4443 16
3142 4386 3194 4443 ἒν
3224 4388 3369 4464 ῥοπῇ
3400 4386 3654 4467 ἔρχεσθαι
3685 4393 3794 4446 καὶ

2071 4474 2426 4549 ἀπέρχεσθαι,
2480 4474 2570 4531 καὶ
2615 4479 2734 4538 τοῖς
2780 4478 3092 4554 φρονήμασι
3141 4474 3409 4533 διακονεῖν
3450 4479 3622 4549 αύτῷ,
3652 4474 3794 4534 ἔνθα

2066 4566 2130 4620 τὸ
2191 4569 2410 4638 Πνεῦμα
2473 4564 2750 4639 βούλεται,
2808 4567 2897 4620 καὶ
2957 4566 3289 4637 ἁπαξαπλῶς
3344 4562 3551 4624 ἔκτισεν
3604 4568 3787 4639 αὐτὴν

2067 4655 2350 4724 τοίαύτην,
2411 4653 2549 4709 ὥστε
2603 4654 2847 4729 γενέσθαι
2908 4657 2983 4719 εἰς
3037 4659 3252 4735 νύμφην
3310 4659 3400 4712 καὶ
3452 4661 3788 4727 κοινωνικὴν

2070 4746 2256 4815 αὐτοῦ,
2321 4750 2419 4800 τοῦ
2483 4745 2642 4801 αὐτὸν
2710 4747 2825 4820 μετ’
2914 4747 3085 4818 αὐτῆς
3175 4752 3485 4822 κεκρᾶσθαι,
3551 4749 3641 4803 καὶ
3726 4748 3791 4804 ἒ]

2071 4840 2292 4909 Πνεῦμα
2326 4841 2437 4908 μετ’
2468 4834 2634 4891 αὐτοῦ
2679 4836 2840 4900 εἶναι,
2899 4838 3079 4899 καθώς
3139 4860 3324 4918 φησιν,
3383 4844 3440 4895 '0
3481 4837 3793 4911 κολλώμε-

2073 4947 2229 5001 μενος
2280 4929 2360 4998 τῷ
2417 4928 2621 5001 Κυρίῳ,
2679 4926 2737 4979 ἓν
2799 4928 3017 5000 Πνεῦμά
3069 4927 3229 4987 ἐστιν.
3287 4930 3353 5008 ᾮ
3410 4932 3445 4999 ἡ
3506 4926 3655 4999 δόξα,
3697 4928 3787 4991 εἷς

2068 5018 2195 5080 τοὺς
2227 5016 2429 5081 αἰῶνας
2469 5023 2577 5074 τῶν
2611 5017 2847 5075 αἰώνων.
2878 5021 3081 5092 Ἀμήν.

2718 5131 2966 5183 ΟΜῙΛΙΑ
3005 5128 3133 5183 MZ'.

2072 5212 2458 5291 Ἀλληγορικὴ
2530 5212 2893 5293 παράφρασις,
2939 5220 3047 5269 τῶν
3123 5216 3225 5270 ὑπὸ
3299 5215 3467 5289 νόμον
3548 5236 3782 5292 γεγενη-

2834 5288 3005 5360 μένων
3016 5331 3029 5344 .

2142 5380 2222 5433 Α’.
2257 5378 2319 5432 Ἥ
2354 5373 2481 5449 δόξα
2511 5376 2750 5439 Μωσέως
2783 5379 2849 5447 ἣν
2911 5377 3059 5452 εἶχεν
3103 5374 3156 5433 ἓν
3185 5380 3265 5448 τῷ
3320 5378 3623 5453 προσώπῳ,
3679 5380 3785 5433 τύ-

2073 5485 2177 5529 πος
2242 5466 2311 5535 ἦν
2367 5472 2469 5537 τῆς
2522 5463 2792 5537 ἀληθινῆς
2853 5463 3037 5538 δόξης.
3098 5468 3192 5522 Ὃν
3236 5467 3349 5542 γαπ
3403 5468 3609 5542 τρόπον
3669 5467 3791 5525 ἐκεῖ
