4082 6196
247 329 362 393 797

1492 333 1874 399 HOMILIIE.
1924 369 2000 405 ,--
2044 333 2232 396 HOM.
2281 331 2518 394 XLVII.

3642 323 3758 396 798

241 461 482 518 ἀτενίσαι
515 461 591 524 εἷς
629 464 692 518 τὸ
737 462 1030 538 πρόσωπον
1073 464 1314 530 Μωσέως
1355 464 1426 522 οὸ
1465 465 1656 543 ἴσχυον
1705 468 1762 524 οἷ’
1811 472 1947 526 Ἰου-

2128 467 2248 523 ιιιΙὶε
2289 463 2502 520 intueri
2547 462 2773 518 vultum
2823 462 3003 518 Mosis
3055 479 3170 520 non
3223 464 3490 521 valebant
3546 465 3756 534 Judi,

242 547 414 620 δαῖοι,
459 554 604 609 οὕτω
631 557 718 608 νῦν
747 553 951 625 ἐκείνην
995 555 1096 625 τὴν
1141 553 1296 626 δόξαν
1353 561 1450 612 τοῦ
1494 559 1672 636 φωτὸς
1723 558 1775 615 ἐν
1825 565 1944 622 ταῖς

240 642 451 714 ψυχαῖς
520 638 772 716 δέχονται
829 643 880 697 οἱ
937 644 1272 718 Χριστιανοὶ,
1330 646 1420 700 καὶ
1470 645 1532 701 τὸ
1613 649 1805 706 σκότος
1867 649 1943 718 μὴ

238 729 404 806 φέρον
461 732 557 799 τήν
637 733 811 805 αὐγήν
884 734 980 788 τοῦ
1039 735 1219 811 φωτὸς
1275 732 1714 814 ἒκτυιρλοόμενον
1771 755 1946 815 φυγαο

239 815 473 878 δεύεται.
523 821 754 876 Ἐκεῖνοι
807 819 887 890 δὲ,
955 821 1041 878 ὅτι
1093 821 1226 886 λαὸς
1258 827 1392 879 Θεοῦ
1430 825 1592 894 ἦσαν,
1624 825 1684 880 ἐκ
1719 832 1819 894 τῆς
1851 845 1946 880 πε-

238 919 478 986 ριτομῆς
526 911 804 992 ἐφαίνοντο
837 933 850 947 ·
909 912 1136 970 ἐνταῦθα
1189 913 1244 970 δὲ
1302 916 1329 971 ὁ
1391 916 1520 978 λαὸς
1573 921 1670 971 τοῦ
1727 920 1860 971 Θεοῦ
1919 915 1948 968 ὁ

235 1002 573 1075 περιούσιος,
629 1004 692 1058 τὸ
743 1010 971 1078 σημεῖον
1021 1012 1122 1074 τῆς
1209 1012 1515 1079 περιτομῆς
1591 1001 1805 1060 ἔνδοθεν
1877 1007 1946 1078 τῇ

238 1089 436 1166 καρδιᾳ
499 1091 664 1148 αὐτοῦ
735 1092 1082 1170 ὑποδέχεται.
1145 1096 1409 1171 Μάχαιρα
1461 1095 1564 1171 γὰρ
1625 1093 1947 1171 ἐπουράνιος

238 1180 484 1254 ἐκτέμνει
541 1184 603 1238 τὸ
653 1186 906 1258 περισσὸν
950 1189 1050 1240 τοῦ
1100 1189 1215 1254 νοῦ,
1263 1185 1510 1240 τουτέστι
1559 1185 1657 1255 τὴν
1713 1187 1950 1258 ἀκάθαρ-

234 1292 334 1326 τον
393 1268 754 1346 ἀκροϐυστίαν
823 1281 926 1343 τῆς
1001 1273 1292 1350 ἁμαρτίας.
1355 1275 1489 1348 Παρ’
1553 1273 1776 1337 ἐκείνοις
1839 1278 1948 1350 βά-

237 1383 452 1436 πτισμα
477 1365 580 1433 τήν
614 1363 785 1438 σάρκα
827 1363 1046 1438 ἁγιάζον
1076 1384 1089 1398 ·
1139 1365 1266 1438 παρ’
1307 1367 1443 1438 ἡμῖν
1489 1362 1546 1419 δὲ
1588 1363 1698 1420 ἐστι
1751 1366 1950 1440 βάπτι-

237 1471 351 1524 σμα
417 1452 578 1527 ἁγίου
635 1451 950 1526 Πνεόματος
1005 1453 1096 1508 καὶ
1162 1452 1331 1528 πυρός
1367 1471 1380 1488 ·
1459 1456 1622 1508 τοῦτο
1679 1455 1784 1528 γὰρ
1825 1453 1951 1526 ἐκή-

241 1543 392 1614 ρυξεν
486 1541 774 1612 Ἰωάννης,
852 1541 1026 1603 Αὐτὸς
1107 1541 1250 1616 ὓμᾶς
1339 1541 1589 1617 βαπτίσει
1671 1542 1722 1596 ἐν
1809 1541 1949 1618 ἁγίῳ

238 1628 515 1703 Πνεύματι
547 1632 636 1685 καὶ
656 1631 811 1705 πυρί.

311 1721 384 1778 Β’.
445 1721 592 1777 Ἐκεῖ
637 1723 810 1792 σκηνή
865 1719 1102 1797 ἐσωτέρα
1157 1722 1246 1776 καὶ
1299 1719 1548 1795 ἐξωτέρα,
1599 1721 1690 1776 καὶ
1741 1720 1818 1783 εἷς
1853 1721 1946 1794 μὲν

2053 559 2255 612 eodem
2306 555 2478 609 modo
2531 567 2688 607 nunc
2745 550 2908 606 illam
2959 550 3204 622 gloriam
3253 551 3402 606 lucis
3448 553 3507 608 in
3549 554 3760 610 animis

2057 645 2344 716 recipiunt
2421 641 2734 697 Christiani
2798 657 2812 696 :
2875 658 2942 696 ac
3010 640 3259 696 tenebm
3331 659 3446 698 non
3511 643 3761 700 ferentes

2055 733 2422 806 splendorem
2487 731 2655 800 lucis,
2719 737 3013 786 occaecatos
3083 731 3380 802 fugantur.
3431 731 3608 788 Porro
3649 732 3758 800 illi,

2054 824 2204 894 quod
2235 827 2430 879 essent
2461 821 2708 893 populus
2741 821 2861 889 Dei,
2893 837 2962 875 ex
2991 821 3438 878 circumcisione
3486 838 3762 894 agnosce-

2057 913 2322 968 bantur:
2373 913 2544 966 modo
2620 925 2752 964 vero
2809 909 3058 980 pepulus
3124 909 3226 964 Dei
3301 909 3634 980 peculiaris,
3683 912 3760 966 si-

2055 1018 2234 1074 gnum
2283 998 2746 1056 circumcisionis
2793 997 2954 1054 intus
3001 997 3060 1052 in
3106 1000 3278 1054 corde
3328 1016 3432 1056 suo
3472 1003 3754 1072 suscepit.

2056 1091 2298 1147 Gladius
2327 1093 2484 1146 enim
2533 1087 2782 1144 caelestis
2825 1091 3085 1157 amputat
3132 1089 3554 1144 abundantiam
3597 1107 3762 1146 men-

2058 1179 2150 1250 tis,
2201 1180 2310 1236 hoc
2357 1184 2466 1244 est,
2527 1179 2824 1249 impurum
2880 1176 3230 1248 praeputium
3297 1180 3532 1248 peccati.
3593 1181 3760 1250 Apud

2055 1269 2188 1326 illos
2232 1273 2357 1325 erat
2387 1267 2682 1339 baptisma
2723 1283 2956 1322 carnem
3011 1267 3422 1324 sanctificans:
3457 1270 3611 1337 apud
3655 1286 3760 1324 nos

2057 1375 2189 1416 vero
2220 1359 2516 1431 baptisma
2559 1358 2750 1413 sancti
2804 1357 3062 1428 Spiritus
3109 1361 3166 1412 et
3207 1358 3383 1430 ignis.
3436 1359 3555 1414 Hoc
3603 1361 3760 1414 enim

2059 1449 2392 1522 pradicavit
2435 1449 2696 1504 Joannes
2737 1461 2752 1502 :
2805 1448 2922 1518 Ipse
2967 1463 3062 1502 vos
3111 1447 3414 1518 baptiz-abit
3467 1449 3526 1503 in
3571 1456 3759 1504 saneto

2057 1541 2272 1613 Spiritu
2293 1545 2346 1595 et
2369 1539 2490 1610 igni
2517 1539 2586 1596 9³.

2129 1721 2200 1776 ΙΙ.
2251 1719 2336 1776 Ibi
2387 1717 2828 1776 tabernaculum
2878 1716 3127 1773 interius
3179 1724 3232 1773 et
3269 1718 3554 1788 exterius;
3587 1722 3760 1791 atque

233 1809 338 1877 τὴν
380 1811 628 1882 πρώτην,
661 1805 752 1864 διὰ
805 1811 1004 1872 παντὸς
1045 1809 1292 1884 εἰσῄεσαν
1342 1810 1392 1864 οἱ
1449 1811 1632 1882 ἱερεῖς,
1693 1811 1788 1874 τὰς
1845 1808 1946 1864 λα-

2147 1809 2306 1878 prius
2351 1825 2586 1881 semper
2629 1807 3108 1879 ingrediebantur
3157 1809 3507 1874 sacerdotes,
3539 1807 3760 1866 cultum

235 1899 421 1971 τρείας
461 1896 838 1962 ἐπιτελοῦντες
869 1918 883 1932 ·
930 1898 1006 1960 είς
1046 1896 1104 1954 δὲ
1157 1901 1256 1968 τήν
1318 1897 1591 1972 δευτέραν,
1651 1899 1787 1970 ἅπαξ
1852 1903 1947 1970 τοῦ

239 1985 486 2042 ἐνιαυτοῦ
541 1987 704 2060 μόνος
763 1989 792 2042 ὁ
849 1987 1140 2064 ἀρχιερεὺς
1195 1989 1286 2042 σὺν
1342 1985 1556 2061 αἵματι,
1613 1991 1780 2044 τοῦτο
1848 1986 1950 2060 δη·-

239 2075 473 2140 λυῦντος
537 2082 634 2133 τοῦ
736 2077 894 2154 ἁγίου
1003 2078 1338 2151 Πνεῦματος,
1447 2080 1616 2152 μήπω
1717 2099 1948 2155 πεφανε-

238 2167 449 2242 ρῶσθαι
495 2167 596 2237 τὴν
662 2171 771 2222 τῶν
835 2167 1004 2242 ἁγίων
1066 2164 1214 2224 ὁδόν.
1270 2168 1532 2222 Ἐνταῦθα
1597 2167 1654 2222 δὲ
1712 2167 1763 2222 οἱ
1819 2187 1946 2223 κατ-

237 2253 548 2330 αξιούμενοι
581 2254 921 2334 εἰσέρχονται
955 2256 1030 2320 εἰς
1076 2257 1177 2324 τὴν
1227 2255 1660 2336 ἀχειροποίητον
1721 2259 1944 2328 σκηνὴν,

237 2345 378 2400 ὅπου
411 2343 734 2421 πρόδρομος
767 2345 900 2422 ὑπὲρ
954 2347 1116 2420 ἡμῶν
1170 2345 1393 2416 εἶσῆλθε
1440 2345 1688 2419 Χριστός.
1739 2346 1948 2422 Γέγρα-

237 2455 370 2489 πται
419 2433 474 2490 ἐν
529 2439 610 2508 τῷ
650 2436 832 2509 νόμῳ,
861 2435 955 2490 τὸν
1025 2436 1171 2512 ἱερέα
1225 2430 1411 2490 λαϐεῖν
1471 2433 1566 2490 δύο
1607 2437 1944 2511 περιστερὰς,

235 2522 330 2578 καὶ
389 2525 544 2578 θῦσαι
606 2525 700 2597 μὲν
758 2526 856 2594 τὴν
939 2523 1084 2598 μίαν,
1147 2525 1389 2598 ῥαντίσαι
1467 2521 1526 2580 δε
1595 2527 1694 2594 τήν
1768 2531 1942 2596 ζῶσαν

234 2613 346 2668 ἀπὸ
429 2617 528 2669 τοῦ
615 2612 842 2687 α’ίματος
942 2614 1172 2686 ἐκείνης,
1271 2615 1362 2669 καὶ
1463 2615 1756 2684 ἀπολῦσαι,
1851 2615 1942 2672 καὶ

233 2699 497 2758 ἵπτασθαι
563 2701 868 2780 ἐλευθέραν.
953 2705 1021 2760 Τὸ
1104 2701 1161 2759 δὲ
1234 2701 1520 2782 γενόμενον
1611 2705 1780 2768 τόπος
1871 2708 1940 2776 ἦν

232 2793 326 2848 καί
377 2793 506 2848 σκιὰ
573 2801 676 2864 τῆς
737 2793 1041 2865 ἀληθείας.
1096 2793 1186 2848 καὶ
1235 2796 1340 2870 γὰρ
1389 2796 1416 2850 ὁ
1467 2797 1698 2870 Χριστὸς
1755 2795 1938 2870 ἐτυθη,

233 2883 438 2938 καὶτὸ
510 2885 648 2956 αἷμα
731 2883 895 2938 αὐτοῦ
979 2883 1230 2959 ῥαντίσαν
1323 2887 1472 2957 ἡμᾶς
1566 2893 1939 2962 πτεροφυῆσαι

233 2971 520 3043 ἐποίησεν.
588 2970 799 3028 Ἔδωκε
847 2975 948 3048 γάρ
995 2976 1130 3048 ἡμῖν
1177 2973 1443 3050 πτέρυγας
1493 2973 1654 3051 ἁγίου
1703 2973 1943 3048 Πνεύμα-

229 3083 350 3126 τος,
409 3063 546 3137 πρὸς
603 3061 668 3120 τὸ
721 3059 984 3118 ’ίπτασθαι
1050 3061 1352 3126 ἀκωλύτως
1409 3064 1484 3128 εἷς
1538 3065 1628 3118 τὸν
1679 3060 1808 3138 ἀέρα
1839 3071 1940 3134 τῆς

233 3152 520 3222 θεότητος.

303 3243 378 3298 Γ.
430 3241 687 3304 Ἐκείνοις
735 3240 902 3314 νόμος
947 3239 1108 3314 ἐδόθη
1155 3241 1206 3297 ἐν
1239 3241 1402 3316 πλαξὶ
1435 3243 1814 3319 γεγραμμένος
1849 3243 1936 3298 λιι
1966 3223 2016 3289 C

233 3333 430 3402 θίναις,
469 3335 606 3406 ἡμῖν
657 3331 714 3388 δὲ
770 3331 930 3406 νόμοι
987 3334 1346 3407 πνευματικοί
1412 3332 1610 3404 πλαξὶν
1667 3333 1938 3414 ἐγγραφό-

233 3444 384 3496 μενοι
429 3420 652 3497 καρδίας
711 3423 986 3498 σαρκίναις
1035 3440 1049 3454 ·
1111 3421 1260 3500 λέγει
1310 3425 1434 3500 γὰρ,
1489 3421 1690 3488 Διδοῦς
1734 3424 1936 3498 νόμους

231 3534 338 3586 μου
399 3511 451 3567 ἐν
525 3511 770 3588 καρδίαις
821 3511 1022 3584 αὐτῶν,
1088 3514 1180 3568 καὶ
1233 3513 1320 3569 ἐπὶ
1363 3513 1457 3576 τὰς
1535 3511 1774 3578 διανοίας
1836 3514 1939 3569 αὗ-

227 3609 340 3658 τῶν
413 3603 696 3680 ἐπιγράψω
761 3603 976 3668 αὐτούς.
1047 3605 1280 3660 Κάκεῖνα
1349 3605 1442 3678 μὲν
1501 3604 1671 3660 πάντα
1735 3625 1938 3679 καταρο

226 3694 472 3768 γούμενα
530 3695 618 3749 καὶ
669 3693 972 3770 πρόσκαιρα
1004 3711 1018 3726 ⁸
1076 3699 1164 3750 νῦν
1216 3693 1274 3750 δὲ
1335 3694 1505 3751 πάντα
1560 3693 1609 3764 ἐξ
1679 3695 1936 3766 ἀληθείας

229 3785 308 3846 εἰς
361 3785 456 3839 τὸν
489 3781 596 3838 ἔσω
647 3781 934 3856 ἄνθρωπον
977 3784 1372 3858 ἐπιτελούμενα
1404 3802 1420 3818 ο
1471 3782 1704 3855 διαθήκη
1753 3806 1812 3840 τε
1837 3787 1937 3859 γὰρ

231 3869 458 3944 ἔσωθεν,
566 3875 658 3928 καὶ
743 3874 1100 3945 ἁπαξαπλῶς,
1175 3877 1314 3932 ’Ὀσα
1404 3873 1630 3936 ἐκείνοις
1715 3869 1936 3944 συνέϐη,

229 3967 476 4026 τυπικῶς
569 3963 808 4039 ἐγίγνετο
866 3981 882 3998 ⁶
959 3962 1166 4042 ἐγράφη
1273 3961 1332 4020 δὲ
1413 3965 1550 4039 πρὸς
1659 3962 1938 4018 νουθεσίαν

233 4053 529 4128 ἡμετέραν.
569 4057 658 4125 Τῷ
701 4055 803 4130 γάρ
843 4047 1096 4128 Ἀϐραὰμ
1147 4058 1402 4128 προεῖπεν
1437 4054 1464 4108 ὁ
1523 4053 1653 4114 Θεὸς
1708 4053 1771 4106 τὸ
1821 4050 1938 4106 ἐσό-

237 4163 422 4216 μενον,
477 4141 560 4198 δτι
623 4141 895 4218 Πάροικον
951 4138 1102 4197 ἔσται
1157 4143 1220 4198 τὸ
1295 4139 1510 4216 σπέρμα
1585 4161 1682 4195 σου
1749 4140 1802 4195 ἐν

233 4231 337 4288 οὐκ
403 4230 534 4304 ἰδίᾳ,
601 4233 688 4287 καὶ
773 4233 1106 4301 κακώσουσι,
1171 4233 1261 4288 καὶ
1348 4230 1722 4288 δουλώσουσιν
1809 4231 1938 4287 αὐτὸ

231 4319 330 4394 ἔτη
384 4324 724 4397 τετρακόσια.
783 4321 951 4378 Τοῦτο
1019 4321 1264 4400 ἐπλήρου
1321 4325 1424 4394 τὴν
1479 4329 1580 4392 τῆς
1641 4327 1793 4384 σκιᾶς
1861 4324 1942 4376 εἱ-

231 4413 387 4470 κόνα.
445 4411 712 4485 Πάροικος
763 4415 868 4488 γὰρ
913 4412 1126 4490 ἐγένετο
1172 4414 1200 4468 ὁ
1247 4411 1400 4484 λαὸς,
1429 4414 1517 4467 καὶ
1550 4409 1936 4482 κατεδουλώθη

233 4502 340 4558 ὑπὸ
369 4507 478 4556 τῶν
512 4503 954 4576 Δίγυπτίων,καὶ
985 4500 1232 4573 ἐκακώθη
1266 4501 1318 4557 ἐν
1347 4501 1513 4574 πηλῷ
1542 4503 1629 4556 καὶ
1665 4499 1936 4572 πλινθείᾳ.

2057 1899 2211 1956 148
2261 1899 2522 1954 divinum
2564 1902 2938 1970 peragrantes:
2991 1897 3050 1952 in
3103 1899 3386 1953 secndum
3437 1903 3630 1954 autem
3676 1915 3764 1956 se-

2055 1987 2168 2044 mel
2200 1988 2261 2043 in
2293 2005 2447 2044 anno
2489 1987 2650 2044 solus
2683 1985 2941 2055 pontifex
2977 2002 3111 2042 cum
3161 1986 3448 2056 anguine
3493 2003 3506 2042 :
3539 1988 3646 2042 Hoc
3672 1989 3760 2044 si—

2051 2079 2343 2150 gniﬁcante
2381 2081 2565 2134 sancto
2597 2077 2838 2148 Spiritu,
2879 2075 3122 2132 nondum
3171 2076 3582 2145 manifestatam
3644 2093 3758 2134 esse

2051 2177 2366 2224 sanctorum
2397 2167 2542 2223 viam
2579 2165 2648 2222 9³.
2679 2167 2782 2222 Hic
2823 2181 2980 2234 vero,
3031 2164 3132 2238 qui
3164 2169 3525 2232 meruerunt,
3557 2166 3758 2237 ingre-

2051 2257 2295 2314 diuntur
2358 2257 2418 2312 in
2487 2273 2601 2314 non
2670 2256 3070 2311 manufactum
3125 2255 3596 2324 tabernaculum,
3645 2271 3756 2328 quo

2053 2363 2382 2418 praecursor
2411 2363 2514 2418 pro
2544 2347 2716 2402 nobis
2745 2345 2964 2401 introiit
3012 2345 3296 2404 Christus.
3347 2345 3644 2415 Scriptum
3669 2351 3758 2402 est

2051 2437 2108 2492 in
2143 2437 2304 2508 lege:
2353 2437 2414 2495 Ut
2457 2437 2714 2492 sacerdos
2743 2436 2984 2505 accipiat
3027 2436 3158 2492 duos
3193 2435 3492 2500 columbas,
3526 2442 3580 2494 et
3611 2435 3758 2492 alte-

2049 2543 2174 2584 ram
2237 2529 2455 2600 quidem
2501 2531 2717 2597 mactet,
2783 2534 3040 2598 aspergat
3084 2545 3214 2585 vero
3261 2533 3440 2587 vivam
3491 2531 3758 2603 sanguine

2050 2621 2190 2693 ejus,
2223 2625 2270 2676 et
2301 2621 2546 2676 dimittat
2593 2622 2822 2679 liberam
2860 2624 3095 2682 evolare.
3132 2623 3338 2676 Verum
3373 2624 3526 2693 quod
3561 2623 3755 2689 ﬁebat,

2051 2715 2224 2783 typus
2291 2719 2411 2767 erat
2479 2715 2534 2767 et
2609 2715 2815 2770 umbra
2872 2713 3149 2771 veritatis.
3207 2711 3428 2768 Etenim
3487 2711 3755 2768 Christus

2049 2799 2394 2856 immolatus
2423 2805 2531 2870 est,
2573 2807 2630 2858 et
2687 2805 2930 2877 sanguis
2978 2805 3108 2874 ejus
3137 2819 3243 2859 nos
3273 2819 3588 2874 aspergens
3622 2803 3756 2858 fecit

2048 2892 2116 2944 ut
2154 2894 2536 2944 nascerentur
2583 2891 2782 2946 nosbis
2829 2892 2953 2948 size.
3005 2892 3176 2948 Dedit
3223 2891 3378 2946 enim
3413 2891 3582 2946 nobis
3629 2889 3754 2946 alas

2046 2977 2302 3048 Spiritus
2333 2979 2520 3033 sancti
2554 2980 2626 3034 ad
2675 2980 2990 3036 velandum
3021 2979 3148 3036 sine
3181 2979 3298 3036 ullo
3329 2980 3752 3052 impedimento

2045 3067 2102 3121 in
2140 3083 2330 3123 aerem
2356 3067 2646 3125 divinum.

2128 3247 2223 3304 III.
2259 3247 2384 3304 Illis
2417 3249 2552 3304 data
2581 3253 2669 3305 est
2698 3249 2808 3318 lex,
2855 3250 2912 3306 in
2961 3249 3178 3306 tabulis
3227 3249 3442 3321 scripta
3472 3248 3748 3320 lapideis;

2049 3336 2217 3392 nobis
2247 3353 2380 3393 vero
2413 3337 2571 3410 leges
2594 3340 2932 3411 spirituales
2985 3340 3204 3395 tabulis
3235 3339 3425 3395 cordis
3457 3340 3754 3412 inscripta

2053 3427 2300 3483 carneis.
2335 3427 2528 3499 Inquit
2573 3429 2730 3484 enim
2767 3445 2780 3484 :
2835 3431 2982 3485 Dans
3019 3430 3156 3500 leges
3199 3445 3348 3484 meas
3396 3429 3454 3483 in
3501 3430 3754 3486 cordibus

2046 3515 2296 3582 illorum,
2345 3521 2400 3571 et
2447 3519 2506 3572 in
2555 3519 2834 3574 mentibus
2881 3533 3068 3574 eorum
3105 3518 3406 3574 inscribam
3448 3535 3539 3574 eas
3587 3517 3652 3574 “.
3685 3519 3754 3574 Et

2049 3604 2148 3659 illa
2174 3605 2409 3675 quidem
2443 3605 2638 3660 omnia
2658 3605 3045 3661 abolebantur
3061 3609 3120 3662 et
3139 3611 3518 3676 temporanea
3549 3609 3711 3661 erant
3735 3623 3748 3662 :

2050 3709 2205 3750 nunc
2252 3699 2446 3750 autem
2489 3706 2698 3752 cuncta
2747 3711 2875 3751 vere
2933 3696 2995 3752 in
3036 3695 3296 3752 interiori
3344 3695 3584 3751 homine
3615 3713 3752 3767 per-

2049 3783 2324 3839 ficiuntur
2355 3797 2370 3838 :
2401 3788 2820 3841 testamentum
2861 3785 3020 3840 enim
3061 3786 3230 3841 etiam
3264 3791 3350 3840 est
3380 3785 3748 3853 intrinsecus,

2049 3877 2226 3943 atque
2265 3881 2326 3927 ut
2369 3872 2618 3929 breviter
2665 3873 2856 3928 dicam
2891 3890 2904 3930 :
2948 3875 3292 3945 Quacumque
3358 3874 3750 3943 contingebant

2047 3963 2183 4030 illis,
2237 3964 2298 4016 in
2364 3961 2548 4030 ﬁgura
2595 3963 2799 4032 ﬁebant
2845 3981 2868 4018 :
2911 3965 3114 4034 scripta
3179 3978 3302 4018 vero
3361 3971 3491 4018 sunt
3527 3966 3749 4032 propter

2049 4051 2486 4108 admonitionem
2551 4053 2729 4108 nostri
2801 4052 2870 4109 95.
2939 4053 3188 4109 Abi-abas
3257 4053 3412 4108 enim
3487 4052 3753 4124 praedixit

2053 4141 2204 4196 Deus
2265 4141 2550 4209 futurum,
2602 4157 2850 4214 nempe:
2902 4143 3102 4198 Semen
3153 4147 3312 4198 tuum
3339 4144 3444 4198 erit
3471 4141 3654 4196 inccta
3691 4142 3752 4196 in

2050 4239 2198 4289 terra
2242 4249 2354 4288 non
2400 4247 2523 4301 sua,
2563 4239 2618 4288 et
2659 4234 2920 4304 afﬂigent
2973 4235 3134 4302 illud,
3185 4249 3248 4289 ac
3324 4235 3390 4290 iu
3441 4233 3754 4288 servitatem

2048 4323 2303 4396 redigent
2351 4323 2790 4396 quadringentos
2818 4340 2992 4381 annos
3028 4325 3096 4378 9°.
3148 4323 3268 4380 Hoc
3316 4321 3754 4394 implebatum-

2051 4420 2168 4476 brae
2209 4421 2546 4492 imaginem.
2599 4421 2903 4493 Siquidem
2939 4422 3128 4478 incola
3160 4421 3568 4493 fuitpopnlus,
3609 4425 3667 4476 et
3695 4422 3754 4476 in

2051 4509 2392 4566 servitutem
2435 4511 2506 4566 ab
2552 4511 2840 4583 [Egyptiis
2879 4513 3169 4576 redactus,
3221 4517 3396 4584 atque
3427 4511 3487 4566 in
3533 4511 3654 4566 luto
3699 4513 3757 4566 et

232 4595 468 4663 ’Ἔστησε
515 4595 620 4668 γὰρ
675 4593 858 4649 αὐτοῖε
911 4595 1116 4668 Φαραῲ
1175 4592 1590 4670 ἐργοεπιστάτας
1637 4593 1726 4648 καὶ
1788 4593 1942 4668 ἐργο-

2128 4613 2234 4656 :ere
2266 4599 2515 4655 aﬂ‘lictus
2543 4581 3000 4656 "fliraaficiebat
3025 4603 3180 4657 enim
3205 4581 3324 4655 illis
3355 4602 3574 4657 Pharao
3607 4617 3755 4669 prte-

234 4681 616 4754 διώκτας,⁹ίνα
663 4685 936 4754 ποιήσωσι
967 4685 1034 4740 τὰ
1081 4681 1210 4760 ἔργα
1269 4681 1434 4739 αὐτοῦ
1493 4684 1627 4756 μετᾶ
1681 4685 1940 4758 ἀνάγκης,

233 4775 327 4830 καὶ
381 4777 472 4830 ὅτε
530 4773 806 4846 ἐστέναξαν
870 4775 922 4831 οἱ
979 4775 1088 4830 υἱοὶ
1147 4775 1369 4846 Ἰσραὴλ
1439 4777 1544 4831 ἀπὸ
1603 4781 1712 4831 τῶν
1771 4773 1944 4850 ἔργων

233 4865 372 4938 πρὸς
395 4863 486 4918 τὸν
521 4865 674 4934 θεὸν,
705 4865 828 4920 τότε
866 4865 1200 4940 ἐπεσκέψατο
1254 4865 1450 4927 αὐτοὺς
1509 4863 1599 4920 διὰ
1653 4865 1892 4927 Μωσέως
1929 4879 1942 4900 ⁶

232 4955 329 5009 καὶ
369 4952 610 5018 πολλαῖς
673 4953 914 5028 πληγαῖς
978 4955 1213 5024 πατάξας
1278 4956 1406 5017 τοὺς
1472 4955 1825 5031 Αίγυπτίους,
1889 4953 1944 5011 ἐν

231 5047 314 5114 τῷ
349 5043 482 5116 μηνὶ
526 5047 634 5098 τῶν
681 5043 880 5111 ἀνθῶν,
922 5043 1010 5099 ὅτε
1057 5049 1275 5120 πρῶτον
1325 5043 1659 5124 ἐπιφαίνεται
1707 5045 1769 5100 τὸ
1827 5042 1946 5113 ἥδι-

234 5153 362 5188 στον
417 5127 536 5206 ἔαρ,
581 5135 680 5200 τῆς
737 5133 1101 5210 στυγνότητος
1167 5139 1263 5189 τοῦ
1330 5139 1608 5209 χειμῶνος
1676 5153 1948 5212 παρερχο.

239 5223 434 5296 μένης,
465 5221 636 5296 ἐξάγει
685 5222 878 5284 αὐτοὺς
909 5222 958 5293 ἐξ
993 5223 1291 5298 Αἰγύπτου.

311 5313 388 5368 Δ’.
420 5312 551 5368 Εἶπε
597 5311 654 5368 δὲ
702 5315 730 5368 ὁ
780 5314 908 5377 Θεὸς
959 5318 1032 5386 τῷ
1079 5319 1321 5377 Μωϋσεῖ,
1353 5313 1488 5390 ἐίρνα
1537 5309 1724 5370 λαϐεῖν
1784 5313 1948 5386 ἄμω-

239 5421 372 5476 μον,
433 5403 524 5458 καὶ
591 5402 802 5479 σφάξαι,
871 5403 962 5458 καὶ
1026 5403 1090 5458 τὸ
1155 5405 1298 5478 αἷμα
1371 5404 1536 5460 αὐτοῦ
1603 5403 1790 5479 χρίσαι
1857 5402 1945 5458 ἐπὶ

2057 4689 2235 4744 festos
2263 4694 2321 4744 et
2353 4689 2806 4746 stimulatatores
2839 4691 3053 4760 operis,
3105 4695 3172 4745 ut
3204 4690 3545 4760 perﬁcerent
3583 4704 3756 4758 opera

2053 4795 2160 4834 sua
2209 4780 2556 4836 necessitate
2589 4780 2838 4848 quadam
2873 4779 3074 4834 coacti.
3123 4779 3386 4850 Cumque
3415 4777 3756 4848 ingemisce-

2053 4877 2176 4923 rent
2209 4868 2312 4922 ﬁlii
2343 4869 2518 4926 Israel
2545 4870 2616 4924 ab
2649 4870 2922 4942 operibus
2953 4869 3076 4924 suis
3107 4869 3180 4923 ad
3207 4869 3414 4934 Deum,
3465 4871 3590 4922 tum
3621 4867 3755 4922 visi-

2053 4959 2212 5013 tabat
2258 4973 2357 5014 eos
2413 4975 2514 5028 per
2553 4961 2769 5015 Mosem
2809 4976 2823 5027 ;
2859 4973 2926 5015 ac
2973 4959 3170 5014 multis
3230 4957 3418 5029 plagis
3473 4955 3755 5030 Egyptiis

2055 5047 2372 5118 percussis,
2405 5063 2608 5104 mense
2655 5049 2889 5113 ﬂorum,
2941 5047 3178 5119 quando
3210 5049 3468 5118 primum
3515 5049 3758 5118 apparet

2055 5137 2522 5193 amcenissimum
2595 5153 2712 5209 ver,
2769 5139 3008 5194 tristitia
3075 5138 3287 5194 hiemis
3357 5141 3754 5209 praetereunte,

2056 5227 2252 5282 educit
2283 5243 2381 5283 eos
2413 5243 2479 5284 ex
2503 5230 2770 5300 Egypto.

2129 5317 2223 5371 IV.
2274 5317 2428 5371 Dixit
2474 5325 2666 5374 autem
2717 5321 2869 5376 Deus
2917 5319 3062 5376 Mosi
3098 5335 3112 5374 :
3147 5321 3214 5376 Ut
3255 5335 3463 5389 agnam
3492 5319 3758 5390 acciperet

2055 5403 2494 5476 immaculatum,
2528 5411 2579 5464 et
2607 5408 2959 5476 immolaret,
3001 5417 3052 5466 et
3081 5409 3357 5480 sanguine
3384 5409 3502 5478 eius
3533 5413 3758 5482 angeret

311 5598 364 5634 93
393 5600 596 5657 Matth.
631 5599 734 5669 Ill,
779 5601 864 5657 11.
942 5601 985 5638 ⁸³
1027 5601 1195 5659 Hebr.
1229 5618 1306 5671 1x,
1346 5604 1398 5658 8.
1476 5603 1522 5640 νδ
1565 5603 1804 5676 Jerem.,
1851 5620 1947 5660 xxx

2202 5603 2250 5640 9⁵
2279 5607 2301 5663 Ι
2330 5609 2460 5678 Cor,
2490 5626 2545 5677 x,
2581 5609 2668 5665 11.
2747 5607 2793 5645 9°
2823 5610 2966 5668 Gen.
3007 5627 3100 5680 xv,
3139 5611 3224 5666 13.
3301 5611 3351 5648 ⁸⁷
3380 5613 3561 5671 Exod.
3593 5629 3633 5682 ι,
3673 5613 3756 5680 li.

241 5672 336 5731 14.
