  <div class='ocr_page' id='page_1' title='image "/cluster/home/n/w/nwhite01/storage/ocr_20150623/34/hvd.32044073501835/410.png"; bbox 0 0 4116 6210; ppageno 0'>
   <div class='ocr_carea' id='block_1_1' title="bbox 246 396 363 459">
    <p class='ocr_par' dir='ltr' id='par_1_1' title="bbox 246 396 363 459">
     <span class='ocr_line' id='line_1_1' title="bbox 246 396 363 459; baseline -0.009 0"><span class='ocrx_word' id='word_1_1' title='bbox 246 396 363 459; x_wconf 74' lang='grc'><strong>801</strong></span> 
     </span>
    </p>
   </div>
   <div class='ocr_carea' id='block_1_2' title="bbox 1508 389 2528 458">
    <p class='ocr_par' dir='ltr' id='par_1_2' title="bbox 1508 389 2528 458">
     <span class='ocr_line' id='line_1_2' title="bbox 1508 389 2528 458; baseline 0.002 -4"><span class='ocrx_word' id='word_1_2' title='bbox 1508 389 1881 457; x_wconf 71' lang='lat' dir='ltr'><strong>HOMILLE.</strong></span> <span class='ocrx_word' id='word_1_3' title='bbox 1925 423 2004 439; x_wconf 94' lang='lat'>—</span> <span class='ocrx_word' id='word_1_4' title='bbox 2049 392 2236 456; x_wconf 81' lang='lat' dir='ltr'><strong>HOM.</strong></span> <span class='ocrx_word' id='word_1_5' title='bbox 2283 395 2528 458; x_wconf 81' lang='lat' dir='ltr'><strong>XLVII.</strong></span> 
     </span>
    </p>
   </div>
   <div class='ocr_carea' id='block_1_3' title="bbox 3647 404 3768 464">
    <p class='ocr_par' dir='ltr' id='par_1_3' title="bbox 3647 404 3768 464">
     <span class='ocr_line' id='line_1_3' title="bbox 3647 404 3768 464; baseline -0.008 0"><span class='ocrx_word' id='word_1_6' title='bbox 3647 404 3768 464; x_wconf 81' lang='lat'><strong>802</strong></span> 
     </span>
    </p>
   </div>
   <div class='ocr_carea' id='block_1_4' title="bbox 235 519 1952 602">
    <p class='ocr_par' dir='ltr' id='par_1_4' title="bbox 235 519 1944 598">
     <span class='ocr_line' id='line_1_4' title="bbox 235 519 1944 598; baseline -0.004 -15"><span class='ocrx_word' id='word_1_7' title='bbox 235 526 368 590; x_wconf 70' lang='grc' dir='ltr'>τοὺς</span> <span class='ocrx_word' id='word_1_8' title='bbox 409 523 618 588; x_wconf 75' lang='grc' dir='ltr'>καλοὺς</span> <span class='ocrx_word' id='word_1_9' title='bbox 673 523 761 580; x_wconf 82' lang='grc' dir='ltr'><strong>καὶ</strong></span> <span class='ocrx_word' id='word_1_10' title='bbox 816 519 1084 598; x_wconf 74' lang='grc' dir='ltr'>ἀνθηροὺς</span> <span class='ocrx_word' id='word_1_11' title='bbox 1137 520 1376 586; x_wconf 82' lang='grc' dir='ltr'>κλάδους</span> <span class='ocrx_word' id='word_1_12' title='bbox 1419 530 1520 595; x_wconf 85' lang='grc' dir='ltr'><strong>τῆς</strong></span> <span class='ocrx_word' id='word_1_13' title='bbox 1572 523 1944 596; x_wconf 80' lang='grc' dir='ltr'>δικαιοσύνης,</span> 
     </span>
    </p>
   </div>
   <div class='ocr_carea' id='block_1_5' title="bbox 2069 519 3763 602">
    <p class='ocr_par' dir='ltr' id='par_1_5' title="bbox 2069 529 3763 602">
     <span class='ocr_line' id='line_1_5' title="bbox 2069 529 3763 602; baseline 0.008 -21"><span class='ocrx_word' id='word_1_14' title='bbox 2069 529 2224 599; x_wconf 80' lang='lat' dir='ltr'><strong>gravi</strong></span> <span class='ocrx_word' id='word_1_15' title='bbox 2286 529 2478 585; x_wconf 86' lang='lat' dir='ltr'><strong>hieme</strong></span> <span class='ocrx_word' id='word_1_16' title='bbox 2537 529 2877 602; x_wconf 71' lang='lat' dir='ltr'><strong>ignorantiae</strong></span> <span class='ocrx_word' id='word_1_17' title='bbox 2957 532 3354 602; x_wconf 80' lang='lat' dir='ltr'><strong>tenebrarum,</strong></span> <span class='ocrx_word' id='word_1_18' title='bbox 3409 537 3466 590; x_wconf 90' lang='lat' dir='ltr'><strong>et</strong></span> <span class='ocrx_word' id='word_1_19' title='bbox 3534 551 3763 594; x_wconf 89' lang='lat' dir='ltr'><strong>summa</strong></span> 
     </span>
    </p>
   </div>
   <div class='ocr_carea' id='block_1_6' title="bbox 245 610 1954 691">
    <p class='ocr_par' dir='ltr' id='par_1_6' title="bbox 245 610 1954 691">
     <span class='ocr_line' id='line_1_6' title="bbox 245 610 1954 691; baseline -0.004 -18"><span class='ocrx_word' id='word_1_20' title='bbox 245 621 358 673; x_wconf 86' lang='grc' dir='ltr'><strong>τῶν</strong></span> <span class='ocrx_word' id='word_1_21' title='bbox 411 619 621 691; x_wconf 81' lang='grc' dir='ltr'>πικρῶν</span> <span class='ocrx_word' id='word_1_22' title='bbox 680 612 974 689; x_wconf 73' lang='grc' dir='ltr'><strong>χειμώνων</strong></span> <span class='ocrx_word' id='word_1_23' title='bbox 1039 610 1366 668; x_wconf 73' lang='grc' dir='ltr'>διελθόντων</span> <span class='ocrx_word' id='word_1_24' title='bbox 1422 616 1522 683; x_wconf 77' lang='grc' dir='ltr'><strong>τῆς</strong></span> <span class='ocrx_word' id='word_1_25' title='bbox 1583 613 1801 690; x_wconf 81' lang='grc' dir='ltr'>ἀγνοίας</span> <span class='ocrx_word' id='word_1_26' title='bbox 1859 617 1954 668; x_wconf 89' lang='grc' dir='ltr'><strong>τοῦ</strong></span> 
     </span>
    </p>
   </div>
   <div class='ocr_carea' id='block_1_7' title="bbox 246 700 1952 777">
    <p class='ocr_par' dir='ltr' id='par_1_7' title="bbox 246 700 1952 777">
     <span class='ocr_line' id='line_1_7' title="bbox 246 700 1952 777; baseline -0.004 -15"><span class='ocrx_word' id='word_1_27' title='bbox 246 707 500 774; x_wconf 79' lang='grc' dir='ltr'><strong>σκότους,</strong></span> <span class='ocrx_word' id='word_1_28' title='bbox 552 705 638 758; x_wconf 80' lang='grc' dir='ltr'>καί</span> <span class='ocrx_word' id='word_1_29' title='bbox 683 709 788 773; x_wconf 78' lang='grc' dir='ltr'>τῆς</span> <span class='ocrx_word' id='word_1_30' title='bbox 837 700 1056 772; x_wconf 74' lang='grc' dir='ltr'>πολλῆς</span> <span class='ocrx_word' id='word_1_31' title='bbox 1104 705 1416 777; x_wconf 86' lang='grc' dir='ltr'>πωρώσεως</span> <span class='ocrx_word' id='word_1_32' title='bbox 1465 707 1566 769; x_wconf 79' lang='grc' dir='ltr'>τῆς</span> <span class='ocrx_word' id='word_1_33' title='bbox 1613 702 1673 760; x_wconf 85' lang='grc' dir='ltr'><strong>ἐκ</strong></span> <span class='ocrx_word' id='word_1_34' title='bbox 1716 709 1824 759; x_wconf 91' lang='grc' dir='ltr'><strong>τῶν</strong></span> <span class='ocrx_word' id='word_1_35' title='bbox 1871 702 1952 757; x_wconf 88' lang='grc' dir='ltr'>αἰ-</span> 
     </span>
    </p>
   </div>
   <div class='ocr_carea' id='block_1_8' title="bbox 245 789 1955 868">
    <p class='ocr_par' dir='ltr' id='par_1_8' title="bbox 245 789 1955 868">
     <span class='ocr_line' id='line_1_8' title="bbox 245 789 1955 868; baseline -0.002 -22"><span class='ocrx_word' id='word_1_36' title='bbox 245 798 436 868; x_wconf 83' lang='grc' dir='ltr'>σχρῶν</span> <span class='ocrx_word' id='word_1_37' title='bbox 488 791 732 865; x_wconf 77' lang='grc' dir='ltr'>πράξεων</span> <span class='ocrx_word' id='word_1_38' title='bbox 789 790 877 844; x_wconf 80' lang='grc' dir='ltr'>καὶ</span> <span class='ocrx_word' id='word_1_39' title='bbox 933 790 1212 864; x_wconf 83' lang='grc' dir='ltr'>ἀμαρτῶν.</span> <span class='ocrx_word' id='word_1_40' title='bbox 1265 790 1483 846; x_wconf 86' lang='grc' dir='ltr'>Κελεύει</span> <span class='ocrx_word' id='word_1_41' title='bbox 1535 789 1592 846; x_wconf 79' lang='grc' dir='ltr'>δὲ</span> <span class='ocrx_word' id='word_1_42' title='bbox 1638 791 1762 846; x_wconf 90' lang='grc' dir='ltr'>τότε</span> <span class='ocrx_word' id='word_1_43' title='bbox 1813 790 1955 865; x_wconf 81' lang='grc' dir='ltr'>ἀφα-</span> 
     </span>
    </p>
   </div>
   <div class='ocr_carea' id='block_1_9' title="bbox 241 878 1952 954">
    <p class='ocr_par' dir='ltr' id='par_1_9' title="bbox 241 878 1952 954">
     <span class='ocr_line' id='line_1_9' title="bbox 241 878 1952 954; baseline -0.002 -18"><span class='ocrx_word' id='word_1_44' title='bbox 241 884 488 951; x_wconf 82' lang='grc' dir='ltr'>νισθῆναι</span> <span class='ocrx_word' id='word_1_45' title='bbox 550 880 600 954; x_wconf 71' lang='grc' dir='ltr'>ἐξ</span> <span class='ocrx_word' id='word_1_46' title='bbox 660 880 891 950; x_wconf 73' lang='grc' dir='ltr'>ἑκάστης</span> <span class='ocrx_word' id='word_1_47' title='bbox 956 878 1132 941; x_wconf 76' lang='grc' dir='ltr'>οἰκίας</span> <span class='ocrx_word' id='word_1_48' title='bbox 1201 883 1373 935; x_wconf 89' lang='grc' dir='ltr'>πᾶσαν</span> <span class='ocrx_word' id='word_1_49' title='bbox 1445 881 1622 953; x_wconf 85' lang='grc' dir='ltr'>ζύμην</span> <span class='ocrx_word' id='word_1_50' title='bbox 1691 879 1952 946; x_wconf 82' lang='grc' dir='ltr'>παλαιὰν,</span> 
     </span>
    </p>
   </div>
   <div class='ocr_carea' id='block_1_10' title="bbox 243 965 1954 1044">
    <p class='ocr_par' dir='ltr' id='par_1_10' title="bbox 243 965 1954 1044">
     <span class='ocr_line' id='line_1_10' title="bbox 243 965 1954 1044; baseline -0.002 -20"><span class='ocrx_word' id='word_1_51' title='bbox 243 970 342 1031; x_wconf 79' lang='grc' dir='ltr'><strong>τὰς</strong></span> <span class='ocrx_word' id='word_1_52' title='bbox 400 969 642 1044; x_wconf 81' lang='grc' dir='ltr'>πράξεις,</span> <span class='ocrx_word' id='word_1_53' title='bbox 693 966 784 1022; x_wconf 78' lang='grc' dir='ltr'><strong>καὶ</strong></span> <span class='ocrx_word' id='word_1_54' title='bbox 829 967 896 1022; x_wconf 87' lang='grc' dir='ltr'><strong>τά</strong></span> <span class='ocrx_word' id='word_1_55' title='bbox 934 969 1260 1042; x_wconf 77' lang='grc' dir='ltr'>φρονήματα</span> <span class='ocrx_word' id='word_1_56' title='bbox 1302 971 1398 1022; x_wconf 86' lang='grc' dir='ltr'><strong>τοῦ</strong></span> <span class='ocrx_word' id='word_1_57' title='bbox 1443 965 1682 1022; x_wconf 74' lang='grc' dir='ltr'>παλαιοῦ</span> <span class='ocrx_word' id='word_1_58' title='bbox 1740 967 1954 1040; x_wconf 82' lang='grc' dir='ltr'>ἀνθρώ-</span> 
     </span>
    </p>
   </div>
   <div class='ocr_carea' id='block_1_11' title="bbox 252 1054 1954 1135">
    <p class='ocr_par' dir='ltr' id='par_1_11' title="bbox 252 1054 1954 1135">
     <span class='ocr_line' id='line_1_11' title="bbox 252 1054 1954 1135; baseline -0.002 -20"><span class='ocrx_word' id='word_1_59' title='bbox 252 1080 349 1135; x_wconf 89' lang='grc' dir='ltr'><strong>ρου</strong></span> <span class='ocrx_word' id='word_1_60' title='bbox 387 1062 482 1114; x_wconf 86' lang='grc' dir='ltr'><strong>τοῦ</strong></span> <span class='ocrx_word' id='word_1_61' title='bbox 513 1055 898 1134; x_wconf 68' lang='grc' dir='ltr'><strong>φθειρομένου,</strong></span> <span class='ocrx_word' id='word_1_62' title='bbox 946 1054 1348 1134; x_wconf 77' lang='grc' dir='ltr'>διαλογισμοὺς</span> <span class='ocrx_word' id='word_1_63' title='bbox 1382 1057 1684 1133; x_wconf 75' lang='grc' dir='ltr'>πονηροὺς,</span> <span class='ocrx_word' id='word_1_64' title='bbox 1726 1058 1818 1113; x_wconf 81' lang='grc' dir='ltr'><strong>καὶ</strong></span> <span class='ocrx_word' id='word_1_65' title='bbox 1866 1057 1954 1112; x_wconf 89' lang='grc' dir='ltr'>ἐν-</span> 
     </span>
    </p>
   </div>
   <div class='ocr_carea' id='block_1_12' title="bbox 245 1144 1704 1222">
    <p class='ocr_par' dir='ltr' id='par_1_12' title="bbox 245 1144 1704 1222">
     <span class='ocr_line' id='line_1_12' title="bbox 245 1144 1704 1222; baseline -0.001 -18"><span class='ocrx_word' id='word_1_66' title='bbox 245 1151 513 1222; x_wconf 75' lang='grc' dir='ltr'>θυμήσεις</span> <span class='ocrx_word' id='word_1_67' title='bbox 545 1147 807 1222; x_wconf 78' lang='grc' dir='ltr'>ῥυπαράς,</span> <span class='ocrx_word' id='word_1_68' title='bbox 841 1145 966 1201; x_wconf 70' lang='grc' dir='ltr'>ὅσον</span> <span class='ocrx_word' id='word_1_69' title='bbox 1000 1144 1246 1219; x_wconf 84' lang='grc' dir='ltr'>δυνατὸν,</span> <span class='ocrx_word' id='word_1_70' title='bbox 1281 1145 1704 1222; x_wconf 70' lang='grc' dir='ltr'>ἀποβρίψασθαι.</span> 
     </span>
    </p>
   </div>
   <div class='ocr_carea' id='block_1_13' title="bbox 319 1233 1954 1314">
    <p class='ocr_par' dir='ltr' id='par_1_13' title="bbox 319 1233 1954 1314">
     <span class='ocr_line' id='line_1_13' title="bbox 319 1233 1954 1314; baseline -0.002 -20"><span class='ocrx_word' id='word_1_71' title='bbox 319 1244 401 1294; x_wconf 84' lang='lat' dir='ltr'><strong>H‘.</strong></span> <span class='ocrx_word' id='word_1_72' title='bbox 435 1242 718 1314; x_wconf 65' lang='grc' dir='ltr'>Σφαγῆναι</span> <span class='ocrx_word' id='word_1_73' title='bbox 747 1233 829 1291; x_wconf 87' lang='grc' dir='ltr'><strong>δεῖ</strong></span> <span class='ocrx_word' id='word_1_74' title='bbox 865 1237 928 1292; x_wconf 82' lang='grc' dir='ltr'>τὸ</span> <span class='ocrx_word' id='word_1_75' title='bbox 969 1236 1170 1310; x_wconf 88' lang='grc' dir='ltr'>ἀρνίον,</span> <span class='ocrx_word' id='word_1_76' title='bbox 1217 1237 1308 1291; x_wconf 85' lang='grc' dir='ltr'><strong>καὶ</strong></span> <span class='ocrx_word' id='word_1_77' title='bbox 1349 1238 1603 1306; x_wconf 82' lang='grc' dir='ltr'>τυθῆναι,</span> <span class='ocrx_word' id='word_1_78' title='bbox 1642 1236 1732 1292; x_wconf 83' lang='grc' dir='ltr'><strong>καὶ</strong></span> <span class='ocrx_word' id='word_1_79' title='bbox 1775 1237 1838 1291; x_wconf 88' lang='grc' dir='ltr'>τὸ</span> <span class='ocrx_word' id='word_1_80' title='bbox 1869 1239 1954 1291; x_wconf 83' lang='grc' dir='ltr'>αῖ-</span> 
     </span>
    </p>
   </div>
   <div class='ocr_carea' id='block_1_14' title="bbox 250 1326 1953 1403">
    <p class='ocr_par' dir='ltr' id='par_1_14' title="bbox 250 1326 1953 1403">
     <span class='ocr_line' id='line_1_14' title="bbox 250 1326 1953 1403; baseline -0.001 -20"><span class='ocrx_word' id='word_1_81' title='bbox 250 1350 327 1402; x_wconf 80' lang='grc' dir='ltr'><strong>μα</strong></span> <span class='ocrx_word' id='word_1_82' title='bbox 365 1328 531 1383; x_wconf 80' lang='grc' dir='ltr'>αὐτοῦ</span> <span class='ocrx_word' id='word_1_83' title='bbox 562 1330 860 1403; x_wconf 82' lang='grc' dir='ltr'>χρισθῆναι</span> <span class='ocrx_word' id='word_1_84' title='bbox 900 1326 990 1382; x_wconf 83' lang='grc' dir='ltr'><strong>ἐπὶ</strong></span> <span class='ocrx_word' id='word_1_85' title='bbox 1039 1328 1145 1382; x_wconf 83' lang='grc' dir='ltr'><strong>τῶν</strong></span> <span class='ocrx_word' id='word_1_86' title='bbox 1202 1328 1400 1401; x_wconf 88' lang='grc' dir='ltr'>θυρῶν.</span> <span class='ocrx_word' id='word_1_87' title='bbox 1453 1328 1690 1400; x_wconf 77' lang='grc' dir='ltr'>Χριστὸς</span> <span class='ocrx_word' id='word_1_88' title='bbox 1743 1327 1846 1402; x_wconf 85' lang='grc' dir='ltr'><strong>γάρ</strong></span> <span class='ocrx_word' id='word_1_89' title='bbox 1889 1327 1953 1382; x_wconf 86' lang='grc' dir='ltr'><strong>τὸ</strong></span> 
     </span>
    </p>
   </div>
   <div class='ocr_carea' id='block_1_15' title="bbox 248 1413 1953 1493">
    <p class='ocr_par' dir='ltr' id='par_1_15' title="bbox 248 1413 1953 1493">
     <span class='ocr_line' id='line_1_15' title="bbox 248 1413 1953 1493; baseline -0.002 -22"><span class='ocrx_word' id='word_1_90' title='bbox 248 1415 512 1486; x_wconf 82' lang='grc' dir='ltr'>ἀληθινὸν</span> <span class='ocrx_word' id='word_1_91' title='bbox 563 1415 651 1469; x_wconf 83' lang='grc' dir='ltr'><strong>καὶ</strong></span> <span class='ocrx_word' id='word_1_92' title='bbox 701 1414 903 1490; x_wconf 86' lang='grc' dir='ltr'>ἀγαθὸν</span> <span class='ocrx_word' id='word_1_93' title='bbox 945 1415 1034 1469; x_wconf 85' lang='grc' dir='ltr'>καὶ</span> <span class='ocrx_word' id='word_1_94' title='bbox 1065 1414 1301 1489; x_wconf 74' lang='grc' dir='ltr'>ἄμωμον</span> <span class='ocrx_word' id='word_1_95' title='bbox 1349 1413 1535 1488; x_wconf 79' lang='grc' dir='ltr'>ἀρνίον</span> <span class='ocrx_word' id='word_1_96' title='bbox 1581 1415 1812 1493; x_wconf 80' lang='grc' dir='ltr'>ἐσφάγη,</span> <span class='ocrx_word' id='word_1_97' title='bbox 1863 1414 1953 1470; x_wconf 86' lang='grc' dir='ltr'><strong>καὶ</strong></span> 
     </span>
    </p>
   </div>
   <div class='ocr_carea' id='block_1_16' title="bbox 242 1502 1952 1583">
    <p class='ocr_par' dir='ltr' id='par_1_16' title="bbox 242 1502 1952 1583">
     <span class='ocr_line' id='line_1_16' title="bbox 242 1502 1952 1583; baseline -0.001 -24"><span class='ocrx_word' id='word_1_98' title='bbox 242 1506 309 1560; x_wconf 88' lang='grc' dir='ltr'>τὸ</span> <span class='ocrx_word' id='word_1_99' title='bbox 362 1507 498 1577; x_wconf 83' lang='grc' dir='ltr'>αἷμα</span> <span class='ocrx_word' id='word_1_100' title='bbox 549 1505 717 1561; x_wconf 81' lang='grc' dir='ltr'>αὐτοῦ</span> <span class='ocrx_word' id='word_1_101' title='bbox 767 1503 996 1583; x_wconf 77' lang='grc' dir='ltr'>ἐχρίσθη</span> <span class='ocrx_word' id='word_1_102' title='bbox 1046 1503 1132 1559; x_wconf 84' lang='grc' dir='ltr'><strong>ἐπὶ</strong></span> <span class='ocrx_word' id='word_1_103' title='bbox 1179 1509 1287 1559; x_wconf 85' lang='grc' dir='ltr'><strong>τῶν</strong></span> <span class='ocrx_word' id='word_1_104' title='bbox 1335 1503 1510 1583; x_wconf 67' lang='grc' dir='ltr'>ςσλιῶν</span> <span class='ocrx_word' id='word_1_105' title='bbox 1559 1513 1658 1574; x_wconf 71' lang='grc' dir='ltr'>τῆς</span> <span class='ocrx_word' id='word_1_106' title='bbox 1705 1502 1952 1577; x_wconf 83' lang='grc' dir='ltr'>καρδίας,</span> 
     </span>
    </p>
   </div>
   <div class='ocr_carea' id='block_1_17' title="bbox 243 1590 1952 1671">
    <p class='ocr_par' dir='ltr' id='par_1_17' title="bbox 243 1590 1952 1671">
     <span class='ocr_line' id='line_1_17' title="bbox 243 1590 1952 1671; baseline -0.001 -21"><span class='ocrx_word' id='word_1_107' title='bbox 243 1593 400 1657; x_wconf 74' lang='grc' dir='ltr'>ὅπως</span> <span class='ocrx_word' id='word_1_108' title='bbox 441 1594 668 1671; x_wconf 76' lang='grc' dir='ltr'>γένηται</span> <span class='ocrx_word' id='word_1_109' title='bbox 717 1595 779 1648; x_wconf 85' lang='grc' dir='ltr'>τὸ</span> <span class='ocrx_word' id='word_1_110' title='bbox 833 1593 1061 1668; x_wconf 70' lang='grc' dir='ltr'>ἐκχυθὲν</span> <span class='ocrx_word' id='word_1_111' title='bbox 1111 1590 1197 1648; x_wconf 85' lang='grc' dir='ltr'><strong>ἐπὶ</strong></span> <span class='ocrx_word' id='word_1_112' title='bbox 1240 1596 1338 1648; x_wconf 83' lang='grc' dir='ltr'><strong>τοῦ</strong></span> <span class='ocrx_word' id='word_1_113' title='bbox 1388 1599 1620 1668; x_wconf 89' lang='grc' dir='ltr'>σταυροῦ</span> <span class='ocrx_word' id='word_1_114' title='bbox 1670 1596 1811 1667; x_wconf 80' lang='grc' dir='ltr'>αἷμα</span> <span class='ocrx_word' id='word_1_115' title='bbox 1855 1598 1952 1648; x_wconf 88' lang='grc' dir='ltr'><strong>τοῦ</strong></span> 
     </span>
    </p>
   </div>
   <div class='ocr_carea' id='block_1_18' title="bbox 243 1682 1949 1761">
    <p class='ocr_par' dir='ltr' id='par_1_18' title="bbox 243 1682 1949 1761">
     <span class='ocr_line' id='line_1_18' title="bbox 243 1682 1949 1761; baseline -0.002 -20"><span class='ocrx_word' id='word_1_116' title='bbox 243 1685 512 1757; x_wconf 75' lang='grc' dir='ltr'>Χριστοῦ,</span> <span class='ocrx_word' id='word_1_117' title='bbox 578 1687 646 1758; x_wconf 81' lang='grc' dir='ltr'><strong>τῇ</strong></span> <span class='ocrx_word' id='word_1_118' title='bbox 709 1683 805 1756; x_wconf 75' lang='grc' dir='ltr'>μὲν</span> <span class='ocrx_word' id='word_1_119' title='bbox 852 1685 1007 1761; x_wconf 76' lang='grc' dir='ltr'>ψυχῇ</span> <span class='ocrx_word' id='word_1_120' title='bbox 1057 1682 1133 1744; x_wconf 78' lang='grc' dir='ltr'>εἷς</span> <span class='ocrx_word' id='word_1_121' title='bbox 1201 1684 1346 1752; x_wconf 75' lang='grc' dir='ltr'>ζωήν</span> <span class='ocrx_word' id='word_1_122' title='bbox 1401 1683 1489 1738; x_wconf 83' lang='grc' dir='ltr'><strong>καὶ</strong></span> <span class='ocrx_word' id='word_1_123' title='bbox 1549 1683 1949 1759; x_wconf 79' lang='grc' dir='ltr'>ἀπολύτρωσιν·</span> 
     </span>
    </p>
   </div>
   <div class='ocr_carea' id='block_1_19' title="bbox 240 1769 1950 1848">
    <p class='ocr_par' dir='ltr' id='par_1_19' title="bbox 240 1769 1950 1848">
     <span class='ocr_line' id='line_1_19' title="bbox 240 1769 1950 1848; baseline -0.001 -19"><span class='ocrx_word' id='word_1_124' title='bbox 240 1780 362 1836; x_wconf 84' lang='grc' dir='ltr'>τοῖς</span> <span class='ocrx_word' id='word_1_125' title='bbox 414 1771 472 1828; x_wconf 76' lang='grc' dir='ltr'>δὲ</span> <span class='ocrx_word' id='word_1_126' title='bbox 515 1772 835 1848; x_wconf 82' lang='grc' dir='ltr'>Αἰγυπτίοις</span> <span class='ocrx_word' id='word_1_127' title='bbox 887 1769 1139 1844; x_wconf 82' lang='grc' dir='ltr'>δαίμοσιν</span> <span class='ocrx_word' id='word_1_128' title='bbox 1191 1772 1266 1834; x_wconf 82' lang='grc' dir='ltr'><strong>εἰς</strong></span> <span class='ocrx_word' id='word_1_129' title='bbox 1319 1773 1514 1836; x_wconf 80' lang='grc' dir='ltr'>πένθος</span> <span class='ocrx_word' id='word_1_130' title='bbox 1562 1774 1650 1828; x_wconf 84' lang='grc' dir='ltr'><strong>καὶ</strong></span> <span class='ocrx_word' id='word_1_131' title='bbox 1703 1774 1950 1828; x_wconf 80' lang='grc' dir='ltr'>θάνατον’</span> 
     </span>
    </p>
   </div>
   <div class='ocr_carea' id='block_1_20' title="bbox 245 1860 2032 1962">
    <p class='ocr_par' dir='ltr' id='par_1_20' title="bbox 245 1860 2032 1962">
     <span class='ocr_line' id='line_1_20' title="bbox 245 1860 2032 1962; baseline 0 -44"><span class='ocrx_word' id='word_1_132' title='bbox 245 1860 474 1962; x_wconf 65' lang='grc' dir='ltr'>ἀληθῶς</span> <span class='ocrx_word' id='word_1_133' title='bbox 520 1863 623 1936; x_wconf 79' lang='grc' dir='ltr'><strong>γὰρ</strong></span> <span class='ocrx_word' id='word_1_134' title='bbox 668 1863 862 1962; x_wconf 75' lang='grc' dir='ltr'>πὲνθος</span> <span class='ocrx_word' id='word_1_135' title='bbox 905 1860 1104 1962; x_wconf 42' lang='grc' dir='ltr'>αὐτοῖς.</span> <span class='ocrx_word' id='word_1_136' title='bbox 1137 1861 1272 1931; x_wconf 82' lang='grc' dir='ltr'>ἐστι,</span> <span class='ocrx_word' id='word_1_137' title='bbox 1323 1863 1468 1937; x_wconf 87' lang='grc' dir='ltr'><strong>χαρά</strong></span> <span class='ocrx_word' id='word_1_138' title='bbox 1517 1861 1574 1918; x_wconf 76' lang='grc' dir='ltr'>δὲ</span> <span class='ocrx_word' id='word_1_139' title='bbox 1631 1864 1721 1918; x_wconf 85' lang='grc' dir='ltr'>καὶ</span> <span class='ocrx_word' id='word_1_140' title='bbox 1774 1862 1954 1938; x_wconf 88' lang='grc' dir='ltr'>ἀγαλ-</span> <span class='ocrx_word' id='word_1_141' title='bbox 1984 1895 2032 1962; x_wconf 80' lang='grc' dir='ltr'><strong>Β</strong></span> 
     </span>
    </p>
   </div>
   <div class='ocr_carea' id='block_1_21' title="bbox 245 1949 1954 2029">
    <p class='ocr_par' dir='ltr' id='par_1_21' title="bbox 245 1949 1954 2029">
     <span class='ocr_line' id='line_1_21' title="bbox 245 1949 1954 2029; baseline 0 -23"><span class='ocrx_word' id='word_1_142' title='bbox 245 1949 432 2013; x_wconf 85' lang='grc' dir='ltr'>λίασις</span> <span class='ocrx_word' id='word_1_143' title='bbox 489 1954 557 2025; x_wconf 81' lang='grc' dir='ltr'><strong>τῇ</strong></span> <span class='ocrx_word' id='word_1_144' title='bbox 606 1953 762 2029; x_wconf 77' lang='grc' dir='ltr'>ψυχῇ</span> <span class='ocrx_word' id='word_1_145' title='bbox 810 1950 873 2004; x_wconf 88' lang='grc' dir='ltr'>τὸ</span> <span class='ocrx_word' id='word_1_146' title='bbox 925 1953 1022 2005; x_wconf 87' lang='grc' dir='ltr'><strong>τοῦ</strong></span> <span class='ocrx_word' id='word_1_147' title='bbox 1079 1950 1319 2023; x_wconf 79' lang='grc' dir='ltr'>ἀμώμου</span> <span class='ocrx_word' id='word_1_148' title='bbox 1377 1952 1564 2026; x_wconf 81' lang='grc' dir='ltr'>ἀρνίου</span> <span class='ocrx_word' id='word_1_149' title='bbox 1612 1955 1771 2026; x_wconf 79' lang='grc' dir='ltr'>αἷμα.</span> <span class='ocrx_word' id='word_1_150' title='bbox 1825 1953 1954 2007; x_wconf 76' lang='grc' dir='ltr'>Εἶτα</span> 
     </span>
    </p>
   </div>
   <div class='ocr_carea' id='block_1_22' title="bbox 249 2037 1948 2118">
    <p class='ocr_par' dir='ltr' id='par_1_22' title="bbox 249 2037 1948 2118">
     <span class='ocr_line' id='line_1_22' title="bbox 249 2037 1948 2118; baseline -0.001 -22"><span class='ocrx_word' id='word_1_151' title='bbox 249 2040 390 2115; x_wconf 87' lang='grc' dir='ltr'><strong>μετά</strong></span> <span class='ocrx_word' id='word_1_152' title='bbox 434 2040 499 2096; x_wconf 83' lang='grc' dir='ltr'>τὸ</span> <span class='ocrx_word' id='word_1_153' title='bbox 542 2047 756 2115; x_wconf 77' lang='grc' dir='ltr'>χρίσμα</span> <span class='ocrx_word' id='word_1_154' title='bbox 801 2037 1012 2094; x_wconf 82' lang='grc' dir='ltr'>κελεύει</span> <span class='ocrx_word' id='word_1_155' title='bbox 1061 2040 1198 2112; x_wconf 87' lang='grc' dir='ltr'>πρὸς</span> <span class='ocrx_word' id='word_1_156' title='bbox 1248 2039 1474 2115; x_wconf 74' lang='grc' dir='ltr'>ἑσπέραν</span> <span class='ocrx_word' id='word_1_157' title='bbox 1525 2047 1716 2118; x_wconf 75' lang='grc' dir='ltr'>φαγεῖν</span> <span class='ocrx_word' id='word_1_158' title='bbox 1762 2041 1823 2096; x_wconf 86' lang='grc' dir='ltr'><strong>τὸ</strong></span> <span class='ocrx_word' id='word_1_159' title='bbox 1855 2042 1948 2115; x_wconf 86' lang='grc' dir='ltr'>ἀρ-</span> 
     </span>
    </p>
   </div>
   <div class='ocr_carea' id='block_1_23' title="bbox 249 2129 1952 2206">
    <p class='ocr_par' dir='ltr' id='par_1_23' title="bbox 249 2129 1952 2206">
     <span class='ocr_line' id='line_1_23' title="bbox 249 2129 1952 2206; baseline -0.001 -20"><span class='ocrx_word' id='word_1_160' title='bbox 249 2133 388 2200; x_wconf 90' lang='grc' dir='ltr'>νίον,</span> <span class='ocrx_word' id='word_1_161' title='bbox 437 2131 524 2185; x_wconf 86' lang='grc' dir='ltr'><strong>καὶ</strong></span> <span class='ocrx_word' id='word_1_162' title='bbox 584 2131 652 2186; x_wconf 87' lang='grc' dir='ltr'><strong>τά</strong></span> <span class='ocrx_word' id='word_1_163' title='bbox 703 2129 883 2203; x_wconf 81' lang='grc' dir='ltr'>ἄζυμα</span> <span class='ocrx_word' id='word_1_164' title='bbox 941 2130 1078 2204; x_wconf 83' lang='grc' dir='ltr'>μετᾶ</span> <span class='ocrx_word' id='word_1_165' title='bbox 1132 2129 1420 2205; x_wconf 86' lang='grc' dir='ltr'>πικρίδων,</span> <span class='ocrx_word' id='word_1_166' title='bbox 1485 2131 1952 2206; x_wconf 73' lang='grc' dir='ltr'>περιεζωσμένους</span> 
     </span>
    </p>
   </div>
   <div class='ocr_carea' id='block_1_24' title="bbox 245 2216 1955 2295">
    <p class='ocr_par' dir='ltr' id='par_1_24' title="bbox 245 2216 1955 2295">
     <span class='ocr_line' id='line_1_24' title="bbox 245 2216 1955 2295; baseline -0.002 -18"><span class='ocrx_word' id='word_1_167' title='bbox 245 2221 344 2283; x_wconf 72' lang='grc' dir='ltr'><strong>τὰς</strong></span> <span class='ocrx_word' id='word_1_168' title='bbox 395 2221 591 2290; x_wconf 87' lang='grc' dir='ltr'>ζώνας,</span> <span class='ocrx_word' id='word_1_169' title='bbox 633 2219 724 2274; x_wconf 77' lang='grc' dir='ltr'><strong>καὶ</strong></span> <span class='ocrx_word' id='word_1_170' title='bbox 783 2216 1132 2290; x_wconf 81' lang='grc' dir='ltr'>ὑποδήματα,</span> <span class='ocrx_word' id='word_1_171' title='bbox 1190 2220 1280 2273; x_wconf 84' lang='grc' dir='ltr'><strong>καὶ</strong></span> <span class='ocrx_word' id='word_1_172' title='bbox 1330 2216 1557 2295; x_wconf 82' lang='grc' dir='ltr'>ἔχοντας</span> <span class='ocrx_word' id='word_1_173' title='bbox 1607 2221 1703 2283; x_wconf 73' lang='grc' dir='ltr'>τὰς</span> <span class='ocrx_word' id='word_1_174' title='bbox 1746 2223 1955 2295; x_wconf 85' lang='grc' dir='ltr'>βακτη-</span> 
     </span>
    </p>
   </div>
   <div class='ocr_carea' id='block_1_25' title="bbox 243 2307 1953 2388">
    <p class='ocr_par' dir='ltr' id='par_1_25' title="bbox 243 2307 1953 2388">
     <span class='ocr_line' id='line_1_25' title="bbox 243 2307 1953 2388; baseline 0.001 -25"><span class='ocrx_word' id='word_1_175' title='bbox 243 2309 364 2384; x_wconf 85' lang='grc' dir='ltr'>ρίας</span> <span class='ocrx_word' id='word_1_176' title='bbox 419 2307 471 2364; x_wconf 89' lang='grc' dir='ltr'><strong>ἐν</strong></span> <span class='ocrx_word' id='word_1_177' title='bbox 517 2313 636 2370; x_wconf 88' lang='grc' dir='ltr'>ταῖς</span> <span class='ocrx_word' id='word_1_178' title='bbox 685 2308 894 2386; x_wconf 90' lang='grc' dir='ltr'>χερσίν.</span> <span class='ocrx_word' id='word_1_179' title='bbox 944 2309 1068 2365; x_wconf 79' lang='grc' dir='ltr'>Ἐἀν</span> <span class='ocrx_word' id='word_1_180' title='bbox 1113 2308 1215 2384; x_wconf 85' lang='grc' dir='ltr'><strong>γάρ</strong></span> <span class='ocrx_word' id='word_1_181' title='bbox 1275 2310 1350 2382; x_wconf 85' lang='grc' dir='ltr'><strong>μή</strong></span> <span class='ocrx_word' id='word_1_182' title='bbox 1410 2311 1674 2385; x_wconf 89' lang='grc' dir='ltr'>πρότερον</span> <span class='ocrx_word' id='word_1_183' title='bbox 1731 2311 1953 2388; x_wconf 85' lang='grc' dir='ltr'>γένηται</span> 
     </span>
    </p>
   </div>
   <div class='ocr_carea' id='block_1_26' title="bbox 248 2397 1953 2477">
    <p class='ocr_par' dir='ltr' id='par_1_26' title="bbox 248 2397 1953 2477">
     <span class='ocr_line' id='line_1_26' title="bbox 248 2397 1953 2477; baseline 0.001 -24"><span class='ocrx_word' id='word_1_184' title='bbox 248 2401 285 2469; x_wconf 75' lang='grc' dir='ltr'>ἡ</span> <span class='ocrx_word' id='word_1_185' title='bbox 346 2400 500 2475; x_wconf 73' lang='grc' dir='ltr'>ψυχὴ</span> <span class='ocrx_word' id='word_1_186' title='bbox 560 2399 1040 2473; x_wconf 71' lang='grc' dir='ltr'>παρεσκευασμένη</span> <span class='ocrx_word' id='word_1_187' title='bbox 1091 2398 1428 2472; x_wconf 91' lang='grc' dir='ltr'>πανταχόθεν</span> <span class='ocrx_word' id='word_1_188' title='bbox 1477 2397 1548 2454; x_wconf 84' lang='grc' dir='ltr'><strong>δι’</strong></span> <span class='ocrx_word' id='word_1_189' title='bbox 1597 2397 1766 2475; x_wconf 83' lang='grc' dir='ltr'>ἔργων</span> <span class='ocrx_word' id='word_1_190' title='bbox 1816 2400 1953 2477; x_wconf 83' lang='grc' dir='ltr'>ἀγα-</span> 
     </span>
    </p>
   </div>
   <div class='ocr_carea' id='block_1_27' title="bbox 252 2486 1952 2570">
    <p class='ocr_par' dir='ltr' id='par_1_27' title="bbox 252 2486 1952 2570">
     <span class='ocr_line' id='line_1_27' title="bbox 252 2486 1952 2570; baseline 0.001 -27"><span class='ocrx_word' id='word_1_191' title='bbox 252 2491 383 2558; x_wconf 87' lang='grc' dir='ltr'>θῶν,</span> <span class='ocrx_word' id='word_1_192' title='bbox 416 2490 540 2544; x_wconf 81' lang='grc' dir='ltr'>ὅσον</span> <span class='ocrx_word' id='word_1_193' title='bbox 575 2487 716 2544; x_wconf 83' lang='grc' dir='ltr'>ἐστὶν</span> <span class='ocrx_word' id='word_1_194' title='bbox 760 2487 816 2542; x_wconf 85' lang='grc' dir='ltr'><strong>ἐν</strong></span> <span class='ocrx_word' id='word_1_195' title='bbox 860 2488 1021 2562; x_wconf 76' lang='grc' dir='ltr'>αὐτῇ,</span> <span class='ocrx_word' id='word_1_196' title='bbox 1071 2487 1134 2543; x_wconf 87' lang='grc' dir='ltr'><strong>ού</strong></span> <span class='ocrx_word' id='word_1_197' title='bbox 1179 2486 1388 2544; x_wconf 85' lang='grc' dir='ltr'>δίδοται</span> <span class='ocrx_word' id='word_1_198' title='bbox 1437 2489 1573 2564; x_wconf 85' lang='grc' dir='ltr'><strong>αύτῇ</strong></span> <span class='ocrx_word' id='word_1_199' title='bbox 1606 2496 1795 2570; x_wconf 76' lang='grc' dir='ltr'>(ραγεῖν</span> <span class='ocrx_word' id='word_1_200' title='bbox 1846 2491 1952 2545; x_wconf 86' lang='grc' dir='ltr'>ἀπὸ</span> 
     </span>
    </p>
   </div>
   <div class='ocr_carea' id='block_1_28' title="bbox 248 2575 1954 2654">
    <p class='ocr_par' dir='ltr' id='par_1_28' title="bbox 248 2575 1954 2654">
     <span class='ocr_line' id='line_1_28' title="bbox 248 2575 1954 2654; baseline -0.001 -20"><span class='ocrx_word' id='word_1_201' title='bbox 248 2583 346 2635; x_wconf 75' lang='grc' dir='ltr'><strong>τοῦ</strong></span> <span class='ocrx_word' id='word_1_202' title='bbox 393 2577 599 2654; x_wconf 87' lang='grc' dir='ltr'>ἀρνίου.</span> <span class='ocrx_word' id='word_1_203' title='bbox 649 2577 718 2636; x_wconf 75' lang='grc' dir='ltr'><strong>Εἴ</strong></span> <span class='ocrx_word' id='word_1_204' title='bbox 764 2575 821 2633; x_wconf 69' lang='grc' dir='ltr'>δὲ</span> <span class='ocrx_word' id='word_1_205' title='bbox 863 2579 954 2633; x_wconf 86' lang='grc' dir='ltr'><strong>καὶ</strong></span> <span class='ocrx_word' id='word_1_206' title='bbox 999 2579 1063 2634; x_wconf 88' lang='grc' dir='ltr'>τὸ</span> <span class='ocrx_word' id='word_1_207' title='bbox 1111 2577 1295 2652; x_wconf 81' lang='grc' dir='ltr'>ἀρνίον</span> <span class='ocrx_word' id='word_1_208' title='bbox 1345 2576 1472 2649; x_wconf 79' lang='grc' dir='ltr'>ἡδὺ,</span> <span class='ocrx_word' id='word_1_209' title='bbox 1524 2580 1616 2634; x_wconf 85' lang='grc' dir='ltr'><strong>καὶ</strong></span> <span class='ocrx_word' id='word_1_210' title='bbox 1658 2581 1725 2635; x_wconf 85' lang='grc' dir='ltr'><strong>τὰ</strong></span> <span class='ocrx_word' id='word_1_211' title='bbox 1774 2581 1954 2654; x_wconf 81' lang='grc' dir='ltr'>ἄζυμα</span> 
     </span>
    </p>
   </div>
   <div class='ocr_carea' id='block_1_29' title="bbox 245 2665 1955 2743">
    <p class='ocr_par' dir='ltr' id='par_1_29' title="bbox 245 2665 1955 2743">
     <span class='ocr_line' id='line_1_29' title="bbox 245 2665 1955 2743; baseline 0 -19"><span class='ocrx_word' id='word_1_212' title='bbox 245 2665 416 2736; x_wconf 78' lang='grc' dir='ltr'>καλὰ,</span> <span class='ocrx_word' id='word_1_213' title='bbox 475 2665 602 2722; x_wconf 80' lang='grc' dir='ltr'>ἀλλ’</span> <span class='ocrx_word' id='word_1_214' title='bbox 656 2667 712 2720; x_wconf 71' lang='grc' dir='ltr'>αἱ</span> <span class='ocrx_word' id='word_1_215' title='bbox 770 2665 1018 2742; x_wconf 84' lang='grc' dir='ltr'>πικρίδες</span> <span class='ocrx_word' id='word_1_216' title='bbox 1073 2668 1261 2740; x_wconf 85' lang='grc' dir='ltr'>πικραὶ</span> <span class='ocrx_word' id='word_1_217' title='bbox 1313 2667 1404 2722; x_wconf 85' lang='grc' dir='ltr'><strong>καὶ</strong></span> <span class='ocrx_word' id='word_1_218' title='bbox 1471 2673 1744 2743; x_wconf 87' lang='grc' dir='ltr'>τραχεῖαι.</span> <span class='ocrx_word' id='word_1_219' title='bbox 1805 2668 1955 2724; x_wconf 82' lang='grc' dir='ltr'><strong>Μετά</strong></span> 
     </span>
    </p>
   </div>
   <div class='ocr_carea' id='block_1_30' title="bbox 250 2754 1954 2833">
    <p class='ocr_par' dir='ltr' id='par_1_30' title="bbox 250 2754 1954 2833">
     <span class='ocr_line' id='line_1_30' title="bbox 250 2754 1954 2833; baseline 0.001 -21"><span class='ocrx_word' id='word_1_220' title='bbox 250 2757 496 2832; x_wconf 79' lang='grc' dir='ltr'>θλίψεως</span> <span class='ocrx_word' id='word_1_221' title='bbox 539 2758 644 2832; x_wconf 84' lang='grc' dir='ltr'><strong>γὰρ</strong></span> <span class='ocrx_word' id='word_1_222' title='bbox 677 2754 900 2826; x_wconf 80' lang='grc' dir='ltr'>πολλῆς</span> <span class='ocrx_word' id='word_1_223' title='bbox 949 2757 1040 2811; x_wconf 80' lang='grc' dir='ltr'><strong>καὶ</strong></span> <span class='ocrx_word' id='word_1_224' title='bbox 1087 2756 1304 2830; x_wconf 88' lang='grc' dir='ltr'>πικρίας</span> <span class='ocrx_word' id='word_1_225' title='bbox 1354 2756 1516 2813; x_wconf 78' lang='grc' dir='ltr'>ἐσθίει</span> <span class='ocrx_word' id='word_1_226' title='bbox 1557 2761 1593 2828; x_wconf 78' lang='grc' dir='ltr'>ἠ</span> <span class='ocrx_word' id='word_1_227' title='bbox 1642 2760 1798 2833; x_wconf 78' lang='grc' dir='ltr'>ψυχὴ</span> <span class='ocrx_word' id='word_1_228' title='bbox 1845 2758 1954 2813; x_wconf 83' lang='grc' dir='ltr'><strong>ἀπὸ</strong></span> 
     </span>
    </p>
   </div>
   <div class='ocr_carea' id='block_1_31' title="bbox 239 2843 1954 2922">
    <p class='ocr_par' dir='ltr' id='par_1_31' title="bbox 239 2843 1954 2922">
     <span class='ocr_line' id='line_1_31' title="bbox 239 2843 1954 2922; baseline 0.001 -20"><span class='ocrx_word' id='word_1_229' title='bbox 239 2852 341 2903; x_wconf 91' lang='grc' dir='ltr'><strong>τοῦ</strong></span> <span class='ocrx_word' id='word_1_230' title='bbox 392 2845 580 2922; x_wconf 89' lang='grc' dir='ltr'>ἀρνίου</span> <span class='ocrx_word' id='word_1_231' title='bbox 629 2847 719 2902; x_wconf 84' lang='grc' dir='ltr'><strong>καὶ</strong></span> <span class='ocrx_word' id='word_1_232' title='bbox 766 2850 874 2902; x_wconf 86' lang='grc' dir='ltr'><strong>τῶν</strong></span> <span class='ocrx_word' id='word_1_233' title='bbox 923 2851 1184 2922; x_wconf 88' lang='grc' dir='ltr'>χρηστῶν</span> <span class='ocrx_word' id='word_1_234' title='bbox 1215 2846 1464 2920; x_wconf 79' lang='grc' dir='ltr'>ἀζύμων,</span> <span class='ocrx_word' id='word_1_235' title='bbox 1511 2843 1812 2919; x_wconf 77' lang='grc' dir='ltr'>θλιϐούσης</span> <span class='ocrx_word' id='word_1_236' title='bbox 1863 2849 1954 2904; x_wconf 84' lang='grc' dir='ltr'>αύ-</span> 
     </span>
    </p>
   </div>
   <div class='ocr_carea' id='block_1_32' title="bbox 240 2934 1262 3011">
    <p class='ocr_par' dir='ltr' id='par_1_32' title="bbox 240 2934 1262 3011">
     <span class='ocr_line' id='line_1_32' title="bbox 240 2934 1262 3011; baseline 0 -19"><span class='ocrx_word' id='word_1_237' title='bbox 240 2939 344 3006; x_wconf 78' lang='grc' dir='ltr'><strong>τήν</strong></span> <span class='ocrx_word' id='word_1_238' title='bbox 374 2943 478 3006; x_wconf 77' lang='grc' dir='ltr'>τῆς</span> <span class='ocrx_word' id='word_1_239' title='bbox 510 2934 774 3006; x_wconf 82' lang='grc' dir='ltr'>συνούσης</span> <span class='ocrx_word' id='word_1_240' title='bbox 803 2934 939 3009; x_wconf 76' lang='grc' dir='ltr'>αὐτῇ</span> <span class='ocrx_word' id='word_1_241' title='bbox 972 2936 1262 3011; x_wconf 86' lang='grc' dir='ltr'>ἁμαρτίας.</span> 
     </span>
    </p>
   </div>
   <div class='ocr_carea' id='block_1_33' title="bbox 313 3023 1938 3106">
    <p class='ocr_par' dir='ltr' id='par_1_33' title="bbox 313 3023 1938 3106">
     <span class='ocr_line' id='line_1_33' title="bbox 313 3023 1938 3106; baseline -0.001 -22"><span class='ocrx_word' id='word_1_242' title='bbox 313 3029 390 3085; x_wconf 90' lang='grc' dir='ltr'><strong>Θ’.</strong></span> <span class='ocrx_word' id='word_1_243' title='bbox 451 3025 550 3083; x_wconf 69' lang='grc' dir='ltr'><strong>Καὶ</strong></span> <span class='ocrx_word' id='word_1_244' title='bbox 601 3028 740 3102; x_wconf 86' lang='grc' dir='ltr'>πρὸς</span> <span class='ocrx_word' id='word_1_245' title='bbox 798 3026 1024 3102; x_wconf 67' lang='grc' dir='ltr'>ἑσπέραν</span> <span class='ocrx_word' id='word_1_246' title='bbox 1088 3026 1250 3106; x_wconf 72' lang='grc' dir='ltr'>φησὶν</span> <span class='ocrx_word' id='word_1_247' title='bbox 1308 3023 1521 3082; x_wconf 80' lang='grc' dir='ltr'>ἕδεσθαι</span> <span class='ocrx_word' id='word_1_248' title='bbox 1572 3025 1703 3082; x_wconf 78' lang='grc' dir='ltr'>αὒτό</span> <span class='ocrx_word' id='word_1_249' title='bbox 1736 3044 1750 3058; x_wconf 83' lang='lat'><strong>&#39;</strong></span> <span class='ocrx_word' id='word_1_250' title='bbox 1784 3029 1819 3098; x_wconf 80' lang='grc' dir='ltr'>ἡ</span> <span class='ocrx_word' id='word_1_251' title='bbox 1881 3027 1938 3083; x_wconf 75' lang='grc' dir='ltr'>δὲ</span> 
     </span>
    </p>
   </div>
   <div class='ocr_carea' id='block_1_34' title="bbox 240 3116 1949 3194">
    <p class='ocr_par' dir='ltr' id='par_1_34' title="bbox 240 3116 1949 3194">
     <span class='ocr_line' id='line_1_34' title="bbox 240 3116 1949 3194; baseline 0.001 -20"><span class='ocrx_word' id='word_1_252' title='bbox 240 3120 382 3190; x_wconf 85' lang='grc' dir='ltr'>πρὸς</span> <span class='ocrx_word' id='word_1_253' title='bbox 439 3116 664 3192; x_wconf 68' lang='grc' dir='ltr'>δσπέραν</span> <span class='ocrx_word' id='word_1_254' title='bbox 720 3116 835 3192; x_wconf 83' lang='grc' dir='ltr'><strong>ὥρα</strong></span> <span class='ocrx_word' id='word_1_255' title='bbox 887 3116 1024 3190; x_wconf 83' lang='grc' dir='ltr'><strong>μέση</strong></span> <span class='ocrx_word' id='word_1_256' title='bbox 1096 3119 1274 3194; x_wconf 83' lang='grc' dir='ltr'>φωτὸς</span> <span class='ocrx_word' id='word_1_257' title='bbox 1330 3117 1422 3172; x_wconf 82' lang='grc' dir='ltr'><strong>καὶ</strong></span> <span class='ocrx_word' id='word_1_258' title='bbox 1479 3117 1706 3180; x_wconf 91' lang='grc' dir='ltr'>σκότους</span> <span class='ocrx_word' id='word_1_259' title='bbox 1783 3116 1949 3175; x_wconf 85' lang='grc' dir='ltr'>ἐστίν.</span> 
     </span>
    </p>
   </div>
   <div class='ocr_carea' id='block_1_35' title="bbox 237 3205 1947 3282">
    <p class='ocr_par' dir='ltr' id='par_1_35' title="bbox 237 3205 1947 3282">
     <span class='ocr_line' id='line_1_35' title="bbox 237 3205 1947 3282; baseline -0.002 -17"><span class='ocrx_word' id='word_1_260' title='bbox 237 3208 400 3265; x_wconf 79' lang='grc' dir='ltr'>Οὕτω</span> <span class='ocrx_word' id='word_1_261' title='bbox 427 3208 517 3262; x_wconf 83' lang='grc' dir='ltr'><strong>καὶ</strong></span> <span class='ocrx_word' id='word_1_262' title='bbox 558 3210 593 3278; x_wconf 72' lang='grc' dir='ltr'><strong>ἡ</strong></span> <span class='ocrx_word' id='word_1_263' title='bbox 637 3209 792 3282; x_wconf 79' lang='grc' dir='ltr'>ψυχὴ</span> <span class='ocrx_word' id='word_1_264' title='bbox 832 3207 968 3281; x_wconf 89' lang='grc' dir='ltr'>πρὸς</span> <span class='ocrx_word' id='word_1_265' title='bbox 1009 3205 1179 3280; x_wconf 74' lang='grc' dir='ltr'>ταύτῃ</span> <span class='ocrx_word' id='word_1_266' title='bbox 1241 3207 1372 3261; x_wconf 81' lang='grc' dir='ltr'>οὖσα</span> <span class='ocrx_word' id='word_1_267' title='bbox 1419 3211 1489 3281; x_wconf 81' lang='grc' dir='ltr'><strong>τῇ</strong></span> <span class='ocrx_word' id='word_1_268' title='bbox 1537 3206 1947 3282; x_wconf 87' lang='grc' dir='ltr'>ἀπολυτρώσει,</span> 
     </span>
    </p>
   </div>
   <div class='ocr_carea' id='block_1_36' title="bbox 242 3293 1950 3374">
    <p class='ocr_par' dir='ltr' id='par_1_36' title="bbox 242 3293 1950 3374">
     <span class='ocr_line' id='line_1_36' title="bbox 242 3293 1950 3374; baseline -0.001 -22"><span class='ocrx_word' id='word_1_269' title='bbox 242 3296 383 3372; x_wconf 81' lang='grc' dir='ltr'><strong>μέση</strong></span> <span class='ocrx_word' id='word_1_270' title='bbox 439 3297 642 3374; x_wconf 88' lang='grc' dir='ltr'>γίνεται</span> <span class='ocrx_word' id='word_1_271' title='bbox 695 3297 872 3370; x_wconf 74' lang='grc' dir='ltr'>φωτὸς</span> <span class='ocrx_word' id='word_1_272' title='bbox 921 3294 1014 3354; x_wconf 83' lang='grc' dir='ltr'><strong>καὶ</strong></span> <span class='ocrx_word' id='word_1_273' title='bbox 1059 3296 1302 3366; x_wconf 84' lang='grc' dir='ltr'>σκότους,</span> <span class='ocrx_word' id='word_1_274' title='bbox 1357 3296 1602 3366; x_wconf 74' lang='grc' dir='ltr'>ἑστώσης</span> <span class='ocrx_word' id='word_1_275' title='bbox 1650 3303 1750 3364; x_wconf 76' lang='grc' dir='ltr'>τῆς</span> <span class='ocrx_word' id='word_1_276' title='bbox 1798 3293 1950 3350; x_wconf 87' lang='grc' dir='ltr'>δυνά-</span> 
     </span>
    </p>
   </div>
   <div class='ocr_carea' id='block_1_37' title="bbox 242 3383 1948 3460">
    <p class='ocr_par' dir='ltr' id='par_1_37' title="bbox 242 3383 1948 3460">
     <span class='ocr_line' id='line_1_37' title="bbox 242 3383 1948 3460; baseline -0.001 -18"><span class='ocrx_word' id='word_1_277' title='bbox 242 3407 392 3460; x_wconf 87' lang='grc' dir='ltr'>μεως</span> <span class='ocrx_word' id='word_1_278' title='bbox 442 3390 540 3442; x_wconf 85' lang='grc' dir='ltr'><strong>τοῦ</strong></span> <span class='ocrx_word' id='word_1_279' title='bbox 599 3389 755 3455; x_wconf 81' lang='grc' dir='ltr'>Θεοῦ,</span> <span class='ocrx_word' id='word_1_280' title='bbox 812 3385 903 3439; x_wconf 87' lang='grc' dir='ltr'>καί</span> <span class='ocrx_word' id='word_1_281' title='bbox 965 3385 1040 3457; x_wconf 83' lang='grc' dir='ltr'>μή</span> <span class='ocrx_word' id='word_1_282' title='bbox 1101 3383 1275 3454; x_wconf 80' lang='grc' dir='ltr'>ἐώσης</span> <span class='ocrx_word' id='word_1_283' title='bbox 1331 3385 1394 3439; x_wconf 89' lang='grc' dir='ltr'>τὸ</span> <span class='ocrx_word' id='word_1_284' title='bbox 1453 3384 1647 3446; x_wconf 82' lang='grc' dir='ltr'>σκότος</span> <span class='ocrx_word' id='word_1_285' title='bbox 1700 3383 1948 3440; x_wconf 87' lang='grc' dir='ltr'>ἐπελθεῖν</span> 
     </span>
    </p>
   </div>
   <div class='ocr_carea' id='block_1_38' title="bbox 236 3473 1952 3551">
    <p class='ocr_par' dir='ltr' id='par_1_38' title="bbox 236 3473 1952 3551">
     <span class='ocr_line' id='line_1_38' title="bbox 236 3473 1952 3551; baseline 0.001 -22"><span class='ocrx_word' id='word_1_286' title='bbox 236 3480 306 3551; x_wconf 82' lang='grc' dir='ltr'><strong>τῇ</strong></span> <span class='ocrx_word' id='word_1_287' title='bbox 369 3478 549 3551; x_wconf 80' lang='grc' dir='ltr'>ψυχῇ,</span> <span class='ocrx_word' id='word_1_288' title='bbox 598 3475 690 3529; x_wconf 85' lang='grc' dir='ltr'>καὶ</span> <span class='ocrx_word' id='word_1_289' title='bbox 745 3478 1030 3529; x_wconf 84' lang='grc' dir='ltr'>καταπιεῖν</span> <span class='ocrx_word' id='word_1_290' title='bbox 1079 3473 1246 3544; x_wconf 73' lang='grc' dir='ltr'>αὐτήν</span> <span class='ocrx_word' id='word_1_291' title='bbox 1280 3493 1294 3507; x_wconf 90' lang='grc'><strong>·</strong></span> <span class='ocrx_word' id='word_1_292' title='bbox 1327 3473 1420 3528; x_wconf 83' lang='grc' dir='ltr'><strong>καὶ</strong></span> <span class='ocrx_word' id='word_1_293' title='bbox 1480 3475 1540 3528; x_wconf 83' lang='grc' dir='ltr'><strong>’ὸν</strong></span> <span class='ocrx_word' id='word_1_294' title='bbox 1587 3474 1790 3550; x_wconf 88' lang='grc' dir='ltr'>τρόπον</span> <span class='ocrx_word' id='word_1_295' title='bbox 1836 3473 1952 3530; x_wconf 80' lang='grc' dir='ltr'>εἶπέ</span> 
     </span>
    </p>
   </div>
   <div class='ocr_carea' id='block_1_39' title="bbox 239 3561 1952 3639">
    <p class='ocr_par' dir='ltr' id='par_1_39' title="bbox 239 3561 1952 3639">
     <span class='ocr_line' id='line_1_39' title="bbox 239 3561 1952 3639; baseline -0.002 -17"><span class='ocrx_word' id='word_1_296' title='bbox 239 3572 514 3634; x_wconf 73' lang='grc' dir='ltr'>Μωϋσῆς,</span> <span class='ocrx_word' id='word_1_297' title='bbox 604 3563 750 3634; x_wconf 76' lang='grc' dir='ltr'>Αὕτη</span> <span class='ocrx_word' id='word_1_298' title='bbox 817 3565 853 3634; x_wconf 80' lang='grc' dir='ltr'>ἡ</span> <span class='ocrx_word' id='word_1_299' title='bbox 922 3564 1012 3632; x_wconf 79' lang='grc' dir='ltr'><strong>νὺξ</strong></span> <span class='ocrx_word' id='word_1_300' title='bbox 1078 3570 1178 3633; x_wconf 87' lang='grc' dir='ltr'><strong>τῆς</strong></span> <span class='ocrx_word' id='word_1_301' title='bbox 1263 3561 1596 3639; x_wconf 83' lang='grc' dir='ltr'>ἐπαγγελίας</span> <span class='ocrx_word' id='word_1_302' title='bbox 1677 3562 1791 3618; x_wconf 84' lang='grc' dir='ltr'>ἐστὶ</span> <span class='ocrx_word' id='word_1_303' title='bbox 1855 3567 1952 3619; x_wconf 86' lang='grc' dir='ltr'><strong>τοῦ</strong></span> 
     </span>
    </p>
   </div>
   <div class='ocr_carea' id='block_1_40' title="bbox 238 3648 1951 3727">
    <p class='ocr_par' dir='ltr' id='par_1_40' title="bbox 238 3648 1951 3727">
     <span class='ocr_line' id='line_1_40' title="bbox 238 3648 1951 3727; baseline -0.003 -15"><span class='ocrx_word' id='word_1_304' title='bbox 238 3658 383 3712; x_wconf 86' lang='grc' dir='ltr'>Θεοῦ</span> <span class='ocrx_word' id='word_1_305' title='bbox 415 3671 432 3686; x_wconf 78' lang='grc'><strong><em>⁸</em></strong></span> <span class='ocrx_word' id='word_1_306' title='bbox 466 3651 639 3715; x_wconf 71' lang='grc' dir='ltr'>οὕτως</span> <span class='ocrx_word' id='word_1_307' title='bbox 696 3653 786 3708; x_wconf 83' lang='grc' dir='ltr'><strong>καὶ</strong></span> <span class='ocrx_word' id='word_1_308' title='bbox 830 3653 859 3708; x_wconf 84' lang='grc' dir='ltr'>ὁ</span> <span class='ocrx_word' id='word_1_309' title='bbox 901 3653 1156 3726; x_wconf 87' lang='grc' dir='ltr'>Χριστὸς,</span> <span class='ocrx_word' id='word_1_310' title='bbox 1213 3650 1462 3715; x_wconf 71' lang='grc' dir='ltr'>δοθέντος</span> <span class='ocrx_word' id='word_1_311' title='bbox 1526 3651 1671 3724; x_wconf 82' lang='grc' dir='ltr'>αύτῷ</span> <span class='ocrx_word' id='word_1_312' title='bbox 1731 3648 1951 3727; x_wconf 75' lang='grc' dir='ltr'>βιϐλίου</span> 
     </span>
    </p>
   </div>
   <div class='ocr_carea' id='block_1_41' title="bbox 237 3734 1951 3819">
    <p class='ocr_par' dir='ltr' id='par_1_41' title="bbox 237 3734 1951 3819">
     <span class='ocr_line' id='line_1_41' title="bbox 237 3734 1951 3819; baseline -0.002 -18"><span class='ocrx_word' id='word_1_313' title='bbox 237 3746 296 3802; x_wconf 77' lang='grc' dir='ltr'><strong>ἐν</strong></span> <span class='ocrx_word' id='word_1_314' title='bbox 353 3747 426 3818; x_wconf 75' lang='grc' dir='ltr'><strong>τῇ</strong></span> <span class='ocrx_word' id='word_1_315' title='bbox 487 3747 800 3819; x_wconf 81' lang='grc' dir='ltr'>συναγωγῇ,</span> <span class='ocrx_word' id='word_1_316' title='bbox 861 3743 936 3804; x_wconf 84' lang='grc' dir='ltr'>ὡς</span> <span class='ocrx_word' id='word_1_317' title='bbox 997 3740 1322 3818; x_wconf 79' lang='grc' dir='ltr'>γέγραπται,</span> <span class='ocrx_word' id='word_1_318' title='bbox 1381 3741 1630 3799; x_wconf 75' lang='grc' dir='ltr'>ἐκάλεσεν</span> <span class='ocrx_word' id='word_1_319' title='bbox 1710 3734 1951 3798; x_wconf 85' lang='grc' dir='ltr'>ἐνιαυτὸν</span> 
     </span>
    </p>
   </div>
   <div class='ocr_carea' id='block_1_42' title="bbox 238 3827 1955 3907">
    <p class='ocr_par' dir='ltr' id='par_1_42' title="bbox 238 3827 1955 3907">
     <span class='ocr_line' id='line_1_42' title="bbox 238 3827 1955 3907; baseline -0.003 -18"><span class='ocrx_word' id='word_1_320' title='bbox 238 3833 451 3907; x_wconf 80' lang='grc' dir='ltr'>Κυρίου</span> <span class='ocrx_word' id='word_1_321' title='bbox 537 3829 730 3887; x_wconf 83' lang='grc' dir='ltr'>δεκτὸν-</span> <span class='ocrx_word' id='word_1_322' title='bbox 801 3830 890 3886; x_wconf 81' lang='grc' dir='ltr'>καὶ</span> <span class='ocrx_word' id='word_1_323' title='bbox 975 3829 1185 3905; x_wconf 67' lang='grc' dir='ltr'>ἡμέραν</span> <span class='ocrx_word' id='word_1_324' title='bbox 1271 3827 1731 3904; x_wconf 84' lang='grc' dir='ltr'>ἀπολυτρώσεως.</span> <span class='ocrx_word' id='word_1_325' title='bbox 1811 3832 1955 3886; x_wconf 82' lang='grc' dir='ltr'>Ἐκεῖ</span> 
     </span>
    </p>
   </div>
   <div class='ocr_carea' id='block_1_43' title="bbox 236 3917 1950 3994">
    <p class='ocr_par' dir='ltr' id='par_1_43' title="bbox 236 3917 1950 3994">
     <span class='ocr_line' id='line_1_43' title="bbox 236 3917 1950 3994; baseline -0.004 -15"><span class='ocrx_word' id='word_1_326' title='bbox 236 3922 329 3992; x_wconf 61' lang='grc' dir='ltr'><strong>νὺξ</strong></span> <span class='ocrx_word' id='word_1_327' title='bbox 404 3917 831 3988; x_wconf 83' lang='grc' dir='ltr'>ἀνταποδόσεως,</span> <span class='ocrx_word' id='word_1_328' title='bbox 910 3917 1136 3974; x_wconf 85' lang='grc' dir='ltr'>ἐνταῦθα</span> <span class='ocrx_word' id='word_1_329' title='bbox 1239 3918 1419 3994; x_wconf 81' lang='grc' dir='ltr'>ὴμέρα</span> <span class='ocrx_word' id='word_1_330' title='bbox 1494 3919 1950 3992; x_wconf 83' lang='grc' dir='ltr'>ἀπολυτρώσεως’</span> 
     </span>
    </p>
   </div>
   <div class='ocr_carea' id='block_1_44' title="bbox 239 4007 1955 4086">
    <p class='ocr_par' dir='ltr' id='par_1_44' title="bbox 239 4007 1955 4086">
     <span class='ocr_line' id='line_1_44' title="bbox 239 4007 1955 4086; baseline -0.004 -17"><span class='ocrx_word' id='word_1_331' title='bbox 239 4011 499 4073; x_wconf 73' lang='grc' dir='ltr'>εἶκότωςο</span> <span class='ocrx_word' id='word_1_332' title='bbox 556 4011 734 4066; x_wconf 78' lang='grc' dir='ltr'>πάντα</span> <span class='ocrx_word' id='word_1_333' title='bbox 785 4008 886 4086; x_wconf 83' lang='grc' dir='ltr'><strong>γάρ</strong></span> <span class='ocrx_word' id='word_1_334' title='bbox 945 4009 1122 4065; x_wconf 76' lang='grc' dir='ltr'>ἐκεῖνα</span> <span class='ocrx_word' id='word_1_335' title='bbox 1177 4007 1347 4071; x_wconf 88' lang='grc' dir='ltr'>τύπος</span> <span class='ocrx_word' id='word_1_336' title='bbox 1401 4009 1469 4077; x_wconf 79' lang='grc' dir='ltr'>ἦν</span> <span class='ocrx_word' id='word_1_337' title='bbox 1529 4009 1617 4062; x_wconf 84' lang='grc' dir='ltr'><strong>καὶ</strong></span> <span class='ocrx_word' id='word_1_338' title='bbox 1677 4009 1802 4064; x_wconf 86' lang='grc' dir='ltr'><strong>σκιά</strong></span> <span class='ocrx_word' id='word_1_339' title='bbox 1856 4014 1955 4078; x_wconf 83' lang='grc' dir='ltr'>τῆς</span> 
     </span>
    </p>
   </div>
   <div class='ocr_carea' id='block_1_45' title="bbox 239 4095 1950 4173">
    <p class='ocr_par' dir='ltr' id='par_1_45' title="bbox 239 4095 1950 4173">
     <span class='ocr_line' id='line_1_45' title="bbox 239 4095 1950 4173; baseline -0.003 -16"><span class='ocrx_word' id='word_1_340' title='bbox 239 4099 534 4171; x_wconf 75' lang='grc' dir='ltr'>ἀληθείας,</span> <span class='ocrx_word' id='word_1_341' title='bbox 591 4099 680 4155; x_wconf 78' lang='grc' dir='ltr'>καὶ</span> <span class='ocrx_word' id='word_1_342' title='bbox 743 4102 1018 4172; x_wconf 82' lang='grc' dir='ltr'>μυστικῶς</span> <span class='ocrx_word' id='word_1_343' title='bbox 1059 4099 1479 4173; x_wconf 87' lang='grc' dir='ltr'>προτυπούμενα</span> <span class='ocrx_word' id='word_1_344' title='bbox 1535 4097 1635 4166; x_wconf 75' lang='grc' dir='ltr'><strong>τήν</strong></span> <span class='ocrx_word' id='word_1_345' title='bbox 1682 4095 1950 4168; x_wconf 73' lang='grc' dir='ltr'>ἀληθινὴν</span> 
     </span>
    </p>
   </div>
   <div class='ocr_carea' id='block_1_46' title="bbox 242 4183 1956 4266">
    <p class='ocr_par' dir='ltr' id='par_1_46' title="bbox 242 4183 1956 4266">
     <span class='ocr_line' id='line_1_46' title="bbox 242 4183 1956 4266; baseline 0.006 -18"><span class='ocrx_word' id='word_1_346' title='bbox 242 4189 526 4265; x_wconf 82' lang='grc' dir='ltr'>σωτηρίαν</span> <span class='ocrx_word' id='word_1_347' title='bbox 593 4189 902 4266; x_wconf 70' lang='grc' dir='ltr'>ὑπέγραφον</span> <span class='ocrx_word' id='word_1_348' title='bbox 959 4190 1057 4256; x_wconf 72' lang='grc' dir='ltr'>τῆς</span> <span class='ocrx_word' id='word_1_349' title='bbox 1109 4189 1296 4261; x_wconf 79' lang='grc' dir='ltr'>ψυχῆς</span> <span class='ocrx_word' id='word_1_350' title='bbox 1349 4189 1446 4255; x_wconf 72' lang='grc' dir='ltr'>τῆς</span> <span class='ocrx_word' id='word_1_351' title='bbox 1502 4183 1956 4260; x_wconf 72' lang='grc' dir='ltr'>ἐγκεκλεισμένης</span> 
     </span>
    </p>
   </div>
   <div class='ocr_carea' id='block_1_47' title="bbox 241 4273 1952 4353">
    <p class='ocr_par' dir='ltr' id='par_1_47' title="bbox 241 4273 1952 4353">
     <span class='ocr_line' id='line_1_47' title="bbox 241 4273 1952 4353; baseline -0.004 -18"><span class='ocrx_word' id='word_1_352' title='bbox 241 4285 328 4353; x_wconf 85' lang='grc' dir='ltr'>τῷ</span> <span class='ocrx_word' id='word_1_353' title='bbox 369 4277 576 4346; x_wconf 84' lang='grc' dir='ltr'>σκότει,</span> <span class='ocrx_word' id='word_1_354' title='bbox 621 4277 713 4333; x_wconf 86' lang='grc' dir='ltr'><strong>καὶ</strong></span> <span class='ocrx_word' id='word_1_355' title='bbox 769 4273 1154 4350; x_wconf 72' lang='grc' dir='ltr'>πεπεδημένης</span> <span class='ocrx_word' id='word_1_356' title='bbox 1205 4279 1460 4350; x_wconf 88' lang='grc' dir='ltr'>κρυπτῶς</span> <span class='ocrx_word' id='word_1_357' title='bbox 1519 4273 1570 4330; x_wconf 89' lang='grc' dir='ltr'><strong>ἐν</strong></span> <span class='ocrx_word' id='word_1_358' title='bbox 1619 4275 1807 4348; x_wconf 80' lang='grc' dir='ltr'>λάκκῳ</span> <span class='ocrx_word' id='word_1_359' title='bbox 1853 4295 1952 4330; x_wconf 83' lang='grc' dir='ltr'>κα-</span> 
     </span>
    </p>
   </div>
   <div class='ocr_carea' id='block_1_48' title="bbox 245 4361 1953 4441">
    <p class='ocr_par' dir='ltr' id='par_1_48' title="bbox 245 4361 1953 4441">
     <span class='ocr_line' id='line_1_48' title="bbox 245 4361 1953 4441; baseline -0.005 -15"><span class='ocrx_word' id='word_1_360' title='bbox 245 4370 507 4441; x_wconf 79' lang='grc' dir='ltr'>τωτάτῳ,</span> <span class='ocrx_word' id='word_1_361' title='bbox 553 4366 643 4421; x_wconf 80' lang='grc' dir='ltr'><strong>καὶ</strong></span> <span class='ocrx_word' id='word_1_362' title='bbox 692 4364 1248 4438; x_wconf 83' lang='grc' dir='ltr'>ἐναποκεκλεισμένης</span> <span class='ocrx_word' id='word_1_363' title='bbox 1297 4361 1495 4426; x_wconf 87' lang='grc' dir='ltr'>πύλαις</span> <span class='ocrx_word' id='word_1_364' title='bbox 1557 4362 1818 4439; x_wconf 86' lang='grc' dir='ltr'>χαλκαῖς,</span> <span class='ocrx_word' id='word_1_365' title='bbox 1866 4365 1953 4420; x_wconf 83' lang='grc' dir='ltr'><strong>καὶ</strong></span> 
     </span>
    </p>
   </div>
   <div class='ocr_carea' id='block_1_49' title="bbox 252 4452 1957 4533">
    <p class='ocr_par' dir='ltr' id='par_1_49' title="bbox 252 4452 1957 4533">
     <span class='ocr_line' id='line_1_49' title="bbox 252 4452 1957 4533; baseline -0.002 -21"><span class='ocrx_word' id='word_1_366' title='bbox 252 4460 332 4533; x_wconf 75' lang='grc' dir='ltr'>μὴ</span> <span class='ocrx_word' id='word_1_367' title='bbox 381 4453 683 4527; x_wconf 78' lang='grc' dir='ltr'>δυναμένης</span> <span class='ocrx_word' id='word_1_368' title='bbox 731 4454 856 4510; x_wconf 78' lang='grc' dir='ltr'>ἄνευ</span> <span class='ocrx_word' id='word_1_369' title='bbox 912 4460 1012 4524; x_wconf 79' lang='grc' dir='ltr'>τῆς</span> <span class='ocrx_word' id='word_1_370' title='bbox 1077 4457 1176 4510; x_wconf 84' lang='grc' dir='ltr'><strong>τοῦ</strong></span> <span class='ocrx_word' id='word_1_371' title='bbox 1231 4454 1466 4529; x_wconf 80' lang='grc' dir='ltr'>Χριστοῦ</span> <span class='ocrx_word' id='word_1_372' title='bbox 1521 4452 1957 4527; x_wconf 84' lang='grc' dir='ltr'>ἀπολυτρώσεως</span> 
     </span>
    </p>
   </div>
   <div class='ocr_carea' id='block_1_50' title="bbox 249 4546 708 4620">
    <p class='ocr_par' dir='ltr' id='par_1_50' title="bbox 249 4546 708 4620">
     <span class='ocr_line' id='line_1_50' title="bbox 249 4546 708 4620; baseline 0.002 -18"><span class='ocrx_word' id='word_1_373' title='bbox 249 4546 708 4620; x_wconf 76' lang='grc' dir='ltr'>ἐλευθερωθῆναι.</span> 
     </span>
    </p>
   </div>
   <div class='ocr_carea' id='block_1_51' title="bbox 2066 618 3764 695">
    <p class='ocr_par' dir='ltr' id='par_1_51' title="bbox 2066 618 3764 695">
     <span class='ocr_line' id='line_1_51' title="bbox 2066 618 3764 695; baseline 0.006 -21"><span class='ocrx_word' id='word_1_374' title='bbox 2066 618 2449 675; x_wconf 69' lang='grc' dir='ltr'>οιοωοοιὶουθ</span> <span class='ocrx_word' id='word_1_375' title='bbox 2507 635 2574 675; x_wconf 81' lang='lat' dir='ltr'><strong>ex</strong></span> <span class='ocrx_word' id='word_1_376' title='bbox 2631 620 2898 676; x_wconf 83' lang='lat' dir='ltr'><strong>obscenis</strong></span> <span class='ocrx_word' id='word_1_377' title='bbox 2974 621 3304 678; x_wconf 88' lang='lat' dir='ltr'><strong>actionibus</strong></span> <span class='ocrx_word' id='word_1_378' title='bbox 3377 627 3436 680; x_wconf 89' lang='lat' dir='ltr'><strong>et</strong></span> <span class='ocrx_word' id='word_1_379' title='bbox 3513 627 3764 695; x_wconf 80' lang='lat' dir='ltr'><strong>peccatis</strong></span> 
     </span>
    </p>
   </div>
   <div class='ocr_carea' id='block_1_52' title="bbox 2066 711 3766 784">
    <p class='ocr_par' dir='ltr' id='par_1_52' title="bbox 2066 711 3766 784">
     <span class='ocr_line' id='line_1_52' title="bbox 2066 711 3766 784; baseline 0.006 -22"><span class='ocrx_word' id='word_1_380' title='bbox 2066 713 2370 780; x_wconf 81' lang='lat' dir='ltr'><strong>prognata,</strong></span> <span class='ocrx_word' id='word_1_381' title='bbox 2405 711 2716 780; x_wconf 72' lang='lat' dir='ltr'><strong>praeterita.</strong></span> <span class='ocrx_word' id='word_1_382' title='bbox 2770 712 2944 769; x_wconf 88' lang='lat' dir='ltr'><strong>Porro</strong></span> <span class='ocrx_word' id='word_1_383' title='bbox 2977 713 3240 784; x_wconf 68' lang='lat' dir='ltr'><strong>praecipit</strong></span> <span class='ocrx_word' id='word_1_384' title='bbox 3271 723 3393 770; x_wconf 92' lang='lat' dir='ltr'><strong>tum</strong></span> <span class='ocrx_word' id='word_1_385' title='bbox 3427 714 3648 772; x_wconf 83' lang='lat' dir='ltr'><strong>aboleri</strong></span> <span class='ocrx_word' id='word_1_386' title='bbox 3697 734 3766 773; x_wconf 82' lang='lat' dir='ltr'><strong>ex</strong></span> 
     </span>
    </p>
   </div>
   <div class='ocr_carea' id='block_1_53' title="bbox 2066 801 3764 874">
    <p class='ocr_par' dir='ltr' id='par_1_53' title="bbox 2066 801 3764 874">
     <span class='ocr_line' id='line_1_53' title="bbox 2066 801 3764 874; baseline 0.006 -22"><span class='ocrx_word' id='word_1_387' title='bbox 2066 814 2416 871; x_wconf 87' lang='lat' dir='ltr'><strong>unaquaque</strong></span> <span class='ocrx_word' id='word_1_388' title='bbox 2455 801 2628 856; x_wconf 91' lang='lat' dir='ltr'><strong>domo</strong></span> <span class='ocrx_word' id='word_1_389' title='bbox 2667 817 2836 857; x_wconf 88' lang='lat' dir='ltr'><strong>omne</strong></span> <span class='ocrx_word' id='word_1_390' title='bbox 2886 803 3237 860; x_wconf 83' lang='lat' dir='ltr'><strong>fermentum</strong></span> <span class='ocrx_word' id='word_1_391' title='bbox 3287 805 3613 874; x_wconf 83' lang='lat' dir='ltr'><strong>antiquum,</strong></span> <span class='ocrx_word' id='word_1_392' title='bbox 3671 823 3764 862; x_wconf 88' lang='lat' dir='ltr'><strong>ac-</strong></span> 
     </span>
    </p>
   </div>
   <div class='ocr_carea' id='block_1_54' title="bbox 2064 886 3764 967">
    <p class='ocr_par' dir='ltr' id='par_1_54' title="bbox 2064 886 3764 967">
     <span class='ocr_line' id='line_1_54' title="bbox 2064 886 3764 967; baseline 0.004 -26"><span class='ocrx_word' id='word_1_393' title='bbox 2064 886 2252 943; x_wconf 90' lang='lat' dir='ltr'><strong>tiones</strong></span> <span class='ocrx_word' id='word_1_394' title='bbox 2309 888 2613 958; x_wconf 80' lang='lat' dir='ltr'><strong>nimirum,</strong></span> <span class='ocrx_word' id='word_1_395' title='bbox 2669 895 2724 946; x_wconf 93' lang='lat' dir='ltr'><strong>et</strong></span> <span class='ocrx_word' id='word_1_396' title='bbox 2779 890 3023 946; x_wconf 89' lang='lat' dir='ltr'><strong>consilia</strong></span> <span class='ocrx_word' id='word_1_397' title='bbox 3082 893 3290 949; x_wconf 90' lang='lat' dir='ltr'><strong>veteris</strong></span> <span class='ocrx_word' id='word_1_398' title='bbox 3349 893 3605 951; x_wconf 87' lang='lat' dir='ltr'><strong>hominis</strong></span> <span class='ocrx_word' id='word_1_399' title='bbox 3663 895 3764 967; x_wconf 91' lang='lat' dir='ltr'><strong>qui</strong></span> 
     </span>
    </p>
   </div>
   <div class='ocr_carea' id='block_1_55' title="bbox 2064 977 3766 1052">
    <p class='ocr_par' dir='ltr' id='par_1_55' title="bbox 2064 977 3766 1052">
     <span class='ocr_line' id='line_1_55' title="bbox 2064 977 3766 1052; baseline 0.006 -21"><span class='ocrx_word' id='word_1_400' title='bbox 2064 977 2477 1047; x_wconf 82' lang='lat' dir='ltr'><strong>corrumpitur,</strong></span> <span class='ocrx_word' id='word_1_401' title='bbox 2512 995 2578 1033; x_wconf 88' lang='lat' dir='ltr'><strong>ac</strong></span> <span class='ocrx_word' id='word_1_402' title='bbox 2637 995 2926 1050; x_wconf 88' lang='lat' dir='ltr'><strong>perversas</strong></span> <span class='ocrx_word' id='word_1_403' title='bbox 2984 981 3363 1052; x_wconf 83' lang='lat' dir='ltr'><strong>cogitationes</strong></span> <span class='ocrx_word' id='word_1_404' title='bbox 3393 987 3451 1038; x_wconf 90' lang='lat' dir='ltr'><strong>et</strong></span> <span class='ocrx_word' id='word_1_405' title='bbox 3509 986 3766 1041; x_wconf 83' lang='lat' dir='ltr'><strong>medita~</strong></span> 
     </span>
    </p>
   </div>
   <div class='ocr_carea' id='block_1_56' title="bbox 2061 1066 3491 1141">
    <p class='ocr_par' dir='ltr' id='par_1_56' title="bbox 2061 1066 3491 1141">
     <span class='ocr_line' id='line_1_56' title="bbox 2061 1066 3491 1141; baseline 0.006 -21"><span class='ocrx_word' id='word_1_406' title='bbox 2061 1066 2252 1122; x_wconf 84' lang='lat' dir='ltr'><strong>tiones</strong></span> <span class='ocrx_word' id='word_1_407' title='bbox 2282 1067 2576 1134; x_wconf 91' lang='lat' dir='ltr'><strong>sordidas,</strong></span> <span class='ocrx_word' id='word_1_408' title='bbox 2597 1070 2787 1139; x_wconf 86' lang='lat' dir='ltr'><strong>quoad</strong></span> <span class='ocrx_word' id='word_1_409' title='bbox 2819 1067 2944 1124; x_wconf 78' lang='lat' dir='ltr'><strong>fieri</strong></span> <span class='ocrx_word' id='word_1_410' title='bbox 2975 1073 3189 1140; x_wconf 85' lang='lat' dir='ltr'><strong>potest,</strong></span> <span class='ocrx_word' id='word_1_411' title='bbox 3220 1070 3491 1141; x_wconf 85' lang='lat' dir='ltr'><strong>abjicere.</strong></span> 
     </span>
    </p>
   </div>
   <div class='ocr_carea' id='block_1_57' title="bbox 2135 1244 3766 1323">
    <p class='ocr_par' dir='ltr' id='par_1_57' title="bbox 2135 1244 3766 1323">
     <span class='ocr_line' id='line_1_57' title="bbox 2135 1244 3766 1323; baseline 0.005 -22"><span class='ocrx_word' id='word_1_412' title='bbox 2135 1244 2274 1301; x_wconf 81' lang='lat' dir='ltr'><strong>Vill.</strong></span> <span class='ocrx_word' id='word_1_413' title='bbox 2309 1246 2545 1302; x_wconf 89' lang='lat' dir='ltr'><strong>Mactari</strong></span> <span class='ocrx_word' id='word_1_414' title='bbox 2569 1250 2796 1319; x_wconf 87' lang='lat' dir='ltr'><strong>oportet</strong></span> <span class='ocrx_word' id='word_1_415' title='bbox 2844 1263 3062 1320; x_wconf 86' lang='lat' dir='ltr'><strong>agnum</strong></span> <span class='ocrx_word' id='word_1_416' title='bbox 3089 1252 3146 1304; x_wconf 89' lang='lat' dir='ltr'><strong>et</strong></span> <span class='ocrx_word' id='word_1_417' title='bbox 3176 1246 3490 1317; x_wconf 87' lang='lat' dir='ltr'><strong>immolari,</strong></span> <span class='ocrx_word' id='word_1_418' title='bbox 3523 1251 3766 1323; x_wconf 82' lang='lat' dir='ltr'><strong>ejusque</strong></span> 
     </span>
    </p>
   </div>
   <div class='ocr_carea' id='block_1_58' title="bbox 2065 1337 3766 1408">
    <p class='ocr_par' dir='ltr' id='par_1_58' title="bbox 2065 1337 3766 1408">
     <span class='ocr_line' id='line_1_58' title="bbox 2065 1337 3766 1408; baseline 0.004 -17"><span class='ocrx_word' id='word_1_419' title='bbox 2065 1337 2409 1408; x_wconf 88' lang='lat' dir='ltr'><strong>sanguinem</strong></span> <span class='ocrx_word' id='word_1_420' title='bbox 2469 1337 2696 1393; x_wconf 89' lang='lat' dir='ltr'><strong>illinere</strong></span> <span class='ocrx_word' id='word_1_421' title='bbox 2748 1338 2994 1394; x_wconf 80' lang='lat' dir='ltr'><strong>foribus.</strong></span> <span class='ocrx_word' id='word_1_422' title='bbox 3049 1339 3319 1394; x_wconf 86' lang='lat' dir='ltr'><strong>Christus</strong></span> <span class='ocrx_word' id='word_1_423' title='bbox 3375 1340 3532 1395; x_wconf 90' lang='lat' dir='ltr'><strong>enim</strong></span> <span class='ocrx_word' id='word_1_424' title='bbox 3590 1357 3766 1398; x_wconf 86' lang='lat' dir='ltr'><strong>verus</strong></span> 
     </span>
    </p>
   </div>
   <div class='ocr_carea' id='block_1_59' title="bbox 2062 1424 3770 1498">
    <p class='ocr_par' dir='ltr' id='par_1_59' title="bbox 2062 1424 3770 1498">
     <span class='ocr_line' id='line_1_59' title="bbox 2062 1424 3770 1498; baseline 0.004 -17"><span class='ocrx_word' id='word_1_425' title='bbox 2062 1424 2249 1481; x_wconf 89' lang='lat' dir='ltr'><strong>bonus</strong></span> <span class='ocrx_word' id='word_1_426' title='bbox 2278 1436 2332 1482; x_wconf 88' lang='lat' dir='ltr'><strong>et</strong></span> <span class='ocrx_word' id='word_1_427' title='bbox 2364 1425 2780 1483; x_wconf 88' lang='lat' dir='ltr'><strong>immaculatus</strong></span> <span class='ocrx_word' id='word_1_428' title='bbox 2811 1444 2998 1494; x_wconf 79' lang='lat' dir='ltr'><strong>agnus</strong></span> <span class='ocrx_word' id='word_1_429' title='bbox 3058 1433 3346 1485; x_wconf 86' lang='lat' dir='ltr'><strong>mactatus</strong></span> <span class='ocrx_word' id='word_1_430' title='bbox 3408 1435 3518 1498; x_wconf 90' lang='lat' dir='ltr'><strong>est,</strong></span> <span class='ocrx_word' id='word_1_431' title='bbox 3551 1436 3609 1486; x_wconf 91' lang='lat' dir='ltr'><strong>et</strong></span> <span class='ocrx_word' id='word_1_432' title='bbox 3637 1448 3770 1487; x_wconf 90' lang='lat' dir='ltr'><strong>san-</strong></span> 
     </span>
    </p>
   </div>
   <div class='ocr_carea' id='block_1_60' title="bbox 2065 1515 3768 1584">
    <p class='ocr_par' dir='ltr' id='par_1_60' title="bbox 2065 1515 3768 1584">
     <span class='ocr_line' id='line_1_60' title="bbox 2065 1515 3768 1584; baseline 0.003 -14"><span class='ocrx_word' id='word_1_433' title='bbox 2065 1515 2238 1584; x_wconf 79' lang='lat' dir='ltr'><strong>guine</strong></span> <span class='ocrx_word' id='word_1_434' title='bbox 2285 1517 2409 1584; x_wconf 89' lang='lat' dir='ltr'><strong>ejus</strong></span> <span class='ocrx_word' id='word_1_435' title='bbox 2441 1523 2614 1571; x_wconf 87' lang='lat' dir='ltr'><strong>uncta</strong></span> <span class='ocrx_word' id='word_1_436' title='bbox 2671 1516 2874 1572; x_wconf 87' lang='lat' dir='ltr'><strong>limina</strong></span> <span class='ocrx_word' id='word_1_437' title='bbox 2919 1517 3132 1584; x_wconf 90' lang='lat' dir='ltr'><strong>cordis,</strong></span> <span class='ocrx_word' id='word_1_438' title='bbox 3183 1523 3249 1572; x_wconf 90' lang='lat' dir='ltr'><strong>ut</strong></span> <span class='ocrx_word' id='word_1_439' title='bbox 3307 1518 3409 1574; x_wconf 81' lang='lat' dir='ltr'><strong>fiat</strong></span> <span class='ocrx_word' id='word_1_440' title='bbox 3439 1520 3657 1575; x_wconf 85' lang='lat' dir='ltr'><strong>etl‘usus</strong></span> <span class='ocrx_word' id='word_1_441' title='bbox 3707 1521 3768 1575; x_wconf 90' lang='lat' dir='ltr'><strong>in</strong></span> 
     </span>
    </p>
   </div>
   <div class='ocr_carea' id='block_1_61' title="bbox 2065 1603 3768 1678">
    <p class='ocr_par' dir='ltr' id='par_1_61' title="bbox 2065 1603 3768 1678">
     <span class='ocr_line' id='line_1_61' title="bbox 2065 1603 3768 1678; baseline 0.004 -20"><span class='ocrx_word' id='word_1_442' title='bbox 2065 1619 2235 1659; x_wconf 88' lang='lat' dir='ltr'><strong>cruce</strong></span> <span class='ocrx_word' id='word_1_443' title='bbox 2283 1603 2520 1676; x_wconf 83' lang='lat' dir='ltr'><strong>sanguis</strong></span> <span class='ocrx_word' id='word_1_444' title='bbox 2550 1603 2786 1670; x_wconf 91' lang='lat' dir='ltr'><strong>Christi,</strong></span> <span class='ocrx_word' id='word_1_445' title='bbox 2837 1605 3050 1660; x_wconf 67' lang='lat' dir='ltr'><strong>animae</strong></span> <span class='ocrx_word' id='word_1_446' title='bbox 3105 1605 3340 1678; x_wconf 91' lang='lat' dir='ltr'><strong>quidem</strong></span> <span class='ocrx_word' id='word_1_447' title='bbox 3393 1608 3510 1663; x_wconf 87' lang='lat' dir='ltr'><strong>vita</strong></span> <span class='ocrx_word' id='word_1_448' title='bbox 3567 1612 3624 1664; x_wconf 89' lang='lat' dir='ltr'><strong>et</strong></span> <span class='ocrx_word' id='word_1_449' title='bbox 3681 1625 3768 1665; x_wconf 90' lang='lat' dir='ltr'><strong>re-</strong></span> 
     </span>
    </p>
   </div>
   <div class='ocr_carea' id='block_1_62' title="bbox 2065 1691 3764 1765">
    <p class='ocr_par' dir='ltr' id='par_1_62' title="bbox 2065 1691 3764 1765">
     <span class='ocr_line' id='line_1_62' title="bbox 2065 1691 3764 1765; baseline 0.003 -18"><span class='ocrx_word' id='word_1_450' title='bbox 2065 1691 2328 1764; x_wconf 88' lang='lat' dir='ltr'><strong>demptio</strong></span> <span class='ocrx_word' id='word_1_451' title='bbox 2355 1712 2369 1762; x_wconf 89' lang='lat'><strong>;</strong></span> <span class='ocrx_word' id='word_1_452' title='bbox 2398 1693 2680 1765; x_wconf 62' lang='lat' dir='ltr'><strong>[Egyptiis</strong></span> <span class='ocrx_word' id='word_1_453' title='bbox 2712 1709 2840 1748; x_wconf 88' lang='lat' dir='ltr'><strong>vero</strong></span> <span class='ocrx_word' id='word_1_454' title='bbox 2862 1695 3228 1750; x_wconf 72' lang='lat' dir='ltr'><strong>daemonibus</strong></span> <span class='ocrx_word' id='word_1_455' title='bbox 3258 1695 3454 1751; x_wconf 90' lang='lat' dir='ltr'><strong>luctus</strong></span> <span class='ocrx_word' id='word_1_456' title='bbox 3493 1701 3552 1751; x_wconf 89' lang='lat' dir='ltr'><strong>et</strong></span> <span class='ocrx_word' id='word_1_457' title='bbox 3584 1713 3764 1754; x_wconf 89' lang='lat' dir='ltr'><strong>mors.</strong></span> 
     </span>
    </p>
   </div>
   <div class='ocr_carea' id='block_1_63' title="bbox 2065 1781 3766 1861">
    <p class='ocr_par' dir='ltr' id='par_1_63' title="bbox 2065 1781 3766 1861">
     <span class='ocr_line' id='line_1_63' title="bbox 2065 1781 3766 1861; baseline 0.005 -27"><span class='ocrx_word' id='word_1_458' title='bbox 2065 1781 2209 1838; x_wconf 89' lang='lat' dir='ltr'><strong>Vere</strong></span> <span class='ocrx_word' id='word_1_459' title='bbox 2239 1784 2398 1861; x_wconf 88' lang='lat' dir='ltr'><strong>enim</strong></span> <span class='ocrx_word' id='word_1_460' title='bbox 2430 1783 2624 1840; x_wconf 87' lang='lat' dir='ltr'><strong>luctus</strong></span> <span class='ocrx_word' id='word_1_461' title='bbox 2655 1782 2772 1839; x_wconf 92' lang='lat' dir='ltr'><strong>illis</strong></span> <span class='ocrx_word' id='word_1_462' title='bbox 2816 1788 2946 1849; x_wconf 90' lang='lat' dir='ltr'><strong>est;</strong></span> <span class='ocrx_word' id='word_1_463' title='bbox 3003 1784 3283 1854; x_wconf 85' lang='lat' dir='ltr'><strong>gaudium</strong></span> <span class='ocrx_word' id='word_1_464' title='bbox 3332 1791 3522 1841; x_wconf 89' lang='lat' dir='ltr'><strong>autem</strong></span> <span class='ocrx_word' id='word_1_465' title='bbox 3575 1791 3632 1842; x_wconf 90' lang='lat' dir='ltr'><strong>et</strong></span> <span class='ocrx_word' id='word_1_466' title='bbox 3669 1803 3766 1842; x_wconf 84' lang='lat' dir='ltr'><strong>ex-</strong></span> 
     </span>
    </p>
   </div>
   <div class='ocr_carea' id='block_1_64' title="bbox 2064 1869 3764 1945">
    <p class='ocr_par' dir='ltr' id='par_1_64' title="bbox 2064 1869 3764 1945">
     <span class='ocr_line' id='line_1_64' title="bbox 2064 1869 3764 1945; baseline 0.005 -22"><span class='ocrx_word' id='word_1_467' title='bbox 2064 1869 2300 1927; x_wconf 87' lang='lat' dir='ltr'><strong>sultatio</strong></span> <span class='ocrx_word' id='word_1_468' title='bbox 2357 1871 2587 1940; x_wconf 63' lang='lat' dir='ltr'><strong>animae,</strong></span> <span class='ocrx_word' id='word_1_469' title='bbox 2645 1871 3010 1928; x_wconf 86' lang='lat' dir='ltr'><strong>immaculati</strong></span> <span class='ocrx_word' id='word_1_470' title='bbox 3074 1872 3230 1928; x_wconf 87' lang='lat' dir='ltr'><strong>illius</strong></span> <span class='ocrx_word' id='word_1_471' title='bbox 3287 1874 3421 1945; x_wconf 89' lang='lat' dir='ltr'><strong>agni</strong></span> <span class='ocrx_word' id='word_1_472' title='bbox 3499 1875 3764 1945; x_wconf 84' lang='lat' dir='ltr'><strong>sanguis.</strong></span> 
     </span>
    </p>
   </div>
   <div class='ocr_carea' id='block_1_65' title="bbox 2066 1959 3768 2034">
    <p class='ocr_par' dir='ltr' id='par_1_65' title="bbox 2066 1959 3768 2034">
     <span class='ocr_line' id='line_1_65' title="bbox 2066 1959 3768 2034; baseline 0.004 -20"><span class='ocrx_word' id='word_1_473' title='bbox 2066 1959 2284 2017; x_wconf 90' lang='lat' dir='ltr'><strong>Deinde</strong></span> <span class='ocrx_word' id='word_1_474' title='bbox 2314 1966 2446 2032; x_wconf 90' lang='lat' dir='ltr'><strong>post</strong></span> <span class='ocrx_word' id='word_1_475' title='bbox 2507 1961 2838 2018; x_wconf 91' lang='lat' dir='ltr'><strong>unctionem</strong></span> <span class='ocrx_word' id='word_1_476' title='bbox 2881 1963 3050 2032; x_wconf 89' lang='lat' dir='ltr'><strong>jubet</strong></span> <span class='ocrx_word' id='word_1_477' title='bbox 3107 1963 3179 2017; x_wconf 91' lang='lat' dir='ltr'><strong>ad</strong></span> <span class='ocrx_word' id='word_1_478' title='bbox 3235 1978 3528 2034; x_wconf 81' lang='lat' dir='ltr'><strong>vesperam</strong></span> <span class='ocrx_word' id='word_1_479' title='bbox 3586 1979 3768 2020; x_wconf 89' lang='lat' dir='ltr'><strong>come-</strong></span> 
     </span>
    </p>
   </div>
   <div class='ocr_carea' id='block_1_66' title="bbox 2064 2050 3764 2125">
    <p class='ocr_par' dir='ltr' id='par_1_66' title="bbox 2064 2050 3764 2125">
     <span class='ocr_line' id='line_1_66' title="bbox 2064 2050 3764 2125; baseline 0.001 -19"><span class='ocrx_word' id='word_1_480' title='bbox 2064 2051 2198 2106; x_wconf 89' lang='lat' dir='ltr'><strong>dere</strong></span> <span class='ocrx_word' id='word_1_481' title='bbox 2257 2066 2497 2120; x_wconf 83' lang='lat' dir='ltr'><strong>agnum,</strong></span> <span class='ocrx_word' id='word_1_482' title='bbox 2556 2056 2613 2106; x_wconf 91' lang='lat' dir='ltr'><strong>et</strong></span> <span class='ocrx_word' id='word_1_483' title='bbox 2669 2067 2864 2123; x_wconf 88' lang='lat' dir='ltr'><strong>azyma</strong></span> <span class='ocrx_word' id='word_1_484' title='bbox 2913 2066 3043 2106; x_wconf 89' lang='lat' dir='ltr'><strong>cum</strong></span> <span class='ocrx_word' id='word_1_485' title='bbox 3103 2050 3345 2107; x_wconf 89' lang='lat' dir='ltr'><strong>lactucis</strong></span> <span class='ocrx_word' id='word_1_486' title='bbox 3414 2054 3764 2125; x_wconf 84' lang='lat' dir='ltr'><strong>agrestibus,</strong></span> 
     </span>
    </p>
   </div>
   <div class='ocr_carea' id='block_1_67' title="bbox 2062 2139 3768 2206">
    <p class='ocr_par' dir='ltr' id='par_1_67' title="bbox 2062 2139 3768 2206">
     <span class='ocr_line' id='line_1_67' title="bbox 2062 2139 3768 2206; baseline 0.001 -11"><span class='ocrx_word' id='word_1_487' title='bbox 2062 2139 2516 2196; x_wconf 89' lang='lat' dir='ltr'><strong>circumcinctos</strong></span> <span class='ocrx_word' id='word_1_488' title='bbox 2570 2141 2834 2206; x_wconf 88' lang='lat' dir='ltr'><strong>renibus,</strong></span> <span class='ocrx_word' id='word_1_489' title='bbox 2895 2140 3181 2195; x_wconf 83' lang='lat' dir='ltr'><strong>calceatos</strong></span> <span class='ocrx_word' id='word_1_490' title='bbox 3239 2141 3546 2203; x_wconf 90' lang='lat' dir='ltr'><strong>sandaliis.</strong></span> <span class='ocrx_word' id='word_1_491' title='bbox 3603 2147 3662 2197; x_wconf 92' lang='lat' dir='ltr'><strong>et</strong></span> <span class='ocrx_word' id='word_1_492' title='bbox 3692 2147 3768 2197; x_wconf 83' lang='lat' dir='ltr'><strong>tc-</strong></span> 
     </span>
    </p>
   </div>
   <div class='ocr_carea' id='block_1_68' title="bbox 2064 2229 3766 2300">
    <p class='ocr_par' dir='ltr' id='par_1_68' title="bbox 2064 2229 3766 2300">
     <span class='ocr_line' id='line_1_68' title="bbox 2064 2229 3766 2300; baseline 0.001 -16"><span class='ocrx_word' id='word_1_493' title='bbox 2064 2234 2266 2284; x_wconf 87' lang='lat' dir='ltr'><strong>nentes</strong></span> <span class='ocrx_word' id='word_1_494' title='bbox 2313 2229 2555 2286; x_wconf 88' lang='lat' dir='ltr'><strong>baculos</strong></span> <span class='ocrx_word' id='word_1_495' title='bbox 2612 2229 2673 2284; x_wconf 93' lang='lat' dir='ltr'><strong>in</strong></span> <span class='ocrx_word' id='word_1_496' title='bbox 2726 2230 3022 2285; x_wconf 89' lang='lat' dir='ltr'><strong>manibus.</strong></span> <span class='ocrx_word' id='word_1_497' title='bbox 3084 2229 3203 2286; x_wconf 87' lang='lat' dir='ltr'><strong>Nisi</strong></span> <span class='ocrx_word' id='word_1_498' title='bbox 3262 2231 3418 2285; x_wconf 90' lang='lat' dir='ltr'><strong>enim</strong></span> <span class='ocrx_word' id='word_1_499' title='bbox 3470 2231 3631 2300; x_wconf 91' lang='lat' dir='ltr'><strong>prius</strong></span> <span class='ocrx_word' id='word_1_500' title='bbox 3688 2231 3766 2286; x_wconf 90' lang='lat' dir='ltr'><strong>sit</strong></span> 
     </span>
    </p>
   </div>
   <div class='ocr_carea' id='block_1_69' title="bbox 2065 2317 3762 2392">
    <p class='ocr_par' dir='ltr' id='par_1_69' title="bbox 2065 2317 3762 2392">
     <span class='ocr_line' id='line_1_69' title="bbox 2065 2317 3762 2392; baseline 0.001 -17"><span class='ocrx_word' id='word_1_501' title='bbox 2065 2317 2264 2375; x_wconf 81' lang='lat' dir='ltr'><strong>anima</strong></span> <span class='ocrx_word' id='word_1_502' title='bbox 2346 2323 2668 2390; x_wconf 68' lang='lat' dir='ltr'><strong>prteparata</strong></span> <span class='ocrx_word' id='word_1_503' title='bbox 2725 2319 3116 2390; x_wconf 87' lang='lat' dir='ltr'><strong>undequaque</strong></span> <span class='ocrx_word' id='word_1_504' title='bbox 3182 2335 3284 2390; x_wconf 90' lang='lat' dir='ltr'><strong>per</strong></span> <span class='ocrx_word' id='word_1_505' title='bbox 3358 2320 3509 2375; x_wconf 87' lang='lat' dir='ltr'><strong>bona</strong></span> <span class='ocrx_word' id='word_1_506' title='bbox 3564 2337 3762 2392; x_wconf 83' lang='lat' dir='ltr'><strong>opera.</strong></span> 
     </span>
    </p>
   </div>
   <div class='ocr_carea' id='block_1_70' title="bbox 2063 2407 3768 2478">
    <p class='ocr_par' dir='ltr' id='par_1_70' title="bbox 2063 2407 3768 2478">
     <span class='ocr_line' id='line_1_70' title="bbox 2063 2407 3768 2478; baseline 0.001 -16"><span class='ocrx_word' id='word_1_507' title='bbox 2063 2413 2348 2478; x_wconf 89' lang='lat' dir='ltr'><strong>quantum</strong></span> <span class='ocrx_word' id='word_1_508' title='bbox 2383 2409 2440 2462; x_wconf 91' lang='lat' dir='ltr'><strong>in</strong></span> <span class='ocrx_word' id='word_1_509' title='bbox 2473 2407 2602 2476; x_wconf 91' lang='lat' dir='ltr'><strong>ipsa</strong></span> <span class='ocrx_word' id='word_1_510' title='bbox 2629 2415 2738 2475; x_wconf 89' lang='lat' dir='ltr'><strong>est,</strong></span> <span class='ocrx_word' id='word_1_511' title='bbox 2771 2424 2886 2463; x_wconf 92' lang='lat' dir='ltr'><strong>non</strong></span> <span class='ocrx_word' id='word_1_512' title='bbox 2930 2408 3272 2464; x_wconf 89' lang='lat' dir='ltr'><strong>conceditur</strong></span> <span class='ocrx_word' id='word_1_513' title='bbox 3306 2408 3414 2476; x_wconf 88' lang='lat' dir='ltr'><strong>illi,</strong></span> <span class='ocrx_word' id='word_1_514' title='bbox 3458 2413 3522 2463; x_wconf 91' lang='lat' dir='ltr'><strong>ut</strong></span> <span class='ocrx_word' id='word_1_515' title='bbox 3576 2425 3768 2464; x_wconf 89' lang='lat' dir='ltr'><strong>come-</strong></span> 
     </span>
    </p>
   </div>
   <div class='ocr_carea' id='block_1_71' title="bbox 2062 2497 3767 2570">
    <p class='ocr_par' dir='ltr' id='par_1_71' title="bbox 2062 2497 3767 2570">
     <span class='ocr_line' id='line_1_71' title="bbox 2062 2497 3767 2570; baseline 0.001 -18"><span class='ocrx_word' id='word_1_516' title='bbox 2062 2501 2158 2553; x_wconf 89' lang='lat' dir='ltr'><strong>dat</strong></span> <span class='ocrx_word' id='word_1_517' title='bbox 2186 2498 2258 2553; x_wconf 87' lang='lat' dir='ltr'><strong>de</strong></span> <span class='ocrx_word' id='word_1_518' title='bbox 2287 2513 2460 2570; x_wconf 88' lang='lat' dir='ltr'><strong>agno.</strong></span> <span class='ocrx_word' id='word_1_519' title='bbox 2510 2500 2574 2550; x_wconf 89' lang='lat' dir='ltr'><strong>Et</strong></span> <span class='ocrx_word' id='word_1_520' title='bbox 2630 2497 2764 2553; x_wconf 92' lang='lat' dir='ltr'><strong>licet</strong></span> <span class='ocrx_word' id='word_1_521' title='bbox 2818 2497 3009 2552; x_wconf 85' lang='lat' dir='ltr'><strong>suavis</strong></span> <span class='ocrx_word' id='word_1_522' title='bbox 3067 2497 3141 2552; x_wconf 88' lang='lat' dir='ltr'><strong>sit</strong></span> <span class='ocrx_word' id='word_1_523' title='bbox 3209 2513 3394 2567; x_wconf 89' lang='lat' dir='ltr'><strong>agnus</strong></span> <span class='ocrx_word' id='word_1_524' title='bbox 3443 2503 3500 2552; x_wconf 92' lang='lat' dir='ltr'><strong>et</strong></span> <span class='ocrx_word' id='word_1_525' title='bbox 3565 2515 3767 2569; x_wconf 82' lang='lat' dir='ltr'><strong>azyma</strong></span> 
     </span>
    </p>
   </div>
   <div class='ocr_carea' id='block_1_72' title="bbox 2062 2585 3764 2657">
    <p class='ocr_par' dir='ltr' id='par_1_72' title="bbox 2062 2585 3764 2657">
     <span class='ocr_line' id='line_1_72' title="bbox 2062 2585 3764 2657; baseline 0.001 -16"><span class='ocrx_word' id='word_1_526' title='bbox 2062 2586 2233 2655; x_wconf 84' lang='lat' dir='ltr'><strong>bona,</strong></span> <span class='ocrx_word' id='word_1_527' title='bbox 2267 2603 2477 2642; x_wconf 66' lang='lat' dir='ltr'><strong>amarae</strong></span> <span class='ocrx_word' id='word_1_528' title='bbox 2509 2591 2703 2642; x_wconf 87' lang='lat' dir='ltr'><strong>tamen</strong></span> <span class='ocrx_word' id='word_1_529' title='bbox 2755 2591 2812 2641; x_wconf 90' lang='lat' dir='ltr'><strong>et</strong></span> <span class='ocrx_word' id='word_1_530' title='bbox 2870 2602 3092 2657; x_wconf 65' lang='lat' dir='ltr'><strong>asperae</strong></span> <span class='ocrx_word' id='word_1_531' title='bbox 3122 2591 3259 2642; x_wconf 90' lang='lat' dir='ltr'><strong>sunt</strong></span> <span class='ocrx_word' id='word_1_532' title='bbox 3295 2585 3555 2642; x_wconf 61' lang='lat' dir='ltr'><strong>lactucae.</strong></span> <span class='ocrx_word' id='word_1_533' title='bbox 3617 2587 3764 2642; x_wconf 88' lang='lat' dir='ltr'><strong>Cum</strong></span> 
     </span>
    </p>
   </div>
   <div class='ocr_carea' id='block_1_73' title="bbox 2061 2674 3766 2745">
    <p class='ocr_par' dir='ltr' id='par_1_73' title="bbox 2061 2674 3766 2745">
     <span class='ocr_line' id='line_1_73' title="bbox 2061 2674 3766 2745; baseline 0.001 -15"><span class='ocrx_word' id='word_1_534' title='bbox 2061 2674 2375 2732; x_wconf 85' lang='lat' dir='ltr'><strong>afﬂictione</strong></span> <span class='ocrx_word' id='word_1_535' title='bbox 2430 2690 2564 2745; x_wconf 87' lang='lat' dir='ltr'><strong>ergo</strong></span> <span class='ocrx_word' id='word_1_536' title='bbox 2620 2691 2855 2732; x_wconf 83' lang='lat' dir='ltr'><strong>summa</strong></span> <span class='ocrx_word' id='word_1_537' title='bbox 2884 2681 2942 2730; x_wconf 91' lang='lat' dir='ltr'><strong>et</strong></span> <span class='ocrx_word' id='word_1_538' title='bbox 2973 2675 3243 2731; x_wconf 90' lang='lat' dir='ltr'><strong>molestia</strong></span> <span class='ocrx_word' id='word_1_539' title='bbox 3289 2675 3412 2731; x_wconf 91' lang='lat' dir='ltr'><strong>edit</strong></span> <span class='ocrx_word' id='word_1_540' title='bbox 3439 2675 3638 2731; x_wconf 83' lang='lat' dir='ltr'><strong>anima</strong></span> <span class='ocrx_word' id='word_1_541' title='bbox 3693 2677 3766 2732; x_wconf 87' lang='lat' dir='ltr'><strong>de</strong></span> 
     </span>
    </p>
   </div>
   <div class='ocr_carea' id='block_1_74' title="bbox 2063 2765 3769 2841">
    <p class='ocr_par' dir='ltr' id='par_1_74' title="bbox 2063 2765 3769 2841">
     <span class='ocr_line' id='line_1_74' title="bbox 2063 2765 3769 2841; baseline 0 -20"><span class='ocrx_word' id='word_1_542' title='bbox 2063 2782 2213 2838; x_wconf 86' lang='lat' dir='ltr'><strong>agno</strong></span> <span class='ocrx_word' id='word_1_543' title='bbox 2243 2773 2300 2824; x_wconf 90' lang='lat' dir='ltr'><strong>et</strong></span> <span class='ocrx_word' id='word_1_544' title='bbox 2328 2767 2499 2824; x_wconf 89' lang='lat' dir='ltr'><strong>bonis</strong></span> <span class='ocrx_word' id='word_1_545' title='bbox 2527 2767 2771 2841; x_wconf 86' lang='lat' dir='ltr'><strong>azymis,</strong></span> <span class='ocrx_word' id='word_1_546' title='bbox 2799 2766 3095 2838; x_wconf 80' lang='lat' dir='ltr'><strong>atﬂigente</strong></span> <span class='ocrx_word' id='word_1_547' title='bbox 3131 2782 3256 2824; x_wconf 91' lang='lat' dir='ltr'><strong>eam</strong></span> <span class='ocrx_word' id='word_1_548' title='bbox 3290 2767 3447 2838; x_wconf 90' lang='lat' dir='ltr'><strong>quod</strong></span> <span class='ocrx_word' id='word_1_549' title='bbox 3498 2765 3652 2822; x_wconf 90' lang='lat' dir='ltr'><strong>illam</strong></span> <span class='ocrx_word' id='word_1_550' title='bbox 3681 2767 3769 2821; x_wconf 88' lang='lat' dir='ltr'><strong>in-</strong></span> 
     </span>
    </p>
   </div>
   <div class='ocr_carea' id='block_1_75' title="bbox 2062 2855 2593 2931">
    <p class='ocr_par' dir='ltr' id='par_1_75' title="bbox 2062 2855 2593 2931">
     <span class='ocr_line' id='line_1_75' title="bbox 2062 2855 2593 2931; baseline 0.006 -20"><span class='ocrx_word' id='word_1_551' title='bbox 2062 2855 2309 2924; x_wconf 84' lang='lat' dir='ltr'><strong>habitat,</strong></span> <span class='ocrx_word' id='word_1_552' title='bbox 2334 2863 2593 2931; x_wconf 89' lang='lat' dir='ltr'><strong>peccato.</strong></span> 
     </span>
    </p>
   </div>
   <div class='ocr_carea' id='block_1_76' title="bbox 2131 3028 3767 3100">
    <p class='ocr_par' dir='ltr' id='par_1_76' title="bbox 2131 3028 3767 3100">
     <span class='ocr_line' id='line_1_76' title="bbox 2131 3028 3767 3100; baseline -0.002 -14"><span class='ocrx_word' id='word_1_553' title='bbox 2131 3031 2219 3086; x_wconf 83' lang='lat' dir='ltr'><strong>IX.</strong></span> <span class='ocrx_word' id='word_1_554' title='bbox 2255 3031 2326 3085; x_wconf 86' lang='lat' dir='ltr'><strong>Et</strong></span> <span class='ocrx_word' id='word_1_555' title='bbox 2353 3030 2423 3085; x_wconf 90' lang='lat' dir='ltr'><strong>ad</strong></span> <span class='ocrx_word' id='word_1_556' title='bbox 2455 3045 2755 3100; x_wconf 82' lang='lat' dir='ltr'><strong>vesperam</strong></span> <span class='ocrx_word' id='word_1_557' title='bbox 2781 3029 2950 3100; x_wconf 85' lang='lat' dir='ltr'><strong>jubet</strong></span> <span class='ocrx_word' id='word_1_558' title='bbox 2997 3029 3166 3086; x_wconf 90' lang='lat' dir='ltr'><strong>edere</strong></span> <span class='ocrx_word' id='word_1_559' title='bbox 3198 3028 3387 3084; x_wconf 91' lang='lat' dir='ltr'><strong>illum.</strong></span> <span class='ocrx_word' id='word_1_560' title='bbox 3420 3028 3767 3099; x_wconf 90' lang='lat' dir='ltr'><strong>Vespertina</strong></span> 
     </span>
    </p>
   </div>
   <div class='ocr_carea' id='block_1_77' title="bbox 2059 3117 3765 3178">
    <p class='ocr_par' dir='ltr' id='par_1_77' title="bbox 2059 3117 3765 3178">
     <span class='ocr_line' id='line_1_77' title="bbox 2059 3117 3765 3178; baseline -0.003 -1"><span class='ocrx_word' id='word_1_561' title='bbox 2059 3127 2252 3178; x_wconf 90' lang='lat' dir='ltr'><strong>autem</strong></span> <span class='ocrx_word' id='word_1_562' title='bbox 2295 3120 2435 3177; x_wconf 87' lang='lat' dir='ltr'><strong>hora</strong></span> <span class='ocrx_word' id='word_1_563' title='bbox 2466 3119 2660 3175; x_wconf 87' lang='lat' dir='ltr'><strong>media</strong></span> <span class='ocrx_word' id='word_1_564' title='bbox 2687 3119 2838 3174; x_wconf 88' lang='lat' dir='ltr'><strong>inter</strong></span> <span class='ocrx_word' id='word_1_565' title='bbox 2886 3118 3077 3175; x_wconf 88' lang='lat' dir='ltr'><strong>lucem</strong></span> <span class='ocrx_word' id='word_1_566' title='bbox 3141 3123 3197 3173; x_wconf 88' lang='lat' dir='ltr'><strong>et</strong></span> <span class='ocrx_word' id='word_1_567' title='bbox 3226 3119 3498 3174; x_wconf 87' lang='lat' dir='ltr'><strong>tenebras</strong></span> <span class='ocrx_word' id='word_1_568' title='bbox 3527 3123 3632 3173; x_wconf 91' lang='lat' dir='ltr'><strong>est.</strong></span> <span class='ocrx_word' id='word_1_569' title='bbox 3669 3117 3765 3172; x_wconf 91' lang='lat' dir='ltr'><strong>Sic</strong></span> 
     </span>
    </p>
   </div>
   <div class='ocr_carea' id='block_1_78' title="bbox 2061 3206 3768 3285">
    <p class='ocr_par' dir='ltr' id='par_1_78' title="bbox 2061 3206 3768 3285">
     <span class='ocr_line' id='line_1_78' title="bbox 2061 3206 3768 3285; baseline -0.004 -19"><span class='ocrx_word' id='word_1_570' title='bbox 2061 3227 2292 3285; x_wconf 89' lang='lat' dir='ltr'><strong>qouque</strong></span> <span class='ocrx_word' id='word_1_571' title='bbox 2317 3210 2514 3266; x_wconf 88' lang='lat' dir='ltr'><strong>anima</strong></span> <span class='ocrx_word' id='word_1_572' title='bbox 2543 3209 2606 3264; x_wconf 90' lang='lat' dir='ltr'><strong>in</strong></span> <span class='ocrx_word' id='word_1_573' title='bbox 2645 3209 2776 3281; x_wconf 89' lang='lat' dir='ltr'><strong>ipsa</strong></span> <span class='ocrx_word' id='word_1_574' title='bbox 2807 3209 3126 3264; x_wconf 88' lang='lat' dir='ltr'><strong>constituta</strong></span> <span class='ocrx_word' id='word_1_575' title='bbox 3173 3206 3591 3276; x_wconf 79' lang='lat' dir='ltr'><strong>redemptione,</strong></span> <span class='ocrx_word' id='word_1_576' title='bbox 3651 3221 3768 3261; x_wconf 90' lang='lat' dir='ltr'><strong>me-</strong></span> 
     </span>
    </p>
   </div>
   <div class='ocr_carea' id='block_1_79' title="bbox 2061 3295 3765 3365">
    <p class='ocr_par' dir='ltr' id='par_1_79' title="bbox 2061 3295 3765 3365">
     <span class='ocr_line' id='line_1_79' title="bbox 2061 3295 3765 3365; baseline -0.005 -8"><span class='ocrx_word' id='word_1_577' title='bbox 2061 3302 2160 3357; x_wconf 88' lang='lat' dir='ltr'><strong>dia</strong></span> <span class='ocrx_word' id='word_1_578' title='bbox 2181 3308 2267 3356; x_wconf 89' lang='lat' dir='ltr'><strong>est</strong></span> <span class='ocrx_word' id='word_1_579' title='bbox 2297 3300 2450 3355; x_wconf 88' lang='lat' dir='ltr'><strong>inter</strong></span> <span class='ocrx_word' id='word_1_580' title='bbox 2488 3297 2672 3354; x_wconf 87' lang='lat' dir='ltr'><strong>lucem</strong></span> <span class='ocrx_word' id='word_1_581' title='bbox 2734 3303 2794 3353; x_wconf 89' lang='lat' dir='ltr'><strong>et</strong></span> <span class='ocrx_word' id='word_1_582' title='bbox 2851 3298 3139 3365; x_wconf 87' lang='lat' dir='ltr'><strong>tenebras,</strong></span> <span class='ocrx_word' id='word_1_583' title='bbox 3199 3297 3510 3352; x_wconf 78' lang='lat' dir='ltr'><strong>assistente</strong></span> <span class='ocrx_word' id='word_1_584' title='bbox 3559 3295 3765 3350; x_wconf 88' lang='lat' dir='ltr'><strong>virtute</strong></span> 
     </span>
    </p>
   </div>
   <div class='ocr_carea' id='block_1_80' title="bbox 2059 3385 3765 3460">
    <p class='ocr_par' dir='ltr' id='par_1_80' title="bbox 2059 3385 3765 3460">
     <span class='ocr_line' id='line_1_80' title="bbox 2059 3385 3765 3460; baseline -0.004 -15"><span class='ocrx_word' id='word_1_585' title='bbox 2059 3390 2271 3456; x_wconf 85' lang='lat' dir='ltr'><strong>divina,</strong></span> <span class='ocrx_word' id='word_1_586' title='bbox 2306 3405 2410 3444; x_wconf 91' lang='lat' dir='ltr'><strong>nec</strong></span> <span class='ocrx_word' id='word_1_587' title='bbox 2439 3388 2816 3460; x_wconf 88' lang='lat' dir='ltr'><strong>permittente</strong></span> <span class='ocrx_word' id='word_1_588' title='bbox 2864 3387 3136 3442; x_wconf 90' lang='lat' dir='ltr'><strong>tenebras</strong></span> <span class='ocrx_word' id='word_1_589' title='bbox 3192 3385 3495 3453; x_wconf 83' lang='lat' dir='ltr'><strong>insurgere</strong></span> <span class='ocrx_word' id='word_1_590' title='bbox 3544 3385 3603 3438; x_wconf 90' lang='lat' dir='ltr'><strong>in</strong></span> <span class='ocrx_word' id='word_1_591' title='bbox 3636 3385 3765 3439; x_wconf 90' lang='lat' dir='ltr'><strong>ani-</strong></span> 
     </span>
    </p>
   </div>
   <div class='ocr_carea' id='block_1_81' title="bbox 2063 3473 3766 3547">
    <p class='ocr_par' dir='ltr' id='par_1_81' title="bbox 2063 3473 3766 3547">
     <span class='ocr_line' id='line_1_81' title="bbox 2063 3473 3766 3547; baseline -0.004 -12"><span class='ocrx_word' id='word_1_592' title='bbox 2063 3495 2245 3547; x_wconf 86' lang='lat' dir='ltr'><strong>mam,</strong></span> <span class='ocrx_word' id='word_1_593' title='bbox 2276 3482 2334 3535; x_wconf 89' lang='lat' dir='ltr'><strong>et</strong></span> <span class='ocrx_word' id='word_1_594' title='bbox 2362 3478 2674 3534; x_wconf 89' lang='lat' dir='ltr'><strong>absorbere</strong></span> <span class='ocrx_word' id='word_1_595' title='bbox 2703 3477 2888 3532; x_wconf 75' lang='lat' dir='ltr'><strong>illam°</strong></span> <span class='ocrx_word' id='word_1_596' title='bbox 2923 3476 2992 3530; x_wconf 87' lang='lat' dir='ltr'><strong>Et</strong></span> <span class='ocrx_word' id='word_1_597' title='bbox 3022 3473 3517 3546; x_wconf 90' lang='lat' dir='ltr'><strong>quemadmodum</strong></span> <span class='ocrx_word' id='word_1_598' title='bbox 3576 3477 3766 3529; x_wconf 85' lang='lat' dir='ltr'><strong>Moses</strong></span> 
     </span>
    </p>
   </div>
   <div class='ocr_carea' id='block_1_82' title="bbox 2062 3562 3768 3636">
    <p class='ocr_par' dir='ltr' id='par_1_82' title="bbox 2062 3562 3768 3636">
     <span class='ocr_line' id='line_1_82' title="bbox 2062 3562 3768 3636; baseline -0.004 -13"><span class='ocrx_word' id='word_1_599' title='bbox 2062 3569 2255 3624; x_wconf 85' lang='lat' dir='ltr'><strong>dixit:</strong></span> <span class='ocrx_word' id='word_1_600' title='bbox 2291 3569 2412 3624; x_wconf 62' lang='lat' dir='ltr'><strong>Haec</strong></span> <span class='ocrx_word' id='word_1_601' title='bbox 2466 3573 2550 3622; x_wconf 76' lang='lat' dir='ltr'><strong>est</strong></span> <span class='ocrx_word' id='word_1_602' title='bbox 2603 3582 2716 3622; x_wconf 72' lang='lat' dir='ltr'><strong>nox</strong></span> <span class='ocrx_word' id='word_1_603' title='bbox 2770 3563 3153 3636; x_wconf 72' lang='lat' dir='ltr'><strong>promissionis</strong></span> <span class='ocrx_word' id='word_1_604' title='bbox 3210 3562 3330 3631; x_wconf 77' lang='lat' dir='ltr'><strong>Dei,</strong></span> <span class='ocrx_word' id='word_1_605' title='bbox 3392 3564 3477 3618; x_wconf 91' lang='lat' dir='ltr'><strong>sic</strong></span> <span class='ocrx_word' id='word_1_606' title='bbox 3532 3578 3768 3634; x_wconf 90' lang='lat' dir='ltr'><strong>quoque</strong></span> 
     </span>
    </p>
   </div>
   <div class='ocr_carea' id='block_1_83' title="bbox 2061 3653 3769 3726">
    <p class='ocr_par' dir='ltr' id='par_1_83' title="bbox 2061 3653 3769 3726">
     <span class='ocr_line' id='line_1_83' title="bbox 2061 3653 3769 3726; baseline -0.004 -11"><span class='ocrx_word' id='word_1_607' title='bbox 2061 3659 2349 3725; x_wconf 88' lang='lat' dir='ltr'><strong>Christus,</strong></span> <span class='ocrx_word' id='word_1_608' title='bbox 2382 3656 2576 3714; x_wconf 91' lang='lat' dir='ltr'><strong>oblato</strong></span> <span class='ocrx_word' id='word_1_609' title='bbox 2623 3657 2734 3712; x_wconf 90' lang='lat' dir='ltr'><strong>sibi</strong></span> <span class='ocrx_word' id='word_1_610' title='bbox 2785 3655 2932 3711; x_wconf 90' lang='lat' dir='ltr'><strong>libro</strong></span> <span class='ocrx_word' id='word_1_611' title='bbox 2991 3655 3051 3709; x_wconf 90' lang='lat' dir='ltr'><strong>in</strong></span> <span class='ocrx_word' id='word_1_612' title='bbox 3113 3655 3442 3726; x_wconf 83' lang='lat' dir='ltr'><strong>Synagoga,</strong></span> <span class='ocrx_word' id='word_1_613' title='bbox 3496 3657 3558 3708; x_wconf 92' lang='lat' dir='ltr'><strong>ut</strong></span> <span class='ocrx_word' id='word_1_614' title='bbox 3617 3653 3769 3708; x_wconf 86' lang='lat' dir='ltr'><strong>scri—</strong></span> 
     </span>
    </p>
   </div>
   <div class='ocr_carea' id='block_1_84' title="bbox 2063 3743 3764 3820">
    <p class='ocr_par' dir='ltr' id='par_1_84' title="bbox 2063 3743 3764 3820">
     <span class='ocr_line' id='line_1_84' title="bbox 2063 3743 3764 3820; baseline -0.004 -17"><span class='ocrx_word' id='word_1_615' title='bbox 2063 3758 2227 3820; x_wconf 88' lang='lat' dir='ltr'><strong>ptum</strong></span> <span class='ocrx_word' id='word_1_616' title='bbox 2276 3751 2385 3812; x_wconf 91' lang='lat' dir='ltr'><strong>est,</strong></span> <span class='ocrx_word' id='word_1_617' title='bbox 2445 3745 2754 3817; x_wconf 86' lang='lat' dir='ltr'><strong>appellavit</strong></span> <span class='ocrx_word' id='word_1_618' title='bbox 2809 3760 3019 3800; x_wconf 84' lang='lat' dir='ltr'><strong>annum</strong></span> <span class='ocrx_word' id='word_1_619' title='bbox 3067 3743 3289 3798; x_wconf 72' lang='lat' dir='ltr'><strong>Domini</strong></span> <span class='ocrx_word' id='word_1_620' title='bbox 3350 3743 3764 3814; x_wconf 77' lang='lat' dir='ltr'><strong>acceptabilem,</strong></span> 
     </span>
    </p>
   </div>
   <div class='ocr_carea' id='block_1_85' title="bbox 2063 3829 3765 3903">
    <p class='ocr_par' dir='ltr' id='par_1_85' title="bbox 2063 3829 3765 3903">
     <span class='ocr_line' id='line_1_85' title="bbox 2063 3829 3765 3903; baseline -0.006 -11"><span class='ocrx_word' id='word_1_621' title='bbox 2063 3837 2220 3892; x_wconf 72' lang='lat'><strong>150</strong></span> <span class='ocrx_word' id='word_1_622' title='bbox 2248 3845 2302 3890; x_wconf 77' lang='lat' dir='ltr'><strong>et</strong></span> <span class='ocrx_word' id='word_1_623' title='bbox 2359 3836 2501 3889; x_wconf 80' lang='lat' dir='ltr'><strong>diem</strong></span> <span class='ocrx_word' id='word_1_624' title='bbox 2543 3832 2977 3903; x_wconf 55' lang='lat' dir='ltr'><strong>redemptioniﬁ.</strong></span> <span class='ocrx_word' id='word_1_625' title='bbox 3037 3831 3122 3886; x_wconf 91' lang='lat' dir='ltr'><strong>lbi</strong></span> <span class='ocrx_word' id='word_1_626' title='bbox 3176 3847 3290 3885; x_wconf 84' lang='lat' dir='ltr'><strong>nox</strong></span> <span class='ocrx_word' id='word_1_627' title='bbox 3346 3829 3765 3898; x_wconf 88' lang='lat' dir='ltr'><strong>retributionis,</strong></span> 
     </span>
    </p>
   </div>
   <div class='ocr_carea' id='block_1_86' title="bbox 2064 3916 3766 3992">
    <p class='ocr_par' dir='ltr' id='par_1_86' title="bbox 2064 3916 3766 3992">
     <span class='ocr_line' id='line_1_86' title="bbox 2064 3916 3766 3992; baseline -0.007 -11"><span class='ocrx_word' id='word_1_628' title='bbox 2064 3925 2158 3981; x_wconf 86' lang='lat' dir='ltr'><strong>hic</strong></span> <span class='ocrx_word' id='word_1_629' title='bbox 2188 3925 2313 3980; x_wconf 83' lang='lat' dir='ltr'><strong>dies</strong></span> <span class='ocrx_word' id='word_1_630' title='bbox 2344 3920 2800 3992; x_wconf 88' lang='lat' dir='ltr'><strong>redemptionis;</strong></span> <span class='ocrx_word' id='word_1_631' title='bbox 2855 3925 2913 3976; x_wconf 92' lang='lat' dir='ltr'><strong>et</strong></span> <span class='ocrx_word' id='word_1_632' title='bbox 2961 3920 3194 3974; x_wconf 89' lang='lat' dir='ltr'><strong>merito.</strong></span> <span class='ocrx_word' id='word_1_633' title='bbox 3239 3917 3450 3972; x_wconf 91' lang='lat' dir='ltr'><strong>Omnia</strong></span> <span class='ocrx_word' id='word_1_634' title='bbox 3481 3916 3635 3972; x_wconf 88' lang='lat' dir='ltr'><strong>enim</strong></span> <span class='ocrx_word' id='word_1_635' title='bbox 3671 3916 3766 3970; x_wconf 87' lang='lat' dir='ltr'><strong>illa</strong></span> 
     </span>
    </p>
   </div>
   <div class='ocr_carea' id='block_1_87' title="bbox 2068 4004 3768 4086">
    <p class='ocr_par' dir='ltr' id='par_1_87' title="bbox 2068 4004 3768 4086">
     <span class='ocr_line' id='line_1_87' title="bbox 2068 4004 3768 4086; baseline -0.008 -16"><span class='ocrx_word' id='word_1_636' title='bbox 2068 4019 2240 4086; x_wconf 89' lang='lat' dir='ltr'><strong>typus</strong></span> <span class='ocrx_word' id='word_1_637' title='bbox 2287 4017 2454 4067; x_wconf 87' lang='lat' dir='ltr'><strong>erant</strong></span> <span class='ocrx_word' id='word_1_638' title='bbox 2483 4019 2538 4066; x_wconf 88' lang='lat' dir='ltr'><strong>et</strong></span> <span class='ocrx_word' id='word_1_639' title='bbox 2569 4008 2776 4064; x_wconf 86' lang='lat' dir='ltr'><strong>utnbra</strong></span> <span class='ocrx_word' id='word_1_640' title='bbox 2799 4007 3086 4073; x_wconf 90' lang='lat' dir='ltr'><strong>veritatis,</strong></span> <span class='ocrx_word' id='word_1_641' title='bbox 3117 4011 3175 4062; x_wconf 92' lang='lat' dir='ltr'><strong>et</strong></span> <span class='ocrx_word' id='word_1_642' title='bbox 3205 4005 3449 4078; x_wconf 88' lang='lat' dir='ltr'><strong>mystice</strong></span> <span class='ocrx_word' id='word_1_643' title='bbox 3499 4004 3768 4076; x_wconf 65' lang='lat' dir='ltr'><strong>praefigu-</strong></span> 
     </span>
    </p>
   </div>
   <div class='ocr_carea' id='block_1_88' title="bbox 2066 4090 3768 4159">
    <p class='ocr_par' dir='ltr' id='par_1_88' title="bbox 2066 4090 3768 4159">
     <span class='ocr_line' id='line_1_88' title="bbox 2066 4090 3768 4159; baseline -0.008 0"><span class='ocrx_word' id='word_1_644' title='bbox 2066 4109 2193 4159; x_wconf 89' lang='lat' dir='ltr'><strong>rata</strong></span> <span class='ocrx_word' id='word_1_645' title='bbox 2215 4116 2408 4156; x_wconf 88' lang='lat' dir='ltr'><strong>veram</strong></span> <span class='ocrx_word' id='word_1_646' title='bbox 2459 4097 2870 4154; x_wconf 89' lang='lat' dir='ltr'><strong>describebant</strong></span> <span class='ocrx_word' id='word_1_647' title='bbox 2917 4095 3168 4152; x_wconf 89' lang='lat' dir='ltr'><strong>salutem</strong></span> <span class='ocrx_word' id='word_1_648' title='bbox 3219 4093 3454 4148; x_wconf 68' lang='lat' dir='ltr'><strong>inclusm</strong></span> <span class='ocrx_word' id='word_1_649' title='bbox 3513 4090 3768 4146; x_wconf 88' lang='lat' dir='ltr'><strong>tenebris</strong></span> 
     </span>
    </p>
   </div>
   <div class='ocr_carea' id='block_1_89' title="bbox 2066 4181 3770 4260">
    <p class='ocr_par' dir='ltr' id='par_1_89' title="bbox 2066 4181 3770 4260">
     <span class='ocr_line' id='line_1_89' title="bbox 2066 4181 3770 4260; baseline -0.006 -13"><span class='ocrx_word' id='word_1_650' title='bbox 2066 4191 2298 4259; x_wconf 66' lang='lat' dir='ltr'><strong>animae,</strong></span> <span class='ocrx_word' id='word_1_651' title='bbox 2326 4196 2507 4260; x_wconf 82' lang='lat' dir='ltr'><strong>atque</strong></span> <span class='ocrx_word' id='word_1_652' title='bbox 2550 4186 2888 4259; x_wconf 64' lang='lat' dir='ltr'><strong>compeditis</strong></span> <span class='ocrx_word' id='word_1_653' title='bbox 2948 4185 3098 4240; x_wconf 90' lang='lat' dir='ltr'><strong>clam</strong></span> <span class='ocrx_word' id='word_1_654' title='bbox 3131 4185 3191 4240; x_wconf 89' lang='lat' dir='ltr'><strong>in</strong></span> <span class='ocrx_word' id='word_1_655' title='bbox 3239 4182 3372 4239; x_wconf 88' lang='lat' dir='ltr'><strong>lacu</strong></span> <span class='ocrx_word' id='word_1_656' title='bbox 3427 4181 3652 4246; x_wconf 90' lang='lat' dir='ltr'><strong>intimo,</strong></span> <span class='ocrx_word' id='word_1_657' title='bbox 3711 4183 3770 4236; x_wconf 86' lang='lat' dir='ltr'><strong>et</strong></span> 
     </span>
    </p>
   </div>
   <div class='ocr_carea' id='block_1_90' title="bbox 2066 4268 3767 4349">
    <p class='ocr_par' dir='ltr' id='par_1_90' title="bbox 2066 4268 3767 4349">
     <span class='ocr_line' id='line_1_90' title="bbox 2066 4268 3767 4349; baseline -0.008 -13"><span class='ocrx_word' id='word_1_658' title='bbox 2066 4281 2224 4338; x_wconf 90' lang='lat' dir='ltr'><strong>intus</strong></span> <span class='ocrx_word' id='word_1_659' title='bbox 2255 4278 2492 4336; x_wconf 63' lang='lat' dir='ltr'><strong>inclusae</strong></span> <span class='ocrx_word' id='word_1_660' title='bbox 2525 4277 2705 4349; x_wconf 83' lang='lat' dir='ltr'><strong>portis</strong></span> <span class='ocrx_word' id='word_1_661' title='bbox 2735 4276 2930 4345; x_wconf 70' lang='lat' dir='ltr'><strong>aeneis,</strong></span> <span class='ocrx_word' id='word_1_662' title='bbox 2963 4280 3022 4330; x_wconf 90' lang='lat' dir='ltr'><strong>et</strong></span> <span class='ocrx_word' id='word_1_663' title='bbox 3051 4291 3178 4346; x_wconf 76' lang='lat' dir='ltr'><strong>quas</strong></span> <span class='ocrx_word' id='word_1_664' title='bbox 3236 4287 3351 4329; x_wconf 90' lang='lat' dir='ltr'><strong>non</strong></span> <span class='ocrx_word' id='word_1_665' title='bbox 3402 4269 3588 4344; x_wconf 88' lang='lat' dir='ltr'><strong>possit</strong></span> <span class='ocrx_word' id='word_1_666' title='bbox 3636 4268 3767 4325; x_wconf 84' lang='lat' dir='ltr'><strong>abs-</strong></span> 
     </span>
    </p>
   </div>
   <div class='ocr_carea' id='block_1_91' title="bbox 2067 4364 3132 4443">
    <p class='ocr_par' dir='ltr' id='par_1_91' title="bbox 2067 4364 3132 4443">
     <span class='ocr_line' id='line_1_91' title="bbox 2067 4364 3132 4443; baseline -0.009 -16"><span class='ocrx_word' id='word_1_667' title='bbox 2067 4386 2182 4443; x_wconf 89' lang='lat' dir='ltr'><strong>que</strong></span> <span class='ocrx_word' id='word_1_668' title='bbox 2208 4367 2425 4426; x_wconf 90' lang='lat' dir='ltr'><strong>Christi</strong></span> <span class='ocrx_word' id='word_1_669' title='bbox 2453 4364 2852 4438; x_wconf 85' lang='lat' dir='ltr'><strong>redemptione</strong></span> <span class='ocrx_word' id='word_1_670' title='bbox 2880 4364 3132 4420; x_wconf 88' lang='lat' dir='ltr'><strong>liberari.</strong></span> 
     </span>
    </p>
   </div>
   <div class='ocr_carea' id='block_1_92' title="bbox 319 4613 1952 4709">
    <p class='ocr_par' dir='ltr' id='par_1_92' title="bbox 319 4630 1952 4709">
     <span class='ocr_line' id='line_1_92' title="bbox 319 4630 1952 4709; baseline 0.015 -17"><span class='ocrx_word' id='word_1_671' title='bbox 319 4639 376 4695; x_wconf 90' lang='lat' dir='ltr'><strong>l&#39;.</strong></span> <span class='ocrx_word' id='word_1_672' title='bbox 426 4636 638 4709; x_wconf 73' lang='grc' dir='ltr'>Ἐξάγει</span> <span class='ocrx_word' id='word_1_673' title='bbox 687 4631 781 4689; x_wconf 78' lang='grc' dir='ltr'>οὖν</span> <span class='ocrx_word' id='word_1_674' title='bbox 822 4634 920 4702; x_wconf 65' lang='grc' dir='ltr'>τὴν</span> <span class='ocrx_word' id='word_1_675' title='bbox 965 4635 1150 4709; x_wconf 68' lang='grc' dir='ltr'>ψυχὴν</span> <span class='ocrx_word' id='word_1_676' title='bbox 1191 4630 1241 4706; x_wconf 67' lang='grc' dir='ltr'><strong>ἓξ</strong></span> <span class='ocrx_word' id='word_1_677' title='bbox 1293 4631 1566 4706; x_wconf 66' lang='grc' dir='ltr'>Δτγῦπτου</span> <span class='ocrx_word' id='word_1_678' title='bbox 1613 4633 1704 4688; x_wconf 64' lang='grc' dir='ltr'><strong>καὶ</strong></span> <span class='ocrx_word' id='word_1_679' title='bbox 1751 4639 1852 4702; x_wconf 65' lang='grc' dir='ltr'><strong>τῆς</strong></span> <span class='ocrx_word' id='word_1_680' title='bbox 1901 4632 1952 4687; x_wconf 58' lang='grc' dir='ltr'>ἐν</span> 
     </span>
    </p>
   </div>
   <div class='ocr_carea' id='block_1_93' title="bbox 2069 4613 3772 4709">
    <p class='ocr_par' dir='ltr' id='par_1_93' title="bbox 2137 4613 3772 4709">
     <span class='ocr_line' id='line_1_93' title="bbox 2137 4613 3772 4709; baseline -0.006 -29"><span class='ocrx_word' id='word_1_681' title='bbox 2137 4624 2204 4680; x_wconf 88' lang='grc' dir='ltr'><strong>Χ.</strong></span> <span class='ocrx_word' id='word_1_682' title='bbox 2236 4623 2443 4680; x_wconf 85' lang='lat' dir='ltr'><strong>Educit</strong></span> <span class='ocrx_word' id='word_1_683' title='bbox 2469 4622 2646 4694; x_wconf 89' lang='lat' dir='ltr'><strong>igitur</strong></span> <span class='ocrx_word' id='word_1_684' title='bbox 2677 4619 2937 4676; x_wconf 89' lang='lat' dir='ltr'><strong>animam</strong></span> <span class='ocrx_word' id='word_1_685' title='bbox 2980 4635 3049 4674; x_wconf 85' lang='lat' dir='ltr'><strong>ex</strong></span> <span class='ocrx_word' id='word_1_686' title='bbox 3080 4617 3322 4689; x_wconf 40' lang='lat' dir='ltr'><strong>tEgypto</strong></span> <span class='ocrx_word' id='word_1_687' title='bbox 3352 4619 3430 4680; x_wconf 90' lang='lat' dir='ltr'><strong>et,</strong></span> <span class='ocrx_word' id='word_1_688' title='bbox 3454 4631 3580 4709; x_wconf 77' lang='lat' dir='ltr'><strong>qua</strong></span> <span class='ocrx_word' id='word_1_689' title='bbox 3611 4613 3668 4709; x_wconf 80' lang='lat' dir='ltr'><strong>in</strong></span> <span class='ocrx_word' id='word_1_690' title='bbox 3702 4631 3772 4709; x_wconf 70' lang='lat' dir='ltr'><strong>ea</strong></span> 
     </span>
    </p>
   </div>
   <div class='ocr_carea' id='block_1_94' title="bbox 251 4721 1961 4801">
    <p class='ocr_par' dir='ltr' id='par_1_94' title="bbox 251 4721 1961 4801">
     <span class='ocr_line' id='line_1_94' title="bbox 251 4721 1961 4801; baseline -0.004 -18"><span class='ocrx_word' id='word_1_691' title='bbox 251 4727 392 4801; x_wconf 79' lang='grc' dir='ltr'>αὐτῇ</span> <span class='ocrx_word' id='word_1_692' title='bbox 450 4723 727 4790; x_wconf 81' lang='grc' dir='ltr'>δουλείας,</span> <span class='ocrx_word' id='word_1_693' title='bbox 781 4729 889 4779; x_wconf 88' lang='grc' dir='ltr'><strong>τῶν</strong></span> <span class='ocrx_word' id='word_1_694' title='bbox 950 4721 1314 4797; x_wconf 87' lang='grc' dir='ltr'>πρωτοτόκων</span> <span class='ocrx_word' id='word_1_695' title='bbox 1377 4721 1544 4792; x_wconf 83' lang='grc' dir='ltr'>αὐτῆς</span> <span class='ocrx_word' id='word_1_696' title='bbox 1632 4722 1961 4796; x_wconf 69' lang='grc' dir='ltr'>ἀναιρουμέ-</span> 
     </span>
    </p>
   </div>
   <div class='ocr_carea' id='block_1_95' title="bbox 249 4809 1958 4888">
    <p class='ocr_par' dir='ltr' id='par_1_95' title="bbox 249 4809 1958 4888">
     <span class='ocr_line' id='line_1_95' title="bbox 249 4809 1958 4888; baseline -0.004 -16"><span class='ocrx_word' id='word_1_697' title='bbox 249 4840 358 4872; x_wconf 88' lang='grc' dir='ltr'><strong>νων</strong></span> <span class='ocrx_word' id='word_1_698' title='bbox 393 4815 447 4871; x_wconf 84' lang='grc' dir='ltr'><strong>ἐν</strong></span> <span class='ocrx_word' id='word_1_699' title='bbox 499 4818 568 4888; x_wconf 79' lang='grc' dir='ltr'><strong>τῇ</strong></span> <span class='ocrx_word' id='word_1_700' title='bbox 622 4810 811 4886; x_wconf 79' lang='grc' dir='ltr'>ἐξόδῳ.</span> <span class='ocrx_word' id='word_1_701' title='bbox 856 4811 999 4883; x_wconf 84' lang='grc' dir='ltr'>Ἤδη</span> <span class='ocrx_word' id='word_1_702' title='bbox 1047 4813 1150 4888; x_wconf 79' lang='grc' dir='ltr'><strong>γὰρ</strong></span> <span class='ocrx_word' id='word_1_703' title='bbox 1214 4813 1378 4885; x_wconf 85' lang='grc' dir='ltr'>μέρος</span> <span class='ocrx_word' id='word_1_704' title='bbox 1432 4831 1483 4866; x_wconf 92' lang='grc' dir='ltr'><strong>τι</strong></span> <span class='ocrx_word' id='word_1_705' title='bbox 1530 4818 1631 4879; x_wconf 78' lang='grc' dir='ltr'>τῆς</span> <span class='ocrx_word' id='word_1_706' title='bbox 1683 4809 1958 4883; x_wconf 88' lang='grc' dir='ltr'>δυνάμεως</span> 
     </span>
    </p>
   </div>
   <div class='ocr_carea' id='block_1_96' title="bbox 249 4897 1958 4976">
    <p class='ocr_par' dir='ltr' id='par_1_96' title="bbox 249 4897 1958 4976">
     <span class='ocr_line' id='line_1_96' title="bbox 249 4897 1958 4976; baseline -0.005 -15"><span class='ocrx_word' id='word_1_707' title='bbox 249 4903 351 4961; x_wconf 78' lang='grc' dir='ltr'><strong>τοῦ</strong></span> <span class='ocrx_word' id='word_1_708' title='bbox 412 4902 682 4974; x_wconf 84' lang='grc' dir='ltr'>ἀληθινοῦ</span> <span class='ocrx_word' id='word_1_709' title='bbox 741 4901 946 4976; x_wconf 81' lang='grc' dir='ltr'>Φαραὼ</span> <span class='ocrx_word' id='word_1_710' title='bbox 992 4899 1337 4956; x_wconf 86' lang='grc' dir='ltr'>καταπίπτει.</span> <span class='ocrx_word' id='word_1_711' title='bbox 1398 4898 1592 4962; x_wconf 73' lang='grc' dir='ltr'>Πένθος</span> <span class='ocrx_word' id='word_1_712' title='bbox 1659 4897 1775 4974; x_wconf 79' lang='grc' dir='ltr'>ἔχει</span> <span class='ocrx_word' id='word_1_713' title='bbox 1832 4898 1958 4960; x_wconf 70' lang='grc' dir='ltr'>τοὺς</span> 
     </span>
    </p>
   </div>
   <div class='ocr_carea' id='block_1_97' title="bbox 256 4987 1963 5071">
    <p class='ocr_par' dir='ltr' id='par_1_97' title="bbox 256 4987 1963 5071">
     <span class='ocr_line' id='line_1_97' title="bbox 256 4987 1963 5071; baseline -0.005 -22"><span class='ocrx_word' id='word_1_714' title='bbox 256 4993 593 5071; x_wconf 78' lang='grc' dir='ltr'>Αἰγυπτίους</span> <span class='ocrx_word' id='word_1_715' title='bbox 624 5034 639 5046; x_wconf 88' lang='grc'><em>.</em></span> <span class='ocrx_word' id='word_1_716' title='bbox 685 4990 1008 5060; x_wconf 79' lang='grc' dir='ltr'>Στενάζουσι</span> <span class='ocrx_word' id='word_1_717' title='bbox 1055 4991 1156 5065; x_wconf 81' lang='grc' dir='ltr'><strong>γάρ</strong></span> <span class='ocrx_word' id='word_1_718' title='bbox 1217 4987 1554 5062; x_wconf 83' lang='grc' dir='ltr'>λυπούμενοι</span> <span class='ocrx_word' id='word_1_719' title='bbox 1605 4989 1692 5043; x_wconf 78' lang='grc' dir='ltr'><strong>ἐπὶ</strong></span> <span class='ocrx_word' id='word_1_720' title='bbox 1738 4991 1807 5061; x_wconf 79' lang='grc' dir='ltr'><strong>τῇ</strong></span> <span class='ocrx_word' id='word_1_721' title='bbox 1854 5009 1963 5042; x_wconf 89' lang='grc' dir='ltr'>σω-</span> 
     </span>
    </p>
   </div>
   <div class='ocr_carea' id='block_1_98' title="bbox 248 5076 1961 5156">
    <p class='ocr_par' dir='ltr' id='par_1_98' title="bbox 248 5076 1961 5156">
     <span class='ocr_line' id='line_1_98' title="bbox 248 5076 1961 5156; baseline -0.006 -16"><span class='ocrx_word' id='word_1_722' title='bbox 248 5081 426 5153; x_wconf 77' lang='grc' dir='ltr'>τηρίᾳ</span> <span class='ocrx_word' id='word_1_723' title='bbox 451 5086 550 5137; x_wconf 85' lang='grc' dir='ltr'><strong>τοῦ</strong></span> <span class='ocrx_word' id='word_1_724' title='bbox 600 5077 988 5155; x_wconf 76' lang='grc' dir='ltr'>αἰχμαλώτου.</span> <span class='ocrx_word' id='word_1_725' title='bbox 1041 5076 1261 5134; x_wconf 79' lang='grc' dir='ltr'>Κελεύει</span> <span class='ocrx_word' id='word_1_726' title='bbox 1314 5079 1622 5156; x_wconf 81' lang='grc' dir='ltr'>χρήσασθαι</span> <span class='ocrx_word' id='word_1_727' title='bbox 1667 5077 1814 5152; x_wconf 85' lang='grc' dir='ltr'><strong>παρά</strong></span> <span class='ocrx_word' id='word_1_728' title='bbox 1853 5081 1961 5131; x_wconf 84' lang='grc' dir='ltr'><strong>τῶν</strong></span> 
     </span>
    </p>
   </div>
   <div class='ocr_carea' id='block_1_99' title="bbox 253 5159 1966 5245">
    <p class='ocr_par' dir='ltr' id='par_1_99' title="bbox 253 5159 1966 5245">
     <span class='ocr_line' id='line_1_99' title="bbox 253 5159 1966 5245; baseline -0.005 -18"><span class='ocrx_word' id='word_1_729' title='bbox 253 5170 580 5245; x_wconf 77' lang='grc' dir='ltr'>Αἰγυπτίων</span> <span class='ocrx_word' id='word_1_730' title='bbox 635 5169 800 5239; x_wconf 82' lang='grc' dir='ltr'>σκεύη</span> <span class='ocrx_word' id='word_1_731' title='bbox 866 5171 1044 5245; x_wconf 83' lang='grc' dir='ltr'>χρυσᾶ</span> <span class='ocrx_word' id='word_1_732' title='bbox 1100 5168 1187 5222; x_wconf 85' lang='grc' dir='ltr'><strong>καὶ</strong></span> <span class='ocrx_word' id='word_1_733' title='bbox 1251 5167 1482 5243; x_wconf 84' lang='grc' dir='ltr'>ἀργυρᾶ,</span> <span class='ocrx_word' id='word_1_734' title='bbox 1540 5165 1629 5221; x_wconf 83' lang='grc' dir='ltr'><strong>καὶ</strong></span> <span class='ocrx_word' id='word_1_735' title='bbox 1698 5159 1966 5226; x_wconf 75' lang='grc' dir='ltr'>λαϐόντας</span> 
     </span>
    </p>
   </div>
   <div class='ocr_carea' id='block_1_100' title="bbox 249 5253 1965 5333">
    <p class='ocr_par' dir='ltr' id='par_1_100' title="bbox 249 5253 1965 5333">
     <span class='ocr_line' id='line_1_100' title="bbox 249 5253 1965 5333; baseline -0.006 -14"><span class='ocrx_word' id='word_1_736' title='bbox 249 5261 512 5331; x_wconf 70' lang='grc' dir='ltr'>ἐξελθεῖν.</span> <span class='ocrx_word' id='word_1_737' title='bbox 573 5253 990 5332; x_wconf 80' lang='grc' dir='ltr'>Ἀπολαμϐάνει</span> <span class='ocrx_word' id='word_1_738' title='bbox 1045 5257 1146 5333; x_wconf 83' lang='grc' dir='ltr'><strong>γάρ</strong></span> <span class='ocrx_word' id='word_1_739' title='bbox 1221 5255 1438 5328; x_wconf 83' lang='grc' dir='ltr'>ἐξιοῦσα</span> <span class='ocrx_word' id='word_1_740' title='bbox 1493 5260 1590 5311; x_wconf 85' lang='grc' dir='ltr'><strong>τοῦ</strong></span> <span class='ocrx_word' id='word_1_741' title='bbox 1649 5254 1872 5316; x_wconf 84' lang='grc' dir='ltr'>σκότους</span> <span class='ocrx_word' id='word_1_742' title='bbox 1930 5256 1965 5322; x_wconf 77' lang='grc' dir='ltr'>ἡ</span> 
     </span>
    </p>
   </div>
   <div class='ocr_carea' id='block_1_101' title="bbox 253 5341 1971 5427">
    <p class='ocr_par' dir='ltr' id='par_1_101' title="bbox 253 5341 1971 5427">
     <span class='ocr_line' id='line_1_101' title="bbox 253 5341 1971 5427; baseline -0.005 -21"><span class='ocrx_word' id='word_1_743' title='bbox 253 5351 420 5426; x_wconf 71' lang='grc' dir='ltr'>ψυχὴ</span> <span class='ocrx_word' id='word_1_744' title='bbox 449 5351 518 5406; x_wconf 75' lang='grc' dir='ltr'><strong>τὰ</strong></span> <span class='ocrx_word' id='word_1_745' title='bbox 545 5349 758 5427; x_wconf 83' lang='grc' dir='ltr'>ἀργυρᾶ</span> <span class='ocrx_word' id='word_1_746' title='bbox 803 5348 894 5404; x_wconf 85' lang='grc' dir='ltr'><strong>καὶ</strong></span> <span class='ocrx_word' id='word_1_747' title='bbox 939 5351 1120 5424; x_wconf 83' lang='grc' dir='ltr'>χρυσᾶ</span> <span class='ocrx_word' id='word_1_748' title='bbox 1168 5352 1355 5416; x_wconf 76' lang='grc' dir='ltr'>σκεύη,</span> <span class='ocrx_word' id='word_1_749' title='bbox 1405 5346 1575 5421; x_wconf 73' lang='grc' dir='ltr'>ἤγουν</span> <span class='ocrx_word' id='word_1_750' title='bbox 1626 5343 1753 5407; x_wconf 77' lang='grc' dir='ltr'>τοὺς</span> <span class='ocrx_word' id='word_1_751' title='bbox 1799 5341 1971 5408; x_wconf 76' lang='grc' dir='ltr'>ἰδίους</span> 
     </span>
    </p>
   </div>
   <div class='ocr_carea' id='block_1_102' title="bbox 253 5431 1968 5517">
    <p class='ocr_par' dir='ltr' id='par_1_102' title="bbox 253 5431 1968 5517">
     <span class='ocr_line' id='line_1_102' title="bbox 253 5431 1968 5517; baseline -0.005 -22"><span class='ocrx_word' id='word_1_752' title='bbox 253 5439 500 5517; x_wconf 71' lang='grc' dir='ltr'>ἀγαθοὺς</span> <span class='ocrx_word' id='word_1_753' title='bbox 559 5437 872 5513; x_wconf 74' lang='grc' dir='ltr'>λογισμοὺς</span> <span class='ocrx_word' id='word_1_754' title='bbox 946 5434 1370 5512; x_wconf 71' lang='grc' dir='ltr'>πεπυρωμένους</span> <span class='ocrx_word' id='word_1_755' title='bbox 1441 5431 1850 5500; x_wconf 84' lang='grc' dir='ltr'>ἐπταπλασίως,</span> <span class='ocrx_word' id='word_1_756' title='bbox 1917 5431 1968 5488; x_wconf 80' lang='grc' dir='ltr'><strong>ἐν</strong></span> 
     </span>
    </p>
   </div>
   <div class='ocr_carea' id='block_1_103' title="bbox 259 5524 1966 5600">
    <p class='ocr_par' dir='ltr' id='par_1_103' title="bbox 259 5524 1966 5600">
     <span class='ocr_line' id='line_1_103' title="bbox 259 5524 1966 5600; baseline -0.005 -13"><span class='ocrx_word' id='word_1_757' title='bbox 259 5533 353 5594; x_wconf 80' lang='grc' dir='ltr'>οἷς</span> <span class='ocrx_word' id='word_1_758' title='bbox 411 5527 738 5586; x_wconf 82' lang='grc' dir='ltr'>διακονεῖται</span> <span class='ocrx_word' id='word_1_759' title='bbox 794 5526 884 5584; x_wconf 77' lang='grc' dir='ltr'><strong>καὶ</strong></span> <span class='ocrx_word' id='word_1_760' title='bbox 945 5524 1337 5584; x_wconf 82' lang='grc' dir='ltr'>ἐπαναπαύεται</span> <span class='ocrx_word' id='word_1_761' title='bbox 1389 5525 1417 5582; x_wconf 82' lang='grc' dir='ltr'>ὁ</span> <span class='ocrx_word' id='word_1_762' title='bbox 1475 5525 1629 5589; x_wconf 88' lang='grc' dir='ltr'>Θεός.</span> <span class='ocrx_word' id='word_1_763' title='bbox 1687 5524 1966 5600; x_wconf 77' lang='grc' dir='ltr'>Ἐσκόρπι·</span> 
     </span>
    </p>
   </div>
   <div class='ocr_carea' id='block_1_104' title="bbox 340 5707 1282 5778">
    <p class='ocr_par' dir='ltr' id='par_1_104' title="bbox 340 5707 1282 5778">
     <span class='ocr_line' id='line_1_104' title="bbox 340 5707 1282 5778; baseline -0.004 -12"><span class='ocrx_word' id='word_1_764' title='bbox 340 5707 366 5747; x_wconf 81' lang='grc'><strong>³</strong></span> <span class='ocrx_word' id='word_1_765' title='bbox 393 5707 531 5766; x_wconf 87' lang='lat' dir='ltr'><strong>Luc.</strong></span> <span class='ocrx_word' id='word_1_766' title='bbox 568 5722 643 5777; x_wconf 76' lang='grc' dir='ltr'><strong>ιν,</strong></span> <span class='ocrx_word' id='word_1_767' title='bbox 682 5709 772 5765; x_wconf 86' lang='grc'><strong>18.</strong></span> <span class='ocrx_word' id='word_1_768' title='bbox 1277 5773 1282 5778; x_wconf 22' lang='grc' dir='ltr'><strong>ι</strong></span> 
     </span>
    </p>
   </div>
   <div class='ocr_carea' id='block_1_105' title="bbox 593 5805 1336 5875">
    <p class='ocr_par' dir='ltr' id='par_1_105' title="bbox 593 5805 1336 5875">
     <span class='ocr_line' id='line_1_105' title="bbox 593 5805 1336 5875; baseline -0.001 -3"><span class='ocrx_word' id='word_1_769' title='bbox 593 5809 864 5874; x_wconf 66' lang='lat' dir='ltr'><strong>Panos.</strong></span> <span class='ocrx_word' id='word_1_770' title='bbox 911 5805 1021 5872; x_wconf 78' lang='lat' dir='ltr'><strong>Gn.</strong></span> <span class='ocrx_word' id='word_1_771' title='bbox 1066 5806 1336 5875; x_wconf 74' lang='lat' dir='ltr'><strong>XXXIV.</strong></span> 
     </span>
    </p>
   </div>
   <div class='ocr_carea' id='block_1_106' title="bbox 2071 4702 3772 4788">
    <p class='ocr_par' dir='ltr' id='par_1_106' title="bbox 2071 4702 3772 4788">
     <span class='ocr_line' id='line_1_106' title="bbox 2071 4702 3772 4788; baseline -0.009 -17"><span class='ocrx_word' id='word_1_772' title='bbox 2071 4715 2468 4788; x_wconf 85' lang='lat' dir='ltr'><strong>premebatur,</strong></span> <span class='ocrx_word' id='word_1_773' title='bbox 2527 4711 2825 4777; x_wconf 88' lang='lat' dir='ltr'><strong>servitute,</strong></span> <span class='ocrx_word' id='word_1_774' title='bbox 2859 4706 3254 4779; x_wconf 82' lang='lat' dir='ltr'><strong>primogenitis</strong></span> <span class='ocrx_word' id='word_1_775' title='bbox 3283 4705 3412 4774; x_wconf 90' lang='lat' dir='ltr'><strong>ejus</strong></span> <span class='ocrx_word' id='word_1_776' title='bbox 3451 4702 3772 4758; x_wconf 80' lang='lat' dir='ltr'><strong>interfectis</strong></span> 
     </span>
    </p>
   </div>
   <div class='ocr_carea' id='block_1_107' title="bbox 2071 4791 3771 4876">
    <p class='ocr_par' dir='ltr' id='par_1_107' title="bbox 2071 4791 3771 4876">
     <span class='ocr_line' id='line_1_107' title="bbox 2071 4791 3771 4876; baseline -0.01 -15"><span class='ocrx_word' id='word_1_777' title='bbox 2071 4806 2129 4861; x_wconf 89' lang='lat' dir='ltr'><strong>in</strong></span> <span class='ocrx_word' id='word_1_778' title='bbox 2164 4819 2425 4876; x_wconf 87' lang='lat' dir='ltr'><strong>egressu.</strong></span> <span class='ocrx_word' id='word_1_779' title='bbox 2474 4801 2601 4856; x_wconf 87' lang='lat' dir='ltr'><strong>Jam</strong></span> <span class='ocrx_word' id='word_1_780' title='bbox 2653 4799 2810 4855; x_wconf 89' lang='lat' dir='ltr'><strong>enim</strong></span> <span class='ocrx_word' id='word_1_781' title='bbox 2852 4813 2988 4869; x_wconf 83' lang='lat' dir='ltr'><strong>pars</strong></span> <span class='ocrx_word' id='word_1_782' title='bbox 3017 4795 3279 4866; x_wconf 61' lang='lat' dir='ltr'><strong>quaedam</strong></span> <span class='ocrx_word' id='word_1_783' title='bbox 3335 4791 3602 4862; x_wconf 68' lang='lat' dir='ltr'><strong>potentiae</strong></span> <span class='ocrx_word' id='word_1_784' title='bbox 3650 4791 3771 4845; x_wconf 87' lang='lat' dir='ltr'><strong>veri</strong></span> 
     </span>
    </p>
   </div>
   <div class='ocr_carea' id='block_1_108' title="bbox 2073 4882 3772 4955">
    <p class='ocr_par' dir='ltr' id='par_1_108' title="bbox 2073 4882 3772 4955">
     <span class='ocr_line' id='line_1_108' title="bbox 2073 4882 3772 4955; baseline -0.011 -4"><span class='ocrx_word' id='word_1_785' title='bbox 2073 4892 2390 4951; x_wconf 88' lang='lat' dir='ltr'><strong>Pharaonis</strong></span> <span class='ocrx_word' id='word_1_786' title='bbox 2421 4889 2640 4946; x_wconf 89' lang='lat' dir='ltr'><strong>interit.</strong></span> <span class='ocrx_word' id='word_1_787' title='bbox 2701 4889 2914 4944; x_wconf 84' lang='lat' dir='ltr'><strong>Luctus</strong></span> <span class='ocrx_word' id='word_1_788' title='bbox 2959 4886 3206 4955; x_wconf 86' lang='lat' dir='ltr'><strong>occupat</strong></span> <span class='ocrx_word' id='word_1_789' title='bbox 3234 4882 3553 4953; x_wconf 72' lang='lat' dir='ltr'><strong>IEgyptios.</strong></span> <span class='ocrx_word' id='word_1_790' title='bbox 3603 4882 3772 4951; x_wconf 88' lang='lat' dir='ltr'><strong>Inge-</strong></span> 
     </span>
    </p>
   </div>
   <div class='ocr_carea' id='block_1_109' title="bbox 2074 4970 3775 5042">
    <p class='ocr_par' dir='ltr' id='par_1_109' title="bbox 2074 4970 3775 5042">
     <span class='ocr_line' id='line_1_109' title="bbox 2074 4970 3775 5042; baseline -0.009 -2"><span class='ocrx_word' id='word_1_791' title='bbox 2074 4983 2332 5041; x_wconf 86' lang='lat' dir='ltr'><strong>miacunt</strong></span> <span class='ocrx_word' id='word_1_792' title='bbox 2363 4981 2518 5036; x_wconf 91' lang='lat' dir='ltr'><strong>enim</strong></span> <span class='ocrx_word' id='word_1_793' title='bbox 2551 4976 2882 5035; x_wconf 88' lang='lat' dir='ltr'><strong>contristati</strong></span> <span class='ocrx_word' id='word_1_794' title='bbox 2939 4976 3009 5031; x_wconf 91' lang='lat' dir='ltr'><strong>de</strong></span> <span class='ocrx_word' id='word_1_795' title='bbox 3067 4973 3255 5029; x_wconf 86' lang='lat' dir='ltr'><strong>salute</strong></span> <span class='ocrx_word' id='word_1_796' title='bbox 3312 4972 3545 5042; x_wconf 89' lang='lat' dir='ltr'><strong>captivi.</strong></span> <span class='ocrx_word' id='word_1_797' title='bbox 3603 4970 3775 5025; x_wconf 77' lang='lat' dir='ltr'><strong>lubet</strong></span> 
     </span>
    </p>
   </div>
   <div class='ocr_carea' id='block_1_110' title="bbox 2075 5065 3770 5141">
    <p class='ocr_par' dir='ltr' id='par_1_110' title="bbox 2075 5065 3770 5141">
     <span class='ocr_line' id='line_1_110' title="bbox 2075 5065 3770 5141; baseline -0.011 -11"><span class='ocrx_word' id='word_1_798' title='bbox 2075 5078 2276 5130; x_wconf 89' lang='lat' dir='ltr'><strong>mutuo</strong></span> <span class='ocrx_word' id='word_1_799' title='bbox 2309 5069 2567 5141; x_wconf 86' lang='lat' dir='ltr'><strong>accipere</strong></span> <span class='ocrx_word' id='word_1_800' title='bbox 2591 5068 2661 5124; x_wconf 87' lang='lat' dir='ltr'><strong>ab</strong></span> <span class='ocrx_word' id='word_1_801' title='bbox 2692 5065 2972 5140; x_wconf 67' lang='lat' dir='ltr'><strong>Egyptiis</strong></span> <span class='ocrx_word' id='word_1_802' title='bbox 3007 5079 3145 5118; x_wconf 85' lang='lat' dir='ltr'><strong>vasa</strong></span> <span class='ocrx_word' id='word_1_803' title='bbox 3175 5077 3350 5117; x_wconf 84' lang='lat' dir='ltr'><strong>aurea</strong></span> <span class='ocrx_word' id='word_1_804' title='bbox 3379 5068 3434 5117; x_wconf 90' lang='lat' dir='ltr'><strong>et</strong></span> <span class='ocrx_word' id='word_1_805' title='bbox 3454 5068 3722 5130; x_wconf 87' lang='lat' dir='ltr'><strong>argentea</strong></span> <span class='ocrx_word' id='word_1_806' title='bbox 3757 5075 3770 5112; x_wconf 90' lang='lat'>:</span> 
     </span>
    </p>
   </div>
   <div class='ocr_carea' id='block_1_111' title="bbox 2077 5143 3778 5228">
    <p class='ocr_par' dir='ltr' id='par_1_111' title="bbox 2077 5143 3778 5228">
     <span class='ocr_line' id='line_1_111' title="bbox 2077 5143 3778 5228; baseline -0.012 -12"><span class='ocrx_word' id='word_1_807' title='bbox 2077 5160 2236 5218; x_wconf 88' lang='lat' dir='ltr'><strong>etiis</strong></span> <span class='ocrx_word' id='word_1_808' title='bbox 2293 5154 2546 5228; x_wconf 88' lang='lat' dir='ltr'><strong>acceptis</strong></span> <span class='ocrx_word' id='word_1_809' title='bbox 2597 5152 2815 5224; x_wconf 84' lang='lat' dir='ltr'><strong>egredi.</strong></span> <span class='ocrx_word' id='word_1_810' title='bbox 2877 5149 3095 5220; x_wconf 76' lang='lat' dir='ltr'><strong>Accipit</strong></span> <span class='ocrx_word' id='word_1_811' title='bbox 3151 5147 3330 5212; x_wconf 89' lang='lat' dir='ltr'><strong>enim,</strong></span> <span class='ocrx_word' id='word_1_812' title='bbox 3379 5143 3680 5216; x_wconf 86' lang='lat' dir='ltr'><strong>egrediens</strong></span> <span class='ocrx_word' id='word_1_813' title='bbox 3709 5157 3778 5196; x_wconf 81' lang='lat' dir='ltr'><strong>ex</strong></span> 
     </span>
    </p>
   </div>
   <div class='ocr_carea' id='block_1_112' title="bbox 2080 5229 3776 5314">
    <p class='ocr_par' dir='ltr' id='par_1_112' title="bbox 2080 5229 3776 5314">
     <span class='ocr_line' id='line_1_112' title="bbox 2080 5229 3776 5314; baseline -0.014 -7"><span class='ocrx_word' id='word_1_814' title='bbox 2080 5247 2334 5307; x_wconf 90' lang='lat' dir='ltr'><strong>tenebris</strong></span> <span class='ocrx_word' id='word_1_815' title='bbox 2363 5245 2584 5314; x_wconf 83' lang='lat' dir='ltr'><strong>anima,</strong></span> <span class='ocrx_word' id='word_1_816' title='bbox 2633 5245 2906 5314; x_wconf 80' lang='lat' dir='ltr'><strong>argentea</strong></span> <span class='ocrx_word' id='word_1_817' title='bbox 2937 5243 2994 5294; x_wconf 90' lang='lat' dir='ltr'><strong>et</strong></span> <span class='ocrx_word' id='word_1_818' title='bbox 3050 5253 3221 5294; x_wconf 86' lang='lat' dir='ltr'><strong>aurea</strong></span> <span class='ocrx_word' id='word_1_819' title='bbox 3277 5251 3429 5302; x_wconf 88' lang='lat' dir='ltr'><strong>vasa,</strong></span> <span class='ocrx_word' id='word_1_820' title='bbox 3488 5229 3776 5294; x_wconf 87' lang='lat' dir='ltr'><strong>videlicet,</strong></span> 
     </span>
    </p>
   </div>
   <div class='ocr_carea' id='block_1_113' title="bbox 2081 5319 3780 5408">
    <p class='ocr_par' dir='ltr' id='par_1_113' title="bbox 2081 5319 3780 5408">
     <span class='ocr_line' id='line_1_113' title="bbox 2081 5319 3780 5408; baseline -0.014 -11"><span class='ocrx_word' id='word_1_821' title='bbox 2081 5355 2216 5397; x_wconf 81' lang='lat' dir='ltr'><strong>suas</strong></span> <span class='ocrx_word' id='word_1_822' title='bbox 2248 5335 2459 5408; x_wconf 91' lang='lat' dir='ltr'><strong>probas</strong></span> <span class='ocrx_word' id='word_1_823' title='bbox 2515 5331 2897 5403; x_wconf 84' lang='lat' dir='ltr'><strong>cogitationes</strong></span> <span class='ocrx_word' id='word_1_824' title='bbox 2947 5325 3213 5399; x_wconf 87' lang='lat' dir='ltr'><strong>septuplo</strong></span> <span class='ocrx_word' id='word_1_825' title='bbox 3247 5323 3602 5385; x_wconf 83' lang='lat' dir='ltr'><strong>fervidiores,</strong></span> <span class='ocrx_word' id='word_1_826' title='bbox 3649 5319 3780 5392; x_wconf 85' lang='lat' dir='ltr'><strong>qui-</strong></span> 
     </span>
    </p>
   </div>
   <div class='ocr_carea' id='block_1_114' title="bbox 2082 5408 3782 5490">
    <p class='ocr_par' dir='ltr' id='par_1_114' title="bbox 2082 5408 3782 5490">
     <span class='ocr_line' id='line_1_114' title="bbox 2082 5408 3782 5490; baseline -0.012 -4"><span class='ocrx_word' id='word_1_827' title='bbox 2082 5429 2194 5485; x_wconf 91' lang='lat' dir='ltr'><strong>bus</strong></span> <span class='ocrx_word' id='word_1_828' title='bbox 2224 5426 2594 5482; x_wconf 88' lang='lat' dir='ltr'><strong>ministratur</strong></span> <span class='ocrx_word' id='word_1_829' title='bbox 2623 5421 2761 5483; x_wconf 92' lang='lat' dir='ltr'><strong>Deo.</strong></span> <span class='ocrx_word' id='word_1_830' title='bbox 2784 5425 2843 5475; x_wconf 90' lang='lat' dir='ltr'><strong>et</strong></span> <span class='ocrx_word' id='word_1_831' title='bbox 2871 5418 2928 5473; x_wconf 92' lang='lat' dir='ltr'><strong>in</strong></span> <span class='ocrx_word' id='word_1_832' title='bbox 2962 5417 3174 5490; x_wconf 90' lang='lat' dir='ltr'><strong>quibus</strong></span> <span class='ocrx_word' id='word_1_833' title='bbox 3207 5416 3359 5470; x_wconf 90' lang='lat' dir='ltr'><strong>Deus</strong></span> <span class='ocrx_word' id='word_1_834' title='bbox 3400 5408 3782 5483; x_wconf 86' lang='lat' dir='ltr'><strong>conquiescit.</strong></span> 
     </span>
    </p>
   </div>
   <div class='ocr_carea' id='block_1_115' title="bbox 2084 5499 3786 5594">
    <p class='ocr_par' dir='ltr' id='par_1_115' title="bbox 2084 5499 3786 5594">
     <span class='ocr_line' id='line_1_115' title="bbox 2084 5499 3786 5594; baseline -0.014 -16"><span class='ocrx_word' id='word_1_835' title='bbox 2084 5518 2485 5594; x_wconf 79' lang='lat' dir='ltr'><strong>Disperserant</strong></span> <span class='ocrx_word' id='word_1_836' title='bbox 2511 5513 2692 5581; x_wconf 91' lang='lat' dir='ltr'><strong>enim,</strong></span> <span class='ocrx_word' id='word_1_837' title='bbox 2736 5509 2838 5585; x_wconf 89' lang='lat' dir='ltr'><strong>qui</strong></span> <span class='ocrx_word' id='word_1_838' title='bbox 2898 5507 3060 5583; x_wconf 89' lang='lat' dir='ltr'><strong>prius</strong></span> <span class='ocrx_word' id='word_1_839' title='bbox 3112 5504 3288 5564; x_wconf 87' lang='lat' dir='ltr'><strong>vicini</strong></span> <span class='ocrx_word' id='word_1_840' title='bbox 3317 5501 3369 5562; x_wconf 91' lang='lat' dir='ltr'><strong>ei</strong></span> <span class='ocrx_word' id='word_1_841' title='bbox 3424 5505 3612 5571; x_wconf 87' lang='lat' dir='ltr'><strong>erant,</strong></span> <span class='ocrx_word' id='word_1_842' title='bbox 3669 5499 3786 5556; x_wconf 66' lang='lat' dir='ltr'><strong>daa-</strong></span> 
     </span>
    </p>
   </div>
   <div class='ocr_carea' id='block_1_116' title="bbox 3391 5784 3471 5851">
    <p class='ocr_par' dir='ltr' id='par_1_116' title="bbox 3391 5784 3471 5851">
     <span class='ocr_line' id='line_1_116' title="bbox 3391 5784 3471 5851; baseline -0.013 0"><span class='ocrx_word' id='word_1_843' title='bbox 3391 5784 3471 5851; x_wconf 75' lang='grc'><strong>26</strong></span> 
     </span>
    </p>
   </div>
  </div>
