4116 6210
394 358 513 418 803

1699 357 1767 415 S.
1813 351 2143 419 MACARII
2184 352 2525 421 JEGYPTlI

3782 353 3912 416 804

394 506 622 560 mones,
672 494 731 547 et
778 494 1127 561 occuparant
1179 502 1246 545 ac
1303 487 1657 559 dissiparant
1712 488 2059 559 cogitatione

2212 509 2305 544 σαν
2343 487 2445 565 γὰρ
2494 491 2546 547 οἱ
2602 489 3026 567 γειτονεύσαντες
3087 489 3228 565 αὐτῇ
3285 486 3569 562 δαίμονες,
3626 487 3716 542 καὶ
3769 507 3903 541 κατ-

394 584 541 654 ejus.
600 586 778 637 Beata
823 581 1043 649 anima,
1100 594 1227 650 quae
1268 577 1571 650 redempta
1594 584 1682 636 est
1724 593 1754 634 e
1798 580 2091 636 tenebris!

393 672 463 727 Et
486 687 566 727 ve
620 668 847 735 animas,
879 684 1005 739 qua
1065 684 1178 723 non
1236 666 1451 723 clamat
1490 682 1595 722 nec
1651 666 1989 738 ingemiscit
2028 668 2099 723 ad

392 778 551 829 eum,
591 759 694 832 qui
746 763 932 829 potest
986 773 1115 814 eam
1180 756 1427 812 liberare
1484 772 1519 813 a
1566 754 1828 814 molestis
1880 755 1998 814 illis
2044 758 2101 813 et

391 851 618 909 acerbis
648 864 889 922 operum
905 846 1271 906 exactoribus
1299 846 1311 902 l

460 1031 561 1090 XI.
596 1033 827 1089 Abeunt
858 1028 962 1087 ﬁlii
1013 1028 1189 1085 Israel
1231 1025 1518 1084 celebrato
1562 1025 1804 1084 Pascha.
1866 1027 2099 1084 Proficit

389 1124 603 1191 anima,
638 1138 764 1193 quae
800 1119 1025 1191 accepit
1052 1118 1232 1174 vitam
1273 1117 1460 1173 sancti
1506 1117 1785 1188 Spiritus,
1825 1117 2091 1189 degusta-

385 1213 471 1269 vit
518 1226 757 1283 agnum,
790 1210 1037 1278 ejusque
1077 1206 1358 1277 sanguine
1390 1209 1565 1261 uncta
1594 1212 1701 1272 est,
1733 1208 1793 1262 et
1840 1204 2093 1260 comedit

386 1317 588 1357 verum
621 1316 851 1372 panem,
914 1296 1169 1353 Verbum
1227 1295 1445 1350 vivum.
1505 1293 1793 1351 Columna
1838 1294 1989 1366 ignis
2035 1297 2094 1350 et

384 1393 661 1449 columna
702 1390 878 1445 nubis
927 1387 1061 1443 illos
1114 1386 1388 1457 praecedit
1456 1383 1871 1442 custodiens‘:
1905 1383 2087 1453 Spiri-

383 1488 478 1537 tus
508 1485 747 1537 sanctus
779 1476 1034 1534 suil'ulsit
1065 1475 1195 1545 hos,
1230 1476 1425 1530 fovens
1481 1478 1538 1530 et
1587 1474 1845 1545 dirigens
1888 1473 1949 1529 in
2006 1472 2090 1527 in-

383 1572 708 1645 telligentia
738 1570 1020 1625 animam.
1054 1566 1279 1622 Pharao
1308 1574 1364 1621 et
1392 1563 1644 1636 [Egyptii
1675 1564 2087 1620 animadversa

381 1660 581 1734 populi
615 1657 909 1714 lsraelitici
940 1656 1097 1728 fuga,
1129 1670 1307 1725 seque
1355 1652 1590 1710 servitio
1642 1669 1843 1709 eorum
1894 1651 2087 1725 priva-

378 1758 528 1823 tum,
553 1756 611 1807 et
640 1755 772 1823 post
820 1746 1345 1820 primogenitorum
1391 1744 1860 1801 interfectionem
1894 1758 2088 1816 perse-

379 1844 478 1913 qui
508 1840 675 1896 illum
707 1855 878 1895 assus
926 1842 1035 1893 est.
1078 1836 1438 1892 Festinanter
1468 1850 1607 1905 ergo
1653 1834 1927 1891 curribus
1960 1834 2084 1889 suis
2114 1856 2161 1923 Β

372 1932 618 2003 junctis,
678 1946 811 1985 cum
872 1927 1028 1984 omni
1084 1924 1297 1997 pepulo
1354 1926 1423 1979 ad
1473 1941 1572 1981 eos
1642 1923 2083 1981 interficiendos

376 2020 832 2092 impellebatur:
876 2017 1237 2088 jamjamque
1296 2014 1555 2069 futurum
1593 2030 1728 2068 cum
1789 2017 1965 2081 esset,
2017 2016 2083 2068 ut

376 2110 832 2182 permisceretur
859 2109 963 2174 eis,
1006 2103 1339 2161 intercessit
1381 2104 1568 2159 nubes
1620 2102 1671 2157 in
1706 2101 1919 2164 medio,
1952 2118 2079 2173 quas

376 2201 482 2255 bos
513 2197 751 2271 quidem
784 2196 1040 2253 tenebris
1071 2194 1314 2250 obrutos
1352 2190 1748 2263 impediebat;
1776 2190 1908 2247 illos
1945 2205 2078 2246 vero

376 2288 506 2345 luce
548 2288 794 2344 ducebat
823 2294 881 2342 et
909 2283 1309 2342 conservabat.
1342 2282 1408 2337 Et
1442 2297 1512 2337 ne
1556 2280 1863 2336 historiam
1892 2284 2076 2336 totam

372 2379 639 2435 evolvens
679 2376 996 2448 producam
1028 2373 1264 2445 longius
1321 2386 1676 2436 sermonem,
1733 2386 1902 2427 sume
1932 2367 2077 2425 mihi

370 2484 471 2539 per
500 2467 700 2525 omnia
730 2463 1173 2522 similitudinem
1204 2461 1278 2517 ad
1312 2475 1402 2516 res
1424 2458 1787 2531 spirituales.

439 2647 554 2704 Xil.
581 2652 763 2717 Quam
796 2647 1051 2720 primum
1082 2643 1239 2702 enim
1269 2642 1468 2701 anima
1516 2643 1816 2717 Egyptian
1844 2646 2069 2718 effugit,

368 2741 648 2796 accedens
696 2738 896 2793 divina
928 2735 1183 2807 potentia
1212 2734 1554 2805 opitulatur,
1586 2735 1882 2792 deducens
1940 2752 2069 2794 eam

368 2831 439 2885 ad
488 2829 807 2886 veritatem.
870 2826 975 2883 Ubi
1030 2842 1161 2882 vero
1206 2828 1537 2897 cognoverit
1583 2826 1918 2897 spiritualis
1974 2826 2072 2883 ille

366 2920 610 2986 Pharao,
642 2934 741 2974 rex
772 2916 1146 2973 tenebrarum
1205 2916 1447 2986 peccati,
1502 2915 1748 2971 deﬁcere
1775 2932 1808 2971 a
1837 2931 1897 2972 se
1954 2915 2075 2970 ani-

366 3014 634 3077 mam,et
685 3009 941 3080 effugere
1016 3006 1177 3079 regni
1236 3006 1328 3061 sui
1391 3005 1791 3078 cogitationes,
1849 3006 2068 3077 quibus

365 3100 505 3157 olim
538 3098 912 3155 detinebatur
940 3096 1051 3168 (has
1101 3096 1259 3152 enim
1318 3101 1458 3151 sunt
1502 3098 1632 3167 ejus
1692 3094 2064 3167 facultates);

2210 575 2371 653 ἑσχον
2420 580 2511 635 καὶ
2558 577 2901 637 διεσκέδασαν
2959 581 3057 637 τοῦ
3114 579 3419 657 λογισμοὺς
3476 575 3665 647 αὐτῆς.
3718 581 3909 629 Μακα-

2210 670 2299 744 ρία
2348 672 2382 740 ἠ
2433 673 2587 747 ψυχὴ
2628 674 2663 743 ἡ
2698 673 3035 749 λπρωθεῖσα
3064 671 3125 727 ἐκ
3167 675 3266 728 τοῦ
3322 668 3587 733 σκότους’
3637 667 3731 723 καὶ
3780 665 3905 722 ούαὶ

2209 762 2363 833 ψυχῇ
2412 765 2480 835 τῇ
2539 761 2613 833 μή
2668 762 2881 836 βοώσῃ,
2929 761 3020 817 καὶ
3066 759 3389 833 στεναζούσῃ
3432 759 3566 833 πρὸς
3612 755 3703 813 τὸν
3749 753 3907 811 δυνά-

2210 868 2370 920 μενον
2400 848 2660 925 ῥύσασθαι
2719 851 2889 921 αὐτὴν
2938 850 3044 906 ἀπὸ
3089 854 3195 906 τῶν
3245 848 3497 929 χαλετῶν
3552 846 3768 903 ἐκείνων
3814 845 3907 900 καὶ

2204 942 2416 1012 πικρῶν
2446 936 2849 1015 ἐργοδιωκτῶν.

2276 1029 2380 1087 ΙΔ’.
2411 1030 2761 1105 ’Λπαίρουσιν
2794 1031 2908 1086 υἱοί
2939 1028 3159 1105 Ἰσραήλ
3198 1028 3262 1086 τὸ
3310 1029 3504 1105 Πάσχα
3549 1028 3899 1100 ποιήσαντες,

2204 1117 2509 1191 Προκόπτει
2540 1120 2574 1188 ἡ
2626 1120 2805 1194 ψυχὴ,
2853 1114 3096 1174 λαϐοῦσα
3142 1120 3288 1189 ζωήν
3336 1119 3674 1191 Πνεύματος,
3725 1114 3904 1191 ἀγίου,

2200 1208 2291 1263 καὶ
2335 1206 2755 1284 ἀπογευσαμένη
2803 1212 2901 1264 τοῦ
2948 1208 3169 1283 ἀμνίου,
3216 1209 3307 1263 καὶ
3355 1209 3643 1283 χρισθεῖσα
3688 1205 3771 1277 τῷ
3816 1204 3905 1260 α’ί-

2204 1320 2330 1372 ματι
2387 1298 2574 1370 αὐτοῦ,
2630 1301 2721 1355 καὶ
2780 1304 3023 1377 φαγοῦσα
3080 1300 3173 1355 τὸν
3229 1298 3493 1367 ἀληθινὸν
3566 1296 3755 1372 ἄρτον,
3805 1297 3902 1351 τὸν

2200 1392 2373 1457 ζῶντα
2404 1389 2599 1465 Λόγον.
2632 1388 2846 1453 Στύλος
2887 1391 3058 1464 πυρὸς
3096 1388 3187 1445 καὶ
3239 1387 3436 1450 στύλος
3483 1385 3715 1463 νεφέλης
3764 1384 3901 1441 ἑκεί-

2196 1498 2304 1533 νων
2348 1484 2675 1554 προηγεῖται
2720 1477 3006 1556 φυλάττων
3042 1478 3141 1534 ’τὸ
3192 1482 3412 1549 Πνεῦμα
3456 1477 3519 1532 τὸ
3567 1477 3717 1550 ἅγιον
3765 1476 3901 1530 ὑπο·-

2197 1570 2441 1643 στηρίζει
2496 1570 2743 1640 τούτους,
2804 1570 3010 1626 θάλπον
3064 1569 3155 1625 καὶ
3230 1564 3466 1640 ὁδηγοῦν
3535 1566 3588 1621 ἐν
3652 1565 3901 1637 αἷσθήσει

2194 1660 2293 1728 τὴν
2326 1660 2536 1733 ψυχήν.
2578 1658 2744 1721 Γνοὺς
2791 1660 2993 1734 Φαραὼ
3050 1658 3142 1714 καὶ
3192 1658 3246 1713 οἱ
3303 1656 3591 1731 Αἰγύπτιοι
3642 1656 3741 1725 τήν
3802 1659 3899 1710 τοῦ

2196 1746 2333 1802 λαοῦ
2373 1748 2585 1826 φωγήν,
2632 1747 2723 1803 καὶ
2770 1750 2869 1816 τὴν
2923 1748 2982 1803 ὲκ
3028 1750 3126 1813 τῆς
3178 1742 3431 1809 δουλείας
3474 1744 3649 1800 αὐτῶν
3704 1742 3901 1818 στερηο

2192 1856 2297 1907 σιν,
2327 1838 2417 1892 καὶ
2454 1838 2588 1910 μετὰ
2612 1839 2712 1907 τήν
2759 1842 2869 1893 τῶν
2915 1838 3283 1911 πρωτοτόκων
3334 1836 3628 1907 ἀναίρεσιν,
3676 1830 3896 1889 διώκειν

2191 1926 2513 2004 ἐθφάρσησε.
2551 1924 2774 2002 Σπουδῇ
2824 1928 2929 2003 γὰρ
2980 1928 3162 2000 ζεύξας
3195 1926 3263 1982 τά
3313 1927 3526 2000 ἅρματα
3566 1925 3758 1993 αὐτοῦ,
3806 1924 3896 1977 καὶ

2195 2018 2328 2089 μετά
2391 2016 2587 2081 παντὸς
2636 2021 2732 2073 τοῦ
2782 2016 2920 2072 λαοῦ
2964 2015 3048 2072 ἐπ’
3095 2014 3290 2078 αὐτοὺς
3339 2014 3544 2071 ἀνελεῖν
3610 2012 3891 2088 ἠπείγετο·

2189 2104 2298 2176 ἤδη
2384 2105 2687 2179 μέλλοντος
2743 2106 3127 2180 ἀναμίγνυσθαι
3198 2101 3625 2173 αύτοῖς,’ίστατο
3692 2102 3893 2181 νεκρέλη

2190 2195 2242 2251 ἰν
2290 2194 2460 2270 μέσῳ,
2526 2202 2641 2258 τοῖς
2711 2196 2805 2270 μὶν
2874 2193 3247 2269 ἐμποδίζουσα
3310 2195 3401 2249 καὶ
3458 2192 3895 2265 ἐπισκοτίζουσα,

2185 2284 2313 2347 τοὺς
2373 2283 2429 2341 δὲ
2484 2284 2895 2362 φωταγωγοῦσά
2952 2306 3009 2340 τε
3069 2284 3160 2340 καὶ
3218 2282 3582 2361 φυλάττουσα.
3652 2282 3755 2339 Καὶ
3806 2278 3897 2337 ἵνα

2191 2378 2267 2448 μὴ
2314 2378 2412 2447 τὴν
2463 2376 2706 2449 ἱστορίαν
2760 2377 2963 2432 ἅπασαν
3010 2374 3331 2444 ἀνελίττων,
3383 2376 3609 2449 μηκύνω
3658 2374 3751 2429 τὸν
3784 2372 3892 2429 λύ-

2184 2485 2302 2539 γον,
2334 2458 2469 2519 λάϐε
2500 2485 2594 2538 μοι
2635 2462 2687 2519 ἐν
2720 2470 2851 2520 πᾶσι
2898 2466 2997 2534 τήν
3056 2459 3379 2538 παραϐολήν
3430 2464 3569 2539 πρὸς
3615 2461 3685 2517 τὰ
3729 2483 3895 2518 πνευ-

2187 2575 2291 2628 ματ
2302 2553 2410 2612 ικά.

2254 2648 2362 2705 IB'.
2413 2648 2581 2704 Ὅταν
2640 2644 2746 2721 γὰρ
2801 2647 3021 2720 πρῶτον
3073 2646 3110 2714 ἠ
3160 2644 3314 2719 ψυχὴ
3370 2643 3497 2706 τοῦς
3556 2640 3889 2719 Αἰγυπτίους

2182 2735 2456 2810 ἀποφύγῃ,
2516 2736 2893 2810 προσελθοῦσα
2950 2735 2984 2801 ἡ
3042 2737 3140 2789 τοῦ
3203 2737 3337 2789 Θεοῦ
3409 2730 3635 2807 δύναμις
3694 2733 3890 2806 βοηθεῖ

2181 2824 2459 2903 ὁδηγοῦσα
2516 2826 2686 2896 αὐτὴν
2736 2824 2824 2881 ἐπὶ
2868 2826 2967 2895 τὴν
3018 2824 3302 2895 ἀλήθειαν.
3352 2823 3519 2886 Γνοὺς
3567 2821 3626 2879 δὶ
3678 2824 3889 2879 ὁπνευ-

2184 2917 2407 2990 ματικὸς
2447 2915 2671 2987 Φαραὼ,
2724 2918 2751 2969 ὁ
2805 2914 3061 2991 βασιλεὺς
3112 2918 3210 2970 τοῦ
3267 2913 3490 2975 σκότους
3545 2917 3644 2979 τῆς
3703 2913 3881 2987 ἆμαρ-

2177 3006 2314 3077 τίας,
2384 3006 2467 3061 ὅτι
2534 3005 2820 3083 ἀφίσταται
2882 3003 3048 3060 αὐτοῦ
3104 3005 3140 3073 ἠ
3198 3004 3379 3078 ψυχὴ,
3436 3004 3525 3060 καὶ
3582 3004 3880 3079 ἀποφεύγει

2176 3104 2275 3168 τῆς
2346 3096 2623 3174 βασιλείας
2672 3098 2842 3153 αὐτοῦ
2888 3098 3016 3157 τοὺς
3065 3093 3371 3170 λογισμοὺς
3416 3093 3589 3150 πάλαι
3632 3113 3878 3167 κατεγο-

363 3186 720 3243 existimavit
766 3199 832 3240 ac
865 3200 1030 3255 spem
1072 3182 1183 3283 sibi
1234 3182 1367 3237 fecit
1415 3182 1716 3237 horribilis
1757 3182 1856 3238 ille
1903 3182 2060 3240 illam

2198 3186 2371 3249 ιὲνους
2406 3205 2419 3221 ·
2461 3191 2629 3241 ταῦτα
2692 3188 2799 3261 γὰρ
2865 3184 3033 3240 αὐτοῦ
3097 3184 3166 3239 τά
3230 3184 3550 3259 ὑπάρχοντα
3584 3202 3596 3215 ·
3640 3179 3881 3239 ὑπέλαϐε

364 3289 721 3331 reversuram
766 3272 838 3327 ad
924 3287 1005 3326 se.
1080 3266 1189 3325 Ubi
1260 3285 1393 3324 vero
1471 3268 1755 3325 intellexit
1800 3270 2058 3328 animam

2198 3277 2260 3331 Lai
2318 3274 2556 3344 ἤλπισεν
2612 3275 2639 3330 ὁ
2699 3273 2895 3344 δεινὸς,
2952 3272 3117 3329 πάλιν
3178 3272 3346 3343 αὐτὴν
3413 3272 3681 3328 ἐπανιέναι
3735 3274 3877 3346 πρὸς

361 3363 603 3419 omnino
633 3362 846 3417 evitare
876 3375 1042 3415 suam
1074 3358 1463 3430 tyrannidem,
1496 3359 1650 3413 cede
1709 3360 2064 3431 primogeni-

362 3458 559 3507 torum
590 3458 647 3507 et
679 3454 831 3505 furto
875 3448 1293 3520 cogitationum
1352 3447 1759 3519 impudentius
1789 3450 2060 3519 accurrit,

357 3544 579 3598 veritus
614 3557 683 3597 ne
716 3541 913 3596 forsan
946 3542 1146 3595 anima
1204 3554 1443 3610 prorsus
1501 3539 1831 3612 elfugiente,
1888 3556 2061 3596 nemo

358 3630 705 3701 reperiatur,
738 3629 837 3701 qui
887 3627 1239 3684 voluntatem
1296 3633 1355 3684 et
1400 3644 1549 3699 opus
1593 3644 1763 3685 suum
1794 3628 2058 3701 impleat.

354 3721 733 3792 Persequitur
778 3736 916 3791 ergo
963 3735 1081 3775 eam
1125 3718 1565 3785 afﬂictionibus,
1636 3720 2059 3777 tentationibus

356 3827 423 3867 ac
460 3810 632 3867 bellis
683 3808 1095 3866 invisibilibus.
1148 3809 1250 3865 Hic
1289 3808 1589 3882 probatur,
1629 3808 1724 3865 hic
1772 3814 2056 3879 tentatur,

354 3901 449 3957 hic
479 3905 719 3974 apparet
748 3915 910 3957 amor
936 3916 1053 3972 quo
1104 3915 1261 3969 eum,
1295 3898 1391 3970 qui
1436 3899 1636 3956 eduxit
1665 3916 1735 3956 ex
1788 3900 2054 3974 Egypto,

353 3990 777 4063 complectitur,
841 3990 1134 4062 siquidem
1205 3990 1473 4060 traditur,
1530 3994 1590 4046 ut
1639 3990 1940 4063 probetur,
2001 3995 2058 4047 et

351 4080 527 4138 variis
560 4082 751 4138 modis
782 4085 1059 4139 tentetur.

418 4346 560 4403 XIII.
598 4347 759 4402 Videt
787 4346 941 4402 enim
988 4346 1321 4403 facultatem
1379 4346 1568 4403 hostis
1623 4346 1913 4404 volentem
1965 4348 2050 4405 ir-

348 4452 512 4493 ruere
538 4440 594 4491 et
626 4436 970 4502 interficere,
996 4452 1101 4491 nec
1123 4440 1321 4491 tamen
1355 4452 1562 4507 posse;
1598 4437 1829 4494 medius
1887 4440 2044 4495 enim

345 4529 496 4583 inter
526 4542 653 4581 eam
686 4529 741 4580 et
769 4524 1059 4597 [Egyptios
1114 4525 1356 4597 spiritus
1413 4526 1685 4583 consistit
1736 4528 2039 4586 Dominus.

2168 3367 2350 3424 αὐτόν.
2401 3369 2604 3422 Μαθὼν
2662 3365 2740 3439 δὲ,
2799 3366 2885 3422 ὅτι
2939 3366 3249 3421 παντάπασι
3306 3363 3494 3439 φεύγει
3545 3364 3645 3432 τήν
3704 3385 3877 3419 κατα-

2167 3454 2475 3513 δυναστείαν
2531 3458 2695 3512 αὐτοῦ
2739 3459 2773 3526 ἡ
2824 3457 3003 3531 ψυχὴ,
3063 3458 3163 3525 τῆς
3222 3460 3435 3532 σφαγῆς
3483 3458 3593 3509 τῶν
3648 3472 3874 3529 πρωτο.

2162 3547 2339 3602 τόκων
2394 3546 2485 3602 καὶ
2529 3545 2748 3617 κλοπῆς
2790 3551 2898 3602 τῶν
2945 3544 3226 3620 λογισμῶν
3279 3541 3651 3618 ἀναιδέστερον
3699 3565 3878 3618 προσ-

2165 3634 2391 3711 έδραμε,
2459 3631 2722 3716 φοϐηθεὶς
2793 3638 3008 3709 μήποτε
3069 3641 3171 3704 τῆς
3248 3636 3436 3707 ψυχῆς
3519 3632 3869 3711 “quem:

2162 3726 2442 3789 παντελῶς
2510 3724 2687 3788 οὐδεὶς
2751 3727 2962 3801 εὑρεθῇ,
3035 3726 3064 3780 ὁ
3129 3726 3193 3780 τὸ
3259 3723 3477 3797 θέλημα
3543 3724 3713 3779 αὐτοῦ
3779 3728 3871 3780 καί

2158 3817 2224 3871 τὸ
2276 3812 2434 3893 ἔργον
2490 3814 2805 3891 ἇκπληρῶν.
2865 3811 3205 3873 Καταδιώκει
3264 3811 3432 3883 αὐτὴν
3487 3810 3576 3869 διὰ
3620 3811 3868 3887 θλίψεων

2160 3907 2251 3961 καὶ
2319 3912 2655 3981 πειρασμῶν,
2737 3905 2827 3961 καὶ
2891 3904 3155 3977 πολέμων
3238 3902 3508 3977 ἀοράτων.
3600 3902 3868 3959 Ἐνταῦθα

2160 3996 2534 4072 δοκιμάζεται,
2595 3997 2818 4053 ἐνταῦθα
2899 3995 3232 4070 πειράζεται,
3319 3993 3541 4049 ἐνταῦθα
3616 3994 3867 4071 φαίνεται

2156 4092 2192 4160 ἡ
2262 4089 2398 4163 πρὸς
2464 4089 2557 4144 τὸν
2622 4088 2879 4164 ἐξάγοντα
2943 4086 3113 4155 αὐτὴν
3181 4085 3231 4160 ἐξ
3305 4084 3584 4161 Αἰγύπτου
3621 4084 3812 4160 ἀγάπη
3850 4104 3864 4119 ⁸

2155 4177 2515 4255 παραδίδοται
2572 4179 2675 4257 γὰρ
2726 4176 3125 4252 δοκιμασθῆναι
3171 4176 3264 4231 καὶ
3313 4177 3671 4251 πειρασθῆναι
3717 4196 3870 4231 παν-

2154 4268 2425 4333 τοδαπῶς.

2225 4362 2323 4417 II".
2367 4365 2569 4433 Θεωρεῖ
2614 4361 2719 4437 γὰρ
2762 4360 2860 4427 τήν
2914 4355 3145 4432 δύναμιν
3185 4356 3283 4413 τοῦ
3325 4353 3529 4433 ἐχθροῦ
3580 4354 3869 4431 βουλομέο

2149 4469 2249 4516 νην
2314 4446 2575 4515 ἐπελθεῖν,
2643 4448 2733 4502 καὶ
2800 4450 3106 4503 θανατῶσαι
3171 4446 3262 4500 καὶ
3329 4446 3406 4518 μή
3474 4441 3861 4522 ὶξισχύουσαν·

2155 4539 2316 4613 μέσος
2356 4538 2458 4615 γὰρ
2500 4537 2669 4604 αὐτῆς
2710 4539 2801 4593 καὶ
2844 4542 2952 4593 τῶν
2999 4535 3314 4611 Αἰγυπτίων
3365 4534 3651 4608 πνεύματα
3694 4531 3865 4606 ἵστη-

343 4616 579 4689 Spectat
599 4619 794 4669 autem
827 4594 898 4669 ab
940 4594 1201 4670 interiori
1260 4620 1422 4687 parte
1480 4631 1636 4671 mare
1691 4617 2039 4674 amaritudi-

2198 4650 2234 4683 ιν
2296 4594 2513 4704 ίίύιριῦς,
2574 4594 2779 4702 Θεωρεῖ
2834 4625 2890 4682 δὶ
2936 4626 3025 4681 καὶ
3083 4594 3388 4700 ἔμπροσθεν
3438 4594 3710 4680 θάλασσαν
3774 4594 3869 4679 πι-

341 4706 431 4762 nis
469 4710 525 4761 et
554 4704 887 4761 afﬂictionis
917 4709 1017 4761 aut
1072 4706 1530 4777 desperationis;
1564 4711 1621 4761 et
1678 4723 1783 4763 nec
1812 4708 1871 4763 in
1932 4725 2039 4781 po-

337 4796 581 4852 steriora
619 4795 940 4867 quidquam
993 4795 1221 4851 efficere
1281 4800 1508 4867 potest;
1540 4796 1754 4869 quippe
1782 4813 1907 4869 quis
1950 4799 2043 4853 vi-

337 4888 472 4941 deat
524 4888 673 4943 ειη
738 4887 934 4943 hostes
999 4891 1341 4959 promptos;
1430 4902 1537 4942 nec
1589 4887 1646 4941 in
1748 4889 2040 4946 anteriora

334 4976 640 5044 secedere;
698 4981 889 5032 metus
935 4976 1091 5031 enim
1132 4976 1354 5040 mortis,
1392 4980 1447 5031 et
1492 4992 1699 5048 graves
1756 4993 1822 5034 ac
1864 4978 2035 5035 variae

335 5068 704 5133 afﬂictiones,
736 5069 950 5139 quibus
980 5068 1402 5138 circumdatur,
1441 5074 1685 5124 mortem
1711 5070 1785 5125 ob
1833 5071 2035 5127 oculos

329 5159 381 5216 ei
445 5163 685 5229 ponunt.
763 5160 1033 5230 Desperat
1098 5174 1233 5230 ergo
1303 5158 1373 5214 de
1449 5174 1512 5214 se
1576 5159 1728 5231 ipsa,
1796 5166 2032 5217 senten-

330 5248 471 5305 tiam
508 5250 793 5307 mortisin
825 5266 885 5305 se
918 5250 1164 5318 habens,
1218 5249 1438 5319 anima,
1492 5258 1728 5323 propter
1776 5254 2034 5309 circum-

327 5337 559 5394 dantem
593 5338 753 5395 illam
794 5340 1079 5395 malorum
1115 5338 1577 5395 multitudinem.
1636 5342 1703 5399 Et
1763 5342 1861 5400 ubi
1894 5360 2030 5400 con-

326 5430 578 5497 spexerit
607 5429 758 5485 Deus
791 5436 949 5485 metu
983 5431 1186 5485 mortis
1216 5428 1425 5485 collabi
1458 5433 1742 5503 animam,
1763 5436 2028 5496 hostem-

323 5530 435 5585 que
498 5516 570 5571 ad
636 5532 763 5573 eam
820 5517 1250 5575 absorbendam
1319 5522 1847 5598 promptissimum,
1898 5532 2023 5586 tum

390 5694 412 5733 ‘
443 5692 620 5753 Exod.
643 5710 760 5766 xiv,
796 5696 881 5769 19,
920 5695 1012 5754 20.

2147 4720 2305 4794 κρίας
2360 4718 2448 4774 καὶ
2494 4717 2756 4793 θλίψεως,
2806 4720 2842 4788 ἢ
2893 4718 3276 4791 ἀπογνώσεως,
3334 4715 3425 4770 καὶ
3494 4712 3621 4771 οὔτε
3663 4713 3744 4777 εἷς
3793 4716 3866 4771 τὰ

2147 4808 2321 4863 ὀπίσω
2384 4807 2569 4863 ἀνύσαι
2623 4806 2819 4883 ἰσχύει,
2874 4807 3058 4883 ὁρῶσα
3105 4805 3361 4879 ὶτοίμους
3416 4805 3547 4868 τοὺς
3595 4802 3859 4879 ἐχθροὺς,

2145 4895 2268 4953 οὔτε
2317 4896 2392 4960 είς
2446 4898 2514 4953 τά
2560 4896 2860 4971 ἔμπροσθεν
2918 4903 3199 4973 χωρῆσαι·
3247 4893 3428 4951 δειλία
3473 4895 3576 4971 γὰρ
3617 4896 3859 4950 θανάτου

2142 4987 2231 5042 καί
2290 4987 2502 5061 θλίψεις
2562 4985 2729 5043 δειναὶ
2785 4986 2875 5041 καὶ
2934 4985 3182 5042 ποικίλαι
3240 4986 3623 5060 περιέχουσαι,
3686 4985 3861 5039 θάνα-

2141 5098 2232 5132 τον
2267 5078 2397 5152 ὁρᾷν
2428 5081 2697 5134 ποιοῦσιν.
2752 5073 3071 5133 Ἀπευδοκεῖ
3100 5074 3192 5131 οῦν
3232 5077 3426 5145 ἑαυτὴν
3453 5075 3515 5131 τὸ
3564 5072 3859 5149 ἀπόκριμα

2138 5171 2239 5221 τοῦ
2286 5167 2511 5222 θανάτου
2566 5167 2619 5222 ἐν
2669 5168 2832 5240 ἑαυτῇ
2883 5161 3084 5242 ἔχουσα
3116 5168 3150 5235 ἠ
3182 5165 3360 5240 ψυχὴ,
3411 5161 3500 5218 διὰ
3546 5163 3639 5219 τὸν
3682 5183 3859 5238 περι-

2137 5255 2492 5313 κυκλώσαντα
2540 5256 2711 5326 αύτὴν
2762 5261 2873 5312 τῶν
2923 5257 3179 5330 πονηρῶν
3226 5253 3414 5328 ἑσμόν.
3480 5251 3582 5309 Καὶ
3625 5251 3856 5309 ἐπειδάν

2136 5344 2227 5422 ἴδῃ
2269 5347 2297 5403 ὁ
2347 5348 2478 5411 Θεὸς
2527 5344 2705 5418 δειλίᾳ
2756 5349 2983 5403 θανάτου
3033 5349 3425 5420 περιπεσοῦσαν
3475 5344 3575 5412 τήν
3607 5344 3847 5417 ψυχήν·

2133 5438 2223 5493 καὶ
2289 5437 2381 5494 τὸν
2445 5436 2645 5513 ἐχθρὰν
2706 5441 2989 5493 καταπιεῖν
3055 5434 3221 5504 αὐτὴν
3307 5432 3544 5507 δτοίμως
3612 5427 3844 5508 ἔχοντα,

2133 5527 2254 5584 τότε
2309 5524 2367 5584 δὲ
2432 5525 2624 5585 δίδωσι
2696 5526 2893 5606 μικρὰν
2962 5528 3244 5606 βοήθειαν,
3314 5525 3690 5603 μακροθυμῶν
3750 5522 3842 5581 ἰπὶ
