4082 6196
227 310 346 376 805

1491 299 1863 377 Hormus.
1905 348 1982 360 —
2025 305 2212 376 ΗΘΜ.
2256 303 2490 391 XLVII.

3582 295 3747 380 eos

233 447 334 513 τήν
381 446 594 520 ψυχὴν,
649 446 738 500 καὶ
801 442 1113 519 δοκιμάζων
1175 445 1355 515 αὐτὸν,
1384 445 1430 500 εί
1459 450 1527 520 τῇ
1567 444 1744 500 πίστει
1781 441 1939 515 ἔστη-

2124 446 2270 501 aabet
2310 445 2545 516 quidem
2586 445 2854 516 exiguum
2905 447 3209 517 auxilium,
3240 448 3595 522 longanimis
3614 467 3753 524 erga

235 555 349 596 κεν,
383 534 430 589 εἰ
480 537 582 604 τὴν
639 535 855 610 ἀγάπην
905 536 1004 605 τὴν
1059 536 1194 610 πρὸς
1254 537 1411 591 αὑτὸν
1472 533 1609 609 ἔχει.
1675 535 1940 605 Τοιαύτην

242 629 347 700 γᾰρ
397 623 426 678 ὁ
485 625 613 686 Θεὸς
669 619 818 679 ἔθετο
868 626 968 695 τήν
1039 624 1186 698 ὁδὸν,
1217 626 1316 696 τήν
1352 624 1656 698 ἀπάγουσαν
1714 623 1790 688 εἷς
1837 625 1937 693 τὴν

237 713 384 781 ζωὴν
427 714 560 786 μετὰ
592 711 828 788 θλίψεως
869 714 1000 769 εἶναι
1037 715 1129 769 καὶ
1187 712 1583 790 στενοχωρίας,
1634 713 1724 769 καὶ
1783 709 1945 767 δοκι-

242 800 438 875 μασίας
493 800 736 872 πολλῆς,
819 805 910 857 καὶ
993 808 1312 878 πειρασμῶν
1398 805 1766 877 πικροτάτων,
1851 799 1947 856 ’ίνα

235 891 478 948 ἐντεῦθεν
538 893 844 966 καταντήσῃ
890 891 1082 948 λοιπὸν
1141 892 1174 963 ἡ
1234 893 1387 967 ψυχὴ
1450 889 1539 946 διὰ
1605 894 1704 961 τήν
1782 891 1944 965 ὑπερ-

240 977 556 1036 ϐάλλουσαν
617 980 801 1056 θλίψιν
856 983 948 1037 καὶ
1002 983 1094 1037 τὸν
1152 983 1276 1056 παρ’
1334 980 1642 1057 ὀψθαλμοῖς
1700 982 1944 1038 θάνατον.

238 1074 610 1141 Τοτηνικαῦτα
667 1072 814 1145 χειρὶ
862 1076 1092 1146 κραταιᾷ
1138 1071 1228 1126 καὶ
1275 1069 1475 1145 ὑψηλῷ
1539 1070 1798 1146 βραχίονι
1859 1067 1950 1124 διὰ

235 1164 336 1215 τοῦ
397 1159 552 1236 ἁγίου
609 1159 923 1233 Πνεύματος
964 1163 1094 1230 τῆς
1171 1159 1531 1235 ἐπιλάμψεως
1598 1161 1785 1234 ῥῆσσει
1847 1160 1945 1227 τὴν

239 1247 470 1323 δύναμιν
555 1253 652 1305 τοῦ
725 1250 978 1320 σκότους,
1035 1249 1125 1304 καὶ
1206 1248 1481 1328 διέρχεται
1531 1252 1566 1319 ἡ
1620 1251 1772 1324 ψυχή
1820 1247 1948 1311 τοὺς

239 1333 510 1414 φοϐεροὺς
568 1339 771 1401 τόπους
832 1338 1156 1414 ἐκιρυγοῦσα,
1233 1339 1323 1394 καὶ
1402 1335 1767 1411 διαπεράσασα
1848 1339 1948 1407 τὴν

238 1427 514 1483 θάλασσαν
542 1432 639 1483 τοῦ
672 1427 921 1498 σκότους,
952 1429 1045 1483 καὶ
1073 1433 1170 1484 τοῦ
1201 1429 1500 1506 παμφάγου
1532 1429 1723 1504 πυρός.

313 1521 415 1576 ΙΔ’.
446 1523 626 1575 Ταῦτα
666 1520 941 1593 μυστήριοὶ
987 1518 1100 1575 ἐστι
1141 1523 1327 1595 ψυχῆς
1376 1518 1600 1590 ἀληθῶς
1652 1520 1952 1596 γιγνόμενα

236 1609 290 1664 ἐν
320 1607 595 1684 ἀνθρώπῳ
629 1608 991 1679 σπουδάζοντι
1040 1608 1217 1664 ἐλθεῖν
1277 1611 1414 1684 πρὸς
1466 1610 1568 1677 τὴν
1617 1607 1949 1686 ἐπαγγελίαν

233 1707 338 1770 τῆς
398 1705 565 1770 ζωῆς,
613 1700 703 1756 καὶ
750 1699 1109 1777 λυτρουμένῳ
1157 1697 1219 1754 ἐκ
1260 1706 1360 1769 τῆς
1410 1698 1689 1773 βασιλείας
1731 1701 1828 1755 τοῦ
1859 1702 1950 1755 θα-

236 1789 428 1860 νᾶτου,
487 1789 578 1844 καὶ
638 1787 975 1862 λαμϐάνοντι
1035 1784 1321 1866 ὰῤῥαϐῶνα
1388 1791 1534 1864 παρὰ
1614 1793 1766 1852 Θεοῦ,

245 1879 539 1954 μετέχοντι
599 1879 914 1952 Πνεύματος
968 1880 1145 1954 ἁγίου.
1205 1878 1336 1934 Εἶτα
1393 1879 1646 1953 ῥυσθεῖσα
1702 1881 1736 1946 ἡ
1797 1881 1949 1954 ψυχή

241 1968 306 2024 ἐκ
335 1975 445 2024 τῶν
503 1968 718 2047 ἐχθρῶν
779 1969 967 2039 αὐτῆς,
1022 1968 1114 2024 καὶ
1178 1970 1278 2038 τήν
1341 1971 1538 2044 πικρὰν
1589 1970 1833 2025 Θάλασσα
1885 1975 1953 2044 τῇ

243 2059 472 2134 δύναμει
513 2064 610 2115 τοῦ
670 2065 805 2115 Θεοῦ
863 2058 1170 2130 διελθοῦσα,
1202 2059 1292 2115 καὶ
1351 2061 1534 2135 ὁρῶσα
1593 2059 1721 2122 τοὺς
1789 2060 1954 2116 πολε·

248 2151 415 2224 μίους
449 2147 869 2222 ἀπολλυμένους
896 2150 1002 2226 πρὸ
1033 2147 1355 2227 ὀφθαλμῶν,
1388 2151 1478 2212 οῖς
1518 2148 1579 2205 τὸ
1629 2151 1756 2224 πρὶν
1798 2148 1955 2206 ἐδού-

243 2240 424 2311 λευεν,
475 2237 804 2316 ἀγαλλιᾶται
860 2243 1006 2314 χαρᾷ
1062 2237 1446 2311 ἀνεκλαλήτῳ,
1505 2239 1597 2294 καὶ
1632 2237 1958 2313 δεδοξασμέ-

242 2352 338 2402 νη,
390 2326 851 2406 παρακαλουμένη
913 2329 1016 2384 ὑπὸ
1063 2333 1158 2384 τοῦ
1216 2333 1374 2396 Θεοῦ,
1429 2329 1517 2383 καὶ
1575 2329 1956 2402 ἀναπαυομένη

247 2420 304 2476 ἐν
333 2419 538 2494 Κυρίῳ.
590 2419 719 2474 Τότε
766 2419 829 2474 τὸ
885 2423 1099 2492 πνεῦμα
1155 2417 1286 2492 ὅπερ
1346 2413 1530 2490 ἔλαϐε,
1561 2421 1747 2474 καινὸν
1815 2419 1961 2492 ᾆσμα

244 2515 327 2582 τῷ
353 2514 470 2581 Θεῷ
501 2505 638 2579 ᾅδει,
681 2505 770 2563 διὰ
811 2511 906 2563 τοῦ
954 2509 1262 2580 τυμπάνου,
1316 2505 1486 2584 ἤγουν
1528 2511 1623 2563 τοῦ
1681 2510 1960 2580 σώματος,

248 2599 341 2654 καὶ
399 2602 508 2653 τῶν
553 2600 652 2665 τῆς
709 2595 958 2671 κιθάρας,
1012 2597 1138 2665 ἤτοι
1186 2599 1397 2674 ψυχῆς,
1449 2595 1684 2670 λογικῶν
1738 2594 1958 2671 χορδῶν

249 2687 342 2744 καὶ
395 2685 738 2742 λεπτοτάτων
788 2685 1096 2761 λογισμῶν,
1154 2685 1244 2740 καὶ
1323 2689 1420 2740 τοῦ
1495 2684 1780 2760 πλήκτρου
1861 2692 1961 2756 τῆς

257 2775 408 2838 θείας
476 2775 720 2851 χάριτος,
789 2775 879 2830 καὶ
938 2774 1244 2848 ἀναπέμπει
1303 2773 1487 2837 αἶ’νους
1561 2779 1639 2847 τῷ
1709 2780 1965 2848 ζωοποιῴ

251 2869 497 2941 Χριστῷ.
527 2870 615 2930 Ὠς
643 2865 746 2941 γὰρ
779 2863 869 2920 διὰ
895 2870 993 2921 τοῦ
1045 2864 1222 2921 αὐλοῦ
1269 2868 1332 2920 τὸ
1388 2869 1602 2937 πνεῦμα
1668 2862 1963 2939 διερχόμε-

248 2976 342 3011 νον
386 2954 568 3025 λαλεῖ,
612 2954 757 3010 οὕτω
807 2953 900 3009 διὰ
942 2958 1050 3010 τῶν
1107 2955 1282 3028 ἁγίων
1358 2953 1448 3008 καὶ
1507 2954 1966 3030 πνευματοφόρων

249 3044 550 3119 ἀνθρώπων
613 3046 678 3100 τὸ
740 3049 960 3118 Πνεῦμα
1019 3043 1083 3100 τὸ
1140 3042 1292 3117 ἅγιόν
1345 3043 1486 3098 ἐστιν
1575 3043 1797 3117 ὑμνοῦν,
1875 3045 1966 3098 καὶ

254 3134 493 3210 ψάλλον,
540 3133 632 3190 καὶ
681 3134 1129 3210 προσευχόμενον
1171 3138 1251 3206 τῷ
1306 3138 1423 3205 Θεῷ
1472 3132 1524 3188 ἐν
1583 3136 1788 3208 καθαρᾷ
1834 3153 1965 3209 καρ-

259 3223 369 3297 δίᾳ.
431 3223 567 3294 Δόξα
622 3229 701 3295 τῷ
754 3225 1039 3298 ῥυσαμένῳ
1097 3223 1197 3291 τήν
1276 3224 1460 3297 ψυχήν
1537 3221 1597 3276 ἐκ
1677 3229 1778 3292 τῆς
1855 3220 1967 3278 δου-

256 3313 414 3376 λείας
482 3314 706 3386 Φαραὼ,
774 3313 864 3368 καὶ
940 3311 1130 3386 θρόνον
1212 3309 1349 3366 ἴδιον
1404 3313 1821 3382 καταστήσαντι,
1878 3316 1966 3369 καὶ

259 3404 442 3473 οἶκον,
535 3404 626 3458 καὶ
707 3405 856 3476 ναὸν,

259 3491 426 3548 οὖσαν
455 3493 512 3547 ἐν
537 3494 617 3564 τῷ
653 3491 850 3565 κόσμῳ
881 3489 1080 3564 τούτῳ.

333 3584 442 3640 IE'.
505 3581 596 3638 Ἐν
650 3585 730 3654 τῷ
792 3584 948 3654 νόμῳ
1007 3585 1119 3650 ζῶα
1177 3578 1350 3656 ἄλογα
1408 3577 1804 3659 προσεφέροντο
1892 3581 1968 3643 εἰς

258 3671 473 3741 θυσίαν,
549 3671 638 3727 καὶ
716 3672 792 3744 μή
837 3669 1165 3745 ἐσφάζοντο,
1252 3670 1348 3725 οὖν
1436 3672 1571 3740 ἦσαν
1662 3667 1843 3726 δεκταὶ
1913 3673 1966 3725 αἱ

256 3761 615 3838 προσφοραίυ
669 3760 759 3815 καὶ
806 3765 899 3816 νῦν
951 3760 1038 3816 ἐὰν
1085 3761 1162 3832 μὴ
1215 3764 1393 3840 στραγῇ
1450 3762 1484 3829 ἡ
1553 3759 1810 3833 ἁμαρτία,
1877 3759 1974 3814 οὐκ

258 3848 379 3908 ἔστι
414 3849 576 3919 δεκτὴ
609 3853 642 3920 ἡ
690 3853 976 3926 προσφορὰ
1021 3855 1100 3922 τῷ
1149 3855 1264 3923 Θεῷ
1329 3851 1418 3905 καὶ
1463 3849 1722 3919 ἀληθινή.
1773 3849 1973 3905 Ἦλθεν

253 3943 296 3996 ,ὁ
333 3941 468 4003 λαὸς
499 3940 574 4002 εἰς
623 3939 826 4016 Μερᾶν,
868 3939 1005 3996 ὅπου
1061 3940 1129 4009 ἦν
1186 3940 1342 4016 πηγή
1382 3938 1575 4012 πικρὸν
1631 3935 1777 4013 ὕδωρ
1839 3938 1975 4013 βρύ-

275 4052 436 4098 ουσα,
463 4031 552 4086 καὶ
583 4031 864 4110 ἄχρηστον
907 4029 1043 4104 πρὸς
1089 4029 1269 4085 πόσιν.
1330 4027 1549 4083 Κελεύει
1608 4024 1699 4082 οῦν
1759 4028 1787 4082 ὁ
1846 4027 1974 4088 Θεὸς

272 4120 473 4175 Μωσέα
504 4119 884 4188 ἆποκνήσαντα
912 4117 1073 4188 ξύλον
1125 4117 1277 4192 ῥίψαι
1327 4117 1401 4179 εἰς
1448 4117 1511 4171 τὸ
1560 4116 1754 4190 πικρὸν
1807 4113 1976 4190 ὕδωρ,

261 4210 358 4265 καὶ
419 4203 814 4281 ἐμϐληθέντος,
885 4208 1059 4271 οὕτως
1132 4211 1230 4263 τοῦ
1305 4205 1498 4276 ξύλου,
1556 4203 1858 4282 ἐγλυκάνθη
1915 4205 1978 4260 τὸ

265 4296 417 4372 ὕδωρ
454 4316 468 4330 ο
500 4296 592 4352 καὶ
647 4292 985 4370 μεταϐληθὶν
1017 4296 1077 4352 ἐκ
1122 4302 1222 4365 τῆς
1280 4295 1635 4370 πικρότητος,
1693 4297 1977 4369 χρήσιμον

267 4387 362 4443 καὶ
420 4387 656 4460 πότιμον
717 4385 928 4461 ἐγένετο
986 4391 1065 4459 τῷ
1132 4384 1252 4458 λαῴ
1305 4389 1402 4440 τοῦ
1460 4388 1613 4440 Θεοῦ.
1673 4385 1772 4440 Τὸν
1819 4384 1978 4439 αὐτὸν

1860 1789 1951 1844 καὶ
1986 1824 2030 1890 Β

939 3402 1031 3458 καὶ
1117 3401 1334 3480 νύμφην
1419 3403 1681 3477 κάθαραν,
1764 3402 1853 3457 καὶ
1935 3401 2276 3482 εἰσαγαγόντι
2363 3401 2530 3472 αὐτὴν
2615 3402 2689 3465 εἷς
2779 3400 3062 3477 βασιλεῖαν

2050 536 2330 602 animam,
2382 541 2439 591 et
2495 535 2749 607 probans
2803 554 2954 602 eam,
2985 556 3057 593 an
3103 539 3162 594 in
3222 541 3336 595 tide
3384 545 3516 609 stet,
3575 546 3630 597 et
3677 559 3751 597 an

2052 625 2423 680 dilectionem
2483 641 2616 698 erga
2672 643 2804 683 eum
2866 627 3094 686 habeat.
3127 629 3325 686 Talem
3383 632 3540 686 enim
3607 631 3757 687 Deus

2053 715 2358 770 constituit
2413 714 2587 784 viam,
2621 717 3004 775 deducentem
3063 720 3138 775 ad
3187 721 3389 792 vitam,
3432 723 3641 794 degere
3696 722 3755 778 in

2054 802 2390 870 afﬂictione,
2419 804 2477 859 in
2529 804 2822 876 angustia,
2851 806 2912 861 in
2966 808 3305 877 probatione
3356 797 3558 878 multa,
3583 815 3638 866 et
3697 812 3756 866 in

2054 893 2480 949 tentationibus
2512 895 2928 963 acerbissimis,
2962 901 3025 951 ut
3067 897 3204 953 inde
3253 905 3456 971 postea
3494 906 3762 958 occurrat

2056 984 2251 1040 anima
2289 1001 2388 1056 per
2430 985 2726 1056 ingentem
2783 988 3179 1056 alflictionem,
3212 994 3270 1044 et
3318 996 3564 1046 mortem
3627 997 3762 1048 ante

2057 1073 2255 1130 oculos
2289 1076 2537 1145 positam
2577 1092 2590 1130 :
2626 1085 2760 1132 tunc
2807 1093 2977 1132 manu
3025 1077 3212 1133 valida
3273 1083 3330 1134 et
3375 1081 3599 1136 excelso
3631 1081 3766 1136 bra-

2057 1162 2187 1218 chio
2245 1165 2432 1219 sancti
2491 1164 2743 1236 Spiritus
2811 1165 3244 1222 illuminatione
3301 1167 3580 1238 dirumpit
3645 1169 3762 1224 vim

2058 1251 2453 1324 tenebrarum,
2485 1259 2544 1309 et
2574 1254 2787 1309 transit
2816 1255 3013 1310 anima
3044 1255 3334 1312 horrenda
3363 1256 3489 1312 loca
3518 1257 3764 1326 evitans,

2060 1349 2230 1412 atque
2288 1342 2584 1412 trejiciens
2630 1359 2789 1398 mare
2848 1345 3221 1400 tenebrarum
3282 1353 3334 1401 et
3390 1345 3542 1418 ignis
3571 1346 3770 1401 omnia

2059 1430 2410 1485 devorantis.

2132 1519 2271 1574 XlV.
2307 1519 2436 1576 Haec
2484 1524 2624 1576 sunt
2671 1522 2951 1590 mysteria
2999 1521 3231 1592 animae,
3277 1539 3404 1594 quae
3453 1539 3584 1579 vere
3620 1525 3772 1580 fiunt

2061 1609 2121 1666 in
2154 1609 2408 1674 homine,
2441 1611 2540 1682 qui
2592 1611 2894 1667 contendit
2941 1613 3241 1684 pervenire
3299 1613 3370 1668 ad
3416 1613 3766 1683 promissam

2060 1699 2262 1769 vitam,
2330 1704 2388 1755 et
2453 1700 2552 1771 qui
2613 1700 2888 1756 liberatus
2943 1717 2973 1756 θ
3035 1718 3204 1772 regno
3264 1703 3489 1769 mortis,
3558 1703 3770 1775 accipit

2061 1789 2449 1846 arrhabonem
2484 1808 2516 1845 a
2547 1791 2684 1858 Deo,
2719 1790 3008 1862 particeps
3037 1791 3294 1864 Spiritus
3333 1793 3519 1848 sancti
3552 1793 3763 1849 factus.

2062 1879 2343 1951 Deinceps
2392 1879 2636 1935 liberata
2681 1881 2752 1935 ab
2804 1879 3066 1936 hostibus
3125 1883 3246 1937 suis
3291 1881 3508 1950 anima,
3564 1884 3769 1939 acerbo

2065 1971 2210 2026 mari
2250 1971 2462 2026 virtute
2511 1970 2705 2027 divina
2754 1972 3016 2042 trajectu,
3051 1973 3144 2027 ubi
3204 1973 3489 2045 conspicit
3548 1972 3767 2040 hostes,

2064 2060 2278 2130 quibus
2339 2065 2510 2116 antea
2564 2060 2936 2129 inserviebat,
2989 2070 3121 2117 ante
3185 2061 3381 2118 oculos
3454 2062 3766 2133 interiisse,

2063 2148 2320 2204 exsultat
2367 2147 2582 2220 gaudio
2641 2149 2943 2221 inell‘abili,
2977 2153 3035 2205 et
3064 2149 3386 2221 gloriﬁcata
3433 2152 3776 2208 consolatio-

2067 2254 2254 2294 nema
2284 2237 2400 2294 Deo
2449 2238 2682 2308 accipit,
2715 2243 2772 2294 et
2831 2239 2891 2294 in
2950 2237 3198 2295 Domino
3255 2241 3586 2312 requiescit.
3630 2242 3778 2297 Tum

2069 2327 2346 2399 Spiritus,
2370 2343 2542 2398 quem
2575 2329 2818 2400 accepit,
2855 2330 2966 2384 Deo
3007 2330 3297 2385 canticum
3342 2331 3499 2385 canit
3538 2346 3778 2396 novum,

2067 2423 2368 2491 tympano,
2401 2435 2608 2490 nempe
2657 2419 2935 2490 corporis,
2986 2423 3044 2475 et
3091 2419 3345 2488 citharae,
3403 2422 3522 2476 sive
3571 2423 3779 2476 animae

2069 2507 2299 2564 chordis
2353 2508 2766 2575 rationalibus,
2806 2526 2871 2564 ac
2937 2509 3350 2565 subtilissimis
3417 2510 3781 2581 cogitationi-

2069 2598 2205 2664 bus,
2235 2603 2294 2654 et
2338 2598 2552 2670 plectro
2597 2599 2803 2654 divinis
2850 2602 3085 2671 gratia};
3122 2599 3419 2672 mittitque
3459 2600 3657 2655 laudes
3707 2603 3779 2656 ad

2070 2687 2371 2744 Christum
2396 2688 2708 2744 viviﬁcum.
2731 2689 3229 2755 Quemadmodum
3253 2691 3407 2746 enim
3443 2707 3544 2761 per
3576 2691 3778 2748 tibiam

2071 2777 2314 2848 spiritus
2364 2777 2674 2845 transiens,
2715 2795 2928 2834 sonum
2971 2779 3112 2846 edit,
3168 2780 3248 2834 ita
3306 2796 3408 2851 per
3455 2785 3692 2836 sanctos
3723 2785 3782 2836 et

2073 2866 2283 2938 spiritu
2345 2867 2616 2937 praeditos
2673 2866 2938 2923 homines
2996 2869 3255 2938 Spiritus
3284 2872 3525 2924 sanctus
3558 2870 3781 2940 psallit,

2069 2960 2127 3012 et
2184 2961 2452 3026 precatur
2494 2957 2673 3010 Deum
2727 2955 2788 3010 in
2848 2955 3095 3026 puritate
3141 2958 3354 3012 cordis.
3389 2957 3574 3012 Gloria
3606 2961 3677 3012 sit
3707 2959 3780 3026 ei,

2070 3045 2168 3118 qui
2215 3045 2444 3100 redemit
2483 3047 2731 3100 animam
2759 3048 3071 3101 eservitute
3117 3045 3449 3116 Pharaonis,
3492 3046 3783 3102 thronum-

2074 3150 2179 3206 que
2219 3141 2396 3190 suum
2441 3150 2563 3190 eam
2612 3135 2912 3202 constituit,
2971 3135 3342 3200 domicilium,
3411 3134 3677 3206 templum
3733 3138 3785 3190 et

2076 3240 2332 3294 sponsam
2385 3239 2645 3294 puram;
2689 3229 2852 3296 atque
2900 3225 3214 3280 introduxit
3261 3241 3386 3282 eam
3441 3225 3502 3281 in
3555 3241 3784 3295 regnum

2082 3318 2211 3372 vitae
2249 3321 2495 3380 eterna),
2530 3315 2612 3369 vet
2639 3314 2818 3370 adhuc
2848 3316 2907 3370 in
2936 3315 3034 3370 hoc
3059 3315 3262 3373 saeculo
3291 3317 3659 3372 exsistentem.

3156 3407 3304 3473 ζωῆς
3383 3403 3631 3474 αἰωνίου,
3706 3399 3786 3457 ἔτι

2150 3582 2266 3637 XV.
2293 3581 2356 3637 In
2387 3581 2510 3654 lege
2541 3582 2822 3639 animalia
2870 3583 3094 3639 ratione
3143 3585 3425 3640 destituta
3455 3584 3786 3641 oll‘ereban-

2078 3674 2177 3726 tur
2205 3671 2264 3726 in
2296 3671 2670 3739 sacrilicium,
2703 3689 2850 3742 quae,
2883 3673 2996 3730 nisi
3031 3679 3445 3741 mactarentur,
3479 3691 3593 3730 non
3626 3680 3791 3730 erant

2079 3765 2256 3831 gratis
2293 3759 2638 3816 oblationes.
2669 3762 2835 3816 Nunc
2884 3778 3116 3832 quoque
3163 3763 3274 3817 nisi
3323 3768 3609 3818 mactetur
3659 3779 3788 3832 pec-

2081 3851 2294 3914 catum,
2331 3863 2445 3902 non
2476 3851 2565 3902 est
2620 3854 2787 3919 grata
2835 3848 3048 3904 oblatio
3100 3850 3252 3920 apud
3287 3853 3486 3914 Deum,
3521 3855 3578 3904 et
3635 3866 3786 3905 vera.

2083 3935 2251 3991 Venit
2307 3935 2558 4005 populus
2617 3936 2676 3991 in
2737 3936 3007 4005 Maran‘,
3041 3937 3138 3993 ubi
3169 3942 3291 3993 erat
3347 3939 3501 4004 fons,
3533 3953 3791 3993 amaram

2083 4025 2743 4096 aquamescaturigine
2795 4027 3052 4088 mittens.
3103 4042 3352 4098 eamque
3399 4027 3664 4082 inutilem
3715 4028 3788 4082 ad

2086 4114 2427 4170 bibendum.
2459 4113 2632 4171 Jubet
2662 4131 2798 4186 ergo
2840 4117 2992 4172 Deus
3033 4116 3234 4174 Mosen
3267 4122 3428 4172 metu
3461 4123 3792 4188 correptum

2088 4202 2312 4275 lignum
2348 4203 2626 4274 projicere
2657 4204 2717 4259 in
2768 4221 2981 4276 aquam
3033 4222 3294 4262 amaram
3321 4222 3336 4275 ;
3371 4207 3478 4262 hoc
3510 4211 3678 4277 pacto
3710 4206 3796 4261 in-

2083 4293 2237 4363 jecto
2269 4291 2422 4362 ligno
2454 4291 2644 4349 dulcis
2693 4293 2893 4349 effecta
2941 4299 3031 4351 est
3079 4313 3252 4367 aqua,
3285 4302 3343 4351 et
3381 4301 3605 4351 mutata
3635 4312 3795 4350 ama-

2090 4382 2362 4449 ritudine,
2398 4382 2551 4438 utilis
2597 4388 2654 4439 et
2702 4384 2971 4455 potabilis
3016 4386 3236 4441 reddita
3279 4392 3362 4441 est
3419 4384 3632 4457 pepulo
3672 4384 3794 4440 Dei.

270 4479 477 4552 τρόπον
533 4476 624 4530 καὶ
682 4477 716 4545 ἡ
776 4477 927 4551 ψυχή
989 4473 1314 4549 πεπίκραται
1370 4473 1635 4530 ἐκπιοῦσα
1687 4473 1778 4528 τὸν
1843 4472 1960 4528 οἶνο·

2121 4472 2305 4526 lodem
2367 4473 2536 4527 modo
2594 4490 2824 4544 quoque
2869 4476 3088 4542 anima,
3121 4480 3288 4547 epoto
3324 4475 3457 4532 vino
3488 4475 3799 4545 serpentis,

266 4570 368 4621 τοῦ
429 4563 626 4644 ὄφεως,
656 4565 748 4619 καὶ
806 4565 1143 4637 ὁμοιωθεῖσα
1196 4567 1266 4637 τῇ
1325 4567 1504 4636 πικμᾷ
1559 4562 1724 4618 αύτοῦ
1802 4564 1977 4635 φύσει,

271 4653 363 4712 καί
432 4652 764 4729 ἁμαρτωλὸς
828 4655 1122 4728 γενομένη.
1191 4660 1286 4708 Aio
1335 4648 1600 4725 ἐμϐάλλει
1661 4653 1689 4706 ὁ
1747 4652 1874 4712 Θεὸς
1919 4651 1981 4706 τὸ

268 4741 434 4813 ξύλον
466 4749 567 4810 τῆς
611 4747 757 4812 ζωῆς
789 4743 865 4805 εἰς
898 4741 1067 4812 αὐτὴν
1098 4743 1196 4810 τήν
1247 4740 1447 4815 πικρὰν
1479 4740 1664 4815 πηγὴν
1709 4745 1808 4808 τῆς
1863 4760 1986 4813 καρο

269 4830 415 4902 δίας,
463 4831 556 4886 καὶ
621 4829 964 4906 γλυκαίνεται
1003 4831 1062 4886 ἐκ
1121 4837 1224 4901 τῆς
1299 4830 1630 4906 πικρότητος
1710 4824 1985 4903 μεταϐαλ-

268 4920 512 4994 λομένη,
557 4920 648 4976 καὶ
691 4922 1076 4999 συγκιρωμένη
1110 4924 1188 4992 τῷ
1230 4919 1504 4992 Πνεύματι
1561 4923 1658 4974 τοῦ
1717 4922 1983 4993 Χριστοῦ·

271 5011 367 5068 καὶ
422 5011 598 5072 οὕτως
673 5007 978 5089 εὔχρηστος
1045 5009 1338 5087 γενομένη,
1407 5007 1482 5070 εἷς
1556 5006 1833 5063 διακονίαν
1892 5010 1988 5062 τοῦ

278 5098 558 5156 Δεσπότου
590 5099 759 5169 αὐτῆς
808 5102 1141 5176 προχωρεῖ·
1191 5097 1396 5172 γίνεται
1447 5097 1549 5172 γὰρ
1599 5099 1812 5168 πνεῦμα
1867 5114 1991 5170 σαρ-

277 5190 546 5267 κοφόρον.
589 5186 727 5259 Δόξα
760 5192 840 5261 τῷ
881 5183 1286 5261 μεταϐάλλοντι
1335 5187 1436 5255 τὴν
1485 5185 1790 5260 πικρότητα
1829 5185 1988 5256 ἡμῶν

278 5278 364 5342 εἷς
415 5279 520 5347 τήν
578 5274 831 5349 ἡδύτητα
867 5277 958 5333 καὶ
1029 5277 1384 5353 χρηστότητα
1460 5279 1558 5330 τοῦ
1654 5271 1990 5346 Πνεύματος.

278 5369 420 5426 Οὐαὶ
479 5367 694 5443 ἐκείνῳ,
760 5369 814 5424 ἐν
861 5369 906 5442 ᾧ
965 5367 1064 5424 οὐκ
1092 5362 1306 5440 ἐϐλήθη
1345 5367 1406 5422 τὸ
1442 5364 1601 5439 ξύλον
1655 5371 1757 5436 τῆς
1805 5371 1947 5437 ζωῆς
1979 5384 1992 5397 ·

281 5460 350 5516 σὺ
383 5456 605 5515 δύναται
644 5453 960 5533 μεταϐολήν
986 5477 1110 5514 τινα
1135 5457 1432 5529 κτήσασθαι
1463 5454 1690 5530 ἀγαθήν.

365 5641 385 5678 ⁸
416 5641 596 5699 Exod.
629 5657 706 5715 ιν,
735 5640 827 5698 25.

2091 4561 2540 4618 amaritudinem
2567 4564 2880 4634 contraxit,
2915 4567 3178 4636 factaque
3208 4571 3293 4620 est
3347 4565 3556 4619 similis
3587 4579 3797 4617 amarae

2091 4651 2218 4720 ejus
2278 4655 2618 4719 naturae,ac
2675 4653 2960 4722 peccatrix
3018 4656 3218 4710 evasit.
3280 4655 3641 4722 QuaprOpter
3689 4652 3799 4705 im-

2094 4740 2275 4796 mittit
2303 4746 2454 4797 Deus
2513 4742 2730 4814 lignum
2779 4745 2908 4799 vitai
2947 4745 3006 4800 in
3055 4745 3249 4816 ipsum
3285 4759 3552 4798 amarum
3585 4742 3801 4797 fontem

2096 4829 2308 4897 cordis,
2341 4830 2442 4902 qui
2483 4831 2786 4901 dulcescit,
2819 4833 2889 4888 ab
2939 4831 3332 4889 amaritudine
3362 4835 3804 4896 transmutatus,

2096 4924 2154 4976 et
2182 4920 2470 4976 admistus
2506 4922 2746 4993 Spiritui
2774 4922 3026 4978 Christi:
3060 4927 3235 4994 atque
3283 4921 3392 4979 hoc
3442 4925 3610 4992 pacto
3643 4918 3805 4974 utilis

2097 5007 2338 5064 effectus
2389 5007 2445 5064 in
2505 5009 2852 5080 obsequium
2909 5010 3139 5067 Domini
3197 5009 3284 5066 sui
3339 5009 3546 5065 cedit:
3616 5005 3810 5062 evadit

2101 5098 2257 5156 enim
2289 5098 2542 5171 Spiritus
2573 5117 2808 5159 carnem
2840 5106 3099 5174 gestans.
3133 5101 3328 5158 Gloria
3357 5101 3432 5156 sit
3468 5099 3520 5154 ei
3553 5097 3653 5170 qui
3682 5112 3806 5152 mu-

2100 5194 2186 5246 tat
2222 5191 2675 5249 amaritudinem
2701 5201 2960 5250 nostram
3003 5194 3064 5250 in
3115 5191 3455 5250 suavitatem
3487 5194 3546 5246 et
3584 5187 3813 5244 bonita-

2105 5285 2219 5337 tem
2253 5280 2529 5352 Spiritus.
2563 5283 2652 5339 Vaa
2683 5283 2791 5353 illi,
2815 5283 2874 5339 in
2908 5300 3083 5355 quem
3133 5299 3248 5339 non
3307 5283 3553 5337 missum
3601 5284 3691 5335 est
3743 5278 3812 5334 li-

2103 5385 2287 5442 gnum
2319 5370 2480 5426 vitel
2516 5389 2631 5428 non
2691 5378 2878 5446 potest
2931 5373 3086 5430 enim
3144 5373 3403 5445 aliquam
3435 5371 3650 5426 bonam
3682 5384 3810 5424 mu-

2105 5459 2386 5518 tationem
2411 5464 2714 5538 consequi.
