4116 6210
1717 380 1782 442 S.
1833 375 2080 440 MACAI

2213 372 2563 437 EGYPTII
3815 384 3926 448 818

2295 507 2417 580 ις.
2448 507 2511 562 Ἠ
2560 504 2760 582 ῥάϐδος
2809 510 3089 573 Μωϋσὲως
3121 506 3217 566 δύο
3268 507 3453 591 ἔφερεν
3512 511 3747 577 εἲκὸνας.
3797 518 3927 579 Τοῖς

2227 594 2322 667 μὲν
2354 597 2457 673 γὰρ
2499 596 2722 672 ἐχθροῖς
2754 600 2829 661 ὡς
2861 597 2985 673 ὄφις
3016 600 3253 672 ἀπήντα,
3288 599 3497 660 δάκνων
3526 605 3617 659 καὶ
3655 604 3886 679 ἀναιρῶν
3906 624 3920 639 '

2222 690 2341 748 τοῖς
2387 685 2761 759 Ἰσραηλίταις
2801 687 2858 743 δὲ
2910 689 3200 764 βακτηρία,
3260 689 3341 770 ἐφ’
3398 693 3460 761 ἣν
3490 691 3924 767 ἐπεστηρίζοντο.

406 400 527 458 807

476 530 623 587 XVI.
676 527 855 599 Virga
910 524 1088 582 Mosis
1153 520 1444 593 duplicem
1493 515 1709 589 gerelat
1768 512 2105 585 imaginem.
2142 508 2188 574 Α

409 619 687 676 Hostibus
717 617 876 672 velut
931 629 1170 685 serpens
1220 609 1578 676 occurrebat,
1603 602 1880 661 mordens
1936 605 1993 656 et
2023 599 2115 654 in-

407 708 719 775 terﬁciens,
780 706 935 762 152
993 701 1275 759 Israelitis
1320 715 1454 755 vero
1505 700 1626 751 erat
1682 691 1947 758 baculus,
1998 705 2111 761 quo

406 797 816 853 fulciebantur.
839 795 935 850 Sic
956 807 1188 865 quoque
1216 805 1415 846 verum
1448 786 1671 859 lignum
1704 782 1917 847 crucis,
1952 779 2111 852 quod

406 890 493 944 est
522 884 809 951 Christus,
843 882 1101 939 hostium
1162 880 1398 952 quidem
1448 880 1538 932 est
1586 872 1764 941 mors,
1789 871 2105 944 spirituum

405 990 616 1045 nempe
638 972 1263 1041 malitiaa;animarum
1304 983 1436 1022 vero
1479 974 1804 1020 nostrarum
1845 959 2109 1027 baculus,

407 1066 573 1120 sedes
624 1069 782 1129 tuta,
831 1067 888 1117 et
933 1061 1066 1123 vita,
1101 1060 1161 1115 in
1210 1074 1324 1129 qua
1367 1054 1827 1126 conquiescunt.
1883 1048 2108 1119 Figurae

404 1154 559 1209 enim
618 1156 675 1207 et
720 1152 943 1206 umbrae
982 1149 1145 1221 prius
1184 1149 1441 1213 fuerunt,
1472 1159 1650 1215 quam
1692 1156 1837 1196 versa
1870 1139 1956 1194 ha:
1989 1153 2104 1205 res,

398 1242 689 1313 siquidem
723 1242 1001 1311 antiquus
1050 1238 1240 1294 cultus
1283 1233 1580 1307 praesentis
1638 1230 1829 1287 cultus
1894 1227 2106 1283 umbra

401 1337 460 1388 et
489 1332 684 1402 imago
717 1339 823 1385 est.
859 1331 1000 1384 Item
1034 1326 1423 1390 circumcisio,
1456 1318 1916 1385 tabernaculum,
1948 1333 2103 1385 arca,

402 1436 565 1484 urna,
598 1435 833 1483 manna,
867 1416 1281 1481 sacerdotium,
1315 1415 1621 1468 incensum
1666 1413 1723 1464 et
1754 1407 2102 1473 ablutiones,

396 1517 470 1576 et,
531 1514 597 1564 ut
652 1507 991 1562 summatim
1050 1507 1265 1571 dicam,
1322 1516 1705 1575 quascumque
1764 1498 1981 1554 fiebant
2038 1496 2099 1550 in

393 1598 702 1655 Israelitico
758 1596 989 1668 populo,
1021 1595 1081 1651 in
1130 1595 1257 1667 lege
1301 1592 1499 1663 Mosis,
1531 1598 1635 1647 aut
1685 1588 2097 1661 prephetarum

388 1688 772 1759 temporibus,
808 1690 1040 1755 propter
1071 1685 1328 1741 animam
1379 1683 1565 1754 ipsam
1594 1682 1742 1736 facta
1772 1684 1934 1745 sunt,
1967 1692 2094 1749 quae

388 1779 713 1833 secundum
746 1777 1057 1844 imaginem
1107 1772 1206 1829 Dei
1255 1772 1509 1838 condita,
1544 1775 1720 1841 atque
1750 1769 1859 1824 sub
1884 1768 2094 1838 jugum

2223 772 2379 830 Οὕτω
2436 776 2525 829 καὶ
2581 777 2643 830 τὸ
2705 774 2969 848 ἀληθινὸν
3017 778 3178 851 ξύλον
3222 783 3320 835 τοῦ
3390 785 3647 855 σταῦροῦ,
3725 782 3757 837 ὅ
3819 781 3920 839 ἐστι

2220 863 2474 936 Χριστὸς,
2521 869 2629 920 τῶν
2689 867 2782 940 μὲν
2855 864 3070 943 ἒχθρῶν
3130 866 3242 923 ἐστι
3298 870 3547 934 θάνατος.
3604 874 3713 926 τῶν
3776 892 3926 928 πνευ-

2223 953 2407 1023 μάτων
2453 955 2553 1021 τῆς
2602 955 2868 1029 πονηρίας
2902 975 2917 990 ⁶
2968 961 3078 1012 τῶν
3123 955 3180 1012 δὲ
3218 961 3415 1038 ψυχῶν
3458 961 3619 1032 ἡμῶν
3666 960 3926 1035 βακτηρία

2215 1042 2307 1096 καὶ
2373 1039 2615 1117 ἕδρασμα
2664 1044 2901 1123 ἀσφαλὲς
2965 1045 3058 1101 καὶ
3122 1047 3262 1117 ζωή,
3322 1045 3405 1124 ἐφ’
3452 1049 3514 1117 ἢν
3567 1047 3927 1105 ἑπαναπαύον-

2216 1151 2327 1187 ται.
2358 1131 2531 1186 Τύπυι
2561 1137 2666 1207 γᾶρ
2694 1134 2782 1189 καὶ
2834 1132 2981 1189 σκιαὶ
3019 1135 3082 1189 τὸ
3128 1135 3253 1210 πρὶν
3312 1134 3596 1211 ἔγίγνοντο
3644 1143 3755 1192 τῶν
3798 1138 3926 1211 ἀλη-

2217 1220 2376 1273 θινῶν
2414 1219 2629 1276 τούτων
2678 1221 3011 1298 πραγμάτων
3045 1241 3059 1256 ·
3112 1223 3239 1278 σκιᾶ
3286 1224 3388 1299 γὰρ
3441 1225 3573 1296 ἐστι,
3622 1229 3714 1281 καὶ
3767 1227 3919 1283 εἰκὼν

2216 1310 2250 1377 ἡ
2282 1307 2491 1364 παλαιᾶ
2520 1307 2745 1381 λατρεία
2784 1314 2882 1381 τῆς
2924 1317 3016 1367 νῦν
3066 1311 3341 1390 λατρείας.
3384 1321 3485 1370 Καῖ
3538 1318 3574 1386 ἠ
3625 1321 3920 1392 περιτομὴ,

2214 1396 2303 1451 καὶ
2361 1399 2396 1467 ἡ
2433 1401 2631 1470 σκηνὴ,
2675 1401 2765 1455 καὶ
2804 1403 2839 1470 ἡ
2873 1397 3131 1472 κιϐωτὸς,
3186 1405 3278 1458 καὶ
3317 1406 3351 1475 ἡ
3406 1406 3664 1478 στάμνος,
3716 1407 3809 1462 καὶ
3865 1410 3920 1464 τὸ

2217 1488 2405 1560 μάννα,
2458 1490 2549 1545 καὶ
2600 1491 2857 1567 ίερατεία,
2924 1494 3015 1547 καὶ
3064 1495 3127 1550 τὸ
3192 1494 3461 1569 θυμίαμα,
3522 1498 3611 1552 καὶ
3686 1500 3757 1553 τὰ
3832 1500 3921 1574 βα⁹

2210 1578 2509 1650 πτίσματα,
2558 1578 2649 1634 καὶ
2697 1580 3031 1654 ἁπαξαπλῶς
3080 1582 3252 1639 πάντα
3300 1582 3401 1639 ὅσα
3454 1584 3671 1661 γέγονεν
3741 1586 3797 1643 ὲν
3846 1592 3921 1661 τῷ

2208 1665 2453 1741 Ἰσραὴλ,
2512 1670 2601 1724 καὶ
2659 1667 2711 1724 ἐν
2751 1676 2832 1744 τῷ
2880 1672 3037 1746 νόμῳ
3087 1675 3349 1744 Μωσέως,
3384 1675 3421 1744 ἢ
3461 1673 3514 1730 ἐν
3553 1681 3673 1739 τοῖς
3705 1680 3919 1754 προφή-

2203 1775 2343 1826 ταις,
2377 1754 2467 1812 διά
2495 1759 2597 1827 τήν
2646 1761 2833 1834 ψυχὴν
2885 1762 3089 1832 ταύτην
3143 1764 3355 1838 γέγονε,
3405 1765 3505 1833 τὴν
3563 1767 3680 1821 κατ’
3742 1766 3914 1823 εἰκόνα

388 1866 707 1934 servitutis,
740 1868 797 1919 et
853 1863 962 1919 sub
1016 1878 1253 1933 regnum
1296 1858 1674 1916 molestarum
1722 1856 2080 1911 tenebrarum

2208 1849 2342 1942 Θεού
2385 1849 2778 1923 γεγενημένην,
2818 1850 2909 1905 καὶ
2958 1855 3224 1907 πεσοῦσαν
3275 1851 3379 1909 ὕπὸ
3430 1854 3589 1930 ζυγὸν
3642 1854 3909 1926 δουλείας,

484 1971 545 2008 sa
574 1959 681 2011 est.

484 1971 545 2008 sa
642 1959 681 2011 t.
2068 1953 2073 1957 ’

382 1953 636 2098 Ῑθξςνῗιῗ
670 2041 812 2097 Cum
848 2041 953 2097 hac
1011 2040 1166 2097 enim
1226 2039 1409 2096 voluit
1449 2038 1604 2093 Deus
1635 2034 2086 2103 communicare,

384 2132 533 2187 hanc
565 2134 785 2203 aplavit
818 2131 930 2186 sibi
962 2131 1020 2186 in
1042 2145 1314 2201 sponsam
1346 2128 1520 2200 regis,
1563 2125 1711 2181 hanc
1754 2116 2088 2196 expurgata

384 2222 676 2288 sordibus,
736 2225 792 2275 et
842 2220 1045 2275 abluta
1094 2218 1395 2291 nigredine
1451 2222 1506 2272 et
1562 2214 1927 2286 turpitudine
1982 2227 2087 2267 sua

379 2310 741 2379 splendidam
818 2307 1031 2374 reddit,
1107 2323 1137 2362 e
1214 2305 1660 2362 mortificatione
1733 2303 2006 2368 viviﬁcat,
2055 2317 2085 2356 e

380 2399 728 2454 contritione
785 2403 976 2463 curat,
1011 2401 1067 2454 et
1117 2401 1305 2468 pacat,
1355 2394 1677 2450 inimicitiis
1725 2396 1852 2463 ejus
1906 2390 2087 2447 conci-

383 2487 561 2543 liatis.
592 2488 864 2542 Creatura
893 2488 1048 2542 enim
1080 2502 1212 2541 cum
1246 2487 1342 2552 sit,
1374 2484 1432 2538 in
1476 2499 1753 2555 sponsam
1789 2482 1905 2537 tilio
1938 2480 2085 2549 regis

375 2582 571 2646 aptata
627 2582 735 2643 est,
786 2578 1054 2647 Deusque
1095 2574 1327 2646 propria
1371 2574 1582 2628 virtute
1633 2572 1881 2643 suscipit
1928 2585 2079 2635 eam,

369 2663 651 2735 paulatim
706 2666 970 2720 eamdem
1023 2665 1369 2733 immutans,
1430 2663 1611 2717 donec
1673 2659 1895 2715 auxerit
1951 2674 2078 2713 eam

374 2766 482 2806 suo
515 2750 699 2821 ipsius
747 2751 1120 2806 incremento.
1166 2749 1436 2804 Extendit
1490 2748 1646 2802 enim
1705 2754 1757 2800 et
1817 2745 2081 2815 producit

371 2854 499 2894 eam
534 2839 603 2893 ad
654 2838 949 2893 infinitum
975 2844 1031 2894 et
1062 2839 1418 2893 immensum
1458 2838 1862 2907 augmentum,
1897 2833 2079 2889 donec

371 2926 829 2983 incontaminata
869 2933 926 2982 et
961 2928 1132 2998 digna
1175 2943 1241 2982 eo
1294 2941 1508 2997 sponsa
1553 2925 1780 2979 evadat.
1813 2923 2075 2977 Primum

365 3018 521 3073 enim
570 3017 759 3090 gignit
815 3033 941 3073 eam
1006 3018 1156 3088 apud
1225 3015 1629 3086 semetipsum,
1678 3017 1852 3083 atque
1905 3016 2078 3083 auget

368 3122 470 3177 per
498 3123 557 3163 se
589 3109 805 3179 ipsum,
840 3108 1022 3163 donec
1070 3110 1458 3177 consequatur
1504 3105 1787 3175 integram
1836 3118 2077 3158 mensu-

362 3214 489 3253 ram
540 3198 867 3254 dilectionis
916 3199 1067 3268 ejus.
1108 3196 1237 3266 Ipse
1292 3196 1448 3251 enim
1484 3210 1619 3249 cum
1678 3194 1755 3248 sit
1820 3207 2071 3263 sponsus

2201 1934 2289 1988 καὶ
2322 1934 2426 1990 ὑπὸ
2457 1937 2738 2009 βασιλείαν
2773 1937 2999 2004 σκότους
3026 1940 3268 2017 πικρίας.

2272 2026 2376 2081 lZ'.
2442 2025 2619 2101 Ταύτῃ
2686 2029 2786 2103 γὰρ
2851 2029 3120 2101 ἠθέλησεν
3172 2032 3200 2087 ὁ
3261 2034 3393 2097 Θεὸς
3431 2041 3787 2105 κοινωνῆσαι,
3819 2039 3905 2091 καὶ

2195 2112 2396 2184 ταύτην
2446 2117 2730 2190 ἡρμόσατο
2791 2118 2966 2191 ἑαυτῷ
3032 2120 3109 2183 εἰς
3172 2120 3390 2202 νύμφην
3465 2124 3759 2199 βασιλέως,
3817 2128 3903 2183 καὶ

2193 2203 2395 2274 ταύτην
2446 2207 2723 2282 καθαρίζει
2777 2209 2883 2263 ἀπὸ
2929 2214 3027 2265 τοῦ
3060 2209 3234 2287 ῥύπου
3282 2214 3372 2267 καὶ
3421 2212 3706 2271 ὲκπλύνων
3768 2217 3903 2291 λαμ-

2194 2292 2386 2367 πρύνει
2440 2294 2548 2350 ἀπό
2603 2303 2704 2367 τῆς
2766 2297 3027 2371 μελανίας
3080 2301 3167 2356 καὶ
3227 2308 3328 2372 τῆς
3386 2303 3759 2379 αἰσχρότητος
3812 2306 3904 2362 αὐ-

2193 2388 2315 2452 τῆς,
2382 2385 2473 2438 καὶ
2523 2391 2786 2455 ζωοποιεῖ
2849 2387 2911 2444 ἑκ
2973 2391 3073 2459 τῆς
3130 2392 3465 2466 νεκρώσεως,
3497 2395 3589 2449 καὶ
3658 2396 3803 2451 ἰᾶται
3846 2397 3902 2453 ἐκ

2192 2478 2293 2539 τῆς
2323 2473 2675 2548 συντρίψεως,
2724 2478 2815 2531 καὶ
2865 2476 3131 2553 είρηνεύει
3171 2480 3341 2551 αὐτῆς
3377 2484 3475 2551 τήν
3525 2480 3728 2560 ’ἔχθραν
3778 2507 3899 2541 κατ·

2192 2560 2475 2618 αλλάσσιν.
2529 2565 2734 2638 Κτίσμα
2788 2568 2889 2644 γὰρ
2941 2568 3073 2625 οὖσα
3118 2570 3196 2634 εἰς
3252 2571 3470 2652 νύμφην
3517 2579 3597 2647 τῷ
3658 2577 3766 2648 υἱῷ
3809 2581 3899 2633 τοῦ

2195 2649 2462 2721 βασιλέως
2512 2654 2793 2728 ἡρμόσθη,
2841 2656 2930 2711 καὶ
2978 2662 3046 2732 τῇ
3099 2657 3210 2731 ἰδίᾳ
3260 2649 3423 2717 αὐτοῦ
3454 2660 3679 2736 δυνάμει
3712 2666 3741 2720 ὁ
3774 2668 3896 2730 Θεὸς

2188 2736 2555 2827 παραδέχεται
2601 2742 2769 2814 αὐτὴν
2839 2747 2975 2802 κατὰ
3027 2750 3224 2823 μικρὸν
3290 2747 3896 2827 συμμεταϐαλλόμενος

2187 2827 2377 2923 αὐτην,
2409 2826 2515 2923 ἕως
2564 2832 2767 2908 αὐξήσῃ
2817 2834 2987 2905 αὐτὴν
3033 2841 3102 2911 τῇ
3156 2836 3267 2911 ἰδίᾳ
3315 2840 3551 2913 αὐξήσει.
3585 2826 3750 2899 Τείνει
3799 2848 3893 2923 γὰρ

2187 2917 2354 3009 αὐτὴν
2410 2918 2501 3009 καὶ
2590 2923 2819 2993 μηκύνει
2894 2922 2971 2987 εἷς
3056 2927 3351 3000 ἀπέραντον
3416 2931 3505 2986 καὶ
3590 2917 3892 3009 ἀμέτρητον

2186 3002 2428 3078 αὔξησιν,
2458 3006 2564 3072 ἓως
2594 3009 2657 3065 ἃν
2705 3009 2939 3087 ἄμωμος
2980 3015 3070 3069 καὶ
3108 3016 3230 3087 ἀξία
3278 3016 3443 3075 αὐτοῦ
3490 3002 3677 3098 Vspen
3730 3002 3893 3101 γένη-

2184 3115 2292 3188 ται.
2342 3104 2566 3188 Πρῷτον
2625 3104 2728 3177 γὰρ
2784 3109 2945 3177 γεννᾷ
2990 3105 3158 3176 αὐτὴν
3212 3106 3265 3163 ἐν
3321 3110 3518 3183 ἑαυτῷ,
3548 3114 3639 3167 καὶ
3681 3114 3886 3188 αὐξάνει

2185 3183 2256 3239 δι’
2295 3186 2508 3281 ἑαυτοῦ,
2556 3188 2661 3255 ἕως
2711 3189 2965 3269 ἀπολάϐῃ
3000 3196 3063 3251 τὸ
3106 3196 3316 3255 τέλειον
3371 3199 3568 3276 μέτρον
3616 3210 3723 3272 τῆς
3761 3183 3888 3281 ⁷ἀγά-

365 3286 677 3357 pert‘ectus,
738 3251 987 3341 assumit
1071 3251 1199 3341 eain
1257 3298 1539 3355 sponsam
1607 3251 1942 3353 perfectam,
2009 3282 2071 3336 in

2208 3277 2503 3369 meatu-ret”).
2534 3281 2731 3369 ῨΑὐτὸς
2772 3283 2874 3358 γὰρ
2922 3282 2995 3338 ὢν
3048 3284 3260 3349 τέλειος
3309 3251 3565 3369 νέμφίὲς,
3624 3251 3888 3366 λάμϐάύει

360 3380 646 3439 sanctam,
696 3389 969 3429 arcanam
1029 3376 1085 3427 et
1137 3372 1502 3443 impollutam
1572 3370 1900 3425 societatem
1958 3385 2071 3423 nu-

359 3462 636 3532 ptiarum,
667 3471 908 3532 tumque
949 3467 1153 3532 regnat
1209 3459 1386 3516 simul
1442 3474 1576 3515 cum
1616 3474 1682 3513 eo
1736 3460 1795 3513 in
1840 3457 2071 3513 infinita

358 3550 593 3608 saecula.
628 3556 834 3608 Amen.

914 3642 1223 3699 HOMILIA
1264 3641 1506 3697 XLVIII.

773 3732 849 3787 De
886 3734 1131 3803 perlecta
1170 3730 1274 3800 ﬁde
1314 3732 1372 3785 in
1404 3732 1598 3786 Deum.

426 3822 469 3876 Ι.
498 3820 784 3877 Dominus
833 3822 890 3876 in
948 3821 1254 3890 Evangelia
1310 3835 1445 3875 suos
1478 3817 1801 3889 discipulos
1832 3818 1902 3873 ad
1936 3832 2061 3889 per-

356 3912 558 3968 fectam
619 3913 793 3967 ﬁdem
852 3911 1137 3968 deducere
1192 3912 1413 3977 volens,
1471 3909 1652 3965 dixit:
1688 3908 1800 3979 Qui
1845 3907 1908 3963 in
1937 3924 2057 3963 mo-

355 4002 478 4058 dico
533 4001 775 4073 inﬁdelis
817 4011 915 4069 est,
946 4005 998 4057 et
1052 4001 1113 4057 in
1156 4004 1327 4057 multo
1374 4000 1617 4070 inﬁdeli:
1668 4005 1768 4055 εει.
1793 4001 1855 4054 Et
1880 4000 1975 4070 qui
2002 4000 2060 4053 in

348 4094 582 4146 minimo
638 4092 821 4161 ﬁdelis
841 4101 938 4159 est,
971 4094 1019 4146 et
1068 4092 1123 4144 in
1164 4091 1337 4145 multo
1382 4089 1563 4159 ﬁdelis
1608 4096 1687 4145 est
1717 4090 1756 4142 ⁸.
1792 4090 1937 4153 Quid
1971 4093 2060 4144 est

351 4181 666 4239 modicum,
693 4185 748 4233 et
780 4180 920 4249 quid
946 4185 1036 4233 est
1067 4176 1361 4233 multum?
1388 4178 1704 4244 Modicum,
1744 4181 1885 4233 sunt
1932 4192 2056 4245 pro-

346 4266 655 4321 missiones
702 4266 897 4321 saeculi
950 4266 1143 4335 huius,
1179 4282 1306 4336 quas
1342 4265 1610 4336 promisit
1648 4282 1710 4321 se
1759 4266 2051 4337 prestitu-

288 4416 297 4423 ί
346 4371 476 4410 rum
525 4354 899 4411 credentibus
950 4354 1023 4423 ei,
1058 4354 1214 4410 velut
1260 4358 1498 4419 victum,
1533 4356 1801 4410 vestitum
1834 4360 1891 4410 et
1920 4353 2051 4410 reli-

348 4459 526 4515 quam
597 4443 856 4516 corporis
923 4444 1367 4510 recreationem,
1434 4448 1533 4499 aut
1599 4445 1928 4513 sanitatem,
1997 4450 2054 4501 et

346 4531 585 4599 similia,
636 4531 999 4603 praecipiens,
1029 4534 1267 4588 omnino
1300 4548 1415 4589 non
1464 4532 1779 4589 sollicitum
1817 4548 1945 4590 esse
1975 4535 2045 4589 de

2181 3363 2349 3434 αὐτὴν
2395 3366 2609 3424 τελείαν
2661 3368 2880 3447 νύμφην
2938 3371 3015 3436 εἷς
3068 3376 3167 3445 τήν
3226 3376 3381 3451 ἁγίαν
3431 3363 3525 3433 καὶ
3590 3363 3883 3455 μυστικὴν,

2176 3452 2267 3507 καὶ
2315 3452 2589 3530 ἄχραντον
2636 3459 2926 3516 κοινωνίαν
2994 3468 3091 3518 τοῦ
3146 3465 3350 3542 γάμου,
3416 3467 3505 3523 καὶ
3572 3472 3700 3526 τότε
3762 3452 3886 3546 συμὲ

2179 3543 2457 3617 βασιλεύει
2485 3547 2634 3620 αὐτῷ
2662 3549 2739 3612 εἷς
2768 3553 2895 3613 τοὺς
2927 3553 3257 3629 ἀπεράντους
3288 3558 3506 3621 αἰῶνας.
3550 3560 3753 3634 Ἀμήν.

2810 3645 3055 3699 ΟΜΙΛΙΔ
3103 3650 3237 3702 MH'.

2492 3726 2623 3802 Περὶ
2653 3734 2755 3798 τῆς
2783 3731 2998 3790 τελείας
3027 3732 3262 3796 πίστεως
3293 3736 3368 3799 εἰς
3399 3738 3548 3795 Θεόν.

2242 3815 2323 3905 Αξ·
2358 3816 2420 3905 Ὀ
2464 3815 2660 3890 Κύριος
2710 3816 2762 3872 ἐν
2814 3825 2894 3893 τῷ
2953 3822 3281 3898 Εὐαγγελίῳ
3338 3826 3469 3889 τοὺς
3524 3828 3721 3885 ἑαυτοῦ
3789 3853 3885 3905 μα-

2176 3903 2345 3995 θ-ητάς
2484 3904 2709 3995 ,τελείαν
2747 3907 2927 3964 πίστιν
2971 3911 3195 3986 ἃγαγεῖν
3228 3914 3588 3989 βουλόμενος,
3646 3903 3829 3995 ἔλεγεν
3861 3938 3875 3955 '

2170 3991 2230 4048 Ὀ
2288 3990 2339 4045 ἐν
2401 3992 2574 4067 ὀλίγῳ
2623 3995 2870 4065 ἄπιστος,
2924 3999 3014 4054 καὶ
3071 4000 3125 4055 ἐν
3191 4001 3398 4077 πολλῷ
3451 4003 3678 4069 ἄπιστός
3732 3990 3879 4067 ἐστι’

2165 4080 2254 4134 καὶ
2323 4082 2351 4135 ὁ
2417 4080 2470 4137 ὲν
2538 4081 2712 4158 ὀλίγῳ
2785 4088 2999 4158 πιστὸς,
3088 4090 3178 4146 καὶ
3266 4093 3320 4147 ἐν
3394 4093 3593 4167 πολλῷ
3687 4100 3877 4163 πιστός

2165 4166 2297 4226 ἐστι.
2336 4170 2401 4227 Τί
2448 4169 2559 4227 ἐστι
2604 4174 2666 4228 τὸ
2714 4174 2921 4249 ὀλίγον,
2953 4178 3041 4233 καὶ
3080 4180 3133 4235 τί
3180 4180 3290 4237 ἐστι
3320 4186 3383 4237 τό
3430 4166 3575 4239 πολύ
3611 4206 3625 4256 ;
3658 4189 3723 4243 τὸ
3753 4189 3877 4245 ὀλί-

2164 4280 2260 4334 γον
2323 4261 2390 4314 τὰ
2449 4260 2838 4338 ἐπαγγέλματα
2895 4266 3009 4323 ἐστι
3063 4273 3160 4325 τοῦ
3210 4272 3406 4335 αἰῶνος
3455 4276 3676 4347 τούτου,
3740 4275 3871 4355 ἅπερ

2162 4347 2429 4423 ὓπέσχετο
2478 4359 2777 4428 παρασχεῖν
2824 4360 2944 4419 τοῖς
2978 4359 3322 4416 πιστεύουσιν
3379 4362 3549 4437 αὐτῷ,
3594 4369 3716 4422 οἷον
3743 4347 3872 4443 ego;

2160 4436 2285 4513 φὰς,
2328 4435 2621 4511 ἐνδύματα,
2671 4442 2763 4497 καὶ
2793 4445 2893 4513 τήν
2945 4443 3149 4517 λοιπὴν
3197 4453 3294 4505 τοῦ
3332 4452 3590 4525 σώματος
3644 4435 3874 4513 ἀνάπαυ-

2161 4545 2267 4624 σιν,
2314 4527 2655 4624 ὑγίειαν,
2710 4533 2802 4587 καὶ
2884 4540 3129 4594 τοιαῦτα.
3202 4542 3513 4615 Προστάξας
3573 4545 3652 4617 μὴ
3714 4569 3876 4624 μερι-

337 4621 431 4677 his
460 4620 505 4691 7,
534 4621 632 4677 sed
686 4637 788 4692 per
844 4621 1113 4677 fiduciam
1169 4623 1226 4677 in
1268 4636 1399 4678 eum
1450 4638 1702 4695 sperare,
1746 4624 1901 4693 quod
1934 4622 2041 4678 Do-
2078 4606 2080 4667 Ῐ

2208 4617 2501 4712 νᾷν-ὅλως
2555 4623 2679 4695 περὶ
2734 4624 2961 4695 τούτων,
2995 4626 3141 4684 ἀλλὰ
3194 4605 3264 4705 cf;
3314 4631 3390 4696 εἷς
3417 4605 3584 4690 αὐτὸν
3611 4605 3876 4712 πεποιθή-

338 4710 535 4765 minus
560 4709 823 4781 provisor
842 4710 1190 4782 eorum,qui
1242 4712 1312 4767 ad
1362 4727 1491 4767 eum
1551 4712 1914 4781 confugiunt,
1947 4728 2046 4783 per

343 4801 543 4856 omnia
574 4802 807 4857 futurus
856 4801 951 4858 sit.
1005 4801 1253 4857 Multum
1298 4810 1513 4869 autem,
1547 4806 1685 4856 sunt
1739 4803 1937 4858 aeterni
1968 4807 2049 4858 at-

333 4905 447 4960 que
496 4889 960 4962 incorruptibilis
1004 4890 1202 4946 saeculi
1254 4890 1428 4956 dona,
1479 4906 1604 4961 qua:
1663 4892 1929 4961 promisit
1984 4911 2043 4950 se

337 4978 685 5034 collaturum
743 4979 1112 5036 credentibus
1152 4981 1209 5036 in
1260 4995 1417 5047 eum,
1458 4984 1517 5033 et
1565 4979 1636 5033 iis
1673 4980 1773 5051 qui
1823 4983 2041 5055 absque

333 5058 452 5115 ulla
504 5058 938 5116 intermissione
976 5061 1047 5116 de
1094 5062 1166 5115 iis
1212 5064 1351 5115 sunt
1398 5059 1653 5128 solliciti,
1695 5066 1751 5117 et
1790 5069 2040 5133 poscunt

328 5149 399 5205 ab
429 5165 517 5215 eo,
551 5148 689 5220 quia
717 5148 802 5204 sic
843 5150 1133 5220 pracepit.
1174 5149 1268 5204 Vos
1314 5158 1519 5214 autem,
1567 5149 1773 5219 inquit,
1814 5156 2038 5222 quaerite

317 5240 566 5307 primum
606 5253 839 5310 regnum
902 5239 1018 5305 Dei,
1060 5241 1113 5295 et
1140 5239 1410 5307 iustitiam
1441 5238 1578 5307 eius,
1613 5242 1666 5294 et
1701 5240 1813 5295 hac
1845 5245 2035 5299 omnia

322 5325 654 5394 adﬁcientur
702 5327 848 5383 vobis
878 5326 946 5382 σε
996 5330 1059 5381 ut
1105 5342 1174 5382 ex
1222 5326 1314 5382 bis
1360 5326 1603 5382 modicis
1655 5332 1711 5383 et
1741 5333 2031 5401 tempora-

320 5416 445 5468 neis
504 5415 750 5486 quisque
803 5415 1101 5487 probetur,
1136 5432 1207 5471 an
1252 5416 1451 5471 credat
1499 5417 1635 5484 Deo,
1694 5420 1848 5489 quod
1890 5436 2028 5491 pro-

320 5501 548 5559 miserit
588 5519 651 5559 se
701 5502 1074 5575 largiturum,
1128 5507 1297 5561 modo
1355 5521 1460 5563 nos
1508 5506 1580 5562 de
1626 5506 1841 5564 talibus
1878 5509 2025 5567 nihil

382 5681 406 5726 ⁸
438 5681 571 5745 Luc.
606 5696 721 5755 xvi,
758 5682 844 5745 tO.
920 5681 943 5722 ⁷
972 5682 1179 5742 Matth.
1208 5700 1283 5760 vr,
1313 5685 1402 5747 31.
1478 5686 1504 5725 ⁸
1533 5686 1678 5747 Ibid.
1710 5688 1802 5752 33.

2158 4726 2235 4761 σει
2285 4706 2550 4779 ἐλπίζειν,
2602 4712 2689 4767 ’ὁτι
2748 4715 2944 4788 Κύριος
2998 4738 3304 4792 προνοηττς
3360 4728 3469 4778 τῶν
3535 4725 3701 4783 αὐτὸν
3777 4706 3873 4785 κα.-

2154 4796 2527 4873 ταφευγύντών
2572 4802 2707 4856 κατὰ
2745 4803 2919 4859 πάντα
2965 4805 3188 4881 γίνεται.
3240 4810 3309 4865 Τὸ
3369 4808 3427 4866 δὲ
3483 4811 3629 4867 πολὺ
3680 4817 3749 4872 τὰ
3776 4821 3872 4873 τοῦ

2152 4882 2373 4983 αἰωνίου
2430 4888 2520 4941 καὶ
2579 4890 2854 4965 ἀφθάρτου
2898 4893 3092 4957 αἰῶνος
3149 4893 3455 4972 δωρήματα
3511 4900 3681 4975 ἐστιν,
3734 4906 3869 4983 ἅπερ

2152 4972 2420 5050 ὑπέσχετο
2493 4986 2796 5055 παρασχεῖν
2876 4989 2992 5046 τοῖς
3076 4989 3419 5045 πιστεύουσιν
3507 4992 3683 5066 αὐτῷ,
3778 4972 3870 5050 καὶ

2148 5059 2512 5128 ἀδιαλείπτως
2564 5070 2692 5143 περὶ
2749 5069 2962 5127 ἐκείνων
3046 5083 3376 5152 μεριμνῶσι,
3451 5080 3541 5137 καὶ
3618 5059 3870 5140 αἰτοῦσιν

2145 5152 2327 5216 αὐτὸν,
2389 5155 2472 5210 ὅτι
2542 5157 2717 5221 οὕτως
2781 5158 3102 5219 ἐνετείλατοο
3152 5172 3338 5240 *Ὑμεῖς
3404 5166 3481 5243 δὶ,
3514 5172 3671 5249 φησὶ,
3706 5180 3866 5250 πρῶ-

2139 5263 2232 5299 τον
2294 5251 2503 5317 ζητεῖτε
2565 5250 2665 5320 τήν
2730 5251 3007 5326 βασιλείαν
3076 5261 3172 5312 τοῦ
3241 5263 3397 5329 Θεοῦ,
3466 5262 3555 5315 καὶ
3618 5267 3722 5334 τήν
3786 5266 3869 5322 δι-

2138 5337 2429 5407 καιοσύνην
2522 5338 2711 5411 αὐτοῦ,
2800 5342 2891 5397 καὶ
2982 5348 3154 5402 ταῦτα
3248 5349 3422 5405 πάντα
3485 5356 3865 5427 προστεθήσε-

2136 5443 2222 5479 ται
2271 5424 2398 5517 ὑᾼμῖν
2429 5442 2442 5457 ·
2487 5423 2640 5491 ὅπως
2666 5426 2758 5517 ⁸’ἐκ
2798 5435 2908 5486 τῶν
2959 5431 3163 5507 ὀλίγων
3214 5435 3425 5493 τούτων
3457 5423 3543 5495 καί
3581 5423 3862 5517 προσκαί-

2136 5532 2245 5590 ρων
2288 5510 2594 5594 δοκιμασθῇ
2662 5513 2909 5592 ἕκαστος,
2978 5521 3023 5579 εἰ
3087 5524 3328 5583 πιστεύει
3385 5532 3465 5603 τῷ
3550 5510 3690 5606 Θεῖιξ),
3771 5536 3857 5593 ὅτι
