4082 6196
215 344 332 408 809

1447 339 1822 404 HOMILIIE.
1869 374 1949 388 —
1989 341 2176 407 HOM.
2223 340 2493 406 XLVIII.

3614 328 3733 396 810

214 475 590 556 ἐπηγγείλατο
644 479 964 556 παρασχεῖν,
1037 475 1200 549 ἡμῶν
1272 472 1592 550 ἀμερίμνων
1673 477 1797 551 περὶ
1849 476 1914 533 τὰ

2092 516 2213 556 mus
2238 495 2510 564 solliciti;
2543 492 2643 550 sed
2675 491 2956 548 duntaxat
2985 487 3057 544 de
3086 487 3300 544 futuris
3347 485 3520 544 rebus
3561 492 3726 542 aeter-

207 573 440 626 τοιαῦτα
492 567 686 640 ὄντων,
733 567 823 622 καί
878 566 1048 639 μόνον
1096 566 1217 642 πιρὶ
1256 570 1367 622 τῶν
1421 565 1732 640 μελλόντων
1784 569 1916 623 αἰω-

201 660 334 717 νίων
363 662 466 732 τήν
500 657 753 738 φροντίδα
781 656 1044 734 ἒχόντων.

280 751 354 808 Β’.
417 750 514 806 Καὶ
556 750 680 806 τότε
729 748 953 828 φανερόν
1000 747 1164 817 ἔστιν,
1211 748 1297 804 ὅτι
1351 748 1588 805 πιστεύει
1638 749 1762 824 περὶ
1811 753 1918 804 τῶν

202 838 516 918 ἀφθάρτων,
548 840 636 894 καὶ
679 839 849 902 ὅντως
899 843 1055 907 ζητεῖ
1089 838 1159 893 τὰ
1211 837 1408 893 αἰώνια
1457 839 1646 914 ἀγαθὰ,
1700 839 1746 893 εἰ
1791 838 1916 912 περὶ

201 936 317 989 τῶν
374 931 679 1005 εἰρημένων
744 930 870 1005 ὑγιῆ
925 930 1024 999 τήν
1083 927 1263 984 πίστιν
1322 930 1615 999 ἀποσώζει.
1679 927 1916 1005 Ὀφείλει

205 1022 316 1096 γὰρ
348 1018 570 1082 ἕκαστος
601 1023 711 1074 τῶν
745 1017 1122 1074 ὑπακουόντων
1162 1017 1242 1090 τῷ
1281 1023 1384 1086 τῆς
1431 1015 1688 1088 ἀληθείας
1736 1015 1913 1091 λόγῳ,

205 1107 524 1184 δοκιμάζειν
584 1108 792 1177 ἑαυτὸν,
858 1107 948 1163 καὶ
1032 1106 1353 1182 ἀνακρίνειν,
1410 1109 1533 1178 ἢτοι
1601 1107 1704 1162 ὑπὸ
1763 1128 1916 1162 πνευ-

208 1204 458 1274 ματικῶν
555 1195 761 1273 ἀνδρῶν
859 1198 1232 1272 ἀνακρίνεσθαι
1326 1198 1414 1253 καὶ
1497 1195 1914 1271 δοκιμάζεσθαι,

203 1295 327 1354 πῶς
365 1288 668 1357 ἐπίστευσε,
714 1287 803 1344 καὶ
855 1284 1052 1344 ἔδωκεν
1099 1288 1284 1343 ἑαυτὸν
1328 1292 1408 1360 τῷ
1438 1292 1593 1360 Θεῶο
1645 1287 1691 1342 εἰ
1741 1286 1913 1348 ὅντως

202 1379 259 1437 ἓν
313 1378 546 1452 ἀληθείᾳ
601 1378 737 1434 κατά
785 1378 878 1434 τὸν
928 1377 1098 1452 λόγον
1130 1378 1318 1449 αὐτοῦ,
1367 1379 1403 1449 ἢ
1455 1379 1631 1449 οἰήσει
1690 1377 1911 1433 δικαιώ·

200 1491 342 1535 σεως
405 1470 493 1525 καὶ
581 1467 838 1538 πίστεως,
906 1465 959 1522 ἒν
1029 1468 1206 1540 ἑαυτῷ
1289 1467 1558 1524 πιστεύειν
1617 1468 1908 1541 νομίζων·

203 1556 434 1622 ἕκαστος
463 1557 568 1634 γὰρ
619 1557 666 1614 εἰ
710 1554 763 1612 ἒν
813 1561 893 1629 τῷ
950 1556 1131 1632 ὀλίγῳ
1187 1557 1376 1620 πιστός
1435 1556 1568 1619 ἐστι,
1626 1557 1750 1631 περὶ
1800 1561 1909 1612 τῶν

203 1650 559 1726 προσκαίρων
623 1646 790 1724 λέγω,
869 1643 1244 1720 δοκιμάζεται,
1324 1648 1416 1703 καὶ
1473 1643 1781 1724 ἒλέγχεται.
1841 1647 1910 1701 Τὸ

194 1737 254 1796 δὲ
333 1742 477 1808 πῶς,
545 1738 729 1793 ἄκουε
802 1736 1078 1792 Πιστεύειν
1148 1735 1327 1814 λέγεις
1407 1735 1686 1814 βασιλείας
1755 1734 1912 1810 ούρα-

191 1833 304 1885 νῶν
392 1827 794 1899 καταξιοῦσθαι,
859 1825 952 1881 καὶ
1036 1825 1153 1888 οἰὸς
1217 1830 1350 1882 Θεοῦ
1428 1827 1704 1903 γεννηθεὶς
1767 1823 1906 1882 ἀνω-

197 1921 289 1975 θεν
369 1917 632 1994 γενέσθαι,
725 1917 816 1972 καὶ
913 1914 1364 1990 συγκληρονόμος
1455 1921 1554 1971 τοῦ
1650 1920 1906 1992 Χριστοῦ,

205 2008 303 2064 καὶ
382 2006 456 2069 εἰς
531 2005 734 2067 αἰῶνας
809 2003 975 2066 ὅλους
1068 2001 1489 2078 συμϐασιλεύειν
1577 2005 1750 2078 αύτῷ,
1823 2004 1914 2060 καὶ

195 2100 408 2174 τρυφᾷν
467 2093 519 2150 ἒν
587 2096 724 2171 φωτὶ
797 2093 1042 2170 ἀρῥήτῳ,
1113 2091 1164 2148 ἒν
1236 2094 1558 2168 ἀπεράντοις
1621 2095 1713 2150 καὶ
1779 2094 1916 2150 ἀνα-

200 2187 507 2261 ριθμήτοις
561 2183 776 2256 αἰῶσιν,
825 2183 900 2239 ὡς
952 2185 980 2238 ὁ
1040 2181 1218 2253 Θεός;
1278 2183 1504 2248 Πάντως
1558 2183 1698 2257 ἒρεῖς
1733 2204 1748 2219 ⁶
1790 2183 1911 2242 Ναί.

204 2277 307 2332 Διά
336 2275 542 2345 ταύτην
591 2275 693 2350 γὰρ
740 2273 842 2342 τήν
894 2271 1070 2328 αἰτίαν
1121 2273 1491 2352 ἀναχωρήσας
1534 2278 1633 2330 τοῦ
1679 2274 1915 2350 κόσμου,

210 2363 451 2441 ἐμαυτὸν
479 2368 562 2436 τῷ
591 2364 775 2438 Κυρίῳ
806 2359 1038 2421 δέδωκα.

286 2459 366 2514 Γ’.
401 2452 703 2526 Δοκίμασον
753 2450 933 2508 τοίνυν
985 2454 1224 2524 σεαυτὸν,
1278 2455 1352 2527 μή
1394 2451 1526 2509 ποτέ
1555 2474 1612 2510 σε
1661 2453 1916 2528 μέριμναι

204 2545 404 2620 γήϊναι
451 2547 774 2618 κατέχουσιν
823 2539 924 2612 ἔτι,
971 2542 1062 2596 καὶ
1121 2541 1343 2618 φροντὶς
1398 2541 1588 2612 παλλή
1640 2544 1764 2618 περί
1813 2550 1917 2614 τῆς

200 2638 310 2691 τοῦ
370 2634 626 2707 σώματος
673 2637 882 2708 τροφῆς
927 2632 1018 2686 καὶ
1075 2629 1358 2702 ἐνδύσεως,
1421 2633 1512 2688 καὶ
1563 2637 1662 2700 τῆς
1712 2632 1915 2704 λοιπῆς

203 2721 529 2796 ἐπιμελείας
559 2723 646 2777 καὶ
682 2721 1050 2791 ἀναπαύσεως,
1083 2722 1158 2784 ὡς
1202 2726 1271 2797 τῇ
1305 2725 1373 2794 σῇ
1425 2719 1649 2796 δυνάμει
1699 2743 1916 2800 περιγι-

198 2814 498 2891 γνόμενος,
523 2813 613 2866 καὶ
662 2811 1064 2884 προνοούμενος
1097 2812 1310 2882 ἑαυτοῦ,
1343 2810 1376 2866 ἃ
1406 2811 1788 2888 προσετάχθης
1836 2813 1912 2885 μὴ

202 2907 480 2978 μεριμνᾷν
513 2901 660 2964 ὅλως
690 2901 815 2975 περί
847 2904 1095 2957 σεαυτοῦ.
1130 2900 1191 2956 Εἰ
1222 2902 1326 2976 γὰρ
1375 2901 1648 2966 πιστεύεις
1689 2903 1756 2957 τὰ
1785 2901 1916 2957 ἀθά-

193 3012 364 3061 νατα,
393 2990 484 3046 καὶ
513 2989 732 3058 αἰώνια,
757 2991 845 3045 καὶ
887 2991 1180 3066 παράμονα
1227 2991 1318 3046 καὶ
1368 2988 1575 3064 ἄφθονα
1619 2989 1913 3065 λήψεσθαι,

193 3083 362 3154 πόσῳ
395 3079 610 3154 μᾶλλον
657 3083 830 3136 ταῦτα
876 3079 945 3135 τὰ
987 3079 1374 3156 παρερχόμενα
1419 3078 1508 3135 καί
1540 3083 1729 3156 γήϊνα,
1778 3081 1914 3156 ἅπερ

196 3173 226 3226 ὁ
282 3169 413 3233 Θεὸς
463 3167 667 3226 δὲδωκε
709 3169 802 3224 καὶ
849 3163 1093 3224 ἀσεϐέσιν
1146 3167 1476 3243 ἀνθρώποις,
1529 3169 1619 3225 καὶ
1669 3168 1907 3245 θηρίοις,

197 3259 297 3316 καὶ
327 3262 623 3330 πετεινοῖς,
675 3257 738 3313 ού
786 3256 1054 3321 πιστεύεις
1101 3258 1472 3336 παρασχέσθαι
1524 3279 1608 3313 σοι
1656 3258 1748 3314 τὸν
1798 3258 1909 3316 Κύ-

197 3368 346 3424 ριον,
389 3347 570 3420 ὥσπερ
615 3344 706 3402 καὶ
755 3343 1082 3411 ἐνετείλατο,
1132 3347 1210 3420 μή
1266 3351 1532 3422 μεριμνᾷν
1591 3344 1738 3408 ὅλως
1785 3347 1908 3424 περὶ

195 3439 417 3496 τούτων
474 3437 664 3508 εἰπὼν,
731 3438 821 3506 Mi;
893 3438 1269 3511 μεριμνήσητε
1331 3435 1385 3492 τί
1455 3438 1685 3515 φάγητε,
1750 3438 1788 3507 ἢ
1853 3439 1908 3493 τί

197 3530 397 3598 πίητε,
461 3528 498 3598 ἢ
574 3527 626 3582 τί
709 3520 1121 3600 περιϐάλλησθε
1150 3545 1166 3560 ⁸
1205 3529 1372 3582 ταῦτα
1435 3526 1536 3601 γὰρ
1602 3527 1775 3582 πάντα
1840 3526 1910 3584 τὰ

198 3615 330 3686 ἔθνη
385 3613 675 3684 ἐπιζητεῖς
714 3611 760 3668 εἰ
805 3609 863 3667 δὲ
909 3612 1034 3688 περὶ
1085 3616 1255 3669 ταῦτα
1299 3611 1380 3669 ἔτι
1421 3611 1684 3688 μέριμναν
1733 3611 1904 3690 ἔχεις,

197 3704 294 3759 καὶ
335 3701 438 3758 οῦκ
484 3699 856 3764 ἕνεπίστευσας
914 3701 1048 3757 δλον
1118 3700 1338 3756 σεαυτὸν
1387 3705 1466 3772 τῷ
1525 3700 1676 3777 λόγῳ
1723 3701 1909 3771 αὐτοῦ,

197 3795 401 3870 γνῶθι,
458 3793 542 3846 δτι
587 3790 655 3846 τὰ
709 3790 904 3848 αἰώνια
958 3790 1149 3866 ἀγαθὰ,
1208 3790 1342 3866 ἅπερ
1402 3789 1609 3860 ἒστίνή
1659 3789 1914 3866 βασιλεία

193 3888 309 3937 τῶν
357 3880 624 3956 οὐρανῶν,
683 3881 864 3954 ἀκμήν
925 3879 1024 3934 ούα
1080 3876 1393 3941 ἐπίστευσας
1440 3873 1653 3948 λαϐεῖν,
1693 3879 1783 3934 καὶ
1826 3901 1913 3936 νο-

200 3974 392 4047 μίξεις
429 3970 722 4040 πιστεύειν,
775 3965 853 4026 ἔτι
910 3968 964 4024 ἒν
1028 3974 1147 4033 τοῖς
1215 3974 1437 4045 μικροῖς
1498 3969 1588 4023 καὶ
1655 3971 1913 4044 φθαρτοῖς

194 4063 432 4123 ἄπιστος
489 4061 876 4136 εὑρισκόμενος
909 4077 924 4090 ⁶
985 4061 1076 4114 καὶ
1135 4058 1322 4130 πάλιν,
1371 4062 1576 4133 Ὥσπερ
1629 4059 1692 4114 τὸ
1752 4063 1912 4133 σῶμα

189 4149 533 4226 τιμιώτερόν
592 4147 703 4206 ἔστι
764 4153 862 4207 τοῦ
919 4147 1240 4221 ἔνδύματος,
1316 4147 1460 4204 οὕτω
1515 4149 1606 4203 καὶ
1658 4150 1694 4219 ἠ
1753 4150 1907 4224 ψυχὴ

187 4239 507 4315 τιμιωτέρα
589 4236 704 4295 ἒστὶ
801 4242 899 4294 τοῦ
975 4239 1250 4312 σώματος.
1329 4239 1609 4301 Πιστεύεις
1709 4236 1908 4310 τοίνυν,

191 4331 278 4386 ὅτι
333 4331 376 4398 ἡ
444 4329 598 4403 ψυχή
658 4347 754 4382 σου
809 4327 912 4383 ὑπὸ
978 4328 1218 4402 Χριστοῦ
1278 4325 1421 4382 ’ίασιν
1500 4323 1741 4402 δέχεται,
1802 4327 1909 4382 ἀπὸ

189 4424 305 4474 τῶν
411 4417 644 4472 αἰωνίων
733 4417 822 4472 καὶ
928 4415 1302 4493 ἀθεραπεύτων
1361 4417 1524 4492 -παρά
1596 4415 1911 4486 ἀνθρώποις

189 4507 556 4583 τραυμάτων,
603 4509 711 4562 τῶν
763 4509 948 4562 παθῶν
990 4513 1090 4577 τῆς
1139 4506 1384 4582 ἀτιμίας,
1434 4503 1505 4561 δι’
1552 4507 1619 4577 ἢν
1666 4507 1753 4561 καὶ
1801 4503 1907 4576 ἦλ-

193 4600 282 4653 θεν
345 4593 581 4651 ἒνταῦθα
619 4595 648 4650 ὁ
697 4594 897 4669 Κύριος
951 4575 1057 4651 ’ίναν
1103 4599 1192 4650 νῦν
1235 4575 1351 4659 ’τὰς
1415 4575 1597 4669 ψυχὰς
1651 4599 1759 4649 τῶν
1821 4614 1911 4648 πι-
1943 4575 1989 4641 D

195 4690 342 4742 στῶν
405 4682 708 4760 θεραπεύσῃ
778 4682 839 4739 ἐκ
901 4688 1010 4740 τῶν
1077 4684 1308 4740 ἀνιάτων
1369 4685 1580 4754 παθῶν,
1647 4684 1736 4738 καὶ
1803 4703 1911 4738 κα-

194 4775 406 4848 θαρίσῃ
472 4771 534 4828 ἒκ
597 4775 694 4829 τοῦ
761 4771 934 4849 ῥύπου
1012 4779 1112 4842 τῆς
1181 4771 1385 4848 λὲπρας
1450 4778 1551 4842 τῆς
1617 4771 1828 4842 κακίας,
1878 4773 1907 4827 ὁ

195 4865 373 4937 μόνος
405 4860 666 4932 ἀληθινὸς
698 4861 884 4934 ἰατρὸς
913 4863 1006 4917 καὶ
1035 4862 1367 4937 Θεραπευτής
1393 4881 1407 4930 ;

267 4953 350 5007 Δ’.
431 4951 604 5024 Ἐρεῖς
704 4953 927 5014 Πάντως
1025 4951 1290 5007 πιστεύω.
1393 4951 1484 5014 Εἰς
1585 4953 1744 5007 τοῦτο
1805 4952 1908 5027 γὰρ

187 5040 430 5112 ἕστηκα,
498 5039 590 5095 καὶ
651 5039 853 5111 ταύτην
918 5034 1036 5115 ἔχω
1123 5041 1222 5111 τήν
1303 5037 1652 5111 προσδοκίαν.
1736 5043 1907 5096 Γνῶθι

190 5129 412 5198 τοίνυν,
467 5125 759 5204 ἓρευνήσας
816 5129 1057 5198 σεαυτὸν,
1130 5130 1206 5202 μή
1265 5128 1397 5184 ποτὲ
1445 5148 1503 5184 σε
1547 5129 1614 5184 τὰ
1681 5130 1910 5206 σαρκικᾶ

188 5219 346 5289 πάθη
409 5219 544 5292 πρὸς
602 5217 820 5294 ἰατροὺς
895 5216 1122 5296 γηίνους
1174 5218 1458 5296 ἀποφέρει,
1516 5219 1590 5281 ὡς
1647 5220 1907 5293 Χριστοῦ,

187 5309 236 5380 ᾧ
269 5304 616 5377 ἒπίστευσας,
673 5309 750 5380 μὴ
785 5305 1088 5381 δυναμένου
1133 5328 1190 5363 σε
1234 5309 1577 5383 θεραπεῦσαι.
1634 5303 1745 5361 Ἴδε
1790 5310 1910 5371 πῶς

185 5395 424 5453 σεαυτὸν
482 5396 710 5467 ἀπατᾷς,
760 5395 844 5452 δτι
890 5396 1134 5470 νομίζεις
1181 5399 1472 5467 πιστεύειν,
1542 5392 1774 5469 μηδέπω
1821 5415 1910 5451 πι-

180 5487 424 5558 στεύων,
480 5485 554 5550 ὡς
615 5483 699 5543 δεῖ
752 5485 807 5563 ἔξ
873 5485 1157 5559 ἀληθείας.
1209 5486 1272 5544 Εἰ
1319 5488 1422 5563 γὰρ
1464 5485 1531 5542 τὰ
1573 5485 1769 5542 αἰώνια
1815 5487 1905 5542 καὶ

270 5677 300 5714 ⁸
332 5673 545 5736 Matth.
571 5692 652 5748 τι,
680 5677 776 5740 32.
853 5677 900 5714 ¹⁹
921 5677 1066 5737 ibid.
1095 5676 1187 5735 25·

2027 587 2118 644 nis
2149 600 2351 643 curam
2385 581 2800 654 suscipiamus.

2096 769 2167 824 II.
2202 767 2270 822 Et
2295 769 2437 821 tunc
2468 763 2843 820 manifestum
2885 765 2975 818 est
3004 761 3166 816 illum
3226 760 3461 815 credere
3519 759 3590 813 de
3643 757 3732 813 in-

2023 855 2518 928 corruptibilibus,
2552 858 2610 908 et
2639 868 2841 909 revera
2892 866 3151 923 qumrere
3206 854 3420 904 eterna
3469 848 3645 913 bona,
3679 846 3726 901 si

2024 947 2096 1003 de
2123 947 2245 1019 jam
2300 943 2473 999 dictis
2515 957 2716 998 sanam
2761 940 2935 994 fidem
2985 947 3308 996 conservat.
3362 937 3532 993 Debet
3570 934 3726 991 enim

2024 1036 2271 1107 quisque
2319 1047 2544 1099 eorum,
2595 1029 2696 1102 qui
2742 1029 3148 1100 obtemperant
3204 1027 3464 1082 veritatis
3529 1027 3726 1093 verbo,

2024 1126 2267 1198 probare
2297 1138 2360 1179 se
2388 1125 2603 1194 ipsum,
2635 1136 2700 1176 ac
2747 1119 3053 1183 discutere,
3106 1117 3189 1172 vel
3242 1134 3276 1172 a
3332 1113 3726 1185 Spiritualibus

2020 1215 2160 1271 viris
2191 1211 2500 1284 dijudicari
2532 1215 2705 1280 atque
2739 1207 2989 1277 probari,
3041 1222 3156 1278 qua
3205 1205 3427 1259 ratione
3457 1202 3725 1258 credide-

2022 1304 2116 1371 rit,
2149 1311 2202 1358 et
2235 1303 2346 1358 Deo
2378 1316 2440 1356 se
2481 1301 2676 1371 ipsum
2723 1297 3068 1352 tradiderit:
3101 1311 3173 1349 an
3206 1308 3402 1349 revera
3457 1292 3517 1346 in
3575 1289 3728 1344 veri-

2020 1392 2323 1462 tatejuxta
2370 1389 2610 1445 verbum
2641 1392 2793 1458 ejus,
2835 1402 2908 1441 an
2967 1383 3240 1455 opinione
3285 1376 3726 1451 justiﬁeationis

2019 1484 2174 1540 158
2205 1487 2263 1536 et
2293 1479 2446 1545 fidei,
2479 1494 2655 1549 quam
2703 1477 2879 1532 habet
2920 1475 3073 1543 apud
3115 1489 3198 1540 se,
3231 1487 3294 1528 se
3343 1471 3574 1526 credere
3605 1467 3725 1524 exi-

2019 1573 2242 1636 stimet,
2275 1567 2527 1637 Quilibet
2576 1566 2732 1621 enim
2790 1582 2863 1621 an
2905 1563 2963 1618 in
3014 1562 3242 1618 modico
3276 1559 3464 1614 fidelis
3495 1558 3594 1625 sit,
3653 1557 3727 1612 de

2017 1658 2411 1732 temporaneis
2466 1656 2693 1730 loquor,
2779 1655 3057 1728 probatur
3109 1655 3164 1708 et
3239 1650 3523 1722 arguitur.
3598 1647 3721 1710 Quo

2017 1755 2184 1825 pacto
2237 1752 2453 1815 autem,
2515 1746 2700 1801 audi:
2761 1747 2925 1800 Aisne
2972 1748 3022 1797 te
3085 1739 3302 1796 credere
3343 1753 3513 1808 regno
3566 1736 3724 1791 caelo-

1938 1857 1987 1923 B
2017 1858 2141 1897 rum
2182 1838 2419 1910 dignum
2485 1835 2699 1904 haberi,
2730 1838 2782 1890 et
2837 1833 3040 1888 Filium
3101 1831 3195 1885 Dei
3239 1834 3434 1883 nulum
3497 1825 3726 1895 desuper

2019 1945 2159 1998 esse,
2187 1936 2239 1985 et
2284 1927 2621 1983 cohzredem
2651 1925 2874 1990 Christi,
2905 1930 3068 1994 atque
3115 1935 3211 1984 per
3264 1923 3463 1973 cuncta
3515 1913 3726 1972 swcula

2021 2025 2072 2077 te
2100 2021 2461 2091 regnaturum
2489 2031 2617 2070 cum
2680 2029 2762 2079 eo,
2813 2017 2866 2068 et
2902 2013 3209 2084 fruiturum
3265 2005 3475 2063 deliciis
3518 2003 3577 2059 in
3637 2002 3726 2057 lu-

2016 2113 2167 2166 mine
2213 2121 2436 2174 arcano,
2467 2121 2565 2177 per
2619 2103 2847 2174 inﬁnita
2901 2105 2954 2157 et
3003 2097 3440 2155 innumerabilia
3499 2093 3721 2158 saecula,

2020 2196 2478 2272 quemadmodum
2541 2200 2595 2251 et
2640 2196 2835 2250 Deus?
2892 2191 3100 2263 Utique
3158 2187 3351 2244 dices:
3392 2187 3535 2242 Ima.
3585 2185 3723 2241 Pro-

2019 2291 2146 2360 pter
2205 2285 2356 2342 hanc
2404 2284 2555 2340 enim
2623 2295 2865 2339 causam
2923 2279 3220 2351 digressus
3259 2291 3289 2332 e
3327 2273 3570 2340 mundo,
3632 2286 3727 2327 me

2023 2377 2221 2450 ipsum
2255 2374 2504 2432 Domino
2536 2369 2754 2428 dedidi.

2093 2465 2192 2521 Ill.
2224 2463 2502 2521 Examina
2531 2477 2664 2532 ergo
2712 2465 2769 2516 te
2794 2460 3014 2531 ipsum,
3075 2472 3219 2512 num
3270 2455 3414 2510 forte
3472 2459 3526 2508 te
3581 2451 3728 2508 deti-

2024 2558 2200 2612 neant
2253 2552 2447 2609 adhuc
2494 2567 2644 2607 cum
2700 2554 2966 2614 terrenae,
3027 2549 3086 2602 et
3133 2536 3461 2601 sollicitudo
3536 2541 3726 2598 multa

2023 2646 2094 2702 de
2123 2644 2384 2717 corporis
2412 2641 2574 2698 victu
2603 2647 2658 2697 et
2688 2637 2927 2706 amictu,
2963 2653 3068 2693 nec
3111 2651 3228 2691 non
3278 2633 3500 2705 reliqua
3533 2630 3732 2687 studia

2019 2740 2076 2792 et
2106 2731 2426 2800 recreatio;
2463 2729 2634 2803 quasi
2691 2732 2794 2784 tua
2852 2724 3132 2783 facultate
3191 2725 3501 2796 promptus
3550 2719 3632 2774 sis
3663 2733 3729 2773 ac

2021 2822 2324 2896 provideas
2354 2820 2460 2876 tibi
2493 2818 2625 2891 ipsi,
2657 2833 2784 2888 quae
2831 2815 3110 2872 mandata
3149 2812 3254 2868 tibi
3300 2815 3460 2875 sunt,
3495 2825 3566 2864 ne
3594 2823 3728 2864 om-

2022 2911 2179 2968 mino
2216 2911 2299 2966 sis
2351 2907 2634 2966 sollicitus
2681 2906 2754 2961 de
2783 2910 2837 2962 te
2883 2906 3031 2975 ipso.
3089 2902 3150 2957 Si
3205 2900 3362 2956 enim
3421 2899 3612 2954 credis
3668 2900 3728 2951 te

2017 2998 2391 3066 immortalia,
2443 3002 2661 3052 aeterna
2718 2997 2777 3050 et
2826 2989 3232 3064 permanentia
3281 2994 3460 3058 atque
3507 2985 3728 3042 invidia

2016 3087 2272 3147 carentia
2321 3089 2769 3142 consecuturum
2826 3097 2976 3146 esse,
3040 3083 3257 3150 quanto
3333 3075 3522 3147 magis
3601 3073 3726 3128 haec

2016 3179 2236 3235 caduca
2264 3180 2322 3232 et
2372 3180 2626 3241 terrena,
2679 3186 2807 3243 qum
2865 3169 3018 3225 Deus
3067 3165 3316 3223 contulit
3367 3164 3456 3220 vel
3515 3160 3715 3232 impiis

2023 3267 2382 3334 hominibus,
2433 3264 2638 3321 bestiis
2686 3278 2752 3318 ac
2805 3258 3167 3327 volucribus,
3226 3255 3460 3311 credere
3542 3253 3720 3308 debes

2019 3359 2334 3415 Dominum
2395 3355 2500 3412 tibi
2552 3352 2928 3425 largiturum,
2987 3353 3054 3405 ut
3119 3362 3346 3420 quoque
3421 3343 3723 3415 praecepits

2022 3463 2260 3520 prorsus
2315 3460 2432 3501 non
2472 3444 2544 3500 de
2611 3441 2705 3498 his
2771 3438 3093 3497 sollicitum
3141 3451 3292 3503 esse,
3339 3434 3589 3490 dicens:
3648 3432 3725 3487 Ne

2019 3537 2266 3594 sollicitis
2310 3536 2435 3591 sitis
2487 3531 2620 3605 quid
2667 3529 3028 3594 manducetis,
3072 3531 3169 3582 aut
3212 3523 3344 3596 quid
3377 3522 3569 3588 bibati,
3629 3529 3724 3576 aut

2017 3641 2122 3699 quo
2148 3623 2506 3696 operiamini.
2546 3623 2667 3678 Hec
2714 3635 2863 3676 enim
2891 3619 3083 3675 omnia
3127 3621 3316 3685 gentes
3363 3609 3723 3684 inquirunt“?

2021 3717 2118 3772 Sin
2143 3717 2211 3772 de
2240 3715 2333 3770 bis
2362 3713 2556 3769 adhuc
2580 3726 2773 3766 curam
2827 3708 3000 3781 geris,
3057 3720 3162 3761 nec
3212 3703 3401 3761 credis
3433 3711 3484 3758 te
3531 3702 3725 3772 ipsum

2019 3809 2204 3862 totum
2260 3803 2434 3858 verbo
2477 3800 2660 3867 illius,
2720 3797 2885 3866 scito,
2934 3800 3012 3855 te,
3055 3795 3206 3866 quod
3275 3801 3486 3848 interna
3551 3791 3728 3857 bona,

2019 3909 2144 3964 qua
2175 3894 2314 3948 sunt
2345 3903 2586 3959 regnum
2623 3886 2925 3950 oculorum,
2967 3885 3391 3939 consecuturus
3424 3879 3524 3944 eis,
3577 3893 3727 3932 non-

2019 3981 2158 4036 dum
2179 3979 2432 4043 credere,
2491 3974 2758 4047 quamvis
2792 3975 2959 4042 putes
3013 3978 3064 4026 te
3095 3968 3347 4032 credere,
3380 3965 3469 4020 vel
3531 3964 3725 4020 adhuc

2017 4066 2075 4122 in
2097 4063 2322 4136 exiguis
2347 4067 2405 4118 et
2453 4058 2931 4130 corruptibilibus
2991 4052 3332 4111 incredulus
3389 4049 3713 4122 deprehen-

2016 4172 2143 4212 sus.
2188 4154 2258 4210 Et
2314 4153 2529 4209 iterum
2565 4167 2578 4207 :
2613 4149 2771 4205 Sicut
2814 4161 3016 4218 corpus
3046 4146 3173 4217 plus
3211 4149 3288 4198 est
3329 4157 3497 4214 quam
3555 4141 3721 4195 vesti—

2015 4255 2286 4314 mentum,
2319 4247 2401 4301 sic
2456 4246 2650 4300 anima
2701 4241 2826 4314 plus
2854 4245 2934 4296 est
2981 4253 3145 4310 quam
3173 4251 3370 4306 corpus
3421 4233 3484 4286 1°.
3518 4231 3720 4288 Credis

2014 4353 2172 4410 ergo,
2203 4337 2454 4391 animum
2483 4338 2638 4389 tuam
2665 4347 2764 4403 per
2813 4329 3098 4386 Christum
3144 4324 3414 4382 medelam
3467 4324 3724 4394 consequi

2016 4444 2050 4482 a
2074 4426 2354 4498 perpetuis
2383 4431 2435 4480 et
2467 4420 2872 4478 incurabilibus
2907 4420 3060 4490 apud
3097 4417 3343 4473 homines
3375 4412 3715 4468 vulneribus.

2016 4515 2411 4588 ignominiosis
2485 4514 2754 4568 nimirum
2818 4507 3220 4582 aﬂeclionibus,
3269 4509 3491 4576 propter
3559 4517 3721 4572 quam

2017 4620 2228 4677 quoque
2257 4605 2362 4660 huc
2388 4604 2537 4659 venit
2571 4602 2858 4668 Dominus,
2911 4606 2972 4654 ut
3025 4613 3175 4653 nunc
3202 4596 3416 4650 animas
3467 4591 3723 4662 ﬁdelium

2015 4698 2220 4751 cureta
2265 4709 2376 4750 non
2420 4689 2770 4748 curabilibus
2817 4685 3227 4761 aﬂectionibus,
3276 4691 3328 4738 et
3384 4688 3640 4751 repurget
3687 4696 3722 4734 a

2015 4783 2269 4840 sordibus
2297 4783 2468 4855 lepra
2515 4782 2803 4851 nequitias,
2861 4775 2959 4849 qui
3003 4776 3150 4832 solus
3178 4787 3336 4829 verus
3380 4767 3623 4824 medicus
3668 4771 3722 4820 et

2015 4877 2243 4926 curator
2269 4875 2366 4926 est.

2089 4961 2183 5016 IV.
2213 4959 2380 5017 Dices
2416 4978 2429 5015 :
2462 4961 2654 5030 Utique
2708 4955 2887 5013 credo.
2945 4955 3011 5008 In
3041 4953 3140 5007 hoc
3166 4947 3317 5006 enim
3362 4946 3620 5016 consisto,
3658 4955 3712 5001 et

2018 5049 2157 5106 hanc
2179 5052 2328 5121 foveo
2374 5065 2522 5122 spem
2579 5063 2643 5104 ac
2690 5047 2968 5118 ﬁduciam.
3027 5041 3390 5111 Quapropter
3435 5051 3719 5109 cognosce

2016 5155 2084 5196 ac
2114 5143 2369 5195 scrutare
2397 5141 2455 5194 te
2484 5138 2704 5209 ipsum,
2737 5150 2878 5190 num
2911 5129 3227 5203 aliquando
3287 5124 3472 5183 morbi
3512 5139 3716 5194 corpo-

2016 5228 2100 5284 rei
2123 5229 2201 5284 ead
2233 5227 2490 5284 medicos
2520 5231 2780 5282 terrenos
2813 5228 2864 5278 te
2913 5221 3223 5286 deducant,
3255 5215 3494 5288 perinde
3549 5229 3615 5268 ac
3668 5213 3718 5267 si

2015 5316 2305 5384 Christus,
2365 5316 2459 5371 cui
2501 5313 2820 5382 credidisti,
2876 5312 3126 5382 nequeat
3187 5311 3245 5363 te
3300 5318 3525 5361 curare.
3575 5302 3720 5359 Vide

2017 5422 2128 5476 quo
2160 5414 2324 5478 pacto
2354 5410 2412 5462 te
2431 5404 2627 5478 ipsum
2651 5401 2928 5472 decipies,
2961 5399 3100 5470 quia
3148 5400 3314 5469 putas
3344 5403 3398 5449 te
3464 5392 3715 5461 credere,

2017 5494 2115 5565 qui
2174 5495 2459 5564 nondum,
2520 5497 2586 5551 ut
2649 5495 2890 5565 Oportet,
2928 5505 3061 5546 vere
3142 5484 3352 5545 credis.
3424 5481 3482 5537 Si
3564 5480 3717 5537 enim
