4116 6210
322 375 438 433 811
1665 359 1732 421 S.
1779 355 2113 419 MACARII
2150 358 2496 422 IEGYPTII
3717 351 3855 415 812

326 508 536 560 aeterna
567 509 625 560 et
656 497 999 556 incurabilia
1055 491 1404 552 immortalis
1443 493 1641 549 animae
1680 493 1923 550 vulnera
1975 499 2066 560 et,

2200 494 2478 564 ιεράπευτα
2517 497 2619 561 τῆς
2659 488 2928 546 ἀθανάτου
2967 492 3153 572 ψυχῆς
3198 485 3504 566 τραύματα,
3553 487 3643 546 καὶ
3693 487 3851 557 πάθη

328 593 666 650 affectiones
725 591 965 645 vitiosas
1012 585 1358 641 credidisses
1411 602 1442 639 a
1494 584 1727 640 Christo
1813 583 2028 654 curari,

2204 583 2324 644 κίας
2387 580 2708 644 ἐπίστευσας
2765 580 2868 636 ὑπὸ
2926 583 3165 655 Χριστοῦ
3241 579 3654 654 θεραπευθῆναι,
3718 575 3854 632 ἐπί-

329 687 593 740 crederes
642 695 875 753 quoque
933 693 1067 734 eum
1117 691 1289 747 posse
1350 691 1551 730 curare
1621 681 2031 746 temporaneas

332 773 591 844 corporis
613 768 941 825 affectiones
972 771 1030 821 et
1068 765 1322 830 morbos,
1349 771 1523 835 atque
1562 763 1633 818 ad
1669 779 1802 818 eum
1844 764 2034 818 solum

333 864 673 932 confugeres
703 858 966 930 neglecta
1022 855 1384 910 medicorum
1445 852 1734 908 industria
1781 857 1838 908 et
1874 869 2030 907 cura.

335 952 442 1016 Qui
498 950 652 1005 enim
701 949 957 1003 animam
1005 943 1290 1009 condidit,
1342 943 1466 1013 ipse
1523 958 1756 1014 quoque
1823 958 2036 1012 corpus

338 1039 548 1096 creavit
580 1055 594 1094 :
627 1044 681 1093 et
711 1036 812 1109 qui
839 1035 1003 1090 illam
1034 1031 1423 1088 immortalem
1472 1036 1658 1098 sanat,
1714 1032 1868 1087 idem
1901 1048 2039 1102 quo-

339 1146 452 1201 que
483 1145 694 1199 corpus
732 1145 766 1182 a
817 1123 1210 1196 temporaneis
1257 1122 1662 1178 affectionibus
1709 1125 1765 1176 et
1817 1122 2039 1178 morbis

2133 692 2313 733 στευες
2345 671 2405 726 ἄν
2448 671 2596 744 αὐτῷ
2639 670 2851 745 δυνατῷ
2901 671 3016 728 ὅντι
3069 671 3403 746 θεραπεύειν,
3435 669 3623 724 καὶτὰ
3676 668 3862 742 πρό-σ-

2133 780 2296 834 καιρα
2353 765 2453 816 τοῦ
2509 761 2766 834 σώματος
2817 761 2963 831 παθη
3023 761 3113 816 καὶ
3177 761 3486 833 νοσήματα,
3567 756 3659 813 καὶ
3714 757 3862 830 πρὸς

2138 849 2297 904 αὐτὸν
2351 849 2409 904 ἄν
2475 851 2639 923 μόνον
2700 852 3025 931 κατέιρευγες
3079 851 3359 926 ὑπερορῶν
3413 847 3672 922 ῗατρικῶν
3727 845 3866 901 ἐπι-

2137 934 2517 1012 τηδευμάτων,
2567 938 2657 994 καὶ
2711 941 3034 1014 θεραπειῶν,
3086 941 3148 996 Ὀ
3193 937 3298 1013 γὰρ
3343 939 3442 1006 τήν
3491 937 3681 1011 ψυχὴν
3729 935 3866 990 κτί-

2142 1049 2258 1099 σας,
2308 1028 2466 1092 αὐτὸς
2518 1028 2609 1084 καὶ
2649 1029 2711 1083 τὸ
2761 1033 2920 1102 σῶμα
2967 1027 3234 1099 πεποίηκε
3260 1045 3272 1060 ⁸
3307 1026 3398 1083 καὶ
3430 1027 3458 1081 6
3490 1024 3704 1098 ἐκείνην
3753 1025 3864 1093 τὴν

2143 1116 2402 1173 ἀθάνατον
2465 1119 2726 1193 ἱώμενος,
2779 1119 2939 1181 αὐτὸς
2985 1119 3048 1172 τὸ
3106 1121 3268 1190 σῶμα
3316 1113 3536 1171 δύναται
3588 1115 3696 1171 ἀπὸ
3745 1119 3865 1170 τῶν

342 1236 542 1275 curare
575 1221 785 1289 potest.

410 1309 481 1364 V.
511 1308 727 1362 Verum
761 1307 957 1375 utique
1004 1303 1125 1358 haec
1155 1302 1294 1357 mihi
1351 1303 1505 1359 dices
1539 1318 1552 1358 :
1592 1303 1675 1358 Ad
1714 1301 2042 1358 medendum

343 1399 559 1468 corpori
583 1397 846 1451 concessit
881 1395 1017 1448 Deus
1057 1399 1176 1447 tum
1225 1393 1419 1447 herbas
1479 1399 1660 1457 terrae,
1701 1401 1819 1447 tum
1874 1393 2046 1464 phar-

345 1503 528 1555 maca,
567 1494 728 1556 atque
776 1484 1116 1539 medicorum
1173 1483 1361 1553 ofﬁcia
1415 1483 1485 1538 ad
1551 1485 1791 1553 corporis
1836 1483 2047 1538 morbos

343 1577 701 1648 praeparavit,
747 1573 1056 1643 disponens,
1125 1577 1187 1625 ut
1233 1585 1428 1640 corpus
1479 1585 1508 1625 e
1565 1578 1724 1624 terra
1770 1578 2050 1642 sumptum

347 1663 524 1719 variis
552 1671 758 1719 eterra
796 1663 928 1717 ortis
982 1658 1258 1731 speciebus
1304 1665 1546 1715 curetur.
1581 1660 1873 1715 Confiteor
1904 1675 2050 1730 quo-

351 1771 464 1826 que
493 1770 597 1824 ego
657 1752 776 1807 hac
816 1751 897 1805 ita
929 1767 990 1806 se
1031 1751 1284 1818 habere;
1344 1763 1549 1805 verum
1599 1750 1854 1815 attende,
1885 1753 1940 1805 et
1971 1750 2054 1803 in-

2146 1208 2489 1284 προσκαίρων
2520 1211 2702 1264 παθῶν
2744 1210 2833 1263 καὶ
2865 1209 3192 1283 νοσημάτων
3226 1210 3574 1284 θεραπεῦσαι.

2219 1299 2292 1356 Ε’.
2363 1297 2538 1355 Ἀλλᾶ
2594 1299 2813 1361 πάντως
2872 1300 3012 1374 ἐρεῖς
3073 1319 3168 1372 μοι
3226 1302 3397 1352 ταῦτα
3433 1313 3448 1330 ·
3497 1300 3583 1368 Τῷ
3642 1297 3866 1369 σώματι

2147 1385 2342 1443 ἔδωκεν
2403 1390 2430 1444 6
2496 1390 2626 1452 Θεὸς
2683 1389 2758 1450 εἷς
2819 1389 3130 1463 θεραπείαν,
3187 1388 3286 1452 τάς
3349 1407 3407 1442 τε
3469 1387 3704 1462 βοτάνας
3759 1393 3870 1455 τῆς

2149 1485 2274 1556 γῆς,
2341 1478 2432 1532 καὶ
2497 1479 2564 1532 τὰ
2629 1479 2908 1557 φάρμακα,
2975 1478 3066 1532 καὶ
3135 1477 3332 1551 ἰατρῶν
3428 1474 3870 1547 ἐπιτηδεύματα,

2149 1568 2286 1640 πρὸς
2343 1567 2410 1622 τὰ
2466 1570 2561 1621 τοῦ
2619 1569 2874 1639 σώματος
2939 1565 3081 1638 πάθη
3152 1563 3563 1642 προευτρέπισε,
3623 1566 3688 1620 τὸ
3757 1565 3873 1620 ἀπὸ

2151 1665 2254 1732 γῆς
2322 1657 2380 1711 ὃν
2449 1661 2607 1730 σῶμα
2685 1656 3070 1732 θεραπεύεσθαι
3164 1656 3557 1730 οἰκονομήσας,
3629 1654 3692 1711 ἐκ
3755 1660 3872 1711 τῶν

2152 1753 2252 1816 τῆς
2329 1751 2435 1822 γῆς
2521 1745 2794 1822 διαφόρων
2870 1745 3055 1806 εἱδῶν.
3125 1748 3394 1826 Σόμφημι
3469 1746 3620 1822 κάγὼ
3698 1751 3877 1801 ταῦτα

350 1843 578 1914 telliges
609 1844 870 1908 modum,
904 1842 1118 1912 quibus
1150 1840 1270 1896 haec
1329 1841 1465 1896 data
1524 1840 1664 1911 sint,
1723 1846 1781 1897 et
1836 1842 2051 1912 quibus

2200 1838 2335 1899 ὕτιος
2376 1835 2524 1918 ἔχειν
2556 1859 2569 1872 ·
2617 1835 2763 1894 ἀλλὰ
2802 1837 3064 1913 πρόσεχε,
3115 1839 3207 1893 καὶ
3255 1839 3437 1914 γνώσῃ
3483 1837 3576 1892 τὸν
3627 1842 3875 1911 πρόπον,

352 1934 475 1988 haec
505 1931 858 1988 concesserit
889 1931 1043 1986 Deus
1067 1946 1298 1985 summa
1328 1935 1385 1985 et
1412 1930 1643 1985 infinita
1685 1930 2054 1986 humanitate

354 2037 419 2078 ac
469 2021 822 2092 benignitate
877 2021 1106 2074 ductus.
1168 2019 1311 2074 Cum
1388 2019 1696 2075 excidisset
1775 2019 1949 2075 homo
2023 2038 2056 2074 a

358 2111 658 2178 mandato,
690 2109 846 2180 quod
886 2117 1200 2180 acceperat,
1261 2113 1316 2164 et
1365 2109 1587 2180 judicio
1641 2110 1736 2164 ira
1777 2111 2059 2166 obnoxius

358 2201 544 2255 factus
572 2203 746 2264 esset,
786 2204 844 2253 et
871 2199 1031 2253 velut
1061 2197 1120 2252 in
1176 2197 1574 2268 captivitatem
1624 2200 1680 2251 et
1736 2197 2058 2263 infamiam,

367 2287 403 2342 I
423 2289 525 2344 54
545 2297 595 2342 et
616 2288 675 2342 in
699 2288 1007 2356 cujusdam
1031 2286 1250 2340 metalli
1275 2286 1628 2354 officinam,a
1647 2285 1872 2341 deliciis
1902 2303 2064 2356 para-

362 2378 473 2432 disi
504 2377 565 2432 in
597 2377 752 2432 hunc
780 2377 1066 2432 mundum
1101 2377 1538 2440 exterminatus,
1581 2380 1638 2431 et
1671 2377 1777 2431 sub
1811 2381 2062 2448 potesta-

364 2475 470 2522 tem
496 2467 867 2521 tenebrarum
918 2467 1208 2531 redactus,
1267 2465 1525 2520 infidelis
1576 2481 1763 2520 errore
1817 2465 2064 2521 affectio-

364 2573 505 2611 num
541 2557 801 2611 redditus
825 2561 996 2622 esset,
1022 2556 1252 2610 tandem
1284 2554 1344 2608 in
1378 2554 1714 2610 affectiones
1745 2560 1799 2609 et
1832 2555 2064 2611 morbos

366 2645 559 2698 carnis
591 2645 818 2711 incidit,
853 2645 951 2715 qui
985 2644 1145 2714 prius
1188 2644 1381 2698 omnis
1432 2643 1764 2698 affectiones
1805 2644 2063 2698 etmorbi

366 2738 491 2790 erat
519 2750 744 2806 expers.
794 2734 959 2789 Patet
1015 2749 1150 2802 ergo
1196 2749 1398 2789 omnes
1457 2749 1683 2804 quoque
1712 2750 1781 2788 ex
1837 2749 1902 2790 eo
1936 2751 2067 2806 pro-

367 2824 591 2896 genitos
633 2825 692 2878 in
729 2824 962 2879 easdem
995 2823 1328 2879 affectiones
1360 2823 1631 2895 delapsos
1668 2838 1816 2879 esse.

437 3003 533 3061 VI.
567 3003 865 3061 Concessit
894 3019 1030 3075 ergo
1063 3003 1182 3058 haec
1214 3003 1368 3058 Deus
1425 3003 1678 3058 infirmis
1738 3007 1793 3059 et
1823 3003 2070 3060 infideli-

370 3095 500 3158 bus,
534 3094 737 3151 nolens
768 3094 1006 3150 omnino
1038 3093 1224 3166 perire
1255 3093 1572 3150 obnoxium
1607 3094 1856 3162 peccatis
1888 3110 2071 3165 genus

370 3184 722 3250 humanum,
755 3200 857 3256 pro
889 3199 1124 3238 summa
1186 3199 1292 3238 sua
1350 3182 1679 3237 clementia.
1740 3183 1849 3238 Sed
1907 3184 2070 3240 dedit

371 3271 442 3325 ad
467 3271 932 3327 refocillandum:
965 3271 1316 3337 sanandum,
1349 3275 1405 3326 et
1462 3270 1784 3325 curandum
1839 3286 2067 3340 corpus,

371 3358 688 3427 pharmaca
740 3359 918 3427 hujus
975 3359 1177 3412 mundi
1230 3357 1570 3412 hominibus
1660 3366 1712 3413 et
1783 3360 2074 3414 extraneis

373 3448 691 3502 omnibus:
725 3445 1124 3516 quibusetiam
1167 3460 1264 3500 eos
1300 3445 1383 3500 uti
1431 3445 1712 3516 permisit,
1766 3445 1867 3516 qui
1923 3463 2073 3501 non-

371 3535 514 3588 dum
564 3535 679 3588 Deo
733 3549 794 3588 se
849 3537 1000 3588 totos
1059 3534 1404 3588 concredere
1458 3537 1724 3604 possunt.
1771 3535 1856 3588 Tu
1917 3550 2070 3602 vero,

377 3623 474 3695 qui
506 3621 826 3678 solitariam
858 3622 983 3693 agis
1031 3621 1234 3690 vitam,
1286 3622 1384 3693 qui
1425 3622 1723 3678 accessisti
1782 3623 1853 3678 ad
1906 3620 2076 3678 Chri-

377 3717 552 3778 stum,
589 3711 686 3782 qui
722 3711 900 3767 Filius
938 3710 1038 3766 Dei
1071 3727 1196 3766 esse
1251 3712 1569 3776 desideras,
1618 3711 1718 3782 qui
1765 3712 2014 3782 desuper
2044 3727 2074 3766 ο

376 3802 590 3873 Spiritu
628 3802 784 3858 nasci
827 3801 1066 3873 expetis,
1101 3802 1195 3872 qui
1242 3802 1609 3858 sublimiores
1636 3807 1694 3857 et
1740 3801 2071 3873 ampliores,

377 3909 554 3966 quam
591 3893 815 3964 primus
847 3893 1040 3959 homo,
1091 3892 1281 3947 omnis
1311 3891 1636 3947 affectionis
1666 3907 1888 3963 expers,
1938 3908 2077 3962 pro-

377 3979 688 4035 missiones
721 3978 1014 4050 accepisti,
1055 3978 1457 4050 gratissimum
1510 3979 1784 4034 nimirum
1843 3978 2077 4034 Domini

377 4069 714 4138 adventum,
747 4069 844 4140 qui
877 4069 1214 4139 peregrinus
1268 4068 1441 4137 hujus
1503 4068 1705 4124 mundi
1764 4085 1829 4124 es
1868 4069 2076 4135 factus,

378 4159 563 4230 magis
593 4175 797 4215 novam
829 4159 1145 4228 quamdam
1171 4162 1227 4212 et
1257 4157 1622 4229 peregrinam
1655 4160 1848 4230 fidem,
1900 4160 2080 4215 intel-

377 4248 594 4302 lectum
651 4255 705 4303 et
751 4246 1132 4302 conversandi
1213 4247 1494 4302 rationem
1581 4253 1791 4320 praeter
1876 4266 2081 4307 omnes

380 4337 560 4406 hujus
590 4335 792 4389 mundi
823 4334 1090 4390 homines
1121 4335 1379 4391 obtinere
1409 4337 1608 4392 debes.
1660 4337 1854 4393 Gloria
1901 4338 2080 4410 Patri,

383 4430 438 4481 et
471 4424 634 4492 Filio,
665 4429 720 4479 et
751 4423 993 4495 Spiritui
1025 4428 1244 4498 sancto,
1268 4425 1328 4480 in
1350 4425 1562 4483 saecula
1594 4429 1796 4484 Amen.

971 4605 1273 4663 HOMILIA
1303 4607 1486 4664 XLIX.

384 4699 506 4753 Non
551 4698 696 4771 satis
740 4701 819 4752 est
869 4696 1033 4768 hujus
1064 4699 1274 4771 saeculi
1330 4698 1556 4754 delicias
1612 4699 1920 4771 reliquisse,
1979 4704 2093 4756 nisi

490 4772 612 4840 quis
641 4769 878 4824 alterius
906 4769 1102 4827 saeculi
1171 4770 1576 4827 beatitudinem
1605 4769 1984 4841 consequatur.

460 4925 520 4982 Si
552 4927 685 4998 quis
715 4943 985 5001 egressus
1017 4945 1047 4984 θ
1077 4928 1348 5001 propriis,
1409 4927 1547 4984 huic
1597 4927 1818 4984 mundo
1876 4944 2091 4986 renun-

390 5017 594 5084 tiet,et
623 5016 850 5074 deliciis
905 5018 1082 5090 hujus
1139 5017 1356 5085 saeculi,
1408 5021 1535 5074 tum
1595 5018 2088 5089 possessionibus,

388 5111 515 5163 tum
547 5110 729 5178 patre,
779 5111 906 5164 tum
967 5111 1170 5172 matre,
1229 5107 1458 5164 Domini
1503 5107 1714 5179 gratia,
1759 5107 1976 5165 relictis
2032 5113 2090 5167 et

389 5199 620 5259 amotis,
671 5213 733 5254 se
769 5197 962 5269 ipsum
1008 5197 1420 5268 cruciﬁgendo,
1453 5196 1815 5268 peregrinus,
1868 5215 2091 5271 pauper

393 5291 450 5342 et
473 5303 690 5358 egenus
723 5287 846 5354 fiat;
882 5303 983 5359 pro
1041 5287 1233 5357 quiete
1290 5289 1484 5341 autem
1541 5285 1711 5356 hujus
1761 5288 1957 5343 seculi
2002 5303 2090 5345 re-

395 5377 591 5446 quiem
649 5376 902 5432 divinam
948 5375 1007 5431 in
1057 5391 1116 5433 se
1163 5375 1291 5446 ipso
1341 5391 1456 5430 non
1517 5373 1807 5442 inveniat;
1858 5381 1915 5432 et
1989 5395 2091 5449 pro

395 5463 619 5522 deliciis
649 5469 1054 5536 temporaneis,
1085 5466 1322 5524 delicias
1379 5465 1635 5539 Spiritus
1676 5466 1736 5522 in
1769 5483 1875 5524 sua
1907 5469 2092 5538 ipsius

398 5554 596 5609 anima
658 5571 772 5609 non
831 5556 1088 5622 sentiat;
1129 5561 1185 5611 et
1243 5573 1346 5626 pro
1387 5555 1865 5626 corrUptibilibus
1913 5560 2089 5613 vesti-

398 5642 637 5710 mentis,
695 5644 1043 5700 vestimenta
1099 5643 1302 5699 divinae
1355 5643 1504 5700 lucis
1571 5660 1688 5700 non
1747 5643 1954 5700 induat
2031 5647 2089 5705 in

2111 4573 2159 4637 D

2163 1927 2269 1982 τίσι
2328 1933 2494 1982 ταῦτα
2552 1925 2790 1998 δέδοται,
2845 1926 2936 1983 καὶ
3005 1927 3143 1982 τίσιν
3213 1927 3568 2000 ᾠκονόμησεν
3629 1929 3656 1982 ὁ
3719 1927 3876 1994 Θεὸς,

2165 2018 2298 2071 κατᾶ
2337 2015 2554 2084 πολλὴν
2606 2017 2694 2070 καὶ
2753 2019 2971 2090 ἄπειρον
3024 2015 3437 2096 φιλανθρωπίαν
3488 2017 3579 2071 καὶ
3628 2017 3885 2092 χρηστό-

2165 2127 2323 2176 τητα.
2374 2107 2644 2162 Ἐκπεσὼν
2698 2107 2726 2160 6
2776 2105 3059 2181 ἄνθρωπος
3109 2106 3214 2161 ἀπὸ
3261 2113 3362 2175 τῆς
3410 2104 3638 2175 ἐντολῆς
3687 2108 3756 2174 ἧς
3801 2105 3884 2160 εί-

2171 2194 2356 2273 λγςφει,
2414 2196 2503 2251 καὶ
2565 2196 2666 2251 ὑπὸ
2722 2197 2821 2264 τὴν
2885 2195 3152 2273 ἀπόφασιν
3225 2195 3392 2273 ὀργῆς
3449 2195 3719 2272 γεγονὼς.
3788 2195 3884 2250 καὶ

2174 2286 2354 2362 ὥσπερ
2416 2287 2490 2348 εἷς
2552 2286 2936 2360 αἰχμαλωσίαν
3024 2285 3116 2341 καὶ
3185 2284 3427 2360 ἂτιμίαν,
3597 2283 3885 2360 μετάλλου

2173 2379 2320 2439 τινὸς
2354 2377 2623 2451 ἐργασίαν,
2657 2377 2716 2432 ἐκ
2745 2380 2843 2446 τῆς
2885 2384 3094 2456 τρυφῆς
3143 2381 3240 2432 τοῦ
3288 2374 3614 2450 παραδείσου
3665 2376 3743 2438 εἰς
3791 2376 3887 2430 τὸν

2175 2468 2380 2538 κόσμον
2435 2471 2628 2524 τοῦτον
2685 2465 2998 2542 ἐξορισθεῖς,
3052 2466 3138 2524 καὶ
3191 2466 3294 2521 ὑπὸ
3345 2466 3444 2533 τήν
3495 2463 3736 2536 ἐξουσίαν
3786 2469 3888 2520 τοῦ

2178 2557 2403 2618 σκότους
2461 2555 2719 2628 γεγονὼς,
2775 2556 2864 2610 καὶ
2923 2552 3146 2618 ἄπιστος
3186 2559 3292 2609 τῶν
3345 2555 3529 2608 παθῶν
3584 2555 3887 2623 κακαστᾶς,

2179 2645 2284 2700 ὑπὸ
2326 2645 2394 2700 τὰ
2443 2645 2587 2713 παθη
2641 2642 2858 2712 λοιπὸν,
2916 2644 3006 2698 καὶ
3063 2644 3128 2698 τὰ
3185 2645 3469 2716 νοσήματα
3522 2649 3623 2711 τῆς
3685 2645 3888 2718 σαρκὸς

2177 2734 2474 2803 πέπτωκεν,
2523 2734 2550 2788 6
2582 2733 2716 2805 πρὶν
2766 2733 3005 2804 ἀπαθὴς,
3055 2732 3144 2786 καὶ
3191 2733 3405 2794 ἂνοσος.
3461 2731 3642 2800 Δῆλον
3694 2730 3752 2787 δὲ
3803 2734 3886 2787 ὅτι

2175 2823 2266 2878 καὶ
2297 2824 2488 2883 πάντες
2523 2821 2575 2875 οἱ
2627 2821 2676 2893 ἐξ
2737 2822 2903 2876 αὐτοῦ
2962 2819 3310 2897 γεννηθέντες
3364 2825 3482 2882 τοῖς
3543 2821 3733 2884 αὐτοῖς
3785 2822 3894 2876 πά-

2180 2915 2322 2966 θεσιν
2369 2911 2842 2969 ὑποπεπτώκασιν.

2253 2999 2350 3074 ς’.
2419 3000 2755 3075 ’ῼκονόμησε
2820 2996 2996 3054 τοίνυν
3061 3003 3228 3054 ταῦτα
3293 3003 3410 3060 τοῖς
3483 2996 3727 3054 ἀσθενέσι
3794 3001 3886 3054 καί

2182 3089 2432 3152 ἀπίστοις
2480 3091 2507 3143 6
2557 3089 2707 3157 Θεὸς,
2762 3089 2837 3160 μὴ
2890 3087 3184 3164 βουληθεὶς
3234 3087 3514 3150 παντελῶς
3561 3088 3885 3165 ἐξολοθρεῦ-

2185 3199 2270 3232 σαι
2300 3179 2361 3232 τὸ
2402 3176 2731 3254 ἁμαρτωλὸν
2786 3181 2893 3231 τῶν
2955 3177 3250 3252 ἀνθρώπιον
3306 3179 3459 3252 γένος
3518 3175 3606 3232 διὰ
3663 3176 3886 3246 πολλήν

2184 3267 2561 3341 χρηστότητα.
2597 3265 2748 3322 Ἀλλ’
2800 3260 2998 3320 ἔδωκεν
3055 3265 3131 3328 εἷς
3181 3265 3546 3346 ψυχαγωγίαν
3607 3269 3699 3321 καὶ
3745 3269 3896 3343 θερα-

2181 3354 2332 3409 πείαν
2379 3357 2466 3409 καὶ
2519 3353 2834 3427 ἐπιμέλειαν
2885 3358 2982 3408 τοῦ
3033 3355 3289 3428 σώματος
3345 3355 3410 3410 τὰ
3457 3356 3721 3435 φάρμακα
3773 3361 3891 3420 τοῖς

2182 3446 2277 3497 τοῦ
2307 3443 2519 3516 κόσμου
2567 3442 2896 3517 ἀνθρώποις,
2954 3443 3044 3497 καὶ
3097 3449 3214 3506 τοῖς
3262 3441 3364 3514 ἔξω
3412 3450 3585 3499 πᾶσι·
3619 3445 3894 3507 κάκείνοις

2182 3533 2530 3611 συνεχώρησε
2588 3531 2813 3596 τούτους
2874 3535 3107 3608 χρᾶσθαι
3163 3535 3291 3595 τοὺς
3339 3538 3417 3606 τῷ
3492 3539 3610 3607 Θεῷ
3657 3533 3889 3609 μηδέπω

2183 3619 2509 3696 δυναμένους
2575 3621 2625 3693 ἐξ
2693 3622 2828 3678 ὅλου
2896 3623 3119 3685 ἑαυτοὺς
3181 3623 3547 3697 ἐμπιστεύειν.
3607 3625 3683 3680 Σὺ
3746 3624 3804 3680 δὲ
3861 3629 3887 3681 6

2186 3717 2459 3784 μονάζων,
2494 3714 2522 3768 6
2569 3711 3002 3787 προσεληλυθὼς
3051 3719 3131 3785 τῷ
3179 3718 3398 3789 Χριστῷ
3443 3713 3533 3770 καὶ
3583 3716 3703 3778 υἱὸς
3755 3721 3886 3772 Θεοῦ

2186 3801 2523 3876 βουλόμενος
2576 3803 2730 3871 εἶναι,
2790 3803 2881 3856 καὶ
2940 3800 3136 3858 ἄνωθεν
3195 3803 3254 3858 ἐκ
3321 3805 3635 3876 Πνεόματος
3692 3825 3886 3880 γεννη-

2185 3893 2364 3962 θῆναι,
2422 3893 2510 3946 καὶ
2578 3892 2846 3966 ἀνιυτὲρας
2911 3893 3001 3946 καὶ
3071 3893 3290 3966 μείζους
3348 3897 3445 3947 τοῦ
3509 3895 3734 3967 πρώτου
3799 3896 3888 3950 καὶ

2185 3981 2426 4044 ἀπαθοῦς
2496 3982 2788 4054 ἄυθρὼπου
2863 3978 3191 4058 ἐπαγγελίας
3301 3979 3688 4059 ἐκδεχόμενος,
3793 3986 3888 4053 τήν

2188 4067 2432 4126 εὐδοκίαν
2500 4076 2600 4139 τῆς
2657 4072 2754 4124 τόῦ
2808 4069 3007 4144 Κυρίου
3066 4067 3388 4143 ἐπιδημίας,
3447 4072 3535 4126 καὶ
3606 4072 3753 4142 ξένος
3799 4078 3892 4128 τοῦ

2187 4159 2399 4232 κόσμου
2472 4161 2736 4236 γεγονῶς,
2795 4158 3109 4235 καινοτέραν
3161 4161 3283 4215 τινὰ
3337 4161 3427 4216 καὶ
3485 4161 3640 4232 ξένην
3687 4162 3890 4233 πίστιν,

2189 4249 2281 4303 καὶ
2341 4244 2565 4318 ἔννοιαν,
2621 4248 2710 4303 καὶ
2778 4247 3062 4304 πολιτείαν
3127 4250 3273 4323 παρὰ
3337 4249 3539 4313 πάντας
3599 4252 3736 4313 τοὺς
3802 4256 3893 4306 τοῦ

2190 4337 2402 4412 κόσμου
2462 4339 2781 4413 ἀνθρώπους
2864 4339 3157 4408 κεκτῆσθαι
3215 4337 3477 4413 ὀφείλεις.
3541 4339 3678 4410 Δόξα
3727 4343 3891 4416 Πατρὶ

2191 4428 2280 4483 καὶ
2347 4429 2478 4499 Υἱῷ,
2556 4430 2645 4482 καί
2713 4429 2856 4512 ἁγίῳ
2924 4427 3221 4503 Πνεύματι,
3306 4429 3382 4492 εἷς
3465 4429 3592 4491 τοὺς
3671 4431 3887 4493 αἰῶνας.

2193 4516 2246 4575 Ἀ
2259 4519 2388 4592 μήν.

2829 4609 3072 4664 ΟΜῘΛΙΑ
3111 4615 3207 4663 ΜΘ
3227 4650 3242 4665 .

2196 4699 2311 4773 Οὐκ
2349 4697 2740 4773 ἐπαρκεῖλτῆς
2773 4704 3000 4773 ,τρυφῆς
3047 4697 3244 4754 τούτου
3281 4697 3663 4773 ’τοῦ-φκόσμου
3725 4700 3894 4756 ἀπαλ-

2270 4767 2534 4845 λαγῆναι,
2574 4767 2661 4824 ἐὰν
2707 4770 2783 4842 μή
2823 4767 2911 4830 τις
2945 4771 3045 4839 τήν
3087 4769 3356 4845 μακαρίαν
3399 4767 3578 4825 ἄλλου
3625 4775 3729 4826 τοῦ
3786 4773 3898 4828 κόσ-

2269 4836 2379 4912 μου
2412 4836 2582 4915 λάϐῃ.

2271 4930 2351 4985 Α’.
2395 4929 2519 4984 Ἐάν
2571 4949 2653 4990 τις
2702 4925 2932 4999 ἐξελθὼν
2981 4933 3090 4985 τῶν
3137 4926 3312 5003 ἰδίων,
3361 4931 3450 4986 καὶ
3497 4931 3903 5006 ἀποταξάμενος

2195 5023 2277 5091 τῷ
2307 5018 2499 5092 κόσμῳ
2543 5020 2744 5093 τούτῳ,
2792 5021 2885 5075 καὶ
2925 5026 3027 5090 τῆς
3065 5027 3277 5098 τρυφῆς
3321 5025 3418 5076 τοῦ
3467 5021 3681 5095 κόσμου
3730 5023 3901 5082 ἀπαλ-

2199 5108 2408 5187 λαγείς,
2449 5111 2540 5165 καὶ
2587 5113 2906 5184 κτημάτων,
2958 5111 3048 5166 καὶ
3105 5113 3334 5188 πατρὸς,
3382 5112 3474 5168 καὶ
3517 5114 3754 5187 μητρὸς,
3802 5112 3902 5170 ἓνε-

2199 5221 2285 5255 κεν
2343 5203 2441 5254 τοῦ
2501 5201 2722 5274 Κυρίου,
2780 5200 2871 5256 καὶ
2938 5199 3125 5256 ἑαυτὸν
3181 5203 3520 5276 σταυρώσας,
3595 5202 3743 5275 ξένος
3812 5205 3896 5260 καὶ

2199 5286 2388 5360 πένης,
2427 5288 2517 5343 καὶ
2557 5285 2744 5358 ἐνδεὴς
2795 5291 3038 5366 γένηται,
3095 5289 3214 5346 ἀντὶ
3281 5288 3339 5346 δὲ
3390 5297 3491 5360 τῆς
3545 5291 3895 5356 ἀναπαύσεως

2197 5382 2294 5433 τοῦ
2341 5380 2554 5450 κόσμου
2612 5378 2907 5434 ἀνάπαυσιν
2975 5381 3185 5450 θεΐκήν,
3252 5378 3304 5435 ἐν
3374 5380 3548 5451 ἑαυτῷ
3614 5382 3694 5453 μή
3759 5379 3898 5459 εὕρῃ,

2199 5468 2289 5522 καὶ
2339 5468 2458 5524 ἀντὶ
2506 5475 2606 5536 τῆς
2660 5467 3000 5545 προσκαίρου
3053 5475 3280 5545 τρυφῆς,
3333 5470 3540 5548 τρυφὴν
3594 5476 3900 5545 Ιινεύματος

2200 5556 2276 5620 εἷς
2333 5557 2432 5625 τὴν
2488 5557 2680 5613 ἑαυτοῦ
2755 5559 2940 5632 ψυχὴν
3004 5559 3080 5630 μὴ
3135 5557 3412 5629 αἴσθηται,
3467 5559 3558 5613 καὶ
3627 5560 3744 5616 ἀντὶ
3795 5568 3890 5617 τῶν

2201 5648 2451 5722 φθαρτῶν
2519 5645 2854 5720 ἐνδυματων,
2927 5644 3200 5722 ἐνδύματα
3265 5649 3456 5727 ’φωτὸς
3505 5650 3775 5723 θεότητος
3828 5653 3896 5724 μὴ
