4116 6210
307 355 424 420 813
1572 355 1945 419 HOMILIE.

2060 389 2072 404 -
2118 357 2310 421 HOM.
2356 357 2568 422 XLIX.
3709 366 3830 430 8M

302 489 672 570 ἀμφιάσηται,
741 487 816 552 είς
879 487 972 544 τὸν
1040 485 1148 544 ἴσω
1204 486 1506 564 ἄνθρωπον,
1562 489 1654 543 καὶ
1737 487 1854 544 ἀντί
1907 498 1945 544 τι

2060 500 2094 564 χ
2124 492 2387 550 interiori
2416 492 2688 564 homine;
2721 497 2778 554 et
2821 511 2924 568 pro
2956 494 3132 567 priori
3185 503 3241 554 et
3286 495 3502 556 carnali
3550 495 3825 556 societate

305 582 580 656 προτέρου
637 579 725 636 καὶ
782 585 1045 654 σαρκικῆς
1098 578 1384 642 κοινωνίας
1429 578 1652 650 ταύτης,
1721 579 1945 634 κοινωνίη

2112 582 2243 653 hac,
2293 583 2626 640 societatem
2701 583 2993 642 cmlestem
3062 586 3122 642 in
3191 603 3299 645 sua
3345 587 3533 660 ipsius
3598 588 3821 657 anima,

296 674 395 726 τοῦ
437 670 759 745 ἐπουρανίου
817 668 870 725 ὲν
928 668 998 744 τῇ
1065 670 1258 726 ἑαυτοῦ
1313 671 1466 745 ψυχῇ
1533 668 1584 724 ὲν
1649 665 1943 744 πληροφορ

2111 675 2262 728 certa
2294 673 2508 732 fiducia
2553 675 2746 743 nixus,
2780 692 2893 732 non
2942 681 3250 746 agnoscat,
3280 682 3338 732 et
3369 693 3468 749 pro
3499 678 3821 749 conspicuo

299 760 378 832 μὴ
411 764 545 836 γνῷ,
577 760 666 815 καὶ
712 759 828 814 ἀντὶ
869 765 970 830 τῆς
1017 758 1344 836 φαινομένης
1391 763 1490 814 τοῦ
1535 758 1747 831 κόσμου
1796 756 1945 814 τούτι

2110 763 2287 834 hujus
2341 765 2547 821 mundi
2595 767 2828 838 gaudio,
2860 767 3140 838 gaudium
3182 767 3434 840 Spiritus
3493 768 3657 824 intus
3702 783 3816 824 non

295 855 495 925 χαρᾶς,
543 848 718 928 χαρὰν
797 848 1120 922 Πνεύματος
1171 845 1320 907 ἔνδον
1374 849 1450 922 μὴ
1503 850 1636 922 σχῆ,
1686 847 1776 904 καὶ
1835 867 1942 922 παρ

2108 851 2340 922 haheat,
2389 858 2448 910 et
2494 855 2950 912 consolationem
3002 857 3248 914 cmlestis
3285 859 3586 930 gratim,“
3635 857 3820 912 satie-

292 939 490 1011 κλησιν
543 938 794 1015 οὗρανίον
841 939 1098 1015 χάριτος,
1146 939 1236 994 καὶ
1285 938 1581 1014 χορτασίαν
1631 940 1774 994 θείαν
1833 937 1884 992 ἐν
1927 958 1945 992 1

2107 946 2280 1000 tatem
2323 943 2582 1000 divinam
2631 945 2691 1000 in
2751 947 2948 1003 anima
3013 963 3129 1004 non
3193 951 3607 1020 consequatur,
3675 947 3814 1002 dum

291 1030 450 1104 ψυχῇ
482 1029 558 1102 μὴ
606 1023 751 1102 λάϐῃ
781 1026 833 1083 ἐν
880 1032 962 1100 τῷ
1011 1025 1314 1103 ἰποφθῆναι
1361 1028 1512 1101 αὐτῷ
1557 1029 1657 1097 τὴν
1709 1023 1864 1098 δόξαν
1897 1047 1945 1082 τι

2107 1039 2348 1105 apparet
2393 1034 2447 1090 ei
2494 1033 2682 1107 gloria
2728 1036 2984 1104 Domini,
3028 1041 3094 1092 ut
3141 1037 3419 1108 scriptum
3477 1041 3597 1104 est;
3630 1041 3708 1106 et,
3754 1025 3817 1092 ιιι

293 1119 525 1195 Κυρίου,
575 1117 712 1172 κατὰ
759 1118 822 1173 τὸ
877 1118 1258 1194 γεγραμμένον
1300 1136 1318 1154 ο
1347 1118 1439 1173 καὶ
1495 1115 1829 1190 ἁπαξαπλῶς
1877 1114 1945 1170 ἆνε

2103 1121 2283 1178 semel
2330 1123 2544 1191 dicam,
2575 1140 2677 1195 pro
2726 1129 3134 1182 momentanea
3182 1125 3290 1181 hac
3336 1125 3653 1196 voluptate,
3705 1141 3814 1182 vo-

287 1209 493 1279 ταύτης
545 1213 648 1276 τῆς
707 1207 1044 1281 προσκαίρου
1103 1205 1476 1278 ἀπολαύσεως,
1539 1205 1839 1262 ἀπόλαυσιν
1894 1203 1945 1279 ἅς

2101 1209 2380 1283 luptatem
2413 1213 2914 1286 incorruptibilem
2970 1214 3360 1270 desideratam
3391 1215 3450 1270 in
3483 1232 3592 1272 sua
3620 1215 3810 1286 ipsius

287 1301 484 1375 θαρτον
513 1297 888 1371 ἐπιθυμητήν,
933 1297 987 1352 ἂν
1033 1301 1102 1372 τῇ
1153 1298 1347 1353 ἑαυτοῦ
1388 1299 1544 1371 ψυχῇ
1597 1297 1674 1370 μή
1720 1296 1945 1366 κτήσηττ

2101 1301 2300 1357 anima
2349 1318 2501 1358 nunc
2542 1319 2656 1358 non
2696 1303 2976 1370 obtineat,
3009 1303 3104 1360 hic
3151 1304 3340 1360 factus
3369 1307 3460 1360 est
3488 1304 3574 1360 sal
3606 1303 3810 1374 insipi~

286 1393 375 1444 νῦν
409 1388 605 1452 ὀὗτος
657 1387 875 1464 γέγονεν
933 1385 1067 1450 ἅλας
1122 1386 1307 1460 μωρόν
1341 1404 1356 1421 ο
1390 1386 1551 1448 οὗτος
1599 1383 1832 1447 ὶλεεινός
1878 1383 1991 1439 ἐστι

282 1480 432 1554 παρὰ
497 1477 700 1540 πάντας
769 1477 1092 1554 ἀνθρώπους
1122 1498 1136 1512 ο
1177 1477 1334 1538 οὗτος
1397 1476 1489 1532 καὶ
1546 1481 1656 1530 τῶν
1747 1473 1945 1532 ὲντεῦθε

2098 1482 2191 1538 hic
2220 1487 2278 1539 et
2306 1482 2682 1540 saecularibus
2723 1484 2982 1554 privatus
3032 1493 3140 1550 est,
3170 1489 3227 1542 et
3266 1484 3479 1541 divinis
3509 1501 3624 1542 non
3659 1485 3806 1542 frui-

283 1569 573 1643 ἐστερήθη,
622 1565 714 1624 καὶ
753 1570 861 1622 τῶν
926 1567 1120 1621 θεϊκῶν
1183 1565 1283 1622 οὐκ
1346 1563 1621 1621 άπίλαυσε
1652 1581 1668 1598 ο
1714 1566 1945 1638 μυστήρι

2096 1576 2232 1629 tur:
2267 1574 2545 1646 mysteria
2603 1574 2801 1630 divina
2833 1591 2931 1647 per
2985 1575 3381 1645 operationem
3437 1575 3691 1647 Spiritus
3745 1575 3801 1632 in

282 1660 402 1714 θεῖα
440 1655 512 1713 δι’
561 1655 799 1733 ἒνεργίας
838 1659 936 1714 τοῦ
977 1656 1296 1724 Πνεόματος
1337 1655 1436 1712 οὐκ
1473 1651 1609 1732 ἔγνω
1655 1652 1712 1713 ἄν
1757 1659 1838 1729 τῷ
1880 1651 1945 1711 ἔσι

2094 1661 2333 1724 homine
2363 1661 2636 1719 interiore
2667 1679 2782 1719 non
2809 1662 3100 1736 cognovit.

278 1747 448 1804 αὑτοῦ
479 1746 770 1822 ἀνθρώπῳ.

355 1839 429 1896 Β’,
463 1838 560 1894 Διὰ
590 1841 754 1893 τοῦτο
795 1838 900 1913 γὰρ
945 1836 1094 1908 ξένος
1139 1839 1238 1892 τοῦ
1283 1836 1496 1911 κόσμου
1541 1836 1827 1912 γεγένηταί
1874 1857 1945 1896 τιι

2163 1851 2232 1909 II.
2265 1852 2572 1922 PrOpterea
2617 1853 2772 1908 enim
2822 1851 3052 1908 alienus
3099 1852 3317 1908 mundo
3361 1850 3484 1906 fieri
3541 1849 3673 1922 quis
3701 1866 3796 1906 sn-

269 1925 363 1982 ’ίνα
392 1926 468 1990 εἷς
493 1925 676 2003 ἓτερον
722 1926 955 2001 κόσμον,
1001 1925 1092 1982 καὶ
1139 1926 1313 1982 αἰῶνα
1361 1931 1442 1999 τῷ
1491 1929 1804 2007 φρονήματι
1857 1947 1945 2000 μετ

2088 1941 2185 2011 let,
2218 1949 2281 1998 ut
2328 1943 2403 2000 ad
2459 1942 2639 1999 alium
2696 1943 2984 1998 mundum
3052 1946 3110 1999 et
3165 1941 3445 1998 secuium
3488 1940 3789 1998 intellectu

273 2013 410 2091 ἑλθῃ
461 2017 496 2086 ἡ
554 2016 710 2095 ψυχὴ
771 2015 960 2085 αὑτοῦ,
1017 2015 1156 2072 κατά
1205 2015 1300 2071 τὸν
1363 2015 1706 2072 Ἀπόστολον
1740 2033 1756 2050 ο
1787 2015 1945 2088 Ἠμῶ

2083 2035 2344 2088 transeat
2370 2031 2568 2088 anima
2605 2033 2754 2102 ejus,
2776 2032 3101 2089 secundum
3171 2030 3506 2101 Apoelolum
3541 2047 3557 2086 :
3590 2030 3789 2087 Nostra

268 2108 400 2183 γάρ,
468 2109 626 2186 φησὶ,
693 2107 756 2163 τὸ
822 2107 1131 2183 πολίτευμα
1217 2108 1272 2163 ἒν
1366 2108 1622 2184 οὐρανοῖς
1714 2105 1945 2181 ὑπάρχει

2081 2123 2250 2189 enim,
2282 2122 2494 2195 inquit,
2524 2123 2864 2180 conversatio
2900 2123 2958 2178 iu
2985 2123 3138 2179 caelis
3181 2131 3261 2179 est
3291 2122 3358 2177 “.
3393 2123 3460 2177 Et
3497 2137 3735 2179 rursum
3769 2138 3783 2178 :

269 2198 369 2252 Kal
430 2197 614 2254 πάλιν.
662 2198 785 2253 Ἐπὶ
833 2205 936 2277 γῆς
993 2201 1436 2275 περιπατοῦντες,
1495 2199 1564 2253 οὐ
1611 2195 1747 2252 κατά
1801 2197 1945 2270 σάρκε

2085 2214 2146 2269 In
2174 2230 2340 2271 carne
2373 2214 2742 2284 ambulantes,
2773 2230 2884 2271 non
2941 2214 3243 2271 secundum
3296 2229 3519 2270 carnem
3574 2212 3784 2269 milita-

267 2286 672 2358 στρατευόμεθα
701 2303 716 2319 ο
749 2290 841 2376 AAs'i
895 2285 1076 2341 τοίνυν
1127 2285 1218 2341 τὸν
1273 2283 1676 2358 ἀποταξάμενον
1733 2288 1812 2355 τῷ
1869 2284 1945 2338 κό·

2079 2319 2201 2359 mus
2268 2305 2334 2360 ³³.
2391 2304 2628 2374 Oportet
2673 2283 2810 2376 ergo
2874 2321 3008 2360 eum
3075 2304 3172 2375 qui
3241 2303 3587 2360 renuntiavit
3643 2303 3782 2360 huic

268 2393 396 2447 σμῳ
434 2373 640 2447 τούτῳ,
699 2369 937 2450 βεϐαίως
989 2379 1292 2446 πιστεῦσαι,
1342 2376 1426 2430 δτι
1481 2375 1594 2451 χρὴ
1655 2373 1729 2435 εἷς
1782 2371 1945 2448 ἕτεροι

2079 2395 2317 2462 mundo,
2369 2369 2608 2451 firmiter
2667 2369 2918 2464 credere,
2968 2369 3123 2466 quod
3172 2397 3433 2464 oporteat
3493 2393 3552 2448 in
3619 2393 3778 2450 aliud

2099 1391 2259 1461 dum,
2292 1391 2388 1446 hic
2441 1392 2834 1449 miserabilior
2889 1397 2978 1449 est
3037 1409 3214 1464 quam
3273 1394 3470 1450 cuncti
3501 1393 3804 1452 homines:

265 2463 440 2520 αἰῶνα
471 2471 552 2538 τῷ
587 2466 898 2543 φρονήματι
944 2464 1050 2522 ἀπὸ
1092 2470 1194 2523 τοῦ
1240 2463 1332 2521 νῦν
1379 2463 1468 2522 διὰ
1514 2470 1615 2520 τοῦ
1663 2465 1968 2539 πνεύματος

268 2550 598 2627 μεταϐῆναι,
647 2555 805 2612 κάκεῖ
859 2555 1236 2612 πολιτεύεσθαι
1295 2557 1382 2611 καὶ
1442 2561 1648 2634 τρυφᾷν
1700 2555 1789 2610 καὶ
1838 2557 1968 2611 άποη

264 2643 450 2700 λαῦειν
499 2649 881 2716 πνευματικῶν
934 2647 1172 2720 ἀγαθῶν,
1229 2646 1321 2700 καὶ
1375 2646 1467 2700 τὸν
1527 2643 1633 2700 ἔσω
1683 2645 1962 2720 ἄνθρωπον

260 2732 322 2789 ἐκ
363 2734 674 2808 πνεύματος
730 2735 1075 2812 γεννηθῆναι,
1124 2735 1304 2798 καθὼς
1355 2736 1384 2790 ὁ
1432 2735 1626 2810 Κύριος
1676 2735 1822 2790 εἶπεν
1867 2740 1964 2791 ’Ὁ

260 2822 536 2878 πιστεύων
621 2821 696 2885 εἷς
781 2823 900 2898 ἐμὲ,
979 2817 1344 2900 μεταϐέϐηκεν
1419 2821 1480 2879 ἐκ
1541 2828 1640 2879 τοῦ
1733 2823 1962 2879 θανάτου

264 2910 342 2973 είς
370 2912 474 2980 τήν
521 2913 667 2982 ζωήν
705 2929 720 2946 ο
753 2909 939 2982 ἐπειδὴ
999 2911 1138 2968 ἰστιν
1189 2909 1360 2975 ἄλλος
1419 2913 1648 2975 θάνατος
1686 2914 1834 2981 παρὰ
1868 2913 1960 2968 τὸν

258 2995 608 3076 φαινόμενον,
676 3001 767 3055 καὶ
833 2999 981 3072 ἄλλη
1050 3003 1166 3072 ζωὴ
1233 3001 1378 3073 παρᾶ
1431 3003 1532 3070 τήν
1597 3003 1956 3080 φαινομένην

271 3081 419 3164 λέγει
481 3091 584 3168 γὰρ
645 3093 680 3160 ἡ
735 3091 921 3168 Γραφὴ
983 3092 1066 3147 ὅτι
1125 3095 1186 3148 Ἦ
1245 3090 1596 3162 σπαταλῶσα,
1658 3096 1802 3162 ζῶσα
1865 3094 1961 3148 τὲ-

262 3183 476 3250 θνηκεν.
546 3183 669 3252 Καὶ,
745 3185 942 3262 Ἅφετε
1022 3183 1149 3246 τοὺς
1231 3185 1460 3260 νεκροὺς
1542 3185 1764 3240 θάπτειν
1829 3184 1957 3249 τοὺς

2076 2485 2348 2541 saeculum
2382 2485 2713 2555 animojam
2739 2501 2894 2540 nunc
2915 2500 3015 2556 per
3042 2483 3314 2554 spiritum
3345 2484 3777 2553 transcendere,

2076 2575 2270 2647 ibique
2298 2575 2627 2632 conversari
2685 2593 2751 2632 ac
2797 2575 3088 2644 delectari,
3121 2577 3178 2630 et
3216 2575 3326 2630 frui
3375 2573 3777 2644 spiritualibus

2073 2664 2262 2732 bonis,
2293 2669 2350 2721 et
2403 2665 2738 2720 interiorem
2794 2663 3092 2720 hominem
3138 2680 3169 2720 e
3211 2662 3430 2735 Spiritu
3489 2663 3672 2731 nasci,
3714 2668 3780 2719 ut

2074 2753 2222 2809 dixit
2259 2749 2586 2823 Dominus:
2635 2754 2750 2827 Qui
2803 2754 2974 2811 credit
3022 2757 3080 2810 in
3137 2769 3246 2819 me,
3277 2755 3482 2810 transit
3531 2771 3566 2810 a
3602 2761 3778 2811 morte

2074 2845 2133 2900 in
2175 2847 2345 2900 vitam
2394 2846 2458 2902 η.
2515 2845 2812 2916 Siquidem
2864 2854 2947 2901 est
2995 2845 3107 2900 alia
3157 2861 3313 2902 mors
3378 2849 3581 2916 praeter
3645 2861 3776 2901 eam

2073 2951 2203 3006 qua
2231 2935 2478 3002 videtur,
2510 2943 2564 2990 et
2611 2935 2726 2990 alia
2775 2935 2893 2990 vita
2940 2939 3147 3007 praeter
3192 2951 3315 2989 eam
3368 2951 3494 3008 quas
3523 2934 3772 2990 videtur.

2070 3023 2164 3079 Ait
2193 3023 2349 3078 enim
2398 3023 2703 3092 Scriptura
2737 3040 2749 3078 :
2784 3025 2914 3092 Quae
2958 3025 3018 3077 in
3059 3023 3269 3078 aelidis
3289 3028 3373 3079 est
3399 3027 3584 3079 vivens
3614 3025 3768 3080 155

2068 3120 2291 3169 mortua
2319 3121 2395 3170 est
2426 3113 2492 3168 ¹⁴.
2526 3113 2668 3169 item
2703 3130 2716 3168 :
2753 3113 2887 3169 Sine
2917 3117 2976 3169 ut
3013 3112 3777 3182 mortuisepeliantmortuos

2071 3219 2193 3258 suo:
2241 3201 2305 3261 η.
2339 3205 2478 3273 Quia
2499 3219 2610 3260 non
2651 3204 2858 3259 mortui
2906 3203 3213 3258 laudabunt
3264 3209 3336 3269 te,
3377 3202 3627 3272 Domine,
3676 3202 3768 3259 sed

258 3271 461 3328 ἑαυτῶν
527 3271 752 3347 νεκρούς
785 3291 799 3306 ο
831 3249 952 3330 ’ὅτι
1018 3273 1126 3348 οὐχ
1191 3274 1244 3328 οἱ
1307 3249 1488 3347 νεκροὶ
1554 3273 1818 3330 αίνέσουσί
1878 3296 1955 3348 σε,
1989 3249 2032 3317 C
2067 3249 2636 3366 nmqui.v;,i;nu;ts.

259 3357 442 3434 Κύριε,
476 3359 603 3416 ἀλλ’
633 3363 798 3435 ἡμεῖς
830 3362 880 3417 οἱ
914 3367 1109 3432 ζῶντες
1138 3361 1516 3438 εὐλογήσομὲν
1547 3384 1624 3420 σε.

326 3454 404 3519 Γ’,
463 3452 667 3526 Ὠσπερ
726 3450 826 3528 γάρ
886 3452 914 3506 ὁ
971 3449 1134 3522 ἥλιος
1190 3452 1474 3517 ἀνατείλας
1534 3452 1621 3511 ἐπὶ
1677 3455 1777 3526 τήν
1829 3458 1952 3534 γῆν,

254 3539 386 3601 ὅλος
437 3538 490 3594 ἑν
534 3543 601 3614 τῇ
658 3544 732 3616 γῇ
783 3541 929 3598 ἐστιν
956 3585 968 3598 .
1004 3540 1134 3597 trav
1165 3540 1224 3597 δὶ
1268 3543 1404 3618 πρὸς
1453 3541 1661 3618 δυσμὰς
1706 3546 1950 3621 γένηται,

249 3627 423 3689 πάσας
503 3625 665 3682 αὑτοῦ
715 3629 812 3691 τὰς
871 3628 1086 3692 ἀκεῖνας
1145 3631 1382 3706 συνάγει,
1472 3631 1842 3707 πορευόμενος
1900 3632 1952 3688 ἐν

243 3719 324 3789 τῷ
363 3717 559 3772 ἑαυτοῦ
608 3716 784 3791 οἴκῳ·
831 3718 1006 3780 οὕτως
1054 3719 1145 3776 καὶ
1193 3723 1371 3796 ψυχή,
1419 3723 1454 3792 ἡ
1507 3724 1583 3798 μὴ
1634 3721 1832 3778 ἄνωθεν
1891 3721 1950 3780 ἔκ

247 3809 346 3860 τοῦ
416 3807 731 3880 Πνεόματος
815 3807 1255 3885 ἀναγεννηθεῖσα,
1314 3809 1421 3881 ὅλη
1476 3811 1528 3865 ἰν
1582 3815 1650 3885 τῇ
1835 3811 1946 3867 ἐστι

247 3899 363 3956 τοῖς
404 3893 702 3970 λογισμοῖς
750 3897 888 3967 αὐτῆ
939 3898 1030 3952 καὶ
1090 3902 1170 3971 τῷ
1219 3901 1530 3974 φρονήματι
1574 3899 1661 3954 ἐπὶ
1709 3907 1812 3975 γῆς
1860 3899 1946 3954 ἰκ-

243 3986 553 4056 τεινομένη,
608 3983 714 4048 ἓως
766 3990 874 4041 τῶν
941 3988 1192 4063 περάτων
1263 3988 1432 4058 αὐτῆς
1466 4005 1480 4019 ·
1514 3987 1644 4044 ἐπάν
1703 3987 1759 4044 δὲ
1815 4009 1944 4044 κατ-

242 4072 450 4146 αξιωθῇ
481 4073 580 4143 τὴν
629 4071 950 4150 ἐπουράνιον
1003 4071 1190 4133 λαϐεῖν
1239 4081 1337 4132 τοῦ
1389 4075 1704 4150 Πνεόματος
1750 4078 1942 4154 γέννη-

240 4181 321 4216 σιν
387 4162 481 4216 καί
545 4163 852 4237 κοινωνίαν,
919 4166 1121 4230 πάντας
1190 4167 1360 4238 αὐτῆς
1449 4165 1576 4230 τοὺς
1644 4167 1940 4242 λογισμοὺς

241 4253 570 4328 συνάγουσα,
623 4253 714 4310 καὶ
768 4257 888 4328 μεθ’
935 4255 1130 4322 ἑαυτῆς
1175 4249 1400 4332 ἔχουσα,
1451 4256 1754 4333 εἰσέρχεται
1801 4258 1938 4334 πρὸς

236 4341 328 4397 τὸν
357 4341 561 4416 Κύριον
603 4343 680 4406 είς
709 4344 773 4399 τὸ
813 4343 864 4415 ἐξ
914 4345 1148 4419 οὐρανοῦ
1205 4345 1634 4422 ἀχειροποίητον
1677 4367 1936 4419 κατοικηο

234 4433 450 4508 τήριον,
488 4433 578 4488 καὶ
630 4431 822 4497 πάντες
869 4434 921 4488 οἱ
980 4431 1244 4512 λογισμοί
1301 4435 1471 4506 αὐτῆς
1527 4435 1790 4513 οὐράνιοι,
1845 4437 1936 4492 καὶ

2135 3475 2234 3532 lli.
2266 3475 2765 3542 Quemadmodum
2825 3477 2980 3532 enim
3031 3475 3118 3532 sol
3169 3477 3404 3531 exortus
3447 3489 3623 3545 super
3659 3476 3772 3530 ter.-

2062 3569 2390 3636 ram,totus
2457 3566 2518 3622 in
2574 3569 2730 3622 terra
2778 3569 2904 3634 est;
2947 3565 3046 3621 ubi
3100 3569 3293 3621 autem
3362 3565 3433 3620 ad
3491 3580 3766 3620 occasum

2059 3655 2262 3727 vergit,
2293 3669 2498 3711 omnes
2546 3655 2740 3710 radios
2815 3671 2955 3711 suos
3029 3652 3266 3725 colligit,
3328 3652 3642 3723 procedens
3705 3653 3766 3709 in

2059 3742 2295 3798 domum
2337 3757 2503 3798 suam
2537 3759 2552 3800 :
2594 3742 2679 3798 sic
2716 3757 2948 3815 quoque
2987 3741 3204 3810 anima,
3253 3756 3381 3814 quas
3445 3741 3697 3813 desuper
3732 3757 3763 3797 e

2055 3833 2272 3905 Spiritu
2314 3840 2510 3888 renata
2549 3849 2660 3888 non
2704 3832 2896 3900 fuerit,
2935 3837 3057 3888 tota
3094 3837 3183 3888 est
3218 3831 3278 3887 in
3336 3837 3490 3888 terra
3537 3833 3763 3902 cogita—

2057 3919 2312 3976 tionibus
2361 3925 2419 3977 et
2476 3921 2956 3977 meditationibus
3007 3921 3150 3990 suis,
3192 3937 3368 3991 super
3403 3925 3616 3976 terram
3660 3938 3761 3977 ex-

2052 4011 2220 4064 tensa
2275 4024 2462 4080 usque
2531 4010 2600 4064 ad
2666 4009 2795 4080 eius
2844 4008 3116 4065 limites:
3170 4008 3269 4064 ubi
3329 4012 3523 4064 autem
3581 4009 3758 4080 digna

2053 4097 2300 4154 habetur
2328 4096 2621 4155 caelestem
2678 4099 2955 4172 consequi
3016 4097 3269 4170 Spiritus
3319 4099 3753 4170 generationem

2049 4189 2106 4243 et
2134 4187 2630 4252 communionem,
2664 4189 2907 4243 cunctas
2936 4202 3079 4242 suas
3109 4185 3487 4258 cogitationes
3509 4185 3749 4258 colligit,

2047 4293 2263 4351 easque
2309 4293 2506 4333 secum
2557 4277 2799 4345 habens,
2826 4276 3154 4352 ingreditur
3190 4277 3258 4332 ad
3312 4277 3647 4345 Dominum,
3688 4278 3749 4333 in

2047 4365 2411 4422 domicilium
2462 4367 2696 4424 cmleste
2740 4383 2858 4423 non
2930 4367 3360 4435 manufactum,
3427 4383 3750 4439 omnesque

2047 4455 2429 4529 cogitationes
2459 4457 2607 4528 ejus,
2631 4455 2916 4527 caelestes,
2949 4473 3105 4528 pum
3137 4459 3195 4512 et
3223 4461 3441 4513 sanctas
3470 4457 3744 4527 evadunt,

236 4519 658 4619 ἶιαθαροῖ,.κοιὶΔ
709 4521 900 4619 όίγιοιΔ
940 4524 1234 4600 γίγνονται,
1301 4529 1612 4604 χωροῦντες
1670 4527 1746 4590 είς
1807 4526 1938 4602 ἀέρα

2060 4549 2358 4619 nigrantes
2395 4546 2456 4602 in
2497 4562 2687 4602 aerem
2727 4545 3006 4602 divinum.
3047 4547 3260 4602 Anima
3304 4547 3461 4603 enim
3502 4545 3747 4602 liberata

238 4609 416 4707 θε-,ἰκόν
451 4649 465 4666 ,
507 4610 784 4666 Ῥυσθεῖσα
839 4611 942 4686 γαρ
1040 4614 1195 4688 ψυχὴ
1255 4613 1315 4675 ἐκ
1368 4622 1471 4685 τῆς
1533 4614 1781 4697 φυλακῆς
1835 4622 1933 4674 τοῦ

2060 4609 2334 4690 tearcere
2406 4635 2779 4691 tenebrarum
2819 4635 3071 4706 improbi
3146 4636 3428 4707 principis
3499 4635 3744 4706 spiritus

233 4701 466 4763 σκότους
525 4703 622 4755 τοῦ
677 4704 919 4775 πονηροῦ
975 4698 1247 4780 ἄρχοντος
1298 4708 1397 4759 τοῦ
1468 4705 1780 4780 πνεύματος
1830 4711 1929 4764 τοῦ

229 4791 466 4863 κόσμου,
526 4789 759 4864 εὑρίσκει
804 4789 1107 4874 λογισμοὺς
1149 4794 1417 4868 καθαροὺς
1466 4796 1556 4851 καὶ
1603 4796 1800 4869 θείους,
1839 4799 1924 4854 ὅτι

230 4876 521 4950 εὐδόκησεν
554 4880 583 4935 ὁ
624 4881 752 4944 Θεὸς
795 4879 888 4936 τὸν
921 4879 1204 4956 ἄνθρωπον
1239 4889 1470 4954 ποιῆσαι
1523 4884 1667 4948 θείας
1717 4886 1928 4965 φύσεως

227 4970 485 5024 κοινωνόν
494 5012 509 5026 .

296 5059 369 5118 Δ’.
433 5057 494 5114 El
553 5055 642 5113 ὸῦν
703 5057 1084 5135 ἀναχωσήσεις
1137 5059 1350 5118 πάντων
1415 5067 1524 5120 τῶν
1573 5063 1626 5122 ἕν
1684 5070 1765 5140 τῷ
1825 5067 1928 5144 βίω

227 5149 587 5222 πραγμάτων,
632 5146 723 5203 καὶ
772 5155 1194 5225 προσκαρτερεῖς
1233 5154 1302 5228 τῇ
1351 5151 1490 5230 εὐχῇ
1540 5175 1656 5226 σου,
1710 5154 1924 5230 μᾶλλον

223 5236 313 5294 τὸν
385 5236 629 5312 κάματον
709 5241 903 5294 τοῦτον
1002 5239 1353 5306 ἀναπαύσεως
1430 5245 1625 5317 μεστὸν
1691 5247 1876 5322 ἡγήσῃ
1909 5268 1926 5288 ο

225 5328 312 5384 καὶ
370 5328 476 5397 τήν
535 5326 730 5404 ὀλίγην
791 5327 1002 5406 θλίψιν,
1055 5332 1146 5387 καὶ
1200 5332 1294 5390 τὸν
1362 5335 1529 5397 πόνον
1595 5341 1771 5411 χαρᾶς
1835 5339 1927 5396 καὶ

227 5415 456 5506 ἀνέσεως
503 5415 792 5506 ἀνάπλεων
838 5418 1080 5494 νομίσεις
1133 5420 1414 5497 μεγίστης.
1470 5422 1532 5486 Et
1573 5422 1676 5506 γὰρ
1723 5424 1814 5484 καὶ
1863 5428 1927 5489 τὸ

228 5505 389 5578 σῶμά
421 5525 520 5560 σου
569 5504 660 5560 καὶ
700 5507 735 5576 ἡ
786 5509 939 5582 ψυχή
991 5528 1086 5564 σου
1129 5504 1604 5584 καταδεδαπάνητο
1651 5515 1787 5569 κατᾶ
1832 5520 1930 5572 πᾶ.

229 5686 316 5745 17.

2041 4722 2257 4789 saeculi,
2299 4724 2513 4795 reperit
2563 4722 2940 4796 cogitationes
2990 4741 3166 4795 puras
3205 4729 3259 4778 et
3315 4722 3565 4788 divinas,
3605 4724 3742 4793 quia

2037 4811 2256 4884 placuit
2303 4811 2421 4870 Deo
2477 4812 2778 4875 hominem
2835 4815 3057 4868 naturas
3113 4811 3322 4868 divinas
3393 4811 3738 4883 participem

2039 4901 2247 4961 facere.

2106 5081 2198 5138 IV.
2239 5082 2300 5142 Si
2375 5081 2553 5157 igitur
2624 5081 2937 5142 recesseris
2975 5098 3009 5138 a
3047 5080 3294 5150 cunctis,
3335 5095 3462 5154 qua:
3502 5086 3641 5140 sunt
3677 5082 3738 5137 in

2033 5170 2171 5239 vita,
2235 5171 2433 5241 rebus,
2500 5176 2557 5230 et
2617 5173 2676 5230 in
2717 5171 2978 5229 oratione
3022 5170 3496 5243 perseveraveri,
3548 5170 3740 5244 potius

2033 5259 2193 5319 hunc
2224 5258 2478 5318 laborem
2510 5261 2724 5335 quietis
2771 5261 3004 5334 plenum
3053 5259 3432 5328 arbitrabere,
3474 5268 3528 5317 et
3558 5261 3739 5318 modi-

2035 5365 2164 5410 cam
2197 5348 2571 5408 altlictionem
2611 5357 2666 5409 et
2721 5350 2999 5414 laborem.
3031 5350 3244 5422 gaudio
3287 5358 3342 5406 et
3397 5349 3740 5408 remissione

2034 5437 2320 5510 repletum
2365 5441 2726 5500 existimabis
2781 5440 3055 5500 maxima.
3087 5439 3147 5496 Si
3188 5441 3402 5500 etenim
3446 5445 3503 5499 et
3532 5458 3739 5518 corpus

2034 5531 2092 5584 et
2129 5527 2328 5584 anima
2381 5532 2481 5587 tua
2536 5533 3024 5588 consumerentur
3092 5527 3344 5602 singulis
3417 5531 3580 5592 horis
3636 5550 3740 5607 per

301 5615 343 5653 ¹¹
379 5613 634 5690 Philipp.
676 5631 764 5687 ιιι,
791 5617 887 5674 20.
955 5619 1003 5662 ⁸⁸
1042 5619 1224 5684 lCor.
1291 5638 1348 5691 ι,
1407 5624 1461 5681 3.
1536 5623 1585 5662 “
1635 5629 1800 5693 Joan.
1833 5645 1887 5699 ν,

2134 5636 2237 5692 “I
2303 5635 2452 5700 Tim.
2510 5655 2562 5706 ν,
2638 5639 2695 5696 5.
2775 5637 2818 5676 ¹⁸
2893 5636 3028 5696 Luc.
3071 5655 3148 5714 rx,
3178 5645 3270 5706 60,
3323 5649 3368 5688 ί·
3405 5653 3561 5718 pa],
3605 5661 3734 5712 οπο,

4023 4873 4045 4901 ιε

4024 5039 4038 5062 1

4023 5121 4041 5182 .1;

4024 5253 4039 5318 Ξ

4023 5393 4037 5464 31.

4023 5503 4035 5622 i

4027 5635 4033 5662 4

4023 5787 4031 5808 l

4023 5815 4031 5869 ί

4027 5929 4029 5950 |
