4082 6196
340 342 458 405 815

1692 335 1757 397 S.
1805 331 2130 398 MAGARII
2172 331 2513 396 IEGYPTII

3739 337 3860 399 816

332 483 518 536 totum
572 476 703 534 vitai
743 474 1103 532 curriculum
1145 479 1386 549 propter
1436 478 1602 533 tanta
1660 475 1833 541 bona,
1875 470 2045 543 quid-

2219 488 2254 521 ιν
2307 466 2449 543 ὥραν
2492 466 2543 522 ἐν
2594 465 2711 542 ὅλῳ
2756 472 2837 541 τῷ
2883 466 2987 544 βίῳ
3048 465 3136 524 διὰ
3193 466 3503 540 τηλικαῦτα
3561 467 3754 546 ἀγαθὰ,
3808 467 3866 525 τί

335 586 469 626 nam
496 569 607 625 hoc
656 566 858 623 esset?
888 564 931 621 Ο
982 565 1337 622 ineﬂ'abilem
1400 563 1851 621 misericordiam
1908 558 2048 617 Dei!

336 661 432 731 qui
472 659 656 731 gratis
706 673 768 713 se
813 657 1007 727 ipsum
1067 656 1315 727 largitur
1362 655 1760 720 credentibus,
1809 668 1871 708 se
1916 654 2050 722 post

337 749 603 817 exiguum
649 752 884 817 tempus
940 749 1118 800 Deum
1170 744 1535 799 hereditario
1567 744 1701 813 jure
1743 755 2048 813 possessu-

339 854 453 903 ros,
486 842 542 892 et
572 836 755 892 Deum
809 834 1213 890 habitaturum
1263 833 1321 887 in
1390 846 1630 903 corpore
1684 829 1967 894 hominis,
1999 835 2052 883 et

341 926 681 982 habiturum
718 923 1023 980 Dominum
1058 923 1384 993 speciosam
1425 923 1693 986 domum,
1728 919 2049 976 hominem.

342 1016 503 1071 Sicut
547 1015 701 1070 enim
754 1014 908 1068 Deus
965 1011 1172 1066 omium
1204 1016 1261 1065 et
1317 1015 1531 1066 terram
1600 1010 1837 1076 creavit,
1872 1012 1937 1063 ut
1991 1007 2051 1061 in

344 1105 415 1159 iis
440 1104 659 1158 habitet
706 1101 1016 1164 Dominus,
1050 1101 1133 1155 sic
1182 1116 1412 1171 quoque
1448 1115 1662 1165 corpus
1709 1103 1766 1154 et
1794 1098 2051 1153 animam

344 1194 599 1248 hominis
640 1190 855 1245 creavit
902 1189 959 1243 in
1009 1188 1375 1243 domicilium
1428 1204 1625 1255 suum,
1659 1192 1719 1243 ut
1761 1186 2056 1243 inhabitet

342 1291 393 1335 et
435 1282 760 1351 requiescat
806 1280 865 1333 in
924 1294 1183 1347 corpore,
1216 1278 1374 1333 velut
1431 1278 1489 1331 in
1539 1279 1709 1333 domo
1759 1293 1913 1332 sua:
1947 1276 2053 1330 ha~

343 1370 486 1425 hens
547 1383 822 1439 sponsam
890 1366 1239 1438 speciosam,
1298 1366 1569 1421 dilectam
1638 1364 1921 1431 animam,
1978 1363 2051 1419 ad

344 1457 659 1527 imaginem
692 1472 859 1511 suam
889 1455 1207 1512 conditam.
1239 1454 1511 1524 Despondi
1538 1456 1687 1509 enim
1716 1469 1828 1518 vos,
1863 1452 2057 1524 inquit

342 1546 672 1616 Apostolus,
731 1550 832 1599 uni
868 1544 988 1600 viro
1031 1546 1306 1613 virginem
1348 1553 1551 1598 castam
1592 1542 1847 1598 exhibere
1888 1541 2055 1597 Chri-

345 1645 425 1691 sto
468 1636 533 1690 '7.
568 1635 636 1689 Et
666 1634 877 1689 iterum
905 1650 918 1688 :
953 1635 1124 1703 Cujus
1158 1634 1350 1689 domus
1396 1648 1583 1687 sumus
1614 1647 1711 1687 nos
1743 1630 1808 1690 “.
1841 1633 2055 1697 Quem-

347 1726 661 1781 admodum
705 1724 856 1778 enim
891 1723 979 1777 vir
1027 1725 1083 1778 in
1117 1722 1290 1778 domo
1320 1739 1429 1778 sua
1469 1737 1699 1776 summa
1731 1720 2054 1791 diligentia,

2158 560 2320 612 τοῦτο
2350 557 2459 626 ἦν;
2495 554 2539 609 ὥ
2578 564 2678 626 τῆς
2720 555 2962 633 ἀῤῥήτου
2992 556 3402 634 εὐσπλαγχνίας
3446 561 3544 614 τοῦ
3577 561 3734 627 Θεοῦ,
3779 560 3863 613 ὅτι

2161 643 2363 720 δωρεὰν
2424 646 2609 701 ἑαυτὸν
2667 645 2949 725 χαρίζεται
2996 653 3113 708 τοῖς
3190 648 3553 717 πιστεύουσιν,
3594 646 3642 702 ἐν
3688 646 3862 723 ὀλίγῳ

2158 734 2336 810 καίρῷ
2376 736 2504 790 Θεὸν
2551 733 2997 809 κληρονομῆσαι,
3044 737 3133 792 καί
3181 738 3307 792 Θεὸν
3368 737 3589 801 οἰκῆσαι
3644 736 3698 793 ἒν
3752 739 3869 792 σώ-

2164 846 2292 897 ματι
2353 826 2659 900 ἀνθρώπου,
2708 828 2798 880 καί
2847 822 2992 901 ἔχειν
3068 827 3159 882 τὸν
3212 826 3404 902 Κύριον
3468 826 3644 883 οἰκίαν
3692 827 3870 897 καλὴν

2160 916 2255 971 τὸν
2307 915 2607 987 ἄνθρωπον.
2664 918 2867 991 Ὥσπερ
2920 917 3024 995 γάρ
3080 920 3108 972 6
3166 920 3294 981 Θεὸς
3352 918 3444 974 τὸν
3506 919 3735 991 οὐρανὸν
3778 918 3870 973 καί

2160 1007 2262 1074 τήν
2308 1011 2403 1080 γῆν
2470 1002 2672 1060 ἔκτισεν
2742 1004 2817 1067 εἰς
2884 1006 2946 1062 τὸ
3012 1014 3331 1076 κατοικῆσαι
3396 1008 3489 1063 τὸν
3555 1008 3867 1083 ἄνθρωπον,

2164 1094 2335 1156 οὕτως
2387 1093 2476 1149 καί
2523 1097 2585 1149 τὸ
2644 1094 2805 1168 σῶμα
2859 1100 2948 1151 καί
3004 1098 3102 1167 τήν
3160 1099 3343 1172 ψυχὴν
3415 1101 3513 1152 τοῦ
3579 1097 3868 1173 ἀνθρώ-πον

2163 1180 2368 1239 ἔκτισεν
2407 1183 2484 1248 εἰς
2534 1182 2673 1240 ἰδίαν
2726 1184 2926 1256 οἰκίαν,
2992 1186 3068 1247 εἰς
3128 1186 3191 1241 τό
3255 1185 3531 1257 ἐνοικῆσαι
3588 1188 3679 1242 καὶ
3734 1186 3872 1242 ἀνά-

2162 1276 2497 1343 παῆναιθὼς
2543 1274 2595 1330 ἐν
2653 1273 2777 1348 ἰδίῳ
2826 1275 2986 1349 οἷ’κῳ,
3033 1282 3114 1350 τῷ
3165 1282 3402 1351 σῶματι,
3452 1276 3595 1353 ἔχων
3646 1279 3867 1356 νύμφην

2161 1360 2337 1431 καλὴν
2394 1363 2494 1431 τήν
2552 1362 2811 1437 ἐράσμιον
2870 1366 3078 1439 ψυχὴν,
3137 1366 3236 1434 τήν
3292 1371 3416 1421 κατ’
3474 1366 3653 1421 εἰκόνα
3708 1365 3878 1421 αὐτοῦ

2163 1450 2540 1522 πεποιημένην
2576 1471 2589 1483 ·
2634 1454 3000 1526 Ἡρμοσάμην
3071 1454 3174 1529 γάρ
3218 1454 3380 1526 ὑμᾶς,
3430 1453 3591 1531 φησὶν
3640 1455 3668 1508 6
3715 1455 3883 1509 Ἀπό-

2165 1540 2384 1609 στολος,
2480 1539 2557 1594 ἑνὶ
2648 1538 2826 1617 ἀνδρὶ,
2920 1541 3183 1618 παρθένον
3273 1543 3439 1619 ἀγνὴν
3530 1549 3877 1617 παραστῆσαι

2164 1634 2243 1701 τῷ
2311 1634 2552 1703 Χριστῷ.
2635 1629 2733 1685 Καὶ
2800 1630 2985 1700 πᾶλιν,
3062 1632 3135 1685 Οὐ
3213 1630 3360 1693 οἰκός
3450 1630 3609 1704 ἐσμεν
3688 1634 3877 1703 ἡμεῖς,

2165 1721 2369 1794 Ὥσπερ
2413 1720 2514 1795 γὰρ
2548 1721 2575 1775 6
2625 1721 2762 1795 ἀνὴρ
2812 1720 2864 1775 ἐν
2914 1725 2992 1793 τῷ
3040 1719 3176 1793 οἰ¹κῳ
3223 1720 3387 1777 αὐτοῦ
3442 1721 3578 1795 μετά
3627 1718 3874 1790 σπουδῆς

345 1812 537 1869 omnis
569 1813 799 1883 generis
822 1812 974 1867 bona
1018 1812 1077 1866 in
1128 1811 1472 1866 thesaurum
1521 1809 1763 1878 colligit,
1794 1813 1878 1864 sic
1908 1825 2053 1881 quo-

2219 1808 2334 1863 ίντα
2373 1808 2440 1862 τὰ
2489 1808 2659 1882 ἀγαθὰ
2716 1809 3142 1885 ἀποθησαυρίζει
3176 1807 3354 1865 ὀὕτω
3401 1810 3491 1865 καὶ
3532 1812 3559 1864 6
3590 1812 3793 1884 Κύριος
3826 1809 3879 1863 ὲν

346 1919 458 1973 que
508 1901 791 1956 Dominus
842 1901 900 1955 in
943 1900 1180 1955 domum
1214 1916 1403 1967 suam,
1438 1900 1699 1954 animam
1733 1902 1790 1953 et
1819 1914 2053 1969 corpus,

346 1992 571 2063 reponit
596 1997 653 2046 et
713 1990 931 2061 colligit
968 1989 1199 2045 divitias
1249 1989 1506 2061 Spiritus
1548 1988 1830 2044 ccelestes.
1864 1988 2063 2059 Neque

344 2097 479 2137 vero
552 2078 842 2150 sapientes
936 2078 1225 2149 sapientia
1309 2094 1439 2146 sua,
1504 2092 1690 2148 neque
1750 2078 2062 2147 prudentes

357 2172 670 2242 prudentia
717 2186 825 2225 sua
873 2174 1187 2239 potuerunt
1228 2168 1437 2223 animai
1485 2167 1871 2222 subtilitatem
1903 2183 2064 2222 com-

361 2259 736 2331 prehendere,
770 2265 872 2314 aut
920 2259 989 2314 de
1038 2257 1137 2312 illa
1187 2258 1396 2323 dicere,
1430 2274 1546 2329 quo
1597 2262 1763 2328 pacto
1795 2273 1855 2311 se
1884 2257 2062 2312 habe-

363 2354 469 2415 ret,
506 2350 613 2403 nisi
671 2348 861 2403 solum
913 2348 973 2413 ii,
1034 2347 1248 2417 quibus
1295 2363 1397 2417 per
1463 2346 1738 2416 Spiritum
1797 2354 2063 2400 sanctum

361 2437 653 2493 revelatur
708 2437 1166 2508 comprehensio,
1201 2442 1258 2491 et
1303 2441 1502 2491 exacta
1552 2436 1762 2491 anima:
1814 2434 2065 2505 cognitio

366 2529 731 2597 perspicitur.
784 2526 1063 2581 Castorum
1125 2525 1216 2580 hic
1300 2525 1713 2593 contemplare,
1751 2524 2064 2580 discernito

361 2625 415 2670 et
448 2616 727 2686 intelligo,
777 2633 889 2686 quo
930 2620 1115 2685 pacto,
1150 2615 1324 2670 audi:
1360 2615 1452 2670 hic
1496 2619 1648 2671 Deus
1679 2620 1790 2682 est,
1822 2614 1922 2669 illa
1949 2631 2064 2669 non

360 2709 449 2760 est
506 2706 695 2773 Deus;
724 2704 816 2759 hic
848 2704 1149 2770 Dominus,
1184 2704 1284 2759 illa
1331 2704 1543 2759 ancilla
1576 2720 1591 2771 ;
1645 2703 1739 2759 hic
1809 2703 2064 2769 Creator,

361 2794 462 2849 illa
493 2799 795 2861 creatura;
829 2793 923 2849 hic
953 2795 1164 2866 opifex,
1197 2793 1298 2849 illa
1321 2793 1684 2865 ﬁgmentum.
1720 2791 1874 2847 Nihil
1909 2809 2065 2848 com-

360 2899 537 2938 mune
593 2884 743 2939 inter
796 2883 977 2953 hujus
1029 2888 1086 2938 et
1143 2882 1301 2938 illius
1361 2892 1630 2938 naturam
1691 2887 1800 2938 est.
1850 2887 1920 2936 At
1969 2898 2068 2953 per

356 2972 673 3037 infinitam,
706 2971 1061 3027 ineffabilem
1123 2976 1180 3026 et
1228 2971 1885 3042 incomprehensibilem
1921 2970 2065 3025 dile-

356 3063 609 3117 ctionem
677 3066 733 3115 et
773 3060 1232 3116 misericordiam
1273 3064 1402 3131 ejus
1456 3060 1674 3131 placuit
1724 3059 1831 3125 illi,
1866 3059 1924 3114 in
1957 3059 2067 3115 hoc

353 3150 483 3222 ipso
518 3150 795 3222 ﬁgmento
830 3154 901 3206 et
948 3158 1208 3206 creatura
1256 3148 1654 3216 intellectuali,
1706 3148 1961 3219 pretiosa
2009 3153 2068 3204 et

356 3239 538 3294 electa
578 3239 925 3305 inhabitare,
968 3243 1033 3293 ut
1099 3238 1181 3293 ait
1240 3238 1557 3308 Scriptura,
1613 3237 1678 3294 Ut
1743 3239 1919 3292 simus
1969 3253 2066 3293 nos

356 3328 589 3384 initium
635 3326 862 3398 aliquod
909 3330 1296 3381 creaturarum
1342 3328 1463 3395 ejus
1496 3324 1563 3394 ‘9,
1603 3324 1663 3379 in
1715 3325 2065 3395 sapientiam

356 3422 413 3473 et
441 3416 778 3472 societatem
819 3417 969 3485 ejus,
1003 3415 1061 3469 in
1120 3414 1419 3486 proprium
1471 3416 1597 3485 ejus
1646 3414 2066 3484 habitaculum,

355 3508 414 3561 in
442 3507 730 3576 propriam
761 3522 829 3561 ao
860 3506 1133 3560 mundam
1157 3522 1455 3576 sponsam.

427 3594 496 3650 V.
529 3596 730 3649 Tantis
763 3596 939 3665 igitur
982 3594 1148 3649 bonis
1198 3595 1531 3664 propositis,
1569 3596 1748 3651 tantis
1810 3596 2070 3666 promis-

358 3681 621 3737 sionibus
682 3682 870 3746 factis,
930 3686 1209 3752 tantaque
1286 3682 1643 3754 benignitate
1722 3701 1754 3739 a
1820 3682 2067 3739 Domino

359 3770 529 3827 nobis
577 3771 852 3837 exhibita,
884 3786 955 3825 ne
1002 3777 1461 3839 contemnamus,
1492 3788 1525 3829 ο
1575 3772 1702 3841 ﬁlii,
1748 3788 1890 3829 neve
1933 3788 2071 3827 cun-

359 3867 586 3918 ctemur
625 3862 695 3917 ad
736 3864 909 3917 vitam
970 3868 1245 3919 aeternam
1306 3863 1708 3934 proﬂcisci,et
1758 3880 1862 3920 nos
1914 3864 2069 3935 ipsos

358 3952 590 4022 penitus
646 3951 883 4009 Domini
958 3951 1317 4023 beneplacito
1384 3952 1627 4009 tradere.
1681 3953 2070 4010 Obsecremus

367 4040 522 4098 I56
555 4057 687 4111 ergo
740 4041 1074 4108 Dominum,
1118 4047 1183 4097 ut
1242 4058 1350 4097 sua
1391 4042 1589 4098 divina
1618 4042 1832 4098 virtute
1865 4042 2073 4099 liberet

361 4148 466 4186 nos
497 4147 527 4185 e
559 4146 785 4186 carcere
829 4132 1200 4186 tenebrarum
1252 4132 1774 4202 ignominiosarum
1815 4132 2070 4188 affectio-

362 4235 527 4283 num,
560 4224 615 4273 et
688 4218 995 4288 imaginem
1028 4235 1195 4274 suam
1226 4226 1283 4275 et
1306 4219 1646 4285 figmentum
1671 4221 1945 4289 vindicet,
2006 4236 2072 4275 ac

365 4306 731 4376 splendidum
802 4308 1019 4372 reddat,
1090 4309 1306 4362 salvam
1366 4316 1419 4363 et
1486 4324 1692 4381 puram
1763 4309 2075 4365 constituat

363 4393 662 4459 animam;
695 4396 751 4447 et
800 4396 861 4445 ut
906 4393 1013 4448 hac
1060 4396 1285 4450 ratione
1328 4394 1487 4467 digni
1547 4396 1867 4452 habeamur
1898 4398 2074 4453 socie-

364 4486 483 4537 tate
514 4480 785 4552 Spiritus,
816 4482 1175 4551 glorifiantes
1232 4482 1482 4552 Patrem,
1516 4485 1730 4542 Filium
1791 4492 1849 4543 et
1895 4487 2073 4560 Spiri-

367 4574 494 4626 tum
528 4574 817 4637 sanctum,
850 4571 911 4626 in
942 4574 1173 4629 saecula.
1208 4574 1413 4630 Amen.

1015 4842 1319 4899 HOMILIA
1358 4844 1423 4899 L.

511 4933 649 4988 Deus
678 4938 760 4986 est
790 4932 885 5002 qui
901 4948 1000 5004 per
1028 4938 1243 5016 sancto:
1271 4948 1395 5059 εἴθε
1425 4943 1475 4989 et
1499 4938 1789 4991 creaturas
1819 4933 1935 4989 edit

1084 5020 1291 5059 miracu
1323 5022 1375 5059 a.

1084 5020 1375 5060 miracula.

447 5093 492 5148 Ι.
524 5092 684 5159 Quis,
709 5092 807 5164 qui
836 5091 1043 5148 clausit
1066 5099 1263 5165 portas
1280 5093 1556 5150 cmlorum
1578 5093 1606 5149 ?
1634 5093 1811 5161 Elias,
1832 5111 1903 5149 an
1928 5098 2080 5152 Deus

375 5189 497 5241 erat
561 5184 620 5238 in
670 5199 757 5248 eo,
801 5184 897 5255 qui
946 5184 1272 5252 imperabat
1320 5184 1495 5238 etiam
1556 5183 1760 5254 pluviae
1791 5182 1893 5239 ὀἳ
1943 5193 2080 5256 puto

374 5289 531 5339 eum,
565 5271 664 5344 qui
711 5277 1051 5343 potestatem
1093 5272 1268 5327 habet
1307 5272 1366 5327 in
1415 5271 1649 5340 cmlum,
1681 5272 1964 5328 insedisse
2019 5273 2078 5328 in

375 5362 564 5415 animo
620 5360 802 5428 illius,
866 5362 1225 5431 verbumque
1295 5359 1395 5415 Dei
1453 5374 1555 5431 per
1618 5358 1883 5430 linguam
1952 5360 2081 5430 ejus

378 5450 761 5519 prohibuisse,
794 5464 865 5504 ne
893 5450 1271 5506 descenderet
1318 5448 1513 5522 pluvia
1546 5464 1726 5520 super
1759 5455 1975 5506 terram
2012 5449 2079 5505 ²¹.

2171 1902 2250 1969 τῷ
2290 1895 2427 1970 οἴκῳ
2474 1897 2638 1953 αὐτοῦ
2685 1902 2752 1971 τῇ
2810 1902 2965 1974 ψυχῇ
3011 1898 3100 1954 καὶ
3144 1904 3224 1972 τῷ
3268 1900 3503 1973 σώματι,
3559 1900 3883 1955 ἀποτίθεται

2172 1988 2262 2043 καὶ
2295 1988 2610 2061 θησαυρίζει
2657 1990 2751 2044 τὸν
2799 1988 3039 2044 πλοῦτον
3084 1994 3180 2045 τοῦ
3220 1989 3532 2063 Πνεύματος
3576 1992 3665 2046 τὸν
3714 1991 3883 2058 οὐρά-

2172 2098 2308 2134 νιον.
2341 2075 2481 2134 Οὔτε
2511 2075 2568 2131 δὶ
2600 2077 2757 2156 σοφοὶ
2791 2075 2879 2133 διὰ
2924 2085 3027 2147 τῆς
3078 2078 3287 2157 σοφίας,
3321 2076 3449 2134 οὔτε
3496 2081 3760 2158 φρόνιμοι
3795 2078 3889 2134 δια

2173 2174 2275 2236 τῆς
2326 2168 2643 2244 φρονήσεως
2682 2166 2859 2222 αὐτῶν
2909 2165 3260 2238 ἠδυνήθησαν
3312 2164 3640 2224 καταλαϐεῖν
3690 2173 3883 2243 ψυχῆς

2174 2253 2505 2325 λεπτότητα,
2538 2254 2573 2324 ἢ
2605 2256 2771 2310 εἰπεῖν
2800 2256 2924 2331 περὶ
2964 2256 3133 2326 αὐτῆς
3182 2257 3256 2318 ὡς
3304 2250 3470 2323 ἔστιν,
3499 2257 3543 2311 εἰ
3578 2258 3656 2329 μὴ
3709 2259 3881 2330 μόνον

2177 2345 2260 2406 οἷς
2313 2342 2401 2398 διὰ
2443 2346 2540 2399 τοῦ
2590 2344 2745 2419 ἁγίου
2796 2345 3108 2417 Πνεύματος
3156 2344 3594 2401 ἀποκαλύπτεται
3640 2347 3675 2415 ἡ
3707 2348 3883 2401 κατά-

2177 2430 2346 2505 ληψις
2402 2431 2492 2485 καὶ
2549 2436 2746 2505 γνῶσις
2804 2429 3035 2506 ἀκριϐής
3094 2433 3218 2507 περὶ
3272 2435 3460 2507 ψυχῆς
3527 2439 3881 2509 γνωρῖζεται.

2178 2519 2337 2577 Ἀλλ’
2368 2518 2593 2576 ἐνταῦθα
2625 2522 2838 2595 θεώρει,
2897 2522 2985 2576 καί
3020 2519 3319 2597 διάκρινον,
3369 2524 3456 2577 καὶ
3510 2521 3689 2590 σύνες,
3734 2527 3885 2590 πῶς,

2178 2609 2406 2664 ἄκουσον
2442 2628 2455 2641 ·
2491 2610 2649 2671 οὗτος
2708 2610 2857 2681 Θεὸς,
2917 2609 3051 2682 αὕτη
3120 2610 3182 2665 οὐ
3240 2610 3372 2673 Θεός
3404 2630 3417 2644 °
3463 2611 3620 2673 οὗτος
3662 2612 3887 2685 Κύριος,

2179 2696 2313 2768 αὕτη
2385 2695 2579 2765 δούληο
2651 2698 2806 2761 οὗτος
2873 2700 3121 2771 κτίστης,
3190 2699 3323 2771 αὕτη
3404 2698 3652 2774 κτίσμα·
3716 2701 3881 2763 οὗτος

2176 2789 2432 2858 ποιητὴς,
2484 2789 2618 2859 αὕτη
2668 2788 2908 2863 ποίημα.
2957 2788 3124 2845 Οὐδὲν
3172 2791 3354 2846 κοινὸν
3402 2797 3503 2860 τῆς
3569 2790 3734 2846 αὐτοῦ
3777 2791 3886 2867 ’.ρύ-

2177 2897 2335 2947 σεως,
2383 2876 2473 2931 καὶ
2542 2876 2708 2947 αὐτῆς
2764 2878 3022 2954 τυγχάνει
3057 2900 3070 2912 ’
3114 2878 3263 2935 ἀλλὰ
3318 2877 3407 2935 διὰ
3470 2880 3570 2949 τὴν
3634 2879 3884 2953 ἄπειρον,

2176 2966 2265 3019 καὶ
2340 2963 2600 3039 ἄρῥητον,
2692 2966 2783 3021 καὶ
2877 2967 3194 3038 ἀνεννόητον
3288 2969 3522 3043 ἀγάπην,
3617 2979 3708 3023 και
3794 2969 3879 3024 εὐ-

2179 3056 2521 3132 σπλαγχνίαν
2584 3056 2766 3120 αὐτοῦ,
2830 3055 3123 3130 εὐδόκησεν
3182 3060 3259 3121 εἰς
3317 3063 3480 3114 τοῦτο
3540 3060 3604 3114 τὸ
3662 3059 3884 3134 ποίημα

2179 3146 2270 3200 καὶ
2326 3147 2529 3219 κτίσμα
2583 3148 2793 3221 νοερὸν,
2852 3148 2938 3202 καὶ
2999 3146 3184 3222 τίμιον
3238 3151 3327 3204 καὶ
3385 3148 3657 3223 ἐξαίρετον
3723 3147 3883 3227 ἔργον

2180 3232 2483 3305 ἐνοικῆσαι,
2541 3234 2613 3296 ὥς
2668 3257 2830 3313 φησιν
2886 3238 2920 3306 ἡ
2981 3238 3193 3312 Γραφὴ,
3254 3236 3345 3299 Εἰς
3399 3238 3462 3292 τὸ
3528 3238 3665 3293 εἶναι
3739 3241 3887 3312 ἡμᾶς

2176 3325 2431 3399 ἀπαρχήν
2490 3345 2609 3379 τινα
2668 3329 2776 3380 τῶν
2836 3326 3000 3380 αὐτοῦ
3073 3327 3415 3400 κτισμάτων,
3490 3326 3569 3388 εἰς
3628 3328 3731 3395 τήν
3791 3328 3887 3382 αύ-

2172 3417 2272 3468 τοῦ
2329 3413 2518 3491 σοφίαν
2576 3413 2666 3467 καὶ
2718 3413 3027 3485 κοινωνίαν,
3086 3416 3160 3477 εἷς
3222 3412 3360 3470 ἴδιον
3427 3418 3878 3491 κατοικητήριον,

2177 3503 2251 3564 εἰς
2279 3499 2417 3557 ἰδίαν
2449 3502 2539 3557 καί
2572 3504 2806 3576 καθαρὰν
2838 3504 3077 3583 νύμφην.

2247 3593 2323 3648 Ε’.
2376 3593 2645 3647 Τοιούτων
2697 3590 2787 3647 οὖν
2834 3592 3050 3670 ἀγαθῶν
3100 3595 3496 3667 προκειμένων,
3547 3594 3639 3649 καί
3692 3592 3876 3649 τοιού-

2175 3704 2283 3737 των
2342 3677 2677 3759 ἕπαγγελιῶν
2738 3681 3193 3760 ἑπαγγελθεισῶν,
3242 3684 3332 3739 καὶ
3398 3685 3661 3755 τοιαύτης
3721 3682 3883 3739 εὐδο-

2177 3772 2296 3833 κίας
2348 3772 2451 3827 ὑπὸ
2510 3773 2707 3846 Κυρίου
2768 3773 2844 3837 εἰς
2900 3776 3049 3846 ἡμᾶς
3091 3772 3484 3849 γεγενημένης,
3540 3776 3618 3848 μὴ
3666 3774 3879 3847 ἀμελή-

2179 3883 2381 3936 σωμεν,
2432 3860 2476 3915 ὦ
2530 3862 2710 3931 τέκνα,
2783 3863 2923 3934 μήτε
2989 3862 3307 3936 ὁκνήσωμεν
3376 3863 3684 3939 ἐπαχθῆναι
3744 3864 3878 3939 πρὸς

2176 3953 2275 4022 τὴν
2314 3953 2458 4021 ζωὴν
2490 3953 2589 4021 τήν
2640 3950 2883 4022 αἰώνιον,
2932 3951 3022 4006 καὶ
3072 3951 3293 4015 ἑαυτοὺς
3339 3951 3618 4015 ὁλοτελῶς
3666 3957 3735 4027 τῇ
3783 3956 3878 4007 τοῦ

2180 4041 2380 4115 Κυρίου
2445 4039 2788 4113 εὐαρεστήσει
2863 4038 3190 4095 ἐπιδοῦναι·
3245 4040 3708 4116 παρακαλέσωμεν
3762 4042 3880 4097 τοί-

2179 4150 2270 4184 νυν
2315 4130 2407 4184 τὸν
2473 4136 2692 4201 Κύριον,
2750 4127 2842 4183 ’ίνα
2898 4133 2965 4202 τῇ
3025 4127 3135 4201 ἰδίᾳ
3190 4137 3289 4199 τῆς
3342 4126 3599 4201 θεότητος
3659 4127 3882 4202 δυνάμει

2182 4212 2532 4291 λυτρώσηται
2587 4217 2734 4286 ἡμᾶς
2784 4213 2844 4269 ἐκ
2896 4221 2998 4285 τῆς
3055 4214 3306 4295 φυλακῆς
3344 4221 3443 4271 τοῦ
3500 4218 3727 4279 σκότους
3772 4222 3879 4270 τῶν

2180 4306 2365 4359 παθῶν
2419 4311 2518 4374 τῆς
2568 4302 2818 4377 ἀτιμίας,
2874 4304 2963 4359 καὶ
3028 4307 3129 4375 τὴν
3192 4304 3331 4361 ἰδίαν
3407 4306 3611 4374 εἰκόνα,
3668 4308 3758 4361 καὶ
3821 4306 3883 4360 τὸ

2180 4393 2411 4467 πλάσμα
2478 4392 2769 4464 ἐκδικήσας
2817 4394 3136 4471 ἀναλάμψαι
3186 4400 3420 4472 ποιήσῃ,
3479 4398 3623 4452 σώαν
3666 4398 3754 4451 καί
3791 4417 3884 4450 κα-

2182 4485 2345 4558 θαράν
2400 4484 2499 4552 τὴν
2561 4485 2746 4558 ψυχὴν
2806 4485 3269 4561 ὸιπεργασάμενος,
3323 4486 3411 4540 καί
3472 4486 3650 4547 οὕτως
3716 4487 3886 4555 ἀξιωο

2101 4572 2149 4637 D
2182 4576 2360 4646 θῶμεν
2398 4579 2498 4642 τῆς
2555 4574 2841 4637 κοινωνίας
2888 4578 2986 4629 τοῦ
3041 4574 3376 4649 Πνεύματος,
3424 4573 3735 4648 δοξάζοντες
3779 4580 3888 4629 ηα-

2178 4663 2328 4737 τὲρα,
2386 4662 2477 4717 καί
2527 4662 2674 4733 Υἰὸν,
2720 4664 2809 4719 καί
2862 4658 3019 4739 ἀγιον
3072 4668 3313 4739 Πνεῦμα,
3360 4664 3435 4729 εἰς
3483 4664 3613 4729 τοὺς
3661 4665 3877 4725 αἰῶνας.

2182 4752 2384 4824 Ἀμήν.

2850 4848 3098 4900 ΟΜῘΛΙΑ
3137 4844 3219 4901 Ν’.

2183 4926 2312 4992 Θεός
2370 4926 2514 4983 ἔστιν
2570 4929 2598 4984 6
2660 4925 2747 4983 διὰ
2803 4935 2911 4985 τῶν
2971 4930 3137 5008 ἀγίων
3205 4930 3368 4987 αὐτοῦ
3433 4934 3879 5006 θαυματουργιῖηο

2252 5094 2329 5147 A'.
2388 5090 2479 5151 Τίς
2537 5090 2604 5158 ἦν
2654 5090 2682 5144 6
2733 5088 2952 5153 κλείσας
3009 5090 3105 5153 τάς
3164 5092 3330 5169 θύρας
3400 5098 3508 5149 τῶν
3582 5092 3817 5166 οὐρανῶν
3864 5110 3880 5157 ς

2187 5180 2400 5247 Ἠλίας,
2458 5178 2493 5247 ἢ
2554 5178 2581 5231 6
2641 5180 2772 5241 Θεὸς
2828 5180 2894 5248 ἦν
2956 5179 3007 5235 ἐν
3057 5181 3230 5254 αὐτῷ,
3298 5183 3326 5236 6
3381 5180 3629 5250 ἐπιτάξας
3676 5180 3760 5232 καί
3796 5182 3881 5250 τῷ

2192 5266 2363 5337 ὐετῷ;
2423 5266 2659 5339 νομίζω,
2711 5267 2795 5324 δτι
2843 5269 2871 5322 6
2916 5268 3266 5342 ἑξουσιαστής
3314 5275 3393 5343 τῷ
3442 5271 3671 5346 οὐρανῷ,
3716 5267 3882 5327 αὐτὸς

2186 5354 2500 5424 ἒνεκαθέσθη
2534 5354 2683 5418 ἐντὸς
2732 5360 2829 5411 τοῦ
2868 5358 2987 5419 νοὸς
3043 5358 3232 5429 αὐτοῦ,
3282 5359 3369 5413 καί
3420 5357 3508 5414 διὰ
3554 5366 3651 5429 τῆς
3692 5356 3876 5429 γλώτ-

2185 5463 2285 5515 της
2314 5443 2483 5499 αὐτοῦ
2512 5444 2540 5498 6
2572 5444 2747 5522 Λόγος
2796 5448 2893 5501 τοῦ
2942 5450 3078 5501 Θεοῦ
3132 5445 3377 5505 ἐκώλυσε
3413 5452 3514 5504 τοῦ
3564 5449 3638 5522 μὴ
3683 5442 3880 5499 κατελ-

454 5630 497 5667 ίτ
537 5628 586 5683 II
616 5627 744 5684 Cor.
784 5644 861 5697 xi,
890 5629 980 5686 24.
1017 5630 1059 5667 ³⁸
1090 5629 1261 5687 Hebr.
1303 5646 1388 5699 III,
1420 5630 1476 5686 6.
1518 5629 1563 5666 "
1579 5630 1703 5689 Jac.
1734 5646 1774 5700 ι,
1807 5630 1894 5689 18.
1927 5631 1972 5668 ²⁰
2001 5631 2024 5686 Ι
2066 5630 2075 5686 ]

2245 5642 2382 5699 xvu,
2416 5628 2471 5685 1.
2503 5628 2545 5667 ²¹
2575 5629 2597 5689 Ι
2628 5630 2765 5703 Reg.
2798 5646 2935 5703 avri,
2967 5631 3055 5702 ﬂ,
3090 5631 3179 5688 45.
