4082 6196
247 350 365 416 817

1577 347 1952 412 HOMILLE.
1997 381 2076 394 —-
2117 349 2314 412 HOM.
2364 350 2430 410 L.

3654 356 3775 422 818

249 477 359 532 θεῖν
423 480 575 537 ὑετὸν
629 479 716 540 ἐπὶ
758 483 860 546 τῆς
894 481 1014 556 γῆς.
1068 478 1166 535 Καὶ
1210 476 1374 536 πάλιν
1427 479 1567 547 εἶπε,
1605 480 1695 534 καὶ
1725 479 1954 555 ἠνοίγη-

2122 498 2281 539 erum
2312 481 2544 540 locutus
2600 486 2710 554 est,
2732 485 2790 541 et
2821 491 3030 556 apertas
3087 489 3224 543 sunt
3271 489 3446 558 porta
3467 484 3770 552 oculorum,

245 591 341 626 σαν
403 571 460 626 αἱ
510 570 680 627 πύλαι
733 575 840 627 τῶν
901 570 1162 644 οὐρανῶν,
1211 570 1302 625 καὶ
1370 567 1638 639 κατῆλθεν
1699 569 1728 623 6
1779 569 1950 632 ὖετός·

245 660 464 732 ὁμοίως
492 662 579 716 καὶ
613 668 850 730 Μωϋσῆς
880 659 1040 731 ἔθηκε
1091 655 1322 736 ῥάϐδον,
1369 659 1459 714 καὶ
1511 657 1718 732 ἐγένετο
1783 657 1905 736 ὄφις
1936 668 1950 682 ⁵

245 749 335 805 καὶ
378 750 544 806 πάλιν
590 751 726 820 εἶπε,
775 751 865 806 καὶ
924 746 1132 826 ἐγένετο
1183 745 1401 826 ῥάϐδος.
1455 753 1554 804 Καὶ
1607 742 1798 804 ἔλαϐεν
1847 748 1954 803 ἀπὸ

245 841 479 915 καμίνου
536 839 752 918 τέφραν,
817 841 906 896 καὶ
975 839 1282 914 ἐσκόρπισε,
1338 839 1426 895 καὶ
1495 838 1701 914 ἐγένετο
1763 836 1900 909 ’ἐλκη
1937 856 1954 872 ο

244 933 338 987 καὶ
407 929 573 988 πάλιν
635 930 872 1005 ἐπέταξε,
929 932 1018 986 καὶ
1069 930 1278 1007 ἐγένετο
1327 929 1567 999 σκνίπες,
1609 929 1700 984 καὶ
1753 929 1957 1004 βάτρα-

245 1041 367 1097 χοι.
421 1025 564 1097 Ἀρα
618 1025 784 1076 ταῦτα
833 1020 991 1094 φύσις
1055 1021 1356 1095 ἀνθρώπων
1424 1025 1598 1076 ποιεῖν
1667 1016 1952 1089 ἠδύνατος

249 1111 383 1166 Εἶπε
437 1114 506 1183 τῇ
568 1109 834 1185 θαλάσσῃ,
885 1109 974 1165 καὶ
1040 1106 1300 1183 ἐμερίσθη
1344 1127 1358 1142 ο
1421 1112 1503 1180 τῷ
1546 1113 1804 1180 ποταμῷ,
1862 1106 1953 1163 καὶ

253 1193 568 1273 μετεϐλήθη
611 1199 690 1262 εἷς
720 1202 880 1272 αἷμα.
930 1197 1107 1254 Ἀλλά
1147 1196 1343 1269 δῆλον,
1395 1197 1477 1254 ὅτι
1525 1197 1753 1272 οὐρανία
1793 1195 1954 1252 δύναο

252 1309 344 1362 μις
386 1285 518 1361 ᾤκει
572 1289 626 1344 ἐν
652 1293 732 1360 τῶ
784 1293 860 1362 νῷ
889 1285 1076 1358 αὐτοῦ,
1106 1288 1194 1344 καὶ
1253 1285 1344 1343 διὰ
1393 1290 1633 1350 Μωσέως
1673 1285 1843 1344 ἐποίει
1887 1288 1955 1342 τὰ

255 1397 321 1447 ση
333 1382 462 1449 μεῖα
487 1380 674 1433 ταῦτα.

319 1468 402 1522 B'.
436 1469 492 1520 Ὀ
525 1460 691 1520 Δαϐἱδ
741 1469 858 1527 πῶς
911 1465 1033 1521 ἄνευ
1074 1465 1250 1522 ὅπλου
1295 1465 1527 1536 ἠδύνατο
1580 1465 1712 1538 μετὰ
1759 1465 1952 1519 τοιού-

243 1574 344 1610 του
366 1553 624 1630 γίγαντος
666 1550 966 1628 συμϐαλεῖν
1013 1554 1088 1617 εἷς
1133 1555 1427 1628 πόλεμον;
1478 1555 1582 1612 Καὶ
1630 1554 1718 1610 ὅτε
1765 1550 1954 1627 ἓρῥιψε

245 1645 340 1700 τὸν
374 1643 526 1699 λίθον
553 1644 688 1700 κατά
711 1649 808 1699 τοῦ
836 1643 1182 1716 ἀλλοφύλου,
1237 1642 1326 1700 διὰ
1373 1652 1475 1714 τῆς
1525 1646 1713 1720 χειρὸς
1764 1638 1950 1710 Δαϐὶδ,

248 1735 376 1808 χεὶρ
409 1737 543 1788 Θεοῦ
573 1731 777 1808 ὡδήγει
807 1734 900 1788 τὸν
949 1731 1128 1803 λίθον,
1177 1733 1267 1788 καὶ
1313 1733 1449 1802 αύτή
1490 1736 1524 1803 ἡ
1575 1732 1687 1788 θεία
1733 1730 1957 1805 δύναμις

252 1822 556 1878 ἀπέκτεινεν
595 1823 754 1878 αὑτὸν
779 1825 1052 1894 ποιήσασα
1098 1825 1199 1892 τήν
1237 1823 1416 1894 νίκην.
1475 1823 1590 1882 Ούκ
1645 1824 1747 1899 γαρ
1789 1817 1954 1878 Δαϐὶδ

249 1909 489 1982 ἠδύνατο
528 1912 752 1982 ἀσθενὴς
799 1908 872 1966 ὢν
915 1917 996 1985 τῷ
1043 1913 1280 1987 σώματι.
1313 1915 1523 1982 Ἰησοῦς
1583 1914 1611 1967 6
1648 1916 1746 1967 τοῦ
1803 1919 1950 1981 Ναυῆ

251 2001 346 2056 ὅσε
395 2000 636 2066 ἀπῆλθεν
693 2001 767 2063 εἷς
835 2002 1052 2076 Ἱεριχὼ
1116 2002 1503 2075 περιεκαθέσθη
1557 2001 1690 2057 ἑπτὰ
1745 2003 1956 2075 ἡμέρας

256 2087 429 2164 μηδὲν
489 2087 784 2162 δυνάμενος
845 2092 1070 2161 ποιῆσαι
1116 2095 1186 2165 τῇ
1237 2087 1346 2161 ἲδίᾳ
1403 2089 1578 2168 φύσει,
1629 2089 1754 2145 ἀλλ’
1789 2089 1877 2145 ὅτε
1925 2091 1954 2145 6

254 2180 386 2241 Θεὸς
437 2177 704 2248 ἐκέλευσε,
750 2180 819 2234 τά
873 2179 1033 2258 τείχη
1084 2178 1172 2258 ἀφ’
1235 2179 1463 2253 ίέαυτῶν
1545 2181 1819 2237 κατέπεσε.
1856 2179 1954 2235 Καὶ

253 2269 343 2324 δτε
393 2265 644 2338 εἲσῆλθεν
704 2267 780 2330 εἰς
829 2269 928 2339 τὴν
969 2276 1073 2345 γῆν
1131 2275 1231 2338 τῆς
1281 2266 1629 2344 ἐπαγγελίας,
1671 2267 1819 2345 λέγει
1868 2269 1959 2324 αύο

249 2362 331 2431 τῷ
388 2359 416 2413 6
475 2357 692 2434 Κύριος,
734 2356 969 2414 Ἀπελθε
1023 2358 1100 2422 εἷς
1157 2359 1402 2430 πόλεμον
1441 2377 1455 2393 ·
1529 2357 1793 2434 ἀπεκρίθη
1847 2360 1955 2428 Ἰη-

253 2453 406 2518 σοῦς,
467 2453 542 2524 Ζῇ
610 2450 829 2524 Κύριος,
897 2449 959 2504 ού
1030 2451 1104 2523 μή
1173 2446 1397 2504 ἀπέλθω
1463 2445 1586 2504 ἄνευ
1669 2453 1784 2504 σοῦ.
1855 2448 1956 2506 Καὶ

247 2540 338 2600 τίς
396 2535 538 2594 ἔστιν
595 2539 623 2593 ὁ
682 2537 932 2608 ἐπιτάξας
986 2543 1068 2610 τῷ
1119 2537 1270 2610 ἡλίῳ
1340 2544 1531 2608 στῆναι
1606 2537 1780 2599 ἄλλας
1856 2533 1955 2591 δύο

249 2625 400 2702 ὥρας
459 2625 511 2682 ἐν
576 2631 646 2701 τῇ
716 2621 974 2700 συμϐολῇ
1032 2630 1128 2681 τοῦ
1185 2625 1456 2700 πολέμου,
1511 2627 1546 2695 ἡ
1580 2625 1736 2703 φύσις
1792 2625 1957 2681 αὐτοῦ

253 2716 422 2792 μόνη,
468 2717 504 2786 ἢ
563 2719 598 2786 ἡ
638 2717 866 2772 συνοῦσα
921 2717 1070 2789 αύτῷ
1110 2714 1384 2790 δύναμις;
1443 2716 1532 2770 καὶ
1565 2719 1810 2786 Μωϋσῆς
1867 2715 1959 2772 ὅτε

248 2803 516 2862 συνέϐαλε
579 2811 658 2879 τῷ
731 2804 1010 2880 Ἀμαλὴκ,
1079 2806 1126 2861 εί
1204 2807 1300 2879 μὲν
1371 2804 1593 2877 ἐξέτεινε
1671 2808 1958 2881 τάςΙχεῖρ

251 2916 348 2972 ρας
390 2896 465 2959 εἰς
514 2896 606 2952 τὸν
658 2897 908 2971 οὐρανὸν,
967 2897 1104 2970 πρὸς
1128 2895 1220 2951 τὸν
1254 2896 1407 2966 Θεὸν,
1439 2894 1622 2951 ἐπάτει
1658 2896 1752 2950 τὸν
1782 2896 1959 2967 Ἀμα-

245 2986 366 3058 λήκ
416 3007 430 3021 ο
491 2986 537 3041 εἴ
605 2983 664 3041 δὲ
729 2983 908 3041 ἔκλινε
972 2986 1069 3049 τὰς
1123 2990 1337 3061 χεῖρας,
1397 2984 1424 3040 ὁ
1484 2985 1744 3059 Ἀμαλὴκ
1799 3005 1958 3058 περι-

248 3077 481 3153 εγίνετο.

326 3170 402 3222 Γ’.
466 3165 542 3222 Σὺ
593 3164 649 3222 δὲ
697 3167 909 3222 ἀκούων
963 3170 1130 3222 ταῦτα
1185 3167 1463 3240 γινόμενα,
1500 3167 1575 3238 μή
1629 3163 1833 3239 μακράν
1864 3185 1958 3220 σου

248 3256 463 3332 ἀπέλθῃ
495 3258 522 3312 ὁ
551 3261 677 3319 νοῦς
715 3276 728 3290 ·
762 3255 890 3312 αλλ’
929 3255 1115 3326 ἐπειδὴ
1149 3255 1326 3312 ἐκεῖνα
1365 3255 1534 3318 τύπος
1591 3255 1658 3324 ἧν
1707 3255 1798 3311 καὶ
1835 3256 1959 3310 σκιά

249 3353 362 3404 τῶν
398 3346 676 3417 ἀληθινῶν
723 3346 1084 3421 πραγμάτων,
1116 3340 1355 3401 ἀνάλαϐε
1417 3344 1494 3407 εἷς
1551 3344 1738 3400 ἑαυτὸν
1793 3349 1961 3401 ταῦτα

267 3443 370 3493 Οτε
394 3436 498 3511 γάρ
526 3435 753 3498 ἐκτενεῖς
796 3436 892 3500 τὰς
936 3441 1129 3512 χεῖρας
1175 3440 1272 3491 τοῦ
1315 3436 1439 3497 νοός
1497 3455 1616 3507 σου,
1671 3435 1762 3489 καὶ
1831 3435 1958 3497 τοὺς

247 3525 558 3601 λογισμοὺς
589 3524 666 3586 εἷς
711 3525 803 3582 τὸν
841 3525 1088 3600 ούρανὸν,
1137 3524 1228 3580 καὶ
1295 3523 1544 3596 θελήσεις
1600 3523 1960 3600 προσκολλη-

247 3617 413 3684 θῆναι
457 3618 538 3686 τῷ
597 3612 800 3688 Κυρίῳ,
854 3613 1161 3687 κατώτερος
1208 3618 1315 3668 τῶν
1376 3610 1660 3688 λογισμῶν
1690 3633 1784 3668 σου
1830 3633 1959 3687 γινεο

246 3725 337 3759 ται
382 3705 411 3758 ὁ
471 3707 735 3765 Σατανᾶς.
791 3702 888 3757 Καὶ
948 3701 1130 3777 ὥσπερ
1180 3700 1256 3763 είς
1301 3702 1516 3778 Ἰεριχὼ
1545 3703 1611 3756 τά
1639 3703 1801 3777 τείχη
1836 3699 1961 3757 ἒπε-

251 3815 345 3848 σον
393 3790 484 3847 διὰ
541 3789 824 3864 δυνᾶμεως
891 3795 1047 3861 Θεοῦ,
1091 3790 1233 3846 οὕτω
1287 3792 1374 3846 καὶ
1422 3795 1513 3845 νῦν
1543 3791 1610 3846 τά
1635 3791 1798 3865 τείχη
1856 3798 1958 3859 τῆς

249 3883 440 3945 κακίας
489 3883 557 3936 τά
597 3881 883 3937 κωλύοντά
931 3901 1027 3935 σου
1075 3881 1166 3936 τὸν
1206 3884 1352 3948 νοῦν,
1382 3881 1472 3934 καὶ
1503 3881 1557 3933 αἱ
1615 3877 1808 3941 πόλεις
1861 3883 1958 3934 τοῦ

251 3974 486 4041 Σατανᾶ,
534 3971 623 4024 καὶ
679 3969 730 4024 οἱ
789 3968 978 4044 ἐχθροί
1038 3989 1134 4024 σου
1193 3965 1750 4042 ἐξολοθρεύονταιδιά
1803 3964 1959 4022 δυνά-

248 4082 403 4135 μεως
429 4064 562 4116 Θεοῦ
596 4102 608 4114 .
644 4060 822 4121 οὕτως
863 4059 914 4113 ἐν
964 4061 1031 4134 τῇ
1079 4063 1203 4128 σκιᾷ
1257 4061 1388 4112 Θεοῦ
1437 4054 1666 4128 δύναμις
1713 4053 1958 4110 ἀδιαλεί-

242 4167 403 4209 πτως
443 4153 608 4216 συνῆν
655 4151 771 4207 τοῖς
822 4143 1076 4213 δικαίοις,
1104 4149 1342 4200 ποιοῦσα
1398 4143 1671 4215 θαυμάσια
1711 4144 1913 4220 φανερά
1941 4161 1954 4174 ·

240 4237 339 4292 καὶ
372 4230 568 4290 ἔσωθεν
597 4233 655 4290 δε
687 4234 740 4290 ἐν
769 4234 954 4296 αὐτοῖς
1013 4231 1141 4306 ᾤκει
1201 4235 1234 4302 ἡ
1296 4231 1412 4287 θεία
1469 4231 1651 4308 χάρις.
1712 4231 1951 4306 Ὁμοίως

240 4324 442 4387 καὶεῖς
505 4325 634 4386 τοὺς
709 4326 996 4402 προφήτας
1072 4321 1313 4397 ἐνήργει,
1382 4322 1472 4376 καὶ
1568 4318 1811 4392 διηκόνει
1894 4321 1958 4376 τὸ

244 4419 475 4488 Πνεῦμα
531 4413 580 4469 ἐν
640 4418 758 4474 ταῖς
814 4415 1020 4490 ψυχαῖς
1077 4410 1252 4467 αὐτῶν
1310 4414 1406 4465 τοῦ
1449 4409 1835 4488 προφητεύειν,
1867 4410 1954 4465 καὶ

244 4503 467 4570 λαλεῖν,
501 4500 590 4557 ὅτε
621 4501 783 4576 χρεία
813 4500 880 4569 ἧν
910 4500 1206 4574 πράγματα
1252 4497 1467 4575 μεγάλα
1501 4497 1669 4554 εἰπεῖν
1729 4504 1808 4572 τῷ
1865 4499 1957 4554 κό-

244 4614 402 4666 σμῳ.
470 4589 542 4646 Ού
610 4592 713 4665 γὰρ
781 4589 1008 4645 πάντοτε
1072 4587 1296 4655 ἐλάλου,
1391 4588 1516 4644 ἀλλ’

243 4683 312 4737 τὸ
382 4679 436 4735 ἐν
507 4679 693 4744 αὐτοῖς
759 4683 977 4751 Πνεῦμα
1035 4696 1052 4712 ⁸
1112 4677 1258 4746 πλὴν
1327 4677 1362 4747 ἡ
1440 4674 1668 4751 δύναμις
1732 4678 1963 4734 πάντοτε

247 4777 443 4840 συνῆν.

324 4861 399 4917 A'.
470 4859 531 4914 Εἰ
598 4855 694 4913 οῦν
761 4858 836 4920 εἰς
901 4858 1000 4927 τὴν
1060 4857 1212 4912 σκιὰν
1285 4861 1542 4914 τοσοῦτον
1609 4856 1834 4932 ἐξεχύθη
1899 4858 1962 4913 τὸ

247 4950 477 5019 Πνεῦμα
513 4945 578 5001 τὸ
617 4944 790 5020 ἅγιον.
842 4946 1000 5019 πόσῳ
1053 4943 1267 5017 μᾶλλον
1316 4943 1392 5006 εἷς
1445 4945 1538 5014 εήν
1591 4947 1786 5015 Καινὴν
1839 4952 1966 5000 Δια-

248 5039 456 5108 θήκην,
515 5035 592 5098 εἷς
650 5036 741 5091 τὸν
804 5036 1056 5110 σταυρὸν,
1124 5036 1200 5096 είς
1255 5038 1353 5106 τὴν
1423 5033 1632 5091 ἔλευσιν
1679 5040 1776 5092 τοῦ
1832 5044 1963 5110 Χρι-

248 5130 406 5193 στοῦ,
453 5123 594 5181 ὅπου
641 5124 846 5200 ἐγένετο
896 5128 932 5195 ἡ
982 5121 1204 5202 ἔκχυσις
1257 5127 1350 5180 καὶ
1389 5127 1424 5195 ἡ
1489 5125 1625 5198 μέθη
1655 5129 1752 5180 τοῦ
1794 5125 1964 5181 Πνεύ-

256 5236 489 5289 ματος;
558 5216 770 5290 Ἐκχεῶ
837 5215 963 5292 γάρ,
1022 5215 1180 5289 φησί,
1256 5214 1363 5270 ἀπὸ
1455 5220 1552 5270 τοῦ
1649 5215 1963 5287 Πνεύματός

335 5331 343 5344 .
438 5307 526 5361 επ
640 5310 664 5320 ~
882 5305 893 5324 '
1167 5310 1190 5342 π
1517 5308 1526 5322 ο
1611 5306 1638 5328 τ
1680 5327 1697 5336 -
1847 5305 1860 5325 ’
1911 5306 1923 5322 ε

257 5329 365 5381 μου
466 5327 527 5360 πι
593 5327 765 5360 πασαν
835 5325 1020 5380 σαρκα.
1091 5305 1260 5360 Τοδτό
1293 5305 1432 5361 ἐστιν
1495 5307 1524 5361 6
1588 5327 1728 5360 ειπιν
1800 5326 1963 5368 αυτος

254 5399 284 5454 6
347 5395 565 5470 Κύριος,
621 5396 705 5451 ’ὁτι
773 5398 897 5451 Μεθ’
966 5397 1118 5470 ὑμῶν
1186 5389 1379 5470 ἔσομαι
1444 5392 1548 5458 ἕως
1623 5402 1724 5466 τῆς
1791 5415 1961 5450 συντεο

2062 589 2128 628 ao
2185 573 2484 628 descendit
2530 573 2744 644 pluvia.
2779 573 3063 631 Similiter
3101 589 3330 648 quoque
3367 581 3556 633 Moses
3592 591 3773 647 pone-

2063 661 2164 716 bat
2191 661 2414 733 virgam
2447 661 2514 731 ²²,
2565 668 2622 718 et
2669 663 2844 720 fiebat
2896 681 3174 737 serpens;
3207 671 3263 722 et
3309 683 3513 723 rursus
3543 666 3768 722 locutus

2062 755 2171 818 est,
2195 755 2251 808 et
2281 751 2452 806 ﬁebat
2498 752 2682 824 virga.
2733 753 2802 808 Et
2857 755 3080 826 accepit
3128 772 3162 812 a
3211 755 3436 812 camino
3492 756 3768 823 cinerem,

2063 845 2120 897 et
2147 841 2443 913 dispersit,
2477 848 2534 898 et
2581 842 3056 914 producebantur
3101 843 3295 902 ulcera
3349 845 3418 915 2⁸,
3451 851 3509 902 et
3557 847 3768 902 iterum

2064 931 2376 1003 percussit,
2428 939 2482 987 et
2538 931 2757 986 ﬁebant
2802 933 3064 1004 ciniphes
3115 939 3172 990 et
3215 951 3389 991 rente.
3439 936 3587 992 Nam
3644 935 3768 993 haec

2065 1027 2274 1078 natura
2322 1020 2573 1077 humana
2623 1023 2808 1078 facere
2857 1023 3080 1093 potuit?
3135 1025 3386 1080 Locutus
3447 1030 3538 1082 est
3596 1025 3765 1094 mari,

2063 1114 2121 1166 et
2149 1111 2401 1167 divisum
2427 1117 2517 1166 est
2560 1111 2605 1147 ²⁴
2631 1128 2650 1166 :
2675 1111 2866 1178 fluvio,
2896 1117 2955 1168 et
3003 1117 3263 1169 mutatus
3310 1113 3482 1169 estin
3527 1113 3768 1185 sangui-

2063 1216 2218 1256 nem.
2261 1203 2474 1256 Verum
2524 1204 2704 1273 patet,
2761 1201 2917 1272 quod
2975 1201 3227 1258 cmlestis
3274 1201 3460 1258 virtus
3535 1202 3771 1256 habita—

2061 1290 2210 1347 verit
2264 1289 2323 1346 in
2380 1291 2508 1361 ejus
2555 1289 2772 1359 animo,
2805 1295 2861 1347 et
2925 1307 3028 1362 per
3079 1290 3278 1347 Mosen
3338 1291 3583 1348 ediderit
3645 1290 3767 1345 haec

2061 1395 2250 1451 signa.

2134 1473 2206 1526 ll.
2237 1469 2415 1526 David
2456 1485 2568 1542 quo
2614 1474 2779 1542 pacto
2833 1469 3018 1542 potuit
3066 1473 3289 1542 absque
3323 1469 3499 1526 armis
3541 1469 3600 1525 in
3645 1466 3767 1524 bel-

2060 1559 2184 1616 lum
2223 1560 2495 1632 congredi
2527 1575 2661 1615 cum
2711 1559 2813 1615 tali
2854 1560 3135 1632 gigante?
3167 1560 3232 1615 Et
3273 1575 3406 1616 cum
3461 1559 3771 1631 projiceret

2062 1649 2312 1721 lapidem
2372 1649 2429 1704 in
2498 1649 2881 1721 alienigenam
2951 1665 3123 1705 manu
3191 1649 3371 1705 David
3428 1647 3494 1718 ⁸⁵,
3565 1664 3769 1703 manus

2063 1739 2165 1794 Dei
2215 1737 2498 1810 dirigebat
2545 1737 2820 1810 lapidem,
2861 1737 2990 1810 ipsa
3045 1753 3279 1810 quoque
3327 1736 3508 1793 virtus
3572 1735 3770 1792 divina

2064 1828 2352 1884 interfecit
2400 1827 2589 1897 illum,
2623 1844 2835 1899 parans
2883 1827 3205 1884 victoriam.
3246 1827 3371 1884 Non
3401 1827 3556 1883 enim
3587 1825 3766 1882 David

2060 1916 2170 1974 hoc
2237 1921 2482 1989 poterat,
2533 1917 2633 1988 qui
2690 1921 2814 1974 erat
2871 1916 3178 1974 imbecillis
3251 1931 3510 1988 corpore.
3568 1915 3764 1984 Jesus,

2062 2008 2216 2064 tilias
2265 2007 2414 2065 Nave
2443 2005 2512 2072 ³⁸,
2572 2022 2707 2062 cum
2765 2007 3020 2063 venisset
3063 2005 3316 2076 Jericbo,
3363 2005 3517 2062 sedit
3545 2010 3766 2077 septem

2061 2098 2207 2166 dies,
2240 2095 2384 2152 nihil
2414 2096 2640 2153 efﬁcere
2669 2095 2868 2152 valens
2915 2113 3022 2153 sua
3060 2096 3248 2167 ipsius
3302 2103 3505 2152 natura
3535 2112 3550 2152 :
3580 2100 3639 2150 at
3668 2094 3769 2151 ubi

2055 2186 2236 2258 jussit
2290 2185 2464 2252 Deus,
2499 2185 2652 2240 muri
2709 2200 2818 2240 sua
2864 2194 3069 2257 sponte
3113 2188 3480 2242 corruerunt.
3522 2183 3590 2239 Et
3633 2198 3770 2238 cum

2061 2275 2460 2345 ingrederetur
2485 2283 2690 2330 terram
2723 2272 3152 2344 promissionis,
3182 2273 3394 2330 dicitei
3428 2271 3716 2328 Dominus
3753 2287 3770 2329 :

2064 2365 2408 2434 Proﬁciscere
2441 2363 2503 2419 in
2553 2362 2802 2425 bellum;
2833 2364 3132 2434 respondit
3170 2363 3374 2430 Jesus;
3410 2363 3543 2418 Vivit
3586 2362 3775 2418 Domi-

2064 2469 2169 2509 nus
2194 2457 2215 2508 !
2244 2469 2352 2510 non
2377 2454 2675 2524 procedam
2728 2455 2848 2508 sine
2891 2460 2942 2509 te
2989 2451 3053 2507 ³⁷.
3083 2456 3150 2508 Et
3182 2453 3316 2524 quis
3346 2462 3451 2522 est,
3477 2451 3580 2522 qui
3613 2465 3776 2506 man-

2066 2542 2216 2600 davit
2248 2541 2379 2612 soli,
2411 2547 2477 2598 ut
2519 2542 2866 2598 subsisteret
2911 2544 3056 2598 duas
3105 2541 3248 2598 alias
3297 2542 3463 2598 horas
3509 2541 3572 2597 in
3629 2555 3778 2597 con-

2066 2634 2224 2691 ﬂictu
2250 2633 2435 2688 belli?
2463 2634 2550 2688 An
2599 2631 2726 2688 sola
2778 2632 2964 2704 ipsius
3012 2637 3241 2700 natura,
3275 2649 3348 2688 an
3398 2647 3525 2703 quae
3565 2628 3651 2686 illi
3673 2645 3776 2686 as-

2066 2725 2310 2781 sistebat
2332 2723 2591 2794 potentia
2619 2720 2670 2758 ³⁸
2690 2721 2925 2779 ?Moses
2957 2738 3210 2794 quoque.
3243 2737 3378 2777 cum
3411 2737 3617 2777 manus
3641 2735 3778 2776 con-

2067 2819 2282 2872 sereret
2321 2829 2453 2869 cum
2505 2811 2837 2880 Amalecho,
2887 2812 3122 2883 quando
3168 2813 3513 2868 extendebat
3562 2825 3774 2866 manus

2067 2906 2126 2961 in
2157 2904 2368 2962 caelum
2411 2903 2482 2959 ad
2529 2908 2734 2970 Deum,
2767 2903 3149 2959 conculcabat
3191 2903 3466 2958 Amalech
3501 2901 3772 2973 :quando

2066 2999 2261 3050 autem
2293 2992 2613 3050 declinaret
2643 3008 2878 3059 manus,
2900 2991 3180 3048 Amalech
3215 2991 3482 3063 superior
3510 2995 3656 3047 erat.

2140 3083 2236 3140 Ill.
2281 3082 2369 3138 Tu
2441 3097 2576 3137 vero
2643 3081 2878 3152 quando
2945 3080 3065 3137 haec
3123 3081 3326 3136 auditu
3380 3079 3649 3151 percipis,
3703 3094 3775 3134 ne

2072 3171 2272 3246 procul
2303 3188 2334 3226 a
2365 3179 2418 3227 te
2449 3172 2718 3243 procedat
2740 3186 2904 3226 mens
2923 3173 3058 3240 tua;
3089 3184 3290 3225 verum
3323 3167 3460 3240 quia
3488 3167 3586 3223 illa
3600 3173 3775 3238 typus

2073 3226 2101 3246 τ
2118 3226 2131 3229 -
2151 3226 2167 3228 -
2189 3226 2200 3228 τ
2223 3226 2232 3228 τ
2263 3226 2268 3227 ί
2399 3226 2406 3227 ί
2450 3226 2472 3243 ιν
2667 3226 2670 3227 ν
3047 3226 3058 3240 1
3341 3226 3360 3240 .
3622 3226 3642 3238 ν
3663 3226 3682 3238 .

1991 3226 2034 3294 c
2072 3266 2239 3318 erant
2263 3265 2321 3318 6i.
2349 3261 2559 3316 umbra
2613 3275 2881 3317 verarum
2931 3276 3148 3322 rerum.
3172 3259 3550 3316 accommoda
3573 3259 3774 3312 eadem

2067 3351 2169 3408 tibi
2228 3351 2362 3423 ipsi.
2422 3349 2896 3421 Quandocunque
2950 3350 3106 3406 enim
3183 3348 3504 3406 extenderis
3563 3362 3777 3404 manus

2067 3441 2249 3498 animi
2288 3439 2374 3496 tui
2422 3445 2479 3498 et
2516 3439 2900 3511 cogitationes
2946 3438 3007 3494 in
3055 3439 3290 3507 oculum,
3322 3443 3497 3508 atque
3525 3435 3780 3493 volueris

2069 3529 2420 3604 agglutinari
2474 3529 2741 3597 Domino,
2774 3527 3014 3584 inferior
3060 3526 3517 3599 cogitationibus
3563 3524 3679 3580 tuis
3713 3523 3778 3579 ﬁt

2066 3621 2335 3677 Satanas.
2360 3618 2430 3673 Et
2458 3617 2958 3688 quemadmodum
2987 3615 3220 3673 Jericho
3251 3615 3404 3672 muri
3429 3614 3783 3672 corruerunt

2067 3709 2278 3764 virtute
2351 3706 2550 3762 divina
2605 3705 2790 3776 ’9,sio
2821 3721 3052 3778 quoque
3115 3721 3271 3762 nunc
3331 3703 3481 3760 muri
3540 3701 3777 3759 malitias

2066 3795 2398 3866 impediunt
2443 3797 2694 3849 mentem
2743 3798 2930 3862 tuam,
2984 3799 3160 3864 atque
3213 3795 3387 3848 urbes
3441 3791 3671 3846 Satanae
3727 3791 3786 3844 et

2067 3885 2290 3942 inimici
2331 3883 2414 3939 tui
2455 3885 2767 3953 perdentur
2811 3883 3019 3937 virtute
3065 3881 3390 3937 divina..Ad
3450 3880 3608 3935 hunc
3667 3893 3786 3933 mo-

2068 3975 2208 4029 dum
2258 3974 2318 4028 in
2404 3971 2615 4026 umbra
2670 3969 2817 4042 legis
2865 3971 3050 4026 virtus
3108 3969 3300 4025 divina
3380 3966 3784 4024 indesinenter

2069 4065 2268 4122 aderat
2291 4062 2494 4133 justis,
2516 4062 2696 4117 edens
2728 4061 3038 4116 manifesta
3068 4059 3373 4117 miracula.
3403 4061 3591 4130 Atque
3623 4056 3783 4112 intus

2068 4153 2300 4224 inipsis
2335 4151 2641 4207 habitabat
2689 4151 2887 4206 divina
2933 4149 3146 4212 gratia.
3187 4149 3392 4205 Itidem
3439 4161 3671 4221 quoque
3717 4147 3778 4202 in

2068 4241 2370 4314 prophetis
2425 4241 2797 4311 operabatur,
2855 4245 3030 4311 atque
3107 4236 3521 4310 suppeditabat
3569 4233 3780 4291 animis

2067 4348 2269 4388 eorum
2294 4329 2576 4402 Spiritum
2601 4329 3010 4401 prophetandi,
3044 4332 3101 4384 et
3131 4325 3404 4398 loquendi
3443 4329 3500 4381 et
3546 4324 3780 4383 dicendi

2068 4420 2286 4477 mundo
2388 4437 2480 4477 res
2553 4419 2842 4491 ingentes,
2921 4416 3262 4474 necessitate
3347 4414 3404 4470 id
3487 4418 3776 4485 poscente.

2067 4512 2190 4566 Non
2245 4510 2402 4566 enim
2469 4524 2700 4580 semper
2746 4508 3156 4580 loquebantur,
3213 4505 3316 4562 sed
3355 4503 3588 4576 quando
3630 4503 3775 4560 I51

1613 4588 1697 4644 δτι
1799 4589 1964 4658 ἤθελε
1995 4587 2040 4652 D
2071 4600 2316 4668 volebat,
2358 4598 2457 4671 qui
2508 4598 2569 4654 in
2623 4598 2768 4669 ipsis
2828 4603 2974 4667 erat,
3033 4596 3332 4670 Spiritus:
3393 4593 3783 4650 nihilominus

2077 4687 2322 4744 facultas
2351 4702 2583 4759 semper
2602 4687 2818 4742 aderat.

2150 4861 2248 4916 1V.
2292 4861 2348 4916 Si
2384 4861 2564 4935 igitur
2611 4863 2672 4919 in
2725 4862 2997 4918 umbram
3048 4863 3348 4930 tantopere
3414 4863 3500 4913 est
3561 4855 3784 4913 etl'usus

2072 4953 2328 5023 Spiritus
2357 4957 2618 5021 sanctus,
2648 4958 2866 5026 quanto
2897 4950 3086 5022 magis
3110 4949 3168 5005 in
3193 4947 3418 5004 Novum
3446 4946 3784 5002 Testamen-

2074 5043 2222 5111 tum,
2257 5041 2313 5096 in
2344 5055 2600 5109 crucem,
2632 5041 2691 5096 in
2735 5041 3047 5097 adventum
3096 5037 3332 5103 Christi,
3367 5035 3601 5106 quando
3633 5035 3788 5090 facta

2075 5134 2164 5184 est
2210 5128 2416 5184 effusio
2501 5135 2560 5184 et
2614 5129 2862 5185 ebrietas
2919 5125 3222 5200 Spiritus?
3267 5123 3560 5196 Eﬂundam
3612 5124 3783 5192 enim,

2075 5222 2290 5293 inquit,
2322 5222 2388 5278 de
2432 5223 2645 5294 Spiritu
2691 5238 2808 5279 meo
2854 5239 3020 5294 super
3071 5235 3287 5278 omnem
3317 5233 3541 5273 carnem
3570 5214 3637 5270 ³⁰.
3669 5218 3787 5271 Ηοο

2077 5318 2162 5364 est
2191 5311 2344 5381 quod
2397 5311 2645 5382 ipsemet
2687 5312 2970 5368 Dominus
3007 5309 3171 5369 dixit,
3202 5323 3413 5379 nempe
3443 5322 3459 5361 :
3505 5305 3792 5362 Vobiscum

2076 5413 2167 5454 ero
2221 5414 2394 5471 usque
2431 5403 2507 5456 ad
2559 5401 3082 5457 consummationem
3129 5397 3334 5454 saeculi.
3396 5394 3586 5453 Omni:
3641 5397 3790 5452 enim

337 5608 388 5684 ’ξ
444 5607 652 5684 Εέιοά.Δ
687 5606 960 5684 v_yx,_10_.
1027 5605 1072 5640 ⁸⁸
1137 5604 1341 5684 lbi_d.,_
1368 5606 1467 5684 Π.
1543 5605 1590 5641 ut
1624 5606 1845 5684 Exod.
1906 5623 1957 5684 α]

2122 5608 2457 5684 e,_g1._"_
2512 5611 2535 5667 Ι
2602 5611 2744 5684 Reg.
2821 5626 2984 5677 xvm,
3060 5609 3151 5667 47.
3226 5607 3273 5644 ³⁸
3344 5607 3470 5666 Jos.
3548 5623 3624 5676 vx,
3697 5607 3770 5661 20

263 5681 309 5718 ³⁷
350 5680 470 5739 Jos.
501 5696 557 5754 ι,
590 5679 678 5739 13.
709 5678 758 5718 ’³
792 5679 971 5737 Exod.
1002 5693 1141 5749 xvu,
1174 5678 1262 5737 ll.
1294 5676 1342 5712 ³⁹
1360 5674 1480 5736 Jos.
1512 5693 1590 5748 vr,
1621 5678 1712 5735 20.
1745 5678 1793 5715 '°
1819 5679 1942 5737 Act.

2122 5674 2167 5747 5,
2199 5678 2268 5737 17
2293 5698 2308 5744 ς
2337 5679 2484 5743 Joel.
2509 5691 2583 5754 υ,
2615 5674 2704 5742 2οξ
