4116 6210
280 342 401 408 819

1628 337 1692 402 S.
1742 338 2075 406 MACARII
2096 343 2455 408 VJEGYPTII

3682 349 3799 409 810

280 478 377 551 qui
422 479 648 551 quaerit,
679 476 893 534 invenit
933 475 1000 532 ³ί.
1060 477 1123 532 Si
1182 476 1405 543 etenim,
1464 474 1677 546 inquit,
1715 491 1827 544 vos,
1886 478 1984 549 qui

2102 477 2253 543 λείας
2316 481 2414 535 τοῦ
2476 478 2711 540 αἰῶνος·
2782 480 2887 543 πᾶς
2960 474 3065 552 γὰρ
3131 477 3160 534 ὁ
3228 482 3405 549 ζητῶν
3443 477 3697 555 ευρίσκει.
3742 479 3797 536 Ei

279 571 405 643 estis
433 570 594 634 mali,
627 568 798 624 nostis
829 569 969 624 bona
1005 568 1147 623 dona
1190 566 1321 621 dare
1368 564 1504 635 ﬁlii:
1542 568 1754 630 vestris,
1786 572 1990 638 quanto

282 660 455 729 magis
488 665 649 714 Pater
695 665 878 713 vester
932 658 1158 712 calcatis
1200 655 1351 710 dabit
1382 656 1653 726 Spiritum
1679 658 1992 725 petentibus

282 764 405 804 eum
437 765 562 803 cum
583 750 788 803 virtute
838 749 888 802 et
925 763 1142 802 summa
1168 745 1298 814 ﬁdei
1326 743 1650 801 certiludine
1684 742 1731 776 ³³
1778 760 1992 800 secun-

284 841 421 895 dum
482 837 875 910 Apostolum?
924 837 1206 893 Ceterum
1275 837 1387 891 ista
1446 837 1635 904 modo,
1705 842 1987 906 tempore,

282 928 477 983 labore
509 944 766 995 summo,
798 926 1079 999 patientia
1126 930 1300 997 atque
1330 924 1638 981 dilectione
1666 926 1791 996 ejus
1823 941 1990 981 com-

285 1023 586 1088 parantur,
618 1019 757 1072 dum
812 1021 1153 1072 exercentur
1200 1031 1416 1087 organa
1459 1015 1665 1071 anima:
1689 1014 1991 1084 sensitive,

284 1112 349 1162 ut
395 1108 615 1163 dictum
669 1112 774 1176 est,
801 1110 857 1162 et
898 1107 1048 1161 bono
1091 1110 1147 1161 et
1192 1105 1370 1176 malo,
1402 1104 1692 1171 videlicet,
1764 1103 1991 1159 machi-

285 1198 399 1258 nis.
432 1197 664 1253 insidiis
724 1202 782 1252 et
832 1194 1255 1267 multiplicibus
1293 1194 1754 1249 circumstantiis
1815 1198 1993 1265 atque

286 1288 723 1356 deceptionibus
765 1286 998 1341 malitia
1032 1302 1045 1341 :
1079 1285 1280 1340 itidem
1318 1300 1545 1356 quoque
1594 1284 1837 1339 diversis
1868 1299 1994 1354 gra-

285 1379 381 1433 tiae
437 1378 627 1445 donis,
670 1377 843 1432 variis
918 1376 1170 1442 auxiliis,
1212 1392 1245 1430 a
1317 1375 1529 1429 virtute
1605 1379 1662 1429 et
1735 1373 1992 1429 efﬁcacia

286 1467 540 1539 Spiritus
616 1466 908 1538 profectis.
960 1465 1065 1530 Qui
1123 1464 1277 1521 enim
1335 1464 1629 1536 cognoscit
1689 1462 1990 1519 cicatrices

286 1559 539 1626 malitiae,
598 1556 1002 1613 affectionibus
1068 1557 1442 1628 inquinantes
1496 1555 1825 1611 interiorem
1885 1554 1992 1609 ho-

285 1650 546 1716 minem;
606 1654 659 1704 et
724 1663 839 1703 non
898 1646 1175 1719 perspicit
1232 1647 1291 1701 in
1348 1661 1412 1702 se
1461 1644 1739 1701 auxilium
1798 1643 1989 1700 sancti

282 1747 535 1819 Spiritus
564 1746 845 1807 veritatis,
879 1745 1343 1802 corroborantem
1388 1744 1783 1799 infirmitatem
1817 1757 1985 1797 suam

2099 571 2227 644 γὰρ,
2306 570 2491 647 φησὶν,
2562 569 2717 642 ὑμεῖς
2784 568 3019 641 πονηροὶ
3084 569 3256 641 ὅντες,
3324 567 3506 625 οἴδατε
3589 569 3803 644 δόματα

2102 659 2275 736 ἀγαθά
2335 657 2538 714 διδόναι
2604 664 2721 721 τοῖς
2785 657 2994 721 τέκνοις
3081 658 3257 731 ὑμῶν,
3340 661 3494 733 πόσῳ
3586 660 3803 736 μᾶλλον

2102 750 2288 821 Πατήρ
2358 749 2510 822 ὑμῶν
2580 750 2608 803 ὁ
2666 747 2914 823 οὐράνιος
2980 744 3141 804 δώσει
3200 753 3414 823 Πνεῦμα
3472 750 3628 827 ἅγιον
3686 755 3805 813 τοῖς

2102 838 2345 896 αἷτοῦσιν
2424 839 2607 907 αὐτὸν,
2693 835 2918 911 δυνάμει
3011 838 3100 893 καὶ
3184 836 3538 918 πληροφορίᾳ
3610 840 3808 915 πολλῇ

2101 930 2238 985 κατὰ
2292 930 2383 985 τὸν
2434 926 2773 984 ’Δπόστολον
2815 945 2829 996 ;
2886 929 2961 983 Τὰ
3019 925 3110 983 οὖν
3166 932 3391 984 τοιαῦτα
3444 928 3535 983 καὶ
3597 928 3809 1005 μέτρῳ,

2100 1020 2190 1074 καὶ
2247 1018 2419 1091 πόνῳ,
2474 1019 2566 1073 καὶ
2613 1017 2769 1089 κόπῳ
2824 1016 3045 1090 πολλῷ,
3078 1017 3166 1072 καὶ
3200 1017 3478 1093 ὑπομονῇ,
3510 1018 3601 1073 καὶ
3648 1019 3813 1093 φιλίᾳ

2099 1113 2167 1183 τῇ
2198 1110 2334 1182 πρὸς
2365 1109 2528 1163 αὐτὸν
2588 1106 2907 1183 εὑρίσκεται,
2963 1104 3392 1184 γυμναζομένων
3447 1113 3557 1164 τῶν
3612 1108 3814 1180 αἰσθη-

2099 1199 2307 1273 τηρίων
2336 1204 2435 1267 τῆς
2469 1201 2679 1275 ψυχῆς,
2723 1200 2858 1251 κατᾶ
2894 1196 2958 1250 τὸ
3008 1196 3325 1271 εἰρημένον,
3380 1195 3469 1252 διά
3516 1196 3693 1255 καλοῦ
3748 1219 3811 1255 τι

2100 1288 2192 1342 καὶ
2236 1291 2427 1358 κακοῦ,
2460 1284 2677 1354 δηλαδὴ
2711 1284 2800 1341 διά
2847 1307 2905 1342 τε
2941 1291 3049 1341 τῶν
3123 1291 3390 1364 μηχανῶν
3447 1287 3536 1341 καὶ
3587 1283 3809 1344 ἐπιϐου-

2102 1375 2238 1445 λῶν,
2287 1378 2377 1431 καὶ
2416 1374 2781 1449 πολυτρόπων
2846 1376 3236 1449 περιστάσεων,
3285 1376 3377 1431 καὶ
3424 1373 3660 1450 ἐνεδρῶν
3704 1384 3810 1447 τῆς

2099 1470 2291 1531 κακίας
2322 1488 2336 1504 ο
2394 1467 2604 1540 ὁμοίως
2644 1464 2703 1522 δὲ
2751 1467 2842 1524 καὶ
2874 1464 2961 1521 διά
3002 1468 3109 1522 τῶν
3140 1464 3414 1545 διαφόρων
3444 1470 3810 1543 χαρισμάτων

2099 1562 2191 1616 καί
2249 1558 2521 1616 ποικίλων
2583 1556 2926 1631 ἀντιλήψεων
2987 1564 3087 1628 τῆς
3154 1557 3421 1633 ἐνεργείας
3492 1558 3583 1613 καὶ
3652 1557 3815 1615 δυνά-

2104 1671 2249 1724 μεως
2297 1653 2396 1704 τοῦ
2446 1649 2779 1720 Πνεύματος.
2824 1649 2885 1705 Ὀ
2934 1649 3035 1723 γάρ
3088 1647 3368 1724 γνωρίζων
3424 1649 3524 1718 τὴν
3563 1648 3813 1719 ἐπουλήν

2098 1742 2196 1808 τῆς
2232 1739 2421 1794 κακίας
2464 1736 2552 1792 διὰ
2599 1742 2707 1793 τῶν
2766 1740 2950 1792 παθῶν
3019 1736 3337 1809 μιαίνουσαν
3406 1738 3497 1793 τὸν
3565 1736 3673 1793 ἔσω
3723 1741 3810 1794 ἂν·

283 1845 454 1907 atque
495 1841 865 1891 renovantem
916 1835 1173 1890 animam
1232 1833 1289 1887 in
1349 1831 1733 1889 exsultatione
1772 1831 1985 1898 cordis,

2101 1830 2335 1901 θρωπον,
2382 1825 2473 1883 καὶ
2536 1827 2610 1899 μή
2672 1828 3044 1902 ἐπιγινώσκων
3107 1830 3166 1882 ἓν
3233 1827 3382 1899 αὑτῷ
3432 1829 3531 1896 τήν
3583 1826 3813 1899 ἀντίλη-

282 1926 571 1997 ejusmodi
635 1925 734 1996 qui
788 1929 897 1992 est,
955 1924 1081 1979 sine
1138 1923 1482 1979 discretione
1550 1921 1815 1993 graditur
1867 1936 1983 1975 non

280 2015 642 2086 perspiciens
717 2012 1130 2068 multiformem
1203 2010 1699 2084 dispensationem
1788 2008 1985 2080 gratim

282 2102 559 2174 pacisque
614 2101 842 2157 divinae.
905 2102 973 2157 Et
1029 2117 1059 2157 e
1103 2101 1347 2168 diverso,
1408 2098 1505 2167 qui
1575 2099 1887 2169 adjuvatur
1951 2113 1984 2152 a

280 2192 545 2257 Domino,
586 2197 643 2247 et
699 2193 888 2247 afﬂuit
944 2190 1142 2246 laetitia
1198 2190 1511 2262 spirituali,
1555 2205 1622 2245 ac
1678 2188 1842 2244 donis
1872 2203 1985 2242 cu:-

282 2283 546 2349 le'stibus,
602 2282 648 2337 si
703 2282 991 2337 existimet
1055 2295 1117 2336 se
1186 2297 1300 2336 non
1360 2279 1611 2351 amplius
1671 2278 1983 2333 obnoxium

281 2377 533 2443 peccato,
576 2372 865 2442 decipitur
900 2371 1144 2435 occulte,
1188 2371 1403 2441 quippe
1460 2369 1555 2439 qui
1617 2384 1730 2423 non
1773 2368 1986 2422 habeat

278 2463 606 2517 facultatem
659 2460 1027 2515 discernendi
1113 2459 1498 2513 subtilitatem
1563 2457 1816 2523 malitia,
1878 2471 1983 2511 nec

277 2549 567 2619 intelligat
609 2549 889 2619 paulatim
930 2548 1054 2602 tieri
1094 2551 1521 2603 incrementum
1565 2548 1850 2617 pueritiaa,
1893 2552 1987 2602 at-

274 2654 386 2707 que
436 2637 847 2708 perfectionem
916 2638 973 2691 in
1042 2636 1323 2693 Christo:
1385 2653 1519 2692 nam
1602 2652 1700 2704 per
1756 2636 1981 2691 submi-

277 2726 682 2781 nistrationem
758 2726 1007 2795 Spiritus
1102 2726 1287 2781 sancti
1364 2729 1420 2780 et
1512 2725 1713 2792 divini,
1806 2724 1982 2779 simul

277 2817 423 2870 ﬁdes
498 2822 664 2871 aucta
738 2816 794 2868 in
875 2815 1296 2871 incrementum
1393 2816 1602 2883 tendit,
1677 2819 1734 2871 et
1809 2830 1983 2871 omne

269 2905 571 2961 munimen
644 2922 943 2977 pravarum
1014 2905 1433 2975 cogitationum
1510 2922 1578 2961 ex
1651 2909 1814 2976 parte
1888 2907 1985 2961 de-

202 3032 220 3050 .
276 2990 523 3049 struitur
587 3010 775 3066 usque
833 2995 903 3049 ad
964 2994 1253 3066 integram
1311 2994 1691 3052 eversionem.
1725 2985 1984 3050 Scrutari

280 3085 453 3155 igitur
495 3084 662 3140 debet
709 3086 963 3157 quisque
1014 3093 1303 3152 nostrum,
1334 3085 1381 3141 si
1416 3085 1783 3141 inveneritin
1818 3085 1985 3140 fictili

2096 1922 2187 1992 ψιν
2220 1922 2318 1973 τοῦ
2350 1917 2503 1993 ἁγίου
2563 1917 2878 1990 Πνεύματος
2930 1922 3031 1985 τῆς
3086 1914 3346 1987 ἀληθείας
3403 1914 3809 1991 ἐνδυναμοῦσυν

2095 2010 2261 2064 αὑτοῦ
2317 2008 2415 2076 τήν
2472 2004 2745 2061 ἀσθένειαν
2808 2006 2897 2061 καὶ
2958 2006 3287 2062 ἀνανεοῦσαν
3337 2008 3437 2077 τήν
3503 2008 3695 2082 ψυχῆν
3751 2007 3809 2063 ἐν

2096 2097 2416 2174 ἀγαλλιάσει
2472 2094 2719 2171 καρδίας,
2779 2096 2807 2151 ὁ
2864 2101 3123 2158 τοιοῦτος
3181 2096 3234 2151 ἐν
3326 2094 3639 2170 ἀδιακρισίᾳ
3700 2118 3815 2153 πο-

2097 2188 2329 2262 ρεύεται,
2374 2188 2449 2261 μὴ
2500 2187 2783 2261 γνωρίζων
2833 2206 2897 2260 γε
2946 2186 3054 2258 μὴν
3102 2187 3202 2256 τὴν
3252 2185 3606 2261 πολύτροπον
3655 2188 3814 2242 οἷκο-

2096 2277 2293 2350 νομίαν
2343 2281 2443 2344 τῆς
2493 2280 2589 2331 τοῦ
2642 2278 2776 2331 Θεοῦ
2806 2273 3035 2350 χάριτος
3063 2276 3152 2331 καὶ
3205 2276 3451 2350 εῗρήνης.
3486 2278 3583 2332 Καὶ
3636 2276 3808 2331 πάλιν

2098 2364 2155 2421 δὲ
2186 2368 2213 2422 ὁ
2247 2367 2625 2441 βοηθούμενος
2674 2365 2777 2420 ὑπὸ
2824 2371 2921 2420 τοῦ
2978 2366 3201 2440 Κυρίου.
3267 2365 3356 2421 καὶ
3416 2366 3807 2439 εὑρισκόμενος

2096 2455 2148 2510 ἐν
2207 2453 2508 2533 εὐφροσύνῃ
2580 2458 2924 2529 πνευματικῇ
3004 2455 3093 2509 καὶ
3182 2455 3486 2531 χαρίσμασι
3571 2455 3814 2529 ἐπουρα-

2095 2543 2252 2611 νίοις,
2308 2541 2395 2597 ἐὰν
2454 2544 2658 2618 νομίσῃ
2724 2543 2919 2616 μηκέτι
2979 2544 3287 2599 ἀνακεῖσθαι
3353 2544 3457 2599 ὑπὸ
3502 2551 3605 2614 τῆς
3633 2546 3815 2619 ἀμαρ-

2091 2631 2227 2697 τίας,
2286 2632 2555 2688 ἀπατᾶται
2617 2632 3016 2705 κλεπτόμενος,
3084 2634 3159 2706 μὴ
3238 2630 3523 2707 διακρίνων
3603 2632 3809 2689 λεπτό-

2093 2743 2232 2792 τητα
2289 2728 2389 2791 τῆς
2446 2721 2638 2784 κακίας
2671 2739 2686 2754 ⁸
2748 2721 2838 2776 καί
2900 2724 2976 2795 μή
3038 2723 3229 2778 συνιὼν
3287 2724 3387 2792 τήν
3444 2722 3581 2779 κατά
3639 2725 3811 2797 μέρός

2093 2810 2390 2887 γενομένην
2421 2818 2522 2880 τῆς
2571 2812 2907 2881 νηπιότητος
2960 2808 3179 2882 αὔξησιν
3229 2812 3319 2867 καὶ
3374 2812 3696 2882 τελειότητα
3751 2812 3809 2868 ἐν

2095 2906 2331 2976 Χριστῷ.
2368 2902 2466 2955 Διά
2493 2900 2593 2976 γὰρ
2624 2903 2723 2970 τῆς
2770 2900 3137 2978 ἐπιχορηγίας
3194 2905 3291 2955 τοῦ
3357 2901 3512 2976 ἁγίου
3566 2902 3658 2957 καὶ
3709 2905 3812 2958 θεῖ-

2093 2994 2192 3045 κοῦ
2251 2990 2563 3063 Πνεύμανος
2622 2992 2788 3065 [ὁμοῦ
2852 3011 2911 3047 τε
2939 2992 3029 3047 καὶ
3083 2993 3118 3061 ἡ
3147 2992 3327 3054 πίστις
3359 2991 3697 3064 αὐξανομένη
3730 2992 3810 3055 είς

2094 3083 2384 3155 προκοπὴν
2445 3080 2687 3157 ἔρχεται,
2740 3083 2829 3136 καὶ
2866 3087 2969 3136 πᾶν
3032 3080 3305 3156 ὀχύρωμα
3361 3086 3616 3157 πονηρῶν
3648 3080 3812 3156 λογι-

280 3175 387 3230 hoc
418 3184 695 3246 apparatu
728 3176 1088 3243 thesaurum,
1121 3176 1169 3230 si
1212 3176 1468 3230 induerit
1507 3192 1823 3247 purpuram
1865 3177 1986 3245 spi-

2101 3177 2249 3244 σμῶν
2317 3174 2452 3228 κατὰ
2512 3172 2675 3246 μέρος
2753 3177 2930 3246 χωρεῖ
3000 3171 3078 3234 είς
3134 3173 3440 3244 καθαίρεσιν
3537 3172 3806 3247 παντελῇ.

280 3264 451 3329 ritus,
492 3263 542 3319 si
572 3264 780 3319 viderit
818 3280 1032 3335 regem,
1073 3271 1127 3318 et
1189 3264 1470 3333 quieverit
1536 3264 1861 3335 proximum
1901 3264 1987 3319 illi

285 3354 496 3422 factus,
539 3355 587 3409 si
638 3355 876 3409 tandem
946 3354 1002 3407 in
1060 3353 1280 3409 alienas
1318 3354 1523 3409 domos
1573 3369 1633 3409 se
1691 3354 1984 3409 direxerit.

282 3442 428 3497 Nam
490 3442 684 3497 anima
743 3442 917 3497 habet
988 3445 1182 3512 partes
1244 3441 1480 3505 multas,
1520 3445 1580 3496 et
1619 3442 1985 3498 altitudinem

284 3546 582 3600 magnam,
622 3534 679 3585 et
717 3531 950 3585 demum
1010 3538 1312 3602 peccatum
1356 3532 1687 3602 ingressum
1730 3532 1994 3603 possedit

282 3619 441 3673 illius
474 3619 778 3674 universas
810 3623 1003 3690 partes
1048 3623 1104 3674 et
1152 3620 1343 3676 cordis
1387 3621 1727 3692 penetralia.
1771 3620 1991 3677 Deinde

280 3707 609 3779 inquirente
635 3709 891 3777 homine,
914 3712 1071 3767 venit
1103 3712 1289 3781 gratia
1341 3712 1410 3767 ad
1440 3728 1597 3780 eum,
1632 3716 1688 3767 et
1748 3718 1993 3782 occupat

285 3799 430 3854 duas
461 3799 674 3856 animas
705 3806 897 3872 partes
929 3802 1250 3873 aequaliter.
1275 3802 1383 3868 Qui
1416 3802 1595 3874 igitur
1624 3801 1849 3859 inscius
1880 3806 1991 3869 est,

286 3886 560 3945 invitatus
608 3907 640 3945 a
715 3891 918 3962 gratia,
988 3892 1307 3947 arbitratur
1371 3893 1616 3964 gratiam
1667 3893 1993 3964 ingressam

2099 3263 2348 3337 Ἐρευνᾷν
2406 3263 2501 3317 οῦν
2556 3260 2761 3341 ὀφείλει
2819 3258 3041 3325 ἕκαστος
3098 3264 3283 3335 ἡμῶν,
3334 3262 3379 3319 εἰ
3434 3261 3585 3337 εῦρεν
3645 3262 3699 3319 ἐν
3730 3267 3811 3335 τῷ

2099 3352 2402 3427 ὀστρακίνῳ
2430 3354 2612 3426 τούτῳ
2665 3351 2839 3407 σκεύει
2872 3358 2889 3391 ¹
2939 3353 3033 3407 τὸν
3088 3352 3377 3427 θησαυρὸν,
3409 3352 3453 3407 εἰ
3520 3349 3810 3408 ἐνεδύσατο

2097 3444 2196 3511 τήν
2256 3442 2535 3518 πορφύραν
2590 3446 2687 3497 τοῦ
2737 3441 3070 3516 πνεύματος,
3131 3442 3178 3499 εἰ
3233 3440 3343 3498 εἶδε
3400 3443 3491 3497 τὸν
3553 3441 3807 3517 βασιλέα,

2098 3534 2188 3587 καὶ
2248 3531 2522 3602 ἀνεπαύθη
2583 3537 2605 3572 ²
2666 3529 2961 3608 ἐγγύτατος
3054 3531 3220 3587 αὑτοῦ
3304 3532 3616 3609 γενόμενος.
3703 3532 3808 3588 εἴτε

2102 3622 2283 3694 ἀκμὴν
2338 3620 2415 3682 είς
2469 3620 2599 3682 τοὺς
2652 3620 2952 3691 ἐξωτάτους
3020 3620 3207 3685 οἷ’κους
3254 3618 3487 3677 διακινεῖ
3544 3641 3558 3654 ·
3612 3623 3646 3690 ἢ
3708 3621 3805 3695 γὰρ

2102 3712 2250 3785 λυχή
2285 3707 2397 3785 ἔχει
2436 3708 2578 3783 μέλη
2630 3708 2836 3779 πολλὰ,
2866 3712 2958 3765 καὶ
3021 3712 3187 3786 βάθος
3238 3710 3405 3778 πολὺ,
3430 3712 3520 3766 καὶ
3553 3710 3805 3779 λοιπδνή

2104 3800 2339 3875 ἁμαρτία
2386 3797 2771 3855 ἐπεισελθοῦσα
2826 3800 3085 3875 κατέσχεν
3154 3801 3326 3870 αὑτῆς
3384 3798 3490 3855 ὅλα
3543 3802 3611 3854 τά
3664 3800 3805 3873 μέλη

2102 3890 2191 3945 καὶ
2247 3889 2342 3951 τάς
2391 3890 2562 3962 νομὰς
2619 3895 2720 3958 τῆς
2767 3886 3013 3964 καρδίας.
3076 3890 3207 3945 Εἶτα
3264 3888 3652 3960 ἐπιζητοῦντος
3714 3894 3808 3944 τοῦ

288 3994 491 4034 omnes
513 3979 718 4035 anima:
750 3984 942 4051 partes
991 3982 1271 4049 obtinere,
1308 3985 1367 4038 et
1422 3987 1725 4053 peccatum
1785 3981 1987 4038 radici-

2105 3980 2390 4053 ἀνθρώπου
2437 3974 2657 4054 ἔρχεται
2724 3980 2758 4048 ἡ
2815 3977 2979 4053 χάρις
3022 3978 3159 4054 πρὸς
3214 3978 3394 4047 αὑτόν,
3452 3979 3541 4033 καὶ
3589 3982 3807 4055 κατέχει

286 4073 386 4124 tus
418 4069 602 4125 evelli.
638 4070 822 4141 Major
852 4075 1045 4127 autem
1078 4088 1212 4143 pars
1244 4089 1276 4126 a
1308 4076 1542 4144 peccato
1574 4072 1920 4145 possidetur,
1943 4076 1987 4127 et

2107 4066 2202 4123 δύο
2237 4068 2377 4139 μέλη
2411 4074 2511 4136 τῆς
2552 4071 2738 4141 ψυχῆς
2798 4065 2947 4130 ἴσως.
2997 4068 3055 4123 Ὀ
3105 4066 3199 4123 οὖν
3260 4064 3504 4142 ἄπειρος,
3561 4088 3812 4141 παρακα-

289 4175 408 4214 una
464 4176 598 4230 pars
640 4176 673 4214 a
737 4160 966 4229 gratia;
1012 4164 1069 4216 et
1099 4161 1386 4231 decipitur
1414 4162 1508 4217 ille
1538 4167 1593 4217 et
1626 4163 1830 4219 nescit.
1892 4167 1987 4217 Pet

2108 4157 2407 4231 λούμενους
2441 4156 2543 4212 ὑπὸ
2598 4159 2697 4221 τῆς
2756 4154 3002 4231 χάριτος,
3061 4154 3299 4231 νομίζει,
3358 4157 3441 4213 ὅτι
3500 4155 3735 4213 ἐλθοῦσα
3773 4160 3807 4228 ἡ

290 4248 463 4319 plura
527 4252 717 4304 autem
777 4248 970 4304 adhuc
1036 4250 1107 4305 de
1174 4250 1268 4306 his
1337 4251 1623 4307 habentes
1688 4250 1987 4305 attentioni

2105 4249 2269 4323 χάρίς
2300 4247 2403 4302 ὅλα
2439 4247 2505 4301 τὰ
2562 4243 2701 4318 μέλη
2759 4252 2859 4315 τῆς
2918 4248 3103 4322 ψυχῆς
3161 4246 3415 4322 κατέσχε,
3468 4248 3559 4302 καὶ
3616 4247 3815 4324 £35353:-

290 4342 495 4394 vestrte
553 4339 906 4396 sinceritatis
956 4341 1295 4411 patefacere,
1330 4358 1429 4412 per
1487 4358 1669 4411 pauca
1726 4341 1987 4397 dedimus

2108 4337 2256 4407 ζώθη
2289 4340 2310 4373 ³
2339 4340 2374 4406 ἡ
2434 4337 2692 4411 ἁμαρτία.
2725 4338 2796 4392 Τὸ
2839 4336 3097 4393 πλεῖστον
3142 4334 3198 4393 δὲ
3260 4340 3423 4413 μέρος
3479 4345 3581 4408 τῆς
3629 4340 3813 4413 ἁμαρ-

290 4426 450 4482 vobis
488 4426 839 4499 principium
881 4433 947 4483 ut
984 4430 1449 4503 iutelligentihus
1519 4430 1882 4497 hominibus,
1933 4438 1987 4485 ut

2104 4426 2223 4488 τίας
2280 4431 2579 4501 κρατεῖται,
2635 4426 2725 4481 καὶ
2782 4424 2837 4481 ἓν
2900 4428 3067 4499 μέρος
3128 4427 3231 4483 ὑπὸ
3278 4435 3381 4497 τῆς
3408 4429 3684 4503 χάριτος·
3718 4428 3813 4482 καί

292 4520 624 4571 exercentes
654 4521 711 4570 et
742 4518 1088 4575 meditantes
1127 4536 1461 4576 sermonum
1492 4520 1787 4589 virtutem,
1818 4519 1987 4575 intel-

2110 4514 2503 4571 ὑποκλέπτεται
2533 4516 2622 4570 καὶ
2655 4514 2753 4570 οὑκ
2783 4513 2919 4574 οἶδε.
2962 4517 3059 4571 Διά
3110 4514 3379 4571 πλειόνων
3439 4513 3497 4571 δὲ
3550 4517 3627 4573 ἔτι
3685 4518 3811 4593 περὶ

2182 4606 2193 4621 1
2369 4598 2393 4621 Ἰ
2643 4602 2658 4621 9
2824 4603 2870 4621 οἱ
3019 4610 3046 4621 υ
3103 4602 3128 4621 ἡ
3195 4604 3246 4621 ΑΙ
3424 4612 3451 4621 ,ι
3551 4608 3567 4621 ο
3695 4608 3706 4621 ι

292 4604 628 4675 ligentiores
661 4604 816 4661 iiatis
846 4606 904 4662 in
954 4608 1220 4677 Domino,
1253 4614 1309 4665 et
1366 4609 1517 4667 158
1568 4608 1987 4680 simplicitatem

2101 4606 2308 4660 τούτων
2368 4598 2588 4679 ἔχοντες
2640 4602 2942 4660 ἐπιστεῖλαι
2980 4610 3049 4679 τῇ
3102 4602 3331 4660 διαθέσει
3386 4612 3487 4676 τῆς
3546 4608 3814 4683 ὑμετέρας

293 4694 482 4750 cordis
514 4696 683 4751 vestri
716 4699 981 4767 augeatis
1030 4700 1089 4754 in
1129 4701 1252 4769 ejus
1284 4700 1488 4771 gratia,
1520 4704 1578 4755 et
1602 4699 1813 4755 virtute
1842 4700 1987 4753 veri-

2101 4695 2463 4769 εἷλικρινείας.
2498 4693 2566 4750 δι’
2618 4694 2826 4771 ὀλίγων
2887 4693 3167 4770 ἐδώκαμεν
3232 4698 3361 4768 ὑμῖν
3420 4696 3675 4775 ἀφορμὴν
3733 4700 3812 4762 ὡς

290 4785 452 4853 tatis,
487 4790 551 4840 ut
580 4802 709 4841 cum
768 4788 927 4843 omni
977 4790 1287 4845 securitate
1326 4795 1522 4844 vestras
1557 4790 1725 4844 saluti
1760 4789 1991 4843 incum-

290 4874 518 4941 hentes,
548 4880 605 4930 et
662 4874 889 4932 liberati
946 4878 1018 4933 ab
1067 4878 1225 4934 omni
1281 4879 1614 4935 curiositate
1670 4882 1727 4933 et
1793 4878 1991 4933 fraude

295 4962 607 5018 adversarii
639 4965 797 5034 digni
857 4966 1194 5023 habeamini
1249 4966 1467 5022 innoxii
1511 4970 1568 5023 et
1607 4967 1802 5023 invicti
1833 4966 1990 5023 inve-

296 5054 409 5109 niri
438 5057 498 5109 in
556 5056 646 5110 die
698 5056 906 5127 judicii
967 5058 1189 5114 Domini
1240 5059 1574 5116 nostrilesu
1616 5059 1866 5129 Christi;
1901 5061 1991 5118 cui

298 5144 483 5215 gloria
511 5149 568 5202 et
589 5149 840 5218 potestas
878 5164 1011 5204 cum
1047 5152 1213 5204 Patre
1252 5153 1309 5205 et
1336 5148 1563 5205 viviilco
1596 5151 1724 5224 ejus
1769 5150 1989 5222 Spiritu

361 5327 404 5363 ³¹
438 5329 634 5386 Matth.
662 5346 858 5400 xxvm,
887 5331 979 5387 20.
1008 5329 1055 5366 ³³
1087 5330 1289 5387 Matth.
1321 5348 1421 5401 xu,
1457 5330 1542 5387 il.

2100 4790 2344 4847 συνετοῖς
2398 4781 2676 4858 ἀνδράσιν,
2730 4782 2822 4839 ’ἶνα
2906 4785 3264 4859 ἐργασάμενοι
3348 4786 3439 4840 καὶ
3526 4787 3814 4863 ἐξερευνή-

2101 4897 2286 4939 σαντες
2311 4876 2410 4944 τὴν
2456 4878 2567 4929 τῶν
2616 4872 2795 4949 λόγων
2858 4872 3101 4949 δύναμιν,
3173 4876 3523 4950 συνετώτεροι
3582 4874 3814 4951 γένησθε

2099 4965 2152 5022 ἐν
2187 4964 2391 5041 Κυρίῳ,
2448 4963 2537 5018 καὶ
2578 4964 2680 5033 τήν
2737 4961 3022 5035 ἁπλότητα
3067 4970 3170 5033 τῆς
3225 4962 3450 5039 καρδίας
3504 4965 3659 5037 ὑμῶν
3707 4966 3815 5021 αύ-

2101 5056 2291 5129 ξάνητε
2349 5054 2400 5109 ἐν
2452 5057 2522 5128 τῇ
2568 5052 2731 5109 ἀύτοῦ
2762 5055 2969 5129 χάριτι,
3001 5055 3087 5109 καὶ
3133 5052 3359 5128 δυνάμει
3392 5061 3491 5126 τῆς
3522 5056 3810 5127 ἀληθείας,

2097 5147 2193 5203 ⁹ίνα
2256 5148 2389 5221 μετά
2433 5145 2610 5217 πάσης
2667 5143 2962 5224 ἀσφαλείας
3022 5144 3373 5222 ἀντεχόμενοι
3430 5152 3531 5218 τῆς
3602 5146 3807 5203 ἐαυτῶν

1672 5511 1946 5575 νΑΒΙλΕ
1986 5508 2454 5572 LECTIONES.

360 5686 379 5723 ¹
412 5683 548 5745 Cod.
581 5679 769 5754 σκεύη.
846 5682 869 5721 ⁸
906 5680 1006 5756 ἴση
1038 5682 1240 5756 ἀνεπάη
1270 5690 1369 5744 aut
1397 5680 1662 5757 ἁνεπαύη.
1738 5680 1763 5723 ³
1790 5682 1927 5743 Cod.
1970 5678 2284 5755 ἐξεριζώθη.
