  <div class='ocr_page' id='page_1' title='image "/cluster/home/n/w/nwhite01/storage/ocr_20150623/34/hvd.32044073501835/420.png"; bbox 0 0 4116 6210; ppageno 0'>
   <div class='ocr_carea' id='block_1_1' title="bbox 281 379 3849 460">
    <p class='ocr_par' dir='ltr' id='par_1_1' title="bbox 281 379 3849 460">
     <span class='ocr_line' id='line_1_1' title="bbox 281 379 3849 460; baseline -0.004 -1"><span class='ocrx_word' id='word_1_1' title='bbox 281 395 400 460; x_wconf 76' lang='grc'>821</span> <span class='ocrx_word' id='word_1_2' title='bbox 1475 390 1706 452; x_wconf 80' lang='lat' dir='ltr'>LIBER</span> <span class='ocrx_word' id='word_1_3' title='bbox 1747 392 1849 454; x_wconf 89' lang='lat' dir='ltr'>DE</span> <span class='ocrx_word' id='word_1_4' title='bbox 1893 391 2278 456; x_wconf 78' lang='lat' dir='ltr'>CUSTODIA</span> <span class='ocrx_word' id='word_1_5' title='bbox 2324 389 2631 452; x_wconf 81' lang='lat' dir='ltr'>CORDIS.</span> <span class='ocrx_word' id='word_1_6' title='bbox 3690 379 3849 445; x_wconf 42' lang='lat'>823‘-</span> 
     </span>
    </p>
   </div>
   <div class='ocr_carea' id='block_1_2' title="bbox 282 514 1907 602">
    <p class='ocr_par' dir='ltr' id='par_1_2' title="bbox 282 520 1847 602">
     <span class='ocr_line' id='line_1_2' title="bbox 282 520 1847 602; baseline -0.003 -18"><span class='ocrx_word' id='word_1_7' title='bbox 282 527 590 602; x_wconf 74' lang='grc' dir='ltr'>σωτηρίας,</span> <span class='ocrx_word' id='word_1_8' title='bbox 644 525 758 582; x_wconf 63' lang='grc' dir='ltr'><strong>καῖ</strong></span> <span class='ocrx_word' id='word_1_9' title='bbox 791 520 1064 602; x_wconf 75' lang='grc' dir='ltr'>ῥυσθέντες</span> <span class='ocrx_word' id='word_1_10' title='bbox 1118 520 1224 580; x_wconf 76' lang='grc' dir='ltr'>ἇπὸ</span> <span class='ocrx_word' id='word_1_11' title='bbox 1279 524 1457 595; x_wconf 72' lang='grc' dir='ltr'>πάσης</span> <span class='ocrx_word' id='word_1_12' title='bbox 1505 525 1847 602; x_wconf 73' lang='grc' dir='ltr'>περιεργείας</span> 
     </span>
    </p>
   </div>
   <div class='ocr_carea' id='block_1_3' title="bbox 2181 514 3806 602">
    <p class='ocr_par' dir='ltr' id='par_1_3' title="bbox 2181 514 3806 595">
     <span class='ocr_line' id='line_1_3' title="bbox 2181 514 3806 595; baseline -0.004 -15"><span class='ocrx_word' id='word_1_13' title='bbox 2181 542 2267 582; x_wconf 83' lang='lat' dir='ltr'>me</span> <span class='ocrx_word' id='word_1_14' title='bbox 2298 529 2355 581; x_wconf 86' lang='lat' dir='ltr'>et</span> <span class='ocrx_word' id='word_1_15' title='bbox 2393 539 2641 595; x_wconf 82' lang='lat' dir='ltr'>semper,</span> <span class='ocrx_word' id='word_1_16' title='bbox 2691 524 2748 579; x_wconf 91' lang='lat' dir='ltr'>et</span> <span class='ocrx_word' id='word_1_17' title='bbox 2794 521 2852 578; x_wconf 88' lang='lat' dir='ltr'>in</span> <span class='ocrx_word' id='word_1_18' title='bbox 2903 521 3133 578; x_wconf 83' lang='lat' dir='ltr'>infinita</span> <span class='ocrx_word' id='word_1_19' title='bbox 3185 517 3398 576; x_wconf 71' lang='lat' dir='ltr'>saecula</span> <span class='ocrx_word' id='word_1_20' title='bbox 3427 514 3806 574; x_wconf 67' lang='lat' dir='ltr'>secuturum.</span> 
     </span>
    </p>
   </div>
   <div class='ocr_carea' id='block_1_4' title="bbox 289 613 2316 688">
    <p class='ocr_par' dir='ltr' id='par_1_4' title="bbox 289 613 2316 688">
     <span class='ocr_line' id='line_1_4' title="bbox 289 613 2316 688; baseline -0.002 -14"><span class='ocrx_word' id='word_1_21' title='bbox 289 616 626 688; x_wconf 81' lang='grc' dir='ltr'>δολιότητος</span> <span class='ocrx_word' id='word_1_22' title='bbox 696 619 793 670; x_wconf 71' lang='grc' dir='ltr'>τοῦ</span> <span class='ocrx_word' id='word_1_23' title='bbox 851 613 1228 687; x_wconf 73' lang='grc' dir='ltr'>ἀντικειμένου</span> <span class='ocrx_word' id='word_1_24' title='bbox 1311 617 1686 688; x_wconf 79' lang='grc' dir='ltr'>καταξιωθῆτε</span> <span class='ocrx_word' id='word_1_25' title='bbox 1754 615 1997 672; x_wconf 82' lang='grc' dir='ltr'>ἀπτωτοι</span> <span class='ocrx_word' id='word_1_26' title='bbox 2112 619 2316 673; x_wconf 86' lang='lat' dir='ltr'>Amen.</span> 
     </span>
    </p>
   </div>
   <div class='ocr_carea' id='block_1_5' title="bbox 289 695 3818 783">
    <p class='ocr_par' dir='ltr' id='par_1_5' title="bbox 289 695 3818 783">
     <span class='ocr_line' id='line_1_5' title="bbox 289 695 3818 783; baseline -0.004 -19"><span class='ocrx_word' id='word_1_27' title='bbox 289 709 382 764; x_wconf 73' lang='grc' dir='ltr'>καὶ</span> <span class='ocrx_word' id='word_1_28' title='bbox 449 707 901 783; x_wconf 75' lang='grc' dir='ltr'>ἆκαταγώνιποι,</span> <span class='ocrx_word' id='word_1_29' title='bbox 969 706 1254 780; x_wconf 75' lang='grc' dir='ltr'>εὖρεθῆνᾳι</span> <span class='ocrx_word' id='word_1_30' title='bbox 1321 705 1372 760; x_wconf 81' lang='grc' dir='ltr'>ὲν</span> <span class='ocrx_word' id='word_1_31' title='bbox 1436 709 1506 780; x_wconf 81' lang='grc' dir='ltr'>τῇ</span> <span class='ocrx_word' id='word_1_32' title='bbox 1573 704 1756 779; x_wconf 73' lang='grc' dir='ltr'>ἡμέρᾳ</span> <span class='ocrx_word' id='word_1_33' title='bbox 1820 713 1922 777; x_wconf 81' lang='grc' dir='ltr'>τῆς</span> <span class='ocrx_word' id='word_1_34' title='bbox 1989 703 2329 780; x_wconf 79' lang='grc' dir='ltr'>διαγνώσεως</span> <span class='ocrx_word' id='word_1_35' title='bbox 2358 708 2455 759; x_wconf 74' lang='grc' dir='ltr'>τοῦ</span> <span class='ocrx_word' id='word_1_36' title='bbox 2489 701 2685 777; x_wconf 79' lang='grc' dir='ltr'>Κυρίου</span> <span class='ocrx_word' id='word_1_37' title='bbox 2742 705 2904 777; x_wconf 74' lang='grc' dir='ltr'>ἡμῶν</span> <span class='ocrx_word' id='word_1_38' title='bbox 2964 704 3144 773; x_wconf 81' lang='grc' dir='ltr'>Ἰησοῦ</span> <span class='ocrx_word' id='word_1_39' title='bbox 3200 703 3487 776; x_wconf 79' lang='grc' dir='ltr'>Χριστοῦ·</span> <span class='ocrx_word' id='word_1_40' title='bbox 3523 699 3568 769; x_wconf 81' lang='grc' dir='ltr'>ᾧ</span> <span class='ocrx_word' id='word_1_41' title='bbox 3617 695 3818 766; x_wconf 68' lang='grc' dir='ltr'>ἡόόζκ</span> 
     </span>
    </p>
   </div>
   <div class='ocr_carea' id='block_1_6' title="bbox 286 785 3816 872">
    <p class='ocr_par' dir='ltr' id='par_1_6' title="bbox 286 785 3816 872">
     <span class='ocr_line' id='line_1_6' title="bbox 286 785 3816 872; baseline -0.003 -20"><span class='ocrx_word' id='word_1_42' title='bbox 286 798 378 853; x_wconf 73' lang='grc' dir='ltr'>καὶ</span> <span class='ocrx_word' id='word_1_43' title='bbox 424 797 487 852; x_wconf 77' lang='grc' dir='ltr'>τὸ</span> <span class='ocrx_word' id='word_1_44' title='bbox 541 796 741 870; x_wconf 78' lang='grc' dir='ltr'>κράτος</span> <span class='ocrx_word' id='word_1_45' title='bbox 794 793 886 849; x_wconf 69' lang='grc' dir='ltr'>σὺν</span> <span class='ocrx_word' id='word_1_46' title='bbox 943 798 1023 866; x_wconf 81' lang='grc' dir='ltr'>τῷ</span> <span class='ocrx_word' id='word_1_47' title='bbox 1071 795 1240 871; x_wconf 85' lang='grc' dir='ltr'>Πατρὶ</span> <span class='ocrx_word' id='word_1_48' title='bbox 1311 793 1402 850; x_wconf 68' lang='grc' dir='ltr'>καὶ</span> <span class='ocrx_word' id='word_1_49' title='bbox 1445 799 1524 869; x_wconf 79' lang='grc' dir='ltr'>τῷ</span> <span class='ocrx_word' id='word_1_50' title='bbox 1573 799 1831 868; x_wconf 80' lang='grc' dir='ltr'>ζωοποιῷ</span> <span class='ocrx_word' id='word_1_51' title='bbox 1880 795 2152 872; x_wconf 70' lang='grc' dir='ltr'>Πνεῦμαιτι</span> <span class='ocrx_word' id='word_1_52' title='bbox 2200 795 2363 851; x_wconf 74' lang='grc' dir='ltr'>αὐτοῦ</span> <span class='ocrx_word' id='word_1_53' title='bbox 2418 797 2531 862; x_wconf 72' lang='grc' dir='ltr'>νῦν,</span> <span class='ocrx_word' id='word_1_54' title='bbox 2597 791 2687 847; x_wconf 78' lang='grc' dir='ltr'>καὶ</span> <span class='ocrx_word' id='word_1_55' title='bbox 2757 792 2862 861; x_wconf 82' lang='grc' dir='ltr'>ἀεὶ,</span> <span class='ocrx_word' id='word_1_56' title='bbox 2931 793 3024 849; x_wconf 80' lang='grc' dir='ltr'>καὶ</span> <span class='ocrx_word' id='word_1_57' title='bbox 3093 792 3170 854; x_wconf 82' lang='grc' dir='ltr'>εἰς</span> <span class='ocrx_word' id='word_1_58' title='bbox 3223 788 3352 853; x_wconf 71' lang='grc' dir='ltr'>τοὺς</span> <span class='ocrx_word' id='word_1_59' title='bbox 3419 785 3816 858; x_wconf 74' lang='grc' dir='ltr'>ἀτελευτήτους</span> 
     </span>
    </p>
   </div>
   <div class='ocr_carea' id='block_1_7' title="bbox 290 883 1148 958">
    <p class='ocr_par' dir='ltr' id='par_1_7' title="bbox 290 883 1148 958">
     <span class='ocr_line' id='line_1_7' title="bbox 290 883 1148 958; baseline -0.006 -16"><span class='ocrx_word' id='word_1_60' title='bbox 290 887 496 950; x_wconf 76' lang='grc' dir='ltr'>αἰῶνας</span> <span class='ocrx_word' id='word_1_61' title='bbox 521 888 628 940; x_wconf 79' lang='grc' dir='ltr'>τῶν</span> <span class='ocrx_word' id='word_1_62' title='bbox 657 883 894 939; x_wconf 82' lang='grc' dir='ltr'>αἰώνων.</span> <span class='ocrx_word' id='word_1_63' title='bbox 928 883 1148 958; x_wconf 73' lang='grc' dir='ltr'>’Δμήν.]</span> 
     </span>
    </p>
   </div>
   <div class='ocr_carea' id='block_1_8' title="bbox 758 1257 3372 1499">
    <p class='ocr_par' dir='ltr' id='par_1_8' title="bbox 758 1257 3372 1499">
     <span class='ocr_line' id='line_1_8' title="bbox 758 1257 3372 1499; baseline 0.002 -78"><span class='ocrx_word' id='word_1_64' title='bbox 758 1257 923 1422; x_wconf 89' lang='lat' dir='ltr'>S.</span> <span class='ocrx_word' id='word_1_65' title='bbox 1018 1261 1192 1423; x_wconf 89' lang='lat' dir='ltr'>P.</span> <span class='ocrx_word' id='word_1_66' title='bbox 1286 1261 1475 1425; x_wconf 89' lang='lat' dir='ltr'>N.</span> <span class='ocrx_word' id='word_1_67' title='bbox 1566 1262 2419 1432; x_wconf 79' lang='lat' dir='ltr'>MACARII</span> <span class='ocrx_word' id='word_1_68' title='bbox 2496 1263 3372 1432; x_wconf 61' lang='lat' dir='ltr'>[EGYPTII</span> 
     </span>
    </p>
   </div>
   <div class='ocr_carea' id='block_1_9' title="bbox 1403 1550 2718 1669">
    <p class='ocr_par' dir='ltr' id='par_1_9' title="bbox 1403 1550 2718 1669">
     <span class='ocr_line' id='line_1_9' title="bbox 1403 1550 2718 1669; baseline 0.004 -5"><span class='ocrx_word' id='word_1_69' title='bbox 1403 1550 1866 1666; x_wconf 84' lang='lat' dir='ltr'>OPUSCU</span> <span class='ocrx_word' id='word_1_70' title='bbox 1885 1556 2028 1669; x_wconf 86' lang='lat' dir='ltr'>LA</span> <span class='ocrx_word' id='word_1_71' title='bbox 2116 1554 2519 1669; x_wconf 82' lang='lat' dir='ltr'>ASCETI</span> <span class='ocrx_word' id='word_1_72' title='bbox 2537 1555 2718 1669; x_wconf 86' lang='lat' dir='ltr'>CA.</span> 
     </span>
    </p>
   </div>
   <div class='ocr_carea' id='block_1_10' title="bbox 1412 1786 2707 1864">
    <p class='ocr_par' dir='ltr' id='par_1_10' title="bbox 1412 1786 2707 1864">
     <span class='ocr_line' id='line_1_10' title="bbox 1412 1786 2707 1864; baseline 0.004 -22"><span class='ocrx_word' id='word_1_73' title='bbox 1412 1786 1729 1860; x_wconf 75' lang='lat' dir='ltr'>(GALLAND.</span> <span class='ocrx_word' id='word_1_74' title='bbox 1767 1789 2024 1849; x_wconf 77' lang='lat' dir='ltr'>Bibliolh.</span> <span class='ocrx_word' id='word_1_75' title='bbox 2048 1791 2199 1847; x_wconf 80' lang='lat' dir='ltr'>Patr.</span> <span class='ocrx_word' id='word_1_76' title='bbox 2235 1795 2277 1847; x_wconf 87' lang='lat' dir='ltr'>t.</span> <span class='ocrx_word' id='word_1_77' title='bbox 2311 1791 2433 1859; x_wconf 88' lang='lat' dir='ltr'>VII,</span> <span class='ocrx_word' id='word_1_78' title='bbox 2467 1809 2521 1864; x_wconf 79' lang='grc' dir='ltr'>ρ.</span> <span class='ocrx_word' id='word_1_79' title='bbox 2559 1793 2707 1863; x_wconf 83' lang='grc'><strong>161.)</strong></span> 
     </span>
    </p>
   </div>
   <div class='ocr_carea' id='block_1_11' title="bbox 2025 1963 2098 1978">
    <p class='ocr_par' dir='ltr' id='par_1_11' title="bbox 2025 1963 2098 1978">
     <span class='ocr_line' id='line_1_11' title="bbox 2025 1963 2098 1978; baseline 0 -4"><span class='ocrx_word' id='word_1_80' title='bbox 2025 1963 2098 1978; x_wconf 58' lang='grc' dir='ltr'>..η</span> 
     </span>
    </p>
   </div>
   <div class='ocr_carea' id='block_1_12' title="bbox 393 2162 3809 2259">
    <p class='ocr_par' dir='ltr' id='par_1_12' title="bbox 393 2162 3809 2259">
     <span class='ocr_line' id='line_1_12' title="bbox 393 2162 3809 2259; baseline 0.001 -27"><span class='ocrx_word' id='word_1_81' title='bbox 393 2168 561 2234; x_wconf 68' lang='lat' dir='ltr'>Haec</span> <span class='ocrx_word' id='word_1_82' title='bbox 593 2162 948 2254; x_wconf 84' lang='lat' dir='ltr'>opuscula</span> <span class='ocrx_word' id='word_1_83' title='bbox 966 2163 1101 2233; x_wconf 89' lang='lat' dir='ltr'>sub</span> <span class='ocrx_word' id='word_1_84' title='bbox 1123 2165 1362 2235; x_wconf 88' lang='lat' dir='ltr'>sancti</span> <span class='ocrx_word' id='word_1_85' title='bbox 1389 2167 1690 2236; x_wconf 80' lang='lat' dir='ltr'>Macarii</span> <span class='ocrx_word' id='word_1_86' title='bbox 1721 2168 2039 2258; x_wconf 58' lang='lat' dir='ltr'>ngyptii</span> <span class='ocrx_word' id='word_1_87' title='bbox 2071 2168 2369 2237; x_wconf 88' lang='lat' dir='ltr'>nomine</span> <span class='ocrx_word' id='word_1_88' title='bbox 2390 2169 2670 2259; x_wconf 89' lang='lat' dir='ltr'>primus</span> <span class='ocrx_word' id='word_1_89' title='bbox 2710 2169 2935 2240; x_wconf 88' lang='lat' dir='ltr'>edidit</span> <span class='ocrx_word' id='word_1_90' title='bbox 2963 2190 3049 2238; x_wconf 84' lang='lat' dir='ltr'>ex</span> <span class='ocrx_word' id='word_1_91' title='bbox 3079 2168 3452 2240; x_wconf 86' lang='lat' dir='ltr'>Francisci</span> <span class='ocrx_word' id='word_1_92' title='bbox 3474 2164 3809 2237; x_wconf 87' lang='lat' dir='ltr'>Turriani</span> 
     </span>
    </p>
   </div>
   <div class='ocr_carea' id='block_1_13' title="bbox 300 2271 3811 2364">
    <p class='ocr_par' dir='ltr' id='par_1_13' title="bbox 300 2271 3811 2364">
     <span class='ocr_line' id='line_1_13' title="bbox 300 2271 3811 2364; baseline 0.001 -23"><span class='ocrx_word' id='word_1_93' title='bbox 300 2271 681 2341; x_wconf 87' lang='lat' dir='ltr'>Societatis</span> <span class='ocrx_word' id='word_1_94' title='bbox 717 2275 888 2341; x_wconf 86' lang='lat' dir='ltr'>Jesu</span> <span class='ocrx_word' id='word_1_95' title='bbox 912 2271 1162 2340; x_wconf 82' lang='lat' dir='ltr'>codice</span> <span class='ocrx_word' id='word_1_96' title='bbox 1180 2273 1486 2363; x_wconf 89' lang='lat' dir='ltr'>antiquo</span> <span class='ocrx_word' id='word_1_97' title='bbox 1512 2279 1765 2344; x_wconf 78' lang='lat' dir='ltr'>Petrus</span> <span class='ocrx_word' id='word_1_98' title='bbox 1800 2277 2144 2344; x_wconf 86' lang='lat' dir='ltr'>Possinus</span> <span class='ocrx_word' id='word_1_99' title='bbox 2163 2275 2438 2346; x_wconf 60' lang='lat' dir='ltr'>Tolosae</span> <span class='ocrx_word' id='word_1_100' title='bbox 2462 2280 2635 2348; x_wconf 88' lang='grc'>1683</span> <span class='ocrx_word' id='word_1_101' title='bbox 2667 2278 2850 2356; x_wconf 82' lang='grc' dir='ltr'>ἱη-4,</span> <span class='ocrx_word' id='word_1_102' title='bbox 2892 2276 3152 2346; x_wconf 84' lang='lat' dir='ltr'>exinde</span> <span class='ocrx_word' id='word_1_103' title='bbox 3184 2275 3550 2364; x_wconf 85' lang='lat' dir='ltr'>aGeorgio</span> <span class='ocrx_word' id='word_1_104' title='bbox 3573 2274 3811 2344; x_wconf 83' lang='lat' dir='ltr'>Pretio</span> 
     </span>
    </p>
   </div>
   <div class='ocr_carea' id='block_1_14' title="bbox 303 2379 3813 2470">
    <p class='ocr_par' dir='ltr' id='par_1_14' title="bbox 303 2379 3813 2470">
     <span class='ocr_line' id='line_1_14' title="bbox 303 2379 3813 2470; baseline 0.001 -24"><span class='ocrx_word' id='word_1_105' title='bbox 303 2379 498 2447; x_wconf 90' lang='lat' dir='ltr'>inter</span> <span class='ocrx_word' id='word_1_106' title='bbox 537 2379 960 2448; x_wconf 86' lang='lat' dir='ltr'>Macariana</span> <span class='ocrx_word' id='word_1_107' title='bbox 997 2400 1242 2468; x_wconf 90' lang='lat' dir='ltr'>opera,</span> <span class='ocrx_word' id='word_1_108' title='bbox 1279 2380 1570 2470; x_wconf 78' lang='lat' dir='ltr'>Lipsiae,</span> <span class='ocrx_word' id='word_1_109' title='bbox 1608 2384 1804 2464; x_wconf 75' lang='grc'><strong>1714,</strong></span> <span class='ocrx_word' id='word_1_110' title='bbox 1832 2383 2010 2461; x_wconf 90' lang='lat' dir='ltr'>in-8,</span> <span class='ocrx_word' id='word_1_111' title='bbox 2043 2387 2114 2452; x_wconf 90' lang='lat' dir='ltr'>et</span> <span class='ocrx_word' id='word_1_112' title='bbox 2142 2403 2183 2451; x_wconf 88' lang='lat' dir='ltr'>a</span> <span class='ocrx_word' id='word_1_113' title='bbox 2203 2383 2586 2453; x_wconf 86' lang='lat' dir='ltr'>Gallandio</span> <span class='ocrx_word' id='word_1_114' title='bbox 2617 2384 2692 2451; x_wconf 90' lang='lat' dir='ltr'>in</span> <span class='ocrx_word' id='word_1_115' title='bbox 2718 2386 3139 2453; x_wconf 79' lang='lat' dir='ltr'>Bibliotheca</span> <span class='ocrx_word' id='word_1_116' title='bbox 3164 2387 3484 2452; x_wconf 77' lang='lat' dir='ltr'>Veterum</span> <span class='ocrx_word' id='word_1_117' title='bbox 3513 2384 3813 2450; x_wconf 82' lang='lat' dir='ltr'>Patrum</span> 
     </span>
    </p>
   </div>
   <div class='ocr_carea' id='block_1_15' title="bbox 312 2487 3826 2580">
    <p class='ocr_par' dir='ltr' id='par_1_15' title="bbox 312 2487 3826 2580">
     <span class='ocr_line' id='line_1_15' title="bbox 312 2487 3826 2580; baseline 0 -25"><span class='ocrx_word' id='word_1_118' title='bbox 312 2487 554 2555; x_wconf 90' lang='lat' dir='ltr'>denuo</span> <span class='ocrx_word' id='word_1_119' title='bbox 588 2490 761 2555; x_wconf 92' lang='lat' dir='ltr'>sunt</span> <span class='ocrx_word' id='word_1_120' title='bbox 792 2507 1074 2554; x_wconf 90' lang='lat' dir='ltr'>recusa.</span> <span class='ocrx_word' id='word_1_121' title='bbox 1113 2489 1284 2555; x_wconf 73' lang='lat' dir='ltr'>Haec</span> <span class='ocrx_word' id='word_1_122' title='bbox 1307 2488 1662 2577; x_wconf 85' lang='lat' dir='ltr'>opuscula</span> <span class='ocrx_word' id='word_1_123' title='bbox 1687 2510 1833 2558; x_wconf 89' lang='lat' dir='ltr'>non</span> <span class='ocrx_word' id='word_1_124' title='bbox 1854 2510 2008 2558; x_wconf 84' lang='lat' dir='ltr'>esse</span> <span class='ocrx_word' id='word_1_125' title='bbox 2032 2490 2326 2580; x_wconf 87' lang='lat' dir='ltr'>quidem</span> <span class='ocrx_word' id='word_1_126' title='bbox 2353 2492 2678 2580; x_wconf 84' lang='lat' dir='ltr'>genuina</span> <span class='ocrx_word' id='word_1_127' title='bbox 2702 2491 2941 2559; x_wconf 86' lang='lat' dir='ltr'>sancti</span> <span class='ocrx_word' id='word_1_128' title='bbox 2976 2489 3276 2558; x_wconf 81' lang='lat' dir='ltr'>Macarii</span> <span class='ocrx_word' id='word_1_129' title='bbox 3308 2509 3551 2578; x_wconf 88' lang='lat' dir='ltr'>opera,</span> <span class='ocrx_word' id='word_1_130' title='bbox 3589 2487 3713 2556; x_wconf 86' lang='lat' dir='ltr'>sed</span> <span class='ocrx_word' id='word_1_131' title='bbox 3737 2508 3826 2556; x_wconf 84' lang='lat' dir='ltr'>ex</span> 
     </span>
    </p>
   </div>
   <div class='ocr_carea' id='block_1_16' title="bbox 313 2593 3829 2690">
    <p class='ocr_par' dir='ltr' id='par_1_16' title="bbox 313 2593 3829 2690">
     <span class='ocr_line' id='line_1_16' title="bbox 313 2593 3829 2690; baseline 0 -27"><span class='ocrx_word' id='word_1_132' title='bbox 313 2595 646 2684; x_wconf 85' lang='lat' dir='ltr'>ejusdem</span> <span class='ocrx_word' id='word_1_133' title='bbox 690 2593 1019 2664; x_wconf 88' lang='lat' dir='ltr'>homiliis</span> <span class='ocrx_word' id='word_1_134' title='bbox 1059 2593 1281 2663; x_wconf 85' lang='lat' dir='ltr'>fuisse</span> <span class='ocrx_word' id='word_1_135' title='bbox 1305 2596 1702 2686; x_wconf 86' lang='lat' dir='ltr'>compilata</span> <span class='ocrx_word' id='word_1_136' title='bbox 1735 2618 1820 2665; x_wconf 86' lang='lat' dir='ltr'>ex</span> <span class='ocrx_word' id='word_1_137' title='bbox 1855 2600 2406 2687; x_wconf 82' lang='lat' dir='ltr'>comparatione</span> <span class='ocrx_word' id='word_1_138' title='bbox 2440 2598 2961 2690; x_wconf 87' lang='lat' dir='ltr'>opusculorum</span> <span class='ocrx_word' id='word_1_139' title='bbox 2986 2619 3156 2666; x_wconf 88' lang='lat' dir='ltr'>cum</span> <span class='ocrx_word' id='word_1_140' title='bbox 3187 2596 3511 2665; x_wconf 88' lang='lat' dir='ltr'>homiliis</span> <span class='ocrx_word' id='word_1_141' title='bbox 3543 2599 3738 2684; x_wconf 84' lang='lat' dir='ltr'>patet</span> <span class='ocrx_word' id='word_1_142' title='bbox 3760 2598 3829 2664; x_wconf 86' lang='lat' dir='ltr'>et</span> 
     </span>
    </p>
   </div>
   <div class='ocr_carea' id='block_1_17' title="bbox 309 2699 3826 2792">
    <p class='ocr_par' dir='ltr' id='par_1_17' title="bbox 309 2699 3826 2792">
     <span class='ocr_line' id='line_1_17' title="bbox 309 2699 3826 2792; baseline 0.001 -23"><span class='ocrx_word' id='word_1_143' title='bbox 309 2701 614 2791; x_wconf 85' lang='lat' dir='ltr'>insuper</span> <span class='ocrx_word' id='word_1_144' title='bbox 651 2699 1174 2792; x_wconf 86' lang='lat' dir='ltr'>comprobatur</span> <span class='ocrx_word' id='word_1_145' title='bbox 1209 2701 1351 2771; x_wconf 84' lang='lat' dir='ltr'>fide</span> <span class='ocrx_word' id='word_1_146' title='bbox 1385 2702 1727 2772; x_wconf 88' lang='lat' dir='ltr'>codicum</span> <span class='ocrx_word' id='word_1_147' title='bbox 1759 2706 1992 2772; x_wconf 62' lang='lat' dir='ltr'>Grmc.</span> <span class='ocrx_word' id='word_1_148' title='bbox 2017 2705 2486 2775; x_wconf 77' lang='lat' dir='ltr'>Bibliothecae</span> <span class='ocrx_word' id='word_1_149' title='bbox 2517 2709 2862 2776; x_wconf 64' lang='lat' dir='ltr'>Caesarea:</span> <span class='ocrx_word' id='word_1_150' title='bbox 2886 2704 3435 2774; x_wconf 87' lang='lat' dir='ltr'>Vindobonensi</span> <span class='ocrx_word' id='word_1_151' title='bbox 3468 2703 3623 2770; x_wconf 88' lang='lat' dir='ltr'>nris</span> <span class='ocrx_word' id='word_1_152' title='bbox 3655 2704 3826 2787; x_wconf 83' lang='lat' dir='ltr'>CIV,</span> 
     </span>
    </p>
   </div>
   <div class='ocr_carea' id='block_1_18' title="bbox 309 2808 3828 2902">
    <p class='ocr_par' dir='ltr' id='par_1_18' title="bbox 309 2808 3828 2902">
     <span class='ocr_line' id='line_1_18' title="bbox 309 2808 3828 2902; baseline 0.001 -27"><span class='ocrx_word' id='word_1_153' title='bbox 309 2808 488 2876; x_wconf 91' lang='lat' dir='ltr'>olim</span> <span class='ocrx_word' id='word_1_154' title='bbox 520 2810 770 2887; x_wconf 85' lang='lat' dir='ltr'>CCXL,</span> <span class='ocrx_word' id='word_1_155' title='bbox 805 2811 1098 2902; x_wconf 82' lang='lat' dir='ltr'>in-l&#39;ol.),</span> <span class='ocrx_word' id='word_1_156' title='bbox 1135 2810 1306 2879; x_wconf 86' lang='lat' dir='ltr'>CXL</span> <span class='ocrx_word' id='word_1_157' title='bbox 1333 2809 1547 2900; x_wconf 90' lang='lat' dir='ltr'>(olim</span> <span class='ocrx_word' id='word_1_158' title='bbox 1581 2811 1942 2892; x_wconf 83' lang='lat' dir='ltr'>CLXXIX,</span> <span class='ocrx_word' id='word_1_159' title='bbox 1978 2811 2191 2901; x_wconf 76' lang='lat' dir='ltr'>in-4),</span> <span class='ocrx_word' id='word_1_160' title='bbox 2230 2815 2554 2880; x_wconf 81' lang='lat' dir='ltr'>CLXXIX</span> <span class='ocrx_word' id='word_1_161' title='bbox 2589 2813 2797 2898; x_wconf 90' lang='lat' dir='ltr'>(olim</span> <span class='ocrx_word' id='word_1_162' title='bbox 2830 2815 3062 2895; x_wconf 84' lang='lat' dir='ltr'>CLVI,</span> <span class='ocrx_word' id='word_1_163' title='bbox 3107 2812 3313 2897; x_wconf 71' lang='lat' dir='ltr'>in-4),</span> <span class='ocrx_word' id='word_1_164' title='bbox 3356 2813 3580 2879; x_wconf 85' lang='lat' dir='ltr'>CXCII</span> <span class='ocrx_word' id='word_1_165' title='bbox 3622 2809 3828 2898; x_wconf 91' lang='lat' dir='ltr'>(olim</span> 
     </span>
    </p>
   </div>
   <div class='ocr_carea' id='block_1_19' title="bbox 318 2915 3831 3008">
    <p class='ocr_par' dir='ltr' id='par_1_19' title="bbox 318 2915 3831 3008">
     <span class='ocr_line' id='line_1_19' title="bbox 318 2915 3831 3008; baseline -0.001 -22"><span class='ocrx_word' id='word_1_166' title='bbox 318 2919 701 2986; x_wconf 84' lang='lat' dir='ltr'>CCXXXIV</span> <span class='ocrx_word' id='word_1_167' title='bbox 741 2918 946 3008; x_wconf 73' lang='lat' dir='ltr'>in-4).</span> <span class='ocrx_word' id='word_1_168' title='bbox 993 2921 1231 2990; x_wconf 86' lang='lat' dir='ltr'>Codex</span> <span class='ocrx_word' id='word_1_169' title='bbox 1259 2921 1403 2987; x_wconf 89' lang='lat' dir='ltr'>CIV</span> <span class='ocrx_word' id='word_1_170' title='bbox 1436 2917 1657 2986; x_wconf 88' lang='lat' dir='ltr'>etiam</span> <span class='ocrx_word' id='word_1_171' title='bbox 1701 2920 2124 2986; x_wconf 89' lang='lat' dir='ltr'>Simeonem</span> <span class='ocrx_word' id='word_1_172' title='bbox 2162 2921 2633 3007; x_wconf 85' lang='lat' dir='ltr'>Logothetam</span> <span class='ocrx_word' id='word_1_173' title='bbox 2667 2919 2792 3007; x_wconf 91' lang='lat' dir='ltr'>qui</span> <span class='ocrx_word' id='word_1_174' title='bbox 2846 2919 3091 2987; x_wconf 87' lang='lat' dir='ltr'>ﬂoruit</span> <span class='ocrx_word' id='word_1_175' title='bbox 3120 2917 3372 2987; x_wconf 63' lang='lat' dir='ltr'>saeculi</span> <span class='ocrx_word' id='word_1_176' title='bbox 3405 2915 3831 2984; x_wconf 90' lang='lat' dir='ltr'>duodecimi</span> 
     </span>
    </p>
   </div>
   <div class='ocr_carea' id='block_1_20' title="bbox 319 3022 3832 3119">
    <p class='ocr_par' dir='ltr' id='par_1_20' title="bbox 319 3022 3832 3119">
     <span class='ocr_line' id='line_1_20' title="bbox 319 3022 3832 3119; baseline -0.001 -29"><span class='ocrx_word' id='word_1_177' title='bbox 319 3023 560 3112; x_wconf 89' lang='lat' dir='ltr'>priore</span> <span class='ocrx_word' id='word_1_178' title='bbox 585 3028 859 3114; x_wconf 75' lang='lat' dir='ltr'>parte(i</span> <span class='ocrx_word' id='word_1_179' title='bbox 883 3026 1058 3119; x_wconf 82' lang='lat'>152),</span> <span class='ocrx_word' id='word_1_180' title='bbox 1081 3025 1604 3119; x_wconf 86' lang='lat' dir='ltr'>opusculorum</span> <span class='ocrx_word' id='word_1_181' title='bbox 1622 3023 2179 3113; x_wconf 88' lang='lat' dir='ltr'>compilatorem</span> <span class='ocrx_word' id='word_1_182' title='bbox 2203 3045 2358 3093; x_wconf 89' lang='lat' dir='ltr'>esse</span> <span class='ocrx_word' id='word_1_183' title='bbox 2377 3025 2641 3092; x_wconf 81' lang='lat' dir='ltr'>diserte</span> <span class='ocrx_word' id='word_1_184' title='bbox 2662 3024 2922 3114; x_wconf 90' lang='lat' dir='ltr'>prodit.</span> <span class='ocrx_word' id='word_1_185' title='bbox 2947 3023 3314 3114; x_wconf 87' lang='lat' dir='ltr'>Opuscula</span> <span class='ocrx_word' id='word_1_186' title='bbox 3333 3023 3533 3090; x_wconf 91' lang='lat' dir='ltr'>enim</span> <span class='ocrx_word' id='word_1_187' title='bbox 3556 3022 3832 3090; x_wconf 90' lang='lat' dir='ltr'>ibidem</span> 
     </span>
    </p>
   </div>
   <div class='ocr_carea' id='block_1_21' title="bbox 316 3130 1941 3226">
    <p class='ocr_par' dir='ltr' id='par_1_21' title="bbox 316 3130 1941 3226">
     <span class='ocr_line' id='line_1_21' title="bbox 316 3130 1941 3226; baseline 0.003 -28"><span class='ocrx_word' id='word_1_188' title='bbox 316 3131 421 3200; x_wconf 86' lang='lat' dir='ltr'>ita</span> <span class='ocrx_word' id='word_1_189' title='bbox 467 3130 820 3220; x_wconf 87' lang='lat' dir='ltr'>leguntur</span> <span class='ocrx_word' id='word_1_190' title='bbox 867 3134 1224 3226; x_wconf 86' lang='lat' dir='ltr'>inscripta</span> <span class='ocrx_word' id='word_1_191' title='bbox 1273 3156 1288 3202; x_wconf 76' lang='grc' dir='ltr'><strong>ε</strong></span> <span class='ocrx_word' id='word_1_192' title='bbox 1371 3147 1651 3223; x_wconf 58' lang='lat' dir='ltr'>mecum</span> <span class='ocrx_word' id='word_1_193' title='bbox 1701 3152 1799 3204; x_wconf 76' lang='grc' dir='ltr'>τοῦ</span> <span class='ocrx_word' id='word_1_194' title='bbox 1839 3148 1941 3224; x_wconf 78' lang='grc' dir='ltr'>ἁγίι</span> 
     </span>
    </p>
   </div>
   <div class='ocr_carea' id='block_1_22' title="bbox 2206 3130 3831 3226">
    <p class='ocr_par' dir='ltr' id='par_1_22' title="bbox 2206 3144 3831 3225">
     <span class='ocr_line' id='line_1_22' title="bbox 2206 3144 3831 3225; baseline -0.003 -24"><span class='ocrx_word' id='word_1_195' title='bbox 2206 3147 2338 3223; x_wconf 78' lang='grc' dir='ltr'>ιρίου</span> <span class='ocrx_word' id='word_1_196' title='bbox 2397 3147 2830 3225; x_wconf 73' lang='grc' dir='ltr'>μεταφρασθὲντα</span> <span class='ocrx_word' id='word_1_197' title='bbox 2894 3146 3040 3222; x_wconf 77' lang='grc' dir='ltr'>παρᾶ</span> <span class='ocrx_word' id='word_1_198' title='bbox 3098 3147 3325 3221; x_wconf 80' lang='grc' dir='ltr'>Συμεὼν</span> <span class='ocrx_word' id='word_1_199' title='bbox 3379 3148 3477 3202; x_wconf 74' lang='grc' dir='ltr'>τοῦ</span> <span class='ocrx_word' id='word_1_200' title='bbox 3526 3144 3831 3222; x_wconf 75' lang='grc' dir='ltr'>Λογοθέτου</span> 
     </span>
    </p>
   </div>
   <div class='ocr_carea' id='block_1_23' title="bbox 314 3235 3143 3330">
    <p class='ocr_par' dir='ltr' id='par_1_23' title="bbox 314 3235 3143 3330">
     <span class='ocr_line' id='line_1_23' title="bbox 314 3235 3143 3330; baseline -0 -24"><span class='ocrx_word' id='word_1_201' title='bbox 314 3235 493 3328; x_wconf 85' lang='lat' dir='ltr'>(sic)</span> <span class='ocrx_word' id='word_1_202' title='bbox 524 3256 604 3330; x_wconf 81' lang='grc' dir='ltr'>ρν⁹</span> <span class='ocrx_word' id='word_1_203' title='bbox 633 3239 885 3310; x_wconf 86' lang='lat' dir='ltr'>Sancti</span> <span class='ocrx_word' id='word_1_204' title='bbox 907 3241 1216 3324; x_wconf 85' lang='lat' dir='ltr'>Macarii</span> <span class='ocrx_word' id='word_1_205' title='bbox 1241 3243 1472 3329; x_wconf 84' lang='lat' dir='ltr'>capita</span> <span class='ocrx_word' id='word_1_206' title='bbox 1502 3243 1590 3309; x_wconf 90' lang='grc'>50</span> <span class='ocrx_word' id='word_1_207' title='bbox 1620 3261 1661 3308; x_wconf 90' lang='lat' dir='ltr'>a</span> <span class='ocrx_word' id='word_1_208' title='bbox 1683 3240 2012 3309; x_wconf 82' lang='lat' dir='ltr'>Simeone</span> <span class='ocrx_word' id='word_1_209' title='bbox 2041 3237 2419 3326; x_wconf 80' lang='lat' dir='ltr'>Logotlzeta</span> <span class='ocrx_word' id='word_1_210' title='bbox 2459 3241 2914 3326; x_wconf 77' lang='lat' dir='ltr'>transcripta.</span> <span class='ocrx_word' id='word_1_211' title='bbox 2947 3241 3143 3307; x_wconf 55' lang='lat' dir='ltr'>Enna</span> 
     </span>
    </p>
   </div>
   <div class='ocr_carea' id='block_1_24' title="bbox 559 3633 3618 3838">
    <p class='ocr_par' dir='ltr' id='par_1_24' title="bbox 559 3633 3618 3838">
     <span class='ocr_line' id='line_1_24' title="bbox 559 3633 3618 3838; baseline -0.002 -28"><span class='ocrx_word' id='word_1_212' title='bbox 559 3639 1783 3812; x_wconf 83' lang='grc' dir='ltr'>ΜΑΚΑΡΙΟΥ</span> <span class='ocrx_word' id='word_1_213' title='bbox 1915 3637 2389 3810; x_wconf 84' lang='grc' dir='ltr'>ΤΟΥ</span> <span class='ocrx_word' id='word_1_214' title='bbox 2525 3633 3618 3838; x_wconf 80' lang='grc' dir='ltr'>ΜΕΓΑΛΟΥ</span> 
     </span>
    </p>
   </div>
   <div class='ocr_carea' id='block_1_25' title="bbox 1295 3954 2884 4054">
    <p class='ocr_par' dir='ltr' id='par_1_25' title="bbox 1295 3954 2884 4054">
     <span class='ocr_line' id='line_1_25' title="bbox 1295 3954 2884 4054; baseline -0.003 -1"><span class='ocrx_word' id='word_1_215' title='bbox 1295 3960 1598 4054; x_wconf 90' lang='grc' dir='ltr'>ΠΕΡΙ</span> <span class='ocrx_word' id='word_1_216' title='bbox 1678 3957 2262 4053; x_wconf 83' lang='grc' dir='ltr'>ΦΥΛΑΚΗΣ</span> <span class='ocrx_word' id='word_1_217' title='bbox 2344 3954 2884 4050; x_wconf 86' lang='grc' dir='ltr'>ΚΑΡΔΙΑΣ</span> 
     </span>
    </p>
   </div>
   <div class='ocr_carea' id='block_1_26' title="bbox 1959 4209 2194 4258">
    <p class='ocr_par' dir='ltr' id='par_1_26' title="bbox 1959 4209 2194 4258">
     <span class='ocr_line' id='line_1_26' title="bbox 1959 4209 2194 4258; baseline -0.004 0"><span class='ocrx_word' id='word_1_218' title='bbox 1959 4209 2194 4258; x_wconf 86' lang='grc' dir='ltr'>ΛΟΓΟΣ.</span> 
     </span>
    </p>
   </div>
   <div class='ocr_carea' id='block_1_27' title="bbox 2046 4386 2120 4400">
    <p class='ocr_par' dir='ltr' id='par_1_27' title="bbox 2046 4386 2120 4400">
     <span class='ocr_line' id='line_1_27' title="bbox 2046 4386 2120 4400; baseline 0 0"><span class='ocrx_word' id='word_1_219' title='bbox 2046 4386 2120 4400; x_wconf 70' lang='grc' dir='ltr'>σι·-</span> 
     </span>
    </p>
   </div>
   <div class='ocr_carea' id='block_1_28' title="bbox 1269 4607 2905 4777">
    <p class='ocr_par' dir='ltr' id='par_1_28' title="bbox 1269 4607 2905 4777">
     <span class='ocr_line' id='line_1_28' title="bbox 1269 4607 2905 4777; baseline -0.001 -1"><span class='ocrx_word' id='word_1_220' title='bbox 1269 4609 2124 4777; x_wconf 80' lang='lat' dir='ltr'>MACARII</span> <span class='ocrx_word' id='word_1_221' title='bbox 2252 4607 2905 4776; x_wconf 85' lang='lat' dir='ltr'><strong>MAGNI</strong></span> 
     </span>
    </p>
   </div>
   <div class='ocr_carea' id='block_1_29' title="bbox 1412 4921 2754 5039">
    <p class='ocr_par' dir='ltr' id='par_1_29' title="bbox 1412 4921 2754 5039">
     <span class='ocr_line' id='line_1_29' title="bbox 1412 4921 2754 5039; baseline -0.002 -3"><span class='ocrx_word' id='word_1_222' title='bbox 1412 4921 1572 5039; x_wconf 90' lang='lat' dir='ltr'><strong>DE</strong></span> <span class='ocrx_word' id='word_1_223' title='bbox 1645 4921 2245 5039; x_wconf 76' lang='lat' dir='ltr'>CUSTODIA</span> <span class='ocrx_word' id='word_1_224' title='bbox 2321 4923 2754 5039; x_wconf 78' lang='lat' dir='ltr'>CORDIS</span> 
     </span>
    </p>
   </div>
   <div class='ocr_carea' id='block_1_30' title="bbox 1947 5157 2205 5218">
    <p class='ocr_par' dir='ltr' id='par_1_30' title="bbox 1947 5157 2205 5218">
     <span class='ocr_line' id='line_1_30' title="bbox 1947 5157 2205 5218; baseline 0.004 -1"><span class='ocrx_word' id='word_1_225' title='bbox 1947 5157 2205 5218; x_wconf 76' lang='lat' dir='ltr'>LIBER.</span> 
     </span>
    </p>
   </div>
   <div class='ocr_carea' id='block_1_31' title="bbox 393 5504 2018 5592">
    <p class='ocr_par' dir='ltr' id='par_1_31' title="bbox 393 5509 2018 5592">
     <span class='ocr_line' id='line_1_31' title="bbox 393 5509 2018 5592; baseline -0.011 -10"><span class='ocrx_word' id='word_1_226' title='bbox 393 5524 478 5582; x_wconf 76' lang='lat' dir='ltr'>A&#39;.</span> <span class='ocrx_word' id='word_1_227' title='bbox 537 5528 667 5583; x_wconf 86' lang='grc' dir='ltr'>Πως</span> <span class='ocrx_word' id='word_1_228' title='bbox 725 5517 946 5574; x_wconf 79' lang='grc' dir='ltr'>δύναται</span> <span class='ocrx_word' id='word_1_229' title='bbox 1003 5514 1177 5592; x_wconf 62' lang='grc' dir='ltr'>λέγων</span> <span class='ocrx_word' id='word_1_230' title='bbox 1238 5513 1266 5568; x_wconf 87' lang='grc' dir='ltr'><strong>ὁ</strong></span> <span class='ocrx_word' id='word_1_231' title='bbox 1320 5515 1529 5589; x_wconf 80' lang='grc' dir='ltr'>τυχῶν,</span> <span class='ocrx_word' id='word_1_232' title='bbox 1585 5509 1668 5566; x_wconf 74' lang='grc' dir='ltr'>ὅτι</span> <span class='ocrx_word' id='word_1_233' title='bbox 1738 5509 2018 5581; x_wconf 47' lang='grc' dir='ltr'>νηστεύωντ</span> 
     </span>
    </p>
   </div>
   <div class='ocr_carea' id='block_1_32' title="bbox 2215 5504 3840 5592">
    <p class='ocr_par' dir='ltr' id='par_1_32' title="bbox 2215 5504 3840 5587">
     <span class='ocr_line' id='line_1_32' title="bbox 2215 5504 3840 5587; baseline -0.004 -18"><span class='ocrx_word' id='word_1_234' title='bbox 2215 5513 2367 5572; x_wconf 70' lang='grc' dir='ltr'>Ιῡυ</span> <span class='ocrx_word' id='word_1_235' title='bbox 2417 5516 2713 5582; x_wconf 84' lang='lat' dir='ltr'>Quomodo</span> <span class='ocrx_word' id='word_1_236' title='bbox 2761 5516 2950 5587; x_wconf 77' lang='lat' dir='ltr'>potest</span> <span class='ocrx_word' id='word_1_237' title='bbox 2993 5511 3182 5568; x_wconf 82' lang='lat' dir='ltr'>dicere</span> <span class='ocrx_word' id='word_1_238' title='bbox 3211 5506 3501 5582; x_wconf 82' lang='lat' dir='ltr'>quilibet:</span> <span class='ocrx_word' id='word_1_239' title='bbox 3533 5504 3840 5576; x_wconf 81' lang='lat' dir='ltr'>Jejunans,</span> 
     </span>
    </p>
   </div>
   <div class='ocr_carea' id='block_1_33' title="bbox 321 5597 1946 5682">
    <p class='ocr_par' dir='ltr' id='par_1_33' title="bbox 321 5600 1944 5682">
     <span class='ocr_line' id='line_1_33' title="bbox 321 5600 1944 5682; baseline -0.008 -16"><span class='ocrx_word' id='word_1_240' title='bbox 321 5611 415 5666; x_wconf 76' lang='grc' dir='ltr'>καὶ</span> <span class='ocrx_word' id='word_1_241' title='bbox 445 5611 752 5682; x_wconf 76' lang='grc' dir='ltr'>ξενιτεὺων,</span> <span class='ocrx_word' id='word_1_242' title='bbox 787 5609 877 5664; x_wconf 78' lang='grc' dir='ltr'>καὶ</span> <span class='ocrx_word' id='word_1_243' title='bbox 910 5605 1186 5682; x_wconf 79' lang='grc' dir='ltr'>ψωμίψων</span> <span class='ocrx_word' id='word_1_244' title='bbox 1219 5623 1324 5676; x_wconf 86' lang='grc' dir='ltr'>μου</span> <span class='ocrx_word' id='word_1_245' title='bbox 1372 5604 1438 5657; x_wconf 80' lang='grc' dir='ltr'>τὰ</span> <span class='ocrx_word' id='word_1_246' title='bbox 1500 5602 1819 5676; x_wconf 73' lang='grc' dir='ltr'>ὑπάρχοντα</span> <span class='ocrx_word' id='word_1_247' title='bbox 1875 5600 1944 5676; x_wconf 82' lang='grc' dir='ltr'>ὁὶγ</span> 
     </span>
    </p>
   </div>
   <div class='ocr_carea' id='block_1_34' title="bbox 2217 5597 3842 5682">
    <p class='ocr_par' dir='ltr' id='par_1_34' title="bbox 2218 5597 3842 5680">
     <span class='ocr_line' id='line_1_34' title="bbox 2218 5597 3842 5680; baseline -0.006 -19"><span class='ocrx_word' id='word_1_248' title='bbox 2218 5621 2381 5678; x_wconf 81' lang='lat' dir='ltr'>regre</span> <span class='ocrx_word' id='word_1_249' title='bbox 2401 5608 2638 5680; x_wconf 81' lang='lat' dir='ltr'>degens,</span> <span class='ocrx_word' id='word_1_250' title='bbox 2664 5605 2870 5662; x_wconf 84' lang='lat' dir='ltr'>divisis</span> <span class='ocrx_word' id='word_1_251' title='bbox 2891 5601 3333 5676; x_wconf 84' lang='lat' dir='ltr'>dispertitisque</span> <span class='ocrx_word' id='word_1_252' title='bbox 3353 5598 3522 5655; x_wconf 82' lang='lat' dir='ltr'>bonis</span> <span class='ocrx_word' id='word_1_253' title='bbox 3551 5597 3696 5653; x_wconf 86' lang='lat' dir='ltr'>meis</span> <span class='ocrx_word' id='word_1_254' title='bbox 3718 5613 3842 5653; x_wconf 87' lang='lat' dir='ltr'>om-</span> 
     </span>
    </p>
   </div>
   <div class='ocr_carea' id='block_1_35' title="bbox 321 5684 1946 5777">
    <p class='ocr_par' dir='ltr' id='par_1_35' title="bbox 321 5684 1946 5777">
     <span class='ocr_line' id='line_1_35' title="bbox 321 5684 1946 5777; baseline -0.007 -20"><span class='ocrx_word' id='word_1_255' title='bbox 321 5699 443 5777; x_wconf 82' lang='grc' dir='ltr'>ιῖμι</span> <span class='ocrx_word' id='word_1_256' title='bbox 477 5718 494 5772; x_wconf 85' lang='grc'>;</span> <span class='ocrx_word' id='word_1_257' title='bbox 525 5701 722 5777; x_wconf 81' lang='grc' dir='ltr'>’Ἀγιός</span> <span class='ocrx_word' id='word_1_258' title='bbox 779 5697 942 5770; x_wconf 79' lang='grc' dir='ltr'>ἐστιν,</span> <span class='ocrx_word' id='word_1_259' title='bbox 997 5696 1064 5751; x_wconf 82' lang='grc' dir='ltr'>οὐ</span> <span class='ocrx_word' id='word_1_260' title='bbox 1117 5691 1404 5768; x_wconf 77' lang='grc' dir='ltr'>καθαρθεὶς</span> <span class='ocrx_word' id='word_1_261' title='bbox 1439 5691 1534 5747; x_wconf 79' lang='grc' dir='ltr'>τὸν</span> <span class='ocrx_word' id='word_1_262' title='bbox 1561 5684 1678 5764; x_wconf 17' lang='grc' dir='ltr'>λέσω</span> <span class='ocrx_word' id='word_1_263' title='bbox 1705 5688 1946 5766; x_wconf 73' lang='grc' dir='ltr'>ἄνθρωπε</span> 
     </span>
    </p>
   </div>
   <div class='ocr_carea' id='block_1_36' title="bbox 2208 5684 3833 5777">
    <p class='ocr_par' dir='ltr' id='par_1_36' title="bbox 2208 5687 3833 5766">
     <span class='ocr_line' id='line_1_36' title="bbox 2208 5687 3833 5766; baseline -0.007 -14"><span class='ocrx_word' id='word_1_264' title='bbox 2208 5695 2337 5766; x_wconf 87' lang='lat' dir='ltr'>bus,</span> <span class='ocrx_word' id='word_1_265' title='bbox 2360 5701 2593 5754; x_wconf 82' lang='lat' dir='ltr'>sanctus</span> <span class='ocrx_word' id='word_1_266' title='bbox 2611 5712 2743 5754; x_wconf 84' lang='lat' dir='ltr'>eum</span> <span class='ocrx_word' id='word_1_267' title='bbox 2761 5695 2790 5752; x_wconf 88' lang='lat'><strong>?</strong></span> <span class='ocrx_word' id='word_1_268' title='bbox 2806 5696 2894 5752; x_wconf 83' lang='lat' dir='ltr'>An</span> <span class='ocrx_word' id='word_1_269' title='bbox 2916 5693 3016 5751; x_wconf 81' lang='lat' dir='ltr'>ille</span> <span class='ocrx_word' id='word_1_270' title='bbox 3045 5695 3288 5750; x_wconf 68' lang='lat' dir='ltr'>senatus</span> <span class='ocrx_word' id='word_1_271' title='bbox 3317 5697 3426 5757; x_wconf 78' lang='lat' dir='ltr'>est,</span> <span class='ocrx_word' id='word_1_272' title='bbox 3449 5687 3548 5762; x_wconf 88' lang='lat' dir='ltr'>qui</span> <span class='ocrx_word' id='word_1_273' title='bbox 3569 5687 3833 5743; x_wconf 87' lang='lat' dir='ltr'>nondum</span> 
     </span>
    </p>
   </div>
  </div>
