4116 6210
281 349 402 411 823

1622 352 1688 412 S.
1735 348 2069 413 MACARII
2112 347 2446 412 IEGYPTII

3675 348 3791 409 824

277 480 616 540 emundavit
656 481 992 541 interiorem
1044 483 1339 541 hominem
1364 483 1392 540 ?
1424 500 1539 541 non
1569 484 1722 541 enim
1754 483 1970 556 qualis-

2093 481 2152 537 οὐ
2211 480 2315 557 γάρ
2372 483 2407 551 ἡ
2441 480 2628 556 ἀποχὴ
2674 482 2786 535 τῶν
2830 484 3011 535 κακῶν
3053 477 3197 535 ἔστιν
3244 480 3280 550 ἡ
3323 480 3601 555 κάθαρσις,
3670 479 3798 536 ἀλλ’

277 586 506 642 cunque
554 572 912 628 abstinentia
967 592 999 629 a
1035 573 1223 641 malis,
1261 574 1359 629 sed
1408 591 1533 647 quas
1567 573 1803 629 intimos
1834 590 1972 630 con-

281 660 537 717 scientias
584 663 748 718 sinus
788 665 951 719 omni
1006 663 1446 734 inquinamento
1494 679 1627 719 cum
1677 663 1977 735 diligentia

276 755 581 824 expurgat,
635 753 885 823 perfecta
916 752 1154 809 demum
1184 753 1520 809 emundatio
1554 757 1663 808 est.
1700 753 1843 824 Ergo
1886 753 1975 807 in-

277 840 517 911 gredere
545 841 626 897 sis
656 842 801 898 heus
829 849 913 912 tu,
961 842 1017 898 in
1070 842 1198 898 laxa
1248 844 1478 915 penitus
1525 843 1818 899 conclavia
1864 842 1976 898 late

277 928 441 984 intus
503 932 841 1001 vagantium
907 930 1326 1003 cogitationum
1388 936 1648 1000 tuarum,
1692 931 1762 986 ad
1814 935 1973 985 tuam

278 1018 562 1090 captivam
595 1025 651 1075 et
699 1037 921 1077 servam
964 1022 1182 1092 peccati
1234 1027 1517 1088 mentem;
1550 1026 1605 1077 et
1635 1020 1763 1077 vide
1792 1019 1851 1076 in
1882 1019 1977 1074 in-

277 1108 416 1164 timo
466 1110 594 1179 ejus
646 1110 847 1179 fundo,
897 1111 1008 1166 sub
1057 1111 1231 1165 turba
1282 1110 1648 1166 bullientium
1690 1108 1975 1180 cogitatio-

277 1214 441 1266 num,
473 1198 532 1253 in
564 1198 731 1270 ipsis,
763 1216 889 1271 qua:
932 1200 1139 1256 animae
1190 1200 1512 1271 penetralia
1542 1201 1839 1266 dicuntur,
1872 1215 1972 1257 oc-

277 1286 621 1343 cultissimis
668 1290 1035 1345 conscientiae
1084 1290 1433 1358 recessibus,
1502 1292 1823 1360 reptantem
1883 1288 1973 1343 ni-

276 1376 693 1449 dulantemque
747 1395 1016 1448 anguem,
1068 1379 1167 1450 qui
1220 1385 1275 1435 te
1327 1378 1556 1445 occidit,
1607 1394 1827 1434 veneno
1870 1392 1975 1432 suo

274 1468 512 1523 insectis
558 1467 835 1523 vitalibus
866 1469 1076 1523 animae
1121 1473 1233 1524 tua:
1267 1468 1521 1540 partibus
1550 1483 1615 1524 ac
1663 1466 1977 1523 membris.

2086 574 2120 641 ἡ
2166 572 2300 627 κατὰ
2347 567 2651 641 συνείδησιν
2706 569 2889 625 τελεία
2946 571 3225 643 κάθαρσις.
3282 568 3511 626 Εἴσελθε
3572 569 3701 645 γάρ,
3749 570 3795 625 ὦ

2086 660 2267 733 οὗτος,
2310 660 2396 717 διὰ
2434 668 2535 731 τῆς
2578 666 2685 717 τῶν
2736 659 3021 736 λογισμῶν
3056 681 3151 716 σου
3199 658 3495 724 ἐπιτάσεως
3538 664 3674 737 πρὸς
3704 662 3796 717 τὸν

2084 752 2469 827 αἰχμάλωτον,
2516 751 2605 807 καὶ
2655 749 2851 808 δοῦλον
2905 759 3007 821 τῆς
3060 752 3332 826 ἁμαρτίας
3380 756 3503 806 νοῦν
3552 773 3672 821 σου,
3702 752 3793 806 καὶ

2085 839 2165 897 ἴδε
2206 844 2299 897 τὸν
2332 842 2641 917 κατώτερον
2684 845 2782 896 τοῦ
2824 845 2919 896 νοῦ
2974 842 3063 895 καὶ
3129 842 3421 916 βαθύτερον
3474 846 3581 896 τῶν
3644 839 3797 917 λογιο

2086 937 2263 1005 σμῶν,
2304 930 2380 995 εἷς
2430 931 2496 986 τὰ
2541 950 2609 985 τα
2657 928 2929 1004 λεγόμενα
2958 934 3181 1003 ταμιεῖα
3208 936 3308 999 τῆς
3347 934 3536 1009 ψυχῆς
3569 951 3666 985 σου
3696 930 3793 986 τὸν

2081 1018 2312 1095 ’ἐρποντα
2357 1020 2445 1075 καὶ
2507 1017 2905 1093 ἑμφωλεύοντα
2978 1019 3125 1092 ὅφιν,
3184 1020 3276 1073 τὸν
3345 1018 3681 1096 φονεύσαντά
3737 1039 3801 1075 σε

2085 1106 2173 1164 διὰ
2209 1109 2319 1164 τῶν
2350 1107 2719 1184 καιριωτέρων
2749 1115 2851 1178 τῆς
2894 1111 3080 1183 ψυχῆς
3130 1128 3226 1163 σου
3276 1108 3459 1181 μελῶν
3493 1124 3508 1141 ⁶
3562 1102 3799 1169 ἄϐυσσος

2081 1197 2183 1275 γάρ
2240 1194 2381 1251 ἐστιν
2442 1194 2826 1265 ἀκατάληπτος
2876 1198 2912 1265 ἡ
2979 1193 3174 1269 καρδία
3227 1212 3241 1227 ⁶
3300 1194 3390 1250 καὶ
3462 1194 3549 1251 ἐάν
3600 1198 3794 1251 τοῦτον

2084 1292 2369 1364 φονεύσῃς,
2400 1286 2679 1359 καύχησαι
2711 1289 2793 1356 τῷ
2833 1288 2950 1356 Θεῷ
2999 1286 3121 1359 περί
3177 1285 3550 1359 καθαρότητος
3582 1304 3599 1320 ο
3640 1283 3686 1338 εί
3738 1281 3799 1338 δὲ

2087 1378 2189 1450 μή,
2232 1376 2583 1436 ταπεινωθεῖς
2634 1374 2710 1437 ὡς
2756 1372 2942 1442 ἐνδεὴς
2988 1374 3079 1428 καὶ
3133 1371 3463 1448 ἁμαρτωλὸς
3513 1373 3647 1447 ὑπὲρ
3674 1376 3783 1429 τῶν

2083 1464 2329 1541 κρυφίων
2371 1485 2466 1519 σου
2498 1461 2757 1536 δεόμενος
2787 1467 2885 1519 τοῦ
2916 1467 3071 1520 Θεοῦ.

273 1558 527 1628 Abyssus
574 1558 725 1613 enim
790 1559 1264 1629 inperscutabilis
1313 1574 1413 1613 cor
1448 1561 1557 1623 est,
1606 1563 1663 1613 et
1711 1556 1759 1612 si
1794 1554 2032 1629 quidem
2073 1556 2254 1612 istum
2309 1555 2693 1621 interleceris,
2747 1560 2888 1611 tunc
2933 1571 3068 1611 sane
3096 1555 3246 1611 aude
3266 1555 3420 1626 apud
3452 1557 3633 1611 Deum
3665 1553 3797 1627 glo-

276 1646 411 1700 riari
461 1648 531 1701 de
582 1654 679 1701 tua
728 1648 975 1717 puritate
1024 1663 1038 1703 :

275 1734 373 1791 illo
407 1737 639 1807 procide
669 1753 863 1803 orans,
896 1743 959 1792 ut
991 1742 1044 1793 te
1074 1738 1145 1793 ab
1186 1737 1430 1793 occultis
1461 1737 1582 1792 tuis
1615 1735 1880 1791 mundet.

350 1827 417 1882 II.
466 1831 615 1883 Vera
660 1844 817 1884 mors
864 1828 1025 1884 intus
1075 1829 1133 1884 in
1166 1829 1338 1885 corde
1370 1827 1713 1884 abscondita
1749 1831 1841 1881 est
1863 1841 1980 1899 qua
2012 1830 2057 1895 Β

274 1917 526 1973 exterior
573 1917 770 1985 homo,
804 1927 1102 1989 utcunque
1166 1917 1385 1990 spirare
1452 1917 1732 1984 videatur,
1783 1931 1978 1971 revera

274 2012 364 2064 est
396 2014 683 2064 mortuus.
726 2009 786 2064 Si
826 2009 958 2081 quis
988 2009 1166 2081 igitur
1211 2010 1270 2065 in
1311 2007 1411 2064 illo
1455 2024 1667 2064 arcano
1721 2006 1911 2062 cordis
1943 2022 1977 2062 a

275 2102 461 2153 morte
495 2098 565 2153 ad
602 2098 777 2155 vitam
829 2098 1061 2166 transit,
1108 2098 1160 2154 is
1201 2114 1333 2154 vere
1383 2097 1519 2152 vivit
1559 2097 1676 2153 vita
1708 2096 1966 2167 perenni,

274 2202 381 2243 nec
428 2186 684 2259 amplius
726 2188 991 2245 moritu’r.
1028 2188 1147 2244 Etsi
1179 2187 1333 2243 enim
1369 2187 1569 2243 talium
1603 2202 1831 2258 quoque
1852 2201 1971 2242 cor-

274 2292 435 2347 pora,
470 2276 879 2347 separantibus
914 2293 976 2333 se
1024 2281 1241 2333 statuto
1274 2284 1529 2347 tempore
1559 2276 1631 2331 ab
1662 2276 1729 2331 iis
1759 2274 1975 2331 anima-

272 2364 408 2434 bus,
458 2369 614 2421 certo
662 2366 851 2437 spatio
901 2366 1220 2432 solvuntur,
1270 2367 1475 2423 eadem
1524 2371 1743 2434 tamen,
1773 2370 1974 2436 utpote

273 2455 657 2514 sanctiﬁcata.
702 2459 1008 2526 resurgant
1053 2470 1188 2511 cum
1234 2456 1437 2527 gloria.
1481 2459 1791 2526 Propterea
1820 2471 1972 2511 som-

274 2556 414 2595 num
446 2558 722 2597 vocamus
750 2548 994 2599 mortem
1029 2550 1380 2599 sanctorum.

344 2628 440 2683 III.
475 2633 673 2684 Totum
723 2631 1035 2685 adversarii
1090 2635 1369 2687 certatem
1421 2630 1479 2687 in
1512 2646 1578 2686 eo
1610 2631 1872 2698 desudat,
1912 2634 1974 2687 ut

273 2720 445 2787 queat
530 2721 782 2773 mentem
845 2724 1109 2775 nostrum
1169 2736 1204 2774 a
1274 2719 1373 2776 Dei
1456 2720 1854 2775 recordatione
1919 2724 1974 2774 et

273 2820 471 2860 amore
520 2804 878 2875 abstrahere,
939 2806 1243 2863 illecebras
1307 2808 1379 2863 ad
1427 2807 1484 2861 id
1536 2807 1818 2863 adhibens
1864 2812 1974 2863 ter-

270 2906 465 2957 renas,
506 2894 785 2965 omnique
833 2902 954 2950 arte
990 2899 1259 2964 satagens
1305 2896 1575 2952 aﬂectum
1618 2911 1973 2967 sensumque

271 2987 537 3038 nostrum
590 2983 661 3039 ab
706 2999 795 3050 eo,
845 2986 948 3056 qui
1007 3001 1163 3040 unus
1204 3000 1337 3041 vere
1376 2985 1565 3042 bonus
1597 2990 1707 3052 est,
1755 2989 1823 3041 ad
1884 3001 1970 3053 ea,

271 3086 398 3142 quas
470 3068 594 3126 sola
668 3071 961 3142 opinione,
1012 3088 1126 3129 non
1192 3077 1385 3129 autem
1447 3072 1632 3129 solida
1710 3072 1971 3140 veritate,

267 3158 423 3213 bona
469 3162 628 3228 sunt,
672 3164 947 3215 avertere.
998 3159 1396 3232 Quodcunque
1454 3162 1610 3216 enim
1652 3160 1824 3217 homo
1865 3164 1967 3219 bo-

269 3264 408 3303 num
459 3248 617 3315 facit,
673 3249 930 3320 polluere
981 3265 1048 3306 ac
1098 3250 1501 3305 contaminare
1549 3252 1846 3323 improbus
1875 3269 1970 3309 co-

270 3340 464 3403 natur,
515 3338 882 3408 maximeque
923 3338 1243 3405 contendit,
1279 3354 1413 3393 cum
1454 3355 1624 3410 quem
1656 3340 1811 3397 videt
1858 3341 1969 3412 legi

270 3426 640 3480 observanda:
685 3442 921 3497 operam
970 3426 1229 3494 dantem,
1269 3428 1427 3497 operi
1483 3429 1633 3485 bono
1663 3436 1766 3485 aut
1802 3446 1969 3486 vanas

1091 1647 1183 1703 sin
1226 1647 1444 1715 minus,
1495 1645 1861 1715 humiliatus,
1923 1650 1990 1701 ut
2049 1644 2321 1716 indigens
2383 1652 2435 1699 et
2484 1649 2774 1716 peccator,
2843 1644 3051 1700 accede
3114 1644 3185 1700 ad
3230 1643 3433 1712 Deum,
3486 1649 3542 1701 et
3596 1659 3797 1701 coram

2163 1827 2239 1881 B'.
2279 1828 2338 1881 Ὀ
2385 1821 2647 1894 ἀληθινὸς
2695 1821 2921 1886 θάνατος
2969 1818 3182 1879 ἔνδοθεν
3230 1822 3281 1879 ἒν
3326 1827 3396 1897 τῇ
3463 1820 3661 1898 καρδίᾳ
3699 1824 3796 1878 κε-

2085 1935 2343 1989 κρυπται,
2408 1913 2498 1969 καὶ
2559 1915 2587 1968 6
2644 1912 2928 1986 ἄνθρωπος
2987 1907 3092 1968 ἔσω
3149 1910 3494 1987 νενέκρωται.
3566 1912 3640 1969 Εἴ
3708 1934 3800 1978 τις

2086 2004 2179 2059 οὖν
2226 1997 2590 2075 μεταϐέϐηκεν
2645 2001 2704 2056 ἐκ
2742 2004 2839 2057 τοῦ
2897 2002 3126 2057 θανάτου
3174 2002 3249 2064 εἰς
3288 2002 3389 2070 τὴν
3441 2001 3588 2071 ζωὴν
3631 2000 3683 2056 ἐν
3710 2005 3795 2073 τῷ

2084 2096 2329 2168 κρυπτῷ,
2365 2092 2521 2153 οὗτος
2578 2090 2801 2161 ἀληθῶς
2843 2090 2919 2153 είς
2970 2090 3099 2154 τοὺς
3146 2091 3347 2153 αἰῶνας
3397 2094 3486 2162 ζῇ,
3545 2091 3634 2146 καὶ
3691 2090 3794 2147 οὐκ

2085 2182 2412 2253 ἀποθνήσκει
2466 2200 2483 2214 ⁸
2544 2179 2671 2236 ἀλλ’
2728 2180 2774 2235 εἰ
2829 2181 2921 2235 καὶ
2975 2182 3043 2235 τά
3100 2181 3327 2253 σώματα
3366 2184 3476 2235 τῶν
3523 2180 3791 2236 τοιούτων

2086 2270 2273 2327 λύεται
2332 2271 2469 2347 πρὸς
2517 2269 2707 2346 καιρόν
2745 2290 2883 2339 τινα,
2932 2269 3059 2326 ἀλλ’
3104 2269 3197 2325 οὖν
3242 2270 3542 2346 ἡγιασμένα
3577 2272 3636 2326 τὲ
3682 2270 3787 2327 εἶσι

2080 2361 2172 2417 καὶ
2230 2359 2527 2437 ἐγείρονται
2574 2361 2669 2415 σὺν
2710 2356 2838 2434 δόξῃ
2873 2377 2888 2393 ·
2955 2356 3040 2415 διὸ
3078 2360 3171 2415 καὶ
3212 2358 3377 2416 ὕπνον
3419 2357 3654 2435 λέγομεν
3686 2360 3790 2429 τὴν

2081 2448 2343 2524 κοίμησιν
2363 2453 2471 2504 τῶν
2512 2448 2704 2524 ἁγίων.

2153 2633 2226 2687 Γ.
2282 2626 2448 2689 Ὄλος
2507 2628 2535 2681 6
2589 2626 2733 2703 ἀγὼν
2781 2631 2881 2682 τοῦ
2934 2626 3300 2699 ἀντικειμένου
3376 2627 3535 2692 οὗτός
3620 2628 3787 2697 ἔστιν,

2074 2715 2169 2772 ’ίνα
2199 2714 2407 2790 δυνηθῇ
2434 2718 2527 2771 τὸν
2558 2719 2684 2771 νοῦν
2715 2717 2878 2789 ἡμῶν
2911 2716 3018 2771 ἀπὸ
3046 2724 3149 2786 τῆς
3196 2716 3335 2790 πρὸς
3390 2717 3519 2772 Θεὸν
3560 2719 3790 2790 μνήμης

2078 2807 2168 2861 καὶ
2241 2805 2457 2880 ἀγάπης
2517 2804 2803 2876 ἒκσπᾶσαι,
2884 2803 3214 2879 δελεάσμασι
3284 2804 3502 2881 γηΐνοις
3561 2807 3791 2880 χρώμε-

2080 2916 2195 2960 νος,
2244 2894 2334 2950 καὶ
2374 2896 2481 2950 ἀπὸ
2524 2898 2622 2951 τοῦ
2681 2894 2836 2956 ὄντος
2898 2893 3074 2950 καλοῦ
3121 2896 3507 2969 παρεκτρέπων
3571 2893 3659 2949 ἐπὶ
3722 2895 3791 2949 τὰ

2083 2983 2331 3057 δοκήσει,
2361 2983 2488 3042 ἀλλ’
2555 2988 2655 3041 οὐκ
2711 2985 2881 3049 ὅντως
2936 2983 3099 3042 καλά.
3161 2990 3270 3041 Πᾶν
3306 2990 3407 3062 γὰρ
3448 2986 3477 3040 ὃ
3531 2985 3619 3041 ἐάν
3650 2989 3788 3059 ποιῇ

2082 3074 2367 3151 ἅνθρωπος
2432 3075 2624 3145 καλὸν,
2677 3073 2905 3131 σπιλοῦν
2958 3076 3049 3129 καὶ
3129 3073 3357 3147 μιαίνειν
3436 3076 3466 3129 6
3544 3074 3791 3149 πονηρὸς

2083 3164 2363 3239 βούλεται,
2413 3164 2505 3220 καὶ
2553 3166 2652 3234 τήν
2707 3162 2848 3220 ἲδίαν
2893 3164 3215 3240 ἐπεισποράν
3262 3171 3363 3235 τῆς
3410 3161 3717 3235 κενοδοξαίς
3749 3165 3786 3233 ἢ

2082 3253 2323 3323 ὀνήσεως
2378 3256 2449 3327 τῇ
2502 3251 2696 3327 ἐντολῇ
2754 3254 3044 3328 συμμίγειν
3108 3253 3431 3329 ἀγωνίζεται
3481 3273 3495 3287 ⁸
3550 3253 3647 3309 ’ἱνα
3708 3256 3786 3327 μῆ

2081 3339 2170 3397 διά
2226 3342 2355 3398 Θεὸν
2385 3343 2475 3397 καὶ
2512 3342 2677 3417 μόνον
2729 3343 2865 3399 κατά
2914 3343 3223 3418 προθυμίαν
3272 3344 3485 3419 ἀγαθὴν
3531 3344 3596 3400 τὸ
3638 3346 3791 3420 γινό-

2084 3452 2240 3505 μενον
2276 3432 2475 3506 ἀγαθὸν
2504 3434 2751 3508 γένηται.

268 3514 487 3584 gloriae,
537 3521 632 3569 ant
690 3513 933 3570 tumida:
979 3516 1067 3569 sui
1113 3515 1487 3585 prmsidentias
1548 3517 1735 3574 labem
1777 3519 2129 3593 inspergere,
2178 3538 2248 3579 ne
2297 3522 2396 3579 Dei
2444 3522 2625 3580 solius
2677 3540 2873 3595 causa,
2922 3532 2976 3581 et
3046 3541 3116 3581 ex
3146 3524 3299 3583 bono
3372 3542 3621 3598 vereque
3652 3525 3788 3583 lau-

270 3601 445 3658 dabili
479 3604 798 3674 proposito,
832 3605 987 3675 quod
1019 3606 1272 3661 exterius
1303 3605 1447 3662 bene
1477 3607 1553 3663 sit
1582 3607 1830 3664 interius
1860 3614 2111 3679 geratur.

339 3690 435 3746 IV.
469 3692 611 3756 Quid
657 3692 884 3764 igitur?
923 3711 1030 3751 nos
1061 3711 1361 3766 nunquam
1391 3713 1457 3751 ac
1489 3713 1783 3769 nusquam
1814 3697 1971 3755 soliti

270 3782 329 3837 in
368 3798 467 3839 cor
513 3787 778 3839 nostrum
821 3783 1068 3856 ingredi,
1114 3787 1408 3857 quomodo
1439 3785 1789 3858 incipiemus
1816 3788 1843 3843 ‘?
1868 3791 1973 3845 Per

264 3870 555 3941 jejunium
588 3880 641 3927 et
672 3874 995 3930 orationem
1034 3874 1174 3929 foris
1196 3879 1413 3931 stantes
1446 3877 1768 3947 pulsemus,
1803 3882 1971 3948 prout

271 3959 557 4017 Dominus
596 3960 793 4031 jussit,
842 3963 1045 4019 dicens
1074 3980 1087 4018 :
1122 3965 1344 4019 Pulsatc
1370 3973 1421 4019 et
1451 3966 1730 4035 aperietur
1758 3967 1968 4024 vobis‘.

272 4049 331 4104 Si
362 4050 519 4106 enim
552 4052 1049 4123 permanserimus
1072 4052 1131 4107 in
1162 4054 1335 4108 verbo
1358 4054 1585 4109 Domini
1616 4059 1674 4109 et
1703 4055 1760 4109 in
1793 4072 1967 4111 sensu

270 4138 474 4193 intime
531 4139 788 4195 demisso
837 4141 1229 4197 mendicitatis
1278 4146 1334 4197 et
1362 4142 1596 4198 vilitatis
1630 4153 1864 4211 nostris;
1905 4160 1972 4200 ac

269 4226 449 4282 simul
495 4229 764 4283 exercitio
797 4234 1139 4285 cunctarum
1184 4247 1312 4302 quae
1344 4248 1445 4303 per
1475 4234 1752 4289 mandata
1785 4234 1969 4305 impe-

270 4319 491 4380 rantur,
542 4316 844 4381 virtutum,
901 4323 1069 4373 nocte
1130 4334 1195 4373 ac
1256 4320 1349 4375 die
1407 4323 1967 4392 perseveraverimus

269 4404 566 4473 pulsantes
614 4405 982 4475 spiritualem
1053 4406 1277 4463 Domini
1335 4410 1594 4479 januam,
1651 4412 1969 4482 poterimus

271 4492 445 4564 potiri
495 4508 582 4561 eo,
628 4495 778 4564 quod
831 4496 1160 4565 quaerimus.
1214 4497 1319 4553 Per
1350 4499 1499 4555 banc
1529 4501 1685 4556 enim
1720 4503 1967 4573 januam

2152 3701 2225 3755 A'.
2265 3699 2325 3753 Τί
2358 3698 2451 3754 οὖν
2485 3721 2499 3770 ς
2548 3702 2715 3772 ἡμεῖς
2745 3701 2797 3757 ol
2847 3699 3113 3775 μηδόλως
3139 3703 3214 3761 εἰς
3257 3704 3357 3773 τήν
3401 3701 3625 3778 καρδίαν
3676 3704 3786 3759 εἱσ-

2082 3786 2349 3856 ελθόντες,
2394 3793 2511 3851 πῶς
2561 3788 2895 3865 ἀρξώμεθας
2951 3788 3041 3847 διὰ
3093 3792 3343 3864 νηστείας
3397 3792 3489 3847 καὶ
3542 3813 3787 3864 προσευ-

2082 3880 2194 3955 χῆς
2223 3874 2327 3947 ἔξω
2358 3876 2586 3941 ἑστῶτες
2624 3881 2921 3954 κρούομεν,
2956 3881 3133 3943 καθὼς
3180 3882 3208 3936 6
3260 3882 3457 3957 Κύριος
3506 3880 3783 3938 ἐκέλευσεν

2082 3966 2247 4022 εἰπών
2283 3986 2297 4001 ο
2382 3970 2611 4042 Κρούετε
2687 3971 2777 4025 καὶ
2852 3972 3201 4046 ἀνοιγήσεται
3275 3972 3427 4045 ὑμῖν.
3486 3973 3608 4029 Ἐάν
3679 3976 3785 4048 γάρ

2082 4056 2429 4131 ἐμμείνωμεν
2473 4064 2552 4131 τῷ
2592 4058 2746 4137 λόγῳ
2773 4065 2872 4115 τοῦ
2905 4061 3127 4137 Κυρίου,
3158 4061 3248 4117 καὶ
3279 4065 3346 4136 τῇ
3393 4064 3664 4138 πτωχείᾳ,
3694 4064 3786 4119 καὶ

2080 4151 2160 4218 τῷ
2214 4151 2452 4218 ταπεινῷ
2518 4151 2852 4224 φρονήματι,
2914 4152 3005 4205 καὶ
3059 4152 3255 4212 πάσαις
3299 4156 3420 4213 ταῖς
3466 4156 3576 4208 τῶν
3629 4151 3789 4209 ἐντο-

2081 4234 2194 4290 λῶν
2253 4236 2467 4309 ἀρεταῖς
2530 4239 2725 4299 νυκτὸς
2782 4240 2872 4294 καὶ
2931 4240 3140 4314 ἡμέρας
3196 4240 3489 4315 κρούοντες
3549 4242 3625 4304 εἰς
3686 4245 3789 4313 τήν

2078 4326 2451 4397 πνευματικὴν
2504 4330 2601 4380 τοῦ
2668 4328 2874 4401 Κυρίου
2944 4328 3130 4403 θύραν,
3190 4327 3529 4403 δυνησόμεθα
3593 4337 3783 4407 τυχεῖν

2077 4417 2174 4467 τοῦ
2224 4414 2582 4487 ζητουμένου.
2639 4417 2742 4470 Διά
2786 4418 2988 4489 ταύτης
3035 4418 3139 4492 γάρ
3188 4425 3289 4487 τῆς
3348 4418 3513 4495 θύρας
3564 4419 3783 4475 δύναται

2078 4500 2514 4578 ἀπολυτρώσεως
2572 4511 2760 4580 τυχεῖν
2815 4513 2920 4569 πᾶς
2973 4508 3000 4562 ὁ
3058 4508 3397 4583 βουλόμενος
3450 4515 3635 4589 φυγεῖν
3684 4514 3783 4566 τοῦ

270 4586 463 4654 potest
501 4581 898 4639 liberationem
949 4587 1178 4657 assequi
1230 4588 1567 4660 quicunque
1606 4591 1723 4649 vult
1770 4593 1967 4663 fugere

2093 4593 2320 4655 ηιότους.
2392 4593 2641 4668 Εὑρίσκει
2672 4578 2798 4670 ἡγὰρ
2852 4596 2964 4651 ἐκεῖ
3008 4578 3107 4666 την
3158 4578 3473 4672 ἐλευθερίαν.
3514 4578 3617 4669 τῆς
3675 4605 3782 4675 ψυ-

270 4688 303 4727 a
334 4671 668 4743 captivitate
716 4675 1109 4731 tenebrarum.
1156 4677 1379 4735 Invenit
1422 4681 1637 4753 quippe
1676 4683 1755 4739 ibi
1786 4684 1969 4739 liber-

268 4764 448 4816 tatem
481 4761 711 4830 animai,
734 4766 792 4818 et
824 4764 1027 4837 recipit
1055 4782 1339 4839 congruas
1371 4768 1483 4841 ipsi
1516 4771 1965 4843 congitationes;

268 4865 333 4905 ac
378 4852 615 4908 tandem
648 4869 714 4908 eo
773 4869 959 4926 usque
991 4858 1345 4928 provehitur.
1381 4863 1443 4915 ut
1482 4860 1773 4932 possideat
1804 4859 1960 4917 coale-

269 4944 417 4996 stem
452 4956 643 5011 regem
669 4942 1001 5001 Chrsitium.

338 5031 683 5088 100-162
714 5033 779 5091 V.
813 5036 1052 5101 Quando
1084 5053 1250 5094 mens
1280 5036 1459 5092 oblita
1490 5037 1665 5093 fuerit
1695 5036 1965 5094 mentalis

266 5124 323 5176 et
353 5120 461 5193 pias
491 5120 846 5189 afﬂictionis,
877 5129 1016 5180 tunc
1038 5130 1096 5181 et
1126 5126 1539 5182 mandatorum
1569 5127 1963 5197 obliviscitur;

268 5211 505 5279 quando
544 5211 771 5266 videtur
819 5228 1065 5283 currere,
1118 5219 1270 5270 errat
1303 5232 1335 5269 a
1377 5214 1469 5270 via
1500 5214 1692 5287 plana,
1727 5222 1783 5273 et
1811 5219 1964 5277 obli-

268 5298 401 5367 quis
447 5313 662 5368 gyrans
701 5302 926 5355 semitis
955 5302 1217 5357 ambulat
1262 5318 1275 5357 :
1329 5308 1561 5374 pr0pter
1591 5306 1743 5377 quod
1792 5306 1853 5363 in
1884 5307 1963 5363 fe-

269 5399 363 5439 ras
406 5384 656 5441 incurrit
685 5388 915 5443 bestias.
967 5390 1088 5445 Nisi
1143 5391 1297 5445 enim
1329 5392 1606 5449 orationis
1633 5399 1690 5450 et
1719 5395 1843 5468 spei
1890 5396 1964 5453 la-

266 5474 466 5531 borem
522 5477 963 5546 excidissemus,
1022 5496 1139 5537 non
1212 5481 1417 5553 utique
1476 5486 1962 5557 peccavissemus.

337 5655 358 5693 ‘
390 5656 596 5715 Matth.
626 5673 724 5729 vn,
754 5660 821 5729 7;
855 5659 993 5716 Luc.
1028 5660 1179 5731 11,9.

2077 4684 2209 4759 χῆς,
2268 4684 2356 4738 καὶ
2427 4678 2804 4757 ἀπολαμϐάνει
2860 4684 2988 4748 τοὺς
3063 4685 3369 4763 λογισμούς
3442 4687 3613 4759 αὐτῆς
3690 4691 3780 4747 καὶ

2073 4775 2261 4824 κτᾶται
2292 4771 2383 4826 τὸν
2418 4770 2733 4847 ἐπουράνιον
2769 4773 2994 4849 βασιλέα
3023 4778 3281 4850 Χριστόν.

2146 5041 2219 5096 Ε’.
2252 5043 2413 5097 Ὅταν
2444 5043 2472 5097 ὁ
2496 5046 2620 5098 νοῦς
2651 5042 2977 5114 ἐπιλάθηται
3004 5053 3104 5115 τῆς
3149 5054 3335 5122 νοερᾶς
3378 5051 3468 5105 καὶ
3527 5046 3781 5117 εὐσεϐοῦς

2073 5128 2334 5203 θλίψεως,
2367 5134 2490 5188 τότε
2526 5134 2615 5188 καὶ
2663 5140 2772 5190 τῶν
2804 5134 3040 5191 ἐντολῶν
3074 5136 3364 5194 ἐπελάθετο
3396 5155 3412 5171 ·
3442 5142 3534 5195 καὶ
3567 5142 3685 5197 ὅθεν
3718 5140 3780 5195 ἂν

2073 5216 2209 5293 δοκῇ
2266 5222 2505 5300 τρέχειν,
2555 5224 2975 5300 παρεκτρέπεται
3033 5233 3134 5297 τῆς
3192 5226 3361 5298 λείας,
3418 5230 3510 5284 καὶ
3550 5232 3781 5287 σκολιά-

2074 5314 2182 5379 ζων
2213 5309 2579 5370 πολιτεύεται,
2623 5316 2720 5369 Διά
2765 5319 2928 5371 τοῦτο
2986 5322 3214 5389 συναντᾷ
3271 5318 3511 5393 θηρίοις.
3554 5321 3620 5377 Εἰ
3676 5322 3778 5397 γὰρ

2077 5402 2152 5473 μή
2210 5402 2303 5457 τὸν
2360 5409 2461 5473 τῆς
2517 5404 2688 5479 εὐχῆς
2748 5406 2836 5462 καὶ
2890 5405 3114 5469 ἐλπίδος
3179 5409 3348 5465 κόπον
3420 5409 3777 5485 ἕκκόπτομεν,

2073 5488 2173 5545 οὐκ
2202 5489 2262 5546 ἂν
2312 5490 2826 5568 ἑπλημμελήσαμεν
2859 5512 2873 5527 ·
2925 5501 3042 5559 τοῖς
3094 5497 3199 5575 γάρ
3254 5499 3378 5573 περὶ
3424 5501 3613 5575 ψυχῆς
3652 5501 3777 5558 θλι-
