4082 6196
314 346 436 409 825

1507 349 1742 412 LIBER
1783 351 1886 415 DE
1930 352 2316 419 CUSTODIA
2362 358 2663 422 CORDIS.

3721 366 3841 429 826

316 481 578 557 ϐομένοις
622 480 771 559 λὲγει
819 483 854 554 ἠ
906 483 1093 563 Γραφῆ
1136 497 1154 516 ⁹
1202 482 1398 546 Πιστὸς
1442 484 1470 539 6
1514 486 1666 558 Θεὸς,
1726 486 1827 543 οὐκ
1882 487 2020 544 ἰάσει

2200 494 2242 550 is
2274 510 2465 565 porro,
2498 494 2597 567 qui
2631 494 2826 551 animo
2857 493 3287 567 angustiantur,
3321 494 3462 553 dicit
3500 497 3833 569 Scriptura:
3876 548 3885 553 -

315 574 462 649 ὐμᾶς
545 575 899 649 πειρασθῆναι
986 575 1119 649 ὑπὲρ
1208 575 1237 631 6
1313 572 1542 632 δύνασθε
1601 594 1617 612 ο
1675 576 2022 641 ἀπαιδεύτοις

316 662 377 721 δὶ
408 667 634 735 συναντή
642 685 729 720 σαι
760 662 920 722 κακά.

386 844 483 919 ς’.
543 844 749 919 Ὥσπερ
795 843 849 898 οἱ
913 840 1015 913 ἔξω
1084 840 1363 921 ὀφθαλμοὶ
1422 844 1688 920 βλέπουσι
1759 842 2022 922 μακρόθεν

312 933 410 994 τὰς
457 932 711 1002 ἀκάνθας,
764 932 856 987 καὶ
914 932 1044 995 τοὺς
1086 933 1406 1009 κρημνούς*
1458 934 1601 990 οὕτω
1643 936 1735 990 καὶ
1785 938 1813 990 6
1873 956 2018 1011 προ-

311 1018 607 1083 ϐλεπτικὸς
655 1025 782 1086 νοῦς
829 1017 1131 1096 προὸλὲπει
1161 1022 1333 1099 ταχὺς
1386 1022 1463 1078 ὢν
1511 1030 1611 1093 τῆς
1643 1024 2019 1097 ἀντικειμένης

310 1108 596 1184 δυνάμεως
652 1110 747 1173 τὰς
796 1107 992 1186 τὲχνας
1035 1112 1123 1167 καὶ
1168 1112 1264 1174 τὰς
1313 1111 1619 1186 ἐπισκευὰς,
1653 1114 1743 1169 καὶ
1792 1112 2022 1194 ἀσφαλί-

308 1205 457 1270 ζεται
494 1202 595 1271 τὴν
624 1202 832 1280 ψυχὴν,
875 1201 949 1265 ὡς
973 1201 1258 1278 ὀφθαλμὸς
1292 1200 1363 1257 ὢν
1396 1204 1587 1273 αὐτῆς.

383 1294 455 1349 Ζ’.
509 1292 749 1368 Ἀγῶνος
809 1290 1026 1348 πολλοῦ
1072 1293 1163 1347 καὶ
1210 1293 1381 1349 πόνου
1440 1299 1682 1369 κρυπτοῦ
1722 1296 1813 1350 καὶ
1860 1295 2019 1371 ἀορά-

305 1403 405 1437 του
436 1381 620 1458 χρεία,
648 1380 931 1458 λογισμῶν
961 1377 1177 1458 ἔρευναν
1210 1386 1503 1455 ποιεῖσθαι,
1541 1384 1631 1440 καὶ
1678 1386 1744 1440 τὰ
1774 1387 2015 1456 ἠσθενη-

304 1473 441 1530 κότα
535 1481 637 1544 τῆς
742 1476 928 1549 ψυχῆς
1028 1478 1188 1547 ἡμῶν
1289 1475 1619 1551 αἰσθητήρια
1725 1478 2016 1552 γυμνάζειν

304 1564 444 1641 πρὸς
505 1560 771 1638 διάκρισιν
820 1563 994 1620 καλοῦ
1050 1585 1108 1620 τε
1153 1565 1243 1620 καὶ
1319 1570 1492 1621 κακοῦ
1544 1581 1560 1599 ⁸
1621 1563 1703 1622 δεῖ
1783 1569 2012 1623 πάντοτε

303 1652 396 1708 καὶ
464 1653 832 1722 ἀναζωπυρεῖν
897 1651 987 1708 διὰ
1039 1657 1138 1709 τοῦ
1191 1655 1314 1717 νοὸς
1375 1656 1514 1729 πρὸς
1584 1655 1711 1710 Θεὸν
1766 1653 2014 1726 ἐπείξεως

303 1742 373 1799 τὰ
401 1741 796 1816 ἐξησθενηκότα
834 1745 904 1815 τῇ
943 1747 1097 1819 ψυχῇ
1134 1742 1275 1817 μὲλη
1313 1763 1326 1777 ⁸
1367 1750 1463 1800 τοῦ
1498 1749 1594 1801 νοῦ
1630 1746 1790 1819 ἡμῶν
1836 1766 2016 1819 προσ-

302 1830 651 1905 καλουμένου
711 1833 847 1907 μετᾶ
901 1837 998 1888 τοῦ
1060 1834 1260 1909 Κυρίου
1321 1835 1577 1904 πάντοτε,
1630 1832 1723 1889 ’ίνα
1788 1835 2009 1911 γένηται
2048 1874 2093 1940 Β

331 1920 348 1940 9
446 1921 466 1939 η
655 1926 679 1939 ..
943 1925 956 1940 .
1060 1924 1073 1940 ς
1143 1923 1208 1940 ς.
1396 1931 1438 1940 ..
1492 1924 1534 1940 ,ς
1696 1933 1735 1940 _
1776 1929 1800 1940 ..
1960 1923 2003 1940 ι..

303 1920 383 1986 εἷς
446 1921 499 1976 ἓν
552 1926 766 1996 πνεῦμα
829 1925 967 1979 κατᾶ
1019 1924 1082 1979 τὸ
1143 1923 1335 2001 λόγιον
1396 1924 1637 1983 Παύλου.
1696 1929 1902 1981 Τοῦτον
1956 1923 2015 1982 δὲ

299 2012 393 2067 τὸν
446 2013 686 2088 κρυπτὸν
746 2013 929 2089 ἀγῶνα
984 2014 1074 2068 καὶ
1135 2012 1367 2086 μελέτην
1427 2014 1631 2089 Κυρίου
1698 2015 1789 2071 καὶ
1848 2017 2010 2072 πόνον

299 2103 495 2165 νυκτὸς
525 2104 615 2157 καὶ
646 2101 855 2178 ἡμέρας
888 2098 1038 2179 ἔχειν
1095 2105 1244 2177 ἡμᾶς
1304 2105 1415 2179 χρή
1476 2103 1552 2167 είς
1600 2108 1772 2159 πᾶσαν
1826 2104 2013 2176 ἰπιτή-

299 2190 479 2247 δευσιν
535 2191 788 2264 ἐντολῆς,
849 2192 957 2248 εἴτε
1014 2192 1349 2269 εὐχομένων,
1436 2193 1547 2249 εἴτε
1614 2194 1923 2266 ἐσθιόντων,
1972 2195 2007 2265 ἢ

298 2278 720 2353 διακονούντων,
802 2282 836 2351 ἢ
896 2278 1187 2350 πινόντων,
1239 2284 1274 2353 ἢ
1330 2280 1516 2359 ’ἔτερόν
1572 2305 1624 2339 τι
1683 2285 2007 2353 ποιούντων,

290 2370 385 2427 ’ίνα
435 2378 539 2427 πᾶν
584 2372 612 2427 ὃ
658 2371 867 2449 γίνεται
914 2371 1109 2445 ἀγαθὸν
1156 2370 1494 2445 ἐπιτήδευμα
1544 2374 1620 2435 είς
1668 2370 1823 2444 δόξαν
1874 2377 2008 2429 Θεοῦ

293 2460 543 2535 γένηται.
607 2462 917 2538 ’.ἁγιάζεται
991 2461 1091 2536 γὰρ
1150 2461 1241 2516 καὶ
1300 2464 1335 2531 ἡ
1392 2466 1500 2517 τῶν
1569 2460 1806 2518 ἐντολῶν
1862 2467 2008 2518 πᾶσα

296 2547 602 2605 ἀκολουθία
646 2567 660 2581 ⁸
719 2551 806 2605 καὶ
862 2551 1112 2624 καθαρῶς
1171 2551 1257 2627 ὑφ’
1309 2550 1461 2623 ὑμῶν
1523 2549 1872 2623 ἐπιτελεῖται,
1916 2549 2005 2607 διὰ

292 2642 393 2708 τῆς
441 2637 800 2696 ἀδιαλείπτου
887 2643 1110 2713 μνήμης
1175 2644 1272 2696 τοῦ
1321 2644 1477 2709 Θεοῦ,
1531 2642 1621 2696 καὶ
1682 2637 1855 2718 φόϐου
1911 2643 2002 2697 καὶ

291 2727 511 2806 ἀγάπης
568 2736 668 2799 τῆς
712 2730 847 2804 πρὸς
908 2730 1061 2800 Θεὸν,
1118 2730 1207 2785 καὶ
1256 2730 1514 2807 γινόμεθα
1572 2729 1723 2793 ἐκτὸς
1768 2731 1874 2787 ἀπὸ
1904 2736 2001 2787 τοῦ

293 2820 605 2890 μιαίνοντος
635 2818 730 2881 τὰς
763 2817 988 2880 ἰντολὰς
1015 2818 1111 2875 τοὸ
1152 2823 1309 2875 Θεοῦ.

2135 584 2335 640 Fidelis
2374 585 2533 653 Deus,
2580 586 2673 657 qui
2709 602 2821 642 non
2876 587 3125 656 patietur
3189 599 3278 641 vo:
3316 588 3516 642 tentari
3565 604 3732 658 supra
3778 586 3835 642 id

2134 674 2278 743 quod
2321 676 2543 743 potestis
2581 673 2622 730 ’.
2674 676 2781 744 Qui
2835 682 3021 732 autem
3067 674 3325 731 indociles
3351 678 3603 743 sunt,eis
3640 692 3835 732 occur-

2132 769 2258 817 rent
2286 764 2437 819 mala
2467 763 2507 817 ³.

2204 854 2299 908 VI.
2330 854 2493 909 Sicut
2542 854 2855 911 exteriores
2902 854 3054 911 oculi
3103 853 3274 928 longe
3324 855 3687 927 prospiciunt
3717 856 3833 926 spi-

2132 957 2235 997 nas
2265 948 2323 998 et
2360 942 2708 1015 praecipitia;
2748 944 2831 1000 sio
2880 948 2937 1000 et
2985 944 3103 1001 acri
3154 943 3493 1015 providendi
3546 946 3833 1017 perspica-

2130 1031 2219 1087 cia
2252 1033 2490 1104 praedita
2519 1049 2685 1089 mens
2732 1034 2847 1089 cito
2880 1033 3157 1104 prospicit
3204 1034 3541 1090 adversaria:
3576 1040 3833 1105 potesta-

2128 1122 2203 1177 tis
2236 1126 2389 1177 artes
2436 1123 2818 1194 insidiasque,
2868 1139 2932 1177 ac
2981 1128 3185 1178 contra
3233 1140 3333 1179 eas
3360 1124 3668 1194 prtemunit
3697 1124 3833 1180 ani—

2128 1228 2303 1277 mam,
2336 1212 2509 1283 cujus
2540 1217 2630 1268 est
2660 1212 2887 1270 oculus.

2196 1300 2321 1357 VII.
2376 1302 2758 1358 Contentione
2790 1302 2994 1371 multa,
3025 1306 3082 1358 et
3137 1301 3354 1369 labore,
3396 1316 3576 1373 eoque
3606 1302 3830 1358 occulto

2126 1394 2183 1445 et
2221 1387 2519 1459 invisibili,
2569 1395 2657 1446 est
2703 1407 2851 1462 Opus
2898 1390 2958 1446 in
3010 1392 3363 1447 scrutatione
3406 1388 3828 1462 cogitationum

2127 1479 2391 1535 facienda
2438 1498 2453 1535 :
2505 1485 2561 1535 et
2604 1480 2662 1534 in
2713 1480 3001 1536 hebetatis
3062 1482 3272 1536 anima?
3316 1484 3523 1536 nostra
3583 1479 3831 1534 sensibus

2123 1568 2383 1624 acuendis
2468 1568 2947 1641 exercitandisque
3005 1570 3077 1624 ad
3138 1568 3521 1625 discretionem
3587 1568 3716 1624 boni
3779 1575 3831 1623 et

2122 1658 2263 1713 mali
2318 1656 2361 1712 ⁴.
2414 1657 2652 1727 Oportet
2713 1660 2948 1714 omnino
3017 1658 3406 1729 undecunque
3472 1657 3831 1713 exsuscitare

2122 1751 2335 1803 conatu
2386 1747 2602 1802 mentis
2652 1746 2723 1802 ad
2775 1748 2952 1801 Deum
3005 1762 3068 1801 se
3135 1745 3456 1814 incitantis,
3524 1745 3830 1801 debilitata

2123 1837 2330 1892 animm
2374 1837 2673 1892 membra:
2727 1842 2921 1892 mente
2970 1840 3168 1891 nostra
3217 1852 3348 1891 cum
3382 1836 3615 1891 Domini
3654 1836 3826 1906 adju-

2124 1928 2271 1983 torio
2320 1942 2552 1999 semper
2610 1944 2715 1983 nos
2770 1933 3135 1999 provocante,
3187 1931 3252 1981 ut
3307 1943 3438 1982 cum
3495 1925 3594 1982 illo
3633 1925 3823 1981 coale-

2124 2033 2355 2073 scamus
2399 2017 2457 2072 in
2500 2034 2671 2072 unum
2711 2018 2970 2087 spiritum
3017 2016 3228 2086 5juxta
3274 2015 3577 2073 oraculum
3639 2014 3823 2071 Pauli.

2119 2107 2232 2160 Hoc
2278 2112 2473 2160 autem
2537 2109 2831 2160 certamen
2871 2103 3189 2170 occultum,
3257 2108 3315 2159 et
3379 2103 3821 2159 meditationem

2121 2192 2375 2259 Domini,
2414 2208 2480 2249 ac
2526 2193 2786 2249 loborem
2837 2193 2935 2249 diu
2988 2197 3281 2265 noctuque
3329 2206 3564 2247 necesse
3594 2196 3683 2247 est
3715 2208 3822 2250 nos

2120 2281 2334 2339 habere
2364 2283 2435 2338 ad
2478 2299 2708 2339 omnem
2740 2283 3060 2340 studiosam
3094 2282 3521 2339 exsecutionem
3564 2282 3821 2338 mandati

2118 2373 2551 2444 prescribentis
2585 2373 2885 2445 quidpiam
2942 2372 3063 2429 sive
3120 2372 3427 2429 orantibus
3476 2373 3597 2429 sive
3631 2387 3824 2427 come-

2117 2462 2410 2529 dentibus,
2452 2479 2569 2519 sive
2622 2462 3123 2532 ministrantibus,
3156 2462 3275 2518 sive
3308 2462 3661 2530 bibentibus,
3695 2462 3817 2517 sive

2117 2550 2274 2607 aliud
2333 2552 2565 2622 quidvis
2622 2551 2952 2623 agentibus.
3004 2555 3067 2607 ut
3130 2550 3521 2623 quodcunque
3569 2551 3634 2605 ﬁt
3670 2566 3816 2621 opus

2115 2642 2357 2711 bonum,
2388 2640 2446 2696 in
2482 2641 2604 2707 Dei,
2636 2640 2881 2713 gloriam
2914 2641 3034 2697 ﬁat.
3076 2640 3484 2696 Sanctificatur
3512 2641 3666 2696 enim
3693 2645 3817 2699 tota

2113 2730 2291 2787 series
2361 2730 2797 2800 mandatorum,
2845 2738 2903 2787 et
2967 2746 3112 2803 pure
3164 2730 3529 2801 perfectaque
3572 2747 3605 2785 a
3648 2730 3814 2785 nobis

2112 2820 2471 2877 exsecutioni
2520 2821 2772 2877 traditur
2820 2836 2922 2891 per
2970 2820 3401 2877 indesinentem
3471 2819 3811 2876 memoriam

286 2909 392 2967 Dei
425 2928 644 2983 perque
692 2911 958 2968 timorem
990 2916 1048 2967 et
1088 2910 1429 2968 ebaritatem
1459 2928 1595 2983 erga
1638 2913 1854 2979 Deum;
1906 2926 2006 2982 per
2034 2910 2156 2965 haec
2202 2910 2359 2966 enim
2401 2926 2507 2966 nos
2559 2911 2960 2981 disjungimus
3008 2912 3368 2983 seorsimque
3419 2908 3680 2966 locamus
3732 2910 3807 2965 ab

286 3016 380 3067 eo,
408 3000 512 3073 qui
546 3000 758 3073 polluit
784 3001 1056 3056 mandata
1091 3002 1212 3058 Dei.

361 3090 439 3146 H'.
500 3090 600 3145 Καὶ
631 3090 735 3165 γὰρ
778 3090 805 3144 6
848 3090 1195 3169 πατριάρχης
1246 3084 1503 3165 Ἀϐραὰμ
1557 3088 1618 3145 ἐκ
1666 3094 1777 3144 τῶν
1842 3090 2008 3165 ἀκρο-

2200 3088 2325 3146 νιιι.
2361 3090 2580 3145 Etenim
2633 3089 2961 3163 patriarcha
3014 3090 3308 3146 Abraham
3341 3106 3371 3145 e
3403 3090 3675 3162 primitiis
3713 3107 3811 3148 sa-

287 3178 476 3234 θινίων
533 3183 614 3251 τῷ
672 3180 808 3254 ἱερεῖ
862 3184 959 3234 τοῦ
1014 3184 1147 3235 Θεοῦ
1214 3177 1563 3254 Μελχισεδὲκ
1640 3180 1997 3255 προσήνεγκε,

282 3268 375 3323 καὶ
434 3266 608 3329 οὕτως
662 3268 763 3337 τήν
817 3266 1065 3345 εὐλογίαν
1123 3266 1335 3340 ἐδέξατο
1393 3270 1519 3343 παρ’
1578 3267 1763 3325 αὐτοῦ.
1824 3267 1887 3325 Τί
1948 3266 1996 3322 δ’

282 3356 430 3413 ἄλλό
464 3354 553 3413 διὰ
580 3356 786 3413 τούτων
832 3358 1124 3414 αἰνίττεται
1152 3358 1215 3413 τὸ
1248 3362 1484 3431 Πνεῦμα,
1529 3356 1658 3413 ἀλλ’
1704 3356 1739 3427 ἢ
1785 3356 1999 3432 ῦψηλο-

280 3448 442 3524 τέραν
503 3446 732 3523 θεωρίαν
790 3447 1069 3528 ἐμφαίνων
1130 3468 1258 3519 που,
1318 3449 1385 3503 τὰ
1424 3446 1561 3523 ἄκρα
1617 3446 1816 3503 καὶτὰ
1866 3446 1998 3504 ὀστᾶ

278 3541 381 3593 τοῦ
412 3535 547 3592 ὅλου
577 3536 950 3614 συγκρίματος
1006 3542 1108 3607 τῆς
1170 3537 1381 3614 φύσεως
1439 3539 1600 3609 ἡμῶν
1636 3552 1650 3605 ;
1694 3536 1993 3609 τουτέστιν,

279 3627 445 3683 αὐτὸν
491 3627 582 3682 τὸν
640 3630 789 3694 νοῦν,
870 3626 1041 3695 αὐτὴν
1107 3627 1207 3696 τὴν
1285 3623 1614 3697 συνείδησιν,
1672 3625 1838 3695 αὐτὴν
1896 3628 1995 3694 τήν

280 3714 547 3784 διάθεσιν,
592 3713 750 3769 αὐτὸν
792 3713 881 3768 τὸν
935 3713 1228 3787 λογισμὸν,
1280 3713 1447 3782 αὐτὴν
1497 3720 1596 3783 τῆς
1660 3716 1847 3789 ψυχῆς
1892 3714 1993 3781 τήν

278 3804 631 3879 ἂγαπητικὴν
676 3800 924 3877 δύναμιν,
995 3803 1094 3872 τὴν
1165 3802 1425 3877 ἀπαρχήν
1483 3807 1581 3857 τοῦ
1639 3801 1773 3857 ὅλου
1829 3803 1991 3875 ἡμῶν

282 3892 579 3967 ἀνθρώπου
643 3895 723 3965 τῷ
787 3896 903 3965 Θεῷ
952 3893 1218 3967 πρότερον
1266 3892 1513 3965 κομίζειν
1571 3888 1680 3946 δεῖν
1740 3890 1990 3957 πάντοτε,

277 3983 380 4050 τὴν
431 3988 532 4051 τῆς
573 3978 799 4055 καρδίας
858 3980 1005 4056 ἱερὰν
1049 3981 1231 4036 θυσίαν
1266 3999 1280 4014 ·
1329 3981 1397 4034 τὰ
1454 3979 1757 4055 ἀκροθίνια,
1787 3979 1876 4035 καὶ
1926 3981 1991 4035 τὰ

278 4070 422 4145 ἄκρα
477 4076 584 4126 τῶν
640 4072 853 4148 ἀγαθῶν
913 4068 1200 4147 λογισμῶν
1257 4069 1334 4132 εἷς
1382 4070 1481 4137 τήν
1541 4067 1707 4138 αὐτὴν
1762 4071 1988 4143 μνήμην

276 4159 369 4215 καὶ
424 4158 658 4233 μελέτην
720 4156 810 4214 διὰ
872 4159 1073 4220 παντὸς
1129 4157 1606 4233 ἆπασχολοῦντος.
1655 4157 1758 4214 Καὶ
1816 4157 1990 4221 οὕτως

281 4248 556 4322 δυνάμεθα
599 4247 867 4323 ὁσημέραι
908 4249 1009 4317 τήν
1066 4244 1289 4319 αῧξησιν
1340 4246 1428 4301 καὶ
1493 4247 1782 4321 προκοπήν
1840 4244 1989 4321 λαμ-

278 4334 463 4393 ϐάνειν
525 4336 888 4413 βοηθούμενοι
948 4337 1052 4393 ὑπὸ
1109 4344 1209 4407 τῆς
1267 4337 1411 4399 θείας
1466 4336 1719 4413 χάριτος,
1775 4337 1867 4392 καὶ
1922 4338 1985 4392 τὸ

278 4426 505 4502 φορτίον
547 4430 648 4501 τῇς
693 4424 1046 4498 δικαιοσύνης
1092 4431 1198 4481 τῶν
1251 4424 1515 4495 ἐντολῶν,
1566 4424 1799 4505 ἐλαφρὸν
1846 4428 1983 4500 ἡμῖν
2019 4466 2067 4529 D

273 4519 735 4593 καταφανήσεται,
782 4518 1030 4590 καθαρῶς
1104 4517 1194 4573 καὶ
1271 4518 1521 4591 ἄμώμως
1593 4515 1791 4578 ταύτας
1868 4513 1987 4571 ἐπι·

270 4607 583 4677 τελοῦντες,
635 4605 1053 4683 συνεργούμενοι
1112 4606 1202 4661 ὑπ’
1243 4604 1407 4661 αὐτοῦ
1472 4608 1571 4660 τοῦ
1632 4605 1829 4680 Κυρίου
1899 4602 1987 4659 διὰ

269 4702 377 4767 τῆς
408 4694 548 4771 πρδς
603 4694 763 4751 αὐτὸν
822 4697 986 4769 ἡμῶν
1041 4694 1297 4756 πίστεως.
1332 4695 1461 4769 Περὶ
1533 4691 1590 4749 δὲ
1644 4700 1743 4763 τῆς
1802 4714 1987 4772 φαινο-

276 4785 445 4862 μένης
493 4786 797 4859 ἀσκήσεως,
854 4786 947 4841 καὶ
1004 4790 1163 4841 ποῖον
1214 4785 1408 4860 ἀγαθὸν
1477 4782 1815 4858 ἐπιτήδευμα
1869 4789 1987 4859 μεῖ-

274 4881 367 4945 ζον
396 4876 489 4930 καὶ
545 4879 763 4949 πρῶτον
831 4874 1114 4950 τυγχάνει,
1181 4878 1343 4929 τοῦτο
1398 4873 1711 4948 γινώσκετε,
1771 4874 1989 4948 ἀγαπη-

270 4966 381 5034 τοὶ,
440 4965 523 5020 ὅτι
593 4962 861 5035 αλλήλων
921 4969 1089 5019 πᾶσαι
1150 4964 1207 5019 αἱ
1265 4963 1447 5039 ἀρεταὶ
1517 4966 1835 5039 κρέμανται,
1898 4964 1991 5019 καὶ

268 5053 544 5126 ἀλλήλων
593 5052 956 5123 συνδιεδενται,
1003 5056 1093 5111 καὶ
1152 5053 1331 5129 ὥσπερ
1374 5055 1494 5127 ἱερά
1530 5075 1613 5119 τις
1646 5057 1988 5130 πνευματική

267 5143 489 5216 ἅλυσις,
549 5145 650 5219 μία
703 5145 810 5201 ἀπὸ
871 5150 1001 5219 μιᾶς
1077 5145 1313 5221 ἤρτηται
1356 5162 1370 5177 ⁶
1430 5146 1466 5215 ἡ
1528 5145 1665 5221 εὐχή
1726 5144 1833 5200 ἄπὸ
1886 5149 1987 5211 τῆς

269 5234 511 5311 ἀγάπης,
560 5238 594 5306 ἡ
664 5234 845 5312 ἀγάπη
906 5235 1012 5291 ἀπὸ
1068 5242 1169 5305 τῆς
1229 5239 1427 5314 χαρᾶς,
1458 5237 1493 5305 ἡ
1543 5234 1691 5310 χαρᾶ
1738 5234 1844 5291 ἀπὸ
1889 5242 1990 5304 τῆς

270 5326 611 5400 πραότητος,
660 5326 695 5394 ἡ
745 5324 989 5401 πραότης
1037 5325 1141 5379 ἀπὸ
1198 5330 1299 5393 τῆς
1362 5324 1760 5393 ταπεινώσεως,
1808 5325 1843 5393 ἡ
1899 5344 1993 5379 τα-

266 5414 529 5476 πείνωσις
556 5414 662 5469 ἀπὸ
691 5414 791 5483 τῆς
815 5412 1115 5484 διακονίας,
1139 5416 1174 5483 ἡ
1208 5411 1453 5469 διακονία
1484 5414 1588 5468 ἀπὸ
1619 5420 1718 5482 τῆς
1743 5410 1986 5484 ἐλπίδος,

266 5508 303 5577 ἡ
332 5503 493 5568 ἐλπὶς
524 5504 631 5560 ἀπὸ
672 5510 773 5574 τῆς
806 5504 1066 5574 πίστεως,
1106 5505 1142 5575 ἡ
1173 5502 1354 5566 πίστις
1385 5502 1491 5559 ἀπὸ
1520 5509 1621 5574 τῆς
1650 5503 1918 5576 ὑπακοῆς,
1947 5505 1983 5575 ἡ

2108 3180 2330 3236 cerdoti
2378 3179 2479 3236 Dei
2522 3178 2945 3236 Melchisedech
2987 3180 3282 3247 obtulit“;
3332 3184 3390 3235 et
3439 3179 3522 3234 sic
3571 3178 3811 3235 benedi-

2108 3269 2359 3325 ctionem
2391 3268 2616 3340 accepit
2662 3269 2733 3324 ab
2773 3270 2940 3340 ipso;
2972 3270 3121 3334 Quid
3178 3284 3313 3324 vero
3355 3268 3511 3324 aliud
3560 3284 3661 3339 per
3691 3268 3807 3323 haec

2107 3358 2421 3415 adumbrat
2448 3357 2743 3429 Spiritus?
2781 3356 3105 3415 sublimiori
3156 3358 3436 3414 nimirum
3489 3356 3811 3427 intelligex—

2105 3448 2186 3503 tia
2216 3446 2549 3519 signiﬁcare
2578 3446 2720 3516 vult,
2774 3447 2976 3519 utique
3006 3463 3242 3503 summa
3276 3451 3333 3503 et
3378 3445 3604 3514 intima,
3645 3444 3807 3501 verti—

2105 3554 2229 3594 cem
2262 3542 2320 3594 et
2349 3554 2484 3594 ossa
2530 3537 2705 3593 totius
2753 3538 3139 3594 concrctionis
3169 3541 3388 3593 naturis
3418 3540 3661 3604 nostris;
3697 3535 3805 3591 hoc

2104 3632 2214 3697 est,
2276 3627 2463 3699 ipsam
2533 3633 2809 3695 mentem,
2883 3628 3067 3700 ipsam
3132 3626 3567 3695 conscientiam,
3616 3625 3804 3697 ipsam

2104 3717 2572 3787 dispositionem,
2618 3717 2809 3789 ipsam
2858 3717 3295 3789 cogitationem,
3348 3718 3539 3788 ipsam
3572 3715 3805 3771 amandi

2103 3807 2442 3878 potentiam,
2495 3817 2772 3880 tanquam
2826 3809 3115 3879 primitias
3162 3810 3341 3863 totius
3394 3807 3577 3862 nostri
3610 3806 3801 3862 homi-

2102 3895 2214 3962 nis,
2258 3898 2367 3952 Deo
2421 3902 2555 3953 ante
2603 3897 2803 3953 omnia
2860 3897 3071 3952 debere
3129 3913 3235 3952 nos
3296 3896 3522 3957 afferre,
3548 3905 3598 3950 et
3642 3894 3804 3949 velut

2101 4001 2329 4041 sacram
2375 3986 2567 4042 cordis
2628 3985 2809 4041 nostri
2859 3985 3032 4041 oll‘ere
3079 3985 3395 4050 victimam,
3428 3982 3718 4056 primitias
3746 3985 3804 4038 et

2100 4075 2469 4131 summitates
2541 4075 2829 4131 bonarum
2895 4074 3346 4145 cogitationum,
3417 4072 3477 4127 in
3544 4071 3800 4128 eamdem

2098 4161 2197 4218 Dei
2257 4163 2596 4219 memoriam
2647 4168 2704 4220 et
2762 4162 3222 4229 meditationem,
3275 4160 3431 4217 omni
3472 4159 3586 4216 alia
3630 4176 3802 4216 occu-

2098 4251 2333 4323 patione
2363 4252 2637 4322 seposita,
2685 4251 2967 4308 vacantis.
3021 4251 3088 4307 Et
3122 4250 3205 4308 sic
3254 4266 3567 4322 possumus
3611 4248 3801 4320 quoti-

2097 4340 2191 4396 die
2223 4348 2605 4412 augmentum
2639 4349 2692 4398 et
2729 4342 3041 4414 profectum
3092 4341 3375 4412 accipere,
3425 4339 3611 4410 adjuti
3652 4356 3685 4394 a
3724 4337 3802 4393 di-

2097 4431 2226 4486 vina
2270 4432 2493 4503 gratia;
2547 4437 2605 4487 et
2669 4448 2814 4489 onus
2880 4431 3124 4503 justitiae
3213 4431 3622 4487 mandatorum
3680 4430 3801 4484 leve

2099 4519 2265 4577 nobis
2308 4522 2626 4591 apparebit,
2671 4536 2812 4593 pure
2852 4524 2909 4576 et
2954 4519 3540 4594 irreprehensibiliter
3569 4536 3636 4575 ea
3694 4519 3805 4573 im-

2097 4610 2417 4681 plentibus,
2470 4616 2815 4682 cooperante
2866 4611 2937 4665 ad
2982 4610 3090 4665 hoc
3135 4610 3301 4665 nobis
3380 4609 3505 4677 ipso
3554 4608 3800 4663 Domino

2095 4714 2198 4770 per
2247 4704 2503 4757 nostram
2546 4699 2607 4755 in
2674 4699 2869 4771 ipsum
2921 4698 3114 4753 ﬁdem.
3172 4697 3249 4753 De
3298 4701 3617 4768 apparente
3666 4712 3796 4751 vero

2097 4792 2530 4859 exercitatione,
2580 4794 2636 4845 et
2685 4788 2972 4858 quodnam
3036 4788 3251 4842 bonum
3294 4785 3554 4840 studium
3607 4784 3801 4854 majus

2096 4881 2249 4938 inter
2277 4879 2471 4937 omnia
2511 4884 2569 4935 et
2608 4877 2862 4951 primum
2895 4877 2991 4944 sit,
3026 4874 3171 4930 illud
3226 4874 3455 4939 scitote,
3487 4873 3800 4929 dilectissi-

2097 4970 2201 5037 mi,
2234 4971 2450 5027 baarere
2494 4968 2895 5037 committique
2935 4965 3181 5021 invicem
3214 4964 3455 5019 virtutes
3485 4980 3711 5032 omnes,
3743 4969 3801 5020 et

2098 5075 2248 5115 nexu
2301 5059 2553 5131 pendere
2604 5064 2809 5112 mutuo
2840 5055 3135 5111 devinctae
3167 5069 3344 5108 unam
3376 5053 3448 5108 ab
3479 5052 3683 5120 altera,
3716 5053 3797 5107 sic

2096 5149 2513 5203 constituentes
2601 5162 2829 5202 sacram
2913 5146 3227 5217 quamdam
3293 5148 3351 5197 et
3433 5139 3796 5209 spiritualem

2097 5242 2388 5305 catenam,
2436 5235 2493 5289 in
2553 5251 2671 5307 qua
2725 5233 2906 5290 oratio
2967 5231 3258 5299 charitati,
3323 5228 3577 5284 charitas
3647 5243 3797 5299 gau-

2097 5326 2215 5394 dio,
2247 5327 2529 5399 gaudium
2582 5324 3042 5391 mansuetudini,
3076 5323 3230 5378 108
3263 5320 3652 5376 mansuetudo
3683 5317 3796 5375 hu-

2098 5416 2358 5485 militati,
2404 5415 2707 5471 humilitas
2756 5412 3193 5479 ministrationi,
3259 5408 3603 5467 ministratio
3652 5408 3794 5482 spei,

2098 5521 2232 5578 spes
2262 5505 2420 5576 ﬁdei,
2453 5505 2597 5562 tides
2629 5503 2994 5572 obedientie,
3036 5500 3366 5559 obedientia
3415 5496 3799 5574 simplicitati,

341 5685 365 5726 ³
392 5684 566 5743 ICor.
597 5699 656 5754 ι,
690 5684 775 5743 13.
850 5683 877 5722 ³
904 5685 1068 5744 Deut.
1099 5699 1253 5757 xxxi,
1283 5682 1377 5740 29.
1451 5681 1667 5742 ‘Hebr.
1697 5699 1753 5757 ν,
1784 5681 1869 5740 tt.
1947 5681 1970 5720 ⁸
1999 5683 2020 5741 Ι

2202 5698 2282 5751 vx,
2315 5684 2403 5743 t7.
2476 5684 2501 5720 ⁸
2530 5682 2672 5742 Gen.
2702 5697 2816 5750 xlv,
2850 5682 2935 5738 18.
