4116 6210
114 4398 735 4465 μρίνοὸιιὶθηῐὶοηθω
796 4394 1171 4466 virginitatis,
1250 4395 1551 4461 orationis,

322 334 440 394 827

1676 325 1737 385 S.
1785 322 2121 388 MACABII
2165 324 2512 388 EGYPTII

3722 330 3849 393 828

321 462 637 533 subjuncta
664 461 998 533 insertaque
1046 461 1427 518 connectitur.
1471 460 1627 516 Sicut
1658 476 1689 516 e
1736 460 2013 517 contraric

2137 460 2173 527 ἡ
2219 459 2428 527 ὑπακοή
2461 458 2567 514 ἀπὸ
2616 466 2717 528 τῆς
2767 459 3099 532 ἁπλότητος.
3133 466 3334 536 ’Ὠσπερ
3362 462 3452 517 καὶ
3481 463 3543 517 τὸ
3584 462 3855 534 ἐναντίον,

322 552 461 608 vitia
492 569 719 623 quoque
752 553 903 607 inter
932 568 1061 608 sese
1084 553 1439 623 junguntur,
1473 556 1529 606 et
1576 566 1642 605 ex
1704 565 1817 606 uno
1874 551 2029 606 aliud

323 642 638 715 germinat;
676 646 811 713 puta
842 640 1041 697 odium
1062 642 1131 696 ab
1157 643 1258 708 ira,
1284 640 1370 694 ira
1390 658 1420 694 a
1439 638 1731 711 superbia,
1754 639 2031 710 superbia

324 750 357 788 a
388 749 530 787 vana
556 731 919 802 gloriatione,
954 747 1104 785 vana
1131 729 1391 800 gloriatio
1412 730 1483 784 ab
1510 728 1875 796 infidelitate,
1898 727 2029 783 inti-

324 821 533 878 delitas
559 839 591 876 a
613 821 824 877 duritie
855 820 1065 889 cordis,
1095 819 1335 875 durities
1364 818 1571 883 cordis,
1596 836 1629 875 a
1652 818 2029 891 negligentia,

324 912 679 984 negligentia
710 930 741 966 a
780 911 1082 982 languore,
1115 911 1362 981 languor
1405 928 1438 965 a
1489 910 1888 981 despicientia,
1924 911 2028 965 de-

321 1001 629 1073 spicientia
660 1019 693 1057 a
724 1001 976 1073 pigritia,
1014 1000 1252 1071 pigritia
1299 1017 1333 1055 a
1386 1000 1883 1071 pusillanimitatc,
1917 1015 2028 1070 pu-

322 1091 694 1147 sillanimitas
726 1091 796 1145 ab
828 1106 1027 1146 amore
1056 1089 1393 1160 voluptatis,
1425 1093 1483 1144 et
1514 1089 1597 1144 sic
1625 1089 1739 1144 alia
1765 1087 2027 1144 membra

325 1181 561 1236 malitia:
594 1197 879 1251 suspensa
922 1196 1184 1249 nexaque
1234 1178 1543 1233 trahuntur
1594 1180 1862 1234 invicem.
1897 1177 2025 1234 Pari

323 1272 585 1341 exemplo
616 1279 787 1343 atque
816 1271 873 1325 in
909 1275 1068 1341 parte
1100 1269 1323 1326 meliori
1346 1271 1591 1326 virtutes
1631 1286 1699 1326 ex
1729 1286 1790 1325 se
1823 1274 2024 1326 mutuo

322 1362 594 1433 pendent.
619 1361 802 1430 Caput
824 1376 956 1416 vero
971 1358 1199 1414 virtutis
1216 1360 1803 1430 omnisetsupremus
1829 1363 2023 1414 vertex

321 1468 561 1523 operum
587 1449 964 1505 laudabilium
990 1455 1079 1504 est
1100 1454 1379 1505 constans
1396 1454 1454 1503 in
1477 1451 1735 1505 oratione
1761 1464 2025 1520 perseve—

318 1541 532 1606 rantia,
570 1556 857 1611 perquam
881 1541 1133 1608 reliquas
1158 1538 1642 1610 quoquevirtutes
1665 1538 1825 1593 aDeo
1840 1540 2025 1593 conti-

320 1646 437 1687 nua
472 1630 747 1701 petitione
768 1629 1109 1698 impetratae
1132 1626 1374 1699 adipisci
1398 1628 1659 1697 quotidie
1682 1642 2021 1698 possumus.

391 1719 489 1775 IX.
523 1718 645 1774 Nisi
697 1717 1021 1787 humilitas,
1073 1722 1132 1772 et
1181 1716 1547 1788 simplicitas,
1597 1720 1654 1771 et
1694 1714 2023 1786 benignitas

318 1817 555 1866 exornet
585 1824 710 1875 nos,
755 1807 990 1863 habitus
1040 1807 1323 1862 orationis
1367 1805 1512 1859 nihil
1542 1806 1710 1860 nobis
1744 1804 2018 1876 proderit.

319 1899 443 1955 Non
480 1897 669 1955 solum
725 1904 921 1953 autem
970 1897 1027 1951 id
1078 1896 1149 1953 de
1204 1896 1463 1951 oratione
1516 1895 1789 1962 dicimus,
1837 1892 1939 1949 sed
1970 1898 2025 1947 et

317 1990 388 2044 de
420 1989 624 2060 quavis
654 1986 766 2042 alia
814 1986 1188 2043 contentione
1236 1990 1293 2039 et
1323 1984 1537 2049 labore,
1582 1985 1701 2039 sive
1748 1983 1806 2039 in
1852 1982 2018 2052 virgi-

316 2078 516 2134 nitatis
572 2076 860 2145 custodia,
931 2075 992 2131 in
1055 2074 1321 2145 precibus
1378 2074 1716 2140 recitandis,
1785 2072 1843 2126 in
1910 2070 2021 2125 alia

316 2167 576 2240 qualibet
606 2181 932 2222 earumnosa
982 2165 1281 2220 functione
1312 2163 1566 2228 virtutis,
1616 2178 1792 2217 causa
1830 2178 2022 2218 susce.

317 2263 455 2328 pta;
488 2256 599 2312 nisi
646 2258 869 2312 fructus
913 2254 1235 2323 charitatis,
1280 2252 1459 2325 pacis,
1495 2253 1713 2323 gaudii,
1750 2268 2020 2307 mansue-

315 2346 563 2415 tudinis,
612 2343 988 2404 humilitatis.
1039 2342 1453 2414 simplicitatis,
1524 2340 2017 2413 sinceritatisque,

312 2436 447 2491 tidei
479 2434 933 2506 longanimitatis
980 2434 1229 2489 candide
1275 2432 1333 2487 in
1370 2431 1539 2487 nobis
1570 2432 1715 2502 ipsis
1767 2432 2019 2502 reperia-

313 2538 466 2591 mus,
512 2524 571 2577 in
614 2539 827 2578 vanum
876 2526 934 2577 et
984 2536 1227 2576 vacuum
1299 2520 1484 2575 nostri
1546 2520 1775 2575 labores
1836 2519 2016 2574 susci-

312 2612 594 2683 piuntur;
646 2611 839 2666 omnis
886 2610 1042 2664 enim
1094 2610 1198 2664 ista
1236 2610 1567 2663 exercitatio
1616 2612 1673 2661 et
1724 2607 2016 2662 contentio

310 2704 547 2771 propter
597 2698 701 2753 hos
752 2699 973 2752 fructus
1028 2696 1245 2767 suscipi
1286 2696 1473 2751 debet.
1525 2698 1712 2759 Quare
1763 2694 1851 2749 bis
1891 2695 2017 2748 fru-

310 2789 500 2845 ctibus
545 2806 658 2844 non
706 2786 1188 2859 comparantibus
1229 2786 1382 2841 intra
1428 2802 1555 2852 nos,
1608 2787 1931 2839 lruslranea
1961 2787 2017 2839 et

310 2877 475 2935 irrita
525 2878 627 2935 illa
674 2877 868 2934 omnis
906 2876 1019 2932 fuit
1066 2874 1344 2947 operatio,
1402 2876 1685 2946 adeoque,
1746 2874 1848 2945 qui
1891 2874 2015 2929 sine

309 2968 400 3024 his
428 2974 764 3041 operantur,
819 2966 1040 3023 similes
1084 2965 1142 3020 in
1192 2965 1287 3021 die
1339 2965 1546 3035 judicii
1579 2964 2015 3036 deprehenden-

309 3064 402 3113 tur
449 3058 626 3114 fatuis
674 3058 936 3129 quinque
983 3053 1308 3126 virginibus
1375 3055 1419 3121 ⁷,
1465 3070 1614 3123 quis,
1662 3054 1815 3124 quod
1880 3052 2013 3107 hinc

308 3165 425 3205 non
458 3150 855 3220 asportassent
889 3145 947 3200 in
996 3145 1153 3199 vasis
1203 3142 1394 3199 cordis
1442 3141 1739 3211 spirituale
1793 3141 2007 3209 oleum,

2139 548 2219 625 ἐφ’
2251 549 2364 610 ἑνὸς
2395 549 2460 602 τά
2507 548 2645 609 κακά
2674 545 2975 605 ἒκδίδονται
3011 566 3024 581 ·
3057 550 3119 604 τὸ
3155 555 3313 623 μῖσος
3358 550 3463 606 ἀπὸ
3508 550 3607 607 τοῦ
3650 554 3854 624 θυμοῦ,

2140 637 2167 691 ὁ
2200 638 2370 710 θυμὸς
2405 639 2509 693 ἀπὸ
2552 638 2943 716 ὑπερηφανίας,
2975 642 3010 709 ἡ
3051 640 3392 717 ὑπερηφανία
3445 641 3548 696 ἀπὸ
3604 649 3708 711 τῆς
3757 663 3853 697 κε-

2136 724 2405 797 νοδοξίας,
2458 730 2491 796 ἡ
2551 726 2829 797 κενοδοξία
2884 728 2989 783 ἀπὸ
3048 736 3147 797 τῆς
3206 728 3473 797 ἀπιστίας,
3534 731 3569 799 ἡ
3625 728 3851 786 ἀπιστία

2139 817 2244 872 ἀπὸ
2311 820 2409 886 τῆς
2469 816 2929 891 σκληροκαρδίας,
2990 821 3027 888 ἡ
3094 816 3502 894 σκληροκαρδία
3576 821 3684 875 ἀπὸ
3742 828 3850 891 τῆς

2137 902 2420 977 ἀμελείας,
2456 908 2490 975 ἡ
2525 906 2755 980 ἀμέλεια
2803 907 2909 962 ἀπὸ
2948 914 3047 978 τῆς
3088 910 3440 983 χαυνώσεως,
3473 910 3508 979 ἡ
3564 909 3849 987 χαύνωσις

2137 997 2243 1050 ἀπὸ
2295 1003 2393 1065 τῆς
2452 996 2767 1073 ὀλιγωρίας,
2798 1000 2834 1068 ἡ
2894 996 3164 1073 ἀλιγωρία
3212 997 3316 1052 ἀπὸ
3358 1004 3454 1068 τῆς
3508 997 3763 1068 ἀκηδίας,
3812 1003 3848 1069 ἡ

2136 1082 2334 1155 ἀκηδία
2377 1086 2480 1142 ἀπὸ
2521 1093 2620 1155 τῆς
2672 1087 3067 1162 μικροψυχίας,
3109 1089 3143 1157 ἡ
3180 1087 3523 1163 μικροψυχία
3578 1088 3686 1144 ἀπὸ
3743 1096 3851 1158 τῆς

2136 1172 2480 1253 φιληδονίας,
2513 1176 2604 1230 καὶ
2634 1175 2701 1230 τά
2749 1176 2919 1231 λοιπά
2979 1178 3115 1249 μὲρη
3177 1184 3279 1246 τῆς
3326 1178 3515 1239 κακίας
3574 1176 3847 1249 ἀλλήλων

2137 1264 2266 1320 εἰσὶν
2328 1263 2721 1339 ἐκκρεμάμενα.
2783 1267 2973 1328 Οὕτως
3031 1265 3081 1321 ἐν
3138 1270 3214 1338 τῷ
3287 1266 3473 1340 ἀγαθῷ
3555 1268 3712 1341 μέρει
3792 1269 3849 1323 αἱ

2135 1352 2319 1428 ἀρεταί
2377 1354 2511 1408 εἰσιν
2573 1354 2981 1429 ἀπηρτημέναι.
3048 1352 3274 1433 Κεφαλή
3320 1353 3377 1410 δὲ
3426 1355 3603 1423 πάσης
3646 1356 3851 1430 ἀρετῆς

2133 1441 2223 1496 καὶ
2281 1444 2493 1522 κορυφή
2572 1447 2679 1497 τῶν
2736 1443 3179 1517 κατορθωμάτων
3239 1442 3380 1498 ἐστὶν
3447 1444 3481 1512 ἡ
3528 1453 3850 1520 προσευχῆς

2133 1532 2621 1608 προσκαρτέρησις,
2677 1529 2745 1586 δι’
2802 1535 2867 1601 ἧς
2935 1531 3025 1587 καὶ
3084 1535 3177 1596 τὰς
3248 1534 3445 1596 λοιπὰς
3503 1532 3698 1607 ἀρετὰς
3755 1532 3848 1589 διὰ

2130 1625 2230 1687 τῆς
2262 1622 2408 1695 παρά
2437 1626 2570 1677 Θεοῦ
2601 1618 2869 1693 αἰτήσεως
2908 1621 3175 1697 ὁσημέραι
3204 1626 3427 1678 κτᾶσθαι
3459 1619 3755 1697 δυνᾶμεθα.

2206 1710 2279 1765 ϐ’.
2345 1710 2473 1767 Ἐἀν
2537 1710 2614 1782 μή
2680 1711 2715 1780 ἡ
2783 1709 3277 1787 ταπεινοφροσύνῃ,
3326 1712 3417 1766 καί
3474 1712 3509 1781 ἡ
3570 1709 3849 1784 ἁπλότης,

2131 1799 2220 1854 καὶ
2270 1802 2305 1870 ἡ
2351 1799 2649 1876 ἀγαθὸτης,
2701 1805 3093 1876 κατακοσμησῃ
3145 1802 3317 1875 ἡμᾶς,
3364 1801 3426 1857 τὸ
3494 1805 3687 1877 σχῆμα
3742 1811 3846 1873 τῆς

2134 1888 2304 1963 ﬁxi};
2351 1891 2497 1961 ἡμᾶς
2556 1886 2707 1943 οὐδὲν
2760 1887 3057 1966 ὠφελήσει.
3112 1889 3188 1949 Οὖ
3240 1893 3401 1964 μόνον
3466 1886 3521 1945 δὲ
3565 1892 3689 1966 περὶ
3742 1899 3845 1961 τῆς

2132 1978 2303 2052 εὐχῆς
2362 1974 2614 2054 λέγομεν.
2673 1976 2819 2033 ἀλλά
2875 1979 2965 2033 καὶ
3045 1977 3167 2054 περὶ
3227 1981 3427 2042 παντὸς
3472 1982 3746 2056 mam“
3808 1982 3842 2051 ἧ

2132 2068 2324 2138 πόνου,
2356 2065 2391 2135 ἢ
2450 2066 2825 2141 παρθενίας,ἧ
2873 2067 3065 2142 εὐχῆς,
3204 2066 3532 2139 οίουδήποτε
3589 2071 3843 2144 καμάτου

2134 2157 2223 2210 καὶ
2285 2156 2533 2233 ἐργασίας
2583 2157 2778 2228 ἀρετῆς
2833 2154 3006 2212 ἕνεκεν
3070 2156 3544 2231 ἐπιτελουμένου·
3613 2157 3701 2215 ἱάν
3761 2163 3841 2233 μὴ

2130 2244 2259 2308 τοῦς
2324 2246 2563 2321 καρποὺς
2630 2247 2728 2314 τῆς
2800 2247 3010 2323 ἀγάπης
3066 2250 3156 2303 καὶ
3216 2246 3440 2320 εἰρήνης
3515 2252 3605 2304 καί
3663 2257 3841 2326 χαρᾶς

2132 2333 2222 2390 καὶ
2279 2334 2591 2408 πραότητος
2639 2338 2726 2391 καὶ
2791 2336 3204 2409 ταπεινότητος,
3264 2337 3577 2409 ἀπλότητὸς
3633 2362 3692 2395 τε
3748 2341 3841 2395 καὶ

2132 2423 2493 2503 ἀφελότητος,
2554 2424 2784 2489 πίστεως
2850 2426 2939 2481 καὶ
3018 2427 3416 2502 μακροθυμίας,
3475 2428 3723 2506 ἀφθόνως
3790 2430 3843 2487 ἐν

2133 2515 2343 2577 ἑαυτοῖς
2412 2514 2755 2589 εὑρίσκομεν,
2843 2514 2957 2587 είκῆ
3040 2518 3129 2571 καὶ
3219 2518 3391 2590 μάτην
3470 2519 3521 2574 οἱ
3598 2521 3837 2593 κάματοι

2130 2605 2288 2676 ἡμῶν
2340 2602 2619 2679 γεγόνασι”
2668 2607 2702 2674 ἡ
2754 2612 2897 2661 πᾶσα
2952 2604 3055 2681 γάρ
3100 2604 3274 2677 ἐκείνη
3327 2607 3565 2683 ἐργασία,
3612 2610 3701 2664 καὶ
3786 2610 3837 2665 οἱ

2128 2693 2361 2765 κάματοι
2415 2691 2504 2748 ’διά
2576 2693 2702 2756 τοὺς
2766 2695 3006 2767 καρποὺς
3058 2694 3295 2769 γίνεσθαι
3350 2694 3652 2770 ὀφείλουσι.
3722 2705 3839 2755 Τῶν

2130 2777 2185 2835 δὲ
2216 2785 2436 2853 καρπῶν
2472 2790 2571 2852 τῆς
2602 2781 2819 2857 ἀγάπης
2864 2783 2953 2838 καὶ
3011 2783 3236 2858 εἰρήνης
3298 2786 3373 2859 μὴ
3435 2782 3833 2861 εὑρισκομένων

2126 2868 2177 2924 ἐν
2230 2873 2387 2944 ἡμῖν,
2431 2870 2547 2941 εἷκῆ
2592 2874 2679 2927 καὶ
2732 2874 2908 2945 μάτην
2946 2876 2981 2943 ἡ
3042 2871 3147 2944 ὅλη
3206 2872 3429 2949 ἐργασία
3486 2876 3715 2951 γίνεται.
3766 2880 3838 2935 Οἱ

2124 2959 2227 3035 γάρ
2276 2960 2451 3036 χωρὶς
2510 2961 2719 3018 τούτων
2778 2961 3125 3038 ἐργαζόμενοι
3181 2966 3317 3020 κατά
3354 2966 3448 3028 τάς
3506 2966 3661 3023 πέντε
3724 2992 3839 3042 μω-

2125 3051 2221 3125 ρὰς
2279 3051 2575 3124 παρθένους
2636 3050 2686 3106 ἐν
2746 3052 2926 3125 ἡμέρα
2982 3052 3210 3127 κρίσεως
3267 3051 3699 3129 ἀποδείκνυνται,
3748 3056 3839 3113 αῖ-

2120 3159 2259 3201 τινες
2316 3138 2405 3195 8ιά
2460 3142 2522 3196 τὸ
2584 3147 2660 3215 μή
2709 3142 2939 3197 ἐντεῦθεν
2985 3143 3421 3217 ἀποκομίσασθαι
3470 3146 3521 3202 ἐν
3568 3154 3685 3210 τοῖς
3733 3157 3835 3219 τῆς

2843 2514 2957 2587 είκῆ

307 3254 422 3310 quo
470 3238 631 3308 prius
680 3239 1013 3290 memoratae
1062 3232 1307 3288 virtutes
1386 3230 1792 3301 designantur,
1842 3232 2011 3286 fatua:

2133 3226 2345 3304 καρδίας
2404 3230 2641 3308 ἀγγείοις
2700 3230 2761 3287 τὸ
2828 3234 3191 3307 πνευματικὸν
3243 3232 3456 3305 ἓλαίον,
3530 3235 3666 3313 ὅπερ
3721 3238 3832 3293 ἐστὶ

308 3326 618 3383 nominate
642 3330 800 3391 sunt,
832 3328 887 3378 et
916 3321 1209 3393 spirituali
1243 3320 1404 3391 regni
1449 3320 1709 3374 thalamo
1743 3318 2005 3375 exclusae.

308 3416 615 3485 Laborque
658 3410 1034 3483 virginitatis,
1089 3414 1323 3480 propter
1371 3410 1660 3463 defectum
1694 3407 2000 3467 virtutum.

307 3507 365 3558 et
426 3498 805 3572 privationem
856 3498 1171 3553 manifeste:
1236 3496 1677 3551 inhabitationis
1736 3496 2007 3567 Spiritus,

306 3607 411 3662 pro
442 3589 623 3644 nihilo
672 3590 972 3660 reputatus
1021 3593 1125 3642 est.
1168 3587 1331 3642 Sicut
1386 3585 1542 3642 enim
1574 3586 1633 3640 in
1665 3584 1889 3641 cultura
1924 3587 2009 3641 vi-

306 3698 426 3738 nea
465 3680 653 3738 omnis
704 3678 996 3735 industria
1036 3683 1094 3734 et
1141 3677 1305 3733 labor
1352 3679 1422 3733 ad
1474 3678 1763 3732 fructuum
1807 3694 2007 3749 perce-

306 3772 561 3844 ptionem
589 3771 863 3837 refertur;
896 3783 1023 3839 quas
1071 3768 1123 3823 si
1153 3769 1386 3823 demum
1431 3765 1614 3832 fallat,
1655 3782 1770 3822 non
1812 3783 2007 3838 reper-

307 3860 383 3916 tis
412 3859 541 3916 uvis
588 3857 648 3913 in
690 3858 822 3928 vite,
869 3855 1266 3927 nequidquam
1320 3860 1377 3911 et
1424 3855 1550 3911 sine
1608 3871 1792 3927 opera:
1825 3856 2008 3927 pretio

306 3951 675 4008 existimatur
705 3948 1028 4005 desudasse
1075 3948 1326 4013 vinitor;
1358 3945 1439 4001 ita
1502 3945 1617 4001 nisi
1667 3962 1768 4018 per
1807 3962 2011 4017 opera-

304 4043 524 4100 tionem
584 4042 842 4113 Spiritus
903 4038 1090 4095 sancti
1153 4039 1370 4093 fructus
1433 4038 1756 4104 charitatis,
1825 4038 2004 4108 pacis,

301 4132 522 4204 gaudii,
571 4128 944 4196 humilitatis,
995 4128 1367 4198 aliorumque
1417 4135 1887 4182 enumeratorum
1936 4128 2006 4183 ab

303 4223 579 4295 Apostolo
638 4222 923 4277 donorum
1006 4220 1051 4285 ⁸,
1134 4218 1194 4273 in
1270 4218 1429 4273 omni
1514 4218 1866 4273 certitudine
1941 4232 2007 4273 ac

302 4330 476 4375 sensu
499 4310 792 4384 spirituali
829 4309 890 4364 in
946 4308 1114 4363 nobis
1148 4307 1292 4377 ipsis
1345 4322 1757 4378 agnoscamus,
1793 4306 2007 4361 frustra

1641 4393 2003 4466 psalmodiis,

293 4490 507 4563 jejunii
536 4493 592 4545 et
637 4486 970 4557 vigiliarum
1012 4483 1269 4539 laborem
1320 4484 1650 4554 suscepisse
1691 4484 2005 4540 convince-

2118 3323 2226 3373 τῶν
2306 3318 2720 3392 προειρημένων
2833 3321 3056 3393 ἀρετῶν,
3134 3323 3314 3396 μωραὶ
3408 3324 3830 3399 ὠνομάσθησαν,

2119 3402 2207 3457 καὶ
2252 3410 2349 3459 τοῦ
2398 3411 2765 3479 πνευματικοῦ
2817 3415 2919 3477 τῆς
2987 3408 3266 3481 βασιλείας
3347 3417 3640 3490 νυμφῶνος
3726 3415 3830 3468 ἀπ-

2118 3495 2490 3566 εκλείσθησαν.
2524 3497 2625 3554 Καὶ
2687 3500 2714 3553 ὁ
2775 3503 2872 3565 τῆς
2929 3500 3215 3574 παρθενίας
3270 3503 3513 3577 κάματος
3570 3501 3661 3560 διὰ
3716 3510 3825 3563 τῶν

2117 3585 2322 3654 ἀρετῶν
2382 3582 2627 3661 ἔλλειψιν
2686 3587 2774 3643 καὶ
2835 3586 3081 3666 στέρησιν
3142 3596 3239 3659 τῆς
3296 3590 3555 3669 ἐναργοῦς
3606 3594 3824 3667 ἐνοικη·

2118 3695 2252 3737 σεως
2303 3680 2399 3731 τοῦ
2450 3677 2783 3750 Ιῐνεύματος,
2836 3680 2913 3741 εἷς
2965 3677 3120 3734 οὐδὲν
3159 3678 3440 3757 ἐλογίσθη.
3484 3684 3686 3759 Ὠσπερ
3718 3685 3821 3761 γὰρ

2117 3761 2168 3818 ἐν
2210 3769 2277 3839 τῇ
2336 3786 2548 3843 γεωργᾳ
2592 3776 2693 3837 τῆς
2749 3767 2999 3841 ἀμπέλου
3057 3776 3200 3825 πᾶσα
3268 3770 3556 3845 ἐπιμέλεια
3588 3775 3677 3829 καί
3736 3772 3828 3829 διὰ

2115 3857 2215 3925 τὴν
2262 3861 2374 3912 τῶν
2419 3863 2642 3933 καρπῶν
2699 3858 2997 3914 ἀπόλαυσιν
3054 3861 3281 3937 γίνεται,
3332 3869 3556 3938 καρπῶν
3621 3862 3680 3919 δὲ
3744 3866 3823 3939 μή

2118 3946 2515 4020 εὑρισκομένων
2587 3946 2639 4002 ἓν
2707 3953 2771 4018 τῆ
2842 3948 3075 4023 ἀμπέλῳ
3134 3950 3249 4020 είκῆ
3311 3951 3402 4007 καὶ
3453 3953 3625 4027 μάτην
3678 3959 3826 4009 πᾶσα

2118 4034 2417 4110 ἐμπὸνησις
2473 4044 2572 4107 τῆς
2622 4036 2873 4113 ἐργασίας
2934 4038 3189 4115 γίνεται·
3251 4042 3429 4107 οὕτως
3486 4043 3572 4098 ἐὰν
3630 4050 3709 4118 μὴ
3740 4045 3832 4100 τιά

2114 4133 2215 4195 τῆς
2277 4127 2548 4203 ἐνεργείας
2614 4132 2709 4182 τοῦ
2761 4129 3075 4202 Πνεῦματος
3131 4131 3372 4206 καρποὺς
3438 4132 3659 4209 ἀγάπης
3734 4136 3828 4190 καὶ

2117 4216 2342 4289 είρτςνης
2398 4217 2489 4271 καὶ
2532 4224 2705 4295 χαρᾶς
2738 4222 2826 4273 καί
2860 4221 3258 4292 ταπεινώσεως,
3292 4223 3381 4277 καὶ
3438 4226 3545 4279 τῶν
3606 4222 3824 4281 λοιπῶν

2115 4306 2261 4380 παρά
2306 4310 2385 4376 τῷ
2442 4305 2766 4379 Ἀποστὸλῳ
2823 4306 3089 4381 ῥηθέντων
3148 4309 3200 4365 ἐν
3256 4312 3401 4387 πάσῃ
3469 4311 3831 4392 πληροφορίᾳ

2114 4394 2205 4447 καὶ
2275 4392 2519 4465 αἰσθήσει
2600 4398 2941 4471 πνευματικῇ
3035 4398 3088 4453 ὲν
3194 4400 3404 4463 ἑαυτοῖς
3490 4400 3828 4477 ἐπιγνῶμεν,

2116 4482 2231 4552 εἰκῆ
2287 4483 2313 4537 ὁ
2344 4486 2444 4548 τῆς
2501 4485 2792 4559 παρθενίας
2843 4488 3111 4560 κάματος,
3143 4490 3235 4543 καὶ
3279 4492 3474 4565 εὐχῆς,
3507 4492 3593 4545 καὶ
3630 4489 3829 4567 ψαλμ-

303 4597 454 4635 mur.
511 4577 580 4634 Hi
627 4576 841 4647 quippe
889 4572 1114 4629 labores
1164 4573 1375 4627 animas
1426 4588 1491 4628 ac
1548 4574 1831 4643 corporis,
1901 4590 2004 4646 spe

2133 4570 2303 4644 μδίας.
2358 4574 2611 4641 νηστείας
2661 4593 2717 4627 τε
2770 4576 2861 4629 καὶ
2918 4575 3211 4650 ἀγρυπνίας
3273 4581 3300 4633 ὁ
3356 4580 3524 4642 πόνος
3588 4579 3665 4643 εἲς
3725 4583 3833 4639 οὖ-

297 4667 691 4741 spiritualium
742 4663 1035 4736 ejusmodi
1082 4662 1376 4718 fructuum
1440 4661 1689 4717 exerceri
1745 4663 1996 4720 debent:

299 4758 553 4831 Spiritus
600 4772 732 4812 vero
781 4754 840 4810 in
881 4752 1197 4809 virtutibus
1229 4750 1617 4819 fructificatio,
1666 4751 1862 4806 fruitio
1913 4755 2002 4809 est

298 4846 621 4920 spiritualis
683 4845 743 4900 in
823 4842 1109 4914 voluptate
1167 4842 1526 4913 incorrupta,
1597 4841 1655 4896 in
1721 4841 1999 4900 cordibus

298 4936 567 4995 ﬁdelibus
613 4934 947 5006 operatione
991 4932 1242 5003 Spiritus
1305 4930 1495 4987 sancti
1579 4930 1877 4987 animatis.
1932 4932 1995 4987 In

297 5028 482 5084 multa
545 5024 835 5097 siquidem
899 5023 1249 5079 discretione
1310 5019 1651 5093 prudentiae,
1718 5022 1999 5093 Operatio,

300 5117 554 5184 labores,
585 5119 643 5170 et
664 5128 935 5169 aerumnis
967 5116 1213 5179 natura},
1246 5108 1655 5165 existimentur
1694 5125 1795 5181 per
1823 5110 1998 5165 fidem

299 5214 357 5264 et
385 5222 547 5280 spem
568 5222 603 5260 a
645 5208 846 5259 sancto
876 5202 1094 5273 Spiritu
1126 5199 1224 5267 iis,
1266 5198 1367 5270 qui
1399 5197 1555 5269 digni
1608 5206 1766 5266 sunt,
1810 5200 1997 5255 effica-

299 5298 446 5353 citer
510 5294 703 5350 inditi.
753 5294 979 5349 Bonum
1035 5298 1115 5347 est
1175 5288 1495 5360 jejunium,
1555 5286 1705 5343 bona
1760 5288 1995 5360 vigilia;

300 5387 452 5443 bona
508 5385 646 5453 fuga
693 5382 894 5454 patriai
935 5385 991 5437 et
1026 5378 1484 5436 conversationis
1517 5377 1788 5433 humana:
1821 5378 1879 5432 iu
1909 5395 1999 5434 so-

299 5474 569 5531 litudine.
604 5472 715 5529 Sed
745 5471 866 5527 haec
902 5470 1007 5527 ﬂos
1046 5469 1171 5540 ipse
1211 5483 1278 5524 ac
1326 5466 1488 5539 vigor
1517 5471 1659 5523 sunt
1694 5483 1998 5525 conversa-

364 5662 387 5701 7
417 5661 623 5721 Matth.
658 5677 787 5733 xxv,
815 5662 867 5715 8.
944 5658 964 5693 ⁸
996 5655 1182 5712 Galat.
1217 5669 1271 5724 ν,
1301 5655 1391 5710 22.

2114 4658 2197 4715 δὲν
2240 4659 2641 4719 ἀποδείκνυται.
2677 4664 2843 4721 Οὗτοι
2890 4665 2994 4741 γάρ
3041 4668 3092 4721 οἱ
3132 4667 3290 4723 πόνοι
3340 4673 3525 4745 ψυχῆς
3568 4670 3661 4725 καὶ
3714 4674 3831 4727 σώο

2116 4771 2282 4823 ματος
2338 4752 2420 4805 ἐπ’
2488 4747 2674 4807 ἐλπίδι
2740 4760 3121 4825 πνευματικῶν
3182 4763 3404 4832 καρπῶν
3456 4755 3828 4822 ἐπιτελεῖσθαι

2113 4838 2421 4917 ὀφείλουσιν
2453 4857 2466 4872 ⁶
2525 4842 2560 4909 ἡ
2612 4838 2674 4895 δὲ
2714 4847 2811 4896 τοῦ
2863 4843 3171 4916 Πνεῦματος
3209 4848 3263 4901 ἓν
3297 4853 3416 4912 ταῖς
3444 4846 3660 4923 ἀρεταῖς
3692 4871 3831 4925 καρ-

2109 4928 2352 5005 ποφορία
2429 4928 2727 4993 ἀπόλαυσίς
2799 4930 2908 4986 ἐστι
2994 4939 3331 5008 πνευματική
3388 4935 3439 4993 ἐν
3496 4936 3670 5013 ἡδονῇ
3729 4940 3832 5017 ἀτρ-

2111 5017 2314 5091 θάρτῳ,
2347 5017 2397 5071 ἐν
2428 5015 2679 5092 καρδίαις
2737 5026 2975 5089 πισταῖς,
3009 5021 3110 5077 ὑπὸ
3162 5028 3259 5079 τοῦ
3317 5024 3629 5101 Πνεῦματος
3679 5015 3829 5102 ἐνερ-

2110 5106 2407 5179 γουμὲναις
2443 5127 2455 5139 ·
2491 5105 2543 5161 ἐν
2576 5104 2765 5183 πολλῇ
2807 5111 2909 5185 γὰρ
2958 5108 3218 5187 διακρίσει
3270 5112 3527 5178 συνέσεως
3569 5118 3604 5185 ἡ
3656 5115 3823 5194 ἐργα-

2111 5194 2197 5249 σία
2248 5194 2338 5249 καὶ
2388 5196 2555 5259 πόνος
2605 5196 2692 5251 καὶ
2752 5197 2987 5272 κάματοι
3036 5206 3136 5271 τῆς
3195 5204 3405 5281 φύσεως
3481 5205 3824 5280 ἡγείσθωσαν

2110 5281 2199 5339 διὰ
2254 5284 2487 5348 πίστεως
2546 5285 2634 5340 καὶ
2686 5283 2909 5351 ἐλπίδος
2960 5288 3066 5345 ἀπὸ
3128 5290 3224 5346 τοῦ
3292 5292 3444 5369 ἁγίου
3505 5295 3828 5369 ΙΙνεῦματος

2108 5380 2223 5437 τοῖς
2297 5375 2466 5449 ἀξίοις
2521 5376 2928 5453 ἓνεργούμενοι.
2979 5380 3163 5437 Καλόν
3222 5379 3361 5438 ἐστιν
3419 5386 3454 5454 ἡ
3512 5386 3828 5459 νηστεία,ἡ

2114 5465 2401 5543 ἀγρυπνία,
2462 5468 2497 5537 ἡ
2558 5465 2783 5537 ξενιτεία
2817 5511 2831 5528 .
2890 5467 3036 5527 ἀλλά
3090 5476 3258 5529 ταῦτα
3317 5474 3463 5549 ἀκμή
3541 5473 3831 5543 πολιτείας
