4082 6196
279 353 402 418 829

1473 349 1699 419 LIBER
1741 355 1842 420 DE
1883 347 2272 421 CUSTODIA
2317 353 2617 420 CORDIS.

3681 354 3804 421 830

281 489 428 547 ἐστὶν
489 491 694 568 ἀγαθῆς
727 505 742 522 ⁸
795 487 942 558 πλὴν
983 490 1017 558 ἡ
1076 489 1224 560 τάξις
1279 492 1387 545 τῶν
1451 494 1786 566 Χριστιανῶν
1849 488 1982 545 ἰσω-

2133 492 2274 550 ionis
2306 493 2490 549 bonae.
2532 493 2815 549 Caeterum
2863 491 3003 550 ordo
3051 492 3512 550 Christianorum
3558 495 3803 552 interior

280 578 414 653 τέρα
469 577 583 634 icti
632 577 859 646 τούτων,
915 581 1006 633 καὶ
1062 578 1161 636 οὐκ
1217 578 1427 658 ὀφείλει
1482 597 1567 641 τις
1619 577 1709 634 ἐπὶ
1765 579 1986 642 τούτοις

277 671 384 740 τήν
452 669 773 739 πεποίθησιν
819 667 966 745 ἔχειν
1023 671 1114 726 καὶ
1177 668 1383 744 μόνοις.
1445 666 1741 743 Συμϐαίνει
1798 667 1855 725 δὲ
1902 669 1987 726 ὅτι

278 758 386 816 εἰσί
440 779 581 822 τινες
639 760 868 834 χάριτος
928 757 1198 835 μέτοχοι·
1240 760 1331 814 καὶ
1397 761 1432 830 ἡ
1493 759 1654 814 κακία
1717 754 1794 815 ἔτι
1855 759 1990 815 οὖσα

280 849 619 925 τεχνάζεται,
668 850 758 905 καί
805 855 1130 926 παραχωρεῖ
1187 851 1408 921 ἑκοῦσα,
1475 851 1565 904 καὶ
1617 848 1713 904 οὐκ
1761 849 1987 926 ἐνεργεῖ,

281 937 431 994 ἀλλὰ
475 945 625 994 ποιεῖ
671 940 896 1013 νομίσαι
941 941 1036 994 τὸν
1082 940 1388 1014 ἄνθρωπον,
1438 938 1522 994 ὅτι
1579 938 1905 1013 ἐκαθαρίσθη
1959 939 1986 993 6

286 1032 413 1091 νοῦς
445 1028 610 1084 αὐτοῦ
636 1047 649 1060 °
690 1028 780 1084 καὶ
831 1027 1024 1084 λοιπὸν
1057 1029 1206 1107 φέρει
1251 1028 1417 1099 αὐτὴν
1466 1027 1670 1100 οἴησιν,
1721 1029 1804 1084 ὅτι
1843 1033 1989 1104 Χρι-

280 1117 501 1180 στιανός
550 1117 664 1191 εἶμι
712 1115 945 1188 τέλειος,
991 1119 1083 1172 καὶ
1136 1119 1272 1192 μετᾶ
1315 1123 1505 1186 ταῦτα,
1555 1120 1680 1173 ὅταν
1727 1121 1927 1192 νομίσῃ
1958 1120 1986 1173 6

279 1203 593 1282 ἄνθρωπος,
653 1209 736 1261 ὅτι
789 1205 1101 1281 Ἐλεύθερός
1150 1209 1288 1280 εἰμι,
1347 1207 1437 1262 καὶ
1495 1207 1810 1282 ἀμεριμνεῖ,
1862 1209 1988 1263 τότε

281 1296 564 1372 λῃστρικῷ
627 1297 818 1373 τρόπῳ
877 1296 1099 1372 ἔρχεται
1164 1297 1316 1369 αὐτῷ
1372 1299 1407 1366 ἡ
1466 1299 1632 1352 κακία
1691 1294 1987 1374 ἕγκρυμμα

279 1391 519 1442 ποιοῦσα
551 1403 564 1420 ·
605 1386 697 1441 καὶ
764 1388 1007 1460 πειράζει
1064 1386 1248 1457 αὐτὸν,
1308 1389 1395 1442 καὶ
1465 1387 1750 1464 καταφέρει
1825 1387 1984 1443 αὐτὸν

282 1475 361 1539 είς
393 1476 461 1531 τὰ
505 1477 792 1532 κατώτατα
843 1483 944 1545 τῆς
996 1483 1120 1549 γῆς.
1183 1475 1246 1532 Ei
1304 1479 1406 1550 γὰρ
1467 1478 1740 1550 ἂνθρωποι
1800 1475 1986 1533 πολλα

277 1587 366 1629 κις
400 1564 600 1640 λῃσταὶ
653 1563 800 1628 ὄντες
829 1563 866 1635 ἤ
907 1570 1231 1640 στρατιῶται
1280 1566 1415 1621 κατὰ
1469 1565 1752 1640 πολεμίων
1808 1564 1986 1623 οἷ’δασι

272 1656 652 1730 τεχνάζεσθαι,
747 1653 838 1710 καὶ
930 1655 1377 1726 ὑποκαθέζονται,
1444 1655 1534 1711 καὶ
1589 1661 1836 1712 ποιοῦσιν
1907 1651 1987 1734 ἔγ-

274 1766 532 1822 κρυμμα,
583 1745 674 1800 καὶ
734 1741 1078 1819 λαμϐάνουσι
1133 1749 1202 1800 τὰ
1255 1752 1399 1801 νῶτα
1455 1751 1562 1801 τῶν
1601 1747 1837 1822 ἐχθρῶν,
1894 1749 1985 1802 καί

281 1832 710 1910 περικυκλοῦσιν
791 1835 988 1898 αὐτοὺς
1081 1835 1313 1910 ἀθρόως,
1401 1836 1491 1890 καὶ
1585 1837 1981 1892 ἀποκτείνουσι·

274 1924 484 1998 πολλῷ
518 1923 730 1998 μᾶλλον
759 1927 794 1996 ἡ
827 1925 988 1981 κακία
1018 1925 1149 1980 οὖσα
1185 1926 1459 1981 τοσούτων
1504 1925 1774 2000 χιλιάδων
1820 1932 1982 1983 τοῦτο

276 2016 341 2072 τὸ
373 2013 532 2091 ἔργον
583 2010 810 2091 ἔχουσα,
854 2015 1017 2077 τόσας
1069 2013 1379 2070 ἀπολέσασα
1425 2017 1630 2092 ψυχὰς,
1692 2016 1837 2072 οἶδεν
1889 2017 1982 2072 οὖν

274 2103 575 2181 ἕγκρυμμα
641 2111 814 2160 ποιεῖν
883 2106 938 2161 ἐν
1008 2109 1078 2179 τῇ
1145 2102 1360 2180 καρδίᾳ,
1425 2107 1560 2161 κατὰ
1626 2108 1848 2182 καιροὺς
1905 2109 1981 2180 μὴ

277 2193 536 2272 ἐνεργεῖν,
569 2193 663 2250 ’ίνα
711 2194 903 2272 ἐνέγκῃ
953 2197 1051 2266 τὴν
1113 2197 1301 2273 ψυχήν
1349 2195 1424 2258 εἰς
1475 2195 1653 2267 ο’ίησιν
1695 2196 1983 2268 τελειότη-

273 2306 368 2349 τος
397 2302 412 2355 ;

351 2469 410 2524 Ι’.
468 2468 524 2522 '0
593 2465 846 2539 θεμέλιος
911 2471 1008 2522 τοῦ
1076 2472 1509 2543 Χριστιανισμοῦ
1584 2468 1742 2530 οὗτός
1820 2466 1982 2539 ἐστιν,

268 2552 367 2610 ’ίνα
403 2553 462 2611 ἅν
512 2558 718 2630 ποιήσῃ
770 2555 796 2610 6
861 2555 1147 2630 ἄνθρωπος
1215 2553 1580 2623 δικαιοσύνας,
1644 2558 1718 2630 μὴ
1778 2553 1978 2612 ἐπανα-

274 2645 426 2721 παύῃ
486 2643 537 2701 ἓν
581 2647 789 2713 αὐταῖς,
847 2645 937 2700 καί
991 2645 1094 2721 ἔχῃ
1136 2647 1323 2702 ἑαυτὸν
1378 2645 1566 2723 μέγαν,
1615 2645 1746 2701 ἀλλ’
1841 2669 1984 2702 πτω-

274 2737 383 2812 χὸς
425 2738 508 2809 τῷ
559 2737 823 2810 πνεύματι
858 2736 986 2791 ’καὶ
1035 2735 1124 2791 ἐὰν
1173 2737 1394 2811 γένηται
1450 2739 1685 2813 μέτοχος
1733 2739 1984 2814 χάριτος,

282 2825 362 2898 μὴ
416 2826 617 2898 νομίσῃ
673 2824 860 2880 ἑαυτὸν
918 2824 1309 2900 κατειληφέναι
1365 2847 1440 2898 τι,
1488 2826 1578 2881 καὶ
1630 2826 1794 2900 οίηθῇ
1848 2827 1980 2882 εἶναί

276 2936 388 2986 τις,
430 2915 514 2969 καί
571 2915 794 2988 ἄρξηται
846 2911 1118 2969 διδάσκειν
1149 2913 1316 2970 ’ἀλλ’
1361 2915 1449 2970 ἳνα
1488 2914 1564 2969 ὢν
1621 2914 1799 2985 καλῆς
1844 2918 1987 2985 ξενισ-

276 3005 426 3066 τείας
467 3003 557 3060 καὶ
616 3003 917 3074 πολιτείας,
983 3006 1258 3076 νηστεύων
1327 3004 1492 3074 πολὺ,
1560 3005 1833 3078 ξενιτεύων
1898 3008 1986 3062 εὐ-

281 3096 548 3172 χόμενος,
611 3094 856 3169 μετέχων
903 3096 1156 3173 χάριτος,
1209 3096 1286 3168 μή
1335 3097 1608 3170 ἡγήσηται
1649 3097 1750 3165 τήν
1799 3096 1982 3169 ψυχὴν

283 3186 456 3240 αὐτοῦ
491 3184 678 3257 τιμίαν
706 3203 720 3217 ·
749 3181 897 3239 ἀλλὰ
927 3185 1051 3240 τότε
1085 3183 1343 3257 μάλιστα,
1394 3184 1518 3240 ὅταν
1558 3185 1704 3259 ἀρχὴ
1758 3185 1986 3263 χάριτος

2095 589 2186 640 est
2207 583 2297 638 his
2323 607 2338 651 ;
2369 592 2424 639 et
2453 600 2568 639 non
2601 584 2770 639 debet
2801 583 2932 654 quis
2989 584 3080 638 his
3112 582 3280 638 inniti
3339 584 3480 640 solis
3514 587 3583 639 ad
3617 586 3801 642 conﬁ-

2094 673 2376 727 dentiam.
2410 672 2708 743 Contingit
2736 677 2934 728 autem
2986 687 3114 728 esse
3143 672 3425 743 quosdam
3489 675 3799 744 participes

2095 763 2328 834 gratiae;
2361 761 2419 816 in
2450 764 2666 833 quibus
2699 762 2946 832 malitia,
2978 778 3112 818 cum
3159 779 3356 820 revera
3408 763 3612 833 subsit,
3649 764 3796 820 insi-

2096 854 2260 909 diose
2317 854 2494 910 latere
2559 853 2796 923 satagit,
2869 853 3020 908 ultro
3079 869 3250 923 agere
3314 869 3549 909 cessans
3611 858 3670 908 et
3737 869 3798 909 se

2094 943 2480 1006 abscondens,
2508 945 2849 1012 ipsumque,
2887 942 2946 996 in
2994 958 3110 1013 quo
3144 943 3386 1012 habitat,
3428 941 3611 1011 fallat,
3645 942 3797 998 male

2098 1037 2473 1108 persuadens,
2533 1048 2660 1089 esse
2713 1049 2880 1088 suam
2935 1041 3183 1088 mentem
3227 1035 3353 1104 jam
3414 1039 3720 1105 purgatam
3776 1052 3790 1103 ;

2097 1127 2251 1181 unde
2282 1125 2340 1180 in
2372 1121 2766 1194 arrogontiam
2800 1123 3057 1190 inﬂatur,
3109 1123 3308 1177 aiens:
3347 1126 3643 1180 Perfectus
3689 1140 3794 1195 ego

2093 1216 2462 1272 Christianus
2517 1231 2671 1280 sum,
2705 1219 2765 1268 at
2793 1214 2930 1268 dum
2989 1213 3168 1268 miser
3225 1214 3323 1268 isti
3355 1214 3576 1268 fiducia:
3615 1213 3792 1268 homo

2093 1309 2252 1362 164
2292 1306 2593 1372 indormit,
2626 1304 2876 1360 liberum
2909 1319 2970 1360 se
2993 1320 3148 1359 nunc
3179 1304 3416 1358 domum
3452 1304 3796 1374 praedicans,

2095 1395 2448 1468 Opprimitur
2496 1394 2568 1450 ab
2601 1396 2856 1450 irruente
2911 1393 2972 1449 in
3036 1409 3195 1462 eum,
3230 1393 3520 1449 latronum
3565 1408 3797 1458 more,e

2096 1485 2355 1551 latebris,
2388 1485 2489 1540 ubi
2538 1485 2903 1548 subsederat,
2938 1482 3190 1549 malitia,
3223 1498 3349 1553 quae
3408 1483 3551 1537 nihil
3606 1483 3797 1538 minus

2094 1577 2429 1648 opinantem
2462 1575 2783 1629 tentatione
2825 1572 3153 1628 vehementi
3214 1573 3509 1637 adoriens,
3539 1571 3714 1628 vincit
3743 1575 3799 1626 et

2094 1665 2373 1737 deprimit
2419 1664 2483 1720 in
2533 1670 2696 1720 terra
2743 1663 2962 1718 intima.
2990 1663 3047 1716 Si
3106 1661 3260 1717 enim
3327 1661 3595 1716 homines
3643 1677 3797 1733 saepe

2092 1755 2398 1812 latrocinio
2421 1759 2522 1810 aut
2543 1753 2763 1809 militiae
2795 1751 2997 1820 dediti,
3031 1755 3460 1822 strategemate,
3482 1749 3564 1804 uti
3599 1751 3797 1805 sciunt

2093 1846 2470 1901 subsidentes
2500 1843 2559 1898 in
2593 1842 2736 1898 locis
2776 1841 3042 1908 occultis,
3075 1845 3131 1896 et
3184 1857 3251 1895 ex
3282 1839 3516 1895 insidiis
3561 1843 3794 1911 repente

2092 1935 2418 1992 coorientes
2472 1933 2530 1989 in
2577 1931 2834 1988 hostium
2869 1935 3054 2002 terga,
3089 1930 3332 2000 ipsoque
3362 1929 3792 1986 circumventos

2092 2025 2148 2081 vi
2178 2024 2371 2080 subita
2399 2022 2710 2087 trucidant,
2744 2026 2968 2091 quanto
3029 2017 3220 2089 magis
3269 2017 3512 2088 malitia,
3545 2034 3669 2086 quas
3714 2021 3800 2073 tot

2093 2113 2358 2170 millibus
2389 2127 2676 2168 annorum
2740 2111 2845 2165 hoc
2894 2126 3042 2180 opus
3093 2107 3370 2174 exercuit,
3432 2112 3516 2163 tot
3548 2108 3796 2179 perdens

2093 2205 2345 2269 animas,
2365 2208 2559 2258 notam
2580 2200 2820 2256 habebit
2839 2203 3018 2254 artem
3045 2197 3383 2253 insidiarum
3406 2195 3464 2251 in
3485 2195 3602 2251 imo
3625 2197 3796 2252 corde

2093 2293 2532 2360 struendarum,
2557 2295 2622 2346 ut
2680 2289 2997 2359 aliquando
3044 2291 3230 2344 cesset
3279 2287 3350 2341 ab
3383 2286 3632 2357 agendo,
3681 2301 3796 2355 quo

2094 2381 2472 2457 persuasione
2503 2378 2616 2435 ista
2641 2377 2870 2433 imbuat
2894 2376 3172 2444 animam,
3201 2391 3262 2431 se
3284 2390 3414 2431 esse
3441 2373 3798 2446 perlectum?

2165 2468 2230 2526 X.
2263 2467 2736 2522 Fundamentum
2797 2462 3230 2520 Christianismi
3263 2462 3372 2518 hoc
3429 2468 3538 2528 est,
3574 2476 3644 2516 ne
3691 2461 3800 2516 bo-

2096 2576 2190 2618 mo
2223 2564 2356 2631 post
2403 2555 2771 2628 quantalibet
2822 2555 2974 2610 bona
3030 2570 3227 2624 opera,
3268 2553 3329 2608 in
3382 2552 3527 2624 ipsis
3557 2551 3800 2622 acquie-

2097 2655 2246 2716 scat,
2307 2652 2410 2703 aut
2465 2662 2529 2702 se
2571 2660 2850 2716 magnum
2912 2647 3098 2715 putet,
3141 2641 3241 2698 sed
3288 2649 3607 2711 perseveret
3673 2655 3800 2695 esse

2094 2755 2317 2814 pauper
2354 2737 2564 2809 spiritu
2599 2752 2612 2792 :
2649 2753 2715 2792 ac
2744 2751 2877 2791 cum
2911 2735 3108 2806 gratiae
3132 2733 3421 2804 particeps
3452 2731 3642 2787 factus
3672 2732 3794 2786 fue-

2096 2831 2193 2897 rit,
2249 2845 2320 2885 nc
2368 2828 2654 2884 existimet
2709 2841 2771 2881 se
2802 2823 3103 2895 quidpiam
3163 2823 3467 2893 adeptum,
3525 2825 3800 2893 putetque

2095 2935 2158 2975 se
2211 2933 2341 2974 esse
2394 2916 2678 2986 aliquem,
2737 2912 3097 2984 incipiatque
3169 2911 3514 2982 magistrum
3609 2926 3797 2980 agere.

2098 3008 2252 3064 Neve
2281 3023 2344 3062 se
2375 3006 2627 3076 aliquem
2670 3019 2842 3072 supra
2881 3002 3113 3072 vulgus,
3146 3002 3284 3072 quin
3316 3000 3514 3065 etiam,
3538 3015 3669 3053 cum
3702 3016 3800 3055 ee-

2094 3095 2335 3151 cesserit
2363 3095 2420 3150 in
2476 3091 2846 3148 solitudinem
2879 3094 2937 3144 et
2985 3091 3132 3144 bene
3189 3087 3595 3152 ambulaverit,
3641 3086 3798 3141 mul-

2095 3190 2218 3241 tum
2247 3185 2546 3256 jejunans,
2581 3181 2853 3237 exsilium
2886 3178 3090 3234 mundi
3148 3176 3369 3233 fortiter
3399 3176 3673 3244 tolerans,
3705 3175 3796 3245 pie

274 3273 521 3350 γένηται,
549 3271 645 3328 ’ίνα
685 3272 788 3352 ἔχῃ
817 3274 906 3328 τὸν
953 3275 1142 3344 πόνον,
1173 3274 1274 3342 τὴν
1318 3271 1500 3347 δίψαν,
1546 3272 1642 3328 ’ίνα
1695 3276 1770 3347 μη
1820 3293 1977 3329 κεκο-

2137 3254 2288 3341 rans,
2321 3271 2520 3344 gratiae
2552 3271 2838 3326 donorum
2871 3282 3131 3339 compos,
3171 3263 3352 3320 nihilo
3384 3268 3579 3319 tamen
3615 3263 3799 3334 magis

274 3365 542 3438 ρεσμένος
599 3357 702 3438 ἔχῃ
757 3363 944 3417 ἑαυτὸν
1004 3361 1214 3418 δίκαιον
1261 3363 1296 3432 ἢ
1343 3361 1606 3419 πλούσιον
1659 3362 1713 3418 ἐν
1742 3362 1930 3439 χάριτι
1963 3377 1981 3398 ⁶

276 3453 410 3510 ἀλλ’
522 3457 730 3510 πενθῶν
777 3453 869 3509 καὶ
928 3451 1172 3530 δακρύων
1209 3499 1222 3511 .
1260 3456 1358 3510 Καὶ
1415 3456 1473 3510 ’ὀν
1536 3453 1736 3526 τρόπον
1796 3454 1883 3510 ἐὰν
1943 3455 1977 3529 ᾖ

280 3545 494 3618 μήτηρ,
560 3546 650 3600 καὶ
697 3538 801 3619 ἔχῃ
847 3544 964 3598 υἱὸν
1022 3551 1287 3618 μονογενῆ
1339 3545 1431 3600 καὶ
1490 3542 1754 3620 παιδεύσῃ
1804 3544 1984 3615 αύτὸν,

273 3634 372 3689 καὶ
431 3635 555 3688 ὅταν
605 3631 827 3710 γένηται
876 3632 1034 3708 ἀνὴρ,
1085 3629 1271 3707 συμϐῇ
1319 3633 1466 3705 αὐτῷ
1514 3633 1804 3689 ἀποθανεῖν
1839 3655 1855 3670 ο
1894 3635 1985 3689 καὶ

283 3723 485 3780 λοιπὸν
551 3723 668 3777 ὅσοι
741 3720 802 3776 ἂν
870 3717 969 3776 ὦσι
1037 3723 1524 3798 παραμυθούμενοι
1592 3725 1690 3792 τὴν
1756 3723 1984 3798 μητέρα,

283 3812 505 3888 μᾶλλον
563 3811 932 3889 ἰπεγείρουσιν
983 3810 1119 3885 αὐτῇ
1178 3813 1240 3867 τὸ
1291 3812 1504 3881 πένθος,
1559 3812 1646 3866 καί
1696 3812 1986 3887 ἀπαραμύο

281 3902 452 3972 θητός
499 3900 851 3956 ἐστινοοῧτω
912 3903 1024 3976 χρή
1085 3899 1294 3956 κλαίειν
1351 3900 1445 3956 τὸν
1505 3900 1831 3973 Χριστιανὸν
1887 3902 1986 3970 τήν

281 3996 492 4048 πτῶσιν
544 3987 728 4062 αὑτοῦ,
787 3992 877 4045 καὶ
932 3987 1298 4051 ἀδιαλείπτως
1347 3987 1599 4063 δαλρύειν
1631 4009 1644 4023 ο
1677 3990 1784 4065 πρὸ
1859 3990 1989 4044 πάν-

277 4102 394 4138 των
427 4079 484 4136 δέ
513 4074 658 4156 ἔχειν
700 4080 1162 4154 συντετριμμένην
1191 4081 1290 4148 τήν
1317 4075 1560 4153 καρδίαν,

2099 3363 2350 3419 animam
2385 3377 2553 3418 suam
2587 3359 2900 3430 pretiosam
2936 3358 3165 3412 habeat.
3192 3357 3313 3410 Imo
3349 3358 3470 3410 tum
3523 3354 3794 3421 maxime,

2097 3455 2329 3526 quando
2373 3453 2626 3524 primum
2687 3449 2866 3504 sentit
2909 3446 3221 3518 appulsum
3271 3443 3492 3516 gratiae,
3554 3442 3800 3498 sollicite

2099 3545 2359 3610 laboret;
2440 3539 2718 3610 sitimque
2775 3540 3062 3593 monstret
3114 3533 3407 3590 ulterioris
3467 3533 3798 3604 profectus;

2095 3634 2262 3690 valde
2295 3648 2505 3688 cavens
2539 3646 2629 3698 ne,
2661 3632 2826 3699 quasi
2866 3628 2984 3698 iam
3019 3627 3287 3692 satiatus,
3327 3640 3390 3680 se
3442 3622 3674 3678 abunde
3704 3621 3802 3690 ju-

2097 3727 2275 3788 stum,
2338 3725 2438 3775 aut
2494 3717 2840 3788 locupletem
2889 3716 3140 3780 habeat;
3179 3731 3209 3770 θ
3265 3712 3552 3768 contrario
3612 3711 3802 3782 potius

2096 3812 2313 3884 lugeat,
2345 3809 2800 3880 etlacrymetur.
2853 3805 3156 3870 Quomodo
3204 3803 3252 3858 si
3285 3812 3466 3860 mater
3512 3802 3797 3857 educave-

2097 3903 2236 3956 rita
2266 3915 2442 3972 puero
2473 3914 2612 3953 cura
2638 3911 2853 3966 magna
2884 3893 3120 3948 unicum
3157 3891 3367 3958 lilium,
3416 3891 3534 3956 ubi,
3568 3905 3700 3946 cum
3726 3889 3796 3943 ad

2097 3991 2321 4048 virilem
2364 3988 2626 4061 pervenit
2647 3991 2893 4047 aetatem,
2928 3981 3076 4038 mori
3133 3997 3264 4036 eum
3318 3979 3643 4050 contingat,
3697 3977 3800 4049 qui

2099 4079 2381 4138 consolari
2408 4095 2534 4134 eam
2569 4075 3004 4148 aggrediantur,
3067 4070 3356 4128 incentiva
3385 4069 3579 4125 luctus
3612 4067 3803 4138 magis

279 4172 697 4238 accumulant;
759 4171 843 4228 sic
899 4171 1034 4228 ﬂere
1089 4171 1484 4227 indesinenter
1530 4170 1926 4227 Christianum
1985 4175 2208 4244 oportet
2273 4170 2504 4241 lapsum
2563 4181 2760 4236 suum,
2819 4167 2878 4220 et
2955 4167 3092 4219 ante
3146 4160 3344 4218 omnia
3418 4158 3630 4214 habere
3702 4173 3804 4214 cor

281 4261 630 4320 contritum.

359 4351 469 4408 IA'.
500 4350 702 4420 Ὥσπερ
734 4347 778 4403 εἰ
812 4347 963 4412 οἶκος
1001 4345 1269 4423 βασιλέως
1318 4342 1462 4424 ἔχων
1510 4343 1718 4410 διαίτας
1767 4346 1986 4411 πολλὰς

2166 4351 2268 4407 XI.
2299 4348 2369 4405 Ut
2401 4347 2450 4404 si
2483 4345 2765 4420 palatium
2793 4344 2944 4414 regis
3002 4341 3328 4414 cuiuspiam
3363 4337 3546 4395 multa
3591 4336 3801 4393 habeat

281 4438 377 4493 καὶ
419 4436 592 4499 αύλᾶς
641 4433 952 4515 διαφόρους,
1002 4435 1092 4490 καὶ
1151 4437 1398 4510 πρόθυρα
1444 4433 1653 4506 πολλὰ,
1715 4435 1805 4492 καὶ
1859 4435 1984 4492 ἐσω-

2136 4438 2388 4508 ubicula,
2421 4443 2477 4492 et
2508 4436 2692 4492 multa
2745 4432 3027 4490 vestibula
3075 4437 3131 4488 et
3177 4432 3348 4499 atria,
3410 4446 3475 4485 ac
3523 4427 3801 4484 interiora

280 4528 477 4603 τέρους
536 4525 748 4594 οἴκους,
805 4521 932 4580 ἔνθα
991 4525 1141 4598 μένοι
1199 4526 1226 4580 6
1290 4524 1566 4600 βασιλεὺς,
1625 4527 1716 4581 καί
1765 4529 1799 4596 ἡ
1849 4546 1988 4601 πορ-

283 4617 454 4696 φύρα,
484 4615 574 4671 καὶ
623 4615 676 4670 οἱ
721 4614 990 4690 θησαυροὶ
1043 4613 1355 4670 ἀπόκεινται
1389 4633 1401 4648 ο
1431 4614 1626 4670 λοιπὸν
1673 4617 1701 4670 6
1752 4615 1993 4690 εἰσερχό-

290 4726 456 4782 μενος
485 4704 561 4766 si:
593 4704 685 4766 τὰς
711 4703 972 4777 ἐξωτέρας
1003 4702 1175 4766 αὐλὰς
1226 4705 1301 4776 μή
1334 4705 1562 4779 νομίσῃ,
1612 4701 1695 4759 ὅτι
1753 4703 1861 4775 ἤδη
1915 4705 1990 4768 εἷς

283 4796 418 4859 τοὺς
455 4795 754 4870 ἂσωτέρους
805 4793 991 4856 οἷ’κους
1039 4793 1229 4863 ἦλθεν,
1280 4793 1418 4850 ὅπου
1448 4796 1483 4863 ἡ
1517 4791 1644 4865 δόξα
1687 4799 1786 4850 τοῦ
1838 4796 1993 4871 βασι-

286 4883 458 4954 λέως,
505 4884 594 4940 καὶ
626 4887 661 4954 ἡ
702 4885 976 4962 πορφύρα,
1025 4882 1115 4939 καί
1155 4884 1206 4938 οἱ
1239 4882 1500 4959 θησαυροί
1535 4901 1550 4917 ⁸
1575 4883 1749 4946 οὕτως
1799 4883 1874 4945 είς
1928 4885 1990 4940 τὸ

283 4977 678 5048 πνευματικὸν,
749 4976 800 5031 οἱ
866 4973 1234 5045 νηστεύοντες,
1303 4975 1355 5028 οἱ
1440 4976 1861 5052 ἀγρυπνοῦντες,
1940 4973 1992 5029 oi

285 5064 596 5140 ψάλλοντες
634 5065 724 5120 καὶ
756 5064 1074 5143 εὐχόμενοι,
1110 5065 1185 5137 μή
1219 5063 1543 5137 νομίσωσιν,
1603 5063 1688 5120 ὅτι
1737 5063 1993 5134 εἰσῆλθον

287 5154 370 5219 εἷς
417 5156 520 5225 τὴν
565 5155 914 5224 κατάπαυσιν,
983 5153 1058 5215 ὡς
1124 5149 1182 5207 δὲ
1248 5152 1429 5226 ἂκμήν
1485 5152 1563 5216 εἷς
1622 5155 1688 5209 τὰ
1751 5155 1996 5230 πρόθυρα

283 5245 381 5302 καὶ
428 5244 503 5308 εἷς
551 5247 645 5308 τᾶς
700 5243 869 5305 αύλὰς
918 5241 1280 5321 εἰσέρχονται,
1325 5242 1439 5320 οὐχ
1486 5241 1624 5299 ὅπου
1653 5247 1688 5314 ἠ
1721 5243 1995 5321 πορφύρα,

285 5334 382 5393 καὶ
413 5336 467 5392 οἱ
515 5334 805 5409 θησὲιυροί.
849 5331 959 5391 Οὐκ
1003 5334 1315 5410 ὀφείλουσιν
1366 5333 1459 5390 οὖν
1505 5332 1734 5414 ἀδελφοὶ
1777 5339 1845 5408 τῇ
1895 5330 1996 5406 ἔξω

289 5424 551 5498 πολιτείᾳ
578 5423 816 5500 θαρρεῖν,
869 5422 960 5479 καὶ
1011 5422 1210 5502 λέγειν,
1257 5425 1339 5480 ὅτι
1391 5424 1522 5498 Είμί
1552 5446 1634 5488 τις
1667 5445 1681 5460 ο
1717 5425 1762 5480 εί
1803 5425 1859 5480 δὲ
1905 5426 1996 5480 καὶ

289 5513 530 5592 χάριτος
589 5514 826 5590 μέτοχος
881 5511 1125 5588 γένηται,
1202 5511 1464 5585 οἰηθῆναι
1521 5514 1596 5578 ὡς
1653 5512 1996 5584 καταλαϐὼν,

291 5608 330 5678 ἢ
380 5603 668 5682 γενόμενος
716 5603 1012 5682 ἐγγύτατος
1053 5607 1152 5659 τοῦ
1203 5602 1476 5680 βασιλέως
1509 5605 1730 5679 ’ἀκμήν
1777 5607 1878 5682 γὰρ
1922 5605 1998 5666 εἰς

289 5695 426 5760 τοὺς
483 5692 771 5773 ἰξωτέρους
825 5690 1009 5756 οἴκους
1065 5688 1348 5770 διατρίϐει.
1408 5694 1517 5750 Ούκ
1577 5693 1785 5774 ὀςρείλει
1847 5694 1997 5771 ἐρευο

2101 4529 2419 4596 conclavia,
2453 4527 2551 4582 ubi
2586 4527 2798 4581 residet
2836 4539 2954 4591 rex,
3000 4522 3098 4577 ubi
3144 4536 3405 4594 purpura
3452 4523 3509 4574 et
3538 4515 3800 4573 thesauri

2101 4629 2484 4692 reponuntur,
2515 4617 2730 4688 aliquis
2761 4614 3108 4670 exteriorum
3169 4620 3338 4668 tenus
3402 4609 3684 4664 atriorum
3739 4604 3798 4659 in

2102 4711 2392 4783 grediens,
2429 4725 2498 4764 ne
2530 4713 2692 4779 putet
2724 4723 2786 4762 se
2809 4706 2932 4777 jam
2994 4703 3054 4758 in
3096 4702 3306 4757 intima
3356 4699 3523 4770 quasi
3584 4697 3804 4750 viscera

2103 4805 2387 4856 tantarum
2417 4798 2626 4853 aedium
2660 4800 3011 4868 penetrasse,
3045 4799 3218 4862 atque
3257 4791 3401 4844 adeo
3431 4794 3626 4843 tenere
3657 4800 3803 4856 apo-

2103 4885 2320 4950 thecas,
2354 4883 2414 4939 in
2445 4883 2662 4954 quibus
2693 4896 2831 4951 gaza
2872 4882 2930 4935 et
2985 4875 3170 4948 gloria
3225 4873 3402 4944 regis,
3437 4886 3696 4943 purpura
3747 4877 3801 4926 et

2104 4972 2360 5031 thesauri
2391 4969 2804 5027 custodiuntur
2835 4984 2848 5023 :
2881 4966 2987 5032 sic,
3022 4965 3134 5020 ista
3183 4961 3436 5033 imagine
3491 4961 3563 5016 ad
3621 4959 3797 5031 spiri-

2103 5063 2258 5120 tuale
2291 5061 2586 5134 negotium
2637 5057 2941 5124 translata,
2970 5071 3042 5111 ne
3100 5057 3306 5126 putent
3335 5052 3688 5122 iejunantes,
3721 5049 3805 5104 vi-

2105 5153 2373 5226 gilantes,
2412 5149 2748 5222 psallentes.
2791 5150 3042 5212 orantes,
3083 5140 3412 5216 pervenisse
3462 5157 3524 5196 se
3571 5139 3687 5209 jam
3731 5139 3804 5226 ad

2108 5225 2435 5299 truitionem
2471 5239 2676 5309 pacis:
2726 5240 2927 5308 utpote
2982 5231 3084 5306 qui
3138 5232 3333 5288 adhuc
3382 5228 3440 5286 in
3517 5225 3807 5283 vestibula

2107 5336 2336 5389 tantum
2369 5333 2426 5385 et
2464 5327 2652 5400 prima
2707 5327 2856 5382 atria
2901 5322 3150 5397 ingressi
3179 5324 3338 5384 sunt,
3398 5319 3658 5374 nondum
3711 5333 3808 5373 eo-

2110 5423 2186 5478 uli
2224 5435 2502 5493 purpura,
2535 5417 2635 5473 ubi
2667 5414 2925 5473 thesauri
2979 5415 3199 5484 jaceat.
3250 5409 3375 5467 Non
3435 5408 3648 5464 debent
3705 5406 3810 5480 igi-

2111 5519 2206 5570 tur
2277 5511 2486 5566 fratres
2548 5507 2818 5565 exteriori
2871 5501 3310 5562 conversatione
3367 5515 3432 5556 ac
3499 5496 3810 5570 disciplina

2111 5600 2218 5660 niti
2286 5611 2654 5671 magnopere,
2718 5611 2826 5652 nec
2891 5593 2963 5650 de
3033 5608 3097 5648 se
3171 5592 3409 5665 propter
3484 5587 3644 5646 illam
3728 5585 3812 5642 di-

2111 5707 2240 5750 cere
2274 5706 2286 5744 :
2320 5689 2436 5761 Ego
2495 5703 2629 5744 sum
2689 5685 2943 5758 aliquis;
2995 5697 3121 5751 nec,
3159 5680 3333 5738 simul
3391 5696 3459 5738 ac
3515 5675 3808 5750 quispiam
