4116 6210
377 326 490 387 831

1696 319 1757 381 S.
1822 314 2160 379 MACARII
2205 318 2540 381 IEGYPTII

3770 330 3893 389 832

377 458 621 531 gratiam
679 456 1051 527 adipiscitur,
1113 455 1475 526 prmﬁdentia
1532 455 1663 523 niti,
1725 453 1889 526 quasi
1955 454 2049 524 jan

2192 457 2286 524 νᾷν
2334 452 2583 527 ἕκαστον,
2650 454 2697 511 εἴ
2756 455 2903 531 εὗρεν
2962 455 3017 513 ἐν
3074 462 3154 530 τῷ
3209 458 3507 534 ὀστρακίνῳ
3562 461 3741 517 σκεύει
3802 466 3893 519 τὸν

378 547 904 620 comprehenderit,
935 550 1034 601 aut
1065 545 1184 615 regi
1216 544 1294 600 sit
1325 543 1528 600 intime
1558 544 1867 610 admotus;
1904 543 2075 598 modo

373 639 610 697 enimin
669 636 897 694 extimis
927 638 1208 691 duntaxat
1236 633 1428 689 adhuc
1478 634 1806 690 diversatur
1862 633 2072 689 aedium

374 728 680 802 partibus:
742 741 848 783 nec
903 724 1171 781 convenit
1227 724 1471 780 scrutari
1564 738 2070 794 unumquemque,

374 834 515 873 num
550 818 691 872 forte
720 815 975 871 inveniat
1029 816 1088 868 in
1142 829 1274 868 vase
1330 810 1498 867 ﬁctili
1555 813 1913 877 thesaurum,
1973 814 2074 866 aut

373 908 593 979 regiam
633 905 886 961 induerit
927 904 1178 972 Spiritus
1229 917 1563 974 purpuram,
1612 919 1684 957 an
1738 916 1927 970 regem
1984 900 2072 955 in-

371 996 592 1051 venerit
621 1000 680 1050 et
710 994 900 1064 quiete
934 994 1181 1048 fruatur.
1232 990 1325 1047 Sic
1356 991 1569 1063 quippe
1618 994 1953 1062 comparata
1981 994 2070 1045 est

371 1086 629 1142 hominis
660 1083 877 1149 anima,
933 1081 1109 1136 habet
1158 1080 1609 1150 profunditatem
1660 1080 1973 1149 quamdam
2013 1082 2069 1134 et

369 1176 631 1232 membra
678 1175 833 1229 velut
894 1172 1168 1244 plurima.
1194 1173 1256 1227 In
1317 1188 1442 1227 eam
1505 1188 1674 1243 porro
1727 1170 2067 1227 subintrans

376 1274 700 1339 peccatum,
733 1268 943 1321 cuncta
972 1263 1099 1331 ejus
1148 1267 1396 1333 occupat
1428 1261 1712 1329 membra,
1764 1266 1821 1316 et
1853 1262 2069 1331 cogita-

364 1356 555 1411 tiones
585 1354 815 1421 cordis;
847 1352 1056 1407 deinde
1088 1367 1219 1407 cum
1276 1350 1449 1406 hamo
1509 1350 1737 1423 quaerit,
1783 1350 1938 1404 venit
1992 1350 2063 1404 ad

365 1446 559 1517 ipsum
594 1442 804 1515 gratia,
838 1447 896 1497 et
925 1457 1145 1512 occupa
1203 1441 1316 1496 duo
1376 1442 1638 1496 membra
1676 1438 1907 1495 animae.
1958 1438 2063 1502 Qui

362 1549 497 1604 ergo
526 1533 862 1603 inexpertus
893 1546 1112 1599 rerum,
1157 1530 1337 1585 sentit
1372 1529 1684 1600 appulsum
1741 1544 2063 1600 provocan-

362 1622 438 1678 tis
467 1621 687 1695 gratizs.
728 1620 1004 1677 continuo
1047 1623 1232 1690 putet,
1295 1619 1450 1690 quod
1504 1617 1821 1674 adveniens
1871 1619 2059 1690 gratia

360 1728 562 1769 omnes
618 1712 833 1767 animae
896 1720 1084 1781 partes
1136 1710 1527 1781 occupaverit,
1562 1707 1844 1780 planeque
1877 1724 1942 1764 ac
1979 1725 2065 1764 ra-

2187 546 2478 621 θησαυρὸν,
2540 548 2573 619 ἢ
2645 543 2927 603 ἐνεδύσατο
2981 548 3081 617 τήν
3141 549 3423 629 πορφύραν
3479 554 3581 607 τού
3641 552 3889 625 Πνεύμα-

2185 655 2300 703 τος,
2343 638 2377 706 ἢ
2430 637 2551 711 εὗρε
2596 637 2689 692 τὸν
2759 636 3006 712 βασιλέα,
3074 637 3165 693 καὶ
3230 641 3585 710 ἀνεπαύσατο,
3657 643 3721 698 Ἠ
3788 645 3891 718 γὰρ

2185 725 2337 799 ψυχή
2392 725 2618 796 τοιαύτη
2670 723 2810 781 ἔστίν
2846 723 3001 802 ’ἔχει
3049 729 3214 801 βάθος
3262 751 3315 784 τι
3365 730 3455 785 καὶ
3509 728 3653 803 μελη
3704 730 3893 786 πολλά

2184 812 2271 868 καὶ
2332 812 2528 869 λοιπὸν
2586 816 2620 885 ἡ
2693 814 2929 891 ἁμαρτία
2995 814 3377 873 ἐπεισελθοῦσα
3441 818 3664 893 κατέχει
3722 818 3891 887 αὐτῆς

2182 901 2285 956 ὅλα
2330 902 2397 958 τὰ
2448 902 2616 977 μέλη,
2682 905 2773 958 καὶ
2828 906 2895 960 τὰ
2951 907 3205 979 νοήματα
3268 914 3369 976 τῆς
3436 904 3683 982 καρδίας.
3753 910 3894 966 Εἶτα

2181 990 2567 1062 ἐπιζητοῦντος
2632 998 2731 1048 τοῦ
2790 994 3080 1050 ἀνθόώπου
3146 990 3364 1074 ἔρχεται
3422 998 3457 1066 ἡ
3520 997 3681 1072 χάρις
3749 999 3887 1073 πρὸς

2182 1081 2364 1151 αὐτὸ),
2411 1084 2503 1137 καὶ
2560 1082 2784 1159 κατέχει
2842 1082 2937 1140 δύο
2999 1084 3139 1158 μέλη
3214 1093 3316 1156 τῆς
3381 1090 3589 1161 ψυχῆς.
3658 1090 3723 1145 Ὀ
3792 1088 3889 1144 οὖν

2179 1171 2402 1243 ἄπειρος
2457 1170 2943 1244 παρακαλούμενος
3000 1176 3069 1247 τῇ
3122 1174 3333 1251 χάριτι,
3384 1176 3597 1247 νομίζει
3649 1174 3737 1229 ὅτι
3788 1174 3889 1229 ἐλ-

2178 1259 2346 1313 θοῦσα
2376 1260 2410 1327 ἡ
2448 1258 2610 1333 χάρις
2657 1258 2761 1315 ὅλα
2806 1261 2871 1316 τὰ
2924 1260 3067 1335 μέλη
3108 1268 3211 1331 τῆς
3256 1265 3443 1336 ψυχῆς
3489 1261 3744 1338 κατέσχε,
3792 1264 3883 1318 καὶ

2176 1342 2501 1418 ἐξερριζώθη
2571 1347 2606 1415 ἡ
2688 1347 2926 1420 ἁμαρτία
2998 1346 3119 1403 τότε
3203 1347 3297 1402 οὖν
3386 1345 3643 1403 πλεῖστον
3717 1351 3889 1424 μέρος

2177 1433 2279 1488 ὑπὸ
2335 1438 2433 1503 τῆς
2485 1435 2752 1510 ἁμαρτίας
2801 1442 3077 1510 κρατεῖται
3124 1438 3216 1492 καὶ
3263 1436 3317 1492 ’ὲν
3383 1436 3548 1511 μέρος
3620 1438 3725 1493 ὑπὸ
3782 1447 3883 1509 τῆς

2175 1520 2422 1598 χᾶριτος,
2477 1524 2567 1579 καὶ
2628 1523 3025 1582 ὑποκλέπτεται
3082 1526 3173 1581 καὶ
3231 1524 3329 1581 οὐκ
3385 1524 3526 1581 οἶδεν
3560 1523 3716 1582 ’ἔστι
3773 1529 3877 1603 γὰρ

2174 1615 2208 1682 ἡ
2251 1614 2415 1688 χάρις
2470 1611 2743 1677 πολλάκις
2794 1616 3085 1693 ὲνεργοῦσα
3132 1613 3524 1685 ἀδιαλείπτως,
3565 1618 3622 1672 ’ὸν
3671 1618 3877 1691 τρόπον

2174 1700 2202 1754 ὀ
2243 1701 2529 1779 ὀφθαλμὸς
2576 1702 2631 1759 ἒν
2684 1710 2763 1777 τῷ
2820 1704 3035 1778 σώματι
3102 1705 3410 1781 πέπρακται
3444 1728 3457 1741 ο
3491 1710 3579 1762 καὶ
3639 1709 3881 1781 ἁμαρτία

359 1802 571 1859 dicitus
600 1802 975 1872 exstirpatum
1002 1800 1082 1855 sit
1138 1804 1482 1870 peccatum;
1515 1814 1649 1853 cum
1707 1803 1901 1852 tamen
1938 1797 2049 1866 ple-

2174 1790 2412 1847 σύνεστιν
2468 1794 2885 1850 ὑποκλεπτουσα
2936 1798 3029 1851 τὸν
3088 1800 3211 1851 νοῦν
3249 1812 3264 1828 ·
3310 1797 3396 1851 καὶ
3454 1798 3483 1851 6
3542 1795 3878 1872 ἀδιάκριτος,

2181 1882 2194 1894 .
2285 1879 2346 1894 ....
2574 1881 2592 1894 .
2650 1878 2708 1894 ο.
2862 1882 2885 1894 ..
2995 1885 3006 1894 .
3261 1884 3273 1894 .
3372 1886 3385 1894 .
3465 1889 3490 1894 _
3615 1887 3626 1894 .
3829 1892 3842 1894 ,

357 1908 536 1964 raque
590 1891 782 1947 adhuc
813 1891 1019 1945 animae
1070 1890 1333 1945 membra
1372 1904 1569 1944 revera
1608 1904 1641 1943 a
1693 1892 1924 1956 peccato
1954 1887 2054 1941 de-

358 1982 672 2046 tineantur,
724 1996 906 2035 unum
949 1983 1178 2035 tantum
1233 1994 1303 2033 ex
1364 1976 1459 2032 his
1518 1976 1838 2048 quodpiam
1871 1977 2057 2045 gratia

357 2071 737 2143 possidente;
772 2069 1065 2124 nesciente
1121 2068 1249 2139 ipso
1310 2066 1567 2134 homine,
1623 2070 1680 2121 et
1742 2066 1951 2137 supine
2009 2066 2055 2119 si

352 2166 525 2218 nente
556 2160 667 2217 sibi
700 2159 943 2230 imponi.
980 2160 1079 2215 Est
1107 2159 1263 2214 enim
1305 2156 1492 2229 gratia
1522 2157 1864 2228 plerumque
1896 2155 2046 2212 165

350 2250 747 2306 indesinenter
775 2266 1045 2321 operans,
1113 2246 1269 2303 sicut
1325 2247 1531 2303 oculus
1565 2246 1790 2303 deﬁxus
1821 2247 1880 2301 in
1921 2261 2054 2301 cor-

350 2354 508 2410 pore.
542 2343 610 2395 Et
640 2343 939 2411 peccatum
966 2340 1170 2393 subest
1216 2341 1464 2392 mentem
1508 2334 1659 2390 clam
1691 2334 2049 2405 subripiens.

349 2429 415 2483 Et
444 2432 582 2483 tunc
614 2428 710 2499 qui
769 2427 1119 2483 discretione
1148 2430 1326 2492 caret,
1362 2433 1574 2480 temere
1615 2430 1933 2479 autumans
1988 2438 2051 2478 se

347 2515 717 2585 perfectionis
773 2516 1003 2570 culmen
1091 2518 1288 2569 tenere
1362 2512 1703 2568 intumescit
1778 2512 2052 2583 opinione

345 2604 460 2669 sui,
494 2603 679 2672 pleine
704 2605 823 2673 jam
854 2619 914 2658 se
946 2602 1248 2657 liberatum
1304 2606 1539 2673 putans,
1583 2601 1736 2671 quod
1798 2617 1912 2655 non
1970 2598 2051 2655 ita

346 2697 469 2761 est;
503 2694 586 2748 uti
616 2695 771 2749 enim
806 2692 946 2759 dixi,
979 2694 1176 2748 subest
1216 2692 1385 2747 dolus
1434 2690 1672 2746 latentis
1723 2691 1778 2744 in
1813 2690 2047 2745 insidiis

344 2782 611 2839 Satana:
656 2783 966 2853 aliquando
1010 2781 1154 2837 nihil
1185 2798 1248 2838 se
1302 2781 1602 2848 moventis,
1654 2785 1720 2837 ut
1775 2780 2048 2836 credatur

343 2874 572 2943 abesse,
605 2891 673 2930 ac
703 2874 785 2930 sic
831 2872 1064 2929 noxiam
1121 2872 1395 2928 ﬁduciam
1428 2872 1731 2944 ingeneret
1796 2870 2046 2937 homini,

2166 1882 2245 1937 ὡς
2276 1879 2384 1953 ἤδη
2434 1878 2781 1951 καταλαϐὼν,
2832 1882 3006 1939 θ’ίεταί
3056 1906 3106 1939 τι
3154 1884 3278 1960 περὶ
3327 1886 3493 1941 αὑτοῦ
3539 1887 3630 1942 καὶ
3683 1892 3881 1965 τυφοῦ-

2162 1994 2250 2028 ται
2301 1972 2374 2034 ὡς
2417 1971 2821 2044 ἐλευθερωθεὶς.
2871 1973 2990 2049 Οὐχ
3042 1973 3214 2036 οὕτως
3265 1974 3368 2051 γὰρ
3427 1973 3537 2030 ἔστι
3587 1975 3654 2031 τα
3695 1977 3873 2053 πράγο

2168 2083 2309 2136 ματα
2350 2079 2363 2093 ⁸
2398 2063 2577 2124 καθὼς
2617 2063 2719 2136 γὰρ
2768 2063 2940 2132 εἶπον,
2994 2060 3285 2138 ἔγκρυμμα
3338 2070 3486 2119 ποιεῖ
3532 2066 3561 2120 6
3613 2070 3872 2135 Σατανᾶς,

2164 2150 2242 2213 εἷς
2301 2150 2523 2225 καιροὺς
2590 2154 2666 2224 μή
2736 2149 2992 2226 ἐνεργῶν,
3058 2150 3149 2207 ’ίνα
3215 2155 3421 2227 ποιήσῃ
3488 2154 3709 2226 νομίσαι
3774 2154 3870 2208 τὸν

2164 2240 2477 2315 ἄνθρωπον,
2517 2240 2600 2295 ὅτι
2655 2240 2785 2314 Εἰμὶ
2841 2242 3072 2315 καθαρὸς
3129 2243 3220 2297 καὶ
3273 2242 3482 2305 τέλειος
3517 2260 3529 2274 ⁵
3561 2246 3637 2316 μὴ
3692 2243 3721 2298 6
3771 2265 3870 2320 φυ-

2158 2331 2330 2386 τεύων
2412 2329 2713 2402 ἀμπελῶνα
2799 2328 2994 2393 εὺθὲως
3090 2326 3355 2404 λαμϐάνει
3446 2331 3752 2411 σταφυλὴν,
3829 2334 3864 2403 ἢ

2160 2424 2396 2496 γεωργεῖ
2444 2418 2611 2489 οἶνον,
2669 2418 2758 2474 καὶ
2810 2420 2837 2474 6
2870 2421 3105 2494 σπείρων
3163 2428 3226 2475 τὸ
3285 2420 3497 2497 σπέρμα
3552 2422 3604 2476 ἐν
3663 2425 3733 2494 τῇ
3766 2426 3861 2499 γῇ,

2158 2506 2267 2579 ἤδη
2320 2507 2525 2582 ἐθέρισε
2578 2510 2669 2563 καὶ
2721 2502 2885 2563 ἔλαϐε
2939 2509 3205 2584 καρποὺς,
3259 2509 3348 2564 καὶ
3404 2511 3467 2565 τὸ
3524 2512 3866 2587 γεννώμενον

2156 2597 2374 2652 παιδίον
2433 2596 2629 2660 εὐθέως
2681 2595 2901 2653 δύναται
2975 2598 3051 2661 εἷς
3103 2596 3271 2670 ἄνδρα
3324 2598 3532 2655 τέλειον
3585 2600 3784 2673 ἐλθεῖν,
3828 2602 3862 2669 ἢ

2160 2687 2586 2761 στρατευόμενος
2631 2686 2798 2761 τίρων
2869 2684 2977 2758 ἤδη
3027 2686 3237 2763 ἐγένετο
3280 2688 3701 2762 ἀξιωματικόςς
3753 2692 3864 2765 χρὴ

2156 2777 2262 2853 γὰρ
2308 2777 2465 2832 αὐτὸν
2511 2781 2729 2852 πρῶτον
2778 2780 3066 2848 ποπιάσαι,
3115 2780 3207 2834 καὶ
3259 2778 3570 2835 εἰσελθόντα
3614 2778 3865 2854 πόλεμον

2159 2862 2348 2922 λαϐεῖν
2379 2866 2444 2920 τὰ
2473 2867 2770 2941 νικητήρια
2797 2866 2888 2921 καὶ
2920 2870 3343 2946 στεφανωθῆναι.

340 2962 487 3019 falso
554 2963 869 3019 arbitranti
930 2978 1139 3034 purum
1194 2977 1258 3018 se
1314 2979 1380 3017 ac
1440 2961 1763 3033 perfectum
1830 2976 1979 3017 esse.
2044 2959 2217 3032 Atqui
2278 2973 2466 3029 neque
2550 2957 2826 3029 plantans
2909 2958 3137 3015 vineam
3189 2960 3386 3017 statim
3436 2978 3506 3017 ex
3561 2978 3630 3017 ea
3689 2978 3859 3018 uvam

345 3056 632 3108 maturam
690 3056 793 3109 aut
847 3052 1051 3107 vinum
1108 3050 1507 3123 legit;neque
1563 3050 1861 3106 seminans
1910 3048 2169 3105 triticum
2224 3048 2284 3102 in
2344 3052 2519 3114 terra,
2561 3047 2765 3102 eodem
2825 3052 3084 3118 tempore
3115 3055 3339 3122 segetes
3397 3050 3588 3118 metit,
3619 3059 3675 3105 et
3733 3050 3861 3107 fru-

343 3145 471 3198 ctus
498 3142 906 3214 capit;neque
930 3140 1098 3197 modo
1140 3145 1312 3196 natus
1372 3156 1515 3209 puer
1571 3141 1763 3195 subito
1821 3142 2009 3210 potest
2039 3138 2097 3193 in
2156 3138 2343 3192 virum
2404 3137 2785 3192 adolescere:
2838 3153 2943 3192 nec
3001 3137 3222 3193 militia:
3282 3139 3470 3211 prima
3525 3140 3868 3196 rudimenta

338 3247 564 3303 ponens
598 3231 726 3298 tiro,
767 3232 892 3301 jam
928 3230 1291 3301 praefecturis
1350 3228 1710 3283 militaribus
1764 3237 1935 3299 aptus
1976 3228 2248 3299 gerendis
2307 3231 2396 3282 est
2430 3242 2443 3281 :
2477 3232 2699 3298 oportet
2770 3226 2928 3282 enim
2996 3227 3155 3283 hunc
3212 3229 3466 3299 primum
3526 3230 3700 3301 longa
3759 3246 3863 3301 pa-

336 3319 538 3375 tientia
570 3321 900 3376 insuescere
958 3319 1179 3386 labori;
1233 3322 1360 3374 tum
1413 3319 1567 3373 facta
1608 3332 1810 3387 pugna:
1859 3316 2023 3387 copia
2107 3316 2329 3373 fortiter
2378 3316 2436 3371 in
2489 3332 2694 3386 campo
2744 3321 2921 3384 stare,
2970 3318 3317 3390 vincereque
3368 3319 3594 3376 hostem
3645 3336 3713 3376 ac
3763 3335 3870 3375 co-

336 3408 553 3465 ronarL

404 3496 525 3549 XII.
560 3493 817 3550 Pulchrae
866 3493 1046 3564 igitur
1092 3502 1145 3549 et
1185 3494 1349 3549 bona;
1380 3509 1471 3549 res
1502 3498 1659 3561 sunt,
1708 3492 1901 3564 inopia
1933 3509 2043 3548 νο·
2073 3500 2115 3566 C

335 3581 609 3648 luntaria,
672 3582 1019 3653 psalmodia,
1072 3581 1388 3653 jejunium,
1439 3581 1667 3653 vigiliae,
1720 3585 1778 3636 et
1861 3582 2042 3652 gratia

336 3671 545 3742 potiri;
594 3673 693 3727 sed
754 3687 958 3742 parum
1020 3676 1267 3742 prosunt
1350 3672 1425 3741 ei,
1477 3671 1577 3743 qui
1635 3672 1920 3738 nondum,
1981 3678 2041 3725 ut

332 3764 689 3831 oportuerat,
718 3760 887 3832 csapit
944 3761 1161 3827 fodere,
1196 3760 1293 3816 ubi
1352 3761 1801 3816 fundamentum
1843 3766 2037 3832 ponat.

333 3849 450 3908 Nec
481 3865 544 3906 se
575 3850 762 3922 decipi
796 3866 962 3906 mens
990 3850 1051 3905 in
1109 3866 1174 3906 eo
1242 3850 1523 3922 patiatur,
1556 3854 1878 3921 utcumque
1906 3864 2037 3920 gra-

328 3938 420 3993 tias
456 3938 778 4010 particeps;
809 3943 909 3993 aut
937 3939 1072 3994 inde
1104 3938 1212 3993 sibi
1244 3938 1537 4006 aduletur,
1564 3937 1876 4010 pretiosam
1896 3936 2039 3992 aesti-

330 4044 501 4084 mans
550 4045 721 4084 suam
776 4029 1054 4084 animam.
1108 4028 1352 4099 Respice
1407 4029 1467 4084 in
1522 4029 1740 4095 Jesum,
1786 4045 1817 4082 a
1880 4024 2038 4098 quali

329 4118 508 4189 gloria
552 4118 651 4173 Dei
702 4117 904 4184 Filius,
952 4118 1104 4173 Deus
1148 4119 1294 4189 ipse,
1338 4118 1396 4173 in
1431 4134 1574 4190 quas
1608 4118 1911 4190 passiones
1944 4133 2037 4171 us-

329 4222 441 4275 que
472 4205 545 4262 ad
576 4206 1016 4262 cruciﬁxionem
1048 4207 1252 4262 venit?
1292 4212 1536 4278 Propter
1575 4207 1724 4262 hanc
1754 4221 1889 4276 ergo
1922 4205 2037 4258 hu—

330 4295 640 4350 militatem
690 4295 976 4351 exaltatus
1005 4300 1113 4363 est,
1176 4297 1236 4353 in
1295 4298 1528 4355 dextera
1559 4295 1744 4351 Patris
1800 4295 2031 4350 sedens.

327 4386 402 4440 At
429 4399 675 4455 serpens
724 4401 757 4439 a
792 4386 1071 4457 principio
1121 4386 1332 4443 insevit
1388 4388 1635 4455 Adamo,
1668 4383 2034 4441 exaltationis

328 4488 588 4530 amorem
635 4488 978 4545 suggerens:
1013 4476 1185 4531 Eritis
1233 4479 1370 4532 sicut
1416 4476 1527 4530 Dii0
1560 4515 1574 4541 ,
1606 4490 1703 4545 per
1734 4473 1904 4528 istam
1938 4487 2034 4527 au-

328 4568 447 4621 tem
481 4563 900 4621 aﬁ‘ectatiodem
932 4566 1337 4623 sublimitatis.
1376 4567 1535 4623 vides
1562 4566 1618 4620 in
1654 4580 1831 4635 quam
1874 4563 2035 4634 igno-

326 4653 565 4710 miniam
623 4654 924 4712 descendit
979 4673 1164 4728 genus
1223 4658 1573 4713 humanum.
1616 4656 1767 4711 Sane
1826 4669 2017 4723 qurere

328 4742 626 4799 hominem
689 4762 999 4818 pauperem
1072 4746 1303 4817 spiritu,
1361 4762 1465 4801 nec
1525 4742 1777 4799 invenio.
1836 4741 1908 4798 Ut
1981 4740 2029 4797 si

2232 3491 2332 3549 ΙΒ’.
2396 3488 2573 3545 Καλὸν
2628 3491 2718 3546 οὖν
2763 3491 2903 3547 ἐστιν
2954 3495 2989 3563 ἡ
3041 3494 3394 3567 ἅκτημοσύνη
3444 3494 3537 3551 καὶ
3584 3498 3619 3565 ἡ
3672 3496 3867 3570 ψαλμ-

2146 3579 2303 3656 ῳδία,
2352 3582 2443 3636 καὶ
2500 3584 2535 3652 ἡ
2586 3582 2809 3653 νηστεία
2861 3584 2951 3639 καὶ
2996 3586 3031 3654 ἡ
3076 3585 3365 3662 ἀγρυπνία,
3415 3588 3505 3641 καὶ
3553 3586 3615 3641 τὸ
3669 3583 3860 3642 λαϐεῖν

2148 3671 2310 3745 χάριν
2340 3676 2493 3727 Θεοῦ·
2560 3673 2588 3726 6
2638 3669 2695 3727 δὲ
2751 3673 2932 3747 ἀκμὴν
2990 3675 3143 3730 οῧπω
3198 3676 3401 3751 ἤρξατο
3469 3677 3542 3738 ὡς
3597 3673 3681 3732 δεῖ
3736 3679 3870 3731 σκα-

2145 3779 2298 3814 πτειν
2344 3760 2433 3815 καὶ
2482 3761 2685 3815 τιθὲναι
2745 3762 3019 3836 θεμέλιον.
3071 3765 3174 3822 Καὶ
3235 3763 3288 3820 ἐν
3323 3765 3597 3827 τοιούτοις
3648 3765 3677 3819 6
3726 3770 3863 3827 vo-B;

2148 3846 2230 3903 δεῖ
2259 3848 2629 3920 ἀνεπίληπτος
2679 3851 2811 3907 εἶναι
2853 3851 3091 3932 μέτοχος
3133 3855 3383 3933 χάριτος·
3430 3852 3629 3909 λοιπὸν
3680 3852 3855 3909 οἴεται

2253 3940 2267 3957 τ
2370 3940 2383 3959 .
2462 3944 2486 3956 υ
2635 3943 2647 3959 η
2702 3941 2723 3961 ..
3150 3947 3162 3966 .
3640 3946 3651 3962 ι

2144 3961 2269 4015 περι
2327 3962 2513 4010 αυτου,
2561 3964 2651 3997 και
2700 3964 2815 4019 εχει
2867 3944 3051 4016 τιμίαν
3103 3966 3203 4015 την
3251 3948 3461 4020 ψυχήν.
3512 3940 3855 4018 Ἀποϐλεψιν

2145 4030 2221 4093 εἷς
2251 4033 2345 4086 τὸν
2375 4033 2610 4103 Ἰησοῦν,
2656 4032 2762 4088 ἀπὸ
2812 4035 2972 4097 ποίας
3015 4032 3176 4106 δόξης
3223 4037 3346 4099 Υἱὸς
3395 4041 3531 4091 Θεοῦ
3573 4034 3666 4091 καὶ
3720 4035 3848 4096 Θεὸς

2144 4117 2238 4188 ὢν,
2284 4120 2358 4182 εἰς
2408 4126 2539 4175 ποῖα
2589 4121 2733 4191 πάθη
2787 4122 2875 4177 καὶ
2926 4123 3225 4198 σταύρωσιν
3276 4122 3436 4193 ἦλθε.
3492 4125 3591 4178 Διά
3642 4124 3848 4195 ταύτην

2144 4207 2235 4262 οὖν
2296 4210 2393 4278 τὴν
2451 4210 2951 4287 ταπεινοφροσύνην
3035 4214 3365 4287 ὑπερυψώθη
3425 4212 3475 4268 ἓν
3555 4211 3703 4285 δεξιᾷ
3757 4218 3855 4269 τοῦ

2146 4299 2354 4371 Πατρὸς
2413 4298 2691 4362 καθεσθείς
2726 4318 2739 4332 ’
2783 4302 2872 4356 καὶ
2928 4302 2955 4356 6
3013 4300 3135 4380 ὄφις
3200 4302 3249 4373 ἐξ
3317 4303 3496 4379 ἀρχῆς
3566 4304 3858 4377 ὑπέσπειρε

2138 4390 2219 4457 τῷ
2279 4384 2458 4460 Ἀδὰμ
2506 4388 2730 4463 ὕψωμα,
2797 4391 2880 4447 ὅτι
2942 4395 3029 4454 Ὡς
3095 4395 3225 4456 Θεὸς
3288 4396 3407 4469 γίνῃ
3449 4413 3462 4426 ·
3499 4390 3589 4448 διὰ
3645 4393 3851 4462 ταύτης

2138 4482 2239 4545 τῆς
2300 4474 2763 4552 ὑψηλοφροσύνης
2835 4478 2969 4543 εἶδες
3062 4480 3155 4537 οὖν
3212 4482 3292 4544 εἷς
3350 4482 3541 4538 ὁποίαν
3624 4482 3856 4555 ἀτιμίαν

2138 4568 2380 4635 κατῆλθε
2408 4586 2470 4623 το
2517 4568 2670 4643 γένος
2708 4574 2807 4625 τοῦ
2858 4568 3060 4645 Ἀδάμ.
3112 4574 3392 4643 Ἐπιζητῶ
3439 4571 3508 4642 δὴ
3562 4572 3853 4646 ἄνθρωπον

2138 4657 2361 4731 πτωχὸν
2414 4660 2492 4729 τῷ
2548 4657 2839 4731 πνεύματι,
2899 4660 2988 4715 καὶ
3037 4657 3148 4736 οὺχ
3192 4663 3444 4737 εὑρίσκω·
3518 4660 3701 4735 ὥσπερ
3757 4660 3853 4716 ’ἱνα

2137 4744 2173 4819 ᾖ
2202 4767 2281 4807 τις
2314 4748 2578 4809 πλούσιος
2610 4746 2755 4821 ἔχων
2789 4748 2840 4803 ἓν
2872 4754 2952 4821 τῷ
2983 4749 3117 4823 οἷ’κῳ
3166 4751 3328 4806 αὐτοῦ
3370 4750 3710 4823 θησαυροὺς,
3756 4750 3848 4804 καὶ

327 4833 462 4903 quis
494 4833 719 4891 habens
751 4838 1081 4892 reconditos
1112 4836 1269 4891 domi
1302 4835 1631 4900 thesauros,
1672 4840 1870 4888 tamen
1917 4831 2030 4886 cir-

2167 4836 2174 4901 .'
2231 4832 2600 4907 ἐπιδεόμενος,
2658 4839 2750 4892 καὶ
2806 4839 3030 4914 πτωχὸς
3078 4840 3171 4896 καὶ
3214 4842 3362 4915 παρὰ
3413 4841 3627 4895 πάντων
3682 4843 3847 4912 ζητῇ.

326 4926 558 4977 cumeat
586 4925 924 4982 mendicans
954 4931 1011 4981 et
1058 4926 1129 4982 ab
1180 4924 1456 4985 omnibus
1505 4933 1703 4995 petens
1736 4939 1750 4978 :
1783 4922 1868 4977 sic
1898 4927 2031 4977 sunt

325 5010 641 5069 Christiani
692 5015 893 5085 gratim
950 5014 1309 5085 possessione
1368 5015 1523 5088 apud
1593 5018 1771 5068 Deum
1820 5010 2028 5067 divites

327 5101 537 5159 humili
567 5103 658 5159 sui
690 5104 1075 5160 aastimatione
1115 5120 1419 5176 pauperes,
1451 5110 1510 5160 ct
1544 5103 1709 5174 quasi
1752 5100 1895 5156 nihil
1928 5099 2026 5155 ha-

325 5194 554 5250 bentes.
602 5195 894 5250 Debentur
942 5194 1116 5250 alicui
1147 5200 1380 5251 centum
1431 5194 1556 5249 auri
1591 5192 1795 5261 librae;
1849 5190 1897 5246 si
1931 5187 2028 5244 ille

322 5280 583 5351 quinque
616 5283 842 5352 accepis
875 5283 950 5337 sit
979 5287 1310 5346 contentus,
1346 5298 1449 5337 nec
1490 5282 1640 5337 ultra
1697 5280 2024 5352 quidquam

322 5375 582 5439 quaerat;
616 5388 690 5426 an
722 5376 853 5442 aget
882 5370 1179 5439 sapienter
1199 5371 1226 5427 ?
1256 5370 1429 5440 Pejus
1460 5372 1635 5426 etiam
1667 5370 1777 5425 sibi
1818 5387 2028 5429 consu-

318 5453 739 5529 luntquidam,
790 5460 1090 5529 habentes,
1138 5465 1200 5517 ut
1258 5460 1342 5516 sic
1375 5460 1587 5529 dicam,
1645 5460 1842 5516 decem
1912 5478 2026 5520 un-

389 5644 413 5686 9
443 5646 582 5705 Gen.
619 5661 678 5717 ιι,
709 5646 764 5707 5.

2140 4924 2325 4987 Οὕτως
2385 4925 2486 4980 εἰσί
2544 4929 2861 5001 Χριστιανοὶ
2918 4928 3137 5004 ἔχοντες
3194 4930 3381 5006 χάριν,
3449 4929 3711 4985 πλούσιοι
3770 4928 3846 4989 είς

2140 5017 2293 5088 Θεόν,
2334 5016 2553 5094 πτωχοί
2611 5018 2713 5073 εἰσι
2770 5024 2850 5091 τῷ
2908 5022 3196 5093 πνεύματι,
3257 5022 3332 5083 ὡς
3381 5018 3547 5094 μηδὲν
3598 5016 3842 5094 ἔχοντες·

2139 5104 2241 5158 εἰσὶ
2301 5105 2436 5180 πρὸς
2490 5103 2653 5182 λόγον
2710 5108 2895 5162 ἑκατὸν
2958 5106 3138 5183 λίτραι
3219 5109 3449 5185 χρυσίου
3508 5108 3572 5170 ἃς
3633 5107 3845 5184 ὀφείλει

2136 5196 2482 5265 κτήσασθαι·
2527 5198 2556 5250 6
2625 5192 2810 5252 λαϐὼν
2879 5197 3039 5254 πέντε
3105 5199 3295 5274 λίτρας
3377 5197 3661 5272 ἐκορέσθη.
3725 5196 3847 5252 Eiet

2138 5280 2195 5336 δέ
2222 5304 2363 5343 τινες
2403 5284 2537 5357 πρὸς
2598 5282 2761 5359 λόγον
2814 5283 2941 5341 δέκα
2991 5285 3214 5362 οὐγκίας
3266 5284 3486 5361 ἔχοντες
3530 5291 3631 5353 τῆς
3677 5283 3846 5362 χάρις

2135 5392 2249 5442 τος,
2300 5371 2391 5427 καὶ
2459 5376 2707 5429 ποιοῦσιν
2782 5374 2945 5437 αὐτὰς
3021 5376 3232 5447 ἑκατὸν,
3297 5373 3671 5449 καυχώμενοι.
3740 5372 3845 5430 Καὶ

2135 5458 2239 5516 εἶσὶ
2296 5458 2570 5525 πολλάκις
2624 5464 2784 5519 πέντε
2841 5461 3064 5541 οὒγκίας
3120 5461 3342 5546 ἔχοντες
3387 5470 3490 5533 τῆς
3547 5460 3843 5539 ἁμαρτίας,
