4116 6210
243 344 363 406 833

1427 346 1658 408 LIBER
1699 347 1800 407 DE
1845 345 2234 410 CUSTODIA
2278 351 2580 416 CORDIS.

3645 377 3764 440 834

237 475 328 530 καὶ
417 480 665 531 ποιοῦσιν
757 474 922 538 αὐτᾶς
1007 477 1307 552 ἡμιούγκια
1395 480 1558 531 τοῦτο
1634 474 1691 532 δὲ
1759 475 1929 537 αὐτοῖς

2056 482 2173 538 cias
2222 484 2460 556 gratiis;
2513 493 2564 543 et
2598 505 2698 546 eas
2727 507 2874 548 vano
2917 497 3147 554 tumore
3195 499 3557 571 gloriationis
3603 507 3762 564 {alam

249 561 566 638 συμϐαίνει,
625 565 659 633 ἢ
710 564 824 618 κατ’
882 563 1118 639 ἄγνοιαν,
1171 564 1256 620 δτι
1311 564 1363 620 ἐν
1439 567 1580 638 αὐτῇ
1631 570 1700 640 τῇ
1759 567 1948 643 χάριτι

246 653 724 727 ὑποκλεπτύμενοι
801 653 901 708 οὐκ
973 652 1202 710 οἷ’δασιν.
1263 657 1333 711 Ἠ
1406 656 1541 709 κατά
1623 652 1948 726 κενοδοξίαν,

243 743 640 820 αἰσχυνόμενοι
698 739 867 794 εἰπεῖν
924 739 1008 794 ὅτι
1056 739 1256 817 ἐνεργεῖ
1305 743 1367 797 τὸ
1423 744 1588 796 κακόν
1625 763 1637 774 ·
1687 740 1795 812 ἤδη
1845 743 1946 817 γάρ

239 831 604 906 κηρύττουσιν
678 831 815 884 εἶναι
873 831 1094 892 ὲνυτοὺς
1155 830 1420 894 τελείους.
1483 832 1556 886 Τὸ
1611 829 1666 886 δε
1733 829 1946 886 δίκαιον

236 920 320 976 δεῖ
376 924 552 976 ποιεῖν
611 919 704 974 καὶ
765 917 945 992 λέγειν
1001 920 1092 974 τὸν
1166 919 1452 990 ἄνθρωπον
1489 939 1502 952 ·
1562 921 1654 976 καὶ
1714 923 1780 976 τὰ
1843 928 1944 990 τῆς

233 1015 467 1086 χάριτος
527 1009 844 1084 ὁμολογεῖν,
888 1011 978 1065 καὶ
1036 1012 1133 1078 τήν
1191 1010 1456 1087 ἐνέργειαν
1506 1014 1604 1080 τῆς
1654 1011 1940 1086 ἁμαρτίας.

237 1100 503 1158 Ψεύδεται
563 1121 669 1175 γαρ
719 1102 747 1156 6
803 1105 1052 1164 τοιοῦτος
1107 1103 1346 1177 καθαρὰν
1408 1102 1581 1177 λέγων
1640 1099 1785 1177 ἔχειν
1843 1106 1943 1172 τήν

238 1193 464 1268 καρδίαν
498 1211 512 1224 ⁸
565 1193 677 1267 οὐχ
713 1193 886 1255 οὕτως
941 1193 1044 1269 γάρ
1085 1193 1198 1248 ἐστι
1248 1195 1311 1250 τὰ
1361 1197 1677 1270 πράγματα,
1709 1196 1784 1258 ὡς
1830 1199 1941 1268 ἅμα

237 1285 336 1353 τήν
415 1281 578 1357 χάριν
636 1279 979 1354 ἐπιδημῆσαι
1046 1281 1154 1353 ἤδη
1231 1286 1463 1360 καθαρὸν
1539 1285 1780 1358 γενέσθαι
1843 1288 1937 1341 τὸν

242 1370 519 1446 ἄνθρωπον
557 1391 570 1404 ·
660 1367 1050 1446 παραδέδονται
1118 1374 1222 1448 γὰρ
1297 1379 1419 1436 τοῖς
1487 1373 1780 1447 πολεμίοις
1847 1375 1936 1430 καὶ

231 1467 350 1525 τοῖς
413 1461 792 1534 πειρατηρίοις
861 1459 936 1522 εἷς
999 1463 1296 1537 γυμντσίαν
1351 1463 1441 1518 καὶ
1516 1460 1820 1530 παίδευσιν,
1877 1465 1934 1518 ’ὀν

229 1551 434 1626 τρόπον
485 1550 576 1605 καὶ
625 1551 654 1604 ὁ
713 1546 840 1606 Ἰὼϐ
893 1555 972 1622 τῷ
1029 1557 1342 1627 πειρασμῷ.
1399 1558 1660 1629 Συνεργεῖ
1713 1553 1817 1628 γὰρ
1875 1555 1937 1608 τὸ

229 1642 394 1696 κακὸν
446 1646 526 1713 τῷ
580 1642 790 1718 ἀγαθῷ,
847 1643 1158 1716 προαιρέσει
1204 1644 1268 1698 οὐ
1320 1643 1464 1716 καλῇ
1499 1663 1512 1675 ⁸
1561 1645 1652 1699 τὸν
1698 1644 1754 1700 δὲ
1802 1652 1934 1718 Χρι-

233 1732 447 1786 στιανὸν
526 1728 608 1785 δεῖ
679 1730 837 1784 πέντε
913 1731 1138 1806 οὐγκίας
1201 1740 1302 1802 τῆς
1374 1734 1640 1807 ἁμαρτίας
1716 1733 1931 1810 ἔχοντα,

235 1819 443 1895 λέγειν,
487 1821 567 1874 δτι
619 1818 839 1874 Εἴκοσιν
868 1818 1007 1894 ἔχω,
1055 1822 1145 1875 καὶ
1190 1821 1628 1897 πεπληρωμένος
1677 1822 1794 1896 είμὶ
1838 1827 1933 1878 τοῦ
1964 1847 2011 1912 Β

233 1912 425 1964 κακοῦ.
482 1907 588 1964 Καὶ
637 1906 833 1984 ἔχοντα
896 1911 1034 1985 πρὸς
1089 1908 1258 1984 λόγον
1319 1911 1539 1984 οὖγκίας
1599 1911 1769 1968 εἷ’κοσι
1835 1915 1931 1968 τοῦ

231 2002 462 2077 ἀγαθοῦ,
520 1997 723 2076 λέγειν,
783 2000 864 2055 ὅτι
899 2019 915 2033 ⁸
972 2002 1332 2076 Ἠμιοῦγκιον
1383 1997 1518 2078 ἔχω.
1553 2003 1617 2060 Εἰ
1667 2001 1724 2058 δὲ
1771 2007 1932 2058 τοῦτο

231 2092 371 2147 κατά
434 2088 736 2160 κενοδοξίαν
793 2091 1105 2171 αἰσχύνεται
1165 2091 1357 2160 εἰπεῖν,
1413 2094 1474 2148 τὸ
1541 2091 1747 2149 δίκαιον
1805 2098 1931 2168 γοῦν

233 2179 464 2238 εἰπάτω.
523 2180 966 2256 Ὀμολογησάτω
1041 2181 1133 2253 μὲν
1194 2181 1284 2236 καὶ
1340 2183 1439 2252 τήν
1501 2180 1760 2258 ἐνέργειαν
1831 2189 1931 2250 τῆς

227 2270 503 2345 γάριτος·
578 2268 983 2342 ὁμολογησάτω
1060 2266 1116 2324 δὲ
1188 2272 1276 2324 καὶ
1350 2273 1450 2340 τήν
1537 2273 1801 2344 ἁμαρτίαν
1876 2272 1928 2326 ἐν

228 2357 403 2432 μέρει.
463 2358 656 2420 Καθὼς
716 2358 810 2412 οὗν
885 2364 1148 2432 προεῖπον
1207 2359 1330 2431 περὶ
1413 2367 1514 2430 τῆς
1585 2363 1796 2439 ψυχῆς,
1846 2361 1930 2416 ὅτι

226 2447 346 2522 ἔχει
437 2448 624 2522 βάθος,
711 2445 1076 2522 ὑποδείγμασι
1163 2448 1429 2523 χρώμεθα
1531 2446 1929 2523 διαγράφοντας

227 2539 399 2607 αὐτῆς
446 2538 516 2592 τά
576 2537 741 2608 μέλη.
809 2541 1012 2610 ’Ὠσπερ
1065 2537 1158 2593 ’ἱνα
1214 2538 1250 2609 ᾖ
1303 2537 1484 2608 ἥλιος,
1545 2541 1634 2594 καὶ
1689 2540 1821 2594 ὦσιν
1877 2539 1927 2614 ἐξ

221 2627 391 2682 αὐτοῦ
433 2627 644 2688 ἀκτῖνες
693 2625 900 2682 πολλαί
933 2645 948 2658 ο
999 2627 1034 2696 ἢ
1069 2626 1163 2682 ’ίνα
1208 2627 1244 2702 ᾖ
1292 2625 1508 2704 δένδρον
1558 2629 1794 2704 ὑψηλὸν,
1834 2631 1926 2685 καὶ

217 2715 327 2794 ἔχῃ
359 2716 594 2780 κλάδους
629 2735 643 2750 ο
690 2719 724 2788 ἢ
754 2715 845 2771 ’ίνα
892 2717 928 2792 ᾖ
973 2718 1140 2782 πόλις
1189 2717 1430 2794 μεγάλη,
1459 2719 1550 2774 καὶ
1599 2719 1704 2795 ἐχη
1751 2720 1926 2794 γείτο-

221 2829 315 2870 νας
363 2807 577 2869 πολλάς
606 2824 619 2837 ·
673 2806 846 2869 οὕτως
893 2806 1035 2862 ἐστὶν
1083 2810 1118 2877 ἡ
1162 2810 1323 2883 νοερά
1370 2809 1548 2879 οὐσία,
1576 2811 1611 2878 ἡ
1664 2808 1926 2873 ἀθάνατος

225 2902 406 2975 ψυχὴ,
459 2897 664 2961 κδλλος
703 2898 887 2972 τίμιον
939 2899 1072 2974 ὑπὲρ
1113 2899 1281 2954 πάντα
1319 2901 1388 2956 τά
1435 2897 1924 2976 δημιουργήματα,

225 2989 388 3044 εἰκὼν
437 2987 527 3043 καὶ
588 2988 800 3062 ὁμοίμα
850 2993 1008 3046 Θεοῦ.
1076 2990 1282 3044 Λοιπὸν
1350 2989 1584 3044 ἐλθοῦσα
1635 2991 1670 3058 ἡ
1743 2989 1926 3064 χάρις,

221 3079 302 3142 εἷς
350 3076 446 3134 δύο
491 3078 709 3140 ἂκτῖνας
758 3085 858 3148 τῆς
913 3082 1100 3154 ψυχῆς
1144 3078 1442 3152 ἐπιλάμπει
1470 3098 1485 3114 ·
1544 3079 1579 3148 ἢ
1637 3079 1744 3136 ἀπὸ
1793 3081 1928 3136 ὅλου

219 3173 319 3223 τοῦ
387 3165 606 3242 δένδρου
663 3165 739 3230 εἴς
806 3165 1044 3229 κλάδους
1119 3165 1238 3238 δύο,
1295 3169 1331 3237 ἢ
1408 3169 1514 3224 ἀπὸ
1572 3169 1752 3240 πάσης
1823 3177 1925 3239 τῆς

221 3256 441 3320 πόλεως
481 3257 556 3319 είς
610 3255 710 3312 δύο
761 3256 1070 3334 γειτωνίᾶς.
1121 3259 1240 3315 Ἔτι
1291 3255 1348 3312 δὶ
1393 3259 1460 3313 τά
1502 3255 1731 3314 πλείονα
1783 3257 1920 3333 μέρη

220 3352 323 3415 τῆς
356 3349 544 3423 ψυχῆς
588 3343 877 3420 κατέχεται
907 3346 1012 3400 ἀπὸ
1059 3352 1160 3414 τῆς
1209 3345 1476 3419 ἁμαρτίας
1507 3365 1521 3378 ο
1575 3345 1664 3400 καὶ
1711 3349 1925 3420 νομίζει

221 3434 306 3489 ὅτι
339 3433 448 3504 ὅλη
475 3435 548 3488 άι⁹
599 3432 755 3506 ὅλου,
787 3438 888 3488 τοῦ
935 3433 1140 3510 ἀγαθοῦ
1184 3433 1380 3508 μέρους
1427 3434 1518 3490 καὶ
1565 3442 1664 3504 τῆς
1695 3435 1926 3512 χάριτος

220 3523 313 3578 καὶ
363 3530 464 3592 τῆς
510 3522 904 3597 λαμπρότητος
949 3525 1142 3599 γέγονε
1175 3543 1188 3555 ⁶
1247 3525 1382 3600 πρὸς
1424 3525 1590 3602 λόγον
1628 3527 1786 3581 πέντε
1834 3525 1922 3581 λί-

224 3634 358 3688 τρας
399 3615 634 3691 χρυσίου
681 3615 1042 3687 κτησάμενος,
1093 3612 1244 3670 δοκεῖ
1289 3615 1436 3687 αὐτῷ
1470 3615 1556 3672 ὅτι
1606 3616 1792 3671 ἑκατὸν
1839 3615 1924 3671 λί·

224 3723 355 3776 τροις
400 3701 664 3774 ἐκτήσατο
698 3721 711 3735 ·
757 3706 834 3776 μή
884 3705 946 3760 τὸ
977 3699 1218 3779 ἔμϐρυον
1261 3704 1314 3761 ἐν
1346 3709 1414 3779 τῇ
1463 3707 1645 3780 μήτρᾳ
1686 3703 1795 3774 ἤδη
1845 3703 1929 3780 γέ-

221 3814 378 3866 γονεν
427 3793 749 3868 ἄνθρωπος;
791 3794 824 3864 ἢ
876 3793 959 3849 ὅτι
1010 3793 1120 3857 θεὶς
1163 3792 1256 3849 ἕνα
1294 3794 1450 3850 λίθον
1497 3793 1592 3850 τοῦ
1643 3793 1923 3868 θεμελίου,

218 3883 328 3955 ἤδη
371 3883 654 3940 ἐτελείωσε
682 3886 744 3939 τὸ
793 3881 1188 3957 οἰκοδόμημα;
1220 3887 1254 3954 ἢ
1296 3886 1324 3939 6
1364 3884 1566 3958 σπόρος
1607 3886 1634 3939 6
1683 3884 1920 3958 χωσθεὶς

217 3973 306 4030 ἐπὶ
365 3981 465 4042 τῆς
523 3981 651 4049 γῆς,
712 3971 821 4044 ἤδη
878 3973 1090 4048 ἐγένετο
1150 3977 1395 4051 στάχυςς
1449 3976 1524 4045 μή
1581 3974 1610 4028 6
1668 3993 1922 4048 πραγμα-

211 4063 508 4137 τευόμενος
568 4065 682 4136 ἅμα
737 4067 833 4118 τοῦ
890 4062 1154 4140 ἄρξαφθαι
1200 4070 1299 4131 τῆς
1353 4061 1755 4137 πραγματείας,
1806 4059 1918 4131 ἤδη

214 4150 510 4227 ἐπλήρωσε
538 4154 640 4222 τὴν
690 4153 976 4223 ἀποθήκην
1004 4173 1019 4221 ς
1049 4153 1136 4207 καὶ
1189 4153 1216 4206 6
1253 4150 1501 4226 μετέχων
1551 4153 1780 4226 χάριτος
1830 4171 1918 4223 μιν

213 4247 375 4316 κρᾶς,
450 4240 598 4313 παρά
665 4245 828 4296 τοῦτο
911 4239 1102 4315 γέγογε
1148 4239 1512 4314 Χριστιανός;

219 4334 432 4405 πρῶτοι
479 4329 569 4384 καὶ
621 4331 673 4384 o't
726 4328 954 4403 μεγάλοι
1005 4329 1178 4392 οὕτως
1239 4328 1342 4383 εἰσὶ
1387 4329 1523 4402 πρὸς
1575 4327 1920 4398 τελειότητα,

219 4420 294 4481 ὡς
344 4421 371 4474 6
422 4419 778 4497 ὀφφικιάλιος
821 4420 959 4492 πρὸς
1005 4421 1254 4495 ἡγεμόνα
1285 4438 1299 4453 ⁸
1349 4421 1384 4490 ἤ
1432 4418 1506 4478 ὡς
1552 4417 1677 4491 ῥύαξ
1726 4419 1921 4492 μικρὸς

219 4510 357 4583 πρὸς
420 4508 709 4582 Εὐφράτην
770 4509 1036 4582 ποταμόν.
1096 4514 1152 4564 Ὀ
1211 4508 1358 4584 ἔχων
1426 4508 1677 4584 πρόθεσιν
1748 4507 1921 4562 ἀπε).-

1597 4240 1778 4311 ἀκμήν
1865 4240 1922 4292 οἱ

1955 3213 2002 3282 C

2053 571 2110 625 in
2146 581 2379 628 centum
2425 577 2883 647 multiplicantes
2912 601 2925 637 :
2957 601 2987 639 e
3016 591 3308 646 contrario
3340 609 3472 649 vero
3505 596 3761 666 plerum-

2053 676 2166 731 que
2198 663 2460 718 nonnulli
2504 665 2785 725 habentes
2834 673 3096 745 quinque
3143 680 3346 735 uncias
3393 663 3628 751 peccati,
3663 702 3760 742 eas

2052 749 2110 802 in
2144 753 2520 807 semiunciam
2571 763 2906 815 extenuant.
2960 762 3021 818 Id
3071 766 3215 833 ipsis
3265 749 3474 825 accidit
3531 749 3623 828 vel
3659 791 3760 846 per

2050 835 2466 911 ignorantiam,
2499 846 2646 912 quod
2697 849 2978 916 quantula
3009 852 3127 908 sint
3175 855 3457 928 impertiti
3489 835 3759 920 mensura

2052 927 2248 998 gratiis
2299 946 2366 985 ex
2413 947 2549 1020 vero
2599 951 2714 989 non
2765 945 3003 1008 norunt,
3055 943 3140 999 vel
3191 927 3289 1016 per
3341 965 3500 1004 vanas
3555 953 3758 1024 gloriae

2050 1017 2401 1087 appetitum,
2442 1017 2555 1075 n0n
2602 1023 2961 1083 sustinentes
3008 1030 3195 1101 fateri,
3240 1051 3411 1105 quam
3461 1039 3519 1094 in
3556 1017 3627 1096 se
3656 1059 3755 1098 ex-

2052 1106 2378 1175 periuntur,
2433 1111 2825 1179 Operationem
2879 1117 3040 1174 mali.
3071 1120 3197 1175 Jam
3250 1125 3405 1180 enim
3441 1130 3757 1198 praedicant

2052 1210 2114 1249 se
2141 1196 2442 1264 perfectos.
2503 1198 2740 1270 Oportet
2787 1209 2977 1261 autem
3029 1212 3085 1263 et
3134 1209 3256 1265 fieri
3304 1217 3361 1266 et
3407 1196 3518 1269 dici
3553 1218 3626 1273 ab
3659 1219 3759 1274 bo-

2051 1283 2207 1340 mine
2237 1287 2390 1356 quod
2419 1288 2642 1356 justum
2667 1301 2747 1345 est
2775 1308 2790 1360 ;
2824 1297 2881 1349 et
2910 1297 3106 1366 gratiae
3139 1315 3310 1370 quam
3339 1304 3567 1376 accipit,
3602 1308 3756 1364 dona

2048 1373 2342 1443 proﬁteri;
2377 1382 2433 1431 et
2474 1394 2588 1434 non
2639 1380 3031 1453 dissimulare,
3085 1405 3263 1458 quam
3308 1373 3487 1449 sentit
3537 1394 3598 1450 in
3632 1414 3756 1454 sese

2047 1464 2263 1531 peccati
2311 1466 2721 1532 Operationem.
2766 1471 3044 1528 Mentitur
3091 1479 3308 1550 quippe
3355 1482 3487 1538 talis
3538 1501 3753 1554 purum

2045 1552 2207 1606 aiens
2238 1569 2301 1607 se
2341 1553 2554 1611 habere
2601 1574 2736 1624 cor;
2790 1559 2945 1616 haud
2995 1565 3151 1620 enim
3195 1567 3254 1623 in
3305 1569 3462 1626 hunc
3510 1552 3751 1632 modum

2044 1657 2108 1696 se
2162 1659 2254 1698 res
2304 1645 2568 1714 habent;
2629 1649 2796 1720 quasi
2855 1654 2927 1708 ad
2987 1656 3234 1724 primam
3307 1661 3507 1718 statim
3577 1666 3751 1722 adve-

2043 1732 2298 1789 nientem
2328 1737 2576 1806 gratiam
2609 1756 2792 1810 purus
2841 1744 3001 1798 omni
3051 1763 3118 1802 ex
3149 1753 3313 1819 parte
3341 1750 3516 1808 homo
3548 1757 3750 1812 redda-

2041 1829 2173 1877 tur:
2207 1825 2460 1881 traditur
2489 1829 2703 1900 quippe
2739 1830 3032 1905 hostibus,
3062 1841 3120 1891 et
3153 1837 3359 1896 borum
3412 1845 3746 1902 tentationi-

2042 1912 2154 1967 bus
2206 1915 2517 1984 exponitur
2572 1917 2646 1973 ad
2695 1923 3168 1982 exercitationem
3229 1933 3286 1984 et
3338 1930 3746 2003 disciplinam:

2044 2003 2336 2073 quomodo
2378 2005 2486 2060 Job
2537 2009 2855 2065 tentatione
2909 2013 3186 2082 probatus
3233 2025 3338 2074 est.
3399 2023 3750 2092 Cooperatur

2041 2091 2256 2161 quippe
2294 2097 2352 2148 et
2378 2094 2594 2150 malum
2644 2097 2816 2166 bono,
2851 2099 3170 2160 intentione
3202 2122 3315 2162 non
3339 2091 3525 2165 bona.
3546 2110 3745 2169 Chris-

2044 2178 2278 2234 tianum
2327 2197 2460 2237 vero
2491 2185 2757 2240 convenit
2780 2187 3041 2260 quinque
3064 2192 3261 2249 uncias
3283 2198 3497 2266 peccati
3533 2198 3748 2257 baben-

2043 2272 2181 2335 tem,
2214 2271 2403 2326 dicere
2435 2271 2803 2332 bumiliando
2833 2293 2932 2334 se:
2983 2281 3182 2352 viginti
3221 2288 3423 2342 uncias
3453 2287 3659 2359 habeo,
3687 2297 3746 2347 et

2041 2357 2248 2428 plenus
2296 2377 2427 2415 sum
2477 2361 2825 2432 iniquitate:
2878 2366 3187 2426 habentem
3235 2380 3454 2444 autem,
3500 2357 3746 2451 exempli

2039 2462 2236 2516 causa,
2268 2452 2472 2506 uncias
2520 2452 2727 2524 viginti
2776 2457 3026 2526 bonatis,
3079 2461 3305 2519 dicere:
3346 2465 3438 2522 vix
3480 2468 3614 2524 boni
3648 2487 3747 2526 se-

2041 2539 2330 2594 munciam
2392 2540 2598 2597 habeo.
2655 2543 2712 2597 Si
2779 2551 2977 2602 autem
3033 2548 3144 2605 hoc
3200 2553 3408 2624 dicere,
3454 2556 3527 2611 ob
3584 2575 3744 2614 vanas

2039 2626 2237 2698 glorise
2269 2629 2548 2696 studium,
2591 2634 2920 2702 erubescit;
2967 2637 3168 2695 saltem
3202 2645 3354 2713 quod
3400 2646 3624 2714 justum
3657 2654 3746 2704 est

2040 2717 2314 2788 proferat,
2347 2719 2720 2792 fateaturque
2759 2728 2883 2780 tum
2937 2727 3078 2798 quid
3130 2729 3188 2785 in
3222 2747 3284 2786 se
3313 2740 3582 2804 operetur
3610 2753 3748 2809 gra-

2038 2807 2140 2875 tia,
2171 2813 2297 2864 tum
2347 2809 2484 2880 quid
2533 2827 2602 2866 ex
2651 2819 2814 2883 parte
2861 2815 3045 2873 altera
3094 2826 3391 2891 peccatum
3443 2807 3741 2884 moliatur.

2037 2896 2164 2950 Jam
2197 2898 2351 2952 circa
2382 2899 2437 2952 id
2473 2901 2623 2970 quod
2661 2901 2776 2957 dixi
2810 2904 2882 2960 de
2911 2907 3130 2974 anima,
3159 2909 3352 2966 inesse
3383 2912 3465 2968 illi
3502 2917 3744 2986 profun-

2039 2983 2281 3039 ditatem
2313 2984 2691 3055 latebrosam,
2714 2993 2994 3062 exemplis
3018 3000 3238 3052 utemur
3262 2983 3526 3057 membra
3555 3003 3744 3074 ipsius

2039 3073 2447 3129 describentes.
2495 3075 2996 3142 Quemadmodum
3044 3085 3199 3140 enim
3253 3092 3316 3142 ut
3362 3088 3443 3144 sol
3495 3073 3604 3161 est,
3663 3097 3745 3150 ita

2039 3168 2176 3217 sunt
2226 3179 2290 3218 ex
2322 3163 2445 3234 ipso
2489 3167 2684 3236 plures
2730 3168 2920 3236 radii;
2961 3179 3022 3225 ut
3069 3174 3240 3230 arbor
3281 3176 3398 3232 alta
3441 3189 3546 3247 est,
3579 3183 3656 3236 ita
3685 3189 3744 3238 et

2041 3267 2236 3306 ramos
2267 3250 2484 3319 habet;
2520 3259 2582 3306 ut
2611 3253 2814 3310 civitas
2858 3273 3073 3327 magna
3110 3265 3197 3316 est
3228 3268 3284 3317 et
3312 3265 3533 3322 circum
3566 3268 3744 3328 habet

2046 3337 2202 3395 I66
2235 3342 2406 3396 urbes
2438 3341 2692 3399 multas:
2745 3345 2826 3400 sic
2871 3351 2960 3402 est
3017 3350 3428 3410 intellectualis
3457 3358 3739 3414 substan-

2036 3430 2137 3497 tia,
2188 3431 2530 3486 immortalis
2577 3435 2795 3504 anima,
2838 3434 3207 3505 pulchritudo
3261 3446 3514 3512 pretiosa
3569 3464 3744 3520 super

2036 3535 2239 3574 omnes
2269 3524 2583 3589 creaturas,
2621 3522 2810 3592 imago
2833 3531 2885 3578 et
2913 3524 3292 3584 simulacrum
3327 3531 3426 3588 Dei
3454 3550 3467 3601 ;
3501 3533 3558 3588 in
3590 3535 3743 3592 hanc

2035 3609 2272 3663 veniens
2300 3610 2486 3679 gratia
2515 3611 2742 3667 duobus
2791 3612 2842 3668 ei
2875 3615 3056 3671 radiis
3106 3619 3364 3691 atfulget,
3393 3632 3491 3678 aut
3520 3641 3585 3680 ex
3619 3626 3744 3680 uni-

2035 3714 2205 3753 versa
2231 3699 2457 3768 arbore,
2489 3701 2638 3756 duos
2670 3701 2962 3759 illuminat
2991 3722 3209 3776 ramos,
3259 3717 3360 3766 aut
3393 3712 3560 3769 binas
3592 3716 3742 3770 dun-

2035 3791 2194 3844 taxat
2222 3805 2292 3844 ex
2339 3789 2612 3846 universa
2662 3793 2957 3862 provincia
2987 3797 3160 3851 urbes
3192 3798 3552 3870 ingreditur:
3586 3806 3740 3874 quod

2033 3877 2340 3948 allegorice
2393 3879 2688 3948 significat
2739 3897 2913 3934 unam
2957 3887 3184 3939 tantum
3231 3896 3284 3941 et
3336 3887 3573 3945 alteram
3615 3894 3742 3946 ani-

2036 3982 2141 4020 mae
2197 3965 2511 4034 potentiam
2562 3968 2747 4039 gratia
2797 3971 3077 4042 contingi,
3129 3974 3321 4030 adhuc
3374 3993 3502 4034 vero
3549 3979 3738 4050 pluri-

2035 4070 2156 4109 mas
2205 4057 2333 4123 ejus
2382 4056 2542 4126 quasi
2580 4057 2840 4114 membro
2891 4069 3121 4131 peccato
3180 4066 3381 4121 teneri.
3438 4066 3743 4140 Utcunque

2033 4149 2295 4198 autumet
2327 4159 2388 4198 se
2423 4149 2602 4199 totam
2637 4162 2704 4201 ex
2758 4153 2879 4203 toto
2935 4153 3221 4207 transisse
3261 4153 3319 4208 in
3375 4161 3593 4225 partem
3627 4175 3746 4214 me-

2035 4230 2264 4298 liorem,
2318 4237 2373 4287 et
2422 4234 2478 4288 in
2541 4235 2792 4292 solidum
2843 4254 2877 4292 a
2925 4240 3112 4310 gratia
3163 4243 3464 4312 possideri,
3507 4252 3564 4302 et
3618 4247 3749 4317 ejus

2033 4321 2216 4376 radiis
2267 4323 2613 4393 splendere;
2666 4342 2966 4397 perperam
3027 4329 3335 4387 subductis
3385 4334 3746 4406 rationibus;

2031 4411 2110 4466 ita
2143 4417 2204 4466 ut
2233 4427 2366 4467 cum
2402 4412 2496 4468 vix
2528 4413 2790 4485 quinque
2839 4415 3018 4472 libras
3057 4419 3184 4474 auri
3217 4437 3342 4477 vere
3374 4421 3603 4491 habeat,
3638 4427 3749 4482 sibi

2036 4504 2228 4556 tamen
2260 4504 2605 4573 persuadeat
2633 4520 2749 4560 non
2785 4506 2984 4562 minus
3013 4507 3179 4565 libris
3211 4523 3446 4569 cenlum
3478 4531 3540 4570 se
3572 4518 3753 4588 possi-

219 4574 328 4652 θεῖν
379 4596 457 4659 εἷς
504 4596 667 4652 πόλιν
719 4597 925 4669 μακρὰν
974 4598 1267 4672 τριάκοντα
1309 4601 1515 4670 μονῶν,
1557 4593 1652 4650 δύο
1702 4597 1736 4664 ἢ
1785 4602 1929 4670 τρεῖς

2043 4592 2188 4646 dere.
2221 4594 2308 4646 An
2339 4592 2489 4648 fetus
2519 4593 2710 4649 adhuc
2755 4595 3024 4653 informis
3075 4600 3134 4654 in
3187 4608 3374 4669 utero,
3406 4574 3589 4660 homo
3623 4606 3748 4675 jam

221 4685 309 4740 ἰάν
363 4684 603 4756 ἀπέλθῃ,
655 4689 731 4759 μὴ
784 4689 986 4761 νομίσῃ
1033 4687 1117 4743 ὅτι
1157 4685 1404 4757 εἰσῆλθεν
1444 4691 1520 4748 εἷς
1569 4686 1665 4754 τήν
1716 4683 1878 4739 πόλιν
1911 4703 1924 4716 ·

222 4773 413 4844 ἐπειδή
492 4773 555 4829 οὗ
621 4777 656 4844 ἡ
735 4776 947 4832 ἐναντία
1012 4774 1240 4849 δύναμις
1317 4775 1690 4849 προτρεπτική
1765 4772 1928 4843 ἐστιν,

223 4865 326 4919 οὐκ
376 4864 741 4939 ἀναγκαστική
778 4885 792 4899 ο
850 4867 940 4920 καὶ
985 4863 1098 4920 θεία
1152 4866 1316 4940 χάρις
1387 4864 1759 4938 προτρεπτική
1820 4863 1931 4918 ἐστι

225 4951 319 5007 διά
347 4954 410 5008 τὸ
458 4951 802 5024 αὐτεξούσιον
845 4954 931 5008 καὶ
983 4953 1132 5010 λιτὸν
1180 4960 1279 5023 τῆς
1327 4954 1557 5032 φύσεως,
1601 4950 1794 5007 λοιπὸν
1843 4950 1929 5006 ἐάν

224 5044 470 5116 ποιστςσῃ
529 5044 670 5098 κακά
727 5045 754 5098 6
813 5046 1095 5119 ἄνθρωπος
1167 5043 1608 5120 προτρεπόμενος
1664 5042 1767 5097 ὑπὸ
1837 5045 1933 5096 τοῦ

227 5136 460 5202 Σατανᾶ,
524 5131 583 5187 οὐ
643 5135 878 5208 κρίνεται
937 5135 1046 5189 ἀντ’
1121 5132 1284 5189 αὐτοῦ
1353 5135 1381 5188 6
1457 5139 1697 5193 Σατανᾶς
1731 5150 1742 5161 ·
1804 5129 1930 5185 ἀλλ’

223 5219 385 5282 αὐτὸς
456 5221 484 5274 6
553 5221 838 5297 ἄνθρωπος
915 5229 1241 5299 τιμωρεῖται
1312 5221 1400 5276 καὶ
1477 5219 1790 5288 κολάζεται,
1859 5219 1934 5280 ὼς

234 5309 481 5378 ὑπήκοος
531 5313 767 5385 γεγονὼς
807 5319 909 5380 τῆς
947 5315 1138 5375 κακίας
1182 5309 1308 5382 ἰδίῳ
1354 5309 1646 5380 θελήματι.
1698 5308 1934 5380 Ὁμοίως

225 5399 314 5452 καὶ
371 5396 459 5453 ἐὰν
511 5405 694 5475 τραπῇ
758 5403 786 5457 6
846 5402 1130 5477 ἅνθρωπος
1191 5403 1266 5464 εἷς
1317 5402 1379 5456 τὸ
1435 5399 1656 5474 ἀγαθὸν,
1703 5398 1789 5452 καὶ
1843 5416 1934 5451 πε-

223 5487 503 5562 ριγένοιτο
558 5491 721 5565 χάρις
767 5495 922 5562 Θεοῦ,
982 5491 1085 5547 οὐκ
1122 5491 1406 5570 ἐπιγράφει
1458 5491 1520 5544 τὸ
1569 5488 1764 5564 ἀγαθὸν
1814 5488 1938 5542 ἑαυ-

226 5579 296 5648 τῇ
338 5579 372 5645 ἡ
426 5577 614 5654 χάρις,
669 5576 797 5633 ἀλλ’
856 5577 1155 5635 ἀποδίδωσι
1203 5578 1283 5652 τῷ
1324 5578 1592 5654 ἀνθρώπῳ
1653 5576 1742 5630 καὶ
1788 5571 1940 5648 δοξά-

236 5671 315 5734 ζει
368 5665 531 5722 αὐτόν
565 5685 579 5700 ⁸
629 5665 817 5740 ἐπειδή
877 5669 1052 5743 ἑαυτῷ
1085 5670 1290 5746 ἐγίνετο
1340 5669 1368 5723 6
1420 5664 1704 5740 ἅνθρωπος
1758 5663 1935 5727 αἶ’τιος

549 5771 808 5831 ΡΑτκοι..
851 5774 966 5834 Ga.
1007 5771 1266 5833 XXXIV.

2041 4679 2334 4748 perfectus
2363 4679 2498 4736 est?
2527 4682 2609 4734 An
2657 4681 2758 4752 qui
2811 4701 2992 4740 unum
3028 4686 3085 4741 in
3128 4688 3571 4746 fundamentum
3607 4692 3753 4761 lapi-

2040 4767 2173 4823 dem
2225 4767 2390 4838 jecit,
2446 4770 2564 4839 jam
2620 4773 2862 4842 perfecit
2910 4775 3267 4830 (editicium?
3318 4784 3506 4833 utrum
3553 4796 3752 4836 semen

2042 4858 2206 4913 sulco
2265 4857 2582 4931 ingestum,
2613 4861 2724 4930 jam
2771 4863 2933 4933 spica
2963 4864 3100 4919 est?
3137 4866 3281 4920 Num
3325 4873 3624 4934 mercator,
3657 4870 3754 4940 qui

2047 4949 2215 5002 modo
2280 4948 2487 5020 incipit
2561 4950 2864 5020 negotiari,
2935 4952 3173 5022 replevit
3219 4953 3342 5024 jam
3401 4957 3756 5027 apothecas?

2042 5044 2161 5094 Non
2196 5055 2336 5094 sane
2367 5039 2579 5111 magis,
2615 5042 2715 5112 qui
2749 5041 2945 5113 primae
2987 5043 3183 5113 gratiae
3235 5045 3518 5118 particeps
3551 5054 3640 5103 est
3671 5050 3754 5104 fa-

2042 5133 2194 5192 ctus,
2225 5129 2345 5196 jam
2382 5127 2744 5184 Christianus
2773 5135 2880 5185 est.
2932 5131 3104 5202 Atqui
3160 5133 3335 5203 primi
3388 5135 3499 5204 ipsi
3531 5151 3597 5189 ac
3630 5152 3754 5190 ma-

2042 5215 2137 5285 gni
2174 5216 2257 5271 sic
2292 5232 2354 5272 se
2403 5219 2470 5272 ad
2528 5219 2937 5288 perfectionem
2992 5219 3225 5288 habent,
3277 5227 3339 5276 ut
3385 5223 3648 5278 minister
3686 5225 3754 5279 ad

2048 5305 2489 5375 imperatorem,
2559 5313 2622 5360 ut
2686 5308 2910 5363 rivulus
2965 5311 3034 5363 ad
3102 5309 3430 5378 Euphraten
3491 5311 3752 5370 ﬂuvium.

2052 5394 2295 5450 Habens
2328 5396 2684 5465 pr0positum
2719 5396 2776 5451 in
2811 5397 3010 5452 urbem
3051 5400 3227 5454 eundi
3261 5399 3496 5471 triginta
3526 5403 3754 5460 dierum

2053 5484 2257 5539 itinere
2292 5484 2597 5551 dissitam;
2647 5501 2715 5540 ne
2766 5485 2857 5540 ubi
2910 5486 3150 5542 biduum
3203 5495 3305 5543 aut
3348 5489 3605 5548 triduum
3658 5496 3760 5549 via:

2049 5573 2354 5646 peregerit,
2396 5573 2511 5642 jam
2567 5591 2630 5629 se
2678 5584 2829 5644 putet
2893 5575 3222 5649 ingressum
3281 5595 3410 5636 esse
3467 5582 3756 5640 civitatem

2047 5663 2228 5719 illam.
2264 5661 2550 5726 Quoniam
2579 5664 2756 5735 igitur
2805 5665 3137 5724 adversaria
3167 5673 3423 5739 potestas
3462 5671 3756 5754 instigare,

3353 5769 3428 5826 27
