4116 6210
358 377 473 437 835

360 687 645 741 bertatem
696 684 953 736 innatam
1018 681 1273 741 naturae;
1330 673 1522 742 itaque
1562 670 1611 726 si
1674 669 1827 725 mala
1878 669 2077 724 fecerit

360 773 535 828 homo
569 784 888 842 persuasus
920 784 949 821 a
991 766 1226 829 Satana,
1263 778 1376 816 non
1403 760 1706 831 judicatur
1735 758 1856 813 vice
1888 756 2075 827 ipsius

361 864 626 929 Satanas,
674 860 769 914 sed
803 859 923 929 ipse
972 855 1144 909 homo
1177 851 1494 922 castigatur
1526 865 1589 903 ac
1622 848 1885 918 punitur,
1918 846 2076 919 quod

360 952 592 1008 malitias
623 950 900 1005 obediens
938 949 1129 1001 factus
1184 942 1351 997 fuerit
1401 957 1463 995 ex
1500 940 1732 1011 propria
1763 939 2073 994 voluntate.

361 1041 644 1098 Similiter
678 1039 725 1094 si
759 1040 956 1109 vergat
1008 1035 1177 1089 homo
1213 1031 1285 1086 ad
1334 1031 1576 1099 bonum,
1626 1038 1678 1084 et
1729 1029 1919 1084 vincat
1944 1043 2072 1099 gra-

362 1133 443 1187 tia
474 1131 613 1196 Dei;
645 1129 798 1183 haud
852 1125 1103 1181 ascribat
1153 1123 1260 1193 ipsi
1295 1121 1404 1177 sibi
1450 1122 1665 1175 bonum
1717 1118 1938 1189 gratia;
1972 1117 2070 1172 sed

361 1220 623 1276 attribuit
665 1216 886 1273 homini
932 1219 987 1269 et
1028 1213 1313 1285 gloriﬁcat
1364 1212 1598 1281 ipsum;
1652 1208 1928 1280 quoniam
1962 1205 2072 1260 sibi

362 1311 537 1365 homo
570 1323 740 1362 causa
775 1305 907 1361 boni
956 1304 1142 1358 factus
1177 1306 1299 1368 est;
1351 1300 1485 1354 talis
1534 1298 1687 1353 enim
1727 1297 1819 1351 hic
1851 1302 1939 1352 est
1969 1313 2074 1351 na-

363 1405 505 1456 tura;
531 1415 545 1464 ;
576 1414 688 1452 non
722 1400 914 1451 autem
967 1396 1031 1448 ut
1074 1392 1312 1447 veniens
1372 1392 1437 1445 ad
1486 1390 1677 1460 ipsum
1714 1388 1901 1459 gratia
1930 1386 2069 1457 liget

366 1491 493 1559 ejus
524 1488 901 1553 voluntatem,
957 1483 1268 1537 inducente
1313 1483 1713 1536 necessitatem
1772 1479 2067 1548 potentia;

366 1594 431 1633 ac
463 1579 530 1631 de
560 1580 762 1631 caetero
795 1573 1078 1627 volentem
1132 1570 1421 1625 nolentem
1468 1567 1662 1638 ipsum
1696 1565 2073 1623 immobiliter

368 1667 568 1737 alligat
598 1666 792 1732 bono;
828 1663 923 1717 sed
971 1662 1070 1716 dat
1118 1658 1306 1714 locum
1356 1656 1535 1713 libero
1584 1656 1844 1718 arbitrio,
1897 1656 2071 1712 etiam

368 1772 499 1810 cum
530 1754 615 1809 illi
650 1769 900 1821 praesens
928 1750 1091 1805 adest
1122 1748 1314 1803 divina
1364 1748 1490 1802 vis:
1525 1752 1587 1801 ut
1618 1747 2068 1815 demonstretur,

1704 358 1767 420 S.
1818 355 2147 420 MACARII
2193 354 2538 417 IEGYPTII

362 522 478 564 non
512 508 705 560 autem
738 501 943 557 afferre
994 494 1399 554 necessitatem
1434 494 1664 565 potest;
1700 491 1896 547 divina
1923 490 2060 546 item

2216 490 2274 541 οῦ
2324 484 2525 561 ἀγαθοῦ
2562 505 2573 519 ’

360 594 549 667 gratia
583 593 869 656 hortatur,
901 589 1136 661 propter
1166 585 1254 639 sui
1308 588 1511 655 potens
1558 581 1864 635 arbitrium
1918 584 1975 635 et
2003 579 2078 633 li-

3757 358 3888 419 836

2622 488 2796 556 αὐτῆς
2847 488 2949 560 γάρ
2982 487 3091 542 ἐστι
3139 494 3240 555 τῆς
3286 486 3497 561 φύσεως
3546 487 3706 549 οὗτος
3740 510 3752 521 ο
3794 468 3892 543 καὶ

2191 577 2300 651 οὐχ
2349 577 2467 631 οἷον
2517 575 2795 655 ἐρχομένη
2847 578 2880 646 ἡ
2930 577 3093 652 χάρις
3142 577 3278 649 πρὸς
3324 576 3481 632 αὐτὸν
3526 575 3891 653 ἀναγκαστικῇ

2188 664 2413 740 δυνάμει
2464 666 2652 740 δεσμεῖ
2698 666 2862 723 αὐτοῦ
2908 669 2970 723 τὸ
3024 668 3264 741 θέλημα,
3314 669 3403 723 καὶ
3455 669 3651 725 λοιπὸν
3701 671 3891 726 ἑκόντα

2185 757 2275 811 καὶ
2324 756 2523 812 ἄκοντα
2570 764 2718 813 ποιεῖ
2775 759 2934 814 αὐτὸν
2982 757 3245 833 ἄτρεπτον
3304 760 3527 837 ἀγαθοῦ,
3584 761 3732 816 ἀλλὰ
3787 784 3895 817 πα·

2186 852 2432 921 ραγωρεῖ
2478 852 2555 919 τῷ
2606 847 2930 921 αὐτεξουσίῳ
2979 850 3067 903 καὶ
3120 853 3348 904 συνοῦσα
3398 852 3433 918 ἠ
3480 851 3597 905 θεία
3638 849 3899 925 δῦναμις,

2182 934 2276 991 ’ἕνα
2325 936 2632 1016 ἀποδειχθῇ
2665 938 2726 994 τὸ
2780 937 2995 1012 θέλημα
3026 940 3122 995 τοῦ
3165 939 3475 1016 ἀνθρώπου,
3524 939 3568 993 εἰ
3622 946 3757 1014 τιμᾷ
3796 944 3903 1010 τήν

2185 1030 2369 1103 ψυχὴν
2403 1028 2437 1097 ἢ
2470 1029 2535 1083 οὐ
2586 1034 2722 1103 τιμᾷ
2754 1050 2766 1063 ·
2801 1029 2844 1085 εί
2880 1036 3161 1108 συμφωνεῖ
3209 1032 3244 1101 ἢ
3286 1030 3347 1086 οὑ
3381 1037 3667 1110 συμφωνεῖ
3700 1050 3715 1065 ⁸
3757 1032 3904 1087 πολ-

2186 1115 2275 1171 λοὶ
2333 1116 2432 1191 γὰρ
2492 1115 2755 1191 ἐτίμησαν
2816 1119 2905 1176 καὶ
2964 1120 3362 1198 συνεφώνησαν,
3423 1118 3626 1175 Ἀλλοι
3696 1118 3753 1175 δὲ
3812 1122 3906 1193 ἒξ-

2185 1208 2513 1279 ετροὶπησπιν.
2585 1207 2740 1283 Λέγει
2794 1209 2899 1284 γὰρ
2974 1210 3000 1262 6
3077 1210 3439 1280 Ἀπόστολος,
3511 1211 3900 1285 Ἐναρξάμενοι

2182 1294 2497 1368 πνεύματι·
2577 1302 2666 1352 νῦν
2741 1298 2898 1373 σαρκὶ
2978 1297 3327 1355 ἐπιτελεῖτε·
3411 1303 3478 1374 τῇ
3556 1301 3658 1375 γὰρ
3741 1301 3903 1379 φύσει

2182 1386 2355 1457 νόμος
2424 1385 2487 1440 οὐ
2551 1390 2747 1458 κεῖται,
2817 1386 2963 1443 ἀλλὰ
3025 1392 3093 1462 τῇ
3167 1389 3498 1461 αὐτεξουσίῳ
3578 1392 3904 1465 προαιρέσει

2185 1471 2450 1548 δυναμένῃ
2513 1478 2785 1550 τραπῆναι
2862 1475 2947 1532 ἐπὶ
3010 1479 3072 1533 τὸ
3145 1477 3343 1551 ἀγαθὸν
3397 1480 3483 1534 καὶ
3561 1481 3630 1535 τὸ
3701 1482 3879 1535 κακόν

2185 1566 2277 1621 Διὸ
2336 1564 2484 1643 λέγει
2544 1568 2571 1622 6
2648 1567 2896 1641 Κύριος·
2963 1573 3074 1643 Πῦρ
3151 1569 3326 1639 ἦλθον
3387 1566 3574 1626 ϐαλεῖν
3635 1571 3727 1625 ἐπὶ
3800 1575 3903 1640 τήν

2182 1663 2310 1730 γῆν,
2368 1658 2454 1711 καὶ
2513 1656 2760 1727 ἠθέλησα
2817 1657 2868 1712 εἴ
2912 1656 3020 1728 ἤδη
3094 1660 3328 1737 ἀνήφθη.
3381 1658 3537 1716 Θὲλει
3603 1664 3631 1716 6
3693 1662 3903 1737 Κύριος

2182 1746 2482 1821 ἀναφθῆναι
2539 1747 2602 1800 τὸ
2656 1745 2904 1820 οὐράνιον
2961 1751 3067 1823 πῦρ
3122 1754 3197 1810 εἷς
3237 1750 3331 1811 τὰς
3374 1747 3599 1817 καρδίας
3645 1756 3756 1805 τῶν
3811 1752 3903 1805 ἆν-

368 1850 573 1899 utrura
603 1841 858 1897 hominis
893 1839 1160 1895 voluntas
1200 1838 1451 1892 animam
1482 1836 1539 1891 in
1585 1837 1764 1905 pretio
1797 1835 2063 1901 habebat,

2218 1832 2437 1906 ρώπων,
2497 1834 2586 1887 καὶ
2654 1836 2704 1888 οἱ
2761 1837 2855 1906 μὲν
2911 1835 3180 1903 θέλουσιν,
3242 1838 3291 1892 οἱ
3352 1836 3409 1893 δὲ
3467 1835 3527 1893 οὒ
3586 1838 3839 1894 θέλουσιν
3876 1860 3894 1873 ο

367 1949 562 1988 annon
646 1931 903 1997 habeat;
990 1929 1334 1987 consentiat.
1424 1942 1613 1981 annon
1699 1923 2072 1981 consentiat?

367 2022 534 2078 Multi
565 2024 720 2077 enim
754 2020 812 2075 in
864 2020 1044 2090 pretio
1094 2018 1448 2082 habuerunt,
1500 2020 1556 2071 et
1606 2019 2064 2080 consenserunt;

362 2110 461 2165 alii
509 2111 693 2165 aversi
754 2109 1057 2173 abierunt;
1122 2105 1264 2161 dicit
1315 2105 1470 2160 enim
1521 2103 1872 2175 Apostolus:
1933 2103 2069 2159 Cum

359 2200 558 2271 spiritu
613 2201 889 2271 ceperitis,
955 2212 1118 2254 carne
1184 2193 1642 2252 consummamini
1710 2191 1774 2247 ‘0.
1840 2190 2067 2248 Naturae

360 2289 576 2362 quippe
600 2288 691 2343 lex
723 2303 835 2343 non
876 2292 966 2343 est
1016 2286 1223 2357 posita,
1274 2285 1373 2339 sed
1408 2284 1500 2338 sui
1542 2280 1796 2351 compoti
1830 2280 2065 2335 arbitrio

2182 1920 2393 1994 ὁμοίως
2449 1922 2615 1977 πάλιν
2683 1919 2871 1999 λέγει·
2952 1927 3190 1988 Ποσάκις
3257 1926 3503 1998 ἠθέλησα
3564 1928 3893 2003 ἐπισυνσγαο

2176 2014 2289 2085 γεῖν
2347 2010 2510 2083 ὑμᾶς,
2582 2012 2656 2072 ὡς
2727 2008 2875 2085 ὅρνις
2931 2014 2997 2068 τὰ
3070 2013 3267 2083 ἑαυτῆς
3342 2018 3551 2088 νοσσία,
3619 2018 3710 2072 καὶ
3790 2020 3894 2074 οὐκ

2175 2098 2521 2170 ἡθιλήσατε;
2574 2105 2703 2177 ὁρᾷς
2752 2102 2833 2157 ὅτι
2884 2102 2911 2156 6
2960 2102 3159 2178 Κύριος
3211 2104 3354 2160 θέλει
3391 2125 3404 2139 ⁶
3445 2108 3534 2162 καὶ
3569 2106 3634 2161 αῦ
3689 2109 3739 2162 οἱ
3791 2108 3888 2163 ἄν.

2174 2190 2388 2262 θρωποι
2446 2190 2507 2245 οὐ
2575 2191 2793 2246 θέλουσι
2850 2192 3209 2268 προσεγγίσαι
3265 2198 3344 2266 τῷ
3402 2196 3607 2273 Κυρίῳ,
3658 2197 3750 2253 καὶ
3800 2200 3887 2254 εὖ-

2178 2285 2287 2353 ρεῖν
2317 2275 2492 2342 ἔλεος.

356 2389 411 2435 et
443 2378 740 2446 electioui,
798 2392 929 2448 quas
985 2375 1130 2431 verti
1190 2376 1259 2429 ad
1316 2373 1528 2428 bonum
1592 2376 1648 2425 et
1696 2370 1914 2425 malum
1967 2374 2171 2438 potest.
2224 2370 2530 2443 Propterea
2579 2374 2721 2430 dicit
2767 2375 3093 2432 Dominus:
3144 2378 3332 2449 Ignem
3380 2382 3505 2435 veni
3553 2382 3779 2437 mittere
3820 2383 3880 2437 in

353 2478 584 2536 gen-am,
642 2478 695 2524 ει
742 2467 875 2537 quid
927 2468 1066 2531 volo,
1125 2464 1241 2519 nisi
1296 2467 1355 2518 ut
1413 2460 1739 2517 ascendatur
1797 2459 1888 2515 αἳ
1963 2460 2103 2515 Vult
2153 2462 2432 2517 Dominus
2476 2465 2710 2519 accendi
2755 2465 3039 2523 ccelestem
3091 2469 3285 2538 ignem
3340 2468 3396 2524 in
3448 2472 3719 2527 cordibus
3769 2473 3873 2529 ho-

354 2559 635 2626 minum;
697 2558 907 2613 horum
960 2573 1094 2612 vero
1153 2554 1391 2625 quidam
1450 2552 1651 2608 volunt
1717 2553 1952 2623 quidam
2035 2552 2261 2608 nolunt.
2324 2553 2597 2610 Similiter
2664 2573 2865 2612 rursus
2925 2557 3101 2614 dicit:
3166 2560 3385 2627 Quoties
3444 2561 3594 2617 volui
3648 2578 3880 2634 congre-

364 2663 498 2719 gare
545 2664 636 2702 vos
692 2650 750 2701 ut
806 2645 1018 2716 gallina
1072 2649 1367 2715 congregat
1423 2642 1599 2713 pullos
1655 2657 1801 2707 suos,
1848 2645 1900 2696 et
1942 2641 2202 2696 noluistis
2260 2641 2351 2697 "‘2
2410 2642 2581 2699 Vides
2644 2646 2953 2701 Dominum
3012 2646 3180 2718 vello,
3251 2665 3455 2706 rursus
3515 2655 3719 2708 autem
3778 2653 3885 2709 ho-

348 2738 540 2793 mines
571 2735 724 2791 nolle
755 2735 1027 2791 accedere
1057 2734 1127 2790 ad
1165 2732 1497 2800 Dominum,
1530 2736 1586 2787 et
1609 2730 2068 2786 misericordiam
2094 2732 2377 2788 nancisci.

421 2826 561 2882 Xlll.
630 2826 739 2892 Qui
792 2824 915 2880 vult
970 2823 1242 2881 accedere
1305 2822 1377 2877 ad
1434 2821 1749 2878 Dominum
1810 2825 1865 2876 et
1939 2820 2056 2877 vita

351 2921 564 2975 interna
607 2916 824 2988 dignus
871 2913 1091 2981 haberi,
1125 2918 1182 2969 et
1229 2909 1624 2969 habitaculum
1676 2910 1777 2967 Dei
1822 2910 1968 2976 ﬂeri,
2002 2914 2058 2965 ct

353 3006 563 3076 Spiritu
607 3009 807 3061 sancto
854 3005 1069 3075 dignus
1118 3003 1333 3069 haberi,
1388 3006 1452 3057 ut
1483 3001 1708 3055 fructus
1738 3000 2058 3070 ejusjuxta

352 3096 628 3151 mandata
684 3092 913 3151 Domini
962 3102 1135 3164 queat
1174 3090 1763 3164 irreprehensibtliter
1809 3094 1865 3144 et
1922 3106 2060 3160 pure

2233 2820 2335 2877 'II‘.
2392 2819 2449 2873 Ὀ
2524 2820 2869 2895 βούλομενος
2926 2822 3253 2899 προσελθεῖν
3331 2830 3409 2899 τῷ
3493 2828 3697 2903 Κυρίῳ,
3786 2832 3877 2885 καὶ

2168 2914 2315 2979 ζωῆς
2408 2909 2632 2965 αἰωνίου
2734 2915 3154 2986 καταξιωθῆναι,
3254 2917 3343 2971 καὶ
3444 2922 3880 2996 κατοικητήριον

2166 3005 2301 3056 Θεοῦ
2355 3000 2623 3076 γενέσθαι,
2682 3006 2773 3057 καὶ
2838 3004 3152 3077 ΙΙνεύματος
3214 3006 3374 3082 ἁγίου
3448 3010 3877 3081 καταξιωθῆναι,

2162 3088 2253 3142 ’ίνα
2312 3088 2440 3151 τοὺς
2502 3089 2744 3165 καρποὺς
2802 3092 2971 3146 αὐτοῦ
3020 3094 3156 3148 κατὰ
3195 3095 3290 3157 τὰς
3343 3094 3570 3159 ἐντολὰς
3617 3102 3718 3153 τοῦ
3770 3106 3876 3153 Κυ-

354 3187 561 3254 facere,
593 3184 674 3241 sic
705 3185 876 3239 debet
905 3182 1181 3253 incipere.
1222 3182 1484 3236 Primum
1536 3180 1769 3235 credere
1813 3180 2056 3235 Domino

2216 3179 2291 3233 ίου
2361 3178 2561 3249 δυνηθῆ
2643 3177 2893 3255 ἀμῶμως
2950 3184 3041 3238 καὶ
3106 3185 3359 3259 καθαρῶς
3434 3192 3631 3259 ποιεῖν,
3709 3189 3886 3251 οὕτως

354 3275 621 3341 ﬁrmiter,
663 3280 719 3329 et
753 3276 885 3329 dare
933 3290 1000 3329 ex
1049 3277 1169 3327 toto
1218 3287 1280 3327 se
1327 3272 1523 3341 ipsum
1573 3270 1762 3324 verbis
1814 3271 2054 3325 manda-

354 3371 541 3419 torum
596 3364 745 3431 ejus,
806 3367 861 3417 et
919 3362 1250 3416 renuntiare
1310 3357 1526 3413 mundo
1586 3374 1684 3429 per
1715 3359 1934 3423 omnia,
1983 3358 2065 3411 ita

356 3456 503 3509 utin
545 3453 708 3508 nullo
749 3469 987 3525 prorsus
1039 3452 1442 3523 apparentium
1498 3465 1663 3505 mens
1708 3454 2059 3519 occupetur;

356 3549 409 3595 et
441 3541 749 3594 obfirmare
771 3556 999 3610 semper
1029 3555 1089 3594 se
1131 3537 1289 3593 omni
1340 3545 1541 3593 conatu
1579 3539 1647 3592 ad
1701 3554 2066 3607 perseveran-

356 3628 493 3683 tiam
526 3628 585 3682 in
618 3629 876 3684 oratione
904 3645 917 3695 ;
951 3632 1006 3683 et
1041 3644 1155 3682 non
1199 3628 1525 3699 desperare,
1560 3633 1900 3698 exspectans
1934 3644 2063 3683 cum

355 3716 571 3772 ﬁducia
629 3716 858 3772 Domini
908 3716 1335 3788 inspectionem
1398 3727 1449 3771 et
1498 3718 1778 3772 auxilium
1828 3716 2061 3789 ubique,

355 3822 596 3877 accpum
634 3823 750 3861 sum
786 3807 997 3862 mentis
1030 3807 1087 3861 in
1130 3822 1195 3861 eo
1228 3806 1452 3862 habens
1508 3806 1759 3862 defixum
1812 3822 2058 3877 semper.

357 3895 575 3952 Deinde
610 3912 807 3965 urgere
838 3912 899 3952 se
931 3912 1064 3951 cum
1116 3902 1329 3952 conatu
1379 3900 1433 3952 et
1483 3895 1855 3953 contentione
1905 3897 2063 3951 inde-

360 3984 619 4040 sinenter
705 3985 1004 4055 ad‘omne
1082 3985 1324 4053 bonum,
1386 3988 1442 4040 et
1511 3985 1571 4041 in
1630 3984 2062 4041 exsecutionem

358 4072 616 4128 omnium
650 4071 750 4127 Dei
787 4076 1213 4138 mandatorum,
1246 4074 1648 4144 quamtumvis
1680 4075 1861 4130 invito
1892 4076 2065 4130 corde

358 4168 590 4231 prepter
615 4161 907 4216 inhaerens
947 4167 1283 4231 peccatum;
1330 4167 1471 4233 puta
1520 4177 1621 4230 per
1670 4161 1785 4215 vim
1830 4161 2062 4232 adigen-

360 4251 431 4303 do
464 4264 527 4304 sc
556 4249 750 4316 ipsum
784 4250 855 4303 ad
900 4250 1200 4304 humiliter
1245 4251 1606 4304 sentiendum
1652 4265 1842 4303 coram
1875 4249 2067 4303 omni-

358 4338 470 4393 bus
515 4338 663 4391 101
720 4337 1080 4405 hominibus,
1124 4344 1181 4393 et
1206 4355 1268 4393 se
1298 4338 1485 4407 ipsum
1516 4338 1748 4393 cunctis
1781 4338 2062 4393 minorem

360 4431 415 4481 et
447 4426 697 4496 pejorem
749 4425 1223 4492 existimandum,
1269 4443 1381 4481 non
1429 4428 1737 4496 quaerendo
1788 4426 2061 4482 honorem

360 4520 458 4569 aut
488 4513 741 4579 laudem,
789 4520 891 4569 aut
939 4515 1182 4587 gloriam
1234 4517 1304 4571 ab
1358 4515 1496 4583 ullo,
1530 4516 1680 4571 sicut
1718 4516 1777 4571 in
1810 4516 2062 4585 Evange-

358 4603 436 4659 lio
478 4604 751 4675 scriptum
804 4611 912 4673 est,
964 4609 1064 4661 sed
1117 4606 1304 4662 solum
1361 4608 1672 4662 Dominum
1725 4624 1838 4679 praa
1886 4606 2070 4663 oculis
2106 4580 2147 4643 θ

357 4693 622 4751 habendo
654 4712 882 4767 semper
913 4697 1213 4769 ipsiusque
1247 4698 1541 4765 mandata,
1589 4697 1759 4769 eique
1808 4696 1915 4753 soli
1949 4703 2070 4752 stu-

357 4786 548 4840 dendo
583 4784 812 4857 placere
846 4787 910 4842 ³⁸.
945 4790 1005 4843 In
1068 4787 1583 4842 mansuetudinem
1624 4803 1852 4858 quoque
1883 4804 1944 4842 se
1975 4803 2073 4857 per

357 4874 472 4928 vim
507 4874 768 4943 inclinet,
824 4876 1143 4932 reluctante
1189 4876 1361 4932 ctiam
1414 4878 1606 4943 corde,
1658 4876 1810 4931 sicut
1857 4877 1931 4929 ait
1965 4875 2074 4931 Do-

358 4964 595 5018 minus:
632 4966 830 5022 Discite
861 4983 893 5021 a
925 4982 1030 5034 me,
1076 4965 1207 5036 quia
1254 4970 1402 5023 mitis
1445 4983 1567 5022 sum
1618 4976 1667 5021 et
1700 4966 1922 5021 humilis
1951 4982 2071 5021 cor-

357 5056 448 5124 de,
497 5058 546 5109 et
596 5055 931 5111 invenientis
973 5059 1225 5128 requiem
1272 5056 1560 5113 animabus
1613 5058 1807 5111 vestris
1857 5056 1918 5110 1‘.
1980 5054 2069 5111 Si-

357 5144 577 5200 militer
632 5161 757 5201 esse
814 5147 1277 5215 misericordem,
1336 5146 1653 5217 benignum
1712 5147 2067 5214 compatien-

352 5239 495 5301 tem,
556 5235 801 5304 bonum,
858 5242 1140 5307 quantum
1200 5240 1410 5308 potest,
1470 5253 1528 5291 se
1582 5237 1639 5291 vi
1697 5236 2065 5304 assuefaciat,

349 5327 518 5395 juxta
557 5325 612 5379 id
671 5326 822 5396 quod
875 5326 1015 5381 dicit
1063 5326 1388 5382 Dominus:
1438 5330 1624 5382 Estote
1674 5326 1801 5381 boni
1844 5332 1896 5381 et
1973 5325 2069 5380 be-

355 5414 538 5480 nigni,
587 5415 725 5468 sicut
788 5414 954 5470 Pater
981 5422 1161 5470 vester
1192 5416 1423 5471 rulestis
1463 5417 1769 5471 misericors
1795 5422 1874 5471 est
1907 5414 1969 5471 ¹⁸.
2002 5414 2068 5469 Et

354 5518 596 5569 rursus;
646 5505 709 5560 Si
757 5504 1003 5577 diligitis
1034 5521 1144 5573 me,
1193 5506 1457 5562 mandata
1502 5521 1623 5562 mea
1651 5509 1862 5561 servate
1909 5504 1973 5563 ιθ.
2001 5505 2070 5562 Et

430 5606 475 5643 ¹⁰
508 5608 631 5684 Gal:
686 5611 781 5675 IlI,
840 5613 895 5668 3.
979 5612 1023 5650 ¹¹
1084 5614 1222 5669 Luc.
1259 5630 1359 5684 xu,
1426 5614 1517 5670 49.

355 5681 443 5737 36.
525 5680 568 5715 ³⁸
595 5678 759 5737 Joan.
795 5700 907 5753 xxv,
938 5684 1027 5739 25.

1598 5614 1644 5648 ¹²
1707 5614 1910 5684 Matth,
1963 5629 2123 5679 xxm,
2181 5614 2270 5669 37.

2175 3268 2378 3353 δφείλει
2438 3268 2771 3343 ἐνάρξασθαι.
2822 3274 3044 3345 Πρῶτον
3098 3274 3497 3349 πιστεῦσαιτῷ
3551 3284 3738 3350 Κυριῳ
3792 3280 3886 3353 βεο

2178 3351 2370 3444 ϐαίως,
2428 3358 2517 3411 καὶ
2585 3356 2863 3415 ἐπιδοῦναι
2922 3360 2972 3432 ἐξ
3040 3361 3173 3418 ὅλου
3242 3364 3427 3420 ἑαυτὸν
3500 3371 3618 3429 τοῖς
3695 3351 3889 3444 λόγοις

2180 3449 2285 3499 τῶν
2357 3443 2589 3501 ἐντολῶν
2668 3449 2852 3519 αὐτοῦ,
2932 3450 3023 3506 καῖ
3093 3454 3457 3524 ἀποτάξασθαι
3529 3460 3611 3528 τῷ
3690 3443 3890 3531 κόσμῳ

2174 3534 2309 3587 κατὰ
2360 3536 2549 3602 πάντα,
2598 3534 2692 3590 ’ἕνα
2751 3536 2803 3592 ἐν
2856 3536 3029 3594 οὐδενί
3080 3540 3227 3603 δλως
3288 3548 3393 3598 τῶν
3451 3546 3797 3623 φαινομένων
3858 3550 3885 3601 ὁ

2172 3626 2303 3684 νοῦς
2358 3622 2693 3700 ἀσχολῆται.
2730 3630 2827 3682 Καὶ
2884 3629 2975 3693 ,είς
3028 3632 3126 3699 τήν
3195 3632 3365 3708 εὐχήν
3426 3622 3657 3691 πάντοτε
3706 3658 3885 3713 προσ-

2173 3718 2448 3787 καρτερεῖν
2528 3713 2709 3778 αὖτὸν,
2788 3719 2879 3773 καὶ
2960 3724 3035 3792 μή
3115 3720 3508 3798 ἀπογινώσκειν
3580 3724 3887 3803 προσδεχό⁹

2180 3822 2337 3874 μενος
2394 3805 2489 3856 τοῦ
2558 3805 2755 3877 Κυρίου
2813 3809 2910 3875 τήν
2972 3806 3251 3885 ἐπίσκεψιν
3308 3812 3397 3866 καὶ
3456 3814 3554 3881 τὴν
3625 3816 3887 3888 βοήθειαν

2175 3893 2428 3961 πάντοτε,
2480 3894 2570 3949 τὸν
2622 3897 2824 3952 σκοπὸν
2875 3902 2972 3952 τοῦ
3020 3900 3143 3964 νοὸς
3190 3901 3358 3957 αὐτοῦ
3408 3903 3484 3965 εἰς
3528 3908 3693 3959 τοῦτο
3742 3902 3893 3985 ἔχων

2178 3977 2265 4035 διὰ
2314 3984 2535 4043 παντὸς.
2592 3984 2722 4040 Εἶτα
2773 3988 3048 4060 βιάξεσθαι
3098 3991 3211 4068 χρὴ
3254 3990 3335 4046 ἀεὶ
3384 3991 3461 4054 εἷς
3511 3997 3613 4048 πᾶν
3661 3977 3891 4069 ἀγαθὸν,

2177 4070 2265 4125 καὶ
2340 4072 2414 4133 εἰς
2471 4074 2643 4135 πάσας
2730 4075 2824 4135 τὰς
2901 4076 3124 4142 ἐντολὰς
3176 4084 3273 4135 τοῦ
3349 4083 3577 4156 Κυρίου,
3637 4082 3737 4138 κᾶν
3814 4089 3890 4159 μή

2177 4160 2442 4249 θελούσης
2490 4168 2589 4231 τῆς
2630 4161 2855 4236 καρδίας
2904 4162 2993 4220 διὰ
3039 4169 3141 4237 τὴν
3192 4174 3451 4225 συνοῦσαν
3512 4172 3648 4247 αὐτῇ
3710 4173 3896 4249 ἀμαρ-

2174 4248 2290 4304 τίαν
2327 4268 2338 4281 ·
2399 4254 2514 4305 οἷον
2578 4253 2855 4327 βιάζεσθαι
2916 4255 3102 4312 ἑαυτὸν
3162 4258 3240 4322 εἷς
3304 4261 3366 4315 τὸ
3439 4248 3891 4340 ταπεινοφρονεῖν

2176 4338 2405 4413 ἐνώπιον
2489 4339 2703 4396 πάντων
2800 4344 3124 4418 ἀνθρώπων,
3201 4349 3292 4403 καὶ
3386 4350 3575 4406 ἒαυτὸν
3677 4338 3893 4409 πάντων

2176 4425 2384 4515 ἐλάττω
2442 4430 2533 4484 καὶ
2603 4432 2826 4507 χείρονα
2884 4436 3155 4509 ἡγεῖσθαι,
3218 4440 3292 4509 μή
3373 4444 3550 4509 ζητῶν
3611 4445 3786 4515 τιμὴν
3855 4446 3890 4514 ἦ

2179 4513 2394 4573 ἔπαινον
2450 4521 2486 4589 ἢ
2549 4516 2703 4591 δόξαν
2764 4524 2911 4597 παρὰ
2966 4545 3132 4598 τινος,
3173 4528 3351 4591 καθὼς
3411 4530 3461 4584 ἐν
3519 4534 3588 4601 τῇ
3652 4533 3893 4609 E23qu-

2182 4606 2290 4698 λίῳ
2331 4606 2672 4698 γέγραπται,
2746 4611 2891 4668 ἀλλὰ
2959 4615 3124 4687 μόνον
3201 4618 3290 4673 τὸν
3355 4619 3550 4695 Κύριον
3624 4622 3706 4676 ἀεὶ
3780 4606 3894 4698 *πρό

2186 4693 2488 4769 ὀφθαλμῶν
2537 4693 2707 4773 ἔχειν,
2758 4703 2849 4756 καὶ
2895 4702 2990 4765 τὰς
3040 4703 3268 4770 ἐντολὰς
3314 4693 3502 4774 αὐτοῦ,
3544 4706 3693 4781 αὐτῷ
3742 4693 3894 4785 μόνῳ

2185 4785 2520 4860 βουλόμενος
2569 4788 2774 4865 ἀρέσαι.
2830 4790 2921 4854 Εἲς
2971 4795 3070 4863 τήν
3114 4796 3397 4871 πραότητα
3440 4798 3649 4872 ὁμοίως
3702 4801 3892 4856 ἑαυτὸν

2184 4872 2440 4966 βιαζὲτω,
2490 4877 2582 4931 καὶ
2638 4880 2712 4951 μή
2765 4880 3035 4953 θελούσης
3090 4882 3186 4951 τῆς
3242 4883 3486 4961 καρδίας,
3527 4886 3602 4951 ὥς
3653 4910 3818 4966 φησιν
3867 4890 3893 4945 6

2182 4963 2421 5039 Κύριος³
2482 4968 2687 5024 Μάθετε
2739 4969 2831 5024 ἀπ’
2889 4970 3044 5044 ἐμοῦ,
3106 4975 3189 5029 ὅτι
3249 4976 3423 5051 πρᾶός
3482 4976 3595 5051 εἰμι
3656 4963 3746 5035 καὶ
3804 5002 3896 5035 τα-

2178 5057 2362 5119 πεινὸς
2443 5060 2513 5131 τῇ
2597 5056 2813 5133 καρδίᾳ,
2873 5061 2964 5116 καὶ
3047 5063 3306 5139 εὑρήσετε
3393 5068 3690 5123 ἀνάπαυσιν
3772 5075 3893 5133 ταῖς

2179 5148 2383 5239 ψυχαῖς
2434 5147 2627 5239 ῃὺμῷν.
2690 5152 2929 5222 Ὁμοίως
2989 5151 3066 5214 εἷς
3114 5155 3176 5209 τὸ
3237 5157 3367 5211 εἶναι
3424 5156 3725 5231 ἐλεήμονα,
3759 5182 3898 5239 χρη-

2180 5236 2325 5306 στὸν,
2404 5232 2801 5313 εὔσπλαγχνον,
2884 5240 3110 5317 ἀγαθὸν,
3186 5243 3287 5316 δση
3370 5243 3623 5320 δύναμις,
3703 5232 3893 5305 sedeas

2179 5320 2371 5393 ἔθίζειν
2448 5327 2583 5398 μετᾶ
2647 5327 2787 5401 βίας,
2866 5329 2943 5392 ὥς
3019 5353 3180 5409 φησιν
3243 5336 3271 5390 6
3347 5336 3599 5413 Κύριοςο
3678 5340 3893 5395 Γίνεσθε

2176 5412 2367 5490 ἀγαθοὶ
2425 5418 2514 5469 καὶ
2575 5419 2832 5492 χρηστοὶ,
2894 5423 3076 5487 καθὼς
3135 5424 3164 5479 6
3223 5427 3410 5503 Πατήρ
3472 5426 3624 5499 ὑμῶν
3690 5431 3719 5484 6
3794 5430 3897 5485 06-

2181 5504 2363 5578 ράνιος
2440 5504 2742 5582 οἰκτίρμων
2826 5508 2987 5566 ἐστί·
3064 5511 3156 5569 καὶ
3231 5513 3399 5571 πάλιν
3481 5517 3694 5595 φησίνο
3777 5520 3901 5577 Ἐὰν

2352 5612 2396 5651 ¹³
2442 5615 2601 5673 Joan.
2666 5635 2723 5688 v,
2779 5620 2866 5677 44.
2948 5622 2992 5660 ι⁴
3048 5622 3252 5684 Matth.
3300 5642 3378 5697 xx,
3434 5626 3525 5682 29.
3577 5625 3791 5685 “Luc.
3825 5644 3904 5698 vx,
