4116 6210
229 358 346 418 837

1418 352 1649 413 LIBER
1691 353 1792 414 DE
1836 353 2212 417 CUSTODIA
2256 359 2558 422 CORDIS.

3630 379 3750 441 838

221 487 470 560 ἀγαπᾶιί
522 509 610 560 με,
665 486 758 549 τὰς
812 483 1035 546 ἐντολὰς
1093 504 1198 556 μου
1255 484 1539 559 τηρήσετε.
1584 485 1683 538 Καὶ
1721 483 1922 540 πάλιν·

2052 486 2251 546 iterum
2289 507 2302 544 :
2339 493 2456 547 Vim
2485 494 2631 548 vobis
2678 494 2846 566 facite
2893 498 3139 567 violenti,
3173 502 3327 559 enim
3371 509 3598 577 rapiunt
3654 528 3750 566 re-

225 576 506 647 Βιᾶζεσθε’
605 577 815 652 βιασταὶ
905 577 1006 651 γὰρ
1095 574 1396 644 ἁρπάζουσι
1477 575 1577 643 τήν
1656 572 1932 648 βασιλείαν

222 669 334 720 τῶν
378 665 619 739 οὐρανῶν
660 685 672 698 ’
722 665 812 720 καὶ
848 663 910 720 τό
953 683 969 698 ⁶
1009 665 1370 742 Ἀγωνίζεσθε
1411 661 1669 719 εἰσελθεῖν
1721 660 1809 717 διὰ
1837 669 1938 731 τῆς

229 759 420 821 στενῆς
469 752 671 823 πύλης.
739 752 850 810 Ἀεὶ
919 749 976 806 δὲ
1040 754 1141 821 τήν
1199 755 1294 806 τοῦ
1365 750 1564 823 Κυρίου
1620 751 1938 805 ταπείνωσιν

231 844 325 898 καὶ
393 841 675 898 πολιτείαν
739 841 830 898 καί
895 843 1238 920 ἆναστροφην
1316 840 1491 917 ἐχετω
1543 841 1651 915 πρὸ
1719 839 1936 919 ὀφθαλ-

236 937 380 1006 μῶν,
440 931 622 1007 ὥσπερ
695 933 1064 1007 ὑπογραμμὸν
1129 929 1181 985 ἒν
1240 931 1382 1004 πασῃ
1450 933 1642 1005 μνήμῃ
1694 930 1938 1003 ἆληθαρ-

227 1026 386 1098 γήτῳ
431 1042 442 1055 ·
477 1022 568 1078 καὶ
599 1023 701 1093 ὅση
736 1019 962 1095 δύναμις
1025 1023 1291 1097 βιαζέσθω
1338 1026 1457 1080 ταῖς
1525 1021 1716 1095 εὐχαῖς
1764 1041 1938 1094 προσ-

225 1118 501 1188 καρτερεῖ,
561 1111 652 1168 διὰ
707 1113 909 1174 παντὸς
976 1110 1228 1184 δεόμενος
1310 1111 1402 1166 καὶ
1468 1110 1736 1165 πιστεύων
1773 1127 1785 1140 ⁸
1837 1108 1934 1165 ’ίνα

229 1203 406 1259 ἐλθὼν
477 1204 506 1258 ὁ
564 1202 763 1276 Κύριος
828 1200 1086 1276 ἐνοικήσῃ
1147 1201 1197 1255 ἐν
1281 1199 1429 1272 αὐτῷ
1483 1199 1574 1255 καὶ
1640 1197 1934 1273 καταρτίσῃ

225 1293 319 1348 καὶ
406 1290 704 1367 δυναμώσῃ
800 1291 960 1348 αὐτὸν
1048 1289 1100 1345 ἐν
1189 1295 1310 1354 ταῖς
1399 1288 1646 1351 ἐντολαῖς
1740 1287 1934 1351 πάσαις

226 1386 423 1450 αὐτοῦ,
482 1385 571 1441 καὶ
626 1383 722 1439 ’ίνα
779 1385 814 1453 ἡ
874 1384 1029 1462 ψυχή
1114 1382 1279 1438 αὐτοῦ
1338 1380 1560 1456 γίνηται
1615 1379 1937 1455 οἰκητήριον

227 1473 418 1544 Ἰησοῦ
474 1478 721 1549 Χριστοῦ
754 1493 767 1507 ⁸
807 1474 897 1529 καὶ
955 1474 1128 1535 οὕτως
1183 1473 1218 1526 ’ὰ
1272 1476 1365 1527 νῦν
1446 1471 1578 1543 μετᾶ
1657 1469 1778 1545 βίας
1846 1468 1936 1524 καὶ

233 1567 312 1637 μὴ
368 1565 637 1635 θελούσης
690 1571 792 1634 τῆς
847 1562 1073 1638 καρδίας
1129 1567 1298 1631 ποιεῖ,
1358 1560 1549 1630 ἐθίζειν
1608 1559 1798 1615 ἑαυτὸν
1849 1556 1936 1613 διὰ

230 1656 436 1717 παντὸς
467 1655 543 1717 είς
599 1655 663 1710 τὸ
728 1654 931 1729 ἀγαθὸν
995 1652 1086 1708 καὶ
1153 1655 1248 1708 τοῦ
1289 1651 1494 1726 Κυρίου
1560 1650 1641 1704 ἀεὶ
1711 1669 1938 1724 μνημο-

229 1745 426 1809 νεύειν,
487 1744 578 1800 καὶ
635 1741 943 1817 προσδοκᾷν
1008 1741 1170 1797 αὐτὸν
1229 1738 1319 1796 διὰ
1373 1739 1569 1801 παντὸς
1638 1737 1689 1792 ἐν
1743 1735 1934 1810 πολλῇ

235 1836 536 1908 ἀγαθότητι
583 1833 674 1888 καί
725 1832 931 1908 ἀγάπῃ.
983 1832 1051 1886 Τό
1110 1851 1168 1885 τε
1221 1832 1439 1905 θεωρῶν
1498 1829 1525 1883 6
1585 1829 1782 1895 Κύριος
1837 1829 1937 1896 τὴν

236 1924 504 1994 τοιαύτην
533 1923 699 1979 αὐτοῦ
755 1923 1083 1996 προαίμεσιν
1132 1921 1221 1977 καὶ
1269 1922 1369 1991 τήν
1418 1920 1623 1996 ἀγαθὴν
1675 1916 1940 1988 σπουδὴν,

233 2019 358 2078 πῶς
410 2016 585 2090 βιάζει
650 2013 836 2068 ἑαυτὸν
884 2013 1117 2067 πάντοτε
1163 2011 1239 2073 εἰς
1296 2012 1396 2079 τήν
1469 2012 1694 2084 μνήμην
1754 2009 1942 2078 αὐτοῦ,

231 2107 326 2160 καὶ
385 2105 463 2167 εἰς
520 2105 582 2160 τὸ
639 2103 838 2180 ἀγαθὸν
898 2103 1001 2170 ἀεὶ,
1068 2101 1158 2156 καὶ
1225 2100 1301 2163 είς
1358 2102 1458 2170 τήν
1516 2095 1944 2176 ταπεινοφροσύ-

230 2219 357 2268 νην,
421 2196 510 2248 καὶ
576 2192 862 2268 πραότητα
925 2192 1012 2247 καὶ
1072 2191 1306 2268 ἀγάπηνο
1375 2191 1466 2245 καί
1537 2191 1613 2262 μὴ
1683 2189 1940 2244 θέλουσαν

233 2287 341 2355 τήν
410 2281 638 2359 καρδίαν
694 2280 878 2359 ἄγχει,
937 2280 1028 2338 καὶ
1086 2279 1228 2354 ἄγει,
1286 2281 1388 2351 ὅση
1447 2277 1694 2352 δύναμις,
1755 2277 1940 2332 ἑαυτὸν

235 2376 375 2450 μετᾶ
435 2375 576 2451 βίας,
637 2379 788 2429 ποιεῖ
856 2373 972 2448 μετ’
1038 2375 1202 2428 αυτοῦ
1265 2371 1328 2427 τὸ
1393 2365 1547 2432 ἔλεος
1603 2368 1766 2425 αὐτοῦ
1799 2386 1813 2400 ⁶
1845 2367 1939 2423 καὶ

232 2467 536 2540 λυτροῦται
593 2464 756 2520 αὐτὸν
814 2464 920 2519 ἀπὸ
973 2465 1082 2518 τῶν
1150 2461 1362 2537 ἐχθρῶν
1431 2461 1621 2530 αὐτοῦ,
1685 2459 1772 2514 καὶ
1841 2463 1944 2526 τῆς

231 2556 552 2626 ἒνοικούσης
608 2552 873 2628 ἁμαρτίας
922 2571 937 2622 ;
997 2550 1318 2623 Πνεύματος
1403 2548 1563 2626 ἂγίου
1649 2545 1940 2624 ἐμπιπλῶν

232 2647 422 2714 αὐτὸν,
477 2644 567 2700 καὶ
629 2643 802 2705 οὕτως
877 2640 1072 2698 λοιπὸν
1150 2640 1275 2696 ἄνευ
1345 2641 1466 2714 βίας
1540 2640 1632 2694 καί
1696 2636 1944 2710 καμάτου

234 2737 414 2800 πάσας
477 2739 629 2790 ποιεῖ
693 2733 923 2789 πάντοτε
987 2732 1084 2791 τὰς
1149 2727 1373 2790 ἔντολᾶς
1454 2732 1552 2783 τοῦ
1620 2728 1826 2800 Κυρίου
1894 2725 1944 2797 ἐξ

232 2826 500 2896 ἀληθείας
534 2845 548 2858 ο
587 2821 804 2897 μᾶλλον
865 2820 923 2876 δὶ
981 2821 1010 2875 6
1069 2818 1267 2895 Κύριος
1325 2822 1474 2873 ποιεῖ
1525 2818 1580 2872 ἐν
1638 2816 1786 2886 αύτῷ
1849 2815 1944 2877 τὰς

238 2914 383 2979 τδίας
452 2913 615 2970 αὐτοῦ
680 2911 922 2979 ἐντολὰς,
981 2909 1072 2965 καὶ
1126 2908 1254 2971 τοὺς
1308 2905 1552 2982 καρποὺς
1605 2910 1702 2961 τοῦ
1784 2903 1946 2958 Πνεύ-

240 3025 438 3081 ματος,
497 3002 586 3060 ὅτε
640 3004 981 3076 καρποοορεῖ
1045 3000 1316 3072 καθαρῶς.
1375 2997 1490 3068 Χρή
1573 2993 1631 3050 δὲ
1685 2993 1948 3068 πρότερον

234 3093 613 3170 προσελθόντα
654 3091 775 3148 τινὰ
811 3093 892 3162 τῷ
944 3086 1149 3162 Κυρίῳ,
1191 3085 1363 3146 οὕτως
1411 3085 1616 3158 βιάζειν
1651 3083 1740 3138 καὶ
1786 3083 1945 3139 αὐτὸν

2045 593 2215 646 gnum
2261 581 2510 636 caelorum
2541 583 2603 636 ίτ.
2639 583 2704 637 Et
2761 583 2956 642 illud:
3019 588 3338 648 Contendite
3395 597 3610 654 intrare
3657 617 3756 670 per

2047 678 2335 737 angustam
2375 675 2589 740 portam
2623 670 2686 725 ίδ.
2720 673 2958 744 Semper
2988 684 3181 735 autem
3236 681 3464 740 Domini
3510 687 3754 744 humili-

2047 759 2249 824 tatem,
2284 759 2570 816 rationem
2601 761 2851 833 vivendi,
2889 770 2947 821 et
3002 773 3496 831 conversationem
3547 777 3756 836 habent

2049 861 2161 915 pra
2221 848 2427 915 oculis,
2477 850 2559 905 uti
2619 854 2914 923 exemplar
2959 856 3018 911 in
3079 863 3360 918 memoria
3417 866 3574 921 omni
3635 871 3758 926 sine

2048 934 2355 992 oblivione.
2389 940 2708 994 Contendat
2754 943 2928 998 etiam
2983 953 3266 1016 quantum
3318 951 3492 1009 habet
3541 957 3753 1017 virium

2048 1023 2105 1078 in
2140 1025 2371 1081 assidue
2401 1029 2644 1098 orando,
2677 1047 2973 1103 nusquam
3009 1051 3121 1091 non
3157 1043 3357 1108 petens
3403 1052 3457 1098 et
3491 1049 3755 1118 credens,

2049 1118 2110 1168 ut
2161 1118 2352 1171 veniat
2399 1117 2681 1174 Dominus
2729 1126 2786 1176 et
2842 1123 3130 1180 inhabitet
3188 1128 3247 1182 in
3297 1129 3447 1200 ipso,
3481 1117 3756 1192 instruat-

2047 1221 2160 1275 que
2191 1222 2256 1260 ac
2287 1208 2618 1264 corroboret
2659 1210 2851 1282 ipsum
2885 1213 2944 1268 in
2996 1215 3226 1272 cunctis
3269 1218 3398 1288 ejus
3425 1225 3713 1281 mandatis
3741 1251 3757 1293 ;

2047 1301 2100 1349 et
2132 1299 2194 1349 ut
2223 1296 2349 1365 ejus
2379 1301 2568 1353 anima
2599 1299 2678 1355 sit
2711 1300 3105 1359 habitaculum
3134 1305 3276 1362 Jesu
3308 1308 3544 1366 Christi.
3580 1313 3644 1368 Et
3677 1316 3760 1371 sic

2049 1400 2171 1454 qua;
2222 1403 2377 1442 nunc
2412 1404 2513 1457 per
2560 1390 2676 1444 vim
2745 1395 2801 1446 et
2859 1395 3033 1448 corde
3081 1395 3259 1452 invito
3315 1400 3468 1468 facit,
3501 1404 3760 1460 assuefa-

2047 1474 2203 1529 cient
2235 1475 2428 1544 ipsum
2462 1477 2520 1532 in
2554 1494 2722 1534 omne
2751 1484 2978 1552 tempus
3011 1485 3079 1538 ad
3118 1486 3356 1555 bonum,
3391 1495 3447 1544 et
3498 1493 3566 1546 ad
3601 1511 3759 1550 sem-

2047 1579 2149 1634 per
2180 1565 2366 1619 vivam
2400 1565 2499 1620 Dei
2535 1568 2876 1624 memoriam
2929 1571 3276 1642 habendam,
3309 1583 3367 1632 et
3413 1587 3757 1650 exspectan-

2047 1653 2188 1707 dum
2221 1671 2354 1709 eum
2413 1671 2644 1727 semper
2701 1659 2758 1711 in
2827 1660 3008 1714 multa
3057 1663 3311 1720 bonitate
3340 1671 3397 1721 et
3453 1668 3752 1728 charitate.

2045 1741 2208 1798 Tunc
2239 1745 2620 1800 considerans
2665 1745 2942 1802 Dominus
2972 1748 3086 1805 tale
3136 1751 3323 1822 ipsius
3373 1760 3756 1830 propositum,

1970 1846 2019 1912 Β
2049 1836 2106 1887 et
2136 1832 2349 1888 bonum
2403 1835 2690 1902 studium,
2722 1853 2836 1906 quo
2876 1838 2990 1894 vim
3041 1839 3214 1896 infert
3255 1843 3368 1899 sibi
3410 1846 3635 1916 jugiter
3683 1851 3756 1903 ad

2051 1923 2180 1991 ejus
2210 1923 2654 1990 recordandum,
2680 1930 2736 1980 et
2765 1927 2834 1980 ad
2871 1933 3338 1998 prosequendum
3391 1950 3621 2007 semper
3663 1937 3757 1992 bo-

2051 2027 2230 2078 num;
2305 2012 2562 2084 itemque
2617 2015 2688 2068 ad
2765 2015 3172 2087 humilitatem,
3226 2027 3755 2091 mansuetudinem,

2049 2100 2432 2158 charitatem:
2467 2106 2524 2158 et
2580 2105 2904 2174 quamlibet
2952 2106 3241 2165 reluctans
3290 2127 3390 2167 cor
3436 2116 3657 2186 subigit
3696 2117 3755 2173 in

2048 2193 2193 2258 hac,
2226 2203 2636 2265 promovetque
2684 2201 2969 2266 quantum
3031 2203 3224 2268 potest
3275 2217 3511 2259 summa
3557 2207 3610 2260 vi
3655 2222 3754 2262 se-

2049 2281 2451 2351 ipsum;facit
2495 2299 2627 2338 cum
2679 2283 2806 2353 ipso
2868 2286 3323 2346 misericordiam
3373 2309 3564 2363 suam,
3597 2300 3653 2350 et
3684 2297 3756 2351 li-

2051 2371 2213 2427 berat
2243 2372 2435 2444 ipsum
2470 2373 2543 2427 ab
2572 2372 2830 2431 inimicis
2861 2377 3023 2446 suis;
3066 2385 3123 2434 et
3170 2380 3242 2436 ab
3288 2382 3654 2441 inhabitants
3695 2387 3755 2443 in

2047 2478 2173 2533 ipso
2246 2470 2503 2533 peccato,
2556 2465 2787 2536 replens
2841 2465 3006 2522 illum
3067 2469 3278 2540 Spiritu
3329 2479 3554 2544 sancto,
3586 2478 3756 2546 cujus

2051 2569 2160 2624 ope
2190 2554 2261 2608 de
2291 2559 2496 2608 caetero
2537 2554 2681 2608 citra
2727 2554 2843 2610 vim
2894 2561 2950 2611 et
2998 2555 3252 2613 laborem
3287 2568 3496 2618 cuncta
3549 2563 3608 2619 in
3659 2548 3757 2620 ve-

2053 2644 2221 2698 ritate
2261 2644 2535 2698 mandata
2566 2643 3201 2716 Dominiexsequitur:
3255 2655 3356 2705 aut
3403 2653 3599 2722 potius
3652 2658 3759 2709 Do-

2054 2733 2250 2788 minus
2279 2733 2337 2788 in
2364 2731 2464 2786 illo
2486 2738 2696 2788 cuncta
2727 2734 2930 2805 implet
2961 2737 3192 2807 propria
3225 2741 3500 2796 mandata
3529 2747 3585 2797 et
3634 2743 3760 2799 fru-

2053 2827 2180 2877 ctus
2221 2822 2494 2889 Spiritus,
2529 2823 2764 2892 quando
2822 2824 3136 2880 trucliﬂcat
3168 2843 3328 2898 pure.
3374 2829 3612 2900 Oportet
3653 2849 3767 2888 au-

2051 2916 2168 2967 tem
2228 2911 2388 2981 prius
2447 2911 2813 2966 accedentem
2867 2916 3130 2983 quemvis
3186 2917 3256 2971 ad
3307 2917 3646 2989 Dominum,
3680 2923 3764 2979 sic

2050 3000 2167 3054 vim
2217 3001 2428 3054 inferre
2484 2999 2597 3054 sibi
2631 3001 2886 3067 urgendo
2941 3017 3004 3056 se
3063 3005 3132 3057 ad
3189 3005 3429 3076 bonum,
3473 3009 3530 3064 in
3579 3027 3762 3082 eoque

2011 3151 2016 3154 ,
2057 3089 2374 3160 frangendo
2406 3088 2798 3144 resistentiam
2828 3091 3042 3156 cordis,
3076 3101 3505 3162 exspectantem
3549 3099 3763 3170 ubique

233 3185 316 3247 εἷς
345 3184 408 3239 τὸ
443 3182 661 3258 ἀγαθὸν,
708 3184 800 3236 καί
862 3180 938 3252 μὴ
1006 3174 1278 3246 θελούσης
1307 3177 1405 3242 τῆς
1462 3170 1710 3249 καρδίας,
1769 3194 1937 3272 προσ.

2056 3195 2121 3234 ac
2151 3194 2398 3247 semper,
2443 3177 2556 3232 ﬁde
2605 3194 2776 3233 omne
2816 3179 3057 3234 dubium
3104 3182 3372 3251 pellente,
3425 3187 3762 3245 misericor-

235 3271 484 3329 δοκῶντα
540 3268 630 3326 δια
687 3269 884 3332 παντὸς
941 3267 994 3322 ἐν
1053 3265 1230 3322 πίστει
1288 3262 1596 3337 ἀδιστάκτῳ
1661 3264 1725 3320 τὸ
1782 3258 1939 3325 ἔλεος

232 3363 424 3431 αὐτοῦ,
481 3360 572 3416 καὶ
630 3360 911 3436 βιάζεσθαι
969 3356 1156 3412 ἑαυτὸν
1229 3355 1306 3415 εἷς
1384 3355 1448 3409 τὸ
1505 3352 1791 3427 οἷκτείρειν
1848 3354 1940 3408 καὶ

231 3451 516 3524 ἐλεήμονα
569 3447 718 3527 ἔχειν
776 3444 1022 3523 καρδίαν,
1085 3445 1360 3519 βιάζεσθαι
1423 3443 1498 3505 είς
1554 3443 1617 3498 τὸ
1668 3463 1943 3521 καταφρο-

236 3543 472 3609 νεῖσθαι,
558 3539 636 3600 εἰς
725 3538 790 3593 τὸ
885 3537 1277 3610 μακροθυμεῖν,
1372 3531 1835 3605 ἐξουθενούμενον,
1902 3531 1939 3600 ἢ

236 3629 639 3705 ἀτιμαζόμενον
703 3629 782 3702 μή
849 3627 1162 3702 ἀγανακτεῖν
1188 3643 1201 3657 ·
1280 3623 1418 3678 κατὰ
1492 3623 1554 3678 τὸ
1594 3620 1882 3696 εἰρημένον
1923 3641 1938 3655 θ

237 3726 331 3792 Μὴ
401 3719 628 3782 ἑαυτοὺς
700 3715 1034 3778 ἐκδικοῦντες
1066 3758 1080 3785 ,
1145 3712 1422 3789 ἀγαπητοί
1457 3729 1472 3745 ⁸
1540 3712 1814 3788 βιάζεσθαί
1885 3731 1944 3767 τε

239 3812 430 3869 ἑαυτὸν
462 3810 541 3872 εἷς
587 3815 688 3878 τήν
734 3808 930 3887 εὐχὴν,
994 3807 1164 3879 μήπω
1208 3801 1410 3880 ἔχοντα
1468 3800 1639 3881 εὒχὴν
1691 3802 1944 3874 Πνεύμα-

234 3923 354 3966 τος.
416 3900 522 3958 Καὶ
572 3898 743 3961 οὕτως
793 3899 820 3952 6
869 3898 1000 3959 Θεὸς
1041 3897 1261 3970 θεωρῶν
1306 3896 1401 3949 τὸν
1448 3892 1622 3953 οὕτως
1672 3891 1940 3967 ἀγωνιζό-

239 4013 428 4066 μενον,
459 3989 548 4046 καὶ
601 3988 694 4064 βίᾳ
733 3989 922 4044 ὶαυτὸν
969 3986 1168 4061 ἄγοντα
1214 3984 1290 4045 είς
1338 3983 1400 4037 τὸ
1451 3983 1679 4056 ἀγαθὸν,
1720 3981 1808 4034 καὶ
1863 3980 1938 4051 μή

234 4082 506 4152 θελούσης
551 4087 653 4150 τῆς
699 4075 925 4154 καρδίας
987 4076 1209 4133 δίδωσιν
1269 4075 1438 4150 εύχήν
1497 4073 1770 4142 ἀληθινὴν
1817 4074 1944 4143 Χρι·

236 4175 389 4241 στοῦ,
438 4169 630 4228 δίδωσι
675 4169 972 4244 σπλάγχνα
1021 4167 1351 4242 οῗκτιρμῶν,
1399 4166 1758 4241 χρηστότητα
1801 4162 1940 4228 ἀληο

236 4265 411 4331 θεν-ἠν,
473 4259 561 4316 καὶ
619 4256 950 4332 ἁπαξαπλῶς
1004 4263 1164 4332 τηρεῖ
1217 4256 1366 4328 αύτῷ
1423 4257 1514 4310 τὸν
1585 4254 1790 4326 καρπὸν
1845 4254 1942 4305 τοῦ

235 4351 573 4424 Πνεύματός.
608 4349 668 4405 Εἰ
721 4346 778 4404 δέ
823 4369 906 4411 τις
977 4348 1144 4421 μόνον
1194 4348 1270 4406 εἰς
1328 4346 1426 4412 τήν
1473 4342 1645 4419 εὒχήν
1697 4342 1939 4416 βιάζεται

236 4442 451 4510 ἑαυτὸν,
487 4441 563 4513 μή
595 4436 739 4514 ἔχων
778 4438 973 4514 εὐχὴν,
1027 4434 1118 4491 *ίνα
1166 4440 1278 4511 σχῇ
1332 4435 1501 4508 εὐχὴν
1554 4433 1801 4509 χάριτος,
1851 4431 1940 4486 καὶ

240 4531 317 4594 εἶς
377 4531 478 4598 τήν
546 4526 1069 4604 ταπεινοφροσύνην,
1126 4525 1216 4579 καὶ
1260 4523 1475 4599 ἀγάπην
1526 4524 1614 4578 καὶ
1665 4523 1759 4583 τὰς
1810 4519 1940 4575 λοι-

237 4622 346 4683 πὰς
404 4617 630 4680 ἐντολὰς
676 4622 774 4674 τοῦ
824 4616 1023 4692 Κυρίου
1079 4616 1287 4686 ἑαυτὸν,
1338 4615 1398 4669 οὐ
1451 4615 1718 4689 βιάζεται,
1773 4611 1945 4667 ἐνίοτε

240 4709 454 4766 δίδοται
514 4710 664 4780 αὖτῷ
721 4707 858 4782 εὐχὴ
927 4708 1176 4782 χάριτος,
1227 4704 1317 4760 καὶ
1386 4703 1436 4759 ἐν
1499 4705 1789 4758 ἀναπαύσει
1854 4701 1942 4755 καὶ

239 4799 543 4875 εὐφροσύνῃ
601 4802 837 4874 μερικῶς
885 4797 1024 4852 κατᾶ
1088 4797 1150 4851 τὸ
1207 4795 1416 4867 αἴτημα
1473 4790 1662 4865 αὺτοῦ,
1714 4798 1832 4854 τοῖς
1889 4787 1946 4844 δὲ

237 4874 468 4964 τρόποις
503 4888 696 4963 ὅμοιός
728 4889 869 4944 ἐστιν
900 4887 946 4959 ᾧ
975 4885 1043 4956 ἦν
1080 4884 1345 4960 πρότερον
1396 4885 1619 4956 ὅμοιος.
1673 4881 1786 4938 Οὗκ
1827 4874 1948 4956 ἔχει

239 4981 345 5056 γὰρ
401 4980 710 5053 πραότητα,
771 4976 853 5032 δτι
917 4976 1017 5031 οὐκ
1080 4974 1342 5045 ἐζήτησεν
1403 4971 1680 5046 ἐμπόνως,
1726 4971 1816 5026 καὶ
1885 4969 1947 5024 ού

241 5067 678 5142 προηυτρέπισεν
736 5067 923 5122 ἑαυτὸν
983 5065 1127 5121 οὕτω
1184 5063 1451 5139 γενέσθαι.
1511 5063 1627 5121 Ούκ
1683 5056 1802 5136 ἔχει
1851 5080 1954 5114 τα·-

244 5157 696 5236 πεινοφροσύνην,
754 5153 941 5224 ἐπειδὴ
1005 5154 1102 5210 οὐκ
1157 5152 1352 5230 ᾔτησε,
1413 5153 1503 5208 καὶ
1559 5152 1743 5207 ἑαυτὸν
1802 5145 1954 5204 ίϐιάυ

248 5269 378 5304 σατο
412 5247 488 5310 είς
529 5251 696 5303 τοῦτο
750 5264 763 5280 ·
799 5243 898 5302 οὒκ
951 5240 1070 5324 ἔχει
1129 5243 1340 5321 ἂγάπην
1369 5243 1504 5317 πρὸς
1560 5242 1783 5307 πάντας,
1840 5237 1955 5294 ἐπεὶ

246 5341 372 5416 περῖ
422 5338 619 5397 τούτου
683 5335 948 5413 μέριμναν
1005 5337 1096 5393 καὶ
1155 5333 1342 5411 ἄγῶνα
1400 5333 1498 5390 οὐκ
1554 5329 1711 5406 ἔσχεν
1771 5328 1824 5384 ἐν
1889 5329 1958 5399 τῇ

246 5430 464 5499 αἰτήσει
506 5435 609 5498 τῆς
655 5433 973 5502 προσευχῆς
1010 5443 1024 5458 ⁸
1083 5427 1194 5501 χρὴ
1244 5423 1350 5501 γὰρ
1380 5419 1624 5488 ἕκαστον,
1673 5417 1856 5492 ὥσπερ
1885 5417 1962 5478 εἰς

244 5521 346 5591 τὴν
379 5519 553 5595 εὐχήν
591 5521 834 5596 βιάζεται
867 5519 1056 5576 ἑαυτὸν
1105 5515 1194 5573 καὶ
1226 5513 1411 5594 ἄγχει,
1449 5511 1539 5570 καὶ
1585 5511 1662 5586 μὴ
1695 5506 1962 5578 θελούσης

322 5706 368 5743 ’⁷
414 5704 628 5764 Matth.
659 5721 739 5773 xi,
773 5703 860 5760 12.
895 5701 938 5740 ι’
969 5700 1107 5759 Luc.
1139 5715 1263 5771 xm,
1292 5698 1382 5753 24.
1416 5695 1463 5734 ¹⁹
1492 5695 1634 5752 Rom
1665 5709 1764 5750 xu.
1799 5691 1887 5747 19.

2051 3271 2203 3323 diam
2239 3268 2367 3337 ejus
2401 3283 2414 3322 :
2467 3283 2670 3340 cogere
2710 3285 2940 3340 quoque
2981 3271 3233 3340 seipsum
3279 3274 3348 3328 ad
3398 3275 3761 3334 miserandos

2048 3357 2214 3420 alios.
2251 3372 2463 3427 corque
2520 3359 2576 3412 in
2635 3373 2836 3412 omnes
2881 3369 3112 3430 egentes
3169 3361 3489 3417 beneficum
3540 3364 3760 3422 haben-

2049 3447 2224 3512 dum;
2283 3445 2417 3500 item
2479 3446 2551 3500 ad
2625 3446 3038 3517 longanimiter
3093 3449 3460 3506 tolerandum
3533 3455 3763 3523 quidvis

2049 3536 2284 3597 durum.
2317 3541 2375 3592 et
2404 3536 2476 3591 ad
2510 3553 2622 3592 non
2654 3537 3085 3608 indignandum
3120 3556 3222 3595 nec
3255 3557 3404 3612 agre
3437 3544 3760 3614 ferendum,

2052 3627 2287 3697 quando
2315 3623 2694 3696 vilipenditur
2742 3631 2800 3679 et
2850 3626 3282 3695 contemnitur;
3328 3631 3494 3697 juxta
3539 3632 3760 3689 dictum

2049 3714 2243 3770 illud:
2319 3715 2438 3770 Non
2517 3716 2867 3783 vosmetipsos
2921 3715 3281 3784 defendentes,
3316 3719 3628 3777 charissimt'
3699 3725 3761 3780 ".

2050 3803 2178 3858 Vim
2230 3803 2400 3860 etiam
2465 3803 2572 3857 sibi
2626 3804 2810 3858 facere
2868 3804 2938 3857 ad
2993 3809 3296 3871 orandum.
3339 3811 3572 3879 quando
3621 3827 3763 3867 non-

2051 3895 2193 3948 dum
2261 3892 2483 3962 accepit
2532 3891 2747 3946 donum
2795 3892 2994 3945 orandi
3055 3909 3156 3963 per
3195 3894 3502 3964 Spiritum.
3556 3899 3764 3955 Videns

2049 3985 2201 4041 enim
2235 3983 2390 4038 Deus
2421 3983 2505 4036 sic
2535 3982 2980 4037 contendentem
3033 4000 3279 4056 seseque
3311 3987 3760 4057 compellentem

2050 4075 2119 4128 ad
2155 4074 2394 4137 bonum,
2430 4070 2610 4125 invito
2659 4071 2834 4126 etiam
2887 4073 3081 4140 corde,
3129 4072 3226 4128 dat
3279 4074 3365 4131 illi
3434 4077 3754 4134 orationem

2049 4161 2262 4221 Christi
2294 4177 2515 4226 veram,
2548 4162 2648 4215 dat
2693 4160 2915 4216 viscera
2966 4162 3399 4231 misericordia,
3436 4167 3762 4239 benignita-

2047 4259 2162 4310 tem
2194 4267 2434 4306 veram:
2479 4266 2595 4304 uno
2654 4253 2848 4317 verbo,
2883 4253 3105 4320 seponit
3154 4258 3211 4307 et
3260 4255 3485 4310 confert
3534 4256 3616 4311 illi
3677 4267 3762 4312 to-

2047 4351 2172 4400 tum
2207 4342 2458 4396 fructum
2493 4339 2764 4410 Spiritus.
2792 4339 2952 4403 Quod
2987 4341 3032 4395 si
3077 4341 3207 4411 quis
3255 4343 3609 4414 desiderans,
3651 4362 3760 4418 quo

2049 4436 2225 4496 caret,
2276 4428 2556 4485 orationis
2604 4429 2845 4496 donum,
2888 4434 2951 4484 ut
3023 4429 3165 4484 illud
3219 4431 3508 4504 impetret,
3571 4437 3759 4492 solum

2050 4521 2164 4578 sibi
2194 4522 2262 4576 ad
2297 4519 2581 4574 orandum
2625 4519 2738 4572 vim
2778 4519 2938 4583 facit,
2974 4535 3088 4574 non
3136 4520 3274 4575 item
3339 4523 3407 4578 ad
3461 4523 3764 4583 humiliter

2055 4611 2430 4670 sentiendum
2465 4611 2535 4664 de
2586 4624 2669 4676 se,
2705 4625 2817 4664 non
2849 4611 2916 4663 ad
2969 4612 3347 4667 exercendam
3397 4615 3760 4680 charitatem.

2058 4709 2157 4758 aut
2191 4702 2260 4756 ad
2296 4699 2570 4754 mandata
2612 4697 2843 4753 Domini
2892 4705 3095 4753 cetera
3143 4700 3435 4769 implenda
3495 4704 3607 4756 sibi
3645 4704 3762 4758 vim

2052 4793 2212 4861 facit,
2241 4790 2534 4859 continget
2560 4788 2854 4843 interdum
2891 4789 3014 4842 dari
3044 4787 3182 4842 huic
3213 4790 3493 4844 orationis
3521 4792 3763 4859 donum,

2052 4883 2230 4940 etiam
2263 4896 2394 4936 cum
2427 4878 2616 4951 quiete
2645 4884 2703 4932 et
2752 4877 2948 4932 laetitia
2998 4892 3067 4932 ex
3116 4883 3300 4947 parte,
3353 4885 3522 4949 prout
3573 4888 3767 4950 postu-

2057 4973 2231 5039 lavit;
2268 4970 2531 5026 moribus
2588 4972 2784 5022 autem
2821 4965 3035 5022 similis
3078 4972 3167 5020 est
3197 4967 3272 5033 ei,
3304 4968 3394 5022 cui
3449 4970 3606 5040 prius
3643 4976 3768 5026 erat

2058 5060 2307 5126 similis;
2352 5075 2466 5112 non
2516 5056 2671 5111 enim
2724 5055 2901 5110 habet
2947 5055 3480 5124 mansuetudinem,
3518 5075 3618 5128 pro
3650 5075 3769 5128 qua

2060 5147 2438 5218 adipiscenda
2498 5161 2608 5199 non
2665 5143 2992 5209 laboravit;
3027 5147 3084 5197 et
3142 5144 3211 5196 ad
3272 5159 3442 5214 quam
3495 5162 3618 5200 sese
3651 5161 3766 5200 non

2062 5237 2374 5309 disposuit.
2425 5233 2552 5289 Non
2604 5232 2774 5288 habet
2821 5231 3236 5300 humilitatem,
3293 5232 3565 5300 quoniam
3639 5250 3769 5290 eam

2063 5343 2169 5385 nec
2202 5323 2386 5394 petiit,
2420 5339 2525 5379 nec
2573 5323 2684 5378 sibi
2735 5322 2804 5376 ad
2857 5337 2982 5375 eam
3031 5321 3404 5376 exercendam
3457 5325 3571 5379 vim
3611 5324 3774 5380 adbi-

2065 5417 2214 5473 buit.
2253 5414 2408 5470 I08
2446 5414 2564 5469 Non
2598 5413 2770 5468 habet
2801 5411 3142 5466 charitatem
3183 5410 3253 5464 ad
3287 5428 3509 5479 omnes,
3544 5418 3773 5486 quando

2067 5505 2141 5562 de
2170 5504 2280 5560 hac
2309 5517 2438 5560 esse
2486 5499 2793 5571 sollicitus,
2833 5515 2936 5571 pro
2983 5512 3164 5569 eaque
3206 5503 3576 5572 contendere,
3607 5504 3774 5578 ﬂagi-
