4116 6210
330 383 450 440 839

1674 372 1739 429 S.
1786 366 2111 429 MACABII
2155 368 2493 429 JEGYPTII

3725 368 3854 427 840

328 520 456 567 tans
485 510 547 565 in
579 509 837 565 oratione
869 507 981 563 sibi
1022 506 1283 571 concedi,
1316 503 1456 559 tanti
1489 519 1602 559 non
1637 503 1817 557 duxit.
1848 502 2020 570 Opor-

2146 520 2233 569 της
2263 497 2486 574 καρδίας
2515 519 2528 533 ’
2562 500 2735 562 οὕτως
2774 501 2850 563 εἰς
2883 504 2981 570 τὴν
3014 502 3248 575 ἀγάπην,
3292 500 3366 563 εἰς
3395 500 3496 568 τήν
3530 498 3846 570 πραότητα,

325 605 408 655 tet
438 600 593 654 enim
628 613 1130 668 unumquemque,
1165 595 1317 649 sicut
1346 594 1414 647 ad
1451 592 1768 649 orationem
1803 607 1861 645 se
1892 606 2031 643 con-

325 690 507 761 pellit,
539 694 594 743 et
638 704 739 759 per
800 687 913 741 vim
958 691 1159 755 urget;
1208 684 1426 738 frustra
1496 680 1813 734 reluctante
1860 678 2030 732 corde

321 779 401 833 ita
448 796 510 833 se
543 779 758 849 pariter
789 776 847 829 in
891 775 1257 839 charitatem,
1291 772 1352 827 in
1400 769 1931 833 mansuetudinem,
1965 767 2023 821 in

324 884 552 923 omnem
620 865 955 937 patientiam
1005 869 1062 919 et
1111 860 1635 933 longanimitatem,
1682 874 1814 913 cum
1879 874 2024 927 gau-

324 958 440 1021 dio,
473 957 794 1011 secundum
839 955 993 1024 quod
1034 953 1315 1021 scriptum
1350 955 1460 1015 est,
1495 954 1697 1020 urgeat
1722 949 2021 1017 seipsum;

322 1045 580 1116 itemque
630 1046 701 1099 ad
756 1044 992 1097 ferenda
1033 1042 1275 1095 libenter
1318 1039 1620 1110 opprobia,
1670 1043 1727 1092 et
1778 1038 2028 1106 peiorem

322 1150 384 1188 se
416 1133 665 1197 cunctis,
726 1131 1112 1201 infimumque
1169 1128 1438 1181 omnium
1511 1130 1879 1197 reputantum
1919 1140 1931 1175 :
1965 1124 2033 1177 ad

324 1238 438 1277 non
475 1221 877 1291 proferendum
930 1220 991 1273 in
1036 1218 1497 1281 conversatione,
1526 1216 1678 1285 quod
1732 1213 1871 1267 utile
1918 1228 2032 1267 non

322 1317 427 1379 est,
468 1313 562 1366 sed
595 1313 663 1366 ad
707 1310 1039 1365 meditenda
1091 1310 1260 1363 corde
1310 1322 1564 1377 semper,
1595 1312 1653 1361 et
1697 1320 1794 1358 ore
1841 1319 2036 1357 enun-

322 1398 524 1455 tianda
571 1398 803 1467 eloquia
859 1396 1107 1452 Domini.
1137 1395 1421 1449 Similiter
1473 1395 1543 1448 ad
1606 1410 1719 1447 non
1781 1393 2036 1447 irascen-

323 1491 482 1556 dum,
508 1491 678 1558 juxta
708 1488 858 1557 quod
906 1488 1124 1542 dictum
1168 1491 1256 1542 est
1291 1503 1303 1539 :
1338 1485 1497 1540 Omni
1553 1483 1950 1549 amaritudino,
1982 1488 2033 1536 et

323 1579 431 1645 ira,
492 1584 547 1632 et
593 1578 823 1644 clamor,
874 1575 1111 1631 tollatur
1156 1592 1189 1629 a
1259 1574 1427 1637 vobis.
1487 1590 1611 1629 cum
1659 1574 1809 1627 omni
1864 1573 2036 1625 mali-

323 1667 499 1724 tia".
562 1667 633 1722 Ut
690 1667 769 1721 sic
828 1666 1111 1720 Dominus
1168 1666 1291 1719 viso
1338 1665 1465 1733 ejus
1524 1664 1736 1730 studio,
1770 1662 1866 1715 det
1924 1659 2034 1730 ipsi

326 1760 446 1815 haec
491 1763 701 1814 cuncta
756 1758 946 1812 facilia
993 1758 1137 1811 citra
1179 1756 1433 1811 laborem
1484 1760 1541 1809 et
1594 1754 1726 1819 vim,
1761 1770 1885 1823 quae
1938 1769 2036 1805 an-

324 1857 415 1906 tea
470 1848 754 1903 laborioso
814 1852 1021 1901 conatu
1101 1850 1294 1900 tenere
1352 1844 1445 1898 vix
1508 1848 1747 1915 poterat,
1801 1847 2037 1913 propter

323 1938 657 1993 inhabitans
716 1938 773 1991 in
836 1952 902 1991 eo
955 1940 1299 2006 peccatum:
1361 1934 1439 1989 ita
1471 1939 1535 1988 ut
1573 1932 1685 2002 ipsi
1733 1932 1858 2002 jam
1894 1932 2037 1984 (iant

325 2028 438 2082 illa:
480 2042 684 2081 omnes
727 2024 955 2080 virtutis
1004 2024 1445 2079 exercitationes
1490 2020 1655 2093 quasi
1695 2028 1921 2075 natura.
1958 2019 2038 2073 De

2137 589 2225 643 καὶ
2259 589 2333 652 εἰς
2363 595 2532 644 πᾶσαν
2585 592 2865 663 ὑπομονὴν
2907 592 2995 645 καί
3050 590 3417 665 μακροθυμία,
3473 588 3612 662 μετά
3642 594 3849 663 χαρᾶς,

2139 680 2275 732 κατά
2328 679 2390 732 τὸ
2442 681 2821 754 γεγραμμένον
2855 679 3031 735 ὀὕτω
3082 681 3358 752 βιάζεσθαι
3408 678 3596 733 ἑαυτὸν
3650 680 3729 739 εἷς
3778 678 3845 731 τὸ

2137 767 2545 839 ἐξουθενεῖσθαι,
2615 771 2703 822 καί
2763 771 2936 847 χείρω
2992 770 3082 824 καί
3144 765 3371 844 ἔσχατον
3431 768 3622 823 ἑαυτὸν
3679 766 3849 843 λογί-

2144 859 2320 926 ζεσθαι
2379 859 2620 925 πάντων,
2670 859 2743 919 ὡς
2775 860 2835 913 τὸ
2884 860 2959 931 μή
3006 860 3063 913 ὃν
3099 861 3403 933 χρήσιμον,
3462 859 3538 931 μή
3572 855 3793 929 ὁμιλεῖν
3834 899 3849 912 .

2142 944 2286 1000 ἀλλὰ
2339 946 2405 1000 τά
2452 953 2551 1002 τοῦ
2604 949 2805 1021 Κυρίου
2857 947 3085 1020 μελετᾷν
3145 948 3227 1003 ἀεὶ
3288 948 3449 1022 λόγια
3496 948 3587 1001 καί
3653 944 3852 1000 λαλεῖν

2142 1038 2370 1108 στόματι
2428 1038 2513 1091 καί
2591 1035 2785 1112 καρδίᾳ
2835 1037 3058 1101 ὀὕτως
3124 1038 3199 1099 εἰς
3266 1039 3328 1092 τὸ
3393 1040 3467 1109 μὴ
3541 1039 3850 1109 θυμοῦσθαι

2143 1125 2278 1178 κατὰ
2348 1126 2410 1179 τὸ
2476 1124 2782 1199 εἰρημένων
2826 1145 2839 1158 ·
2879 1132 3026 1180 Πᾶσα
3092 1126 3301 1198 πικρία,
3368 1126 3459 1180 καὶ
3523 1125 3684 1200 ὀργὴ,
3755 1124 3855 1176 καὶ

2142 1215 2352 1286 κραυγή
2424 1213 2643 1287 ἀρθήτω
2706 1215 2795 1285 ἀφ’
2863 1214 3037 1286 ὑμῶν,
3106 1215 3198 1268 σὺν
3265 1214 3410 1278 πάσα
3472 1214 3636 1283 κακίᾳ
3678 1215 3855 1270 ,Ἵνα

2145 1301 2316 1365 οὕτως
2364 1303 2391 1356 ὁ
2454 1302 2650 1377 Κύριος
2720 1300 2848 1358 ἰδὼν
2919 1303 3085 1358 αὐτοῦ
3152 1304 3249 1371 τήν
3315 1302 3628 1377 προαίρεσιν
3692 1299 3849 1374 δώσῃ

2146 1392 2289 1461 αὐτῴ
2354 1392 2521 1446 ταῦτα
2585 1392 2753 1446 πάντα
2836 1392 3055 1454 ἀκόπως
3140 1393 3228 1447 καὶ
3316 1392 3619 1458 ἀθιάστως,
3710 1392 3851 1462 ἅπερ

2143 1480 2271 1554 πρὶν
2304 1480 2446 1535 οὕτω
2482 1482 2614 1553 μετὰ
2650 1482 2773 1555 βίασ
2811 1480 3044 1559 φυλάξαι
3073 1479 3329 1551 ἡδύνατο,
3378 1479 3464 1535 διὰ
3510 1482 3609 1549 τήν
3660 1480 3853 1533 οἰκοῦ-

2145 1590 2238 1623 σαν
2306 1568 2357 1623 ἒν
2425 1569 2575 1641 αὐτῷ
2641 1571 2949 1643 ἁμαρτίαν⁶
3016 1571 3107 1625 καὶ
3171 1571 3373 1643 γίνεται
3456 1569 3606 1640 αὐτῷ
3677 1573 3853 1623 ταύτα

2144 1659 2318 1713 πάντα
2381 1662 2477 1727 τῆς
2554 1660 2750 1733 ἀρετῆς
2811 1657 3217 1732 ἐπιτηδεύματα
3274 1658 3455 1732 ὥσπερ
3523 1659 3722 1738 φύσις·
3784 1661 3851 1713 τὸ

2149 1748 2343 1803 λοιπὸν
2390 1749 2491 1823 γὰρ
2540 1749 2715 1804 ὶλθὼν
2758 1750 2784 1803 ὁ
2835 1751 3049 1825 Κύριος,
3101 1749 3272 1805 ἐλθὼν
3323 1750 3413 1804 καὶ
3454 1751 3746 1823 γενόμενος
3797 1749 3852 1803 ἐν

2148 1837 2315 1909 αὐτῷ,
2368 1840 2454 1893 καὶ
2515 1838 2677 1901 αὐτὸς
2735 1844 2884 1893 ποιεῖ
2941 1839 2991 1894 ἐν
3052 1839 3199 1911 αὐτῷ
3252 1840 3349 1901 τάς
3418 1838 3554 1900 ἰδίας
3625 1836 3854 1900 ἐντολάς

2147 1929 2268 1981 ἄνευ
2333 1928 2620 1999 καμάτου,
2686 1928 2916 2001 πληρῶν
2982 1928 3143 1984 αὐτὸν
3226 1933 3344 1989 τοῖς

2152 2016 2490 2088 Πνεύματος.

3434 1933 3667 2003 καρποῖς
3749 1932 3853 1981 τοῦ

324 2122 528 2173 caetero
588 2117 742 2170 enim
799 2114 1075 2169 Dominus
1134 2114 1193 2167 in
1225 2128 1358 2168 eum
1422 2112 1760 2176 adveniens,
1794 2114 1851 2165 et
1907 2110 1965 2162 in
1994 2109 2121 2179 ipso
2182 2124 2549 2179 permanens,
2583 2110 2662 2163 uti
2722 2115 2778 2165 et
2834 2110 3042 2179 ipsein
3090 2127 3178 2176 co,
3230 2109 3571 2181 exsequitur
3625 2109 3682 2163 in
3716 2109 3853 2180 ipso

328 2226 435 2263 sua
464 2208 651 2278 ipsius
685 2207 981 2270 mandata,
1018 2207 1140 2260 sine
1173 2204 1437 2259 molestia
1468 2204 1597 2274 ejus
1630 2202 1751 2257 ulla
1779 2218 1793 2267 ;
1828 2200 2060 2271 replens
2085 2200 2281 2270 ipsum
2315 2201 2603 2256 fructibus
2626 2201 2898 2271 Spiritus.

394 2296 538 2351 XIV.
575 2298 630 2351 Si
661 2313 793 2352 vero
842 2295 1135 2366 quispiam
1183 2297 1253 2348 ad
1305 2295 1627 2349 orationem
1677 2291 2034 2346 fundendam

323 2387 432 2441 sibi
484 2387 598 2441 vim
647 2387 842 2453 infert,
880 2385 1059 2439 donec
1110 2383 1361 2452 aliquam
1400 2383 1639 2454 gratiam
1675 2399 1707 2435 a
1754 2380 1869 2435 Deo
1916 2380 2030 2435 im-

326 2482 532 2547 petret,
563 2477 622 2530 in
664 2476 785 2530 haec
820 2481 1033 2540 autem,
1068 2474 1290 2528 scilicet
1339 2473 1741 2538 humilitatem,
1774 2473 2032 2526 charita-

325 2574 463 2631 tem,
534 2563 1069 2626 mansuetudinem,
1124 2568 1179 2616 et
1253 2561 1506 2628 reliquas
1588 2560 1821 2615 virtutes
1909 2560 2029 2627 pari

323 2657 528 2705 conatu
590 2667 703 2705 non
768 2649 1073 2714 incumbit,
1131 2648 1240 2702 sibi
1300 2649 1371 2701 ad
1431 2663 1527 2701 eas
1586 2648 1699 2700 vim
1752 2648 2030 2715 inferens,

326 2754 749 2809 nonnunquam
784 2738 896 2808 ipsi
944 2754 1007 2793 se
1037 2737 1301 2808 indulget
1348 2736 1543 2792 divina
1582 2737 1764 2807 gratia
1817 2738 2033 2807 petenti

325 2838 377 2882 ct
410 2827 631 2893 oranti;
667 2829 852 2881 bonus
892 2827 1106 2896 quippe
1153 2837 1203 2881 et
1260 2826 1514 2880 clemens
1560 2826 1709 2881 Deus
1756 2831 1863 2891 est,
1898 2841 2029 2894 pro-

325 2933 553 2989 nusque
584 2917 656 2972 ad
697 2917 1138 2971 concedendum
1189 2916 1589 2986 ﬂagitantibus
1620 2932 1742 2985 quae
1789 2915 2027 2987 volunt;

323 3006 417 3075 qui
476 3012 670 3061 tamen
734 3005 864 3060 talis
940 3022 1054 3061 non
1113 3006 1454 3077 praeparavit
1520 3006 1797 3077 seipsum,
1844 3020 2031 3076 neque

326 3096 636 3151 assuefecit
666 3095 737 3150 ad
788 3094 949 3166 prius
1003 3100 1391 3150 memorantes
1422 3096 1684 3160 virtutes,
1718 3101 1820 3149 aut
1845 3094 2032 3165 perdit

323 3184 591 3257 gratiam,
623 3189 723 3239 aut
782 3183 991 3254 accipit
1042 3189 1099 3239 et
1155 3184 1327 3253 cadit,
1361 3188 1463 3237 aut
1516 3199 1627 3237 non
1688 3184 1935 3253 proficit,
1971 3182 2029 3236 in

323 3275 651 3345 superbiam
680 3273 908 3341 elatus;
983 3273 1257 3342 quoniam
1310 3272 1599 3326 mandatis
1642 3272 1883 3327 Domini
1934 3289 2029 3328 se~

326 3364 516 3431 ipsum
550 3379 618 3417 ex
669 3361 964 3431 proposito
1015 3378 1129 3415 non
1171 3361 1348 3415 tradit
1396 3367 1597 3416 totum.
1648 3361 1792 3415 Nam
1839 3363 2033 3416 domi-

326 3452 522 3505 cilium
573 3455 630 3503 et
688 3449 919 3518 requies
975 3449 1231 3517 Spiritus
1281 3448 1582 3503 humilitas
1630 3455 1741 3515 est,
1773 3450 2030 3506 charitas

322 3545 410 3592 est
470 3538 850 3591 mansuetudo
902 3542 1012 3602 est,
1072 3546 1288 3591 caeteris
1355 3538 1701 3608 praescripta:
1760 3557 1793 3593 a
1832 3539 2031 3594 Domi-

324 3644 396 3681 no
457 3627 724 3681 virtutes.
763 3626 984 3680 Debent
1041 3626 1219 3697 igitur
1260 3627 1359 3697 qui
1422 3627 1624 3681 volunt
1678 3628 1737 3681 in
1796 3636 2032 3685 veritate

324 3716 548 3787 placere
586 3717 694 3770 Deo
724 3720 782 3769 et
812 3715 1071 3783 accipere
1114 3717 1185 3769 ab
1247 3716 1371 3785 ipso
1423 3717 1709 3772 cmlestem
1761 3719 2027 3789 gratiam,

327 3821 699 3873 crcscereque
749 3821 813 3859 ac
865 3822 926 3859 se
978 3805 1250 3874 perlicere
1286 3806 1344 3860 in
1387 3816 1584 3860 sancto
1636 3808 1877 3878 Spiritu,
1913 3809 2031 3880 pri-

328 3913 489 3952 mum
522 3911 726 3965 cogere
775 3896 999 3965 seipsos
1049 3896 1118 3950 ad
1173 3897 1491 3951 exercenda
1522 3899 1713 3953 ofﬁcia
1765 3901 2028 3954 omnium

324 3987 627 4049 virtutum,
664 3982 1038 4054 quantumvis
1098 3988 1417 4040 reluctante
1481 3987 1695 4055 animo,
1734 3988 1885 4043 sicut
1940 3990 2030 4043 di-

324 4081 480 4129 ctum
510 4083 644 4129 est:
702 4075 995 4142 Promerea
1060 4074 1127 4127 ad
1186 4078 1369 4128 omnia
1425 4076 1687 4130 mandata
1744 4086 1838 4131 tua
1884 4078 2029 4132 diri-

327 4166 492 4233 gebur
522 4165 587 4216 ".
624 4162 713 4217 Uti
748 4162 899 4216 enim
934 4163 1148 4232 aliquis
1183 4164 1250 4216 ad
1291 4168 1778 4234 perseverandum
1815 4168 1867 4221 in
1899 4185 2022 4223 ora—

329 4254 480 4306 tione
512 4251 619 4305 sibi
655 4251 766 4304 vim
801 4251 971 4303 infert
1023 4268 1262 4321 seseque
1295 4254 1462 4323 cogil,
1499 4271 1684 4325 usque
1710 4257 1845 4309 dum
1881 4262 2029 4310 recte

328 4337 430 4392 hos
460 4354 699 4391 munere
734 4340 1044 4406 fungatur;
1081 4340 1157 4391 ita
1189 4340 1357 4393 debet
1411 4358 1472 4395 se
1504 4342 1718 4412 pariter
1765 4344 1836 4397 ad
1886 4361 2029 4397 cun-

325 4432 414 4480 cta
450 4425 675 4480 virtutis
716 4425 907 4479 officia
955 4428 1321 4497 compellere,
1356 4431 1615 4499 urgendo
1646 4436 1702 4485 et
1749 4434 2028 4502 cogendo,

2063 3146 2111 3209 C

2219 2294 2315 2343 Μ’.
2366 2287 2429 2345 Εἰ
2472 2285 2528 2341 δέ
2578 2308 2661 2351 τις
2707 2288 2783 2351 εἰς
2839 2288 3008 2362 εὐχὴν
3065 2291 3307 2363 βιάζεται
3368 2290 3577 2351 ἑαυτὸν.
3627 2286 3732 2350 ’ἕως
3782 2287 3850 2342 οὐ

2145 2372 2287 2451 λάϐῃ
2317 2400 2367 2432 τι
2415 2380 2661 2454 χάρισμα
2701 2381 2847 2455 παρά
2892 2386 2990 2435 τοῦ
3038 2385 3194 2447 Θεοῦ,
3226 2382 3302 2444 εἰς
3349 2386 3517 2436 ταῦτα
3565 2379 3621 2435 δὲ
3669 2380 3846 2453 ἤγουν

2143 2467 2218 2527 εἰς
2274 2470 2793 2547 ταπεινοφροσύνην,
2846 2468 2922 2531 εἰς
2977 2471 3211 2544 ἀγάπην,
3277 2471 3353 2532 εἰς
3400 2472 3706 2544 πραότητα,
3748 2472 3846 2523 καὶ

2142 2555 2219 2616 εἷς
2246 2557 2339 2616 τας
2366 2556 2564 2617 λοιπὰς
2595 2558 2807 2632 ἀρετὰς,
2840 2558 3048 2630 ὁμοίως
3082 2560 3143 2613 οὐ
3200 2560 3440 2633 βιάζεται
3491 2562 3701 2625 ἑαυτὸν,
3752 2559 3848 2613 καὶ

2142 2642 2320 2719 ἄγχει,
2354 2645 2521 2699 ἐνίοτε
2560 2648 2767 2720 γίνεται
2806 2648 2942 2721 πρὸς
2976 2648 3138 2703 αὐτὸν
3187 2650 3302 2702 θεία
3352 2650 3515 2723 χάρις
3563 2648 3846 2709 αἰτοῦντος

2141 2734 2229 2787 καὶ
2290 2733 2548 2806 δεομένου
2584 2780 2595 2792 .
2643 2736 2846 2810 ἀγαθὸς
2891 2738 2992 2812 γάρ
3043 2738 3133 2792 καὶ
3180 2740 3423 2812 χρηστὸς
3471 2740 3499 2792 ὁ
3548 2740 3701 2805 Θεὸς,
3752 2738 3847 2792 καὶ

2140 2830 2255 2885 τοῖς
2300 2824 2538 2879 αἰτοῦσιν
2593 2827 2755 2881 αὐτὸν
2808 2824 2999 2882 δίδωσι
3048 2828 3116 2882 τὰ
3164 2828 3462 2901 αἰτήματα·
3519 2830 3595 2897 μὴ
3645 2848 3851 2901 προευο

2138 2912 2394 2982 τρεπίσας
2446 2909 2503 2966 δὲ
2558 2914 2767 2983 ἑαυτὸν,
2808 2915 2898 2969 καὶ
2956 2917 3031 2988 μὴ
3084 2913 3261 2977 ἐθίσας
3312 2915 3387 2979 εἰς
3437 2917 3530 2969 τὰς
3579 2936 3849 2990 προειρη-

2143 2998 2302 3070 μένας
2330 3001 2546 3075 ἀρετὰς,
2596 3002 2631 3071 ἤ
2681 3002 2913 3058 ἆπόλλει
2961 3005 3061 3072 τήν
3112 3005 3292 3079 χάριν·
3346 3005 3381 3073 ἢ
3432 3000 3703 3078 λαμϐάνει
3749 3006 3847 3058 καὶ

2142 3089 2347 3159 πίπτει,
2390 3090 2424 3159 ἢ
2475 3091 2536 3145 οὐ
2585 3094 2884 3167 προκόπτει
2943 3091 3406 3171 ὑψηλοφροντςσας
3440 3092 3668 3163 ’ἐπειδὴ
3725 3099 3849 3155 ταῖς

2143 3176 2390 3239 ἐντολαῖς
2448 3184 2545 3235 τοῦ
2606 3181 2804 3254 Κυρίου
2857 3182 3043 3237 ἐαυτὸν
3104 3180 3165 3237 ἐκ
3222 3182 3589 3257 προαιρέσεως
3637 3184 3701 3237 οὐ
3758 3182 3848 3237 δί-

2142 3264 2296 3323 δωσι.
2342 3268 2413 3323 Τὸ
2471 3270 2575 3344 γάρ
2623 3273 3055 3346 κατοικητήριον
3107 3273 3142 3340 ἢ
3181 3274 3475 3335 ἀνάπαυσις
3526 3277 3623 3328 τοῦ
3674 3274 3851 3327 Πνεύ-

2144 3377 2332 3428 ματος,
2377 3358 2410 3426 ἠ
2469 3358 2945 3436 ταπεινοφροσύνη
3000 3361 3137 3428 ἐστὶ,
3194 3363 3283 3416 καί
3329 3365 3362 3431 ἡ
3413 3362 3615 3435 ἀγάπη,
3668 3364 3754 3416 καὶ
3810 3366 3846 3432 ἡ

2138 3446 2405 3519 πραότης,
2465 3449 2551 3502 καὶ
2613 3450 2669 3502 αἱ
2731 3449 2921 3505 λοιπαὶ
2982 3455 3079 3506 τοῦ
3125 3453 3326 3527 Κυρίου
3375 3451 3617 3510 ἐντολαί.
3661 3454 3850 3531 Ὀφεί-

2142 3534 2329 3590 λουσιν
2389 3536 2480 3591 υύν
2547 3538 2877 3613 βουλόμενοι
2936 3541 2987 3611 ἐξ
3054 3542 3315 3612 ἀληθείας
3368 3543 3720 3617 εὐαρεστῆσαι
3764 3550 3851 3613 τῷ

2141 3630 2279 3697 Θεῷ,
2330 3628 2420 3680 καὶ
2471 3626 2717 3699 δέξασθαι
2766 3638 2890 3705 παρ’
2930 3632 3095 3686 αὐτοῦ
3135 3636 3235 3702 τὴν
3284 3634 3601 3706 ἐπουράνιον
3652 3637 3845 3711 χάριν,

2145 3714 2233 3767 καὶ
2266 3714 2489 3785 αὐξῆσαι
2543 3719 2631 3771 καὶ
2680 3717 2968 3775 τελειῶσαι
3017 3722 3067 3774 ἐν
3122 3727 3200 3793 τῷ
3249 3723 3387 3797 ἁγίῳ
3436 3724 3707 3795 Πνεύματι
3750 3717 3848 3777 καΞ

2144 3803 2421 3875 βιάζεσθαι
2488 3813 2706 3879 πρῶτον
2765 3810 2950 3864 ἑαυτὸν
3008 3810 3297 3888 φυλάσσειν
3357 3814 3529 3874 πάσας
3586 3815 3680 3874 τάς
3726 3815 3848 3888 ἀρε·

2138 3894 2256 3963 τὰς,
2308 3896 2396 3949 καὶ
2440 3898 2515 3966 μὴ
2568 3896 2835 3969 θελούσης
2882 3906 2983 3968 τῆς
3031 3899 3280 3975 καρδίας,
3328 3904 3463 3956 κατά
3505 3904 3567 3957 τὸ
3615 3903 3848 3977 εἰρημὲο

2140 4003 2248 4036 νον·
2302 3986 2397 4037 Διά
2442 3989 2602 4039 τοῦτο
2669 3990 2805 4059 πρὸς
2871 3990 3044 4051 πάσας
3106 3992 3201 4051 τὰς
3277 3990 3501 4054 ἐντολάς
3558 4013 3654 4046 σου
3718 4014 3848 4047 κατ-

2141 4075 2452 4148 ιυρθούμην.
2532 4076 2627 4137 Ὠς
2704 4077 2806 4151 γάρ
2870 4099 2952 4139 τις
3021 4079 3095 4141 εἰς
3162 4081 3261 4149 τήν
3345 4082 3667 4155 καρτέρησιν
3737 4090 3844 4151 τῆς

2142 4164 2312 4237 εὐχῆς
2348 4166 2587 4240 βιάζεται
2635 4165 2825 4222 ἑαυτὸν
2876 4168 2962 4222 καὶ
3021 4168 3180 4244 ἄγχει
3232 4168 3335 4232 ἓως
3395 4172 3456 4225 οὐ
3516 4173 3838 4246 κανορθώσῃ

2140 4259 2322 4309 τοῦτο·
2385 4256 2595 4327 ὁμοίως
2656 4256 2731 4318 εἰς
2792 4258 2965 4312 πάντα
3019 4261 3085 4313 τὰ
3142 4267 3241 4329 τῆς
3297 4260 3493 4333 ἀρετῆς
3551 4259 3850 4332 ἐπιτηδεύ-

2143 4365 2282 4415 ματα
2353 4346 2590 4418 βιάζεται
2660 4348 2848 4401 ἑαυτὸν
2924 4348 3013 4402 καί
3071 4346 3255 4423 ἄγχει,
3322 4349 3411 4403 καὶ
3477 4348 3642 4419 ἐθίζει
3720 4348 3847 4414 ἔθος

2138 4433 2353 4507 ἀγαθόν·
2404 4436 2492 4488 καὶ
2544 4435 2720 4492 οὕτως
2770 4438 3091 4511 αἰτούμενος
3147 4440 3237 4493 καί
3290 4436 3545 4512 δεόμενος
3591 4444 3686 4494 τοῦ
3743 4448 3846 4496 Κυ-

326 4515 519 4586 quoad
551 4531 615 4568 ex
649 4516 1069 4569 consuetudine
1119 4517 1335 4572 bonum
1384 4518 1645 4574 habitum
1684 4528 1844 4590 paret
1879 4538 1891 4576 :
1944 4524 2027 4577 sic

2146 4522 2261 4575 οίου
2310 4520 2622 4595 διαπαντὸς,
2678 4526 2767 4579 καὶ
2826 4528 3007 4602 τυχὼν
3053 4534 3152 4597 τῆς
3211 4529 3501 4598 αἰτήσεως,
3551 4527 3696 4598 αὔξει
3747 4533 3844 4584 καὶ

323 4604 477 4659 enim
513 4604 666 4674 quod
711 4610 1142 4674 perseveranter
1190 4608 1412 4678 petierit
1462 4625 1494 4662 a
1541 4610 1780 4665 Domino
1824 4626 2029 4667 conse-

322 4698 514 4758 cutus,
553 4691 719 4761 plena
749 4694 871 4762 jam
903 4696 958 4746 et
1001 4708 1203 4747 secura
1253 4694 1433 4763 optati
1486 4696 1853 4764 possessione
1892 4714 2033 4770 gau-

322 4784 483 4838 debit
515 4798 526 4835 :
562 4791 855 4837 crescente
886 4783 1086 4852 utique
1125 4800 1188 4837 ac
1239 4784 1479 4838 florente
1530 4785 1586 4839 in
1635 4786 1759 4856 ipso
1807 4804 2031 4857 perma-

324 4876 545 4936 nenter,
570 4887 747 4940 quam
774 4872 940 4925 anxie
976 4871 1505 4941 postulavit,gratia
1534 4875 1782 4945 Spiritus
1808 4894 1821 4942 ;
1846 4880 2033 4947 gratia

322 4978 446 5029 quae
498 4961 747 5015 donatur
790 4962 924 5032 ipsi,
958 4978 1199 5031 quaeque
1250 4963 1559 5031 requiescit
1591 4966 1644 5019 in
1700 4966 2029 5024 humilitate

322 5051 526 5123 ipsius,
574 5054 630 5104 et
680 5048 739 5103 in
801 5050 1040 5121 reliquis
1099 5052 1438 5122 virtutibus,
1498 5058 1555 5108 et
1612 5056 1779 5111 docet
1834 5058 2027 5129 ipsum

320 5156 511 5196 veram
545 5139 956 5209 humilitatem,
999 5156 1185 5195 veram
1237 5140 1819 5208 charitatem,veram
1871 5165 2030 5204 man-

320 5230 707 5296 suetudinem,
742 5231 810 5283 ad
863 5246 1038 5300 quam
1096 5230 1503 5300 possidendam
1547 5250 1675 5290 sese
1724 5238 2023 5308 compulit,

320 5334 615 5388 quamque
674 5320 843 5372 anxie
904 5318 1187 5389 qumsivit.
1223 5320 1291 5374 Et
1349 5320 1432 5374 sic
1473 5327 1678 5378 auctus
1728 5325 1784 5380 in
1836 5327 2030 5394 profe-

320 5420 497 5473 ctum,
525 5414 581 5461 et
610 5408 679 5461 ad
714 5408 903 5478 ipsum
965 5409 1333 5480 perfectionis
1366 5412 1421 5465 in
1462 5411 1578 5466 Deo
1618 5421 1845 5471 erectus
1902 5418 2026 5474 cul-

325 5511 475 5561 men,
533 5495 867 5551 haereditate
909 5496 1186 5553 caelorum
1247 5499 1407 5570 regni
1478 5501 1684 5573 dignus
1730 5512 2022 5563 censetur.

394 5674 440 5711 ³ο
473 5673 684 5747 Ephes.
712 5690 787 5744 iv,
820 5676 910 5730 33.
944 5675 987 5712 ²¹
1024 5676 1178 5733 Psal.
1210 5694 1401 5749 cxvni,
1434 5682 1557 5739 116.

2139 4609 2295 4666 θαλεῖ
2323 4610 2374 4665 ἐν
2406 4612 2552 4684 αὐτῷ
2602 4614 2665 4669 τὸ
2717 4615 2965 4688 χάρισμα
3002 4621 3099 4671 τού
3132 4618 3469 4690 Πνεύματος,
3497 4619 3559 4672 τὸ
3592 4620 3847 4693 χάρισμα

2136 4700 2199 4754 τὸ
2258 4702 2514 4774 χαρισθὲν
2575 4703 2721 4775 αὐτῷ
2783 4704 3181 4779 ἐναπαυόμενον
3242 4706 3295 4760 ἐν
3358 4710 3427 4771 τῆ
3484 4715 3849 4785 ταπεινοφρό-

2142 4792 2275 4864 σύνῃ
2309 4792 2493 4855 αὐτοῦ,
2535 4793 2625 4846 καὶ
2657 4792 2708 4847 ὲν
2749 4801 2865 4857 ταῖς
2902 4794 3121 4858 λοιπαῖς
3174 4798 3406 4871 ἀρεταῖς,
3456 4801 3544 4852 καὶ
3600 4796 3848 4854 διδάσκει

2142 4880 2301 4934 αὐτὸν
2334 4879 2600 4951 ἀληθινὴν
2640 4883 2881 4956 ἀγάπην,
2933 4884 3194 4956 ἀληθινὴν
3237 4887 3537 4957 πραύτητα,
3589 4889 3655 4958 ἣν
3706 4908 3853 4959 προ-

2140 4964 2397 5025 εϐιάσατο
2428 4973 2515 5026 καὶ
2552 4970 2785 5044 ἐζήτησε
2810 4993 2822 5006 ’
2855 4974 2944 5028 καὶ
2976 4975 3152 5036 οὕτως
3196 4975 3429 5046 αὐξήσας
3480 4978 3567 5031 καὶ
3615 4975 3852 5033 τελειω-

2140 5060 2249 5121 θεὶς
2298 5060 2349 5114 ἐν
2401 5066 2519 5132 Θεῷ
2569 5060 2917 5137 κληρονόμος
2964 5068 3063 5133 τῆς
3112 5066 3394 5139 βασιλείας
3442 5071 3549 5122 τῶν
3600 5067 3849 5143 οὐρανῶν

2139 5150 2399 5217 ἀξιοῦται.
2472 5156 2527 5203 ‘0
2592 5152 2693 5227 γὰρ
2781 5154 3033 5215 ταπεινὸς
3098 5152 3355 5211 οὐδέποτε
3443 5156 3646 5212 πίπτει,
3732 5163 3854 5212 Ποῦ

2139 5238 2242 5313 γὰρ
2288 5244 2467 5293 πεσεῖν
2520 5235 2636 5313 ἔχει
2690 5241 2943 5297 ὑποκάτω
2993 5243 3208 5298 πάντων
3259 5242 3371 5312 ὤν;
3427 5243 3641 5319 μεγάλη
3692 5246 3855 5318 ὕψω-

2138 5347 2217 5389 σις
2284 5331 2318 5397 ἡ
2379 5331 2701 5393 ταπείνωσις
2734 5350 2746 5363 ο
2781 5331 2869 5386 καὶ
2917 5333 3194 5404 τιμιότης,
3255 5336 3341 5388 καὶ
3400 5334 3615 5407 ἀξίωμα
3662 5338 3699 5405 ἡ
3741 5357 3852 5391 τα-

2135 5419 2558 5495 πεινοφροσόνη.
2620 5420 2918 5493 Ἐθίσωμεν
2963 5419 3054 5475 οὖν
3114 5422 3204 5477 καὶ
3255 5425 3418 5497 ἡμεῖς
3472 5423 3695 5491 αὐτοὺς,
3750 5428 3845 5483 καὶ

2139 5505 2384 5585 ἄγξωμεν
2455 5510 2532 5573 εἰς
2596 5510 2694 5579 τήν
2761 5512 3283 5588 ταπεινοφροσύνην,
3358 5515 3443 5569 καὶ
3506 5515 3585 5587 μή
3644 5514 3842 5573 θελού-
