4116 6210
254 341 368 401 841

1313 346 1552 409 LIBER
1597 349 1700 410 DE
1745 350 2286 412 PERFECTIONE
2331 351 2408 410 ΙΝ
2453 349 2767 411 SPlltlTU

3657 348 3776 410 842

257 493 361 542 σης
411 479 514 542 τῆς
561 470 783 548 καρδίας
830 475 1017 548 ἡμῶν,
1059 474 1307 549 δεόμενοι
1372 478 1461 532 καὶ
1527 481 1964 554 παρακαλοῦντες
1995 487 2031 551 Α

2084 483 2338 538 Humilis
2381 482 2539 537 enim
2587 496 2884 553 nunquam
2935 482 3119 550 cadit;
3171 499 3287 555 quo
3335 483 3490 550 enim
3546 481 3778 538 caderet

250 564 351 618 τὸν
394 565 524 619 Θεὸν
566 562 620 618 ἐν
668 563 840 620 πίστει
892 566 980 619 καὶ
1032 564 1212 622 ἐλπίδι
1263 569 1352 622 καὶ
1384 569 1566 645 ἀγάπῃ
1603 567 1966 634 ἀδιαλείπτως

257 652 312 708 ἐν
360 657 430 727 τῇ
479 652 781 728 προσδοκίᾳ
845 656 1040 731 ταύτῃ,
1090 655 1181 712 ἵνα
1252 658 1547 725 ἀποστείλῃ
1619 660 1682 715 τὸ
1751 667 1967 735 Πνεῦμα

256 743 429 797 αὐτοῦ
457 742 532 803 είς
563 742 657 804 τὰς
685 741 906 810 καρδίας
956 746 1116 817 ἡμῶν
1152 764 1162 774 ·
1202 743 1291 800 *ἰνα
1340 747 1616 820 εύξώμεθα
1661 749 1749 803 καί
1806 770 1969 822 προσ-

250 833 580 904 κυνήσωμεν
650 830 701 886 ἐν
777 833 1047 906 Πνεύματι
1113 838 1192 905 τῷ
1257 835 1469 907 Πατρίο
1539 836 1628 890 καὶ
1687 838 1820 893 αὐτὸ
1903 839 1966 893 τὸ

253 925 481 994 Πνεῦμα
529 919 747 992 εὔξηται
793 922 844 976 ἐν
891 925 1027 995 ἡμῖν
1058 965 1070 977 .
1115 921 1210 978 ’ίνα
1258 925 1391 979 αὐτὸ
1420 925 1484 980 τὸ
1517 931 1734 1000 Πνεῦμα
1775 925 1962 999 διδάξη

252 1013 406 1083 ἡμᾶς
472 1011 645 1088 εύχήν
709 1009 1000 1082 ἀληθινήν,
1067 1014 1585 1090 ταπεινοφροσύνην,
1662 1018 1963 1090 πραότητα,

255 1097 494 1176 ἀγάπην,
536 1100 569 1153 ’ἀ
596 1105 684 1154 νῦν
718 1107 854 1174 μετᾶ
896 1101 1016 1174 βίας
1069 1103 1130 1157 ού
1171 1099 1443 1168 δυνάμεθα
1493 1111 1690 1174 ποιεῖν,
1750 1106 1963 1184 σπλάκρ

254 1207 366 1264 χνα
413 1188 738 1263 οἰκτιρμῶν,
795 1188 1174 1265 χρηστότητα,
1218 1193 1304 1248 καί
1356 1193 1528 1256 πάσας
1585 1195 1680 1256 τὰς
1738 1195 1965 1259 ἐντολὰς

251 1282 352 1332 τοῦ
400 1280 608 1352 Κυρίου
673 1277 860 1354 διδάξῃ
913 1283 1062 1353 ἡμᾶς
1109 1285 1334 1347 ποιῆσαι
1385 1283 1434 1352 ἐξ
1486 1281 1770 1354 ἀληθείας,
1828 1285 1964 1340 ἀπό-

258 1389 370 1424 νων
408 1362 804 1430 καίἆϐιάστως
843 1389 855 1401 ·
927 1371 1002 1431 ὡς
1061 1370 1196 1426 αὐτὸ
1250 1371 1313 1426 τὸ
1371 1376 1588 1445 Πνεῦμα
1644 1370 1759 1428 οἶδε
1815 1374 1966 1445 πλη-

251 1461 383 1532 ροῦν
423 1458 571 1528 ἡμᾶς
599 1462 718 1520 τοῖς
764 1463 996 1531 καρποῖς
1053 1459 1220 1515 αὐτοῦ
1254 1477 1266 1490 ·
1326 1461 1416 1515 καί
1483 1461 1654 1523 οὕτως
1713 1467 1821 1518 τῶν
1881 1463 1959 1518 ἐν-

249 1545 436 1601 τολῶν
473 1549 571 1600 τοῦ
630 1548 830 1620 Κυρίου
906 1545 1304 1622 πληρωθεισῶν
1356 1547 1438 1628 ἐφ’
1501 1551 1636 1623 ἡμῖν
1687 1549 1775 1605 διὰ
1871 1556 1961 1607 τοῦ

254 1635 568 1708 Πνεύματος
624 1635 810 1704 αὐτοῦ,
842 1640 940 1691 τοῦ
1001 1638 1170 1710 μόνου
1225 1638 1587 1714 γινώσκοντος
1644 1641 1706 1695 τὸ
1745 1639 1963 1714 θέλημα

248 1728 348 1779 τοῦ
401 1725 661 1799 Χριστοῦ,
707 1725 795 1779 καὶ
861 1725 1244 1800 καθαρίζοντος
1311 1730 1458 1800 ἡμᾶς
1516 1729 1622 1784 ἀπὸ
1684 1733 1780 1784 τοῦ
1836 1733 1958 1786 σπί-

251 1811 359 1868 λου
403 1817 546 1908 ’τῆς
625 1813 914 1888 ἁμαρτίας,
976 1815 1155 1890 ὥσπερ
1231 1816 1444 1896 νύμφας
1495 1817 1667 1880 καλάς
1724 1820 1958 1894 καθαρὰς
1993 1843 2039 1908 Β

248 1903 344 1957 καὶ
392 1901 662 1975 ἀμώμους
735 1907 1058 1978 παραστήσῃ
1145 1909 1222 1976 τῷ
1306 1907 1542 1978 Χριστῷ,
1628 1907 1958 1981 ἀναπαυομὲο

249 2013 363 2045 νων
394 1993 556 2063 ἡμῶν
590 1990 643 2046 ἐν
676 1996 815 2063 Θεῷ,
846 1993 938 2046 καί
988 1990 1402 2066 ἀναπαυομένου
1457 2000 1554 2051 τοῦ
1611 1997 1846 2069 Χριστοῦ
1905 1998 1956 2052 ἐν

252 2085 390 2155 ἡμῖν
426 2083 501 2146 εἰς
548 2084 675 2145 τοὺς
725 2083 1052 2157 ὄπεράντους
1110 2084 1327 2147 αἰῶνας.
1383 2085 1519 2156 Δόξα
1573 2092 1695 2149 τοῖς
1753 2087 1957 2162 οἰκτιρ-

258 2178 388 2245 μοῖς
442 2172 633 2234 αὐτοῦ,
664 2172 754 2227 καὶ
811 2177 890 2244 τῷ
945 2171 1106 2239 ἐλέει,
1139 2175 1228 2228 καὶ
1282 2177 1352 2247 τῇ
1410 2175 1592 2250 ἀγάπῃ
1653 2176 1842 2245 αὐτοῦ,
1876 2179 1957 2233 ὅτι

257 2262 332 2323 εἰς
379 2262 649 2330 τοσαύτην
695 2265 864 2336 τιμήν
922 2262 1225 2336 κατηξίωσε
1285 2265 1346 2318 τὸ
1403 2265 1739 2338 ἀνθρώπινον
1779 2269 1959 2340 γάνος,

253 2347 428 2412 ἰδίους
487 2349 758 2429 ἀδελφούς
812 2351 902 2406 καὶ
981 2353 1132 2414 υἱοὺς
1193 2351 1400 2426 Πατρός
1457 2351 1781 2427 ἐπουρανίου
1827 2375 1959 2411 κατ-

253 2439 415 2508 αξιῶν
491 2439 577 2493 καὶ
654 2439 1076 2514 προσαγορεύων
1109 2483 1122 2494 .
1157 2440 1294 2510 Δόξα
1352 2444 1431 2511 τῷ
1490 2441 1682 2515 Πατρί,
1737 2443 1825 2496 καὶ
1883 2447 1961 2513 τῷ

253 2529 384 2598 Υἰῷ,
442 2529 534 2582 καὶ
589 2532 671 2599 τῷ
729 2529 868 2602 ἁγίῳ
925 2528 1218 2602 Πνεύματι,
1261 2529 1335 2592 εἰς
1405 2532 1533 2593 τοὺς
1589 2532 1785 2596 αἰῶνας
1851 2538 1958 2587 τῶν

254 2617 490 2674 αἰώνων.
525 2618 725 2691 Ἀμήν.

2079 574 2178 642 qui
2223 573 2371 626 intra
2401 572 2593 626 omnia
2622 570 2747 625 est?
2776 571 2983 641 Magna
3013 571 3281 627 exaltatio
3328 572 3626 628 humilitas
3655 575 3770 638 est;

2079 678 2350 715 summus
2391 659 2627 714 honoris
2659 676 2824 730 apex,
2867 661 3090 716 excelsa
3119 662 3392 733 dignitas,
3426 662 3515 716 sui
3559 662 3775 716 demis-

2078 749 2188 804 sio.
2237 750 2710 804 Assuefaciamus
2753 765 2886 817 ergo
2929 767 3058 815 nos,
3091 756 3149 804 et
3191 750 3248 806 vi
3291 753 3466 805 etiam
3512 751 3776 805 adhibita

2075 855 2357 910 cogamus
2395 839 2464 892 ad
2497 837 2810 906 submisse,
2849 838 3081 894 nolente
3112 841 3287 894 etiam
3328 839 3503 896 corde
3557 847 3774 906 nostro,

2076 929 2147 982 de
2181 927 2345 982 nobis
2378 925 2784 992 sentiendum;
2835 927 3134 998 Deumque
3184 943 3313 982 cum
3366 928 3498 994 tida,
3559 946 3662 1000 spe
3711 946 3776 985 ac

2077 1018 2356 1074 charitate
2414 1016 2811 1072 indesinenter
2865 1017 3259 1084 obsecrantes,
3319 1019 3376 1072 in
3440 1019 3778 1090 longanima

2075 1109 2527 1180 exspectatione,
2583 1112 2644 1162 ut
2695 1106 2886 1161 mittat
2936 1105 3219 1176 Spiritum
3269 1124 3441 1162 suum
3491 1109 3552 1162 in
3600 1109 3777 1165 corda

2076 1205 2298 1264 nostra,
2345 1206 2402 1250 ut
2435 1213 2669 1251 oremus
2708 1201 2765 1250 et
2807 1196 3114 1250 adoremus
3151 1193 3206 1249 in
3251 1195 3468 1264 Spiritu
3514 1197 3775 1264 Patrem;

2074 1294 2126 1342 el
2160 1287 2280 1358 ipse
2311 1286 2565 1356 Spiritus
2596 1289 2719 1341 oret
2751 1285 2809 1339 in
2863 1285 3062 1352 nobis;
3118 1288 3180 1338 ut
3227 1284 3379 1339 idem
3430 1284 3553 1355 ipse
3592 1284 3774 1355 Spiri-

2073 1380 2166 1430 tus
2239 1375 2439 1430 doceat
2516 1391 2620 1428 nos
2689 1375 3009 1429 orationem
3068 1389 3291 1438 veram,
3365 1373 3774 1441 humilitatem,

2074 1464 2607 1524 mansuetudinem.
2655 1463 2993 1517 cbaritatem
3025 1479 3038 1517 :
3073 1479 3215 1532 quas
3265 1478 3443 1525 nunc,
3496 1462 3549 1515 vi
3600 1462 3773 1517 etiam

2072 1552 2353 1620 adhibita,
2392 1552 2545 1606 169
2585 1551 2674 1607 vix
2711 1550 2974 1607 valemus
3009 1567 3292 1617 exercere,
3336 1550 3554 1605 viscera
3590 1551 3773 1608 mise-

2073 1641 2352 1707 ricordiae,
2416 1641 2853 1712 benignitatem,
2905 1645 2961 1695 et
3011 1656 3215 1696 omnes
3277 1638 3564 1695 mandatis
3620 1655 3770 1709 prae-

2071 1732 2288 1802 criplas
2331 1731 2553 1785 Domini
2605 1729 2788 1784 bonas
2816 1729 3202 1800 Operationes,
3236 1729 3380 1784 citra
3409 1728 3665 1782 laborem
3706 1743 3773 1781 ac

2072 1819 2185 1874 vim
2241 1834 2547 1885 exercere;
2579 1834 2692 1888 quo
2725 1819 2898 1873 modo
2937 1818 3165 1872 divinus
3196 1817 3292 1872 ille
3331 1816 3586 1886 Spiritus
3617 1818 3774 1871 novit

2068 1909 2314 1982 implere
2356 1926 2460 1965 nos
2503 1910 2672 1964 donis
2725 1910 2868 1964 suis.
2904 1907 3064 1963 Unde
3094 1908 3194 1963 ﬂet
3246 1913 3331 1974 ut,
3364 1905 3698 1978 adimpletis
3739 1923 3772 1960 a

2069 2001 2240 2056 nobis
2273 2000 2561 2055 mandatis
2590 1998 2691 2054 Dei
2727 2015 2822 2068 per
2852 1999 3134 2069 Spiritum
3166 1998 3374 2068 ipsius,
3407 1996 3499 2051 cui
3548 1996 3771 2067 optime

2070 2090 2171 2145 uni
2205 2095 2499 2161 perspecta
2528 2094 2616 2145 est
2647 2088 2911 2144 voluntas
2949 2087 3182 2154 Christi,
3225 2087 3441 2159 quippe
3486 2102 3590 2140 nos
3630 2102 3770 2157 pur-

2069 2185 2228 2251 gata
2270 2181 2438 2236 sorde
2484 2181 2731 2252 peccati;
2788 2179 2938 2234 idem
2985 2195 3088 2234 nos
3131 2179 3287 2234 velut
3341 2194 3585 2248 sponsas
3636 2177 3766 2248 pul-

2069 2270 2241 2324 chras
2282 2286 2457 2340 puras
2490 2278 2543 2324 et
2587 2267 3124 2339 irreprebensibiles
3171 2267 3441 2323 exhibeat
3485 2266 3761 2330 Christo;

2071 2357 2578 2429 acquiescentibus
2620 2359 2785 2414 nobis
2841 2359 2898 2411 in
2958 2357 3094 2424 Deo,
3153 2365 3208 2412 et
3257 2355 3486 2412 Christo
3531 2355 3766 2426 acquie-

2071 2453 2267 2504 scente
2299 2448 2356 2502 in
2391 2447 2580 2513 nobis,
2614 2463 2802 2518 usque
2824 2446 2884 2501 in
2917 2445 3126 2501 secula
3154 2445 3551 2501 interminata.
3577 2443 3770 2500 Gloria

2071 2536 2548 2592 miserationibus
2611 2537 2762 2606 ejus,
2829 2545 2884 2590 et.
2954 2534 3294 2606 benignitati
3363 2550 3428 2588 ac
3497 2533 3765 2590 charitati

2072 2626 2280 2696 ipsius,
2333 2626 2486 2696 quod
2538 2626 2596 2680 in
2637 2629 2866 2679 tantum
2919 2623 3198 2679 honorem
3248 2639 3452 2678 vocare
3499 2621 3772 2692 dignatus

256 2715 343 2765 est.
375 2727 562 2783 genus
594 2711 946 2776 humanum,
983 2712 1244 2784 praprios
1290 2714 1496 2770 fratres
1538 2718 1595 2769 et
1627 2714 1780 2770 filios
1819 2716 2008 2772 Patris
2047 2716 2296 2772 caelestis
2329 2732 2434 2772 nos
2473 2725 2531 2771 et
2572 2731 2702 2771 esse
2740 2716 3018 2787 dignatus
3044 2720 3102 2770 et
3139 2713 3510 2787 appellitans.
3551 2710 3768 2779 Gloria,

253 2799 521 2870 inquam,
559 2802 701 2856 Patri
733 2806 789 2857 et
817 2800 956 2856 Filio
987 2807 1039 2858 et
1069 2803 1311 2875 Spiritui
1342 2809 1567 2871 sancto,
1598 2803 1657 2859 in
1687 2805 1896 2860 saecula
1929 2807 2299 2862 saeculorum.
2329 2808 2534 2863 Amen.

532 3110 1756 3284 ΜΑΚΑΡΙΟΥ
1836 3113 2311 3286 ΤΟΥ
2395 3114 3489 3286 ΜΕΓΑὊΟΥ

884 3415 1177 3509 ΠΕΡΙ
1258 3415 2148 3512 ΤΕνΕΙΟΤΗΤΟΣ
2235 3415 2396 3511 ΕΝ
2480 3415 3142 3510 ΠΝΕΥΜΑΤΙ

1894 3620 2132 3672 ΛΟΓΟΣ.

1226 3943 2038 4101 MACARII
2180 3945 2304 4093 Μ
2343 3941 2803 4096 ΑΟΝΙ

988 4244 1053 4352 ί.)
1082 4244 1148 4352 E

1269 4239 2171 4354 PEllFEC'l‘lONE

2290 4241 2402 4353 ΙΝ
2523 4236 3059 4352 SPIRITU

1901 4446 2140 4504 LIBER.

335 4783 420 4835 A'.
481 4778 674 4850 Χάριτι
740 4779 834 4852 μὶν
897 4776 987 4832 καί
1049 4774 1223 4852 δωρεᾷ
1286 4781 1382 4832 τοῦ
1459 4776 1770 4848 Ιινεύματος
1858 4775 2047 4846 θείᾳρ

265 4867 490 4928 ἕκαστος
537 4869 698 4942 ἡμῶν
751 4869 850 4937 την
894 4867 1170 4939 σωτηρίαν
1219 4865 1497 4940 πορίζεται
1533 4885 1544 4897 ·
1579 4864 1758 4920 πίστει
1800 4861 1856 4917 δὲ
1885 4862 1975 4916 καὶ

263 4956 476 5032 ἀγάπῃ,
567 4955 736 5029 ἀγῶνί
815 4977 873 5011 τε
957 4954 1323 5029 προαιρέσεως
1419 4952 1786 5023 αύτεξουσίου,
1879 4955 1976 5006 τοῦ

262 5044 480 5102 τελείου
542 5045 740 5120 μέτρου
795 5052 896 5114 τῆς
964 5046 1158 5119 ἀρετῆς
1227 5043 1496 5124 ἐφικέσθαι
1556 5041 1774 5098 δύναται
1827 5061 1840 5072 ’
1899 5039 1976 5095 ’ίν’

272 5137 456 5210 ὥσπερ
513 5137 724 5210 χάριτι,
801 5134 944 5190 οὕτω
1017 5135 1105 5189 κυί
1183 5131 1492 5203 δικαιοσύνῃ
1572 5139 1670 5201 τῆς
1753 5131 1977 5185 αἰωνίου

268 5224 676 5298 κληρονομήσῃ
729 5229 874 5294 ζωῆς
909 5242 922 5256 ⁸
981 5225 1056 5296 μὴ
1103 5221 1194 5278 διὰ
1243 5223 1416 5296 μόνης
1465 5228 1565 5290 τῆς
1615 5220 1758 5280 θείας
1817 5217 1978 5275 δυνά-

275 5317 420 5387 ιαὼς
457 5333 516 5368 τε
583 5315 674 5368 καὶ
724 5313 980 5391 χάρινος,
1017 5313 1094 5385 μή
1144 5313 1234 5367 καὶ
1299 5312 1427 5374 τοὺς
1485 5308 1655 5368 ἰδίους
1715 5327 1974 5362 συνεισεν-

274 5403 449 5475 εγκὼν
517 5399 776 5476 ἱδρῶτας,
834 5409 936 5472 τῆς
992 5401 1191 5464 ωλείας
1257 5407 1542 5473 προκοπῆς
1612 5397 1926 5469 ἀξιούμενος
1962 5415 1974 5428 ’

281 5494 421 5565 μήτε
467 5491 635 5548 πάλιν
685 5492 744 5548 ἐκ
799 5494 967 5566 μόνης
1015 5499 1115 5561 τῆς
1166 5492 1367 5552 οἰκείας
1417 5485 1656 5558 σπουδῆς
1698 5488 1787 5540 καὶ
1820 5482 1976 5540 δυνάο

279 5601 450 5654 μεως,
505 5584 582 5655 μή
634 5582 723 5637 καὶ
790 5581 933 5644 θείας
997 5579 1198 5636 ἄνωθεν
1262 5577 1706 5654 συνεφαπτούσης
1766 5575 1978 5649 χειρὸς,

279 5674 376 5724 τοῦ
420 5670 636 5726 τελείου
675 5677 776 5741 τῆς
823 5669 1130 5745 ἐλευθερίας
1180 5669 1399 5743 μέτρου,
1449 5668 1537 5723 καί
1595 5672 1695 5735 τῆς
1744 5664 1977 5738 καθαρό-

2156 4777 2196 4832 ι.
2255 4775 2450 4832 Gratia
2509 4777 2744 4848 quidem
2802 4781 2859 4829 et
2918 4773 3225 4844 largitione
3281 4771 3533 4842 Spiritus
3589 4769 3785 4826 divina

2090 4866 2490 4936 unusquisque
2566 4871 2830 4920 nostrum
2901 4861 3150 4918 salutem
3212 4859 3600 4930 assequitur:
3670 4859 3785 4914 fide

2087 4970 2218 5010 vero
2249 4965 2300 5008 et
2352 4956 2633 5010 cbaritate
2663 4956 2742 5024 jac
2775 4952 3164 5021 contentione
3213 4947 3393 5003 libera
3441 4947 3532 5003 sui
3583 4958 3784 5020 poten-

2089 5045 2159 5099 tis
2195 5044 2416 5099 arbitrii
2461 5041 2868 5114 ad_p,perfectaa__
2893 5041 3118 5095 virtutis
3151 5054 3508 5109 _mensuram
3557 5037 3778 5109 pertin-

2085 5149 2215 5206 gere
2247 5137 2494 5206 potest‘:
2551 5137 2629 5201 ut_
2662 5133 2832 5202 sicut_
2865 5129 3082 5202 gralia,’
3111 5129 3191 5183 ita
3227 5132 3316 5199 et:
3339 5125 3587 5197 iustitia,
3619 5130 3784 5177 mter-

2089 5241 2171 5278 ne:
2233 5222 2623 5278 bareditatem
2657 5221 2877 5292 :capiat
2932 5219 3120 5274 vitae:
3183 5230 3529 5287 nequeﬁper
3601 5210 3782 5266 solam

2087 5312 2343 5367 divinam
2374 5311 2668 5383 ;virtutem
2717 5317 2770 5365 el
2809 5303 3438 5382 gratiam,_’,absque:eo
3471 5302 3624 5373 quod
3658 5316 3785 5372 pro-

2089 5400 2245 5473 prios
2303 5405 2359 5456 et
2409 5401 2532 5472 ipse
2583 5401 2842 5455 conferat
2899 5397 3166 5463 sudores,
3227 5392 3476 5466 perfecto
3525 5391 3780 5463 profectu

2088 5489 2558 5558 dignus'babilus
2597 5505 2610 5543 :
2663 5505 2848 5558 neque
2901 5502 3100 5542 rursus
3130 5483 3252 5540 solo
3304 5481 3538 5554 proprio
3568 5479 3781 5547 studio,

2089 5579 2307 5649 absque
2355 5594 2603 5651 superne
2652 5581 2997 5650 cooperante
3047 5575 3243 5630 divina
3291 5589 3468 5630 manu
3519 5573 3785 5644 perfectae

2089 5667 2377 5726 libertatis
2423 5669 2640 5742 apicem
2681 5674 2739 5726 et
2786 5667 3084 5742 puritatis,
3141 5665 3457 5736 attingens.
3506 5661 3784 5718 Νἱεὶεηίπι
