4116 6210
280 357 402 418 845
1301 365 1536 428 LIBER
1579 369 1680 430 DE
1722 370 2260 434 PEBFECTIONE
2304 375 2385 434 IN
2429 373 2767 436 SPIRITU.
3673 377 3793 436 846

282 491 445 562 φησὶ,
501 491 638 565 πρὸς
661 489 874 580 ωπάσας
933 493 1030 558 τὰς
1088 494 1313 560 ἐντολὰς
1380 518 1474 554 σου
1532 505 1970 578 κατωρθούμηνε

2101 507 2422 577 spiritibus,
2455 506 2685 579 spiritui
2718 509 2818 564 Dei
2865 515 2920 564 et
2979 509 3214 580 spiritui
3273 507 3503 575 mundi,
3535 507 3794 564 animam

281 584 460 636 πᾶσαν
492 581 616 640 ὁδὸν
650 577 830 637 ἄδικον
864 581 1123 659 ἐμίσησα.

352 762 423 816 Ε’.
477 761 586 816 Οὐκ
651 761 757 816 ἀπὸ
835 766 944 819 τῶν
1004 769 1244 841 φανερῶν
1304 768 1716 842 ἁμαρτημάτων
1793 773 1982 846 μόνον,

279 851 403 906 οἷον
463 852 742 926 πορνείας,
807 851 992 931 φόνου,
1057 853 1298 926 κλοπῆς,
1357 860 1812 935 γαστριμαργίας,
1880 883 1985 917 κα-

274 937 563 1015 ταλιιιλιδὶς⁶
621 939 875 1015 ψεύδους,
935 941 1291 1022 φιλαργυρίας
1348 965 1407 1002 τε
1491 949 1581 1002 καὶ
1648 949 1980 1024 πλεονεξίας,

276 1029 508 1085 καὶτῶν
555 1032 821 1086 τοιούτων
861 1031 1106 1109 ἀγνεύσιν
1149 1037 1262 1113 χρὴ
1312 1037 1412 1106 τήν
1461 1036 1719 1112 παρθένον
1770 1043 1980 1115 ψυχὴν,

275 1122 369 1176 καὶ
441 1127 523 1195 τῷ
590 1126 707 1194 Θεῷ
776 1125 1112 1201 συναφθῆναι
1177 1127 1611 1203 προῃρημένηνο
1681 1129 1825 1186 ἀλλὰ
1891 1133 1983 1187 καὶ

276 1211 481 1284 πολλῷ
531 1209 699 1267 πλέον
757 1214 863 1268 ἀπὸ
918 1219 1025 1270 τῶν
1081 1218 1354 1290 κρυφίων,
1413 1217 1598 1295 ὥσπερ
1662 1220 1979 1296 εἰρήκαμενο

276 1297 573 1372 τουτέστιν,
644 1299 956 1375 ἐπιθυμίας,
1039 1302 1372 1376 κενοδοξίας,
1459 1309 1984 1384 ἀνθρωπαρεσκείας,

279 1389 643 1464 ὑποκρίσεως,
709 1388 1033 1470 φιλαρχίας,
1092 1390 1282 1465 δόλου,
1348 1397 1695 1470 κακοηθείας,
1765 1399 1980 1473 μίσους,

275 1478 552 1546 ἀπιστίας,
593 1479 817 1557 φθόνου,
875 1479 1187 1555 φιλαυτίας,
1235 1485 1434 1560 τύφου,
1489 1487 1582 1542 καὶ
1641 1495 1750 1544 τῶν
1792 1488 1980 1546 ἄλλων

273 1572 384 1657 τῶν
449 1569 714 1657 τοιούτων
784 1570 1016 1643 ὁμοίως,
1093 1569 1222 1629 Οίδε
1277 1574 1406 1649 γὰρ,
1465 1577 1625 1652 φησὶν
1685 1580 1719 1646 ἡ
1770 1581 1981 1657 Γραφὴ,

272 1656 340 1710 τὰ
374 1655 572 1734 κρύφια
621 1661 790 1712 ταῦτα
838 1664 939 1729 τῆς
985 1661 1172 1734 ψυχῆς
1219 1662 1590 1736 ἁμαρτήματα
1621 1662 1672 1720 ἔν
1707 1663 1810 1738 ἴσῳ
1863 1655 1980 1730 τοῖς

275 1744 430 1808 ἐκτὸς
510 1746 769 1802 τίθεσθαι.
877 1745 1072 1822 Κύριος
1163 1748 1262 1824 γάρ
1339 1772 1472 1828 φησι
1509 1772 1522 1787 ο
1601 1756 1977 1829 Διεσκόρπισεν

2089 596 2406 668 quamlibet
2471 599 2926 655 communicare.
3000 600 3323 672 Propterea,
3409 598 3563 655 enim
3645 597 3791 655 dicit

2089 700 2304 740 omnem
2349 686 2494 740 viam
2552 685 2866 757 iniquitatis
2952 687 3073 744 odio
3147 685 3402 755 habui",
3477 684 3549 742 ad
3603 687 3792 742 omnia

2089 774 2348 828 mandata
2376 778 2472 828 tua
2503 775 2809 845 dirigebar.

2163 865 2231 916 V.
2266 861 2387 916 Non
2418 862 2489 916 ab
2539 864 2791 919 exterius
2819 866 3239 936 apparentibus
3283 865 3536 937 peccatis
3576 863 3796 934 solum,

2093 954 2230 1021 puta
2264 950 2657 1022 fornicatione,
2690 952 3032 1022 homicidio,
3065 955 3236 1022 furto,
3268 954 3526 1024 crapula,
3567 952 3798 1010 calum-

2095 1040 2200 1094 niae
2269 1041 2485 1108 studio,
2573 1042 2896 1109 mendacio,
2956 1043 3271 1113 cupiditate
3325 1043 3610 1113 pecuniis,
3659 1058 3798 1097 ava-

2093 1127 2225 1184 ritia
2253 1132 2309 1183 et
2333 1127 2548 1183 talibus
2608 1138 2877 1197 praestare
2934 1147 2998 1187 se
3055 1147 3259 1202 puram
3314 1137 3543 1202 oportet
3595 1129 3782 1201 virgi-

2091 1232 2222 1272 nem
2247 1219 2532 1285 animam,
2555 1223 2612 1274 et
2650 1236 2779 1292 quae
2809 1218 2926 1275 Deo
2958 1236 3021 1276 se
3050 1221 3402 1292 conjungere
3433 1218 3787 1286 decreverit;

2092 1307 2190 1362 sed
2225 1310 2277 1363 et
2311 1307 2494 1363 multo
2536 1308 2722 1380 magis
2752 1309 2822 1365 ab
2878 1308 3141 1376 occultis,
3203 1307 3290 1364 uti
3349 1309 3630 1375 diximus,
3685 1307 3795 1363 hoc

2091 1399 2632 1468 est,acupiditate,
2695 1416 2727 1454 a
2784 1417 2946 1457 vanae
2993 1399 3190 1470 gloriae
3250 1398 3553 1466 ambitu,a
3613 1397 3792 1452 nimio

2092 1485 2375 1541 desiderio
2433 1486 2774 1545 hominibus
2833 1488 3186 1559 placendi,a
3251 1487 3647 1552 simulatione,
3717 1485 3790 1540 ab

2089 1573 2450 1632 afleclatione
2505 1576 2944 1645 dominationis,
3005 1594 3040 1633 a
3096 1576 3247 1643 dolo,
3311 1594 3343 1631 a
3402 1575 3792 1646 malignitate,

2090 1663 2161 1718 ab
2193 1662 2346 1728 odio,
2379 1664 2449 1718 ab
2503 1664 2868 1730 intldelitate,
2929 1665 3000 1720 ab
3061 1664 3305 1729 invidia,
3355 1681 3389 1719 a
3445 1664 3539 1718 sui
3589 1678 3788 1718 amore

2086 1753 2487 1824 immoderato,
2521 1754 2591 1808 ab
2651 1753 3003 1826 arrogantia,
3037 1753 3451 1824 similibusque
3483 1752 3539 1806 id
3571 1767 3778 1823 genus.

275 1836 409 1935 όατά
445 1836 908 1911 ἀνθρωπαρέσκων
933 1857 946 1871 °
987 1839 1077 1895 καὶ
1125 1838 1325 1915 ’Ἄνδρα
1364 1842 1609 1916 αἱμάτων
1651 1846 1740 1898 καὶ
1791 1836 1970 1902 δόλιον

2086 1842 2254 1899 Novit
2284 1843 2462 1910 enim,
2491 1845 2573 1898 ait
2600 1844 2920 1914 Scriptura,
2953 1843 3176 1900 occulta
3227 1844 3347 1899 hinc
3405 1842 3614 1898 animm
3651 1857 3786 1913 pec-

277 1921 633 2001 βδελύσσεται
671 1934 890 2006 Κςιριος⁹
950 1929 1041 1986 τὸν
1113 1927 1277 1986 δόλον
1353 1929 1437 1987 ἔπ’
1504 1931 1627 2003 ἴσης
1687 1939 1768 2008 τῷ
1826 1935 1976 2011 φόνῳ

274 2014 538 2073 δεικνύων
607 2018 710 2074 ὑπὸ
777 2023 913 2074 Θεοῦ
981 2018 1454 2094 βδελυσσόμενονο
1534 2024 1625 2078 καὶ
1699 2031 1806 2080 τῶν
1874 2027 1975 2082 λα-

272 2103 518 2162 λούντων
598 2107 820 2182 εἲρήνην
899 2110 1035 2181 μετὰ
1118 2114 1228 2166 τῶν
1305 2111 1545 2183 πλησίον
1613 2113 1812 2180 αὐτῶν,
1887 2119 1976 2170 καὶ

271 2198 339 2254 τὰ
405 2197 549 2268 ἑξῆς.
618 2198 720 2253 Καὶ
787 2200 976 2256 πάλιν.
1046 2200 1150 2256 Καὶ
1216 2202 1319 2275 γὰρ
1379 2202 1431 2256 ἐν
1488 2200 1684 2277 καρδίᾳ
1748 2204 1975 2277 ἀνομίας

270 2286 554 2372 ἐργάζεσθε
612 2287 664 2343 έν
719 2292 787 2363 τῇ
1012 2289 1124 2362 καὶ,
1188 2291 1324 2348 Οὐαὶ
1393 2292 1543 2364 ὑμῖν,
1604 2295 1728 2348 ὅταν
1793 2293 1976 2358 καλῶς

271 2377 497 2436 εἴπωσιν
551 2377 690 2451 ὑμᾶς
740 2379 793 2432 οἱ
850 2377 1149 2453 ἄνθρωποι·
1218 2381 1513 2452 τουτέστιν,
1580 2383 1779 2439 ὁπόταν
1849 2386 1976 2458 ὑμῖν

269 2467 381 2522 ἐστι
452 2465 674 2537 θέλησις
730 2467 876 2541 παρά
950 2469 1244 2543 ἀνθρώπων
1328 2470 1513 2536 καλῶς
1580 2474 1819 2542 ἀκούειν,
1885 2475 1975 2530 καὶ

270 2561 371 2622 τῆς
442 2555 603 2630 δόξης
696 2558 786 2614 καὶ
861 2562 967 2614 τῶν
1068 2557 1301 2616 ἐπαίνων
1389 2562 1563 2618 αὐτῶν
1631 2562 1972 2636 ἒξήρτησθε·

268 2646 386 2702 ἐπεὶ
452 2651 568 2709 πῶς
636 2643 860 2702 δυνατὸν
927 2647 1386 2724 ἀγαθοεργοῦντας
1453 2649 1651 2706 έσάπαν
1742 2651 1971 2726 λαθεῖν;

268 2733 458 2800 ἄλλως
501 2757 558 2793 τε
609 2735 666 2793 δὲ
712 2737 800 2793 καὶ
851 2737 1011 2799 αὐτὸς
1073 2739 1101 2794 ὁ
1149 2739 1363 2813 Κύριος.
1434 2743 1741 2816 Λαμψάτω,
1802 2742 1977 2821 λέγει,

266 2830 328 2884 τὸ
391 2833 510 2905 φῶς
577 2828 731 2900 ὑμῶν
817 2824 1122 2904 ἔμπροσθεν
1185 2835 1295 2885 τῶν
1372 2832 1711 2906 ἀνθρώπων.
1783 2833 1970 2903 Πλὴν,

268 2915 397 2974 ἀλλ’
444 2917 520 2979 είς
569 2915 723 2990 δόξαν
785 2917 1040 2974 σπεύδετε
1092 2924 1191 2976 τοῦ
1231 2925 1386 2991 Θεοῦ,
1441 2923 1594 2999 φησί,
1661 2924 1722 2977 τὸ
1774 2923 1969 2992 ἀγαθὸν

269 3010 547 3081 πράττειν,
579 3009 666 3062 καὶ
729 3011 804 3079 μή
841 3005 928 3063 διὰ
972 3006 1129 3081 δόξαν
1181 3007 1340 3078 ἰδίαν,
1403 3009 1534 3083 μηδ’
1593 3013 1667 3073 ὡς
1720 3016 1821 3067 τῶν
1872 3013 1971 3067 ἀν-

267 3096 553 3167 θρωπίνων
617 3096 851 3152 ἐπαίνων
918 3097 1192 3172 ἐρωτικῶς
1251 3093 1470 3174 ἔχοντες
1504 3121 1516 3134 ο
1549 3102 1636 3155 καὶ
1719 3101 1823 3176 γὰρ
1878 3103 1970 3158 καὶ

268 3187 526 3249 ἀπίστους
559 3185 831 3257 ἀπέδειξεν
885 3188 1050 3243 εἰπών
1082 3208 1093 3220 °
1122 3195 1246 3252 Πῶς
1295 3188 1517 3246 δύνασθε
1563 3192 1741 3246 πίστιν
1797 3193 1964 3268 ἐγειν,

268 3274 423 3347 δόξαν
491 3277 637 3350 παρά
692 3274 959 3346 ἀλλήλων
1027 3273 1417 3351 λαμϐάνοντες.
1483 3280 1575 3334 καὶ
1639 3282 1740 3350 τήν
1810 3279 1966 3355 δόξαν

265 3368 364 3435 νὴν
428 3366 574 3436 παρὰ
645 3369 744 3420 τοῦ
823 3365 992 3438 μόνου
1068 3371 1202 3422 Θεοῦ
1301 3368 1363 3423 ού
1442 3372 1770 3440 ζητοῦντες;
1835 3372 1971 3445 Ὅρα

265 3458 357 3513 καὶ
424 3457 514 3513 τὸν
587 3454 968 3527 Ἀπόστολον,
1036 3461 1153 3520 πῶς
1219 3460 1308 3514 καὶ
1376 3458 1541 3516 αὐτοῦ
1632 3460 1796 3536 μέχρι
1871 3464 1967 3518 τοῦ

265 3551 458 3626 φαγεῖν
519 3546 608 3601 καὶ
661 3551 829 3616 πιεῖν,
888 3548 1059 3602 πόντα
1117 3546 1195 3609 είς
1253 3545 1408 3618 δόξαν
1469 3555 1602 3605 Θεοῦ
1663 3550 1969 3609 ἐντέλλεται

263 3641 462 3693 ποιεῖν·
527 3635 646 3692 Εἴτε
701 3636 830 3712 γὰρ,
887 3635 1075 3710 φησὶν,
1135 3635 1363 3706 ἐσθίετε,
1441 3637 1542 3693 εἶ’τι
1601 3638 1805 3705 πίνετε,
1864 3640 1970 3696 εἴτε

265 3751 318 3785 τι
359 3727 507 3784 ἄλλο
555 3733 784 3798 ποιεῖτε,
844 3726 922 3790 είς
981 3725 1140 3800 δόξαν
1197 3731 1332 3783 Θεοῦ
1389 3734 1614 3786 ποιεῖτε.
1681 3732 1740 3785 Ὀ
1798 3729 1857 3786 δέ
1907 3753 1970 3807 γε

265 3822 411 3879 θεῖος
469 3817 722 3886 Ἰωάννης
786 3821 868 3888 τῷ
941 3814 1091 3894 φόνῳ
1191 3817 1494 3873 συντάττων
1548 3820 1611 3873 τὸ
1671 3825 1850 3892 μῖσος,
1907 3823 1968 3878 '0

270 3912 447 3981 μισῶν
523 3905 615 3961 τὸν
683 3902 918 3983 ἀδελφὸν
982 3905 1168 3975 ὰύτοῦ,
1236 3906 1431 3983 φησὶν,
1517 3907 1968 3981 ἀνθρωποκτόνος

270 3997 434 4054 ἆστίν.

329 4267 424 4341 ς’.
491 4267 554 4322 Ἦ
632 4265 815 4342 ἀγάπη
883 4266 1056 4321 πάντα
1133 4264 1344 4340 στέγει,
1411 4266 1584 4320 πάντα
1653 4265 1974 4340 ὑπομένει.’

255 4357 325 4410 Ἥ
382 4353 562 4431 ἀγάπη
632 4351 892 4410 οὐδέποτε
957 4353 1206 4410 ἐκπίπτει
1239 4371 1252 4386 ·
1312 4354 1394 4424 τὸ,
1480 4351 1740 4410 οὐδέποτε
1815 4355 1967 4412 ἐκπίε-

246 4465 393 4516 πτει,
452 4447 615 4499 τοῦτο
673 4441 973 4514 δηλοῦντός
1022 4443 1185 4500 ἑστιν·
1240 4443 1430 4516 ὅτιπερ
1480 4443 1530 4497 ol
1579 4447 1687 4498 τῶν
1738 4443 1962 4519 εἰρημέο

2083 1936 2212 1988 cata
2276 1933 2397 2002 pari
2465 1932 2587 1990 loco
2657 1950 2790 1989 cum
2859 1933 3113 1991 externis
3170 1933 3455 1989 Dominus
3517 1946 3774 2000 censere,

2082 2019 2222 2076 dicit
2253 2021 2463 2092 quippe
2497 2038 2510 2076 :
2548 2021 2843 2094 Dissipavit
2874 2038 2991 2079 ossa
3045 2038 3254 2090 eorum,
3313 2022 3409 2093 qui
3466 2019 3783 2075 hminibus

2078 2110 2301 2180 placent
2329 2109 2396 2165 ³³.
2457 2115 2569 2166 Et:
2629 2111 2815 2168 Virum
2844 2114 3175 2182 sanguinum
3233 2119 3285 2167 et
3339 2110 3582 2166 dolosam
3650 2107 3782 2163 aha-

2079 2198 2384 2255 minabitur
2448 2201 2708 2258 Dominus
2739 2201 2806 2271 3‘,
2880 2201 3083 2258 Dolum
3160 2215 3325 2271 aeque
3384 2216 3451 2255 ac
3534 2195 3782 2255 homici-

2081 2288 2239 2343 dium
2288 2293 2604 2346 ostendens
2663 2293 3083 2348 abominationi
3133 2292 3246 2346 Deo
3323 2306 3470 2346 esse.
3556 2290 3618 2344 Et
3683 2284 3781 2359 qui

2080 2378 2378 2449 loquuntur
2427 2396 2618 2452 pacem
2672 2398 2798 2436 cum
2844 2384 3097 2454 proximo
3118 2381 3184 2450 ⁸⁵,
3241 2385 3299 2436 et
3353 2396 3479 2452 quin
3529 2391 3776 2448 sequun-

2078 2475 2190 2527 tur.
2225 2471 2298 2532 Et
2354 2490 2606 2530 rursus:
2667 2473 2884 2528 Etenim
2941 2475 3000 2528 in
3056 2473 3214 2528 corde
3271 2471 3598 2543 iniquitates
3651 2482 3777 2539 ape-

2077 2566 2308 2634 ramini,
2342 2565 2402 2620 in
2457 2569 2624 2631 terra,
2657 2571 2764 2618 etc.
2818 2563 2929 2619 Et:
2991 2563 3080 2620 Va:
3123 2563 3274 2617 vobis
3313 2577 3438 2615 cum
3485 2558 3776 2614 benedice—

2078 2657 2195 2711 rint
2224 2656 2372 2712 vobis
2430 2654 2677 2710 homines
2703 2651 2772 2707 ³⁸.
2834 2652 2952 2708 Ηοο
2999 2656 3089 2708 est
3131 2667 3310 2720 ;cum
3357 2647 3656 2704 studueris
3708 2645 3778 2701 ab

2078 2745 2414 2802 hominibus
2472 2745 2617 2800 bene
2673 2741 2900 2809 audire,
2949 2747 3008 2798 et
3059 2742 3116 2796 in
3164 2739 3411 2812 gloriam
3458 2737 3778 2806 laudesque

2081 2836 2343 2906 ipsorum
2413 2832 2684 2889 ferimini.
2762 2833 2987 2888 Etenim
3055 2831 3155 2903 qui
3245 2834 3432 2901 potest
3497 2827 3648 2898 ﬁeri,
3715 2827 3781 2880 ut

2077 2925 2222 2980 bene
2270 2928 2573 2991 cperantes
2639 2923 2880 2977 omnino
2936 2919 3199 2976 lateant?
3257 2918 3576 2990 praesertim
3643 2927 3777 2971 cum

2076 3014 2202 3084 ipse
2253 3013 2532 3068 Dominus
2589 3012 2787 3067 dicat:
2850 3014 3044 3068 Luceat
3075 3013 3174 3065 lux
3230 3013 3406 3066 vestra
3452 3021 3636 3065 coram
3676 3004 3778 3060 ho-

2074 3104 2314 3160 minibus
2343 3103 2407 3154 δτ.
2439 3104 2510 3156 At
2565 3102 2638 3158 de
2693 3107 2898 3158 cetera
2956 3102 3206 3167 studete,
3258 3099 3358 3164 ait,
3389 3099 3459 3153 ad
3491 3095 3593 3152 Dei
3651 3094 3779 3166 glo-

2078 3193 2224 3249 riam
2256 3191 2407 3260 quod
2441 3191 2655 3248 bonum
2687 3197 2776 3248 est
2807 3206 2996 3263 agere,
3047 3206 3164 3244 non
3198 3192 3391 3244 autem
3423 3186 3494 3242 ad
3543 3189 3777 3253 captan-

2077 3287 2211 3342 dam
2244 3283 2394 3341 171
2433 3281 2596 3338 vobis
2644 3280 2877 3336 laudem
2937 3278 3274 3352 propriam;
3307 3291 3412 3332 nec
3471 3279 3534 3330 ut
3589 3273 3779 3328 videa-

2074 3379 2219 3435 mini
2280 3378 2676 3434 humanarum
2740 3371 2982 3429 laudum
3057 3367 3324 3426 encomia
3401 3365 3778 3438 impudenter

2076 3487 2293 3527 amare.
2325 3473 2469 3525 Nam
2501 3471 2559 3524 et
2586 3465 2854 3522 infideles
2885 3477 3009 3520 esse
3047 3461 3197 3518 tales
3249 3458 3498 3514 ostendit
3527 3455 3726 3512 dicens
3761 3471 3776 3511 :

2077 3561 2342 3630 Quomodo
2400 3557 2622 3629 potestis
2676 3555 2840 3626 ﬁdem
2877 3552 3096 3621 habere,
3126 3549 3369 3622 gloriam
3424 3547 3492 3602 ab
3537 3544 3776 3601 inuicem

2073 3649 2422 3719 accipientes,
2455 3656 2508 3703 et
2560 3644 2817 3716 gloriam,
2848 3656 2975 3714 qua:
3011 3640 3176 3696 asolo
3212 3640 3314 3694 Deo
3351 3641 3451 3703 est,
3483 3650 3592 3689 non
3621 3645 3776 3704 que-

2074 3737 2341 3795 rentes”.
2410 3736 2554 3790 Vide
2614 3740 2671 3789 et
2753 3732 3118 3804 Apustolum,
3204 3725 3496 3800 quomodo
3577 3722 3776 3778 omnia

2074 3844 2257 3901 usque
2301 3828 2371 3882 ad
2418 3826 2612 3895 ipsum
2659 3823 3010 3877 manducare
3040 3823 3096 3874 et
3156 3817 3368 3880 bibere,
3402 3814 3461 3868 in
3519 3811 3764 3883 gloriam

2074 3918 2175 3974 Dei
2224 3915 2483 3987 precipit
2555 3925 2766 3982 agere;
2816 3911 2898 3962 ait
2953 3906 3107 3962 enim
3139 3923 3157 3960 :
3210 3904 3336 3960 Sive
3391 3901 3770 3965 manducetis,

2070 4009 2185 4061 sive
2214 4004 2421 4064 bibitis.
2452 4003 2566 4055 sive
2609 3997 2768 4053 aliud
2791 3995 2920 4067 quid
2967 3995 3156 4064 agitis,
3187 3989 3376 4048 omnia
3422 3991 3482 4046 in
3537 3988 3775 4058 gloriam

2076 4095 2170 4150 Dei
2189 4096 2364 4162 facite
2387 4092 2451 4146 ³⁵.
2483 4095 2554 4146 At
2572 4087 2803 4144 divinus
2831 4090 3084 4141 Joannes
3113 4079 3774 4150 homicidiohdaaquans

2073 4183 2293 4249 odium,
2325 4182 2420 4250 qui
2446 4178 2583 4248 odit,
2626 4177 2818 4249 inquit
2846 4177 3080 4246 fratrem
3110 4188 3272 4227 suum
3301 4167 3576 4224 homicida
3610 4169 3685 4222 est
3705 4162 3772 4216 ⁴⁰.

2141 4271 2236 4328 νι.
2263 4269 2520 4326 Charitas
2541 4267 2729 4324 omnia
2756 4266 2966 4338 suﬂcrt,
2997 4263 3186 4319 omnia
3230 4261 3485 4316 sustinet.
3521 4256 3775 4312 Charitas

2071 4377 2362 4433 nunquam
2420 4358 2624 4415 excidit
2654 4355 2719 4411 ‘1.
2781 4355 2910 4410 Hac
2983 4353 3177 4418 verba,
3223 4364 3510 4421 nunquam
3547 4344 3772 4410 excidit,

2073 4458 2212 4507 sunt
2267 4451 2418 4519 ejus,
2473 4447 2572 4519 qui
2623 4444 2958 4516 significare
3034 4442 3219 4500 velit:
3278 4455 3394 4504 eos,
3445 4435 3546 4508 qui
3593 4450 3773 4504 supra

245 4556 354 4588 νων
416 4535 776 4609 χαρισμάτων
831 4537 931 4588 τοῦ
992 4533 1307 4606 Πνεύματος
1356 4531 1734 4608 ἐπιτυχόντες.
1789 4537 1958 4608 μήπω

2080 4543 2393 4592 memorata
2439 4533 2792 4591 charismata
2838 4531 3094 4602 Spiritus
3125 4529 3375 4584 assecuti
3433 4531 3591 4589 sunt,
3626 4538 3770 4578 non-

247 4621 306 4678 δε
346 4621 436 4679 διὰ
495 4629 595 4692 τῆς
663 4622 1049 4696 πληρεστάτης
1114 4624 1204 4678 καί
1268 4622 1520 4696 ἐνεργοῦς
1581 4623 1793 4696 ἀγάπης
1857 4630 1955 4680 τοῦ

251 4716 571 4787 ιΙνεύματος
626 4718 726 4780 τῆς
793 4713 961 4788 ἄκρας
1010 4720 1119 4770 τῶν
1188 4715 1371 4769 παθῶν
1437 4713 1742 4790 ἐλευθερίας
1791 4715 1957 4786 ἀξιω-

248 4805 448 4867 θέντες,
481 4801 694 4859 οὐδέπω
725 4807 824 4858 τοῦ
855 4804 1132 4881 ἀσφαλοῦς
1164 4802 1378 4876 ἥψαντο
1415 4802 1573 4860 ’ἀλλ’
1625 4803 1676 4859 έν
1725 4804 1956 4880 κινδύνῳ

250 4890 328 4948 ἔτι
360 4893 450 4948 καὶ
482 4888 639 4971 φόϐῳ
668 4896 736 4948 τά
764 4894 882 4947 καθ’
926 4895 1150 4956 ἑαυτοὺς
1198 4892 1411 4964 ἔστηκε,
1456 4891 1545 4948 διὰ
1589 4895 1658 4950 τὰ
1703 4915 1955 4968 πνευμα-

248 4981 374 5036 τικά
428 4988 529 5050 τῆς
579 4981 866 5054 πονηρίας.
924 4986 1090 5037 Τοῦτν
1160 4983 1265 5058 γὰρ
1318 4983 1380 5038 τὸ
1462 4980 1679 5058 μέτρον,
1761 4982 1956 5058 μηκέτι

255 5072 360 5127 ὑπὸ
391 5075 596 5126 πτῶσιν
649 5072 733 5141 ὃν,
787 5070 931 5144 μηδὲ
979 5073 1147 5135 πάθος
1196 5070 1436 5145 ὑπέδειξε
1483 5078 1732 5130 τοιοῦτον
1783 5075 1953 5149 ὑπάρ-

251 5177 378 5234 χον,
429 5160 506 5221 ὡς
573 5159 825 5234 γλῶσσαν
880 5159 1148 5237 ἀγγέλων,
1213 5161 1302 5216 καὶ
1359 5162 1718 5240 προφητείαν,
1784 5166 1956 5218 πᾶσάν

250 5269 310 5305 τε
338 5251 437 5316 τήν
471 5252 690 5323 γνῶσιν,
722 5250 811 5304 καὶ
858 5251 925 5306 τά
970 5255 1078 5307 τῶν
1124 5252 1374 5323 ἱαμάτωει
1422 5251 1732 5327 χαρίσματα
1785 5250 1952 5324 μηδὲν

252 5335 409 5406 εἶναι,
439 5338 577 5410 πρὸς
607 5335 780 5392 έκεῖνο
811 5334 1296 5415 παραϐαλλόμενα.

2065 4629 2204 4683 dum
2265 4633 2461 4682 autem
2504 4641 2600 4696 per
2639 4623 3040 4695 plenissimam
3085 4630 3139 4676 et
3174 4620 3465 4675 efﬁcacem
3513 4615 3770 4671 charita-

2067 4724 2184 4772 tem
2230 4717 2485 4787 Spiritus
2543 4731 2836 4771 summas
2897 4712 3265 4784 passionibus
3308 4709 3575 4763 libertate
3625 4709 3768 4758 sunt

2065 4804 2312 4876 dignati,
2345 4803 2604 4858 nondum
2633 4800 3006 4856 securitatem
3049 4797 3357 4866 attigisse:
3407 4792 3508 4846 sed
3538 4790 3596 4845 in
3621 4789 3765 4860 peri-

2064 4897 2196 4951 culo
2248 4893 2435 4949 adhuc
2493 4897 2550 4946 et
2600 4891 2806 4945 timore
2838 4903 2929 4943 res
2985 4888 3244 4958 ipsorum
3302 4886 3480 4943 stare.
3533 4891 3768 4952 propter

2065 4984 2394 5048 spiritualia
2453 4979 2748 5050 nequitiae.
2798 4979 2977 5032 Istam
3027 4975 3181 5031 enim
3222 4987 3544 5027 mensuram
3607 4971 3763 5025 haud

2065 5073 2257 5128 adhuc
2297 5072 2448 5125 infra
2479 5069 2792 5122 discrimen
2840 5066 3037 5137 lapsus
3088 5080 3154 5119 ex
3189 5061 3620 5133 perturbatione
3670 5073 3764 5111 ve-

2063 5163 2348 5224 hementi,
2409 5160 2790 5213 constitutam
2851 5171 2979 5213 esse
3040 5154 3338 5210 ostendit:
3403 5151 3529 5218 nec:
3590 5146 3764 5202 talem

2064 5267 2216 5318 esse,
2292 5250 2386 5306 cui
2455 5249 2666 5318 linguai
2736 5248 3096 5316 angelorum,
3185 5239 3504 5313 prophetia,
3572 5236 3767 5292 omnis

2066 5339 2329 5405 scientia,
2362 5343 2418 5393 et
2466 5338 2838 5393 curationum
2885 5334 3178 5391 charisma
3228 5331 3581 5399 comparata,
3615 5325 3762 5382 nihil

2067 5429 2203 5486 sint.

320 5626 366 5661 ³¹
398 5625 543 5682 Psal.
580 5626 930 5697 cxvm,g_i28.
1007 5623 1054 5662 ⁸³
1085 5624 1233 5681 Psal.
1267 5642 1364 5692 ιιι,
1387 5627 1442 5683 6.
1521 5625 1569 5662 ³⁴
1626 5626 1774 5685 Psal.
1806 5645 1864 5697 ν,
1899 5633 1950 5683 7.

2108 5627 2252 5684 Psal.
2286 5643 2460 5692 xxvn,
2496 5628 2546 5680 3.
2627 5625 2673 5662 ⁸⁸
2723 5626 2862 5681 Luc.
2925 5639 2998 5692 v1,
3031 5622 3122 5680 26.
3199 5619 3245 5657 ⁸⁷
3294 5619 3501 5680 Matth.
3535 5637 3610 5688 vx,
3674 5621 3757 5676 16.

250 5695 296 5731 ³⁸
325 5699 497 5755 Joan.
532 5712 585 5766 v,
610 5697 697 5754 44.
774 5695 824 5733 ⁸⁹
852 5699 876 5753 l
907 5698 1033 5754 Cor.
1065 5712 1121 5768 ν,
1148 5697 1235 5752 31.
1313 5697 1360 5734 ⁸ο
1391 5699 1411 5752 ι
1439 5697 1608 5756 Joan.
1642 5713 1729 5767 ιιι,
1764 5695 1858 5755 15(
1926 5696 1968 5734 ⁸⁸

2080 5701 2186 5755 lor.
2220 5714 2343 5768 xm,
2371 5697 2428 5765 7,
2463 5698 2550 5752 15.

4109 4703 4116 4906 l

4111 4907 4116 4992 ε

4109 5287 4116 5522 ἶ
