4116 6210
320 369 435 426 847

1665 368 1729 425 S.
1780 366 2099 426 MACARII
2143 363 2489 426 ΑΞῦΥΡΤΙΙ

3719 350 3842 408 848

395 495 518 549 VII.
556 495 655 550 Per
692 494 800 550 hoc
852 494 1223 565 perfectionis
1280 494 1597 550 declaravit
1648 512 1911 566 scopum,
1962 502 2062 564 ut,

2221 502 2279 552 ι’.
2314 497 2410 550 Δια
2445 498 2606 549 τοῦτο
2640 499 2740 561 τῆς
2790 490 3139 560 τελειότητος
3190 487 3427 562 ὑπέφηνε
3475 485 3569 538 τὸν
3616 482 3841 538 στοπόνθ

326 585 729 655 unusquisqne
761 600 1009 655 egenum
1042 600 1103 639 se
1153 589 1451 640 tantarum
1511 585 1843 641 divitiarum
1879 603 2036 642 reco-

326 681 607 747 gnoscent
640 676 877 730 ferventi
912 680 968 728 et
1026 680 1465 744 perseveranter
1494 678 1884 731 contendente
1914 676 2035 745 spi-

331 764 441 819 ritu
512 781 697 835 usque
772 766 840 818 ad
903 762 1173 817 ultimum
1262 764 1514 829 festinet,
1581 770 1635 819 et
1738 766 2039 836 spirituale

332 855 416 909 sic
525 859 822 925 percurrat
914 853 1190 922 stadium,
1288 855 1470 909 donec
1563 857 2038 924 comprehendat,

334 944 483 998 sicut
562 944 783 998 dictum
868 948 997 997 est:
1067 945 1158 998 Sic
1222 945 1456 1009 currite,
1505 947 1566 997 ut
1614 945 2040 1013 comprehenda-

336 1035 404 1086 tis
427 1030 493 1086 ⁴².

414 1120 547 1174 VIII.
582 1121 884 1191 Abnegare
917 1137 977 1175 se
1025 1120 1217 1192 ipsum
1279 1121 1388 1177 hoc
1436 1126 1575 1193 puta
1606 1140 1782 1180 esse:
1848 1139 2045 1195 prom-

340 1218 504 1281 ptum
537 1226 599 1263 se
626 1210 698 1264 ad
730 1212 927 1265 omnia
958 1211 1306 1266 fraternitati
1363 1214 1637 1282 praebere,
1672 1218 1728 1268 et
1780 1214 1834 1267 in
1887 1212 2045 1267 nullo

346 1314 581 1367 prorsus
621 1298 903 1353 voluntati
964 1301 1207 1370 proprias
1262 1300 1539 1371 obsequi;
1588 1318 1690 1356 nec
1739 1302 1917 1357 ullius
1965 1319 2049 1367 se,

348 1393 555 1458 prater
610 1386 793 1442 solam
852 1396 1086 1454 vestem,
1121 1389 1423 1444 dominum
1485 1397 1705 1461 putare,
1768 1397 1831 1445 ut
1877 1392 2051 1445 undi-

350 1490 461 1546 que
493 1474 796 1545 expeditus
829 1477 885 1530 in
926 1479 1225 1547 procinctu
1260 1485 1373 1533 stet
1403 1480 1473 1533 ad
1519 1480 1751 1551 quidvis
1805 1484 2050 1549 impera-

347 1570 470 1618 tum
522 1580 651 1618 cum
702 1564 913 1636 gaudio
964 1568 1420 1638 exsequendum,
1468 1574 1529 1623 ut
1589 1572 1949 1641 mancipium
1991 1584 2053 1623 se

350 1653 519 1707 habet
557 1654 834 1707 adversus
890 1671 1133 1721 omnes;
1189 1657 1436 1711 maxime
1468 1663 1658 1713 autem
1723 1660 2055 1729 praepositis

348 1742 718 1811 obsequatur,
776 1742 1006 1798 Christo
1055 1746 1459 1816 obtemperans
1493 1746 1705 1801 dicenti
1740 1764 1753 1802 :
1791 1747 1897 1815 Qui
1943 1748 2056 1801 vult

352 1832 498 1885 inter
530 1846 617 1885 vos
664 1834 881 1901 primus
931 1848 1044 1887 esse
1098 1838 1152 1887 et
1201 1851 1455 1903 magnus,
1485 1835 1830 1891 sitomnium
1881 1838 2058 1889 mini-

350 1927 485 1984 ster,
517 1925 570 1974 et
599 1920 851 1987 ultimus,
875 1928 927 1977 et
975 1939 1160 1977 servus
1177 1922 1261 1990 ‘3;
1309 1941 1425 1979 non
1475 1924 1744 1995 gloriam,
1774 1925 2053 1980 honorem

352 2018 454 2064 aut
501 2010 730 2065 laudem
766 2028 1021 2079 venans;
1056 2030 1171 2069 non
1216 2014 1286 2067 ad
1340 2013 1577 2069 oculum
1641 2016 1922 2082 serviens,
1957 2018 2058 2068 aut

352 2099 578 2169 placere
606 2099 943 2156 hominibus
985 2104 1269 2170 studens;
1320 2102 1421 2157 sed
1470 2102 1792 2158 debitorem
1844 2120 1902 2158 se
1955 2120 2055 2174 per

352 2189 543 2243 omnia
596 2196 867 2261 reputans
931 2192 1241 2248 ministerii
1282 2193 1341 2248 in
1387 2193 1671 2248 charitate
1716 2198 1773 2249 et
1828 2193 2060 2264 simpli-

354 2276 529 2332 citate
563 2279 841 2335 fratribus
864 2281 1197 2337 exhibendi.

425 2366 525 2419 IX.
558 2367 898 2436 Praepositos
960 2369 1357 2437 fraternitatis,
1392 2372 1549 2441 operi
1602 2388 1807 2441 magno
1859 2372 2060 2426 admo-

355 2458 469 2519 tos,
501 2456 780 2510 adversus
811 2463 1007 2511 contra
1040 2459 1334 2513 molientis
1390 2460 1619 2514 malitiae
1665 2461 1909 2515 artiﬁcia
1956 2461 2058 2515 de-

358 2548 577 2597 certare
612 2560 710 2612 per
735 2544 1119 2600 humilitatem
1155 2554 1399 2617 Oportet,
1433 2565 1504 2603 ne
1564 2548 1698 2603 vitio
1748 2549 2055 2619 superbiae,

360 2642 418 2683 ut
449 2629 506 2683 in
561 2633 767 2686 fratres
818 2633 961 2701 ipsis
993 2635 1263 2689 subditos
1312 2636 1700 2705 dominantes,
1742 2637 1863 2691 vice
1920 2636 2065 2692 lucri

359 2719 620 2787 maximi,
656 2720 935 2776 damnum
996 2724 1164 2778 nobis
1222 2724 1361 2795 ipsis
1394 2742 1793 2796 procuremus.
1830 2726 1937 2781 Sed
2000 2732 2063 2782 ut

359 2808 769 2864 misericordes
806 2811 1025 2879 Patres,
1058 2815 1278 2884 quique
1335 2815 1530 2884 potius
1590 2821 1826 2887 propter
1880 2816 2064 2871 Deum

360 2914 423 2953 ce
448 2899 791 2955 fraternitati
825 2902 894 2954 ad
930 2906 1313 2969 serviendum,
1376 2905 1752 2976 corporaliter
1782 2911 1838 2960 et
1888 2906 2067 2978 spiri-

356 2987 591 3042 tualiter
623 2990 977 3058 dediderint,
1021 3008 1220 3048 eorum
1274 3000 1337 3049 ut
1369 2994 1471 3049 Dei
1518 2996 1771 3050 filiorum
1817 2995 2067 3065 diligen-

360 3080 477 3131 tem
512 3078 569 3132 in
610 3079 885 3135 omnibus
939 3096 1138 3136 curam
1190 3085 1746 3154 gerant;arguendo
1782 3083 1877 3139 ubi
1929 3100 2067 3139 con-

363 3166 541 3233 venit,
605 3168 703 3222 ubi
762 3174 989 3239 oportet
1056 3172 1450 3240 consolando;
1513 3189 1583 3227 ne
1648 3173 1887 3227 obtentu
1962 3172 2070 3225 bu-

367 3256 634 3311 militatis
682 3264 740 3312 et
805 3262 1277 3316 mansuetudinis
1351 3264 1407 3314 in
1476 3264 1816 3316 confusione
1876 3276 2062 3314 mona-

2221 3262 2261 3310 εῖ
2338 3255 2709 3329 παρακαλέσαι
2745 3272 2757 3285 ·

370 3345 552 3398 steria
598 3346 756 3413 sint;
809 3363 1128 3417 congruum
1187 3349 1451 3403 ordinem
1522 3351 1959 3419 praesidentium
2018 3356 2072 3403 et

368 3434 764 3501 subjectorum
800 3451 913 3489 non
947 3438 1277 3504 servantia;
1329 3439 1388 3491 in
1422 3445 1644 3493 secreto
1687 3445 1878 3494 autem
1915 3455 2071 3493 men-

369 3520 443 3573 tis
472 3537 665 3575 servos
714 3522 988 3594 indignos
1045 3525 1313 3579 omnium
1360 3527 1603 3582 fratrum
1663 3544 1725 3582 se
1772 3528 1932 3598 ipsos
1990 3544 2076 3582 re-

372 3615 688 3679 putantes;
750 3621 924 3685 atque
984 3624 1047 3671 ut
1075 3616 1211 3672 boni
1273 3619 1594 3690 paedagogi,
1642 3620 1857 3690 quibus
1895 3620 2073 3689 spiri-

373 3698 557 3754 tuales
590 3700 689 3755 lilii
722 3706 1030 3760 concrediti
1064 3713 1223 3769 sunt,
1273 3724 1406 3762 cum
1467 3709 1626 3763 omni
1679 3709 2074 3766 benevolentia

373 3792 429 3842 et
481 3788 583 3845 Dei
614 3790 823 3847 timore
856 3811 1330 3867 unumquemque
1367 3799 1607 3853 fratrum
1643 3815 1969 3869 promovere
2000 3800 2074 3855 ad

379 3890 549 3931 omne
572 3879 791 3935 bonum
825 3883 1167 3953 studentes;
1212 3901 1323 3939 non
1356 3885 1567 3956 ignari,
1625 3902 1895 3958 magnam
1930 3888 2074 3958 ipsis

380 3974 434 4018 et
474 3966 945 4040 inamissibilem,
995 3972 1321 4043 laborisque
1357 3975 1653 4044 quantivis
1701 3976 2075 4031 excedentem

374 4058 671 4126 meritum,
706 4062 1020 4130 repositam
1054 4078 1182 4117 esse
1226 4064 1574 4118 mercedem.

445 4235 597 4290 I12
648 4236 719 4290 Χ.
753 4236 824 4291 Ut
854 4239 951 4307 qui
983 4255 1181 4293 curam
1226 4240 1553 4310 suscipiunt
1582 4242 1969 4310 regendorum
2018 4250 2075 4300 et

371 4324 863 4380 instituendorum
917 4326 1375 4394 adolescentum,
1442 4344 1586 4399 quos
1648 4330 1932 4402 contingit
1971 4333 2074 4387 ali-

370 4411 605 4479 quando
636 4420 688 4465 et
720 4413 986 4482 pr0prios
1020 4414 1275 4483 ipsorum
1329 4429 1458 4470 esse
1504 4415 1813 4485 dominos;
1874 4423 2069 4474 tamen

370 4504 434 4551 ut
480 4498 789 4568 disciplina
831 4516 927 4555 eos
970 4502 1184 4557 salubri
1230 4501 1515 4573 imbuant,
1556 4509 1613 4559 et
1661 4522 1851 4561 mores
1910 4508 2068 4579 ipso-

2140 585 2216 640 ’ίν’
2243 583 2465 645 ἕκαστος
2498 588 2746 661 πτωχεῖν
2787 582 2974 637 ἑαυτὸν
3014 578 3124 634 ἀπὸ
3163 581 3258 633 τοῦ
3294 575 3631 646 τηλικουτου
3674 572 3854 627 πλού-

2142 696 2238 729 του
2306 672 2707 748 διαγινώσκων,
2769 673 2957 744 θερμῷ
3008 668 3088 741 τῲ
3145 666 3415 739 πνεύματι
3467 664 3556 717 καὶ
3618 663 3860 733 συντόνῳ

2146 766 2283 839 πρὸς
2315 766 2376 820 τὸ
2409 762 2641 838 ἔσχατον
2685 760 3097 834 κατεπείγηται,
3150 758 3243 811 τὸν
3290 753 3661 826 πνευματικὸν
3716 751 3865 806 οὕτω

2145 857 2319 933 τρέχῃ
2372 852 2600 927 δρόμον,
2652 851 2820 926 ἄχρις
2870 850 2930 905 ἃν
2991 842 3299 921 καταλάϐῃ,
3362 846 3549 922 γαθὼς
3591 841 3816 918 εἴρηται
3852 860 3866 874 ·

2158 945 2320 1001 Οὕτω
2350 947 2598 1019 τρέχετε,
2627 939 2720 996 ’ἕνα
2748 933 3118 1009 καταλάϐητε.

2226 1129 2309 1181 Η’.
2368 1123 2436 1176 Τὸ
2495 1119 2905 1195 ἀπαρνήσασθαι
2961 1116 3147 1169 ἑαυτὸν
3214 1116 3380 1167 τοῦτο
3437 1108 3632 1184 νόμιζε
3674 1110 3813 1163 εἶναι
3850 1128 3863 1141 ·

2152 1212 2214 1266 τὸ
2257 1208 2478 1266 ἔκδοτον
2530 1209 2606 1271 εἷς
2666 1205 2803 1265 ἅπαν
2860 1210 2928 1279 τῇ
2986 1201 3321 1280 ἀδελφότητι
3380 1204 3713 1273 παρασχτῖν,
3778 1197 3872 1251 καὶ

2156 1298 2429 1372 θελήματ,
2488 1294 2615 1371 tati?
2671 1296 2979 1351 παντάπασι
3045 1294 3121 1364 μὴ
3191 1296 3433 1365 στοιχεῖν
3470 1306 3483 1319 ⁶
3523 1290 3663 1360 μήτε
3718 1286 3874 1346 τινὸς

2156 1388 2343 1461 κόριον
2384 1388 2540 1456 εἶναι,
2573 1387 2655 1440 δτι
2718 1386 2792 1457 μὴ
2849 1387 2946 1437 τοῦ
2996 1378 3297 1453 ἐνδύματος
3352 1378 3536 1451 μόνον’
3594 1375 3695 1429 ἵνα
3734 1376 3874 1428 πάν-

2158 1478 2311 1530 τοθεν
2383 1476 2563 1536 ἄνετος
2630 1470 2722 1541 ῶν,
2792 1476 2897 1527 τῶν
2976 1468 3414 1541 ἐπιταττομένων
3491 1466 3639 1537 αὐτῷ
3704 1464 3882 1536 μόνον

2164 1567 2299 1640 μετά
2331 1569 2504 1640 χαρᾶς
2545 1562 2763 1638 ἔχηται,
2806 1562 2881 1622 ὡς
2924 1558 2982 1614 ἅν
3032 1579 3116 1621 τις
3168 1558 3553 1633 ἀργυρώνητος
3616 1553 3692 1607 ὢν
3734 1556 3883 1627 πρὸς

2162 1655 2385 1724 πάντας,
2462 1653 2551 1707 καὶ
2635 1650 2870 1726 μάλιστα
2942 1650 3076 1710 τοὺς
3152 1648 3568 1720 ἐξηγουμένους.
3654 1647 3887 1715 Χριστῷ

2162 1745 2488 1816 πειθόμενος
2544 1747 2624 1814 τῷ
2699 1741 2927 1796 εἰπόντι·
2991 1741 3054 1795 '0
3111 1734 3284 1791 θέλων
3345 1735 3396 1790 ἐν
3461 1735 3587 1807 ὑμῖν
3658 1737 3886 1807 πρῶτος

2167 1832 2303 1886 εἶναι
2352 1832 2443 1885 καὶ
2498 1833 2683 1906 μέγας,
2742 1824 2879 1884 ἔστω
2938 1827 3151 1882 πάντων
3213 1823 3486 1893 διάκονος,
3548 1844 3641 1877 και
3713 1821 3887 1895 ἔσχα-

2162 1942 2279 1993 τος,
2322 1922 2413 1974 καὶ
2475 1918 2699 1989 δοῦλος,
2764 1920 2841 1991 μὴ
2902 1915 3057 1987 δόξαν
3116 1915 3208 1969 καὶ
3265 1916 3452 1986 τιμὴν,
3517 1913 3595 1985 μὴ
3656 1909 3882 1965 ἔπαινον

2160 2011 2519 2083 ποριζόμενος
2555 2027 2569 2041 ⁸
2624 2010 2701 2081 μὴ
2760 2007 2812 2061 έν
2874 2001 3359 2084 ὀφθαλμοδουλείᾳ
3416 2003 3491 2063 ὡς
3548 2000 3885 2074 ἀνθρωπάρ-

2166 2121 2319 2163 εσκος
2352 2098 2518 2154 ’ἀλλ’
2578 2095 2870 2176 ὀφειλέτην
2927 2094 3113 2149 ἑαυτὸν
3172 2090 3262 2147 διὰ
3308 2093 3509 2153 παντὸς
3570 2090 3886 2163 ἡγούμενος

2163 2196 2263 2258 τῆς
2323 2186 2373 2242 ἒν
2426 2187 2604 2262 ἀγάπῃ
2651 2207 2707 2241 τε
2754 2186 2844 2240 καὶ
2904 2179 3176 2252 ἁπλότητι
3228 2180 3365 2255 πρὸς
3417 2180 3549 2244 τοὺς
3608 2177 3890 2252 ἀδελφοὺς

2170 2278 2477 2341 διακονίας.

2244 2370 2318 2424 Θ’.
2350 2368 2486 2428 Τοὺς
2536 2367 2938 2440 ἐξηγουμένους
2991 2370 3090 2432 τῆς
3141 2360 3535 2437 ἀδελφόνητος,
3579 2359 3653 2419 ὡς
3712 2358 3888 2433 μεγά-

2172 2455 2255 2529 λῳ
2288 2451 2432 2531 ἔργῳ
2480 2450 2959 2527 ἐπιϐαλλομένους
3010 2454 3145 2526 πρὸς
3194 2452 3291 2512 τὰς
3332 2457 3433 2518 τῆς
3483 2448 3675 2510 κακίας
3725 2448 3889 2502 ἀντι⁶

2172 2548 2403 2620 τέχνους
2465 2542 2748 2618 μεθοδείας
2819 2542 3177 2620 ἀγωνίζεσθαι
3230 2540 3318 2596 διὰ
3376 2538 3885 2617 ταπεινοφροσύνης

2175 2632 2277 2701 δεῖ,
2319 2632 2413 2688 ’ίνα
2462 2636 2537 2706 μὴ
2597 2634 2757 2688 πάθει
2808 2632 3177 2710 ὑπερηφανίας
3230 2631 3303 2692 ὡς
3351 2634 3457 2685 τῶν
3510 2626 3890 2700 ὑποτεταγμέ-

2174 2746 2276 2777 νων
2318 2720 2569 2802 ἀδελφῶν
2602 2723 3123 2793 κατεξουσιάζοντες,
3157 2720 3273 2774 ἀντὶ
3329 2718 3583 2792 μεγίστου
3633 2714 3891 2791 κέρδους,

2178 2810 2375 2883 ζημίαν
2437 2811 2648 2871 ἑαυτοῖς
2708 2811 3130 2883 προξενήσωμεν
3167 2827 3180 2839 ·
3208 2804 3336 2861 ἀλλ’
3386 2806 3460 2867 ὡς
3505 2802 3890 2882 εὔσπλαγχνοι

2176 2901 2424 2974 πατέρες,
2457 2898 2549 2953 καί
2592 2895 2867 2952 δουλεύειν
2922 2896 3136 2969 μᾶλλον
3186 2893 3275 2949 διὰ
3324 2895 3414 2949 τὸν
3461 2894 3589 2949 Θεὸν
3638 2890 3893 2955 ἐκδόντες

2175 2993 2245 3063 τῇ
2306 2987 2639 3065 ἀδελφότητι
2700 2988 2921 3047 ἑαυτοὺς
2975 2991 3302 3060 σωματικῶς
3360 3005 3417 3039 τε
3485 2983 3575 3038 καὶ
3642 3003 3892 3054 πνευμα-

2174 3083 2367 3144 τικῶς,
2421 3078 2550 3151 ὑπὲρ
2594 3078 2769 3131 αὐτῶν
2819 3074 3172 3155 φροντίζωσι,
3218 3074 3305 3130 καὶ
3355 3075 3429 3135 ὡς
3467 3074 3673 3127 τέκνων
3730 3075 3893 3139 Θεοῦ,

2180 3166 2479 3226 διαπαντὸς
2528 3165 2920 3238 έπιμέλωνται,
2980 3164 3195 3242 ἐλέγξαι
3245 3166 3382 3219 ὅπου
3432 3164 3569 3241 χρὴ,
3619 3163 3715 3217 καὶ
3760 3166 3895 3236 ἒνῷ

2802 3252 2897 3308 ’ίνα
2984 3257 3059 3328 μή
3144 3255 3409 3332 προφάσει
3502 3252 3903 3322 ταπεινότητος

2180 3345 2271 3398 καὶ
2322 3345 2635 3417 πραότητος
2694 3342 2747 3397 ἐν
2807 3342 3065 3419 συγχύσει
3122 3343 3188 3398 τὰ
3248 3344 3587 3416 μοναστῆρια
3642 3342 3731 3409 ἧν,
3792 3344 3898 3410 τήν

2185 3434 2566 3506 προσήκουσαν
2623 3433 2769 3502 τάξιν
2816 3437 2921 3486 τῶν
2980 3433 3337 3508 προεστώτων
3396 3431 3487 3485 καὶ
3540 3424 3900 3499 ὑποϐεϐηκό-

2187 3542 2294 3575 των
2331 3521 2431 3575 οὐκ
2489 3523 2840 3591 ἁποσώζοντα
2869 3539 2883 3553 ⁶
2937 3521 2989 3576 ἐν
3038 3519 3092 3575 δέ
3145 3542 3204 3596 γε
3250 3521 3330 3592 τῷ
3378 3520 3569 3595 ἀφανεῖ
3617 3526 3720 3588 τῆς
3782 3516 3905 3573 δια-

2179 3610 2324 3672 νοίας
2394 3612 2469 3673 ὡς
2539 3608 2773 3672 δούλους
2841 3610 3084 3684 ἀναξίους
3151 3612 3368 3665 πάντων
3448 3615 3555 3663 τῶν
3636 3607 3898 3686 ἀδελφῶν

2182 3702 2402 3763 ἑαυτοὺς
2468 3700 2790 3775 ἡγούμενοι,
2862 3704 2935 3763 ὡς
3000 3698 3351 3778 παιδαγωγοὶ
3413 3701 3753 3771 πνεύματικά
3811 3700 3899 3754 τέο

2181 3813 2280 3846 κνα
2336 3790 2779 3864 πεπιστευμένοι,
2843 3792 2978 3863 μετά
3036 3792 3214 3861 πάσης
3274 3790 3482 3851 εὐνοίας
3542 3790 3633 3845 καὶ
3714 3786 3896 3868 φόϐου

2182 3886 2315 3936 Θεοῦ
2388 3879 2609 3935 ἕκαστον
2686 3884 2794 3935 τῶν
2861 3878 3112 3955 ἀδελφῶν
3197 3880 3532 3954 καταρτίζειν

2183 3970 2379 4043 ἀγαθὸν
2460 3966 2850 4037 σπουδάζοντες
2890 3988 2902 4001 ⁸

3620 3880 3702 3942 εἷς
3782 3887 3893 3935 πᾶν

2974 3970 3051 4041 μή
3122 3970 3463 4043 ἀγνοοῦντες,
3560 3967 3641 4022 ὅτι
3724 3968 3897 4041 μέγας

2183 4056 2367 4119 αὺτοῖς
2411 4058 2499 4112 καὶ
2549 4057 2897 4134 ἀναφαίρετος
2956 4060 2983 4112 ὁ
3043 4059 3173 4132 ὑπὲρ
3231 4062 3327 4112 τοῦ
3383 4059 3632 4129 καμάτου
3694 4059 3893 4130 μισθὸς

2183 4147 2518 4219 ταμιεύετιοι.

2258 4240 2316 4292 I'.
2350 4239 2552 4310 Ὥσπερ
2585 4237 2635 4291 οἱ
2665 4234 3032 4312 παιδαγωγεῖν
3074 4238 3200 4299 τοὺς
3250 4239 3403 4298 νέους
3451 4233 3896 4309 παραλαϐόντες,

2183 4320 2322 4380 ἔστιν
2376 4324 2463 4379 ὅτε
2521 4326 2608 4379 καὶ
2663 4323 2926 4385 δεσπότας
2980 4324 3137 4387 ὄντας
3190 4324 3383 4395 ἰδίους,
3436 4326 3562 4381 ἀλλ’
3615 4324 3711 4380 οῦν
3766 4348 3902 4381 παι-

2184 4412 2327 4475 δείας
2387 4414 2549 4487 χάριν
2604 4415 2692 4469 καὶ
2743 4413 3037 4487 εὐκοσμίας
3083 4416 3235 4485 ἠθῶν
3288 4415 3387 4470 οὐκ
3438 4416 3691 4469 ὀκνοῦσιν
3741 4416 3900 4487 ὅμως

2181 4503 2271 4558 καὶ
2336 4503 2555 4577 πληγὰς
2622 4504 2806 4564 αὐτοῖς
2872 4504 3120 4574 ἐντεῖναι,
3180 4506 3316 4559 κατά
3382 4503 3608 4572 πολλὴν
3668 4502 3897 4559 ἄδειαν·

366 4602 499 4641 rum
551 4586 823 4644 honestos
873 4590 1138 4654 forment,
1186 4608 1298 4647 non
1349 4599 1704 4649 cunctantur
1747 4612 1846 4652 eos
1890 4597 2062 4652 inter-

2221 4591 2319 4647 itu)
2368 4589 2449 4646 δεῖ
2505 4594 2590 4647 καὶ
2659 4593 2785 4653 τοὺς
2838 4598 3206 4668 προεστῶτας,
3261 4593 3322 4648 οὐ
3364 4594 3520 4648 πάθει
3563 4595 3742 4665 θυμοῦ
3799 4596 3893 4649 καὶ

367 4677 502 4731 dum
547 4676 731 4748 plagis
779 4679 954 4733 etiam
1001 4696 1211 4751 magna
1241 4681 1504 4739 libertate
1563 4685 1851 4754 impositis
1890 4687 2064 4741 casti-

367 4783 541 4836 gare;
576 4767 658 4822 sic
715 4774 938 4839 Oportet
986 4779 1039 4824 et
1081 4774 1435 4841 praepositos,
1471 4791 1583 4829 non
1619 4776 1714 4828 irae
1769 4778 2068 4845 perturba-

366 4856 544 4921 tione,
615 4864 717 4912 aut
784 4862 936 4915 fastu
1009 4862 1327 4931 superbiai;
1397 4880 1585 4932 neque
1652 4870 1713 4916 ut
1778 4880 1840 4918 se
1911 4864 2066 4930 ipsos

370 4944 732 5009 ulciscentes,
764 4947 993 5003 afﬁcere
1054 4967 1219 5018 pcena
1247 4953 1447 5005 merita
1504 4968 1600 5004 eos
1657 4967 1724 5004 ex
1774 4952 2067 5019 fratribus,

2177 4681 2664 4759 ὑψηλοφροσύνης,
2715 4681 2827 4737 οὐδ’
2872 4684 2945 4746 ὡς
2997 4683 3217 4745 ἑαυτοὺς
3258 4681 3617 4751 ἐκδικοῦντες,
3680 4684 3890 4754 ἀμύνε-

2175 4774 2298 4827 σθαι
2328 4772 2455 4832 τοὺς
2504 4769 2749 4834 παιδείας
2807 4774 2954 4834 τινὸς
3002 4778 3110 4826 τῶν
3162 4769 3413 4846 ἀδελφῶν
3471 4769 3887 4844 ἐπιδεομὲνους,

2178 4859 2325 4915 ἀλλά
2368 4861 2706 4935 σπλάγχνοις
2767 4866 3058 4935 χρηστοῖς,
3115 4862 3206 4915 καὶ
3266 4865 3454 4932 σκοπῷ
3506 4864 3889 4933 πνευματικῆς

2182 4948 2472 5024 ὠφελείας,
2502 4951 2599 5018 τὴν
2629 4947 2959 5023 ἐπιστροφὴν
3003 4950 3220 5004 ἐκείνων
3255 4949 3597 5024 ἐργάζεσθαι.

363 5032 462 5103 qui
512 5037 866 5090 correctione
928 5039 1191 5108 indigent
1246 5039 1481 5108 aliqua;
1515 5055 1714 5092 verum
1749 5037 1804 5093 id
1851 5039 2069 5093 faciant
2109 5039 2374 5110 benignis
2407 5042 2724 5095 visceribus
2753 5048 2809 5095 et
2838 5058 3077 5112 scopum
3146 5045 3441 5097 intuentes
3506 5058 3624 5095 unu
3649 5059 3703 5096 ω
3767 5044 3895 5113 spi-

366 5124 592 5180 ritualis
639 5126 894 5195 ipsorum
932 5128 1225 5197 utilitatis,
1261 5136 1325 5184 ut
1354 5133 1673 5199 operentur
1702 5130 1961 5200 ipsorum
1989 5132 2441 5186 conversionem.

436 5218 535 5271 XI.
573 5217 750 5272 Multo
799 5220 1010 5283 studio,
1046 5224 1434 5287 contentione,
1492 5237 1650 5288 cura,
1680 5226 1736 5276 et
1791 5222 2066 5277 certami-

366 5322 437 5361 ne
496 5326 811 5378 possumus
842 5311 1185 5366 cbaritatem
1226 5312 1280 5365 in
1318 5312 1498 5366 Deum
1533 5313 1845 5381 acquirere,
1877 5313 2064 5383 gratia

365 5404 417 5450 et
474 5399 625 5453 dono
683 5400 918 5467 Christi,
970 5401 1069 5471 qui
1118 5403 1400 5457 formatur
1459 5405 1515 5457 in
1577 5405 1769 5459 nobis.
1830 5404 1909 5458 Ex
1959 5405 2062 5458 hoc

366 5501 597 5556 quoque
654 5490 841 5558 primo
886 5490 970 5546 sic
1017 5491 1241 5562 expleto
1288 5493 1583 5562 mandato,
1616 5494 1689 5548 ad
1739 5494 2061 5549 secundum

436 5672 484 5707 ⁴²
519 5672 541 5726 Ι
574 5671 698 5728 Cor.
725 5690 803 5742 ix,
835 5678 887 5729 4.
965 5674 1010 5708 ⁴⁸
1032 5674 1235 5731 Matth.
1270 5676 1471 5742 xx,27.

2248 5221 2352 5276 IA'.
2389 5222 2513 5276 "Ott
2548 5218 2634 5275 διὰ
2664 5219 2883 5289 πολλῆς
2934 5218 3177 5291 σπουδῆς
3226 5222 3316 5277 καὶ
3366 5222 3555 5293 πόνου,
3610 5223 3889 5296 μερίμνης

2172 5329 2227 5362 τε
2267 5309 2353 5363 καὶ
2410 5312 2620 5384 ἂγῶνος
2664 5312 2762 5380 τὴν
2809 5313 2946 5384 πρὸς
3001 5311 3129 5366 Θεὸν
3179 5313 3395 5385 ἀγάπην
3446 5308 3664 5365 δυνατοὶ
3730 5314 3884 5384 γινὸο

2177 5401 2311 5471 μεθα
2377 5402 2676 5470 κτήσασθαι
2732 5402 2918 5474 χάριτι
2986 5401 3075 5455 καὶ
3126 5398 3301 5472 δωρεᾷ
3348 5405 3583 5477 Χριστοῦ
3632 5401 3684 5455 ἐν
3744 5405 3884 5475 ἡμῖν

2178 5487 2676 5566 διαμορφουμένου.
2761 5494 2855 5546 Ἐκ
2940 5488 2998 5545 δὲ
3053 5490 3256 5563 ταύτης
3316 5493 3403 5547 καὶ
3467 5493 3567 5561 τήν
3626 5489 3881 5568 δευτέραν
