4082 6196
248 326 372 388 849

1292 330 1528 392 LIBER
1568 329 1668 389 DE
1713 295 2263 390 PERFECTIONE
2305 327 2382 386 IN
2428 327 2763 390 SPIRITU.

3673 333 3794 392 850

255 461 406 534 φημὶ
438 460 688 532 ἐντολὴν,
717 464 817 532 τήν
867 463 1004 537 πρὸς
1050 464 1142 519 τὸν
1191 461 1426 532 πλησίον
1477 463 1712 538 ἀγάπην,
1764 460 1961 537 ῥαδίως

2131 463 2266 518 .cilis
2299 462 2496 518 eadem
2546 479 2653 533 ope
2703 463 2871 520 nobis
2918 465 3219 536 continget
3264 465 3566 534 transitus,
3603 467 3672 522 ad
3698 465 3786 520 di-

249 551 596 624 κατορθῶσαι
655 551 878 624 γίνεται.
940 550 1021 608 Τά
1098 551 1200 626 γᾶρ
1259 557 1449 626 πρῶτα
1505 551 1592 606 καὶ
1667 551 1963 624 προταττέ-

258 642 376 694 σθω
430 645 540 695 τῶν
581 639 792 710 ἄλλων,
824 641 914 697 καὶ
966 641 1136 698 πλέον
1183 641 1358 696 αὐτῶν
1401 639 1777 697 σπουδευέσθω
1809 662 1822 676 ·
1873 642 1963 695 καὶ

258 728 406 782 οὕτω
453 730 520 784 τά
561 727 781 803 δεύτερα
829 735 950 795 τοῖς
1000 732 1242 806 πρώτοις
1302 731 1536 805 ἑπόμενα
1584 725 1769 785 ἔσται·
1814 731 1858 785 εἰ
1911 728 1966 784 δέ

253 840 340 880 τις
393 823 494 884 τῆς
556 818 808 896 μεγάλης
866 821 1068 891 ταύτης
1126 821 1216 875 καὶ
1281 823 1504 894 πρώτης
1564 819 1810 890 ἐντολῆς,
1865 823 1964 885 τῆς

259 909 404 980 πρὸς
460 910 588 964 Θεὸν
645 910 860 986 ἀγάπης
917 913 1086 989 φημὶ,
1147 909 1617 985 κατολιγωρήσας,
1679 909 1800 980 ἥτις
1861 911 1966 964 ἀπὸ

257 1005 360 1066 τῆς
415 992 564 1052 ἔνδον
625 1000 788 1070 ἡμῶν
849 996 1138 1062 διαθέσεως
1195 997 1553 1069 συνειδήσεώς
1609 1021 1668 1054 τε
1735 1000 1965 1074 ἀγαθῆς,

259 1086 353 1140 καὶ
399 1087 592 1162 ὖγειῶν
637 1091 746 1141 τῶν
789 1088 924 1162 πρὸς
973 1088 1104 1143 Θεὸν
1145 1088 1389 1158 ἐννοιῶν,
1423 1087 1634 1160 συνάμα
1680 1089 1768 1142 καὶ
1824 1089 1971 1162 βοη-

262 1175 411 1235 θείας
481 1177 956 1252 συνεφαπτομένης
1015 1175 1320 1232 συνίσταται
1357 1197 1370 1210 ·
1437 1183 1541 1246 τῆς
1604 1174 1660 1231 δὲ
1719 1173 1967 1251 δευτέρας

262 1270 366 1332 τῆς
417 1257 609 1332 ἔξωθεν
655 1265 821 1336 μόνον
875 1265 1192 1337 ἐπιμέλειαν
1241 1271 1341 1334 τῆς
1385 1262 1660 1325 διακονίας
1708 1265 1967 1341 ἀφοσιοῦν

263 1352 546 1427 βούλεται,
575 1351 836 1408 ἀδύνατον
869 1353 1014 1426 αὐτῷ
1040 1357 1243 1425 ταύτην
1285 1355 1458 1428 ὑγιῶς
1500 1375 1558 1410 τε
1587 1356 1676 1409 καὶ
1725 1356 1969 1428 καθαρῶς

263 1440 568 1514 μετελθεῖν.
605 1447 666 1497 Ἠ
717 1445 822 1517 γάρ
849 1449 950 1512 τῆς
989 1442 1178 1506 κακίας
1215 1440 1442 1516 μέθοδος
1489 1445 1713 1516 μνήμης
1765 1437 1970 1516 ἔρημον

257 1531 352 1584 καὶ
413 1531 630 1606 ἀγάπης
683 1533 773 1586 καὶ
851 1536 984 1586 Θεοῦ
1044 1535 1324 1603 ζητήσεως
1404 1533 1496 1587 τὸν
1570 1535 1694 1586 νοῦν
1749 1533 1968 1606 ἀνευρί-

261 1641 489 1688 σκουσα,
539 1619 574 1688 ἢ
627 1618 868 1696 δυσχερῆ
922 1621 1010 1676 καὶ
1059 1621 1278 1676 ἐπίνονα
1330 1621 1396 1674 τὰ
1455 1623 1572 1675 θεῖα
1629 1620 1971 1695 ἐπιτάγματα

259 1710 538 1787 φαίνεσθαι
589 1715 758 1780 ποιεῖ,
809 1710 1160 1784 γογγυσμοὺς
1216 1711 1304 1764 καὶ
1367 1706 1543 1772 λύπας
1598 1708 1686 1763 καὶ
1738 1709 1970 1783 μέμψεις

257 1799 396 1855 κατᾶ
424 1807 523 1869 τῆς
573 1799 650 1860 εἰς
706 1800 838 1861 τοὺς
880 1798 1152 1876 ἀδελφοὺς
1206 1797 1480 1860 διακονίας
1518 1804 1587 1873 τῇ
1639 1803 1792 1875 ψυχῇ
1833 1799 1964 1853 ἀνα-

253 1894 482 1944 κινοῦσα
525 1909 538 1921 ·
597 1888 632 1958 ἢ
693 1889 868 1960 οἰήσει
927 1886 1276 1959 δικαιοσύνης
1332 1889 1708 1962 ἐξαπατήσασα
1755 1893 1960 1967 φυσιοῖ,

255 1978 348 2034 καὶ
392 1977 578 2032 ἑαυτὸν
630 1979 881 2054 ἡγεῖσθαι
926 1977 1112 2042 τίμιόν
1164 1997 1223 2032 τε
1267 1979 1356 2031 καὶ
1410 1978 1600 2052 μεγαν,
1649 1977 1741 2031 καὶ
1785 1974 1966 2050 ἄκρως

256 2069 622 2142 κατορθοῦντα
651 2068 746 2130 τὰς
779 2065 1004 2128 ἐντολάς
1037 2066 1336 2123 ἀναπείθει.

2070 554 2403 620 lectionem,
2471 553 2736 623 inquam,
2799 557 3072 626 proximi.
3121 555 3267 610 Nam
3331 555 3518 626 prima
3577 573 3794 628 praepo-

2077 654 2292 696 nanlur
2347 643 2499 710 aliis,
2531 649 2590 697 et
2640 643 2769 710 plus
2829 646 2884 700 in
2945 645 3016 699 iis
3055 646 3234 700 studii
3269 651 3537 716 ponatur,
3571 662 3635 700 ac
3661 653 3786 700 tum

2076 731 2314 786 demum
2357 732 2560 786 ordine
2609 735 2970 788 convenienti
3033 736 3282 790 secunda
3335 735 3538 806 primis
3587 751 3790 790 conse-

2077 825 2323 890 quenter
2381 821 2792 890 adjungentur.
2842 823 2902 878 Si
2959 825 3088 894 quis
3145 829 3340 880 autem
3409 841 3617 892 magno
3689 824 3787 879 illo

2075 913 2133 964 et
2159 909 2347 979 primo
2406 912 2702 976 mandato,
2762 911 3087 967 dilectionis
3135 913 3395 982 inquam,
3429 913 3552 980 Dei,
3589 914 3787 984 negle-

2075 1002 2164 1052 cto
2207 999 2357 1070 (quae
2423 998 2657 1054 dilectio
2717 1016 2785 1054 ex
2845 1001 3105 1057 interiori
3143 1009 3342 1058 nostra
3375 1003 3782 1072 dispositione,

2077 1089 2549 1158 conscientiaque
2583 1090 2752 1156 bona,
2783 1093 2842 1143 et
2871 1089 3030 1144 sanis
3061 1090 3132 1142 de
3163 1090 3278 1144 Deo
3309 1091 3786 1170 cogitationibus,

2077 1182 2454 1231 concurrente
2487 1177 2658 1232 simul
2703 1178 2918 1232 auxilio
2967 1178 3168 1250 gratias
3215 1181 3621 1248 cooperatricis
3671 1182 3785 1233 cli-

2075 1265 2246 1336 citur)
2279 1266 2536 1320 secundo
2598 1267 2871 1320 mandato
2937 1267 3264 1322 dilectionis
3315 1269 3579 1338 proximi,
3630 1275 3790 1322 exte-

2079 1355 2217 1408 riori
2272 1361 2496 1411 tantum
2547 1359 2716 1410 tenus
2764 1357 3074 1412 ministerii
3127 1357 3498 1412 accuratione
3552 1357 3792 1428 defungi

2079 1443 2366 1512 voluerit;
2393 1461 2760 1516 nequaquam
2807 1446 2954 1500 illud
3004 1447 3209 1515 poterit
3241 1463 3382 1501 sane
3421 1463 3484 1501 ac
3520 1463 3662 1516 pure
3694 1463 3788 1501 ex-

2078 1536 2264 1603 sequi.
2299 1535 2442 1588 Nam
2497 1537 2636 1588 ratio
2686 1535 3078 1604 impugnantis
3127 1551 3232 1590 nos
3283 1535 3534 1602 malitiae,
3570 1551 3792 1592 memo-

2079 1623 2199 1688 riae,
2273 1623 2512 1690 amoris,
2581 1627 2636 1676 et
2667 1622 2768 1678 Dei
2810 1623 3212 1694 inquisitionis
3259 1640 3500 1679 vacuam
3533 1633 3784 1678 mentem

2079 1712 2395 1782 reperiens,
2459 1717 2560 1766 aut
2615 1711 2812 1782 efﬁcit,
2848 1718 2911 1766 ut
2965 1711 3208 1767 molesta
3265 1720 3318 1768 et
3379 1713 3666 1768 laboriosa
3707 1716 3792 1768 ni-

2083 1802 2193 1856 mis
2227 1803 2338 1873 ipsi
2374 1803 2469 1856 Dei
2507 1809 2790 1873 praecepta
2847 1803 3187 1869 videantur;
3222 1804 3375 1858 unde
3433 1804 3491 1857 in
3519 1819 3789 1858 murmu-

2083 1893 2356 1959 rationes,
2421 1891 2671 1958 dolores,
2721 1898 2776 1946 et
2817 1891 3084 1963 querelas
3135 1897 3337 1948 contra
3393 1893 3788 1948 ministerium

2079 1997 2214 2052 erga
2251 1982 2455 2036 fratres
2504 1983 2760 2036 animam
2810 1982 3040 2048 incitat;
3077 1987 3176 2037 aut
3222 1981 3494 2054 opinione
3542 1981 3790 2052 justitiae

2079 2069 2386 2140 deceptum
2427 2069 2510 2124 sic
2565 2070 2994 2125 ministrantem
3045 2069 3214 2126 inﬂat
3242 2088 3256 2138 ;
3289 2076 3344 2125 et
3373 2070 3422 2124 ei
3457 2072 3786 2141 persuadet,

261 2165 332 2214 ut
369 2175 432 2214 se
471 2158 756 2214 existimet
791 2159 1110 2230 pretiosum
1153 2159 1466 2229 quemdam
1513 2173 1578 2212 ac
1638 2173 1952 2228 magnum;
1995 2161 2050 2213 et
2104 2174 2338 2213 summa
2395 2161 2745 2228 perfectione
2805 2163 3018 2214 cuncta
3073 2159 3170 2214 Dei
3237 2159 3588 2214 efﬁcientem
3631 2175 3792 2214 man-

263 2249 426 2304 data.

336 2336 438 2390 IB'.
491 2333 718 2389 Ὀπόταν
766 2333 954 2390 ἑαυτὸν
1004 2333 1168 2406 οἰηθῇ
1235 2331 1520 2408 ἄνθρωπος
1576 2333 1682 2387 τῶν
1735 2333 1972 2389 ἐντολῶν

261 2422 634 2496 ἐπιμελητὴν,
682 2420 854 2492 δῆλός
885 2421 1025 2477 ἐστιν
1075 2423 1424 2497 ἁμαρτάνων,
1455 2424 1543 2476 καὶ
1595 2429 1696 2490 τῆς
1745 2421 1970 2492 ἐντολῆς

257 2511 652 2589 σφαλλόμενος
689 2532 700 2544 ·
757 2511 848 2567 ὅτε
889 2513 1084 2586 κρίνων
1123 2513 1335 2580 ἑαυτὸν,
1368 2513 1455 2566 καὶ
1493 2515 1568 2584 μὴ
1615 2514 1704 2568 τὸν
1750 2511 1974 2584 άληθῶς

260 2604 520 2676 κρίνοντα
576 2599 1051 2676 προσδεξάμενος·
1114 2603 1241 2658 ὁταν
1295 2605 1400 2678 γὰρ
1464 2609 1831 2678 συμμαρτυρῇ
1891 2609 1974 2676 τῷ

259 2692 534 2764 πνεύματι
595 2693 758 2766 ἡμῶν
815 2692 878 2746 τὸ
943 2696 1038 2746 τοῦ
1097 2697 1230 2747 Θεοῦ
1285 2696 1524 2764 Πνεῦμα,
1566 2692 1702 2747 κατᾶ
1756 2691 1818 2747 τὸ
1881 2691 1976 2748 λό-

257 2802 388 2858 γιον
437 2781 684 2848 Παύλου,
730 2784 854 2836 τότε
897 2779 1226 2859 φιλαλήθως
1276 2787 1519 2858 Χριστοῦ
1560 2783 1721 2854 ἄξιοι,
1753 2784 1844 2838 καὶ
1885 2781 1972 2840 τὲ-

257 2893 362 2926 κνα
431 2875 566 2927 Θεοῦ
621 2876 967 2947 τυγχάνομεν
1025 2871 1193 2938 ὄντες,
1253 2871 1367 2946 οὐχ
1422 2873 1548 2927 ὅταν
1627 2871 1738 2945 ἰδίᾳ
1795 2873 1972 2940 οἰήσει

261 2961 494 3023 ἑαυτοὺς
572 2958 996 3035 δικαιώσωμεν·
1081 2961 1153 3016 0-5
1224 2962 1326 3037 γάρ

263 3053 426 3128 φησὶ,
507 3048 788 3124 δόκιμος·
877 3049 1004 3107 ἀλλ’

1420 2963 1608 3016 ἑαυτὸν
1687 2967 1946 3017 συνιστῶν
1957 3007 1972 3034 ,

1089 3053 1146 3106 ὃν
1221 3052 1248 3105 ὁ
1335 3051 1531 3126 Κύριος
1608 3052 1912 3122 συνίστησιν
1957 3069 1972 3086 ·

2153 2335 2273 2391 XII.
2309 2335 2450 2392 Cum
2483 2336 2653 2392 homo
2687 2354 2748 2392 se
2777 2337 2970 2408 ipsum
2997 2338 3294 2393 existimat
3333 2342 3597 2394 accurate
3619 2355 3788 2394 man-

2079 2427 2214 2480 data
2279 2426 2538 2498 exsequi,
2599 2427 2708 2482 hoc
2765 2429 2892 2498 ipso
2951 2427 3256 2484 manifesto
3337 2429 3526 2498 prodit
3582 2427 3794 2500 indicio

2080 2531 2268 2570 errare
2297 2532 2378 2584 se,
2415 2533 2480 2570 ac
2523 2533 2556 2571 a
2606 2517 2872 2588 praecepti
2929 2517 3330 2574 observatione
3351 2516 3633 2572 deviasse.
3669 2515 3770 2571 Ut-

2081 2609 2211 2674 pote
2233 2603 2332 2674 qui
2359 2615 2716 2676 praeoccupat
2757 2605 3048 2674 judicium
3099 2607 3170 2661 de
3226 2623 3286 2660 se
3319 2607 3440 2678 ipso
3475 2607 3638 2672 ferre,
3673 2621 3788 2660 non

2081 2701 2422 2766 exspectans
2459 2711 2590 2751 vere
2632 2695 3013 2765 judicantem.
3049 2695 3292 2760 Quando
3339 2695 3495 2750 enim
3529 2695 3789 2749 testimo-

2081 2784 2242 2839 nium
2277 2784 2456 2838 reddit
2519 2786 2746 2856 spiritui
2770 2791 2952 2840 nostro
2976 2784 3074 2840 Dei
3103 2784 3342 2855 Spiritus
3369 2783 3436 2850 “,
3466 2784 3789 2839 secundum

2083 2873 2270 2942 Pauli,
2303 2879 2442 2928 tunc
2501 2875 2688 2929 solum
2747 2875 2974 2930 Christo
3025 2875 3206 2944 digni,
3239 2879 3294 2929 et
3351 2875 3453 2928 ﬁlii
3525 2875 3622 2929 Dei
3661 2888 3791 2928 vere

2081 2979 2324 3030 sumus;
2363 2980 2478 3018 non
2512 2969 2702 3018 autem
2737 2964 2972 3034 quando
3013 2963 3262 3035 propriae
3310 2963 3600 3033 Opinionis
3627 2979 3788 3018 arro-

2083 3051 2289 3123 gantia
2311 3053 2505 3122 justos
2529 3069 2634 3106 nos
2657 3052 2766 3122 ipsi
2806 3051 3316 3108 declaraverimus.
3346 3053 3460 3106 Non
3517 3057 3663 3105 enim
3693 3052 3789 3122 qui

261 3143 486 3218 ἐπείπερ
555 3143 682 3199 ὅταν
746 3145 974 3216 μνήμης
1028 3143 1118 3198 καὶ
1185 3139 1358 3219 φόϐου
1427 3146 1560 3197 Θεοῦ
1632 3141 1836 3218 γυμνὸς
1897 3139 1961 3198 ὢν

2131 3155 2140 3189 ι
2169 3141 2346 3209 ipsum
2374 3139 2733 3206 commendat,
2767 3139 2864 3206 ait,
2903 3140 2999 3194 ille
3043 3140 3301 3210 probatus
3349 3143 3450 3204 est,
3500 3138 3594 3192 sed
3619 3155 3786 3208 quem

262 3235 585 3304 εὑρίσκηται
651 3234 680 3288 ὁ
754 3232 1064 3308 ἄνθρωπος,
1117 3231 1305 3300 πολλή
1372 3231 1580 3307 ἀνάγκη
1639 3233 1730 3287 καὶ
1809 3231 1970 3303 δόξης

258 3322 388 3398 ἐρᾷν
437 3322 528 3376 καὶ
575 3321 822 3395 θηρεύειν
873 3317 1089 3376 ἔπαινον
1151 3323 1298 3395 παρά
1343 3325 1452 3376 τῶν
1505 3321 1592 3374 ὑπ’
1640 3319 1804 3376 αὺτοῦ
1855 3317 1974 3376 δια-

257 3411 637 3483 κονουμένων.
716 3415 772 3464 Ὁ
830 3407 886 3465 δέ
941 3432 1002 3486 γε
1064 3415 1311 3473 τοιοῦτος
1371 3408 1594 3472 ἄπιστος
1663 3412 1808 3483 παρά
1877 3413 1974 3466 τοῦ

269 3499 478 3573 Κυρίου
537 3498 890 3574 ἐλήλεγκται,
947 3499 1185 3572 καθάπερ
1243 3497 1350 3569 ἤδη
1421 3496 1776 3569 δεδήλωται·
1853 3504 1972 3562 Πῶς

261 3592 392 3667 γὰρ,
462 3589 616 3666 φησὶ,
696 3588 919 3644 δύνασθε
995 3590 1152 3662 ὑμεῖς
1225 3588 1515 3656 πιστεύειν,
1593 3587 1746 3660 δόξαν
1829 3590 1976 3664 παρὰ

263 3679 540 3752 ἀλλήλων
615 3675 1010 3752 λαμϐάνοντες,
1070 3680 1158 3734 καὶ
1233 3681 1332 3748 τὴν
1403 3676 1556 3750 δόξαν
1633 3683 1730 3734 τοῦ
1805 3680 1975 3752 μόνου

265 3775 406 3828 Θεοῦ
438 3769 500 3824 οὐ
533 3775 864 3840 ζητοῦντεςς

346 3949 454 4004 II".
501 3949 700 4022 Ἀγῶνι
759 3945 956 4018 πολλῷ
1013 3966 1104 4000 και
1159 3947 1390 4018 καμάτῳ
1448 3947 1570 4006 νοὸς
1631 3943 1718 3999 διὰ
1769 3949 1977 4017 σεμνῶν

273 4038 504 4094 ἐννοιῶν
553 4038 644 4092 καὶ
691 4044 791 4106 τῆς
843 4041 1108 4111 συνεχοῦς
1163 4037 1375 4090 πάντων
1426 4039 1532 4088 τῶν
1585 4033 1772 4089 καλῶν
1821 4035 1984 4107 μερί-

279 4147 422 4202 μνης
477 4129 514 4195 ἡ
571 4129 710 4202 πρὸς
765 4127 894 4182 Θεὸν
963 4123 1172 4203 ἀγάπη,
1239 4124 1478 4198 καθάπερ
1545 4123 1776 4200 εἶ’ρηται,
1853 4144 1983 4179 κατ-

275 4218 574 4286 ορθοῦσθαι
624 4213 890 4270 δύναται·
942 4216 1034 4270 ἅτε
1063 4219 1160 4268 τοῦ
1210 4211 1450 4268 ἐναντίου
1481 4217 1558 4283 τῷ
1605 4210 1860 4287 ἡμετέρῳ
1907 4217 1984 4285 νῷ

270 4303 696 4378 ἐμποδίζοντος,
725 4305 817 4360 καὶ
868 4306 932 4360 οὗ
965 4307 1384 4378 συγχωροῦντος
1434 4300 1583 4372 αὐτῷ
1615 4299 1702 4356 διὰ
1732 4308 1834 4370 τῆς
1874 4306 1981 4356 τῶν

269 4395 460 4450 καλῶν
521 4398 748 4468 μνήμης
820 4399 900 4467 τῷ
968 4394 1096 4466 θείῳ
1152 4390 1313 4463 ἔρωτι
1392 4392 1778 4466 προσανέχειν,
1841 4390 1986 4447 ἂλλά

2083 3229 2217 3284 Deus
2271 3227 2610 3284 commendat
2664 3228 2730 3284 ‘5.
2781 3227 3261 3300 Quandoquidem
3322 3243 3456 3281 cum
3500 3229 3790 3282 memoriae

2081 3324 2138 3374 et
2193 3317 2420 3372 timoris
2477 3318 2573 3372 Dei
2632 3335 2834 3388 expers
2893 3319 3178 3389 reperitur
3233 3316 3426 3387 homo,
3495 3316 3612 3371 ﬁeri
3674 3333 3790 3371 non

2080 3413 2290 3480 potest,
2347 3408 2490 3479 quin
2534 3415 2588 3462 et
2634 3407 2874 3477 gloriam
2933 3410 3104 3473 amet,
3153 3411 3209 3461 et
3265 3414 3503 3460 venetur
3555 3405 3790 3460 laudem

2082 3498 2154 3552 ab
2183 3498 2276 3564 iis,
2309 3514 2458 3568 quos
2525 3497 2851 3552 ministerio
2909 3513 3014 3552 suo
3057 3497 3245 3564 juvat.
3287 3495 3446 3550 Talis
3479 3511 3646 3566 porro
3681 3495 3793 3550 fide

2081 3602 2276 3642 carere
2305 3604 2336 3641 a
2368 3585 2613 3642 Domino
2643 3587 2942 3643 convictus
2984 3590 3092 3652 est,
3125 3585 3209 3640 uti
3257 3601 3432 3656 supra
3454 3585 3580 3654 jam
3613 3584 3796 3654 signi-

2085 3677 2321 3732 ficatum
2387 3681 2517 3731 est:
2590 3677 2865 3744 Quomodo
2928 3677 3148 3746 potestis
3221 3675 3442 3728 credere
3525 3690 3634 3739 vos,
3702 3672 3797 3743 qui

2083 3765 2320 3836 gloriam
2349 3765 2418 3819 ab
2468 3767 2704 3820 invicem
2752 3765 3023 3836 accipitis,
3056 3773 3105 3818 et
3151 3763 3417 3834 gloriam,
3450 3778 3573 3834 qua:
3617 3779 3652 3817 a
3683 3763 3793 3818 solo

2091 3856 2192 3910 Deo
2211 3863 2311 3920 est,
2333 3870 2444 3908 non
2474 3854 2719 3924 quaeritis
2757 3853 2824 3908 ‘5.

2160 3943 2298 3998 Xlll.
2326 3943 2652 3998 Certamine
2699 3942 2884 3996 multo
2933 3945 2990 3995 et
3044 3939 3240 3995 labore
3267 3940 3501 4006 mentis,
3535 3956 3635 4009 per
3665 3955 3794 3994 san-

2090 4039 2214 4088 ctas
2244 4032 2614 4104 cogitationes
2664 4037 2722 4087 ct
2768 4031 3066 4087 continam
3129 4047 3232 4101 pro
3289 4029 3565 4084 omnibus
3625 4029 3793 4084 bonis

2093 4122 2268 4176 rebus
2299 4120 2748 4175 sollicitudinem
2781 4121 3031 4174 cbaritas
3063 4120 3120 4172 in
3153 4117 3360 4186 Deum,
3392 4118 3544 4172 sicut
3573 4117 3792 4172 dictum

2091 4219 2197 4276 est,
2229 4211 2298 4264 ab
2328 4209 2584 4275 homine,
2621 4215 2794 4280 prout
2826 4210 2910 4263 fas
2949 4213 3058 4276 est,
3087 4213 3274 4277 potest
3319 4205 3570 4260 exerceri
3603 4206 3820 4275 ;quod,

2093 4298 2458 4354 adversarius
2497 4299 2779 4369 impediat
2827 4307 3074 4353 mentem
3129 4301 3408 4362 nostram,
3446 4311 3550 4348 nec
3608 4294 3795 4348 eidem

2097 4389 2413 4461 permittat,
2438 4391 2501 4442 ut
2531 4403 2633 4457 per
2655 4386 2995 4441 memoriam
3045 4385 3327 4440 bonarum
3380 4398 3576 4436 rerum
3611 4381 3798 4437 amori

261 4491 388 4548 ταῖς
439 4484 658 4560 γηΐναις
717 4484 1032 4558 ἐπιθυμίαις
1086 4485 1186 4552 τὴν
1243 4483 1490 4552 αἶ’σθησιν
1554 4480 1957 4556 περισαίνοντος

2131 4477 2280 4532 ivino
2302 4485 2458 4530 vacet
2481 4519 2496 4544 ,
2531 4475 2634 4530 sed
2675 4475 2944 4530 terrentis
2967 4473 3271 4529 desideriis
3315 4471 3513 4528 sensui
3565 4471 3804 4526 abblan-

267 4576 362 4630 Ἐν
391 4573 570 4646 τούτῳ
599 4576 700 4649 γὰρ
733 4575 761 4628 ὁ
809 4577 906 4628 τοῦ
937 4576 1183 4646 πονηροῦ
1215 4572 1462 4640 θάνατος,
1493 4583 1582 4624 και
1624 4572 1742 4624 οἷον
1783 4570 1977 4638 εἰπεῖν,

265 4656 512 4737 ἀγχόνη,
561 4663 650 4716 ὅτε
695 4665 764 4734 τῇ
822 4665 918 4714 τοῦ
979 4663 1112 4714 Θεοῦ
1170 4659 1348 4732 ἀγάπῃ
1408 4657 1497 4712 καὶ
1551 4660 1744 4732 μνήμῃ
1793 4657 1980 4728 ἀπερι-

267 4752 528 4812 σπάστως
587 4751 616 4805 ὁ
665 4753 791 4811 νοῦς
847 4749 1186 4825 οὐρίσκηται.
1251 4749 1522 4802 Ἐντεῦθεν
1580 4748 1668 4800 καὶ
1729 4749 1763 4816 ἡ
1841 4745 1979 4822 πρὸς

263 4841 364 4896 τὸν
410 4837 649 4913 ἀδελφὸν
699 4837 1005 4914 εἰλικρινὴς
1063 4838 1244 4912 ἀγάπη
1292 4842 1552 4904 συστῆναι
1605 4833 1843 4902 δύναται,
1887 4835 1978 4889 καὶ

263 4933 302 5000 ἡ
339 4932 554 4998 ἀληθὴς
599 4929 876 4998 ἁπλότης,
905 4930 994 4984 καὶ
1051 4927 1353 5000 ἠπραὸτης
1399 4924 1458 4980 τέ
1501 4945 1645 5002 φημι
1676 4925 1766 4978 καί
1811 4923 1978 5002 εὐχὴ,

256 5019 354 5075 καὶ
389 5023 492 5081 πᾶς
541 5021 569 5074 ὁ
621 5016 964 5090 περικαλλὴς
995 5021 1102 5070 τῶν
1155 5015 1358 5090 ἀρετῶν
1419 5011 1698 5092 στέφανος,
1751 5009 1838 5066 διὰ
1875 5019 1975 5080 τῆς

259 5115 420 5183 μιᾶς,
447 5109 540 5164 καὶ
594 5111 786 5182 μόνης,
819 5109 908 5163 καὶ
956 5107 1182 5182 πρώτης
1230 5103 1479 5172 ἐντολῆς,
1519 5110 1618 5172 τῆς
1658 5103 1792 5177 πρὸς
1845 5103 1974 5157 Θεὸν

257 5200 481 5276 ἀγάπης
557 5201 654 5268 τήν
739 5197 1060 5266 τελειότητα
1143 5193 1382 5268 δέχεται.
1469 5193 1705 5267 ’Δγῶνος
1792 5190 1974 5245 τοίνυν

263 5289 490 5346 πολλοῦ
554 5289 642 5344 καὶ
701 5287 871 5343 πόνου
929 5291 1169 5361 κρυπτοῦ
1219 5285 1310 5358 καί
1371 5280 1581 5351 ἀδήλου
1641 5281 1824 5355 χρεία,
1885 5281 1976 5336 λο-

257 5383 476 5456 γισμῶν
556 5377 778 5454 ἐρεύνης
847 5397 904 5432 τε
958 5375 1048 5430 καὶ
1121 5380 1222 5442 τῆς
1279 5377 1388 5428 τῶν
1439 5371 1820 5440 ἠσθενηκότων
1872 5377 1972 5440 τῆς

260 5473 459 5546 ψυχῆς
503 5472 662 5542 ἡμῶν
712 5465 1086 5542 αῗσθητηρίων
1138 5463 1462 5539 γυμνασίας,
1517 5459 1655 5534 πρὸς
1705 5457 1971 5535 διάκρισιν

337 5647 386 5684 ⁶⁴
415 5647 582 5704 Rom.
613 5663 736 5718 vut,
771 5646 860 5704 16.
935 5643 982 5680 ⁴⁵
1013 5643 1062 5700 ΙΙ
1093 5643 1222 5699 Cor.
1253 5659 1310 5709 α,
1343 5643 1433 5697 18.
1509 5639 1724 5696 ⁴⁴¹.Ῐοιιιι.
1759 5655 1819 5708 v,
1843 5641 1934 5697 44.

2087 4565 2267 4622 ditur.
2333 4565 2478 4620 Nam
2543 4581 2721 4629 mors,
2779 4569 2835 4620 et
2903 4568 2966 4618 ut
3032 4563 3116 4618 sic
3163 4563 3375 4628 dicam,
3409 4560 3796 4632 suspendium

2087 4653 2303 4709 diaboli
2363 4662 2469 4720 est,
2521 4655 2748 4724 quando
2817 4652 2876 4708 in
2937 4651 3036 4707 Dei
3091 4651 3376 4707 charitate
3450 4654 3507 4704 et
3573 4665 3800 4706 memo-

2089 4745 2494 4800 riaindivulse
2533 4759 2901 4800 commorans
2953 4758 3121 4797 mens
3179 4741 3436 4794 humana
3484 4738 3797 4808 reperitur.

2087 4838 2234 4890 Hinc
2258 4835 2378 4904 jam
2407 4849 2583 4905 prono
2615 4834 2782 4904 quasi
2827 4832 2972 4886 flexu
3037 4829 3236 4884 illimis
3267 4827 3324 4882 in
3361 4827 3598 4881 fratrem
3631 4825 3797 4882 facile

2089 4926 2373 4979 redundat
2406 4923 2682 4990 charitas,
2717 4927 2771 4976 et
2801 4937 2927 4976 vera
2950 4919 3320 4990 simplicitas,
3361 4921 3419 4970 et
3451 4920 3800 4971 mansuetu-

2086 5015 2182 5080 do,
2212 5019 2270 5066 et
2298 5011 2622 5078 humilitas,
2655 5011 2980 5076 sinceritas,
3015 5014 3071 5063 et
3094 5007 3341 5072 bonitas,
3367 5010 3424 5060 et
3453 5005 3582 5076 ipsa
3611 5006 3794 5060 oratio

2091 5102 2244 5157 I13
2313 5107 2777 5170 cunctarumque
2833 5101 3080 5154 formose
3139 5095 3510 5166 resplendens
3586 5109 3798 5148 corona

2083 5191 2385 5256 virtutum,
2422 5206 2522 5261 per
2576 5189 2720 5244 illud
2791 5204 2975 5242 unum
3042 5191 3098 5241 et
3163 5184 3353 5240 solum
3418 5191 3474 5237 et
3539 5183 3790 5252 primum

2084 5281 2408 5338 dilectionis
2474 5280 2574 5336 Dei
2642 5282 2982 5334 mandatum
3076 5276 3489 5348 perfectionem
3557 5273 3791 5344 accipit.

2081 5369 2404 5426 Certamina
2477 5370 2650 5439 igitur
2716 5369 2900 5423 multo
2968 5371 3024 5421 et
3080 5369 3291 5420 conatu
3383 5361 3632 5430 occulto,
3688 5379 3793 5418 nec

2084 5461 2222 5516 foris
2287 5458 2630 5516 observabili
2713 5457 3106 5514 contentionis
3186 5455 3382 5512 labore
3459 5469 3605 5524 opus
3682 5461 3791 5522 est,
