4082 6196
278 324 388 384 851

1624 314 1690 373 S.
1737 311 2058 375 MACARII
2103 314 2443 381 EGYPTII

3677 311 3797 373 852

276 458 335 509 in
404 451 859 524 perscrutatione
940 445 1380 519 cogitationum,
1438 446 1496 501 in
1586 446 1989 502 exercitatione

2170 459 2280 514 ιλοῦ
2334 476 2392 510 τε
2442 448 2533 504 καὶ
2586 451 2777 521 κακοῦ,
2834 446 2927 503 καὶ
2982 451 3080 502 τοῦ
3137 444 3390 522 ρωννύιιν
3444 442 3537 501 καὶ
3594 443 3803 515 ἀναζω-

281 543 643 599 infirmorum
733 541 944 595 anima:
1040 551 1317 593 sensuum
1413 536 1485 591 ad
1578 535 1991 592 discretionem

278 633 416 688 boni
463 637 520 687 et
567 630 726 700 mali,
779 633 836 684 in
903 626 1349 685 corroborandis
1417 632 1472 682 et
1522 626 1837 681 excitandis
1893 643 1994 697 per

285 723 611 778 studiosam
671 735 871 774 versus
938 719 1117 773 Deum
1183 716 1617 771 inclinationem
1675 715 1992 771 debilitatis

288 813 492 867 animae
564 812 860 865 membris.
892 809 978 863 Ita
1038 823 1203 862 mens
1270 811 1470 861 nostra
1533 804 1804 861 continue
1872 805 1989 861 Deo

288 902 481 969 afﬁxa,
524 900 808 956 coalescet
850 900 907 953 in
952 914 1133 953 unum
1174 912 1308 952 cum
1377 895 1623 951 Domino
1690 896 1987 966 spiritum,

287 992 449 1060 juxta
475 991 769 1046 oraculum
805 989 989 1043 Pauli.

353 1083 503 1137 XIV.
555 1080 715 1135 Hanc
770 1084 961 1134 autem
1014 1078 1347 1132 interiorem
1406 1077 1861 1144 contentionem,
1902 1077 1990 1131 la-

282 1173 505 1237 borem,
595 1179 648 1224 et
736 1169 1199 1236 meditationem,
1276 1168 1631 1223 incessanter
1729 1170 1989 1223 conferre

282 1265 508 1332 oportet
538 1259 765 1314 virtutis
795 1263 1082 1313 amatores
1114 1258 1185 1312 ad
1238 1273 1467 1312 omnem
1528 1257 1985 1313 observationem

282 1350 539 1405 mandati
582 1350 702 1404 sive
759 1357 1015 1414 orantes,
1048 1346 1166 1401 sive
1217 1346 1641 1413 ministrantes,
1677 1348 1988 1401 comeden-

280 1446 367 1495 tes
418 1442 557 1509 quin
604 1440 771 1494 etiam
822 1442 923 1493 aut
970 1438 1237 1493 bibentes
1272 1454 1285 1492 :
1320 1446 1375 1492 ut
1437 1438 1825 1508 quodcunque
1881 1439 1988 1493 de-

282 1547 445 1584 mum
482 1531 699 1584 bonum
752 1529 822 1584 ab
863 1528 1005 1600 ipsis
1056 1529 1172 1594 fiet,
1208 1527 1263 1581 in
1315 1528 1561 1599 gloriam
1620 1528 1741 1596 Dei,
1772 1533 1829 1584 et
1872 1544 1985 1585 non

282 1622 339 1674 in
393 1623 654 1674 nostram
704 1620 805 1673 fiat
844 1618 1123 1691 gloriam;
1170 1635 1351 1689 prona
1406 1626 1595 1673 autem
1670 1628 1722 1673 et
1799 1619 1990 1674 facilia

283 1710 451 1765 nobis
485 1715 714 1777 cuncta,
749 1727 877 1780 quas
927 1711 998 1764 ad
1040 1709 1378 1780 quarumvis
1429 1708 1528 1764 Dei
1584 1709 1989 1765 mandatorum

2098 554 2283 628 πορεῖν
2322 545 2410 602 διὰ
2457 550 2556 612 τῆς
2590 544 2689 596 τοῦ
2728 538 2822 595 νοῦ
2870 538 3007 613 πρὸς
3054 539 3181 593 Θεὸν
3233 532 3536 609 ἐπιμελοῦς
3570 533 3805 596 νεύσεως

2096 624 2185 698 τὸι⁷
2212 636 2563 706 πεπονηκότα
2608 637 2710 696 τῆς
2755 631 2941 704 ψυχῆς
2995 624 3161 701 μέλη.
3221 626 3278 681 Ὀ
3326 627 3426 701 γὰρ
3477 629 3603 686 νοῦς
3645 627 3809 696 ἡμῶν

2100 734 2246 789 οὕτω
2298 726 2588 784 διαπαντὸς
2637 724 2717 792 τῷ
2768 724 2886 792 Θεῷ
2940 715 3463 792 προσ-κολλώμενος,
3517 715 3806 790 γενήσεται

2104 824 2239 897 μετᾶ
2286 823 2384 875 τοῦ
2423 814 2624 891 Κυρίου
2654 812 2729 873 εἷς
2766 810 2831 881 ,ἓν
2874 812 3105 883 πνεῦμα,
3140 806 3276 862 κατᾶ
3319 807 3382 861 τὸ
3424 805 3613 880 λογιον
3655 804 3815 859 Παύ-

2100 913 2223 971 λου.

2174 1092 2271 1149 ΙΔ¹.
2312 1091 2510 1143 Τοῦτον
2573 1081 2629 1138 δέ
2686 1090 2818 1159 φησι
2870 1079 2962 1134 τὸν
3022 1074 3258 1151 κρυπτὸν
3318 1075 3520 1149 ἀγῶνα,
3568 1074 3663 1129 καὶ
3712 1075 3813 1128 τὸν

2101 1183 2293 1251 πόνον,
2353 1175 2443 1233 καὶ
2515 1175 2613 1242 τὴν
2688 1169 2943 1245 μελέτην,
3029 1164 3395 1226 ἀδιαλείπτως
3458 1162 3605 1239 ἔχειν
3674 1162 3813 1225 τοὺς

2099 1272 2426 1351 φιλαρέτους
2502 1265 2615 1344 χρὴ
2683 1262 2820 1351 πρὸς
2896 1263 3069 1314 πᾶσαν
3128 1253 3469 1351 ἐπιτήδευσιν
3544 1252 3815 1351 furto-173:,

2098 1342 2629 1433 iftoret’ixoiaévooc,
2679 1352 2713 1420 ἢ
2765 1348 3168 1414 διακονοῦντας,
3222 1343 3491 1433 ἐσθίοντας
3537 1342 3574 1411 ἢ
3624 1344 3820 1398 πίνον⁴

2097 1470 2229 1513 τας·
2290 1432 2373 1504 ἱνί
2419 1445 2551 1520 ὅπερ
2605 1442 2664 1498 ἂν
2725 1440 2952 1518 γένηται
3008 1437 3230 1513 ἀγαθὸν,
3283 1434 3359 1497 είς
3426 1432 3581 1504 δόξαν
3644 1437 3819 1502 Θεοῦ,

2095 1542 2183 1598 καὶ
2247 1540 2321 1614 μὴ
2391 1535 2467 1597 εἷς
2539 1531 2808 1606 ἡμετέραν
2877 1523 3378 1602 γένηταιλδόξαν·
3464 1525 3662 1614 εὐπετῆ
3759 1524 3822 1577 δι

2095 1608 2256 1705 ἡμῖν.
2289 1627 2378 1684 καὶ
2438 1621 2597 1700 ῥᾴδια
2654 1621 2829 1676 πάντα
2885 1618 2953 1673 τὰ
3001 1622 3108 1672 τῶν
3168 1613 3403 1671 ἐντολῶν
3463 1608 3634 1679 ἔσται,
3706 1620 3820 1681 τῆς

2095 1702 2195 1779 τοῦ
2244 1723 2378 1775 Θεοῦ
2426 1714 2645 1789 ἀγάπης
2698 1712 2833 1767 αὐτὰ
2881 1706 3365 1781 διευμαριζούσης,
3413 1704 3501 1759 καὶ
3556 1704 3621 1757 τὸ
3670 1702 3818 1758 ἐπί-

282 1800 514 1871 plenam
596 1802 1030 1856 exsecutionem
1099 1801 1378 1866 attinent;
1446 1816 1640 1855 amore
1699 1802 1818 1868 Dei,
1881 1801 1989 1856 ista

2170 1835 2266 1867 ηνον
2300 1810 2476 1865 αὸτῶν
2508 1803 2808 1873 έκλυούσης
2840 1799 3001 1855 ἅπαν.

282 1889 606 1957 alleviante,
637 1894 694 1945 et
761 1891 914 1960 quod
983 1889 1341 1946 laboriosum
1388 1894 1478 1945 est
1533 1890 1593 1945 in
1660 1890 1828 1962 ipsis,
1874 1891 1990 1946 dis-

281 1980 560 2035 solvente.

354 2068 466 2123 XV.
502 2069 706 2125 Omnis
765 2068 1163 2125 contentio‘el
1218 2070 1477 2124 studium
1548 2069 1887 2140 adversarii,
1937 2070 1995 2125 in

280 2156 411 2224 hoc,
446 2163 510 2212 ut
568 2160 787 2214 dictum
839 2163 949 2225 est,
1008 2158 1227 2231 vigilat,
1262 2168 1322 2215 ut
1380 2157 1682 2215 annitatur
1739 2168 1992 2216 mentem

284 2252 538 2302 nostram
563 2266 595 2303 a
626 2248 724 2303 Dei
763 2249 1063 2313 memoria,
1096 2250 1325 2313 timore,
1357 2264 1667 2320 amoreque
1708 2249 1992 2318 avellere;

284 2336 535 2391 terrenis
594 2337 773 2409 ipsam
846 2337 1283 2392 avocationibus
1341 2342 1397 2391 et
1470 2337 1891 2406 delinimentis,
1960 2356 1993 2394 a

281 2440 414 2481 vero
446 2431 598 2482 bono
632 2427 703 2481 ad
735 2427 1073 2499 apparentia
1104 2428 1455 2482 divertendo.

357 2608 491 2662 XVI.
541 2610 792 2664 Invicem
871 2610 1114 2663 virtutes
1182 2612 1609 2664 connectuntur
1684 2614 1740 2665 et
1782 2615 1986 2667 mutuo

288 2696 594 2766 inhaerent,
620 2698 755 2752 utin
803 2710 1010 2754 catena
1062 2697 1355 2752 commissi
1399 2698 1599 2753 annuli
1633 2715 1744 2754 uno
1784 2715 1849 2754 ex
1881 2700 1990 2756 alio

285 2789 593 2856 pendente.
638 2789 697 2843 ln
755 2789 911 2844 hunc
950 2789 1106 2844 enim
1169 2790 1404 2845 modum
1463 2791 1644 2845 oratio
1693 2807 1759 2846 ex
1800 2792 1988 2847 chari-

281 2881 436 2941 tate;
473 2877 727 2932 charitas
775 2895 804 2933 e
845 2877 1086 2948 gaudio;
1122 2878 1403 2948 gaudium
1437 2894 1467 2933 e
1499 2882 1989 2952 mansuetudine;

280 2968 666 3021 mansuetudo
698 2983 765 3020 ex
808 2966 1178 3031 humilitate;
1204 2966 1550 3021 humilitatis
1575 2984 1605 3023 e
1639 2969 1987 3040 ministerio;

279 3053 665 3107 ministerium
699 3070 728 3107 e
757 3070 859 3124 spe
892 3073 905 3121 ;
942 3070 1073 3123 spes
1106 3070 1173 3108 ex
1208 3055 1358 3122 fide;
1405 3056 1548 3110 fides
1599 3073 1667 3111 ex
1714 3059 1993 3115 obedien-

275 3141 390 3209 tia;
427 3142 753 3197 obedientia
811 3160 840 3198 e
890 3143 1300 3214 simplicitate;
1355 3147 1528 3200 sicuti
1587 3163 1615 3201 e
1683 3151 1982 3205 contrario

274 3231 544 3286 vitiorum
577 3250 809 3303 quoque
869 3250 1049 3288 unum
1091 3248 1157 3288 ex
1216 3234 1394 3287 altero
1434 3236 1741 3306 dependet.
1777 3239 1856 3293 Ex
1893 3239 1979 3296 ira

275 3324 490 3392 quippe
550 3326 759 3392 pendet
809 3324 1058 3387 odium;
1102 3339 1169 3377 ex
1229 3323 1331 3376 hoc
1396 3326 1695 3391 superbia;
1739 3343 1807 3381 ex
1878 3328 1987 3385 hac

277 3428 436 3465 vanae
495 3412 688 3481 gloria:
738 3412 1079 3479 affectatio;
1128 3413 1247 3466 haec
1310 3411 1713 3469 infidelitatem
1787 3417 1984 3484 trahit,

281 3517 406 3569 quae
438 3502 668 3555 duritiei
720 3504 912 3559 cordis
955 3517 1138 3562 mater
1186 3510 1290 3572 est,
1340 3506 1531 3575 proles
1583 3513 1773 3563 autem
1826 3506 1983 3563 incu-

282 3590 401 3655 riae,
446 3608 623 3661 quam
674 3593 864 3663 gignit
919 3594 1163 3665 languor
1219 3600 1477 3669 spiritus,
1529 3616 1595 3654 ex
1645 3602 1854 3670 supino
1895 3616 1989 3655 ne-

280 3678 469 3750 glectu
549 3683 770 3736 ducens
854 3685 1178 3756 originem;
1221 3687 1376 3743 hunc
1445 3691 1712 3759 producit
1751 3689 1982 3757 acedia;

283 3768 401 3822 filia
468 3769 587 3825 haec
654 3772 1048 3843 impatientia},
1083 3777 1247 3845 cujus
1314 3795 1479 3835 amor
1544 3780 1850 3849 voluptatis
1900 3784 1988 3835 est

280 3863 462 3928 pater.
511 3860 589 3914 Ita
630 3869 836 3918 caetera
893 3881 1121 3937 quoque
1162 3870 1421 3923 membra
1473 3870 1704 3924 malitiae
1748 3871 1988 3926 invicem

279 3963 407 4020 apta
439 3967 694 4023 nexaque
726 3962 885 4012 sunt.

352 4044 517 4098 XVll.
569 4046 751 4101 Omne
809 4047 1049 4113 bonum,
1109 4050 1259 4118 quod
1331 4050 1505 4105 homo
1564 4050 1723 4106 facit.
1792 4050 1985 4122 inqui-

284 4150 421 4187 nare
472 4151 535 4187 ac
585 4137 978 4192 contaminare
1029 4138 1235 4192 nititur
1292 4140 1555 4193 diabolus
1625 4142 1985 4196 immistinne

286 4241 520 4278 suorum
582 4228 917 4293 semimum,
970 4245 1124 4283 vanae
1180 4229 1454 4285 nimirum
1523 4230 1742 4300 gloriae,
1804 4232 1988 4302 praefi-

286 4313 513 4379 dentiae,
558 4314 638 4368 nti
689 4326 741 4371 et
769 4318 1267 4382 murmurationis,
1303 4325 1403 4373 aut
1453 4319 1781 4390 cujuspiam
1839 4322 1982 4375 alte-

285 4402 402 4458 rius
432 4404 658 4472 talium,
694 4412 753 4460 ut
804 4424 919 4460 non
990 4413 1223 4477 prOpter
1267 4406 1445 4461 Deum
1486 4408 1697 4476 solum,
1732 4427 1832 4464 nec
1858 4414 1985 4466 tan-

284 4497 406 4546 tum
442 4510 509 4546 ex
558 4496 780 4548 sincero
830 4496 1042 4550 mentis
1093 4494 1384 4563 pronosito
1436 4498 1647 4553 bonum
1683 4515 1828 4568 opus
1863 4501 1980 4557 fiat.

2175 2084 2280 2139 IE'.
2344 2078 2510 2140 Ὅλος
2573 2078 2599 2131 ὁ
2656 2075 2799 2149 ἀγὼν
2854 2070 2946 2125 καὶ
3004 2062 3215 2136 σπουδῆ
3275 2068 3372 2121 τοῦ
3429 2062 3825 2136 ἀντικειμένου

2098 2170 2259 2227 τοῦτό
2321 2168 2481 2235 ἐστιν,
2540 2166 2613 2228 ὡς
2674 2160 3004 2233 δεδήλωται,
3054 2159 3117 2214 τὸ
3175 2154 3469 2226 δυνηθῆναι
3522 2154 3613 2208 τὸν
3672 2155 3825 2206 νοῦν

2097 2262 2203 2316 ἀπὸ
2250 2268 2349 2330 τῆς
2393 2256 2530 2333 πρὸς
2581 2256 2708 2311 Θεὸν
2760 2254 3007 2327 μνήμης,
3053 2248 3144 2303 καὶ
3193 2249 3289 2301 τοῦ
3340 2239 3511 2322 φόϐου
3557 2242 3649 2297 καὶ
3700 2248 3823 2311 τῆς

2096 2350 2305 2426 ἀγάπης
2363 2351 2711 2421 περισπᾶσαι,
2768 2341 2986 2417 γηίναις
3054 2337 3213 2393 αὐτὸν
3276 2339 3630 2426 παραγωγαξς
3713 2334 3821 2386 καὶ

2097 2419 2479 2513 δελεάσμασιν,
2518 2437 2622 2491 ἀπὸ
2668 2437 2768 2489 τοῦ
2817 2427 2986 2493 ὅντως
3040 2423 3431 2502 ἀγαθοῦιπρὸς
3466 2425 3531 2479 τὰ
3576 2419 3823 2493 δοκήσει

2095 2530 2237 2585 καλὰ
2269 2529 2734 2604 παρατρέποντος.

2167 2621 2291 2694 Ις’.
2347 2602 2645 2682 Ἂλλήλων
2700 2614 2756 2669 αἱ
2811 2611 2996 2683 ἀρεταὶ
3056 2607 3315 2675 δέδενται,
3374 2607 3462 2661 καὶ
3532 2602 3827 2673 ἀλλήλων

2095 2707 2338 2785 ἔχονται,
2391 2707 2628 2781 καθάπερ
2667 2705 2784 2778 ἱεροὶ
2832 2723 2914 2765 τις
2964 2700 3116 2775 σειρᾶ
3168 2696 3264 2771 μία
3292 2699 3389 2765 τῆς
3444 2700 3592 2785 μιᾶς,

2099 2782 2227 2874 μένη
2263 2818 2276 2833 ⁸
2338 2800 2449 2853 οἷον
2493 2800 2527 2867 ἡ
2593 2797 2686 2869 μὲν
2738 2794 2900 2867 εὐχὴ,
2950 2797 3053 2860 τῆς
3108 2791 3351 2864 ἀγάπης,
3406 2788 3440 2855 ἡ
3496 2784 3681 2860 ἀγάπη
3759 2782 3829 2838 δὶ

2091 2896 2190 2959 τῆς
2240 2894 2433 2963 χαρᾶς»
2478 2890 2513 2955 ἡ
2562 2886 2733 2960 χαρὰ»
2783 2889 2882 2951 τῆς
2938 2881 3273 2955 πραότητος,
3304 2878 3339 2946 ἠ
3389 2876 3656 2963 πραότης
3706 2880 3831 2941 τῆς

2092 2962 2611 3057 ταπεινοφροσύνης,
2673 2977 2707 3043 ἡ
2782 2969 3242 3048 ταπεινοφροσύνῃ
3317 2964 3374 3021 δὲ
3445 2964 3542 3031 τῆς
3617 2962 3826 3019 διακο-

2092 3066 2227 3134 νίας,
2295 3051 2636 3132 ἡνδιακονέα
2695 3057 2771 3127 δὲ,
2822 3065 2921 3127 τῆς
2983 3052 3228 3124 ἐλπίδος,
3288 3056 3322 3122 ἡ
3374 3051 3431 3107 δὲ
3487 3051 3647 3113 ἐλπὶς
3703 3058 3829 3119 τῆς

2097 3155 2378 3215 πίε-τίως’
2442 3152 2530 3205 καὶ
2601 3152 2634 3219 ἡ
2706 3149 2798 3219 μὲν
2878 3148 3083 3215 πίστις,
3136 3152 3236 3213 τῆς
3315 3146 3583 3210 ὑπακοῆς,
3644 3143 3679 3209 ἡ
3756 3138 3825 3195 ὂὶ

2098 3244 2309 3311 ὑπακοή
2367 3249 2467 3310 τῆς
2548 3238 2880 3307 ἁπλότητος,
2945 3235 3126 3309 ὥσπερ
3201 3231 3453 3288 τᾶναντία
3517 3230 3687 3286 πάλιν
3755 3231 3821 3286 ἓν

2098 3333 2185 3408 ὑφ’
2245 3332 2360 3392 ἑνὸς
2418 3328 2627 3385 δέδεται
2662 3347 2675 3360 ο
2710 3329 2828 3382 οἷον
2883 3330 2980 3381 τοῦ
3041 3325 3134 3397 μὲν
3194 3324 3390 3396 θυμοῦ,
3423 3322 3483 3376 τὸ
3518 3326 3679 3394 μῖσος
3718 3340 3733 3354 ο
3792 3324 3827 3376 6

2098 3420 2173 3489 δὲ,
2223 3428 2324 3491 τῆς
2375 3418 2736 3495 ὑπερηφανίας
2769 3433 2783 3449 ·
2828 3424 2929 3486 τῆς
2979 3411 3286 3483 κενοδοξίας
3335 3411 3468 3480 αὕτη
3515 3429 3529 3444 ·
3593 3408 3826 3481 ἐκείνη,

2094 3511 2190 3580 τῆς
2249 3508 2545 3573 ἀπιστίας”
2606 3510 2639 3578 ἡ
2692 3505 2748 3563 δὶ
2803 3509 2901 3575 τῆς
2960 3499 3439 3577 σκληροκαρδίαςο
3512 3501 3599 3555 καὶ
3663 3500 3825 3570 αὕτη

2101 3604 2193 3674 μὲν
2242 3599 2299 3655 ἐκ
2344 3607 2443 3668 τῆς
2492 3596 2790 3669 ἀμελείαςο
2841 3595 3019 3662 ἐκείνη
3080 3591 3139 3648 δὲ
3185 3598 3283 3661 τῆς
3342 3591 3693 3666 χαυνώσεως,
3758 3591 3829 3646 ἐκ

2098 3688 2154 3745 δὲ
2212 3696 2312 3758 τῆς
2369 3686 2666 3763 ὀλιγωρίας
2722 3686 2855 3755 αὕτη
2893 3702 2906 3716 ·
2964 3682 3180 3751 κάκείνη
3241 3682 3333 3749 μὲν
3392 3680 3451 3734 ἐκ
3513 3685 3618 3747 τῆς
3673 3679 3829 3750 ἀκη-

2097 3777 2211 3841 δίας
2248 3798 2261 3811 ⁸
2314 3780 2387 3839 ὡς
2429 3776 2487 3832 ἔκ
2536 3780 2634 3831 τοῦ
2694 3775 3111 3846 ἀνυπομονήτου
3169 3770 3334 3826 πάλιν
3391 3768 3523 3838 αὕτη
3557 3787 3572 3800 °
3634 3789 3702 3823 το
3758 3768 3826 3826 δὲ

2095 3878 2196 3940 τῆς
2230 3865 2558 3942 φιληδονίας
2593 3882 2606 3896 ⁸
2658 3863 2747 3919 καὶ
2784 3864 2926 3918 οὕτω
2955 3864 3021 3916 τὰ
3064 3859 3233 3916 λοιπὰ
3266 3858 3407 3933 μέλη
3453 3865 3550 3927 τῆς
3602 3858 3823 3924 κακίας

2094 3957 2363 4029 ἀλλήλων
2397 3954 2636 4031 ἐχόμενά
2667 3954 2819 4009 εἰσιν.

2166 4049 2259 4106 ΙΖ’.
2320 4053 2428 4102 Πᾶν
2490 4046 2621 4120 ὅπερ
2690 4042 2748 4098 ἂν
2807 4046 2944 4116 ποιῇ
3002 4040 3171 4097 καλὸν
3228 4042 3255 4095 6
3305 4038 3603 4114 ἄνθρωπος,
3666 4058 3822 4094 σπι-

2097 4138 2225 4194 λοῦν
2283 4134 2410 4192 αὒτὸ
2468 4135 2557 4190 καὶ
2613 4134 2988 4205 καταμιαίνειν
3042 4132 3070 4186 6
3128 4130 3373 4203 πονηρὸς
3427 4131 3493 4201 τῇ
3544 4125 3824 4201 ἐπιμιξίᾳ

2094 4232 2199 4283 τῶν
2248 4228 2440 4282 ἑαυτοῦ
2496 4226 2819 4297 σπερμάτων
2880 4219 3137 4295 βούλεται
3171 4236 3185 4251 ⁸
3256 4220 3375 4273 οἷον
3429 4225 3526 4287 τῆς
3564 4215 3826 4274 x9080-

2094 4317 2228 4388 ξίας,
2278 4322 2378 4384 τῆς
2436 4314 2691 4385 οἰήσεως,
2739 4308 2845 4366 εἷ’τε
2907 4312 3013 4385 μὴν
3074 4309 3163 4365 καὶ
3220 4312 3315 4363 τοῦ
3370 4311 3722 4383 γογγυσμοῦ,
3778 4312 3820 4379 ἢ

2095 4407 2277 4481 ἑτέρου
2307 4404 2451 4481 τινὸς
2499 4407 2605 4458 τῶν
2638 4401 2901 4456 τοιούτων
2937 4420 2949 4433 ·
2996 4397 3065 4453 'iv’
3096 4398 3130 4467 ἢ
3184 4399 3259 4471 μὴ
3294 4395 3382 4452 διὰ
3428 4398 3555 4452 Θεὸν
3601 4396 3821 4468 μόνον,

2093 4497 2126 4565 ἢ
2182 4470 2266 4567 ’μὴ
2318 4470 2387 4548 έκ
2442 4492 2753 4566 προθυμίας
2819 4490 2883 4545 τὸ
2943 4470 3227 4562 γινόμενον
3288 4488 3487 4562 ἀγαθὸν
3543 4487 3821 4561 γένηται.

282 4580 573 4650 Scriptum
620 4589 703 4637 est
752 4583 938 4637 enim:
1000 4583 1237 4639 Abelem
1290 4586 1564 4643 obtulisse
1623 4590 1975 4645 sacrificium

2170 4606 2399 4660 (ραττπαι
2456 4584 2559 4657 γὰρ
2635 4582 2725 4636 τὸν
2777 4576 2949 4637 ’Ἀϐελ
3026 4584 3396 4655 προσενεγκεῖν
3454 4578 3639 4632 θυσίαν
3722 4584 3822 4650 τῷ

285 4676 394 4726 Deo
425 4676 491 4727 de
520 4673 769 4741 adipibus
798 4677 848 4727 et
887 4674 949 4727 de
994 4676 1376 4743 primogenitis
1408 4682 1591 4731 ovium
1612 4677 1657 4711 ‘7
1683 4696 1695 4734 :
1740 4678 1982 4733 Cainum

281 4778 513 4831 quoque
568 4763 837 4816 similiter
876 4764 1029 4817 dona
1069 4764 1352 4818 obtulisse
1404 4769 1474 4819 de
1534 4770 1819 4822 fructibus
1863 4772 1987 4839 qui-

282 4850 411 4902 dem
446 4857 627 4919 terra),
663 4853 760 4906 sed
816 4868 928 4906 non
964 4870 993 4907 e
1045 4854 1246 4923 primis
1296 4863 1397 4907 aut
1457 4858 1707 4927 Optimis.
1760 4859 1817 4908 Et
1854 4874 1983 4928 pro-

281 4944 475 5007 pterea
562 4939 739 4993 Deum
793 4942 1114 5011 respexisse
1172 4944 1241 4997 ad
1299 4945 1577 4998 sacrificia
1632 4945 1850 5013 Abelis,
1912 4948 1982 5001 ad

280 5025 438 5079 Caini
474 5035 662 5080 autem
717 5046 957 5084 munera
1009 5048 1120 5085 non
1173 5034 1506 5088 attendissc.
1578 5033 1715 5088 Inde
1766 5036 1985 5091 discere

280 5114 557 5169 debemus
597 5119 932 5188 contingere
973 5137 1161 5188 posse,
1198 5126 1260 5174 ut
1307 5122 1537 5193 aliquod
1597 5124 1814 5178 bonum
1867 5140 1982 5179 non

284 5203 427 5258 bene
462 5208 596 5259 fiat:
630 5212 769 5277 puta
802 5208 843 5259 si
898 5208 996 5261 fiat
1036 5210 1395 5281 negligenter
1444 5217 1541 5265 aut
1581 5216 1982 5283 contemptim,

284 5292 463 5347 aliove
495 5296 636 5350 vitio
678 5298 987 5366 submisto,
1023 5304 1078 5353 et
1125 5317 1239 5355 non
1289 5318 1439 5355 mere
1489 5309 1720 5373 prOpter
1750 5305 1931 5360 Deum
1968 5320 1981 5358 :

282 5394 350 5432 ex
426 5397 535 5449 quo
612 5386 797 5439 evenit
864 5392 927 5441 ut
984 5388 1235 5459 gratium
1300 5389 1358 5443 id
1407 5393 1465 5444 et
1530 5398 1828 5463 acceptum
1872 5399 1983 5449 Deo

283 5480 400 5519 non
433 5470 526 5524 sit.

353 5645 397 5681 ‘7
428 5646 568 5705 Gen.
605 5664 678 5721 ιν,
713 5650 764 5705 4.

2096 4680 2209 4746 Θεῷ
2267 4672 2370 4727 ἀπὸ
2428 4677 2535 4725 τῶν
2610 4668 2863 4731 στεάτων,
2944 4668 3032 4722 καὶ
3094 4668 3199 4722 ἀπὸ
3251 4671 3358 4721 τῶν
3426 4664 3818 4741 πρωτοτόκων

2092 4769 2199 4820 τῶν
2278 4757 2612 4838 προϐάτων·
2691 4760 2781 4814 καὶ
2855 4758 2947 4814 τὸν
3015 4756 3148 4815 Κάϊν
3222 4754 3279 4811 δὲ
3354 4755 3563 4829 ὁμοίως
3633 4752 3817 4828 δῶμα

2093 4857 2466 4929 προσενεγκεῖν
2522 4850 2628 4905 ἀπὸ
2698 4855 2805 4905 τῶν
2865 4853 3086 4924 καρπῶν
3150 4848 3243 4920 μὲν
3319 4852 3419 4915 τῆς
3476 4853 3605 4921 γῆς,
3664 4846 3819 4904 ἀλλ’

2094 4942 2191 4997 ούκ
2248 4943 2354 4998 ἀπὸ
2411 4946 2516 4995 τῶν
2566 4938 2797 5013 πρώτων
2833 4958 2845 4971 ·
2903 4938 2993 4993 καὶ
3041 4937 3128 4993 διὰ
3183 4941 3343 4993 τοῦτο
3391 4937 3477 4992 ἐπὶ
3531 4939 3626 5010 μὶν
3676 4947 3818 5002 ταῖς

2093 5032 2299 5093 θυσίαις
2357 5035 2454 5085 τοῦ
2521 5024 2690 5084 Ἀὁελ
2751 5025 2953 5083 ἐπιδεῖν
3014 5028 3108 5082 τὸν
3165 5028 3294 5082 Θεόν
3329 5045 3343 5058 ⁵
3402 5025 3491 5081 ἐπὶ
3558 5027 3615 5083 δὲ
3675 5036 3812 5086 τοῖς

2095 5120 2293 5197 δώροις
2351 5121 2446 5175 τοῦ
2508 5120 2633 5174 Κάϊν
2694 5120 2770 5193 μὴ
2831 5125 3120 5193 προσχεῖν.
3182 5120 3275 5175 Ἐκ
3339 5120 3535 5173 τούτου
3596 5121 3813 5192 μανθά-

2092 5233 2199 5267 νειν
2248 5209 2474 5288 ἔχομεν,
2526 5208 2609 5263 ὅτι
2658 5206 2768 5263 ἔστι
2817 5229 2867 5262 τι
2924 5207 3090 5263 καλὸν
3138 5210 3212 5281 μὴ
3274 5215 3499 5277 ποιῆσαι
3558 5207 3749 5271 καλῶς
3790 5229 3808 5241 ·

2095 5302 2212 5355 οἷον
2261 5299 2482 5371 ἀμελῶς
2542 5297 2577 5366 ἢ
2621 5301 3105 5375 καταφρονητικῶς
3163 5297 3197 5366 ἢ
3252 5294 3321 5351 δι’
3362 5295 3544 5369 ἔτερόν
3579 5318 3655 5369 τι,
3700 5301 3807 5353 καὶ

2094 5388 2155 5444 οὐ
2215 5386 2302 5442 διὰ
2357 5385 2484 5441 Θεόν
2520 5404 2534 5418 °
2598 5386 2685 5440 καὶ
2761 5386 2909 5461 παρὰ
2966 5390 3128 5442 τοῦτο
3196 5381 3477 5459 συμϐαίνει
3555 5388 3805 5465 γίνεσθαι

2096 5480 2173 5554 μὴ
2204 5474 2535 5554 πρόσδεκτον
2567 5481 2645 5549 τῷ
2678 5479 2815 5549 Θεῷ.
