4082 6196
258 395 382 454 833

1607 387 1833 451 LIBER
1879 388 1978 450 DE
2021 386 2440 452 ORATIONE.

3665 386 3783 446 854

528 792 1756 968 ΜΑΚΑΡΙΟΥ
1836 794 2310 969 ΤΟΥ
2394 796 3512 972 ΜΕΓΑΛΟΥ

1451 1093 1749 1188 ΠΕΡΙ
1831 1095 2579 1190 ΙΙΡΟΣΕΥΧΗΣ

1895 1269 2142 1326 ΛΟΓΟΣ.

1132 1573 1304 1635 ¹⁷⁴
1353 1583 2170 1742 MACARII
2275 1584 2901 1744 MAGNI

1547 1976 1550 1979 ,
1588 1855 1743 1970 DE
1819 1855 2427 1972 ORATIONE

1877 2038 2132 2097 LIBER.

301 2361 389 2414 A'.
441 2356 750 2436 Κεφάλαιον
808 2356 985 2427 πάσης
1025 2357 1235 2432 ἀγάθῆς
1285 2353 1552 2427 σπουδῆς,
1618 2355 1709 2410 καὶ
1780 2375 1941 2428 κορυ-
1974 2355 2029 2420 Α

227 2447 305 2526 φὴ
384 2451 492 2501 τῶν
571 2446 1013 2520 κατορθωμάτων
1088 2449 1122 2515 ἡ
1203 2453 1521 2520 προσευχῆς
1580 2444 1694 2500 ἐστι
1779 2465 1941 2518 προσ·

227 2534 434 2610 εδρεία,
493 2533 562 2593 δι’
619 2539 686 2606 ἧς
745 2537 833 2592 καὶ
890 2541 997 2592 τῶν
1053 2534 1244 2591 ἄλλων
1297 2533 1350 2589 ἐν
1408 2537 1598 2605 κτήσει
1656 2534 1938 2609 γινόμεθα,

224 2629 326 2680 τοῦ
390 2624 736 2700 καλουμένου
801 2632 963 2701 χεῖρα
1029 2626 1279 2700 συνεργὸν
1356 2625 1710 2697 ἐπορέγοντος
1773 2643 1784 2656 ’
1848 2623 1938 2677 καὶ

228 2716 338 2790 γὰρ
409 2715 667 2770 κοινωνία
731 2723 832 2785 τῆς
917 2722 1182 2789 μυστικῆς
1264 2712 1552 2790 ἐνεργείας,
1639 2714 1728 2768 καὶ
1812 2723 1939 2767 συν-

227 2805 393 2881 ἆφεια
433 2801 724 2867 διαθέσεως
769 2813 868 2874 τῆς
916 2807 1052 2879 πρὸς
1104 2806 1232 2859 Θεὸν
1279 2803 1592 2878 ἁγιότητος,
1643 2802 1734 2856 καὶ
1768 2801 1938 2857 αὐτοῦ

228 2897 329 2948 τοῦ
359 2898 456 2950 νοῦ
503 2892 571 2949 δι’
619 2894 834 2968 ἀγάπης
882 2894 1122 2970 ἀρρήτου
1172 2894 1308 2968 πρὸς
1361 2891 1578 2965 Κύριον,
1632 2890 1683 2946 ἐν
1739 2895 1806 2964 τῇ
1851 2891 1938 2945 εὖ·

228 2986 312 3057 χῆ
403 2989 520 3046 τοῖς
604 2983 1052 3055 καταξιουμένοις
1129 2983 1330 3058 γίνεται
1401 3000 1414 3015 ο
1498 2978 1742 3042 ’Έδωκας
1809 2981 1935 3054 γὰρ,

229 3075 415 3142 σησὶν,
473 3073 810 3151 εὐφροσύνην
869 3074 944 3136 εἷς
987 3075 1086 3144 τήν
1129 3070 1350 3146 καρδίαν
1417 3093 1521 3144 μου
1555 3092 1566 3104 ·
1625 3071 1715 3126 καὶ
1775 3069 1936 3130 αὐτὸς

227 3162 286 3220 δὶ
353 3166 381 3220 ὁ
447 3164 695 3237 Κύριος·
786 3167 847 3220 Ἦ
920 3162 1170 3230 βασιλεία
1228 3163 1472 3238 οὐρανῶν
1552 3161 1695 3223 ἐντὸς
1782 3161 1934 3232 ὑμῶν

223 3252 359 3312 ἐστι.
413 3254 482 3310 Τὸ
541 3252 597 3310 δὶ
651 3253 799 3316 ἐντὸς
866 3254 998 3308 εἶναι
1064 3254 1161 3321 τήν
1224 3251 1521 3327 βασιλείαν,
1567 3251 1618 3305 τί
1671 3250 1730 3305 ἃν
1791 3249 1934 3306 ἄλλο

219 3341 432 3414 δηλοῦν
492 3341 600 3414 εἴη,
661 3343 695 3412 ἢ
747 3344 846 3410 τὴν
900 3340 997 3397 τοῦ
1051 3342 1363 3414 [Ινεύματος
1423 3341 1668 3416 οὐράνιον
1741 3339 1935 3414 εὐφρο-

221 3434 392 3502 σύνην
463 3439 582 3494 ταῖς
655 3431 827 3504 ἀξίαις
887 3435 1091 3505 ψυχαῖς
1168 3429 1406 3504 ἐναργῶς
1467 3428 1926 3502 ἐνσημαίνεσθαις

221 3529 324 3591 τῆς
365 3520 722 3583 ἀπολαύσεως
769 3521 872 3595 γάρ
919 3540 977 3574 τε
1021 3520 1111 3574 καὶ
1168 3526 1337 3594 χαρᾶς
1397 3519 1485 3574 καὶ
1535 3526 1633 3588 τῆς
1668 3519 1717 3572 έν
1770 3517 1931 3572 πνεύ-

227 3633 360 3686 ματι
391 3609 750 3685 εὐφροσύνης,
781 3613 847 3679 ἧς
877 3608 930 3664 ἐν
962 3611 1100 3687 φωτὶ
1147 3608 1351 3682 αἰωνίῳ
1400 3609 1451 3664 οἱ
1520 3609 1670 3683 ἅγιοι
1731 3609 1784 3662 ἐν
1861 3610 1929 3680 τῇ

2133 2354 2170 2411 l.
2201 2358 2382 2428 Caput
2439 2357 2632 2413 omnis
2690 2359 2827 2413 boni
2913 2357 3094 2412 studii
3157 2362 3214 2412 et
3274 2363 3464 2415 vertex
3518 2375 3760 2430 operum

2054 2444 2336 2502 bonorum
2394 2447 2709 2503 assiduitas
2792 2447 3067 2503 orationis
3124 2453 3230 2515 est,
3289 2463 3394 2517 per
3446 2465 3620 2520 quam
3700 2451 3760 2505 in

2052 2535 2299 2591 aliorum
2342 2541 2768 2608 possessionem
2825 2539 3107 2593 bonorum
3161 2538 3516 2608 inducimur,
3545 2555 3610 2594 eo
3659 2537 3766 2610 qui

2052 2642 2158 2680 nos
2188 2627 2258 2680 ad
2285 2643 2350 2682 ea
2399 2632 2587 2693 vocat,
2621 2644 2860 2683 manum
2907 2628 3355 2700 cooperatricem
3409 2629 3760 2700 porrigente.

2051 2715 2273 2771 Etenim
2307 2717 2756 2772 communicatio
2791 2733 3017 2772 arcana:
3067 2718 3336 2772 efficacia)
3382 2724 3440 2772 et
3481 2719 3760 2775 connexio

2049 2805 2388 2861 intentionis
2438 2808 2493 2862 in
2541 2808 2845 2863 sanctitate
2893 2807 3170 2863 adversus
3217 2809 3424 2877 Deum,
3456 2808 3761 2880 ipsiusque

2055 2897 2269 2950 mentis
2316 2913 2413 2967 per
2462 2897 2836 2963 inelfabilem,
2866 2915 2982 2968 quo
3034 2901 3214 2954 fertur
3241 2916 3380 2969 erga
3420 2899 3754 2969 Dominum,

2049 3000 2329 3049 amorem,
2359 2986 2416 3039 in
2463 2986 2718 3040 oratione
2755 2987 2849 3052 iis,
2901 2988 3000 3057 qui
3052 2989 3213 3058 digni
3256 2988 3620 3056 judicantur,
3653 2990 3758 3043 ob-

2048 3075 2288 3128 veniunt
2321 3089 2334 3128 :
2369 3073 2575 3128 Dedisti
2615 3073 2794 3140 enim,
2827 3077 2926 3136 ait.
2961 3076 3213 3129 lwtitiam
3243 3078 3302 3130 in
3344 3075 3501 3129 corde
3538 3093 3656 3131 meo
3687 3077 3754 3134 ‘3.

2047 3167 2103 3217 et
2152 3162 2277 3233 ipse
2319 3163 2456 3218 dicit
2513 3158 3116 3233 dominusz'chnum
3165 3166 3422 3220 caelorum
3466 3167 3616 3219 intra
3669 3182 3756 3220 vos

2044 3256 2121 3308 est
2151 3252 2214 3306 ‘9.
2249 3251 2388 3307 Nam
2431 3253 2581 3308 intra
2631 3270 2736 3308 nos
2775 3270 2903 3309 esse
2949 3270 3216 3324 regnum,
3251 3254 3392 3324 quid
3438 3253 3594 3308 aliud
3647 3271 3754 3323 pu-

2045 3347 2236 3398 temus
2269 3343 2615 3412 signiﬁcare,
2647 3361 2821 3414 quam
2875 3344 3160 3400 caelestem
3196 3344 3451 3398 laetitiam
3502 3344 3755 3415 Spiritus

2044 3433 2226 3487 sancii
2259 3433 2567 3487 animabus
2600 3432 2794 3504 dignis
2820 3432 3174 3489 scnsibiliter
3205 3433 3533 3487 immissam
3584 3433 3755 3487 esse?

2049 3522 2360 3578 Fruitionis
2444 3523 2739 3594 siquidem
2825 3528 2882 3579 et
2946 3524 3143 3595 gaudii
3216 3523 3541 3593 laetitiaeque
3597 3523 3754 3578 illius

2042 3611 2383 3683 Spiritualis,
2431 3628 2608 3683 quam
2659 3612 2717 3668 in
2766 3613 2890 3668 luce
2933 3620 3145 3669 eterna
3193 3613 3372 3668 sancti
3428 3613 3485 3666 in
3534 3611 3753 3667 Christi

221 3707 325 3756 τοῦ
383 3704 626 3775 Χριστοῦ
692 3698 969 3773 μεθέξουσι
1019 3697 1289 3773 βασιλείᾳ,
1336 3698 1538 3769 ταύτης
1595 3699 1687 3753 τὸν
1762 3696 1926 3772 ἀρῥα-

2078 3718 2226 3772 egno
2272 3701 2640 3773 participant,
2692 3703 2924 3756 arrbam
2956 3703 3117 3758 velut
3151 3705 3458 3772 quamdam
3501 3707 3559 3758 et
3602 3720 3754 3772 pra:-

227 3787 403 3860 6ὦνα,
452 3789 542 3844 καὶ
590 3790 656 3843 τὰ
712 3788 982 3862 προοίμια
1037 3787 1271 3843 ἐντεῦθεν
1326 3784 1434 3858 ἤδη
1505 3787 1556 3840 αἱ
1633 3785 1776 3858 ἄξιαι
1843 3783 1933 3838 διὰ

226 3887 329 3949 τῆς
364 3883 467 3936 τοῦ
500 3877 817 3951 Πνεύματος
849 3877 1098 3951 ἐνεργοῦς
1129 3875 1418 3938 κοινωνίας
1475 3875 1648 3950 ψυχαὶ
1710 3869 1932 3945 λαμϐά-

225 3990 414 4026 νουσιν
463 3985 479 4001 ·
536 3969 598 4024 Ἦ
656 3965 849 4043 καρδία
909 3988 1017 4040 μου
1073 3967 1200 4041 γὰρ,
1255 3966 1411 4043 φησὶ,
1444 3965 1531 4019 καὶ
1576 3967 1611 4033 ἡ
1663 3964 1790 4038 σάρξ
1825 3984 1930 4037 μου

222 4056 637 4134 ήγαλλιάσαντο
720 4056 809 4112 ἐπὶ
877 4058 1006 4112 Θεὸν
1077 4059 1252 4124 ζῶντα
1295 4076 1307 4088 ·
1375 4054 1465 4109 καὶ
1520 4054 1582 4107 τὸ
1642 4071 1656 4086 ·
1725 4053 1812 4114 Ὠς
1872 4050 1930 4107 ἐκ

223 4151 448 4212 στέατος
510 4147 599 4202 καὶ
657 4146 919 4217 πιότητος
1001 4143 1347 4220 ἐμπλησθείη
1418 4147 1453 4213 ἡ
1540 4144 1692 4217 ψυχή
1765 4163 1868 4213 μου
1913 4162 1924 4175 ’

215 4240 305 4296 καὶ
354 4238 424 4292 τὰ
471 4233 686 4309 συνῳδᾶ
739 4235 977 4302 τούτοις,
1028 4235 1104 4298 είς
1153 4233 1346 4290 ταυτὸν
1397 4231 1638 4310 φέρουσι,
1691 4231 1777 4286 καὶ
1826 4231 1926 4298 τήν

215 4333 313 4384 τοῦ
389 4327 703 4400 Πνεύματος
771 4324 989 4401 ἐνεργὸν
1041 4325 1374 4401 εὐφροσύνην
1435 4324 1524 4380 καὶ
1582 4321 1924 4400 παράκλησιν

219 4419 642 4475 ὑπαινίττονται.

285 4511 369 4566 Β’.
431 4511 634 4583 Ὥσπερ
681 4513 870 4582 μεῖζον
921 4510 1028 4562 τῶν
1079 4505 1267 4562 ἄλλων
1313 4507 1375 4561 τὸ
1415 4511 1514 4574 τῆς
1564 4505 1738 4579 εὐχῆς
1772 4499 1926 4579 ἔργον

217 4596 361 4654 οὕτω
419 4598 676 4661 πλείονος
734 4595 956 4654 δεῖκαὶ
1037 4597 1303 4671 μερίμνης
1377 4601 1457 4668 τῷ
1539 4596 1678 4668 πρὸς
1759 4594 1925 4662 αὐτὴν

217 4686 407 4762 ἔχοντι
440 4706 455 4721 ⁶
521 4689 704 4761 μήπου
759 4685 978 4757 κλοπήν
1032 4706 1153 4740 τινα
1207 4687 1354 4760 παρά
1403 4690 1503 4752 τῆς
1551 4682 1742 4744 κακίας
1798 4683 1925 4737 ὑπο-

221 4780 411 4851 μείνας
496 4774 660 4852 λάθῃ.
720 4777 816 4838 Οἷς
872 4778 975 4853 γὰρ
1051 4773 1293 4847 μείζονος
1351 4773 1558 4846 ἀγαθοῦ
1615 4772 1922 4844 ἐπιμέλεια,

220 4865 432 4936 μείζονι
487 4865 580 4919 καὶ
629 4866 658 4920 ὁ
700 4865 940 4938 πονηρὸς
986 4867 1056 4937 τῇ
1107 4862 1266 4934 πείρᾳ
1314 4855 1656 4935 προσϐάλλει
1705 4881 1718 4894 ο
1788 4859 1925 4916 ὥστε

214 4953 440 5022 πολλῆς
505 4953 650 5026 αὐτῷ
699 4951 876 5024 δεήσει
933 4959 1033 5022 τῆς
1101 4955 1337 5026 νήψεως,
1401 4949 1495 5005 ’ἕνα
1553 4951 1640 5004 καὶ
1707 4949 1919 5022 μᾶλλον

213 5043 419 5116 καρποὶ
470 5043 710 5120 ἀγάπης,
782 5043 871 5097 καὶ
943 5042 1464 5118 ταπεινοφροσύνης,
1521 5039 1834 5109 ἁπλότητος
1865 5058 1924 5093 τε

210 5132 306 5186 καὶ
411 5133 772 5209 ἀγαθᾶτητος,
859 5131 946 5186 καὶ
1056 5128 1393 5206 διακρίσεως,
1478 5127 1746 5204 ὁσημέραι
1849 5130 1927 5197 τῷ

209 5224 521 5297 παραμόνῳ
568 5227 666 5292 τῆς
724 5225 894 5299 εύχῆς
973 5223 1336 5296 ἀναφύωνται,
1395 5222 1482 5276 καὶ
1569 5221 1735 5276 αὐτοῦ
1824 5219 1921 5293 μὶν

212 5313 449 5388 φανερὰν
511 5316 612 5382 τὴν
671 5313 756 5368 ἐπὶ
841 5314 906 5368 τὰ
986 5314 1104 5368 θεῖα
1176 5313 1462 5388 προκοπὴν
1531 5310 1619 5365 καὶ
1680 5307 1920 5363 ἐπίδοσιν

209 5403 530 5474 καθιστῶσι,
570 5404 697 5465 τοὺς
756 5403 961 5466 ἄλλους
999 5399 1056 5457 δί
1116 5401 1191 5463 εἲς
1236 5403 1328 5457 τὸν
1368 5399 1479 5456 ἴσον
1517 5399 1683 5470 ζῆλον
1742 5419 1924 5474 παρα-

204 5489 478 5548 καλῶσιν.

2045 3790 2379 3846 libationem
2431 3791 2554 3859 jam
2616 3791 2752 3846 hinc
2805 3792 2992 3861 digna:
3067 3791 3140 3847 ad
3216 3791 3323 3846 hoc
3388 3792 3599 3846 effecta:
3653 3809 3752 3861 per

2042 3881 2292 3952 gratiose
2320 3880 2815 3934 communicatam
2866 3881 3009 3949 ipsis
3058 3881 3452 3950 operationem
3498 3881 3748 3951 Spiritus

2040 3970 2253 4023 animas
2289 3969 2596 4037 accipiunt.
2648 3969 2750 4023 Cor
2813 3969 2993 4035 enim,
3045 3969 3256 4039 inquit,
3298 3985 3479 4022 meum
3528 3979 3578 4024 et
3616 3984 3746 4024 caro

2040 4073 2160 4112 mea
2207 4057 2623 4112 exsultaverunt
2652 4057 2710 4112 in
2754 4063 2928 4112 Deum
2953 4061 3134 4113 vivum
3165 4057 3230 4112 ⁵ο.
3253 4058 3323 4112 Et
3366 4057 3514 4112 illud
3542 4074 3554 4111 :
3586 4059 3746 4114 Sicut

2035 4144 2200 4213 adipe
2239 4151 2291 4200 et
2353 4143 2689 4215 pinguedine
2737 4148 3013 4217 repleatur
3057 4148 3246 4201 anima
3295 4162 3414 4201 mea
3469 4145 3535 4201 “.
3573 4147 3637 4200 Et
3668 4147 3738 4202 iis

2036 4249 2309 4297 consona,
2369 4235 2427 4288 in
2488 4235 2639 4290 idem
2699 4237 2961 4304 tendunt,
3023 4243 3078 4291 et
3143 4237 3436 4291 efﬁcacem
3493 4236 3741 4306 Spiritus

2035 4323 2241 4378 anima
2267 4322 2521 4378 laetitiam
2555 4329 2612 4379 et
2641 4324 3096 4380 consolationem
3138 4325 3418 4381 indicant.

2107 4508 2175 4563 Il.
2211 4506 2284 4563 Ut
2345 4509 2717 4579 praestantius
2776 4509 2994 4563 caeteris
3055 4514 3145 4563 est
3217 4523 3363 4578 opus
3423 4506 3741 4572 orationis;

2032 4598 2116 4652 ita
2169 4599 2374 4663 majori
2425 4615 2570 4664 opus
2622 4598 2793 4652 habet
2845 4597 3258 4662 sollicitudine,
3289 4597 3386 4667 qui
3429 4597 3485 4650 in
3541 4597 3593 4650 id
3646 4597 3735 4650 in-

2034 4685 2300 4741 cumbit:
2355 4701 2425 4741 ne
2472 4703 2585 4757 qua
2633 4686 2716 4740 illi
2769 4687 3044 4757 subrepat
3095 4703 3128 4740 a
3185 4686 3403 4740 malitia
3455 4684 3734 4754 deceptio.

2031 4778 2179 4830 Nam
2213 4792 2327 4845 quo
2359 4776 2612 4846 quisque
2645 4776 2882 4846 majoris
2933 4775 3297 4847 adipiscendi
3351 4775 3486 4830 boni
3535 4790 3739 4830 curam

2032 4863 2304 4935 concipit.
2363 4880 2428 4918 eo
2485 4865 2689 4933 majori
2757 4865 3028 4920 diabolus
3105 4871 3312 4920 conatu
3387 4863 3439 4919 ei
3511 4865 3742 4919 obstare

2032 4955 2351 5009 contendit.
2413 4953 2602 5017 Quare
2660 4955 2902 5009 multam
2963 4971 3097 5009 eum
3158 4955 3434 5010 adbibere
3507 4971 3740 5010 necesse

2037 5045 2145 5098 erit
2182 5043 2532 5114 vigilntiam,
2567 5049 2629 5098 ut
2679 5045 2897 5099 fructus
2956 5045 3283 5106 charitalis,
3350 5044 3726 5111 humilitatis,

2039 5130 2452 5200 simplicitatis,
2513 5133 2815 5201 bonitatis,
2849 5134 3274 5189 discretionise
3325 5132 3564 5203 patienti
3614 5147 3736 5184 ora-

2035 5221 2209 5278 tionis
2239 5221 2468 5276 cultura
2506 5223 2615 5293 ipsi
2669 5224 2820 5292 pleni
2874 5227 3198 5295 uberesque
3249 5219 3730 5294 progerminent:

2035 5311 2303 5381 ipiusque
2370 5312 2742 5382 perspicuum
2793 5313 2849 5367 in
2898 5313 3093 5367 divina
3161 5327 3529 5383 progressum
3591 5326 3728 5378 prc-

2035 5400 2373 5470 fectumque
2439 5399 2900 5457 demonstrent:
2969 5402 3170 5472 sicque
3244 5401 3388 5456 alios
3461 5403 3530 5456 ad
3582 5399 3735 5471 paris

2036 5487 2458 5543 aemulationem
2488 5491 2666 5546 studii
2701 5495 3030 5563 provocent.

285 5673 331 5712 ⁶⁸
366 5674 524 5732 ΡειιΙ.
557 5691 633 5743 ιν,
666 5675 718 5731 7.
755 5675 801 5711 ⁸⁸
832 5673 964 5730 Luc.
999 5687 1136 5745 avri,
1162 5671 1254 5728 21.
1286 5671 1330 5709 ⁸⁰
1362 5671 1514 5742 Psal,
1546 5687 1753 5729 Lxxxn.
1783 5671 1836 5728 3.
1870 5669 1913 5706 ιι

2082 5706 2092 5725 .
2131 5681 2262 5737 mi,
2295 5669 2351 5728 6.
