4116 6210
325 355 444 412 855

324 577 719 631 insistendum
808 574 1049 629 orationi
1131 590 1281 639 esse,
1357 582 1409 628 et
1494 572 1724 627 divinus
1798 573 2037 640 Aposto-

329 668 418 723 lus
448 666 516 734 ⁵⁸⁸,
559 673 614 721 et
660 666 849 738 ipsius
881 664 1110 720 Domini
1160 664 1456 720 oraculum
1518 662 1800 734 praecipit,
1834 663 2039 716 dicen—

322 759 399 813 tis
443 775 455 812 :
490 758 700 823 Quanto
747 758 929 827 magis
980 756 1121 811 Deus
1148 754 1319 823 faciet
1350 754 1643 809 vindictam
1672 753 2039 807 clamantium

324 848 394 901 ad
422 863 477 904 se
507 846 596 901 die
621 863 684 900 ac
733 852 887 900 nocte
918 844 1002 899 ⁵³1
1040 846 1105 899 Et
1164 844 1302 897 illud
1370 843 1609 913 Vigilale
1664 853 1717 895 er
1781 848 1934 895 orate
1968 839 2033 895 5‘.

326 936 553 1005 Oportet
579 936 758 1005 igitur
794 934 1008 1003 ubique
1041 948 1205 987 orare
1239 948 1251 985 :
1287 948 1389 985 nec
1448 946 1709 1002 unquam
1758 934 2035 985 conatum

328 1025 627 1081 remittire.
681 1026 906 1089 Quanto
980 1029 1171 1077 autem
1244 1021 1574 1092 capitalius,
1624 1021 1724 1090 qui
1771 1035 2037 1091 perseve-

330 1131 455 1170 rare
488 1116 543 1169 in
578 1114 832 1168 oratione
863 1113 1134 1177 decrevit,
1179 1128 1325 1181 opus
1366 1127 1675 1181 aggressus
1723 1118 1826 1175 est,
1876 1113 2037 1162 tanto

330 1204 525 1274 ipsum
581 1202 709 1271 plus
773 1200 1109 1254 certaminis
1160 1200 1477 1269 suscipere,
1519 1205 1792 1269 tantoque
1851 1198 2039 1267 magis

328 1295 383 1348 id
445 1310 573 1348 eum
630 1294 696 1347 ad
749 1298 1071 1345 extremum
1131 1291 1439 1361 perducere
1500 1295 1746 1360 oportet,
1772 1304 1836 1343 eo
1886 1289 2035 1359 quod

326 1381 767 1453 perseverantiae
810 1379 1086 1433 orationis
1119 1378 1306 1433 multa
1361 1378 1563 1448 objicit
1619 1377 2039 1448 impedimenta

327 1474 603 1543 pravitas,
638 1486 933 1535 somnum,
967 1469 1246 1532 acediam,
1290 1469 1520 1538 pondus
1568 1468 1846 1537 corporis,
1879 1465 2037 1535 cogi-

327 1564 610 1617 tationum
675 1560 1055 1625 eversionem,
1119 1559 1328 1613 mentis
1389 1557 1857 1625 instabilitatem,
1909 1556 2035 1611 lan-

326 1668 563 1724 guorem
618 1659 675 1705 et
724 1649 945 1720 reliqua
1002 1648 1234 1703 malitia:
1293 1647 1503 1703 studia.
1540 1651 1823 1701 Praeterea
1879 1645 2035 1700 afﬂi-

329 1741 549 1796 ctiones
603 1744 658 1795 et
716 1740 977 1809 ipsorum
1040 1738 1321 1793 malorum
1386 1738 1719 1791 daemonum
1780 1735 2037 1790 insultus

1676 346 1740 405 S.
1788 344 2114 406 MACARII
2159 342 2496 403 xEGYPTlI

395 487 491 541 IIl.
527 486 663 541 Sine
692 483 1126 539 intermissione
1155 484 1441 537 orandum
1500 490 1553 537 et
1601 488 2033 554 perseveranter
2062 483 2113 546 Α
2216 480 2287 533 1".

3722 346 3837 406 856

2376 476 2771 539 Ἀδιαλείπτως
2866 478 3153 553 εὔχεσθαι,
3248 481 3336 533 καὶ
3428 486 3843 555 προσκαρτερεῖν

2146 571 2215 641 τῇ
2258 567 2398 645 εύχῇ
2448 567 2609 628 αὐτός
2658 590 2715 623 τε
2767 570 2794 623 ὁ
2841 571 2985 631 θεῖος
3039 567 3404 639 Ἀπόστολος,
3460 571 3550 625 xui
3620 571 3682 625 τὸ
3748 573 3848 625 ὑπὸ

2148 656 2244 712 τοῖ’)
2308 658 2512 731 Κυρίου
2582 659 2869 732 εἰρημένον
2928 656 3189 727 διδάσκει,
3251 660 3412 732 Πόσῳ
3489 660 3728 733 μᾶλλον,
3778 660 3853 714 εἷ-

2148 748 2372 813 πόντος,
2462 749 2683 817 ποιησει
2777 745 3057 818 ἐκδίκησιν
3119 751 3146 803 ὁ
3240 750 3369 810 Θεὸς
3436 755 3543 805 τῶν
3604 751 3857 823 βοώντων

2147 838 2281 911 πρὸς
2336 838 2495 892 αὐτὸν
2552 838 2746 901 νύκτας
2798 838 2887 892 καὶ
2953 838 3206 911 ἡμέρας;
3264 841 3351 894 xui
3428 840 3490 894 τὸ
3552 860 3565 874 ⁸
3646 846 3859 916 Γρηγο-

2150 934 2311 1001 ρεῖτε,
2352 929 2437 981 xui
2517 928 2904 1002 προσεύχεσθε.
2957 934 3047 982 Δεῖ
3116 926 3209 983 οὖν
3292 928 3526 984 πάντοτε
3614 930 3861 1001 προσεύ-

2149 1019 2359 1092 χεσθαι,
2416 1018 2507 1071 καὶ
2606 1020 2679 1089 μῆ
2761 1017 3028 1073 ἐκκακεῖν.
3078 1019 3282 1093 ’Ὠσπερ
3360 1016 3416 1073 δὲ
3484 1017 3862 1095 κεφαλαιωδὲ-

2149 1126 2334 1179 στερον
2369 1106 2396 1160 ὁ
2446 1111 2515 1180 τῇ
2556 1106 2693 1181 εύχῇ
2745 1112 3160 1181 προσκαρτερῶν
3207 1104 3385 1161 εἷ’λετο
3442 1105 3625 1181 ἔργον,
3684 1108 3862 1167 οὕτως

2146 1195 2304 1249 αὐτὸν
2356 1195 2537 1268 ἀγῶνα
2594 1194 2795 1264 πολὺν,
2856 1197 2943 1250 καὶ
2999 1195 3156 1250 τόνον
3223 1194 3501 1250 ἀνένδοτον
3568 1195 3862 1270 ἀνέχεσθαι

2143 1286 2283 1359 χρὴ,
2318 1281 2406 1338 διὰ
2453 1288 2515 1339 τὸ
2561 1283 2744 1339 πολλά
2790 1289 2859 1357 τῇ
2910 1282 3231 1358 προσεδρείᾳ
3272 1292 3371 1354 τῆς
3411 1286 3581 1363 εὐχῆς
3643 1287 3861 1340 ὑπεῖναι

2146 1374 2211 1427 τὰ
2252 1380 2349 1442 τῆς
2407 1375 2597 1434 κακίας
2648 1372 2886 1446 ἐμπόδια
2919 1395 2931 1407 ·
2992 1374 3178 1443 ὕπνον,
3238 1371 3481 1444 ἆγηδίαν,
3534 1375 3705 1450 βάρος
3756 1378 3863 1428 σῶ-

2153 1483 2340 1533 ματος,
2430 1463 2715 1537 λογισμῶν
2813 1463 3130 1537 ἐπιτροπὴν,
3216 1466 3340 1525 νοὸς
3439 1464 3862 1534 ἁκαταστασίαν,

2148 1547 2389 1621 ἔκλυσιν,
2456 1553 2547 1605 καὶ
2603 1553 2670 1606 τά
2737 1552 2908 1607 λοιπὰ
2975 1559 3073 1621 τῆς
3141 1552 3331 1613 κακίας
3399 1551 3864 1625 ἐπιτηδεύματαο

3216 1466 3340 1525 νοὸς

2430 1462 2715 1537 λογισμῶν

2147 1641 2263 1696 εἶτα
2321 1640 2535 1716 θλίψεις
2584 1641 2670 1696 xui
2748 1643 2923 1697 αύτῶν
3001 1648 3109 1697 τῶν
3193 1647 3452 1715 πονηρῶν
3530 1644 3866 1715 πνευμάτων

2148 1730 2530 1797 ἐπαναστάσεις
2579 1733 2830 1807 ἐκθύμως
2881 1733 3277 1806 πολεμούντων
3340 1736 3474 1806 ἡμῖν
3556 1733 3648 1788 καὶ
3724 1736 3867 1787 ἀντι-

328 1831 697 1884 vehementer
746 1826 1217 1899 impugnantium
1268 1842 1395 1893 nos,
1446 1832 1501 1880 et
1559 1823 1727 1880 I75
1775 1824 1933 1879 omni
1984 1824 2033 1876 vi

2169 1826 2572 1898 ιαθισταμένων,
2623 1826 2713 1880 καί
2768 1826 3144 1902 προσεγγίζειν
3208 1847 3288 1897 τῳ
3381 1829 3605 1901 Χριστῷ
3693 1822 3865 1898 διειρ-

329 1922 715 1980 obstantium,
745 1936 815 1974 ne
855 1920 1321 1991 appropinquare
1368 1918 1596 1972 Christo
1636 1917 1825 1971 valeat
1856 1917 2036 1970 Deum

328 2020 453 2083 post
482 2011 783 2067 veritatem
816 2011 1177 2064 incessanter
1206 2024 1468 2079 quaerens
1500 2008 1714 2062 anima.

402 2101 493 2157 IV.
560 2100 727 2155 Omni
804 2099 995 2154 studio
1079 2104 1249 2169 atque
1333 2097 1655 2169 vigilantia,
1722 2095 2041 2168 longanimi

329 2190 613 2262 patientia
652 2188 1089 2259 certamineque
1146 2190 1354 2241 anima:
1412 2203 1475 2241 ac
1527 2187 1723 2242 labore
1781 2183 2039 2257 corporis

326 2286 550 2353 oportet
607 2296 763 2348 eum,
814 2279 913 2351 qui
975 2278 1224 2333 orationi
1280 2278 1591 2349 diligenter
1646 2293 1850 2332 vacare
1898 2292 2034 2331 con-

325 2372 530 2437 tendit,
599 2369 837 2424 viriliter
889 2385 1077 2441 agere,
1130 2368 1273 2423 nihil
1330 2384 1587 2438 unquam
1649 2368 2035 2422 remittentem

325 2461 396 2515 de
461 2461 682 2526 ardore,
755 2474 859 2512 nec
921 2459 1225 2512 cedentem
1283 2456 1759 2511 distractionibus
1821 2456 2040 2526 rogita-

324 2550 574 2615 tionum,
623 2553 724 2601 aut
780 2564 981 2601 somno
1038 2547 1241 2611 multo,
1272 2550 1371 2599 aut
1429 2544 1613 2600 desidi
1666 2545 1905 2615 torpori,
1942 2550 2043 2599 aut

328 2635 668 2690 inordinata:
730 2634 1057 2690 confusioni
1117 2635 1409 2687 actionum
1458 2642 1673 2688 temere
1735 2634 2039 2701 permista-

326 2740 497 2789 rum;
535 2740 645 2777 non
682 2727 939 2777 utentem
976 2721 1325 2777 turbulentis
1374 2728 1428 2777 et
1481 2722 1886 2777 indecentibus
1920 2722 2041 2778 cla-

328 2814 619 2879 moribus;
657 2818 757 2867 aut
787 2812 1021 2867 efﬂuere
1051 2811 1313 2866 animum
1365 2814 1654 2867 sinentem
1700 2811 1756 2865 in
1811 2812 2042 2882 quidvis

326 2903 648 2972 ejusmodi;
682 2903 777 2956 sed
820 2907 975 2957 certo
1017 2908 1073 2956 et
1120 2900 1479 2956 immutabili
1540 2902 1832 2973 proposito
1886 2918 2040 2957 men-

326 2992 440 3057 tis;
490 2993 793 3063 deﬁgendo
840 3009 898 3047 se
947 2992 1051 3047 soli
1113 2992 1352 3062 patienti
1404 2992 1657 3060 stationi,
1706 2996 1761 3046 et
1811 2989 2043 3046 ﬂexioni

324 3098 616 3153 genuum;
671 3086 725 3136 et
791 3082 1065 3138 cohibitis
1151 3082 1587 3154 evagationibus
1645 3080 1818 3153 longe
1878 3082 2039 3136 aber-

327 3174 510 3227 rantis
542 3172 769 3226 interim
833 3171 1064 3226 mentis.
1129 3171 1285 3225 Nihil
1344 3171 1498 3226 enim
1555 3175 1722 3226 sanet
1775 3171 2041 3241 prohibet

2152 1913 2360 1989 γόντων
2402 1916 2500 1983 τήν
2566 1915 2701 1988 μετὰ
2751 1916 2847 1983 τῆν
2906 1914 3165 1985 ἀλήθειαν
3224 1916 3314 1969 τὸν
3380 1914 3509 1969 Θεὸν
3566 1913 3865 1974 ἀπαύστως

2152 2005 2515 2075 ἐπιζητοῦσαν
2550 2006 2759 2079 ψυχήν.

2226 2097 2304 2157 Δ’.
2376 2095 2525 2169 Πᾶσῃ
2596 2092 2810 2168 σπουδῇ
2885 2094 2973 2148 καὶ
3033 2096 3217 2167 νήψει,
3293 2093 3545 2166 ὑπομονῇ
3618 2114 3678 2148 τε
3773 2093 3865 2147 καὶ

2150 2187 2320 2259 ἀγῶνι
2379 2188 2566 2259 ψυχῆς
2624 2185 2714 2238 καὶ
2788 2184 2936 2255 πόνῳ
3008 2183 3287 2257 σώματος,
3344 2184 3434 2237 τὸν
3500 2189 3601 2251 τῆς
3685 2185 3868 2261 εὐχῆς

2149 2272 2584 2347 ἐπιμελούμενον
2660 2269 2997 2346 ἀνδρίζεσθαι
3082 2272 3218 2346 χρὴ,
3302 2273 3378 2343 μὴ
3465 2271 3869 2344 ἐκκακούμενον

2154 2361 2563 2418 συνεπιδιδόντα
2594 2367 2715 2422 ταῖς
2770 2366 2877 2415 τῶν
2944 2361 3223 2435 λογισμῶν
3284 2360 3595 2434 ἐκτροπαῖς,
3645 2360 3682 2430 ἢ
3729 2361 3869 2416 πολ.

2154 2452 2237 2524 λῷ
2295 2452 2469 2522 ὕπνῳ,
2528 2452 2562 2520 ἢ
2623 2448 2843 2521 ἀκηδίᾳ,
2904 2449 3114 2504 ἐκλύσει
3172 2470 3230 2504 τε
3281 2450 3370 2504 καὶ
3428 2450 3711 2525 συγχύσει,
3772 2452 3867 2505 xui

2149 2538 2497 2620 ταραχώδεσι
2553 2542 2641 2594 xui
2706 2540 2967 2615 ἁπρεπέσι
3028 2545 3234 2617 φωναῖς
3297 2540 3616 2615 χρώμενον,
3675 2545 3711 2611 ἢ
3752 2562 3867 2595 τισι

2150 2632 2427 2692 τοιούτοις
2522 2630 2878 2704 ἐπιτρέποντα
2969 2631 3068 2698 τήν
3173 2627 3437 2700 διάνοιαν,
3539 2631 3680 2705 μόνῃ
3767 2633 3867 2704 μὲν

2152 2719 2747 2799 ἐκπληροφορούμενον
2804 2725 2872 2794 τῇ
2912 2722 3217 2794 παραμόνῳ
3276 2722 3484 2789 στάσει,
3542 2720 3725 2777 κλίσει
3807 2744 3867 2777 τε

2150 2816 2258 2866 τῶν
2297 2811 2565 2886 γονάτων,
2596 2811 2688 2864 τὸν
2732 2807 2789 2863 δὶ
2812 2814 2935 2863 νοῦν
2980 2811 3190 2883 μακράν
3234 2831 3340 2864 που
3390 2815 3496 2865 τῶν
3551 2812 3867 2885 γινομένων

2152 2899 2647 2972 ἀποπλανώμενον,
2708 2899 2921 2973 ἓχονῖα.
2968 2897 3137 2955 Ούδὲν
3179 2902 3279 2975 γάρ
3325 2901 3387 2954 τὸ
3426 2900 3665 2969 κωλῦον,
3700 2901 3738 2970 ἢ
3784 2905 3864 2975 μή

2152 2984 2393 3064 ἀκριϐῶς
2448 2991 2634 3066 νήφων
2702 2988 3199 3063 παρασκευάζηται,
3275 2988 3685 3061 ἐναντιούμενος
3770 2993 3867 3063 μὲν

2151 3082 2220 3149 τῆ
2289 3078 2393 3152 ὕλῃ
2450 3083 2558 3133 τῶν
2626 3081 2891 3149 περιττῶν
2962 3075 3272 3152 λογισμῶν,
3338 3073 3736 3148 διαϐασανίζων
3808 3079 3867 3136 δὲ

2155 3172 2355 3230 πάντας
2419 3166 2613 3226 αὐτοὺς
2687 3164 2775 3219 xui
2863 3164 3221 3243 φιλοκρινῶν,
3281 3165 3554 3221 ἐπιποθῶν
3636 3188 3695 3221 τε
3783 3169 3867 3224 ἀεὶ

2969 2631 3068 2698 τήν

329 3261 491 3331 quin,
526 3261 640 3315 nisi
696 3261 1005 3330 diligenter
1035 3265 1091 3314 et
1121 3266 1336 3316 attente
1368 3260 1436 3313 ad
1492 3229 1793 3314 ονιιιιιιῖιιω⁸
1811 3264 2043 3329 paratus

2169 3260 2247 3313 τὸν
2309 3256 2531 3329 Κύριον,
2589 3254 2858 3315 ποικίλως
2908 3256 3010 3309 ὑπὸ
3076 3258 3173 3323 τῆς
3220 3255 3410 3317 κακίας
3463 3257 3599 3311 κατὰ
3638 3257 3704 3311 τὸ
3738 3259 3871 3331 ἀφα-

328 3352 455 3421 quis
514 3352 769 3418 accedat,
833 3351 944 3404 nisi
1004 3350 1190 3403 turbae
1264 3364 1549 3404 venarum
1620 3350 2039 3420 cogitationum

329 3441 551 3495 fortiter
599 3440 867 3503 obsistat,
923 3438 1216 3493 excutiens
1269 3437 1529 3507 singulas
1578 3442 1633 3493 et
1692 3438 2045 3507 dijudicans,

336 3528 600 3595 flagranti
655 3543 882 3598 semper
912 3527 1200 3582 desiderio
1231 3543 1293 3582 se
1326 3527 1530 3581 intime
1586 3527 1658 3581 ad
1711 3528 1891 3581 Deum
1952 3528 2049 3581 ad-

335 3615 626 3681 movendi,
690 3615 857 3682 nihil,
892 3617 1152 3686 inquam,
1213 3616 1425 3677 obstat,
1488 3615 1537 3671 si
1597 3617 1714 3670 haec
1774 3616 2045 3687 negligat.

336 3705 478 3776 quin
535 3703 784 3760 versutis
853 3704 1239 3759 inhabitantis
1299 3706 1357 3760 in
1426 3705 1552 3775 ipso
1610 3704 1840 3759 malitia
1898 3704 2045 3759 clam

3350 3350 3376 3361 ι.

3317 3350 3380 3419 τῇ
3439 3346 3577 3420 εύχῇ
3639 3342 3873 3419 δυναμέ-

2158 3456 2262 3489 νων
2312 3439 2735 3507 προσκαρτερεῖν
2787 3436 3199 3508 κατεπαίρεσθαι
3248 3436 3337 3490 xui
3388 3433 3478 3489 διὰ
3527 3440 3636 3489 τῶν
3687 3436 3874 3491 τοιού-

2155 3546 2263 3579 των
2322 3526 2420 3587 τῆς
2476 3522 2663 3584 κακίας
2720 3523 3140 3597 μηχανημάτων
3198 3526 3297 3593 τήν
3362 3522 3540 3593 καλήν
3623 3522 3871 3603 διαφθεί-

2162 3634 2269 3687 ρειν
2341 3611 2615 3687 ἐργασίαν,
2670 3613 2757 3666 καὶ
2844 3612 3124 3687 προπίνειν
3204 3614 3404 3683 ταύτην
3488 3618 3567 3685 τῷ
3640 3620 3869 3689 πονηρῷ

2162 3700 2400 3775 δαίμονι.

2158 3348 2241 3405 νὶς
2286 3343 2666 3412 δελεάζεσθαι’
2701 3344 2736 3412 ἢ
2786 3344 2877 3399 καὶ
2924 3349 3031 3398 τῶν
3087 3347 3256 3417 μήπω

335 3794 612 3849 illiciatur
667 3794 884 3850 artibus
918 3810 931 3851 :
966 3798 1064 3848 aut
1113 3794 1298 3849 efferri
1332 3810 1394 3849 se
1451 3794 1696 3849 sinendo
1752 3793 1813 3848 in
1873 3798 2273 3864 contemptum
2331 3793 2599 3861 aliorum,
2640 3796 3071 3865 comparatione
3118 3794 3210 3849 sui
3250 3810 3383 3850 cum
3418 3794 3490 3850 iis
3514 3794 3612 3865 qui
3647 3811 3841 3864 perae.

336 3899 537 3938 verare
570 3883 668 3938 diu
702 3883 761 3938 in
795 3884 1053 3939 oratione
1085 3888 1420 3955 nequeunt;
1451 3883 1561 3938 alio
1622 3882 1892 3953 qquiam
1952 3897 2143 3938 errore
2201 3883 2256 3936 in
2292 3898 2463 3953 quem
2494 3882 2617 3938 suis
2646 3899 2779 3939 eum
2833 3888 3027 3939 astuta
3055 3884 3277 3939 malitia
3309 3884 3851 3941 machinationibus

339 3972 651 4040 induxerit,
722 3974 1150 4045 corrumpendo
1229 3974 1554 4043 praeclaram
1640 3971 2059 4043 operationem,
2112 3988 2357 4042 eamque
2414 3972 2496 4027 sic
2551 3973 2905 4028 irridendam
2968 3974 3330 4045 propinando
3365 3973 3518 4029 malo
3573 3976 3849 4030 diemoni.

409 4061 476 4113 V.
510 4062 632 4116 Nisi
663 4062 984 4125 humilitas,
1022 4063 1298 4128 charitas,
1322 4062 1689 4132 simplicitas,
1725 4070 1777 4115 et
1813 4061 2045 4116 bonitas

338 4156 496 4206 arcte
542 4152 943 4221 conglutinent
1016 4152 1184 4205 nobis
1258 4153 1601 4218 orationem,
1661 4151 1785 4220 ipsa
1838 4150 2043 4215 oratio,

338 4243 439 4293 aut
496 4239 686 4306 potius
738 4241 912 4293 inane
982 4239 1366 4292 simulacrum
1442 4238 1742 4304 orationis,
1806 4237 2047 4292 minime

338 4343 475 4381 sane
498 4327 705 4395 juvare
736 4343 840 4380 nos
871 4326 1102 4397 poterit.
1135 4326 1334 4396 Neque
1390 4326 1447 4379 id
1482 4327 1551 4380 de
1608 4326 1867 4381 oratione
1924 4326 2049 4381 sola

340 4416 609 4480 dicimus,
651 4416 751 4469 sed
793 4417 863 4469 de
910 4415 1069 4469 omni
1128 4430 1337 4485 genere
1380 4415 1693 4470 arduorum
1736 4418 2049 4486 quantum-

342 4504 425 4557 vis
479 4508 534 4557 et
582 4503 997 4559 laboriosorum
1055 4520 1315 4574 operum,
1365 4509 1503 4575 puta
1571 4505 1643 4558 de
1700 4504 2026 4576 virginitate

2227 4062 2300 4115 E'.
2344 4060 2403 4115 Ei
2457 4060 2533 4131 μή
2583 4062 2617 4128 ἡ
2665 4062 3128 4138 ταπεινοφροσύνη
3179 4062 3269 4114 xui
3324 4060 3533 4135 ἀγάπη,
3586 4064 3619 4129 ἡ
3684 4058 3865 4116 ἀπλὸ-

2153 4170 2255 4217 της
2301 4170 2360 4203 τε
2406 4148 2496 4201 καὶ
2546 4149 2815 4221 ἀγαθότης
2857 4148 3271 4205 κατακολλῶσιν
3326 4152 3460 4222 ἡμῖν
3518 4151 3620 4219 τὴν
3670 4152 3845 4225 εύγήν

2156 4241 2190 4306 ἡ
2248 4238 2386 4313 εύχή
2446 4237 2603 4307 αὕτη,
2668 4238 2885 4309 μᾶλλον
2941 4237 2999 4293 δὲ
3054 4240 3116 4293 τὸ
3160 4240 3467 4317 πρόσχημα
3510 4247 3612 4309 τῆς
3668 4243 3865 4317 εὐχῆς,

2158 4325 2354 4394 ἥκιστά
2417 4346 2480 4399 γε
2527 4327 2675 4397 ἡμᾶς
2725 4324 2957 4403 ὠφελεῖν
3014 4324 3256 4383 δύναται.
3317 4330 3417 4381 Καὶ
3472 4327 3570 4381 οὐκ
3627 4326 3719 4381 ἐπὶ
3766 4336 3867 4397 τῆς

2160 4415 2331 4487 εὐχῆς
2389 4417 2549 4468 τοῦτο
2603 4414 2775 4485 μόνης
2819 4416 3015 4491 φαμὲν,
3050 4412 3193 4469 ἀλλὰ
3241 4414 3330 4469 καὶ
3371 4414 3455 4469 ἐπὶ
3515 4417 3719 4477 παντὸς
3778 4439 3869 4471 κα-

2162 4522 2333 4575 ματου
2362 4504 2448 4556 xui
2493 4502 2684 4571 πόνου,
2718 4503 3048 4576 παρθενείας,
3082 4504 3117 4573 ἢ
3174 4502 3425 4574 νηστείας
3473 4503 3509 4572 ἢ
3559 4506 3865 4580 ἀγρυπνίας

332 4592 580 4662 jejunio,
606 4592 834 4662 vigiliis,
871 4593 1213 4663 psalmodia,
1264 4594 1603 4661 ministerio,
1638 4593 2043 4666 similibusque

2169 4590 2189 4659 ἢ
2240 4588 2585 4664 ψαλμῳδίας,
2637 4591 2671 4660 ἢ
2729 4590 3032 4661 διαλονίας,
3082 4593 3117 4661 ἢ
3169 4590 3572 4661 οἱασδηποτοῦν
3608 4593 3862 4668 ἐργασίας

337 4682 545 4739 ofﬁciis
603 4682 997 4751 speciosarum
1059 4683 1570 4756 plausibiliumque
1613 4684 1921 4739 virtutum.
1979 4684 2042 4739 In

337 4789 585 4841 quarum
671 4774 959 4845 exercitio:
1000 4774 1109 4827 nisi
1191 4774 1415 4829 fructus
1491 4773 1803 4840 charitalis,
1866 4774 2041 4841 pacis,

338 4862 559 4932 gaudii,
618 4864 1109 4925 mansuetudinis.
1147 4864 1527 4926 humilitatis,
1578 4863 1717 4932 quin
1764 4863 1937 4915 etiam
1995 4872 2048 4916 et

336 4950 726 5019 simplicitatis
807 4952 1275 5022 sinceritatisque
1332 4968 1398 5005 ac
1476 4951 1606 5005 fidei
1662 4955 1724 5003 ut
1797 4955 2044 5019 oportet,

338 5040 800 5113 longanimitatis
859 5059 1091 5113 quoque
1144 5046 1233 5112 ac:
1269 5040 1673 5095 benevolentia
1731 5040 1789 5092 in
1850 5039 2046 5093 nobis-

334 5132 596 5201 metipsis
644 5131 1016 5203 experiendo'
1044 5132 1369 5194 videamus,
1414 5130 1699 5184 inutiliter
1742 5127 2043 5184 laborave-

332 5224 536 5276 rimus.
598 5221 843 5275 Labores
942 5221 1230 5290 siquidem
1294 5220 1436 5274 istos
1494 5234 1596 5289 spe
1670 5218 2042 5287 assequendm

333 5313 620 5364 tractuum
664 5310 935 5365 utilitatis
982 5308 1457 5379 suscipimus.f_Si
1488 5323 1619 5376 ergo
1652 5311 1783 5377 post
1830 5321 1928 5359 eos
1958 5305 2044 5358 in-

336 5398 503 5452 nobis
544 5415 657 5452 non
709 5399 1069 5469 reperiantur
1128 5401 1349 5452 fructus
1402 5397 1727 5461 charitatis,
1770 5410 2041 5464 superva-

335 5500 512 5539 canea
568 5486 822 5555 profecto
877 5487 979 5542 illa
1026 5487 1214 5541 omnis
1272 5501 1446 5557 opera
1496 5486 1684 5541 fuerit.
1744 5486 1823 5538 Ac
1898 5483 2039 5536 mihi

403 5637 449 5671 ”
484 5638 505 5691 ι
536 5636 745 5692 Thess.
786 5654 834 5701 ν,
870 5640 957 5695 17.
990 5640 1033 5674 ⁵³
1061 5644 1197 5694 Luc.
1234 5655 1391 5705 xvni,
1429 5639 1475 5696 1.
1508 5639 1555 5673 ⁵⁸
1585 5637 1789 5694 Matth.
1821 5651 1973 5701 xxvr,
2008 5633 2094 5687 41.

2154 4681 2350 4754 ἀρετῆς
2405 4676 2579 4734 ἕνεκεν
2649 4679 3099 4753 ἐπιτελουμένης.
3162 4680 3224 4737 Ei
3295 4684 3369 4753 μή
3432 4682 3560 4745 τοὺς
3616 4685 3864 4756 καρποὺς

2160 4776 2261 4838 τῆς
2319 4768 2553 4841 ἀγάπης,
2606 4769 2827 4842 εἰρήνης
2876 4790 2933 4824 τε
2982 4771 3070 4825 xui
3120 4776 3317 4844 χαρᾶς,
3380 4771 3469 4824 καὶ
3549 4772 3866 4844 πραότητος

2157 4857 2651 4932 ταπεινοφροσύνης
2715 4878 2794 4927 τε,
2840 4858 3007 4936 φημὶ,
3055 4860 3146 4912 καὶ
3194 4857 3529 4929 ἁπλότητος,
3575 4860 3667 4913 xui
3730 4860 3865 4939 ἆφε·

2159 4944 2309 5008 λείας
2338 4946 2425 4999 καὶ
2467 4946 2700 5008 πίστεως
2733 4948 2806 5009 ὡς
2848 4946 2985 5014 δεον,
3023 4949 3402 5021 μακροθυμίας
3441 4969 3497 5003 τε
3534 4950 3621 5002 καὶ
3657 4948 3866 5025 φιλοφ-

2157 5035 2410 5106 ροσύνης,
2444 5037 2497 5091 ἐν
2530 5037 2741 5098 ἑαυτοῖς
2784 5038 2910 5111 ὁρᾷν
2957 5034 3203 5110 ἔχοιμεν,
3235 5036 3316 5092 ἐπ’
3368 5034 3547 5091 οόδενὶ
3596 5039 3865 5112 χρησίμῳ

2153 5125 2220 5178 τά
2268 5130 2374 5179 τῶν
2424 5128 2605 5181 πόνων
2655 5125 2983 5199 ὑπέστημεν.
3033 5126 3167 5188 Τοὺς
3218 5128 3322 5203 γὰρ
3365 5126 3561 5188 πόνους
3608 5126 3699 5181 διὰ
3763 5131 3862 5195 τὴν

2152 5216 2258 5266 τῶν
2340 5218 2561 5288 καρπῶν
2646 5214 2911 5292 ὠφέλειαν
2991 5214 3281 5285 ὑπομένειν
3364 5212 3789 5288 καταδεχόμεθα
3848 5260 3862 5273 .

2150 5309 2257 5357 τῶν
2308 5302 2364 5357 δὲ
2408 5310 2631 5377 καρπῶν
2680 5312 2779 5373 τῆς
2847 5305 3058 5379 ἀγάπης
3118 5305 3168 5359 ἐν
3215 5308 3353 5378 ἡμῖν
3412 5307 3486 5377 μή
3546 5306 3865 5379 εὑρισκομὲ-

2152 5416 2277 5463 νων,
2341 5395 2565 5467 περιττή
2643 5394 2859 5456 πάντως
2931 5397 2965 5463 ἡ
3045 5395 3281 5470 ἐργασία.
3341 5396 3498 5448 Ὠστε
3573 5392 3736 5449 οὐδὲν
3812 5398 3863 5450 οἱ

2151 5485 2393 5536 τοιοῦτοι
2463 5486 2570 5536 τῶν
2637 5482 2794 5536 πέντε
2862 5488 3061 5557 μωρῶν
3139 5480 3481 5557 διινηνόχασι
3556 5486 3840 5558 παρθένων

3846 5566 3859 5588 9
