4116 6210
262 347 386 409 857

1598 310 1852 408 Lmen'
1875 348 1973 410 DE
2017 347 2443 408 omnem.

3665 337 3784 397 858

263 476 462 542 α’ίτινες
497 478 585 534 διὰ
631 482 693 536 τὸ
739 482 812 553 μή
865 479 1098 536 ἐντεῦθεν
1149 477 1296 555 ἔχειν
1345 478 1397 534 ἐν
1446 485 1564 541 ταῖς
1617 477 1862 553 καρδίαις
1902 481 1967 535 τὸ

2088 482 2353 539 videnlur
2410 479 2678 536 homines
2730 478 3012 548 ejusmodi
3067 496 3096 533 a
3155 477 3410 552 quinque
3478 475 3654 534 fatuis
3721 477 3780 529 in

262 569 635 640 πνευματικὸν
717 564 922 636 ἔλαιον,
1010 568 1142 640 ὅπερ
1225 572 1331 622 τῶν
1419 567 1722 643 εἰρημένων
1825 567 1966 622 ἐστὶν

264 655 472 729 ἀρετῶν
529 661 562 728 ἡ
622 657 708 712 διὰ
771 663 868 712 τοῦ
927 658 1241 731 Ιῐνεύματος
1317 658 1574 733 ἐνέργεια,
1659 658 1839 734 μωραί
1910 679 1968 714 τε

265 745 686 818 ὠνομάσθησαν,
737 749 823 802 καὶ
883 745 980 802 τοῦ
1028 745 1316 820 βασιλικοῦ
1373 753 1662 822 νυμφῶνος
1714 747 1964 810 ἐλεεινῶς

263 835 715 906 ἀπεκλείσθησαν,
800 835 970 909 μηδὲν
1055 841 1152 892 τοῦ
1256 837 1544 911 παρθενίας
1628 837 1966 910 ἀπονάμεναι

261 926 534 998 καμάτου.
594 930 797 999 ’Ὠσπερ
856 929 960 1002 γαρ
1019 926 1071 980 ἐν
1121 930 1188 1000 τῇ
1246 929 1345 995 τῆς
1403 925 1654 999 ἀμπέλου
1711 929 1966 1004 γεωργίᾳ,

262 1015 407 1069 πάσα
480 1013 767 1086 ἐπιμέλεια
840 1015 930 1069 καὶ
986 1014 1151 1077 πόνος
1227 1013 1316 1070 διὰ
1387 1018 1486 1085 τήν
1561 1021 1670 1071 τῶν
1747 1024 1967 1092 καρπῶν

263 1103 459 1159 ἐλπίδα
526 1100 1036 1179 προκαταὸάλλεται
1073 1123 1086 1137 °
1163 1111 1385 1180 καρπῶν
1446 1104 1504 1160 δὲ
1590 1108 1667 1179 μή
1717 1128 1964 1184 γεωργη-

265 1195 487 1261 θὲντων,
537 1193 713 1249 είκαία
766 1195 979 1249 πάντων
1010 1197 1044 1264 ἡ
1105 1194 1330 1270 ἐργασία
1387 1193 1652 1251 δείκνυται
1696 1213 1710 1228 ⁶
1767 1197 1962 1266 οὕτως,

265 1283 309 1337 εἰ
380 1284 455 1355 μή
525 1280 616 1338 διὰ
669 1287 769 1348 τῆς
839 1283 1100 1360 ἐνεργείας
1167 1289 1264 1339 τοῦ
1335 1285 1648 1358 Πνεόματος
1725 1287 1968 1362 καρποὺς

263 1373 499 1446 ἀγάπης,
532 1373 623 1427 καὶ
671 1373 896 1447 εἰρήνης
946 1375 1035 1429 καὶ
1083 1379 1258 1450 χαρᾶς
1307 1374 1396 1430 καὶ
1445 1380 1552 1430 τῶν
1604 1373 1838 1444 λοιπῶν,
1890 1378 1963 1430 ὧν

265 1462 292 1514 6
352 1460 688 1523 ’Δπόστολος
747 1462 1147 1537 ἀπηρίθμησεν,
1199 1462 1250 1517 ἐν
1308 1464 1519 1526 ἑαυτοῖς
1581 1463 1816 1538 ἴδοιμεν,
1875 1467 1966 1521 καὶ

800 834 970 909 μηδὲν
1055 841 1152 892 τοῦ

264 1555 426 1605 τοῦτο
509 1554 647 1607 κατά
714 1551 1096 1632 πληροφορίαν
1172 1560 1342 1608 πᾶσαν
1429 1555 1519 1609 καὶ
1595 1558 1963 1629 πνευματικήν

265 1639 515 1709 αἴσθησιν
557 1637 910 1716 διομολογεῖν
963 1638 1210 1718 ἔχοιμεν,
1260 1644 1510 1718 περιττὸς
1543 1645 1571 1698 ὁ
1619 1653 1720 1714 τῆς
1765 1648 1968 1720 παρθε-

264 1727 405 1798 νίας,
457 1728 630 1805 εὐχῆς
687 1749 744 1783 τε
789 1730 877 1782 καὶ
939 1727 1290 1802 ψαλμῳδίας,
1345 1731 1591 1801 νηστείας
1648 1735 1738 1788 καὶ
1791 1735 1964 1810 ἀγρυ-

265 1816 423 1878 πνίας
471 1818 714 1888 κάματος
763 1815 1165 1877 ἀποδείκνυται.
1200 1821 1266 1876 Οἱ
1321 1821 1413 1892 μὲν
1461 1823 1562 1896 γαρ
1614 1822 1768 1878 πόνοι
1814 1825 1964 1879 οῦτοι
2000 1863 2046 1926 Β

342 1905 354 1922 ⁸
448 1903 470 1926 1
600 1925 603 1926 ,
732 1907 759 1918 ’δ’
846 1909 856 1926 l
960 1913 985 1924 ο
1143 1907 1156 1924 1
1274 1913 1294 1922 υ
1404 1911 1413 1922 ι
1652 1909 1664 1926 ¹Ι
1720 1912 1732 1926 ο
1785 1910 1829 1926 1‘
1898 1909 1942 1926 ιλ

265 1905 357 1959 καὶ
406 1903 638 1978 κάματοι
689 1907 788 1973 τῆς
832 1909 1019 1984 ψυχῆς
1069 1907 1159 1961 καὶ
1201 1913 1298 1962 τοῦ
1349 1911 1599 1981 σώματος
1647 1909 1732 1964 ἐπ’
1781 1909 1966 1966 ἐλπίδι

265 2001 646 2066 πνευματικῶν
727 2001 971 2071 καρπῶν,
1044 1997 1226 2072 ὥσπερ
1300 1992 1531 2074 ἔφημεν,
1606 1999 1967 2058 ἐπιτελεῖσθαι

268 2085 580 2161 ὀφείλουσιν
629 2105 642 2118 ο
695 2089 728 2155 ἡ
779 2083 826 2139 δ’
874 2085 924 2140 ἒν
971 2093 1089 2148 ταῖς
1145 2087 1364 2161 ἀρεταῖς
1418 2090 1786 2167 καρποφορία,
1848 2093 1972 2148 ἀπό-

270 2174 462 2238 λαυσίς
520 2175 632 2231 ἐστι
703 2175 1038 2248 πνεύματικὴ
1104 2178 1221 2250 μεθ’
1295 2176 1498 2248 ἡδονῆς
1571 2181 1841 2256 ἀφθάρτου
1917 2182 1968 2236 ἐν

269 2263 519 2340 καρδίαις
569 2273 786 2328 πισταῖς
840 2287 897 2320 τε
952 2268 1042 2321 καὶ
1101 2274 1398 2337 ταπειναῖς,
1460 2270 1564 2324 ὑπὸ
1633 2275 1730 2326 τοῦ
1807 2274 1972 2328 Πνεό-

276 2375 445 2428 ματος
476 2353 805 2430 ἀποβρήτως
852 2357 1218 2432 ἐνεργουμένη
1255 2377 1270 2390 ·
1322 2358 1461 2414 ὥστε
1492 2360 1544 2414 οἱ
1593 2361 1750 2416 πόνοι
1800 2363 1889 2417 καὶ
1922 2365 1973 2418 o't

271 2445 531 2517 κάματοι,
579 2445 759 2507 καθώς
810 2445 914 2500 εἶσι
962 2446 1144 2515 πόνοι,
1185 2446 1353 2523 φημὶ,
1395 2448 1484 2501 καὶ
1533 2451 1772 2521 κάματοι
1818 2449 1972 2526 λογι-

276 2532 570 2601 ζέσθωσαν,
635 2533 724 2588 καὶ
784 2534 835 2588 οἰ
888 2533 1110 2608 καρποὶ,
1168 2535 1390 2608 καρποί.
1471 2537 1533 2593 Εἰ
1591 2535 1649 2592 δέ
1722 2560 1808 2602 τις
1887 2537 1976 2594 δια

271 2623 525 2695 γνώσεως
573 2619 774 2684 ἐνδείας
820 2624 920 2692 τήν
985 2617 1232 2698 ἐργασίαν
1289 2624 1451 2680 αὐτοῦ
1499 2626 1588 2680 καὶ
1645 2629 1738 2682 τὸν
1794 2628 1972 2702 κάμα-

270 2733 368 2767 τον
400 2712 641 2787 καρποὺς
671 2717 767 2767 τοῦ
799 2713 1115 2787 Πνεόματος
1147 2715 1282 2770 εἶναι
1325 2717 1568 2790 νομίσει,
1603 2719 1680 2791 μή
1730 2718 1976 2796 ἀγγνοῶν

272 2800 515 2876 φαίνεται
597 2804 944 2878 ψυχαγωγεῖν
1025 2803 1210 2858 ἑαυτὸν
1293 2807 1797 2880 παρακρουόμενος,
1884 2808 1974 2862 καὶ

275 2891 532 2965 μεγάλων
565 2889 737 2953 ὄντως
778 2895 998 2966 καρπῶν
1030 2897 1128 2947 τοῦ
1179 2893 1514 2967 Πνεόματος,
1547 2892 1634 2949 διὰ
1691 2897 1753 2950 τὸ
1804 2897 1975 2957 οὕτως

273 2979 445 3056 ἔχειν,
477 2982 814 3056 ἀποστερῶν.

2078 572 2235 628 nullo
2283 571 2512 626 diil‘erre
2571 570 2914 642 virginibus,
2951 586 3077 639 quae
3133 570 3368 633 idcirco,
3402 569 3552 638 quod
3604 568 3776 622 domo

2078 661 2315 716 allatum
2348 660 2406 714 in
2469 660 2592 714 suis
2645 660 2920 714 cordibus
2984 675 3094 714 non
3130 657 3456 713 habuerunt
3484 656 3777 726 spirituale

2076 751 2291 815 oleum,
2347 751 2497 820 quod
2557 753 2639 803 est
2708 749 2879 803 modo
2949 754 3418 814 memoratarum,
3487 763 3610 816 quae
3680 762 3778 814 per

2077 841 2356 912 Spiritum
2407 849 2726 905 exercetur,
2786 840 3042 909 operatio
3125 840 3430 905 virtutum,
3491 847 3544 892 et
3594 837 3784 891 fatua-

2078 946 2208 984 rum
2263 927 2720 983 nomenclatione
2770 927 3038 981 traductae
3083 933 3238 992 sunt,
3273 932 3329 981 et
3372 926 3525 997 regio
3591 922 3779 979 thala-

2079 1036 2173 1074 mo
2241 1018 2646 1073 miserabiliter
2721 1015 2986 1082 exclusae,
3056 1015 3283 1070 nullum
3344 1021 3524 1070 nactae
3591 1029 3775 1084 operae

2077 1110 2328 1182 pretium
2415 1109 2718 1166 custodita!
2806 1106 3091 1161 laboriose
3171 1105 3541 1175 virginitatis.
3618 1105 3782 1159 Sicut

2075 1201 2229 1256 enim
2291 1201 2346 1253 in
2412 1201 2544 1253 viere
2613 1197 2843 1252 cultura
2909 1196 3098 1251 omnis
3161 1195 3462 1266 diligentia
3500 1201 3556 1249 et
3593 1193 3779 1261 labor,

2078 1290 2374 1345 fructuum
2435 1289 2601 1343 unice
2681 1291 3040 1358 speratorum
3127 1303 3303 1340 causa
3383 1284 3782 1353 impenditur;

2080 1380 2233 1434 unde
2264 1380 2333 1433 iis
2381 1395 2492 1433 non
2555 1376 3046 1446 provenientibus,
3110 1375 3440 1429 frustranea
3499 1377 3610 1427 tuta
3669 1372 3783 1426 ista

2079 1470 2255 1524 fuisse
2299 1465 2588 1523 contentio
2648 1468 3058 1529 monstratur;
3094 1463 3175 1517 ita
3232 1462 3342 1516 nisi
3404 1477 3504 1531 per
3537 1476 3786 1532 operan-

2078 1568 2189 1614 tem
2251 1558 2310 1612 in
2380 1555 2547 1612 nobis
2609 1554 2895 1624 Spiritum
2950 1555 3171 1608 fructus
3213 1551 3537 1617 charitatis,
3601 1551 3779 1621 pacis,

2075 1647 2286 1720 gaudii,
2319 1650 2375 1700 et
2432 1645 2562 1699 illos
2622 1643 2878 1712 reliquos
2937 1641 3302 1696 enumerales
3369 1642 3438 1694 ab
3505 1638 3777 1710 Αροδίοίο

2077 1741 2136 1794 in
2199 1737 2364 1791 nobis
2424 1734 2566 1805 ipsis
2615 1733 2918 1786 videamus
2948 1731 2991 1765 ⁶⁶
3027 1747 3040 1797 ;
3073 1737 3128 1786 et
3173 1731 3280 1786 hoc
3339 1729 3498 1785 omni
3555 1728 3784 1797 experi.

2077 1825 2314 1884 mentali
2411 1822 2718 1886 evidentia,
2787 1835 3098 1889 sensusque
3179 1818 3538 1875 convictione
3601 1816 3785 1888 spiri-

2077 1918 2247 1973 tualis
2292 1917 2458 1987 plane
2520 1926 2863 1985 persuasum
2923 1911 3084 1966 fateri
3152 1927 3216 1965 ac
3288 1907 3542 1980 proﬁteri
3592 1906 3783 1962 valea-

2082 2026 2235 2072 mus,
2283 2009 2478 2063 irritus
2521 2015 2574 2062 et
2617 2005 2862 2060 utilitate
2919 2018 3122 2059 cassus
3175 1999 3364 2055 omnis
3412 1996 3784 2066 virginitatis,

2081 2097 2359 2154 orationis
2407 2101 2464 2151 et
2522 2095 2875 2166 psalmodiae,
2919 2090 3133 2162 jejunii
3178 2093 3236 2145 et
3294 2087 3624 2159 vigiliarum
3691 2086 3786 2140 de-

2083 2187 2464 2258 prehenditur
2519 2185 2700 2240 labor.
2771 2183 2854 2238 llli
2915 2183 3068 2237 enim
3143 2179 3349 2234 animae
3417 2181 3473 2231 et
3527 2175 3786 2246 corporis

2081 2277 2309 2332 labores
2356 2292 2459 2346 spe
2507 2273 2902 2346 spiritualium
2964 2272 3252 2325 fructuum
3315 2266 3512 2338 perfici
3551 2265 3782 2330 debent,

2083 2368 2166 2423 uti
2197 2366 2471 2420 diximus.
2514 2369 2576 2418 In
2635 2362 2942 2417 virtutibus
2988 2365 3182 2415 autem
3214 2374 3337 2428 quaa
3397 2354 3612 2411 dicitur
3667 2354 3790 2408 fru-

2083 2453 2378 2520 ctificatio,
2439 2451 2631 2507 fruitio
2684 2453 2773 2505 est
2829 2446 3151 2518 spiritualis
3203 2459 3336 2499 cum
3368 2441 3659 2512 voluptate
3698 2441 3790 2494 in-

2082 2540 2468 2613 corruptibili,
2517 2540 2577 2594 in
2622 2539 2896 2594 cordibus
2942 2537 3054 2590 llde
3123 2550 3189 2590 ac
3255 2532 3582 2588 humilitate
3647 2547 3791 2600 prae-

2083 2633 2221 2688 ditis
2261 2649 2293 2686 a
2330 2631 2548 2702 Spiritu
2616 2629 2767 2685 clam
2836 2624 3206 2682 ioeﬂ‘abiliter
3268 2623 3490 2678 effecta.
3531 2619 3788 2676 Seorsim

2085 2722 2278 2794 itaque
2327 2724 2670 2792 reputentur
2739 2722 2797 2772 et
2852 2717 3078 2771 labores
3116 2718 3173 2768 et
3211 2713 3456 2777 fructus,
3496 2714 3668 2781 prout
3733 2709 3792 2762 in

2085 2829 2150 2867 se
2179 2809 2408 2865 divisim
2445 2813 2606 2864 sunt.
2649 2808 2708 2862 Si
2751 2807 2882 2876 quis
2931 2820 3065 2859 vero
3114 2817 3216 2873 per
3262 2799 3613 2870 cognitionis
3642 2797 3800 2852 dele-

2085 2907 2264 2968 ctum,
2316 2897 2612 2971 propriam
2667 2895 3063 2965 Operationem
3137 2894 3195 2945 et
3239 2890 3521 2952 laborem,
3571 2888 3798 2942 fructus

2085 2987 2340 3060 Spiritus
2379 3002 2507 3041 esse
2565 2983 2897 3045 crediderit,
2938 2981 2988 3036 is
3049 2995 3149 3049 per
3190 2977 3584 3049 ignorantiam
3641 2974 3798 3028 vide-

274 3081 370 3127 tur
407 3089 470 3128 se
507 3071 694 3144 ipsum
736 3075 954 3131 laetare
992 3077 1049 3130 et
1093 3072 1260 3130 I16
1296 3074 1582 3144 decipere,
1621 3093 1708 3138 ac.
1750 3077 1888 3133 dum
1930 3077 2009 3132 ita
2050 3093 2111 3132 se
2153 3075 2486 3132 adulatione
2525 3071 2694 3128 noxia
2735 3070 2934 3134 habet,
2976 3083 3103 3122 vere
3143 3065 3371 3135 magnis
3411 3061 3793 3133 semetipsum

275 3161 530 3232 Spiritus
559 3161 843 3218 fructibus
874 3164 1116 3233 privare.

355 3250 458 3324 ς’.
514 3253 718 3325 ’Ὠσπερ
772 3252 800 3304 6
875 3256 944 3326 τῇ
1001 3253 1238 3328 ἁμαρτίᾳ
1311 3251 1441 3309 ὅλον
1497 3256 1682 3310 ἑαυτὸν
1754 3252 1972 3311 ἔκδοτον

275 3339 723 3414 παρασχόμενος,
779 3340 846 3395 τὰ
917 3341 1064 3416 παρά
1119 3342 1276 3420 φύσιν
1344 3345 1485 3415 πάθη
1557 3352 1657 3414 τῆς
1730 3345 1974 3418 ἀτιμίας,

278 3428 554 3484 τουτέστιν
638 3427 942 3505 ἀσέλγειαν,
1024 3432 1300 3506 πορνείαν,
1386 3431 1719 3505 πλεονεξίαν,

277 3519 367 3573 καὶ
431 3515 612 3589 δόλον,
661 3519 750 3574 καὶ
805 3520 874 3574 τά
929 3517 1100 3575 λοιπά
1153 3528 1252 3591 τῆς
1310 3524 1502 3586 κακίας
1569 3523 1980 3596 ἐπιτηδεύματα

277 3605 334 3662 ἰν
385 3605 685 3663 ἀπολαύσει
739 3609 831 3662 καὶ
887 3605 1057 3684 ἡδονῇ
1116 3609 1189 3672 ὡς
1237 3612 1434 3688 φυσικά
1498 3614 1928 3686 καταπράττεται
1963 3636 1976 3650 ο

281 3694 456 3758 οὕτως
513 3696 542 3749 6
599 3693 652 3750 ἐν
711 3695 944 3768 ἀληθείᾳ
997 3697 1087 3752 καὶ
1144 3697 1452 3767 τελειότητι
1508 3703 1830 3774 Χριστιανὸς
1886 3701 1981 3766 ὢν,

277 3786 375 3848 τὰς
425 3784 616 3860 ἀρετὰς
663 3785 858 3854 πάσας,
907 3786 996 3840 καὶ
1038 3785 1166 3850 τοῦς
1222 3789 1462 3863 καρποὺς
1515 3791 1612 3844 τοῦ
1672 3791 1981 3862 Πνεόματος

279 3875 518 3937 ἅπαντας
565 3873 692 3938 τοὺς
745 3876 876 3951 ὑπὶρ
923 3879 1024 3946 τήν
1077 3876 1250 3953 φύσιν,
1302 3880 1401 3948 τήν
1453 3879 1666 3953 ἀγάπην
1724 3878 1984 3950 δηλονότι

274 3963 366 4017 καὶ
409 3965 510 4032 τήν
563 3963 810 4038 εἰρήνην,
849 3967 949 4034 τήν
1003 3965 1305 4039 ὑπομονὴν,
1345 3969 1446 4036 τὴν
1494 3967 1700 4035 πίστιν,
1751 3969 1842 4022 καὶ
1884 3973 1983 4038 τήν

274 4051 629 4122 ταπείνωσιν,
663 4054 753 4107 καὶ
800 4057 902 4108 πᾶν
934 4055 997 4109 τὸ
1047 4059 1290 4130 χρυσοῦν
1319 4051 1490 4117 ὅντως
1535 4057 1691 4131 γένος
1720 4063 1824 4126 τῆς
1864 4058 1988 4132 ἀρε-

279 4147 408 4210 τῆς,
441 4138 493 4196 ἓν
527 4140 827 4198 ἀπολαύσει
876 4141 1066 4218 πολλῇ
1097 4143 1188 4198 καὶ
1235 4141 1408 4218 ἡδονῇ
1447 4149 1811 4219 πνευματικῇ,
1841 4147 1987 4202 ἀπο-

280 4233 408 4302 νητὶ
436 4230 632 4287 λοιπὸν
672 4233 764 4287 καὶ
814 4230 1017 4309 ῥᾳδίως
1049 4234 1122 4296 ὡς
1171 4234 1367 4314 φυσικά
1423 4236 1654 4308 μέτεισιν
1690 4255 1704 4268 ·
1755 4235 1854 4292 οὐκ
1909 4233 1988 4292 ἔτι

281 4323 420 4396 πρὸς
447 4321 515 4376 τὰ
560 4325 705 4393 παθη
739 4329 840 4392 τῆς
889 4323 1078 4386 κακίας
1121 4320 1530 4400 διαμαχόμενος
1564 4344 1578 4358 ·
1631 4326 1721 4382 ἅτε
1768 4325 1994 4391 τελείως

285 4410 395 4465 ἀπὸ
472 4413 673 4489 Κυρίου
755 4410 1194 4490 λελυτρωμένος,
1270 4415 1359 4468 καὶ
1442 4415 1548 4470 ἀπὸ
1623 4420 1718 4471 τοῦ
1792 4415 1993 4492 ἀγαθοῦ

284 4501 604 4574 Πνεόματος
675 4504 778 4572 τήν
856 4501 1042 4573 ἐντελῆ
1119 4501 1216 4559 τοῦ
1293 4504 1528 4580 Χριστοῦ
1595 4507 1818 4580 εἰρήνην
1900 4508 1992 4562 καὶ

284 4589 616 4665 ἀγαλλίασιν
673 4591 726 4647 ἐν
786 4596 854 4666 τῇ
911 4591 1107 4669 καρδίᾳ
1165 4591 1472 4667 δεξάμενος.
1534 4596 1700 4658 Οὗτός
1766 4597 1905 4652 ἐστιν
1967 4598 1994 4650 6

288 4679 600 4750 κολληθεὶς
629 4686 707 4754 τῷ
740 4682 940 4756 Κυρίῳ,
969 4684 1059 4737 καὶ
1091 4683 1380 4757 γενόμενος
1413 4684 1487 4746 εἰς
1515 4684 1569 4738 ’ὲν
1597 4690 1825 4758 πνεῦμα.

2157 3255 2251 3314 Vl.
2281 3255 2356 3312 Ut
2429 3254 2529 3326 qui
2606 3256 2839 3324 peccato
2915 3253 3100 3304 totum
3157 3261 3218 3302 se
3268 3245 3462 3315 ipsum
3526 3241 3789 3297 deditum

2086 3346 2338 3414 exhibet,
2391 3351 2660 3398 naturam
2741 3339 3153 3395 inhonorantes
3243 3331 3578 3405 ignominiae
3666 3345 3793 3398 pas-

1818 3441 1974 3508 μῖσος
2007 3420 2049 3486 C
2089 3438 2303 3500 siones,
2338 3437 2445 3490 hoc
2502 3438 2591 3489 est
2646 3429 3091 3502 impudicitiam,
3157 3423 3619 3490 fornicationem,
3660 3436 3796 3474 ava-

2089 3527 2308 3591 ritiam,
2366 3524 2588 3589 odium,
2654 3521 2874 3586 dolum,
2931 3523 2988 3574 et
3045 3516 3268 3587 reliqua
3299 3511 3533 3567 malitia
3599 3507 3796 3564 studia

2091 3634 2224 3674 cum
2303 3614 2578 3670 fruitione
2658 3627 2723 3666 ac
2798 3608 3091 3678 voluptate
3157 3610 3432 3671 tanquam
3509 3597 3798 3654 naturalia

2091 3711 2351 3770 exercet;
2383 3705 2468 3758 sic
2524 3701 2621 3772 qui
2681 3714 2811 3754 vere
2860 3713 2927 3752 ac
2980 3695 3227 3765 perfecte
3275 3688 3645 3746 Christianus
3684 3690 3797 3752 est,

2092 3798 2338 3853 virtutes
2373 3807 2575 3849 omnes
2621 3795 2679 3845 et
2727 3790 2946 3844 fructus
2996 3784 3270 3855 Spiritus,
3323 3779 3425 3851 qui
3482 3795 3659 3848 supra
3690 3793 3799 3831 na-

2095 3889 2286 3940 turam
2347 3885 2506 3946 sunt,
2536 3878 2822 3946 videlicet,
2884 3875 3245 3939 charitatem,
3293 3882 3516 3939 pacem,
3575 3865 3803 3936 patien-

2099 3974 2258 4039 tiam,
2291 3972 2488 4035 iidem,
2521 3966 2937 4030 humilitatem,
2967 3966 3024 4017 et
3067 3975 3240 4014 omne
3297 3971 3482 4028 genus
3539 3968 3673 4008 vere
3703 3969 3798 4006 au-

2099 4078 2261 4117 reum
2302 4055 2949 4127 virtutis,jueunditate
2997 4049 3180 4106 multa
3227 4052 3286 4102 et
3339 4045 3636 4115 voluptate
3685 4041 3808 4112 spi-

2100 4149 2318 4216 rituali,
2351 4149 2420 4203 de
2451 4150 2654 4202 cetero
2685 4144 2812 4198 sine
2844 4141 3038 4196 labore
3089 4153 3156 4192 ac
3185 4132 3376 4200 facile,
3412 4137 3476 4186 ut
3513 4128 3808 4184 naturalia

2099 4239 2470 4308 exsequitur;
2523 4251 2638 4290 non
2703 4233 2827 4302 jam
2898 4233 3099 4284 contra
3170 4221 3466 4295 passiones
3532 4217 3804 4288 nequitiae

2101 4307 2446 4400 depugnans
2471 4342 2484 4392 ;
2511 4327 2712 4395 utpote
2741 4318 2841 4392 qui
2878 4319 3128 4390 perfecte
3160 4330 3195 4369 a
3229 4311 3470 4367 Domino
3503 4307 3804 4400 liberatus,

2101 4394 2230 4475 et‘a
2259 4394 2420 4471 bono
2474 4394 2692 4484 Spiritu
2761 4409 2996 4481 plenam
3073 4401 3518 4470 absolutamque
3592 4394 3810 4484 Christi

2109 4523 2306 4578 pacem
2351 4511 2405 4561 et
2457 4482 2900 4558 exsultationem
2941 4495 3001 4550 in
3041 4493 3214 4550 corde
3253 4490 3498 4562 adeptus
3528 4485 3619 4544 sit.
3654 4482 3811 4540 Talis

2103 4577 2190 4655 est
2229 4595 2432 4651 intime
2490 4602 2662 4662 atque
2728 4586 3023 4642 individua
3105 4581 3353 4638 Domino
3399 4577 3720 4641 adhaerens,
3754 4577 3812 4628 et

2105 4691 2162 4746 in
2207 4703 2388 4742 unum
2423 4699 2553 4740 cum
2587 4699 2653 4738 eo
2673 4679 2916 4736 coalitus
2946 4675 3241 4747 spiritum.

356 4772 430 4825 Ζ’.
487 4767 622 4860 1:06:
893 4748 1236 4844 δυναμένους*
1277 4771 1456 4845 ἄκρως
1521 4778 1600 4844 τῷ
1649 4748 1748 4843 τῆς
1803 4779 1974 4850 ψυχῆς

2183 4777 2300 4834 VH.
2334 4775 2475 4842 Illis,
2509 4773 2609 4843 qui
2641 4769 2896 4826 nondum
2955 4764 3147 4819 valent
3192 4759 3264 4815 ob
3308 4756 3616 4852 ruditatem
3655 4748 3814 4805 velut

286 4852 449 4928 ἔρωτι
507 4855 597 4912 δια
653 4860 964 4930 νηπιότητα
1030 4860 1254 4923 ἑαυτοὺς
1336 4861 1640 4937 ἐπιτρέπειν
1676 4881 1688 4894 °
1765 4863 1992 4926 τούτους

283 4947 385 5015 τήν
468 4948 766 5022 ὑπηρεσίαν
843 4953 952 5004 τῶν
1031 4947 1281 5028 ἀδελφῶν
1357 4953 1474 5026 μετ’
1550 4949 1837 5017 εὐλαϐείας
1906 4955 1996 5009 καὶ

288 5036 547 5105 πίστεως,
622 5033 796 5115 φόϐου
873 5061 934 5095 τε
1013 5041 1180 5112 θείου,
1256 5039 1643 5113 καταδέξασθαι
1713 5045 1847 5118 χρὴ,
1919 5045 1993 5105 ὡς

291 5129 425 5180 Θεοῦ
483 5124 704 5200 ἐντολῇ,
760 5127 849 5181 καὶ
908 5127 982 5190 ὡς
1040 5135 1392 5202 πνευματικῷ
1461 5131 1744 5207 πράγματι
1824 5130 1996 5186 διακο-

291 5214 592 5287 νουμένους
624 5235 637 5248 °
698 5215 825 5272 ἀλλ’
881 5218 988 5292 οὐχ
1045 5220 1118 5280 ὡς
1164 5223 1290 5294 παρ’
1345 5221 1645 5295 ἀνθρώπων
1710 5222 1919 5294 μισθὸν,
1960 5222 1995 5291 ἢ

289 5307 480 5378 τιμὴν,
530 5307 620 5360 καὶ
679 5306 1027 5382 εὐχαριστίαν
1088 5309 1623 5384 προσδοκωμένους’
1687 5309 1830 5384 μηδὲ
1889 5311 1997 5366 δόν·

291 5415 388 5456 τας
447 5395 636 5470 χώραν
721 5396 867 5460 ὅλως
939 5401 1261 5475 γογγυσμῷ,
1339 5401 1373 5470 ἢ
1449 5398 1901 5477 ὑψηλοφροσόνῃ,
1962 5402 1996 5470 ἢ

292 5481 524 5557 ἀμελείᾳ
581 5486 669 5540 καὶ
733 5485 1030 5562 χαυνότητι
1067 5507 1079 5520 ’
1151 5489 1229 5550 ὡς
1285 5489 1362 5560 μή
1443 5489 1506 5544 τὸ
1577 5489 1778 5563 ἀγαθὸν
1838 5494 2000 5546 τοῦτο

293 5569 455 5649 ἔργον
515 5574 841 5632 σπιλοῦσθαι
917 5577 1006 5632 καὶ
1083 5579 1558 5657 παραφθείρεσθαι,
1619 5577 1706 5634 διὰ
1773 5577 1828 5636 δὲ
1900 5587 2000 5650 τῆς

361 5663 410 5698 ⁵⁸
437 5664 563 5721 Gal.
595 5682 647 5734 v,
680 5666 769 5721 22.

2114 4867 2430 4940 quamdam
2465 4841 2743 4927 infantia,
2777 4873 2838 4912 se
2885 4858 3036 4909 totos
3075 4849 3338 4905 addicere
3370 4841 3550 4900 amori
3581 4851 3812 4895 summo

2105 4930 2310 5014 animae
2373 4954 2507 5008 nisu
2567 4944 2906 5011 exercendo,
2949 4939 3234 4998 convenit,
3267 4950 3330 4990 se
3366 4933 3528 5004 ipsos
3585 4930 3814 4999 impen-

2106 5049 2240 5102 dere
2284 5040 2604 5100 ministerio
2651 5039 2915 5093 fratrum,
2949 5029 3152 5087 sedulo
3201 5024 3347 5080 illud
3395 5039 3462 5079 ac
3507 5036 3638 5077 cum
3700 5016 3812 5070 ﬁde

2108 5137 2431 5204 timoreque
2478 5127 2671 5184 divino
2721 5121 3448 5192 amplectendo,tanquam
3499 5109 3598 5165 Dei
3649 5120 3812 5160 man-

2105 5225 2238 5281 dato
2269 5199 2604 5290 invnegotio
2651 5211 2934 5286 spirituali
2985 5209 3404 5277 obsequentes;
3441 5215 3554 5255 non
3614 5199 3810 5250 autem

2107 5315 2180 5371 ab
2227 5309 2565 5375 hominibus
2613 5304 2960 5365 mercedem,
3015 5303 3117 5354 aut
3173 5295 3474 5355 honorem,
3534 5290 3635 5343 aut
3690 5300 3815 5356 gra-

2107 5404 2317 5458 tiarum
2371 5398 2656 5454 actionem
2724 5394 3166 5462 exspectantes;
3217 5399 3322 5439 nec
3371 5381 3577 5437 dantes
3621 5375 3817 5432 locum

2109 5489 2348 5547 omnino
2382 5485 2570 5543 ullum
2622 5477 3088 5545 murmurationi,
3121 5470 3429 5544 superbia,
3457 5463 3818 5540 negligentia:

2107 5585 2165 5638 et
2233 5578 2491 5650 torpori;
2551 5591 2622 5632 ne
2670 5575 2890 5630 bonum
2949 5568 3098 5626 istud
3168 5579 3316 5636 opus
3376 5555 3658 5617 maculari
3723 5558 3822 5610 aut
