4082 6196
286 338 403 397 859

1632 321 1695 381 S.
1743 315 2069 381 MACARII
2113 302 2457 375 JEGYPTII

3681 311 3805 371 860

284 468 577 537 corrumpi
609 466 934 535 contingat:
970 464 1065 517 sed
1112 476 1209 532 per
1259 460 1529 528 pietatem
1563 457 1755 531 potius
1810 455 1991 527 impi-

2176 446 2390 512 λαϐείας
2447 446 2680 522 μᾶλλον,
2739 448 2828 502 καὶ
2885 452 2985 503 τοῦ
3045 445 3241 525 φόϐου,
3298 446 3387 502 καὶ
3459 454 3561 516 τῆς
3628 452 3806 522 χᾶρας

283 576 441 632 gram
473 575 603 613 cum
640 557 737 611 Dei
772 557 976 609 timore
1026 556 1081 606 et
1125 548 1298 604 alacri
1351 548 1544 603 laetitia
1595 548 1989 618 conjunctam,

284 655 511 721 gratum
548 648 696 701 idem
733 648 1156 715 acceptumque
1191 639 1301 694 Deo
1333 639 1454 696 ﬁat.

358 739 500 795 Vill.
563 741 745 792 Tanta
811 732 1171 789 humanitate
1233 738 1286 784 et
1364 728 1617 784 bonitate
1674 728 1725 798 (0
1787 726 1991 780 divinae

287 830 347 884 in
389 846 494 884 nos
546 825 956 883 misericordiae
1015 819 1296 882 viscera!)
1340 819 1573 874 demisit
1630 833 1692 873 se
1750 816 1821 871 ad
1855 832 1991 871 con-

287 920 598 975 sulendum
652 915 991 971 hominibus
1042 911 1347 974 Dominus,
1381 907 1662 964 utsedulo
1696 907 1805 960 hoc
1838 910 1990 975 agat,

286 1025 359 1066 ne
388 1009 696 1079 quisquam
747 1004 879 1059 boni
922 1003 1113 1074 operis
1156 999 1413 1054 mercede
1473 1013 1569 1068 per
1625 1013 1803 1065 suam;
1830 995 1992 1049 incu-

286 1099 434 1153 riam
490 1097 824 1162 fraudetur;
859 1093 956 1146 sed
993 1110 1025 1146 a
1087 1090 1276 1161 parvis
1331 1088 1401 1141 ad
1456 1088 1705 1156 majores
1747 1085 1989 1138 virtutes

286 1196 526 1244 cunctos
554 1186 720 1258 quasi
770 1184 1117 1252 quibusdam
1164 1179 1441 1251 gradibus
1492 1177 1784 1248 provehat,
1818 1175 1899 1229 ita
1931 1178 1993 1227 ut

287 1294 355 1332 ne
386 1276 664 1348 porrectio
712 1272 947 1344 quidem
1002 1271 1201 1325 salicis
1252 1285 1413 1339 aquae
1457 1267 1679 1337 frigidae
1731 1264 1992 1319 mercede

286 1365 535 1422 caritura
567 1364 661 1418 sit.
698 1362 850 1416 Dixit
898 1360 1051 1415 enim
1091 1376 1103 1411 :
1141 1357 1245 1425 Qui
1293 1356 1491 1411 dederit
1541 1355 1776 1411 calicem
1842 1368 1993 1424 aqum

284 1455 504 1525 frigidm
541 1458 760 1507 tantum
820 1452 876 1504 in
933 1450 1155 1503 nomine
1194 1443 1477 1514 discipuli,
1508 1458 1667 1498 amen
1698 1442 1815 1497 dico
1846 1441 1994 1496 vobis

286 1561 395 1600 non
441 1542 624 1614 perdet
682 1541 976 1595 mercedem
1026 1554 1182 1592 suam
1229 1535 1297 1589 ⁵⁵.
1328 1535 1394 1589 Ει
1435 1549 1634 1588 rursus
1669 1548 1681 1586 :
1714 1534 1779 1585 In
1818 1548 1993 1601 quan-

288 1645 400 1691 tum
450 1634 551 1687 uni
597 1631 694 1686 hoc
747 1628 957 1701 fecistis
1010 1628 1147 1681 mihi
1179 1627 1379 1695 fecistis
1428 1622 1497 1680 ⁵⁷,
1548 1622 1875 1678 Dummodo
1903 1636 1992 1675 se-

290 1726 545 1779 cundum
595 1724 776 1776 Deum
836 1720 953 1787 tiat,
988 1720 1140 1790 quod
1190 1719 1370 1784 titget
1426 1732 1540 1769 non
1584 1723 1814 1785 prepter
1880 1711 1995 1765 lau-

287 1816 416 1870 dem
470 1815 787 1868 humanam
848 1811 983 1875 ﬁat;
1017 1806 1286 1878 adjunxit
1350 1805 1504 1859 enim
1555 1819 1568 1858 :

285 1906 513 1958 nomine
561 1902 841 1971 discipuli,
877 1900 984 1955 hoc
1038 1904 1147 1964 est,
1179 1914 1247 1952 ex
1300 1894 1619 1952 reverentia
1676 1899 1732 1949 et
1800 1907 1995 1947 amore

292 1992 522 2047 Christi.
576 1991 721 2045 Nam
764 1990 853 2053 iis,
897 1987 997 2059 qui
1047 1986 1456 2042 ostentationis
1498 1982 1683 2056 gratia
1728 1998 1845 2037 rem
1892 1981 1994 2035 bo—

292 2099 424 2137 nam
450 2087 867 2151 exsequuntur,
902 2076 1333 2147 reprehendens
1382 2074 1688 2137 Dominus,
1732 2075 1790 2126 et
1828 2085 1993 2125 asse-

286 2170 575 2225 veratione
600 2176 756 2223 certa
790 2167 1135 2222 sententiam
1161 2163 1542 2225 confirmans,
1574 2158 1874 2230 subjungit
1913 2158 1995 2211 di-

288 2275 422 2314 cens
461 2274 474 2313 :
507 2259 674 2313 Amen
694 2256 807 2311 dico
856 2255 1004 2310 vobis
1053 2254 1369 2322 receperunt
1409 2249 1710 2305 mercedem
1738 2264 1898 2302 suam
1926 2246 1993 2301 ⁸⁸.

361 2347 453 2401 IX.
488 2346 846 2416 Simplicitas
913 2348 1047 2399 ante
1132 2343 1264 2408 alia,
1325 2345 1377 2395 et
1448 2344 1652 2395 mutua
1715 2335 1995 2404 charitas,

289 2447 341 2494 et
373 2438 675 2509 gaudium.
711 2439 766 2488 et
824 2433 1125 2489 humilitas
1164 2431 1402 2486 omnino
1459 2434 1734 2499 tanquam
1792 2426 1995 2481 funda-

290 2533 554 2582 mentum
605 2525 1061 2581 substernantur
1107 2521 1165 2576 in
1241 2519 1620 2584 fraternitate,
1682 2533 1755 2572 ne
1820 2531 1997 2586 super

291 2631 397 2671 nos
447 2614 694 2668 invicem
748 2611 899 2680 elati,
943 2616 999 2665 et
1034 2626 1186 2664 unus
1244 2612 1314 2663 de
1369 2608 1480 2662 alio
1539 2610 1993 2673 murmurantes,

290 2702 557 2758 inutilem
617 2702 785 2757 nobis
845 2701 1100 2756 laborem
1163 2698 1496 2754 efﬁciamus.
1546 2697 1692 2768 Ergo
1741 2712 1845 2751 nec
1900 2694 1997 2765 qui

291 2792 418 2848 sine
486 2790 922 2846 intermissione
981 2789 1251 2860 perdurat
1308 2787 1366 2841 in
1435 2784 1813 2851 orationibus,
1866 2784 1995 2839 ideo

291 2898 353 2937 se
416 2897 513 2951 per
583 2880 971 2952 arrogantiam
1025 2877 1266 2933 extollat
1325 2894 1498 2948 supra
1548 2891 1705 2944 eum,
1746 2873 1847 2946 qui
1888 2872 1995 2928 hoc

289 2972 476 3026 facere
502 2987 614 3027 non
648 2975 873 3042 potest;
908 2985 1095 3040 neque
1125 2967 1225 3040 qui
1274 2967 1597 3023 ministerio
1658 2982 1718 3021 se
1749 2964 1992 3031 addixit,

288 3063 356 3117 de
406 3061 528 3129 illo,
583 3061 679 3133 qui
730 3060 979 3116 orationi
1031 3063 1220 3125 vacat,
1270 3064 1618 3115 murmurat.
1672 3056 1895 3112 Etenim
1945 3058 1995 3111 si

288 3151 576 3220 ejusmodi
642 3150 987 3221 simpliciter
1017 3166 1080 3205 ac
1140 3149 1294 3204 bona
1360 3148 1743 3219 dispositione
1812 3145 1993 3201 animi

1628 1804 1857 1857 Tantum
1932 1800 1993 1855 in
2026 1839 2072 1903 Β

2103 536 2493 615 εῦπρόσδεκτον
2526 536 2604 610 τῷ
2635 542 2752 609 Θεῷ
2783 538 3042 611 γίνεσθαι,

2175 724 2253 777 Η’.
2314 720 2557 796 Τοσαότῃ
2617 718 2999 799 φιλανθρωπίᾳ
3052 720 3141 775 καὶ
3202 720 3495 795 ἄγαθότητι
3552 718 3625 792 (ὣ
3698 723 3807 773 τῶν

2105 811 2259 865 θείων
2336 809 2656 885 σπλέγχνων
2714 811 2838 883 περῖ
2897 811 3104 883 ἡμᾶςί)
3173 805 3477 884 συγκατέϐη
3549 814 3663 871 τοῖς
3718 810 3810 863 ἀν-

2105 900 2348 973 θρώποις
2409 901 2435 954 ὁ
2488 900 2702 972 Κύριος,
2764 899 2924 953 τοῦτο
2982 899 3523 975 πραγματευόμενος,
3580 899 3643 954 τὸ
3695 921 3816 971 μη-

2106 985 2227 1043 δένα
2285 984 2442 1063 ἔργου
2504 989 2707 1063 ἀγαθοῦ
2771 989 2963 1059 μισθὸν
3017 985 3262 1061 παριδεῖν
3295 1009 3307 1021 ι
3359 986 3487 1043 ἀλλ’
3544 989 3647 1042 ἀπὸ
3694 992 3812 1041 τῶν

2107 1083 2317 1151 μικρῶν
2361 1078 2447 1132 ἐπὶ
2495 1079 2589 1137 τας
2641 1078 2858 1149 μείζους
2904 1082 3012 1133 τῶν
3062 1080 3290 1153 ἀρετῶν,
3347 1080 3552 1142 πάντας
3599 1077 3814 1153 ἀναγα-

2102 1172 2262 1241 γεῖν·
2315 1167 2376 1221 τὸ
2440 1165 2579 1239 μηδέ
2627 1169 2890 1241 ποτήριον
2949 1170 3166 1242 ψυχροῦ
3226 1165 3420 1230 ὕδατος
3489 1167 3813 1240 ἀποστερεῖν

2103 1256 2453 1318 ἀντιδόσεως.
2516 1254 2715 1331 Εἷ¹ρηκε
2787 1258 2938 1333 γάρ·
2996 1259 3090 1319 Ὃς
3154 1257 3213 1312 ἃν
3282 1257 3478 1333 ποτίσῃ
3535 1260 3809 1332 ποτήριον

2103 1351 2319 1421 ψυχροῦ
2406 1345 2569 1419 μόνον
2654 1344 2728 1407 εἷς
2811 1344 2982 1419 ὄνομα
3069 1349 3337 1419 μαθητοῦ,
3416 1349 3562 1420 ἀμὴν
3658 1346 3814 1422 λέγω

2109 1437 2262 1508 ὑμῖν,
2339 1436 2401 1490 οὐ
2483 1436 2560 1508 μή
2637 1436 2897 1491 ἀπολέσει
2966 1437 3057 1491 τὸν
3135 1439 3325 1509 μισθὸν
3427 1436 3639 1492 αὐτοῦ’
3714 1439 3813 1491 καὶ

2105 1523 2304 1587 αῦθις’
2404 1528 2521 1601 Ἐφ’
2624 1524 2749 1581 ὅσον
2838 1524 2915 1580 ἐνὶ
3007 1530 3168 1581 τοῦτο
3261 1525 3575 1596 ἐποιήσατε,
3679 1525 3812 1598 ἐμοὶ

2103 1615 2412 1686 ἐποιήσατε.
2470 1616 2643 1671 Μόνον
2703 1616 2840 1672 κατά
2895 1616 3024 1672 Θεὸν
3082 1618 3144 1671 τό
3210 1619 3515 1691 γινόμενον,
3572 1617 3665 1671 καὶ
3728 1620 3810 1690 μή

2101 1707 2236 1761 κατὰ
2324 1704 2477 1776 δόξαν
2553 1707 2805 1782 γινέσθω,
2873 1707 3176 1780 προσέθηκε
3258 1708 3407 1782 γεὶρ⁸

2103 1792 2276 1868 ὄνομα
2328 1798 2574 1870 μαθητοῦ
2608 1812 2621 1826 ·
2670 1796 2915 1851 τουτέστι
2964 1791 3119 1869 φόόῳ
3155 1797 3245 1851 καὶ
3293 1796 3473 1871 ἀγάπῃ
3514 1800 3762 1871 Χριστοῦ
3793 1816 3809 1831 δ

2105 1891 2220 1948 τοῖς
2293 1887 2394 1961 γὰρ
2481 1883 2857 1950 ἐπιδεικτικῶς
2942 1886 3002 1940 τὸ
3083 1887 3280 1961 ἀγαθὸν
3381 1890 3624 1959 μετιοῦσι
3714 1886 3815 1941 καὶ

2110 1978 2457 2051 μεμφόμενος
2517 1977 2544 2029 ὁ
2608 1976 2823 2050 Κύριος,
2884 1975 3149 2053 ἀποφάσει
3211 1975 3403 2050 βεβαίᾳ
3473 1978 3564 2031 τὸν
3640 1975 3818 2050 λόγον

2106 2067 2547 2144 ἀσφαλιζόμενος
2611 2064 2819 2142 ἐπάγει,
2879 2066 3094 2142 λέγων·
3177 2066 3351 2139 Ἀμήν
3422 2064 3569 2142 λέγω
3630 2067 3761 2138 ὑμῖν
3800 2086 3813 2099 ·

2105 2156 2372 2234 ἀπέχουσι
2400 2155 2491 2209 τὸν
2523 2154 2713 2227 μισθὸν
2748 2153 2946 2212 αὐτῶν.

3488 1708 3656 1779 μόνον
3730 1708 3812 1769 εἷς

2177 2335 2249 2388 Θ’.
2312 2337 2373 2387 Ἠ
2437 2329 2685 2398 ἁπλότης
2755 2331 2861 2401 πρὸ
2912 2334 3018 2385 τῶν
3071 2327 3257 2387 ἄλλων
3327 2330 3417 2386 καὶ
3474 2333 3508 2399 ἡ
3583 2330 3825 2407 ἀφέλεια

2103 2422 2194 2476 καὶ
2252 2424 2285 2492 ἡ
2343 2441 2476 2494 προς
2536 2419 2822 2490 ἀλλήλους
2874 2418 3084 2493 ἀγάπη,
3117 2418 3207 2473 καὶ
3255 2421 3422 2495 χαρά,
3489 2419 3575 2474 καὶ
3621 2421 3831 2476 ταπεί-

2103 2531 2290 2578 νωσις,
2342 2509 2402 2564 ἐκ
2446 2510 2647 2571 παντὸς
2696 2508 2926 2582 τρόπου,
2987 2508 3167 2583 ὥσπερ
3216 2530 3298 2570 τις
3368 2508 3621 2582 θεμέλιος
3685 2509 3835 2565 ὓπο-

2106 2596 2493 2671 ϐεϐλήσθωσαν
2564 2600 2616 2653 ἐν
2675 2602 2742 2672 τῇ
2814 2596 3166 2676 ἀδελφότητι,
3225 2597 3316 2653 ’ίνα
3390 2600 3465 2671 μή
3544 2598 3835 2668 ἀλλήλων

2103 2690 2580 2765 κατεπαιρόμενοι,
2654 2688 2746 2744 καὶ
2804 2688 3326 2764 καταγογγόζοντες,
3380 2689 3644 2759 ἀνόνητον
3727 2692 3837 2745 τὸν

2105 2784 2345 2854 κάματον
2398 2777 2793 2853 ἀποδείξωμεν.
2844 2778 2942 2834 Καὶ
2991 2780 3127 2852 μήτε
3160 2780 3187 2833 ὁ
3234 2775 3600 2841 ἀδιαλείπτως
3640 2801 3833 2853 προσο

2104 2875 2377 2945 καρτερῶν
2424 2874 2543 2930 ταῖς
2602 2869 2815 2944 εὐχαῖς,
2862 2872 2960 2923 τοῦ
3022 2869 3096 2941 μὴ
3150 2868 3291 2924 οὕτω
3352 2873 3527 2924 ποιεῖν
3579 2867 3833 2942 δυναμέ-

2104 2984 2195 3017 νου
2280 2960 2734 3034 κατεπαιρὲσθω·
2823 2961 2960 3031 μήτε
3041 2959 3069 3013 ὁ
3148 2963 3215 3032 τῇ
3298 2956 3541 3030 διακονίᾳ
3622 2959 3839 3016 ἑαυτὸν

2104 3048 2375 3119 ἐκδιδοὺς,
2431 3053 2530 3104 τοῦ
2587 3051 2656 3121 τῇ
2714 3050 2999 3123 προσευχῇ
3058 3046 3426 3123 σχολάζοντος
3478 3070 3836 3126 καταγογγυο

2108 3142 2288 3209 ζέτω·
2352 3140 2427 3200 ὡς
2488 3137 2540 3193 εἷ’
2587 3158 2647 3212 γε
2710 3139 2843 3210 μετά
2900 3140 3162 3208 τοιαύτης
3230 3136 3540 3208 ἀπλότητός
3603 3159 3661 3193 τε
3728 3144 3839 3197 καὶ

286 3214 423 3311 erga
463 3257 525 3296 se
584 3214 829 3295 invicem
889 3239 1077 3294 affecti
1140 3238 1375 3305 fuerint,
1398 3214 1549 3308 quod
1625 3237 1889 3292 abundat
1934 3235 1993 3290 in

2176 3229 2394 3291 ιθέσεως
2444 3228 2724 3298 ἀλλήλοις
2781 3226 3196 3304 προσφέροιντο,
3241 3229 3453 3303 γίνηται
3505 3230 3565 3285 τὸ
3625 3233 3841 3303 περίτ-

287 3334 723 3401 perseveranter
807 3328 1137 3395 orantibus,
1207 3326 1558 3382 redundabit
1641 3325 1702 3380 in
1769 3325 2001 3394 supple-

288 3423 551 3473 mentum
604 3419 755 3489 ejus,
815 3417 969 3487 quod
1025 3415 1500 3471 ministrantibus
1559 3414 1765 3469 deest:
1824 3413 1996 3469 vicis-

288 3508 517 3579 simque
548 3508 595 3563 si
650 3508 790 3579 quid
841 3506 1231 3562 lucrabantur
1278 3505 1697 3571 ministrantes,
1746 3503 1998 3572 explebit

288 3595 348 3649 in
382 3613 495 3666 quo
550 3596 821 3651 deﬁcient
870 3594 1071 3649 attenti
1120 3593 1502 3650 orationibus.
1536 3593 1616 3648 Ex
1673 3608 1785 3662 qua
1840 3607 1997 3647 com-

295 3685 642 3757 pensatione
706 3684 1008 3756 aequalitas
1094 3684 1285 3754 magis
1370 3684 1601 3738 videtur
1667 3682 1995 3737 conservari

290 3792 477 3846 posse,
512 3790 764 3848 congrue
824 3775 891 3829 ad
937 3772 1077 3829 illud
1115 3790 1129 3828 :
1167 3774 1364 3844 Neque
1406 3773 1506 3843 qui
1535 3772 1775 3827 multum
1805 3770 1994 3826 habuit

289 3864 612 3933 abundavit,
642 3880 816 3935 neque
840 3866 938 3933 qui
966 3880 1186 3935 parum,
1217 3863 1486 3933 defectum
1515 3865 1686 3918 sensit
1714 3861 1777 3914 ‘9.

359 3956 506 4010 177
544 3957 619 4009 Χ.
652 3955 816 4011 Tunc
850 3955 913 4008 fit
960 3954 1059 4009 Dei
1090 3953 1356 4009 voluntas
1413 3953 1553 4008 sicut
1610 3951 1670 4007 in
1699 3952 1834 4007 cado
1863 3951 1993 4007 etin

286 4051 438 4101 terra
459 4044 529 4109 ⁸ο,
561 4045 818 4115 quando,
852 4050 917 4099 ut
974 4045 1195 4099 dictum
1240 4049 1344 4109 est,
1379 4060 1494 4098 non
1531 4044 1695 4097 nobis
1749 4042 1994 4097 invicem

288 4153 402 4191 non
447 4134 918 4205 praatulerimus;
968 4135 1199 4203 quando
1244 4149 1357 4188 non
1411 4133 1602 4187 solum
1648 4131 1771 4185 sine
1815 4147 1996 4185 semu-

286 4224 520 4288 latione,
547 4224 645 4278 sed
683 4228 740 4276 et
778 4238 911 4275 cum
960 4228 1164 4276 mutua
1218 4221 1573 4275 exhibitione
1604 4219 1995 4289 simplicitatis

288 4316 344 4367 et
378 4312 704 4380 cbaritatis,
748 4309 1182 4381 alacritatisque
1226 4309 1365 4363 laetas
1439 4307 1681 4363 connexi
1746 4307 1993 4362 invicem

288 4400 592 4465 fuerimus,
625 4414 971 4469 unoquoque
1020 4400 1111 4455 sui
1182 4398 1437 4454 vicissim
1500 4398 1745 4470 proximi
1804 4397 1995 4467 profe-

287 4496 448 4548 ctum
508 4488 662 4543 velut
712 4490 1035 4561 prOprium,
1069 4490 1564 4562 quemadmodum
1625 4506 1727 4559 par
1751 4493 1840 4544 est
1872 4505 1887 4557 ;
1918 4488 1992 4544 si-

2100 3341 2274 3391 τευμα
2347 3320 2453 3373 τῶν
2520 3324 2638 3379 ταῖς
2718 3315 2907 3392 εὐχαῖς
2980 3316 3499 3393 ἐμπαραμενόντων,
3567 3316 3660 3373 ἰπὶ
3759 3325 3836 3377 τὸ

2106 3406 2381 3483 ὑστέρημα
2443 3409 2550 3464 τῶν
2640 3405 3034 3463 διακονούντων
3070 3428 3083 3444 -
3162 3408 3252 3463 καὶ
3323 3406 3475 3469 αὖθις
3549 3411 3613 3464 τὸ
3697 3417 3837 3467 τῶν

2103 3496 2508 3553 διακονούντων
2552 3496 2882 3571 περίσσευμα
2941 3494 3030 3551 ἐπὶ
3086 3497 3149 3553 τὸ
3192 3497 3471 3571 ὑστέρημα
3525 3502 3634 3554 τῶν
3692 3507 3840 3564 ταῖς

2103 3588 2293 3663 εὐχαῖς
2354 3586 2738 3662 σχολαζόντων
2782 3604 2795 3617 ⁸
2848 3587 2939 3641 καὶ
3007 3586 3159 3643 οὕτω
3228 3585 3441 3659 μᾶλλον
3500 3589 3532 3655 ἡ
3597 3587 3838 3660 ἰσότης,

2102 3678 2239 3733 κατά
2296 3677 2358 3733 τὸ
2433 3677 2745 3751 εἰρημένον,
2822 3677 3073 3752 φαίνηται
3151 3677 3434 3749 σωζομένη
3471 3697 3484 3709 ·
3566 3678 3664 3746 ὣς,
3764 3682 3840 3736 τὸ

2102 3765 2245 3824 πολὺ
2296 3766 2397 3821 οὐκ
2467 3765 2803 3821 ἐπλεόνασε’
2873 3765 2965 3821 καὶ
3032 3766 3105 3828 ὡς
3174 3767 3256 3836 τὸ,
3317 3767 3379 3821 τὸ
3452 3766 3641 3840 ὀλίγον
3716 3770 3845 3827 οὐκ

2103 3856 2487 3927 ἠλαττόνησεν.

2176 3949 2232 4003 ι’.
2279 3944 2414 4001 Τότε
2455 3947 2660 4020 γίνεται
2707 3946 2769 4000 τὸ
2815 3948 2914 4002 τοῦ
2963 3946 3099 4002 Θεοῦ
3143 3944 3359 4018 θέλημα
3405 3946 3479 4007 ὼς
3529 3944 3581 3999 ἰν
3635 3947 3845 4020 οὖρα-

2103 4044 2180 4110 νῷ
2235 4038 2325 4092 καὶ
2377 4036 2463 4091 ἐπὶ
2520 4043 2618 4104 τῆς
2674 4042 2795 4111 γῆς,
2856 4035 2981 4091 ὅταν
3040 4037 3142 4111 μή,
3202 4036 3383 4110 ὥσπερ
3436 4036 3667 4109 εἴρηται,
3708 4039 3841 4095 ἀλ-

2104 4125 2294 4197 λήλων
2352 4125 2826 4200 κατεπαιρώμεθα,
2885 4125 3011 4183 ὅταν
3066 4128 3142 4198 μή
3202 4126 3363 4200 μόνον
3414 4126 3584 4197 ζήλου
3630 4133 3845 4203 χωρὶς

2103 4216 2249 4273 ἀλλᾶ
2299 4217 2387 4272 καὶ
2438 4215 2756 4285 ἁπλότητος
2797 4217 2849 4270 ἐν
2905 4220 3119 4290 μετοχῇ
3170 4217 3259 4271 καὶ
3318 4217 3526 4292 ἀγάπης
3580 4215 3848 4293 εἰρήνης

2101 4329 2160 4363 τε
2217 4309 2305 4363 καὶ
2364 4311 2537 4385 χαρᾶς
2606 4306 2944 4379 συνημμένοι
3003 4304 3173 4380 ὦμεν,
3231 4305 3503 4377 ἀλλήλοις
3554 4308 3657 4375 τήν
3721 4318 3845 4367 τοῦ

2103 4396 2340 4468 πλησίον
2391 4398 2671 4471 προκοτήν
2730 4393 2896 4464 ἰδίαν,
2952 4398 3027 4458 ὡς
3080 4394 3223 4465 δέον,
3291 4397 3381 4451 καὶ
3437 4397 3533 4465 τὴν
3597 4397 3847 4457 ἑκείνου

2105 4487 2391 4561 ὑστέρησιν
2446 4486 2646 4556 ζημίαν
2700 4487 2903 4541 ἑαυτῶν
2969 4484 3344 4563 λογιζόμενοι,
3387 4487 3475 4541 καὶ
3528 4491 3602 4559 τῇ
3662 4488 3843 4569 εὐχῇ

288 4579 623 4651 militerque
677 4577 918 4635 alterius
989 4580 1301 4645 defectum,
1356 4580 1643 4649 jacturam
1699 4580 1991 4650 propriam

2176 4575 2359 4651 νηρὸς,
2409 4575 2500 4630 καὶ
2557 4579 2625 4649 τῇ
2687 4574 2929 4647 διακονίᾳ
2971 4581 3078 4631 τῶν
3121 4573 3372 4652 ἀδελφῶν
3414 4576 3504 4631 καὶ
3552 4573 3608 4630 ἐν
3653 4577 3848 4655 ὶτὲρᾳ

286 4674 592 4740 reputante
626 4684 639 4722 :
673 4673 939 4724 caeterum
1002 4670 1060 4723 in
1111 4668 1372 4723 oratione
1431 4668 1609 4738 piger,
1659 4668 1877 4740 quique
1934 4668 1992 4722 in

288 4757 618 4814 ministerio
660 4757 906 4813 fratrum
954 4762 1055 4813 aut
1092 4773 1264 4828 opere
1307 4756 1445 4824 alio,
1478 4758 1631 4827 quod
1673 4757 1992 4812 secundum

286 4839 471 4894 Deum
520 4841 605 4907 fit,
646 4839 923 4907 languide
976 4844 1032 4895 et
1081 4839 1441 4911 negligenter
1490 4846 1774 4906 versatus,
1816 4854 1882 4893 ac
1918 4839 1991 4894 ab

285 4929 559 4999 Apostolo
612 4931 769 5000 piger
814 4931 1030 4986 diserte
1081 4936 1340 4997 vocatus,
1374 4931 1502 5001 ipso
1560 4943 1792 4999 quoque
1848 4944 1993 4999 pane

284 5018 564 5089 indignus
599 5022 1031 5088 pronuntiatur.
1069 5020 1222 5075 Dixit
1263 5020 1414 5074 enim
1454 5035 1467 5074 :
1518 5018 1626 5084 Qui
1682 5036 1793 5072 non
1844 5016 1995 5074 labo-

284 5116 393 5177 rat,
421 5126 521 5166 nec
553 5109 844 5165 manducet
875 5110 957 5165 δίε
1020 5110 1089 5165 Et
1146 5109 1285 5164 alibi
1319 5126 1332 5166 :
1373 5110 1564 5179 Pigros
1620 5113 1802 5164 autem
1858 5109 1995 5166 Deus

284 5202 421 5254 odit.
461 5202 533 5256 Et
565 5217 578 5257 :
616 5204 778 5271 Piger
815 5218 915 5257 nec
946 5201 1127 5270 ﬁdelis
1156 5215 1267 5256 esse
1294 5205 1484 5270 potest.
1545 5200 1614 5255 Et
1671 5200 1993 5271 Sapientia:

287 5289 512 5344 Multam
572 5294 848 5347 malitiam
906 5292 1087 5346 docuit
1131 5293 1354 5345 otioitas
1389 5288 1455 5343 δε.
1488 5290 1769 5345 Convenit
1816 5291 1995 5361 igitur

287 5392 787 5451 unumquemque,
813 5381 1214 5451 qualecunque
1262 5396 1430 5449 opus,
1470 5380 1625 5449 quod
1664 5379 1763 5436 Dei
1817 5396 1995 5437 causa

360 5572 409 5608 ⁸⁸
448 5573 650 5630 Matth.
694 5592 750 5644 x,
792 5579 881 5634 42.

960 5577 1005 5612 ιν
1042 5578 1247 5634 Matth.
1288 5593 1416 5647 xxv,
1460 5578 1547 5634 ιο.

290 5660 377 5715 m,
416 5645 505 5702 10.

578 5646 624 5680 θ’
664 5647 835 5703 Ecoli.
874 5665 1075 5716 xxxiii,
1113 5650 1202 5705 29.

2105 4664 2171 4736 δή
2238 4687 2368 4736 τινι,
2415 4659 2555 4738 ἔργῳ
2610 4670 2691 4736 τῷ
2745 4666 2881 4721 κατὰ
2931 4666 3061 4720 Θεὸν
3116 4666 3384 4739 γινομένῳ
3440 4663 3663 4740 χαύνως
3732 4673 3843 4725 καὶ

2099 4753 2321 4829 ἀμελῶς
2373 4752 2735 4827 διακείμενος,
2787 4755 2945 4816 οὗτος
2990 4755 3097 4809 ἀπὸ
3134 4755 3230 4811 τοῦ
3263 4754 3599 4810 ’Δποστόλου
3640 4756 3842 4833 ἀργὸς

2102 4841 2406 4919 διαρρήδην
2438 4842 2798 4917 καλούμενος.
2835 4841 3000 4899 αὺτοῦ
3046 4848 3143 4899 τοῦ
3193 4841 3360 4919 ἄρτου
3403 4844 3618 4913 ἀνάξιος
3670 4848 3843 4905 εἶναι

2099 4932 2573 5011 καταψηφίζεται·
2653 4931 2839 5007 εἴρηκε
2916 4932 3018 5007 γάρ
3053 4951 3066 4965 ⁸
3154 4936 3212 4987 Ὃ
3288 4930 3345 4986 δὲ
3428 4932 3595 5007 ἀργὸς
3664 4936 3847 5006 μηδὶ

2101 5022 2320 5078 ἐσθιέτω
2355 5041 2368 5054 ’
2429 5022 2521 5077 καὶ
2577 5020 2876 5100 ἀλλαχοῦθ
2938 5020 3069 5084 Τοὺς
3128 5020 3185 5076 δὲ
3239 5022 3437 5097 ἀργοὺς
3491 5022 3582 5076 καὶ
3614 5023 3644 5076 ὁ
3680 5029 3845 5090 Θεὸς

2107 5117 2274 5185 μισεῖ.
2357 5112 2472 5180 καὶ,
2551 5114 2607 5167 '0
2681 5112 2847 5185 ἀργὸς
2912 5110 3036 5166 οὐδὲ
3103 5128 3293 5173 πιστος
3367 5112 3499 5167 εἶναι
3564 5109 3841 5177 δύναται,

2102 5201 2209 5258 Καὶ
2294 5201 2471 5279 Σοφία
2524 5218 2536 5231 ⁸
2626 5197 2855 5266 Πολλὴν
2939 5199 3152 5269 κακίαν,
3240 5198 3368 5277 ἔφη,
3450 5198 3688 5271 ἐδίδαξεν
3799 5211 3837 5276 ἧ

2103 5288 2287 5364 ἀργία,
2350 5291 2623 5363 Προσήκεί
2693 5292 2978 5364 τοιγαροῦν
3051 5286 3275 5345 ἕκαστον
3329 5291 3519 5346 ὁποῖον
3598 5289 3843 5363 δήποτε

2104 5378 2262 5454 ἔργον
2326 5380 2462 5435 κατὰ
2521 5378 2650 5434 Θεὸν
2704 5378 2989 5452 γινόμενον
3046 5385 3427 5459 καρποφορεῖν,
3484 5380 3573 5436 καὶ
3632 5404 3839 5444 σπου.

1623 5578 1668 5614 ⁵⁸
1706 5578 1907 5636 Matth.
1948 5595 1993 5634 v1

2194 5580 2239 5616 '°
2295 5578 2474 5637 Exod.
2527 5596 2642 5653 xw,
2686 5582 2771 5638 18.
2848 5582 2899 5620 °°
2944 5583 3145 5642 Matth.
3194 5600 3270 5641 v1.
3318 5582 3373 5640 6.
3448 5582 3495 5623 “
3535 5582 3561 5640 ῐ
3598 5583 3830 5647 Tum.
