4082 6196
247 352 358 414 861

243 574 309 628 τὸ
368 573 617 648 παράπαν
683 572 926 648 ἄκαρπος
1005 576 1413 650 εὑρισκόμενος,
1495 577 1799 652 ἀμέτοχος,
1881 577 1956 640 εἷς

247 663 386 717 ἅπαν
418 662 506 717 καὶ
537 666 644 716 τῶν
678 662 910 719 αἰωνίων
945 665 1160 740 ἀγαθῶν
1190 667 1428 741 γενηται.

321 843 429 898 ΙΑ’.
488 842 630 915 Πρὸς
695 842 822 905 τοὺς
879 843 1129 921 λέγοντας
1188 843 1449 901 ἀδύνατον
1511 847 1644 901 εἶναι
1707 837 1808 914 ’τῆς
1863 866 1950 900 τε-

252 931 543 1002 λειότητος
609 931 907 1010 ἐφικέσθαι,
975 936 1064 990 καὶ
1131 943 1230 1005 τῆς
1315 937 1533 1006 εἰσαπαξ
1624 934 1951 1010 ἀπαλλαγῆς

245 1022 356 1078 τῶν
411 1025 617 1089 παθῶν,
681 1023 727 1077 εί
793 1023 884 1078 καὶ
947 1031 1044 1093 τῆς
1115 1028 1408 1099 μετουσίας
1464 1027 1553 1082 καὶ
1610 1025 1952 1100 πληρώσεως

243 1116 340 1166 τοῦ
407 1111 610 1186 ἀγαθοῦ
674 1120 865 1188 τυχεῖν
934 1114 1272 1188 Πνεῦματος,
1328 1116 1617 1192 ἀναγκαῖον
1686 1118 1786 1184 τήν
1844 1117 1950 1172 ἀπὸ

241 1207 348 1257 τῶν
407 1201 565 1257 θείων
622 1208 847 1280 Γραφῶν
908 1205 1203 1278 μαρτυρίαν
1256 1205 1571 1281 ἐπενεγκεῖν,
1633 1207 1721 1260 καὶ
1782 1204 1947 1277 δεῖξαι

239 1297 421 1353 κακῶς
455 1289 668 1354 εἰδότας
699 1292 916 1361 αὐτοὺς,
964 1291 1176 1368 ψευδῶς
1223 1315 1283 1350 τε
1333 1290 1446 1367 ἅμα
1492 1296 1580 1350 καὶ
1633 1293 1946 1375 ἐπισφαλῶς

239 1380 500 1457 λέγοντας
533 1398 548 1412 ’
587 1383 801 1437 Γίνεσθε
858 1384 987 1457 γὰρ,
1046 1385 1212 1461 φησὶν
1269 1385 1297 1440 ὁ
1358 1385 1578 1459 Κύριος,
1641 1385 1732 1441 καὶ
1793 1386 1947 1458 ὑμεῖς

237 1469 465 1543 τέλειοι,
533 1471 607 1532 ὡς
665 1473 693 1526 ὁ
749 1475 937 1547 Πατήρ
994 1474 1182 1546 ὑμῶνό
1233 1474 1480 1549 οὐράνιος
1538 1472 1752 1536 τέλειός
1809 1475 1942 1530 ἐστι·

236 1561 329 1614 καὶ
389 1559 628 1630 παντελῆ
683 1563 1031 1637 καθαρότητα
1077 1562 1166 1620 διὰ
1211 1563 1420 1619 τούτων
1480 1565 1782 1638 σημαίνων*
1830 1566 1942 1635 καὶ,

240 1648 397 1705 θελω
451 1648 547 1705 ’ίνα
593 1651 730 1707 ὅπου
776 1651 892 1725 εἰμὶ
945 1653 1056 1727 ἐγὼ
1103 1652 1194 1708 καὶ
1249 1655 1400 1709 οὗτοι
1453 1654 1556 1710 ὦσι
1611 1658 1724 1728 μετ’
1783 1653 1941 1728 ἐμοῦ,

234 1736 326 1794 ἵνα
402 1741 646 1813 θεωρῶσι
709 1742 808 1810 τήν
888 1737 1042 1814 δόξαν
1115 1744 1215 1813 τὴν
1293 1742 1430 1816 ἐμήν
1471 1786 1483 1798 .
1580 1747 1758 1799 Ταῦτα
1845 1749 1942 1799 τοῦ

233 1828 523 1902 εἰρηκότος
593 1830 746 1884 εἶ’σίνο
827 1835 883 1886 '0
962 1831 1189 1905 οὐρανὸς
1267 1834 1358 1888 καὶ
1426 1836 1459 1902 ἡ
1529 1840 1599 1909 γῆ
1673 1832 2016 1928 παρελεύοΒ

234 1939 405 1989 σεται,
471 1921 521 1974 οἱ
589 1917 646 1974 δὲ
713 1919 876 1994 λόγοι
949 1941 1054 1994 μου
1133 1920 1194 1975 οὐ
1264 1923 1338 1994 μὴ
1406 1923 1780 2000 παρελθφωσι·
1849 1922 1937 1977 καὶ

229 2009 295 2063 τὸ
381 2012 478 2063 τοῦ
563 2008 944 2065 Ἀποστόλουο
1035 2012 1148 2067 Ἵνα
1232 2013 1668 2085 παραστήσωμεν
1769 2015 1939 2068 πάντα

230 2097 520 2172 ἄνθρωπον
585 2096 794 2154 τέλειον
854 2099 906 2154 ἐν
970 2101 1214 2173 Χριστῷ.
1297 2101 1396 2156 Καὶ
1470 2102 1580 2158 τὸ*
1640 2101 1820 2177 Μέχρι
1879 2100 1937 2157 δὲ

228 2189 656 2260 καταντήσωμεν
757 2190 808 2244 οἱ
899 2190 1093 2251 πάντες
1175 2191 1252 2252 εἷς
1346 2192 1444 2259 τήν
1525 2192 1755 2261 ἑνότητα
1837 2195 1935 2261 τῆς

227 2275 484 2343 πίστεως,
541 2276 630 2332 καὶ
691 2284 791 2348 τῆς
851 2275 1191 2352 ἐπιγνώσεως
1247 2283 1345 2334 τοῦ
1415 2277 1543 2334 Υἱοῦ
1600 2285 1696 2335 τοῦ
1777 2287 1934 2350 Θεοῦ,

228 2363 309 2428 είς
368 2363 538 2442 ἄνδρα
592 2366 825 2437 τέλειον,
887 2368 965 2431 εἷς
1027 2370 1226 2444 μέτρον
1311 2369 1536 2440 ⁴ἡλικίας
1609 2372 1706 2426 τοῦ
1781 2371 1933 2444 πληο

226 2457 483 2532 ρώματος
537 2462 635 2513 τοῦ
691 2463 946 2534 Χριστοῦ,
1030 2460 1106 2522 είς
1163 2461 1360 2516 ταυτὸν
1418 2460 1588 2538 φέρει.
1657 2461 1816 2519 Οὕτω
1875 2461 1934 2518 δὲ

221 2549 360 2620 πρὸς
414 2551 512 2616 τὴν
578 2545 901 2619 τελειότητα
959 2550 1284 2625 ἀφορῶντας
1369 2546 1653 2623 συμϐαίνει
1714 2550 1810 2606 δύο
1865 2554 1932 2608 τὰ

222 2636 498 2693 κάλλιστα
545 2636 808 2713 γίνεσθαι,
859 2637 1113 2694 σύντονόν
1165 2660 1222 2695 τε
1275 2639 1364 2694 καὶ
1415 2637 1777 2697 ἀδιάπαυστον
1835 2642 1928 2697 τὸν

222 2726 414 2803 ἀγῶνα
459 2721 687 2802 ἔχοντας
717 2727 792 2790 εἰς
839 2728 903 2784 τὸ
953 2729 1120 2803 πὶρας
1159 2725 1397 2796 διώκειν,
1452 2725 1542 2784 διὰ
1583 2731 1682 2799 τήν
1733 2729 1930 2787 ἐλπίδα

221 2815 386 2873 τοῦδε
439 2822 538 2873 τοῦ
599 2818 821 2893 μέτρου,
879 2820 1050 2895 φημὶ,
1107 2819 1196 2874 καὶ
1243 2826 1343 2888 τῆς
1387 2815 1700 2883 ἀναϐάσεως
1735 2823 1928 2898 ’τύφῳ

219 2927 276 2964 τε
323 2908 398 2980 μή
456 2905 798 2979 ἁλίσκεσθαι,
864 2907 1013 2965 ἀλλά
1071 2914 1506 2987 μετριοφρονεῖν,
1549 2911 1636 2964 καὶ
1701 2910 1931 2984 μικροὺς

219 2997 446 3061 ἑαυτοὺς
501 3000 757 3074 ἡγεῖσθαι
808 2996 898 3054 διὰ
952 3000 1051 3068 τήν
1115 3004 1285 3072 μήπω
1341 3002 1439 3053 τοῦ
1494 2997 1705 3054 τελείου
1760 3019 1927 3054 κατα-

222 3087 419 3154 ληψιν.

293 3179 397 3233 ΙΒ’.
452 3177 514 3231 Οἱ
581 3181 748 3235 ταῦτα
808 3175 1072 3254 λέγοντες,
1127 3178 1309 3256 φησὶν,
1358 3176 1418 3234 ἐκ
1482 3182 1646 3252 τριῶν
1709 3177 1926 3252 τρόπων

221 3267 323 3336 τὴν
393 3265 652 3340 μεγίστην
715 3268 870 3340 ψυχῇ
946 3265 1303 3342 περιάπτουσι
1401 3261 1614 3341 βλάϐην
1649 3287 1660 3300 ·
1709 3271 1924 3341 πρῶτον

224 3356 349 3428 μὶν,
409 3355 494 3411 ὅτι
547 3361 667 3417 ταῖς
728 3355 1106 3417 θεοπνεύστοις
1165 3356 1444 3435 φαίνονται
1523 3352 1929 3417 διαπιστοῦντες

215 3451 478 3524 Γραφαῖςο
550 3448 644 3503 εἴθ’
703 3449 786 3502 ὅτι
843 3448 933 3503 τὸν
995 3449 1217 3521 μείζονά
1269 3469 1328 3504 τε
1393 3449 1480 3503 καὶ
1559 3445 1766 3504 τέλειον
1847 3448 1925 3520 μὴ

210 3535 653 3610 προστησάμενοι
748 3540 845 3592 τοῦ
935 3542 1370 3611 Χριστιανισμοῦ
1454 3539 1694 3607 σκοπὸν,
1789 3534 1928 3609 μηδὲ

206 3627 347 3701 πρὸς
424 3624 626 3681 ἐκεῖνον
724 3626 918 3702 φθάσαι
1007 3627 1490 3702 κατατεινόμενοι,
1583 3627 1749 3682 πόνον
1835 3626 1925 3681 καὶ

209 3713 478 3785 σπονδήν,
542 3719 726 3772 πεῖνάν
777 3738 834 3772 τε
881 3717 971 3772 καὶ
1023 3715 1180 3792 δίψαν
1226 3725 1324 3788 τῆς
1376 3717 1723 3789 δικαιοσύνης
1775 3713 1923 3793 ἔχειν

205 3805 270 3862 οὐ
332 3803 585 3862 δύνανται
625 3825 638 3840 ⁸
674 3805 822 3862 ἀλλά
876 3813 994 3868 τοῖς
1051 3807 1336 3884 ἐξωτέροις
1394 3810 1644 3882 σχήμασί
1701 3829 1758 3863 τε
1832 3808 1922 3862 καὶ

207 3895 390 3967 ἤθεσι,
455 3897 544 3951 καὶ
614 3895 825 3970 ὀλίγοις
881 3897 991 3953 τισὶ
1067 3898 1483 3972 κατορθώμασιν
1565 3895 1924 3973 ἐμπληροφο-

209 3985 498 4060 ρούμενοι,
567 3988 664 4054 τῆς
727 3987 994 4060 μακαρίας
1057 3985 1301 4057 ἐλπίδος,
1374 3985 1464 4040 καὶ
1551 3985 1922 4055 τελειότητος,

204 4077 299 4132 καί
360 4083 462 4144 τῆς
515 4073 818 4138 παντελοῦς
862 4081 968 4132 τῶν
1019 4077 1301 4132 παντελῶν
1354 4078 1541 4130 παθῶν
1609 4076 1921 4149 καθάρσεως

198 4165 622 4222 ἀπολείπονται.
685 4168 757 4221 Τὸ
801 4166 984 4242 τρίτον
1037 4167 1112 4229 ὡς
1169 4166 1417 4237 οἰόμενοι
1463 4172 1566 4235 τῆς
1621 4164 1923 4239 ἀκρότητος

200 4254 484 4330 ἐφικέσθαι
543 4259 613 4330 τῇ
669 4255 1004 4328 κατορθώσει
1063 4259 1169 4311 τῶν
1237 4254 1464 4328 ὀλίγων,
1537 4255 1611 4316 ὡς
1690 4251 1920 4333 ἔφημεν,

201 4345 439 4420 ἀρετῶν,
474 4345 565 4399 καὶ
618 4346 694 4418 μὴ
728 4345 864 4418 πρὸς
915 4345 977 4399 τὸ
1024 4343 1238 4400 τέλειον
1287 4341 1656 4419 ἐπειγόμενοι,
1719 4343 1783 4398 οὐ
1828 4344 1924 4416 μό-

202 4457 297 4491 νον
343 4435 672 4492 ταπείνωσιν
719 4437 808 4491 καὶ
868 4436 1144 4512 πτωχείαν
1204 4435 1292 4491 κάί
1351 4431 1638 4510 συντριϐἠν
1697 4433 1920 4511 καρδίας

212 4525 418 4594 ἥκιστα
473 4521 619 4602 ἔχειν
669 4523 915 4581 δύνανται
944 4545 959 4559 ’
988 4524 1134 4582 ἀλλὰ
1181 4523 1514 4590 δικαιοῦντες
1574 4527 1799 4588 ἱαυτοὺς
1847 4526 1921 4588 ὡς

1586 357 1820 418 LIBER
1860 353 1966 415 DE
2011 346 2438 413 ORATIONE.

248 483 418 547 δαίως
448 482 543 540 κᾶν
619 485 704 564 ὑφ’
762 486 838 541 ὶνὶ
895 492 1003 543 τῶν
1055 488 1270 562 ἀγαθῶν
1319 485 1676 558 διατίθεσθαι,
1723 489 1811 546 ’ίνα
1874 512 1929 562 μπ

2069 486 2227 548 facit,
2295 485 2589 540 fructuosa
2671 502 2901 556 agere:

3653 356 3768 417 862

2957 505 3023 543 ac
3104 489 3467 561 diligentiam
3527 492 3772 548 cuilibet

2063 576 2277 632 actioni
2311 576 2472 630 bona:
2507 576 2860 646 impendere,
2916 595 2985 633 ne
3037 584 3311 650 tanquam
3367 583 3766 638 infructuosus

2059 667 2294 722 omnino
2346 673 2630 736 repertus,
2682 669 2838 722 omni
2883 685 3121 738 prorsus
3161 671 3607 742 participatione
3648 674 3759 728 bo-

2059 772 2270 811 norum
2305 759 2653 810 aeternorum
2686 758 3046 816 excludatur.

2129 845 2224 900 Xl.
2260 844 2601 901 Dicentibus
2653 847 2772 901 fieri
2823 865 2933 902 non
2987 867 3174 919 posse,
3230 857 3290 907 ut
3325 853 3496 908 homo
3530 855 3596 908 ad
3644 871 3763 926 per-

2058 935 2363 990 fectionem
2401 937 2705 1004 pertingai,
2755 941 2811 992 et
2860 939 2927 991 ad
2964 939 3190 1008 plenam
3243 941 3644 998 liberationem
3693 945 3762 1000 ab

2059 1024 2400 1092 affectibus;
2434 1025 2694 1096 itemque
2722 1027 3225 1096 participationem
3255 1037 3312 1086 et
3353 1031 3751 1104 impletionem

2055 1113 2191 1168 boui
2225 1113 2494 1184 Spiritus,
2529 1131 2764 1168 necesse
2797 1124 2882 1170 est
2912 1133 3202 1186 opponere
3236 1120 3566 1176 testimonia
3609 1123 3759 1177 divi-

2056 1219 2262 1257 narum
2308 1204 2769 1274 Scripturarum,
2805 1209 3222 1277 ostendereque
3252 1213 3308 1262 et
3337 1225 3528 1264 errore
3550 1213 3762 1265 mentis

2051 1290 2248 1347 labore
2297 1292 2474 1361 ipsos,
2507 1299 2564 1347 et
2595 1293 2737 1348 falso
2785 1310 2850 1349 ac
2884 1295 3208 1366 periculose
3241 1297 3417 1368 loqui.
3467 1300 3562 1353 Ait
3599 1301 3756 1354 enim

2051 1380 2374 1437 Dominus:
2417 1384 2595 1438 Estote
2639 1389 2690 1438 et
2732 1400 2821 1437 vos
2867 1387 3126 1454 perfecti,
3177 1388 3315 1441 sicut
3376 1389 3545 1443 Pater
3585 1396 3760 1444 vester

2049 1470 2277 1526 caelestis
2305 1473 2581 1542 perfectus
2629 1477 2709 1527 est
2747 1474 2810 1527 ⁸³.
2865 1474 3102 1530 Plenam
3153 1477 3600 1548 absolutamque
3655 1496 3760 1549 pu-

2050 1562 2280 1616 ritatem
2352 1577 2452 1631 per
2546 1560 2666 1615 haec
2744 1563 3024 1619 indicans.
3103 1565 3167 1619 Et
3229 1581 3244 1621 :
3323 1567 3467 1630 Volo,
3542 1574 3600 1620 ut
3660 1568 3759 1623 ubi

2047 1667 2167 1704 sum
2207 1667 2325 1720 ego,
2375 1659 2426 1705 et
2470 1650 2530 1704 hi
2567 1652 2680 1704 sint
2738 1668 2971 1721 mecum,
3043 1659 3104 1708 ut
3170 1653 3383 1710 videant
3442 1655 3752 1711 claritatem

2045 1755 2224 1796 meam
2255 1739 2320 1798 ⁵⁸.
2350 1745 2478 1796 Haec
2536 1741 2791 1796 afﬁrmat
2822 1741 2890 1808 is,
2943 1743 3042 1813 qui
3085 1742 3226 1798 alias
3260 1745 3507 1800 dixerit:
3545 1747 3746 1801 Cretum

2047 1835 2096 1885 et
2133 1837 2288 1886 terra
2336 1832 2644 1886 transibunt
2687 1833 2753 1898 ⁵⁵,
2800 1837 2908 1887 etc.
2961 1833 3172 1889 Eodem
3226 1840 3450 1905 spectat
3496 1842 3552 1891 et
3602 1836 3741 1892 illud

2046 1919 2353 1991 Apostoli:
2403 1923 2469 1979 Ut
2524 1921 2881 1977 exhibeamus
2937 1938 3150 1978 omnem
3217 1924 3494 1980 hominem
3555 1928 3747 1995 per/e-

2046 2019 2190 2064 ctum
2225 2012 2282 2064 in
2323 2010 2541 2066 Christo
2590 2009 2656 2065 6⁸.
2702 2012 2844 2066 Illud
2893 2028 3126 2082 quoque
3174 2014 3347 2068 Donec
3395 2029 3742 2069 occurramus

2045 2116 2228 2156 omnes
2276 2102 2338 2156 in
2386 2101 2658 2157 unitatem
2728 2101 2879 2171 ﬁdei,
2943 2109 2994 2157 et
3057 2105 3356 2172 agnitionis
3429 2106 3556 2159 Filii
3624 2105 3740 2171 Dei,

2044 2193 2104 2245 in
2142 2193 2323 2245 virum
2354 2194 2675 2262 perfectum,
2725 2193 2783 2245 in
2823 2207 3135 2247 mensuram
3166 2194 3347 2247 (etatis
3375 2193 3743 2263 plenitudinis

2047 2279 2248 2335 Christi
2275 2278 2345 2347 ⁸⁷,
2378 2280 2530 2336 idem
2561 2280 2789 2337 suadet.
2826 2280 2999 2337 Porro
3023 2281 3121 2353 qui
3171 2283 3578 2353 perfectionem
3622 2303 3739 2356 prie

2043 2370 2229 2426 oculis
2296 2371 2536 2438 habent,
2601 2371 2718 2425 illis
2784 2373 2898 2427 duo
2947 2374 3208 2443 quaedam
3261 2377 3742 2444 praestantissima

2042 2463 2269 2518 evenire
2320 2462 2624 2533 contingit.
2683 2463 2960 2517 Summus
3018 2479 3082 2518 ac
3131 2464 3465 2520 irremissus
3503 2471 3739 2520 conten-

2040 2550 2216 2606 tionis
2247 2551 2416 2606 ardor
2447 2551 2505 2606 in
2537 2551 2730 2621 ipsum
2776 2553 3024 2622 apicem,
3068 2568 3168 2622 spe
3219 2553 3394 2622 hujus
3425 2571 3732 2620 mensurae,

2041 2655 2276 2695 cursum
2311 2641 2368 2694 in
2415 2640 2781 2696 ascendendo
2815 2641 3232 2712 persequendi;
3285 2648 3342 2697 et
3372 2649 3435 2697 ut
3466 2645 3740 2716 superbia

2040 2745 2110 2785 ne
2138 2731 2474 2800 capiantur;
2526 2730 2630 2786 sed
2679 2732 2907 2786 modice
2955 2732 3024 2786 de
3070 2748 3130 2788 se
3179 2733 3453 2798 sentiant,
3517 2739 3573 2788 et
3620 2733 3736 2788 exi-

2037 2834 2184 2890 guos
2215 2836 2278 2874 se
2306 2820 2658 2886 existiment,
2707 2819 2984 2892 quoniam
3017 2822 3430 2891 perfectionem
3467 2823 3735 2879 nondum

2041 2909 2341 2964 consecuti
2373 2912 2532 2964 sunt.

2109 3180 2238 3234 ΧΗ.
2289 3179 2396 3245 Qui
2451 3195 2515 3234 ea
2552 3177 2887 3249 'proferunt,
2937 3176 3124 3233 tribus
3173 3177 3359 3233 modis
3418 3179 3736 3236 maximum

2041 3270 2252 3325 animis
2279 3271 2562 3326 damnum
2596 3270 2938 3340 important,
2977 3267 3228 3335 primum
3272 3269 3530 3340 quidem,
3581 3271 3739 3342 quod

2037 3362 2319 3418 divinitus
2340 3361 2637 3433 inspiratis
2664 3376 2877 3432 negare
2905 3360 3174 3415 videntur
3193 3361 3506 3432 Scripturis
3532 3362 3737 3431 fidem;

2035 3453 2241 3508 deinde
2271 3453 2424 3524 quod
2471 3452 2748 3520 majorem
2783 3455 2839 3505 et
2865 3452 3182 3521 perfectum
3216 3467 3327 3506 non
3363 3452 3740 3522 praistituunt

2035 3540 2488 3598 christianismo’
2533 3557 2798 3612 scopum,
2846 3555 3030 3611 neque
3095 3541 3165 3593 ad
3226 3539 3388 3594 illum
3442 3543 3738 3612 pervenire

2034 3631 2469 3696 contendentes,
2516 3629 2775 3684 laborem
2815 3638 2867 3684 et
2918 3629 3200 3693 studium,
3235 3631 3444 3684 famem
3494 3636 3549 3685 et
3579 3631 3734 3686 sitim

2027 3720 2276 3791 justitiaa
2311 3719 2520 3773 habere
2554 3722 2832 3789 possunt;
2863 3719 2962 3772 sed
2996 3718 3250 3774 externis
3280 3725 3334 3774 et
3357 3720 3740 3786 superficiali-

2033 3810 2144 3865 bus
2174 3809 2474 3865 habitibus
2503 3813 2559 3862 et
2592 3807 2868 3874 moribus,
2894 3807 3214 3878 paucisque
3236 3808 3589 3877 quibusdam
3621 3815 3730 3864 tra-

2034 3897 2232 3954 latitize
2264 3898 2493 3953 virtutis
2527 3896 2733 3951 officiis
2777 3895 3010 3950 abunde
3058 3895 3337 3961 contenti,
3384 3913 3418 3950 a
3446 3912 3546 3966 spe
3575 3898 3736 3951 beata

2032 3991 2088 4043 et
2136 3985 2527 4057 perfectionis,
2596 3984 2992 4054 absolulmque
3040 4001 3352 4054 pravorum
3402 3985 3590 4040 omnis
3628 4001 3725 4056 ge-

2030 4076 2189 4132 neris
2239 4075 2557 4130 affectuum
2626 4074 2993 4146 purgationis
3059 4074 3352 4129 excidunt.
3404 4076 3731 4144 Postremo,

2031 4167 2185 4238 quod
2247 4164 2600 4221 exhibitione
2667 4180 2982 4234 paucarum
3049 4163 3376 4235 vulgarium
3427 4164 3730 4232 virtutum,

2031 4260 2093 4312 ut
2143 4255 2422 4319 diximus,
2471 4253 2748 4310 inﬂantur
2796 4255 2852 4308 in
2899 4254 3228 4326 opinionem
3267 4254 3382 4322 sui,
3414 4254 3731 4325 quasijam

2030 4347 2253 4419 apicem
2297 4350 2550 4409 teneant,
2584 4344 2641 4399 in
2689 4360 2863 4415 quem
2895 4359 3196 4398 summum
3228 4343 3368 4398 eniti
3397 4343 3482 4398 vis
3514 4343 3726 4398 huma-

2031 4453 2104 4492 na
2152 4439 2328 4507 quat;
2376 4435 2618 4505 ideoque
2657 4433 2904 4489 ulterius
2953 4433 3210 4505 aspirare
3260 4433 3567 4501 desinunt;
3626 4449 3730 4490 nec

2030 4527 2218 4584 solum
2263 4526 2537 4581 humilem
2581 4524 3028 4581 aestimationem
3075 4523 3187 4590 sui,
3234 4529 3290 4579 et
3335 4529 3732 4595 paupertatem

200 4615 315 4687 ἤδη
351 4596 780 4695 κατειληφότας,
835 4618 895 4674 οὗ
946 4619 1231 4691 προκοπήν
1277 4618 1377 4673 οὐκ
1424 4615 1664 4674 ἐπίδοσιν
1713 4613 1921 4690 ὁσημέ-

2069 4623 2087 4671 ι
2119 4615 2532 4672 contritionem
2567 4613 2760 4668 cordis
2791 4612 3035 4667 minime
3066 4611 3277 4668 habere
3308 4617 3592 4683 possunt:
3628 4613 3726 4667 sed
3766 4637 3768 4640 ν

201 4726 294 4782 ραι
331 4705 612 4781 διχονται.

271 4981 380 5037 ΙΓ’.
437 4978 578 5042 Τοὺς
637 4975 898 5035 ἀδύνατόν
946 4999 1110 5056 φησιν
1156 4977 1494 5053 ἡγουμένους
1542 4978 1641 5046 τήν
1712 4978 1912 5054 κατόρ-

197 5075 378 5128 θωσιν
438 5070 666 5140 ταύτην,
723 5071 823 5139 τήν
878 5066 967 5125 διὰ
1009 5073 1106 5124 τοῦ
1171 5067 1482 5142 Πνεῦματος
1537 5074 1655 5131 τοῖς
1715 5069 1912 5145 ἀνθρώο

184 5180 327 5221 ποις
382 5155 764 5236 ἐγγινομένην,
825 5161 947 5228 ἣτις
992 5160 1026 5228 ἡ
1075 5158 1233 5226 καινὴ
1289 5159 1463 5220 κτίσις
1511 5155 1621 5213 ἐστὶ
1662 5163 1763 5226 τῆς
1813 5178 1912 5212 κα-

191 5254 377 5325 θαρᾶς
442 5246 691 5324 καρδίας,
769 5251 798 5303 ὁ
873 5247 1207 5309 Ἀπόστολος
1277 5245 1578 5324 διαρρήδην
1665 5247 1910 5312 ἐοικότας

200 5335 413 5398 αὐτοὺς
455 5335 688 5393 δείκνυτι
736 5343 855 5400 τοῖς
901 5335 970 5393 δι’
1019 5335 1267 5392 ἀπιστίαν
1317 5337 1417 5407 τήν
1458 5340 1560 5410 γῆν
1603 5342 1703 5405 τῆς
1750 5334 1910 5410 ἐπαγ-

188 5427 397 5504 γελίας
475 5426 735 5484 είσελθεῖν
821 5429 899 5500 μὴ
984 5427 1332 5500 ἠξιωμένοις,
1399 5426 1491 5481 καὶ
1573 5423 1662 5480 διὰ
1745 5430 1909 5482 τοῦτο

192 5520 582 5576 πεπτωκότων
656 5517 840 5582 αὐτοῖς
915 5522 1023 5573 τῶν
1099 5514 1297 5574 κώλων
1361 5515 1415 5571 ἐν
1485 5519 1552 5591 τῇ
1609 5515 1803 5592 ἐρῆμῳ
1835 5534 1850 5550 ·
1881 5515 1910 5570 ὃ

280 5626 334 5662 ⁸³
362 5627 572 5684 Matth.
620 5643 678 5698 ν,
723 5628 813 5682 48.
888 5626 936 5698 f‘
978 5627 1150 5686 Joan.
1204 5641 1341 5697 xvn,
1401 5626 1490 5683 24.

183 5717 280 5770 xv,
321 5699 410 5756 13.
487 5697 533 5738 ⁸⁸
563 5692 736 5759 Hebr.
762 5715 844 5769 In,
878 5692 963 5755 17.

1568 5623 1618 5661 ⁸⁸
1662 5623 1872 5682 Matth.
1916 5637 2074 5690 xxiv,
2123 5618 2228 5685 35;
2290 5615 2423 5670 Luc.
2475 5628 2592 5678 xxi,
2667 5611 2756 5667 33.
2833 5611 2876 5648 ⁸⁸
2915 5609 3114 5668 Coloss
3181 5627 3221 5679 1,
3269 5610 3358 5667 28.

2027 4703 2200 4759 etiam
2229 4701 2610 4771 justiﬂcantea
2641 4714 2702 4753 se
2734 4698 2916 4768 ipsos,
2963 4701 3030 4752 ut
3073 4700 3170 4767 qui
3203 4699 3318 4767 jam
3346 4695 3731 4768 comprehen-

2025 4793 2240 4858 derint,
2273 4804 2526 4846 crescere
2589 4787 2852 4860 quotidie
2905 4786 3342 4858 promovsrique
3398 4785 3456 4840 in
3521 4785 3732 4841 melius

2155 4885 2271 4935 ant.

2155 4896 2271 4935 ani.

2025 4896 2239 5026 οθξίειιι.
2275 4970 2382 5035 Qui
2413 4967 2747 5024 existimant
2796 4962 3218 5036 impossibilem
3279 4979 3400 5019 eam
3449 4963 3725 5020 reforma-

2021 5063 2260 5125 tionem,
2306 5075 2433 5128 quaa
2489 5072 2589 5128 per
2639 5055 2991 5110 habitantem
3059 5053 3116 5108 in
3169 5052 3504 5108 hominibus
3544 5051 3724 5124 Spiri-

2021 5150 2174 5206 118
2209 5157 2329 5203 tum
2357 5148 2441 5212 fit,
2473 5162 2600 5217 quia
2637 5161 2784 5200 nova
2817 5153 2902 5200 est
2948 5143 3160 5198 creatio
3205 5142 3332 5211 puri
3363 5141 3592 5207 cordis;
3627 5157 3725 5196 eos

2020 5237 2337 5313 Apostolus
2358 5235 2571 5290 diserte
2591 5233 2930 5306 pronuntiat
2955 5231 3179 5288 similes
3204 5231 3344 5297 illis,
3370 5230 3468 5302 qui
3495 5235 3730 5302 propter

2019 5328 2420 5386 infidelitatem
2475 5323 2704 5395 indigni
2734 5323 2984 5393 judicati
3015 5331 3163 5377 terra
3194 5320 3631 5393 promissionis:
3669 5323 3731 5377 Et

2020 5434 2254 5494 quorum
2313 5423 2604 5488 propterea
2659 5412 2927 5469 cadavera
2995 5416 3268 5484 prostrata
3321 5415 3452 5466 sunt
3508 5415 3570 5466 in
3641 5410 3730 5466 de-

2017 5517 2165 5568 serto
2215 5506 2282 5562 ⁸⁸.
2333 5509 2467 5572 Qua
2502 5504 2656 5560 enim
2725 5503 2845 5558 illic
2889 5501 3298 5574 promissionis
3337 5505 3487 5558 terra
3550 5517 3729 5558 sensu

3437 5607 3483 5643 ⁸⁷
3526 5609 3732 5680 Ephes.
