4082 6196
228 5784 345 5839 ,σιν

338 375 457 433 863

1685 355 1753 413 S.
1803 352 2128 415 MACARII
2171 352 2512 416 EGYPTII

3736 345 3847 407 864

336 503 533 571 aperto
564 496 794 563 dicitur,
831 492 1075 566 mystico
1109 507 1285 546 sensu
1318 507 1382 545 ac
1413 489 1718 543 affectibus
1751 489 2047 545 liberatio-

2238 509 2264 562 ρ
2315 488 2424 543 ἐκεῖ
2473 486 2805 565 ἐπαγγελίας
2838 494 2936 563 ,γῆ
2985 487 3119 543 κατὰ
3164 488 3227 541 τὸ
3267 485 3515 563 φανερὸν,
3566 486 3727 538 τοῦτο
3776 483 3851 537 ἐν·

336 608 467 646 nem
514 589 770 653 indicat;
824 601 998 656 quam
1040 588 1097 639 et
1140 582 1289 636 idem
1337 580 1651 651 Apostolus
1699 580 1872 633 ﬁnem
1915 596 2037 635 esse

337 682 529 736 omnis
574 677 833 733 mandati
888 672 1221 729 declaravit.
1276 671 1405 725 Haec
1456 672 1608 725 enim
1642 687 1774 725 vera
1802 671 2037 725 demum

336 776 420 824 est
457 764 859 838 promissionis
895 768 1061 831 terra,
1092 763 1147 816 in
1180 760 1346 827 cujus
1378 758 1864 829 signiﬁcationem
1898 775 2041 813 cun-

336 867 427 914 cta
456 859 557 912 illa
589 856 775 928 typice
806 855 1138 908 traduntur.
1176 850 1409 918 Propter
1436 848 1589 919 quod
1614 848 1847 901 divinus
1878 854 2033 916 Apo-

338 949 544 1015 stolus,
597 944 896 1002 securitati
947 940 1306 1014 prospiciens
1357 938 1804 1007 discipulorum,
1847 954 1917 991 ne
1949 936 2041 991 cui

339 1038 649 1109 contigerit
680 1036 803 1105 capi
848 1031 1171 1087 contumaci
1216 1028 1644 1083 incredulitatis
1693 1025 2035 1095 supercilio:

348 1128 557 1192 Videte,
614 1125 826 1195 inquit,
859 1124 1085 1190 fratres,
1120 1134 1188 1172 ne
1220 1118 1366 1187 forie
1399 1120 1466 1170 sit
1498 1119 1553 1171 in
1586 1117 1775 1187 aliquo
1805 1125 2044 1170 vestrum

340 1232 433 1269 cor
488 1215 700 1269 malum
752 1209 1181 1275 incredulitatis,
1232 1205 1544 1261 discedendi
1590 1223 1622 1259 a
1671 1206 1774 1259 Deo
1822 1206 1944 1259 viva
1976 1202 2041 1257 δν.

347 1306 507 1367 Quod
576 1299 911 1355 discedendi
976 1297 1209 1352 verbum
1285 1311 1399 1349 non
1487 1295 1558 1348 ad
1618 1293 2040 1364 abnegationis,

344 1393 437 1447 sed
465 1392 533 1445 ad
560 1388 896 1445 ditﬁdentiae
930 1384 1380 1456 promissionum
1415 1383 1901 1453 signiﬁcationem
1936 1398 2042 1453 po-

337 1482 491 1536 suit:
524 1478 789 1534 videlicet
836 1476 1026 1547 typica
1064 1475 1397 1530 Judaeorum
1430 1488 1499 1527 ex
1546 1471 1840 1541 allegoriis
1880 1469 2041 1525 evol-

339 1586 497 1638 vens,
532 1573 587 1624 et
618 1568 835 1638 ﬁguras
886 1580 1018 1618 cum
1062 1562 1299 1618 veritate
1354 1576 1701 1631 comparans
1750 1558 2035 1614 subinfert

338 1659 540 1713 dicens
594 1674 606 1711 :
672 1656 901 1722 Quidam
964 1656 1108 1707 enim
1176 1650 1464 1706 audientes
1516 1649 2039 1704 exacerbaverunt:

338 1766 450 1804 non
489 1746 755 1811 universi,
790 1747 883 1815 qui
910 1744 1137 1814 pro/erti
1176 1744 1302 1795 sunt
1352 1756 1421 1794 ea:
1463 1741 1690 1808 rEgypto
1746 1755 1843 1808 per
1890 1738 2040 1808 Moy-

2153 581 2323 632 ταῦθα
2389 581 2577 632 παθῶν
2636 575 3019 652 ἀπολύτρωσις
3083 576 3219 632 κατᾶ
3284 575 3345 630 τὸ
3404 574 3665 645 κροπτόν·
3727 572 3849 646 ὅπερ

2161 664 2216 683 κε
2275 688 2286 697 _
2348 668 2359 683 ε
2404 668 2415 681 ο
2474 669 2485 689 ν
2596 667 2605 683 ν
3134 665 3144 683 ο
3474 670 3497 680 ν
3611 661 3632 680 τ
3775 660 3788 679 9

2158 686 2225 736 οη
2277 688 2362 721 και
2396 686 2423 720 ο
2490 672 2811 729 Αποστολος
2861 666 3024 730 τέλος
3076 686 3253 735 πασης
3303 660 3533 731 ἐντολης
3584 683 3717 715 ειναι
3766 682 3853 714 απ-

2152 753 2337 823 έδειξε·
2408 757 2497 809 καὶ
2565 757 2727 810 τοῦτό
2787 755 2929 811 ἐστιν
2988 758 3021 824 ἡ
3083 755 3320 823 ἀληθινή
3380 760 3477 821 τῆς
3536 750 3849 826 ἐπαγγελίας

2150 853 2246 920 γῆ,
2293 845 2380 900 καὶ
2436 843 2505 900 δι’
2554 846 2721 916 αὐτὴν
2790 847 2962 900 πάντα
3021 844 3197 900 ἒκεῖνα
3252 848 3493 905 τυπικῶς
3554 840 3853 914 παραδίδο-

2153 958 2260 992 ται.
2325 942 2454 1011 Παρ’
2508 938 2536 991 ’ὁ
2596 936 2682 991 καὶ
2740 938 2768 990 ὁ
2829 936 3106 997 θεσπέσιος
3168 933 3380 995 Παῦλος
3439 931 3509 987 δι’

2152 1028 2219 1079 τά
2274 1031 2382 1079 τῶν
2433 1028 2691 1098 μαθητῶν
2732 1027 3093 1099 ποιούμενος,
3144 1026 3217 1086 ὡς
3274 1026 3349 1096 μή
3408 1044 3524 1078 τινα
3584 1018 3855 1093 συμϐῆναι

2159 1116 2409 1176 ἀπιστίας
2466 1115 2681 1175 ἀλῶνας
2736 1119 3069 1193 φρονήματι·
3127 1113 3377 1181 Βλέπετε,
3436 1111 3665 1189 ἀδελφοί
3728 1134 3850 1185 μου,

3567 931 3855 1008 ἀσφαλείας

2157 1206 2328 1284 φησὶ,
2399 1208 2610 1279 μήποτε
2680 1205 2762 1275 εἴη
2834 1203 2886 1259 ἕν
2948 1227 3053 1260 τινι
3126 1206 3277 1276 ὑμῶν

2157 1294 2425 1364 ἀπιστίας,

3367 1201 3562 1276 καρδία
3645 1204 3855 1277 πονηρᾶ

2503 1294 2557 1349 ἒν
2629 1300 2708 1366 τῷ
2786 1296 3086 1362 ἀποστῆναι
3161 1294 3266 1348 ἀπὸ
3339 1297 3438 1347 τοῦ
3513 1298 3647 1347 Θεοῦ
3727 1298 3855 1360 ζῶν-

2149 1404 2264 1446 τος’
2296 1384 2360 1438 τὸ
2414 1381 2471 1438 δὲ
2518 1384 2818 1453 ἀποστῆναι
2882 1383 2979 1438 οὐκ
3025 1383 3111 1438 ἐπὶ
3168 1388 3266 1437 τοῦ
3326 1384 3672 1455 αρνήσασθαι,
3732 1380 3857 1437 ἀλλ’

2158 1472 2244 1527 ἐπὶ
2295 1477 2391 1528 τοῦ
2448 1478 2568 1535 ταῖς
2634 1472 2963 1549 ἐπαγγελίας
3021 1473 3187 1527 αὐτοῦ
3236 1471 3553 1539 ἀπιστῆσαι,
3606 1472 3855 1524 τέθεικεν·

2155 1561 2349 1634 ἀμέλει
2414 1562 2505 1616 καὶ
2573 1562 2639 1616 τά
2694 1564 2895 1616 τυπικά
2966 1562 3075 1615 τῶν
3162 1560 3445 1615 Ἰουδαίων
3524 1558 3858 1633 ἁλληγορῶν

2164 1650 2252 1705 καὶ
2286 1646 2657 1723 παραϐάλλων
2706 1655 2873 1705 ταῦτα
2924 1650 3059 1724 πρὸς
3110 1651 3207 1718 τὴν
3262 1648 3543 1717 ἀλήθειαν,
3597 1647 3859 1726 ἐπιφέρει,

2154 1738 2349 1813 λέγων·
2419 1741 2567 1801 Τινὲς
2646 1740 2748 1815 γάρ
2850 1738 3171 1799 ἀκούσαντες
3278 1737 3441 1792 αὐτοῦ
3518 1738 3860 1810 παρεπίκρα-

337 1855 453 1893 sen.
495 1836 705 1907 Quibus
752 1842 939 1889 autem
1002 1832 1248 1901 infensus
1299 1839 1376 1884 est
1434 1827 1800 1899 quadraginta
1837 1830 2044 1881 annis?

2238 1852 2267 1897 ν,
2345 1828 2471 1884 ἀλλ’
2549 1827 2611 1883 οὔ
2677 1828 2869 1891 πάντες
2956 1830 3009 1883 οἱ
3075 1828 3381 1897 ἐξελθόντες
3464 1826 3516 1897 ἐξ
3582 1826 3860 1899 Αἰγύπτου

337 1939 520 1979 nonne
568 1922 684 1976 illis
732 1923 826 1990 qui
884 1920 1260 1988 peccaverunt,
1312 1930 1541 1985 quorum
1592 1913 1855 1968 cadavera
1918 1929 2046 1982 pro-

338 2020 516 2068 strata
579 2020 707 2065 sunt
772 2012 829 2063 in
873 2006 1125 2061 deserto?
1180 2005 1389 2073 Quibus
1436 2010 1621 2057 autem
1671 2002 1884 2072 juravit
1938 2017 2047 2055 non

342 2101 577 2156 introire
614 2103 671 2153 in
721 2100 971 2168 requiem
1020 2097 1217 2165 ipsius,
1257 2093 1369 2147 nisi
1415 2091 1758 2146 incredulis?
1806 2093 1865 2143 EI
1900 2089 2042 2143 vide-

342 2209 465 2247 mus
496 2193 624 2261 quia
680 2204 791 2244 non
833 2190 1123 2256 potuerunt
1174 2184 1406 2237 introire
1442 2190 1660 2252 propter
1691 2180 2046 2234 incredulita-

344 2290 451 2337 tem
500 2278 565 2332 7°.
613 2280 913 2333 Timeamus
953 2290 1076 2344 ergo
1124 2289 1193 2328 ne
1232 2274 1390 2341 forte,
1424 2271 1619 2325 relicta
1647 2267 2050 2339 pollicitatione

346 2368 663 2425 introeundi
711 2370 769 2420 in
820 2367 1065 2435 requiem
1114 2362 1311 2433 ipsius,
1361 2361 1714 2415 existimetur
1742 2360 1942 2428 aliquis
1982 2373 2052 2411 ex

342 2463 491 2517 vobis
527 2460 733 2513 deesse.
798 2458 1011 2511 Etenim
1058 2461 1111 2508 et
1151 2453 1304 2507 nobis
1346 2454 1663 2505 nuntiatum
1719 2453 1819 2517 est,
1867 2464 2051 2519 quem-

344 2550 632 2605 admodum
667 2555 717 2602 et
750 2546 887 2613 illis,
920 2562 1036 2615 quae
1077 2544 1403 2597 audierunt.
1448 2539 1789 2610 lngredimur
1817 2541 1960 2592 enim
1990 2540 2047 2590 in

344 2643 582 2711 requiem
614 2639 711 2709 qui
743 2635 1076 2691 credidimus
1107 2632 1174 2686 Ἠ.
1231 2632 1295 2685 Et
1327 2635 1455 2701 post
1490 2646 1673 2699 pauca
1703 2644 1912 2682 rursus
1956 2628 2048 2680 in-

344 2730 490 2783 fert:
535 2729 873 2784 Festinemus
923 2738 1052 2793 ergo
1102 2721 1320 2791 ingredi
1360 2722 1421 2773 in
1471 2718 1632 2772 illum
1677 2718 1935 2788 requiem,
1990 2721 2049 2770 ut

341 2835 410 2874 ne
445 2821 503 2873 in
552 2817 729 2888 ipsum
773 2817 894 2886 quis
946 2811 1151 2867 incidat
1195 2808 1597 2864 incredulitatis
1637 2806 1949 2876 exemplum
1978 2804 2047 2859 ⁷³.

344 2910 477 2972 Qua:
519 2918 709 2962 autem
761 2906 875 2960 alia
915 2908 1002 2958 est
1051 2900 1517 2956 Christianorum
1571 2897 1818 2967 requies,
1854 2913 1887 2951 a
1917 2911 2048 2967 per-

346 2999 493 3052 fecta
525 2994 1033 3067 perturbationum
1076 2990 1143 3044 ad
1183 2994 1478 3058 peccatum
1515 2986 1869 3041 trahentium
1908 2985 2048 3040 libe-

346 3085 590 3152 ratione,
626 3089 798 3154 atque
831 3099 864 3136 a
896 3079 1240 3151 plenissima
1289 3086 1341 3132 et
1371 3076 1591 3132 efﬁcaci
1620 3074 1753 3129 boni
1796 3073 2048 3145 Spiritus

348 3177 406 3230 in
458 3191 600 3245 puro
649 3174 817 3228 corde
872 3166 1286 3225 habitatione?
1318 3167 1620 3236 PrOpterea
1670 3169 1726 3219 et
1774 3163 2055 3218 inducens

344 3283 550 3321 rursus
634 3281 730 3319 eos
776 3262 847 3317 ad
883 3262 1076 3325 tidem,
1163 3258 1244 3312 ait
1294 3274 1305 3309 :
1363 3256 1690 3310 Accedamus
1738 3270 1856 3308 cum
1934 3267 2058 3308 vero

343 3365 504 3419 corde
538 3366 595 3415 in
640 3358 994 3429 plenitudine
1020 3357 1164 3425 fidei,
1211 3353 1422 3424 aspersi
1469 3352 1634 3407 corda
1666 3368 1699 3405 a
1729 3352 2059 3405 conscientia

348 3453 500 3507 mala
528 3452 593 3503 ⁷³.
650 3450 716 3502 Et
756 3448 969 3501 iterum
1024 3460 1037 3499 :
1094 3444 1307 3510 Quanto
1349 3439 1528 3508 magis
1574 3440 1809 3511 sanguis
1857 3438 2060 3493 Christi

349 3538 669 3594 emundabit
723 3535 1108 3589 conscientiam
1172 3540 1419 3585 nostram
1489 3530 1555 3581 ab
1618 3528 1869 3596 aperibus
1917 3542 2060 3581 mor-

350 3630 456 3681 tuis
504 3630 575 3680 ad
618 3622 967 3678 serviendum
1020 3622 1123 3675 Deo
1170 3622 1295 3673 vivo
1366 3623 1417 3672 et
1466 3632 1589 3672 vero
1640 3616 1723 3671 7‘!
1782 3617 2060 3671 Convenit

352 3718 533 3789 igitur
564 3714 973 3769 annuntiatam
1020 3728 1118 3781 per
1166 3708 1285 3763 haec
1333 3708 1502 3761 verba
1547 3707 1896 3761 immensam
1959 3704 2055 3760 Dei

344 3824 481 3878 erga
525 3804 789 3859 homines
840 3801 1258 3870 benignitatem
1300 3796 1562 3852 confiteri
1596 3813 1721 3862 nos,
1770 3799 1831 3849 ut
1862 3811 2057 3851 servos

345 3897 580 3963 ﬁdeles;
628 3901 685 3950 et
744 3910 880 3949 vera
944 3894 1226 3962 ﬁrmaque
1292 3894 1562 3959 reputare
1612 3904 1736 3957 quis
1779 3888 2065 3957 promissa

347 3993 508 4053 sunt,
563 3990 625 4040 ut
689 3982 1069 4056 quantumvis
1134 3985 1370 4051 propter
1437 3977 1712 4049 propositi
1766 3977 2060 4047 pigritiam

348 4083 404 4133 et
466 4075 860 4131 infirmitatem
918 4088 1031 4126 non
1097 4086 1336 4142 prorsus
1382 4084 1489 4122 nos
1540 4066 1718 4122 semel
1788 4067 1845 4120 in
1896 4081 2066 4121 omne

352 4176 580 4235 tempus
645 4162 899 4218 Creatori
974 4159 1353 4229 praebuimus,
1417 4173 1606 4227 neque
1678 4157 1747 4209 ad
1826 4172 2065 4223 magnas

352 4258 408 4308 et
476 4252 762 4322 perfectas
845 4248 1078 4301 virtutis
1160 4244 1548 4315 aspiravimus
1616 4258 1954 4297 mensuras:
2009 4247 2067 4296 at

353 4343 610 4412 aliquam
692 4338 895 4392 saltem
968 4333 1418 4389 misericordiam
1502 4332 1574 4388 ob
1656 4332 2063 4386 rectitudinem

355 4432 681 4487 irreﬂexam
756 4426 1119 4484 intentionis,
1188 4428 1242 4478 et
1292 4439 1495 4478 sanam
1539 4422 1734 4487 ﬁdem,
1786 4422 2064 4492 consequi

359 4534 678 4593 possimus.

2160 1915 2250 1971 διὰ
2325 1916 2607 1979 Μωσέως·
2690 1918 2797 1973 τίσι
2876 1918 2932 1972 δὲ
3024 1919 3375 1992 προσώχθισε
3466 1918 3861 1991 τεσσαράκοντα

2160 1999 2307 2076 ἔτης
2370 2006 2499 2079 οὺχὶ
2557 2012 2673 2068 τοῖς
2748 2007 3146 2081 ἁμαρτήσασιν,
3224 2007 3297 2060 ὢν
3372 2007 3436 2060 τὰ
3510 2002 3681 2060 κῶλα
3743 2003 3862 2059 ἔπε-

2165 2119 2243 2150 σεν
2312 2097 2362 2150 ἓν
2428 2102 2495 2167 τῇ
2567 2099 2758 2170 ὲργςμιρ
2818 2120 2831 2166 ;
2900 2099 3008 2151 τίσι
3077 2095 3134 2151 δὲ
3208 2092 3395 2169 ὤμοσε
3472 2098 3551 2167 μὴ
3631 2096 3862 2151 εἰσελεύ-

2161 2189 2341 2241 σεσθαι
2408 2188 2483 2248 εἰς
2558 2189 2657 2254 τὴν
2740 2188 3073 2241 κατάπαυσιν
3168 2184 3357 2255 αῦτοῦ,
3434 2185 3480 2239 εἰ
3579 2188 3655 2257 μη
3748 2192 3860 2245 τοῖς

2159 2276 2543 2346 ἁπειθήσασι;
2621 2275 2707 2329 καὶ
2788 2274 3065 2349 βλέπομεν
3103 2319 3117 2344 ,
3196 2277 3278 2329 δτι
3358 2278 3435 2348 μή
3532 2272 3862 2343 ἐδυνήθησαν

2160 2365 2421 2421 εἰσελθεῖν
2500 2364 2567 2420 δι’
2662 2366 2951 2421 ἀπιστίανι
3031 2367 3119 2421 καὶ
3224 2365 3443 2440 ἐπάγει.
3522 2360 3865 2436 Φοϐηθῶμεν

2161 2455 2253 2511 οῦν
2331 2459 2545 2529 μήποτε
2634 2454 3084 2529 καταλιπομένης
3182 2453 3507 2529 ἐπαγγελίας
3604 2452 3862 2509 εἰσελθεῖν

2160 2546 2237 2608 εἷς
2305 2547 2400 2613 τήν
2478 2546 2809 2600 κατάπαυσιν
2906 2546 3113 2612 αὐτοῦ,
3191 2542 3341 2599 δοκεῖ
3434 2565 3520 2606 τις
3588 2544 3639 2614 ἐξ
3718 2545 3866 2615 ὑμῶν

2162 2636 2560 2710 ὑστερηκέναι·
2636 2637 2729 2691 καὶ
2802 2636 2905 2712 γάρ
2981 2636 3138 2707 ἐσμεν
3234 2635 3694 2711 εὐηγγελισμένοι
3770 2657 3865 2689 κα-

2161 2726 2330 2799 θάπερ
2387 2725 2654 2779 κάκεῖνον·
2726 2722 2853 2779 ἀλλ’
2920 2724 3019 2779 οὐκ
3095 2723 3375 2803 ὠφέλησεν
3436 2725 3463 2778 ὁ
3533 2724 3704 2799 λόγος
3766 2732 3863 2793 τῆς

2161 2816 2331 2883 ἀκοῆς
2395 2813 2628 2876 ἐκείνους
2707 2816 2783 2887 μή
2862 2816 3294 2889 συγκεκραμένος
3358 2816 3427 2887 τῇ
3504 2814 3685 2868 πίστει
3752 2819 3867 2875 τοῖς

2566 2903 2927 2979 εἰσερχόμεθα
3008 2904 3109 2980 γάρ
3193 2904 3268 2965 εἰς
3342 2905 3441 2971 την
3532 2904 3861 2958 κατάπαυσιν

2162 2996 2214 3049 οἱ
2292 2996 2706 3055 πιστεῦσαντες’
2776 2996 2865 3049 καὶ
2945 2996 3059 3066 μετ’
3120 2995 3281 3069 ὀλίγα
3348 2993 3515 3049 πάλιν
3586 2993 3866 3069 ἐπιφέρει·

2165 3082 2566 3157 Σπουδάσωμεν
2646 3082 2739 3137 υῦν
2812 3081 3074 3138 εἰσελθεῖν
3160 3083 3236 3146 εἷς
3321 3083 3526 3153 ἐκείνην
3606 3086 3707 3151 τὴν
3774 3104 3871 3137 κα-

2159 2903 2447 2959 ἀκούσασιν
2485 2922 2497 2934 ·

2162 3174 2450 3239 τάπαυσιν,
2512 3172 2605 3228 ’ίνα
2686 3175 2761 3247 μή
2823 3173 2873 3228 έν
2940 3179 3020 3245 τῷ
3108 3174 3255 3245 αὐτῴ
3338 3195 3421 3235 τις
3508 3170 3870 3247 ὑποδείγματι

2166 3263 2433 3335 περιπέσῃ
2522 3268 2623 3330 τῆς
2706 3260 2996 3324 ἀπειθείας,
3076 3268 3167 3323 Τίς
3245 3259 3301 3315 δὲ
3369 3265 3702 3334 Χριστιανῶν
3777 3281 3875 3314 κα-

2162 3350 2425 3411 τάπαυσις
2486 3352 2659 3425 ἑτέρα,
2710 3351 2745 3420 ἢ
2786 3355 2893 3405 τῶν
2942 3357 3040 3420 τῆς
3088 3350 3352 3425 ἁμαρτίας
3421 3352 3604 3405 παθῶν
3651 3353 3687 3419 ἡ
3739 3351 3874 3404 ἀπο-

2167 3438 2462 3512 λύτρωσις,
2512 3440 2604 3494 καὶ
2654 3443 2688 3510 ἡ
2741 3438 3092 3515 πληρεστάτη
3139 3440 3230 3494 καὶ
3282 3441 3504 3515 ἐνεργής
3566 3444 3662 3495 τοῦ
3740 3440 3871 3511 ἀγα-

2167 3529 2262 3581 θοῦ
2343 3530 2655 3601 Πνεύματος
2731 3529 2783 3583 ἐν
2847 3533 2915 3602 τῇ
2992 3533 3197 3604 καθαρᾷ
3270 3527 3465 3602 καρδίᾳ
3540 3530 3867 3598 ἐνοίκησις;

2163 3617 2331 3691 ταύτῃ
2371 3639 2457 3673 τοι
2505 3620 2591 3672 καὶ
2646 3617 2847 3694 ἐνάγων
2898 3618 3093 3680 αὐτοὺς
3142 3618 3308 3674 πάλιν
3356 3620 3489 3692 πρὸς
3536 3620 3637 3687 την
3684 3621 3866 3672 πίστιν

2169 3707 2339 3783 φησί·
2412 3708 2862 3782 Προσεργώμεθα
2948 3714 3063 3781 μετ’
3149 3708 3416 3777 ἀληθινῆς
3508 3706 3738 3781 καρδίας
3821 3707 3870 3761 ἐν

2170 3796 2526 3871 πληροφορίᾳ
2609 3796 2883 3863 πίστεως,
2971 3796 3378 3873 ἐρῥαντισμένοι
3461 3797 3557 3857 τάς
3650 3794 3877 3871 καρδίας

2170 3887 2276 3940 ἀπὸ
2338 3882 2697 3955 συνειδήσεως
2768 3891 3031 3960 πονηρᾶς,
3097 3887 3185 3940 καὶ
3255 3885 3443 3946 αὖθις·
3510 3886 3673 3957 Πόσῳ
3736 3884 3876 3957 μᾶλ-

2171 3972 2268 4029 λον
2335 3976 2396 4029 τὸ
2465 3977 2604 4047 αἱμα
2670 3979 2767 4029 τοῦ
2834 3976 3017 4045 Ἰησοῦ
3082 3978 3333 4050 καθαριεῖ
3393 3976 3492 4043 τὴν
3570 3972 3877 4041 συνείδησιν

2171 4065 2322 4137 ὓμῶν
2389 4066 2493 4119 ἀπὸ
2560 4070 2764 4137 νεκρῶν
2832 4063 3022 4139 ἔργων,
3101 4065 3178 4127 εἷς
3266 4066 3327 4121 τὸ
3394 4064 3678 4137 λατρεύειν
3767 4070 3879 4134 Θεῷ

2173 4159 2338 4223 ζῶντι
2395 4154 2484 4208 καὶ
2543 4152 2834 4225 ἁληθινῷί
2898 4159 3173 4229 Προσηκει
3235 4155 3439 4221 τοίνυν,
3489 4156 3589 4222 τὴν
3634 4152 3729 4208 διὰ
3775 4158 3879 4208 τῶν

2173 4242 2441 4317 ῥημάτων
2508 4245 2715 4298 τούτων
2773 4244 3187 4317 ἐπηγγελμένην
3239 4248 3335 4298 τοῦ
3401 4247 3536 4298 Θεοῦ
3592 4246 3733 4316 πρὸς
3792 4243 3881 4297 ἀνι

2174 4333 2436 4406 θρώπομς
2515 4332 2748 4407 ἄμετρον
2836 4335 3146 4408 ἆγαθότητα
3239 4333 3638 4405 καθομολογεῖν
3708 4336 3880 4403 ἡμᾶς.

2174 4422 2266 4476 οἷα
2298 4418 2529 4484 δούλους
2572 4422 2939 4497 εὐγνώμονας,
2992 4423 3082 4477 καὶ
3120 4420 3302 4493 ἀληθῆ
3354 4424 3443 4476 καὶ
3497 4417 3695 4496 βέϐαια
3744 4420 3883 4495 λογί-

2090 4496 2135 4561 Ῑ)
2171 4512 2348 4580 ζεσθαι
2397 4512 2463 4565 τά
2514 4510 2914 4587 ἐπηγγελμένα·
2962 4511 3055 4566 ’ίνα
3103 4513 3199 4567 κᾶν
3250 4509 3339 4566 διὰ
3380 4513 3605 4566 νωθείαν
3656 4515 3694 4582 ἦ
3740 4511 3883 4565 ἀσθέ-

355 4630 496 4663 νειαν
560 4604 927 4679 προαιρέσεως
1000 4602 1076 4673 μὴ
1148 4598 1387 4666 καθάπαξ
1466 4597 1687 4657 ἑαυτοὺς
1755 4601 1834 4669 τῷ
1910 4600 2239 4670 πεπυιηκότι
2314 4599 2689 4678 παρέσχομεν,
2769 4598 2907 4674 μηδὲ
2981 4606 3086 4656 τῶν
3160 4599 3414 4677 μεγάλων
3490 4599 3581 4655 καί
3656 4599 3883 4655 τελείων

353 4705 453 4766 τῆς
486 4699 679 4771 ἀρετῆς
713 4691 1192 4762 ἀντεποιησάμεθα
1225 4685 1434 4758 μέτρων
1460 4730 1473 4744 .
1509 4683 1645 4761 ἀλλ’.
1685 4686 1781 4739 οὖν
1816 4686 1877 4761 γέ
1909 4709 2057 4752 τινος
2113 4688 2297 4751 ἐλέους
2353 4687 2441 4743 διὰ
2488 4692 2549 4744 τὸ
2601 4690 2761 4765 ὀρθὸν
2815 4692 2904 4745 καὶ
2953 4689 3313 4765 ἀδιαστροφον
3357 4696 3453 4746 τοῦ
3506 4694 3886 4769 φρονήματος,

354 4788 445 4843 καὶ
474 4789 574 4855 τὴν
610 4785 737 4861 ὑγιῆ
772 4781 952 4837 πίστιν
986 4777 1355 4846 έπιτεύξασθαι
1389 4772 1730 4847 δυνηθῶμεν.

429 4878 571 4932 XIV.
605 4872 897 4930 Orationis
928 4874 984 4925 et
1015 4867 1169 4925 verbi
1216 4883 1364 4937 opus
1395 4866 1503 4921 rite
1549 4881 1616 4921 ac
1654 4866 2067 4924 convenienter

358 4966 698 5029 exercitum,
754 4977 933 5032 supra
974 4973 1207 5014 omnem
1242 4957 1513 5011 virtutem
1557 4963 1609 5010 et
1667 4970 1836 5010 omne
1894 4972 2062 5013 man.

360 5059 559 5112 datum
593 5051 840 5108 excellit.
895 5048 1078 5117 Hujus
1124 5045 1206 5100 rei
1247 5044 1409 5099 testis
1439 5045 1565 5115 ipse
1614 5051 1702 5099 est
1759 5045 2061 5103 Dominus.

360 5150 505 5203 Cum
560 5143 716 5199 enim
768 5140 826 5194 in
886 5136 1120 5191 Marthae
1186 5151 1251 5189 ac
1317 5133 1507 5190 Mariae
1576 5134 1907 5189 divertisset
1965 5137 2069 5192 do-

362 5254 524 5294 mum
552 5235 615 5300 ⁷⁵,
644 5237 701 5287 et
750 5229 975 5284 Martha
1022 5227 1175 5283 circa
1224 5223 1614 5280 ministerium
1644 5230 1950 5297 occupata,
1982 5228 2066 5282 in-

362 5328 526 5384 terim
563 5327 703 5378 dum
738 5320 918 5375 Maria
952 5319 1020 5372 ad
1058 5318 1233 5387 pedes
1282 5315 1514 5371 Domini
1568 5316 1798 5381 sedens,
1832 5318 2063 5374 ambro-

360 5420 449 5475 sia
478 5414 687 5471 divinas
720 5410 877 5466 illius
900 5408 1110 5478 linguae
1133 5405 1302 5478 quasi
1335 5404 1589 5461 suaviter
1618 5405 1861 5475 epulans
1905 5409 2067 5464 frue-

360 5512 553 5575 batur,
586 5506 931 5578 quereretur
982 5501 1051 5555 de
1082 5514 1293 5566 sorore,
1340 5496 1494 5568 quod
1545 5496 1725 5567 ipsam
1759 5513 1867 5552 non
1902 5499 2071 5569 adju-

432 5618 479 5654 ⁶⁹
540 5616 709 5671 llebr.
764 5630 849 5681 ut,
902 5613 985 5668 12.
1062 5608 1109 5643 ⁷ο
1159 5608 1301 5665 Ibid.
1341 5608 1424 5678 16,
1478 5606 1565 5663 19.
1641 5607 1684 5641 ’¹¹
1741 5608 1917 5667 Hebr.
1970 5627 2045 5677 Iv,

366 5694 414 5730 ⁷⁵
450 5691 595 5747 Luc.
628 5707 686 5757 α,
716 5686 804 5741 38.

450 5774 537 5839 Ἃ

2116 5612 2229 5666 1-6.

2248 4868 2347 4925 ΙΔ’.
2400 4869 2469 4923 Τὸ
2516 4876 2619 4938 τῆς
2668 4869 2837 4945 εὐχῆς
2887 4872 2977 4925 καὶ
3025 4874 3122 4925 τοῦ
3166 4869 3335 4945 λόγου
3393 4867 3547 4945 ἔργον
3629 4870 3888 4943 ἁρμοζόν-

2174 4976 2283 5017 τως
2351 4954 2796 5031 ἐπιτελούμενον,
2855 4960 3032 5029 πάσης
3099 4958 3296 5032 ἀρετῆς
3363 4978 3421 5013 τε
3496 4958 3588 5011 καὶ
3656 4957 3887 5023 ἐντολῆς

2179 5047 2427 5122 ὑπεράνω
2493 5046 2663 5103 τελεῖ.
2736 5049 2834 5104 Καὶ
2901 5050 3095 5104 τούτου
3165 5050 3370 5123 μάρτυς
3434 5048 3620 5109 αὐτός·
3696 5044 3881 5113 ἐπειδὴ

2175 5135 2278 5211 γὰρ
2307 5134 2383 5197 εἰς
2415 5137 2513 5205 τήν
2550 5136 2723 5191 οἰκίαν
2756 5139 2977 5211 Μάρθας
3014 5138 3094 5207 τέ,
3125 5137 3293 5213 φημὶ,
3333 5137 3425 5191 καὶ
3474 5137 3690 5209 Μαρίας
3745 5154 3880 5207 παρ⁸

2175 5220 2357 5293 έϐαλε,
2400 5233 2503 5295 τῆς
2555 5228 2649 5300 μὲν
2701 5230 2923 5301 Μαρθας
2960 5228 3083 5303 περὶ
3126 5231 3225 5297 τὴν
3272 5225 3550 5282 διακονίαν
3601 5226 3883 5301 ἀσχολου-

2180 5314 2365 5387 μένης,
2426 5318 2638 5389 Μαρίας
2694 5315 2748 5372 δὲ
2796 5318 2918 5391 περὶ
2972 5317 3098 5380 τοὺς
3158 5318 3324 5372 αὐτοῦ
3373 5314 3541 5376 πόδας
3585 5315 3886 5387 καθεζομέο

2175 5427 2295 5477 νης,
2347 5404 2438 5458 καὶ
2504 5410 2573 5480 τῇ
2635 5402 2909 5481 ἀμϐροσίᾳ
2982 5415 3083 5477 τῆς
3143 5406 3286 5469 θείας
3335 5406 3545 5475 ἐκείνης
3631 5404 3889 5479 γλώττης

2179 5498 2600 5576 εὐωχουμένης,
2663 5496 3021 5575 μεμφομένης
3094 5496 3263 5562 αὐτῆς
3318 5498 3417 5569 τῆς
3469 5491 3739 5572 ἀδελφῆς,
3804 5495 3886 5546 ὅτι

2308 5610 2355 5647 ⁷²
2404 5610 2552 5669 Ibid.
2607 5610 2693 5669 11.
2770 5608 2819 5643 ⁷³
2869 5610 3038 5669 Hebr.
3087 5625 3142 5676 κ,
3192 5608 3283 5663 22.
3361 5607 3406 5641 '“
3464 5606 3635 5666 Hebr.
3667 5624 3748 5676 rx,
3795 5603 3880 5659 14.
