4116 6210
253 367 377 428 865

1231 371 1461 434 LIBER
1506 374 1606 435 DE
1646 376 2074 440 PATIENTIA
2118 382 2217 443 ΕΤ
2260 383 2798 452 DlSCRETIONE.

3649 407 3768 467 866

261 499 340 570 μή
382 498 704 573 συμπράττῃ
758 503 944 567 ταῦτα,
1002 500 1094 555 καὶ
1154 499 1242 556 διὰ
1297 508 1461 560 τοῦτο
1518 509 1730 579 Χριστῷ
1776 516 2016 582 προσ-Α

285 584 351 602 η
407 586 420 602 ,
648 586 661 602 .
717 597 725 602 .
878 590 890 602 ι
1109 589 1121 602 .
1416 598 1438 602 μ
1508 592 1529 602 -
1640 596 1650 602 .

2072 520 2250 584 varet,
2302 534 2366 573 ac
2413 525 2645 589 propter
2690 522 2747 577 id
2797 525 2868 580 ad
2919 525 3216 586 Christum
3263 533 3618 602 accessisset,
3668 538 3767 595 ille

256 584 552 657 ελθούσης,
603 586 765 650 αὐτὸς
838 590 900 644 τὸ
956 589 1288 664 κυριώτερον
1343 598 1442 648 τοῦ
1504 592 1754 670 δευτέρου
1819 618 1960 671 προ·-

259 676 392 746 θεῖς,
443 676 656 753 Μάρθα,
692 675 818 757 ἔφη,
871 685 1134 754 μεριμνᾷς
1184 681 1274 736 καὶ
1339 678 1580 759 τυρϐἀζῃ
1642 687 1767 760 περὶ
1821 685 1959 742 πολ-

254 763 326 820 λὰ
359 786 373 800 ·

256 852 451 928 μερίδα
528 854 824 928 ἃξελὲξατο,
923 858 1045 928 ἥτις
1151 861 1253 916 οὐκ
1351 864 1766 942 ἀφαιρεθήσεται
1864 866 1958 920 ἀπ’

250 943 444 1008 αὐτῆς,
483 949 660 999 Τοῦτο
710 942 766 1000 δὲ
814 945 1051 1020 εἷ’ρηκεν,
1085 949 1158 1010 ὡς
1205 943 1434 1025 ἔφημεν,
1481 951 1588 1026 οὐχ
1635 954 1710 1015 ὡς
1756 955 1818 1008 τὸ
1857 962 1956 1024 τῆς

252 1030 528 1096 διακονίας
575 1031 728 1109 ἔργον
805 1037 1265 1111 ἀποποιοόμενος,
1323 1040 1453 1096 ἀλλ’
1511 1043 1585 1104 ὡς
1648 1045 1712 1098 τὸ
1773 1050 1958 1118 μεῖζον

252 1126 467 1187 πάντως
520 1129 619 1180 τοῦ
692 1125 986 1191 ἐλάττονος
1044 1131 1321 1201 προτιθείς
1356 1149 1369 1162 ·
1443 1131 1555 1187 ἐπεὶ
1617 1138 1736 1196 πῶς
1799 1135 1957 1197 αὐτὸς

251 1216 503 1290 ἠνείχετο
554 1219 654 1284 τῆς
698 1215 1013 1289 διακονίας;
1065 1225 1186 1281 πῶς
1231 1223 1321 1276 καὶ
1371 1223 1678 1300 αότουργὸς
1720 1226 1956 1304 φαίνεται

252 1305 452 1360 τούτου
511 1306 828 1381 γενόμενος,
857 1307 946 1360 καὶ
1003 1306 1130 1370 τοὺς
1186 1307 1356 1371 πόδας
1425 1311 1582 1384 νίψας
1635 1317 1743 1366 τῶν
1779 1315 1956 1385 μαθη-

248 1399 401 1460 τῶν;
442 1398 701 1450 τοσοῦτον
750 1391 806 1450 δὲ
856 1395 1236 1472 ἀποσχόμενος
1284 1403 1382 1454 τοῦ
1431 1399 1698 1468 κωλῦσαι,
1745 1402 1827 1456 ὅτι
1868 1403 1957 1456 καὶ

249 1483 344 1538 τὸν
370 1480 490 1538 ’ίσον
536 1486 738 1559 τρόπον
789 1485 924 1559 πρὸς
973 1484 1259 1556 ἀλλήλους
1303 1494 1477 1543 ποιεῖν
1527 1495 1644 1552 τοῖς
1689 1492 1958 1562 μαθηταῖς

255 1571 589 1648 ἰγκελεύεται
628 1591 640 1605 ⁸
692 1572 754 1627 οὐ
812 1575 920 1647 μην
971 1573 1120 1630 ἀλλὰ
1155 1577 1244 1631 καὶ
1289 1579 1488 1641 αὐτοὺς
1533 1579 1783 1654 εὑρήσεις
1830 1579 1958 1644 τοὺς

252 1659 624 1732 ἀποστόλους,
672 1659 836 1731 ἡνίκα
881 1663 1146 1738 πρότερον
1195 1667 1318 1740 περὶ
1365 1669 1466 1736 τὴν
1525 1672 1630 1722 νῶν
1673 1674 1955 1742 τραπεζῶν

253 1749 546 1807 ἐπονοῦντο
620 1749 916 1823 διακονίαν,
975 1758 1072 1810 τοῦ
1141 1757 1386 1828 μείζονος
1443 1756 1603 1832 ἔργου
1668 1761 1952 1833 πρόκρισιν

253 1841 529 1914 θεμένους,
576 1843 675 1912 τῆς
730 1841 922 1916 εὐχῆς,
975 1845 1142 1918 φημὶ,
1201 1845 1290 1899 καὶ
1349 1851 1446 1901 τοῦ
1501 1844 1695 1923 λόγου,
1751 1848 1825 1903 Οὐ
1881 1847 1956 1904 δί-

250 1950 406 1984 καιον
476 1931 605 2004 γὰρ,
681 1933 867 2008 φησὶν,
927 1935 1074 2006 ἡμᾶς
1148 1933 1547 1998 καταλιπόντας
1621 1940 1714 1992 τῆν
1791 1938 1955 2014 λόγον

253 2024 351 2072 τοῦ
437 2025 570 2075 Θεοῦ
660 2023 931 2077 διακονεῖν
1016 2021 1306 2097 τραπέζαις
1341 2044 1353 2056 ·
1440 2024 1567 2080 ἀλλ’
1647 2027 1955 2100 εὐξάμενοι,

254 2107 454 2183 ἄνδρας
557 2111 792 2184 πλήρεις
907 2114 1224 2187 Πνεῦματος
1336 2115 1489 2189 ἁγίου
1601 2119 1954 2188 καταστήσω-

257 2221 354 2272 μεν
411 2199 500 2255 ἐπὶ
556 2203 654 2270 τῆς
711 2199 986 2263 διακονίας
1044 2203 1246 2274 ταύτης
1279 2222 1294 2236 '
1371 2207 1536 2276 ἡμεῖς
1588 2202 1645 2260 δὲ
1718 2211 1786 2281 τῇ
1845 2206 1958 2262 δια-

253 2289 411 2360 κονίᾳ
490 2292 588 2344 τοῦ
674 2287 844 2366 λόγου
927 2291 1016 2347 καὶ
1100 2296 1170 2367 τῇ
1260 2295 1545 2368 προσευχῇ
1620 2314 1957 2370 προσκαρτε-

255 2382 463 2452 ρῶμεν.
525 2379 708 2452 Ὁρᾷς,
767 2381 918 2444 ὅπως
973 2381 1042 2436 τὰ
1093 2385 1288 2457 πρῶτα
1341 2386 1449 2436 τῶν
1507 2379 1768 2458 δευτέρων
1819 2406 1954 2461 προ-

254 2469 490 2543 έκριναν,
550 2469 742 2544 καίπερ
801 2471 1085 2550 ἀμφότερα
1159 2476 1287 2547 μιᾶς
1350 2471 1556 2551 ἀγαθῆς
1632 2473 1793 2549 ῥίζης
1862 2475 1962 2532 οὐκ

254 2554 583 2632 ἀγνοοῦντες
613 2557 751 2612 εἶναι
783 2555 1171 2634 βλαστήματα.

323 2733 369 2769 ⁷⁸
399 2733 544 2804 Luc,
573 2753 632 2804 ι,
663 2735 727 2791 41
804 2734 850 2774 '7
887 2737 1057 2796 Joan.
1091 2755 1216 2808 xm,
1245 2741 1300 2796 5.
1376 2738 1427 2776 ⁷⁸
1451 2744 1581 2798 Act.
1613 2757 1691 2811 νι,
1723 2742 1812 2798 34.

2062 607 2383 677 principale
2458 612 2777 667 acceesorio
2857 616 3186 687 prefzerens,
3259 622 3489 690 Martha,
3562 627 3763 699 inquit,

2060 695 2294 750 sollicita
2323 713 2396 762 es,
2429 708 2480 753 et
2509 701 2748 757 turbaris
2787 719 2925 776 erqa
2963 705 3201 775 plurima
3225 729 3246 766 :
3270 728 3439 782 porro
3488 695 3656 771 unum
3685 695 3767 773 est

454 765 568 828 ἑνὸς
628 765 686 821 δέ
742 767 852 822 ἐστι
928 769 1136 846 χρεία·
1194 771 1376 846 Μαρία
1454 770 1510 828 δὲ
1583 776 1682 842 τήν
1756 775 1961 852 ἀγαθὴν

2069 795 2447 838 necessamum.
2484 784 2662 840 Maria
2709 765 2975 856 Optimam
3014 804 3240 863 partem
3270 765 3452 866 ‘elegit
3499 816 3626 872 quae
3653 818 3764 858 non

2063 872 2354 937 auferetur
2382 873 2450 927 ab
2497 890 2559 930 ea
2588 873 2656 930 ⁷⁸.
2705 877 2821 933 Hoc
2852 885 3044 936 autem
3076 883 3236 954 dixit,
3290 891 3355 942 ut
3402 892 3627 959 praefati
3657 909 3765 948 su-

2065 975 2213 1025 mus,
2249 977 2360 1015 nun
2398 969 2460 1016 ut
2491 963 2800 1023 ministerii
2833 985 2981 1040 Opus
3012 973 3384 1044 reprobaret;
3419 981 3513 1033 sed
3551 992 3610 1037 ut
3639 999 3766 1037 ma-

2055 1050 2155 1118 jus
2189 1048 2349 1106 I79
2387 1055 2590 1108 minori
2643 1065 3020 1126 praeponeret.
3071 1063 3373 1120 Enimvero
3405 1070 3497 1123 cui
3529 1074 3764 1129 tandem

2065 1139 2243 1193 videri
2305 1141 2492 1208 possit
2547 1143 2698 1198 male
2751 1146 2916 1201 illum
2976 1149 3230 1208 sensisse
3283 1153 3760 1228 de.ministerio,

2062 1229 2228 1296 cujus
2260 1232 2464 1302 utique
2511 1242 2808 1291 auctorem
2857 1243 2915 1292 et
2943 1241 3238 1310 exemplar
3283 1259 3342 1298 se
3374 1245 3563 1314 ipsum
3595 1251 3758 1304 exhio

2064 1316 2207 1384 buit,
2251 1323 2420 1389 pedes
2467 1325 2634 1378 etiam
2689 1326 3110 1397 discipulorum
3153 1331 3349 1389 levans
3379 1334 3470 1390 77?
3510 1337 3762 1393 Tantum

2063 1410 2320 1477 profecto
2361 1412 2545 1466 abfuit
2577 1421 2640 1467 ut
2685 1415 2826 1470 illud
2876 1425 3114 1487 vetaret,
3169 1427 3230 1476 ut
3273 1423 3578 1495 discipulis
3619 1444 3766 1496 prae-

2062 1498 2297 1564 ceperit,
2341 1498 2493 1554 idem
2553 1501 2823 1558 similiter
2870 1522 3007 1577 erga
3055 1525 3184 1565 sese
3225 1519 3430 1568 mutuo
3477 1531 3760 1572 exercere.

2062 1586 2209 1652 Quin
2240 1593 2297 1642 et
2343 1587 2502 1659 ipsos
2547 1591 2806 1648 invenies
2853 1599 3169 1665 apostolos,
3222 1602 3456 1670 quando
3502 1608 3758 1674 primum

2061 1673 2214 1729 circa
2271 1692 2594 1734 mensarum
2655 1681 3049 1739 ministerium
3107 1685 3466 1760 laborabant,
3505 1673 3756 1762 praelato

2061 1763 2197 1820 huic
2257 1765 2463 1834 potiori
2538 1785 2726 1839 Opere,
2804 1773 3083 1830 orationis
3151 1777 3374 1834 scilicet
3439 1797 3506 1836 ac
3573 1783 3761 1850 verbi,

2063 1852 2310 1911 dixisse:
2361 1857 2474 1912 Non
2533 1868 2616 1914 est
2671 1877 2889 1932 aequum
2945 1879 3041 1919 nos
3097 1865 3480 1941 derelinquere
3534 1873 3761 1927 verbum

2065 1943 2162 1998 Dei
2209 1951 2259 1998 et
2307 1946 2635 2002 ministrare
2682 1954 2906 2018 mensis,
2976 1955 3074 2008 sed
3129 1957 3428 2024 praemissa
3481 1963 3765 2030 oratione,

2062 2034 2211 2086 viros
2257 2035 2445 2104 plenos
2499 2038 2717 2106 Spiritu
2771 2052 2958 2096 sancto
3015 2046 3412 2103 constituamus
3439 2066 3604 2117 super
3670 2051 3770 2106 hoc

2064 2136 2234 2190 opus:
2264 2140 2361 2176 nos
2409 2140 2532 2178 vero
2579 2129 2820 2182 orationi
2866 2138 2915 2184 et
2945 2135 3254 2188 ministerio
3298 2139 3457 2192 verbi
3503 2137 3771 2195 instantes

2063 2212 2272 2264 erimus
2317 2211 2382 2267 ⁷⁸.
2432 2212 2628 2280 Vides,
2683 2221 2744 2270 ut
2802 2221 2988 2286 prima
3045 2224 3320 2279 secundis
3363 2227 3766 2296 praetulerint:

2065 2305 2360 2371 utcunque
2409 2319 2523 2359 non
2575 2306 2931 2376 ignorarent,
2984 2311 3156 2367 unius
3200 2323 3440 2388 utraque
3488 2317 3650 2373 bona
3682 2333 3768 2375 ra-

2067 2389 2215 2447 dicis
2243 2407 2371 2448 esse
2396 2394 2678 2466 germina.

244 2925 3770 2958 mw“

257 2946 3765 2979 —————-—-—————_—————-——-—————_—__—__—

485 3181 1717 3379 ΜΑΚΑΡΙΟΥ
1832 3207 2307 3381 ΤΟΥ
2425 3209 3542 3393 ΜΕΓΑΛΟΥ

897 3506 1199 3602 ΠΕΡΙ
1275 3506 1983 3606 ΥΠΟΜΟΝΗΣ
2064 3509 2281 3606 ΚΑΙ
2364 3512 3122 3616 ΔΙΑΚΡΙΣΕΩΣ

1901 3737 2120 3788 ΛΟΓΟΣ

1170 3997 2065 4150 MAGARII
2169 4001 2852 4156 MAGNI

877 4275 1050 4368 DE
1131 4271 1906 4368 PATIENTIA
1973 4273 2148 4365 ΕΤ
2215 4273 3144 4374 DISCRETIONE

1888 4484 2142 4546 LIBER.

322 4755 410 4810 A'.
459 4757 586 4812 Τοῖς
632 4753 948 4826 πειθαρχεῖν
1003 4756 1084 4823 τῷ
1133 4749 1290 4824 λόγῳ
1345 4755 1442 4805 τοῦ
1498 4755 1630 4807 Θεοῦ
1692 4751 1955 4827 βουλομὲ·
1987 4753 2030 4819 C

247 4863 391 4911 νοις,
436 4840 526 4896 καὶ
577 4842 774 4917 ἀγαθὸν
831 4841 1040 4916 καρπὸν
1094 4839 1498 4914 ἐργαζομένοις,
1558 4846 1760 4915 σημεῖα
1815 4863 1957 4917 παρ-

249 4933 550 4986 ακολουθεῖ
623 4933 838 4986 ταῦτα*
917 4933 1216 5005 στεναγμὸς
1291 4927 1591 5004 κλαυθμὸς,
1665 4931 1956 5009 κατήφεια,

251 5020 486 5095 ἡσυχία,
539 5018 784 5096 κεφαλῆς
837 5019 1074 5090 κίνησις,
1135 5021 1446 5094 προσευχὴ,
1507 5020 1710 5089 σιωπὴ,
1761 5017 1957 5092 ἐπιμο-

251 5111 346 5178 νή,
408 5106 677 5185 ὀδυνηρὸν
735 5110 950 5178 πένθος,
1006 5110 1174 5170 πόνος
1230 5105 1456 5184 καρδίας
1512 5108 1641 5182 ὑπὲρ
1689 5105 1958 5170 εὐσεϐείας

252 5198 572 5274 γενόμενος.
634 5197 715 5254 Τὰ
771 5194 829 5252 δὲ
878 5196 1055 5272 ἔργα⁶
1114 5195 1407 5272 ἀγρυπνία,
1463 5197 1705 5264 νηστεία,
1762 5193 1962 5270 ἒγκρά-

256 5309 395 5352 τεια,
450 5291 720 5362 πραότης,
783 5286 1154 5362 μακροθυμία,
1230 5285 1581 5346 ἀδιάλειπτος
1653 5287 1959 5361 προσευχὴ,

261 5376 466 5453 μελέτη
514 5383 622 5434 τῶν
681 5379 838 5433 θείων
900 5382 1152 5456 Γραφῶν,
1216 5378 1415 5446 πίστις,
1472 5376 1815 5440 ταπείνωσις,
1871 5399 1928 5454 qu

257 5465 554 5546 λαδελφία,
618 5467 893 5541 ὑποταγή,
943 5468 1129 5530 πόνος,
1178 5467 1530 5536 κακοπάθεια,
1579 5463 1782 5538 ἀγάπη,
1833 5464 1960 5539 ἀγα-

263 5557 505 5627 θωσύνη,
554 5557 888 5629 κοσμιότης,
927 5555 1018 5612 καὶ
1067 5556 1130 5612 τὸ
1179 5553 1308 5611 ὅλον
1359 5559 1496 5635 φῶς,
1528 5555 1558 5609 ὅ
1604 5553 1744 5609 ἐστιν
1794 5555 1822 5609 ὁ
1853 5555 1963 5610 Κῦ-

265 5664 405 5721 ριος.
456 5649 580 5701 Τῶν
631 5641 690 5701 δὲ
742 5665 802 5718 γε
850 5645 929 5718 μὴ
972 5643 1272 5700 ποιούντων
1317 5644 1524 5720 καρπὸν
1579 5648 1723 5714 ζωῆς
1763 5644 1968 5718 σημεῖά

263 5736 377 5792 im
425 5737 601 5790 ταῦτα
631 5752 647 5768 ·
697 5731 914 5806 amata,
962 5734 1317 5811 μεθορισμὸς,
1367 5729 1710 5811 περίϐλεψις,
1753 5731 1966 5806 ἀπροσ-

580 5837 844 5899 ΡΑτιιοι.
889 5836 1000 5901 Gn.
1043 5834 1312 5902 XXXIV.

2142 4752 2184 4806 Ι.
2223 4751 2326 4807 Eos
2370 4752 2470 4825 qui
2520 4754 2726 4811 volunt
2771 4757 3006 4814 obedire
3049 4758 3148 4816 Dei
3201 4763 3394 4831 verbo,
3443 4772 3495 4819 el
3554 4765 3770 4822 bonum

2069 4841 2328 4896 fructum
2401 4843 2642 4906 faciunt.
2723 4844 2844 4900 haec
2915 4853 3242 4918 sequuntur
3312 4851 3521 4922 signa:
3567 4855 3766 4926 suspi-

2067 4929 2243 4996 rium,
2319 4931 2612 5001 planctus,
2687 4935 2982 5002 maestitia,
3047 4936 3230 5008 quies,
3300 4941 3506 5008 capitis
3570 4944 3770 5010 motio,

2069 5020 2276 5087 oratio,
2308 5020 2628 5089 silentium,
2680 5026 3002 5082 constantia
3045 5026 3103 5082 in
3152 5026 3296 5096 loco,
3339 5030 3643 5088 dolorosus
3674 5033 3768 5089 lu-

2068 5113 2223 5176 ctus,
2256 5107 2422 5164 labor
2469 5111 2660 5166 cordis
2707 5128 2809 5184 pro
2861 5113 3072 5184 pietate
3101 5123 3426 5187 susceptus.
3478 5119 3607 5175 Haec
3637 5137 3769 5179 vero

2070 5213 2281 5268 Opera:
2333 5197 2564 5270 vigilias,
2594 5201 2913 5272 jejunium,
2954 5205 3328 5272 continentia,
3361 5213 3771 5280 mansuetudo,

2073 5287 2509 5359 longanimitas,
2559 5293 2743 5348 oratio
2797 5310 2907 5348 non
2961 5294 3312 5365 intermissa,
3363 5299 3658 5354 meditatio
3691 5302 3780 5354 dt-

2073 5377 2336 5431 vinarum
2409 5378 2863 5447 Srripturarum,
2927 5384 3086 5451 fides,
3143 5386 3456 5451 humilitas,
3518 5389 3774 5446 Charitas

2076 5465 2355 5533 fraterna,
2430 5468 2735 5540 subjectio,
2813 5469 2995 5537 labor,
3075 5490 3380 5544 aperorum
3461 5481 3778 5550 perpessio,

2077 5554 2353 5622 cbaritas,
2405 5558 2975 5626 bonitas,bonestas,
3024 5566 3081 5616 et
3122 5578 3296 5620 omne
3343 5566 3562 5636 lumen,
3623 5571 3775 5641 quod

2075 5654 2163 5701 est
2207 5644 2506 5702 Dominus.
2561 5648 2773 5704 Eorum
2823 5657 3016 5705 autem
3063 5652 3162 5721 qui
3221 5670 3337 5710 non
3384 5656 3604 5713 faciunt
3657 5661 3779 5713 rru-

2079 5739 2242 5794 otum
2291 5735 2443 5804 vita,
2495 5735 2660 5809 signa
2717 5737 2840 5794 hac
2890 5747 3068 5796 sunt:
3117 5741 3362 5810 incuria,
3395 5746 3780 5818 transgressio

3370 5845 3448 5901 28
