4116 6210
327 387 447 445 867

1666 373 1731 430 S.
1778 359 2103 429 MACARH
2147 355 2490 418 IEGYPTII

3715 341 3847 403 868

318 518 471 572 ultra
519 515 819 579 terminos,
872 512 1076 569 effusio
1126 513 1393 581 aspectus
1442 505 1501 560 in
1553 518 1753 560 omnes
1805 504 2020 573 partes,

2182 490 2272 560 ξία,
2317 486 2656 564 γογγυσμὸς,
2704 485 3002 560 κὲπφωσις.
3050 483 3122 536 Τὰ
3176 480 3233 535 δὲ
3289 473 3416 555 ἔργα
3449 495 3462 508 ·
3522 473 3848 548 ἀδδηφαγία

318 607 695 679 negligentia,
749 602 1161 669 murmuratio,
1206 600 1343 655 levis
1388 595 1787 652 circumactio.
1838 592 2023 663 Opera

317 713 492 752 vero:
549 695 847 761 voracitas,
900 693 1005 758 ira,
1057 688 1445 753 vehementia,
1507 684 1871 750 obtrectatio,
1932 687 2024 735 tu-

320 802 467 854 mor,
500 785 835 853 importuna
882 781 1229 851 loquacitas,
1280 775 1681 838 incredulitas,
1734 770 2022 828 instabili-

316 880 427 941 tas,
483 874 714 937 oblivio,
767 872 1046 934 turbatio,
1104 869 1251 924 lucri
1312 866 1531 921 sordidi
1583 862 1858 933 captatio,
1921 876 2026 925 pe-

315 964 499 1019 cunias
550 961 855 1034 cupiditas,
910 960 1223 1022 aemulatio,
1271 955 1585 1017 contentio,
1621 950 2022 1017 despicientia,

314 1054 643 1126 nugacitas,
698 1051 1150 1122 intempestivus
1202 1049 1378 1114 risus,
1440 1043 1757 1115 pertinacia
1814 1058 2024 1098 sensus

314 1142 572 1215 proprii;
605 1147 659 1197 et
690 1157 893 1194 omnes
927 1138 1200 1203 tenebrae,
1237 1153 1363 1207 qua:
1386 1140 1521 1189 sunt
1551 1134 1819 1188 Satanas.

392 1232 461 1288 ΙΙ.
498 1231 602 1286 Per
650 1216 893 1294 areanis,
944 1228 1043 1283 sed
1092 1227 1206 1282 Deo
1239 1228 1447 1296 dignas,
1482 1220 1854 1294 providentia?
1884 1234 2023 1275 con-

316 1320 545 1385 silium,
578 1336 689 1374 non
742 1319 935 1373 statim
986 1318 1045 1371 in
1095 1318 1382 1371 decretam
1416 1314 1524 1385 ipsi
1562 1312 1886 1382 gehennam
1922 1310 2025 1364 im-

318 1411 448 1482 pius
506 1410 781 1478 mittitur,
845 1408 945 1462 sed
997 1408 1227 1461 interim
1289 1403 1500 1458 sinitur
1549 1402 1643 1457 hic
1700 1402 1911 1466 vivere,
1965 1402 2028 1453 ut

316 1504 503 1564 vexet,
555 1515 619 1553 ac
667 1498 924 1552 vexando
966 1497 1167 1566 probet
1218 1494 1523 1559 homines;
1576 1497 1747 1559 atque
1794 1491 1895 1557 ita,
1928 1493 2030 1544 ut-

318 1606 547 1659 cunque
598 1606 711 1643 non
760 1589 983 1653 volens,
1032 1586 1269 1653 efﬁciat,
1322 1588 1385 1639 ut
1434 1583 1623 1637 sancti
1671 1587 1932 1637 crescant
1971 1579 2027 1633 in

318 1678 556 1747 justitia
604 1694 702 1748 per
751 1676 1133 1746 patientiam;
1186 1690 1252 1729 ac
1302 1690 1402 1745 per
1442 1672 1552 1728 hoc
1599 1668 1836 1739 majoris
1883 1668 2029 1739 ipsis

317 1768 513 1840 gloria:
546 1784 723 1822 causa
755 1766 865 1833 sit;
917 1766 1142 1835 sibique
1196 1763 1450 1817 vicissim
1495 1778 1596 1832 per
1626 1776 1791 1815 suam
1823 1758 2026 1812 volun-

314 1858 524 1911 tariam
559 1854 1007 1909 obstinationem
1044 1854 1101 1907 in
1161 1851 1426 1921 peccatis,
1460 1855 1518 1905 et
1550 1848 1869 1904 malitiosas
1902 1862 2026 1901 ma—
2061 1890 2106 1955 Β

349 1945 402 1955 ..
494 1946 529 1955 ..
735 1944 745 1953 .
984 1948 994 1955 ,
1156 1946 1165 1955 .
1261 1947 1269 1955 .
1378 1942 1387 1955 .
1478 1939 1511 1955 ..
1653 1935 2023 1955 .,..._U-,_

310 1945 680 2000 oliinationes
732 1944 788 1997 in
838 1948 1092 2007 sanctos,
1152 1946 1315 1995 tanto
1368 1939 1591 2007 justius
1651 1935 2028 2006 infligendam

309 2037 533 2106 probet,
569 2050 693 2105 qua:
731 2032 835 2100 ipsi
872 2037 1161 2097 servatur,
1222 2045 1471 2099 pinnam.
1514 2028 1832 2092 Nimirum,
1879 2025 2025 2095 quod

313 2123 547 2178 divinus
590 2123 671 2176 ait
740 2123 1095 2193 Apostolus:
1152 2121 1213 2177 Ut
1260 2121 1359 2190 ﬁat
1404 2134 1572 2191 supra
1626 2116 1851 2172 modum
1906 2131 2031 2187 psc-

321 2228 455 2267 cans
482 2218 772 2280 peccatum
800 2198 879 2264 79.

389 2302 544 2359 180
593 2302 689 2359 IlI.
751 2304 891 2357 Cum
947 2301 1270 2372 decepisset
1320 2300 1615 2356 Adamum
1650 2296 1947 2361 inimicus,
1979 2297 2037 2349 et

318 2393 401 2447 sic
431 2407 560 2446 eum
591 2391 849 2446 dominio
899 2407 1001 2445 suo
1034 2390 1434 2460 subjugasset,
1483 2386 1699 2458 eripuit
1746 2386 1821 2450 ei,
1856 2397 2034 2455 quam

314 2484 474 2552 prius
534 2482 802 2545 habebat,
856 2487 1240 2549 potestatem;
1277 2480 1355 2531 ita
1414 2477 1683 2546 princeps
1728 2476 1904 2543 hujus
1937 2489 2039 2526 ste-

316 2569 432 2623 culi
467 2570 793 2622 declaratus
824 2576 933 2621 est.
970 2568 1243 2635 Princeps
1278 2566 1569 2635 siquidem
1604 2563 1782 2632 hujus
1814 2561 2035 2624 saeculi,

322 2664 378 2711 et
410 2659 685 2710 dominus
714 2656 976 2708 omnium
1011 2655 1328 2708 visibilium
1365 2655 1536 2707 homo
1562 2654 1634 2705 ab
1662 2653 1824 2705 iniiio
1861 2652 2038 2703 fuerat

323 2762 357 2799 a
390 2744 503 2799 Deo
534 2746 908 2798 constitutus.
941 2743 1063 2797 Non
1098 2745 1251 2797 enim
1286 2744 1398 2813 ipsi
1424 2741 1729 2809 praevalere
1754 2738 1909 2809 ignis
1944 2755 2037 2808 po-

335 2839 506 2902 terat,
538 2851 652 2889 non
703 2850 834 2889 eum
887 2849 1039 2903 aqua
1078 2834 1433 2903 demergere,
1486 2848 1599 2886 non
1650 2830 1734 2883 illi
1788 2830 1906 2883 fera
1938 2844 2041 2882 no-

335 2941 484 2992 cere,
519 2941 632 2981 non
666 2940 841 2980 suum
892 2925 948 2977 in
994 2926 1122 2992 ejus
1171 2922 1438 2977 membra
1486 2935 1770 2975 venenum
1805 2919 2040 2974 noxium

337 3014 584 3085 quodvis
614 3015 825 3068 animal
854 3014 1199 3067 diffundere.
1235 3012 1313 3066 Ex
1344 3028 1459 3081 quo
1490 3020 1684 3064 autem
1718 3007 2042 3077 deceptioni

333 3103 670 3169 succubuit,
722 3102 977 3173 prodidit
1036 3101 1332 3171 deceptori
1391 3100 1779 3171 principatum
1844 3114 2041 3153 suum.

333 3198 573 3263 Propter
621 3209 797 3263 quam
838 3208 1073 3247 causam
1127 3191 1281 3261 magi
1342 3201 1395 3243 et
1456 3189 1923 3261 praestigiatores,
1985 3194 2042 3242 et

2130 580 2294 654 ὀργή,
2374 579 2570 645 θυμὸς,
2657 573 2990 641 καταλαλία,
3077 571 3362 648 φυσίωσις,
3451 566 3844 641 ἀκαιρολογία,

2133 670 2374 737 ἀπιστία,
2422 667 2809 733 ἀκαταστασία,
2864 664 3034 733 λήθη,
3088 660 3329 736 ταραχὴ,
3394 654 3843 731 αἰσχροκέρδεια,

2134 758 2489 834 φιλαργυρία,
2585 756 2779 826 ζὴλος,
2867 754 3087 828 ἐρίθεια,
3194 748 3483 823 ὑπεροψία,
3575 745 3843 824 φλυαρία,

2130 846 2351 922 ἄκαιρος
2397 846 2598 921 γέλως,
2648 842 2977 913 ἐθελοδοξία,
3026 840 3115 896 καὶ
3167 840 3229 895 τὸ
3285 843 3387 893 πᾶν
3438 836 3655 904 σκότος,
3707 837 3849 909 ὅπερ

2132 938 2274 994 ἐστὶν
2306 939 2333 993 6
2366 942 2624 998 Σατανᾶς.

2204 1213 2278 1270 Β’.
2333 1211 2460 1267 Κατ’
2518 1208 2840 1280 οἰκονομίαν
2906 1208 3180 1277 θειοτὲραν
3254 1203 3408 1284 φησὶ,
3475 1204 3575 1258 οὐκ
3642 1200 3851 1262 εὑθέως

2134 1300 2209 1362 εἰς
2264 1302 2364 1369 τήν
2418 1298 2799 1373 κληρωθεῖσαν
2855 1298 3004 1367 αὐτῷ
3056 1297 3272 1371 γέενναν
3328 1295 3356 1347 6
3407 1293 3651 1364 πονηρὸς
3709 1310 3855 1364 νεαρ⁸

2134 1391 2381 1463 επέμφθη
2420 1409 2433 1424 ⁸
2496 1389 2642 1444 ἀλλὰ
2708 1387 2938 1463 βασάνου
2993 1386 3085 1441 καὶ
3143 1383 3463 1457 δοκιμασίας
3523 1387 3685 1459 χάριν
3752 1385 3851 1436 τοῦ

2131 1502 2189 1537 τε
2220 1480 2532 1553 ἀνθρώπου,
2579 1478 2748 1555 φημὶ,
2780 1478 3009 1550 παρείθη
3046 1494 3058 1507 ⁸
3110 1474 3199 1529 ’ἱνα
3236 1476 3324 1530 καὶ
3376 1473 3520 1528 ἄκων
3573 1470 3855 1527 δικαιοτὲο

2134 1592 2262 1646 ρους
2324 1573 2419 1641 μὲν
2479 1568 2606 1630 τοὺς
2666 1568 2851 1642 ἁγίους
2912 1564 3002 1621 διὰ
3056 1571 3155 1635 τῆς
3203 1566 3487 1638 ὑπομονῆς
3537 1564 3852 1638 ἀπεργάση-

2132 1683 2242 1732 ται,
2273 1662 2361 1715 καὶ
2415 1661 2665 1733 μείζονος
2717 1658 2901 1719 αὑτοῖς
2954 1655 3115 1725 δόξης
3163 1654 3337 1717 α’ίτιος
3383 1660 3622 1723 καταστῇ
3665 1673 3678 1686 ·
3726 1655 3855 1708 ἑαυ-

2129 1756 2209 1822 τῷ
2268 1748 2323 1805 δὶ
2382 1747 2551 1803 πάλιν
2632 1745 2721 1802 διὰ
2789 1753 2891 1816 τῆς
2948 1744 3086 1807 ἰδίας
3157 1744 3523 1814 ἐθελοκανίας,
3578 1743 3670 1797 καὶ
3741 1748 3855 1796 τῶν

2134 1842 2269 1897 κατὰ
2326 1846 2436 1896 τῶν
2495 1838 2665 1915 ἁγίων
2726 1836 2977 1892 ἐπινοιῶν
3053 1834 3388 1902 δικαιοτέραν
3468 1837 3851 1907 κατασκευάσῃ

2137 1934 2235 2001 τὴν
2291 1930 2516 1985 κόλασιν
2556 1948 2569 1960 ·
2631 1928 2739 1983 Καὶ
2785 1926 2894 1993 ἵνα,
2958 1927 3121 2003 φησὶν
3182 1929 3209 1982 6
3268 1928 3415 1988 θεῖος
3472 1923 3850 1993 Ἀπόστολος,

2139 2022 2258 2075 καθ’
2290 2015 2601 2093 ὑπερϐολὴν
2635 2017 2858 2092 γένηται
2892 2015 3221 2091 ἁμαρτωλὸς
3254 2018 3287 2085 ἡ
3322 2014 3580 2090 ἁμαρτία.

2145 2344 2147 2349 ι
2216 2297 2285 2348 I".
2315 2292 2604 2359 Δπατήσας
2650 2289 2741 2343 τὸν
2776 2285 2953 2361 Ἀδὰμ
3001 2288 3028 2342 6
3076 2285 3297 2361 ἐχθρος,
3332 2285 3421 2342 λαὶ
3477 2285 3651 2347 οὕτως
3683 2286 3861 2341 αὑτοῦ

2144 2378 2429 2451 κυριεύσας
2482 2378 2674 2457 ἀφεῖλε
2727 2398 2785 2433 τε
2841 2378 3003 2432 αὑτὸν
3060 2380 3161 2446 τήν
3209 2376 3473 2447 ἐξουσίαν,
3520 2377 3612 2431 καὶ
3664 2378 3861 2455 ἄρχων

2148 2470 2348 2532 ἰκεῖνος
2429 2474 2526 2524 τοῦ
2602 2468 2798 2530 αἲῶνος
2872 2466 3033 2523 τοῦδε
3107 2468 3547 2545 προσηγορεύθη.
3631 2469 3862 2543 Ἀρχων

2149 2557 2205 2613 δὲ
2261 2562 2357 2614 τοῦ
2406 2559 2606 2623 αἰῶνος
2660 2560 2857 2614 τοῦτου
2914 2558 3002 2613 καὶ
3064 2556 3334 2627 δεσπότης
3384 2562 3493 2612 τῶν
3553 2558 3858 2631 ὁρωμένων

2149 2650 2176 2703 ὁ
2222 2648 2505 2723 ἄνθρωπος
2555 2650 2590 2717 ἦ
2650 2648 2699 2717 ἐξ
2750 2648 2931 2722 ἀρχῆς
2996 2648 3099 2703 ὑπὸ
3156 2653 3254 2704 τοῦ
3306 2648 3502 2724 Κυρίου
3562 2650 3859 2710 καταστάς.

2148 2738 2285 2796 Οῦτε
2344 2739 2449 2815 γὰρ
2496 2743 2603 2813 πῦρ
2667 2737 2835 2793 αὑτοῦ
2891 2738 3204 2813 κατίσχυεν,
3274 2738 3381 2812 οὑχ
3439 2735 3587 2812 ὕδωρ
3646 2736 3865 2793 ἐπόντι-

2150 2835 2253 2899 ζεν,
2307 2828 2368 2881 οὑ
2423 2828 2612 2901 θηρίον
2661 2823 2949 2899 ἔϐλαπτεν,
3006 2828 3104 2882 οὑκ
3164 2822 3386 2882 ἰοϐόλον
3448 2827 3529 2882 ἐπ’
3591 2828 3741 2899 αὑτῷ
3798 2830 3863 2884 τὸ

2151 2918 2350 2973 οῗκεῖον
2409 2916 2623 2991 ἐνήργει
2659 2934 2674 2949 ⁸
2734 2918 2820 2994 ἀφ’
2880 2918 2942 2971 οὗ
3002 2916 3058 2971 δὲ
3116 2919 3184 2990 τῇ
3243 2916 3420 2991 ἀπάτῃ
3476 2917 3598 2988 εἶξε,
3659 2916 3866 2991 προδέο

2153 3007 2293 3064 δωκε
2323 3013 2401 3078 τῷ
2452 3007 2820 3077 ἀπαστήσαντι
2870 3010 2968 3077 τήν
3021 3007 3200 3085 ἀρχὴν
3228 3025 3241 3040 ·
3278 3005 3348 3061 δι’
3395 3009 3456 3076 ἦν
3506 3007 3679 3062 αἰτίαν
3726 3030 3863 3085 qm;-

2158 3099 2320 3172 μακοί
2379 3119 2437 3152 τε
2493 3100 2585 3152 καί
2640 3100 2837 3173 γοήτες
2892 3100 3007 3152 κατ’
3066 3097 3300 3152 ἐναντίαν
3378 3097 3671 3172 ἐνέργειαν,
3728 3104 3864 3153 Θεοῦ

2153 3186 2211 3243 δὲ
2266 3188 2638 3262 συγχώρησιν,
2698 3184 3123 3261 παραδοξοποιοῖ
3208 3185 3552 3242 δείκνυνται·
3617 3183 3859 3243 ἰοϐόλων

334 3300 433 3353 per
461 3283 845 3338 adversariam
869 3281 1187 3336 efficaciam
1216 3280 1385 3345 mira,
1409 3277 1522 3333 Deo
1546 3276 1628 3331 sic
1648 3278 2031 3346 permittente.

2185 3298 2209 3332 s
2263 3278 2363 3351 γαρ
2419 3276 2751 3350 κυριεὺουσι,
2798 3277 2887 3330 καὶ
2940 3282 3112 3352 πυρὸς
3170 3274 3261 3331 καὶ
3324 3274 3532 3333 ὑδάτων
3595 3278 3867 3332 κατατολ-

332 3378 669 3443 operantur,
701 3370 998 3425 venenatis
1039 3371 1411 3423 dominantes
1462 3367 1686 3434 bestiis,
1731 3364 2042 3435 ignemque

334 3470 390 3519 et
419 3480 601 3533 aquas
652 3463 777 3515 sine
827 3477 975 3515 noxa
1026 3461 1365 3525 subeuntes,
1419 3462 1483 3511 ut
1529 3457 1747 3511 Jannes
1779 3463 1835 3511 et
1865 3460 2042 3510 Mam-

335 3556 464 3606 bres
522 3550 832 3606 adversarii
889 3549 1104 3616 Mosis;
1140 3554 1205 3603 ut
1254 3548 1453 3604 Simon
1504 3546 1751 3617 principi
1808 3551 2041 3617 aposto-

335 3644 517 3697 lorum
556 3642 715 3695 Petro
746 3656 875 3694 sese
908 3656 1087 3692 ausus
1120 3645 1207 3692 est
1238 3651 1545 3707 apponere.

408 3730 499 3786 IV.
532 3729 810 3785 Existimo
844 3728 1163 3795 diabolum,
1216 3728 1449 3797 quando
1497 3726 1911 3782 animadvertit
1942 3726 2037 3780 ite-

339 3838 463 3877 rum
507 3820 873 3891 effulgentem
919 3820 975 3872 in
1025 3818 1166 3873 facie
1219 3818 1389 3872 Mosis
1454 3817 1718 3872 eamdem
1771 3816 2036 3887 gloriam,

337 3928 513 3981 quam
567 3909 627 3964 in
674 3908 837 3963 vultu
887 3909 1091 3963 Adami
1145 3908 1381 3975 viderat,
1437 3923 1547 3960 non
1600 3922 1802 3975 parum
1862 3904 2039 3959 fuisse

335 4001 705 4070 perculsum;
758 4008 952 4069 utpOie
1005 3998 1138 4053 inde
1189 3999 1499 4069 augurium
1543 3998 1849 4052 ducentem
1884 3996 2036 4063 deje-

332 4092 541 4146 ctionis
589 4108 655 4144 ex
694 4107 799 4143 suo
850 4106 1043 4159 regno.
1100 4088 1251 4142 Nihil
1305 4097 1496 4142 autem
1560 4086 1825 4152 impedit,
1893 4085 2035 4155 quin

333 4183 587 4243 Apostoli
642 4182 855 4233 dictum
910 4182 977 4233 ad
1042 4180 1092 4230 id
1159 4180 1510 4233 referamus:
1577 4180 1836 4247 Regnavit
1894 4193 2038 4230 mors

331 4272 399 4324 ab
447 4270 619 4323 Adam
670 4283 837 4336 usque
885 4267 954 4320 ad
1012 4267 1263 4337 Noysem,
1312 4267 1481 4320 etiam
1541 4266 1600 4321 in
1649 4282 1735 4321 sos
1784 4265 1881 4337 qui
1928 4282 2034 4320 non

329 4366 685 4427 peccaverunt
713 4356 777 4407 ⁸ο.
819 4355 1021 4421 Opinio
1067 4355 1219 4407 enim
1275 4355 1393 4407 haec
1430 4371 1551 4407 mea
1601 4360 1706 4417 est,
1742 4354 2037 4423 glorifica-

334 4452 453 4500 tam
486 4445 644 4497 illam
690 4442 892 4495 facient
948 4441 1182 4511 Moysis,
1235 4458 1569 4512 expressam
1621 4441 1776 4496 velut
1825 4458 1892 4496 ex
1922 4459 2033 4495 an-

332 4536 493 4604 tiquo
552 4531 857 4600 exemplari
912 4530 1151 4583 formam
1206 4536 1653 4601 reprresentasse
1713 4532 2034 4599 conspicuas

2153 3370 2347 3437 μῶσιν,
2407 3365 2480 3426 ὡς
2541 3366 2591 3418 οἱ
2650 3363 2772 3439 περὶ
2834 3372 3029 3434 Ἰαννῆ,
3090 3365 3258 3437 φημὶ,
3319 3365 3407 3420 καί
3469 3361 3865 3439 Μαμϐρῆντῷ

2150 3458 2321 3528 Μωσῇ
2380 3456 2769 3527 ἀντικείμενοι,
2844 3454 2938 3509 καὶ
2995 3455 3070 3519 ὡς
3148 3456 3340 3528 Σίμων
3415 3460 3495 3527 τῷ
3571 3457 3860 3530 κορυφαίῳ

2150 3544 2336 3620 Πέτρῳ
2368 3544 2817 3620 ἀντιφερόμενος.

2217 3728 2288 3784 Δ’.
2322 3726 2509 3797 Οἶμαι,
2544 3726 2728 3804 φησὶν,
2763 3725 2847 3781 ὅτι
2888 3725 2978 3780 καὶ
3009 3727 3109 3794 τήν
3159 3728 3427 3799 προτέραν
3470 3726 3639 3780 αὑτοῦ
3680 3723 3860 3798 Ἀδὰμ

2147 3814 2302 3885 δόξαν
2361 3816 2571 3888 ὁμοίως
2628 3820 2705 3885 τῷ
2764 3816 3049 3889 προσώπῳ
3109 3815 3348 3875 Μωσέως
3406 3814 3852 3887 ἐπιλάμπουσαν,

2143 3906 2233 3960 τὸν
2284 3906 2479 3979 ἐχθρὸν
2533 3905 2862 3976 θεασάμενον
2921 3906 3123 3965 ἱκανῶς
3170 3908 3497 3980 τρωθῆναι·
3555 3907 3856 3980 καθαπερεὶ

2143 3997 2557 4070 τεκμηράμενον
2637 3998 2738 4064 τὴν
2801 4003 2904 4065 τῆς
2977 3996 3168 4050 ἑαυτοῦ
3242 3996 3520 4071 βασιλείας
3602 3999 3855 4071 καθαίρει

2147 4104 2250 4141 σιν.
2284 4083 2447 4141 Οὐδὲν
2511 4083 2567 4139 δὲ
2623 4086 2685 4139 τὸ
2743 4083 2962 4139 κωλῦον
3027 4086 3118 4140 καὶ
3180 4088 3241 4142 τὸ
3298 4086 3640 4143 Ἀποστόλου
3690 4089 3859 4162 ῥητὸν

2144 4175 2280 4248 πρὸς
2339 4178 2501 4228 τοῦτο
2577 4172 2851 4252 φέρεσθαι,
2928 4176 3012 4242 τὸ,
3076 4170 3451 4231 Ἐϐασίλευσεν
3524 4178 3551 4231 ὁ
3624 4178 3857 4240 θάνατος

2143 4266 2248 4319 ἀπὸ
2304 4261 2483 4337 Ἀδὰμ
2542 4263 2709 4338 μέχρι
2757 4266 3017 4333 Μωσέως,
3077 4265 3165 4319 καὶ
3216 4264 3303 4321 ἰπὶ
3358 4266 3485 4328 τοὺς
3538 4269 3615 4340 μή
3678 4269 3858 4343 ἆμαρ-

2140 4355 2423 4422 τήσανταςν
2501 4356 2653 4406 Δοκῶ
2733 4355 2835 4428 γάρ
2899 4376 3015 4426 μοι,
3074 4355 3136 4408 τὸ
3214 4351 3603 4428 δεδοξασμένον
3680 4357 3858 4427 πρόσ-

2142 4462 2291 4497 ωπον
2344 4440 2586 4503 Μωσέως
2616 4442 2785 4496 τύπον
2831 4443 2919 4497 καὶ
2955 4441 3261 4517 ὑπόδειγμα
3313 4446 3500 4513 σώζειν
3552 4450 3651 4499 τοῦ
3693 4448 3858 4519 πρώ-

2139 4552 2235 4585 του
2294 4528 2381 4584 διὰ
2460 4535 2663 4605 χειρῶν
2737 4537 2869 4586 Θεοῦ
2944 4531 3449 4607 δημιουργηθέντος
3514 4536 3853 4607 ἀνθρώτου·

330 4621 637 4688 claritatis,
670 4638 783 4691 qua
836 4622 984 4675 Deus
1028 4622 1197 4691 primi
1232 4620 1355 4675 suis
1401 4623 1673 4676 manibus
1722 4623 1900 4677 el'ficti
1932 4622 2031 4674 ho-

2182 4641 2274 4694 περ
2332 4617 2515 4674 ἰδόντα
2570 4622 2661 4674 τὸν
2740 4622 2990 4687 θάνατον,
3051 4623 3298 4678 τουτέστι
3377 4624 3610 4678 θανᾶτου
3676 4623 3850 4680 α’ίτιον

330 4714 504 4767 minis
534 4716 755 4767 vultum
790 4711 1187 4780 insigniverat.
1222 4714 1375 4777 Quod
1431 4729 1560 4767 cum
1611 4713 1823 4767 videret
1852 4728 2025 4775 mors,

328 4803 435 4858 hoc
466 4810 572 4869 est,
606 4803 805 4857 mortis
837 4809 1037 4857 auctor
1084 4802 1373 4867 diabolus,
1422 4807 1546 4857 tum
1580 4802 1863 4874 suspicari
1896 4817 2027 4857 eum

326 4893 594 4962 cmpisse,
626 4893 886 4947 excidere
918 4908 979 4946 se
1022 4908 1216 4961 regno,
1243 4902 1299 4946 et
1332 4910 1363 4945 a
1396 4891 1634 4948 Domino
1668 4908 1796 4946 vero
1830 4892 1933 4945 hoc
1968 4906 2030 4945 se

327 4998 656 5051 passurum.
719 4984 984 5036 Eamiiem
1058 4998 1224 5052 porro
1286 4980 1524 5054 gloriam
1600 4988 1657 5035 et
1706 4998 1859 5035 nunc
1910 4980 2026 5034 veri

324 5068 634 5123 Christiani
668 5067 913 5121 in-luunt
939 5068 1095 5122 intus
1119 5069 1176 5122 in
1206 5074 1433 5133 mente;
1471 5067 1568 5123 ubi
1612 5066 1795 5123 deleta
1821 5076 2023 5135 morte,

326 5160 432 5215 hoc
461 5163 569 5227 est,
616 5158 987 5229 passionibus
1021 5157 1375 5229 ignominiae,
1435 5159 1555 5213 sive
1606 5174 2024 5229 concupiscen-

325 5250 419 5303 tiis
450 5249 532 5303 ita
576 5247 914 5314 debilitatis,
949 5253 1013 5301 ut
1057 5248 1283 5320 operari
1336 5253 1641 5317 nequeant,
1684 5247 1869 5319 gloria
1896 5249 2023 5320 Spi-

322 5338 469 5391 ritus
502 5338 739 5407 ef'fulget
770 5338 827 5390 in
864 5353 1062 5400 sensu,
1095 5341 1151 5391 et
1200 5336 1563 5411 plenitudine
1612 5342 1771 5393 omni
1805 5339 2025 5392 fiducia:

325 5426 553 5480 animas
584 5426 818 5479 illorum
856 5427 1158 5480 irradians.

393 5511 458 5568 V.
495 5512 599 5568 Per
629 5514 956 5583 mulierem,
994 5527 1193 5585 aptum
1226 5515 1301 5570 ob
1333 5513 1781 5572 similitudinem
1811 5516 2028 5575 instru-

395 5690 443 5729 ⁷⁹
473 5694 642 5749 Rom.
676 5709 787 5765 VII,
820 5693 905 5749 13.
983 5692 1028 5729 ⁸ο
1058 5694 1221 5753 Rom.
1253 5712 1309 5763 ν,
1342 5696 1393 5751 1.

2144 4705 2429 4776 διάϐολον,
2493 4708 2604 4765 ἐκεῖ
2664 4712 2759 4783 μὶν
2836 4712 3166 4768 ὑποπτεῦσαι
3217 4720 3317 4781 τῆς
3392 4713 3673 4787 βασιλείας
3736 4714 3853 4769 διαο

2423 4798 2509 4853 ἐπὶ
2543 4796 2599 4855 δὲ
2648 4804 2743 4855 τοῦ
2797 4800 2993 4875 Κυρίου
3044 4804 3180 4877 πρὸς
3228 4802 3488 4873 ἀλήθειαν
3538 4808 3703 4858 τοῦτο
3757 4825 3856 4858 παι

2142 4890 2273 4946 θεῖν.
2331 4888 2531 4954 Ταύτην
2597 4894 2886 4963 τοιγαροῦν
2944 4893 3043 4961 τὴν
3099 4889 3253 4961 δόξαν
3312 4892 3420 4947 ἀπὺ
3493 4914 3550 4968 γε
3608 4897 3709 4947 τοῦ
3765 4898 3855 4947 νῦν

2140 4979 2194 5032 οἱ
2243 4976 2492 5052 ἀψευδεῖς
2550 4980 2867 5050 Χριστιανοὶ
2936 4975 3369 5053 περιϐάλλονται
3402 4999 3416 5015 ·
3494 4983 3583 5036 καὶ
3638 4980 3851 5037 ἔνδοθεν

2142 5069 2229 5122 ὑπ’
2284 5066 2462 5122 αὐτῶν
2516 5068 2543 5122 ὁ
2594 5069 2844 5139 θάνατος,
2894 5068 3077 5124 ε’ίτουν
3122 5071 3187 5124 τὰ
3238 5078 3337 5139 τῆς
3388 5071 3610 5145 ἀτιμίας
3664 5091 3857 5147 καταρο

2136 5162 2307 5231 γεῖται
2350 5159 2517 5228 παθη,
2570 5156 2797 5234 ἐνεργεῖν
2845 5159 2921 5231 μὴ
2974 5156 3245 5231 δυνάμενα
3278 5179 3289 5192 '
3347 5162 3439 5215 ἅτε
3485 5157 3552 5228 δὴ
3602 5168 3703 5230 τῆς
3755 5166 3855 5217 τοῦ

2138 5245 2451 5319 Πνεὺματος
2514 5246 2675 5317 δόξης
2731 5246 2782 5302 ἐν
2841 5247 3086 5320 αἰσθήσει
3142 5250 3233 5305 καὶ
3294 5250 3649 5330 πληροφορίᾳ
3706 5250 3853 5325 πάσῃ

2134 5343 2249 5400 ταῖς
2281 5341 2483 5413 ψυχαῖς
2516 5338 2691 5393 αὐτῶν
2718 5338 3143 5413 ἐλλαμποῦσης.

2142 4806 2320 4854 πεσεῖν
2356 4812 2367 4832 ‘

2216 5518 2294 5575 E'.
2331 5517 2429 5572 Διά
2475 5523 2575 5588 τῆς
2610 5516 2863 5581 νυναικὸς
2915 5517 2989 5580 ὡς
3041 5515 3113 5575 δι’
3162 5519 3365 5595 ὁμοίου
3410 5520 3614 5583 τινὸςὸ
3660 5518 3861 5596 ἐχθρὸς
