4082 6196
220 362 334 422 869

1171 369 1411 430 LIBER
1453 370 1557 431 DE
1604 371 2014 435 PATIENTIA
2057 375 2156 437 ET
2199 375 2753 440 DISCRE'I‘IONE.

3607 379 3726 437 870

220 493 520 564 ἀπατήσας,
570 493 922 571 ἀφαιρεθῆναι
979 497 1078 566 τὴν
1150 500 1534 575 περικειμένην
1602 503 1695 558 τὸν
1738 502 1914 578 Ἀδὰμ
1948 510 1997 574 Α
2032 524 2146 563 mer

2112 513 2288 564 tntum
2341 509 2600 578 fallendi,
2651 509 2888 580 decepto
2935 507 3210 563 inimicus
3255 507 3476 563 Adamo
3516 509 3727 576 effecit,

219 580 370 653 δόξαν
433 585 715 653 πεποίηκε.
779 585 875 640 Καὶ
936 586 1109 650 οὕτως
1166 593 1369 663 γυμνός
1434 613 1493 646 τε
1549 593 1766 667 εὑρέθη,
1825 597 1914 650 καὶ

217 673 312 740 τήν
363 672 761 752 ἀσχημοσύνην
812 672 921 730 εἶδε
974 677 1073 746 σὴν
1133 679 1348 748 ἑαυτοῦ,
1381 682 1446 750 ἦν
1517 679 1583 750 δὴ
1651 683 1916 757 πρότερον

218 761 324 837 οὐχ
373 763 536 836 ἑώρα,
578 764 668 818 ἅτε
713 768 809 818 τοῦ
851 769 1202 842 φρονήματος
1244 768 1406 825 αὕτυῦ
1454 777 1570 834 τοῖς
1621 772 1682 826 οὐ
1719 772 1920 847 ρθίνίοις

219 851 474 908 κάλλεσιν
533 852 921 932 ἐντρυφῶντος.
974 859 1070 911 Καὶ
1127 863 1230 934 γὰρ
1297 861 1431 932 μετᾶ
1503 863 1602 932 τὴν
1676 860 1919 938 παράϐα-

221 963 300 996 σιν
350 942 614 1018 πρόσγεια
670 946 885 1019 γὲγονεν
944 947 1088 1018 αὐτῷ
1145 948 1234 1003 καὶ
1293 959 1609 1025 χαμαιπετῆ
1677 953 1742 1008 τὰ
1788 955 1918 1024 νοή-

225 1053 363 1106 ματα
395 1052 408 1065 ·
442 1033 533 1088 καὶ
572 1033 635 1087 τὸ
681 1032 888 1089 ἁπλοῦν
940 1034 1083 1109 αἱ)τῷ
1113 1039 1204 1093 καὶ
1255 1039 1447 1114 ἀγαθὸν
1490 1042 1746 1120 φρόνημα
1786 1063 1924 1120 φρο-

222 1126 422 1197 νημαοι
490 1124 677 1187 κακίας
738 1131 977 1200 σαρκικῷ
1028 1129 1338 1202 συνεπλάκη
1393 1150 1406 1164 ⁸
1475 1135 1537 1188 τὸ
1623 1132 1679 1188 δὲ
1769 1135 1924 1189 κλει-

225 1216 410 1282 σθῆναι
499 1215 593 1269 τὸν
654 1213 974 1288 παράδεισον
1033 1221 1123 1273 καὶ
1179 1224 1248 1294 τῇ
1316 1220 1575 1299 φλογνίνῃ
1641 1223 1922 1302 Ιρομφαίᾳ,

224 1304 309 1358 καὶ
356 1309 434 1374 τῷ
485 1300 774 1379 Χερουϐἱμ
836 1305 1198 1381 ἐπιτραπῆναι
1249 1307 1571 1367 διακωλύειν
1627 1300 1793 1387 αὐτῷ
1823 1323 1921 1384 τῆν

224 1391 450 1462 εἶ’σοδον,
506 1399 669 1450 τοῦτο
736 1398 871 1452 κατὰ
939 1399 1034 1470 μὲν
1092 1400 1154 1454 τὸ
1217 1401 1411 1474 ὁρατὸν
1469 1404 1558 1456 καὶ
1616 1403 1923 1460 πιστεύεται

225 1485 556 1560 γεγενῆσθαι,
608 1485 680 1547 ὡς
729 1484 939 1560 εἷ’ρηται
975 1507 988 1520 ο
1039 1489 1339 1563 εὑρίσκεται
1401 1490 1457 1546 δὲ
1505 1493 1595 1547 καὶ
1645 1499 1771 1569 παρ’
1803 1494 1928 1548 ἑκά-

227 1593 320 1646 στῃ
368 1575 522 1648 ψυχῇ
571 1576 706 1628 κατά
753 1576 816 1631 τὸ
878 1578 1163 1635 λανθάνον.
1226 1580 1424 1653 Κύκλῳ
1477 1583 1578 1655 γὰρ
1639 1589 1738 1652 τῆς
1796 1603 1930 1657 καρ-

229 1658 340 1725 δίας
384 1662 446 1716 τὸ
490 1661 757 1738 κάλυμμα
798 1670 895 1719 τοῦ
956 1667 1180 1730 σκότους
1231 1676 1554 1744 περιχωρεῖ,
1583 1675 1680 1726 τοῦ
1734 1674 1926 1747 πυρὸς,

228 1751 392 1828 φημὶ,
449 1756 548 1805 τοῦ
605 1759 878 1826 κοσμικοῦ
923 1758 1248 1828 πνεύματος,
1309 1757 1439 1832 ὅπερ
1483 1757 1603 1814 οὔτε
1661 1762 1752 1815 τὸν
1801 1766 1924 1816 νοῦν

2032 604 2095 652 ut
2121 601 2444 654 auferretur
2474 599 2584 670 ipsi
2631 599 2835 671 gloria.
2868 600 3006 654 Inde
3056 601 3151 654 ille
3202 600 3392 654 nudus
3444 607 3728 668 repertus,

2028 704 2196 743 suam
2258 689 2396 742 vidit
2442 689 2893 760 turpitudinem,
2948 691 3016 744 ad
3083 705 3255 759 quam
3309 695 3479 743 antea
3511 705 3624 742 non
3657 689 3724 742 ad

2027 784 2292 845 verterat,
2330 787 2522 834 mente
2553 780 2767 850 quippe
2807 779 3272 849 contemplandis
3319 780 3520 833 formis
3561 777 3728 831 caele-

2029 867 2215 922 stibus
2262 884 2394 923 cum
2446 868 2826 924 delectatione
2874 870 3065 924 affixa.
3113 869 3335 925 Etenim
3381 875 3510 939 post
3539 873 3734 923 trans-

2029 960 2386 1028 gressionem
2459 959 2520 1015 in
2563 965 2771 1015 terram
2826 965 3125 1031 vergentes
3182 965 3239 1015 et
3289 960 3464 1015 humo
3537 975 3732 1032 prome

2031 1048 2264 1102 fuerunt
2310 1049 2439 1118 eius
2489 1049 2901 1121 cogitationes;
2955 1055 3014 1104 et
3063 1049 3216 1119 prior
3259 1048 3361 1104 illa
3403 1049 3647 1118 simplex
3677 1055 3735 1104 et

2033 1136 2184 1192 bona
2225 1139 2609 1211 intelligentia
2651 1140 2984 1195 nationibus
3031 1138 3263 1193 malitias
3317 1144 3542 1194 carneis
3591 1155 3732 1194 con-

2032 1237 2190 1281 creta
2221 1229 2347 1285 fuit.
2383 1231 2623 1284 Clausus
2656 1235 2852 1285 autem
2889 1229 3039 1300 quod
3066 1229 3273 1283 dicitur
3297 1227 3518 1282 homini
3557 1229 3735 1281 fuisse

2035 1317 2335 1387 paradisus
2382 1319 2450 1385 εί,
2500 1327 2555 1374 et
2609 1320 2878 1374 flammeo
2927 1318 3139 1389 gladio,
3193 1335 3258 1372 ac
3302 1317 3594 1372 Cherubin
3643 1317 3736 1370 in-

2025 1407 2318 1477 junctum,
2368 1415 2428 1461 ut
2478 1409 2697 1479 ingredi
2753 1409 3082 1480 prohiberet
3134 1409 3336 1477 ipsum,
3381 1407 3734 1462 credendum

2033 1497 2271 1566 quidem
2304 1503 2393 1553 est
2424 1515 2548 1554 vere
2572 1501 2649 1554 ita
2679 1505 2736 1554 et
2765 1498 3124 1553 sensibiliter
3171 1504 3311 1552 tunc
3343 1499 3594 1564 factum;
3646 1512 3740 1551 re-

2038 1586 2259 1654 peritur
2287 1597 2480 1642 autem
2529 1589 2681 1642 idem
2735 1604 2945 1642 arcana
2987 1587 3206 1642 ratione
3239 1589 3295 1641 in
3329 1587 3586 1655 qualibet
3619 1587 3740 1639 ani-

2037 1691 2133 1729 ma
2179 1675 2317 1730 tieri.
2382 1675 2646 1749 Undique
2701 1679 2852 1732 enim
2903 1680 3121 1732 circum
3173 1693 3271 1730 cur
3313 1676 3500 1729 velum
3552 1677 3738 1745 quod-

2037 1765 2169 1820 dam
2205 1767 2571 1821 tenebrarum
2613 1783 2940 1837 Oppansum
2976 1774 3083 1832 est,
3127 1767 3341 1831 fumus,
3378 1766 3638 1835 inquam,
3671 1780 3740 1819 ex

227 1839 468 1916 ἐντυχεῖν
527 1846 604 1913 τῷ
661 1848 797 1914 Θεῷ,
855 1844 980 1901 οὕτε
1035 1849 1132 1915 τήν
1192 1850 1377 1921 ψυχήν
1431 1851 1622 1926 ἀφίησι
1677 1853 1813 1906 κατᾶ
1867 1853 1930 1908 τὸ
1964 1883 2008 1947 Β
2040 1855 2146 1925 igni

275 1933 287 1947 ,
337 1938 362 1947 -
464 1931 542 1947 η,
735 1934 759 1947 ..
976 1938 996 1947 -
1123 1939 1145 1947 -.
1354 1944 1376 1947 ,Α
1555 1942 1576 1947 _.
1668 1943 1680 1947 _

2112 1871 2171 1909 ne
2204 1856 2485 1910 mundani
2522 1857 2789 1928 spiritus,
2835 1857 2933 1927 qui
2981 1872 3160 1925 neque
3203 1863 3453 1909 mentem
3498 1870 3738 1908 conver-

229 1933 396 2000 αὐτῆς
463 1931 679 2007 θέλημα
727 1934 761 2004 ἢ
813 1931 1061 2005 εὔξασθαι
1114 1939 1148 2008 ἢ
1194 1944 1497 2010 πιστεῦσαι,
1547 1942 1580 2010 ἢ
1658 1943 1931 2016 ἀγαπῆσαι

230 2020 319 2076 τὸν
379 2021 571 2097 Κύριον
604 2042 616 2055 '
668 2022 880 2079 τούτιυν
941 2023 998 2080 δὲ
1056 2027 1270 2082 πάντων
1313 2031 1346 2098 ἡ
1397 2036 1556 2103 πεῖρα
1606 2027 1934 2096 διδάσκαλος

229 2118 342 2174 τοῖς
402 2113 640 2189 γνησίως
698 2114 920 2177 ἑαυτοὺς
975 2121 1054 2189 τῷ
1113 2117 1292 2192 Κυρίῳ
1361 2121 1694 2188 πιστεύσασι,
1750 2125 1819 2195 τῇ
1875 2142 1933 2176 τε

234 2203 469 2279 ἐπιμονῇ
527 2211 626 2274 τῆς
689 2203 879 2281 εὒχῆς,
910 2207 1000 2262 καὶ
1058 2211 1127 2282 τῇ
1187 2209 1390 2282 εὐτόνῳ
1436 2212 1572 2267 κατὰ
1618 2215 1716 2267 τοῦ
1764 2211 1934 2268 πολε-

235 2298 460 2368 μοῦντος
494 2295 662 2370 ὁρμῇ.

302 2567 396 2642 ς’.
453 2562 676 2629 Ῥάϐὂος
734 2567 846 2622 ἐστὶ
912 2565 1160 2632 παιδείας
1215 2571 1306 2626 καὶ
1374 2571 1556 2646 λῶρος
1633 2570 1931 2646 μαστίγων,

229 2657 256 2711 ὁ
312 2655 470 2711 τοῦδε
516 2660 612 2712 τοῦ
673 2657 868 2720 αἰῶνος
919 2657 1106 2734 ἅρχων
1172 2666 1289 2724 τοῖς
1347 2661 1484 2717 κατᾶ
1559 2666 1779 2735 Πνεῦμα
1831 2685 1932 2733 νη-

228 2745 378 2807 πίοις
411 2765 423 2778 ·
476 2745 660 2809 αὐτοῖς
705 2749 818 2819 μὲν,
860 2745 1042 2824 ὥσπερ
1082 2754 1215 2825 γοῦν
1258 2753 1349 2806 καὶ
1399 2752 1660 2825 πρότερον
1695 2751 1928 2823 εἴρηται,

233 2833 477 2911 μεγάλην
524 2833 678 2910 δόξαν
711 2839 801 2892 καὶ
850 2836 1076 2894 πλείονα
1122 2841 1223 2910 τήν
1267 2843 1435 2912 τιμήν
1495 2839 1586 2896 διὰ
1647 2846 1756 2898 τῶν
1813 2841 1931 2897 θλίσ

230 2927 372 3000 ψεών
425 2947 483 2982 τε
531 2926 619 2982 καί
667 2933 981 3003 πειρασμῶν
1018 2951 1032 2965 ο
1079 2929 1139 2986 ἐκ
1186 2931 1393 2986 τούτων
1438 2933 1542 3006 γὰρ
1595 2932 1685 2988 καὶ
1732 2933 1794 2987 τὸ
1841 2953 1932 2989 τε·

231 3015 414 3080 λείους
469 3016 663 3080 αὐτοὺς
712 3022 948 3096 γίνεσθαι
999 3020 1369 3096 περιγίνεται·
1413 3023 1586 3095 ἑαυτῷ
1635 3020 1692 3078 δὲ
1739 3023 1927 3078 πλείο-

228 3109 295 3164 να
366 3129 426 3164 τε
499 3109 588 3165 καί
666 3111 962 3187 βαρυτέραν
1035 3114 1446 3183 κατασκευάζων
1522 3117 1620 3182 τήν
1683 3113 1930 3173 κόλασιν,

228 3199 410 3262 ’Ὀλως
462 3200 563 3275 γὰρ
607 3200 835 3276 μεγίστη
884 3223 967 3265 τις
1013 3200 1084 3258 δι’
1133 3203 1296 3258 αὐτοῦ
1353 3203 1723 3276 οἰκονομεῖται
1781 3204 1930 3259 οἶκοι

229 3292 418 3363 νεμία,
477 3292 653 3354 καθὼς
721 3291 932 3366 εἶ’ρηταί
1000 3315 1104 3349 που
1154 3313 1170 3328 ο
1241 3301 1499 3373 Συνεργεῖ
1560 3297 1623 3350 τὸ
1688 3296 1927 3366 πονηρὸν

226 3383 305 3452 τῷ
375 3381 561 3454 ἀγαθῷ
628 3382 938 3455 προαιρέσει
1007 3382 1068 3438 οὐ
1135 3385 1300 3459 καλῇ.
1367 3391 1494 3447 Ταῖς
1547 3386 1649 3460 γὰρ
1714 3386 1936 3461 ἀγαθαῖς

226 3470 318 3522 καὶ
368 3467 544 3538 καλήν
594 3471 696 3538 τήο
741 3470 1050 3546 προαίρεσιν
1105 3471 1362 3546 ἐχούσαις
1425 3477 1652 3549 ψυχαῖς,
1709 3473 1797 3529 καὶ
1873 3475 1940 3530 τὰ

230 3557 496 3614 δοκοῦντα
555 3557 778 3632 λυπηρὰ
836 3560 910 3622 εἰς
970 3561 1173 3636 ἀγαθὸν
1231 3562 1671 3634 τελεστᾷ·καθὲι
1732 3560 1797 3632 δὴ
1848 3565 1936 3619 καὶ

225 3650 290 3705 τὸ
350 3653 431 3719 τῷ
492 3645 822 3721 Ἀποστόλῳ
879 3650 1168 3723 εἰρημένον
1205 3651 1392 3708 ἐστίν’
1453 3656 1659 3729 Ἥγουν
1715 3655 1778 3708 τὸ
1821 3658 1940 3715 τοῖς

225 3739 481 3814 ἂγαπῶσι
542 3739 632 3794 τὸν
702 3740 830 3795 Θεὸν
906 3741 1080 3797 πάντα
1157 3748 1404 3818 συνεργεῖ
1494 3742 1570 3805 εἷς
1659 3743 1723 3798 τὸ
1803 3743 1940 3818 drya-

228 3827 351 3883 θὸν.
1269 3829 1280 3840 ’

302 3918 516 3974 Τούτου
571 3915 747 3974 ἕνεκεν
801 3921 837 3988 ἡ
882 3925 984 3988 τῆς
1035 3917 1286 3983 παιδείας
1339 3919 1472 3991 αὕνη
1529 3916 1728 3995 ῥάϐδος
1791 3921 1944 3997 ἀφεί-

232 4008 327 4076 θη,
398 4007 581 4082 φησὶν,
643 4005 727 4061 ἶνα
785 4004 857 4061 δι’
923 4007 1091 4077 αὐτῆς
1146 4009 1222 4071 ὡς
1281 4008 1333 4063 ἐν
1389 4007 1600 4082 καμίνῳ
1656 4009 1826 4082 πυρὸς
1877 4009 1944 4062 τὰ

232 4095 402 4165 σκεύη
463 4096 798 4169 πυρούμενα,
851 4097 917 4152 τὰ
978 4098 1073 4172 μὲν
1132 4095 1335 4171 δόκιμα
1383 4100 1714 4173 στερεώτερα
1754 4103 1893 4176 φανῇ
1928 4119 1942 4135 ο

229 4186 301 4241 τὰ
363 4183 421 4240 δὶ
475 4182 716 4258 ἀδόκιμα
776 4183 1072 4261 εὔθραυστα
1127 4183 1253 4244 ὄντα
1313 4187 1574 4263 ἐλεγχθῇ,
1622 4193 1718 4242 τοῦ
1776 4190 1945 4261 πυρὸς

230 4278 338 4344 τήν
365 4279 554 4330 καῦσιν
585 4276 695 4350 οὐχ
720 4276 1085 4349 ὑπομείναντα
1117 4321 1132 4336 .
1183 4275 1380 4340 δοῦλος
1429 4275 1486 4332 δὲ
1530 4276 1602 4332 ὢν
1651 4280 1808 4340 οὗτος
1856 4280 1947 4334 καὶ

229 4366 443 4439 κτίσμα
484 4362 820 4434 δεσποτικὸν,
872 4367 983 4445 οὐχ
1037 4368 1160 4423 ὅσον
1217 4367 1364 4440 αὐτῷ
1413 4365 1562 4424 δοκεῖ
1617 4367 1942 4443 ἐκπειράζει,

232 4452 367 4510 οὐδὲ
394 4455 625 4509 καθόσον
672 4453 847 4530 βούλῃ
897 4455 992 4520 τὰς
1037 4455 1248 4530 θλίψεις
1288 4455 1474 4531 ἐπάγει
1507 4474 1521 4489 ⁸
1555 4456 1681 4513 ἀλλ’
1708 4456 1833 4513 ὅσον
1875 4456 1941 4529 δὴ

229 4544 297 4601 τὸ
351 4546 682 4600 Δεσποτικὸν
735 4545 1009 4621 ἐπιτρίψει
1055 4551 1225 4620 νεῦμα
1281 4545 1371 4603 διὰ
1425 4555 1526 4619 τῆς
1599 4551 1951 4625 παραχωρή-

230 4657 376 4698 σεως
409 4655 422 4669 ⁸

234 4727 450 4782 ὁπόσον
509 4724 622 4782 ἐστὶ
675 4725 901 4802 δύναμις
970 4728 1201 4802 ἑκάστῳ,
1231 4734 1487 4785 τοσοῦτον
1537 4731 1687 4802 αὐτῷ
1741 4732 1830 4785 καὶ
1889 4731 1951 4786 τὸ

236 4813 498 4888 δοκίμιον
567 4817 867 4887 ὑποστῆναι
950 4825 1274 4894 παραχωρεῖ
1351 4820 1487 4874 καθᾶ
1568 4818 1634 4890 δὴ
1714 4821 1801 4874 καὶ
1874 4824 1954 4891 τῷ

229 4906 572 4981 Ἀποστόλῳ
639 4906 838 4964 δοκεῖ’
901 4910 1101 4971 Πιστὸς
1154 4911 1258 4984 γὰρ
1330 4911 1357 4965 ὁ
1417 4912 1568 4980 Θεὸς,
1651 4911 1837 4989 φησὶν,
1896 4911 1955 4972 ’ὀς

233 4998 346 5054 οὐκ
404 4999 545 5054 ἐάσει
607 5000 748 5073 ὑμᾶς
801 5002 1157 5076 πειρασθῆναι
1211 4999 1346 5074 ὑπὲρ
1391 5003 1420 5057 ’ὀ
1469 5001 1690 5057 δυνασθε
1736 5021 1751 5036 ο
1813 4999 1958 5058 ἀλλὰ

232 5089 470 5158 ποιήσει
504 5089 597 5143 σὺν
637 5094 718 5162 τῷ
745 5093 1037 5164 πειρασμῷ
1066 5089 1154 5145 καὶ
1185 5091 1284 5161 τήν
1314 5084 1553 5160 ἔκϐασίν,
1582 5096 1680 5147 τοῦ
1708 5089 1956 5147 δύνασθαι

238 5178 380 5235 ὑπιν
389 5184 565 5256 εγκεῖν
575 5219 589 5236 .

312 5453 403 5506 Β’.
458 5453 646 5521 Ζητῶν
699 5449 792 5505 καὶ
853 5451 1064 5519 κρούων
1123 5471 1262 5507 κατα
1317 5471 1416 5523 την
1466 5472 1564 5508 του
1615 5458 1813 5527 Κυριου
1847 5471 1958 5529 φω-

231 5540 377 5610 νήν,
408 5540 498 5596 καὶ
566 5540 732 5616 μέχρι
767 5538 966 5605 τέλους
1022 5541 1186 5597 αἰτῶν
1243 5543 1502 5620 τυγχάνει
1565 5546 1673 5598 τῶν
1731 5540 1962 5615 αἴτημά-

326 5722 382 5761 ”
414 5724 558 5780 Gen.
596 5736 684 5792 tu,
713 5721 804 5779 24.
881 5722 930 5759 ⁸³
958 5723 1124 5782 Rom.
1155 5741 1276 5794 VIII,
1307 5690 1429 5780 28.-

2041 1945 2158 2000 sari
2231 1961 2364 2000 cum
2438 1945 2552 2000 Deo
2626 1946 2786 2012 sinit,
2848 1962 3033 2015 neque
3105 1947 3362 2000 animam
3435 1944 3736 2010 permittit,

2044 2040 2214 2104 prout
2293 2035 2422 2102 ipsa
2487 2035 2676 2101 vellet,
2743 2041 2845 2088 aut
2907 2051 3094 2102 orare,
3162 2041 3264 2089 aut
3319 2035 3571 2092 credere.
3643 2037 3743 2086 aut

2043 2140 2237 2178 amare
2292 2125 2624 2181 Dominum.
2699 2125 2912 2178 Horum
2987 2136 3180 2179 autem
3247 2125 3510 2177 omnium
3579 2138 3746 2188 εκμε-

2041 2212 2250 2268 rientia
2301 2215 2578 2283 magistra
2607 2219 2696 2269 est
2743 2213 2838 2281 iis,
2887 2214 2987 2284 qui
3037 2213 3260 2268 sincere
3310 2227 3372 2268 se
3421 2212 3581 2282 ipsos
3629 2211 3745 2266 Do-

2043 2303 2202 2359 mino
2270 2304 2660 2371 crediderunt,
2730 2308 2852 2359 tum
2935 2305 3360 2375 perseverantia
3437 2301 3742 2370 orationis,

2041 2397 2166 2448 tum
2211 2394 2502 2449 constanti
2551 2395 2829 2449 adversus
2877 2392 3102 2449 hostem
3149 2397 3587 2464 oppugnantem
3639 2389 3745 2445 im-

2043 2489 2204 2554 potu.

2114 2573 2205 2631 VI.
2239 2573 2412 2645 Virga
2440 2579 2528 2630 est
2557 2573 2879 2645 disciplinas
2910 2578 2966 2628 et
2999 2574 3182 2628 lorum
3214 2571 3418 2643 palgas
3450 2570 3745 2642 inﬂigens,

2044 2663 2307 2734 princeps
2340 2664 2512 2734 hujus
2538 2665 2729 2718 saeculi
2765 2662 3020 2734 parvulis
3052 2664 3109 2716 in
3141 2663 3382 2732 spiritu;
3428 2661 3574 2731 ipsis
3620 2659 3748 2730 qui-

2043 2754 2198 2817 dem,
2233 2760 2295 2809 ut
2327 2755 2487 2824 prius
2519 2755 2692 2810 etiam
2726 2755 2948 2808 dictum
2984 2759 3094 2821 est,
3141 2766 3450 2822 mangnam
3503 2750 3743 2820 gloriam

2045 2850 2102 2898 et
2144 2845 2630 2900 abundantiorem
2683 2845 2958 2900 honorem
3010 2860 3110 2914 per
3156 2841 3500 2897 afﬂictiones
3532 2847 3590 2894 et
3621 2847 3743 2894 ten-

2045 2935 2293 2989 tatioues
2340 2951 2691 3006 procurans;
2734 2950 2800 2988 ex
2833 2934 2927 2988 his
2957 2936 3134 3000 enim,
3181 2941 3240 2986 ut
3271 2937 3327 2987 et
3365 2931 3476 3002 ipsi
3511 2929 3745 3000 perfecti

2044 3024 2309 3088 evadant,
2370 3023 2592 3089 oritur;
2646 3023 2755 3078 sibi
2818 3028 3012 3076 autem
3068 3023 3244 3074 miser
3293 3020 3405 3088 ipsi
3468 3022 3742 3088 majorem

2043 3116 2482 3184 gravioremque
2562 3127 2888 3182 praeparans
2947 3125 3198 3180 pmnam.
3268 3108 3518 3163 Omnino
3587 3108 3742 3161 enim

2048 3205 2304 3258 maxima
2350 3213 2405 3257 et
2465 3203 2610 3257 mira
2659 3201 2920 3273 quaedam
2976 3217 3075 3271 per
3123 3215 3257 3253 eum
3300 3197 3746 3253 administratur

2045 3295 2426 3365 dispensatio,
2464 3290 2611 3347 181
2684 3296 2853 3362 prout
2909 3290 3121 3345 dictum
3183 3288 3394 3343 alicubi
3454 3293 3542 3341 est
3587 3302 3600 3340 :
3654 3287 3749 3341 Co-

2046 3390 2310 3454 eperutur
2355 3383 2565 3437 malum
2617 3382 2751 3436 bono
2798 3382 3100 3434 intentione
3143 3394 3251 3433 non
3295 3378 3433 3432 bona
3473 3375 3538 3429 ⁸³.
3578 3376 3748 3431 BOnis

2048 3474 2330 3541 siquidem
2371 3477 2427 3526 et
2481 3470 2756 3526 laudabili
2799 3466 3128 3536 vigentibus
3183 3467 3471 3537 propesito
3527 3465 3750 3519 anima.

2052 3564 2180 3631 bus,
2235 3579 2362 3633 quas
2421 3563 2694 3617 molestas
2747 3561 3014 3614 videntur
3064 3557 3120 3612 in
3179 3558 3392 3612 bonum
3454 3554 3746 3609 disinunt:

2051 3655 2207 3726 quod
2262 3655 2386 3724 ipse
2443 3667 2675 3723 quoque
2732 3651 3046 3704 afﬁrmavit
3101 3647 3417 3719 Apostolus
3479 3645 3560 3699 sic
3615 3645 3755 3699 seri-

2054 3746 2256 3798 bens:
2329 3741 2696 3809 Diligenlibus
2761 3740 2930 3794 Deum
2999 3737 3186 3793 Omnia
3259 3744 3623 3807 cooperantur
3695 3735 3755 3788 in

2053 3833 2252 3889 bonum
2279 3833 2375 3888 η’.

2125 3921 2234 3978 νιι.
2297 3922 2478 3990 Hujus
2531 3918 2611 3975 rei
2671 3918 2854 3981 gratia
2913 3917 3044 3982 ista,
3107 3915 3178 3971 de
3235 3931 3350 3986 qua
3407 3913 3547 3978 dixi,
3597 3911 3758 3981 virga

2053 4013 2375 4082 disciplinas
2407 4009 2606 4063 saevire
2655 4008 3029 4078 permittitur,
3063 4011 3128 4059 ut
3160 4021 3262 4076 per
3306 4019 3432 4056 eam
3488 4002 3644 4054 velut
3697 4001 3752 4053 in

2057 4102 2288 4156 fornace
2342 4098 2496 4168 ignis
2562 4103 2796 4152 excocta
2858 4113 3014 4158 vasa,
3077 4111 3203 4166 quas
3273 4094 3506 4164 quidem
3580 4089 3758 4158 proba

2055 4197 2214 4256 sunt,
2247 4187 2598 4243 soliditatem
2634 4190 3067 4252 demonstrent;
3103 4201 3231 4257 quis
3259 4200 3389 4238 vero
3425 4181 3597 4251 proba
3642 4195 3757 4234 non

2056 4289 2212 4349 sunt,
2277 4279 2603 4351 fragilitatis
2655 4281 3071 4347 coarguantur,
3133 4275 3287 4345 ignis
3336 4277 3599 4327 ardorem
3645 4287 3759 4324 non

2059 4373 2317 4428 ferentia.
2352 4371 2493 4426 Cum
2535 4374 2610 4424 stt
2639 4378 2826 4422 autem
2877 4367 3140 4421 diabolus
3171 4379 3373 4419 servus
3403 4368 3458 4417 et
3497 4370 3763 4416 creatura

2061 4463 2184 4528 Dei,
2252 4459 2562 4532 imperium
2637 4460 2765 4528 eius
2832 4455 3166 4511 absolutum
3235 4469 3586 4524 agnoscens,
3646 4466 3758 4504 non

2062 4555 2348 4625 quantum
2395 4549 2504 4618 ipsi
2560 4547 2705 4602 libet
2760 4551 2968 4604 tentet.
3026 4562 3129 4599 nec
3187 4560 3361 4614 quam
3425 4540 3638 4595 multas
3697 4554 3760 4592 ac

485 4636 647 4700 αὐτὸς
705 4636 808 4710 γὰρ
885 4639 977 4692 σὺν
1034 4635 1284 4714 ἀκριϐείᾳ
1339 4640 1404 4696 τα
1475 4641 1690 4696 πάντων
1767 4639 1947 4706 εἰδὼς,
1986 4615 2027 4678 D
2061 4659 2146 4709 grta

2112 4657 2262 4695 'aves
2321 4615 2444 4692 vult
2512 4637 2857 4692 atﬂictionos
2918 4634 3180 4689 immittit
3241 4651 3256 4699 ;
3321 4633 3419 4686 sed
3482 4635 3761 4700 quantum

2065 4731 2261 4786 herilis
2313 4734 2489 4782 nutus
2533 4726 2831 4798 permittit,
2881 4723 3254 4796 permissione
3296 4722 3562 4774 limitatia.
3615 4718 3762 4772 Sane

2066 4822 2216 4877 Deus
2247 4818 2614 4875 exactissime
2663 4823 2937 4887 quantum
2994 4813 3051 4866 in
3113 4826 3458 4879 unoquoque
3506 4816 3594 4862 est
3651 4823 3765 4875 per-

2068 4913 2286 4976 videns,
2350 4908 2707 4975 eXploratum
2773 4905 2968 4968 habet,
3025 4907 3307 4973 quantum
3368 4899 3573 4966 cuique
3631 4896 3769 4950 insit

2067 5003 2309 5066 virium;
2336 4999 2476 5053 etad
2503 5012 2634 5052 eum
2680 4993 2918 5049 modum
2964 4992 3360 5063 probationem
3386 4988 3436 5042 ei
3478 4984 3767 5040 admoveri

2071 5090 2379 5163 permittit;
2430 5087 2581 5140 sicut
2632 5086 2807 5138 etiam
2858 5082 3083 5136 videtur
3135 5077 3424 5146 Apostolo,
3471 5080 3606 5129 dum
3660 5074 3764 5127 ait:

2069 5160 2274 5236 Fidelis
2306 5179 2462 5239 Deus,
2491 5175 2587 5247 qui
2615 5191 2723 5227 non
2773 5171 3044 5243 permittit
3091 5186 3182 5225 vos
3231 5168 3444 5224 tentari
3490 5180 3658 5233 supra
3715 5160 3772 5216 id

2069 5270 2212 5343 quod
2263 5268 2484 5339 potestis
2510 5281 2531 5328 ,°
2578 5263 2670 5320 sed
2715 5265 2884 5333 faciet
2931 5263 3095 5317 etiam
3132 5275 3254 5315 cum
3304 5255 3595 5313 tentatione
3638 5269 3769 5324 pro-

2069 5365 2312 5424 ventum,
2345 5361 2405 5412 ut
2425 5354 2648 5426 possitis
2676 5356 2943 5409 sustinere
2969 5350 3034 5406 ⁸³.

2138 5447 2287 5504 VIII.
2322 5447 2593 5511 Querens
2626 5450 2683 5500 et
2741 5443 2983 5516 pulsans
3034 5441 3201 5509 juxta
3261 5435 3489 5494 Domini
3545 5451 3768 5500 vocem,

2074 5546 2133 5596 et
2167 5554 2348 5610 nsque
2388 5539 2456 5591 ad
2505 5537 2676 5591 ﬁnem
2737 5540 2962 5606 petens,
3021 5530 3393 5602 consequitur
3439 5543 3562 5599 qua:
3617 5526 3768 5597 petit.

1473 5723 1546 5760 δ”
1577 5724 1723 5782 Ibid.
1756 5724 1845 5782 28.
1922 5720 1970 5757 ⁸³
1998 5723 2021 5779 I
2050 5721 2182 5778 Cor.
2210 5735 2266 5788 κ,
2300 5717 2385 5774 13.
