4082 6196
348 369 462 429 871

341 500 599 555 Tantum
657 494 814 552 circa
863 494 969 549 hoc
1018 507 1139 547 sua)
1188 488 1553 545 conscientiae
1607 486 1946 543 satisfacere
2001 484 2051 542 is
2082 489 2271 554 Ατων
2316 504 2329 517 ο

341 597 525 653 curet,
559 594 626 643 ut
671 590 857 641 mente
897 588 957 639 ut
1007 583 1203 652 lingua
1244 580 1663 634 indesimenler
1706 582 1948 649 quaerat,
1999 581 2055 629 et

342 694 615 750 corporeo
650 674 975 731 ministerio
1027 673 1244 727 enixim
1292 670 1619 735 incumbat;
1666 683 1767 721 nec
1814 666 2055 721 saecula-

343 769 505 823 ribus
532 765 782 838 negotiis
812 762 1167 834 implicetur,
1208 776 1345 815 neve
1380 757 1716 830 pravictatis
1735 755 2056 810 delectetur

343 856 668 912 affectibus.
730 853 916 909 Verax
967 851 1259 922 siquidem
1316 857 1401 903 est
1462 847 1563 918 qui
1621 845 1823 901 dixit:
1886 845 2057 900 Omne

340 944 696 1017 quodcunque
749 940 1025 1009 petieritis
1097 953 1186 993 me
1248 940 1307 991 in
1373 937 1643 1002 oratione.
1742 935 2052 997 credentes,

339 1034 616 1104 accipietis
668 1032 725 1081 “.
795 1029 901 1093 Qui
958 1032 1152 1084 autem
1212 1027 1471 1081 dicunt:
1537 1025 1813 1094 Utcunque
1870 1023 2055 1077 omnia

341 1126 463 1195 quis
501 1122 746 1194 elfecerit
792 1135 913 1191 qua:
948 1118 1410 1188 praescribuntur,
1453 1118 1830 1184 eacspectatam
1872 1119 2056 1166 autem

341 1213 591 1286 gratiam
620 1216 933 1267 consecutus
955 1225 1064 1264 non
1093 1210 1282 1278 fuerit,
1315 1205 1455 1276 quod
1484 1206 1553 1259 ad
1577 1219 1820 1275 przesens
1862 1205 2055 1257 attinet

339 1304 623 1367 saeculum,
656 1301 803 1355 nihil
833 1300 1095 1370 profecit;
1133 1296 1282 1353 male
1303 1302 1359 1351 et
1399 1295 1658 1350 sentiunt
1703 1300 1760 1349 et
1802 1294 2058 1363 loquun-

346 1400 462 1460 tur,
512 1391 847 1461 divinisque
884 1390 1039 1443 haud
1086 1403 1336 1457 congrue
1367 1385 1706 1455 Scripturis.
1740 1383 1865 1438 Non
1898 1381 2051 1436 enim

345 1481 634 1550 injustitia
664 1485 752 1534 est
796 1479 947 1548 apud
1011 1477 1213 1541 Deum,
1250 1480 1313 1529 ut
1365 1475 1458 1544 iis,
1510 1490 1637 1544 qua:
1689 1473 1868 1526 nostri
1918 1474 2058 1525 sunt

348 1570 522 1628 olﬁcii
572 1586 606 1624 a
664 1568 831 1624 nobis
892 1568 1187 1637 perfectis,
1248 1566 1374 1635 ipse
1432 1580 1562 1634 quae
1620 1578 1860 1617 suarum
1921 1568 2057 1615 sunt

347 1658 627 1731 partium,
658 1656 936 1727 negligat.
989 1655 1236 1711 Tantum
1294 1669 1446 1708 curre
1487 1653 1593 1707 tibi
1633 1652 1724 1719 sit,
1781 1654 1843 1704 ut
1893 1664 2057 1720 repe-

348 1748 496 1803 riare
550 1753 711 1813 tunc,
770 1744 1002 1816 quando
1075 1744 1270 1799 anima
1328 1746 1429 1796 tua
1499 1758 1566 1796 ex
1633 1741 1742 1795 hoc
1813 1738 2059 1795 solvitur

1687 354 1749 414 S.
1798 353 2138 415 MACARII
2184 353 2527 416 EGYPTII

3744 349 3868 407 812

2403 484 2566 557 μόνον
2610 481 2785 558 ἐχέτω
2834 477 3140 555 παρρησίαν
3192 478 3373 544 οὗτος,
3406 480 3505 533 τοῦ
3554 480 3633 547 τῷ
3677 481 3753 549 νῷ
3779 476 3870 531 καὶ

2160 573 2381 648 γλώττῃ
2435 570 2856 641 ἅπαραλείπτως
2920 568 3219 638 ἐπιζητεῖν,
3266 567 3354 621 καὶ
3409 572 3508 622 τοῦ
3555 571 3626 640 τῇ
3684 587 3870 638 σωμα·

2160 667 2287 737 τικῇ
2346 660 2656 736 λειτουργίᾳ
2712 656 3008 719 ἀνενδότως
3064 661 3490 730 προσκαρτερεῖν
3541 673 3555 689 ⁸
3622 656 3699 728 μή
3756 659 3873 714 τοῖς

2162 758 2452 824 κοσμικοίς
2500 752 2812 826 πράγμασιν
2871 743 3305 821 ἐμπλεκόμενος,
3369 742 3510 818 μηδὲ
3580 750 3700 807 τοῖς
3771 751 3870 813 τῆς

2162 842 2351 903 κακίας
2410 842 2601 895 πάθεσι
2660 835 3054 910 συνηδόμενος.
3095 832 3363 909 Ἀψευδὴς
3418 835 3520 909 γᾶρ
3581 836 3610 888 ὁ
3652 834 3817 888 εἰπών
3853 852 3868 865 ⁸

2162 930 2244 986 δτι
2302 937 2410 987 Πᾶν
2449 932 2478 985 ’ὁ
2536 929 2624 985 ἐὰν
2684 926 2945 997 αἰτήσητέ
3005 948 3070 998 με
3127 926 3180 980 ἐν
3232 928 3541 1000 προσευχῇ,
3589 923 3870 979 πιστεύονο

2162 1042 2270 1088 τες,
2330 1020 2589 1094 λήψεσθε.
2650 1018 2711 1073 O't
2766 1016 2823 1071 δὲ
2889 1014 3163 1091 λέγοντες,
3224 1015 3326 1069 Κᾶν
3401 1014 3574 1069 πάντα
3629 1014 3871 1083 κοιήσειέ

2161 1133 2243 1173 τις
2318 1112 2385 1166 τὰ
2471 1107 2903 1182 ὑποτεταγμένα,
3001 1105 3333 1179 παραμείνας
3425 1101 3481 1158 δὲ
3567 1105 3643 1175 μὴ
3719 1104 3866 1178 τύχῃ

2160 1209 2262 1271 τῆς
2296 1202 2549 1276 χάριτος,
2599 1199 2734 1253 κατᾶ
2788 1199 2879 1252 τὸν
2940 1195 3108 1250 αἰῶνα
3162 1200 3380 1263 τοῦτον,
3449 1191 3601 1250 οὐδὲν
3641 1193 3820 1263 ὤνησε
3852 1213 3865 1225 ·

2162 1297 2341 1352 κακῶς
2399 1288 2577 1345 οἷ’δασί
2640 1309 2700 1344 τε
2752 1288 2841 1343 καὶ
2902 1287 3145 1360 λέγουσι,
3204 1287 3293 1340 καὶ
3350 1291 3468 1347 ταῖς
3524 1284 3693 1345 θείαις
3749 1284 3871 1339 ἀσυ-

2167 1381 2404 1457 μφώνως
2455 1382 2715 1456 Γραφαῖς.
2748 1375 2820 1431 Ού
2858 1375 2959 1450 γὰρ
3019 1374 3160 1429 ἐστιν
3207 1371 3388 1429 ἀδικία
3437 1373 3580 1448 παρὶ
3623 1377 3703 1445 τῷ
3734 1378 3869 1445 Θεῷ,

2158 1471 2251 1527 ’ίνα
2316 1475 2422 1526 τῶν
2490 1471 2627 1540 ἡμῖν
2705 1466 3056 1537 καθηκόντων
3133 1464 3616 1536 κατορθωθέντων,
3712 1465 3872 1526 αὐτὸς

2161 1567 2270 1617 τῶν
2343 1559 2469 1631 παρ’
2541 1559 2716 1628 ἑαυτῷ
2790 1556 3109 1627 ἀμελήσειε.
3179 1556 3359 1610 Μόνον
3422 1552 3678 1626 ἐπιμελὲς
3740 1552 3875 1609 ἔστω

2164 1672 2247 1707 σοι
2301 1650 2599 1723 εὑρεθῆναι
2655 1647 2777 1702 τότε
2834 1667 2930 1699 σου
2981 1647 3016 1713 ἠ
3075 1646 3230 1719 ψυχή
3297 1648 3395 1701 τοῦ
3452 1643 3646 1699 ἀθλίου
3720 1643 3877 1699 τοῦδε

2165 1740 2352 1797 λύεται
2416 1740 2696 1809 σώματος,
2760 1735 3182 1810 ἀγωνιζόμενον,
3246 1731 3568 1803 σπεύδοντα,
3644 1732 3880 1804 προσδε-

3001 1105 3333 1179 παραμείνας

346 1854 607 1907 corpore,
688 1836 911 1891 fortiter
999 1835 1326 1901 decertans,
1411 1832 1670 1886 studiose
1758 1837 2054 1900 satagens,

2245 1849 2405 1901 μενον
2473 1828 2573 1895 τὴν
2639 1823 2985 1901 ἐπαγγελίαν,
3058 1828 3583 1899 προσκαρτεροῦντα,
3653 1822 3874 1876 πιστεύο

345 1933 687 1998 exspectans
731 1926 1198 1996 promissionem,
1245 1938 1641 1993 perseverans,
1687 1924 1950 1984 credens,
1995 1918 2053 1972 in

343 2016 695 2071 discretione
743 2030 1036 2085 quarens;
1081 2017 1138 2067 et
1177 2027 1283 2083 ego
1333 2011 1431 2065 tibi
1483 2011 1632 2077 dico,
1666 2024 1772 2065 nec
1819 2009 2056 2065 credere

350 2106 609 2173 dubites,
659 2120 791 2159 cum
842 2103 1055 2174 gaudio
1110 2101 1318 2167 abibis,
1358 2105 1415 2155 et
1463 2100 1735 2154 fiduciam
1787 2096 2053 2163 habebis,

352 2204 404 2248 et
439 2210 610 2263 regno
635 2193 925 2247 videberis
957 2191 1188 2262 dignus.
1224 2189 1447 2244 Etenim
1484 2188 1615 2243 talis
1656 2188 1739 2258 (in
1774 2187 2055 2241 tenuitate

354 2300 481 2339 mea
542 2299 643 2353 per
699 2282 871 2336 fidem
930 2287 986 2336 et
1045 2280 1197 2351 piam
1239 2278 1669 2345 conﬁdentiam,
1712 2277 1848 2346 aio),
1896 2274 2054 2339 talis,

354 2372 620 2443 inquam,
647 2373 768 2441 jam
799 2375 925 2441 _Deo
957 2370 1373 2425 communicat.
1418 2367 1490 2423 Ut
1517 2368 1696 2431 enim,
1729 2367 1833 2434 Qui
1860 2364 2057 2420 viderit

352 2461 654 2516 mulierem
713 2460 784 2514 ad
838 2460 1333 2525 concupiscendum
1384 2473 1526 2523 eam,
1590 2457 1701 2522 iam
1762 2454 2059 2509 mwchatus

355 2560 432 2605 est
459 2567 581 2605 eam
610 2552 670 2602 in
701 2548 860 2604 corde
898 2563 995 2603 suo
1025 2546 1095 2614 ⁸⁵,
1126 2554 1179 2600 et
1219 2547 1264 2601 si
1300 2546 1543 2601 minime
1584 2544 1678 2600 hic
1722 2544 1890 2599 fuerit
1930 2559 2056 2598 cor-

359 2654 496 2708 pore
530 2636 810 2706 pollutus,
860 2640 1056 2690 tamen
1095 2636 1215 2704 jam
1258 2633 1529 2689 adulterii
1572 2637 1877 2704 reputatur
1926 2647 2059 2687 reus

357 2727 440 2781 sic
473 2726 573 2797 qui
606 2740 706 2780 cor
734 2726 965 2795 quidem
1004 2740 1175 2779 suum
1210 2741 1243 2778 a
1292 2722 1461 2778 malis
1511 2723 1736 2789 avertit,
1787 2722 1903 2777 Deo
1950 2738 2061 2776 au-

358 2821 475 2870 tem
526 2816 831 2869 adhaerens
881 2814 1171 2868 desiderio
1221 2818 1279 2867 et
1330 2812 1735 2885 inquisitione,
1792 2827 2058 2881 perseve-

355 2904 545 2960 rantia
593 2904 749 2975 apud
810 2903 1017 2964 Deum,
1067 2919 1133 2958 ac
1184 2903 1463 2975 ﬂagrante
1523 2903 1582 2957 in
1644 2901 1741 2958 Dei
1800 2919 2057 2957 amorem

355 2994 649 3063 proposito
689 2995 891 3055 animi,
937 2993 1185 3063 jamjam
1236 2992 1398 3063 quasi
1447 2993 1738 3063 particeps
1788 2992 1882 3046 Dei
1930 2997 2057 3057 est;

352 3092 508 3138 certe
560 3098 840 3153 magnum
890 3083 1107 3137 donum
1159 3082 1361 3137 statim
1412 3099 1447 3137 a
1482 3086 1590 3136 Deo
1639 3081 1835 3147 habet,
1886 3081 2058 3135 istam

354 3171 538 3240 ipsam
564 3170 911 3242 persistendi
944 3170 1002 3225 in
1056 3170 1317 3226 oratione
1365 3170 1634 3241 gratiam,
1699 3168 1877 3225 simul
1923 3184 2058 3225 cum

2167 1940 2315 1986 οντα,
2385 1917 2438 1973 ἐν
2503 1914 2771 1990 διακρίσει
2830 1919 3100 1983 ζητοῦντα
3157 1932 3171 1946 ·
3230 1914 3384 1990 κάγὼ
3443 1934 3527 1969 σοι
3585 1910 3736 1987 λέγω
3787 1911 3875 1965 καὶ

2166 2009 2243 2078 μή
2302 2005 2541 2071 ἀπίστει,
2604 2003 2740 2077 μετά
2811 2006 2987 2076 χαρᾶς
3056 1999 3354 2074 ἀπελεύση,
3404 2000 3496 2054 καὶ
3569 1998 3877 2074 παρρησίαν

2161 2092 2316 2164 ἕξεις,
2366 2094 2501 2149 κατὰ
2548 2099 2647 2160 τῆς
2722 2090 3006 2165 βασιλείας
3051 2090 3262 2165 ὀφθήσῃ
3310 2086 3474 2160 ἄξιος.
3526 2087 3631 2144 Καὶ
3687 2088 3791 2162 γὰρ
3848 2088 3876 2140 ὁ

2161 2189 2431 2253 τοιοῦτος,
2480 2181 2531 2237 ἐν
2588 2180 2885 2246 λεπτότητι
2944 2178 3032 2234 διὰ
3078 2186 3178 2246 τῆς
3244 2178 3500 2249 πίστεως,
3559 2179 3728 2254 φημὶ,
3784 2179 3874 2231 καὶ

2162 2282 2263 2342 τῆς
2306 2272 2639 2348 προθυμίας,
2692 2269 2802 2340 ἤδη
2844 2275 3094 2325 κοινωνεῖ
3148 2273 3228 2340 τῷ
3285 2273 3420 2339 Θεῷ.
3478 2269 3569 2331 Ὠς
3634 2269 3763 2343 γὰρ,
3820 2274 3876 2323 '0

2166 2364 2386 2438 βλέπων
2452 2368 2680 2438 γυναῖκα
2742 2362 2881 2435 πρὸς
2962 2360 3025 2414 τὸ
3119 2357 3449 2433 ἐπιθυμῆσαι
3529 2357 3754 2429 ταύτης,
3822 2358 3874 2413 ἰν

2164 2458 2234 2527 τῇ
2287 2451 2483 2527 καρδίᾳ
2536 2450 2891 2526 μεμοίχευκε,
2946 2449 3125 2504 καίτοι
3172 2448 3310 2503 κατά
3367 2454 3528 2522 σῶμα
3578 2450 3653 2521 μὴ
3720 2472 3875 2523 μιαν-

2165 2544 2276 2604 θεὶς
2341 2543 2521 2612 οὗτος,
2575 2542 2727 2613 ὅμως
2778 2541 2851 2601 ὡς
2901 2538 3196 2617 μοιχεύσας
3245 2535 3355 2608 ἤδη
3388 2537 3743 2613 λελόγισται·
3786 2536 3876 2593 οὗ·

2165 2652 2275 2694 τως
2328 2633 2355 2687 ὁ
2404 2632 2473 2687 τὰ
2518 2630 2736 2701 πονηρά
2791 2630 2885 2701 μὲν
2934 2627 2987 2683 ἐν
3031 2632 3100 2701 τῇ
3140 2625 3336 2700 καρδίᾳ
3382 2627 3771 2704 ἀποστραφεὶς,
3801 2634 3880 2699 τῷ

2168 2718 2226 2776 δὲ
2288 2721 2472 2795 Κυρίῳ
2519 2718 2881 2791 κολλώμενος
2952 2718 3105 2789 πόθῳ
3164 2716 3254 2771 καὶ
3322 2715 3631 2787 ἐκζητήσει,
3709 2736 3882 2790 προσ-

2168 2807 2349 2883 εδρείᾳ
2396 2829 2472 2878 τε,
2524 2809 2692 2886 φημὶ,
2742 2807 2831 2862 καὶ
2891 2804 3138 2884 θεοφιλεῖ
3179 2802 3435 2875 διαθέσει,
3483 2806 3725 2881 καθάπερ
3772 2804 3879 2875 ἤδη

2167 2903 2419 2953 κοινωνεῖ
2472 2901 2553 2969 τῷ
2619 2901 2756 2967 Θεῷ,
2814 2896 2904 2950 καὶ
2994 2895 3133 2970 μέγα
3208 2892 3387 2969 δῶρον
3460 2894 3653 2950 αὐτίκα
3739 2896 3884 2969 παρᾶ

2168 2993 2301 3044 Θεοῦ
2359 2984 2476 3066 ἔχει
2537 2986 2672 3041 αὐτὸ
2729 2989 2913 3057 τοῦτο,
2962 2986 3026 3040 τὸ
3082 2989 3151 3058 τῇ
3211 2985 3351 3059 εὐχῇ
3401 2981 3881 3058 προσεδρεύειν-,τῇ

2167 3077 2343 3151 ἀγαθῇ
2399 3098 2458 3131 τε
2514 3072 2725 3148 σπουδῇ
2773 3075 2863 3130 καὶ
2905 3072 3160 3146 πολιτείᾳ
3330 3073 3627 3150 φιλαρέτῳ.
3666 3074 3727 3130 Εἰ
3777 3078 3879 3150 γὰρ

2166 3168 2258 3222 καὶ
2310 3166 2581 3240 ποτηρίου
2631 3167 2840 3238 ψυχροῦ
2889 3161 3038 3224 δόσις
3088 3162 3193 3218 οὐκ
3238 3160 3488 3235 ἄμισθος,
3530 3164 3687 3236 πόσῳ
3744 3164 3881 3236 μᾶλ-

355 3257 504 3315 bono
548 3260 762 3328 studio,
812 3263 870 3314 et
917 3262 1359 3314 conversatione
1413 3257 1647 3313 virtutis
1696 3264 1947 3313 amante.
1998 3257 2057 3313 Si

2245 3278 2267 3310 ν
2318 3260 2435 3317 τοῖς
2487 3255 2639 3325 αὐτῷ
2687 3251 3119 3328 προσανέχουσιν
3172 3252 3383 3325 ἡμέρας
3432 3273 3491 3308 τε
3528 3254 3616 3307 καὶ
3660 3255 3877 3323 νυκτὸς,

356 3349 509 3404 enim
562 3365 634 3404 ne
680 3349 876 3405 calicis
920 3349 1158 3418 quidem
1208 3349 1429 3419 frigidae
1492 3347 1728 3403 donatio
1792 3348 2057 3403 mercede

2169 3342 2449 3417 δεομένοις
2480 3345 2543 3399 τὸ
2576 3342 2903 3418 ἑπαγγελθέν
2933 3343 3064 3406 Θεὸς
3087 3343 3301 3417 παρέξει
3327 3343 3341 3399 l

356 3443 514 3493 caret
576 3455 710 3506 sua,
774 3442 990 3508 quanto
1038 3437 1227 3506 magis
1273 3437 1364 3499 iis,
1416 3436 1518 3506 qui
1571 3436 1670 3490 diu
1723 3442 2018 3506 noctuque
2061 3435 2306 3492 intentis
2355 3436 2415 3491 in
2467 3436 2662 3507 ipsum
2711 3435 2897 3490 oculis
2939 3435 3011 3490 ab
3059 3448 3123 3489 eo
3157 3433 3473 3505 postulant,
3524 3434 3876 3506 promissum

358 3529 511 3580 Deus
546 3526 819 3595 prabebit
842 3523 855 3579 l

433 3615 529 3667 IX.
568 3614 707 3681 Illis,
756 3614 857 3685 qui
888 3614 1058 3669 anxio
1090 3614 1286 3671 animo
1333 3619 1647 3671 astuantes
1695 3616 1928 3671 dicunt:
1979 3617 2064 3671 En

357 3705 469 3759 erit
516 3703 617 3757 illa
659 3720 906 3773 unquam
952 3703 1067 3759 dies
1103 3721 1231 3776 qua,
1276 3720 1383 3760 non
1426 3706 1667 3761 sentiam
1716 3707 2063 3761 aversionem

357 3794 538 3847 animi
566 3810 599 3848 a
627 3796 823 3861 fratre,
871 3804 968 3849 aut
1012 3794 1156 3849 alias
1197 3795 1427 3861 similes,
1474 3811 1715 3867 quarum
1756 3794 1893 3850 mihi
1939 3812 2064 3849 sum

357 3885 619 3949 conscius,
684 3898 888 3953 pravas
951 3885 1280 3955 aﬂectiones,
1357 3900 1489 3956 quas
1562 3886 1787 3954 quidem
1842 3886 2066 3953 invitus

355 3974 602 4042 patior;
670 3972 792 4027 haec
850 3975 1177 4045 reponenda
1235 3979 1419 4028 sunt:
1481 3972 1709 4028 Homini
1767 3979 2064 4029 certamen

361 4064 744 4132 studiumque
801 4079 974 4117 omne
1033 4063 1087 4116 in
1154 4064 1258 4117 hoc
1324 4079 1449 4119 esse
1514 4064 1933 4130 constitutum,
2005 4068 2067 4117 ut

360 4151 590 4205 diabolo
622 4158 678 4204 et
723 4152 912 4218 pravis
958 4151 1405 4219 cogitationibus
1448 4168 1675 4222 semper
1717 4153 2063 4207 obluctetur.

359 4237 542 4292 Vitari
575 4238 729 4294 182
764 4245 955 4293 autem
1010 4256 1122 4293 non
1171 4256 1360 4310 posse,
1411 4241 1554 4311 quin
1603 4240 1788 4312 caligo
1839 4247 2069 4311 pertur—

362 4329 692 4393 bationum,
743 4332 801 4381 et
853 4343 1012 4381 mors
1064 4328 1324 4384 insidens
1373 4330 1673 4400 sapientiae
1716 4330 1909 4386 carnis
1959 4348 2069 4387 non

363 4416 689 4487 producant
720 4417 972 4471 fructum
1011 4417 1265 4488 aliquem
1315 4418 1551 4473 malitia
1592 4419 1679 4474 vel
1710 4420 1935 4476 occulte
1980 4420 2069 4475 vel

366 4506 583 4575 palam.
619 4504 689 4559 Ut
717 4503 870 4559 enim
907 4505 1117 4561 vulnus
1151 4507 1209 4561 in
1241 4522 1481 4578 corpore
1505 4510 1693 4579 quoad
1744 4526 1858 4565 non
1902 4510 2072 4581 plane

366 4592 685 4649 obductum
746 4600 855 4663 est,
905 4595 1090 4650 caveri
1150 4597 1372 4666 nequit,
1422 4597 1564 4668 quin
1610 4599 1817 4670 exiguo
1866 4598 2068 4654 saltem

364 4681 559 4753 aliquo
622 4682 770 4738 labis
830 4683 1044 4738 elﬂuxu
1098 4685 1340 4740 madens
1387 4686 1655 4756 sordeat;
1707 4686 2071 4757 quantalibet

362 4773 673 4843 diligentia
705 4782 959 4837 curetur,
993 4774 1258 4846 nihilque
1302 4776 1606 4831 omittatur
1657 4778 1959 4832 industrie
2009 4777 2069 4832 in

363 4864 446 4913 eis
485 4863 831 4916 adhibendis
882 4865 1151 4918 remediis
1199 4866 1674 4936 acljnmentisque
1724 4868 1913 4921 omnis
1961 4884 2066 4937 ge-

368 4952 562 5017 neris;
613 4954 763 5005 idem
825 4969 955 5007 vero
993 4953 1043 5007 si
1082 4971 1311 5023 prorsus
1363 4958 1712 5026 negligatur,
1748 4958 2067 5025 corruptio-

370 5055 497 5092 nem
558 5039 847 5093 interdum
909 5044 1335 5113 perniciemque
1394 5044 1498 5097 toti
1558 5043 1732 5098 infert
1797 5049 2066 5113 corpori:

366 5127 542 5185 simili
579 5134 716 5199 puta
747 5129 916 5183 modo
949 5131 1283 5186 affectiones
1332 5149 1563 5203 quoque
1594 5133 1827 5201 animae,
1862 5140 2066 5189 utcun-

366 5235 477 5289 que
513 5220 695 5274 multa
728 5219 902 5274 fuerit
932 5220 1190 5274 adhibita
1231 5237 1391 5286 cura,
1436 5223 1597 5277 intus
1643 5233 1833 5278 tamen
1877 5226 2069 5279 adhuc

366 5307 501 5360 tabo
535 5324 641 5362 suo
687 5320 1163 5377 corrumpuntur,
1205 5310 1435 5364 tandem
1494 5316 1687 5366 tamen
1720 5313 2070 5368 assiduitate

369 5393 834 5463 diligentissimis
909 5397 1251 5462 curationis,
1330 5413 1430 5467 per
1505 5398 1716 5454 Christi
1796 5401 2067 5472 gratiam,

368 5483 615 5551 perfecte
659 5493 956 5540 sanantur.
1008 5486 1109 5542 Est
1158 5501 1291 5541 cum
1338 5485 1567 5541 occulta
1613 5490 1909 5562 quadam_
1939 5490 2068 5562 faex,

441 5664 487 5701 “
516 5665 723 5725 Matth.
756 5684 871 5736 xxr,
905 5670 991 5726 2'2.
1067 5666 1113 5705 ⁸⁸
1146 5667 1348 5725 Matth.
1380 5686 1430 5737 v,
1463 5669 1554 5727 28.

2245 3615 2319 3671 Θ’.
2380 3612 2523 3686 Πρός
2590 3614 2718 3675 τοὺς
2795 3609 3187 3687 διαποροῦντας
3259 3632 3415 3690 φησι,
3490 3613 3548 3669 Τί
3624 3615 3713 3669 δτι
3796 3616 3871 3688 μή

2173 3703 2376 3780 γίνεταί
2443 3724 2526 3766 τις
2592 3702 2795 3777 ἡμέρα,
2853 3699 2907 3757 ἐν
3074 3702 3162 3757 καὶ
3234 3704 3310 3776 μὴ
3381 3698 3473 3757 διὰ
3533 3703 3734 3775 μίσους
3766 3701 3881 3777 ἔχω

2172 3792 2267 3847 τὸν
2333 3790 2593 3872 ἀδελφὸν,
2660 3792 2695 3862 ἢ
2763 3791 2854 3846 καὶ
2928 3790 3074 3848 ἄλλα
3147 3792 3265 3846 νινά
3357 3792 3573 3866 πονηρὰ
3666 3790 3887 3865 ἐμαυτῷ

2176 3882 2589 3951 συνεπίσταμαι,
2656 3880 2689 3935 ἃ
2772 3882 2863 3936 καὶ
2946 3879 3133 3936 ἄκοντι
3223 3876 3512 3954 συμϐαίνει
3601 3902 3697 3953 μοι
3782 3883 3888 3935 πά-

2175 3990 2373 4046 σχεινς
2430 3974 2599 4025 ταῦτα
2667 3968 2891 4025 λακτέον
2928 3987 2943 4001 ·
3006 3971 3087 4034 ὡς
3144 3971 3173 4025 ὁ
3220 3971 3314 4041 μὲν
3360 3970 3506 4044 ἀγὼν
3538 3971 3681 4033 ἅπας
3720 3971 3813 4025 καὶ
3858 3972 3891 4037 ἡ

2178 4056 2390 4129 σπουδή
2450 4064 2530 4127 τῷ
2579 4060 2872 4133 ἀνθρώπῳ,
2905 4058 3041 4114 ὥστε
3087 4060 3177 4114 καὶ
3228 4063 3307 4130 τῷ
3362 4063 3595 4134 πονηρῷ
3641 4059 3733 4114 καὶ
3783 4066 3895 4120 τοῖς

2178 4155 2441 4224 πονηροῖς
2515 4149 2869 4204 ἀντιτίθεσθαι
2944 4148 3234 4222 λογισμοῖς
3303 4145 3391 4203 διᾶ
3460 4150 3661 4211 παντὸς
3732 4146 3888 4204 ἔστω.

2179 4239 2192 4259 ν
2330 4258 2339 4266 ,
2672 4235 2696 4259 r1
2862 4240 2876 4257 κ
3016 4238 3027 4255 ρ
3220 4242 3245 4253 -ρ
3466 4242 3491 4254 ο
3678 4239 3694 4255 ς
3747 4240 3761 4257 ο
3864 4240 3873 4253 ο

2196 4240 2497 4314 Αμηχανον
2555 4235 2634 4309 δὲ,
2683 4259 2767 4292 ινα
2822 4259 2886 4293 το
2934 4258 3126 4302 σκοτος
3176 4260 3285 4293 των
3343 4240 3555 4308 παθων,
3604 4259 3697 4292 και
3741 4260 3770 4295 ο
3817 4240 3899 4292 θα-

2176 4347 2336 4388 νατος
2385 4332 2482 4383 τοῦ
2525 4329 2898 4406 φρονήματος,
2930 4328 3099 4406 φημὶ,
3156 4334 3256 4397 τῆς
3302 4327 3499 4403 σαρκὸς
3562 4329 3641 4400 μή
3692 4326 3894 4383 ἐπιδείο

2179 4419 2400 4472 κνυσθαι
2456 4438 2577 4473 τινα
2614 4418 2819 4492 καρπὸν
2875 4413 3014 4472 ἴδιον
3068 4418 3168 4486 τὴν
3214 4419 3407 4471 κακίαν
3465 4414 3597 4485 ἤτοι
3646 4437 3895 4491 κεκρυμ-

2187 4507 2365 4580 μὲνως
2420 4506 2454 4576 ἢ
2523 4511 2788 4584 φανερῶς.
2845 4510 3048 4582 Ὥσπερ
3110 4505 3216 4582 γάρ
3260 4527 3313 4561 τι
3374 4511 3593 4580 τραῦμα
3648 4506 3702 4561 ἓν
3790 4509 3893 4561 σώ-

2184 4616 2313 4667 ματι
2364 4595 2446 4664 δν,
2504 4592 2765 4650 ἀδύνατον
2822 4591 2928 4657 ἕως
2989 4590 3144 4649 οὔπω
3198 4593 3409 4650 τέλειον
3462 4594 3610 4666 ἰαθῇ,
3642 4595 3720 4657 ὡς
3768 4595 3896 4668 μηδ’

2182 4684 2360 4758 ὀλίγῳ
2406 4684 2516 4738 τινὶ
2555 4689 2633 4755 τῷ
2681 4683 2849 4762 ἰχῶρι
2912 4681 3082 4757 μυδᾷν
3116 4703 3129 4716 ’
3187 4686 3277 4739 καὶ
3329 4688 3499 4741 ταῦτα
3528 4685 3897 4760 θεραπευόμιεο

2178 4774 2268 4828 νόν
2314 4794 2393 4843 τε,
2442 4774 2532 4829 καὶ
2585 4772 2820 4846 μηδενὸς
2876 4779 2985 4828 τῶν
3046 4772 3123 4835 εἷς
3176 4771 3494 4845 ἐπιμελείας
3540 4773 3742 4828 τούτου
3801 4772 3896 4828 λὸ-

2179 4884 2291 4936 γων
2326 4866 2571 4933 ἡκοντων
2608 4863 3005 4935 ἀπαξιούμενον
3044 4884 3054 4897 '
3107 4862 3381 4935 ἀμεληθὲν
3443 4861 3501 4918 δὲ
3557 4868 3725 4937 σῆψιν
3783 4860 3890 4918 ἔστι

2182 4951 2227 5007 δ’
2260 4952 2348 5007 ὅτε
2377 4954 2467 5007 καὶ
2501 4953 2683 5027 λύμην
2736 4957 2813 5025 τῷ
2871 4951 2989 5026 ὅλῳ
3021 4952 3302 5028 ἐργάζεται
3351 4952 3605 5024 σώματι·
3653 4953 3749 5008 τὸν
3802 4953 3886 5006 αὖ-

2178 5042 2268 5097 τὸν
2321 5042 2437 5097 οἷόυ
2495 5064 2588 5116 μοι
2647 5043 2847 5116 τρόπον
2908 5043 2997 5097 καὶ
3056 5044 3121 5097 τὰ
3178 5050 3281 5111 τῆς
3338 5046 3526 5117 ψυχῆς
3570 5042 3742 5110 πάθη,
3801 5043 3887 5095 καὶ

2181 5130 2401 5199 πολλῆς
2432 5130 2776 5187 ἀπολαύοντα
2805 5139 2906 5201 τῆς
2935 5129 3201 5201 σπουδῆς,
3234 5132 3391 5205 ὅμως
3418 5130 3569 5186 ἔνδον
3600 5132 3884 5206 σμύχοντα

2178 5221 2448 5294 ἐπιμένειν
2482 5241 2494 5254 ·
2537 5221 2684 5292 πλὴν
2726 5222 2871 5278 ἀλλά
2927 5227 3006 5295 τῷ
3064 5222 3367 5296 παραμόνῳ
3421 5225 3521 5292 τῆς
3574 5221 3886 5295 ἐπιμελείας

2181 5307 2270 5365 διὰ
2298 5316 2393 5366 τοῦ
2423 5315 2657 5384 Χριστοῦ
2696 5312 2924 5388 χάριτός
2958 5333 3015 5367 τε
3043 5312 3133 5368 καὶ
3168 5314 3474 5388 συνεργείας
3521 5312 3711 5381 ἐντελῆ
3744 5311 3886 5383 λαμο

2179 5394 2326 5455 ϐάνει
2367 5402 2467 5470 τὴν
2531 5399 2696 5458 Ἱασιν.
2756 5408 2909 5458 Ἔστι
2969 5400 3074 5477 γάρ
3128 5422 3212 5463 τις
3265 5403 3501 5473 κρυπτὸς
3564 5401 3758 5474 ῥύπος,
3797 5401 3881 5455 καί

2178 5490 2432 5565 περιττόν
2466 5510 2525 5547 τε
2554 5491 2745 5555 σκότος
2798 5493 3003 5556 παθῶν,
3061 5491 3091 5547 ὃ
3147 5492 3296 5569 παρά
3342 5493 3440 5562 τήν
3497 5490 3732 5566 καθαρὰν
3788 5492 3881 5545 τοῦ
