4082 6196
225 286 348 346 873

1198 288 1436 348 LIBER
1478 290 1579 350 DE
1623 289 2052 352 ΡΑΤΙΕΝΤΙΑ
2095 289 2194 348 ΕΤ
2239 285 2774 349 DISCRETIONE.

3629 293 3748 354 874

225 416 522 489 ἀνθρώπου
589 415 746 492 φύσιν
823 414 913 472 διὰ
985 423 1087 487 τῆς
1160 421 1256 473 τοῦ
1323 417 1502 493 Ἀδάμ
1575 416 2145 494 παραϐάσεωςΑθΗ

2127 423 2498 478 tenebrarum
2543 422 2881 477 redundans
2928 421 3132 479 offusio
3164 438 3231 479 ex
3261 424 3586 495 affectibus,
3619 442 3748 497 qua.-

219 506 517 581 παρεισέδυ
582 507 724 582 πάσῃ
784 512 854 582 τῇ
922 509 1301 580 ἀνθρωπὸτητι
1335 529 1349 542 ⁸
1383 510 1474 564 καὶ
1556 515 1716 566 τοῦτο
1773 509 1933 565 θολοῖ

218 597 315 652 καὶ
373 598 717 668 καταμιαίνει
777 599 866 650 καὶ
935 603 1094 670 σῶμα
1155 595 1332 668 δήπου
1395 599 1485 652 καὶ
1561 600 1660 668 τήν
1725 600 1928 674 ψυχήν.

221 684 386 745 Ἀλλ’
436 687 618 761 ὥσπερ
669 684 893 759 σίδηρος
949 688 1292 762 πυρούμενος
1342 709 1399 744 τε
1448 689 1539 743 καὶ
1594 689 1935 762 τυπτόμενος

221 775 558 847 καθαίρεται·
610 775 645 845 ἢ
700 776 904 850 χρυσὸς
958 775 1157 851 χαλκῷ
1203 777 1238 846 ἤ
1287 779 1378 832 καὶ
1435 775 1647 851 σιδήρῳ
1695 797 1931 852 συγκρα-

221 865 338 928 θεὶς
370 864 499 939 πυρὶ
541 863 828 934 διαιρεῖται
880 867 1032 938 μόνῳ
1069 885 1083 900 ο
1108 865 1253 921 οὕτω
1300 870 1390 921 καί
1420 869 1454 935 ἡ
1490 868 1643 941 ψυχή
1687 864 1775 921 διὰ
1824 871 1932 921 τῶν

222 954 519 1030 ἀχράντων
573 957 671 1010 τοῦ
721 961 981 1028 Σωτῆρος
1043 956 1229 1010 παθῶν
1277 961 1357 1028 τῷ
1407 958 1594 1030 ἀγαθῷ
1661 955 1931 1028 Πνεῦματι

223 1043 544 1118 πυρουμένῃ
607 1044 696 1098 καὶ
763 1046 1100 1116 τυπτομένη,
1159 1046 1361 1109 παντὸς
1417 1045 1620 1106 πάθους
1676 1045 1767 1100 καὶ
1824 1045 1930 1100 πά-

227 1155 331 1204 σης
363 1133 734 1206 ἐκκαθαίρεται
767 1134 1056 1210 ἁμαρτίας.

301 1315 359 1371 ι’.
418 1317 623 1386 ’Ὥσπερ
679 1313 824 1376 τινὶς
879 1310 1164 1386 λαμπάδες
1211 1313 1422 1370 πολλαὶ
1482 1313 1555 1369 ἐνὶ
1626 1313 1796 1387 ἐλαίῳ
1841 1316 1932 1370 καὶ

225 1400 306 1457 ἐνὶ
367 1401 679 1476 ἀναφθεῖσαι
734 1403 889 1475 πυρὶ,
948 1401 1047 1457 οὐκ
1115 1401 1212 1475 ἴσῳ
1268 1407 1346 1474 τῷ
1427 1403 1609 1475 μέτρῳ
1663 1402 1937 1466 πολλάκις

224 1492 330 1559 τήν
360 1495 458 1546 τοῦ
510 1491 679 1566 πυρὸς
734 1492 914 1566 αὐγὴν
989 1491 1207 1567 ἀφιᾶσιν
1243 1511 1256 1525 ·
1292 1492 1437 1547 οὕτω
1499 1492 1590 1548 καὶ
1645 1494 1710 1548 τὰ
1770 1493 1932 1568 χαρί-

227 1601 408 1654 σματα
475 1583 544 1636 τά
610 1580 670 1638 ἐκ
740 1580 1012 1662 διαφόρων
1108 1585 1570 1658 κατορθωμάτων,
1669 1582 1933 1660 διάφορον

225 1669 473 1746 ἔχεικαὶ
511 1671 610 1739 τήν
659 1671 835 1748 αὗγήν
885 1677 986 1728 τοῦ
1033 1674 1233 1748 ἀγαθοῦ
1284 1673 1596 1746 Πνεῦματος
1752 1673 1935 1750 ὥσπερ

2039 515 2098 569 in
2152 531 2350 586 puram
2394 530 2428 567 a
2475 513 2759 584 principio
2805 513 3062 569 hominis
3111 521 3377 570 naturam
3427 517 3634 572 Adami
3684 533 3746 572 se

2039 602 2499 669 transgressione
2570 603 2886 659 insinuavit
2959 605 3015 658 in
3091 605 3555 671 humanitatem;
3622 605 3744 660 haec

2043 692 2266 766 polluit,
2301 692 2422 747 haIc
2450 696 2802 748 contaminet
2831 700 2950 748 tam
3001 709 3213 766 corpus
3269 696 3539 750 videlicet
3568 711 3742 765 quam

2041 782 2320 837 animam.
2351 780 2568 836 Verum
2603 786 2667 836 ut
2708 782 2924 838 ferrum
2956 785 3094 838 dum
3154 783 3400 855 ignitum
3442 783 3748 840 contundi-

2042 881 2158 939 tur,
2216 876 2602 942 expurgatur;
2674 876 2852 941 utque
2931 889 3138 928 aurum
3226 876 3357 929 saris
3431 878 3532 930 aut
3613 871 3744 929 ferri

2042 963 2315 1018 mistione
2370 961 2672 1026 infectum,
2730 959 2856 1032 igni
2906 963 3262 1029 secernitur;
3328 963 3450 1034 pari
3524 963 3746 1019 ratione

2043 1052 2234 1106 anima
2295 1065 2396 1120 per
2465 1047 2865 1103 immaculatas
2940 1048 3338 1120 perpessiones
3412 1050 3743 1118 Salvatoris,

2042 1141 2194 1196 bono
2248 1137 2464 1208 Spiritu
2525 1136 2727 1207 ignita,
2770 1145 2823 1192 et
2881 1153 3176 1207 percussa;
3217 1138 3289 1192 ab
3351 1139 3510 1194 omni
3569 1154 3745 1210 pravo

2043 1231 2244 1286 all‘ectu
2278 1234 2335 1283 et
2365 1233 2597 1299 peccato
2627 1233 2992 1297 expurgatur.

2114 1318 2182 1372 X.
2225 1316 2294 1372 Ut
2342 1316 2603 1386 quaedam
2663 1315 2962 1387 lampades
3031 1333 3148 1372 uno
3206 1318 3402 1387 plures
3454 1316 3600 1383 oleo,
3632 1334 3748 1373 uno

2046 1423 2298 1462 accensae
2358 1408 2498 1478 igni,
2531 1406 2685 1460 haud
2747 1422 2944 1477 parem
3002 1411 3194 1462 tamen
3265 1423 3420 1477 saepe
3478 1406 3752 1464 emittunt

2047 1495 2368 1564 fulgorem;
2420 1495 2503 1549 sic
2561 1499 2619 1548 et
2674 1493 3027 1548 charismata
3087 1495 3144 1548 in
3202 1494 3446 1549 diversis
3503 1495 3573 1548 ad
3623 1511 3749 1564 qua

2049 1584 2354 1639 habilitant
2431 1581 2600 1637 bonis
2672 1583 2966 1654 operibus,
3039 1583 3404 1637 dill'erentem
3486 1584 3752 1637 evibrant

2047 1672 2306 1744 ejusdem
2351 1672 2484 1726 boni
2515 1671 2768 1742 Spiritus
2802 1671 3194 1742 splendorem.
3238 1675 3350 1726 Aut
3398 1678 3458 1725 ut
3510 1672 3564 1726 in
3616 1671 3752 1725 civi-

225 1758 279 1814 έν
329 1758 488 1813 πόλει
539 1756 768 1814 πολλῶν
825 1759 1016 1829 ὄντων,
1067 1761 1157 1816 καὶ
1215 1763 1316 1830 τὴν
1377 1761 1550 1830 αὐτὴν
1609 1761 1932 1833 οἰκούντων,
1970 1776 2015 1840 Β
2047 1770 2145 1819 tatt

2119 1772 2163 1820 te
2217 1761 2430 1818 multos
2485 1761 2864 1831 amplectente
2929 1761 3100 1829 cives,
3160 1763 3293 1818 licet
3367 1764 3558 1818 cuncti
3637 1779 3751 1818 uno

225 1848 303 1903 ἑνί
336 1868 395 1903 τε
430 1847 582 1923 ἄρτῳ
627 1849 717 1903 καὶ
775 1850 852 1904 ἑνὶ
911 1849 1217 1926 χρωμένων
1275 1848 1454 1918 ὕδατι,
1505 1853 1558 1906 οἱ
1613 1855 1709 1924 μὲν
1760 1853 1938 1908 αὐτῶν

228 1934 441 2012 ἄνδρες,
483 1938 535 1993 οἱ
580 1935 638 1993 δὲ
681 1941 894 2008 νήπιοι,
946 1940 998 1994 οἱ
1047 1937 1107 1995 δε
1160 1939 1350 2004 παῖδές
1405 1940 1564 2011 εἰσιν,
1623 1943 1675 1996 οἱ
1743 1941 1800 1996 δὲ
1851 1945 1939 2018 γέ·

229 2031 439 2104 ροντες,
495 2027 584 2082 καὶ
644 2027 788 2083 πολὺ
863 2030 925 2084 τὸ
1001 2029 1402 2104 παραλλάττων
1479 2029 1531 2086 έν
1607 2031 1794 2094 αὐτοῖς
1849 2033 1938 2087 καὶ

226 2115 490 2195 διάφορον
522 2118 589 2186 ’ἢ
643 2116 827 2192 ὥσπερ
886 2123 1032 2182 σῖτος
1085 2120 1136 2174 έν
1190 2125 1288 2193 μιᾷ
1337 2122 1426 2175 καὶ
1471 2125 1540 2194 τῇ
1592 2122 1732 2195 αὐτῇ
1781 2123 1941 2198 χώρᾳ

226 2207 692 2282 κατεσπαρμένος,
750 2206 1044 2287 διαφόρους
1101 2207 1280 2280 δήπου
1363 2211 1455 2266 καὶ
1511 2210 1639 2272 τοὺς
1697 2212 1938 2286 στάχυας

227 2293 569 2350 ἀναδίδωσιν·
634 2296 686 2352 ἐν
749 2298 932 2371 μέντοι
983 2303 1052 2372 τῇ
1111 2298 1247 2372 αὐτῇ
1308 2300 1430 2370 ἅλῳ
1488 2299 1790 2373 συνάγεται,
1848 2300 1938 2354 καὶ

226 2389 296 2458 τῇ
347 2385 484 2460 αὐτῇ
526 2385 783 2460 ἀποθήκη
831 2386 1203 2442 ἐναποτίθεται
1246 2405 1260 2418 ⁰
1288 2388 1463 2448 οὕτως
1510 2386 1631 2442 οἴου
1693 2409 1788 2460 μοι
1841 2390 1936 2444 κάν

229 2478 299 2548 τῇ
357 2475 466 2530 τῶν
526 2479 730 2550 νεκρῶν
789 2475 1067 2532 ἀναστάσει
1129 2475 1394 2556 διαφοράν
1473 2473 1636 2548 δόξης
1687 2483 1796 2532 τῶν
1853 2477 1941 2532 ἀν-

233 2570 538 2636 ισταμένων
618 2561 952 2634 δοξάζεσθαι,
1042 2565 1132 2620 καὶ
1212 2567 1562 2642 γνωρίζεσθαι

231 2652 381 2724 ἀξίαν
439 2657 548 2706 τῶν
606 2654 1067 2726 κατορθωμάτων,
1125 2655 1262 2709 κατὰ
1325 2657 1424 2724 τὴν
1493 2657 1781 2728 μετουσίαν
1837 2659 1937 2710 τοῦ

228 2740 469 2796 ἐντεῦθεν
527 2738 635 2812 ἤδη
703 2741 1044 2813 ἐνῳκηκότος
1105 2742 1287 2805 αὐτοῖς
1371 2743 1515 2798 θείου
1576 2745 1886 2816 [Ινεόματος
1921 2759 1935 2774 ⁸

227 2833 320 2887 καὶ
385 2834 551 2886 τοῦτο
623 2830 754 2886 εἶναι
812 2832 896 2899 τὸ,
966 2833 1162 2906 Ἀστὴρ
1248 2832 1470 2909 ἀστέρος
1571 2831 1811 2910 διαφέρει
1878 2833 1930 2887 έν

227 2919 379 2994 δόξῃ.

1639 2567 1774 2622 κατά
1838 2569 1937 2635 τήν

301 3099 406 3156 IA'.
467 3101 641 3154 Τοῦτο
703 3100 868 3171 μόνον
945 3101 1082 3155 κατά
1159 3097 1400 3171 σπουδὴν
1454 3096 1616 3169 ἔστω,
1685 3097 1782 3154 ’ίνα
1852 3120 1934 3162 τις

229 3189 512 3264 γεννηθεὶς
566 3192 646 3260 τῷ
707 3188 980 3262 ΙΙνεύματι
1027 3195 1108 3263 τῷ
1155 3191 1294 3264 ἁγίῳ
1340 3191 1440 3258 τὴν
1477 3184 1686 3244 ἕνοικον
1738 3189 1934 3244 ἀπονί-

231 3285 399 3355 ψηται
459 3280 725 3351 ἁμαρτίαν
764 3278 904 3334 ’Καὶ
952 3281 1058 3356 γὰρ
1123 3277 1174 3335 ἔν
1231 3301 1334 3334 τινι
1389 3278 1540 3353 μέρει
1603 3280 1694 3334 καὶ
1753 3280 1928 3351 έκείνη

231 3373 267 3440 ἡ
320 3367 410 3425 διὰ
459 3373 554 3424 τοῦ
606 3368 918 3442 Πνεῦματος
963 3374 1061 3426 τοῦ
1110 3370 1264 3445 ἁγίου
1309 3371 1580 3446 γέννησις,
1629 3371 1810 3426 εἰκόνα
1851 3391 1934 3425 τε-

232 3459 521 3528 λειότητος
576 3457 696 3534 ἔχει
756 3458 808 3514 ἔν
857 3480 915 3514 τε
969 3464 1039 3533 τῇ
1100 3464 1284 3539 μορφῇ
1342 3461 1432 3514 καὶ
1487 3466 1605 3524 τοῖς
1672 3459 1928 3532 μέλεσιν⁸

233 3548 298 3604 οὐ
357 3547 543 3622 μέντοι
601 3546 849 3622 δυνάμει,
905 3549 940 3618 ἢ
999 3554 1098 3621 νῷ,
1157 3550 1190 3619 ἢ
1245 3547 1503 3622 ἀνδρείᾳ’
1538 3551 1566 3604 6
1623 3551 1728 3625 γάρ
1794 3551 1934 3624 πρὸς

232 3635 404 3712 ἄνδρα
455 3635 665 3692 τέλειον
720 3639 811 3692 καὶ
873 3637 1067 3712 μέτρον
1147 3639 1476 3716 ἀφικόμενος
1551 3636 1798 3708 ἡλικίας,
1870 3639 1937 3693 τά

229 3725 328 3783 τοῦ
377 3727 579 3798 νηπίου
626 3729 828 3796 πέφυκε
879 3733 1162 3803 καταργεῖν
1206 3730 1332 3782 ’καὶ
1379 3726 1541 3783 τοῦτό
1593 3727 1754 3797 ἐστιν,
1803 3729 1935 3802 ὅπερ

229 3820 257 3872 6
323 3813 662 3878 ’Δπόστολος
739 3815 917 3890 ἔλεγεν
953 3834 966 3847 '
1049 3816 1176 3874 Εἴτε
1257 3815 1498 3890 γλῶσσαι
1586 3818 1935 3890 καταργηθή-

226 3928 434 3976 σονται,
503 3905 611 3962 εἴτε
666 3912 1061 3986 προφητεῖαι·
1114 3909 1316 3980 Ὥσπερ
1387 3907 1493 3981 γὰρ
1551 3909 1579 3961 6
1639 3907 1770 3978 ἀνὴρ
1829 3903 1937 3976 ἤδη

225 3999 545 4072 γενόμενος,
579 3995 701 4052 οὔτε
729 3999 934 4075 τροφάς
967 3993 1091 4052 οὔτε
1141 3995 1341 4065 λόγους
1389 3996 1517 4057 τοῦς
1567 3993 1720 4050 παιδὶ
1772 4014 1940 4068 προσ-

217 4090 455 4158 ήκοντας
512 4084 892 4161 καταδέχεται,
953 4086 1080 4143 ἀλλ’
1139 4087 1490 4156 ἀναξιοπαθεῖ
1567 4086 1704 4159 πρὸς
1779 4086 1936 4149 αὐτὰ,

231 4175 308 4236 ὡς
375 4174 557 4249 ἑτέρας
598 4171 705 4244 ἤδη
768 4172 1047 4249 διαγωγῆς
1106 4168 1300 4235 ἐπιϐάς
1336 4193 1348 4207 ·
1384 4171 1559 4234 οὕτως
1611 4174 1639 4227 6
1684 4173 1820 4246 πρὸς
1868 4193 1943 4226 τε·

223 4262 391 4316 λείων
478 4266 585 4316 τῶν
671 4263 1040 4338 εύαγγελικῶν
1137 4262 1380 4330 αὐξάνων
1476 4260 1944 4335 κατορθωμάτων,

225 4353 327 4419 την
369 4352 680 4422 νηπιότητα
727 4354 826 4422 τήν
887 4349 1080 4407 ἑαυτοῦ
1145 4352 1284 4425 πρὸς
1335 4352 1434 4420 τήν
1481 4349 1801 4420 τελειότητα
1847 4369 1944 4404 κα-

221 4441 510 4496 τασπάσει.
543 4443 671 4494 ’Ὀτε
703 4441 830 4516 γὰρ,
862 4441 1046 4519 φησὶν,
1088 4441 1116 4494 6
1146 4441 1290 4504 θεῖος
1337 4439 1705 4506 Ἀπόστολος,
1752 4437 1946 4515 γέγονα

227 4530 396 4604 ἀνὴρ,
425 4531 748 4604 κατήργησα
777 4530 844 4583 τά
873 4533 970 4584 τοῦ
999 4529 1222 4600 νηπίου.

307 4620 386 4674 IB'
459 4619 528 4673 Τὸ
583 4619 676 4691 μὲν
721 4619 856 4674 κατά
909 4622 1122 4691 Πνεῦμα
1171 4619 1530 4695 γεννώμενον,
1578 4617 1768 4692 τρόπῳ
1814 4615 1941 4685 τινὶ,

225 4710 415 4769 καθὼς
473 4705 809 4782 ἐδείκνυμεν,
865 4707 1076 4764 τέλειόν
1137 4708 1301 4764 ἐστιν.
1363 4710 1568 4780 ’Ὠσπερ
1643 4707 1734 4761 καὶ
1792 4705 1944 4763 τουτὶ

225 4802 290 4854 τὸ
346 4801 548 4870 νήπιον
603 4801 815 4876 τέίειον
877 4801 1015 4855 εἶναι
1075 4798 1330 4875 λέγομεν,
1404 4797 1457 4853 έν
1535 4801 1616 4870 τῷ
1668 4797 1735 4852 τά
1805 4800 1942 4871 μέρη

229 4889 407 4945 πάντα
460 4895 562 4958 τῆς
621 4888 893 4958 ὁλότητος
942 4889 1269 4958 ἀποσώζειν.
1322 4889 1499 4944 Πάλιν
1529 4889 1556 4943 6
1605 4887 1700 4962 μὲν
1751 4886 1947 4961 Κύριος

233 4979 366 5058 οὗχῖ
437 4983 654 5052 Πνεῦμα
709 4980 800 5034 καὶ
861 4979 1024 5054 χάριν
1085 4975 1332 5046 δίδωσιν,
1384 4977 1477 5033 ’ίνα
1541 4999 1626 5040 τις
1681 4977 1944 5049 περιπέσῃ

233 5073 358 5128 ταῖς
416 5067 710 5142 ἁμαρτίαις
745 5086 758 5100 ·
792 5067 947 5122 αὐτοὶ
1001 5066 1060 5122 δὲ
1113 5066 1324 5129 ἓαύτοῖς
1381 5065 1549 5122 αἶ’τιοι
1607 5069 1712 5120 τῶν
1771 5067 1950 5118 κακῶν

233 5158 290 5212 οἱ
350 5155 653 5231 ἄνθρωποι,
709 5159 780 5231 τῇ
837 5156 1025 5231 χάριτι
1106 5157 1182 5229 μὴ
1261 5159 1632 5232 στοιχοῦντες,
1713 5154 1804 5208 καὶ
1862 5150 1952 5207 διὰ

232 5251 402 5302 τοῦτο
460 5251 578 5308 τοῖς
643 5251 834 5309 κακοῖς
910 5245 1268 5320 άλίσκόμενοι
1299 5265 1313 5280 ⁸
1345 5244 1564 5301 δύναται
1630 5241 1688 5298 δῖε
1751 5241 1841 5296 καὶ
1900 5239 1952 5310 ἐξ

235 5333 400 5391 ἷδίων
464 5333 792 5390 ὀλισθαίνειν
853 5335 944 5390 καὶ
1014 5336 1254 5412 φυσικῶν
1320 5337 1350 5390 ὁ
1415 5333 1698 5408 ἄνθρωπος
1790 5330 1951 5401 λογι-

236 5430 424 5498 σμῶν,
491 5423 738 5498 ἀμελῶν,
793 5424 828 5495 ἢ
895 5431 1274 5505 καταφρονῶν,
1330 5424 1365 5494 ἤ
1423 5437 1512 5480 καί
1582 5422 1758 5494 οἰήσει
1803 5419 1954 5499 χρώ-

318 5604 368 5642 ⁸⁶
396 5606 416 5664 1
444 5605 575 5663 Cor.
606 5623 699 5674 xv,
729 5607 819 5662 41'
841 5605 890 5641 ⁸⁷
919 5608 942 5664 Ι
970 5605 1097 5665 Cor.
1127 5622 1251 5668 vm,
1276 5607 1329 5662 8.
1370 5603 1420 5642 ⁸⁸
1448 5603 1593 5663 ibid.
1627 5603 1718 5660 95.

2045 1867 2214 1924 pane,
2248 1867 2480 1921 unoque
2513 1856 2686 1921 potus
2737 1865 2946 1920 genere
2990 1855 3259 1916 utantur;
3290 1855 3485 1905 tamen
3540 1850 3750 1904 horum

2045 1938 2144 1995 alii
2221 1939 2452 2010 quidem
2513 1937 2641 2004 viri,
2699 1939 2794 1992 alii
2860 1938 3105 2009 parvuli,
3166 1938 3330 1992 multi
3405 1937 3592 2008 pueri,
3654 1937 3750 1991 alii

2046 2043 2248 2095 senes;
2308 2027 2672 2098 multumque
2727 2027 3086 2082 discriminis
3161 2033 3218 2082 et
3288 2027 3622 2081 differentias
3690 2026 3750 2082 in

2044 2120 2184 2190 ipsis
2214 2125 2344 2175 est:
2408 2117 2491 2174 vel
2553 2118 3043 2189 quemadmodum
3104 2119 3455 2173 frumentum
3515 2119 3574 2172 in
3634 2134 3750 2172 uno

2046 2217 2102 2266 et
2131 2209 2330 2265 eodem
2365 2209 2718 2263 semiustum
2765 2223 2926 2278 agro,
2958 2208 3218 2262 diversas
3258 2207 3445 2276 spicas
3495 2207 3749 2279 profert;

2045 2305 2239 2354 tamen
2274 2299 2605 2353 universum
2640 2298 2698 2351 in
2730 2298 2990 2352 eamdem
3024 2314 3142 2352 una
3197 2297 3491 2353 confertur
3537 2313 3750 2367 aream,

2045 2389 2102 2444 in
2161 2404 2344 2443 unum
2403 2387 2614 2458 pariter
2669 2387 3004 2442 reconditur
3061 2386 3383 2441 horreum:
3440 2387 3519 2442 sic
3576 2391 3633 2441 et
3689 2391 3752 2440 tu

2047 2476 2336 2543 existima,
2372 2491 2462 2530 me
2493 2479 2747 2541 auctore,
2781 2475 2840 2529 in
2893 2479 3254 2530 mortuorum
3299 2487 3533 2546 quoque
3562 2489 3754 2528 resur-

2049 2569 2301 2624 rectione
2326 2565 2706 2621 differentiam
2742 2565 2937 2636 glorias
2971 2565 3112 2631 fore,
3143 2564 3239 2630 iis,
3271 2565 3370 2635 qui
3421 2567 3756 2634 resurgunt,

2047 2655 2382 2729 glorificatis
2462 2659 2520 2710 et
2594 2653 2920 2708 illustribus
2987 2669 3091 2724 pro
3175 2653 3456 2719 dignitate
3512 2667 3756 2723 operum

2047 2747 2352 2812 bonorum,
2410 2749 2466 2799 et
2530 2760 2631 2816 pro
2709 2743 3126 2798 communione
3199 2741 3585 2796 inhabitantis
3633 2740 3756 2810 jam

2046 2836 2263 2891 ibidem
2295 2835 2456 2906 ipsos
2497 2833 2676 2888 divini
2726 2831 3007 2902 Spirilus:
3055 2837 3113 2886 et
3161 2830 3307 2887 hanc
3353 2847 3482 2886 esse
3525 2837 3750 2885 senten-

2047 2927 2188 2980 tiam
2241 2925 2401 2978 illius
2457 2922 2596 2976 dicti
2655 2920 2954 2991 apostolici
2989 2935 3002 2976 :
3037 2919 3212 2974 Stella
3266 2920 3447 2990 diﬂerl
3503 2935 3538 2974 α
3591 2917 3759 2973 stella

2047 3016 2106 3070 in
2135 3011 2388 3068 claritate
2417 3009 2484 3066 ⁸⁸.

2120 3100 2210 3156 XI.
2276 3099 2473 3154 Solum
2531 3096 2808 3170 peculiari
2885 3097 3137 3168 quisque
3202 3095 3396 3151 studio
3460 3099 3644 3160 curet,
3692 3095 3760 3150 ut

2049 3199 2422 3262 regeneratus
2497 3187 2717 3258 Spiritu
2796 3192 3018 3250 sancto,
3089 3185 3428 3240 inhabitans
3501 3184 3561 3238 in
3629 3198 3760 3238 sese

2042 3286 2345 3351 peccatum
2422 3278 2742 3347 abstergat.
2802 3273 3026 3329 Etenim
3104 3273 3165 3328 in
3241 3280 3404 3344 parte
3484 3273 3765 3343 quadam,

2041 3371 2214 3426 etiam
2274 3367 2375 3423 illa
2423 3368 2549 3439 ipsa
2607 3383 2704 3438 per
2753 3372 3021 3420 sanctum
3089 3363 3376 3434 Spiritum
3455 3361 3758 3435 generatio

2040 3448 2364 3528 imaginem
2427 3454 2798 3527 perfectionis
2855 3453 3047 3518 habet,
3098 3457 3155 3508 et
3211 3452 3272 3507 in
3341 3452 3523 3506 forma
3580 3455 3638 3505 st
3694 3449 3758 3504 in

2047 3547 2368 3614 membris;
2426 3561 2539 3600 non
2596 3549 2789 3599 tamen
2845 3543 3076 3607 virtute,
3111 3548 3208 3596 aut
3257 3548 3465 3609 mente,
3499 3543 3600 3595 aut
3646 3540 3760 3595 for-

2055 3637 2329 3692 titudine.
2363 3636 2505 3690 Nam
2539 3633 2639 3704 qui
2698 3633 2757 3688 in
2817 3632 3005 3686 virum
3056 3631 3371 3702 perfectum
3421 3636 3477 3684 et
3533 3645 3768 3684 mensu-

2054 3745 2178 3784 ram
2247 3725 2506 3797 pervenit
2579 3723 2784 3788 etatis,
2863 3737 2992 3792 quis
3069 3726 3234 3775 erant
3307 3719 3556 3790 parvuli,
3619 3720 3768 3774 solet

2056 3831 2357 3874 evacuare.
2405 3817 2484 3866 Et‘
2517 3811 2626 3866 hoc
2682 3817 2771 3865 est
2827 3810 2980 3880 quod
3033 3807 3341 3878 Apostolus
3397 3808 3589 3862 dixit:
3645 3809 3768 3861 Sive

2054 3907 2262 3973 lingua:
2310 3903 2616 3966 cessabunt,
2647 3901 2760 3953 sive
2811 3896 3114 3967 prophetiae
3143 3895 3212 3950 ⁸⁷.
3247 3896 3408 3948 Sicut
3463 3894 3620 3948 enim
3679 3894 3768 3948 vir

2051 3997 2170 4066 jam
2226 3995 2434 4055 factus,
2495 4003 2684 4058 neque
2749 4001 2914 4041 escas
2977 4000 3160 4052 neque
3238 3997 3534 4038 sermones
3587 3998 3763 4052 puero

2052 4082 2462 4139 convenientes
2491 4078 2768 4144 admittit,
2801 4077 2899 4130 sed
2950 4090 3014 4128 ea
3073 4082 3129 4126 ut
3180 4073 3291 4128 sibi
3343 4071 3616 4127 indecora
3672 4071 3764 4125 de-

2053 4173 2346 4239 dignatur,
2379 4173 2654 4238 tanquam
2683 4164 2784 4236 qui
2817 4163 2873 4217 in
2925 4162 3171 4217 alterum
3197 4162 3316 4231 jam
3366 4159 3490 4213 vitae
3543 4164 3763 4215 statum

2053 4256 2495 4332 profecerit;sic
2543 4255 2640 4326 qui
2691 4253 2762 4308 ad
2820 4251 3229 4324 perfectionem
3292 4247 3764 4319 evangelicorum

2056 4348 2265 4407 crescit
2321 4345 2673 4412 officiorum,
2739 4340 3046 4396 infantiam
3124 4339 3416 4410 pr0priam
3495 4337 3568 4392 ad
3641 4352 3767 4407 per-

2056 4438 2365 4496 fectionem
2425 4433 2632 4489 trahet.
2688 4430 2915 4500 Quando
2971 4429 3151 4496 enim,
3197 4428 3276 4482 sit
3334 4427 3569 4482 divinus
3611 4427 3766 4497 Apo-

1977 4509 2022 4574 Ῑ)
2051 4527 2259 4585 stolus.
2291 4527 2468 4592 factus
2497 4537 2618 4576 sum
2653 4520 2757 4588 vir,
2789 4519 3052 4574 cvacuavi
3080 4532 3198 4587 quae
3241 4520 3399 4571 erant
3445 4514 3670 4586 parvuli
3695 4510 3764 4569 ⁸⁸.

2123 4614 2244 4670 XII.
2287 4613 2447 4678 Quod
2494 4609 2726 4682 quidem
2786 4623 2888 4679 per
2939 4607 3220 4678 Spiritum
3280 4603 3559 4675 gignitur,
3595 4602 3766 4658 modo

2056 4705 2334 4776 quodam,
2367 4706 2434 4756 ut
2485 4697 2875 4762 ostendimus,
2920 4695 3239 4764 perfectum
3295 4696 3404 4746 est.
3458 4691 3622 4745 Sicut
3663 4689 3767 4741 ali-

2055 4811 2225 4866 quem
2282 4791 2636 4846 infanlulum
2696 4802 2894 4842 recens
2955 4790 3179 4851 natum,
3240 4799 3346 4838 suo
3408 4781 3580 4836 modo
3636 4794 3766 4834 esse

2056 4887 2371 4956 perlectum
2428 4878 2699 4942 dicimus,
2730 4891 2796 4930 eo
2854 4878 3002 4944 quod
3049 4878 3242 4942 partes
3300 4870 3507 4924 habeat
3563 4882 3766 4922 omnes

2057 4971 2299 5029 humani
2345 4967 2620 5038 corporis.
2671 4968 2892 5020 Rursus
2949 4963 3223 5016 Dominus
3291 4958 3525 5030 quidem
3584 4957 3766 5012 haud-

2058 5074 2350 5133 quaquam
2385 5056 2664 5128 Spiritum
2698 5058 2754 5108 et
2791 5053 3031 5125 gratiam
3067 5051 3181 5111 dat,
3215 5053 3281 5104 ut
3333 5048 3464 5121 quis
3509 5046 3675 5100 cadat
3705 5043 3762 5098 in

2066 5150 2220 5206 I88
2253 5151 2520 5219 peccata;
2550 5143 2664 5215 ipsi
2700 5151 2891 5198 autem
2950 5139 3218 5195 homines
3257 5137 3366 5193 sibi
3422 5150 3600 5191 causa
3651 5149 3762 5188 ma-

2060 5240 2245 5294 lorum
2305 5240 2440 5290 sunt
2506 5235 2746 5288 ductum
2831 5231 3153 5285 abnuentes
3237 5225 3458 5298 gratim,
3518 5222 3763 5292 ideoque

2059 5325 2352 5398 illaqueati
2380 5324 2569 5378 malis.
2604 5324 2799 5377 Potest
2828 5325 3023 5376 autem
3056 5334 3124 5372 ex
3158 5313 3408 5388 propriis
3437 5311 3554 5366 labi
3584 5311 3760 5366 etiam

2062 5414 2427 5473 naturalibus
2504 5412 2678 5468 homo
2753 5406 3222 5481 cogitationibus,
3291 5400 3608 5474 negligens,
3675 5399 3764 5455 vel
