4116 6210
303 266 419 328 875

300 495 454 547 enim
488 490 625 561 quid
662 488 813 541 dicat.
860 486 1073 539 Paulus
1106 482 1201 536 :Ne
1258 479 1521 541 eatultar,
1551 474 1705 529 datus
1751 478 1830 526 εδι
1870 471 2011 525 mihi

305 581 556 639 stimulus
590 578 774 633 carnis
804 576 1028 645 angelus
1092 572 1317 625 Satanae
1345 568 1410 621 3°.
1466 564 1664 629 Vides,
1728 568 1790 616 ut
1837 562 2009 616 etiam

307 672 406 743 qui
442 669 624 725 tantis
649 667 999 736 profectibus
1032 662 1102 716 ad
1162 670 1277 717 tam
1308 654 1619 712 sublimem
1671 656 1807 743 sunt
1833 650 2011 705 evecti

308 742 541 815 virtutis
590 756 862 828 gradum,
914 749 1246 806 securitatis
1307 748 1428 801 sint.
1472 742 1672 811 indigi.
1734 742 2009 796 Caeterum

309 851 419 906 nisi
455 849 551 903 det
587 846 946 901 occasionem
980 841 1130 897 ultro
1161 843 1217 893 et
1265 837 1483 891 aditum
1530 832 1755 887 Satanae
1815 830 2011 897 homo,

311 958 425 996 non
461 940 664 1009 utique
698 952 796 1003 per
825 935 939 989 vim
973 932 1020 985 ei
1072 925 1485 983 dominabitur.
1545 925 1787 993 Propter
1834 922 2009 992 quod,

308 1048 493 1100 neque
517 1029 661 1099 parti
696 1024 935 1091 Christi,
970 1036 1159 1091 neque
1193 1016 1506 1073 adversarii
1541 1032 1632 1071 res
1663 1013 2007 1083 imputatur:

310 1120 415 1175 sed
446 1119 541 1189 qui
583 1116 780 1186 gratia:
812 1113 1063 1183 Spiritus
1095 1126 1157 1163 se
1190 1106 1453 1177 adjungit
1488 1120 1674 1174 usque
1703 1101 1761 1156 in
1811 1100 2011 1167 ﬁnem,

313 1209 490 1277 partis
521 1204 725 1259 Christi
779 1202 888 1255 ﬁt:
950 1199 1043 1269 qui
1103 1214 1234 1252 vero
1291 1212 1403 1250 non
1462 1194 1539 1248 ita
1579 1210 1640 1247 se
1672 1192 1865 1257 habet,
1929 1194 2017 1243 ut-

309 1311 537 1364 cunque
559 1293 780 1363 Spiritu
807 1292 1134 1360 generetur,
1170 1286 1276 1341 hoc
1307 1289 1415 1350 est,
1450 1282 1675 1337 etiamsi
1723 1282 2014 1352 particeps

314 1388 495 1441 sancti
528 1382 776 1450 Spiritus
841 1379 960 1445 fiat,
996 1378 1054 1431 in
1109 1391 1215 1429 suo
1276 1372 1517 1427 arbitrio
1569 1372 1802 1426 habebit
1852 1370 2015 1441 sequi

316 1475 671 1529 voluntatem
732 1470 979 1524 Satanas.
1012 1466 1141 1521 Sive
1186 1464 1340 1520 enim
1397 1461 1520 1531 ipse
1567 1462 1864 1527 Dominus,
1897 1465 2017 1517 sive

317 1564 565 1619 Satanas
601 1576 700 1629 per
757 1558 868 1613 vim
902 1556 1221 1617 traherent,
1281 1568 1395 1607 non
1455 1556 1610 1606 esset
1674 1550 1846 1607 homo
1904 1550 2016 1606 sibi

313 1668 491 1708 causa
521 1649 631 1719 ipsi
666 1664 784 1702 suae
834 1646 1008 1701 sortis
1068 1642 1233 1701 malae
1291 1647 1391 1697 aut
1440 1642 1624 1705 bonae,
1658 1641 1902 1696 cadendi
1958 1641 2018 1695 in

315 1741 665 1812 gehennam,
699 1741 800 1791 aut
830 1736 885 1789 in
922 1749 1164 1805 regnum
1199 1731 1589 1802 perveniendi.

389 1828 545 1885 Xlll.
584 1825 840 1888 Homini,
871 1822 1103 1878 virtutis
1153 1820 1436 1886 studioso,
1473 1817 1654 1873 multa
1699 1834 1841 1873 cura
1898 1820 2019 1872 sat-

319 1919 608 1991 agendum
670 1921 779 1982 est,
813 1920 873 1968 ut
925 1912 1273 1968 discretione
1324 1909 1552 1979 polleat,
1588 1915 1651 1963 ut
1698 1925 1812 1979 quo
1860 1908 2021 1963 diife-

325 2009 574 2064 rentiam
609 2008 744 2061 boni
782 2010 836 2060 et
870 2003 1005 2059 mali
1054 2001 1407 2071 exploratam
1460 1999 1694 2064 habeat,
1726 2005 1783 2053 et
1832 1998 2023 2054 varias

321 2096 539 2153 diaboli
568 2096 879 2158 versutias,
910 2092 1060 2147 soliti
1093 2107 1193 2162 per
1250 2090 1543 2159 speciosus
1573 2088 2025 2159 imaginationes

324 2187 607 2257 plurimus
674 2188 1013 2255 pervertere,
1091 2178 1388 2245 discutiat,
1466 2188 1638 2249 atque
1716 2177 2022 2249 intelligat.

323 2276 618 2347 Siquidem
653 2273 709 2327 in
744 2273 901 2327 omni
937 2270 1165 2341 negotio
1199 2267 1576 2323 utilissimum
1610 2272 1701 2322 est
1732 2264 2026 2322 securitati

326 2364 650 2422 consulere.
696 2364 778 2425 Ne
821 2363 996 2432 igitur
1028 2360 1263 2415 levitate
1312 2357 1524 2413 mentis
1581 2358 1692 2412 cito
1724 2361 1779 2412 te
1835 2357 2026 2424 ipsum

317 2457 507 2524 praebe
537 2452 840 2507 credulum
882 2449 1278 2516 spiritualium
1344 2450 1699 2516 potestatum
1750 2444 2028 2515 impulsi-

327 2542 459 2607 bus,
490 2540 561 2595 ad
602 2544 658 2594 te
704 2538 1113 2606 decipiendum
1164 2537 1307 2590 forte
1337 2534 1689 2604 comparatis
1724 2549 1737 2589 :
1806 2532 2031 2587 etiamsi

332 2630 431 2701 qui
490 2631 812 2699 loquuntur
860 2626 1122 2681 ccelestes
1183 2626 1305 2680 sint
1362 2622 1604 2694 angeli:
1661 2624 1761 2677 sed
1820 2629 1911 2678 sta
1974 2626 2033 2678 in

338 2719 522 2787 gradu
581 2717 810 2782 tardus,
867 2714 1121 2771 examini
1168 2713 1341 2770 istius
1401 2712 1628 2783 generis
1712 2711 2034 2781 subjiciens

336 2805 747 2872 exactissimo;
805 2807 950 2874 quod
1003 2804 1224 2859 bonum
1299 2806 1389 2856 est
1444 2800 1821 2871 amplectens,
1881 2801 2035 2869 quod

341 2895 582 2958 malum,
634 2894 921 2966 rejiciens.
981 2892 1103 2950 Non
1156 2892 1310 2949 enim
1368 2891 1551 2963 ignoti
1611 2895 1749 2946 sunt
1798 2890 2037 2946 eli‘ectus

338 2992 556 3060 gratias,
600 3004 747 3058 quos
808 2990 1129 3058 peccatum,
1191 2995 1482 3056 utcunque
1537 2984 1670 3038 boni
1734 3000 2037 3055 personam

338 3078 657 3148 assimulet,
699 3094 814 3133 non
858 3083 1043 3146 potest
1076 3081 1509 3145 repraesentare.
1561 3073 1701 3129 Nam
1756 3075 1887 3138 etsi,
1941 3091 2036 3129 sc-

1641 246 1705 307 S.
1754 241 2079 315 MACARII
2126 244 2468 315 fEGYPTII

302 404 705 464 contemnens,
734 397 835 450 aut
898 390 1190 464 arroganti
1222 390 1392 444 utens
1438 379 1830 452 prmﬁdentia;
1863 379 1999 435 audi
2038 383 2087 449 Α
2123 400 2284 451 μενος

3698 251 3818 312 876

2332 397 2345 412 '
2380 378 2545 436 ἄκουε
2574 382 2676 454 γὰρ
2706 380 2759 436 τί
2808 402 2970 461 φησιν
3015 383 3042 437 6
3094 381 3329 445 Παῦλος.
3369 385 3483 440 Ἵνα
3535 384 3611 456 μή
3671 385 3832 457 ὑπερ-

2118 467 2363 543 αίρωμαι
2447 470 2609 541 ἐδόθη
2700 493 2793 543 μοι
2897 473 3108 546 σκόλοψ
3192 475 3260 545 τῇ
3342 474 3495 547 σαρκὶ
3591 471 3826 547 ἅγγελος

2120 563 2317 616 Σατᾶν.
2373 563 2553 632 Ὁρᾷς,
2606 558 2688 615 ὅτι
2738 561 2826 614 καὶ
2878 563 2928 616 οἱ
2987 560 3333 632 τηλικούτων
3387 562 3655 635 ἁψάμενοι
3728 563 3828 635 μὲ-

2119 665 2259 718 τρων
2309 645 2539 710 ἐπιδεεῖς
2602 648 2734 703 εἶσιν
2780 649 3094 728 ἀσφαλείας.
3139 649 3363 711 ’Ἄλλως
3412 670 3471 705 τε
3517 650 3606 703 καὶ
3655 650 3702 704 εἰ
3747 652 3828 723 μὴ

2121 731 2198 807 δῷ
2256 737 2523 813 πρόφασιν
2582 742 2661 809 τῷ
2722 744 2928 809 Σατανᾷ
2995 740 3022 794 ὁ
3091 737 3394 814 ἄνθρωπος,
3474 739 3536 794 οὐ
3607 740 3827 813 κυριεῦο

2123 845 2256 880 σειεν
2292 825 2351 880 ἃν
2402 828 2567 882 αὐτοῦ
2623 828 2730 902 βίᾳ.
2792 830 2939 903 παρᾶ
2988 833 3174 899 τοῦτο,
3220 827 3341 884 οὔτε
3391 834 3469 901 τῷ
3520 828 3673 903 μέρει
3728 834 3830 884 τοῦ

2121 921 2380 990 Χριστοῦ,
2440 914 2564 972 οὔτε
2614 922 2712 972 τοῦ
2767 918 3135 991 ἀντικειμένου
3191 920 3253 974 τὸ
3310 924 3539 993 πρᾶγμα
3609 920 3830 995 λογίζει

2119 1026 2227 1061 ται·
2262 1005 2408 1062 ἄλλα
2454 1011 2523 1081 τῇ
2586 1010 2682 1082 μὲν
2735 1009 2922 1083 χάριτι
2980 1014 3077 1064 τοῦ
3138 1009 3451 1083 Πνεύματος
3511 1012 3835 1083 προστεθεὶς

2123 1097 2199 1159 εἷς
2225 1096 2405 1165 τέλος,
2436 1105 2535 1167 τῆς
2570 1096 2790 1173 μερίδος
2834 1101 3040 1176 γίνεται
3088 1104 3186 1156 τοῦ
3217 1103 3455 1171 Χριστοῦ
3502 1119 3515 1133 ⁸
3552 1102 3629 1174 μὴ
3684 1100 3833 1155 οὕτω

2125 1184 2181 1241 δὲ
2239 1189 2434 1262 σχὼν⁶
2470 1187 2565 1244 κίν
2626 1198 2902 1264 Πνευματι
2979 1193 3237 1268 γεννηθῇ,
3295 1192 3358 1246 τὸ
3416 1189 3471 1246 δὲ
3538 1190 3674 1257 ἐστι,
3733 1191 3835 1246 κᾶν

2129 1275 2366 1354 μέτοχος
2434 1278 2522 1332 καὶ
2598 1277 2694 1333 τοῦ
2778 1280 2930 1354 ἁγίου
2992 1280 3305 1353 Πνεόματος
3381 1282 3625 1353 γένηται,
3704 1282 3835 1354 παρ’

2127 1366 2316 1421 ἑαυτοῦ
2392 1365 2515 1439 ἔξει,
2586 1368 2645 1422 τὸ
2713 1369 2891 1424 ὀπίσω
2957 1373 3054 1424 τοῦ
3120 1369 3437 1441 θελήματος
3496 1371 3840 1444 παρευθῆναι

2126 1457 2224 1511 τοῦ
2271 1462 2504 1514 Σατανᾶ.
2556 1456 2679 1513 Εἴτε
2734 1460 2837 1532 γὰρ
2891 1458 3050 1520 αὐτὸς
3107 1460 3134 1513 6
3189 1458 3409 1532 Κύριος,
3477 1458 3583 1514 εἴτε
3659 1460 3750 1513 καὶ
3814 1460 3843 1513 ὁ

2131 1552 2370 1608 Σατανᾶς
2433 1548 2567 1621 πρὸς
2631 1548 2749 1622 βίαν
2819 1543 3148 1620 ἐλάμϐανον,
3200 1550 3299 1603 οὐκ
3350 1550 3420 1618 ἦν
3477 1551 3504 1603 6
3554 1546 3845 1623 ἄνθρωπος

2130 1637 2304 1707 ἑαυτῷ
2353 1634 2546 1706 αἶ’τιος,
2609 1634 2732 1691 οὔτε
2795 1637 2870 1700 εἰς
2927 1639 3115 1715 γένναν
3172 1637 3445 1711 ἐμπεσεῖν,
3505 1636 3628 1693 οὔτε
3681 1640 3843 1714 βασι-

2130 1723 2280 1788 λείας
2311 1725 2617 1800 ἐπιτυχεῖν.

2203 1817 2305 1870 ΙΓ’.
2370 1813 2595 1885 Πολλῆς
2657 1820 2737 1889 τῷ
2802 1816 3083 1895 φιλαρὲτῳ
3150 1818 3495 1896 φροντιστέον
3550 1825 3653 1885 τῆς
3726 1816 3841 1873 δια·-

2130 1902 2383 1977 κρίσεως,
2450 1903 2589 1960 ὥστε
2654 1913 2753 1975 τῆς
2803 1911 2902 1961 τοῦ
2959 1906 3134 1962 καλοῦ
3192 1909 3282 1962 καὶ
3338 1912 3505 1962 κακοῦ
3573 1905 3841 1986 διαφορᾶς

2132 1994 2495 2067 ἆπογνώμονα
2553 1995 2713 2065 εἶναι,
2770 1996 2857 2051 καὶ
2911 1998 3006 2059 τὰς
3093 1996 3349 2060 ποικίλας
3423 2003 3518 2053 τοῦ
3594 2004 3840 2072 πονηροῦ

2131 2084 2327 2157 τὲχνας
2387 2081 2456 2137 δι’
2515 2082 2758 2158 εὐλόγων
2833 2091 3139 2159 φαντασιῶν
3201 2086 3455 2149 εἰωθότος
3506 2088 3635 2151 τοὺς
3692 2088 3843 2144 πολ-

2138 2173 2269 2238 λοὺς
2341 2176 2795 2250 παρακρούεσθαι,
2859 2176 3161 2251 βασανίζειν
3216 2179 3306 2233 καὶ
3366 2200 3618 2233 στνιεναι.
3684 2178 3842 2248 Πλὴν

2136 2263 2199 2318 τὸ
2255 2264 2515 2338 ἀσφαλὲς,
2566 2268 2700 2340 πρὸς
2757 2269 2929 2321 πάντα
2986 2268 3286 2330 λυσιτελές·
3346 2270 3422 2341 μὴ
3472 2268 3653 2323 τοίνυν
3717 2270 3847 2325 ἐλα-

2140 2352 2374 2426 φρότητι
2442 2351 2684 2414 διανοίας
2750 2356 2890 2429 ταχὺ
2948 2356 3166 2410 σεαυτὸν
3229 2355 3508 2432 ἐμπαρεχε
3562 2362 3684 2419 ταῖς
3737 2364 3847 2412 τῶν

2140 2449 2343 2519 νοερῶν
2409 2444 2742 2507 ἐπιστασίαις
2810 2445 2885 2507 εἷς
2953 2446 3162 2509 ἀπάτην
3233 2467 3374 2502 σου·
3417 2445 3512 2501 κᾶν
3584 2449 3737 2503 αὐτοὶ
3801 2451 3851 2504 oi

2143 2534 2384 2603 οὐράνιοι
2453 2532 2678 2610 ἄγγελοι
2736 2536 2867 2589 ὦσιν
2904 2558 2913 2566 ·
2952 2536 3096 2591 ἀλλὰ
3160 2536 3285 2610 μένε
3363 2539 3550 2614 βαρὺς,
3630 2539 3851 2613 βασάνῳ

2145 2626 2309 2677 ταῦτα
2370 2620 2551 2684 διδοὺς
2620 2623 3041 2701 ἐπιμελεστατῃ·
3107 2627 3171 2681 τὸ
3232 2628 3326 2699 μὶν
3385 2628 3552 2682 καλὸν
3613 2628 3851 2683 οἶκειοῦ-

2150 2732 2329 2785 μενος,
2362 2713 2423 2766 τὸ
2456 2709 2556 2785 [δὲ]
2588 2714 2829 2787 πονηρὸν
2889 2712 3278 2789 διωθούμενος,
3322 2716 3395 2771 Οὐ
3423 2716 3525 2793 γὰρ
3561 2715 3744 2788 ἄδηλα
3789 2720 3854 2772 τὰ

2146 2804 2246 2865 τῆς
2302 2800 2530 2874 χάρικος
2591 2799 2958 2877 ἐνεργήματα,
3018 2807 3152 2879 ἅπερ
3211 2808 3245 2874 ἡ
3305 2808 3567 2880 ἁμαρτία,
3640 2809 3736 2861 κᾶν
3792 2808 3853 2862 τὸ

2145 2894 2242 2945 τοῦ
2308 2890 2505 2964 ἀγαθοῦ
2571 2893 2864 2966 πρόσωπον
2960 2894 3338 2968 ὑποκρίνηται,
3423 2903 3730 2975 παρασχεῖν
3790 2898 3849 2951 οὖ

2148 2976 2455 3049 δεδύνηται.
2500 2979 2560 3034 Εἰ
2589 2982 2694 3054 γὰρ
2739 2982 2828 3035 καὶ
2877 2984 3011 3038 κατὰ
3063 2985 3154 3039 τὸν
3204 2985 3566 3053 Ἀπόστολον,
3621 2984 3768 3040 οἶδεν
3823 2988 3851 3041 ὁ

2152 3072 2389 3129 Σατανᾶς
2439 3070 2513 3130 εἷς
2582 3069 2812 3147 ἄγγελον
2871 3074 3050 3151 φωτὸς
3113 3076 3706 3149 μετασχηματίζεσθαι,
3754 3076 3855 3149 χοὶ-

338 3171 593 3225 oundum
643 3133 1016 3239 ’Apostolum,
1062 3169 1219 3222 Novi!
1265 3168 1494 3220 Satanas
1542 3168 1941 3236 transﬁgurare
1986 3181 2031 3221 se

2629 3133 2675 3147 ..
2884 3133 2893 3151 .
3040 3133 3046 3135 τ
3113 3133 3123 3145 ι
3287 3133 3378 3149 ι...
3510 3133 3525 3144 ε
3695 3133 3706 3144 ι
3757 3133 3795 3149 κ

2156 3177 2237 3231 ριν
2286 3163 2383 3213 τοῦ
2444 3160 2759 3229 ἀπατῆσαι·
2804 3161 2930 3218 ἀλκ’
2996 3162 3087 3217 οὖν
3156 3163 3251 3217 κᾶν
3318 3164 3532 3237 ὁράσεις
3593 3164 3852 3238 λαμπρᾶς

339 3262 395 3313 in
456 3258 716 3327 angelum
764 3258 903 3313 lucis
933 3255 1001 3323 9°,
1054 3261 1248 3309 tamen
1321 3254 1455 3309 licet
1520 3255 1773 3309 visiones
1840 3255 2044 3309 olferat

340 3346 699 3415 splendidas,
762 3349 973 3399 bonam
1037 3344 1455 3414 operationem,
1508 3355 1566 3396 ut
1641 3343 1862 3397 dictum
1934 3350 2039 3412 est,

340 3434 609 3492 exhibere
643 3451 754 3487 non
799 3432 1048 3503 poterit;
1082 3449 1146 3486 ex
1195 3448 1309 3502 quo
1368 3439 1589 3485 certum
1647 3431 1774 3500 ejus
1806 3431 2045 3488 exsistet

344 3523 651 3577 indicium.
687 3522 813 3578 Non
850 3521 1003 3576 enim
1040 3519 1379 3575 charitalem
1416 3520 1471 3573 in
1510 3519 1687 3574 Deum
1724 3526 1824 3574 aut
1856 3522 2044 3591 proxi-

344 3628 529 3678 mum,
564 3629 678 3666 non
731 3610 1264 3677 mansuetudinem,
1317 3627 1429 3664 non
1482 3609 1895 3675 humilitatem,
1931 3628 2041 3667 non

344 3701 651 3771 gaudium,
686 3717 799 3755 non
839 3716 1063 3771 pacem,
1097 3716 1209 3755 non
1244 3701 1688 3755 refrenationem
1739 3701 2042 3771 cogitatio-

351 3806 518 3856 num,
551 3807 663 3847 uon
698 3791 899 3844 mundi
956 3789 1179 3856 odium,
1211 3806 1324 3845 non
1357 3793 1608 3859 quietem
1653 3790 2043 3860 spiritualem,

344 3896 457 3935 non
491 3880 845 3934 desiderium
877 3879 1200 3934 cmlestium
1234 3879 1639 3948 Operationum
1674 3885 1859 3949 potest
1887 3882 2042 3945 dare,

346 3986 457 4026 non
485 3984 687 4039 pravos
729 3969 970 4024 affectus
1004 3973 1061 4023 et
1107 3969 1430 4038 voluptates
1479 3984 1869 4039 compescere,
1919 3986 2046 4037 qum

345 4057 649 4113 manifesta
681 4066 817 4112 sunt
848 4074 1023 4127 opera
1054 4057 1271 4127 gratiae.
1319 4057 1463 4111 Nam
1501 4075 1514 4112 :
1544 4059 1768 4113 Fructus
1808 4061 2042 4129 (inquit)

342 4148 583 4216 Spiritus
621 4153 767 4213 sunt,
826 4146 1093 4214 Charitas,
1158 4147 1440 4213 gaudium,
1482 4162 1593 4215 pax
1612 4146 1683 4212 θί,
1725 4156 1858 4212 etc.,
1904 4167 2049 4220 quo-

348 4251 475 4291 rum
502 4237 621 4287 vice
647 4236 859 4288 fastum
886 4232 979 4288 ille
1002 4235 1195 4301 potius
1223 4241 1279 4288 et.
1299 4238 1687 4306 arrogantiam
1706 4236 2048 4305 ingenerare

348 4324 532 4378 multo
591 4324 935 4389 aptissimus
996 4324 1363 4393 maximeque
1424 4332 1627 4391 potens
1717 4327 1903 4381 fuerit.
1968 4328 2049 4382 Ex

347 4411 680 4480 operatione
739 4410 919 4480 igitur
976 4410 1287 4479 dignosces
1335 4412 1504 4482 quale
1570 4412 1646 4467 sit
1694 4417 1845 4484 quod
1933 4422 2049 4472 tua;

2150 3243 2577 3322 περιϐάλληται,
2638 3252 2843 3326 ἀγαθὴν
2904 3252 3172 3328 ἐνέργειαν
3236 3254 3370 3329 ᾗπερ
3452 3254 3685 3329 ε’ίρηται,
3746 3277 3852 3309 παο

2155 3344 2372 3410 ρασχεῖν
2436 3339 2498 3393 οὐ
2561 3337 2866 3410 δυνήσεται·
2947 3340 3017 3397 δι’
3084 3344 3145 3397 οὗ
3211 3345 3299 3399 καὶ
3376 3346 3438 3399 τὸ
3520 3348 3849 3419 παράσημον

2151 3422 2368 3501 ἀκριϐὲς
2428 3428 2653 3504 γίνεται.
2723 3431 2794 3485 Οὐ
2861 3433 2965 3506 γὰρ
3042 3434 3260 3509 ἀγάπην
3336 3436 3435 3503 τήν
3492 3434 3570 3497 εἷς
3626 3438 3759 3490 Θεὸν
3817 3436 3852 3504 ἢ

2152 3513 2411 3587 πλησίον,
2472 3518 2538 3572 οὐ
2597 3521 2900 3594 πραότητα,
2963 3522 3025 3576 οὐ
3097 3525 3441 3589 ταπείνωσιν,
3517 3525 3581 3579 οὐ
3664 3524 3856 3599 χαρὰν,

2154 3607 2251 3665 οὐκ
2308 3608 2557 3684 εἰρήνην,
2616 3611 2677 3666 οὐ
2737 3617 2833 3666 τοῦ
2891 3614 3101 3686 κόσμου
3165 3619 3346 3685 μῖσος,
3409 3613 3507 3668 οὐκ
3565 3615 3862 3668 ἀνάπαυσιν

2153 3703 2548 3773 πνευματικὴν,
2609 3701 2709 3755 οὐκ
2764 3702 3052 3774 ἐπιθυμίαν
3120 3706 3230 3756 τῶν
3308 3703 3575 3777 οὐρανίων
3649 3703 3871 3778 ἐνεργη-

2160 3791 2343 3861 μάτων
2398 3787 2618 3845 δύναται
2673 3793 2808 3863 (11),
2870 3788 2932 3844 οὒ
2990 3789 3135 3861 πάθη
3195 3791 3285 3845 καὶ
3341 3789 3540 3860 ἡδονὰς
3596 3798 3873 3847 καταπαῦ-

2157 3899 2263 3947 σαι,
2334 3879 2468 3953 ἅπερ
2537 3883 2779 3956 φανερῶς
2841 3880 2943 3933 εἶσι
3010 3881 3112 3948 τῆς
3177 3882 3408 3955 χάριτος
3474 3881 3866 3955 ἐνεργήματα’

2154 3970 2211 4023 Ὁ
2267 3970 2370 4043 γὰρ
2429 3970 2657 4043 καρπὸς,
2720 3970 2874 4045 φησὶ,
2932 3970 3029 4023 τοῦ
3100 3970 3412 4043 Πνεῦματός
3502 3969 3644 4025 ἐστιν
3728 3972 3870 4048 ἀγά-

2155 4080 2254 4127 πη,
2315 4059 2481 4133 χαρὰ,
2555 4058 2771 4133 είρήνη,
2851 4059 2941 4112 καὶ
3016 4059 3080 4113 τὰ
3139 4060 3279 4130 ἑξῆς·
3346 4079 3492 4134 ταχα
3568 4058 3624 4114 δὲ
3693 4063 3866 4137 τύφον

2160 4147 2373 4223 μᾶλλον
2436 4148 2636 4210 ἐκεῖνος
2714 4147 3013 4222 ἐμποιῆσαι
3066 4150 3151 4204 καὶ
3215 4148 3681 4228 ὑψηλοφροσῦνην
3752 4151 3871 4206 ἐπι-

2158 4238 2509 4309 τηδειότατος
2562 4260 2620 4293 τε
2674 4240 2763 4293 καὶ
2823 4237 3217 4301 δυνατώτατος.
3269 4242 3361 4295 Ἐκ
3391 4246 3521 4317 γοῦν
3570 4248 3673 4310 τῆς
3724 4241 3873 4316 ἐνερο

2154 4329 2299 4403 γείας
2331 4329 2445 4402 εἶ’σῃ
2478 4330 2540 4383 τὸ
2570 4328 2879 4408 ἐλλαμφθὶν
2929 4329 2979 4384 ἐν
3031 4329 3099 4404 τῇ
3136 4334 3290 4409 ψυχῇ
3341 4335 3435 4384 σοῦ
3484 4333 3669 4405 νοερὸν
3722 4338 3871 4411 φῶς,

2157 4419 2382 4493 ποτὲρον
2443 4424 2538 4474 τοῦ
2585 4425 2741 4488 Θεοῦ,
2788 4420 2823 4490 ἢ
2868 4426 2963 4476 τοῦ
3023 4425 3231 4476 Σατανᾶ
3286 4421 3516 4495 πέφυκεν
3574 4423 3631 4476 ’ὸν
3670 4439 3683 4452 ·
3718 4422 3872 4493 πλὴν

348 4502 490 4556 forte
521 4500 727 4553 animas
760 4498 1012 4553 illuxerit
1062 4499 1447 4557 intellectuale
1505 4502 1725 4573 lumen,
1777 4511 1971 4562 utrum
2014 4526 2031 4563 ε

2156 4506 2300 4562 ἀλλὰ
2328 4509 2416 4563 καὶ
2465 4508 2602 4583 αὒτῇ
2646 4516 2714 4584 τῇ
2773 4515 2950 4586 ψυχῇ,
2990 4510 3139 4583 ε’ίπερ
3190 4508 3420 4586 ἔρίἔωται
3469 4512 3536 4568 τὰ
3592 4520 3694 4583 τῆς
3748 4510 3871 4568 δια-

346 4595 485 4658 Deo,
508 4606 579 4644 an
617 4604 649 4642 a
677 4592 891 4644 Satuna
922 4590 999 4642 sit
1028 4592 1244 4643 ortum.
1280 4591 1429 4655 Quin
1489 4596 1545 4645 et
1575 4592 1687 4662 ipsi
1739 4596 1962 4662 animas,
1998 4597 2046 4652 si

347 4686 583 4751 gustum
637 4679 707 4733 ad
765 4680 1173 4735 discretionem
1235 4697 1349 4735 non
1403 4682 1682 4737 obtusum
1732 4684 1939 4755 habet;
1975 4689 2046 4743 ab

347 4769 474 4839 ipso
497 4776 695 4824 statim
732 4770 978 4839 primum
1014 4770 1265 4841 appulsu
1305 4788 1614 4844 sensuque,
1648 4777 1953 4831 manifesta
1988 4794 2049 4833 se

348 4860 550 4927 prodet
579 4859 921 4915 differentia.
975 4859 1045 4916 Ut
1074 4862 1230 4915 enim
1282 4873 1507 4917 acetum
1541 4871 1595 4918 et
1651 4865 1847 4920 vinum
1891 4868 2045 4937 quod

346 4953 646 5017 aspectum
709 4965 888 5005 unum
947 4949 1219 5022 idemque
1305 4952 1557 5020 sunt;si
1635 4970 1767 5009 vero
1846 4955 2049 5027 lingua

347 5036 737 5108 explorentur.
769 5038 1021 5108 palatum
1058 5043 1325 5112 protinus
1382 5042 1452 5095 de
1511 5048 1754 5114 utroque
1787 5062 2050 5114 pronun—

344 5127 453 5182 tiat
483 5128 619 5198 quid
656 5143 785 5183 vere
814 5127 929 5196 sit;
965 5130 1045 5186 ita
1073 5142 1129 5187 et
1183 5132 1377 5187 anima
1438 5148 1505 5186 ex
1536 5133 1663 5204 ipso
1721 5135 2047 5205 spiritualis

345 5217 713 5288 experientia
744 5234 917 5273 sensu
949 5236 1015 5276 ac
1059 5224 1293 5294 propria
1332 5224 1577 5291 quadam
1626 5224 1900 5280 facultate
1948 5244 2048 5298 po-

350 5311 462 5361 test
491 5308 830 5377 dijudicare,
864 5326 989 5379 qua:
1023 5311 1160 5366 boni
1212 5311 1456 5382 Spiritus
1513 5312 1889 5383 charismata,
1922 5334 2048 5388 quas

350 5393 521 5451 alieni
554 5398 671 5455 sint
706 5398 1139 5468 phantasmata.

424 5540 472 5575 '9
504 5543 551 5597 II
585 5542 710 5599 Cor.
748 5561 848 5611 xu,
880 5548 933 5601 7.
1014 5546 1059 5582 ⁹⁰
1090 5546 1139 5603 ΙΙ
1165 5548 1293 5616 Cor,
1327 5564 1403 5617 ιι,
1432 5548 1517 5603 14.
1596 5550 1634 5584 ⁹¹
1668 5549 1792 5607 Gal.
1823 5570 1877 5620 v,
1903 5556 1993 5610 22.

2157 4598 2407 4670 κρίσεως,
2456 4600 2611 4661 εὐθὺς
2663 4599 2767 4654 ἀπὸ
2822 4606 2924 4669 τῆς
2981 4606 3170 4675 νοερᾶς
3220 4600 3545 4671 αἶσθήσεως,
3598 4599 3748 4672 δῆλα
3807 4604 3873 4657 τὰ

2157 4693 2256 4755 τῆς
2314 4684 2575 4766 διαφορᾶς
2631 4690 2856 4762 γίνεται.
2917 4693 3123 4763 ’Ὠσπερ
3176 4692 3281 4768 γὰρ
3337 4688 3458 4762 ὅξος
3516 4689 3668 4762 οἴνῳ,
3730 4692 3873 4747 κατᾶ

2162 4777 2256 4847 μὲν
2297 4779 2396 4852 τήν
2448 4778 2635 4851 ὅρασιν
2681 4778 2759 4845 ἓν,
2823 4778 2883 4835 ἔκ
2930 4777 2986 4835 δὲ
3033 4787 3134 4849 τῆς
3190 4781 3323 4835 κατᾶ
3380 4782 3481 4848 τήν
3536 4784 3721 4854 γεῦσιν
3783 4781 3873 4835 αἷ-

2159 4869 2399 4935 σθήσεως
2451 4869 2478 4921 ὁ
2533 4867 2733 4943 λάρυγξ
2792 4870 3041 4946 ἒκατὲρευ
3100 4870 3269 4944 κρίνει
3346 4870 3407 4924 τὸ
3492 4867 3661 4924 ’ίδιοψ
3720 4871 3868 4925 οὕτω

2160 4952 2224 5025 δὴ
2286 4956 2374 5010 καὶ
2437 4959 2589 5031 ψυχὴ
2650 4957 2700 5032 ἐξ
2761 4959 2927 5028 αὐτῆς
2992 4980 3053 5036 γε
3115 4966 3217 5028 τῆς
3283 4964 3473 5031 νοερᾶς
3534 4959 3864 5029 αἰσθήσεως,

2156 5044 2247 5097 καὶ
2304 5052 2403 5112 τῆς
2461 5044 2722 5121 ἐνεργείας
2780 5044 2977 5115 δυνατή
3037 5046 3236 5121 κρίνειν
3296 5048 3363 5101 τα
3412 5066 3470 5101 τε
3544 5050 3642 5101 τοῦ
3698 5047 3868 5101 Ηνεύ-

2163 5155 2333 5208 ματος
2402 5137 2740 5213 χαρίσματα,
2816 5137 2905 5192 καὶ
2970 5138 3037 5192 τὰ
3113 5142 3209 5193 τοῦ
3292 5137 3591 5213 ἀλλοτρίου
3670 5138 3869 5215 φαντά-

2160 5247 2356 5298 σματα.
