4116 6210
232 305 354 364 877

1210 309 1445 371 LIBER
1489 313 1592 374 DE
1634 313 2052 377 ΡΛΤΙΕΝἸῚΑ
2098 318 2192 378 ΕΤ
2235 318 2774 379 DISCRETIONE.

3639 328 3758 388 878

305 436 412 491 ΙΔ’.
450 435 567 509 Χρή
628 437 843 490 σκοπεῖν
901 435 990 490 καὶ
1044 430 1376 510 προϐλὲπειν
1434 438 1626 514 ἄριστα
1682 445 1780 512 τήν
1836 447 1980 517 ψυν

2125 447 2279 503 XIV.
2314 449 2620 504 Attendere
2659 465 2725 504 ac
2774 449 3104 522 prospicere
3152 450 3594 524 diligentissime
3640 458 3758 514 ani-

238 525 376 599 χήν,
436 527 651 596 μήποτε
706 523 772 594 δὴ
834 522 928 579 κᾶν
997 527 1076 598 τῷ
1137 527 1469 603 βραχυτάτῳ
1539 531 1642 586 ὑπό
1698 540 1799 602 τῆς
1855 539 1952 590 τοῦ

236 613 614 686 ἀντικειμένου
673 614 792 685 ἁλῷ
848 612 1152 687 δυνάμεως.
1213 619 1417 693 Ὥσπερ
1497 621 1600 696 γὰρ
1660 622 1773 684 ἑνὸς
1848 625 1952 696 μὲ-

237 723 367 774 ρους
428 703 572 772 ζώου
624 700 808 777 παγίδι
869 701 1197 781 ληφθέντος,
1257 705 1388 761 ὅλον
1446 709 1649 783 ἀνάγκη
1707 715 1949 785 κάμπτε-

236 794 378 858 σθαι,
445 793 536 846 καὶ
599 792 703 848 ὑπὸ
780 798 900 856 ταῖς
956 799 1065 849 τῶν
1140 796 1478 870 θηρευόντων
1555 801 1743 877 χερσὶν
1820 802 1952 876 γίνεο

235 886 409 938 σθαι·
456 883 600 940 οὕτω
653 882 720 953 δὴ
771 887 863 940 καὶ
913 889 1067 961 ψυχῇ
1108 889 1173 941 τὰ
1223 887 1392 960 ὅμοια
1442 886 1758 962 συμϐαίνειν
1806 893 1952 966 παρὰ

236 979 348 1028 τῶν
406 972 621 1050 ἐχθρῶν
681 974 859 1032 εἴωθε.
922 977 1023 1031 Καὶ
1087 983 1248 1033 τοῦτο
1308 977 1478 1048 δῆλον
1547 982 1861 1052 καθίστησιν
1921 985 1948 1038 ὁ

243 1066 535 1141 προφήτης
567 1083 580 1096 °
635 1063 842 1140 Παγίδα
890 1067 1017 1143 γὰρ,
1062 1069 1248 1145 φησὶν,
1299 1070 1600 1142 ἡτοίμασαν
1659 1077 1776 1134 τοῖς
1823 1073 1951 1128 ποσί

247 1175 376 1226 μου,
403 1153 493 1207 καὶ
526 1155 876 1226 κατέκαμψαν
907 1157 1005 1224 τὴν
1036 1159 1222 1230 ψυχὴν
1254 1179 1375 1229 μου.

316 1244 419 1300 1Ε’.
472 1249 563 1297 Δεῖ
607 1244 700 1298 τὸν
764 1243 1098 1319 βουλόμενον
1151 1245 1239 1301 διὰ
1293 1254 1393 1318 τῆς
1450 1255 1640 1318 στενῆς
1718 1250 1799 1312 εἷς
1848 1253 1947 1321 τὴν

239 1330 414 1387 οῗκίαν
463 1335 562 1386 τοῦ
632 1333 864 1408 ἰσχυροῦ
921 1332 1204 1406 εἷσελθεῖν,
1274 1338 1365 1390 καὶ
1421 1336 1489 1393 τὰ
1550 1338 1712 1409 σκεύη
1787 1339 1950 1396 αὐτοῦ

241 1418 560 1495 διαρπάσαι,
645 1423 720 1495 μὴ
811 1421 1053 1478 εὖδοκεῖν
1123 1425 1382 1498 εὐπαθείᾳ
1453 1425 1752 1499 σώματος·
1824 1429 1952 1487 ἀλλ’

237 1507 664 1583 ἐνδυναμοῦσθαι
765 1517 844 1584 τῷ
919 1513 1107 1588 ἄγαθῷ
1213 1517 1504 1589 Πνεύματι,
1583 1515 1787 1592 ἔχοντα
1864 1519 1952 1576 διὰ

245 1602 477 1674 μνήμης
550 1602 645 1656 τὸν
721 1601 965 1671 εἰπόντα,
1043 1604 1127 1661 ὅτι
1208 1607 1348 1681 Σᾶρξ
1422 1607 1513 1661 καὶ
1589 1607 1724 1680 αἷμα
1803 1611 1950 1684 βασι-

243 1691 394 1748 λείαν
474 1698 610 1749 Θεοῦ
685 1692 747 1748 οίι
823 1694 1331 1770 κληρονομήσουσι.
1410 1704 1534 1762 Πῶς
1614 1699 1671 1756 δὲ
1730 1700 1811 1757 δεῖ
1868 1703 1951 1758 ἐν·

245 1781 631 1856 δυναμωθῆναι
706 1786 1034 1858 πνεύματις
1117 1793 1197 1862 τῷ

239 1873 343 1941 τήν
403 1873 592 1949 σοφίαν
651 1878 750 1928 τοῦ
807 1880 941 1932 Θεοῦ
1013 1877 1223 1951 μωρίαν
1288 1885 1406 1943 τοῖς
1464 1881 1776 1956 ἀνθρώποις
1853 1883 1947 1938 λο-

239 1963 514 2038 γίζεσθαι,
569 1964 894 2036 προσεκτέον
932 1984 944 1998 ⁸
1004 1968 1094 2021 καὶ
1152 1968 1180 2021 ὁ
1264 1973 1539 2044 προφήτες
1592 1968 1694 2026 δέ·
1764 1970 1947 2041 Εἶδον,

246 2052 403 2129 φησὶ,
463 2053 557 2108 τὸν
615 2053 740 2108 Υἱὸν
797 2058 898 2110 τοῦ
955 2055 1265 2131 ἀνθρώπου,
1317 2059 1406 2114 καὶ
1463 2061 1528 2115 τὸ
1587 2059 1728 2123 εἶδος
1785 2063 1949 2117 αὐτοῦ

245 2140 460 2213 ἄτιμον,
539 2141 795 2198 ἐκλεῖπον
897 2147 1044 2213 παρὰ
1115 2147 1317 2210 πάντας
1389 2148 1521 2213 τοὺς
1597 2151 1748 2213 υἱοὺς
1837 2155 1945 2207 τῶν

237 2229 565 2304 ἀνθρώπων.
618 2234 717 2293 Δεῖ
761 2238 1048 2308 τοιγαροῦν
1097 2237 1189 2290 τὸν
1242 2237 1583 2310 βουλόμενον
1642 2241 1756 2295 υἱὸν
1814 2245 1947 2296 Θεοῦ

239 2322 488 2396 γενεσθαι
557 2323 694 2376 κατὰ
766 2323 829 2377 τὸ
906 2323 1100 2396 ὅμοιον
1186 2330 1587 2393 ταπεινωθῆναι
1660 2331 1945 2405 πρότερον,

237 2409 330 2465 καὶ
384 2411 568 2486 μωρὸν
613 2413 704 2466 καὶ
747 2410 942 2487 ἄτιμον
996 2413 1363 2490 λογισθῆναι·
1409 2420 1483 2490 μή
1536 2419 1944 2496 ἀποστρέφοντα

234 2499 300 2554 τὸ
343 2501 636 2574 πρόσωπον
686 2501 794 2557 ἀπὸ
834 2502 1258 2577 ἐμπτυσμάτων,
1314 2507 1389 2576 μή
1442 2505 1620 2577 δόξαν,
1677 2511 1750 2580 μή
1802 2507 1943 2563 κάλ-

233 2586 336 2650 λος
381 2594 483 2644 τοῦ
522 2590 720 2654 αἶῶνος
766 2591 984 2662 τούτου,
1029 2591 1169 2666 μηδὲ
1214 2599 1462 2650 τοιοῦτον
1513 2595 1941 2672 μεταδιώκοντα,

235 2681 316 2752 μή
377 2676 575 2754 ἔχοντα
625 2687 732 2737 ποῦ
781 2685 883 2751 τήν
934 2684 1179 2764 κεφαλὴν
1240 2684 1540 2759 ἀνακλῖναι,
1607 2686 1941 2763 ὀνειδιζόμε-

235 2791 331 2823 νον
389 2771 478 2824 καὶ
532 2769 1001 2844 ἐξουθενοόμενον,
1069 2776 1155 2828 καὶ
1243 2775 1458 2831 πάντων
1528 2779 1823 2853 παρόραμα
1884 2802 1943 2836 τε

240 2858 329 2912 καὶ
403 2858 768 2932 καταπᾶτημα
844 2860 1226 2936 λογιζομενον,
1305 2864 1723 2938 πολεμούμενον
1805 2868 1940 2945 ἀφα-

239 2954 344 3012 νῶς
395 2970 453 3004 τε
495 2951 583 3005 καέ
625 2957 889 3029 φανερῶς,
939 2954 1029 3007 καὶ
1075 2959 1144 3028 τῇ
1195 2951 1406 3025 διανοίᾳ
1452 2955 1893 3032 ἀντιμαχόμενον
1926 2979 1940 2993 ο

239 3039 330 3093 καὶ
387 3041 512 3095 τότε
570 3042 735 3104 αὐτὸς
790 3044 818 3097 ὁ
855 3048 952 3098 τοῦ
1001 3049 1134 3099 Θεοῦ
1192 3046 1341 3116 Υἱὸς,
1389 3046 1552 3109 αὐτός
1608 3069 1668 3123 γε
1726 3049 1891 3103 εἰπών
1925 3067 1938 3081 ·

1289 1791 1619 1865 Ἀποστὸλῳ
1710 1792 1948 1868 λέγοντι,
1987 1819 2027 1881 Β

2059 552 2212 590 mam
2264 542 2510 606 Oportet,
2563 553 2634 593 ne
2680 541 2910 609 quando
2945 539 3031 594 vel
3082 541 3329 599 minima
3376 545 3468 599 sui
3503 550 3657 613 parte
3687 547 3758 602 ab

2054 625 2382 680 adversaria
2414 629 2693 694 potestate
2742 629 3024 698 capiatur.
3061 629 3226 685 Sicut
3254 631 3409 687 enim
3443 633 3756 704 illaqueato

2055 714 2316 785 quolibet
2364 715 2634 770 animalis
2685 719 2965 786 membro,
3021 724 3206 775 totum
3257 721 3471 778 inﬂecti
3524 739 3758 779 necesse

2056 812 2162 870 est,
2195 811 2251 859 et
2301 804 2356 858 in
2405 808 2743 859 venantium
2799 823 3007 862 manus
3065 810 3261 878 cadit;
3311 813 3394 866 sic
3442 816 3497 867 et
3547 812 3758 867 animm

2056 895 2270 951 similia
2311 895 2384 949 ab
2432 895 2691 949 hostibus
2741 898 3073 967 contingere
3121 901 3329 957 solent.
3375 903 3442 956 Et
3487 903 3592 958 hoc
3631 919 3754 958 ma-

2057 986 2261 1040 nifeste
2327 987 2638 1039 denuntiat
2706 988 3018 1056 propheta:
3091 990 3385 1061 Laqueum,
3457 993 3758 1064 inquiens,

2056 1075 2209 1129 184
2278 1080 2616 1145 paraverunt
2683 1075 2906 1146 pedibus
2974 1077 3131 1140 meis,
3199 1084 3252 1134 et
3326 1084 3760 1138 incarnaverunl

2054 1168 2297 1219 animam
2326 1181 2504 1220 meum
2533 1164 2600 1220 9⁸.

2125 1253 2245 1308 XV.
2283 1254 2521 1324 Oportet
2561 1253 2846 1309 volentem
2906 1272 3006 1326 per
3053 1263 3368 1327 angustum
3415 1260 3637 1315 aditum
3700 1262 3761 1318 in

2055 1345 2294 1398 domum
2348 1345 2510 1398 fortis
2558 1344 2783 1416 ingredi
2840 1349 2896 1399 et
2946 1363 3083 1401 vasa
3131 1349 3256 1418 ejus
3311 1349 3580 1419 diripere,
3643 1366 3757 1404 non

2054 1429 2355 1502 indulgere
2403 1431 2628 1486 deliciis
2690 1435 2971 1503 corporis,
3033 1435 3130 1489 sed
3192 1437 3548 1491 corroborari
3611 1439 3759 1492 bono

2056 1520 2284 1590 spiritu,
2340 1537 2648 1575 memorem
2699 1524 2849 1588 ejus,
2902 1523 2998 1592 qui
3033 1524 3208 1578 dixit:
3260 1525 3398 1580 Caro
3449 1531 3503 1580 et
3531 1527 3760 1592 sanguis

2055 1625 2286 1678 regnum
2337 1609 2433 1664 Dei
2478 1626 2587 1664 non
2637 1611 2987 1677 possidebunt
3042 1613 3107 1668 ³³.
3159 1614 3282 1677 Quo
3332 1617 3525 1668 autem
3588 1617 3758 1670 modo

2058 1699 2222 1753 illum
2257 1705 2482 1771 oportet
2531 1699 2889 1754 corroborari
2938 1702 3142 1770 spiritu
3166 1699 3194 1754 ?
3225 1701 3282 1756 Si
3315 1703 3573 1757 attendat
3601 1706 3760 1773 Apo-

2057 1791 2201 1845 stolo
2233 1789 2443 1843 dicenti
2473 1806 2485 1844 :
2520 1788 2616 1843 Dei
2650 1790 2995 1858 sapientiam
3029 1793 3285 1861 reputari
3308 1791 3380 1845 ab
3419 1792 3758 1848 hominibus

2057 1879 2370 1934 stultitiam
2430 1878 2497 1931 “.
2558 1876 2659 1931 Cui
2716 1880 2993 1948 propheta
3059 1880 3392 1946 concinens,
3452 1879 3571 1934 ait:
3636 1881 3758 1937 Vidi

2057 1967 2264 2023 Filium
2294 1968 2532 2022 hominis
2562 1978 2614 2022 et
2643 1969 2844 2033 species
2875 1968 2991 2038 ejus
3023 1968 3354 2025 inhonorata
3385 1971 3539 2039 infra
3569 1985 3753 2025 omnes

2055 2058 2200 2128 ﬁlios
2256 2056 2546 2112 hominum
2603 2055 2668 2110 ⁸⁵.
2729 2057 2968 2128 Oportet
3025 2058 3202 2128 igitur
3259 2074 3414 2126 eum,
3473 2058 3574 2128 qui
3631 2057 3758 2114 vult

2057 2149 2212 2203 illius
2245 2148 2342 2203 Dei
2379 2149 2522 2216 ﬁeri,
2559 2147 2721 2219 prius
2762 2147 3032 2202 similiter
3071 2148 3392 2216 humiliari,
3418 2154 3475 2203 et
3505 2148 3756 2204 stultum

2057 2240 2486 2311 ignobilemque
2536 2239 2825 2312 reputari;
2885 2255 2998 2294 non
3052 2247 3405 2296 avertentem
3466 2240 3671 2295 faciem
3721 2258 3755 2296 α

2055 2325 2270 2399 sputis,
2300 2347 2402 2386 nec
2434 2330 2675 2401 gloriam
2711 2345 2813 2384 nec
2858 2331 3124 2384 decorem
3180 2330 3380 2384 mundi
3417 2330 3619 2400 hujus,
3654 2334 3757 2384 aut.

2055 2420 2271 2489 aliquid
2322 2420 2512 2474 simile
2574 2424 3063 2490 prosequentem;
3115 2435 3230 2472 non
3294 2420 3600 2473 habentem
3655 2418 3752 2472 ubi

2053 2512 2228 2578 caput
2275 2508 2552 2573 reclinet;
2603 2508 2933 2577 opprobriis
2991 2509 3291 2576 obrutum,
3353 2507 3521 2561 nihili
3582 2507 3751 2560 babi-

2053 2603 2202 2664 tum,
2263 2613 2362 2666 pro
2420 2596 2752 2665 despicabili
2820 2602 2877 2650 et
2941 2595 3116 2665 digno
3183 2595 3282 2666 qui
3340 2596 3410 2650 ab
3475 2597 3748 2650 omnibus

2050 2686 2446 2749 conculcetur,
2512 2692 2885 2757 reputatum;
2944 2691 3344 2754 oppugnatum
3404 2684 3628 2739 occulte
3687 2699 3753 2738 ac

2053 2776 2269 2848 palam,
2301 2783 2357 2830 et
2398 2786 2590 2830 mente
2637 2775 3018 2829 reluctantem
3049 2791 3062 2841 ;
3104 2783 3156 2828 et
3205 2780 3343 2828 tunc
3371 2774 3493 2844 ipse
3526 2775 3624 2828 Dei
3661 2773 3756 2828 Fi-

2049 2866 2206 2929 lius;
2241 2869 2387 2936 ipse,
2437 2867 2695 2934 inquam,
2743 2866 2840 2934 qui
2894 2865 3072 2918 dixit:
3128 2863 3445 2918 Inhubitabo
3480 2869 3528 2917 et
3560 2865 3755 2918 ambu-

2053 2955 2175 3008 laba
2208 2957 2262 3008 in
2295 2956 2444 3009 vobis
2473 2952 2539 3024 ’°_,
2576 2956 2946 3007 manifestum
2993 2969 3055 3006 se
3089 2953 3363 3022 praebebit
3393 2955 3520 3022 ejus
3571 2952 3756 3018 cordi,

2050 3052 2102 3100 et
2151 3045 2278 3113 ipse
2326 3043 2570 3112 accipiet
2619 3045 2890 3096 virtutem
2937 3047 2994 3096 et
3041 3042 3216 3095 robur
3265 3042 3336 3094 ad
3378 3042 3750 3096 vinciendum

239 3129 544 3227 :Evom‘lﬁatu
606 3131 708 3227 ,καὶ
798 3129 1226 3227 ἐμπεριπατήσω
1311 3135 1364 3189 ἐν
1442 3137 1591 3209 ὑμῖν,
1678 3136 1980 3221 ἐμφανὴςη

2062 3135 2257 3188 fortem
2309 3137 2367 3187 et
2421 3148 2556 3186 vasa
2605 3132 2732 3202 ejus
2781 3129 3142 3202 diripienda;
3177 3130 3316 3198 quin
3357 3134 3413 3184 et
3441 3130 3512 3184 ad
3547 3129 3752 3183 ambu-

239 3216 507 3289 ἔσταιτῇ
563 3219 728 3275 αὐτοῦ
803 3218 1020 3294 καρδίᾳ,
1079 3223 1166 3277 καὶ
1246 3223 1479 3297 λήψεται
1550 3223 1778 3296 δύναμιν
1851 3229 1938 3282 καὶ

237 3305 419 3382 ἰσχὺν,
477 3305 616 3363 ὥστε
673 3306 947 3383 δεσμῶσαι
1009 3312 1102 3366 τὸν
1178 3313 1428 3388 ἰσχυρὸν,
1487 3315 1578 3370 καὶ
1651 3316 1717 3370 τὰ
1773 3319 1938 3387 σκεάη

235 3394 400 3450 αὐτοῦ
449 3393 738 3471 διαρπάσαι
776 3416 790 3432 °
842 3397 929 3454 ἐπὶ
979 3398 1178 3456 ἀσπίδα
1225 3422 1285 3456 τε
1331 3403 1421 3458 καὶ
1466 3402 1802 3479 βασιλίσκον,
1850 3405 1940 3461 καὶ

234 3484 419 3540 ἐπάνω
449 3487 722 3561 σκορπίων
751 3488 841 3543 καὶ
870 3484 1044 3566 ὄφεων
1075 3486 1354 3557 ἐπιϐῆναι.

303 3575 441 3662 Ις“’.ν
490 3575 563 3629 0'5
625 3577 816 3650 μικρὸς
874 3581 1009 3650 ἡμῖν
1067 3579 1210 3653 ἀγὼν
1279 3583 1586 3655 πρόκειται,
1656 3581 1938 3662 διαρῥῆξαι

231 3664 318 3718 τὸν
373 3661 621 3722 θένατον.
685 3667 830 3738 Φησὶ
889 3668 1014 3742 γὰρ,
1083 3672 1146 3724 Ἦ
1208 3670 1460 3743 βασιλεία
1513 3677 1610 3728 τοῦ
1669 3661 1801 3729 Θεοῦ
1858 3675 1942 3730 ἒν-

231 3753 321 3814 τὸς
401 3753 558 3825 ὑμῶν
635 3754 797 3813 ἐστιν.
857 3756 1177 3831 Εὑρίσκεται
1253 3757 1310 3814 δὶ
1382 3762 1584 3832 τρόπον
1660 3764 1778 3818 τινὰ
1848 3766 1938 3820 καὶ

235 3842 396 3903 αὐτὸς
449 3839 523 3896 ὢν
567 3843 712 3906 ἐντὸς
763 3846 790 3899 ὁ
839 3843 1102 3917 πολεμῶν
1149 3852 1298 3920 ἡμᾶς
1351 3850 1442 3903 καὶ
1480 3849 1936 3929 αἰχμαλωτίζων.

237 3933 326 3999 Μή
383 3931 476 3986 οὖν
525 3931 784 3988 ἐνδιδότω
837 3933 1112 4009 μηδαμῶς
1159 3939 1193 4005 ἡ
1245 3939 1422 4012 ψυχὴ,
1478 3936 1582 4001 ἕως
1640 3939 1697 3993 ἂν
1753 3943 1940 4012 νεκρὸν

234 4020 352 4090 θείη
405 4022 498 4076 τὸν
541 4021 742 4092 ταύτην
795 4023 1285 4099 αἰχμαλωτίζοντα
1318 4047 1328 4058 ·
1394 4027 1484 4081 καὶ
1540 4027 1662 4083 τότε
1721 4026 1942 4110 διαφεύ-

230 4112 378 4182 ξεται
441 4109 605 4180 ὀδύνη
665 4116 809 4167 πᾶσα
875 4113 965 4168 καὶ
1018 4113 1164 4185 λύπη
1224 4116 1313 4169 καί
1363 4119 1680 4192 στεναγμὸς,
1741 4116 1831 4173 διὰ
1879 4122 1943 4175 τὸ

234 4201 468 4277 ῥαγῆναι
529 4199 674 4277 ὕδωρ
721 4201 775 4258 ἐν
831 4203 903 4279 γῇ
955 4201 1193 4279 διψώσῃ,
1224 4207 1316 4261 καὶ
1373 4208 1617 4282 γενέσθαι
1665 4209 1765 4278 τὴν
1813 4205 1940 4284 ἔρη-

236 4313 337 4364 μον
371 4291 450 4354 εἷς
481 4291 694 4360 πλῆθος
735 4291 962 4352 ὑδάτων.

307 4383 404 4439 ΙΖ’.
464 4384 631 4456 Ψυχή
708 4381 993 4456 ἁλώσιμος
1071 4383 1273 4456 ἀκηδίᾳ
1350 4384 1522 4456 δῆλός
1592 4385 1702 4443 ἐστι
1777 4391 1942 4445 κατά-

233 4491 440 4548 σχετος
493 4469 625 4525 οὖσα
677 4472 768 4526 καὶ
817 4472 1041 4527 ἀπιστία
1073 4494 1087 4508 ο
1137 4475 1227 4529 καὶ
1279 4472 1366 4529 διὰ
1409 4480 1570 4532 τοῦτο
1625 4479 1835 4555 ἡμέραν
1893 4478 1943 4552 ἐξ

2051 3224 2292 3279 landum
2325 3238 2504 3292 super
2535 3223 2791 3291 aspidem
2843 3225 2900 3274 et
2948 3219 3281 3274 basiliscum
3333 3217 3402 3285 ⁸⁷,
3435 3223 3492 3273 et
3522 3218 3591 3272 ad
3625 3217 3752 3274 cal-

2051 3313 2305 3369 candum
2339 3328 2512 3383 supra
2541 3309 2875 3383 scorpiones
2905 3315 2963 3366 et
2983 3313 3282 3382 serpentes
3306 3309 3373 3364 “.

2118 3587 2264 3643 XVI.
2315 3587 2442 3642 Non
2501 3601 2743 3657 parvum
2801 3583 2971 3639 nobis
3027 3586 3319 3639 certamen
3381 3582 3744 3655 propositum

2050 3687 2157 3748 est,
2192 3679 2332 3732 dum
2369 3674 2774 3745 perfringenda
2806 3679 2894 3728 est
2927 3689 3102 3728 mors.
3153 3673 3248 3728 Ait
3277 3673 3470 3727 enim:
3508 3673 3747 3742 Regnum

2053 3769 2148 3822 Dri
2172 3770 2321 3822 intra
2351 3783 2440 3822 vos
2478 3771 2555 3820 est
2583 3766 2664 3830 ‘°;
2701 3765 2777 3817 ita
2826 3762 3110 3834 reperitur
3158 3779 3390 3833 quoque
3441 3764 3591 3816 intra
3641 3777 3748 3815 nos

2053 3859 2223 3911 modo
2255 3856 2526 3925 quodam,
2561 3853 2658 3923 qui
2691 3868 2791 3906 nos
2835 3853 3135 3920 impugnat
3189 3856 3244 3903 et
3273 3851 3531 3916 captivos
3563 3850 3746 3903 ducit.

2121 3948 2201 3998 Ne
2233 3945 2409 4013 igitur
2440 3942 2690 3996 remittat
2721 3945 2986 3993 conatum
3019 3936 3236 4002 anima,
3268 3936 3460 4006 quoad
3496 3935 3755 3990 occisum

2053 4038 2186 4088 ante
2218 4047 2279 4086 se
2318 4031 2584 4086 straverit
2631 4028 3012 4098 captivantem
3066 4042 3145 4081 se.
3205 4029 3272 4078 Et
3318 4029 3457 4078 tunc
3498 4023 3760 4093 auiugiet

2051 4123 2213 4178 dolor
2243 4120 2437 4176 omnis
2486 4123 2542 4174 et
2573 4133 2783 4173 mmror
2811 4120 2867 4172 et
2916 4114 3192 4187 gemitus,
3244 4131 3309 4169 eo
3363 4113 3516 4185 quod
3553 4127 3762 4182 erupe-

2054 4215 2125 4268 rit
2156 4227 2308 4283 aqua
2340 4211 2396 4266 in
2447 4213 2604 4264 terra
2655 4206 2897 4271 sitienti,
2953 4212 3008 4260 et
3056 4206 3349 4259 desertum
3383 4203 3605 4273 stagnis
3632 4202 3756 4272 jam

2052 4317 2333 4374 aquarum
2366 4298 2688 4353 inundetur
2719 4299 2761 4352 ί.

2116 4389 2286 4446 XVII.
2319 4389 2453 4453 Quae
2487 4386 2652 4441 facile
2681 4385 2907 4440 incuria
2937 4383 3166 4453 capitur
3200 4381 3416 4446 anima,
3452 4379 3760 4436 manifeste

2058 4485 2368 4543 monstrat,
2427 4475 2833 4532 incredulitate
2883 4491 2944 4530 se
2997 4474 3177 4528 fuisse
3226 4477 3493 4543 captam:
3537 4486 3602 4524 ac
3637 4485 3763 4540 pro-

270 4531 308 4548 "
429 4531 434 4532 ⁷
1649 4531 1680 4550 τι
1720 4531 1825 4555 ίιυν
1897 4531 1943 4552 νο

233 4561 444 4633 ἡμέρας
501 4556 879 4635 ὖπερὸιϐάζει,
938 4562 1032 4617 τὸν
1081 4562 1245 4638 λόγον
1301 4565 1365 4619 οὐ
1425 4564 1703 4644 δεχομένη
1741 4586 1754 4601 °
1817 4568 1948 4622 ἁνα-

2062 4576 2253 4641 pterea
2298 4569 2449 4622 diem
2501 4581 2566 4621 ex
2618 4566 2710 4621 dte
2758 4565 2964 4637 ignave
3010 4564 3290 4617 morando
3341 4561 3598 4626 traxisse,
3633 4575 3762 4613 ver-

235 4655 432 4723 πτεροῖ
492 4646 549 4704 δὲ
607 4651 804 4720 ἒαυτήν
865 4651 955 4705 καὶ
1015 4653 1248 4728 ὀνείροις
1305 4653 1599 4722 πολλάκις,
1652 4657 1745 4712 τὸν
1805 4658 1952 4721 ἐντὸς

243 4742 318 4811 μή
381 4744 717 4794 κατανοοῦσα
774 4738 1042 4813 πόλεμον,
1101 4743 1193 4796 ἅτε
1247 4743 1421 4813 οἰήσει
1478 4744 1898 4819 κατειλημμένη
1934 4763 1950 4778 ⁹

237 4833 273 4899 ἡ
327 4827 386 4884 δὶ
434 4827 613 4900 οἶησις
667 4831 912 4905 πύρωσίς
971 4830 1080 4886 ἔστι
1130 4840 1230 4901 τῆς
1284 4837 1492 4910 ψυχῆς,
1553 4834 1798 4910 οὐδαμοῦ
1848 4838 1950 4916 ἃφ-

241 4923 383 4973 ιεῖσα
419 4919 520 4986 τήν
565 4919 762 4988 ἑαυτῆς
793 4919 1066 4975 ἀσθένειαν
1098 4920 1414 4998 ἐπιγνῶναι.

316 5099 427 5153 IH'.
482 5099 686 5172 Ὥσπερ
748 5097 947 5176 βρέφος
1023 5101 1263 5175 νεογενὲς
1321 5101 1504 5156 εἶκᾶνα
1571 5123 1666 5157 του
1738 5104 1950 5161 τελείου

237 5185 498 5255 διασώζει
550 5186 763 5261 ἀνδρὸς,
820 5189 963 5243 οὕτω
1021 5187 1089 5258 δὴ
1143 5192 1231 5246 καὶ
1291 5191 1443 5265 ψυχή
1503 5192 1662 5246 εἷκών
1707 5193 1790 5256 τίς
1837 5193 1948 5251 ἔστι

234 5281 337 5331 τοῦ
396 5279 767 5347 πεποιηκότος
825 5277 994 5348 αὐτὴν
1053 5285 1207 5340 Θεοῦ.
1270 5285 1357 5343 Ὠς
1423 5279 1518 5335 οὖν
1587 5282 1674 5336 καὶ
1732 5281 1947 5339 παιδίον

232 5366 378 5422 κατὰ
437 5365 602 5442 μέρος
662 5367 756 5440 μὶν
806 5367 1166 5442 αὐξανόμενον
1226 5369 1285 5428 ἐκ
1345 5370 1542 5444 μέρους
1609 5369 1950 5446 ἰπιγινώσκει

305 5573 352 5606 ’⁸
407 5571 620 5629 Jerem.
679 5589 835 5636 xvnt,
895 5575 982 5627 22.
1065 5572 1163 5630 ³³Ι
1222 5573 1350 5628 Cor.
1410 5591 1505 5642 xv,
1562 5575 1653 5632 50.

1730 5575 1778 5610 ⁹⁴
1837 5576 1858 5633 Ι
1901 5578 2031 5646 Cor.
2089 5582 2162 5644 εἰ
2191 5577 2282 5637 23.

2058 4662 2194 4715 bum
2247 4657 2458 4713 salutis
2515 4672 2628 4710 non
2688 4655 3097 4725 accipientem.
3175 4652 3335 4706 Alias
3395 4655 3587 4703 autem
3647 4646 3762 4702 sibi

2059 4749 2222 4819 fingit
2253 4747 2530 4802 inanibus
2558 4761 2709 4816 smpe
2753 4742 2999 4798 somniis
3047 4747 3103 4795 et
3151 4756 3265 4794 non
3295 4737 3760 4792 animadvertens

2058 4839 2398 4892 intestinum
2442 4834 2692 4902 bellum;
2728 4839 2951 4901 utpote,
2999 4847 3146 4883 vana
3198 4828 3288 4883 sui
3323 4831 3488 4896 capta
3521 4824 3760 4889 fiducia,

2059 4946 2185 5000 quas
2216 4930 2441 4982 caecitas
2488 4928 2696 4980 animas
2744 4927 2856 4990 est,
2890 4939 3006 4977 non
3058 4921 3255 4976 sinens
3307 4916 3466 4971 illam
3516 4915 3758 4987 proprie

2058 5017 2348 5073 consciam
2383 5015 2742 5070 infirmitatis
2774 5029 2918 5068 esse.

2131 5105 2327 5161 XVIII.
2357 5105 2512 5160 Sicut
2547 5104 2740 5158 infans
2795 5118 2996 5156 recens
3045 5103 3218 5154 natus
3251 5099 3492 5151 formam
3529 5092 3762 5162 perfecti

2059 5203 2239 5252 servat
2286 5195 2414 5260 viri,
2467 5194 2548 5247 ita
2595 5199 2652 5246 et
2701 5195 2895 5247 anima
2943 5191 3131 5260 imago
3180 5186 3446 5257 quaedam
3499 5188 3584 5238 est
3634 5180 3760 5244 Dei,

2058 5285 2158 5356 qui
2181 5284 2313 5340 fecit
2344 5285 2552 5355 ipsam.
2586 5281 2659 5338 Ut
2689 5283 2867 5353 igitur
2915 5279 3134 5335 sensim
3186 5291 3328 5348 puer
3357 5278 3412 5330 et
3442 5290 3542 5346 per
3576 5279 3762 5341 partes

2057 5392 2344 5444 crescens,
2406 5373 2612 5445 incipit
2668 5389 2736 5428 ex
2786 5381 2940 5444 parte
2985 5376 3202 5443 patrem
3255 5381 3606 5438 agnoscere;
3659 5363 3763 5419 ubi

2360 5573 2408 5609 9‘
2462 5573 2593 5631 Isa.‘
2636 5589 2756 5639 uti,
2813 5575 2870 5628 2.
2948 5571 2993 5607 '°
3053 5572 3101 5628 II
3160 5570 3289 5635 Cor.
3345 5583 3419 5638 τι,
3472 5567 3576 5636 12;
3626 5569 3766 5631 Levi

238 5657 400 5712 uvx,
437 5645 523 5699 12.
601 5644 644 5681 ⁸⁷
679 5645 826 5701 Psal.
870 5660 960 5713 xc,
995 5645 1080 5701 13.
1157 5642 1205 5682 ⁸⁸
1234 5644 1372 5702 Luc.
1404 5661 1460 5714 κ,
1496 5645 1581 5704 19.
1659 5643 1707 5682 ⁸ο
1737 5647 1876 5705 Luc.
1908 5665 1979 5705 xv

2076 5642 2168 5706 21.
2245 5647 2263 5682 ί
2299 5647 2409 5704 Isa.
2439 5659 2605 5713 xxxv,
2637 5645 2693 5713 6,
2723 5645 2780 5699 7.
