4116 6210
400 330 517 389 879

1739 319 1801 381 S.
1850 317 2175 381 MACARII
2221 318 2563 381 EGYPTII

3750 323 3852 384 880

404 473 536 513 vero
564 457 791 529 plenius
835 457 1173 522 adoleverit,
1206 458 1349 512 tunc
1397 471 1512 511 non
1563 455 1677 510 fere
1717 453 1917 509 minus
1948 451 2099 507 clare

2218 451 2301 504 καὶ
2360 448 2452 504 τὸν
2510 445 2713 523 πατὲρα
2744 466 2758 482 ⁶
2819 446 3033 505 ἐπειδὰν
3089 448 3147 505 δὲ
3204 449 3279 513 εἷς
3336 447 3548 521 ἡλικίαν
3615 451 3853 528 ἆῳίκηται,

399 550 525 620 ipse
558 553 806 619 patrem,
857 565 1029 619 quam
1080 552 1240 617 pater
1287 546 1483 616 ipsum
1535 544 1724 600 noscit
1771 558 1837 597 ac
1876 542 2100 613 diligit;

402 655 466 693 ac
498 641 600 693 tali
647 639 770 709 jam
819 638 1144 693 ostenditur
1191 634 1370 708 patris
1408 635 1715 690 thesaurus
1744 648 1758 688 :
1792 632 1876 687 sic
1906 632 2105 686 anima

403 743 635 798 quoque
684 731 818 782 ante
866 724 1317 782 inobedientiam
1377 725 1709 795 profectura
1740 722 1929 775 fuerat
1958 727 2015 775 et
2044 720 2102 774 in

398 818 585 872 virum
642 819 963 889 perfectum
1024 832 1377 881 occursura;
1449 815 1547 869 sed
1610 828 1713 884 per
1768 810 2103 865 inobedien-

404 906 547 962 tiam
608 914 664 962 in
714 907 951 980 pelagus
1004 905 1316 961 oblivionis
1364 907 1421 958 et
1466 903 1525 957 in
1576 904 1850 973 abyssum
1895 898 2105 954 erroris

403 1000 677 1069 depressa
709 1007 831 1064 est;
871 1004 1046 1067 atque
1077 995 1133 1049 in
1170 994 1353 1066 portis
1404 993 1574 1047 inferi
1607 990 1971 1058 inhabitavil,
2008 989 2107 1042 ubi

404 1091 521 1145 lato
557 1089 713 1144 velut
759 1086 1060 1141 intervallo
1108 1084 1332 1138 distans
1364 1101 1396 1137 a
1428 1083 1542 1138 Deo
1593 1096 1789 1136 anima
1834 1080 2109 1134 accedere

403 1181 471 1233 ad
533 1178 695 1232 illum
774 1178 995 1247 nequit,
1070 1182 1123 1228 et
1191 1173 1345 1227 clare
1412 1186 1723 1241 agnoscere
1788 1175 2106 1223 creatorem

404 1284 601 1323 suum.
659 1268 729 1320 At
785 1266 939 1320 Deus
1012 1264 1264 1333 primum
1338 1261 1572 1332 quidem
1629 1275 1731 1329 per
1796 1256 2106 1328 prophetas

404 1361 731 1411 convertere
785 1354 1062 1409 studebat
1119 1352 1190 1405 ad
1261 1367 1320 1406 se
1387 1349 1570 1416 illam,
1631 1357 1683 1403 et
1741 1347 2108 1417 provocabat,

403 1455 574 1517 atque
602 1445 661 1499 in
694 1443 956 1499 notitiam
989 1441 1252 1495 trahebat
1283 1439 1394 1495 sui.
1447 1440 1744 1493 Postremo
1796 1434 2109 1490 adveniens

404 1540 461 1589 et
518 1550 708 1589 coram
761 1533 882 1604 ipse
951 1547 1259 1602 apparens,
1332 1528 1680 1583 oblivionem
1749 1524 1987 1596 quidem
2056 1521 2107 1576 ei

400 1623 668 1688 abstulit,
702 1638 953 1677 errorem
1002 1636 1230 1691 quoque
1274 1617 1545 1673 detraxit.
1581 1616 1819 1677 Deinde,
1862 1620 1918 1668 et
1950 1628 2107 1682 Ipsae

403 1713 614 1769 inferni
648 1726 1033 1783 perrumpens
1066 1713 1285 1779 portas,
1317 1708 1377 1761 in
1418 1722 1621 1777 vagam
1654 1703 1813 1758 illam
1849 1703 2109 1774 pervenit

2210 540 2335 594 τότε
2392 537 2815 607 συνδιατίθεται,
2874 541 2976 612 υἱῷ
3012 562 3072 596 τε
3128 544 3308 616 πατὴρ
3364 537 3595 615 ἀκριϐῶς
3630 542 3709 595 καὶ
3761 544 3855 603 υἱὸς

2212 630 2397 705 πατρὶ,
2459 630 2903 687 ἀποκαλύπτεται
2972 630 3029 687 δὲ
3086 634 3234 705 αὐτῷ
3307 634 3395 686 καὶ
3458 634 3487 686 6
3539 637 3628 687 τοῦ
3686 634 3854 705 πατρὸς

2213 719 2483 794 θησαυρός
2516 739 2529 752 ·
2582 719 2725 775 οὕτω
2756 720 2847 774 καὶ
2886 721 2921 789 ἡ
2971 721 3125 795 ψυχή
3175 720 3281 795 πρὸ
3323 727 3420 788 τῆς
3451 723 3707 795 παρακοῆς
3745 742 3854 793 προ·

2213 811 2430 863 κόπτειν
2488 804 2717 881 ἔμελλε,
2772 810 2861 864 καὶ
2935 810 3011 872 είς
3073 807 3241 885 ἄνδρα
3309 808 3519 864 τέλειον
3590 814 3856 878 καταντᾷν·

2216 894 2304 951 διὰ
2355 898 2537 968 μέντοι
2588 898 2677 952 καὶ
2727 900 3008 971 παρακοήν
3059 898 3135 960 εἷς
3185 896 3423 975 πέλαγος
3472 896 3638 969 λήθης
3682 898 3759 951 καὶ
3799 897 3861 957 είς

2220 987 2383 1060 βυθὸν
2432 986 2641 1056 πλάνης
2691 983 3079 1059 κατεϐιϐάσθη,
3112 989 3205 1041 καὶ
3256 987 3307 1042 ἐν
3356 986 3553 1048 πύλαις
3602 985 3719 1057 ᾅδου
3752 1008 3860 1040 κατ-

2216 1077 2444 1148 ῴκησεν.
2506 1076 2639 1130 Ἀπὸ
2707 1080 2837 1152 γοῦν
2913 1074 3129 1131 πολλοῦ
3183 1076 3469 1150 καθαπερεὶ
3543 1073 3858 1147 διαστήματος

2222 1166 2578 1239 μακρυνθεῖσα
2625 1169 2721 1219 τοῦ
2767 1169 2901 1219 Θεοῦ
2944 1168 2978 1235 ἡ
3030 1167 3204 1241 ψυχὴ,
3251 1164 3508 1227 ἀδύνατος
3557 1163 3690 1233 αὖτῷ
3729 1183 3861 1236 προσ-

2220 1254 2394 1309 ελθεῖν
2471 1256 2560 1323 ἦν,
2636 1254 2725 1309 καὶ
2812 1254 3103 1331 ἐπιγνῶναι
3179 1256 3364 1317 καλῶς
3440 1256 3527 1309 τὸν
3607 1252 3859 1309 πλάσαντα.

2221 1342 2377 1399 Ἀλλ’
2430 1344 2457 1397 6
2517 1349 2647 1406 Θεος
2704 1348 2895 1418 πρῶτα
2955 1346 3049 1416 μὲν
3107 1342 3195 1399 διὰ
3247 1347 3543 1420 προφητῶν
3599 1341 3865 1416 ἐπέστρεφεν

2220 1433 2391 1502 αὐτὴν
2456 1431 2547 1487 καί
2628 1433 3039 1507 προσεκαλεῖτο,
3097 1435 3188 1489 καὶ
3264 1440 3340 1496 εῖς
3420 1433 3693 1507 ἐπίγνωσιν
3743 1431 3864 1485 εἷλκε

2217 1524 2314 1591 τὴν
2371 1523 2584 1582 ἑαυτοῦ.
2642 1526 2913 1599 Ἐσχατον
2971 1522 3027 1579 δὲ
3073 1525 3162 1578 καὶ
3222 1524 3383 1586 αὐτὸς
3435 1521 3700 1593 παρελθὼν
3752 1519 3864 1575 ἐκεῖ·

2217 1633 2335 1680 νος,
2375 1611 2629 1689 ἀφείλετο
2682 1613 2777 1684 μὲν
2826 1615 2923 1680 τήν
2971 1611 3169 1683 λήθην,
3220 1613 3474 1689 ἂφείλετο
3522 1610 3575 1665 δὲ
3618 1612 3707 1680 τὴν
3741 1609 3860 1663 πλά-

2215 1723 2309 1770 νην
2347 1719 2360 1733 ·
2430 1703 2544 1757 εἶτα
2600 1708 2689 1757 καί
2750 1706 2846 1763 τας
2907 1698 3038 1772 ᾅδου
3102 1701 3398 1780 διαρῥήξας
3449 1700 3617 1762 πόλας
3668 1700 3743 1755 ἐπὶ
3781 1700 3859 1765 τήν

403 1803 685 1867 animam,
746 1816 807 1854 se
858 1799 1052 1871 ipsum
1121 1796 1414 1865 exemplar
1477 1797 1528 1850 ei
1599 1808 1948 1864 preponens,
2011 1806 2107 1861 per

2219 1789 2650 1866 πεπλανημένην
2737 1790 2960 1859 εἰσῆλθε
3043 1794 3253 1867 ψυχήν,
3341 1792 3527 1847 ἑαυτὸν
3606 1786 3862 1864 ὓπόδειγμα

2299 1880 2311 1893 ,
2439 1882 2490 1893 λ.
2744 1878 2766 1893 ι.
2798 1882 2810 1893 .
2899 1880 2918 1893 ν
2967 1879 2990 1893 ..
3135 1883 3147 1893 .
3281 1881 3294 1893 .
3346 1885 3373 1893 ..
3425 1878 3449 1893 ..
3692 1880 3703 1892 .
3827 1876 3837 1893 ο

405 1894 559 1963 quod
594 1889 758 1945 facile
782 1892 904 1957 jam
925 1888 1136 1958 poterit
1165 1886 1237 1940 ad
1274 1900 1605 1940 mensuram
1638 1883 1844 1949 aetatis,
1898 1894 2107 1943 nempe

403 1980 552 2036 185
616 1981 685 2033 ad
749 1980 1157 2049 perfectionem
1217 1976 1487 2046 Spiritus,
1551 1972 1867 2043 pervenire.
1932 1976 2106 2027 Porro

398 2069 655 2124 Verbum
691 2068 786 2123 Dei
819 2070 1029 2123 tentari
1058 2084 1088 2120 a
1136 2066 1393 2133 maligno
1434 2065 1631 2118 divina
1671 2064 2107 2131 dispensatione

403 2159 781 2231 permittitur,
807 2158 1015 2212 deinde
1038 2155 1371 2227 approbria.
1396 2152 1884 2222 contemptiones,
1912 2159 2108 2206 contu-

406 2249 633 2315 melias,
662 2247 861 2317 alapas
893 2261 1175 2301 manuum
1209 2245 1515 2299 audacium
1551 2243 1810 2310 illarum,
1841 2247 1897 2297 et
1918 2244 2106 2313 ipsam

405 2344 721 2394 extremam
757 2353 858 2407 per
902 2352 1133 2391 crucem
1177 2339 1422 2389 mortem
1472 2332 1738 2400 sustinet,
1771 2333 2105 2399 ostendens,

403 2434 466 2482 ut
530 2427 807 2490 diximus,
867 2441 1042 2496 quam
1104 2422 1285 2479 animi
1354 2423 1679 2492 aequitatem
1750 2437 1867 2492 pres
1938 2420 2106 2474 nobis

408 2520 556 2570 ferre
612 2516 931 2569 debeamus
989 2527 1127 2582 erga
1183 2510 1513 2582 opprobriis
1572 2526 1676 2564 nos
1722 2511 2105 2576 incessentes,

407 2611 463 2660 et
495 2604 915 2675 vilipendentes
946 2616 1074 2665 nos,
1121 2605 1220 2655 aut
1273 2604 1514 2654 mortem
1566 2599 1742 2654 etiam
1792 2598 2108 2653 inferentes

412 2694 618 2758 nobis;
676 2700 738 2746 ut
785 2695 842 2745 et
894 2691 1007 2761 ipsi
1068 2705 1175 2743 nos
1231 2689 1304 2743 iis
1372 2690 1471 2759 qui
1532 2688 1693 2743 surdi
1752 2693 1912 2753 sunt,
1963 2685 2108 2741 inuti

410 2782 622 2837 ﬁamus
680 2796 795 2834 non
842 2778 1163 2850 aperientes
1212 2794 1299 2843 os,
1361 2786 1422 2831 ut
1470 2776 1582 2831 vim
1633 2782 1691 2831 et
1726 2777 2107 2831 subtilitatem

412 2873 823 2943 perspicientes
876 2871 1132 2936 malitiae,
1192 2886 1261 2924 ex
1307 2883 1474 2923 cruce
1533 2868 1626 2922 cui
1685 2868 1879 2922 sufﬁxi
1927 2868 2109 2923 clavis

403 2977 651 3028 sumus;
682 2977 804 3016 cum
856 2962 1094 3016 clamore
1144 2960 1333 3014 valido
1365 2958 1387 2992 ²
1436 2959 1773 3014 invocemus
1825 2973 1980 3020 eum,
2015 2960 2111 3028 qui

401 3060 575 3123 potest
623 3067 718 3107 nos
769 3050 947 3105 salvos
991 3052 1226 3120 funerea
1280 3051 1491 3108 morte;
1548 3046 1979 3117 dicamusque:
2034 3046 2108 3100 Ab

399 3142 625 3197 occulti:
681 3139 817 3196 meis
875 3138 1081 3192 munda
1140 3153 1272 3191 me:
1333 3142 1409 3205 et,
1463 3135 1523 3191 Si
1576 3138 1682 3190 mei
1736 3152 1846 3190 non
1896 3135 2107 3205 fuerint

402 3230 696 3294 deminuti,
782 3239 911 3284 tunc
984 3228 1372 3282 immaculata:
1448 3240 1539 3279 cro
1595 3226 1636 3278 ⁸.
1712 3225 1875 3279 Tunc
1933 3198 2181 3291 igiturC

400 3320 811 3375 immaculalus
860 3317 1066 3382 factus,
1123 3316 1339 3370 invenit
1387 3330 1535 3382 eum,
1581 3315 1677 3383 qui
1723 3314 1947 3381 subiecit
1998 3312 2111 3377 ipsi

400 3409 586 3464 omnia
615 3410 657 3474 ‘,
701 3415 759 3462 et
806 3408 1127 3476 conregnat
1175 3410 1231 3458 et
1278 3403 1705 3473 conrequiescit
1754 3420 1884 3456 cum
1936 3402 2112 3457 Chri-

399 3503 488 3550 sto
554 3494 781 3549 Etenim
844 3508 943 3561 per
1000 3491 1456 3545 inobedientiam
1514 3508 1545 3543 a
1600 3489 2005 3544 materialibus
2056 3499 2113 3545 et

412 3583 664 3639 sordidis
709 3582 984 3650 absorpta
1033 3579 1507 3649 cogitationibus,
1542 3579 1699 3633 velut
1755 3577 2110 3633 irrationalis

410 3673 563 3726 facta
617 3672 806 3725 fuerat
855 3670 1069 3734 anima,
1113 3670 1255 3723 adeo
1308 3674 1370 3722 ut
1423 3685 1536 3723 non
1586 3667 1741 3736 parvi
1796 3669 2011 3723 laboris
2059 3668 2109 3723 ei

412 3760 486 3815 sit
518 3776 585 3815 ex
616 3764 776 3813 tanto
824 3757 948 3814 luto
995 3758 1221 3812 vultum
1273 3772 1501 3811 sursum
1545 3757 1785 3827 erigere,
1826 3773 1890 3811 ac
1922 3756 2112 3811 subti-

410 3849 632 3904 litatem
682 3846 918 3904 malitiae
963 3848 1265 3902 observare
1313 3849 1370 3900 et
1428 3847 1799 3918 perfringere,
1862 3848 1925 3899 ut
1975 3860 2109 3899 eum

404 3946 598 3995 mente
628 3948 842 3995 aeterna
865 3937 1328 3994 commisceatur.

480 4120 623 4177 XIX.
658 4123 713 4174 Si
759 4120 844 4175 vis
889 4120 1072 4175 redire
1117 4120 1186 4174 ad
1240 4123 1292 4173 te
1339 4120 1560 4190 ipsum.
1611 4118 1806 4185 homo,
1849 4122 1906 4172 et
1938 4134 2113 4188 quam

409 4210 571 4279 prius
603 4209 859 4262 habebas
895 4209 1136 4278 gloriam
1189 4223 1501 4270 resumere.
1555 4223 1684 4277 quae
1728 4207 1831 4259 tibi
1879 4207 1952 4259 ob
1987 4208 2112 4259 ino-

411 4297 760 4350 beilientiam
798 4297 1004 4364 periit;
1042 4295 1191 4347 sicut
1228 4296 1505 4363 neglectis
1544 4294 1703 4363 prius
1736 4295 1834 4347 Dei
1878 4296 2113 4347 manda-

406 4385 504 4450 tis,
549 4385 738 4438 hostis
787 4388 843 4437 et
891 4384 1194 4452 praeceptis
1244 4392 1297 4435 et
1345 4381 1605 4436 consiliis
1654 4381 1949 4436 attendisti
1983 4400 1997 4449 ;
2030 4382 2113 4436 sic

414 4487 569 4527 nunc
621 4472 691 4525 ab
729 4471 831 4523 hoc
863 4470 1160 4535 deficiens,
1203 4470 1292 4523 cui
1334 4470 1828 4541 obtemperavisti,
1874 4487 2112 4525 conver-

405 4565 526 4615 tere
557 4560 628 4614 ad
679 4558 1014 4613 Dominum.
1067 4558 1346 4613 Caeterum
1380 4559 1544 4625 scito,
1591 4559 1653 4614 in
1704 4562 1885 4615 multo
1916 4560 2107 4615 labore

2218 4568 2476 4636 ἤκουσας,
2522 4564 2847 4641 ἐπιτράφηθι
2892 4567 3027 4637 πρὸς
3055 4567 3147 4620 τὸν
3198 4566 3399 4640 Κύριον
3435 4587 3448 4598 ·

408 4654 465 4705 et
494 4651 706 4705 sudore
735 4649 929 4704 vultus
960 4650 1043 4704 tui
1079 4655 1444 4720 recepturum
1478 4656 1535 4706 te
1566 4650 1896 4706 thesaurum
1931 4652 2106 4705 amis-

409 4757 541 4795 sum
575 4745 767 4795 tuum.
802 4738 923 4797 Non
946 4739 1100 4796 enim
1125 4740 1195 4794 ad
1236 4740 1485 4796 rationes
1517 4742 1956 4795 accommodata
1977 4746 2109 4794 tuas

410 4839 496 4884 est
528 4831 654 4885 sine
697 4830 890 4885 labore
934 4831 1071 4886 boni
1116 4832 1463 4902 acquisitio;
1499 4832 1780 4903 siquidem
1823 4850 1949 4903 qua:
1982 4832 2109 4887 sine

406 4916 603 4973 labore
660 4919 957 4989 accepisti,
1032 4920 1323 4990 perdidisti
1386 4920 1655 4992 hostique
1716 4922 2104 4977 hereditatem

405 5013 567 5061 tuam
621 5006 946 5078 prodidisti.
983 5008 1484 5079 Recognoscamus
1524 5026 1661 5082 ergo
1693 5027 1796 5083 pro
1836 5027 1896 5067 se
1954 5012 2109 5081 quis-

403 5113 514 5168 que
563 5098 703 5168 quid
752 5100 986 5153 tandem
1036 5098 1094 5153 id
1145 5116 1209 5153 ac
1250 5106 1531 5169 quantum
1579 5101 1655 5154 sit
1705 5103 1857 5170 quod
1899 5101 2105 5157 amisi-

404 5203 535 5242 mus
561 5203 575 5240 :
605 5192 664 5242 et
711 5186 929 5242 luctum
964 5203 1337 5243 assumamus
1376 5187 1706 5259 prophetas:
1743 5188 1887 5244 Vere
1946 5193 2102 5245 enim

404 5276 708 5332 Harreditas
754 5282 940 5331 nostra
984 5293 1145 5332 versa
1184 5285 1259 5330 est
1306 5276 1377 5330 ad
1423 5277 1670 5337 alienos;
1701 5276 1889 5334 domus
1918 5291 2106 5336 nostra

400 5366 468 5415 ait
489 5372 778 5420 extraneos
806 5364 848 5419 ⁵.
888 5368 961 5420 Eo
994 5368 1145 5434 quod
1183 5383 1290 5420 non
1327 5365 1684 5419 audierimus
1720 5372 2057 5425 mandatum
2087 5389 2101 5440 ;

403 5454 460 5505 et
506 5454 752 5523 propriis
801 5454 1198 5509 voluntatibus
1247 5455 1548 5519 obsecuti;
1602 5461 1872 5525 quodque
1932 5465 2101 5515 terre-

475 5623 498 5659 ²
527 5624 698 5680 Hebr.
732 5642 789 5695 ν,
818 5627 873 5684 7.

949 5627 971 5663 ³
1001 5627 1147 5682 Psal.
1180 5644 1335 5697 xvm,
1371 5628 1456 5683 13.
1533 5627 1557 5662 ⁴
1591 5627 1613 5684 Ι
1642 5627 1769 5684 Cor.
1803 5647 1895 5699 xv,
1924 5630 2016 5685 27.

2216 1880 2385 1954 ταύτῃ
2436 1882 2689 1953 θέμενος,
2740 1878 2810 1935 δι’
2859 1880 2920 1935 οὗ
2964 1879 3185 1937 δυνατὸν
3236 1881 3378 1955 αὐτῇ
3424 1878 3567 1936 ἔσται
3620 1880 3738 1952 πρὸς

2214 1991 2343 2043 τρον
2402 1970 2622 2042 ἡλικίας
2679 1973 2818 2046 πρὸς
2876 1973 2973 2040 τήν
3041 1971 3368 2042 τελειότητα
3440 1975 3535 2026 τοῦ
3601 1970 3863 2039 Πνεῦματος

2216 2069 2569 2131 καταντῆσαι.
2614 2065 2931 2139 Πειράζεται
2977 2065 3268 2137 τοιγαροῦν
3320 2063 3348 2116 6
3416 2064 3511 2116 τοῦ
3557 2062 3678 2113 Θεοῦ
3724 2056 3862 2129 Λόγος

2216 2152 2353 2227 πρὸς
2410 2157 2507 2206 τοῦ
2567 2157 2812 2221 πονηροῦ
2867 2153 2983 2207 κατ’
3046 2152 3364 2225 οἷκονομίαν
3400 2172 3413 2185 ⁸
3483 2149 3650 2205 ἔπειτα
3700 2143 3861 2200 ὀνειδι·

2217 2242 2388 2316 σμοῦς
2426 2243 2515 2297 καὶ
2574 2240 2965 2313 ἐξουδενώσεις,
3025 2238 3209 2317 ὕϐρεις
3249 2263 3306 2297 τε
3356 2241 3655 2315 ῥαπίσματα
3696 2239 3860 2312 χειρῶν

2220 2330 2435 2385 ἐκείνων
2478 2335 2584 2386 τῶν
2639 2330 2963 2406 τολμηρῶν,
3021 2332 3110 2387 καὶ
3179 2332 3337 2386 αὑτὸν
3404 2325 3620 2403 ἔσχατον
3668 2329 3745 2381 τὸν
3794 2323 3862 2378 διὰ

2222 2425 2451 2497 σταυροὸ
2510 2423 2737 2477 θάνατον
2797 2421 3077 2495 ὑπομένει,
3139 2421 3484 2491 ὑποδεικνὺς,
3539 2420 3700 2494 ὥσπερ
3754 2415 3861 2494 ἔφης

2224 2536 2338 2587 μεν,
2396 2514 2515 2569 τίνα
2590 2516 2688 2582 τήν
2759 2512 2992 2569 διάθεσιν
3061 2511 3397 2569 ἐπιδεικτέον
3469 2514 3596 2581 πρός
3648 2532 3704 2586 γε
3765 2508 3864 2568 τοὺς

2220 2599 2601 2672 ὀνειδίζοντας,
2686 2601 3111 2672 ἐξουθενοῦντας,
3196 2603 3231 2672 ἢ
3317 2602 3414 2655 καὶ
3488 2602 3690 2655 θάνατον
3755 2599 3860 2667 ἡμῖν

2220 2692 2516 2765 ἐπάγοντας
2550 2713 2562 2725 °
2636 2690 2729 2744 ’ίνα
2784 2694 2872 2745 καί
2950 2692 3109 2752 αὐτὸς
3169 2696 3284 2752 τοῖς
3370 2690 3488 2746 οῦσι
3554 2693 3739 2765 κωφοῖς
3793 2683 3862 2738 καὶ

2220 2780 2423 2842 ἄλΰιλοες
2467 2782 2685 2855 γένηται
2740 2783 2817 2852 μὴ
2866 2780 3098 2855 ἀνοίγων
3144 2781 3205 2833 τὸ
3254 2779 3459 2852 στόμα,
3496 2776 3581 2833 *ἱνα
3619 2779 3703 2843 τήν
3743 2773 3861 2837 ἐνέρ-

2218 2893 2365 2945 γειαν
2434 2872 2549 2943 καὶΔτ
2583 2869 2894 2941 λεπτότητα
2950 2866 3259 2925 διαϐλέπων
3328 2877 3434 2938 τῆς
3491 2867 3749 2942 πονηρίας,
3795 2860 3863 2915 καὶ

2220 2964 2296 3024 ὡς
2354 2962 2405 3017 ἐν
2464 2965 2678 3033 σταυρῷ
2725 2966 2840 3022 τοῖς
2890 2958 3052 3028 ἣλοις
3101 2959 3520 3032 ἐμπεπαρμενος
3568 2956 3687 3030 μετὰ
3735 2971 3867 3023 κραυ-

2218 3059 2323 3125 γῆς
2401 3049 2630 3125 ἰσχυρᾶς
2708 3050 2926 3123 βοήσειε
3000 3049 3137 3122 πρὸς
3212 3048 3304 3102 τὸν
3401 3046 3678 3120 δυνάμενον
3741 3039 3865 3095 αὐτὸν

2219 3138 2479 3214 ῥύσασθαι
2552 3142 2649 3192 τοῦ
2741 3136 2992 3205 θανάτου,
3074 3137 3187 3204 καὶ,
3269 3137 3410 3191 Ἀπὸ
3492 3140 3592 3190 τῶν
3667 3129 3861 3207 κρυφίων

2224 3251 2350 3303 μου,
2407 3229 2561 3305 φαίη,
2617 3227 2911 3301 καθάρισόν
2975 3246 3086 3300 με·
3156 3227 3267 3296 καὶ,
3344 3226 3462 3282 Ἐὰν
3522 3228 3592 3298 μή
3650 3244 3739 3294 μου
3784 3237 3860 3270 κα-

2213 3319 2627 3392 τακυριεύσωσι,
2702 3316 2827 3370 τότε
2900 3314 3133 3389 ἄμωμος
3238 3310 3457 3387 ἔσομαι.
3558 3312 3676 3366 Τότε
3758 3308 3856 3377 γοῦν

2215 3406 2447 3479 ἄμωμος
2504 3406 2743 3482 γεγονὼς
2810 3406 3047 3479 εὑρίσκει
3101 3405 3195 3460 τὸν
3254 3404 3587 3474 ὑποτάξαντα
3640 3397 3765 3468 αὐτῷ
3808 3393 3859 3445 ti

2215 3498 2406 3565 πάντα,
2492 3496 2579 3550 καὶ
2663 3490 3051 3567 συμϐασιλεύει
3134 3494 3221 3548 καὶ
3327 3492 3725 3549 συναναπαύεται
3799 3486 3859 3551 τῷ

2218 3592 2454 3661 Χριστῷ.
2515 3584 2613 3640 Καὶ
2663 3586 2769 3659 γὰρ
2826 3582 2915 3638 διὰ
2960 3586 3058 3651 την
3118 3586 3404 3657 παρακοήν
3453 3583 3550 3638 ὑπὸ
3605 3578 3778 3635 ὑλικῶν
3815 3592 3860 3625 τε

2218 3679 2307 3731 καὶ
2370 3676 2622 3751 ῥυπαρῶν
2691 3676 3054 3729 καταποθεῖσα
3128 3674 3415 3747 λογισμῶν
3475 3670 3631 3728 οἱονεὶ
3698 3665 3861 3735 ἄλογος

2218 3768 2434 3843 γέγονεν
2467 3769 2501 3836 ἡ
2542 3768 2696 3843 ψυχή
2734 3784 2748 3797 ·
2801 3764 2939 3819 ὥστε
2970 3765 3034 3819 οὐ
3088 3769 3290 3837 μικροῦ
3320 3766 3487 3820 πόνου
3532 3768 3624 3831 τῆς
3651 3753 3861 3816 τοιαύτης

2218 3857 2483 3929 ἀνακύψαι
2551 3853 2714 3924 ὕλης,
2767 3854 2856 3908 καὶ
2918 3855 3019 3921 τὴν
3078 3852 3395 3925 λεπτότητα
3449 3856 3749 3916 κατανοῆσαι
3787 3848 3864 3906 τῆς

2217 3946 2505 4017 πονηρίας,
2563 3944 2652 3998 καὶ
2710 3941 2963 4014 διελθεῖν,
3023 3942 3114 3998 ’ίνα
3189 3943 3281 3998 καὶ
3349 3942 3568 4017 ἀνάρχῳ
3626 3938 3703 3991 νοῒ
3760 3950 3864 4003 συγ-

2214 4037 2410 4107 κραθῇ.

2289 4124 2385 4179 19'.
2423 4122 2480 4178 Ei
2531 4119 2717 4196 βούλει
2768 4119 3080 4176 ἐπανελθεῖν
3130 4121 3205 4183 εἲς
3254 4121 3442 4176 ἑαυτὸν
3492 4106 3861 4192 (imponam,qu

2217 4215 2282 4283 ἢν
2338 4214 2531 4288 πρώην
2591 4214 2742 4290 εἶχες
2799 4211 2953 4283 δόξαν
3004 4210 3317 4281 ἀναλαϐεῖν,
3371 4213 3492 4281 ἥτις
3546 4211 3641 4283 ἄρα
3683 4224 3756 4258 σοι
3793 4195 3861 4252 καὶ

2218 4302 2277 4357 ἐκ
2332 4309 2615 4375 παρακοῆς
2672 4302 3079 4375 παραπώλετο·
3139 4303 3213 4363 ὡς
3293 4301 3592 4373 ἠμεληκὼς
3646 4294 3862 4368 πρότερον

2215 4396 2311 4446 τοῦ
2370 4396 2503 4446 Θεοῦ
2552 4390 2815 4455 ἐντολῶν,
2876 4397 2992 4453 τοῖς
3047 4396 3144 4447 τοῦ
3202 4390 3409 4466 ἐχθροῦ
3459 4389 3755 4461 διατάγμασι
3794 4376 3861 4432 καὶ

2213 4483 2283 4551 τῇ
2333 4475 2623 4551 συμϐουλῇ
2672 4477 2996 4553 προσέσχες,
3053 4478 3226 4543 οὕτως
3284 4484 3374 4533 νῦν
3417 4478 3644 4535 ἀποστὰς
3698 4471 3750 4525 οὗ
3794 4467 3864 4520 ἐπ-

3499 4563 3636 4632 πλὴν
3674 4557 3772 4611 ’ίσθι
3797 4552 3860 4607 δτι

2219 4654 2270 4708 ἐν
2299 4653 2499 4726 πολλῷ
2536 4654 2692 4726 κόπῳ
2742 4654 2831 4708 καὶ
2877 4651 3089 4729 ἱδρῶτι,
3122 4656 3281 4727 φησὶ,
3324 4659 3421 4709 τοῦ
3470 4652 3745 4727 προσώπου
3788 4661 3862 4695 σου

3152 4744 3213 4799 οὐ
3260 4745 3362 4821 γάρ
3415 4765 3497 4799 σοι
3546 4730 3859 4821 λυσιτελὴςὴ

3164 4834 3385 4909 ἐπείπερ
3443 4832 3660 4901 ἀπονητί
3712 4820 3861 4881 λαϐὼν

2221 4744 2484 4818 ἀπολήψῃ
2534 4745 2623 4798 τὸν
2673 4744 2911 4798 πλοῦτόν
2960 4766 3053 4799 σου
3087 4764 3101 4777 °

2218 4840 2315 4889 τοῦ
2366 4835 2568 4911 ἀγαθοῦ
2621 4837 2820 4897 ἄπονος
2879 4843 3071 4905 κτῆσις
3108 4854 3121 4867 ·

2219 4924 2502 4985 ἀπωλεσας
2559 4924 2693 4997 ἅπερ
2753 4922 3002 5001 ε’ίλητρας,
3062 4924 3150 4979 καὶ
3206 4930 3287 4997 τῷ
3346 4925 3526 5000 ἐχθρῷ
3589 4913 3860 4993 προῦδωκαξ

2215 5014 2313 5082 τήν
2354 5011 2727 5087 κληρονομίαν
2774 5035 2869 5068 σου
2903 5033 2915 5046 ’
2967 5012 3270 5089 ἐπιγνῶμεν
3321 5014 3411 5069 οῦν
3457 5010 3667 5069 ἕκαστος
3707 5005 3860 5058 τίποτε

2218 5102 2284 5173 δὴ
2316 5104 2695 5176 ἂπωλέσαμεν,
2727 5106 2813 5160 καὶ
2864 5106 2954 5161 τὸν
3008 5107 3205 5179 θρῆνον
3253 5099 3605 5177 ἀναλάϐωμεν
3646 5100 3731 5152 τοῦ
3754 5108 3861 5161 προ·

2215 5196 2390 5270 φήτου
2424 5214 2437 5227 ·
2491 5199 2571 5266 τῷ
2620 5190 2732 5249 ὄντι
2781 5195 2887 5269 γὰρ
2940 5194 3301 5269 Κληρονομία
3358 5198 3517 5268 ἡμῶν
3562 5182 3855 5256 κατεστρέφη

2214 5283 2557 5355 ἀλλοτρίοις,
2611 5283 2700 5338 καὶ
2778 5285 2806 5338 6
2866 5284 3018 5347 οἶκος
3094 5287 3255 5357 ἡμῶν
3313 5284 3525 5353 ξένοιςο
3591 5283 3663 5350 τῷ
3727 5285 3859 5342 πα9²’

2213 5374 2392 5427 κούειν
2441 5377 2539 5438 τῆς
2573 5372 2801 5438 ἐντολῆς
2846 5374 3082 5435 καὶτοῖς
3132 5375 3335 5429 ἑαυτῶν
3374 5371 3661 5444 θελήμασιν
3706 5360 3857 5422 ε’ίκεινν

2214 5461 2303 5513 καὶ
2346 5468 2465 5525 τοῖς
2516 5463 2780 5537 ῥυπαροῖς
2827 5463 2917 5517 καὶ
2972 5460 3185 5538 γηίνοις
3233 5460 3509 5533 ἐνήδεσθαι
3562 5454 3856 5529 λογισμοῖς⁹

2093 5632 2114 5668 ⁵
2145 5633 2360 5693 Thren.
2392 5652 2445 5704 v,
2479 5638 2533 5693 2.
