4116 6210
287 317 404 380 881

1250 319 1491 382 LIBER
1533 322 1634 383 DE
1677 320 2100 382 ΡΑΤΙΕΝἸῚΛ
2144 321 2248 382 ΕΤ
2292 322 2827 388 DISCBETIONE.

3685 337 3805 399 889

285 447 424 504 ὥστε
452 448 540 503 καὶ
569 446 766 518 πολλῷ
818 443 1144 520 διαστήματι
1188 448 1310 504 τότε
1359 449 1552 530 ἀπέχει
1609 452 1768 523 ἡμῶν
1802 452 1836 520 ἡ
1892 454 1989 524 ψυ-

2108 455 2197 510 nis
2245 458 2302 509 et
2348 455 2599 511 sordidis
2663 459 3112 528 cogitationibus
3156 461 3420 518 delectati
3474 463 3797 534 fuerimus;

289 539 365 612 χή
398 538 505 592 ἀπὸ
535 543 630 592 τοῦ
658 541 791 592 Θεοῦ
825 558 835 568 ·
871 538 944 599 ὡς
976 537 1064 591 καὶ
1106 538 1363 614 ὀρφανοῖς
1397 539 1652 611 ἐοίκαμεν
1690 541 1764 611 μὴ
1799 533 1988 614 ἔχουσι

283 626 490 702 πατέρα
538 646 550 660 ⁸
612 628 763 699 ᾧτινι
823 625 913 681 οὖν
991 627 1145 700 μέλει
1201 630 1322 702 περὶ
1383 632 1592 706 ψυχῆς,
1665 629 1989 704 ἀγωνιστέον

283 716 461 787 ὁπόση
523 714 750 790 δύναμις
826 717 1098 790 καθαίρειν
1168 716 1472 794 λογισμοὺς
1539 717 1833 792 πονηροὺς,
1899 720 1990 773 καὶ

281 812 388 860 πᾶν
447 806 650 879 ὕψωμα
735 806 1095 881 ἐπαιρόμενον
1167 809 1302 863 κατά
1384 816 1484 877 τῆς
1576 809 1826 882 γνώσεως
1892 813 1989 863 τοῦ

282 900 418 950 Θεοῦ
452 939 465 953 .
497 896 585 950 καὶ
631 895 776 950 οὕτω
827 896 1166 967 βιαζομένων
1219 898 1310 952 τὸν
1365 899 1491 952 ναὸν
1547 902 1643 954 τοῦ
1700 903 1834 953 Θεοῦ
1901 919 1990 968 τη-

283 991 394 1059 ρεῖν
456 983 710 1052 ἄσπιλον,
759 986 882 1040 τότε
955 982 1176 1061 ἔρχεται
1233 988 1260 1040 6
1329 986 1792 1063 ἐπαγγειλάμενος
1856 985 1991 1041 ἐνοι-

281 1082 449 1143 κῆσαι
516 1075 604 1130 καὶ
665 1075 1108 1149 ἐμπεριπατῆσαι
1168 1077 1220 1131 ἐν
1279 1079 1460 1150 ἡμῖν·
1514 1079 1604 1132 καὶ
1661 1078 1785 1132 τότε
1857 1077 1988 1131 ἀπο-

282 1160 551 1237 λαμϐάνει
604 1167 692 1219 καί
753 1167 856 1234 τήν
908 1166 1104 1234 ἑαυτῆς
1157 1163 1534 1239 κληρονομίαν
1585 1168 1620 1234 ἡ
1670 1167 1846 1239 ψυχὴ,
1895 1165 1986 1220 καὶ

279 1256 407 1316 ναὸς
461 1259 596 1309 Θεοῦ
655 1257 904 1328 γενέσθαι
959 1257 1325 1324 καταξιοῦται.
1400 1254 1570 1316 Αὒτὸς
1647 1256 1748 1332 γὰρ
1825 1254 1984 1315 οὗτος

279 1345 426 1417 αὐτῷ
475 1345 836 1419 στρατεύματι
890 1347 984 1401 τὸν
1037 1346 1274 1420 πονηρὸν
1327 1343 1614 1416 ἐκδιώζας,
1679 1346 1740 1400 τὸ
1791 1344 1984 1400 λυιπὸν

278 1431 332 1488 ἐν
365 1437 498 1506 ἡμῖν
532 1434 863 1508 βασιλεύσει.

2103 549 2166 597 ut
2195 545 2338 598 adeo
2396 545 2568 616 longa
2627 564 2765 603 sane
2822 558 2956 604 tunc
3007 551 3289 606 distantia
3346 555 3625 610 abesseta
3688 559 3797 613 Deo

2099 637 2294 686 anima
2328 640 2558 703 nostra;
2592 641 2650 690 at
2676 638 2979 693 assimilati
3040 642 3317 710 orphanis
3358 644 3544 697 simus
3579 651 3794 714 patrem

2103 738 2216 776 non
2250 722 2624 778 habentibus.
2656 727 2757 781 Cui
2802 745 2934 799 ergo
2974 745 3123 784 cum
3165 737 3253 786 est
3285 733 3502 802 anima,
3539 734 3668 788 huic
3711 740 3798 790 to-

2101 811 2170 866 tis
2216 813 2666 868 contendentum
2728 816 2943 870 viribus
3003 824 3091 873 est
3147 822 3216 874 ad
3271 821 3533 876 funditus
3608 824 3791 878 exstir

2099 901 2322 971 pandas
2356 917 2384 954 e
2420 913 2608 957 mente
2639 920 2740 956 sua
2798 921 3000 974 pravas
3045 909 3427 978 cogitationes
3452 927 3466 975 ;
3491 916 3547 965 et
3577 927 3797 968 omnem

2097 990 2451 1044 altitudinem
2491 992 2837 1047 extollentem
2893 1011 2946 1048 se
3001 995 3255 1051 adversus
3311 1002 3599 1054 scientiam
3655 1001 3790 1056 Dei“.

2097 1079 2336 1141 Quando
2368 1081 2522 1135 enim
2556 1081 2636 1136 ita
2695 1083 2861 1137 nobis
2885 1083 2991 1152 ipsi
3026 1085 3144 1139 vim
3179 1087 3515 1155 inferamus,
3551 1091 3619 1143 ad
3648 1097 3796 1145 tem-

2099 1172 2260 1239 plum
2328 1170 2426 1224 Dei
2497 1171 2938 1226 custodiendum
3005 1189 3210 1242 eXpers
3268 1177 3461 1232 omnis
3531 1183 3793 1243 maeulzr,

2096 1263 2234 1313 tunc
2283 1261 2471 1313 veniet
2500 1261 2568 1314 ad
2624 1277 2728 1315 nos
2761 1266 2857 1329 qui
2901 1263 3168 1332 promisit
3198 1280 3259 1318 se
3291 1263 3691 1321 habitatorum
3743 1277 3795 1322 et.

2094 1348 2530 1404 ambulaturum
2588 1351 2645 1404 in
2700 1351 2878 1406 nobis.
2916 1351 2981 1406 Et
3018 1357 3159 1408 tunc
3207 1369 3401 1408 resum
3434 1364 3483 1409 et
3518 1356 3793 1410 amissam

2094 1437 2484 1493 haereditatem
2533 1457 2700 1496 suam
2752 1441 2968 1506 anima,
3021 1451 3074 1496 et
3147 1445 3432 1513 templum
3513 1445 3610 1499 Dei
3649 1447 3793 1515 [ﬁeri

278 1526 457 1595 digna
487 1525 816 1580 habebitur.
855 1528 978 1598 Ipse
1009 1526 1157 1580 enim
1192 1526 1249 1580 in
1288 1527 1478 1598 fugam
1511 1526 1752 1596 ejiciens
1779 1542 1911 1580 cum
1945 1533 2196 1581 exercitu
2234 1527 2581 1598 malignum,
2613 1531 2684 1584 de
2716 1537 2919 1584 ctvtero
2956 1531 3010 1585 in
3047 1532 3211 1585 nobis
3245 1534 3528 1603 regnabit.

353 1618 427 1672 κ’.
475 1618 536 1674 Ὀ
581 1621 662 1687 τῷ
712 1609 862 1671 Kstin
897 1614 1081 1690 ῥηθείς
1131 1616 1232 1670 ὑπὸ
1277 1619 1376 1670 τοῦ
1425 1618 1778 1690 Δημιουργοῦ
1847 1615 1981 1668 κατὰ

277 1707 342 1762 τὸ
393 1707 617 1783 φανερὸν
679 1704 870 1782 λόγος,
938 1705 1148 1760 Στένων
1206 1705 1296 1758 καὶ
1353 1703 1568 1778 τρέμων
1625 1705 1714 1758 καὶ
1775 1699 1984 1757 παλλὸ-

2163 1618 2292 1671 ΧΧ.
2321 1619 2480 1682 Quod
2513 1620 2691 1674 Caino
2724 1621 3042 1674 secundum
3079 1620 3414 1675 sensibilem
3450 1622 3653 1678 littera
3691 1640 3794 1678 so-

2093 1724 2233 1762 num
2269 1709 2486 1763 dictum
2521 1728 2551 1763 a
2609 1709 2872 1766 Creatore
2919 1712 3159 1766 verbum
3202 1720 3287 1765 est
3323 1727 3336 1764 :
3395 1711 3647 1776 Gemens,
3679 1717 3792 1768 tre-

282 1815 441 1867 μενος
490 1793 577 1848 ἐπὶ
627 1801 726 1863 τῆς
770 1801 894 1868 γῆς,
941 1791 1060 1861 ἔση,
1092 1792 1264 1855 τύπος
1319 1813 1402 1855 τις
1445 1792 1536 1847 καὶ
1577 1792 1736 1846 είκὼν
1764 1793 1978 1847 πάντων

2092 1813 2262 1863 mens,
2296 1805 2348 1852 et
2387 1799 2633 1852 titubans
2688 1816 2849 1869 super
2897 1807 3100 1854 terram
3131 1801 3281 1855 eris".
3331 1799 3502 1854 Juxta
3550 1816 3790 1856 sensum

277 1882 620 1959 ἁμαρτωλῶν
681 1885 816 1938 κατὰ
871 1885 934 1938 τὸ
989 1883 1302 1959 ἀπόῤῥητον
1355 1883 1445 1951 ἦν.
1505 1881 1657 1938 Οὕτω
1739 1882 1839 1958 γὰρ
1916 1883 1978 1938 τὸ

273 1978 373 2028 τυῦ
422 1971 602 2047 Ἀδὰμ
647 1973 798 2046 γένος
828 1976 939 2046 ςτῆς
990 1972 1219 2042 ἐντολῆς
1259 1971 1506 2041 ἐκπεσὸν,
1548 1973 1635 2027 καὶ
1692 1972 1978 2044 ἁμαρτίαις

276 2061 469 2138 ἔνοχον
519 2063 738 2138 γεγονὸς
787 2062 1071 2118 σαλεύεται
1121 2061 1415 2139 λογισμοῖς
1474 2063 1748 2132 ἀστάτοις,
1806 2056 1978 2140 φόϐου

271 2175 331 2208 τε
382 2152 481 2208 καὶ
530 2150 737 2215 δειλίας
783 2155 871 2208 καὶ
921 2161 1172 2231 ταραχῆς
1220 2153 1602 2227 πληρούμενον
1639 2171 1652 2185 ο
1704 2151 1866 2206 αὑτοῦ
1923 2171 1980 2205 τε

271 2247 370 2298 τοῦ
424 2241 625 2317 ἐχθροῦ
674 2243 987 2316 ἐπιθυμίαις
1035 2243 1124 2296 καὶ
1187 2239 1409 2310 ἡδοναῖς
1469 2241 1749 2302 ποικίλαις
1803 2246 1976 2294 πᾶσαν

276 2333 461 2407 ψυχήν
516 2333 614 2401 τῆν
670 2333 746 2404 μὴ
795 2333 1198 2407 γεγεννημένην
1252 2330 1312 2385 ἐκ
1349 2334 1446 2385 τοῦ
1505 2336 1659 2399 Θεοῦ,
1709 2328 1978 2385 κλυδωνίο

277 2428 484 2491 ζοντος,
541 2423 630 2476 καῖ
689 2423 763 2486 ὼς
822 2427 968 2478 σῖτον
1025 2422 1133 2476 τινὶ
1191 2421 1348 2492 σινίῳ
1397 2419 1777 2496 ἒνστρέφοντος
1835 2438 1848 2452 ·
1911 2420 1975 2474 οὐ

278 2513 389 2584 μὴν
447 2510 594 2566 ἀλλὰ
648 2512 738 2566 καί
793 2510 955 2573 αὒτὸς
995 2513 1024 2566 ὁ
1074 2511 1268 2586 Κύριος
1315 2511 1442 2573 τοὺς
1489 2517 1605 2572 τοῖς
1674 2509 1974 2582 θελήμασιν

274 2601 580 2673 ἑπομένους
634 2606 731 2656 τοῦ
779 2605 1044 2675 πονηροῦ,
1098 2598 1350 2656 δεικνύων
1402 2601 1486 2655 ὅτι
1534 2602 1632 2667 τῆν
1670 2599 1846 2654 εἰκόνα
1875 2606 1975 2667 τῆς

272 2695 372 2746 τοῦ
460 2692 589 2746 Καὶν
667 2687 994 2760 διασώζουσι
1071 2690 1359 2764 πονηρίας,
1431 2689 1678 2764 ἒλέγχων
1754 2688 1974 2751 αὐτοὺς,

273 2782 478 2853 Ὑμεῖς,
543 2778 725 2856 ἓλεγε,
792 2781 888 2844 τάς
977 2779 1264 2852 ἐπιθυμίας
1347 2783 1444 2835 τοῦ
1533 2779 1736 2852 πατρὸς
1823 2778 1973 2851 ὑμῶν

275 2870 459 2927 θέλετε
543 2876 719 2925 ποιεῖν
795 2874 894 2925 τοῦ
978 2868 1426 2944 ἀνθρωποκτόνου
1496 2887 1509 2902 °
1597 2867 1794 2929 ἐκεῖνος
1873 2869 1975 2942 γὰρ

275 2960 722 3034 ἀνθρωποκτόνος
800 2959 940 3014 ἐστὶν
1009 2960 1270 3035 ἀρχῆθεν,
1326 2957 1416 3012 καὶ
1487 2955 1539 3012 ἐν
1610 2959 1679 3028 τῇ
1745 2957 1978 3028 ἀληθείᾳ

273 3050 374 3106 οὐκ
401 3049 645 3120 ἕστηκεν.

348 3146 472 3195 KA'.
510 3143 790 3194 Κατανοεῖν
820 3139 1107 3212 προσήκει,
1148 3137 1302 3216 φησὶ,
1337 3140 1450 3198 πῶς
1492 3137 1526 3205 ἡ
1559 3138 1656 3190 τοῦ
1685 3134 1820 3190 κατά
1869 3142 1975 3210 γῆν

2093 1887 2466 1949 allegoricum
2520 1890 2782 1959 ﬁguraet
2840 1889 3030 1960 imago
3099 1891 3364 1944 omnium
3425 1897 3787 1958 peccatorum

2089 1978 2342 2032 erat.Sic
2391 1979 2542 2031 enim
2596 1979 2794 2032 Actami
2855 1979 3155 2049 progenies
3213 1984 3574 2049 transgressa
3625 1995 3788 2035 man-

2090 2068 2311 2132 datum,
2363 2071 2420 2122 et
2469 2076 2830 2137 peccatorum
2885 2085 2981 2123 rea
3037 2068 3283 2123 ﬂuctuat
3337 2069 3786 2138 cogitationibus

2091 2154 2389 2224 inquietis,
2427 2160 2608 2220 metu,
2665 2172 2892 2227 pavore,
2955 2157 3354 2227 pertubatione
3412 2157 3603 2228 plena.
3659 2158 3787 2227 Ipso

2090 2250 2363 2315 praeterea
2412 2245 2650 2300 inimico
2706 2248 3198 2316 concupiscentiis
3281 2253 3338 2301 et
3392 2246 3786 2316 voluptatibus

2089 2334 2261 2388 variis
2301 2351 2526 2389 omnem
2570 2351 2694 2406 quae
2727 2342 3061 2406 regenerata
3117 2353 3185 2391 ex
3216 2336 3330 2391 Deo
3363 2352 3476 2390 non
3522 2339 3620 2400 sit,
3653 2335 3785 2405 agi-

2091 2427 2246 2478 tante
2295 2424 2574 2478 animam.
2611 2431 2668 2480 et
2725 2431 2786 2479 ut
2854 2427 3113 2480 triticum
3175 2427 3234 2480 in
3293 2425 3499 2492 cribro,
3549 2439 3784 2480 sursum

2087 2515 2358 2567 deorsum
2391 2512 2672 2582 jactante.
2725 2515 2872 2578 Quid
2926 2515 3080 2585 quod
3137 2520 3195 2568 et
3251 2515 3404 2569 Deus
3458 2515 3577 2583 ipse
3617 2513 3788 2567 obse-

2089 2608 2334 2673 quentes
2391 2603 2791 2659 voluntatibus
2875 2603 3090 2658 diaboli
3165 2620 3264 2675 per
3321 2619 3448 2658 sese
3507 2602 3786 2666 concutit,

2087 2696 2495 2749 demonstrans
2535 2696 2691 2764 ipsos
2728 2694 3042 2763 imaginem
3096 2694 3392 2762 pravitatis
3433 2693 3595 2746 Caini
3646 2708 3787 2747 con-

2088 2799 2361 2840 servare:
2417 2786 2528 2851 Vos,
2581 2784 2793 2855 inquit,
2851 2783 3128 2838 desideria
3181 2784 3354 2852 patris
3401 2783 3572 2837 vestri
3619 2782 3784 2837 vultis

2086 2877 2274 2944 facere
2304 2875 2627 2938 homicidae;
2683 2875 2778 2928 ille
2832 2879 2979 2928 enim
3028 2873 3299 2928 homicida
3327 2877 3446 2927 erat
3476 2872 3543 2926 ab
3600 2873 3786 2938 initio,

2085 2966 2134 3016 et
2156 2963 2215 3016 in
2245 2965 2474 3016 veritate
2501 2979 2614 3015 non
2643 2963 2792 3016 stetit
2821 2961 2862 3016 ⁸.

3498 3142 3782 3210 quantum

2161 3142 2314 3198 180
2407 3140 2548 3194 XXI.
2657 3139 3028 3194 Considerare
3112 3139 3400 3205 convenit,

278 3227 548 3305 βασιλέως
597 3229 690 3282 θέα
753 3226 1086 3296 ἐπιπόθητός
1161 3225 1272 3281 ἐστι
1347 3226 1437 3280 καὶ
1513 3221 1975 3299 περισπούδαστος

2092 3238 2362 3303 aspectus
2417 3229 2634 3286 terreni
2685 3230 2836 3302 regis
2867 3230 3206 3294 desiderari,
3238 3234 3293 3284 et
3342 3201 3532 3300 quam-
3558 3228 3786 3282 ardenti

273 3325 392 3380 τοῖς
452 3320 760 3392 ἀνθρώποις
793 3337 807 3350 °
870 3320 954 3372 καὶ
1015 3321 1118 3380 πᾶς
1172 3317 1318 3378 ὅστις
1387 3316 1552 3372 πόλιν
1605 3311 1890 3387 ἐπιδημῶν
1930 3314 1982 3369 ἐν

274 3412 417 3484 ᾗπερ
478 3413 507 3464 ὁ
567 3409 845 3483 βασιλεὺς,
905 3408 1239 3480 ἐπιθυμητὸν
1301 3408 1448 3480 αὐτῷ
1504 3408 1591 3461 καὶ
1661 3405 1828 3480 μόνον
1883 3413 1982 3474 τῆς

277 3494 584 3576 περιϐολῆς
627 3497 758 3553 ἰδεῖν
787 3500 850 3553 τὸ
879 3497 1182 3560 πολυτελὲς
1223 3498 1313 3552 καὶ
1370 3497 1669 3572 φιλότιμον
1704 3514 1718 3528 ⁸
1753 3496 1905 3558 ἐκτὸς
1939 3495 1984 3549 εί

282 3593 356 3663 μή
402 3591 506 3644 ὑπὸ
535 3594 642 3644 τῶν
675 3593 1056 3662 πνευματικῶν
1102 3587 1388 3660 ἀμελεῖται
1435 3591 1600 3642 ταῦτα
1648 3587 1737 3641 καὶ
1787 3586 1984 3658 ἀτιμά-

280 3687 424 3751 ζεται
461 3700 473 3713 ⁸
503 3684 585 3751 τῷ
627 3679 794 3754 έτέρῳ
823 3677 1018 3733 κάλλει
1057 3680 1379 3752 τετρῶσθαι,
1411 3684 1502 3732 καί
1556 3675 1736 3744 ἄλλης
1793 3676 1987 3738 αὐτοὺς

278 3770 441 3846 δόξης
492 3770 792 3843 ἐπιθυμεῖν.
856 3768 915 3824 Εἰ
975 3767 1066 3823 οὖν
1122 3767 1264 3823 οὕτω
1312 3773 1428 3829 τοῖς
1469 3772 1746 3840 σαρκικοῖς
1805 3769 1838 3834 ἡ
1887 3769 1985 3821 τοῦ

276 3865 477 3931 θνητοῦ
534 3859 800 3936 βασιλέως
843 3857 1205 3914 ἒσπούδασται
1235 3857 1325 3911 θέα
1358 3874 1372 3888 ’
1422 3861 1538 3918 πῶς
1589 3853 1716 3930 οὐχὶ
1770 3853 1980 3926 μᾶλλον

275 3956 378 4006 τοῦ
427 3949 692 4006 ἀθανάτου
739 3947 1110 4023 πολυέραστος
1142 3945 1368 4008 ἐκείνοις
1411 3943 1576 4016 ἐστὶν,
1620 3945 1707 4007 οἷς
1748 3942 1986 4012 ἐνέσταξε

273 4062 354 4103 τις
412 4040 560 4112 ῥανὶς
617 4043 716 4093 τοῦ
773 4039 977 4116 ἀγαθοῦ
1037 4035 1374 4108 ῐῐνεύματος,
1428 4034 1517 4088 καί
1589 4035 1688 4101 τὴν
1758 4029 1980 4106 καρδίαν

273 4134 418 4192 θεῖος
469 4125 702 4199 ἔπληξεν
757 4128 893 4202 ἔρως
927 4147 941 4196 ;
975 4123 1064 4181 διά
1102 4130 1264 4180 τοῦτο
1314 4125 1403 4180 καὶ
1433 4123 1610 4194 πάσης
1638 4127 1735 4178 τοῦ
1772 4123 1984 4194 κόσμου

274 4218 466 4297 φιλίας
499 4218 719 4278 ἐαυτους
749 4215 1114 4286 λύουσιν,’ίνα
1163 4213 1435 4285 δυνηθεῖεν
1487 4212 1690 4268 ἐκεῖνον
1737 4213 1828 4266 τὸν
1880 4212 1984 4266 πό-

275 4311 368 4363 θον
427 4307 576 4382 ἒχειν
630 4303 912 4382 ἐγκάρδιον
991 4302 1275 4376 διηνεκῶς,
1355 4303 1444 4358 καὶ
1525 4299 1731 4374 μηδένα
1801 4297 1984 4375 ἕτερον

273 4397 381 4471 πρὸ
425 4397 651 4452 ἐκείνου.
686 4395 900 4470 Ὀλίγοι
951 4392 1006 4449 δὲ
1042 4392 1249 4468 κομιδῇ
1302 4392 1473 4460 οῦτοι,
1525 4389 1643 4468 οἶγε
1689 4395 1758 4464 τῇ
1805 4392 1982 4465 ἀγαθῇ

275 4486 424 4561 ἀρχῇ
467 4486 556 4540 καὶ
603 4487 769 4559 πέρας
831 4484 943 4538 ἴσον
1002 4483 1348 4552 ἐπιτιθέντες,
1413 4482 1504 4538 καὶ
1567 4483 1733 4555 μέχρι
1790 4479 1984 4541 τέλους

271 4575 617 4649 ἀπρόσκοποι
676 4572 1041 4646 διαμένοντες.
1104 4571 1312 4627 Πολλοὶ
1377 4572 1472 4645 μὲν
1541 4569 1980 4640 κατανύσσονται,

271 4667 358 4720 καὶ
411 4662 616 4719 πολλοὶ
675 4665 903 4739 χάριτος
953 4663 1214 4736 οὐρανίου
1281 4661 1512 4734 μέτοχοι
1578 4661 1838 4732 γίνονται,
1888 4660 1980 4714 καὶ

269 4750 434 4819 ἔρωτι
484 4755 875 4828 τιτρώσκονται
935 4753 1060 4824 θείῳ
1094 4771 1108 4787 ⁸
1161 4750 1307 4806 ἀλλά
1353 4752 1481 4813 τοὺς
1530 4748 1724 4821 μεταξύ
1755 4749 1976 4815 πόνους,

266 4846 360 4899 καὶ
393 4847 490 4906 τάς
518 4848 615 4897 τοῦ
663 4846 905 4916 πονηροῦ
934 4842 1120 4914 πείρας
1168 4840 1400 4914 ποικιλῃ
1450 4839 1619 4913 τέχνῃ
1670 4839 1757 4892 καὶ
1817 4838 1978 4893 πολυ-

266 4933 461 5007 τρόπῳ
511 4927 924 5005 προϐἁλλοντος
981 4930 1042 4985 οὐ
1112 4928 1497 5004 διενεγκόντες,
1558 4928 1846 5001 ὑπέμεινάν
1919 4948 1978 4982 τε

265 5027 347 5094 τῷ
395 5023 610 5095 κόσμῳ,
659 5021 750 5076 καὶ
792 5019 1116 5090 ἐϐυθίσησαν
1169 5020 1220 5074 ἐν
1287 5024 1366 5091 τῷ
1414 5019 1620 5073 ἐκείνου
1665 5020 1832 5091 βυθῷ,
1890 5014 1980 5072 διὰ

264 5113 498 5188 γνώμης
530 5112 846 5187 χαυνότητα
892 5112 980 5165 καὶ
1037 5110 1331 5177 ἀσθένειαν,
1382 5111 1416 5180 ἢ
1467 5109 1558 5164 καὶ
1608 5110 1671 5163 τὸ
1720 5128 1976 5180 προσπα-

268 5202 387 5273 θείᾳ
434 5207 542 5258 τῶν
582 5200 791 5276 γηΐνων
858 5200 1090 5257 ἁλῶναι.
1124 5203 1272 5255 Ὅσοι
1329 5201 1431 5275 γὰρ
1490 5199 1627 5272 πρὸς
1680 5197 1977 5277 ἀσφάλειαν

271 5292 443 5365 μέχρι
489 5289 682 5352 τέλους
726 5287 1042 5363 διαδραμεῖν
1095 5290 1412 5362 βούλονται,
1446 5287 1614 5343 ἄλλον
1666 5279 1840 5359 ἔρωτα
1885 5284 1976 5338 καὶ

266 5380 452 5450 ἄλλην
507 5379 721 5455 ἀγάπην
779 5384 849 5454 τῇ
925 5377 1234 5455 ἐπουρανίῳ
1299 5376 1472 5452 ἐκείνῃ
1563 5374 1976 5450 συμπαραμίξαι

269 5469 386 5544 οὐχ
416 5469 802 5542 ὑπομένουσιν.

1322 5643 1346 5678 ⁸
1372 5646 1536 5702 Joan.
1569 5657 1689 5708 vui,
1718 5641 1806 5696 44.

352 5642 376 5677 ⁸
404 5642 454 5698 II
485 5642 656 5701 Cor.x
692 5644 748 5703 5.
827 5645 848 5680 "
875 5643 1016 5713 Gen,
1048 5661 1126 5714 ιν,
1159 5645 1248 5704 12.

2089 3322 2385 3394 procurari
2433 3321 2626 3376 studio
2675 3321 2746 3375 ab
2781 3319 3119 3374 hominibus
3177 3319 3400 3373 soleat:
3435 3324 3491 3373 et
3521 3317 3785 3388 quisquis

2088 3412 2146 3466 in
2198 3413 2400 3466 urbem
2449 3409 2700 3474 advenit,
2753 3409 2851 3463 ubi
2895 3424 2991 3462 rex
3049 3407 3224 3476 degit,
3275 3407 3333 3460 in
3382 3422 3448 3460 eo
3518 3405 3787 3476 ﬂagranti

2086 3508 2347 3557 versatur
2366 3506 2518 3563 voto.
2550 3505 2627 3554 ut
2656 3498 2742 3554 vel
2800 3498 2983 3552 solum
3029 3497 3345 3567 pretiosum
3391 3496 3790 3566 splendidum-

2089 3607 2202 3661 que
2235 3590 2426 3660 palatii
2473 3591 2758 3643 ambitum
2803 3587 3030 3652 videat;
3067 3586 3176 3640 nisi
3214 3587 3357 3639 forte
3390 3585 3686 3655 quispiam
3717 3598 3788 3638 ex

2091 3683 2158 3736 iis
2188 3680 2282 3747 sit,
2318 3681 2412 3750 qui
2447 3684 2648 3733 sancto
2680 3694 2742 3732 se
2780 3677 3065 3731 dediderit
3096 3675 3354 3746 Spiritui,
3401 3678 3501 3744 qui
3530 3673 3650 3728 haec
3685 3677 3784 3727 in-

2090 3787 2266 3840 super
2323 3767 2550 3835 habeat,
2611 3783 2675 3820 ac
2733 3769 3117 3836 aspernetur;
3168 3765 3281 3818 alia
3353 3763 3782 3832 pulchritudine

2091 3861 2347 3928 saucius,
2381 3858 2646 3926 aliusque
2690 3855 2886 3927 gloriae
2927 3854 3193 3923 cupidus.
3227 3854 3284 3908 Si
3331 3869 3465 3922 ergo
3497 3854 3652 3906 carni
3687 3855 3786 3906 de-

2091 3951 2230 4004 ditis
2255 3948 2594 4003 hominibus
2633 3946 2774 4000 adeo
2822 3943 3152 4014 expetibilis
3208 3951 3497 4007 censetur,
3548 3946 3786 4010 tamque

2090 4039 2252 4094 avide
2283 4043 2550 4107 captatur
2606 4035 2871 4089 intuendi
2918 4033 3068 4101 regis
3102 4031 3367 4086 mortalis
3411 4031 3608 4099 copia;
3642 4045 3789 4099 quo-

2093 4129 2261 4182 modo
2301 4142 2413 4180 non
2447 4121 2975 4194 incomparabiliter
3005 4120 3257 4191 optanda
3292 4119 3476 4189 magis
3505 4115 3650 4171 visio
3673 4116 3788 4172 fue-

2089 4219 2164 4272 rit
2191 4214 2546 4269 immortalis
2571 4213 2757 4283 Regis,
2792 4213 2862 4266 iis
2910 4227 3049 4267 sane
3069 4210 3286 4281 quibus
3316 4207 3546 4279 guttula
3583 4206 3787 4262 saltem

2087 4306 2355 4376 inspersa
2378 4305 2641 4376 quaedam
2681 4301 2932 4374 Spiritus
2984 4301 3145 4364 boni,
3196 4298 3390 4352 divino
3451 4312 3646 4352 amore
3693 4312 3791 4350 cor

2087 4395 2466 4452 vulneraverit
2492 4393 2520 4447 ?
2549 4395 2910 4464 QuaprOpter
2956 4389 3052 4445 isti
3085 4389 3244 4444 omni
3279 4388 3483 4442 mundi
3533 4386 3791 4441 amicitia

2091 4502 2154 4540 se
2219 4485 2376 4555 ipsos
2432 4483 2755 4547 exsolvunt,
2807 4487 2872 4535 ut
2938 4480 3164 4552 possint
3232 4492 3584 4550 propensum
3633 4474 3788 4530 hunc

2017 4538 2058 4600 Β
2091 4538 2322 4643 semper
2363 4573 2420 4625 in
2470 4573 2639 4625 corde
2670 4538 2882 4624 habere
2912 4538 3192 4633 a‘morem,
3233 4538 3298 4621 .et
3339 4538 3439 4636 pro
3498 4565 3596 4619 illo
3655 4565 3786 4618 nul-

2093 4662 2211 4716 lum
2239 4661 2441 4716 alium.
2475 4661 2584 4716 Sed
2650 4661 2709 4715 hi
2768 4659 2936 4714 valde
2985 4658 3152 4729 pauci
3186 4661 3320 4710 sunt
3358 4656 3491 4725 :qui
3553 4653 3787 4724 quidem

2093 4753 2244 4807 bono
2290 4752 2575 4823 principio
2637 4766 2833 4820 parem
2892 4748 3066 4802 finem
3110 4749 3452 4815 adjungant,
3491 4747 3548 4796 et
3601 4755 3788 4810 usque

2087 4843 2156 4896 ad
2194 4847 2514 4896 extremum
2563 4839 2845 4893 inoffense
2896 4839 3279 4906 perseverent.
3315 4831 3475 4886 Multi
3505 4845 3784 4898 compun-

2088 4935 2336 4997 guntur;
2389 4927 2554 4983 multi
2616 4927 2809 4997 gratias
2858 4924 3107 4980 celestis
3160 4923 3309 4976 fiunt
3356 4920 3699 4991 participes;
3731 4922 3788 4972 et

2087 5035 2280 5075 amore
2326 5018 2522 5072 divino
2583 5017 2908 5080 feriuntur;
2945 5014 3046 5068 sed
3099 5013 3198 5082 qui
3250 5009 3406 5064 varie
3465 5025 3565 5080 per
3605 5009 3784 5061 vitam

2088 5107 2658 5170 incurruntlabores,
2693 5121 2796 5159 nec
2839 5102 3052 5158 diaboli
3093 5099 3440 5155 tentationes
3471 5103 3622 5151 artes
3655 5111 3786 5149 ver-

2087 5198 2348 5268 sutiaque
2379 5195 2564 5250 illatas
2624 5192 2930 5263 multiplici
2980 5191 3292 5255 sustinent,
3349 5193 3404 5242 et
3445 5187 3504 5241 in
3565 5185 3784 5239 mundo

2087 5294 2450 5358 permanent,
2501 5291 2554 5338 et
2584 5284 3007 5351 demerguntur
3036 5279 3091 5334 in
3147 5279 3274 5347 ejus
3309 5275 3597 5348 profunda
3627 5290 3786 5330 vora-

2084 5377 2236 5448 gine,
2265 5375 2339 5430 ob
2369 5373 2644 5443 propositi
2706 5371 3046 5442 languorem
3094 5374 3150 5422 et
3210 5365 3605 5422 inﬁrmitatem
3641 5384 3656 5422 :
3690 5364 3779 5420 vel

2085 5464 2258 5518 etiam
2315 5463 2466 5533 quod
2553 5460 2760 5515 affectu
2820 5465 3187 5514 terrenorum
3257 5453 3582 5526 capiantur.
3635 5456 3777 5520 Qui-
