4116 6210
321 343 438 400 883

1665 336 1731 394 S.
1778 331 2099 397 MAOARII
2142 334 2489 397 IEGYPTII

3716 333 3840 394 884

334 486 563 541 cunque
611 485 781 540 porro
821 469 1128 524 securitate
1182 467 1341 522 omni
1385 467 1694 536 perducere
1752 470 1822 522 ad
1884 474 2200 523 extremam
2260 478 2468 524 metam
2521 484 2762 526 cursum
2823 468 2978 524 hunc
3035 467 3258 536 volunt,
3318 465 3498 523 alium
3559 483 3844 539 amorem,

322 564 495 615 aliam
534 560 875 614 cbaritatem
910 559 1126 612 caelesti
1182 559 1502 612 admiscere
1552 558 1633 610 illi
1670 575 2032 628 nequaquam
2066 560 2377 614 sustinent.

393 650 565 705 XXII.
628 649 698 704 Ut
749 665 957 719 magna
1001 664 1238 717 prorsus
1295 653 1352 701 et
1417 647 1826 702 inenarrabilis
1876 649 2019 702 bona

2209 647 2334 705 κδ’.
2387 648 2592 719 Ὠσπερ
2653 646 2862 721 μεγάλα
2921 643 3136 716 δηλαδή
3197 646 3286 700 καὶ
3341 642 3712 720 ἀνεκόιήγητα
3754 637 3849 700 καὶ

322 748 456 796 sunt
488 758 614 811 quae
644 741 793 795 Deus
828 738 1132 809 promisit;
1166 739 1246 792 ita
1279 739 1476 792 multis
1509 739 1576 791 ad
1636 755 1836 792 eorum
1870 753 2024 792 asse-

321 834 610 887 cutinncm
647 848 794 900 opus
842 830 1139 884 laboribus
1199 839 1251 883 et
1283 829 1700 884 certaminibus
1729 837 1854 897 est;
1915 830 2024 884 iis-

321 939 426 991 que
458 939 586 975 cum
648 938 750 991 spe
783 938 848 974 ac
901 920 1011 973 fide
1065 918 1324 973 toleratis
1357 925 1414 972 et
1452 920 1762 990 susceptis.
1801 920 1915 974 Hoc
1954 937 2022 974 ex

323 1013 413 1066 bis
448 1011 652 1066 Christi
698 1013 888 1065 verbis
922 1016 1122 1080 patet:
1157 1011 1263 1077 Qui
1331 1009 1442 1063 vult
1498 1016 1618 1080 post
1674 1027 1760 1063 me
1817 1012 2020 1076 venire,

319 1103 542 1170 obiurget
571 1103 928 1160 semetipsum
967 1105 1016 1152 et
1049 1097 1209 1152 tollat
1248 1114 1460 1152 crucem
1489 1116 1645 1153 suam
1687 1105 1739 1154 el
1761 1107 2025 1170 sequatur

322 1193 447 1244 me”.
483 1191 551 1244 Et
599 1208 802 1244 rursus
837 1206 848 1242 :
883 1189 1005 1245 Nisi
1034 1189 1158 1258 quis
1215 1189 1389 1242 oderit
1444 1194 1654 1258 patrem
1688 1194 1735 1244 et
1768 1197 2020 1259 matrem,

321 1290 369 1334 et
399 1282 600 1348 fratres
632 1285 682 1334 et
713 1295 919 1333 scrores
951 1283 1002 1332 et
1041 1279 1218 1347 ﬁlios;
1247 1277 1423 1332 adhuc
1469 1285 1653 1332 autem
1673 1285 1721 1333 et
1751 1283 2021 1349 animam,

319 1387 513 1430 suam;
545 1387 649 1423 non
681 1375 850 1439 potest
908 1385 1053 1422 meus
1096 1384 1207 1422 esse
1265 1369 1564 1436 discipulus
1621 1368 1685 1424 ίο.
1755 1371 2024 1441 Plerique

321 1469 511 1515 autem
552 1460 850 1514 hominum
887 1460 969 1512 sic
1003 1459 1158 1511 stulti
1190 1463 1352 1521 sunt,
1391 1465 1453 1512 ut
1488 1475 1731 1528 regnum
1782 1461 2020 1529 quidem

321 1550 595 1619 Consequi
641 1550 837 1613 velint,
899 1553 956 1601 et
1013 1554 1236 1601 internas
1295 1548 1684 1602 beereditatem
1747 1550 1896 1614 vita,
1959 1567 2023 1606 ac

321 1641 549 1694 Christo
584 1639 640 1693 in
675 1655 860 1692 aevum
922 1655 1093 1692 omne
1141 1654 1540 1708 conregnare;
1575 1637 1627 1693 id
1691 1639 1842 1709 quod
1895 1658 2023 1694 ma-

319 1747 498 1800 gnum
537 1733 642 1788 est,
679 1733 733 1781 et
785 1744 1011 1782 omnem
1083 1729 1494 1798 cogitationem
1555 1736 1831 1798 superat;
1896 1747 2021 1800 pro-

320 1820 458 1890 priis
521 1828 706 1872 tamen
768 1817 1140 1888 obsequendo
1195 1818 1632 1883 voluntatibus;
1683 1819 1878 1872 sinon
1915 1837 2021 1890 po-

318 1911 436 1961 tius
495 1907 598 1971 illi,
645 1907 740 1976 qui
805 1922 953 1960 vana
1010 1907 1122 1960 ista
1180 1912 1234 1960 et
1295 1907 1598 1961 manifeste
1647 1908 1815 1962 noxia
1871 1907 2017 1978 ipsis

317 1998 577 2062 insidrnt.

391 2088 585 2152 X\lll,
620 2087 814 2158 Usque
865 2088 933 2142 ad
999 2088 1171 2143 flnem
1232 2105 1466 2143 cursum
1503 2089 1782 2144 inoffense
1839 2090 2022 2162 perfe-

317 2188 530 2246 rentes,
565 2179 618 2232 hi
670 2184 829 2244 sunt,
865 2179 958 2247 qui
992 2179 1191 2232 mundi
1223 2196 1425 2234 omnes
1481 2180 1829 2250 CUpiditates
1861 2187 1915 2236 et
1964 2196 2027 2234 se

316 2269 493 2338 ipsos,
556 2269 1163 2339 tranegressionesque
1232 2270 1356 2338 ejus
1434 2286 1501 2324 ac
1565 2271 1910 2340 voluptates.
1971 2272 2028 2322 et

315 2359 460 2412 circa
527 2358 691 2412 illum
727 2359 1131 2428 occupationes
1170 2360 1407 2412 omnino
1439 2360 1569 2414 odio
1625 2361 1858 2414 habent.
1904 2359 2023 2414 Hoc

314 2448 470 2500 enim
517 2457 598 2500 est
631 2453 913 2516 abnegure
963 2464 1024 2500 se
1078 2448 1292 2517 ipsum.
1326 2447 1512 2510 Quare
1549 2450 1779 2518 pr0pria
1820 2449 2024 2502 volun-

316 2541 432 2588 tate
465 2538 874 2605 unusquisque
908 2551 1079 2605 regno
1111 2536 1364 2601 eiicitur,
1397 2553 1463 2590 eo
1517 2537 1665 2605 quod
1719 2537 2025 2608 haudqua-

315 2639 489 2691 quam
526 2640 592 2677 cx
629 2625 866 2677 veritate
901 2622 1128 2678 labores
1159 2624 1356 2694 eligat,
1409 2629 1465 2678 et
1497 2642 1557 2678 se
1607 2625 1801 2695 ipsum
1851 2627 2022 2681 abne-

316 2713 758 2780 getznimirum
814 2713 1011 2766 volens
1075 2715 1150 2765 ita
1204 2713 1300 2766 Dei
1362 2713 1544 2766 amori
1605 2732 1669 2767 an
1737 2716 2023 2770 desiderio

321 2799 554 2863 servire,
591 2805 653 2852 ut
714 2799 886 2852 simul
939 2799 1208 2854 delectari
1264 2817 1492 2872 quoque
1554 2804 1736 2872 possit
1775 2805 2021 2874 quibus-

317 2889 447 2942 dam
481 2889 652 2957 hujus
696 2889 901 2944 mundi
935 2891 1126 2957 rebus,
1164 2907 1266 2944 nec
1300 2898 1485 2944 totum
1524 2908 1758 2946 necesse
1804 2893 1880 2946 sit
1912 2895 2022 2948 im-

319 2986 516 3048 petum
555 2983 797 3050 propriaa
849 2981 1166 3035 voluntatis
1224 2982 1339 3036 Deo
1374 2984 1617 3036 tradere.
1653 2981 1776 3037 Uno
1827 2990 2021 3038 autem

319 3069 578 3135 exemplo
625 3069 1013 3123 declarabitur
1049 3070 1100 3123 id
1137 3071 1288 3140 quod
1326 3071 1379 3123 in
1417 3073 1685 3125 manibus
1721 3072 2021 3128 habemus.

318 3158 634 3212 Diccrnens
683 3174 889 3228 nempe
950 3159 1226 3213 discernit
1277 3161 1700 3230 unusquisque,
1754 3178 1858 3216 nec
1892 3162 2023 3216 latet

317 3249 508 3317 ipsum
573 3248 789 3302 malum
853 3265 980 3302 esse
1029 3249 1134 3303 huc
1185 3250 1254 3302 ad
1307 3252 1459 3318 quod
1526 3252 1668 3304 forte
1733 3255 2018 3318 agendum

319 3339 637 3406 propendet
693 3337 948 3391 Primum
977 3339 1212 3406 quidem
1278 3338 1437 3393 intus
1496 3339 1552 3392 in
1612 3341 1781 3394 corde
1829 3344 2021 3395 obser-

318 3431 486 3478 vatur
516 3426 906 3496 ambiguitas;
970 3428 1160 3480 bilnnx
1191 3442 1322 3480 vero
1381 3443 1511 3481 cum
1560 3430 1701 3496 jugo
1733 3446 2020 3499 suspensa

317 3513 608 3566 inintima
655 3517 744 3567 sui
804 3514 986 3583 ipsius
1030 3516 1412 3580 conscientia,
1473 3517 1662 3586 palam
1699 3535 1912 3588 anceps
1961 3521 2020 3576 in

320 3602 629 3662 utrumvis,
668 3603 759 3655 Dei
795 3601 1017 3656 scilicet
1062 3610 1163 3657 aut
1191 3605 1395 3657 mundi
1430 3621 1687 3660 amorem
1737 3610 2018 3676 impetum

319 3690 476 3744 intus
511 3691 647 3744 facit
679 3708 692 3745 :
727 3697 781 3746 et
813 3698 951 3744 tunc
1001 3695 1154 3748 circa
1212 3695 1496 3750 exteriora
1553 3698 1764 3765 prodit.
1803 3698 2023 3752 Discer-

321 3797 463 3834 nens
506 3781 660 3834 enim
722 3784 832 3851 (ut
902 3782 1119 3836 dictum
1198 3784 1334 3855 est)
1391 3785 1668 3840 discernit
1751 3790 2019 3858 quisque.

321 3869 576 3936 Exempli
609 3886 802 3938 causa,
865 3873 1151 3942 quispiam
1188 3874 1330 3927 forte
1385 3891 1512 3927 cum
1550 3877 1725 3930 fratre
1782 3884 2037 3931 conten--

321 3963 482 4026 deus,
516 3963 762 4017 dissidet
795 3980 827 4016 a
859 3979 918 4016 se
948 3964 1092 4032 ipso.
1149 3970 1226 4019 Ac
1259 3967 1444 4033 primo
1477 3969 1756 4036 Opponit:
1794 3968 2018 4022 Dicam~

323 4069 386 4103 ne
409 4052 436 4104 ‘I
465 4069 533 4104 an
563 4070 673 4108 non
725 4052 916 4106 dicam
943 4053 970 4106 ?
1005 4071 1356 4121 reponamne
1386 4071 1512 4125 quae
1564 4055 1923 4112 ulciscantur
1956 4056 2023 4110 il-

320 4142 431 4195 lata
467 4142 611 4196 187
655 4142 795 4196 mibi
831 4144 1084 4212 probra?
1128 4146 1225 4198 sed
1263 4145 1452 4213 potius
1485 4145 1685 4199 silebo.
1732 4151 2020 4205 Tenemus

318 4229 414 4282 Dei
452 4232 764 4296 mandata;
801 4237 1070 4286 caeterum
1106 4233 1181 4285 ita
1215 4239 1275 4286 ut
1336 4238 1580 4303 propriis
1612 4251 1846 4305 quoque
1886 4254 2021 4293 cura

317 4317 572 4385 gloriola:
614 4335 723 4370 non
759 4319 1127 4388 negligatur;
1159 4321 1300 4373 adeo
1351 4321 1443 4375 vix
1495 4324 1787 4391 quISpiam
1851 4325 2019 4393 plene

317 4424 380 4459 ac
421 4407 666 4475 perfecte
725 4411 981 4461 animum
1034 4410 1284 4475 induxit,
1339 4429 1576 4482 prorsus
1637 4413 1692 4466 in
1741 4415 2015 4472 omnibus

315 4495 603 4563 ubnegnre
635 4512 715 4548 se.
748 4496 806 4548 Si
841 4513 974 4566 ergo
1007 4496 1088 4549 vel
1121 4500 1359 4552 minimo
1395 4507 1682 4554 momento
1715 4501 1848 4558 lanx
1877 4505 2016 4559 ami-

315 4583 459 4636 citiis
493 4585 800 4639 mundanze
851 4587 1051 4656 iugum
1115 4591 1342 4641 starerae
1404 4589 1458 4642 in
1521 4591 1693 4646 Corde
1751 4596 2013 4661 traxerit,

313 4672 511 4727 statim
551 4673 770 4730 malum
806 4676 1044 4730 verbum
1097 4677 1211 4733 exit
1245 4693 1428 4749 usque
1465 4680 1531 4732 ari
1569 4680 1766 4747 labra;
1804 4685 2013 4738 deinde

2131 737 2277 812 παρᾶ
2323 742 2420 792 τοῦ
2473 742 2608 792 Θεοῦ
2658 735 3038 810 ἐπηγγελμένα
3099 735 3394 814 πεφύκασιν
3462 735 3652 811 ἀγαθὰ,
3703 735 3848 790 οὕτω

2132 825 2220 878 καὶ
2252 823 2479 880 πολλῶν
2533 823 2704 880 δεῖται
2751 824 2932 879 πόνων
2991 845 3048 879 τε
3113 825 3201 878 καὶ
3273 824 3499 899 ἀγώνιον
3553 829 3663 880 τῶν
3732 825 3851 896 μετ’

2131 911 2356 976 ἐλπίδος
2387 914 2475 969 καὶ
2507 914 2742 975 πίστεως
2777 933 2790 947 '
2823 915 2912 969 καὶ
2948 911 3118 982 δῆλον
3152 913 3390 968 ἐντεῦθεν
3425 932 3439 946 ·
3474 911 3543 970 Ei’
3564 933 3648 974 τις
3700 912 3850 968 θὲλει

2135 1001 2310 1058 ὀπίσω
2381 1026 2487 1076 μου
2554 1003 2751 1072 ἐλθεῖν,
2817 1004 3214 1079 ἅπαρνησασθῳ
3279 1002 3486 1070 ἑαυτὸν,
3553 1003 3642 1057 καὶ
3713 1003 3849 1075 ἆρά-

2131 1116 2208 1148 τω
2275 1096 2365 1149 τὸν
2435 1097 2660 1170 σταυρὸν
2726 1094 2913 1163 αὐτοῦ,
2980 1096 3068 1148 καὶ
3138 1093 3507 1149 ἀκολουθείτω
3565 1114 3682 1166 μοι.
3747 1093 3851 1148 Καὶ

2133 1183 2298 1238 πάλιν
2351 1202 2364 1220 ⁸
2439 1186 2540 1240 Εὰν
2609 1187 2684 1259 μή
2752 1206 2835 1246 τις
2904 1187 3110 1258 μισήσῃ
3179 1183 3382 1258 πατὲρα
3447 1183 3536 1238 καὶ
3611 1183 3848 1256 μητέρα,

2134 1274 2226 1328 καὶ
2311 1272 2600 1350 ὰδελφοὺς,
2674 1276 2764 1329 καὶ
2857 1279 3100 1349 γυναῖκα,
3180 1275 3270 1327 καὶ
3354 1273 3531 1335 τέκνα,
3621 1271 3704 1328 ἔτι
3793 1271 3854 1328 δὶ

2137 1363 2226 1417 καὶ
2279 1366 2379 1431 τήν
2433 1366 2625 1420 ἑαυτοῦ
2675 1365 2883 1440 ψυχὴν,
2936 1365 3001 1419 οὐ
3052 1362 3267 1418 δύναταί
3317 1384 3421 1436 μου
3473 1363 3608 1418 εἶναι
3672 1365 3852 1436 μαθη-

2133 1456 2252 1523 τής.
2313 1455 2378 1510 Οἱ
2433 1459 2682 1509 πλεῖστοι
2735 1452 2792 1509 δὲ
2841 1459 2947 1508 τῶν
3004 1452 3304 1526 ἀνθρώπων
3371 1453 3544 1515 οὕτως
3619 1450 3851 1528 ’ἔχουσιν

2134 1544 2398 1615 ἂνόήτως,
2464 1545 2538 1606 ὡς
2597 1552 2695 1614 τῆς
2751 1543 3031 1619 βασιλείας
3077 1544 3353 1618 ἐπιτυχεῖν
3405 1543 3723 1619 βούλεσθαι,
3753 1545 3851 1598 καὶ

2134 1641 2230 1702 τῆς
2298 1635 2521 1690 αἰωνίου
2573 1635 2992 1709 κληρονομῆσαι
3058 1639 3228 1703 ζωῆς,
3288 1634 3378 1688 καὶ
3449 1637 3678 1707 Χριστῷ
3754 1631 3850 1688 διὰ

2128 1723 2321 1786 τέλους
2389 1720 2840 1796 συμϐασιλεῦσαι,
2896 1725 2958 1778 τὸ
3019 1723 3161 1799 μέγα
3213 1727 3375 1777 τοῦτο
3429 1723 3513 1776 καὶ
3580 1723 3716 1796 ὑπὲρ
3761 1719 3848 1777 ἔν-

2127 1835 2277 1867 νοιαν
2315 1832 2327 1848 ο
2373 1819 2488 1875 τοῖς
2533 1811 2696 1874 ἰδίοις
2751 1811 2807 1868 δὲ
2863 1818 3058 1883 ζῶντες
3119 1811 3416 1883 θελήμασι,
3474 1812 3564 1866 καὶ
3623 1814 3849 1873 τούτοις

2129 1902 2554 1964 ἀκολουθοῦντες
2589 1920 2602 1936 ο
2641 1901 2852 1976 μᾶλλον
2904 1901 2961 1956 δὲ
3002 1906 3082 1974 τῷ
3129 1900 3465 1977 ἐνσπείροντι
3517 1901 3582 1955 τὰ
3635 1905 3850 1974 μάταια

2127 1994 2312 2055 ταῦτα,
2344 1992 2432 2044 καὶ
2465 1995 2709 2064 φανερῶς
2759 1988 3025 2065 βλαβερά.

2198 2082 2319 2136 Kl".
2356 2080 2516 2135 Οὗτοί
2565 2081 2696 2134 εἰσιν
2755 2081 2806 2134 οἱ
2866 2080 3032 2154 μέχρι
3089 2078 3282 2141 τέλους
3337 2078 3578 2136 ἅπτωτοι
3612 2078 3848 2155 διερχό-

2133 2191 2308 2242 μενοι,
2340 2171 2391 2225 οἱ
2453 2172 2548 2232 τὰς
2577 2175 2675 2225 τοῦ
2731 2172 2942 2243 κόσμου
2998 2173 3172 2233 πάσας
3232 2169 3542 2243 ἐπιθυμίας,
3593 2172 3685 2225 καὶ
3727 2172 3852 2226 ἑαυ-

2129 2259 2278 2325 τούς,
2317 2260 2682 2335 μεθορισμοὺς
2711 2281 2770 2315 τε
2798 2260 2994 2314 τούτου
3047 2261 3135 2314 καὶ
3170 2258 3390 2330 ἡδονὰς,
3422 2262 3512 2315 καὶ
3559 2261 3655 2323 τὰς
3706 2264 3849 2333 πρὸς

2130 2347 2293 2402 αὐτὸν
2350 2348 2618 2423 ἀσχολίας
2669 2350 2729 2402 τὸ
2787 2350 3042 2420 παράπατ
3099 2351 3422 2421 μισήσαντες
3457 2366 3472 2382 ⁸
3523 2353 3683 2403 τοῦτο
3734 2351 3848 2425 γάρ

2132 2436 2242 2491 ἐστι
2301 2439 2363 2492 τὸ
2423 2439 2830 2512 ἀπαρνήσασθαι
2887 2437 3097 2493 ἑαυτόν.
3156 2440 3316 2494 Ὥστε
3377 2437 3504 2510 ἲδίῳ
3564 2437 3847 2511 θελήματι

2129 2524 2350 2588 ἓκασνος
2407 2534 2506 2594 τῆς
2568 2526 2847 2601 βασιλείας
2905 2523 3230 2582 ἐκϐάλλεται
3291 2545 3306 2558 ⁸
3364 2526 3442 2600 τῷ
3495 2529 3570 2599 μὴ
3620 2527 3674 2598 ἐξ
3708 2528 3854 2598 ἀλη-

2131 2615 2271 2676 θείας
2323 2614 2536 2670 ὶλέσθαι
2581 2616 2710 2678 τοὺς
2761 2616 2980 2677 πόνους.
3029 2616 3118 2670 καὶ
3169 2617 3355 2671 ἑαυτὸν
3410 2617 3848 2690 ἀπαρνήσασθαι,

2131 2703 2277 2760 ἀλλᾶ
2308 2705 2506 2759 ἐθέλειν
2540 2701 2617 2760 ἔτι
2663 2705 2798 2778 πρὸς
2835 2704 3024 2777 ἐκείνῳ
3054 2711 3133 2777 τῷ
3164 2707 3329 2777 θεῖ’κῷ
3376 2706 3551 2778 πόθῳ,
3583 2708 3675 2760 καὶ
3735 2729 3850 2762 τισι

2857 1279 3100 1349 γυναῖκα,

2129 2799 2226 2849 τοῦ
2282 2795 2476 2856 αἰῶνος
2533 2795 2728 2850 τούτου
2785 2793 3106 2866 συνήδεσθαι
3156 2814 3170 2828 ·

2133 2883 2267 2952 ὅλην
2325 2889 2422 2938 τοῦ
2475 2881 2616 2938 ἰδίου
2663 2884 2974 2956 θελήματος
3021 2887 3100 2955 τῲ
3150 2890 3266 2956 Θεῷ
3318 2883 3547 2944 διδόναι.
3601 2889 3679 2940 Δι’
3724 2887 3849 2948 ἑνὸς

2132 2971 2189 3028 δὲ
2247 2971 2648 3047 ὑποδείγματος
2707 2976 2990 3048 γνώρισμα
3057 2971 3202 3029 ἔσται
3266 2979 3346 3046 τῷ
3425 2975 3558 3047 μετὰ
3625 2981 3849 3051 χεῖρας.

2132 3065 2428 3137 Διακρίνων
2492 3065 2585 3135 μὲν
2643 3065 2746 3140 γὰρ
2807 3061 3066 3132 διακρίνει
3096 3063 3339 3134 ἕκαστος,
3371 3065 3459 3119 καὶ
3512 3064 3574 3119 οὐ
3605 3065 3850 3134 λέληθεν

2130 3154 2307 3214 αὐτὸν,
2343 3155 2424 3207 δτι
2457 3152 2656 3207 ἄτοπον
2705 3150 2830 3207 τόδε
2868 3153 3035 3228 τυχὸν
3092 3153 3224 3226 ὅπερ
3285 3154 3540 3228 ὥρμηται
3591 3162 3850 3223 ποιῆσαι.

2130 3249 2352 3314 Πρῶτον
2414 3243 2507 3313 μὲν
2564 3242 2666 3316 γὰρ
2727 3240 2856 3296 εἷ’σω
2924 3244 3061 3296 κατὰ
3117 3244 3216 3312 τὴν
3271 3240 3492 3316 καρδίαν
3549 3241 3855 3315 ἐπισημαί-

2130 3335 2344 3400 νεταιή
2393 3327 2746 3410 ἀμφιϐολία’
2809 3333 2842 3397 ἡ
2903 3333 3115 3404 στάθμη
3179 3329 3236 3386 δὶ
3301 3333 3390 3386 καὶ
3457 3334 3486 3386 6
3541 3335 3702 3405 ζυγὸς
3771 3339 3854 3406 τῷ

2133 3423 2324 3477 ἑαυτοῦ
2383 3419 2668 3492 συνειδότι,
2702 3422 2930 3497 φανερὰν
2976 3423 3242 3496 πρότερον
3285 3428 3388 3491 τῆς
3433 3443 3494 3477 τε
3537 3427 3636 3477 τοῦ
3690 3428 3852 3488 Θεοῦ,

2131 3513 2219 3566 καὶ
2273 3518 2372 3578 τῆς
2416 3515 2514 3564 τοῦ
2574 3511 2784 3582 κόσμου
2836 3511 3051 3585 ἀγάπης
3100 3513 3198 3581 τὴν
3256 3511 3431 3587 ῥοπὴν
3482 3509 3632 3566 ἔνδον
3673 3519 3851 3581 ποιεῖ,

2130 3600 2220 3656 καί
2275 3607 2398 3655 τότε
2471 3599 2592 3674 περὶ
2649 3601 2715 3654 τὰ
2767 3598 2868 3670 ἔξω
2923 3601 3157 3674 πρόεισι.
3219 3602 3520 3674 Διακρίνων
3581 3601 3710 3675 γὰρ,
3771 3603 3852 3665 ὡς

3229 2796 3319 2849 καὶ
3381 2798 3456 2866 μὴ
3507 2798 3608 2865 τήν
3661 2798 3846 2871 ῥοπὴν

2132 3691 2364 3766 εἴρηται,
2398 3689 2657 3764 διακρίνει
2687 3689 2912 3754 ἕκαστος
2945 3713 2956 3724 ·
3010 3694 3128 3746 οἷον
3175 3691 3220 3746 εἰ
3265 3693 3428 3766 τύχοι
3484 3696 3564 3764 τῷ
3623 3689 3852 3768 ἀδελφῷ

2133 3780 2665 3852 διαπληκτιζόμενος
2728 3786 2998 3850 στασιάζει
3048 3782 3183 3856 πρὸς
3235 3782 3449 3849 ἑαυτὸν,
3499 3788 3719 3856 πρῶτον
3755 3782 3850 3837 καὶ

2131 3870 2460 3940 ἂντιτίθησιν
2494 3890 2507 3904 ·
2572 3872 2772 3939 Εἶ’πω;
2833 3868 2978 3924 ἀλλὰ
3038 3873 3113 3942 μή
3167 3871 3304 3926 simu
3345 3891 3360 3906 ο
3420 3873 3847 3947 ἀντιφθέγξομαι

2129 3962 2266 4032 πρὸς
2313 3960 2469 4015 ταυτί
2519 3981 2613 4032 μοι
2662 3962 2730 4014 τὰ
2792 3958 3138 4035 ἐπενεχθέντα
3201 3958 3427 4029 όνείδης
3495 3960 3644 4016 ἀλλὰ
3710 3984 3848 4016 σιωε-

2128 4054 2378 4123 πήσομαι
2423 4049 2635 4121 μᾶλλον
2691 4069 2703 4082 ·
2755 4045 2957 4123 ἔχομεν
3007 4049 3099 4104 καὶ
3148 4051 3256 4105 τῶν
3287 4055 3420 4104 Θεοῦ
3461 4050 3700 4106 ἒντολῶν
3743 4056 3845 4126 (1)·

2127 4138 2274 4207 πλὴν
2321 4138 2467 4194 ἀλλὰ
2521 4139 2607 4193 καὶ
2676 4145 2776 4207 τῆς
2836 4137 2976 4200 ἰδίας
3051 4136 3211 4208 δόξης
3269 4139 3367 4194 οὐκ
3413 4140 3847 4214 ἀπερχομένη,

2129 4227 2253 4283 οὐδέ
2306 4230 2644 4284 παντάπασιν
2702 4229 2888 4284 ἑαυτὸν
2958 4227 3217 4301 ἑλόμενος
3285 4229 3719 4304 ἀπαρνήσασθαι.
3785 4232 3848 4287 Εἰ

2131 4316 2221 4372 οὖν
2253 4320 2345 4372 καὶ
2381 4319 2632 4391 μικρὸν-ἠ
2669 4317 2812 4390 ῥοπὴ
2845 4325 2946 4387 τῆς
2991 4323 3087 4373 τοῦ
3136 4320 3348 4391 κόσμου
3405 4320 3592 4395 φιλίας
3646 4321 3738 4374 τὸν
3794 4320 3848 4376 ἓν

2130 4412 2198 4482 τῇ
2248 4405 2442 4481 καρδίᾳ
2493 4409 2654 4484 ζυγὸν
2717 4407 3090 4478 καθελκύσειν,
3133 4408 3285 4470 εὐθὺς
3333 4410 3362 4463 6
3422 4410 3666 4481 πονηρὸς
3747 4409 3849 4466 λό-

2129 4518 2224 4572 γος
2256 4497 2497 4569 πρόεισιν
2528 4497 2662 4575 ἄχρι
2692 4500 2779 4551 καὶ
2812 4503 2918 4552 τῶν
2968 4496 3203 4574 χειλέων
3235 4515 3248 4530 °
3304 4499 3400 4553 εἶθ’
3445 4498 3628 4563 οὗτος,
3659 4499 3851 4556 ὡσπε-

2133 4587 2210 4659 ρεὶ
2265 4586 2416 4655 τόξον
2472 4587 2834 4658 ἐντεινόμενος
2895 4587 2922 4640 6
2981 4591 3105 4647 νοῦς
3176 4583 3411 4654 ἔνδοθεν,
3476 4586 3675 4660 βάλλει
3752 4591 3851 4644 τὸν

2130 4676 2369 4745 πλησίον
2429 4673 2516 4729 διὰ
2571 4682 2671 4743 τῆς
2727 4675 3004 4750 γλώττης,
3037 4677 3124 4730 καὶ
3181 4677 3345 4751 μεχρι
3391 4682 3614 4750 χειρῶν,
3651 4675 3767 4733 ἔστι
3801 4677 3848 4734 δ’

315 4779 500 4830 mens,
551 4769 827 4834 tanquam
872 4781 1067 4820 arcum
1105 4767 1262 4821 intus
1321 4772 1591 4833 tendens,
1620 4770 1914 4835 jaculatur
1963 4774 2017 4826 in

2198 4788 2219 4822 ε
2271 4770 2360 4820 καὶ
2407 4765 2758 4839 τραυμάτων,
2791 4763 2940 4820 ἀλλά
2988 4768 3075 4820 καὶ
3137 4769 3307 4820 αὐτοῦ
3339 4767 3526 4842 φόνου,
3559 4767 3623 4822 τὸ
3680 4770 3848 4823 κακὸν

315 4852 643 4921 proximum
682 4871 781 4921 per
837 4855 1106 4925 linguam.
1139 4855 1409 4926 Jurgium
1472 4858 1605 4912 inde
1653 4861 2020 4929 progreditur

310 4958 492 5013 usque
524 4943 590 4995 ad
629 4960 861 5011 manus,
895 4945 1187 5000 interdum
1224 4951 1280 5002 et
1311 4948 1586 5013 vulnera;
1621 4950 1759 5019 quin
1803 4956 1868 5004 a't
1907 4968 2016 5006 οω-

308 5033 438 5086 dem
472 5049 892 5103 nonnunquam
953 5034 1142 5106 ipsam
1206 5036 1324 5092 rixa
1358 5040 1636 5108 pervenit.
1676 5041 1751 5095 Ex
1784 5057 1898 5112 quo
1943 5043 2010 5096 li-

308 5122 775 5194 cetpcrspicere,
832 5126 984 5179 unde
1044 5126 1214 5180 ducto
1275 5129 1558 5200 principio
1617 5129 1672 5184 in
1735 5138 2013 5202 quantum

307 5214 542 5267 sceleris
595 5215 945 5284 processerit
1001 5216 1189 5271 brevis
1249 5217 1342 5271 ille
1413 5225 1606 5274 motus
1661 5220 1888 5276 animae.
1949 5223 2013 5276 Et

306 5315 371 5354 ex
432 5302 535 5356 boc
589 5302 854 5372 exemplo
915 5311 1138 5375 reputa,
1201 5306 1282 5360 sic
1340 5308 1408 5361 ad
1466 5309 1724 5378 singulos
1781 5311 2013 5367 evenire

375 5447 398 5482 9
433 5449 639 5506 Matth.
672 5469 788 5519 xvr,
820 5453 910 5509 2’1.
945 5453 988 5488 ¹⁰
1020 5454 1160 5512 Luc.
1186 5472 1302 5522 xw,
1361 5457 1450 5512 26.

2127 4859 2392 4929 πρόεισιν.
2456 4857 2664 4924 ’Ἔξεστι
2723 4855 2904 4910 τοίνυν
2955 4857 3042 4910 καὶ
3102 4858 3474 4931 παραθεωρεῖν
3560 4857 3680 4912 ὅθεν
3759 4859 3848 4931 ἀρ-

2127 4948 2351 5020 ξάμενον
2413 4946 2527 4999 οἷον
2578 4939 2787 5018 προέϐη
2840 4943 3019 5000 δεινοῦ
3073 4947 3137 5000 τὸ
3197 4947 3377 5020 βραχυ
3425 4945 3586 5000 τοῦτο
3635 4947 3845 5020 κίνημα

2124 5045 2223 5104 τῆς
2273 5039 2480 5108 ψυχῆς.
2532 5034 2692 5089 Οὕτω
2739 5034 2851 5089 νόει
2901 5055 3015 5106 μοι,
3065 5036 3151 5089 καὶ
3207 5035 3284 5097 εἰς
3331 5034 3386 5090 ’ἑν
3431 5033 3652 5094 ἕκαστον
3705 5059 3839 5109 συμ-

2125 5125 2326 5184 ϐαίνειν
2384 5128 2686 5200 ἁμάρτημά
2766 5148 2826 5182 τε
2880 5127 2969 5180 καὶ
3057 5125 3416 5202 ἐπιτήδευμα,
3472 5136 3574 5196 τῆς
3652 5131 3842 5192 κακίας

2123 5217 2529 5286 κολακευοῦσης
2587 5239 2644 5272 τε
2691 5217 2781 5272 καὶ
2851 5219 3268 5291 περισαινούσης
3324 5220 3387 5272 τὸ
3455 5218 3674 5290 θέλημα
3738 5223 3839 5288 τῆς

2123 5311 2308 5382 ψυχῆς
2383 5305 2696 5379 ἐπιθυμίαις
2753 5311 3045 5380 κοσμικαῖς
3121 5307 3212 5361 καὶ
3291 5307 3487 5383 σαρκὸς
3560 5305 3836 5377 ἡδοναῖς’

373 5573 779 5660 (1).’“¹1ξᾈομτεν,Δ
797 5595 848 5631 κ.
882 5597 933 5631 τ.
969 5576 1047 5660 λ.]
1082 5580 1250 5660 Forte
1308 5581 1418 5652 leg.
1474 5576 1702 5658 i-z'xoiur
1737 5587 1827 5640 καὶ
1886 5589 1992 5639 τῶν

2240 5581 2524 5655 ἐντολῶν;
2583 5583 2759 5660 πλὴν,
2802 5606 2854 5643 κ.
2912 5606 2965 5644 τ.
2998 5583 3052 5642 λ.
3093 5588 3458 5647 Adhazrebonc
3511 5593 3686 5647 etiam
3743 5592 3838 5648 Dei

304 5645 625 5702 mandatis?
653 5645 730 5700 Sic
761 5655 942 5704 tamen
971 5645 1058 5716 ut,
1091 5654 1200 5706 etc.
