  <div class='ocr_page' id='page_1' title='image "/cluster/home/n/w/nwhite01/storage/ocr_20150623/34/hvd.32044073501835/452.png"; bbox 0 0 4082 6196; ppageno 0'>
   <div class='ocr_carea' id='block_1_1' title="bbox 234 289 352 350">
    <p class='ocr_par' dir='ltr' id='par_1_1' title="bbox 234 289 352 350">
     <span class='ocr_line' id='line_1_1' title="bbox 234 289 352 350; baseline 0.034 -3"><span class='ocrx_word' id='word_1_1' title='bbox 234 289 352 350; x_wconf 81' lang='grc'>885</span> 
     </span>
    </p>
   </div>
   <div class='ocr_carea' id='block_1_2' title="bbox 1203 289 2789 358">
    <p class='ocr_par' dir='ltr' id='par_1_2' title="bbox 1203 289 2789 358">
     <span class='ocr_line' id='line_1_2' title="bbox 1203 289 2789 358; baseline 0.004 -7"><span class='ocrx_word' id='word_1_2' title='bbox 1203 289 1436 352; x_wconf 79' lang='lat' dir='ltr'>LIBER</span> <span class='ocrx_word' id='word_1_3' title='bbox 1479 293 1584 352; x_wconf 91' lang='lat' dir='ltr'>DE</span> <span class='ocrx_word' id='word_1_4' title='bbox 1627 293 2050 358; x_wconf 80' lang='lat' dir='ltr'>PATIENTIA</span> <span class='ocrx_word' id='word_1_5' title='bbox 2094 295 2194 358; x_wconf 80' lang='lat' dir='ltr'>ET</span> <span class='ocrx_word' id='word_1_6' title='bbox 2239 295 2789 358; x_wconf 81' lang='lat' dir='ltr'>DlSCRETIONE.</span> 
     </span>
    </p>
   </div>
   <div class='ocr_carea' id='block_1_3' title="bbox 3643 303 3763 364">
    <p class='ocr_par' dir='ltr' id='par_1_3' title="bbox 3643 303 3763 364">
     <span class='ocr_line' id='line_1_3' title="bbox 3643 303 3763 364; baseline 0 0"><span class='ocrx_word' id='word_1_7' title='bbox 3643 303 3763 364; x_wconf 88' lang='lat'>886</span> 
     </span>
    </p>
   </div>
   <div class='ocr_carea' id='block_1_4' title="bbox 234 418 2230 502">
    <p class='ocr_par' dir='ltr' id='par_1_4' title="bbox 234 418 2230 499">
     <span class='ocr_line' id='line_1_4' title="bbox 234 418 2230 499; baseline 0.004 -28"><span class='ocrx_word' id='word_1_8' title='bbox 234 419 411 482; x_wconf 79' lang='grc' dir='ltr'>οὕτως</span> <span class='ocrx_word' id='word_1_9' title='bbox 461 420 806 497; x_wconf 77' lang='grc' dir='ltr'>ἀπαρτίζεται</span> <span class='ocrx_word' id='word_1_10' title='bbox 842 420 1088 499; x_wconf 78' lang='grc' dir='ltr'>μοιχεία,</span> <span class='ocrx_word' id='word_1_11' title='bbox 1123 418 1264 476; x_wconf 72' lang='grc' dir='ltr'>οὕτω</span> <span class='ocrx_word' id='word_1_12' title='bbox 1309 419 1516 488; x_wconf 78' lang='grc' dir='ltr'>κλοπὴ,</span> <span class='ocrx_word' id='word_1_13' title='bbox 1545 420 1690 476; x_wconf 76' lang='grc' dir='ltr'>οὕτω</span> <span class='ocrx_word' id='word_1_14' title='bbox 1723 421 1932 478; x_wconf 87' lang='grc' dir='ltr'>πλεον-</span> <span class='ocrx_word' id='word_1_15' title='bbox 1967 429 2022 494; x_wconf 85' lang='grc' dir='ltr'><strong>Α</strong></span> <span class='ocrx_word' id='word_1_16' title='bbox 2053 426 2230 496; x_wconf 77' lang='lat' dir='ltr'>lapsu:</span> 
     </span>
    </p>
   </div>
   <div class='ocr_carea' id='block_1_5' title="bbox 2131 418 3762 502">
    <p class='ocr_par' dir='ltr' id='par_1_5' title="bbox 2131 427 3762 502">
     <span class='ocr_line' id='line_1_5' title="bbox 2131 427 3762 502; baseline 0.006 -22"><span class='ocrx_word' id='word_1_17' title='bbox 2131 444 2254 484; x_wconf 76' lang='lat' dir='ltr'>)sus</span> <span class='ocrx_word' id='word_1_18' title='bbox 2301 427 2360 482; x_wconf 92' lang='lat' dir='ltr'>in</span> <span class='ocrx_word' id='word_1_19' title='bbox 2411 433 2646 498; x_wconf 84' lang='lat' dir='ltr'>peccata</span> <span class='ocrx_word' id='word_1_20' title='bbox 2687 429 2772 484; x_wconf 86' lang='lat' dir='ltr'>vel</span> <span class='ocrx_word' id='word_1_21' title='bbox 2824 447 3000 500; x_wconf 87' lang='lat' dir='ltr'>prava</span> <span class='ocrx_word' id='word_1_22' title='bbox 3031 431 3263 496; x_wconf 87' lang='lat' dir='ltr'>studia;</span> <span class='ocrx_word' id='word_1_23' title='bbox 3301 431 3518 486; x_wconf 85' lang='lat' dir='ltr'>malitia</span> <span class='ocrx_word' id='word_1_24' title='bbox 3551 434 3762 502; x_wconf 85' lang='lat' dir='ltr'>ubique</span> 
     </span>
    </p>
   </div>
   <div class='ocr_carea' id='block_1_6' title="bbox 235 509 1938 586">
    <p class='ocr_par' dir='ltr' id='par_1_6' title="bbox 235 509 1938 586">
     <span class='ocr_line' id='line_1_6' title="bbox 235 509 1938 586; baseline 0.002 -24"><span class='ocrx_word' id='word_1_25' title='bbox 235 509 368 578; x_wconf 77' lang='grc' dir='ltr'>εξία,</span> <span class='ocrx_word' id='word_1_26' title='bbox 403 510 544 564; x_wconf 73' lang='grc' dir='ltr'>οὕτω</span> <span class='ocrx_word' id='word_1_27' title='bbox 602 511 690 566; x_wconf 84' lang='grc' dir='ltr'>καὶ</span> <span class='ocrx_word' id='word_1_28' title='bbox 746 509 1044 586; x_wconf 76' lang='grc' dir='ltr'>κενοδοξία,</span> <span class='ocrx_word' id='word_1_29' title='bbox 1095 509 1238 566; x_wconf 73' lang='grc' dir='ltr'>οὕτω</span> <span class='ocrx_word' id='word_1_30' title='bbox 1296 510 1383 564; x_wconf 78' lang='grc' dir='ltr'>καὶ</span> <span class='ocrx_word' id='word_1_31' title='bbox 1442 515 1544 566; x_wconf 73' lang='grc' dir='ltr'>πᾶν</span> <span class='ocrx_word' id='word_1_32' title='bbox 1602 512 1782 566; x_wconf 78' lang='grc' dir='ltr'>ὁτιοῦν</span> <span class='ocrx_word' id='word_1_33' title='bbox 1842 533 1938 568; x_wconf 83' lang='grc' dir='ltr'>πο-</span> 
     </span>
    </p>
   </div>
   <div class='ocr_carea' id='block_1_7' title="bbox 230 599 422 672">
    <p class='ocr_par' dir='ltr' id='par_1_7' title="bbox 230 599 422 672">
     <span class='ocr_line' id='line_1_7' title="bbox 230 599 422 672; baseline -0.005 -20"><span class='ocrx_word' id='word_1_34' title='bbox 230 620 294 670; x_wconf 85' lang='grc' dir='ltr'>νη</span> <span class='ocrx_word' id='word_1_35' title='bbox 303 599 422 672; x_wconf 86' lang='grc' dir='ltr'>ρόν.</span> 
     </span>
    </p>
   </div>
   <div class='ocr_carea' id='block_1_8' title="bbox 2049 515 3759 591">
    <p class='ocr_par' dir='ltr' id='par_1_8' title="bbox 2049 515 3759 591">
     <span class='ocr_line' id='line_1_8' title="bbox 2049 515 3759 591; baseline 0.005 -21"><span class='ocrx_word' id='word_1_36' title='bbox 2049 515 2482 572; x_wconf 77' lang='lat' dir='ltr'>adulationibus</span> <span class='ocrx_word' id='word_1_37' title='bbox 2529 519 2886 586; x_wconf 85' lang='lat' dir='ltr'>quibusdam</span> <span class='ocrx_word' id='word_1_38' title='bbox 2949 519 3370 586; x_wconf 84' lang='lat' dir='ltr'>blanditiisque</span> <span class='ocrx_word' id='word_1_39' title='bbox 3440 522 3759 591; x_wconf 89' lang='lat' dir='ltr'>pelliciente</span> 
     </span>
    </p>
   </div>
   <div class='ocr_carea' id='block_1_9' title="bbox 2049 605 3757 677">
    <p class='ocr_par' dir='ltr' id='par_1_9' title="bbox 2049 605 3757 677">
     <span class='ocr_line' id='line_1_9' title="bbox 2049 605 3757 677; baseline 0.005 -20"><span class='ocrx_word' id='word_1_40' title='bbox 2049 605 2404 660; x_wconf 74' lang='lat' dir='ltr'>voluntatem</span> <span class='ocrx_word' id='word_1_41' title='bbox 2437 605 2640 660; x_wconf 72' lang='lat' dir='ltr'>animae</span> <span class='ocrx_word' id='word_1_42' title='bbox 2673 609 2730 662; x_wconf 87' lang='lat' dir='ltr'>in</span> <span class='ocrx_word' id='word_1_43' title='bbox 2770 609 3123 677; x_wconf 75' lang='lat' dir='ltr'>cupiditates</span> <span class='ocrx_word' id='word_1_44' title='bbox 3175 613 3520 676; x_wconf 74' lang='lat' dir='ltr'>mundanas,</span> <span class='ocrx_word' id='word_1_45' title='bbox 3543 615 3599 664; x_wconf 91' lang='lat' dir='ltr'>et</span> <span class='ocrx_word' id='word_1_46' title='bbox 3629 627 3757 665; x_wconf 88' lang='lat' dir='ltr'>car-</span> 
     </span>
    </p>
   </div>
   <div class='ocr_carea' id='block_1_10' title="bbox 235 691 3760 769">
    <p class='ocr_par' dir='ltr' id='par_1_10' title="bbox 235 691 3760 769">
     <span class='ocr_line' id='line_1_10' title="bbox 235 691 3760 769; baseline 0.003 -25"><span class='ocrx_word' id='word_1_47' title='bbox 235 691 328 746; x_wconf 84' lang='lat' dir='ltr'>nis</span> <span class='ocrx_word' id='word_1_48' title='bbox 360 691 700 762; x_wconf 83' lang='lat' dir='ltr'>voluptates.</span> <span class='ocrx_word' id='word_1_49' title='bbox 735 693 824 748; x_wconf 89' lang='lat' dir='ltr'>Sic</span> <span class='ocrx_word' id='word_1_50' title='bbox 867 697 1229 765; x_wconf 78' lang='lat' dir='ltr'>perpetretur</span> <span class='ocrx_word' id='word_1_51' title='bbox 1275 691 1652 760; x_wconf 78' lang='lat' dir='ltr'>adulterium,</span> <span class='ocrx_word' id='word_1_52' title='bbox 1710 692 1790 747; x_wconf 89' lang='lat' dir='ltr'>sic</span> <span class='ocrx_word' id='word_1_53' title='bbox 1841 693 2086 761; x_wconf 83' lang='lat' dir='ltr'>furtum,</span> <span class='ocrx_word' id='word_1_54' title='bbox 2129 693 2214 750; x_wconf 87' lang='lat' dir='ltr'>sic</span> <span class='ocrx_word' id='word_1_55' title='bbox 2265 693 2520 764; x_wconf 80' lang='lat' dir='ltr'>avaritia,</span> <span class='ocrx_word' id='word_1_56' title='bbox 2559 695 2642 752; x_wconf 88' lang='lat' dir='ltr'>sic</span> <span class='ocrx_word' id='word_1_57' title='bbox 2697 714 2841 752; x_wconf 86' lang='lat' dir='ltr'>vana</span> <span class='ocrx_word' id='word_1_58' title='bbox 2885 699 3190 769; x_wconf 75' lang='lat' dir='ltr'>gloriatio;</span> <span class='ocrx_word' id='word_1_59' title='bbox 3233 699 3315 754; x_wconf 86' lang='lat' dir='ltr'>sic</span> <span class='ocrx_word' id='word_1_60' title='bbox 3367 717 3540 756; x_wconf 91' lang='lat' dir='ltr'>omne</span> <span class='ocrx_word' id='word_1_61' title='bbox 3605 700 3760 754; x_wconf 84' lang='lat' dir='ltr'>aliud</span> 
     </span>
    </p>
   </div>
   <div class='ocr_carea' id='block_1_11' title="bbox 231 781 1045 852">
    <p class='ocr_par' dir='ltr' id='par_1_11' title="bbox 231 781 1045 852">
     <span class='ocr_line' id='line_1_11' title="bbox 231 781 1045 852; baseline 0.005 -18"><span class='ocrx_word' id='word_1_62' title='bbox 231 781 496 850; x_wconf 86' lang='lat' dir='ltr'>cujusvis</span> <span class='ocrx_word' id='word_1_63' title='bbox 535 784 770 852; x_wconf 80' lang='lat' dir='ltr'>generis</span> <span class='ocrx_word' id='word_1_64' title='bbox 803 783 1045 838; x_wconf 82' lang='lat' dir='ltr'>malum.</span> 
     </span>
    </p>
   </div>
   <div class='ocr_carea' id='block_1_12' title="bbox 309 868 1941 942">
    <p class='ocr_par' dir='ltr' id='par_1_12' title="bbox 309 868 1941 942">
     <span class='ocr_line' id='line_1_12' title="bbox 309 868 1941 942; baseline 0.001 -18"><span class='ocrx_word' id='word_1_65' title='bbox 309 871 428 926; x_wconf 63' lang='lat' dir='ltr'>KA&#39;.</span> <span class='ocrx_word' id='word_1_66' title='bbox 489 869 588 924; x_wconf 84' lang='grc' dir='ltr'>Καὶ</span> <span class='ocrx_word' id='word_1_67' title='bbox 647 869 782 926; x_wconf 65' lang='grc' dir='ltr'>αὐτὰ</span> <span class='ocrx_word' id='word_1_68' title='bbox 844 871 910 926; x_wconf 74' lang='grc' dir='ltr'>τά</span> <span class='ocrx_word' id='word_1_69' title='bbox 978 868 1122 926; x_wconf 73' lang='grc' dir='ltr'>καλὰ</span> <span class='ocrx_word' id='word_1_70' title='bbox 1191 868 1464 936; x_wconf 76' lang='grc' dir='ltr'>πολλάκις</span> <span class='ocrx_word' id='word_1_71' title='bbox 1536 869 1941 942; x_wconf 67' lang='grc' dir='ltr'>ἐπιτηδεύματα</span> 
     </span>
    </p>
   </div>
   <div class='ocr_carea' id='block_1_13' title="bbox 236 955 1943 1035">
    <p class='ocr_par' dir='ltr' id='par_1_13' title="bbox 236 955 1943 1035">
     <span class='ocr_line' id='line_1_13' title="bbox 236 955 1943 1035; baseline 0.002 -23"><span class='ocrx_word' id='word_1_72' title='bbox 236 955 328 1016; x_wconf 67' lang='grc' dir='ltr'>διά</span> <span class='ocrx_word' id='word_1_73' title='bbox 379 961 537 1028; x_wconf 75' lang='grc' dir='ltr'>κενὴν</span> <span class='ocrx_word' id='word_1_74' title='bbox 600 956 756 1030; x_wconf 76' lang='grc' dir='ltr'>δόξαν</span> <span class='ocrx_word' id='word_1_75' title='bbox 815 960 1192 1016; x_wconf 83' lang='grc' dir='ltr'>ἐπιτελεῖται·</span> <span class='ocrx_word' id='word_1_76' title='bbox 1253 961 1386 1035; x_wconf 78' lang='grc' dir='ltr'>ὅπερ</span> <span class='ocrx_word' id='word_1_77' title='bbox 1445 958 1557 1014; x_wconf 61' lang='grc' dir='ltr'>ἴσον</span> <span class='ocrx_word' id='word_1_78' title='bbox 1610 959 1827 1026; x_wconf 81' lang='grc' dir='ltr'>κλοπῆς</span> <span class='ocrx_word' id='word_1_79' title='bbox 1885 981 1943 1016; x_wconf 84' lang='grc' dir='ltr'>τε</span> 
     </span>
    </p>
   </div>
   <div class='ocr_carea' id='block_1_14' title="bbox 233 1047 1942 1126">
    <p class='ocr_par' dir='ltr' id='par_1_14' title="bbox 233 1047 1942 1126">
     <span class='ocr_line' id='line_1_14' title="bbox 233 1047 1942 1126; baseline 0.001 -22"><span class='ocrx_word' id='word_1_80' title='bbox 233 1048 326 1104; x_wconf 80' lang='grc' dir='ltr'>καὶ</span> <span class='ocrx_word' id='word_1_81' title='bbox 377 1047 624 1124; x_wconf 66' lang='grc' dir='ltr'>ἀκηδίας,</span> <span class='ocrx_word' id='word_1_82' title='bbox 675 1051 764 1106; x_wconf 81' lang='grc' dir='ltr'>καὶ</span> <span class='ocrx_word' id='word_1_83' title='bbox 823 1057 929 1106; x_wconf 81' lang='grc' dir='ltr'>τῶν</span> <span class='ocrx_word' id='word_1_84' title='bbox 987 1049 1174 1106; x_wconf 72' lang='grc' dir='ltr'>ἄλλων</span> <span class='ocrx_word' id='word_1_85' title='bbox 1234 1049 1486 1126; x_wconf 84' lang='grc' dir='ltr'>μεγάλων</span> <span class='ocrx_word' id='word_1_86' title='bbox 1533 1049 1942 1124; x_wconf 70' lang='grc' dir='ltr'>ἁμαρτημάτων</span> 
     </span>
    </p>
   </div>
   <div class='ocr_carea' id='block_1_15' title="bbox 237 1137 1944 1219">
    <p class='ocr_par' dir='ltr' id='par_1_15' title="bbox 237 1137 1944 1219">
     <span class='ocr_line' id='line_1_15' title="bbox 237 1137 1944 1219; baseline 0.002 -28"><span class='ocrx_word' id='word_1_87' title='bbox 237 1141 318 1208; x_wconf 81' lang='grc' dir='ltr'>τῷ</span> <span class='ocrx_word' id='word_1_88' title='bbox 369 1143 484 1210; x_wconf 84' lang='grc' dir='ltr'>Θεῷ</span> <span class='ocrx_word' id='word_1_89' title='bbox 541 1140 804 1212; x_wconf 76' lang='grc' dir='ltr'>κρίνεται.</span> <span class='ocrx_word' id='word_1_90' title='bbox 866 1145 922 1196; x_wconf 81' lang='lat' dir='ltr'>&#39;O</span> <span class='ocrx_word' id='word_1_91' title='bbox 993 1142 1121 1202; x_wconf 81' lang='grc' dir='ltr'>Θεὸς</span> <span class='ocrx_word' id='word_1_92' title='bbox 1175 1141 1301 1214; x_wconf 75' lang='grc' dir='ltr'>γὰρ,</span> <span class='ocrx_word' id='word_1_93' title='bbox 1379 1139 1568 1219; x_wconf 72' lang='grc' dir='ltr'>φησὶν,</span> <span class='ocrx_word' id='word_1_94' title='bbox 1629 1137 1944 1214; x_wconf 82' lang='grc' dir='ltr'>διεσκόρπι-</span> 
     </span>
    </p>
   </div>
   <div class='ocr_carea' id='block_1_16' title="bbox 239 1227 1942 1304">
    <p class='ocr_par' dir='ltr' id='par_1_16' title="bbox 239 1227 1942 1304">
     <span class='ocr_line' id='line_1_16' title="bbox 239 1227 1942 1304; baseline 0.001 -23"><span class='ocrx_word' id='word_1_95' title='bbox 239 1249 328 1284; x_wconf 86' lang='grc' dir='ltr'>σεν</span> <span class='ocrx_word' id='word_1_96' title='bbox 414 1227 545 1283; x_wconf 83' lang='grc' dir='ltr'>ὀστᾶ</span> <span class='ocrx_word' id='word_1_97' title='bbox 628 1229 1136 1304; x_wconf 80' lang='grc' dir='ltr'>ἀνθρωπαρέσκων·</span> <span class='ocrx_word' id='word_1_98' title='bbox 1209 1230 1348 1285; x_wconf 85' lang='grc' dir='ltr'>ὥστε</span> <span class='ocrx_word' id='word_1_99' title='bbox 1438 1229 1528 1284; x_wconf 82' lang='grc' dir='ltr'>καὶ</span> <span class='ocrx_word' id='word_1_100' title='bbox 1615 1228 1684 1284; x_wconf 88' lang='grc' dir='ltr'>δι’</span> <span class='ocrx_word' id='word_1_101' title='bbox 1767 1229 1942 1284; x_wconf 77' lang='grc' dir='ltr'>αὐτῶν</span> 
     </span>
    </p>
   </div>
   <div class='ocr_carea' id='block_1_17' title="bbox 235 1315 1944 1392">
    <p class='ocr_par' dir='ltr' id='par_1_17' title="bbox 235 1315 1944 1392">
     <span class='ocr_line' id='line_1_17' title="bbox 235 1315 1944 1392; baseline -0.001 -19"><span class='ocrx_word' id='word_1_102' title='bbox 235 1321 350 1373; x_wconf 86' lang='grc' dir='ltr'>τῶν</span> <span class='ocrx_word' id='word_1_103' title='bbox 423 1315 608 1372; x_wconf 80' lang='grc' dir='ltr'>καλῶν</span> <span class='ocrx_word' id='word_1_104' title='bbox 687 1319 1067 1392; x_wconf 72' lang='grc' dir='ltr'>ὑπηρετεῖσθαι</span> <span class='ocrx_word' id='word_1_105' title='bbox 1138 1319 1227 1374; x_wconf 82' lang='grc' dir='ltr'>καὶ</span> <span class='ocrx_word' id='word_1_106' title='bbox 1305 1319 1688 1392; x_wconf 77' lang='grc' dir='ltr'>Θεραπεύεσϐαι</span> <span class='ocrx_word' id='word_1_107' title='bbox 1764 1320 1791 1374; x_wconf 80' lang='grc' dir='ltr'>ὁ</span> <span class='ocrx_word' id='word_1_108' title='bbox 1848 1316 1944 1392; x_wconf 79' lang='grc' dir='ltr'>ἒχ-</span> 
     </span>
    </p>
   </div>
   <div class='ocr_carea' id='block_1_18' title="bbox 237 1407 1946 1484">
    <p class='ocr_par' dir='ltr' id='par_1_18' title="bbox 237 1407 1946 1484">
     <span class='ocr_line' id='line_1_18' title="bbox 237 1407 1946 1484; baseline 0.001 -23"><span class='ocrx_word' id='word_1_109' title='bbox 237 1410 368 1484; x_wconf 82' lang='grc' dir='ltr'>θρός</span> <span class='ocrx_word' id='word_1_110' title='bbox 405 1407 686 1482; x_wconf 76' lang='grc' dir='ltr'>βούλεται,</span> <span class='ocrx_word' id='word_1_111' title='bbox 727 1407 1009 1479; x_wconf 73' lang='grc' dir='ltr'>ἀπατηλὸς</span> <span class='ocrx_word' id='word_1_112' title='bbox 1042 1408 1116 1462; x_wconf 81' lang='grc' dir='ltr'>ὢν</span> <span class='ocrx_word' id='word_1_113' title='bbox 1163 1408 1382 1478; x_wconf 76' lang='grc' dir='ltr'>ἐκεῖνος,</span> <span class='ocrx_word' id='word_1_114' title='bbox 1417 1409 1506 1464; x_wconf 85' lang='grc' dir='ltr'>καὶ</span> <span class='ocrx_word' id='word_1_115' title='bbox 1549 1408 1824 1480; x_wconf 81' lang='grc' dir='ltr'>ποικίλος,</span> <span class='ocrx_word' id='word_1_116' title='bbox 1855 1408 1946 1464; x_wconf 83' lang='grc' dir='ltr'>καὶ</span> 
     </span>
    </p>
   </div>
   <div class='ocr_carea' id='block_1_19' title="bbox 239 1496 492 1558">
    <p class='ocr_par' dir='ltr' id='par_1_19' title="bbox 239 1496 492 1558">
     <span class='ocr_line' id='line_1_19' title="bbox 239 1496 492 1558; baseline 0.004 -7"><span class='ocrx_word' id='word_1_117' title='bbox 239 1496 492 1558; x_wconf 76' lang='grc' dir='ltr'>σκολιός.</span> 
     </span>
    </p>
   </div>
   <div class='ocr_carea' id='block_1_20' title="bbox 2120 872 3764 946">
    <p class='ocr_par' dir='ltr' id='par_1_20' title="bbox 2120 872 3764 946">
     <span class='ocr_line' id='line_1_20' title="bbox 2120 872 3764 946; baseline 0.004 -18"><span class='ocrx_word' id='word_1_118' title='bbox 2120 872 2327 930; x_wconf 81' lang='lat' dir='ltr'><strong>XXIV.</strong></span> <span class='ocrx_word' id='word_1_119' title='bbox 2363 874 2495 943; x_wconf 84' lang='lat' dir='ltr'>Ipsa</span> <span class='ocrx_word' id='word_1_120' title='bbox 2548 890 2780 946; x_wconf 90' lang='lat' dir='ltr'>quoque</span> <span class='ocrx_word' id='word_1_121' title='bbox 2839 894 2936 944; x_wconf 90' lang='lat' dir='ltr'>per</span> <span class='ocrx_word' id='word_1_122' title='bbox 2989 894 3052 932; x_wconf 91' lang='lat' dir='ltr'>se</span> <span class='ocrx_word' id='word_1_123' title='bbox 3108 878 3424 933; x_wconf 80' lang='lat' dir='ltr'>laudabilia</span> <span class='ocrx_word' id='word_1_124' title='bbox 3454 881 3524 934; x_wconf 92' lang='lat' dir='ltr'>ob</span> <span class='ocrx_word' id='word_1_125' title='bbox 3556 895 3764 934; x_wconf 84' lang='lat' dir='ltr'>vanam</span> 
     </span>
    </p>
   </div>
   <div class='ocr_carea' id='block_1_21' title="bbox 2053 965 3764 1040">
    <p class='ocr_par' dir='ltr' id='par_1_21' title="bbox 2053 965 3764 1040">
     <span class='ocr_line' id='line_1_21' title="bbox 2053 965 3764 1040; baseline 0.002 -20"><span class='ocrx_word' id='word_1_126' title='bbox 2053 979 2206 1035; x_wconf 69' lang='lat' dir='ltr'>saepe</span> <span class='ocrx_word' id='word_1_127' title='bbox 2257 965 2500 1035; x_wconf 86' lang='lat' dir='ltr'>gloriam</span> <span class='ocrx_word' id='word_1_128' title='bbox 2549 981 2723 1034; x_wconf 84' lang='lat' dir='ltr'>opera</span> <span class='ocrx_word' id='word_1_129' title='bbox 2759 967 3110 1021; x_wconf 76' lang='lat' dir='ltr'>efﬁciuntur.</span> <span class='ocrx_word' id='word_1_130' title='bbox 3145 969 3300 1032; x_wconf 86' lang='lat' dir='ltr'>Quod</span> <span class='ocrx_word' id='word_1_131' title='bbox 3364 971 3597 1040; x_wconf 83' lang='lat' dir='ltr'>quidem</span> <span class='ocrx_word' id='word_1_132' title='bbox 3661 987 3764 1038; x_wconf 88' lang='lat' dir='ltr'>par</span> 
     </span>
    </p>
   </div>
   <div class='ocr_carea' id='block_1_22' title="bbox 2053 1053 3760 1128">
    <p class='ocr_par' dir='ltr' id='par_1_22' title="bbox 2053 1053 3760 1128">
     <span class='ocr_line' id='line_1_22' title="bbox 2053 1053 3760 1128; baseline 0.003 -21"><span class='ocrx_word' id='word_1_133' title='bbox 2053 1053 2226 1118; x_wconf 83' lang='lat' dir='ltr'>furto,</span> <span class='ocrx_word' id='word_1_134' title='bbox 2263 1054 2499 1122; x_wconf 69' lang='lat' dir='ltr'>inertiae,</span> <span class='ocrx_word' id='word_1_135' title='bbox 2537 1056 2884 1124; x_wconf 83' lang='lat' dir='ltr'>magnisque</span> <span class='ocrx_word' id='word_1_136' title='bbox 2949 1057 3079 1110; x_wconf 89' lang='lat' dir='ltr'>aliis</span> <span class='ocrx_word' id='word_1_137' title='bbox 3133 1059 3380 1127; x_wconf 79' lang='lat' dir='ltr'>peccatis</span> <span class='ocrx_word' id='word_1_138' title='bbox 3430 1078 3460 1110; x_wconf 90' lang='lat' dir='ltr'>a</span> <span class='ocrx_word' id='word_1_139' title='bbox 3515 1059 3760 1128; x_wconf 84' lang='lat' dir='ltr'>Deoju-</span> 
     </span>
    </p>
   </div>
   <div class='ocr_carea' id='block_1_23' title="bbox 2053 1143 3760 1215">
    <p class='ocr_par' dir='ltr' id='par_1_23' title="bbox 2053 1143 3760 1215">
     <span class='ocr_line' id='line_1_23' title="bbox 2053 1143 3760 1215; baseline 0.004 -19"><span class='ocrx_word' id='word_1_140' title='bbox 2053 1143 2485 1198; x_wconf 79' lang='lat' dir='ltr'>dieatur:Deus</span> <span class='ocrx_word' id='word_1_141' title='bbox 2531 1147 2679 1198; x_wconf 78' lang='lat' dir='ltr'>enim</span> <span class='ocrx_word' id='word_1_142' title='bbox 2738 1144 2839 1215; x_wconf 82' lang='lat' dir='ltr'>(ait</span> <span class='ocrx_word' id='word_1_143' title='bbox 2897 1144 3100 1214; x_wconf 86' lang='lat' dir='ltr'>David)</span> <span class='ocrx_word' id='word_1_144' title='bbox 3154 1147 3446 1214; x_wconf 76' lang='lat' dir='ltr'>dissipavit</span> <span class='ocrx_word' id='word_1_145' title='bbox 3501 1163 3618 1200; x_wconf 77' lang='lat' dir='ltr'>ossa</span> <span class='ocrx_word' id='word_1_146' title='bbox 3670 1163 3760 1202; x_wconf 81' lang='lat' dir='ltr'>eo-</span> 
     </span>
    </p>
   </div>
   <div class='ocr_carea' id='block_1_24' title="bbox 2053 1233 3764 1306">
    <p class='ocr_par' dir='ltr' id='par_1_24' title="bbox 2053 1233 3764 1306">
     <span class='ocr_line' id='line_1_24' title="bbox 2053 1233 3764 1306; baseline 0.002 -20"><span class='ocrx_word' id='word_1_147' title='bbox 2053 1249 2203 1302; x_wconf 83' lang='lat' dir='ltr'>rum,</span> <span class='ocrx_word' id='word_1_148' title='bbox 2235 1235 2329 1305; x_wconf 81' lang='lat' dir='ltr'>qui</span> <span class='ocrx_word' id='word_1_149' title='bbox 2377 1233 2688 1290; x_wconf 74' lang='lat' dir='ltr'>hominibus</span> <span class='ocrx_word' id='word_1_150' title='bbox 2734 1237 2950 1304; x_wconf 76' lang='lat' dir='ltr'>placent</span> <span class='ocrx_word' id='word_1_151' title='bbox 2983 1235 3048 1290; x_wconf 87' lang='grc'>¹¹.</span> <span class='ocrx_word' id='word_1_152' title='bbox 3083 1235 3284 1306; x_wconf 82' lang='lat' dir='ltr'>Itaque</span> <span class='ocrx_word' id='word_1_153' title='bbox 3313 1235 3618 1302; x_wconf 74' lang='lat' dir='ltr'>vectigales</span> <span class='ocrx_word' id='word_1_154' title='bbox 3651 1237 3764 1290; x_wconf 70' lang='lat' dir='ltr'>subi</span> 
     </span>
    </p>
   </div>
   <div class='ocr_carea' id='block_1_25' title="bbox 2059 1321 3765 1395">
    <p class='ocr_par' dir='ltr' id='par_1_25' title="bbox 2059 1321 3765 1395">
     <span class='ocr_line' id='line_1_25' title="bbox 2059 1321 3765 1395; baseline 0.002 -21"><span class='ocrx_word' id='word_1_155' title='bbox 2059 1321 2244 1377; x_wconf 79' lang='lat' dir='ltr'>facere</span> <span class='ocrx_word' id='word_1_156' title='bbox 2293 1323 2560 1388; x_wconf 81' lang='lat' dir='ltr'>virtutes,</span> <span class='ocrx_word' id='word_1_157' title='bbox 2595 1323 2878 1377; x_wconf 87' lang='lat' dir='ltr'>tributum</span> <span class='ocrx_word' id='word_1_158' title='bbox 2926 1340 2955 1378; x_wconf 92' lang='lat' dir='ltr'>e</span> <span class='ocrx_word' id='word_1_159' title='bbox 3019 1325 3182 1378; x_wconf 89' lang='lat' dir='ltr'>bonis</span> <span class='ocrx_word' id='word_1_160' title='bbox 3243 1325 3517 1395; x_wconf 89' lang='lat' dir='ltr'>operibus</span> <span class='ocrx_word' id='word_1_161' title='bbox 3575 1325 3765 1378; x_wconf 89' lang='lat' dir='ltr'>cultus</span> 
     </span>
    </p>
   </div>
   <div class='ocr_carea' id='block_1_26' title="bbox 2058 1411 3762 1482">
    <p class='ocr_par' dir='ltr' id='par_1_26' title="bbox 2058 1411 3762 1482">
     <span class='ocr_line' id='line_1_26' title="bbox 2058 1411 3762 1482; baseline 0.001 -18"><span class='ocrx_word' id='word_1_162' title='bbox 2058 1411 2440 1481; x_wconf 84' lang='lat' dir='ltr'>obsequiique</span> <span class='ocrx_word' id='word_1_163' title='bbox 2493 1419 2735 1478; x_wconf 83' lang='lat' dir='ltr'>captans</span> <span class='ocrx_word' id='word_1_164' title='bbox 2789 1412 3004 1482; x_wconf 76' lang='lat' dir='ltr'>proprii</span> <span class='ocrx_word' id='word_1_165' title='bbox 3055 1413 3240 1467; x_wconf 86' lang='lat' dir='ltr'>hostis</span> <span class='ocrx_word' id='word_1_166' title='bbox 3293 1419 3488 1468; x_wconf 81' lang='lat' dir='ltr'>noster</span> <span class='ocrx_word' id='word_1_167' title='bbox 3529 1414 3762 1482; x_wconf 78' lang='lat' dir='ltr'>satagit,</span> 
     </span>
    </p>
   </div>
   <div class='ocr_carea' id='block_1_27' title="bbox 2057 1501 3362 1573">
    <p class='ocr_par' dir='ltr' id='par_1_27' title="bbox 2057 1501 3362 1573">
     <span class='ocr_line' id='line_1_27' title="bbox 2057 1501 3362 1573; baseline 0.003 -21"><span class='ocrx_word' id='word_1_168' title='bbox 2057 1507 2344 1554; x_wconf 86' lang='lat' dir='ltr'>veterator</span> <span class='ocrx_word' id='word_1_169' title='bbox 2371 1501 2467 1555; x_wconf 89' lang='lat' dir='ltr'>ille</span> <span class='ocrx_word' id='word_1_170' title='bbox 2497 1507 2786 1568; x_wconf 85' lang='lat' dir='ltr'>versutus,</span> <span class='ocrx_word' id='word_1_171' title='bbox 2821 1504 3013 1556; x_wconf 88' lang='lat' dir='ltr'>varius</span> <span class='ocrx_word' id='word_1_172' title='bbox 3036 1509 3088 1556; x_wconf 92' lang='lat' dir='ltr'>et</span> <span class='ocrx_word' id='word_1_173' title='bbox 3131 1519 3362 1573; x_wconf 80' lang='lat' dir='ltr'>pravus.</span> 
     </span>
    </p>
   </div>
   <div class='ocr_carea' id='block_1_28' title="bbox 314 1587 2230 1692">
    <p class='ocr_par' dir='ltr' id='par_1_28' title="bbox 314 1587 2230 1692">
     <span class='ocr_line' id='line_1_28' title="bbox 339 1587 1912 1618; baseline 0.001 -13"><span class='ocrx_word' id='word_1_174' title='bbox 339 1594 354 1604; x_wconf 72' lang='grc' dir='ltr'>ν</span> <span class='ocrx_word' id='word_1_175' title='bbox 409 1590 418 1606; x_wconf 83' lang='grc' dir='ltr'><strong>Ι</strong></span> <span class='ocrx_word' id='word_1_176' title='bbox 472 1589 494 1606; x_wconf 70' lang='grc' dir='ltr'><strong><em>υ</em></strong></span> <span class='ocrx_word' id='word_1_177' title='bbox 829 1587 843 1606; x_wconf 63' lang='grc'><strong>9</strong></span> <span class='ocrx_word' id='word_1_178' title='bbox 1031 1609 1048 1618; x_wconf 54' lang='grc'><strong><em>⁸</em></strong></span> <span class='ocrx_word' id='word_1_179' title='bbox 1174 1593 1200 1603; x_wconf 58' lang='grc' dir='ltr'><strong><em>ν</em></strong></span> <span class='ocrx_word' id='word_1_180' title='bbox 1379 1588 1391 1606; x_wconf 75' lang='grc' dir='ltr'><strong><em>Ι</em></strong></span> <span class='ocrx_word' id='word_1_181' title='bbox 1617 1590 1628 1608; x_wconf 69' lang='grc'><strong><em>1</em></strong></span> <span class='ocrx_word' id='word_1_182' title='bbox 1901 1589 1912 1606; x_wconf 77' lang='grc'><strong><em>1</em></strong></span> 
     </span>
     <span class='ocr_line' id='line_1_29' title="bbox 314 1587 2230 1692; baseline 0.002 -48"><span class='ocrx_word' id='word_1_183' title='bbox 314 1593 440 1644; x_wconf 66' lang='grc' dir='ltr'>ΚΕ.</span> <span class='ocrx_word' id='word_1_184' title='bbox 497 1594 642 1662; x_wconf 86' lang='grc' dir='ltr'>Οπερ</span> <span class='ocrx_word' id='word_1_185' title='bbox 696 1609 780 1652; x_wconf 89' lang='grc' dir='ltr'>τις</span> <span class='ocrx_word' id='word_1_186' title='bbox 824 1587 1052 1666; x_wconf 70' lang='grc' dir='ltr'>εφίλησι</span> <span class='ocrx_word' id='word_1_187' title='bbox 1107 1609 1204 1644; x_wconf 88' lang='grc' dir='ltr'>του</span> <span class='ocrx_word' id='word_1_188' title='bbox 1253 1609 1524 1660; x_wconf 84' lang='grc' dir='ltr'>παροντος</span> <span class='ocrx_word' id='word_1_189' title='bbox 1567 1609 1778 1662; x_wconf 83' lang='grc' dir='ltr'>κοσμου</span> <span class='ocrx_word' id='word_1_190' title='bbox 1820 1610 1948 1652; x_wconf 75' lang='grc' dir='ltr'>του-</span> <span class='ocrx_word' id='word_1_191' title='bbox 1981 1627 2026 1692; x_wconf 79' lang='grc' dir='ltr'><strong>Β</strong></span> <span class='ocrx_word' id='word_1_192' title='bbox 2131 1589 2230 1648; x_wconf 74' lang='lat' dir='ltr'>XX</span> 
     </span>
     <span class='ocr_line' id='line_1_30' title="bbox 473 1673 1944 1692; baseline 0 0"><span class='ocrx_word' id='word_1_193' title='bbox 473 1677 487 1692; x_wconf 66' lang='grc' dir='ltr'><strong>ι</strong></span> <span class='ocrx_word' id='word_1_194' title='bbox 540 1679 568 1692; x_wconf 76' lang='grc' dir='ltr'>ιι</span> <span class='ocrx_word' id='word_1_195' title='bbox 657 1676 670 1692; x_wconf 89' lang='lat' dir='ltr'><strong><em>I</em></strong></span> <span class='ocrx_word' id='word_1_196' title='bbox 808 1673 863 1692; x_wconf 55' lang='grc' dir='ltr'>τίς</span> <span class='ocrx_word' id='word_1_197' title='bbox 965 1677 977 1692; x_wconf 68' lang='grc' dir='ltr'>ι</span> <span class='ocrx_word' id='word_1_198' title='bbox 1075 1675 1088 1692; x_wconf 75' lang='lat'><strong>1</strong></span> <span class='ocrx_word' id='word_1_199' title='bbox 1163 1675 1174 1692; x_wconf 83' lang='grc'><strong><em>1</em></strong></span> <span class='ocrx_word' id='word_1_200' title='bbox 1336 1673 1358 1692; x_wconf 66' lang='lat'>&#39;,\</span> <span class='ocrx_word' id='word_1_201' title='bbox 1404 1678 1413 1692; x_wconf 76' lang='grc' dir='ltr'>ν</span> <span class='ocrx_word' id='word_1_202' title='bbox 1713 1677 1726 1692; x_wconf 79' lang='lat'><strong><em>\</em></strong></span> <span class='ocrx_word' id='word_1_203' title='bbox 1815 1677 1827 1692; x_wconf 72' lang='grc' dir='ltr'><strong><em>ο</em></strong></span> <span class='ocrx_word' id='word_1_204' title='bbox 1932 1677 1944 1692; x_wconf 63' lang='grc' dir='ltr'>ε</span> 
     </span>
    </p>
   </div>
   <div class='ocr_carea' id='block_1_29' title="bbox 2131 1587 3767 1692">
    <p class='ocr_par' dir='ltr' id='par_1_29' title="bbox 2131 1589 3767 1662">
     <span class='ocr_line' id='line_1_31' title="bbox 2131 1589 3767 1662; baseline 0 -16"><span class='ocrx_word' id='word_1_205' title='bbox 2131 1589 2303 1648; x_wconf 77' lang='lat' dir='ltr'><strong>XXV.</strong></span> <span class='ocrx_word' id='word_1_206' title='bbox 2339 1590 2516 1656; x_wconf 87' lang='lat' dir='ltr'>Quam</span> <span class='ocrx_word' id='word_1_207' title='bbox 2551 1591 2734 1661; x_wconf 78' lang='lat' dir='ltr'>quivis</span> <span class='ocrx_word' id='word_1_208' title='bbox 2793 1608 2861 1646; x_wconf 84' lang='lat' dir='ltr'>ex</span> <span class='ocrx_word' id='word_1_209' title='bbox 2921 1593 3124 1646; x_wconf 90' lang='lat' dir='ltr'>mundi</span> <span class='ocrx_word' id='word_1_210' title='bbox 3175 1592 3351 1660; x_wconf 86' lang='lat' dir='ltr'>hujus</span> <span class='ocrx_word' id='word_1_211' title='bbox 3385 1591 3551 1646; x_wconf 84' lang='lat' dir='ltr'>rebus</span> <span class='ocrx_word' id='word_1_212' title='bbox 3583 1595 3767 1662; x_wconf 85' lang='lat' dir='ltr'>amnt,</span> 
     </span>
    </p>
   </div>
   <div class='ocr_carea' id='block_1_30' title="bbox 241 1673 1946 1752">
    <p class='ocr_par' dir='ltr' id='par_1_30' title="bbox 241 1673 1946 1752">
     <span class='ocr_line' id='line_1_32' title="bbox 241 1673 1946 1752; baseline 0.001 -23"><span class='ocrx_word' id='word_1_213' title='bbox 241 1695 368 1742; x_wconf 87' lang='grc' dir='ltr'>του,</span> <span class='ocrx_word' id='word_1_214' title='bbox 399 1677 487 1730; x_wconf 80' lang='grc' dir='ltr'>καὶ</span> <span class='ocrx_word' id='word_1_215' title='bbox 539 1676 753 1752; x_wconf 72' lang='grc' dir='ltr'>βαρύνει</span> <span class='ocrx_word' id='word_1_216' title='bbox 804 1673 869 1744; x_wconf 80' lang='grc' dir='ltr'>δὴ</span> <span class='ocrx_word' id='word_1_217' title='bbox 919 1677 1018 1745; x_wconf 75' lang='grc' dir='ltr'>τὴν</span> <span class='ocrx_word' id='word_1_218' title='bbox 1071 1675 1273 1734; x_wconf 75' lang='grc' dir='ltr'>ἐκείνου</span> <span class='ocrx_word' id='word_1_219' title='bbox 1332 1673 1593 1748; x_wconf 81' lang='grc' dir='ltr'>διάνοιαν,</span> <span class='ocrx_word' id='word_1_220' title='bbox 1641 1677 1729 1732; x_wconf 79' lang='grc' dir='ltr'>καὶ</span> <span class='ocrx_word' id='word_1_221' title='bbox 1783 1677 1946 1732; x_wconf 80' lang='grc' dir='ltr'>οἱονεὶ</span> 
     </span>
    </p>
   </div>
   <div class='ocr_carea' id='block_1_31' title="bbox 235 1765 1950 1840">
    <p class='ocr_par' dir='ltr' id='par_1_31' title="bbox 235 1765 1950 1840">
     <span class='ocr_line' id='line_1_33' title="bbox 235 1765 1950 1840; baseline 0 -20"><span class='ocrx_word' id='word_1_222' title='bbox 235 1766 394 1820; x_wconf 77' lang='grc' dir='ltr'>κάτω</span> <span class='ocrx_word' id='word_1_223' title='bbox 443 1765 713 1832; x_wconf 68' lang='grc' dir='ltr'>καθέλκει,</span> <span class='ocrx_word' id='word_1_224' title='bbox 764 1767 854 1820; x_wconf 80' lang='grc' dir='ltr'>καὶ</span> <span class='ocrx_word' id='word_1_225' title='bbox 915 1767 1146 1822; x_wconf 84' lang='grc' dir='ltr'>συνωθεῖ</span> <span class='ocrx_word' id='word_1_226' title='bbox 1191 1767 1280 1820; x_wconf 82' lang='grc' dir='ltr'>καὶ</span> <span class='ocrx_word' id='word_1_227' title='bbox 1327 1766 1594 1840; x_wconf 68' lang='grc' dir='ltr'>ἀνακύψαι</span> <span class='ocrx_word' id='word_1_228' title='bbox 1639 1767 1808 1836; x_wconf 76' lang='grc' dir='ltr'>αὐτὴν</span> <span class='ocrx_word' id='word_1_229' title='bbox 1853 1765 1950 1822; x_wconf 76' lang='grc' dir='ltr'>οὐκ</span> 
     </span>
    </p>
   </div>
   <div class='ocr_carea' id='block_1_32' title="bbox 237 1854 1946 1932">
    <p class='ocr_par' dir='ltr' id='par_1_32' title="bbox 237 1854 1946 1932">
     <span class='ocr_line' id='line_1_34' title="bbox 237 1854 1946 1932; baseline 0.001 -23"><span class='ocrx_word' id='word_1_230' title='bbox 237 1854 449 1924; x_wconf 69' lang='grc' dir='ltr'>ἀνίησι.</span> <span class='ocrx_word' id='word_1_231' title='bbox 481 1861 596 1912; x_wconf 82' lang='grc' dir='ltr'>Τῶν</span> <span class='ocrx_word' id='word_1_232' title='bbox 645 1857 750 1932; x_wconf 79' lang='grc' dir='ltr'>γάρ</span> <span class='ocrx_word' id='word_1_233' title='bbox 793 1856 1058 1912; x_wconf 77' lang='grc' dir='ltr'>τοιούτων</span> <span class='ocrx_word' id='word_1_234' title='bbox 1089 1857 1152 1912; x_wconf 86' lang='grc' dir='ltr'>τὸ</span> <span class='ocrx_word' id='word_1_235' title='bbox 1197 1857 1459 1928; x_wconf 81' lang='grc' dir='ltr'>στάθμιόν</span> <span class='ocrx_word' id='word_1_236' title='bbox 1489 1877 1544 1914; x_wconf 88' lang='grc' dir='ltr'>τε</span> <span class='ocrx_word' id='word_1_237' title='bbox 1579 1857 1666 1912; x_wconf 77' lang='grc' dir='ltr'>καὶ</span> <span class='ocrx_word' id='word_1_238' title='bbox 1709 1859 1744 1925; x_wconf 85' lang='grc' dir='ltr'>ἡ</span> <span class='ocrx_word' id='word_1_239' title='bbox 1778 1857 1946 1931; x_wconf 75' lang='grc' dir='ltr'>ῥοπὴ,</span> 
     </span>
    </p>
   </div>
   <div class='ocr_carea' id='block_1_33' title="bbox 236 1944 1946 2021">
    <p class='ocr_par' dir='ltr' id='par_1_33' title="bbox 236 1944 1946 2021">
     <span class='ocr_line' id='line_1_35' title="bbox 236 1944 1946 2021; baseline 0.002 -22"><span class='ocrx_word' id='word_1_240' title='bbox 236 1947 331 2000; x_wconf 75' lang='grc' dir='ltr'>καὶ</span> <span class='ocrx_word' id='word_1_241' title='bbox 370 1949 430 2000; x_wconf 78' lang='grc' dir='ltr'>τὸ</span> <span class='ocrx_word' id='word_1_242' title='bbox 464 1945 644 2021; x_wconf 80' lang='grc' dir='ltr'>ζύγιον</span> <span class='ocrx_word' id='word_1_243' title='bbox 678 1949 774 2002; x_wconf 81' lang='grc' dir='ltr'>τοῦ</span> <span class='ocrx_word' id='word_1_244' title='bbox 806 1945 1118 2016; x_wconf 73' lang='grc' dir='ltr'>θελήματος</span> <span class='ocrx_word' id='word_1_245' title='bbox 1159 1953 1257 2016; x_wconf 70' lang='grc' dir='ltr'>τῆς</span> <span class='ocrx_word' id='word_1_246' title='bbox 1296 1944 1520 2020; x_wconf 80' lang='grc' dir='ltr'>καρδίας</span> <span class='ocrx_word' id='word_1_247' title='bbox 1562 1944 1744 2018; x_wconf 79' lang='grc' dir='ltr'>ὥσπερ</span> <span class='ocrx_word' id='word_1_248' title='bbox 1791 1946 1946 2019; x_wconf 72' lang='grc' dir='ltr'>ἐξήρ-</span> 
     </span>
    </p>
   </div>
   <div class='ocr_carea' id='block_1_34' title="bbox 235 2034 1950 2110">
    <p class='ocr_par' dir='ltr' id='par_1_34' title="bbox 235 2034 1950 2110">
     <span class='ocr_line' id='line_1_36' title="bbox 235 2034 1950 2110; baseline 0.001 -22"><span class='ocrx_word' id='word_1_249' title='bbox 235 2055 426 2106; x_wconf 79' lang='grc' dir='ltr'>τηται,</span> <span class='ocrx_word' id='word_1_250' title='bbox 458 2035 548 2090; x_wconf 84' lang='grc' dir='ltr'>καὶ</span> <span class='ocrx_word' id='word_1_251' title='bbox 599 2035 832 2110; x_wconf 75' lang='grc' dir='ltr'>βάσανος</span> <span class='ocrx_word' id='word_1_252' title='bbox 863 2034 1022 2106; x_wconf 74' lang='grc' dir='ltr'>⁴ἔνθεν</span> <span class='ocrx_word' id='word_1_253' title='bbox 1051 2037 1256 2108; x_wconf 84' lang='grc' dir='ltr'>γίνεται</span> <span class='ocrx_word' id='word_1_254' title='bbox 1299 2037 1462 2092; x_wconf 80' lang='grc' dir='ltr'>παντὶ</span> <span class='ocrx_word' id='word_1_255' title='bbox 1503 2041 1580 2107; x_wconf 79' lang='grc' dir='ltr'>τῷ</span> <span class='ocrx_word' id='word_1_256' title='bbox 1627 2035 1950 2110; x_wconf 76' lang='grc' dir='ltr'>ἀνθρωπείῳ</span> 
     </span>
    </p>
   </div>
   <div class='ocr_carea' id='block_1_35' title="bbox 233 2123 1947 2196">
    <p class='ocr_par' dir='ltr' id='par_1_35' title="bbox 233 2123 1947 2196">
     <span class='ocr_line' id='line_1_37' title="bbox 233 2123 1947 2196; baseline 0 -18"><span class='ocrx_word' id='word_1_257' title='bbox 233 2123 402 2195; x_wconf 72' lang='grc' dir='ltr'>γένει,</span> <span class='ocrx_word' id='word_1_258' title='bbox 451 2124 576 2194; x_wconf 72' lang='grc' dir='ltr'>ἤτοι</span> <span class='ocrx_word' id='word_1_259' title='bbox 623 2129 730 2180; x_wconf 85' lang='grc' dir='ltr'>τῶν</span> <span class='ocrx_word' id='word_1_260' title='bbox 773 2125 828 2180; x_wconf 76' lang='grc' dir='ltr'>ἐν</span> <span class='ocrx_word' id='word_1_261' title='bbox 883 2125 1108 2180; x_wconf 84' lang='grc' dir='ltr'>πόλεσιν</span> <span class='ocrx_word' id='word_1_262' title='bbox 1161 2125 1453 2180; x_wconf 67' lang='grc' dir='ltr'>οἰκούντων</span> <span class='ocrx_word' id='word_1_263' title='bbox 1507 2130 1864 2196; x_wconf 78' lang='grc' dir='ltr'>Χριστιανῶν,</span> <span class='ocrx_word' id='word_1_264' title='bbox 1911 2125 1947 2193; x_wconf 71' lang='grc' dir='ltr'>ἢ</span> 
     </span>
    </p>
   </div>
   <div class='ocr_carea' id='block_1_36' title="bbox 236 2211 1954 2290">
    <p class='ocr_par' dir='ltr' id='par_1_36' title="bbox 236 2211 1954 2290">
     <span class='ocr_line' id='line_1_38' title="bbox 236 2211 1954 2290; baseline 0.008 -22"><span class='ocrx_word' id='word_1_265' title='bbox 236 2219 356 2268; x_wconf 83' lang='grc' dir='ltr'>τῶν</span> <span class='ocrx_word' id='word_1_266' title='bbox 397 2213 448 2268; x_wconf 83' lang='grc' dir='ltr'>ἐν</span> <span class='ocrx_word' id='word_1_267' title='bbox 491 2211 644 2287; x_wconf 79' lang='grc' dir='ltr'>ὅρεσε</span> <span class='ocrx_word' id='word_1_268' title='bbox 687 2235 700 2248; x_wconf 94' lang='grc'><strong>·</strong></span> <span class='ocrx_word' id='word_1_269' title='bbox 742 2219 848 2270; x_wconf 78' lang='grc' dir='ltr'>τῶν</span> <span class='ocrx_word' id='word_1_270' title='bbox 885 2214 936 2270; x_wconf 83' lang='grc' dir='ltr'>ἐν</span> <span class='ocrx_word' id='word_1_271' title='bbox 973 2217 1254 2287; x_wconf 75' lang='grc' dir='ltr'>μοναῖς,ἢ</span> <span class='ocrx_word' id='word_1_272' title='bbox 1307 2215 1358 2272; x_wconf 78' lang='grc' dir='ltr'>ἐν</span> <span class='ocrx_word' id='word_1_273' title='bbox 1401 2215 1608 2290; x_wconf 77' lang='grc' dir='ltr'>ἀγροῖς,</span> <span class='ocrx_word' id='word_1_274' title='bbox 1643 2215 1676 2284; x_wconf 70' lang='grc' dir='ltr'><strong>ἢ</strong></span> <span class='ocrx_word' id='word_1_275' title='bbox 1726 2215 1777 2269; x_wconf 73' lang='grc' dir='ltr'>ἐν</span> <span class='ocrx_word' id='word_1_276' title='bbox 1819 2213 1954 2290; x_wconf 76' lang='grc' dir='ltr'>ἔρη-</span> 
     </span>
    </p>
   </div>
   <div class='ocr_carea' id='block_1_37' title="bbox 242 2303 1952 2382">
    <p class='ocr_par' dir='ltr' id='par_1_37' title="bbox 242 2303 1952 2382">
     <span class='ocr_line' id='line_1_39' title="bbox 242 2303 1952 2382; baseline 0 -24"><span class='ocrx_word' id='word_1_277' title='bbox 242 2305 424 2377; x_wconf 78' lang='grc' dir='ltr'>μίαις,</span> <span class='ocrx_word' id='word_1_278' title='bbox 483 2305 567 2359; x_wconf 74' lang='grc' dir='ltr'>ὅτι</span> <span class='ocrx_word' id='word_1_279' title='bbox 621 2305 756 2360; x_wconf 69' lang='grc' dir='ltr'>ἑκών</span> <span class='ocrx_word' id='word_1_280' title='bbox 814 2326 896 2368; x_wconf 81' lang='grc' dir='ltr'>τις</span> <span class='ocrx_word' id='word_1_281' title='bbox 956 2303 1346 2377; x_wconf 72' lang='grc' dir='ltr'>δελεαζόμενος</span> <span class='ocrx_word' id='word_1_282' title='bbox 1407 2306 1490 2381; x_wconf 59' lang='grc' dir='ltr'>ὑφ’</span> <span class='ocrx_word' id='word_1_283' title='bbox 1553 2306 1720 2380; x_wconf 75' lang='grc' dir='ltr'>οὗπερ</span> <span class='ocrx_word' id='word_1_284' title='bbox 1781 2305 1952 2382; x_wconf 77' lang='grc' dir='ltr'>φιλεῖ,</span> 
     </span>
    </p>
   </div>
   <div class='ocr_carea' id='block_1_38' title="bbox 241 2391 1952 2469">
    <p class='ocr_par' dir='ltr' id='par_1_38' title="bbox 241 2391 1952 2469">
     <span class='ocr_line' id='line_1_40' title="bbox 241 2391 1952 2469; baseline 0 -21"><span class='ocrx_word' id='word_1_285' title='bbox 241 2391 422 2464; x_wconf 79' lang='grc' dir='ltr'>δῆλός</span> <span class='ocrx_word' id='word_1_286' title='bbox 471 2393 610 2450; x_wconf 81' lang='grc' dir='ltr'>ἔστιν</span> <span class='ocrx_word' id='word_1_287' title='bbox 667 2393 820 2450; x_wconf 75' lang='grc' dir='ltr'>οὕπω</span> <span class='ocrx_word' id='word_1_288' title='bbox 869 2396 966 2460; x_wconf 80' lang='grc' dir='ltr'>τήν</span> <span class='ocrx_word' id='word_1_289' title='bbox 1021 2395 1231 2469; x_wconf 77' lang='grc' dir='ltr'>ἀγάπην</span> <span class='ocrx_word' id='word_1_290' title='bbox 1273 2394 1436 2448; x_wconf 70' lang='grc' dir='ltr'>αὐτοιξ</span> <span class='ocrx_word' id='word_1_291' title='bbox 1491 2392 1628 2463; x_wconf 74' lang='grc' dir='ltr'>ὅλην</span> <span class='ocrx_word' id='word_1_292' title='bbox 1680 2392 1952 2469; x_wconf 75' lang='grc' dir='ltr'>παραδοὺς</span> 
     </span>
    </p>
   </div>
   <div class='ocr_carea' id='block_1_39' title="bbox 241 2484 1948 2563">
    <p class='ocr_par' dir='ltr' id='par_1_39' title="bbox 241 2484 1948 2563">
     <span class='ocr_line' id='line_1_41' title="bbox 241 2484 1948 2563; baseline -0.001 -24"><span class='ocrx_word' id='word_1_293' title='bbox 241 2489 328 2556; x_wconf 79' lang='grc' dir='ltr'>τῷ</span> <span class='ocrx_word' id='word_1_294' title='bbox 361 2489 497 2556; x_wconf 77' lang='grc' dir='ltr'>Θεῷ.</span> <span class='ocrx_word' id='word_1_295' title='bbox 530 2486 675 2553; x_wconf 87' lang='grc' dir='ltr'>Οἷον,</span> <span class='ocrx_word' id='word_1_296' title='bbox 723 2484 975 2559; x_wconf 80' lang='grc' dir='ltr'>ἠγάπησέ</span> <span class='ocrx_word' id='word_1_297' title='bbox 1005 2505 1107 2553; x_wconf 88' lang='grc' dir='ltr'>τις,</span> <span class='ocrx_word' id='word_1_298' title='bbox 1159 2485 1203 2538; x_wconf 85' lang='grc' dir='ltr'>εί</span> <span class='ocrx_word' id='word_1_299' title='bbox 1252 2484 1438 2559; x_wconf 73' lang='grc' dir='ltr'>τύχοι,</span> <span class='ocrx_word' id='word_1_300' title='bbox 1487 2487 1760 2556; x_wconf 79' lang='grc' dir='ltr'>κτήματα,</span> <span class='ocrx_word' id='word_1_301' title='bbox 1813 2506 1948 2563; x_wconf 56' lang='grc' dir='ltr'>χρυ.</span> 
     </span>
    </p>
   </div>
   <div class='ocr_carea' id='block_1_40' title="bbox 245 2571 1952 2650">
    <p class='ocr_par' dir='ltr' id='par_1_40' title="bbox 245 2571 1952 2650">
     <span class='ocr_line' id='line_1_42' title="bbox 245 2571 1952 2650; baseline -0.001 -22"><span class='ocrx_word' id='word_1_302' title='bbox 245 2573 368 2630; x_wconf 85' lang='grc' dir='ltr'>σίον</span> <span class='ocrx_word' id='word_1_303' title='bbox 418 2573 618 2642; x_wconf 76' lang='grc' dir='ltr'>ἄλλος,</span> <span class='ocrx_word' id='word_1_304' title='bbox 649 2571 830 2647; x_wconf 69' lang='grc' dir='ltr'>ἕτερος</span> <span class='ocrx_word' id='word_1_305' title='bbox 868 2578 936 2647; x_wconf 79' lang='grc' dir='ltr'>τῇ</span> <span class='ocrx_word' id='word_1_306' title='bbox 984 2574 1176 2650; x_wconf 80' lang='grc' dir='ltr'>γαστρὶ</span> <span class='ocrx_word' id='word_1_307' title='bbox 1217 2571 1516 2644; x_wconf 58' lang='grc' dir='ltr'>δουλεύειν,</span> <span class='ocrx_word' id='word_1_308' title='bbox 1645 2574 1952 2646; x_wconf 74' lang='grc' dir='ltr'>ἐπιθυμίαις</span> 
     </span>
    </p>
   </div>
   <div class='ocr_carea' id='block_1_41' title="bbox 239 2662 1958 2741">
    <p class='ocr_par' dir='ltr' id='par_1_41' title="bbox 239 2662 1958 2741">
     <span class='ocr_line' id='line_1_43' title="bbox 239 2662 1958 2741; baseline -0.001 -22"><span class='ocrx_word' id='word_1_309' title='bbox 239 2670 372 2732; x_wconf 83' lang='grc' dir='ltr'>ταῖς</span> <span class='ocrx_word' id='word_1_310' title='bbox 415 2671 514 2730; x_wconf 82' lang='grc' dir='ltr'>τῆς</span> <span class='ocrx_word' id='word_1_311' title='bbox 566 2665 762 2740; x_wconf 84' lang='grc' dir='ltr'>σαρκὸς</span> <span class='ocrx_word' id='word_1_312' title='bbox 810 2665 1150 2740; x_wconf 63' lang='grc' dir='ltr'>χαρίζεσθαι,</span> <span class='ocrx_word' id='word_1_313' title='bbox 1185 2662 1357 2726; x_wconf 81' lang='grc' dir='ltr'>ἄλλος</span> <span class='ocrx_word' id='word_1_314' title='bbox 1407 2665 1596 2741; x_wconf 75' lang='grc' dir='ltr'>σοφίαν</span> <span class='ocrx_word' id='word_1_315' title='bbox 1636 2663 1818 2740; x_wconf 82' lang='grc' dir='ltr'>λόγων</span> <span class='ocrx_word' id='word_1_316' title='bbox 1868 2662 1958 2718; x_wconf 70' lang='grc' dir='ltr'>διὰ</span> 
     </span>
    </p>
   </div>
   <div class='ocr_carea' id='block_1_42' title="bbox 245 2751 1954 2829">
    <p class='ocr_par' dir='ltr' id='par_1_42' title="bbox 245 2751 1954 2829">
     <span class='ocr_line' id='line_1_44' title="bbox 245 2751 1954 2829; baseline 0 -21"><span class='ocrx_word' id='word_1_317' title='bbox 245 2753 411 2825; x_wconf 81' lang='grc' dir='ltr'>δόξαν</span> <span class='ocrx_word' id='word_1_318' title='bbox 460 2751 719 2828; x_wconf 75' lang='grc' dir='ltr'>ἐπίκηρον</span> <span class='ocrx_word' id='word_1_319' title='bbox 751 2773 762 2785; x_wconf 91' lang='grc'><strong>·</strong></span> <span class='ocrx_word' id='word_1_320' title='bbox 816 2755 844 2807; x_wconf 83' lang='grc' dir='ltr'><strong>ὁ</strong></span> <span class='ocrx_word' id='word_1_321' title='bbox 876 2754 972 2826; x_wconf 74' lang='grc' dir='ltr'>μὲν</span> <span class='ocrx_word' id='word_1_322' title='bbox 1021 2755 1222 2829; x_wconf 74' lang='grc' dir='ltr'>ἀρχὴν,</span> <span class='ocrx_word' id='word_1_323' title='bbox 1255 2756 1282 2808; x_wconf 86' lang='grc' dir='ltr'><strong>ὁ</strong></span> <span class='ocrx_word' id='word_1_324' title='bbox 1324 2751 1380 2810; x_wconf 77' lang='grc' dir='ltr'>δὲ</span> <span class='ocrx_word' id='word_1_325' title='bbox 1423 2757 1516 2814; x_wconf 77' lang='grc' dir='ltr'>τὰς</span> <span class='ocrx_word' id='word_1_326' title='bbox 1562 2754 1610 2823; x_wconf 80' lang='grc' dir='ltr'><strong>ἐξ</strong></span> <span class='ocrx_word' id='word_1_327' title='bbox 1658 2755 1954 2828; x_wconf 82' lang='grc' dir='ltr'>ἀνθρώπων</span> 
     </span>
    </p>
   </div>
   <div class='ocr_carea' id='block_1_43' title="bbox 239 2840 1960 2918">
    <p class='ocr_par' dir='ltr' id='par_1_43' title="bbox 239 2840 1960 2918">
     <span class='ocr_line' id='line_1_45' title="bbox 239 2840 1960 2918; baseline 0.001 -21"><span class='ocrx_word' id='word_1_328' title='bbox 239 2843 438 2916; x_wconf 72' lang='grc' dir='ltr'>τιμὰς,</span> <span class='ocrx_word' id='word_1_329' title='bbox 481 2842 648 2918; x_wconf 76' lang='grc' dir='ltr'>ὀργήν</span> <span class='ocrx_word' id='word_1_330' title='bbox 711 2842 883 2904; x_wconf 81' lang='grc' dir='ltr'>ἄλλος</span> <span class='ocrx_word' id='word_1_331' title='bbox 933 2847 1022 2898; x_wconf 74' lang='grc' dir='ltr'>καί</span> <span class='ocrx_word' id='word_1_332' title='bbox 1071 2849 1236 2915; x_wconf 74' lang='grc' dir='ltr'>μῆνιν</span> <span class='ocrx_word' id='word_1_333' title='bbox 1266 2861 1278 2874; x_wconf 91' lang='grc'><strong>·</strong></span> <span class='ocrx_word' id='word_1_334' title='bbox 1329 2844 1392 2897; x_wconf 88' lang='grc' dir='ltr'>τὸ</span> <span class='ocrx_word' id='word_1_335' title='bbox 1423 2844 1524 2918; x_wconf 86' lang='grc' dir='ltr'>γάρ</span> <span class='ocrx_word' id='word_1_336' title='bbox 1576 2840 1794 2898; x_wconf 79' lang='grc' dir='ltr'>ἔκδοτον</span> <span class='ocrx_word' id='word_1_337' title='bbox 1840 2844 1960 2898; x_wconf 72' lang='grc' dir='ltr'>ἑαυ-</span> 
     </span>
    </p>
   </div>
   <div class='ocr_carea' id='block_1_44' title="bbox 243 2929 1960 3011">
    <p class='ocr_par' dir='ltr' id='par_1_44' title="bbox 243 2929 1960 3011">
     <span class='ocr_line' id='line_1_46' title="bbox 243 2929 1960 3011; baseline -0.001 -23"><span class='ocrx_word' id='word_1_338' title='bbox 243 2933 346 2988; x_wconf 83' lang='grc' dir='ltr'>τὸν</span> <span class='ocrx_word' id='word_1_339' title='bbox 378 2938 679 3008; x_wconf 79' lang='grc' dir='ltr'>παρασχεῖν</span> <span class='ocrx_word' id='word_1_340' title='bbox 729 2937 810 3004; x_wconf 79' lang='grc' dir='ltr'>τῷ</span> <span class='ocrx_word' id='word_1_341' title='bbox 857 2931 1034 3010; x_wconf 69' lang='grc' dir='ltr'>φίλων</span> <span class='ocrx_word' id='word_1_342' title='bbox 1075 2933 1226 3002; x_wconf 79' lang='grc' dir='ltr'>αὐτῷ</span> <span class='ocrx_word' id='word_1_343' title='bbox 1273 2931 1516 3011; x_wconf 72' lang='grc' dir='ltr'>φαίνεται</span> <span class='ocrx_word' id='word_1_344' title='bbox 1553 2951 1563 2964; x_wconf 91' lang='grc'>·</span> <span class='ocrx_word' id='word_1_345' title='bbox 1615 2929 1794 3007; x_wconf 74' lang='grc' dir='ltr'>ἕτερος</span> <span class='ocrx_word' id='word_1_346' title='bbox 1837 2935 1960 3005; x_wconf 85' lang='grc' dir='ltr'>ὁμι-</span> 
     </span>
    </p>
   </div>
   <div class='ocr_carea' id='block_1_45' title="bbox 249 3019 1957 3096">
    <p class='ocr_par' dir='ltr' id='par_1_45' title="bbox 249 3019 1957 3096">
     <span class='ocr_line' id='line_1_47' title="bbox 249 3019 1957 3096; baseline -0.001 -20"><span class='ocrx_word' id='word_1_347' title='bbox 249 3020 384 3084; x_wconf 84' lang='grc' dir='ltr'>λίας</span> <span class='ocrx_word' id='word_1_348' title='bbox 417 3020 470 3084; x_wconf 83' lang='grc' dir='ltr'>ἐς</span> <span class='ocrx_word' id='word_1_349' title='bbox 511 3019 662 3078; x_wconf 70' lang='grc' dir='ltr'>οὐδὲν</span> <span class='ocrx_word' id='word_1_350' title='bbox 699 3019 840 3078; x_wconf 73' lang='grc' dir='ltr'>δεον.</span> <span class='ocrx_word' id='word_1_351' title='bbox 882 3020 1094 3083; x_wconf 57' lang='grc' dir='ltr'>’Ἄλλος</span> <span class='ocrx_word' id='word_1_352' title='bbox 1140 3020 1335 3084; x_wconf 81' lang='grc' dir='ltr'>ἁπλῶς</span> <span class='ocrx_word' id='word_1_353' title='bbox 1381 3022 1444 3076; x_wconf 83' lang='grc' dir='ltr'>τὸ</span> <span class='ocrx_word' id='word_1_354' title='bbox 1497 3021 1889 3096; x_wconf 77' lang='grc' dir='ltr'>μεθορίζεσθαι,</span> <span class='ocrx_word' id='word_1_355' title='bbox 1922 3021 1957 3090; x_wconf 79' lang='grc' dir='ltr'>ἢ</span> 
     </span>
    </p>
   </div>
   <div class='ocr_carea' id='block_1_46' title="bbox 249 3108 1960 3189">
    <p class='ocr_par' dir='ltr' id='par_1_46' title="bbox 249 3108 1960 3189">
     <span class='ocr_line' id='line_1_48' title="bbox 249 3108 1960 3189; baseline 0.001 -22"><span class='ocrx_word' id='word_1_356' title='bbox 249 3111 452 3186; x_wconf 78' lang='grc' dir='ltr'>λόγοις</span> <span class='ocrx_word' id='word_1_357' title='bbox 503 3115 794 3189; x_wconf 78' lang='grc' dir='ltr'>προσέχειν</span> <span class='ocrx_word' id='word_1_358' title='bbox 848 3111 1066 3186; x_wconf 80' lang='grc' dir='ltr'>ἀργοῖς,</span> <span class='ocrx_word' id='word_1_359' title='bbox 1179 3112 1239 3166; x_wconf 86' lang='grc' dir='ltr'>τὸ</span> <span class='ocrx_word' id='word_1_360' title='bbox 1289 3108 1614 3173; x_wconf 83' lang='grc' dir='ltr'>διδάσκαλος</span> <span class='ocrx_word' id='word_1_361' title='bbox 1663 3111 1822 3181; x_wconf 80' lang='grc' dir='ltr'>εἶναι,</span> <span class='ocrx_word' id='word_1_362' title='bbox 1870 3111 1960 3168; x_wconf 84' lang='grc' dir='ltr'>καὶ</span> 
     </span>
    </p>
   </div>
   <div class='ocr_carea' id='block_1_47' title="bbox 249 3199 1960 3276">
    <p class='ocr_par' dir='ltr' id='par_1_47' title="bbox 249 3199 1960 3276">
     <span class='ocr_line' id='line_1_49' title="bbox 249 3199 1960 3276; baseline -0.001 -19"><span class='ocrx_word' id='word_1_363' title='bbox 249 3206 422 3258; x_wconf 74' lang='grc' dir='ltr'>τοῦτο</span> <span class='ocrx_word' id='word_1_364' title='bbox 455 3199 544 3257; x_wconf 81' lang='grc' dir='ltr'>διὰ</span> <span class='ocrx_word' id='word_1_365' title='bbox 591 3201 748 3271; x_wconf 79' lang='grc' dir='ltr'>δόξαν</span> <span class='ocrx_word' id='word_1_366' title='bbox 779 3203 874 3271; x_wconf 75' lang='grc' dir='ltr'>τὴν</span> <span class='ocrx_word' id='word_1_367' title='bbox 905 3200 954 3269; x_wconf 76' lang='grc' dir='ltr'>ἐξ</span> <span class='ocrx_word' id='word_1_368' title='bbox 1002 3200 1296 3275; x_wconf 84' lang='grc' dir='ltr'>ἀνθρώπων</span> <span class='ocrx_word' id='word_1_369' title='bbox 1334 3219 1346 3232; x_wconf 90' lang='grc'><strong>·</strong></span> <span class='ocrx_word' id='word_1_370' title='bbox 1399 3202 1488 3256; x_wconf 81' lang='grc' dir='ltr'>καὶ</span> <span class='ocrx_word' id='word_1_371' title='bbox 1518 3201 1545 3256; x_wconf 87' lang='grc' dir='ltr'>ὁ</span> <span class='ocrx_word' id='word_1_372' title='bbox 1590 3201 1684 3271; x_wconf 77' lang='grc' dir='ltr'>μὲν</span> <span class='ocrx_word' id='word_1_373' title='bbox 1733 3202 1960 3276; x_wconf 80' lang='grc' dir='ltr'>χαυνώ-</span> 
     </span>
    </p>
   </div>
   <div class='ocr_carea' id='block_1_48' title="bbox 249 3287 1962 3366">
    <p class='ocr_par' dir='ltr' id='par_1_48' title="bbox 249 3287 1962 3366">
     <span class='ocr_line' id='line_1_50' title="bbox 249 3287 1962 3366; baseline -0.001 -20"><span class='ocrx_word' id='word_1_374' title='bbox 249 3312 336 3346; x_wconf 82' lang='grc' dir='ltr'>σει</span> <span class='ocrx_word' id='word_1_375' title='bbox 396 3292 484 3348; x_wconf 84' lang='grc' dir='ltr'>καὶ</span> <span class='ocrx_word' id='word_1_376' title='bbox 541 3291 776 3366; x_wconf 71' lang='grc' dir='ltr'>ἀμελείᾳ</span> <span class='ocrx_word' id='word_1_377' title='bbox 833 3291 1188 3365; x_wconf 85' lang='grc' dir='ltr'>πρόσκειται·</span> <span class='ocrx_word' id='word_1_378' title='bbox 1247 3291 1274 3344; x_wconf 88' lang='grc' dir='ltr'>ὁ</span> <span class='ocrx_word' id='word_1_379' title='bbox 1334 3287 1390 3346; x_wconf 76' lang='grc' dir='ltr'>δὲ</span> <span class='ocrx_word' id='word_1_380' title='bbox 1438 3291 1674 3363; x_wconf 79' lang='grc' dir='ltr'>ἱματίων</span> <span class='ocrx_word' id='word_1_381' title='bbox 1741 3289 1962 3346; x_wconf 80' lang='grc' dir='ltr'>καλλω-</span> 
     </span>
    </p>
   </div>
   <div class='ocr_carea' id='block_1_49' title="bbox 243 3377 1960 3454">
    <p class='ocr_par' dir='ltr' id='par_1_49' title="bbox 243 3377 1960 3454">
     <span class='ocr_line' id='line_1_51' title="bbox 243 3377 1960 3454; baseline -0.002 -18"><span class='ocrx_word' id='word_1_382' title='bbox 243 3387 487 3454; x_wconf 82' lang='grc' dir='ltr'>πισμοῖς</span> <span class='ocrx_word' id='word_1_383' title='bbox 546 3379 782 3450; x_wconf 70' lang='grc' dir='ltr'>ἥδεται·</span> <span class='ocrx_word' id='word_1_384' title='bbox 862 3381 1020 3442; x_wconf 78' lang='grc' dir='ltr'>οὗτος</span> <span class='ocrx_word' id='word_1_385' title='bbox 1089 3378 1263 3450; x_wconf 76' lang='grc' dir='ltr'>ὕπνῳ,</span> <span class='ocrx_word' id='word_1_386' title='bbox 1331 3378 1536 3442; x_wconf 84' lang='grc' dir='ltr'>ἐκεῖνος</span> <span class='ocrx_word' id='word_1_387' title='bbox 1613 3377 1960 3452; x_wconf 70' lang='grc' dir='ltr'>εὐτραπελίᾳ,</span> 
     </span>
    </p>
   </div>
   <div class='ocr_carea' id='block_1_50' title="bbox 241 3468 1960 3545">
    <p class='ocr_par' dir='ltr' id='par_1_50' title="bbox 241 3468 1960 3545">
     <span class='ocr_line' id='line_1_52' title="bbox 241 3468 1960 3545; baseline -0.001 -18"><span class='ocrx_word' id='word_1_388' title='bbox 241 3472 342 3527; x_wconf 80' lang='grc' dir='ltr'>καὶ</span> <span class='ocrx_word' id='word_1_389' title='bbox 377 3469 550 3533; x_wconf 76' lang='grc' dir='ltr'>ἄλλος</span> <span class='ocrx_word' id='word_1_390' title='bbox 603 3471 784 3545; x_wconf 80' lang='grc' dir='ltr'>μικρῷ</span> <span class='ocrx_word' id='word_1_391' title='bbox 828 3493 936 3528; x_wconf 85' lang='grc' dir='ltr'>τινι</span> <span class='ocrx_word' id='word_1_392' title='bbox 987 3471 1020 3540; x_wconf 76' lang='grc' dir='ltr'><strong>ἢ</strong></span> <span class='ocrx_word' id='word_1_393' title='bbox 1071 3469 1298 3544; x_wconf 82' lang='grc' dir='ltr'>μεγάλῳ</span> <span class='ocrx_word' id='word_1_394' title='bbox 1342 3474 1438 3526; x_wconf 79' lang='grc' dir='ltr'>τοὺ</span> <span class='ocrx_word' id='word_1_395' title='bbox 1489 3471 1702 3543; x_wconf 72' lang='grc' dir='ltr'>κόσμου</span> <span class='ocrx_word' id='word_1_396' title='bbox 1753 3468 1960 3526; x_wconf 80' lang='grc' dir='ltr'>δέδεται</span> 
     </span>
    </p>
   </div>
   <div class='ocr_carea' id='block_1_51' title="bbox 237 3560 1962 3641">
    <p class='ocr_par' dir='ltr' id='par_1_51' title="bbox 237 3560 1962 3641">
     <span class='ocr_line' id='line_1_53' title="bbox 237 3560 1962 3641; baseline -0.002 -21"><span class='ocrx_word' id='word_1_397' title='bbox 237 3565 338 3620; x_wconf 81' lang='grc' dir='ltr'>καὶ</span> <span class='ocrx_word' id='word_1_398' title='bbox 403 3565 712 3641; x_wconf 71' lang='grc' dir='ltr'>κατέχεται,</span> <span class='ocrx_word' id='word_1_399' title='bbox 779 3562 870 3616; x_wconf 84' lang='grc' dir='ltr'>καὶ</span> <span class='ocrx_word' id='word_1_400' title='bbox 927 3560 1034 3616; x_wconf 85' lang='grc' dir='ltr'>οὐκ</span> <span class='ocrx_word' id='word_1_401' title='bbox 1105 3561 1308 3616; x_wconf 79' lang='grc' dir='ltr'>ἀνίεται</span> <span class='ocrx_word' id='word_1_402' title='bbox 1363 3560 1676 3634; x_wconf 70' lang='grc' dir='ltr'>ἀνακύψαι·</span> <span class='ocrx_word' id='word_1_403' title='bbox 1738 3562 1876 3634; x_wconf 87' lang='grc' dir='ltr'>πρὸς</span> <span class='ocrx_word' id='word_1_404' title='bbox 1933 3561 1962 3616; x_wconf 81' lang='grc' dir='ltr'>’ὁ</span> 
     </span>
    </p>
   </div>
   <div class='ocr_carea' id='block_1_52' title="bbox 236 3647 1962 3728">
    <p class='ocr_par' dir='ltr' id='par_1_52' title="bbox 236 3647 1962 3728">
     <span class='ocr_line' id='line_1_54' title="bbox 236 3647 1962 3728; baseline -0.001 -20"><span class='ocrx_word' id='word_1_405' title='bbox 236 3654 352 3728; x_wconf 77' lang='grc' dir='ltr'>γὰρ</span> <span class='ocrx_word' id='word_1_406' title='bbox 385 3653 556 3716; x_wconf 82' lang='grc' dir='ltr'>πάοος</span> <span class='ocrx_word' id='word_1_407' title='bbox 605 3652 668 3706; x_wconf 84' lang='grc' dir='ltr'>οὐ</span> <span class='ocrx_word' id='word_1_408' title='bbox 701 3649 1033 3726; x_wconf 82' lang='grc' dir='ltr'>διαμάχεταί</span> <span class='ocrx_word' id='word_1_409' title='bbox 1075 3672 1158 3714; x_wconf 84' lang='grc' dir='ltr'>τις</span> <span class='ocrx_word' id='word_1_410' title='bbox 1203 3649 1486 3725; x_wconf 75' lang='grc' dir='ltr'>γενναίως,</span> <span class='ocrx_word' id='word_1_411' title='bbox 1539 3647 1669 3706; x_wconf 75' lang='grc' dir='ltr'>οὐδὲ</span> <span class='ocrx_word' id='word_1_412' title='bbox 1709 3651 1962 3706; x_wconf 84' lang='grc' dir='ltr'>ἀντικαθ-</span> 
     </span>
    </p>
   </div>
   <div class='ocr_carea' id='block_1_53' title="bbox 247 3737 1962 3812">
    <p class='ocr_par' dir='ltr' id='par_1_53' title="bbox 247 3737 1962 3812">
     <span class='ocr_line' id='line_1_55' title="bbox 247 3737 1962 3812; baseline -0.003 -15"><span class='ocrx_word' id='word_1_413' title='bbox 247 3743 466 3797; x_wconf 76' lang='grc' dir='ltr'>ίσταται</span> <span class='ocrx_word' id='word_1_414' title='bbox 525 3741 712 3812; x_wconf 82' lang='grc' dir='ltr'>ἒκείνῳ</span> <span class='ocrx_word' id='word_1_415' title='bbox 769 3759 1010 3805; x_wconf 81' lang='grc' dir='ltr'>παντως,</span> <span class='ocrx_word' id='word_1_416' title='bbox 1068 3740 1156 3794; x_wconf 82' lang='grc' dir='ltr'>καὶ</span> <span class='ocrx_word' id='word_1_417' title='bbox 1219 3737 1411 3807; x_wconf 76' lang='grc' dir='ltr'>ἥδεται</span> <span class='ocrx_word' id='word_1_418' title='bbox 1446 3757 1458 3770; x_wconf 89' lang='grc'><strong>·</strong></span> <span class='ocrx_word' id='word_1_419' title='bbox 1537 3739 1752 3792; x_wconf 79' lang='grc' dir='ltr'>κάκεῖνο</span> <span class='ocrx_word' id='word_1_420' title='bbox 1828 3740 1962 3792; x_wconf 80' lang='grc' dir='ltr'>καθ-</span> 
     </span>
    </p>
   </div>
   <div class='ocr_carea' id='block_1_54' title="bbox 239 3825 1960 3904">
    <p class='ocr_par' dir='ltr' id='par_1_54' title="bbox 239 3825 1960 3904">
     <span class='ocr_line' id='line_1_56' title="bbox 239 3825 1960 3904; baseline -0.003 -17"><span class='ocrx_word' id='word_1_421' title='bbox 239 3831 416 3888; x_wconf 76' lang='grc' dir='ltr'>ἐλκον</span> <span class='ocrx_word' id='word_1_422' title='bbox 468 3827 627 3884; x_wconf 74' lang='grc' dir='ltr'>αὺτὸν</span> <span class='ocrx_word' id='word_1_423' title='bbox 677 3829 764 3884; x_wconf 80' lang='grc' dir='ltr'>καὶ</span> <span class='ocrx_word' id='word_1_424' title='bbox 815 3830 1052 3904; x_wconf 66' lang='grc' dir='ltr'>κατέχον</span> <span class='ocrx_word' id='word_1_425' title='bbox 1103 3827 1272 3884; x_wconf 75' lang='grc' dir='ltr'>οἱονεὶ</span> <span class='ocrx_word' id='word_1_426' title='bbox 1327 3825 1524 3900; x_wconf 78' lang='grc' dir='ltr'>δεσμός</span> <span class='ocrx_word' id='word_1_427' title='bbox 1566 3849 1674 3893; x_wconf 83' lang='grc' dir='ltr'>τις,</span> <span class='ocrx_word' id='word_1_428' title='bbox 1719 3827 1808 3882; x_wconf 82' lang='grc' dir='ltr'>καὶ</span> <span class='ocrx_word' id='word_1_429' title='bbox 1867 3827 1960 3884; x_wconf 71' lang='grc' dir='ltr'>κύ-</span> 
     </span>
    </p>
   </div>
   <div class='ocr_carea' id='block_1_55' title="bbox 239 3913 1963 3996">
    <p class='ocr_par' dir='ltr' id='par_1_55' title="bbox 239 3913 1963 3996">
     <span class='ocr_line' id='line_1_57' title="bbox 239 3913 1963 3996; baseline -0.003 -22"><span class='ocrx_word' id='word_1_430' title='bbox 239 3941 369 3996; x_wconf 71' lang='grc' dir='ltr'>φων</span> <span class='ocrx_word' id='word_1_431' title='bbox 401 3921 500 3986; x_wconf 72' lang='grc' dir='ltr'>τῆς</span> <span class='ocrx_word' id='word_1_432' title='bbox 549 3913 788 3978; x_wconf 78' lang='grc' dir='ltr'>διανοίας</span> <span class='ocrx_word' id='word_1_433' title='bbox 819 3917 988 3974; x_wconf 82' lang='grc' dir='ltr'>αὐτοῦ</span> <span class='ocrx_word' id='word_1_434' title='bbox 1033 3915 1242 3991; x_wconf 87' lang='grc' dir='ltr'>γίνεταί</span> <span class='ocrx_word' id='word_1_435' title='bbox 1269 3919 1368 3970; x_wconf 79' lang='grc' dir='ltr'>τοῦ</span> <span class='ocrx_word' id='word_1_436' title='bbox 1413 3916 1488 3986; x_wconf 72' lang='grc' dir='ltr'>μή</span> <span class='ocrx_word' id='word_1_437' title='bbox 1535 3915 1672 3988; x_wconf 86' lang='grc' dir='ltr'>πρὸς</span> <span class='ocrx_word' id='word_1_438' title='bbox 1712 3915 1804 3968; x_wconf 88' lang='grc' dir='ltr'>τὸν</span> <span class='ocrx_word' id='word_1_439' title='bbox 1837 3915 1963 3969; x_wconf 85' lang='grc' dir='ltr'>Θεὸν</span> 
     </span>
    </p>
   </div>
   <div class='ocr_carea' id='block_1_56' title="bbox 237 4002 1962 4084">
    <p class='ocr_par' dir='ltr' id='par_1_56' title="bbox 237 4002 1962 4084">
     <span class='ocr_line' id='line_1_58' title="bbox 237 4002 1962 4084; baseline -0.016 -6"><span class='ocrx_word' id='word_1_440' title='bbox 237 4009 632 4084; x_wconf 72' lang='grc' dir='ltr'>ἀναφέρεσθαι.</span> <span class='ocrx_word' id='word_1_441' title='bbox 687 4004 814 4078; x_wconf 77' lang='grc' dir='ltr'>μηδ’</span> <span class='ocrx_word' id='word_1_442' title='bbox 871 4005 1016 4076; x_wconf 79' lang='grc' dir='ltr'>αὖτῷ</span> <span class='ocrx_word' id='word_1_443' title='bbox 1077 4004 1230 4078; x_wconf 81' lang='grc' dir='ltr'>μόνῳ</span> <span class='ocrx_word' id='word_1_444' title='bbox 1290 4002 1590 4078; x_wconf 66' lang='grc' dir='ltr'>λατρεύειν.</span> <span class='ocrx_word' id='word_1_445' title='bbox 1645 4004 1814 4077; x_wconf 71' lang='grc' dir='ltr'>Ψυχή</span> <span class='ocrx_word' id='word_1_446' title='bbox 1859 4005 1962 4077; x_wconf 77' lang='grc' dir='ltr'>γὰρ</span> 
     </span>
    </p>
   </div>
   <div class='ocr_carea' id='block_1_57' title="bbox 239 4091 1960 4172">
    <p class='ocr_par' dir='ltr' id='par_1_57' title="bbox 239 4091 1960 4172">
     <span class='ocr_line' id='line_1_59' title="bbox 239 4091 1960 4172; baseline -0.002 -21"><span class='ocrx_word' id='word_1_447' title='bbox 239 4103 284 4168; x_wconf 80' lang='grc' dir='ltr'><strong>ἡ</strong></span> <span class='ocrx_word' id='word_1_448' title='bbox 321 4097 544 4168; x_wconf 76' lang='grc' dir='ltr'>ἀληθῶς</span> <span class='ocrx_word' id='word_1_449' title='bbox 587 4097 722 4172; x_wconf 86' lang='grc' dir='ltr'>πρὸς</span> <span class='ocrx_word' id='word_1_450' title='bbox 770 4097 969 4171; x_wconf 73' lang='grc' dir='ltr'>Κύριον</span> <span class='ocrx_word' id='word_1_451' title='bbox 1013 4097 1114 4164; x_wconf 74' lang='grc' dir='ltr'>τὴν</span> <span class='ocrx_word' id='word_1_452' title='bbox 1167 4094 1348 4168; x_wconf 74' lang='grc' dir='ltr'>ὁρμὴν</span> <span class='ocrx_word' id='word_1_453' title='bbox 1397 4091 1756 4156; x_wconf 72' lang='grc' dir='ltr'>ἂπευθύνασα,</span> <span class='ocrx_word' id='word_1_454' title='bbox 1789 4097 1960 4150; x_wconf 72' lang='grc' dir='ltr'>πᾶσαν</span> 
     </span>
    </p>
   </div>
   <div class='ocr_carea' id='block_1_58' title="bbox 235 4179 1960 4263">
    <p class='ocr_par' dir='ltr' id='par_1_58' title="bbox 235 4179 1960 4263">
     <span class='ocr_line' id='line_1_60' title="bbox 235 4179 1960 4263; baseline -0.005 -19"><span class='ocrx_word' id='word_1_455' title='bbox 235 4185 404 4258; x_wconf 75' lang='grc' dir='ltr'>αὗτῷ</span> <span class='ocrx_word' id='word_1_456' title='bbox 453 4187 552 4254; x_wconf 78' lang='grc' dir='ltr'>τήν</span> <span class='ocrx_word' id='word_1_457' title='bbox 608 4179 783 4263; x_wconf 71' lang='grc' dir='ltr'>ἔφεσιν</span> <span class='ocrx_word' id='word_1_458' title='bbox 849 4182 1146 4258; x_wconf 69' lang='grc' dir='ltr'>ἐπιτρέπει,</span> <span class='ocrx_word' id='word_1_459' title='bbox 1208 4182 1342 4253; x_wconf 79' lang='grc' dir='ltr'>αὐτή</span> <span class='ocrx_word' id='word_1_460' title='bbox 1418 4203 1474 4238; x_wconf 85' lang='grc' dir='ltr'>σε</span> <span class='ocrx_word' id='word_1_461' title='bbox 1546 4182 1742 4250; x_wconf 72' lang='grc' dir='ltr'>ἑαυτῆς</span> <span class='ocrx_word' id='word_1_462' title='bbox 1808 4181 1960 4256; x_wconf 79' lang='grc' dir='ltr'>ἔξαρ-</span> 
     </span>
    </p>
   </div>
   <div class='ocr_carea' id='block_1_59' title="bbox 233 4271 1963 4350">
    <p class='ocr_par' dir='ltr' id='par_1_59' title="bbox 233 4271 1963 4350">
     <span class='ocr_line' id='line_1_61' title="bbox 233 4271 1963 4350; baseline -0.002 -18"><span class='ocrx_word' id='word_1_463' title='bbox 233 4299 340 4340; x_wconf 82' lang='grc' dir='ltr'>νος</span> <span class='ocrx_word' id='word_1_464' title='bbox 386 4277 614 4350; x_wconf 83' lang='grc' dir='ltr'>γίνεται,</span> <span class='ocrx_word' id='word_1_465' title='bbox 661 4274 750 4330; x_wconf 85' lang='grc' dir='ltr'>καὶ</span> <span class='ocrx_word' id='word_1_466' title='bbox 798 4278 895 4330; x_wconf 78' lang='grc' dir='ltr'>τοῦ</span> <span class='ocrx_word' id='word_1_467' title='bbox 955 4271 1100 4328; x_wconf 84' lang='grc' dir='ltr'>ἰδίου</span> <span class='ocrx_word' id='word_1_468' title='bbox 1145 4273 1270 4334; x_wconf 86' lang='grc' dir='ltr'>νοὸς</span> <span class='ocrx_word' id='word_1_469' title='bbox 1328 4277 1442 4336; x_wconf 86' lang='grc' dir='ltr'>τοῖς</span> <span class='ocrx_word' id='word_1_470' title='bbox 1500 4271 1802 4345; x_wconf 78' lang='grc' dir='ltr'>Θελήμασιν</span> <span class='ocrx_word' id='word_1_471' title='bbox 1863 4272 1963 4332; x_wconf 81' lang='grc' dir='ltr'>οὐκ</span> 
     </span>
    </p>
   </div>
   <div class='ocr_carea' id='block_1_60' title="bbox 236 4363 572 4424">
    <p class='ocr_par' dir='ltr' id='par_1_60' title="bbox 236 4363 572 4424">
     <span class='ocr_line' id='line_1_62' title="bbox 236 4363 572 4424; baseline -0.018 -1"><span class='ocrx_word' id='word_1_472' title='bbox 236 4363 572 4424; x_wconf 78' lang='grc' dir='ltr'>ἀκολουθεῖ,</span> 
     </span>
    </p>
   </div>
   <div class='ocr_carea' id='block_1_61' title="bbox 2060 1680 3766 1751">
    <p class='ocr_par' dir='ltr' id='par_1_61' title="bbox 2060 1680 3766 1751">
     <span class='ocr_line' id='line_1_63' title="bbox 2060 1680 3766 1751; baseline 0.002 -19"><span class='ocrx_word' id='word_1_473' title='bbox 2060 1694 2126 1732; x_wconf 86' lang='lat' dir='ltr'>ea</span> <span class='ocrx_word' id='word_1_474' title='bbox 2155 1685 2355 1746; x_wconf 75' lang='lat' dir='ltr'>gravat</span> <span class='ocrx_word' id='word_1_475' title='bbox 2385 1680 2542 1736; x_wconf 88' lang='lat' dir='ltr'>illius</span> <span class='ocrx_word' id='word_1_476' title='bbox 2577 1687 2852 1742; x_wconf 84' lang='lat' dir='ltr'>mentem,</span> <span class='ocrx_word' id='word_1_477' title='bbox 2876 1687 2933 1734; x_wconf 89' lang='lat' dir='ltr'>et</span> <span class='ocrx_word' id='word_1_478' title='bbox 2979 1681 3148 1751; x_wconf 87' lang='lat' dir='ltr'>quasi</span> <span class='ocrx_word' id='word_1_479' title='bbox 3189 1683 3456 1736; x_wconf 88' lang='lat' dir='ltr'>deorsum</span> <span class='ocrx_word' id='word_1_480' title='bbox 3495 1682 3670 1734; x_wconf 84' lang='lat' dir='ltr'>trahit</span> <span class='ocrx_word' id='word_1_481' title='bbox 3701 1698 3766 1736; x_wconf 87' lang='lat' dir='ltr'>ac</span> 
     </span>
    </p>
   </div>
   <div class='ocr_carea' id='block_1_62' title="bbox 2061 1767 3764 1841">
    <p class='ocr_par' dir='ltr' id='par_1_62' title="bbox 2061 1767 3764 1841">
     <span class='ocr_line' id='line_1_64' title="bbox 2061 1767 3764 1841; baseline 0.001 -19"><span class='ocrx_word' id='word_1_482' title='bbox 2061 1767 2335 1836; x_wconf 77' lang='lat' dir='ltr'>detrudit,</span> <span class='ocrx_word' id='word_1_483' title='bbox 2368 1775 2706 1841; x_wconf 78' lang='lat' dir='ltr'>vertet-eque</span> <span class='ocrx_word' id='word_1_484' title='bbox 2737 1787 2970 1825; x_wconf 85' lang='lat' dir='ltr'>sursum</span> <span class='ocrx_word' id='word_1_485' title='bbox 2997 1771 3197 1824; x_wconf 88' lang='lat' dir='ltr'>oculos</span> <span class='ocrx_word' id='word_1_486' title='bbox 3245 1787 3360 1824; x_wconf 91' lang='lat' dir='ltr'>non</span> <span class='ocrx_word' id='word_1_487' title='bbox 3411 1769 3568 1824; x_wconf 87' lang='lat' dir='ltr'>sinit.</span> <span class='ocrx_word' id='word_1_488' title='bbox 3599 1771 3764 1840; x_wconf 86' lang='lat' dir='ltr'>Apud</span> 
     </span>
    </p>
   </div>
   <div class='ocr_carea' id='block_1_63' title="bbox 2061 1859 3769 1929">
    <p class='ocr_par' dir='ltr' id='par_1_63' title="bbox 2061 1859 3769 1929">
     <span class='ocr_line' id='line_1_65' title="bbox 2061 1859 3769 1929; baseline 0.001 -16"><span class='ocrx_word' id='word_1_489' title='bbox 2061 1859 2204 1913; x_wconf 84' lang='lat' dir='ltr'>tales</span> <span class='ocrx_word' id='word_1_490' title='bbox 2224 1860 2376 1916; x_wconf 88' lang='lat' dir='ltr'>enim</span> <span class='ocrx_word' id='word_1_491' title='bbox 2411 1865 2624 1916; x_wconf 83' lang='lat' dir='ltr'>statera</span> <span class='ocrx_word' id='word_1_492' title='bbox 2655 1864 2711 1916; x_wconf 84' lang='lat' dir='ltr'>et</span> <span class='ocrx_word' id='word_1_493' title='bbox 2759 1876 2974 1928; x_wconf 87' lang='lat' dir='ltr'>anceps</span> <span class='ocrx_word' id='word_1_494' title='bbox 3024 1867 3408 1928; x_wconf 87' lang='lat' dir='ltr'>momentum,</span> <span class='ocrx_word' id='word_1_495' title='bbox 3436 1861 3769 1929; x_wconf 85' lang='lat' dir='ltr'>jugumque</span> 
     </span>
    </p>
   </div>
   <div class='ocr_carea' id='block_1_64' title="bbox 2061 1949 3770 2021">
    <p class='ocr_par' dir='ltr' id='par_1_64' title="bbox 2061 1949 3770 2021">
     <span class='ocr_line' id='line_1_66' title="bbox 2061 1949 3770 2021; baseline 0.002 -19"><span class='ocrx_word' id='word_1_496' title='bbox 2061 1949 2280 2004; x_wconf 80' lang='lat' dir='ltr'>arbitrii</span> <span class='ocrx_word' id='word_1_497' title='bbox 2337 1951 2525 2006; x_wconf 86' lang='lat' dir='ltr'>cordis</span> <span class='ocrx_word' id='word_1_498' title='bbox 2556 1952 2725 2021; x_wconf 90' lang='lat' dir='ltr'>quasi</span> <span class='ocrx_word' id='word_1_499' title='bbox 2769 1949 3068 2004; x_wconf 86' lang='lat' dir='ltr'>sublatum</span> <span class='ocrx_word' id='word_1_500' title='bbox 3119 1956 3243 2018; x_wconf 89' lang='lat' dir='ltr'>est;</span> <span class='ocrx_word' id='word_1_501' title='bbox 3293 1967 3644 2020; x_wconf 73' lang='lat' dir='ltr'>eXamenque</span> <span class='ocrx_word' id='word_1_502' title='bbox 3685 1951 3770 2005; x_wconf 86' lang='lat' dir='ltr'>sic</span> 
     </span>
    </p>
   </div>
   <div class='ocr_carea' id='block_1_65' title="bbox 2063 2039 3769 2111">
    <p class='ocr_par' dir='ltr' id='par_1_65' title="bbox 2063 2039 3769 2111">
     <span class='ocr_line' id='line_1_67' title="bbox 2063 2039 3769 2111; baseline -0.001 -17"><span class='ocrx_word' id='word_1_503' title='bbox 2063 2039 2128 2094; x_wconf 82' lang='lat' dir='ltr'>ﬁt</span> <span class='ocrx_word' id='word_1_504' title='bbox 2173 2039 2478 2108; x_wconf 82' lang='lat' dir='ltr'>explorans</span> <span class='ocrx_word' id='word_1_505' title='bbox 2527 2039 2765 2094; x_wconf 86' lang='lat' dir='ltr'>intimos</span> <span class='ocrx_word' id='word_1_506' title='bbox 2811 2055 3020 2094; x_wconf 85' lang='lat' dir='ltr'>sensus</span> <span class='ocrx_word' id='word_1_507' title='bbox 3064 2040 3256 2096; x_wconf 91' lang='lat' dir='ltr'>omnis</span> <span class='ocrx_word' id='word_1_508' title='bbox 3307 2041 3534 2111; x_wconf 82' lang='lat' dir='ltr'>generis</span> <span class='ocrx_word' id='word_1_509' title='bbox 3583 2039 3769 2092; x_wconf 90' lang='lat' dir='ltr'>homi-</span> 
     </span>
    </p>
   </div>
   <div class='ocr_carea' id='block_1_66' title="bbox 2062 2129 3768 2200">
    <p class='ocr_par' dir='ltr' id='par_1_66' title="bbox 2062 2129 3768 2200">
     <span class='ocr_line' id='line_1_68' title="bbox 2062 2129 3768 2200; baseline 0.001 -16"><span class='ocrx_word' id='word_1_510' title='bbox 2062 2146 2226 2197; x_wconf 87' lang='lat' dir='ltr'>num,</span> <span class='ocrx_word' id='word_1_511' title='bbox 2259 2146 2358 2184; x_wconf 87' lang='lat' dir='ltr'>seu</span> <span class='ocrx_word' id='word_1_512' title='bbox 2396 2129 2450 2186; x_wconf 90' lang='lat' dir='ltr'>in</span> <span class='ocrx_word' id='word_1_513' title='bbox 2487 2130 2732 2185; x_wconf 89' lang='lat' dir='ltr'>urbibus</span> <span class='ocrx_word' id='word_1_514' title='bbox 2772 2131 3104 2200; x_wconf 80' lang='lat' dir='ltr'>degentium</span> <span class='ocrx_word' id='word_1_515' title='bbox 3153 2132 3639 2196; x_wconf 82' lang='lat' dir='ltr'>Christianorum,</span> <span class='ocrx_word' id='word_1_516' title='bbox 3664 2147 3768 2185; x_wconf 87' lang='lat' dir='ltr'>seu</span> 
     </span>
    </p>
   </div>
   <div class='ocr_carea' id='block_1_67' title="bbox 2061 2219 3772 2287">
    <p class='ocr_par' dir='ltr' id='par_1_67' title="bbox 2061 2219 3772 2287">
     <span class='ocr_line' id='line_1_69' title="bbox 2061 2219 3772 2287; baseline 0.001 -15"><span class='ocrx_word' id='word_1_517' title='bbox 2061 2219 2118 2272; x_wconf 91' lang='lat' dir='ltr'>in</span> <span class='ocrx_word' id='word_1_518' title='bbox 2155 2220 2472 2283; x_wconf 90' lang='lat' dir='ltr'>montibus,</span> <span class='ocrx_word' id='word_1_519' title='bbox 2505 2236 2605 2274; x_wconf 86' lang='lat' dir='ltr'>seu</span> <span class='ocrx_word' id='word_1_520' title='bbox 2659 2221 2716 2274; x_wconf 91' lang='lat' dir='ltr'>in</span> <span class='ocrx_word' id='word_1_521' title='bbox 2770 2221 3174 2286; x_wconf 82' lang='lat' dir='ltr'>monasteriis;</span> <span class='ocrx_word' id='word_1_522' title='bbox 3209 2222 3326 2274; x_wconf 83' lang='lat' dir='ltr'>sive</span> <span class='ocrx_word' id='word_1_523' title='bbox 3359 2223 3412 2273; x_wconf 90' lang='lat' dir='ltr'>in</span> <span class='ocrx_word' id='word_1_524' title='bbox 3448 2219 3622 2287; x_wconf 72' lang='lat' dir='ltr'>agris,</span> <span class='ocrx_word' id='word_1_525' title='bbox 3649 2221 3772 2276; x_wconf 85' lang='lat' dir='ltr'>sive</span> 
     </span>
    </p>
   </div>
   <div class='ocr_carea' id='block_1_68' title="bbox 2061 2307 3770 2381">
    <p class='ocr_par' dir='ltr' id='par_1_68' title="bbox 2061 2307 3770 2381">
     <span class='ocr_line' id='line_1_70' title="bbox 2061 2307 3770 2381; baseline 0 -19"><span class='ocrx_word' id='word_1_526' title='bbox 2061 2308 2120 2362; x_wconf 89' lang='lat' dir='ltr'>in</span> <span class='ocrx_word' id='word_1_527' title='bbox 2155 2307 2596 2364; x_wconf 84' lang='lat' dir='ltr'>solitudinibus.</span> <span class='ocrx_word' id='word_1_528' title='bbox 2627 2309 3202 2381; x_wconf 79' lang='lat' dir='ltr'>Deprehenditurque</span> <span class='ocrx_word' id='word_1_529' title='bbox 3254 2325 3324 2363; x_wconf 86' lang='lat' dir='ltr'>ex</span> <span class='ocrx_word' id='word_1_530' title='bbox 3371 2325 3435 2363; x_wconf 92' lang='lat' dir='ltr'>eo</span> <span class='ocrx_word' id='word_1_531' title='bbox 3487 2309 3636 2380; x_wconf 91' lang='lat' dir='ltr'>quod</span> <span class='ocrx_word' id='word_1_532' title='bbox 3673 2325 3770 2362; x_wconf 86' lang='lat' dir='ltr'>vo-</span> 
     </span>
    </p>
   </div>
   <div class='ocr_carea' id='block_1_69' title="bbox 2065 2397 3770 2470">
    <p class='ocr_par' dir='ltr' id='par_1_69' title="bbox 2065 2397 3770 2470">
     <span class='ocr_line' id='line_1_71' title="bbox 2065 2397 3770 2470; baseline 0 -18"><span class='ocrx_word' id='word_1_533' title='bbox 2065 2397 2190 2452; x_wconf 85' lang='lat' dir='ltr'>lens</span> <span class='ocrx_word' id='word_1_534' title='bbox 2221 2397 2354 2468; x_wconf 88' lang='lat' dir='ltr'>quis</span> <span class='ocrx_word' id='word_1_535' title='bbox 2388 2398 2676 2452; x_wconf 82' lang='lat' dir='ltr'>alliciatur</span> <span class='ocrx_word' id='word_1_536' title='bbox 2707 2401 2777 2454; x_wconf 83' lang='lat' dir='ltr'>ab</span> <span class='ocrx_word' id='word_1_537' title='bbox 2809 2416 2875 2454; x_wconf 87' lang='lat' dir='ltr'>ea</span> <span class='ocrx_word' id='word_1_538' title='bbox 2909 2415 2984 2465; x_wconf 87' lang='lat' dir='ltr'>re,</span> <span class='ocrx_word' id='word_1_539' title='bbox 3009 2415 3372 2470; x_wconf 74' lang='lat' dir='ltr'>quascunque</span> <span class='ocrx_word' id='word_1_540' title='bbox 3405 2399 3639 2452; x_wconf 87' lang='lat' dir='ltr'>tandem</span> <span class='ocrx_word' id='word_1_541' title='bbox 3663 2403 3770 2467; x_wconf 88' lang='lat' dir='ltr'>est,</span> 
     </span>
    </p>
   </div>
   <div class='ocr_carea' id='block_1_70' title="bbox 2065 2489 3772 2556">
    <p class='ocr_par' dir='ltr' id='par_1_70' title="bbox 2065 2489 3772 2556">
     <span class='ocr_line' id='line_1_72' title="bbox 2065 2489 3772 2556; baseline 0.002 -18"><span class='ocrx_word' id='word_1_542' title='bbox 2065 2502 2236 2556; x_wconf 88' lang='lat' dir='ltr'>quam</span> <span class='ocrx_word' id='word_1_543' title='bbox 2296 2493 2471 2550; x_wconf 83' lang='lat' dir='ltr'>amat,</span> <span class='ocrx_word' id='word_1_544' title='bbox 2508 2491 2760 2541; x_wconf 90' lang='lat' dir='ltr'>nondum</span> <span class='ocrx_word' id='word_1_545' title='bbox 2813 2505 2986 2543; x_wconf 87' lang='lat' dir='ltr'>suum</span> <span class='ocrx_word' id='word_1_546' title='bbox 3056 2505 3284 2542; x_wconf 87' lang='lat' dir='ltr'>omnem</span> <span class='ocrx_word' id='word_1_547' title='bbox 3342 2504 3600 2542; x_wconf 87' lang='lat' dir='ltr'>amorem</span> <span class='ocrx_word' id='word_1_548' title='bbox 3657 2489 3772 2542; x_wconf 82' lang='lat' dir='ltr'>Deo</span> 
     </span>
    </p>
   </div>
   <div class='ocr_carea' id='block_1_71' title="bbox 2066 2575 3771 2648">
    <p class='ocr_par' dir='ltr' id='par_1_71' title="bbox 2066 2575 3771 2648">
     <span class='ocr_line' id='line_1_73' title="bbox 2066 2575 3771 2648; baseline 0.002 -20"><span class='ocrx_word' id='word_1_549' title='bbox 2066 2575 2377 2634; x_wconf 62' lang='lat' dir='ltr'>addixisse.</span> <span class='ocrx_word' id='word_1_550' title='bbox 2417 2577 2672 2644; x_wconf 83' lang='lat' dir='ltr'>Exempli</span> <span class='ocrx_word' id='word_1_551' title='bbox 2721 2577 2926 2648; x_wconf 86' lang='lat' dir='ltr'>gratia,</span> <span class='ocrx_word' id='word_1_552' title='bbox 2961 2577 3152 2647; x_wconf 87' lang='lat' dir='ltr'>diligit</span> <span class='ocrx_word' id='word_1_553' title='bbox 3186 2577 3317 2648; x_wconf 83' lang='lat' dir='ltr'>quis</span> <span class='ocrx_word' id='word_1_554' title='bbox 3370 2581 3511 2631; x_wconf 82' lang='lat' dir='ltr'>forte</span> <span class='ocrx_word' id='word_1_555' title='bbox 3541 2593 3771 2646; x_wconf 69' lang='lat' dir='ltr'>posses-</span> 
     </span>
    </p>
   </div>
   <div class='ocr_carea' id='block_1_72' title="bbox 2067 2665 3773 2734">
    <p class='ocr_par' dir='ltr' id='par_1_72' title="bbox 2067 2665 3773 2734">
     <span class='ocr_line' id='line_1_74' title="bbox 2067 2665 3773 2734; baseline 0 -14"><span class='ocrx_word' id='word_1_556' title='bbox 2067 2666 2284 2731; x_wconf 84' lang='lat' dir='ltr'>siones,</span> <span class='ocrx_word' id='word_1_557' title='bbox 2318 2665 2465 2722; x_wconf 86' lang='lat' dir='ltr'>nlius</span> <span class='ocrx_word' id='word_1_558' title='bbox 2515 2685 2744 2734; x_wconf 86' lang='lat' dir='ltr'>aurum,</span> <span class='ocrx_word' id='word_1_559' title='bbox 2777 2668 2924 2726; x_wconf 83' lang='lat' dir='ltr'>alius</span> <span class='ocrx_word' id='word_1_560' title='bbox 2981 2675 3142 2722; x_wconf 86' lang='lat' dir='ltr'>amat</span> <span class='ocrx_word' id='word_1_561' title='bbox 3199 2670 3381 2722; x_wconf 87' lang='lat' dir='ltr'>ventri</span> <span class='ocrx_word' id='word_1_562' title='bbox 3423 2670 3658 2732; x_wconf 85' lang='lat' dir='ltr'>servire,</span> <span class='ocrx_word' id='word_1_563' title='bbox 3719 2671 3773 2720; x_wconf 83' lang='lat' dir='ltr'>et</span> 
     </span>
    </p>
   </div>
   <div class='ocr_carea' id='block_1_73' title="bbox 2065 2755 3766 2827">
    <p class='ocr_par' dir='ltr' id='par_1_73' title="bbox 2065 2755 3766 2827">
     <span class='ocr_line' id='line_1_75' title="bbox 2065 2755 3766 2827; baseline 0.002 -18"><span class='ocrx_word' id='word_1_564' title='bbox 2065 2755 2366 2827; x_wconf 74' lang='lat' dir='ltr'>indulgere</span> <span class='ocrx_word' id='word_1_565' title='bbox 2424 2758 2912 2826; x_wconf 78' lang='lat' dir='ltr'>concUpiscenIiis</span> <span class='ocrx_word' id='word_1_566' title='bbox 2973 2760 3204 2826; x_wconf 82' lang='lat' dir='ltr'>carnis;</span> <span class='ocrx_word' id='word_1_567' title='bbox 3239 2759 3388 2812; x_wconf 84' lang='lat' dir='ltr'>alius</span> <span class='ocrx_word' id='word_1_568' title='bbox 3424 2757 3766 2825; x_wconf 84' lang='lat' dir='ltr'>sapientiam</span> 
     </span>
    </p>
   </div>
   <div class='ocr_carea' id='block_1_74' title="bbox 2069 2847 3776 2918">
    <p class='ocr_par' dir='ltr' id='par_1_74' title="bbox 2069 2847 3776 2918">
     <span class='ocr_line' id='line_1_76' title="bbox 2069 2847 3776 2918; baseline 0.001 -17"><span class='ocrx_word' id='word_1_569' title='bbox 2069 2853 2228 2902; x_wconf 88' lang='lat' dir='ltr'>amat</span> <span class='ocrx_word' id='word_1_570' title='bbox 2277 2853 2508 2916; x_wconf 86' lang='lat' dir='ltr'>propter</span> <span class='ocrx_word' id='word_1_571' title='bbox 2557 2847 2794 2918; x_wconf 79' lang='lat' dir='ltr'>gloriam</span> <span class='ocrx_word' id='word_1_572' title='bbox 2846 2849 3148 2918; x_wconf 76' lang='lat' dir='ltr'>fragilem;</span> <span class='ocrx_word' id='word_1_573' title='bbox 3212 2865 3324 2902; x_wconf 91' lang='lat' dir='ltr'>non</span> <span class='ocrx_word' id='word_1_574' title='bbox 3385 2865 3553 2902; x_wconf 89' lang='lat' dir='ltr'>nemo</span> <span class='ocrx_word' id='word_1_575' title='bbox 3587 2848 3776 2902; x_wconf 85' lang='lat' dir='ltr'>ambit</span> 
     </span>
    </p>
   </div>
   <div class='ocr_carea' id='block_1_75' title="bbox 1991 2936 3774 3046">
    <p class='ocr_par' dir='ltr' id='par_1_75' title="bbox 1991 2936 3774 3046">
     <span class='ocr_line' id='line_1_77' title="bbox 1991 2936 3774 3046; baseline 0.001 -58"><span class='ocrx_word' id='word_1_576' title='bbox 1991 2981 2033 3046; x_wconf 69' lang='grc' dir='ltr'>Ο</span> <span class='ocrx_word' id='word_1_577' title='bbox 2074 2937 2472 3005; x_wconf 65' lang='lat' dir='ltr'>praefecturam</span> <span class='ocrx_word' id='word_1_578' title='bbox 2510 2953 2523 3002; x_wconf 91' lang='lat'>;</span> <span class='ocrx_word' id='word_1_579' title='bbox 2573 2937 2720 2992; x_wconf 88' lang='lat' dir='ltr'>alter</span> <span class='ocrx_word' id='word_1_580' title='bbox 2767 2937 3016 2992; x_wconf 86' lang='lat' dir='ltr'>honores</span> <span class='ocrx_word' id='word_1_581' title='bbox 3074 2938 3145 2990; x_wconf 88' lang='lat' dir='ltr'>ab</span> <span class='ocrx_word' id='word_1_582' title='bbox 3185 2937 3520 2991; x_wconf 90' lang='lat' dir='ltr'>hominibus</span> <span class='ocrx_word' id='word_1_583' title='bbox 3563 2956 3576 3004; x_wconf 88' lang='lat'>;</span> <span class='ocrx_word' id='word_1_584' title='bbox 3639 2936 3774 2990; x_wconf 88' lang='lat' dir='ltr'>huic</span> 
     </span>
    </p>
   </div>
   <div class='ocr_carea' id='block_1_76' title="bbox 2075 3025 3772 3094">
    <p class='ocr_par' dir='ltr' id='par_1_76' title="bbox 2075 3025 3772 3094">
     <span class='ocr_line' id='line_1_78' title="bbox 2075 3025 3772 3094; baseline 0.001 -16"><span class='ocrx_word' id='word_1_585' title='bbox 2075 3026 2254 3094; x_wconf 89' lang='lat' dir='ltr'>placet</span> <span class='ocrx_word' id='word_1_586' title='bbox 2289 3025 2374 3080; x_wconf 89' lang='lat' dir='ltr'>ira</span> <span class='ocrx_word' id='word_1_587' title='bbox 2403 3025 2613 3084; x_wconf 73' lang='lat' dir='ltr'>elferri.</span> <span class='ocrx_word' id='word_1_588' title='bbox 2646 3034 2699 3080; x_wconf 89' lang='lat' dir='ltr'>et</span> <span class='ocrx_word' id='word_1_589' title='bbox 2732 3026 2882 3092; x_wconf 84' lang='lat' dir='ltr'>bile;</span> <span class='ocrx_word' id='word_1_590' title='bbox 2919 3043 3049 3080; x_wconf 87' lang='lat' dir='ltr'>nam</span> <span class='ocrx_word' id='word_1_591' title='bbox 3093 3027 3428 3094; x_wconf 87' lang='lat' dir='ltr'>impendere</span> <span class='ocrx_word' id='word_1_592' title='bbox 3471 3041 3532 3080; x_wconf 86' lang='lat' dir='ltr'>se</span> <span class='ocrx_word' id='word_1_593' title='bbox 3579 3025 3772 3094; x_wconf 88' lang='lat' dir='ltr'>ipsum</span> 
     </span>
    </p>
   </div>
   <div class='ocr_carea' id='block_1_77' title="bbox 2072 3115 3774 3184">
    <p class='ocr_par' dir='ltr' id='par_1_77' title="bbox 2072 3115 3774 3184">
     <span class='ocr_line' id='line_1_79' title="bbox 2072 3115 3774 3184; baseline 0 -16"><span class='ocrx_word' id='word_1_594' title='bbox 2072 3115 2276 3170; x_wconf 88' lang='lat' dir='ltr'>amicis</span> <span class='ocrx_word' id='word_1_595' title='bbox 2333 3115 2720 3182; x_wconf 85' lang='lat' dir='ltr'>vindicandis,</span> <span class='ocrx_word' id='word_1_596' title='bbox 2753 3116 2876 3170; x_wconf 86' lang='lat' dir='ltr'>laus</span> <span class='ocrx_word' id='word_1_597' title='bbox 2913 3116 3018 3184; x_wconf 89' lang='lat' dir='ltr'>ipsi</span> <span class='ocrx_word' id='word_1_598' title='bbox 3077 3115 3342 3169; x_wconf 83' lang='lat' dir='ltr'>videtur:</span> <span class='ocrx_word' id='word_1_599' title='bbox 3372 3115 3468 3168; x_wconf 90' lang='lat' dir='ltr'>alii</span> <span class='ocrx_word' id='word_1_600' title='bbox 3501 3115 3774 3184; x_wconf 68' lang='lat' dir='ltr'>iucundae</span> 
     </span>
    </p>
   </div>
   <div class='ocr_carea' id='block_1_78' title="bbox 2072 3204 3771 3272">
    <p class='ocr_par' dir='ltr' id='par_1_78' title="bbox 2072 3204 3771 3272">
     <span class='ocr_line' id='line_1_80' title="bbox 2072 3204 3771 3272; baseline 0.001 -14"><span class='ocrx_word' id='word_1_601' title='bbox 2072 3209 2211 3258; x_wconf 88' lang='lat' dir='ltr'>sunt</span> <span class='ocrx_word' id='word_1_602' title='bbox 2266 3204 2765 3264; x_wconf 76' lang='lat' dir='ltr'>confabulationes</span> <span class='ocrx_word' id='word_1_603' title='bbox 2833 3207 3025 3260; x_wconf 66' lang='lat' dir='ltr'>facetia</span> <span class='ocrx_word' id='word_1_604' title='bbox 3083 3206 3153 3260; x_wconf 92' lang='lat' dir='ltr'>de</span> <span class='ocrx_word' id='word_1_605' title='bbox 3199 3205 3368 3272; x_wconf 78' lang='lat' dir='ltr'>nugis</span> <span class='ocrx_word' id='word_1_606' title='bbox 3401 3204 3771 3260; x_wconf 89' lang='lat' dir='ltr'>scurrilibus.</span> 
     </span>
    </p>
   </div>
   <div class='ocr_carea' id='block_1_79' title="bbox 2073 3291 3774 3356">
    <p class='ocr_par' dir='ltr' id='par_1_79' title="bbox 2073 3291 3774 3356">
     <span class='ocr_line' id='line_1_81' title="bbox 2073 3291 3774 3356; baseline -0.001 -12"><span class='ocrx_word' id='word_1_607' title='bbox 2073 3293 2392 3356; x_wconf 85' lang='lat' dir='ltr'>Quemdam</span> <span class='ocrx_word' id='word_1_608' title='bbox 2424 3291 2616 3348; x_wconf 88' lang='lat' dir='ltr'>soluta</span> <span class='ocrx_word' id='word_1_609' title='bbox 2649 3292 2880 3348; x_wconf 85' lang='lat' dir='ltr'>licentia</span> <span class='ocrx_word' id='word_1_610' title='bbox 2914 3293 3063 3348; x_wconf 89' lang='lat' dir='ltr'>ultra</span> <span class='ocrx_word' id='word_1_611' title='bbox 3111 3293 3298 3347; x_wconf 87' lang='lat' dir='ltr'>decori</span> <span class='ocrx_word' id='word_1_612' title='bbox 3331 3293 3606 3346; x_wconf 85' lang='lat' dir='ltr'>terminos</span> <span class='ocrx_word' id='word_1_613' title='bbox 3637 3307 3774 3344; x_wconf 82' lang='lat' dir='ltr'>eva—</span> 
     </span>
    </p>
   </div>
   <div class='ocr_carea' id='block_1_80' title="bbox 2072 3380 3776 3452">
    <p class='ocr_par' dir='ltr' id='par_1_80' title="bbox 2072 3380 3776 3452">
     <span class='ocr_line' id='line_1_82' title="bbox 2072 3380 3776 3452; baseline 0 -18"><span class='ocrx_word' id='word_1_614' title='bbox 2072 3380 2244 3451; x_wconf 87' lang='lat' dir='ltr'>gandi</span> <span class='ocrx_word' id='word_1_615' title='bbox 2273 3397 2286 3446; x_wconf 92' lang='lat'>;</span> <span class='ocrx_word' id='word_1_616' title='bbox 2319 3388 2418 3434; x_wconf 86' lang='lat' dir='ltr'>aut</span> <span class='ocrx_word' id='word_1_617' title='bbox 2447 3383 2636 3436; x_wconf 86' lang='lat' dir='ltr'>verbis</span> <span class='ocrx_word' id='word_1_618' title='bbox 2685 3383 2886 3436; x_wconf 85' lang='lat' dir='ltr'>otiosis</span> <span class='ocrx_word' id='word_1_619' title='bbox 2935 3385 3251 3446; x_wconf 85' lang='lat' dir='ltr'>attendere,</span> <span class='ocrx_word' id='word_1_620' title='bbox 3284 3388 3384 3436; x_wconf 86' lang='lat' dir='ltr'>aut</span> <span class='ocrx_word' id='word_1_621' title='bbox 3433 3381 3776 3452; x_wconf 80' lang='lat' dir='ltr'>magistrum</span> 
     </span>
    </p>
   </div>
   <div class='ocr_carea' id='block_1_81' title="bbox 2073 3471 3776 3541">
    <p class='ocr_par' dir='ltr' id='par_1_81' title="bbox 2073 3471 3776 3541">
     <span class='ocr_line' id='line_1_83' title="bbox 2073 3471 3776 3541; baseline -0.001 -17"><span class='ocrx_word' id='word_1_622' title='bbox 2073 3487 2240 3536; x_wconf 81' lang='lat' dir='ltr'>esse;</span> <span class='ocrx_word' id='word_1_623' title='bbox 2273 3471 2460 3526; x_wconf 85' lang='lat' dir='ltr'>ethoc</span> <span class='ocrx_word' id='word_1_624' title='bbox 2492 3475 2849 3541; x_wconf 66' lang='lat' dir='ltr'>aucupandis</span> <span class='ocrx_word' id='word_1_625' title='bbox 2881 3489 3058 3527; x_wconf 86' lang='lat' dir='ltr'>causa</span> <span class='ocrx_word' id='word_1_626' title='bbox 3087 3473 3162 3527; x_wconf 86' lang='lat' dir='ltr'>ab</span> <span class='ocrx_word' id='word_1_627' title='bbox 3195 3471 3525 3526; x_wconf 82' lang='lat' dir='ltr'>hominibus</span> <span class='ocrx_word' id='word_1_628' title='bbox 3557 3471 3776 3540; x_wconf 72' lang='lat' dir='ltr'>gloriae.</span> 
     </span>
    </p>
   </div>
   <div class='ocr_carea' id='block_1_82' title="bbox 2073 3561 3782 3633">
    <p class='ocr_par' dir='ltr' id='par_1_82' title="bbox 2073 3561 3782 3633">
     <span class='ocr_line' id='line_1_84' title="bbox 2073 3561 3782 3633; baseline 0 -19"><span class='ocrx_word' id='word_1_629' title='bbox 2073 3561 2150 3614; x_wconf 87' lang='lat' dir='ltr'>Ac</span> <span class='ocrx_word' id='word_1_630' title='bbox 2175 3562 2390 3631; x_wconf 85' lang='lat' dir='ltr'>aliquis</span> <span class='ocrx_word' id='word_1_631' title='bbox 2424 3563 2658 3632; x_wconf 85' lang='lat' dir='ltr'>quidem</span> <span class='ocrx_word' id='word_1_632' title='bbox 2704 3565 2760 3618; x_wconf 91' lang='lat' dir='ltr'>in</span> <span class='ocrx_word' id='word_1_633' title='bbox 2811 3567 3098 3632; x_wconf 88' lang='lat' dir='ltr'>torporem</span> <span class='ocrx_word' id='word_1_634' title='bbox 3158 3567 3214 3616; x_wconf 89' lang='lat' dir='ltr'>et</span> <span class='ocrx_word' id='word_1_635' title='bbox 3247 3561 3658 3633; x_wconf 87' lang='lat' dir='ltr'>negligentiam</span> <span class='ocrx_word' id='word_1_636' title='bbox 3691 3561 3782 3614; x_wconf 89' lang='lat' dir='ltr'>in-</span> 
     </span>
    </p>
   </div>
   <div class='ocr_carea' id='block_1_83' title="bbox 2075 3652 3780 3721">
    <p class='ocr_par' dir='ltr' id='par_1_83' title="bbox 2075 3652 3780 3721">
     <span class='ocr_line' id='line_1_85' title="bbox 2075 3652 3780 3721; baseline -0.001 -17"><span class='ocrx_word' id='word_1_637' title='bbox 2075 3652 2316 3704; x_wconf 88' lang='lat' dir='ltr'>cumbit.</span> <span class='ocrx_word' id='word_1_638' title='bbox 2347 3656 2444 3708; x_wconf 77' lang='lat' dir='ltr'>Est</span> <span class='ocrx_word' id='word_1_639' title='bbox 2476 3668 2646 3721; x_wconf 75' lang='lat' dir='ltr'>quem</span> <span class='ocrx_word' id='word_1_640' title='bbox 2689 3653 2934 3706; x_wconf 86' lang='lat' dir='ltr'>delectet</span> <span class='ocrx_word' id='word_1_641' title='bbox 2986 3657 3227 3706; x_wconf 85' lang='lat' dir='ltr'>ornatus</span> <span class='ocrx_word' id='word_1_642' title='bbox 3283 3669 3350 3706; x_wconf 86' lang='lat' dir='ltr'>ac</span> <span class='ocrx_word' id='word_1_643' title='bbox 3384 3652 3658 3721; x_wconf 88' lang='lat' dir='ltr'>splendor</span> <span class='ocrx_word' id='word_1_644' title='bbox 3687 3667 3780 3703; x_wconf 89' lang='lat' dir='ltr'>ve-</span> 
     </span>
    </p>
   </div>
   <div class='ocr_carea' id='block_1_84' title="bbox 2074 3741 3782 3806">
    <p class='ocr_par' dir='ltr' id='par_1_84' title="bbox 2074 3741 3782 3806">
     <span class='ocr_line' id='line_1_86' title="bbox 2074 3741 3782 3806; baseline -0.001 -12"><span class='ocrx_word' id='word_1_645' title='bbox 2074 3743 2274 3798; x_wconf 89' lang='lat' dir='ltr'>stium.</span> <span class='ocrx_word' id='word_1_646' title='bbox 2305 3741 2406 3795; x_wconf 84' lang='lat' dir='ltr'>Hic</span> <span class='ocrx_word' id='word_1_647' title='bbox 2447 3758 2672 3806; x_wconf 85' lang='lat' dir='ltr'>somno,</span> <span class='ocrx_word' id='word_1_648' title='bbox 2717 3741 2810 3798; x_wconf 88' lang='lat' dir='ltr'>ille</span> <span class='ocrx_word' id='word_1_649' title='bbox 2859 3743 3152 3796; x_wconf 82' lang='lat' dir='ltr'>dicacitati</span> <span class='ocrx_word' id='word_1_650' title='bbox 3213 3743 3570 3805; x_wconf 81' lang='lat' dir='ltr'>facetiarum,</span> <span class='ocrx_word' id='word_1_651' title='bbox 3634 3741 3782 3794; x_wconf 87' lang='lat' dir='ltr'>alius</span> 
     </span>
    </p>
   </div>
   <div class='ocr_carea' id='block_1_85' title="bbox 2075 3828 3779 3902">
    <p class='ocr_par' dir='ltr' id='par_1_85' title="bbox 2075 3828 3779 3902">
     <span class='ocr_line' id='line_1_87' title="bbox 2075 3828 3779 3902; baseline -0.004 -16"><span class='ocrx_word' id='word_1_652' title='bbox 2075 3849 2260 3902; x_wconf 77' lang='lat' dir='ltr'>parvae</span> <span class='ocrx_word' id='word_1_653' title='bbox 2291 3831 2542 3900; x_wconf 83' lang='lat' dir='ltr'>cuipiam</span> <span class='ocrx_word' id='word_1_654' title='bbox 2579 3835 2680 3884; x_wconf 88' lang='lat' dir='ltr'>aut</span> <span class='ocrx_word' id='word_1_655' title='bbox 2731 3847 2957 3900; x_wconf 62' lang='lat' dir='ltr'>magna</span> <span class='ocrx_word' id='word_1_656' title='bbox 3005 3831 3429 3884; x_wconf 85' lang='lat' dir='ltr'>mundanarum</span> <span class='ocrx_word' id='word_1_657' title='bbox 3465 3845 3657 3882; x_wconf 90' lang='lat' dir='ltr'>rerum</span> <span class='ocrx_word' id='word_1_658' title='bbox 3691 3828 3779 3881; x_wconf 82' lang='lat' dir='ltr'>af-</span> 
     </span>
    </p>
   </div>
   <div class='ocr_carea' id='block_1_86' title="bbox 2077 3919 3782 3989">
    <p class='ocr_par' dir='ltr' id='par_1_86' title="bbox 2077 3919 3782 3989">
     <span class='ocr_line' id='line_1_88' title="bbox 2077 3919 3782 3989; baseline -0.004 -13"><span class='ocrx_word' id='word_1_659' title='bbox 2077 3923 2222 3976; x_wconf 81' lang='lat' dir='ltr'>fectu</span> <span class='ocrx_word' id='word_1_660' title='bbox 2273 3921 2498 3974; x_wconf 82' lang='lat' dir='ltr'>deﬁxus</span> <span class='ocrx_word' id='word_1_661' title='bbox 2532 3919 2847 3988; x_wconf 70' lang='lat' dir='ltr'>hazret;ita</span> <span class='ocrx_word' id='word_1_662' title='bbox 2871 3927 2933 3973; x_wconf 92' lang='lat' dir='ltr'>ut</span> <span class='ocrx_word' id='word_1_663' title='bbox 2991 3935 3058 3973; x_wconf 89' lang='lat' dir='ltr'>ea</span> <span class='ocrx_word' id='word_1_664' title='bbox 3097 3920 3264 3989; x_wconf 88' lang='lat' dir='ltr'>quasi</span> <span class='ocrx_word' id='word_1_665' title='bbox 3315 3919 3540 3972; x_wconf 83' lang='lat' dir='ltr'>vinetus</span> <span class='ocrx_word' id='word_1_666' title='bbox 3590 3923 3782 3970; x_wconf 84' lang='lat' dir='ltr'>tenea-</span> 
     </span>
    </p>
   </div>
   <div class='ocr_carea' id='block_1_87' title="bbox 2073 4005 3779 4078">
    <p class='ocr_par' dir='ltr' id='par_1_87' title="bbox 2073 4005 3779 4078">
     <span class='ocr_line' id='line_1_89' title="bbox 2073 4005 3779 4078; baseline -0.001 -16"><span class='ocrx_word' id='word_1_667' title='bbox 2073 4013 2188 4074; x_wconf 89' lang='lat' dir='ltr'>tur,</span> <span class='ocrx_word' id='word_1_668' title='bbox 2223 4025 2326 4062; x_wconf 89' lang='lat' dir='ltr'>nec</span> <span class='ocrx_word' id='word_1_669' title='bbox 2360 4008 2544 4078; x_wconf 86' lang='lat' dir='ltr'>possit</span> <span class='ocrx_word' id='word_1_670' title='bbox 2567 4025 2801 4064; x_wconf 86' lang='lat' dir='ltr'>sursum</span> <span class='ocrx_word' id='word_1_671' title='bbox 2836 4009 3134 4078; x_wconf 85' lang='lat' dir='ltr'>aspicere;</span> <span class='ocrx_word' id='word_1_672' title='bbox 3167 4023 3340 4076; x_wconf 88' lang='lat' dir='ltr'>quam</span> <span class='ocrx_word' id='word_1_673' title='bbox 3383 4005 3538 4058; x_wconf 88' lang='lat' dir='ltr'>enim</span> <span class='ocrx_word' id='word_1_674' title='bbox 3565 4005 3779 4074; x_wconf 87' lang='lat' dir='ltr'>aliquis</span> 
     </span>
    </p>
   </div>
   <div class='ocr_carea' id='block_1_88' title="bbox 2073 4095 3780 4168">
    <p class='ocr_par' dir='ltr' id='par_1_88' title="bbox 2073 4095 3780 4168">
     <span class='ocr_line' id='line_1_90' title="bbox 2073 4095 3780 4168; baseline -0.002 -16"><span class='ocrx_word' id='word_1_675' title='bbox 2073 4097 2250 4152; x_wconf 87' lang='lat' dir='ltr'>animi</span> <span class='ocrx_word' id='word_1_676' title='bbox 2277 4098 2364 4152; x_wconf 90' lang='lat' dir='ltr'>sui</span> <span class='ocrx_word' id='word_1_677' title='bbox 2401 4113 2636 4168; x_wconf 86' lang='lat' dir='ltr'>pravam</span> <span class='ocrx_word' id='word_1_678' title='bbox 2700 4097 3063 4152; x_wconf 73' lang='lat' dir='ltr'>affectionem</span> <span class='ocrx_word' id='word_1_679' title='bbox 3117 4113 3232 4150; x_wconf 90' lang='lat' dir='ltr'>non</span> <span class='ocrx_word' id='word_1_680' title='bbox 3282 4101 3577 4166; x_wconf 81' lang='lat' dir='ltr'>oppugnat</span> <span class='ocrx_word' id='word_1_681' title='bbox 3629 4095 3780 4148; x_wconf 89' lang='lat' dir='ltr'>acri-</span> 
     </span>
    </p>
   </div>
   <div class='ocr_carea' id='block_1_89' title="bbox 2075 4184 3782 4256">
    <p class='ocr_par' dir='ltr' id='par_1_89' title="bbox 2075 4184 3782 4256">
     <span class='ocr_line' id='line_1_91' title="bbox 2075 4184 3782 4256; baseline -0.001 -17"><span class='ocrx_word' id='word_1_682' title='bbox 2075 4193 2179 4252; x_wconf 88' lang='lat' dir='ltr'>ter,</span> <span class='ocrx_word' id='word_1_683' title='bbox 2211 4187 2420 4251; x_wconf 87' lang='lat' dir='ltr'>cuique</span> <span class='ocrx_word' id='word_1_684' title='bbox 2469 4203 2582 4241; x_wconf 91' lang='lat' dir='ltr'>non</span> <span class='ocrx_word' id='word_1_685' title='bbox 2632 4187 2864 4241; x_wconf 78' lang='lat' dir='ltr'>obsistit</span> <span class='ocrx_word' id='word_1_686' title='bbox 2910 4202 3199 4256; x_wconf 69' lang='lat' dir='ltr'>generose,</span> <span class='ocrx_word' id='word_1_687' title='bbox 3235 4201 3300 4239; x_wconf 88' lang='lat' dir='ltr'>ea</span> <span class='ocrx_word' id='word_1_688' title='bbox 3361 4186 3594 4238; x_wconf 83' lang='lat' dir='ltr'>tandem</span> <span class='ocrx_word' id='word_1_689' title='bbox 3629 4184 3782 4238; x_wconf 87' lang='lat' dir='ltr'>dele-</span> 
     </span>
    </p>
   </div>
   <div class='ocr_carea' id='block_1_90' title="bbox 2075 4275 3780 4345">
    <p class='ocr_par' dir='ltr' id='par_1_90' title="bbox 2075 4275 3780 4345">
     <span class='ocr_line' id='line_1_92' title="bbox 2075 4275 3780 4345; baseline -0.002 -15"><span class='ocrx_word' id='word_1_690' title='bbox 2075 4283 2282 4340; x_wconf 87' lang='lat' dir='ltr'>ctalur,</span> <span class='ocrx_word' id='word_1_691' title='bbox 2305 4282 2362 4331; x_wconf 90' lang='lat' dir='ltr'>et</span> <span class='ocrx_word' id='word_1_692' title='bbox 2392 4284 2526 4332; x_wconf 90' lang='lat' dir='ltr'>tunc</span> <span class='ocrx_word' id='word_1_693' title='bbox 2560 4275 2660 4330; x_wconf 90' lang='lat' dir='ltr'>illa</span> <span class='ocrx_word' id='word_1_694' title='bbox 2691 4277 2870 4330; x_wconf 86' lang='lat' dir='ltr'>trahit</span> <span class='ocrx_word' id='word_1_695' title='bbox 2919 4278 3110 4345; x_wconf 82' lang='lat' dir='ltr'>ipsum</span> <span class='ocrx_word' id='word_1_696' title='bbox 3146 4292 3210 4328; x_wconf 86' lang='lat' dir='ltr'>ac</span> <span class='ocrx_word' id='word_1_697' title='bbox 3237 4275 3476 4339; x_wconf 81' lang='lat' dir='ltr'>detinet,</span> <span class='ocrx_word' id='word_1_698' title='bbox 3510 4281 3564 4327; x_wconf 91' lang='lat' dir='ltr'>et</span> <span class='ocrx_word' id='word_1_699' title='bbox 3599 4289 3780 4328; x_wconf 89' lang='lat' dir='ltr'>uncus</span> 
     </span>
    </p>
   </div>
   <div class='ocr_carea' id='block_1_91' title="bbox 1990 4353 3777 4436">
    <p class='ocr_par' dir='ltr' id='par_1_91' title="bbox 1990 4353 3777 4436">
     <span class='ocr_line' id='line_1_93' title="bbox 1990 4353 3777 4436; baseline -0.002 -17"><span class='ocrx_word' id='word_1_700' title='bbox 1990 4353 2038 4412; x_wconf 78' lang='grc' dir='ltr'>Ι)</span> <span class='ocrx_word' id='word_1_701' title='bbox 2068 4367 2222 4420; x_wconf 91' lang='lat' dir='ltr'>velut</span> <span class='ocrx_word' id='word_1_702' title='bbox 2253 4367 2490 4436; x_wconf 85' lang='lat' dir='ltr'>quidam</span> <span class='ocrx_word' id='word_1_703' title='bbox 2518 4365 2747 4420; x_wconf 86' lang='lat' dir='ltr'>collaris</span> <span class='ocrx_word' id='word_1_704' title='bbox 2780 4366 2908 4434; x_wconf 88' lang='lat' dir='ltr'>ejus</span> <span class='ocrx_word' id='word_1_705' title='bbox 2957 4364 3168 4418; x_wconf 89' lang='lat' dir='ltr'>mentis</span> <span class='ocrx_word' id='word_1_706' title='bbox 3201 4365 3286 4430; x_wconf 83' lang='lat' dir='ltr'>ﬁt,</span> <span class='ocrx_word' id='word_1_707' title='bbox 3319 4367 3590 4418; x_wconf 87' lang='lat' dir='ltr'>deorsum</span> <span class='ocrx_word' id='word_1_708' title='bbox 3615 4363 3777 4416; x_wconf 87' lang='lat' dir='ltr'>illam</span> 
     </span>
    </p>
   </div>
   <div class='ocr_carea' id='block_1_92' title="bbox 233 4452 3781 4527">
    <p class='ocr_par' dir='ltr' id='par_1_92' title="bbox 233 4452 3781 4527">
     <span class='ocr_line' id='line_1_94' title="bbox 233 4452 3781 4527; baseline -0.002 -15"><span class='ocrx_word' id='word_1_709' title='bbox 233 4460 568 4514; x_wconf 81' lang='lat' dir='ltr'>incurvans</span> <span class='ocrx_word' id='word_1_710' title='bbox 613 4463 816 4527; x_wconf 83' lang='lat' dir='ltr'>negato</span> <span class='ocrx_word' id='word_1_711' title='bbox 849 4453 928 4510; x_wconf 90' lang='lat' dir='ltr'>illi</span> <span class='ocrx_word' id='word_1_712' title='bbox 969 4457 1248 4523; x_wconf 86' lang='lat' dir='ltr'>suspectu</span> <span class='ocrx_word' id='word_1_713' title='bbox 1292 4453 1360 4507; x_wconf 86' lang='lat' dir='ltr'>ad</span> <span class='ocrx_word' id='word_1_714' title='bbox 1396 4453 1576 4508; x_wconf 89' lang='lat' dir='ltr'>Deum</span> <span class='ocrx_word' id='word_1_715' title='bbox 1644 4452 1828 4508; x_wconf 88' lang='lat' dir='ltr'>libero</span> <span class='ocrx_word' id='word_1_716' title='bbox 1859 4495 1874 4520; x_wconf 92' lang='lat'>,</span> <span class='ocrx_word' id='word_1_717' title='bbox 1913 4469 2016 4510; x_wconf 85' lang='lat' dir='ltr'>nec</span> <span class='ocrx_word' id='word_1_718' title='bbox 2067 4456 2408 4526; x_wconf 88' lang='lat' dir='ltr'>permittens</span> <span class='ocrx_word' id='word_1_719' title='bbox 2469 4455 2546 4510; x_wconf 90' lang='lat' dir='ltr'>illi</span> <span class='ocrx_word' id='word_1_720' title='bbox 2595 4455 2700 4510; x_wconf 88' lang='lat' dir='ltr'>soli</span> <span class='ocrx_word' id='word_1_721' title='bbox 2733 4455 2964 4509; x_wconf 87' lang='lat' dir='ltr'>servire.</span> <span class='ocrx_word' id='word_1_722' title='bbox 3016 4455 3224 4509; x_wconf 88' lang='lat' dir='ltr'>Anima</span> <span class='ocrx_word' id='word_1_723' title='bbox 3276 4454 3452 4522; x_wconf 88' lang='lat' dir='ltr'>enim,</span> <span class='ocrx_word' id='word_1_724' title='bbox 3487 4470 3614 4524; x_wconf 72' lang='lat' dir='ltr'>qua:</span> <span class='ocrx_word' id='word_1_725' title='bbox 3655 4469 3781 4507; x_wconf 84' lang='lat' dir='ltr'>vero</span> 
     </span>
    </p>
   </div>
   <div class='ocr_carea' id='block_1_93' title="bbox 237 4542 3774 4616">
    <p class='ocr_par' dir='ltr' id='par_1_93' title="bbox 237 4542 3774 4616">
     <span class='ocr_line' id='line_1_95' title="bbox 237 4542 3774 4616; baseline -0.002 -12"><span class='ocrx_word' id='word_1_726' title='bbox 237 4549 324 4604; x_wconf 83' lang='lat' dir='ltr'>ad</span> <span class='ocrx_word' id='word_1_727' title='bbox 371 4545 684 4601; x_wconf 88' lang='lat' dir='ltr'>Dominum</span> <span class='ocrx_word' id='word_1_728' title='bbox 719 4547 1000 4612; x_wconf 76' lang='lat' dir='ltr'>impetum</span> <span class='ocrx_word' id='word_1_729' title='bbox 1026 4560 1198 4598; x_wconf 88' lang='lat' dir='ltr'>suum</span> <span class='ocrx_word' id='word_1_730' title='bbox 1226 4543 1442 4614; x_wconf 88' lang='lat' dir='ltr'>dirigit,</span> <span class='ocrx_word' id='word_1_731' title='bbox 1477 4559 1648 4598; x_wconf 88' lang='lat' dir='ltr'>omne</span> <span class='ocrx_word' id='word_1_732' title='bbox 1681 4542 1760 4596; x_wconf 88' lang='lat' dir='ltr'>illi</span> <span class='ocrx_word' id='word_1_733' title='bbox 1795 4559 1970 4600; x_wconf 90' lang='lat' dir='ltr'>suum</span> <span class='ocrx_word' id='word_1_734' title='bbox 2027 4545 2376 4600; x_wconf 87' lang='lat' dir='ltr'>desiderium</span> <span class='ocrx_word' id='word_1_735' title='bbox 2441 4545 2746 4616; x_wconf 87' lang='lat' dir='ltr'>permittit,</span> <span class='ocrx_word' id='word_1_736' title='bbox 2781 4545 3022 4615; x_wconf 83' lang='lat' dir='ltr'>ipsaque</span> <span class='ocrx_word' id='word_1_737' title='bbox 3079 4545 3138 4599; x_wconf 90' lang='lat' dir='ltr'>in</span> <span class='ocrx_word' id='word_1_738' title='bbox 3197 4544 3464 4599; x_wconf 71' lang='lat' dir='ltr'>omnibus</span> <span class='ocrx_word' id='word_1_739' title='bbox 3495 4561 3556 4599; x_wconf 87' lang='lat' dir='ltr'>se</span> <span class='ocrx_word' id='word_1_740' title='bbox 3581 4545 3774 4616; x_wconf 88' lang='lat' dir='ltr'>ipsum</span> 
     </span>
    </p>
   </div>
   <div class='ocr_carea' id='block_1_94' title="bbox 233 4631 2254 4706">
    <p class='ocr_par' dir='ltr' id='par_1_94' title="bbox 233 4631 2254 4706">
     <span class='ocr_line' id='line_1_96' title="bbox 233 4631 2254 4706; baseline -0.003 -13"><span class='ocrx_word' id='word_1_741' title='bbox 233 4639 525 4706; x_wconf 76' lang='lat' dir='ltr'>abnegat,</span> <span class='ocrx_word' id='word_1_742' title='bbox 559 4633 922 4706; x_wconf 70' lang='lat' dir='ltr'>propriasque</span> <span class='ocrx_word' id='word_1_743' title='bbox 950 4632 1158 4688; x_wconf 89' lang='lat' dir='ltr'>mentis</span> <span class='ocrx_word' id='word_1_744' title='bbox 1187 4631 1666 4688; x_wconf 84' lang='lat' dir='ltr'>inclinationibus</span> <span class='ocrx_word' id='word_1_745' title='bbox 1699 4631 1848 4688; x_wconf 86' lang='lat' dir='ltr'>haud</span> <span class='ocrx_word' id='word_1_746' title='bbox 1884 4633 2254 4704; x_wconf 86' lang='lat' dir='ltr'>obsequitur.</span> 
     </span>
    </p>
   </div>
   <div class='ocr_carea' id='block_1_95' title="bbox 323 4715 1961 4795">
    <p class='ocr_par' dir='ltr' id='par_1_95' title="bbox 323 4715 1961 4795">
     <span class='ocr_line' id='line_1_97' title="bbox 323 4715 1961 4795; baseline -0.005 -15"><span class='ocrx_word' id='word_1_747' title='bbox 323 4727 451 4782; x_wconf 81' lang='lat' dir='ltr'>KZ&#39;.</span> <span class='ocrx_word' id='word_1_748' title='bbox 509 4719 795 4777; x_wconf 82' lang='grc' dir='ltr'>Διδακτὲον</span> <span class='ocrx_word' id='word_1_749' title='bbox 855 4721 915 4776; x_wconf 79' lang='grc' dir='ltr'>ἐκ</span> <span class='ocrx_word' id='word_1_750' title='bbox 969 4716 1434 4795; x_wconf 78' lang='grc' dir='ltr'>παραδείγματος,</span> <span class='ocrx_word' id='word_1_751' title='bbox 1493 4722 1610 4778; x_wconf 84' lang='grc' dir='ltr'>πῶς</span> <span class='ocrx_word' id='word_1_752' title='bbox 1689 4715 1961 4790; x_wconf 76' lang='grc' dir='ltr'>Θελήματι</span> 
     </span>
    </p>
   </div>
   <div class='ocr_carea' id='block_1_96' title="bbox 233 4807 1962 4886">
    <p class='ocr_par' dir='ltr' id='par_1_96' title="bbox 233 4807 1962 4886">
     <span class='ocr_line' id='line_1_98' title="bbox 233 4807 1962 4886; baseline -0.004 -17"><span class='ocrx_word' id='word_1_753' title='bbox 233 4813 377 4886; x_wconf 74' lang='grc' dir='ltr'>ἷδίῳ</span> <span class='ocrx_word' id='word_1_754' title='bbox 427 4811 847 4884; x_wconf 66' lang='grc' dir='ltr'>παραπόλλυται</span> <span class='ocrx_word' id='word_1_755' title='bbox 895 4807 1202 4884; x_wconf 74' lang='grc' dir='ltr'>ἄνθρωπος.</span> <span class='ocrx_word' id='word_1_756' title='bbox 1257 4809 1355 4862; x_wconf 82' lang='grc' dir='ltr'>Διά</span> <span class='ocrx_word' id='word_1_757' title='bbox 1405 4807 1511 4884; x_wconf 73' lang='grc' dir='ltr'>γὰρ</span> <span class='ocrx_word' id='word_1_758' title='bbox 1563 4807 1779 4884; x_wconf 77' lang='grc' dir='ltr'>ἀγάπην</span> <span class='ocrx_word' id='word_1_759' title='bbox 1815 4808 1962 4870; x_wconf 85' lang='grc' dir='ltr'>τινὸς</span> 
     </span>
    </p>
   </div>
   <div class='ocr_carea' id='block_1_97' title="bbox 231 4895 1954 4972">
    <p class='ocr_par' dir='ltr' id='par_1_97' title="bbox 231 4895 1954 4972">
     <span class='ocr_line' id='line_1_99' title="bbox 231 4895 1954 4972; baseline -0.005 -14"><span class='ocrx_word' id='word_1_760' title='bbox 231 4907 358 4960; x_wconf 79' lang='grc' dir='ltr'>τῶν</span> <span class='ocrx_word' id='word_1_761' title='bbox 392 4906 490 4956; x_wconf 77' lang='grc' dir='ltr'>τοῦ</span> <span class='ocrx_word' id='word_1_762' title='bbox 539 4900 748 4972; x_wconf 77' lang='grc' dir='ltr'>κόσμου</span> <span class='ocrx_word' id='word_1_763' title='bbox 797 4895 848 4954; x_wconf 78' lang='grc' dir='ltr'>ἕν</span> <span class='ocrx_word' id='word_1_764' title='bbox 896 4919 956 4954; x_wconf 85' lang='grc' dir='ltr'>τε</span> <span class='ocrx_word' id='word_1_765' title='bbox 999 4899 1124 4972; x_wconf 83' lang='grc' dir='ltr'>πυρὶ</span> <span class='ocrx_word' id='word_1_766' title='bbox 1184 4895 1448 4972; x_wconf 85' lang='grc' dir='ltr'>βάλλεται</span> <span class='ocrx_word' id='word_1_767' title='bbox 1477 4896 1566 4950; x_wconf 80' lang='grc' dir='ltr'>καὶ</span> <span class='ocrx_word' id='word_1_768' title='bbox 1619 4896 1670 4950; x_wconf 76' lang='grc' dir='ltr'>ἐν</span> <span class='ocrx_word' id='word_1_769' title='bbox 1713 4897 1954 4972; x_wconf 77' lang='grc' dir='ltr'>θαλάσσῃ</span> 
     </span>
    </p>
   </div>
   <div class='ocr_carea' id='block_1_98' title="bbox 237 4983 1957 5068">
    <p class='ocr_par' dir='ltr' id='par_1_98' title="bbox 237 4983 1957 5068">
     <span class='ocr_line' id='line_1_100' title="bbox 237 4983 1957 5068; baseline -0.003 -22"><span class='ocrx_word' id='word_1_770' title='bbox 237 4991 554 5068; x_wconf 81' lang='grc' dir='ltr'>βυθίζεται,</span> <span class='ocrx_word' id='word_1_771' title='bbox 604 4988 694 5044; x_wconf 87' lang='grc' dir='ltr'>καὶ</span> <span class='ocrx_word' id='word_1_772' title='bbox 753 4987 1114 5062; x_wconf 68' lang='grc' dir='ltr'>αἰχμαλωσίᾷ</span> <span class='ocrx_word' id='word_1_773' title='bbox 1173 4985 1359 5042; x_wconf 75' lang='grc' dir='ltr'>ἑαυτὸν</span> <span class='ocrx_word' id='word_1_774' title='bbox 1425 4983 1770 5062; x_wconf 62' lang='grc' dir='ltr'>ἐμπαρέχεμ</span> <span class='ocrx_word' id='word_1_775' title='bbox 1826 4986 1957 5040; x_wconf 81' lang='grc' dir='ltr'>ὑπο-</span> 
     </span>
    </p>
   </div>
   <div class='ocr_carea' id='block_1_99' title="bbox 231 5069 1960 5152">
    <p class='ocr_par' dir='ltr' id='par_1_99' title="bbox 231 5069 1960 5152">
     <span class='ocr_line' id='line_1_101' title="bbox 231 5069 1960 5152; baseline -0.004 -15"><span class='ocrx_word' id='word_1_776' title='bbox 231 5081 454 5137; x_wconf 79' lang='grc' dir='ltr'>κείσθω</span> <span class='ocrx_word' id='word_1_777' title='bbox 494 5079 622 5152; x_wconf 81' lang='grc' dir='ltr'>γᾶρ,</span> <span class='ocrx_word' id='word_1_778' title='bbox 673 5077 824 5132; x_wconf 80' lang='grc' dir='ltr'>οἶκόν</span> <span class='ocrx_word' id='word_1_779' title='bbox 873 5097 1024 5137; x_wconf 86' lang='grc' dir='ltr'>τινος</span> <span class='ocrx_word' id='word_1_780' title='bbox 1065 5075 1100 5144; x_wconf 74' lang='grc' dir='ltr'><strong>ἢ</strong></span> <span class='ocrx_word' id='word_1_781' title='bbox 1152 5075 1342 5151; x_wconf 86' lang='grc' dir='ltr'>ἀγρὸν,</span> <span class='ocrx_word' id='word_1_782' title='bbox 1390 5073 1532 5128; x_wconf 77' lang='grc' dir='ltr'>οὕτω</span> <span class='ocrx_word' id='word_1_783' title='bbox 1581 5069 1812 5146; x_wconf 74' lang='grc' dir='ltr'>συμϐάν,</span> <span class='ocrx_word' id='word_1_784' title='bbox 1863 5097 1960 5130; x_wconf 84' lang='grc' dir='ltr'>κα-</span> 
     </span>
    </p>
   </div>
   <div class='ocr_carea' id='block_1_100' title="bbox 227 5163 1960 5242">
    <p class='ocr_par' dir='ltr' id='par_1_100' title="bbox 227 5163 1960 5242">
     <span class='ocr_line' id='line_1_102' title="bbox 227 5163 1960 5242; baseline -0.005 -15"><span class='ocrx_word' id='word_1_785' title='bbox 227 5169 688 5242; x_wconf 81' lang='grc' dir='ltr'>ταπίμπρασθαι.</span> <span class='ocrx_word' id='word_1_786' title='bbox 749 5168 806 5222; x_wconf 84' lang='grc' dir='ltr'><strong>Ὀ</strong></span> <span class='ocrx_word' id='word_1_787' title='bbox 875 5167 1058 5222; x_wconf 86' lang='grc' dir='ltr'>τοίνυν</span> <span class='ocrx_word' id='word_1_788' title='bbox 1121 5165 1310 5221; x_wconf 72' lang='grc' dir='ltr'>ἑαυτὸν</span> <span class='ocrx_word' id='word_1_789' title='bbox 1377 5167 1677 5238; x_wconf 84' lang='grc' dir='ltr'>περικῶσαι</span> <span class='ocrx_word' id='word_1_790' title='bbox 1758 5163 1960 5236; x_wconf 83' lang='grc' dir='ltr'>βουλό-</span> 
     </span>
    </p>
   </div>
   <div class='ocr_carea' id='block_1_101' title="bbox 235 5251 1960 5334">
    <p class='ocr_par' dir='ltr' id='par_1_101' title="bbox 235 5251 1960 5334">
     <span class='ocr_line' id='line_1_103' title="bbox 235 5251 1960 5334; baseline -0.003 -20"><span class='ocrx_word' id='word_1_791' title='bbox 235 5281 444 5334; x_wconf 81' lang='grc' dir='ltr'>μενος,</span> <span class='ocrx_word' id='word_1_792' title='bbox 493 5258 569 5321; x_wconf 84' lang='grc' dir='ltr'>ὡς</span> <span class='ocrx_word' id='word_1_793' title='bbox 611 5261 706 5312; x_wconf 74' lang='grc' dir='ltr'>τοῦ</span> <span class='ocrx_word' id='word_1_794' title='bbox 753 5255 1086 5334; x_wconf 74' lang='grc' dir='ltr'>ἐμπρησμοῦ</span> <span class='ocrx_word' id='word_1_795' title='bbox 1137 5251 1357 5330; x_wconf 75' lang='grc' dir='ltr'>ᾔσθετο,</span> <span class='ocrx_word' id='word_1_796' title='bbox 1408 5255 1618 5330; x_wconf 84' lang='grc' dir='ltr'>γυμνὸς</span> <span class='ocrx_word' id='word_1_797' title='bbox 1669 5253 1960 5330; x_wconf 81' lang='grc' dir='ltr'>ἐκπέφευγε</span> 
     </span>
    </p>
   </div>
   <div class='ocr_carea' id='block_1_102' title="bbox 225 5345 1956 5420">
    <p class='ocr_par' dir='ltr' id='par_1_102' title="bbox 225 5345 1956 5420">
     <span class='ocr_line' id='line_1_104' title="bbox 225 5345 1956 5420; baseline -0.003 -14"><span class='ocrx_word' id='word_1_798' title='bbox 225 5347 466 5406; x_wconf 77' lang='grc' dir='ltr'>πάντων</span> <span class='ocrx_word' id='word_1_799' title='bbox 515 5345 820 5420; x_wconf 77' lang='grc' dir='ltr'>ἀμελήσας,</span> <span class='ocrx_word' id='word_1_800' title='bbox 871 5346 960 5402; x_wconf 79' lang='grc' dir='ltr'>καὶ</span> <span class='ocrx_word' id='word_1_801' title='bbox 1009 5352 1108 5415; x_wconf 82' lang='grc' dir='ltr'>τῆς</span> <span class='ocrx_word' id='word_1_802' title='bbox 1161 5346 1354 5404; x_wconf 64' lang='grc' dir='ltr'>εαυτοῦ</span> <span class='ocrx_word' id='word_1_803' title='bbox 1397 5345 1573 5417; x_wconf 84' lang='grc' dir='ltr'>μόνης</span> <span class='ocrx_word' id='word_1_804' title='bbox 1622 5347 1809 5418; x_wconf 81' lang='grc' dir='ltr'>ψυχῆς</span> <span class='ocrx_word' id='word_1_805' title='bbox 1861 5365 1956 5419; x_wconf 87' lang='grc' dir='ltr'>γε-</span> 
     </span>
    </p>
   </div>
   <div class='ocr_carea' id='block_1_103' title="bbox 329 5593 868 5678">
    <p class='ocr_par' dir='ltr' id='par_1_103' title="bbox 329 5593 868 5678">
     <span class='ocr_line' id='line_1_105' title="bbox 329 5593 868 5678; baseline 0.011 -26"><span class='ocrx_word' id='word_1_806' title='bbox 329 5595 374 5634; x_wconf 70' lang='grc' dir='ltr'>ιί</span> <span class='ocrx_word' id='word_1_807' title='bbox 417 5593 632 5662; x_wconf 66' lang='lat' dir='ltr'>Partim.</span> <span class='ocrx_word' id='word_1_808' title='bbox 673 5611 772 5678; x_wconf 76' lang='grc' dir='ltr'>ιιι,</span> <span class='ocrx_word' id='word_1_809' title='bbox 811 5593 868 5658; x_wconf 74' lang='lat'>6.</span> 
     </span>
    </p>
   </div>
   <div class='ocr_carea' id='block_1_104' title="bbox 2143 4719 3780 4792">
    <p class='ocr_par' dir='ltr' id='par_1_104' title="bbox 2143 4719 3780 4792">
     <span class='ocr_line' id='line_1_106' title="bbox 2143 4719 3780 4792; baseline -0.002 -14"><span class='ocrx_word' id='word_1_810' title='bbox 2143 4723 2334 4778; x_wconf 88' lang='lat' dir='ltr'><strong>XXVI.</strong></span> <span class='ocrx_word' id='word_1_811' title='bbox 2389 4724 2726 4780; x_wconf 90' lang='lat' dir='ltr'>Docendum</span> <span class='ocrx_word' id='word_1_812' title='bbox 2768 4722 2825 4776; x_wconf 91' lang='lat' dir='ltr'>in</span> <span class='ocrx_word' id='word_1_813' title='bbox 2877 4719 3160 4792; x_wconf 86' lang='lat' dir='ltr'>exemplo,</span> <span class='ocrx_word' id='word_1_814' title='bbox 3195 4721 3484 4791; x_wconf 88' lang='lat' dir='ltr'>quomodo</span> <span class='ocrx_word' id='word_1_815' title='bbox 3536 4719 3657 4788; x_wconf 82' lang='lat' dir='ltr'>fiat,</span> <span class='ocrx_word' id='word_1_816' title='bbox 3717 4727 3780 4775; x_wconf 90' lang='lat' dir='ltr'>ut</span> 
     </span>
    </p>
   </div>
   <div class='ocr_carea' id='block_1_105' title="bbox 2076 4809 3776 4881">
    <p class='ocr_par' dir='ltr' id='par_1_105' title="bbox 2076 4809 3776 4881">
     <span class='ocr_line' id='line_1_107' title="bbox 2076 4809 3776 4881; baseline -0.004 -12"><span class='ocrx_word' id='word_1_817' title='bbox 2076 4819 2267 4881; x_wconf 88' lang='lat' dir='ltr'>percet</span> <span class='ocrx_word' id='word_1_818' title='bbox 2298 4812 2492 4879; x_wconf 89' lang='lat' dir='ltr'>homo,</span> <span class='ocrx_word' id='word_1_819' title='bbox 2525 4829 2590 4867; x_wconf 90' lang='lat' dir='ltr'>eo</span> <span class='ocrx_word' id='word_1_820' title='bbox 2622 4813 2770 4880; x_wconf 84' lang='lat' dir='ltr'>quod</span> <span class='ocrx_word' id='word_1_821' title='bbox 2821 4811 3065 4880; x_wconf 85' lang='lat' dir='ltr'>prepriae</span> <span class='ocrx_word' id='word_1_822' title='bbox 3113 4812 3424 4865; x_wconf 89' lang='lat' dir='ltr'>obsecutus</span> <span class='ocrx_word' id='word_1_823' title='bbox 3477 4809 3648 4863; x_wconf 88' lang='lat' dir='ltr'>fuerit</span> <span class='ocrx_word' id='word_1_824' title='bbox 3677 4825 3776 4863; x_wconf 91' lang='lat' dir='ltr'>vo-</span> 
     </span>
    </p>
   </div>
   <div class='ocr_carea' id='block_1_106' title="bbox 2067 4898 3778 4972">
    <p class='ocr_par' dir='ltr' id='par_1_106' title="bbox 2067 4898 3778 4972">
     <span class='ocr_line' id='line_1_108' title="bbox 2067 4898 3778 4972; baseline -0.001 -17"><span class='ocrx_word' id='word_1_825' title='bbox 2067 4900 2317 4968; x_wconf 87' lang='lat' dir='ltr'>luntati;</span> <span class='ocrx_word' id='word_1_826' title='bbox 2354 4909 2584 4972; x_wconf 88' lang='lat' dir='ltr'>propter</span> <span class='ocrx_word' id='word_1_827' title='bbox 2622 4902 2776 4956; x_wconf 88' lang='lat' dir='ltr'>enim</span> <span class='ocrx_word' id='word_1_828' title='bbox 2823 4898 3096 4954; x_wconf 76' lang='lat' dir='ltr'>ati&#39;ectum</span> <span class='ocrx_word' id='word_1_829' title='bbox 3145 4899 3214 4952; x_wconf 88' lang='lat' dir='ltr'>ad</span> <span class='ocrx_word' id='word_1_830' title='bbox 3255 4898 3474 4962; x_wconf 87' lang='lat' dir='ltr'>aliquid</span> <span class='ocrx_word' id='word_1_831' title='bbox 3519 4915 3585 4952; x_wconf 83' lang='lat' dir='ltr'>ex</span> <span class='ocrx_word' id='word_1_832' title='bbox 3619 4915 3778 4953; x_wconf 84' lang='lat' dir='ltr'>mun-</span> 
     </span>
    </p>
   </div>
   <div class='ocr_carea' id='block_1_107' title="bbox 2068 4988 3768 5060">
    <p class='ocr_par' dir='ltr' id='par_1_107' title="bbox 2068 4988 3768 5060">
     <span class='ocr_line' id='line_1_109' title="bbox 2068 4988 3768 5060; baseline -0.003 -15"><span class='ocrx_word' id='word_1_833' title='bbox 2068 4989 2235 5046; x_wconf 84' lang='lat' dir='ltr'>danis</span> <span class='ocrx_word' id='word_1_834' title='bbox 2258 4992 2546 5056; x_wconf 79' lang='lat' dir='ltr'>contingit</span> <span class='ocrx_word' id='word_1_835' title='bbox 2577 5007 2708 5046; x_wconf 90' lang='lat' dir='ltr'>eum</span> <span class='ocrx_word' id='word_1_836' title='bbox 2740 4994 2836 5044; x_wconf 87' lang='lat' dir='ltr'>aut</span> <span class='ocrx_word' id='word_1_837' title='bbox 2864 4990 2918 5042; x_wconf 89' lang='lat' dir='ltr'>in</span> <span class='ocrx_word' id='word_1_838' title='bbox 2955 4989 3148 5060; x_wconf 88' lang='lat' dir='ltr'>ignem</span> <span class='ocrx_word' id='word_1_839' title='bbox 3197 4988 3428 5056; x_wconf 90' lang='lat' dir='ltr'>conjici,</span> <span class='ocrx_word' id='word_1_840' title='bbox 3465 4993 3570 5041; x_wconf 89' lang='lat' dir='ltr'>aut</span> <span class='ocrx_word' id='word_1_841' title='bbox 3625 5005 3768 5060; x_wconf 70' lang='lat' dir='ltr'>mari</span> 
     </span>
    </p>
   </div>
   <div class='ocr_carea' id='block_1_108' title="bbox 2069 5079 3776 5150">
    <p class='ocr_par' dir='ltr' id='par_1_108' title="bbox 2069 5079 3776 5150">
     <span class='ocr_line' id='line_1_110' title="bbox 2069 5079 3776 5150; baseline -0.003 -16"><span class='ocrx_word' id='word_1_842' title='bbox 2069 5081 2346 5150; x_wconf 79' lang='lat' dir='ltr'>demergi,</span> <span class='ocrx_word' id='word_1_843' title='bbox 2384 5080 2534 5134; x_wconf 81' lang='lat'>188</span> <span class='ocrx_word' id='word_1_844' title='bbox 2588 5085 2688 5136; x_wconf 88' lang='lat' dir='ltr'>aut</span> <span class='ocrx_word' id='word_1_845' title='bbox 2743 5081 2804 5135; x_wconf 89' lang='lat' dir='ltr'>in</span> <span class='ocrx_word' id='word_1_846' title='bbox 2855 5080 3247 5150; x_wconf 84' lang='lat' dir='ltr'>captivitatem</span> <span class='ocrx_word' id='word_1_847' title='bbox 3309 5093 3368 5131; x_wconf 88' lang='lat' dir='ltr'>se</span> <span class='ocrx_word' id='word_1_848' title='bbox 3416 5079 3608 5146; x_wconf 90' lang='lat' dir='ltr'>ipsum</span> <span class='ocrx_word' id='word_1_849' title='bbox 3662 5085 3776 5130; x_wconf 86' lang='lat' dir='ltr'>tra-</span> 
     </span>
    </p>
   </div>
   <div class='ocr_carea' id='block_1_109' title="bbox 2069 5168 3774 5238">
    <p class='ocr_par' dir='ltr' id='par_1_109' title="bbox 2069 5168 3774 5238">
     <span class='ocr_line' id='line_1_111' title="bbox 2069 5168 3774 5238; baseline -0.003 -13"><span class='ocrx_word' id='word_1_850' title='bbox 2069 5173 2224 5226; x_wconf 88' lang='lat' dir='ltr'>dere.</span> <span class='ocrx_word' id='word_1_851' title='bbox 2261 5172 2534 5238; x_wconf 89' lang='lat' dir='ltr'>Ponatur,</span> <span class='ocrx_word' id='word_1_852' title='bbox 2569 5171 2808 5226; x_wconf 90' lang='lat' dir='ltr'>domum</span> <span class='ocrx_word' id='word_1_853' title='bbox 2850 5177 2950 5227; x_wconf 86' lang='lat' dir='ltr'>aut</span> <span class='ocrx_word' id='word_1_854' title='bbox 3005 5171 3192 5224; x_wconf 82' lang='lat' dir='ltr'>villam</span> <span class='ocrx_word' id='word_1_855' title='bbox 3247 5183 3382 5222; x_wconf 81' lang='lat' dir='ltr'>casu</span> <span class='ocrx_word' id='word_1_856' title='bbox 3432 5168 3664 5222; x_wconf 78' lang='lat' dir='ltr'>fortuito</span> <span class='ocrx_word' id='word_1_857' title='bbox 3699 5168 3774 5220; x_wconf 90' lang='lat' dir='ltr'>in-</span> 
     </span>
    </p>
   </div>
   <div class='ocr_carea' id='block_1_110' title="bbox 2070 5254 3778 5329">
    <p class='ocr_par' dir='ltr' id='par_1_110' title="bbox 2070 5254 3778 5329">
     <span class='ocr_line' id='line_1_112' title="bbox 2070 5254 3778 5329; baseline -0.002 -15"><span class='ocrx_word' id='word_1_858' title='bbox 2070 5259 2379 5316; x_wconf 84' lang='lat' dir='ltr'>ﬂammari.</span> <span class='ocrx_word' id='word_1_859' title='bbox 2405 5260 2510 5325; x_wconf 87' lang='lat' dir='ltr'>Qui</span> <span class='ocrx_word' id='word_1_860' title='bbox 2557 5276 2688 5329; x_wconf 79' lang='lat' dir='ltr'>ergo</span> <span class='ocrx_word' id='word_1_861' title='bbox 2742 5260 2916 5314; x_wconf 85' lang='lat' dir='ltr'>saluti</span> <span class='ocrx_word' id='word_1_862' title='bbox 2969 5258 3270 5314; x_wconf 88' lang='lat' dir='ltr'>consulere</span> <span class='ocrx_word' id='word_1_863' title='bbox 3305 5254 3549 5328; x_wconf 73' lang='lat' dir='ltr'>prepriae</span> <span class='ocrx_word' id='word_1_864' title='bbox 3580 5255 3778 5310; x_wconf 82' lang='lat' dir='ltr'>decre-</span> 
     </span>
    </p>
   </div>
   <div class='ocr_carea' id='block_1_111' title="bbox 2069 5345 3778 5418">
    <p class='ocr_par' dir='ltr' id='par_1_111' title="bbox 2069 5345 3778 5418">
     <span class='ocr_line' id='line_1_113' title="bbox 2069 5345 3778 5418; baseline -0.001 -15"><span class='ocrx_word' id='word_1_865' title='bbox 2069 5349 2172 5416; x_wconf 90' lang='lat' dir='ltr'>vit,</span> <span class='ocrx_word' id='word_1_866' title='bbox 2217 5347 2492 5418; x_wconf 74' lang='lat' dir='ltr'>neglectis</span> <span class='ocrx_word' id='word_1_867' title='bbox 2566 5348 2762 5404; x_wconf 81' lang='lat' dir='ltr'>statim</span> <span class='ocrx_word' id='word_1_868' title='bbox 2821 5347 3098 5404; x_wconf 86' lang='lat' dir='ltr'>omnibus</span> <span class='ocrx_word' id='word_1_869' title='bbox 3167 5345 3412 5418; x_wconf 83' lang='lat' dir='ltr'>aufugit,</span> <span class='ocrx_word' id='word_1_870' title='bbox 3464 5346 3626 5416; x_wconf 86' lang='lat' dir='ltr'>quasi</span> <span class='ocrx_word' id='word_1_871' title='bbox 3676 5347 3778 5417; x_wconf 91' lang='lat' dir='ltr'>qui</span> 
     </span>
    </p>
   </div>
  </div>
