4082 6196
317 331 430 391 887

1654 325 1714 386 S.
1763 325 2098 388 MACARII
2150 328 2486 391 IEGYPTII

3710 333 3822 393 888

314 460 787 533 incendiumjam
839 459 1074 530 sentiat,
1106 477 1221 516 sua;
1272 460 1440 516 unice
1487 459 1616 515 vitae
1662 476 1859 515 curam
1895 478 2017 516 ser-

2205 481 2387 533 μενος.
2418 464 2638 537 Ἕτερος
2690 457 2747 516 δὲ
2795 461 2872 526 εἷς
2917 465 3041 517 νοῦν
3088 461 3236 534 αὖτῷ
3292 460 3517 518 ἐπελθὸν
3578 463 3669 517 καί
3716 482 3828 517 τινα

312 553 510 606 vandae
544 552 784 608 habens.
818 551 980 606 Alius
1030 557 1219 607 autem
1272 567 1470 606 amore
1501 552 1807 619 cujusdam
1839 551 2009 617 vasis,

314 648 371 697 ut
406 644 462 697 id
495 644 745 697 flammis
795 643 1159 697 subtractum
1220 657 1417 696 secum
1464 642 1681 707 efferat,
1716 649 2015 709 moratur;

312 732 491 802 inque
522 734 633 786 ista
667 748 825 787 mora
883 736 940 786 et
997 733 1206 787 conalu
1258 733 1684 787 circumventus
1734 749 1766 786 a
1799 749 2018 803 praeva-

311 820 465 875 lente
496 821 754 891 undique
802 821 936 891 igne
986 821 1295 892 corripitur
1329 826 1387 875 et
1417 821 1801 875 comburitur.
1844 820 2019 876 Vides

314 916 377 965 ut
410 911 641 982 pr0pria
670 912 964 966 voluntate
993 917 1050 966 et
1081 927 1279 965 amore
1328 911 1658 982 cujuspiam
1719 915 2022 981 tempora—

312 999 384 1054 lis
408 1001 509 1066 rei,
540 1017 711 1070 quam
765 1006 969 1071 praeter
1025 1017 1108 1068 se,
1142 1002 1259 1055 imo
1318 1016 1493 1069 super
1548 1016 1611 1055 se
1664 1016 1727 1054 ac
1766 1001 2019 1056 salutem

313 1105 476 1144 suam
509 1090 736 1144 videtur
767 1089 1029 1158 diligere,
1062 1089 1190 1142 talis
1224 1088 1476 1143 flammis
1501 1089 1849 1143 absumitur.
1877 1089 2020 1143 Aliis

315 1195 516 1233 rursus
546 1180 605 1232 in
658 1178 1024 1248 naufragium
1048 1177 1461 1246 incidentibus,
1496 1178 1587 1232 ins
1620 1178 1856 1248 quidem
1888 1177 2021 1233 illo-

317 1284 445 1322 rum
481 1269 580 1338 qui
612 1283 841 1322 servare
873 1283 932 1322 se
963 1268 1176 1337 ipsum,
1211 1272 1495 1337 quantum
1543 1272 1751 1337 potest,
1784 1268 2021 1322 omnino

323 1358 897 1421 constituit,cunctis
955 1357 1255 1411 confestim
1315 1357 1576 1412 vestibus
1627 1357 2024 1426 abjectis,nu-

318 1447 457 1500 dum
492 1462 553 1500 se
586 1445 642 1499 in
677 1461 888 1516 aquam
925 1445 1119 1511 mittil,
1151 1451 1208 1500 et
1244 1446 1347 1499 hac
1379 1445 1600 1500 ratione
1634 1450 1824 1516 potest
1853 1462 2020 1500 suam

318 1553 656 1592 conservare
715 1537 910 1591 vitam.
982 1540 1049 1591 At
1106 1537 1390 1607 quispiam
1479 1553 1547 1591 ex
1606 1536 1753 1603 istis,
1802 1541 2022 1591 vestem

318 1642 659 1682 conservare
723 1626 987 1698 cupiens,
1048 1626 1391 1682 absorbetur
1448 1626 1741 1695 ﬂuctibus,
1793 1635 2024 1698 propter

316 1716 425 1771 vile
447 1715 699 1782 lucrum,
733 1732 765 1770 o
798 1716 1092 1770 miseriam
1120 1714 1132 1769 l
1169 1732 1230 1771 se
1276 1715 1467 1786 ipsum
1513 1716 1777 1786 perdens.
1811 1716 2020 1787 Finga-

319 1813 408 1860 tur
449 1805 676 1871 iterum,
724 1806 1010 1875 judicium
1061 1806 1300 1876 perferri
1370 1806 1709 1875 irruptionis
1767 1805 2018 1872 hostilis,

318 1903 371 1949 et
402 1896 714 1965 quemdam
750 1896 946 1950 statim
979 1912 1012 1950 a
1043 1895 1273 1966 cognito
1318 1895 1575 1966 periculo
1628 1897 1801 1967 pedes
1841 1896 1899 1950 in
1935 1896 2024 1949 fu-

316 1999 449 2054 gam
483 2000 653 2054 quam
682 1990 872 2054 potest
924 1984 1347 2039 velocissimam
1392 1986 1553 2052 dare,
1586 2000 1857 2040 securum
1892 1983 2024 2039 reli-

316 2089 588 2143 quorum,
624 2078 832 2144 prmter
879 2089 960 2141 se,
1005 2074 1285 2132 omnium.
1327 2076 1399 2129 At
1454 2074 1631 2129 alium
1683 2089 1797 2129 non
1860 2074 2024 2143 prius

314 2162 460 2217 velle
510 2163 718 2229 fugere,
754 2179 928 2233 quam
982 2164 1286 2233 pecuniam
1348 2178 1549 2219 secum
1606 2165 1865 2230 auferat;
1924 2160 2025 2217 sed

316 2252 471 2307 hunc
503 2258 871 2307 cunctantem
901 2251 1130 2307 hostilis
1164 2269 1371 2308 manus
1402 2252 1834 2327 superveniens
1864 2268 2026 2307 com-

316 2343 640 2414 prehendit.
677 2341 870 2411 Vides,
922 2344 1217 2398 voluntate
1274 2344 1445 2399 istius
1496 2346 1747 2415 propria,
1781 2348 1837 2398 et
1894 2358 2024 2414 pro-

3336 553 3427 607 καὶ
3476 554 3552 617 ὡς
3581 551 3634 608 ἐν
3681 552 3824 622 αὑτῷ

2129 636 2425 714 λαμϐάνειν
2484 642 2642 703 αὐτὸς
2694 643 2783 711 ἦν,
2844 649 3254 713 κατακρατῆσαν
3311 640 3420 713 ἤδη
3484 650 3586 711 τῆς
3655 642 3825 703 οἰκίας

2124 556 2232 606 τῶν
2267 557 2468 607 σκευῶν
2522 551 2744 623 ἐξελεῖν,
2783 553 3061 626 ὑπέμεινεν
3114 552 3238 622 ἆραι
3273 572 3285 585 ·

2126 734 2189 785 τὸ
2244 737 2349 805 πῦρ
2403 733 2492 788 καὶ
2550 733 2714 789 αὑτὸν
2783 728 3043 788 συνέλαϐε
3113 734 3201 787 καὶ
3267 733 3606 790 κατέκαυσεν.
3674 734 3826 808 Ὀρᾷς

2130 821 2279 885 ὅπως
2328 820 2451 894 ίδίῳ
2508 821 2806 893 θελήματι,
2865 822 3025 900 φιλίᾳ
3074 822 3221 885 τινὸς
3274 828 3381 877 τῶν
3424 824 3767 897 προσκαίρων
3799 823 3827 879 ὃ

2130 911 2258 981 παρ’
2331 911 2517 965 ἑαυτὸν
2589 910 2829 987 φαίνεται
2897 913 3202 987 ἀγαπήσας,
3275 910 3354 984 τῷ
3419 912 3548 986 πυρὶ
3613 932 3831 985 παραπ-

2132 998 2329 1056 ώλετο.
2380 998 2610 1074 Ἐτέρων
2664 998 2832 1054 πάλιν
2889 1000 3132 1076 ναυαγίῳ
3180 1002 3603 1075 περιπεσόντων,
3656 1002 3684 1055 ὁ
3737 1002 3830 1074 μὲν

2132 1092 2321 1158 σώζειν
2400 1090 2585 1144 ἑαυτὸν
2665 1089 3018 1165 βουλόμενος,
3090 1088 3380 1145 ἀποδύεται
3459 1092 3549 1146 καὶ
3625 1093 3831 1168 γυμνὸς

2129 1185 2244 1240 τοὶς
2293 1177 2475 1233 ὕδασιν
2531 1178 2813 1259 ἐπαφίεται
2849 1200 2863 1215 ·
2922 1181 3012 1235 καὶ
3064 1180 3208 1235 οὕτω
3263 1178 3482 1236 δυνατὸν
3533 1182 3683 1253 αὑτῷ
3740 1183 3829 1256 Ὑί·

2130 1288 2277 1323 νεται
2346 1269 2445 1335 τήν
2503 1265 2646 1322 ἲδίαν
2705 1273 3003 1342 περισῶσαι
3059 1270 3265 1347 ψυχήν.
3325 1270 3383 1324 Ὀ
3440 1267 3496 1324 δὲ
3559 1270 3650 1323 καὶ
3723 1276 3828 1325 τῶν

2133 1353 2446 1429 ἐνδυμάτων
2501 1354 2859 1412 συνδιασῶσαί
2904 1378 3026 1412 τινα
3068 1357 3322 1428 θελήσας,
3379 1358 3479 1413 ὑπὸ
3535 1362 3643 1412 τῶν
3700 1357 3834 1414 ὑδά-

2131 1468 2239 1502 των
2293 1441 2718 1516 κατεϐαπτίσθη,
2764 1447 2850 1501 καὶ
2908 1444 2997 1501 διὰ
3053 1448 3230 1522 βραχύ
3279 1469 3333 1503 τι
3372 1445 3586 1523 κέρδος,
3635 1447 3679 1501 ὢ
3731 1456 3832 1517 τῆς

2133 1537 2450 1613 συμφορᾶςί
2543 1536 2633 1589 καὶ
2718 1535 2905 1590 ἑαυτὸν
2992 1534 3389 1591 συναπώλεσεν.
3476 1538 3575 1591 Καὶ
3661 1536 3829 1592 πάλιν

2133 1625 2446 1681 ὑποκείσθαι
2501 1624 2591 1680 καὶ
2639 1624 2850 1704 ἐχθρῶν
2895 1645 3016 1680 τινα
3063 1623 3254 1704 ἔφοδον
3306 1626 3700 1701 παρηγγέλθαι,
3741 1628 3829 1681 καὶ

2131 1716 2192 1768 τὸ
2225 1715 2322 1788 μὲν
2372 1716 2484 1787 ἅμα
2530 1735 2587 1769 τε
2630 1713 2877 1786 ἀκοῦσαι,
2924 1713 3082 1777 εὐθὺς
3123 1716 3197 1777 ὡς
3252 1715 3369 1790 εἶχε
3425 1714 3607 1771 ποδῶν
3670 1716 3831 1794 ἐκτρυ-

2132 1810 2269 1880 γεῖν,
2306 1806 2381 1876 μή
2438 1802 2680 1877 μελῆσαν
2731 1804 2881 1875 αὐτῷ
2930 1808 3037 1859 τῶν
3083 1802 3321 1877 μηδενός
3356 1826 3367 1836 ·
3408 1806 3501 1859 τὸν
3552 1802 3610 1860 δὲ
3658 1803 3836 1860 διαπιο

2135 1894 2422 1962 στήσαντα,
2483 1892 2527 1947 εἱ
2583 1895 2676 1946 καὶ
2730 1896 2839 1947 τῶν
2904 1891 3235 1968 πραγμάτων
3304 1894 3428 1947 τινὰ
3502 1892 3835 1967 βουληθέντα

2134 1980 2541 2055 σονεκκομέσαι,
2599 1982 2715 2036 εἶτα
2795 1981 3230 2059 ἐφυστερήσαντα
3286 1982 3672 2061 συλληφθῆναι
3740 2004 3833 2038 κα-

2132 2067 2485 2128 ταλαϐόντων
2540 2076 2647 2126 τῶν
2703 2070 3018 2144 πολεμίων.
3067 2076 3223 2146 Ὁρᾷς
3281 2070 3364 2127 ὅτι
3422 2072 3695 2145 θελήματι
3751 2095 3833 2135 τις

2135 2159 2258 2233 ἰδίῳ
2290 2158 2361 2215 δι’
2409 2158 2690 2234 ἀμέλειαν,
2734 2160 2823 2214 καὶ
2864 2162 2926 2215 τὸ
2976 2160 3373 2233 προσηλῶσθαι
3419 2181 3530 2215 τισι
3576 2166 3684 2216 τῶν
3739 2166 3836 2217 τοῦ

2131 2250 2363 2322 κόσμου,
2395 2251 2493 2319 τήν
2543 2270 2601 2305 τε
2627 2253 2726 2305 τοῦ
2770 2250 3025 2321 σώματος
3073 2248 3162 2302 καὶ
3208 2250 3307 2317 τὴν
3354 2255 3455 2317 τῆς
3505 2253 3693 2325 ψυχῆς
3731 2252 3835 2305 ἀπ-

2133 2338 2332 2393 ώλειαν
2366 2339 2648 2411 ὑπομένει.

315 2441 443 2504 pter
471 2433 862 2487 adhaesionem
894 2434 1074 2489 nimis
1126 2433 1421 2507 addictam
1479 2435 1712 2490 cuidam
1779 2433 2212 2488 mundanarum
2290 2446 2508 2496 rerum,
2564 2430 2775 2485 misere
2832 2429 2998 2485 illum
3057 2432 3113 2484 et
3177 2429 3437 2501 corporis
3504 2434 3559 2486 et
3628 2432 3833 2486 anime:

316 2522 748 2590 irreparabilem
790 2523 988 2578 subire
1016 2526 1325 2591 iacturam.

388 2611 617 2666 XXVII.
653 2611 820 2665 Pauci
875 2613 1126 2682 profecto
1203 2618 1362 2678 sunt,
1413 2615 1511 2684 qui
1582 2615 1890 2682 perfectam
1950 2613 2021 2667 ad

322 2701 494 2755 Deum
556 2700 897 2754 charitatem
959 2701 1369 2773 babeant;qui
1418 2719 1622 2758 omnes
1697 2702 2023 2773 voluptates

324 2790 524 2844 mundi
553 2795 609 2843 et
641 2807 842 2845 omnes
900 2792 1248 2862 cupiditates
1308 2793 1453 2848 nihil
1513 2796 1757 2862 ducant;
1784 2795 1881 2867 qui
1915 2795 2019 2849 de-

323 2880 500 2951 nique
529 2896 730 2935 omnes
762 2882 1004 2953 maligni
1062 2883 1412 2939 tentationes
1466 2886 1702 2955 patienti
1755 2884 2021 2957 longani-

2204 2609 2318 2666 KZ'.
2379 2606 2590 2683 Ὀλίγοι
2653 2608 2747 2680 μὲν
2807 2606 3052 2686 ατεχνῶς
3126 2609 3178 2663 οἱ
3233 2608 3448 2663 τελείαν
3522 2610 3625 2677 τήν
3699 2612 3838 2685 πρὸς

2132 2697 2260 2751 Θεὸν
2322 2698 2541 2774 ἀγάπην
2597 2699 2953 2770 κτησάμενοι,
2994 2697 3168 2761 πάσας
3224 2720 3283 2753 τε
3339 2696 3541 2767 ἡδονᾶς
3596 2703 3695 2753 τοῦ
3744 2702 3837 2754 κό-

2132 2806 2295 2859 σμου,
2345 2787 2433 2841 καὶ
2491 2788 2585 2848 τὰς
2632 2786 2921 2861 ἐπιθυμίας
2974 2788 3035 2842 τὸ
3099 2789 3267 2859 μηθὲν
3320 2788 3698 2863 λογιζόμενοι,
3746 2790 3836 2844 καὶ

2128 2874 2255 2935 τοὺς
2308 2880 2406 2931 τοῦ
2454 2881 2698 2950 πονηροῦ
2744 2878 3079 2951 πειρασμοὺς
3136 2878 3385 2954 φέροντες
3439 2879 3836 2952 μακροθύμως.

321 2970 522 3025 mitate
571 2971 885 3040 perferant.
911 2976 1188 3027 Caeterum
1233 2990 1346 3028 non
1405 2974 1477 3029 ob
1537 2975 1645 3030 hoc
1706 2975 2021 3047 desperan-

2204 2966 2289 3035 ιιήν
2337 2965 2399 3020 οὐ
2448 2966 2592 3038 παρὰ
2640 2970 2806 3021 τοῦτο
2858 2967 3253 3041 ἀπογνωστέον,
3304 2964 3428 3021 οὐδὲ
3474 2974 3576 3036 τῆς
3637 2969 3837 3041 ἂγαθῆς

322 3060 498 3126 dum;
532 3076 719 3133 neque
777 3063 926 3117 bona
957 3079 1091 3132 spes
1147 3064 1493 3134 negligenda
1550 3070 1658 3120 est.
1693 3065 1813 3120 Etsi
1862 3065 2016 3120 enim

322 3150 523 3204 multae
572 3166 742 3206 naves
798 3153 1165 3224 naufragium
1222 3154 1554 3223 patiantur;
1607 3159 1747 3210 sunt
1824 3160 2015 3211 tamen

319 3240 557 3294 omnino
591 3258 702 3295 non
756 3258 973 3313 paucis,
1007 3260 1129 3311 quas
1171 3241 1322 3297 felici
1367 3245 1608 3314 trajectu
1660 3250 1891 3315 portum
1953 3254 2021 3301 le-

319 3334 477 3384 nent.
513 3329 819 3401 Propterea
876 3332 988 3385 fide
1029 3333 1196 3387 nobis
1254 3334 1311 3386 in
1344 3333 1548 3404 primis
1581 3350 1765 3404 opus;
1800 3334 2023 3404 patien-

316 3415 509 3486 tiaque
532 3425 585 3472 et
648 3418 999 3486 attentione;
1048 3436 1326 3490 generoso
1366 3437 1598 3493 quoque
1635 3421 1695 3475 in
1753 3423 2021 3475 certami-

319 3506 493 3560 nibus
525 3506 746 3573 animo;
782 3524 847 3561 ac
907 3514 1177 3576 praeterea
1236 3510 1386 3564 fame
1445 3527 1511 3565 ac
1570 3510 1666 3565 siti
1724 3511 2020 3577 bonitatis,

322 3592 501 3647 simul
568 3610 698 3648 cum
761 3596 943 3650 multa
1002 3597 1306 3667 prudentia
1359 3603 1414 3654 et
1459 3599 2020 3669 discretione;quin

322 3685 377 3733 et
407 3682 728 3738 acrimonia
757 3688 813 3738 et
869 3684 1231 3753 impudentia
1286 3686 1344 3740 in
1406 3689 1671 3758 petendo.
1723 3687 1865 3742 Nam
1902 3687 2020 3757 ple-

324 3770 491 3840 rique
544 3770 870 3842 hominum,
907 3779 967 3828 ut
998 3774 1275 3842 diximus,
1309 3778 1432 3831 sine
1482 3776 1680 3832 labore
1714 3794 1779 3832 ac
1811 3779 2024 3833 sudore

323 3862 593 3932 consequi
629 3879 869 3934 regnum
919 3865 1194 3921 caelorum
1241 3866 1445 3922 volunt
1476 3883 1489 3921 ε
1523 3872 1579 3922 et
1634 3877 1866 3923 sanctos
1896 3868 2025 3939 qui-

323 3951 454 4005 dem
514 3952 635 4007 viro
686 3952 881 4008 felices
930 3956 1285 4024 praedicant:
1320 3956 1720 4027 honoremque
1759 3956 2021 4028 ipsorum

322 4057 385 4095 ac
444 4041 797 4098 charismata
867 4045 1336 4117 concupiscunt;
1398 4047 1623 4116 parium
1692 4064 1826 4104 vero
1887 4062 2021 4102 cum

322 4130 467 4190 ipsis
518 4132 975 4199 tribulationum,
1012 4134 1271 4189 laborum
1315 4140 1372 4189 et
1422 4136 1753 4203 passionum
1787 4153 2022 4192 consoro

320 4221 407 4270 tes
439 4217 558 4271 ﬁeri
595 4228 865 4273 renuunt.
899 4220 1007 4293 Sed
1042 4221 1194 4276 istud
1228 4240 1449 4287 omnes,
1476 4228 1530 4278 et
1582 4225 1913 4279 meretrices
1968 4229 2024 4278 et

322 4305 614 4375 publicani
670 4307 935 4372 cupiunt.
994 4312 1167 4379 Atqui
1224 4318 1457 4380 propter
1510 4312 1620 4367 hoc
1676 4313 2025 4370 tentationes

321 4396 627 4461 propositae
660 4403 800 4449 sunt
829 4403 887 4450 et
919 4400 1285 4467 probationes
1312 4417 1326 4466 ;
1359 4408 1420 4455 ut
1471 4417 1569 4472 per
1606 4418 1700 4456 eas
1731 4410 2023 4473 appareat,

322 4482 559 4551 quinam
610 4500 737 4538 vere
787 4502 981 4540 summ
1035 4488 1290 4557 ipsorum
1324 4489 1636 4545 Dominum
1670 4491 1939 4562 diligant,
1972 4499 2028 4549 et

322 4577 387 4625 ut
417 4571 474 4625 hi
501 4575 660 4642 juste
690 4582 1126 4647 consequantur
1155 4577 1387 4635 cceleste
1418 4596 1682 4648 regnum.

392 4660 642 4718 XXVIII.
704 4663 1131 4734 Aflictionibus,
1183 4667 1572 4737 passionibus,
1627 4669 1907 4741 patientia
1972 4679 2027 4727 et

321 4748 433 4805 fide
463 4752 832 4809 absconditae
888 4770 1017 4811 esse
1068 4757 1481 4826 promissiones
1529 4766 1690 4830 puta,
1723 4760 2026 4832 ipsamque

319 4844 588 4916 gloriam,
624 4862 688 4899 ac
747 4847 1025 4902 bonorum
1071 4848 1393 4903 ccelestium
1447 4850 1796 4904 fruitionem.
1830 4850 2022 4913 Quan-

319 4933 630 5002 doquidem
664 4942 721 4989 et
746 4938 967 5004 jactum
1003 4938 1057 4990 in
1090 4942 1298 4991 terram
1346 4939 1619 4994 frumenti
1668 4956 1936 5011 granum,
1969 4944 2025 4995 et

317 5022 561 5079 insitum
619 5026 838 5082 arboris
887 5028 1210 5093 surculum,
1244 5044 1482 5085 necesse
1531 5035 1619 5084 est
1668 5034 2020 5101 putrescere,

317 5120 373 5169 et
421 5114 804 5186 ignominiosa
832 5116 1168 5186 procidere;
1201 5121 1257 5171 et
1315 5117 1397 5172 sic
1450 5118 1685 5173 demum
1746 5117 2023 5190 multipli-

316 5221 441 5260 cem
501 5206 862 5261 ornatissimi
919 5207 1009 5261 sui
1077 5204 1404 5260 indumenti
1462 5206 1712 5261 fructum
1748 5209 2020 5278 recipere.

312 5295 434 5348 Nisi
468 5296 622 5350 enim
678 5312 778 5365 per
836 5294 1004 5349 illam
1064 5294 1462 5364 putredinem,
1523 5311 1621 5364 per
1677 5295 1808 5350 illas
1867 5299 2025 5352 velut

316 5382 674 5452 ignominias
704 5384 1058 5450 transierint,
1094 5399 1388 5454 nunquam
1441 5400 1574 5438 eum
1619 5384 1885 5441 ultimum
1921 5388 2025 5441 de-

318 5486 531 5537 corem,
559 5489 853 5544 nunquam
888 5471 1209 5543 speciosam
1256 5471 1413 5527 illam
1462 5488 1733 5545 pompam
1774 5476 1883 5529 sibi
1915 5477 2025 5530 cir-

318 5560 681 5628 cumdarent,
716 5578 834 5632 qua
884 5578 945 5618 se
988 5566 1305 5619 ostentant.
1340 5563 1429 5623 In?
1463 5562 1570 5619 hac
1616 5564 1851 5635 quidem
1886 5581 2024 5621 sen-

320 5648 500 5704 tentia
545 5650 859 5721 Apostolus
913 5656 1051 5707 est:
1110 5652 1217 5706 Per
1299 5654 1504 5708 multa:
1579 5653 1760 5723 enim,
1812 5654 2023 5725 inquit,

2134 3053 2359 3117 ἐλπίδος
2406 3052 2737 3129 αμελητέον.
2777 3055 2883 3111 Κᾶν
2921 3054 3023 3131 γὰρ
3070 3054 3256 3111 πολλὰ
3297 3060 3405 3110 τῶν
3451 3056 3663 3111 πλοίων
3705 3057 3840 3113 ὑπο-

2139 3145 2274 3219 μένῃ
2321 3146 2576 3222 ναυάγιον
2612 3163 2625 3177 ·
2687 3143 2813 3201 ἀλλ’
2871 3145 2973 3199 εἶσὶ
3014 3145 3225 3208 πάντως
3257 3145 3290 3199 ἃ
3334 3146 3424 3200 καὶ
3474 3143 3837 3220 διαπερῶντα,

2133 3238 2230 3288 τοῦ
2266 3233 2489 3307 λιμένος
2545 3230 2995 3309 ἐπιλαμϐάνεται,
3039 3234 3136 3289 Διᾶ
3189 3239 3348 3289 τοῦτο
3407 3236 3641 3296 πίστεως
3698 3239 3835 3307 ἡμῖν

2135 3322 2322 3394 πολλή
2357 3325 2535 3399 χρεία,
2565 3325 2850 3396 ὑπομονῆς
2893 3345 2951 3380 τε
2980 3324 3068 3379 καὶ
3100 3329 3385 3400 προσοχῆς
3422 3325 3514 3379 καὶ
3554 3326 3787 3399 ἀγώνων
3821 3344 3837 3360 ο

2135 3414 2271 3486 πρὸς
2304 3411 2361 3467 δὲ
2408 3414 2599 3483 πείνης
2638 3435 2695 3468 τε
2745 3414 2836 3468 καὶ
2886 3412 3048 3487 δίψης
3098 3418 3199 3469 τοῦ
3249 3415 3467 3489 ἀγαθοῦ,
3508 3415 3644 3470 κατᾶ
3691 3414 3837 3469 πολ·

2137 3499 2240 3570 λὴν
2269 3504 2476 3557 σύνεσιν
2513 3503 2601 3557 καὶ
2653 3500 2917 3577 διάκρισιν
2952 3522 2964 3535 ⁸
2998 3502 3061 3558 οὐ
3114 3505 3222 3575 μὴν
3259 3501 3402 3558 ἀλλᾶ
3440 3504 3531 3557 καὶ
3572 3504 3840 3573 ὀξύτητός

2135 3612 2192 3646 τε
2240 3592 2329 3645 καὶ
2380 3590 2650 3654 ἀναιδείας
2706 3594 2829 3667 περί
2885 3593 2984 3661 τὴν
3036 3591 3272 3661 αἶ’τησιν.
3324 3593 3388 3646 O't
3443 3594 3549 3667 γὰρ
3607 3593 3839 3656 πλείους

2136 3688 2243 3737 τῶν
2318 3684 2639 3757 ἀνθρώπων,
2700 3681 2882 3758 ὥσπερ
2967 3683 3305 3762 προέιρημεν,
3373 3684 3634 3754 καμάτων
3713 3686 3841 3739 ἄνευ

2137 3773 2226 3827 καὶ
2258 3771 2507 3846 ἱδρώτων
2559 3780 2655 3842 τῆς
2701 3771 2983 3847 βασιλείας
3024 3772 3299 3847 ἐπιτυχεῖν
3351 3772 3699 3847 βούλονται·
3746 3775 3841 3829 καὶ

2136 3863 2263 3924 τοὺς
2317 3865 2410 3937 μὲν
2456 3862 2639 3939 ἁγίους
2690 3863 3079 3937 μακαρίζουσιν
3126 3861 3345 3936 ἄνδρας,
3379 3865 3465 3919 καὶ
3514 3871 3616 3932 τῆς
3663 3873 3840 3937 τιμῆς

2136 3953 2310 4008 αὐτῶν
2359 3954 2449 4007 καὶ
2496 3958 2603 4008 τῶν
2646 3953 3002 4028 χαρισμάτων
3054 3952 3401 4025 ἐπιθυμοῦσι,
3453 3958 3564 4008 τῶν
3596 3954 3731 4008 ἴσων
3780 3952 3842 4010 δὶ

2138 4043 2372 4116 θλίψεων
2432 4044 2640 4111 αὐτοῖς,
2688 4048 2796 4097 τῶν
2848 4043 3029 4098 πόνων
3087 4063 3143 4098 τε
3181 4043 3273 4097 καὶ
3325 4048 3431 4098 τῶν
3491 4045 3838 4114 παθημάτων

2139 4134 2202 4188 οὐ
2257 4131 2543 4208 βούλονται
2592 4138 2895 4189 κοινωνεῖν.
2940 4134 3143 4187 Τούτου
3190 4130 3247 4187 δὲ
3304 4134 3517 4200 πάντες,
3565 4133 3658 4187 καὶ
3708 4134 3845 4206 πόρ-

2137 4242 2219 4276 ναι
2250 4222 2341 4276 καὶ
2371 4221 2601 4276 τελῶναι
2631 4224 2722 4277 καὶ
2768 4229 2871 4284 πᾶς
2903 4243 2985 4285 τις
3015 4222 3315 4296 ἀνθρώπων
3350 4221 3625 4295 ἐπιθυμεῖ.
3662 4222 3843 4278 Ἀλλὰ

2140 4306 2229 4363 διὰ
2293 4313 2454 4363 τοῦτο
2511 4310 2805 4383 πειρασμοὶ
2844 4310 3157 4383 πρόκεινται
3210 4309 3301 4365 καὶ
3352 4306 3699 4381 δοκιμασίαι,
3746 4308 3844 4364 ’ἕνα

2136 4396 2299 4467 δῆλοι
2357 4400 2638 4472 γένωνται,
2670 4398 2811 4460 τίνες
2868 4399 2920 4452 οἳ
2970 4398 3106 4472 πρὸς
3165 4398 3421 4469 ἀλήθειαν
3477 4401 3569 4452 τὸν
3628 4399 3843 4454 ἑαυτῶν

2133 4488 2421 4560 ἠγάπησαν
2485 4488 2759 4557 Δεσπότην
2794 4507 2808 4521 ·
2876 4488 2965 4543 καὶ
3040 4486 3266 4551 δικαίως
3338 4488 3489 4543 οὗτοι
3547 4495 3651 4558 τῆς
3731 4494 3845 4543 τῶν

2133 4577 2400 4652 οὐρανίων
2434 4577 2735 4653 ἐπιτύχωσι
2771 4576 3071 4653 βασιλείας.

2205 4670 2335 4722 ΚΗ’.
2368 4672 2500 4730 Ταῖς
2556 4668 2795 4741 θλίψεσι,
2844 4669 2935 4723 καὶ
2971 4672 3088 4729 τοῖς
3146 4668 3451 4741 παθήμασι,
3627 4668 3814 4740 ὑπομσ

2130 4759 2197 4829 νῇ
2230 4779 2286 4813 τε
2336 4759 2424 4812 καὶ
2473 4757 2647 4813 πίστει
2689 4758 3050 4837 ἐγκεκρὺφθαι
3098 4757 3287 4831 νόμιζε
3333 4758 3427 4819 τὰς
3479 4757 3844 4834 ἐπαγγελίας,

2132 4846 2300 4918 αὐτήν
2332 4869 2389 4904 τε
2420 4848 2487 4914 τή
2528 4848 2738 4921 νδόξαν,
2772 4850 2871 4918 τήν
2900 4852 3008 4903 τῶν
3042 4848 3311 4924 οὐρανίων
3346 4847 3560 4922 ἀγαθῶν
3612 4848 3849 4918 ἀπόλη-

2130 4944 2221 5013 ψιν
2256 4960 2269 4972 ·
2305 4940 2419 4994 ἐπεὶ
2464 4940 2553 4994 καὶ
2582 4940 2674 4994 τὸν
2732 4939 3093 5012 ῥιπτούμενον
3127 4942 3196 5012 τῇ
3227 4942 3297 5012 γῇ
3348 4945 3518 5006 σῖτον,
3553 4941 3587 5009 ἢ
3636 4940 3729 4994 καὶ
3778 4941 3845 4993 τὸ

2133 5024 2346 5100 δένδρον
2393 5027 2537 5106 φημί
2578 5027 2640 5081 τὸ
2690 5025 3180 5102 ἐγκεντριζόμενον,
3232 5027 3435 5101 ἀνάγκη
3488 5029 3651 5100 σήψει
3701 5029 3848 5102 πρό-

2129 5135 2283 5189 τερον
2339 5117 2429 5169 καί
2487 5113 2682 5186 ἀτιμίᾳ
2735 5115 3023 5170 ὑποπεσεῖν
3056 5133 3069 5147 ·
3129 5115 3222 5167 καὶ
3281 5113 3423 5168 οὕτω
3479 5115 3577 5168 τοῦ
3632 5114 3846 5187 eri-aps-

2127 5207 2266 5267 ποῦς
2296 5203 2461 5259 αὐτοῦ
2519 5200 2820 5276 ἐνδύματος
2849 5204 2941 5258 τὸν
2973 5201 3398 5258 πολλαπλάσιον
3448 5203 3655 5276 καρπὸν
3701 5204 3846 5257 ἀπο-

2132 5287 2341 5348 λαϐεῖν.
2377 5292 2438 5347 Εἰ
2473 5294 2549 5364 μή
2606 5294 2709 5365 γὰρ
2766 5290 2855 5347 διὰ
2885 5296 2981 5361 τῆς
3040 5294 3258 5365 σήψεως
3314 5292 3513 5360 ταύτης
3572 5291 3844 5346 κάκείνων

2127 5384 2234 5433 τῶν
2297 5379 2479 5452 ὥσπερ
2537 5379 2749 5452 ἀτίμων
2810 5378 3042 5435 διελθεῖν
3099 5380 3284 5442 αὐτοῖς
3333 5379 3568 5455 γέγονεν,
3618 5379 3725 5433 οὐκ
3783 5377 3849 5431 ἂν

2128 5471 2227 5538 τήν
2259 5469 2498 5549 ἐσχάτην
2543 5470 2883 5546 εὐπρέπειαν,
2916 5471 3005 5526 καὶ
3038 5472 3100 5525 τὸ
3130 5477 3230 5539 τῆς
3294 5471 3415 5531 θέας
3444 5467 3662 5529 κάλλος
3698 5488 3712 5501 ·
3746 5488 3847 5522 πε-

2129 5556 2516 5633 ριεϐάλλοντο.
2547 5566 2719 5617 Τοῦτο
2777 5559 2835 5616 δὲ
2863 5561 2953 5617 καὶ
3003 5566 3084 5633 τῷ
3113 5558 3441 5632 ’Λποστόλῳ
3493 5556 3643 5613 δοκεῖ
3677 5578 3691 5593 ·
3743 5557 3847 5612 Διὶ

2131 5647 2362 5705 πολλῶν
2422 5651 2550 5727 γὰρ,
2598 5651 2756 5730 φησὶ,
2810 5649 3049 5725 θλίψεων
3106 5646 3190 5704 δεῖ
3242 5651 3413 5723 ἡμᾶς,
3448 5646 3523 5710 εἷς
3582 5646 3684 5716 τὴν
3743 5646 3840 5720 βα..
