4116 6210
293 378 410 439 889

1407 375 1642 437 LIBER
1684 378 1786 439 DE
1827 379 2324 442 ELEVATIONE
2369 383 2682 446 MENTIS.

3686 399 3806 460 890

295 507 505 565 σιλειαν
569 513 666 565 τοῦ
724 513 858 565 Θεοῦ
916 507 1174 564 εἷσελθεῖν
1211 530 1223 544 ·
1264 509 1352 565 καὶ
1395 509 1424 565 ὁ
1482 513 1680 586 Κύριος
1710 530 1723 545 ·
1787 514 1872 570 Ἐν
1923 516 1991 586 τῇ
2027 517 2073 582 Α
2107 525 2136 571 ιλ

2107 517 2486 573 lribulaliones
2539 526 2748 588 oportet
2791 539 2886 579 nos
2919 525 3134 580 intrare
3167 527 3228 580 in
3257 544 3489 598 regnum
3521 530 3620 585 Dei
3647 531 3707 585 ιε.
3735 535 3804 588 Et

293 599 548 672 ὑπομονῇ
611 601 762 674 ὑμῶν
821 602 1078 670 κτήσεσθε
1125 601 1218 664 τὰ..
1271 601 1454 680 ψυχὰς
1501 603 1651 676 ὑμῶν
1701 621 1716 635 ⁸
1773 605 1997 674 καὶ,Έν

292 693 370 762 τῷ
408 689 604 763 κόσμῳ
645 690 832 765 θλίψιν
871 687 1031 764 ἕξετε.

363 786 482 835 ΚΘ’.
541 781 809 842 Ἕκαστος
869 780 1021 852 ὑμῶν
1082 779 1310 856 ὅσονπερ
1377 780 1438 837 ἃν
1499 785 1855 856 καταξιωθείη
1926 787 1994 857 τῇ

287 889 344 923 τε
393 867 571 924 πίστει
625 889 716 924 και
763 873 832 942 τῇ
911 867 1122 944 σπουδῇ
1184 872 1424 946 μέτοχος
1507 872 1660 948 ἁγίου
1752 875 1998 949 γενέσθαι

291 958 626 1031 Πνεύματος,
689 963 947 1014 τοσοῦτον
1021 958 1227 1027 ἐκείνης
1283 966 1383 1036 τῇς
1447 964 1658 1036 ἡμέρας
1733 961 1994 1034 δοξασθή-

288 1067 438 1102 σεται
470 1049 639 1103 αὐτοῦ
683 1047 772 1104 καὶ
820 1054 884 1104 τὸ
933 1054 1113 1123 σῶμα.
1145 1051 1215 1107 "0
1272 1052 1370 1124 γὰρ
1432 1055 1524 1105 νῦν
1578 1046 1730 1107 ἔνδον
1790 1053 1994 1123 ἀπεθη-

287 1136 508 1209 σαῦρισε
552 1141 622 1210 τῇ
671 1141 851 1212 ψυχῇ,
905 1138 1030 1193 τότε
1084 1139 1174 1193 καὶ
1223 1139 1374 1200 ἐκτὸς
1442 1139 1528 1194 ἐπὶ
1579 1145 1680 1196 τοῦ
1739 1143 1994 1214 σώματος

284 1223 855 1303 ἀποκαλυφθήσεται·
907 1229 996 1282 καὶ
1045 1228 1107 1282 τὸ
1158 1227 1506 1302 παράδειγμά
1559 1251 1721 1304 φησιν
1775 1229 1834 1285 ἐκ
1886 1235 1992 1286 τῶν

285 1312 546 1390 δένδρων.
596 1319 885 1388 Χειμῶνος
924 1317 1028 1392 γὰρ
1075 1317 1467 1392 παρελθόντος,
1508 1319 1597 1373 καὶ
1644 1319 1810 1389 ἡλίου
1868 1341 1994 1397 φαι-

282 1402 543 1481 δρότερόν
583 1427 643 1462 τε
680 1405 769 1461 καὶ
819 1405 1182 1481 ἀκμαιότερον
1225 1405 1663 1482 ἐπιλάμψαντος,
1723 1409 1796 1471 ὡς
1857 1407 1994 1480 δὲον,

277 1495 372 1550 xxi
433 1496 646 1568 ἀνέμων
710 1495 1165 1568 ἐπιπνευσάντων,
1217 1495 1412 1552 ἔσωθεν
1479 1497 1658 1554 ἐκεῖνα
1709 1499 1852 1574 φύει,
1903 1502 1993 1554 καὶ

277 1586 358 1648 ὼς
393 1583 682 1658 ἔνόὖματα,
726 1584 910 1664 φύλλα
939 1585 1031 1640 καὶ
1082 1588 1150 1640 τὰ
1214 1586 1374 1656 ἄνθη,
1421 1589 1511 1642 καὶ
1567 1589 1695 1649 τοὺς
1752 1587 1992 1663 καρποὺς

275 1671 701 1751 περιϐάλλεται.
750 1675 1157 1747 Παραπλησέως
1206 1673 1264 1730 δὲ
1311 1677 1400 1731 καὶ
1449 1682 1546 1732 τοῦ
1596 1677 1802 1753 χόρτου
1833 1677 1989 1738 ἄνθος

276 1771 402 1822 κατ’
435 1765 608 1821 ἐκεῖνο
665 1769 857 1841 καιροῦ
903 1771 1010 1820 τῶν
1061 1765 1285 1822 κόλπων
1344 1774 1445 1837 τῆς
1496 1775 1598 1842 γῆς
1654 1767 1990 1832 ἀναδίδοται,

273 1857 372 1910 καὶ
436 1856 684 1910 σκὲπεται
740 1855 957 1917 τούτοις
1012 1863 1084 1929 γῆ
1135 1873 1148 1887 ⁸

271 1941 638 2019 περιϐόλαιον
724 1944 1094 2020 ἀμφιέννυται.
1175 1947 1273 2002 Καὶ
1339 1946 1441 2022 γὰρ
1515 1945 1992 2020 ἐνδοξασθῆσονται

269 2032 360 2090 δι’
389 2035 552 2092 αὐτοῦ
579 2041 678 2090 τοῦ
725 2035 830 2090 ἀπὸ
880 2055 944 2110 γε
987 2041 1084 2090 τοῦ
1141 2039 1233 2089 νῦν
1288 2035 1690 2112 ἐνυπάρχοντος
1753 2037 1992 2114 ἀρῥητου

269 2125 489 2200 φωτὸς,
544 2123 638 2180 εἴτ’
685 2125 774 2179 οὖν
833 2127 914 2198 (2)
967 2132 1070 2194 τῆς
1118 2129 1216 2180 τοῦ
1275 2125 1589 2198 Πνεῦματος
1663 2125 1941 2200 δυνάμεως
1975 2147 1988 2160 °

269 2210 421 2290 ὅπερ
477 2215 566 2270 xii
604 2215 730 2270 τότε
787 2213 931 2271 ἔσται
994 2215 1183 2278 αὐτοῖς
1242 2213 1468 2288 ἔνδυμα,
1521 2218 1748 2292 βρῶσις,
1805 2217 1990 2286 πόσις,

273 2301 686 2379 ἀγαλλιασμὸς,
745 2303 913 2383 χαρὰ,
963 2301 1183 2380 οῗρήνη,
1233 2305 1323 2361 καὶ
1379 2306 1442 2360 τὸ
1490 2309 1617 2378 πᾶν,
1674 2306 1787 2374 ζωὴ
1848 2305 1986 2361 αἰώ-

265 2413 422 2456 νιος.

351 2669 396 2704 ¹²
419 2669 540 2724 Act.
573 2684 689 2736 xw,
719 2668 808 2724 21.
886 2668 932 2704 1³
963 2669 1097 2725 Luc.
1129 2685 1245 2736 xxx,
1277 2667 1334 2722 9.

345 2831 426 2904 (2)
455 2829 573 2887 Εἶτ’
605 2828 746 2906 οὗν.]
777 2833 838 2888 Id
873 2848 1004 2890 vero
1037 2832 1093 2888 in
1127 2832 1338 2889 mendo
1369 2831 1583 2888 cubare
1613 2831 1864 2890 videtur.

1207 1858 1295 1910 καὶ
1364 1857 1436 1918 ὡς
1511 1855 1784 1932 ἐμπρεπές
1857 1857 2070 1952 αὐτᾶιΒ

2107 604 2391 662 Dominus
2427 623 2440 661 :
2475 609 2542 662 In
2593 609 2864 678 patientia
2925 620 3102 668 vestra
3169 615 3515 684 possidebilis
3582 621 3798 674 animas

2104 703 2330 751 vestras.
2363 698 2434 750 Et
2467 713 2480 750 :
2512 699 2578 752 In
2607 701 2808 756 mundo
2836 701 3251 758 tribulationem
3274 706 3539 760 habebitis
3575 710 3638 762 13.

2177 785 2327 840 189
2357 785 2560 842 XXIX.
2595 791 2820 854 Quanta
2846 793 3238 863 unusquisque
3263 800 3517 851 vestrum
3543 797 3655 851 fide
3677 798 3801 854 dili-

2104 873 2413 944 gentiaque
2443 876 2656 946 dignus
2689 876 2862 932 fuerit
2895 879 3127 935 habitus
3167 883 3349 937 sancti
3395 885 3513 938 lieri
3549 885 3801 956 Spiritus

2105 964 2416 1032 particeps,
2467 969 2622 1020 tanla
2691 965 2800 1038 ipsi
2847 984 3114 1024 mensura
3159 971 3354 1041 gloriae
3400 974 3691 1046 continget
3739 977 3799 1031 in

2105 1051 2203 1106 illa
2251 1054 2692 1109 resurrectionis
2739 1055 2830 1109 die
2887 1073 3096 1128 corpus
3143 1059 3272 1128 ejus
3304 1063 3589 1118 coronari.
3638 1066 3799 1130 Quod

2105 1145 2257 1198 enim
2293 1161 2446 1198 nunc
2494 1144 2726 1216 collegit
2769 1146 2824 1200 in
2859 1145 3070 1214 anima,
3105 1151 3246 1204 tunc
3303 1152 3552 1206 exterius
3585 1153 3800 1208 revela-

2105 1238 2227 1288 tum
2273 1233 2566 1304 apparebit
2607 1237 2663 1288 in
2714 1252 2980 1307 corpore;
3031 1237 3198 1306 cujus
3231 1240 3398 1309 quasi
3439 1241 3806 1310 experimen-

2103 1327 2229 1377 tum
2271 1327 2372 1378 aut
2419 1323 2750 1394 exemplum
2801 1325 2923 1396 spei
2959 1342 3162 1394 capere
3199 1325 3328 1382 licet
3368 1344 3435 1384 ex
3472 1329 3798 1384 arboribus.

2105 1413 2300 1466 Hieme
2330 1412 2617 1482 siquidem
2655 1413 2774 1482 jam
2816 1420 3133 1482 transacta,
3179 1421 3234 1470 et
3284 1417 3528 1472 laetiores
3557 1418 3803 1474 calidio-

2104 1517 2312 1571 resque
2363 1502 2578 1572 passim
2623 1503 2982 1558 diffundente
3032 1505 3229 1559 radios
3259 1505 3408 1574 sole;
3443 1524 3526 1572 ac,
3555 1524 3656 1578 pro
3691 1509 3804 1562 mi-

2102 1591 2232 1645 tiori
2294 1589 2556 1646 videlicet
2610 1597 2954 1662 tempestate
3017 1594 3174 1660 anni,
3245 1596 3432 1650 ventis
3497 1597 3796 1662 ﬂantibus,

2104 1679 2336 1735 trudunt
2403 1680 2511 1734 illae
2589 1683 2739 1736 foras
2808 1681 2946 1736 folia
3006 1686 3062 1738 ei
3125 1684 3296 1739 ﬂores
3345 1693 3397 1739 et
3440 1686 3660 1740 fructus
3710 1687 3804 1740 in-

2101 1771 2319 1838 duunt;
2353 1770 2621 1825 similiter
2659 1775 2714 1825 et
2738 1771 2842 1826 ﬂos
2875 1771 3004 1827 foeni
3043 1789 3141 1842 per
3171 1773 3320 1828 idem
3351 1779 3581 1844 tempus
3609 1791 3640 1830 e
3667 1775 3801 1830 sinu

2103 1859 2326 1916 telluris
2385 1861 2700 1931 germinat,
2761 1862 3088 1933 tegiturque
3125 1861 3238 1917 illis
3289 1868 3460 1930 terra,
3521 1869 3578 1919 et
3623 1864 3800 1920 veluti

2104 1951 2310 2005 decoro
2361 1951 2536 2020 pallio
2574 1950 2847 2005 amicitur
2897 1967 2910 2006 :
2966 1951 3038 2006 ad
3085 1950 3242 2008 hunc
3287 1953 3524 2008 modum
3561 1959 3618 2008 et
3656 1970 3791 2009 cor-

2104 2055 2240 2108 pora
2291 2045 2626 2094 sanctorum
2697 2045 2836 2093 tunc
2885 2039 3298 2110 splendebant,
3349 2041 3504 2096 foras
3562 2043 3799 2098 demum

2102 2135 2440 2199 erumpente
2490 2127 2614 2183 luce
2661 2128 2782 2194 illa,
2832 2145 2960 2199 quae
3006 2128 3063 2182 in
3116 2129 3261 2198 ipsis
3317 2135 3440 2184 erat
3479 2130 3800 2199 ineffabili;

2103 2218 2364 2274 virtutem
2412 2220 2540 2274 dico
2588 2223 2646 2274 et
2693 2220 2941 2290 gratiam
2991 2219 3268 2290 spiritus;
3319 2238 3442 2291 quae
3473 2226 3613 2276 tunc
3653 2221 3802 2293 ipsis

2100 2307 2210 2363 erit
2287 2309 2484 2375 vestis,
2555 2323 2708 2374 esca,
2777 2317 2964 2380 potus,
3072 2309 3403 2372 exsultatio,
3498 2309 3800 2381 gaudium,

2101 2413 2209 2467 pax
2264 2413 2278 2452 :
2337 2401 2394 2453 et
2441 2405 2506 2453 ut
2551 2398 2726 2453 verbo
2789 2401 3001 2454 cuncta
3070 2414 3185 2454 uno
3250 2399 3625 2470 complectar,
3683 2399 3800 2455 vita

2099 2495 2332 2546 aeterna.

262 3009 3788 3044 W

901 3171 1836 3304 ΜΑΚΑΡΙΟΥ
1934 3172 2282 3302 ΤΟΥ
2381 3167 3215 3299 ΜΕΓΑΛΟΥ

1191 3432 1492 3528 ΠΕΡΙ
1574 3430 2167 3530 ΥΨΩΣΕΩΣ
2251 3429 2500 3528 ΤΟΥ
2579 3428 2909 3527 ΝΟοΣ

1929 3635 2154 3692 ΛΟΓΟΣ
2165 3678 2178 3691 .

1007 3907 2124 4063 MACARII
2233 3903 3070 4058 MAGNI

1234 4181 1397 4275 DE
1469 4175 2294 4274 ELEVATIONE
2365 4173 2844 4269 MENTIS

1915 4368 2150 4430 LIBER

341 4661 424 4712 ΔΖ
493 4659 702 4724 Μωσῆς
763 4655 792 4710 ὁ
855 4653 1119 4732 μακάριος
1195 4651 1438 4724 ὑπέδειξε
1493 4653 1662 4709 τύπον
1742 4649 1828 4707 διὰ
1885 4659 2060 4731 τῆςο

266 4747 370 4799 τοῦ
429 4743 731 4818 προσώπου
793 4743 956 4800 αὐτοῦ
1037 4742 1461 4818 ἐπιλαμπούσης
1524 4747 1619 4798 τοῦ
1671 4741 1984 4814 Πνεόματος

271 4831 464 4905 δόξης,
615 4831 793 4896 οὐδεὶς
833 4835 1132 4908 ἀνθρώπων
1181 4833 1418 4889 ἀτενίσαι
1467 4831 1713 4903 ἐδύνατο,
1761 4837 1880 4894 πῶς
1930 4831 1980 4886 ἐν

266 4929 338 4998 τῇ
394 4929 502 4980 τῶν
563 4923 790 4980 δικαίων
839 4926 1123 4980 ἀναστάσει
1177 4927 1246 4980 τὰ
1303 4925 1530 4996 σώματα
1595 4921 1984 4998 δογασθήσεται

265 5018 380 5068 τῶν
435 5013 602 5087 ἁγίων
641 5033 654 5046 ·
687 5017 756 5086 ἢν
815 5013 970 5088 δόξαν
1029 5015 1136 5070 ἀπὸ
1185 5019 1281 5069 τοῦ
1346 5018 1434 5068 νῦν
1494 5011 1546 5068 ἒν
1593 5018 1671 5084 τῷ
1719 5011 1848 5068 εἶ’σω
1887 5013 1982 5066 ἀν·-

269 5105 481 5177 θρώπῳ
527 5105 581 5159 αἱ
626 5107 812 5161 πισταὶ
867 5111 978 5161 τῶν
1037 5103 1204 5178 ἁγίων
1250 5101 1397 5178 ἔχειν
1447 5104 1818 5173 καταξιοῦνται
1877 5105 1984 5176 ψυ-

269 5192 420 5271 χαί·
480 5195 674 5267 Ἡμεῖς
749 5194 872 5270 γὰρ,
959 5195 1144 5270 φησὶν,
1230 5191 1734 5264 ἀνακεκαλυμμένῳ
1801 5210 1980 5264 προσ-

269 5281 432 5354 ώπῳ,
489 5282 768 5338 τουτέστιν
823 5283 874 5338 ἐν
944 5287 1025 5356 τῷ
1099 5279 1204 5337 ἔσω
1290 5283 1580 5358 ἀνθρώπῳ,
1643 5283 1744 5350 τὴν
1829 5276 1982 5348 δόξαν

269 5371 474 5445 Κυρίου
537 5372 1033 5448 κατοπτριζόμεθα,
1093 5371 1168 5435 εἷς
1234 5373 1334 5442 τὴν
1404 5373 1576 5440 αὐτὴν
1634 5369 1814 5424 εἰκόνα
1875 5389 1980 5440 με..

263 5461 714 5537 ταμορφούμενοι
769 5460 878 5516 ἀπὸ
955 5457 1117 5532 δόξης
1183 5460 1258 5524 εἷς
1333 5459 1511 5534 δόξαν.
1581 5459 1713 5533 Περὶ
1785 5457 1982 5514 τούτου

267 5553 568 5628 γέγραπται
643 5551 832 5620 πάλιν,
907 5555 1305 5628 τεσσαράκοντα
1360 5573 1554 5616 νυκτας
1623 5550 1712 5606 καὶ
1769 5550 1983 5626 ἡμέρας

345 5735 390 5774 ¹⁴
415 5735 440 5794 Ι
469 5736 597 5796 Cor.
630 5753 718 5806 ιιι,
755 5737 844 5794 18.
927 5735 974 5774 1⁵
1009 5735 1187 5792 Exod.
1219 5749 1374 5804 XXIV,
1407 5735 1718 5804 18;m1v,
1746 5733 1836 5790 28.

2165 4654 2209 4710 Ι.
2269 4651 2480 4708 Beatus
2534 4651 2725 4708 Moses
2792 4650 3167 4708 subostendit
3237 4651 3504 4714 formam,
3568 4661 3666 4714 per
3711 4659 3801 4699 re-

2096 4740 2506 4814 splendentem
2562 4741 2622 4796 in
2687 4742 2815 4810 ejus
2863 4739 3022 4794 vultu
3101 4739 3354 4808 Spiritus
3424 4733 3690 4806 gloriam,
3737 4732 3800 4786 in

2095 4848 2274 4902 quam
2309 4831 2510 4886 nullus
2543 4831 2846 4886 hominum
2882 4833 3075 4897 posset
3099 4827 3419 4891 intendere,
3450 4823 3574 4891 ejus
3603 4820 3800 4890 glorias

2094 4937 2212 4992 qua
2275 4919 2332 4974 in
2438 4921 2736 4990 justorum
2821 4915 3246 4972 resurrectione
3321 4909 3801 4983 gloriﬁcabuntur

2092 5026 2336 5081 corpora
2379 5021 2741 5064 sanctorum:
2774 5023 2891 5078 qua
2937 5005 3116 5078 gloria
3157 5019 3224 5059 ex
3291 5001 3400 5056 hoc
3449 5005 3706 5070 tempore
3735 4998 3794 5052 in

2091 5099 2352 5154 interiori
2395 5099 2632 5154 homine
2665 5103 2998 5154 sanctorum
3030 5095 3241 5152 animat-
3261 5095 3446 5162 digna:
3485 5090 3794 5145 habentur.

2092 5189 2194 5244 Nos
2225 5188 2406 5256 enim,
2440 5189 2521 5241 ait
2547 5185 2878 5257 Apostolus.
2911 5184 3158 5240 revelata
3207 5181 3368 5250 facie,
3401 5177 3508 5232 hoc
3539 5181 3626 5232 est
3655 5177 3794 5229 inte-

2095 5279 2230 5332 riori
2264 5277 2523 5346 homine,
2546 5276 2790 5346 gloriam
2831 5273 3055 5330 Domini
3087 5269 3450 5343 speculantes,
3475 5269 3532 5320 in
3551 5264 3799 5321 eamdem

2093 5371 2393 5440 imaginem
2439 5366 2822 5438 trans/armati
2869 5383 2904 5420 a
2965 5364 3216 5418 claritate
3261 5361 3318 5414 in
3369 5359 3682 5412 claritatem
3731 5353 3796 5407 ¹⁴.

2091 5460 2258 5516 Circa
2303 5457 2410 5513 hoc
2459 5458 2742 5527 scriptum
2805 5459 2895 5510 est
2957 5469 3168 5509 rursus
3215 5468 3228 5506 :
3279 5453 3498 5505 Mosam
3548 5445 3798 5520 quadra-

2091 5552 2252 5624 ginta
2293 5548 2565 5604 noctibus
2595 5551 2652 5604 et
2681 5545 2924 5603 totidem
2972 5543 3179 5599 diebus
3226 5541 3294 5612 ιδ,
3327 5555 3432 5596 nec
3460 5537 3570 5595 sibi
3593 5533 3800 5594 memi-
