4116 6210
320 329 434 390 891

1653 332 1716 390 S.
1767 324 2091 393 MACARII
2134 319 2482 400 jEGYP'l‘II

3712 340 3839 409 επ
3870 314 3879 323 .

316 460 473 514 niese
505 474 609 513 nec
644 462 833 530 potus,
877 460 1027 528 quod
1062 459 1334 515 humanm
1374 463 1593 516 naturae
1626 463 1862 518 modum
1917 479 2008 519 ex-

2154 453 2221 516 titc
2279 451 2398 515 ἴσας
2457 453 2532 527 μὴ
2592 461 2803 532 τροφῆς
2866 459 3188 530 μνησθῆναι,
3252 462 3327 535 μὴ
3410 465 3646 535 πόσεως,
3696 470 3823 545 ’ὅπερ

314 548 511 602 cedit:
568 548 676 602 nisi
737 547 1059 616 spiritualis
1109 549 1403 619 impertita
1460 550 1567 621 ipsi
1634 568 1768 607 esca
1816 551 2007 619 fuerit,

313 637 550 701 Qualem
605 638 870 693 videlicet
927 639 1051 708 jam
1100 656 1255 693 nunc
1303 644 1514 695 sanctis
1578 640 1784 697 animas
1837 640 2010 713 perci-

314 726 479 799 piunt
508 745 576 783 ex
607 728 838 799 spiritu.

386 910 455 963 ΙΙ.
508 908 754 964 Claritas
799 926 913 980 qua
956 910 1080 979 jam
1123 908 1260 964 hinc
1314 914 1648 965 sanctorum
1717 911 2015 967 abundant

314 999 546 1065 animae,
597 998 696 1054 illa
746 999 873 1070 ipsa
914 1012 1064 1068 reget
1107 1002 1163 1054 et
1192 998 1426 1054 amiciat
1469 1002 1625 1055 nuda
1673 1017 1912 1074 corpora
1952 1003 2009 1058 in

313 1089 753 1150 resurrectione,
808 1106 872 1143 ac
923 1094 1083 1157 rapta
1139 1087 1196 1141 in
1248 1090 1423 1145 cmlos
1475 1091 1734 1159 auferet;
1787 1102 1841 1147 et
1873 1099 2012 1147 tunc

312 1176 393 1231 illi
441 1192 679 1246 corpore
730 1177 941 1247 pariter
988 1185 1040 1230 et
1085 1177 1281 1231 anima
1333 1178 1389 1231 in
1436 1176 1537 1232 Dei
1590 1195 1765 1250 regno
1833 1179 2011 1233 simul

313 1273 591 1337 perpetuo
625 1266 1009 1337 requiescent.
1048 1267 1335 1323 Adamum
1367 1270 1583 1341 quippe
1630 1286 1834 1325 creans
1858 1271 2011 1326 Deus

311 1355 434 1411 alas
468 1355 577 1426 ipsi
629 1372 953 1422 corporeus.
994 1354 1149 1410 velut
1196 1357 1423 1421 avibus,
1478 1375 1591 1412 non
1641 1358 1881 1424 indidit;
1916 1368 2013 1413 ut-

312 1452 438 1514 pote
460 1443 551 1498 cui
584 1445 703 1499 alas
736 1445 1083 1516 spirituales,
1109 1445 1323 1514 quibus
1358 1450 1488 1517 post
1530 1450 2009 1505 resurrectionem

307 1534 684 1600 attolleretur,
744 1538 798 1588 et
848 1540 1049 1605 raptus
1112 1551 1459 1606 quocunque
1526 1536 1695 1592 vellet
1746 1537 2008 1609 spiritus,

309 1625 485 1679 libere
528 1625 795 1689 ferretur,
830 1623 966 1678 dare
1024 1624 1134 1692 ipsi
1189 1625 1538 1681 decreverat.
1574 1626 1690 1681 Has
1728 1628 2010 1698 spiritua-

311 1714 394 1769 les
423 1715 565 1780 alas,
618 1717 950 1767 sanctorum
994 1713 1303 1789 animabus
1343 1714 1466 1786 jam
1506 1720 1645 1771 tunc
1676 1718 1872 1772 datum
1921 1722 2011 1772 est

2124 543 2224 600 οὐκ
2289 543 2633 619 ἀνθρωπίνης
2678 546 2887 623 φύσεως
2942 544 3116 623 ἔργον,
3171 549 3217 604 εἰ
3279 552 3354 626 μή
3400 575 3453 608 τι
3503 553 3605 627 ἄρα
3657 543 3826 636 regis

2123 631 2399 690 ἐκοινώνει
2449 643 2825 708 πνευματικῆς
2859 656 2873 670 ⁸
2918 639 3091 711 ἧσπερ
3144 637 3210 711 δὴ
3260 645 3351 697 καί
3403 644 3571 716 αὐτῆς
3602 647 3709 703 ἀπὸ
3738 653 3830 703 τοῦ

2125 727 2215 778 ν’ύν
2267 724 2322 778 αἱ
2377 726 2522 802 ἅγιαι
2561 726 2735 802 ψυχαὶ
2781 724 3290 803 μεταλαμϐάνουσιν
3332 732 3392 790 ἐκ
3436 740 3535 790 τοῦ
3583 746 3828 812 πνεύμα-

2121 834 2231 877 τος.

2198 902 2275 959 Β’.
2327 905 2434 973 Τὴν
2488 900 2643 976 δόξαν
2703 906 2764 975 ἦν
2821 903 3057 964 ἐντεῦθεν
3115 910 3171 964 αἱ
3247 915 3353 968 τῶν
3416 914 3586 989 ἁγίων
3657 916 3836 974 πλου-

2122 990 2273 1047 τοῦσι
2325 993 2522 1068 ψυχαὶ,
2590 992 2767 1066 ἐκείνη
2826 995 3057 1072 καλύψει
3109 999 3201 1055 καὶ
3249 1000 3606 1075 ἀμφιάσειτὰ
3655 1009 3836 1081 γυμνᾶ

2123 1083 2350 1155 σώματα
2408 1082 2459 1137 ἐν
2520 1087 2589 1157 τῇ
2650 1084 2953 1155 ἀναστάσει,
3012 1089 3100 1144 καὶ
3170 1088 3246 1152 εἶς
3302 1091 3564 1166 οὐρανοὺς
3594 1095 3836 1173 ἀνάρπα-

2124 1191 2220 1226 στα
2264 1174 2483 1242 ποιησει
2515 1190 2527 1202 ’
2589 1173 2679 1228 καὶ
2731 1173 2854 1230 τότε
2905 1176 3100 1232 λοιπὸν
3160 1182 3375 1254 σώματι
3428 1182 3520 1238 καὶ
3573 1187 3732 1261 ψυχῇ
3785 1186 3835 1244 ἐν

2119 1264 2188 1335 τῇ
2251 1262 2503 1337 βασιλείᾳ
2561 1268 2694 1319 Θεοῦ
2752 1266 2864 1339 ἅμα
2918 1265 3183 1340 διηνεκῶς
3254 1274 3677 1335 ἀναπαύσονται.
3736 1281 3838 1335 Τὸν

2121 1352 2226 1427 γὰρ
2262 1351 2441 1426 Ἀδὰμ
2494 1353 2678 1417 κτίσας
2722 1356 2750 1411 ὁ
2800 1356 2928 1420 Θεὸς
2977 1362 3249 1435 πτέρυγας
3308 1364 3457 1441 αύτῷ
3517 1372 3837 1442 σωματικὰς

2121 1441 2197 1504 ὠς
2245 1446 2363 1506 τοῖς
2409 1448 2675 1504 πετεινοῖς
2724 1445 2823 1501 οὐκ
2870 1444 3138 1522 ἐνέθηκεν,
3174 1452 3263 1507 ἅτε
3310 1455 3407 1518 τὰς
3447 1462 3546 1513 τοῦ
3578 1441 3836 1532 Πνεύμα-

2118 1552 2211 1593 τος
2267 1531 2405 1585 κατὰ
2450 1533 2550 1602 τήν
2604 1532 2888 1590 ἀνάστασιν
2944 1538 3187 1613 παρέξειν
3244 1540 3390 1615 αὖτῷ
3450 1543 3696 1616 μέλλιυν,
3737 1547 3836 1604 ἵνα

2120 1620 2445 1699 κουφίζηται
2494 1621 2567 1678 δι’
2626 1624 2800 1681 αὐτῶν
2868 1628 2959 1683 καὶ
3036 1631 3342 1707 ἁρπάζηται
3399 1636 3538 1692 ὅπου
3606 1642 3834 1705 πάντως

2116 1711 2179 1766 τὸ
2228 1716 2443 1784 Πνεῦμα
2492 1712 2763 1789 βούληται
2798 1737 2810 1750 '
2860 1719 3057 1783 ταύτας
3111 1717 3169 1776 δὲ
3198 1722 3265 1778 τά
3319 1725 3521 1795 νοητὰς
3563 1730 3836 1807 πτέρυγας

308 1803 542 1866 habere,
585 1820 715 1872 quae
746 1803 815 1857 ad
846 1802 1134 1858 cmlestem
1169 1804 1328 1876 ipsas
1359 1807 1718 1860 transferunt
1748 1824 2004 1862 sensum.

2155 1805 2240 1864 αῖς
2285 1806 2393 1857 τῶν
2436 1803 2607 1880 ἁγίων
2634 1808 2840 1882 ψυχαῖς
2889 1808 2994 1863 ἀπὸ
3034 1814 3132 1865 τοῦ
3178 1817 3270 1866 νῦν
3326 1811 3539 1871 δέδοται
3568 1802 3831 1895 ἕχεινίαῖ

309 1894 771 1949 Christianorum
824 1896 978 1948 enim
1020 1893 1188 1960 alius,
1239 1911 1409 1964 quam
1461 1908 1793 1951 caaterorum
1831 1913 2002 1951 orna-

309 1994 423 2053 tus,
458 1983 571 2037 alia
603 1984 964 2045 indumenta,
993 2000 1193 2038 mensa
1241 1984 1381 2048 alia,
1412 1990 1470 2039 et
1520 1986 1635 2039 alia
1668 1986 1866 2040 fruitio
1897 1990 2003 2056 est,

309 2073 780 2145 quandoquidem
818 2089 848 2127 e
879 2073 1037 2127 ccelis
1075 2079 1384 2128 venturum
1435 2077 1730 2130 Christum
1763 2075 2008 2142 scimus,

308 2162 725 2220 suscitaturum
781 2162 927 2217 l90
968 2178 1089 2231 eos,
1149 2162 1251 2234 qui
1300 2179 1367 2219 ex
1417 2164 1573 2219 omni
1608 2181 1724 2219 aavo
1755 2164 2004 2220 dormie-

306 2256 471 2319 runt;
518 2252 1015 2323 quemadmodum
1064 2268 1242 2306 sacras
1294 2252 1601 2323 Scriptum
1652 2254 1863 2310 docent
1899 2269 1914 2309 :
1948 2254 2007 2310 in

306 2342 452 2398 duas
486 2348 679 2413 partes
701 2340 921 2396 dividet
953 2339 1018 2409 ιθ,
1052 2345 1108 2396 et
1137 2349 1262 2412 Quae
1304 2347 1648 2412 sequuntur.

380 2521 479 2576 III.
513 2520 732 2586 Quibus
764 2537 912 2575 cura:
943 2525 1030 2576 est
1067 2520 1407 2576 Christiana;
1438 2522 1566 2578 vitas
1597 2522 1787 2578 ofﬁcia
1826 2539 2003 2595 quam

308 2611 527 2679 optime
599 2609 798 2663 omnia
876 2610 1132 2679 exsequi,
1200 2626 1299 2665 eos
1368 2617 1502 2665 ante
1558 2612 1789 2680 quidvis
1854 2613 2008 2667 aliud

309 2702 556 2767 oportet,
591 2698 770 2767 partis
800 2698 1032 2766 animas,
1075 2714 1251 2768 quam
1303 2701 1662 2770 superiorem
1695 2705 1753 2755 et
1793 2702 2009 2771 praedu-

312 2788 624 2842 minautem
674 2794 898 2855 vocant,
946 2790 1356 2846 intellectualis
1404 2791 1671 2848 videlicet
1702 2808 1768 2849 ac
1799 2793 2010 2849 discre-

308 2877 462 2945 tivae,
548 2878 884 2948 diligentem
966 2880 1175 2935 habere
1239 2881 1552 2950 rationem;
1622 2891 1684 2938 ut
1740 2889 2009 2938 accurate

310 2965 448 3020 boni
498 2967 754 3037 malique
806 2968 1114 3023 biscrimen
1165 2969 1461 3037 facientes,
1512 2987 1617 3026 nec
1647 2988 1774 3042 quae
1806 2977 2013 3042 praeter

313 3061 584 3110 naturam
618 3057 852 3112 invectae
878 3068 1008 3112 sunt
1045 3060 1412 3128 cupiditates,
1446 3067 1663 3115 natura:
1696 3079 1851 3133 puras
1882 3078 2010 3118 esse

303 3146 664 3215 judicantes,
696 3146 1050 3202 inoffensum
1081 3151 1209 3205 vitm
1238 3165 1474 3205 cursum
1511 3150 1778 3222 habeant,
1815 3158 2010 3223 utpote

309 3234 409 3305 qui
460 3234 827 3290 discretionis
874 3235 1045 3290 veluti
1092 3240 1259 3293 oculo
1298 3243 1533 3293 utantur
1565 3245 1663 3294 :et
1692 3242 1785 3308 qui
1839 3257 1872 3293 a
1904 3239 2009 3295 fal-

311 3323 476 3378 laciis
512 3325 809 3392 pravitatis
854 3328 1042 3381 securi
1092 3341 1221 3381 esse
1267 3328 1510 3397 possint.
1568 3330 1656 3383 Est
1703 3330 1856 3384 enim
1907 3346 2010 3385 vo-

310 3414 506 3468 luntas
574 3416 805 3481 animae,
873 3417 1136 3471 membra
1192 3417 1451 3488 corporis
1518 3435 1550 3473 a
1612 3435 1761 3475 noxa
1818 3434 2013 3476 erran-

311 3504 459 3556 tium
505 3518 783 3557 sensuum
837 3503 1174 3573 incorrupta
1223 3507 1476 3577 servari;
1526 3524 1703 3578 seque
1749 3508 1933 3579 ipsam
1979 3528 2012 3565 a

310 3591 514 3644 mundi
547 3591 982 3646 avocationibus
1009 3610 1201 3650 arcere
1234 3610 1248 3650 :
1282 3596 1689 3667 custodireque
1727 3614 1825 3653 cor
1855 3614 1924 3654 ne
1951 3599 2010 3656 in

308 3680 595 3734 mundum
645 3683 920 3739 extendat
966 3685 1233 3741 membra
1280 3703 1521 3742 suarum
1554 3689 2016 3761 cogitationum;

309 3768 409 3823 sed
453 3783 517 3823 ea
570 3768 804 3841 colligat
843 3776 899 3826 et
928 3773 1316 3846 undecunque
1379 3776 1642 3832 restricta
1698 3778 2007 3846 contineat,

305 3859 376 3913 ab
423 3857 631 3913 humili
669 3876 810 3916 cura
866 3867 923 3917 et
985 3863 1283 3935 voluptate
1347 3880 1639 3921 coercens.
1705 3866 2010 3924 Enimvero

306 3948 405 4003 ubi
456 3948 742 4007 Dominus
807 3951 1058 4025 aliquem
1110 3956 1167 4010 id
1217 3956 1417 4013 sedulo
1466 3970 1731 4028 agentem
1786 3956 2009 4029 viderit,

305 4038 405 4106 sic,
459 4039 720 4111 inquam,
771 4050 1082 4108 attentum,
1143 4060 1486 4117 semperque
1550 4064 1676 4102 cum
1731 4054 1885 4103 metu
1945 4066 2008 4103 ac

304 4130 555 4185 tremore
604 4132 821 4186 servire
886 4133 996 4201 ipsi
1056 4140 1344 4202 paratum,
1414 4143 1687 4207 suggeret
1769 4138 1882 4209 ipsi
1940 4140 2008 4194 ad

308 4216 587 4270 ulteriora
639 4220 842 4288 gratiis
882 4220 1191 4278 auxilium.
1241 4224 1427 4288 Quare
1484 4238 1615 4280 vero
1670 4224 1814 4281 Deus
1853 4225 2009 4282 ultro

305 4320 368 4358 se
422 4306 643 4360 mundo
695 4309 1060 4365 tradentibus
1104 4315 1160 4366 et
1195 4312 1523 4383 voluptates
1554 4315 1917 4371 sectantibus
1951 4316 2008 4372 id

302 4393 566 4448 faceret?

373 4481 461 4537 IV.
520 4483 846 4541 Prudentes
893 4486 999 4542 illis
1046 4488 1325 4559 virgines,
1372 4508 1499 4563 quas
1552 4493 1923 4565 peregrinum
1975 4513 2008 4552 a

2120 1889 2258 1964 πρὸς
2313 1892 2375 1947 τὸ
2435 1893 2682 1968 οὐράνιον
2740 1897 2905 1962 αὐτάς
2966 1901 3311 1975 μεθορίζουσι
3371 1889 3649 1981 φρόνημα.
3699 1914 3836 1986 Χρι-

2120 1986 2348 2036 στιανῶν
2395 1983 2500 2058 γάρ
2558 1985 2765 2057 κόσμος
2822 1985 3017 2055 ἄλλος,
3068 1991 3156 2045 καὶ
3213 1988 3362 2048 ἄλλα
3409 1993 3707 2070 ἐνδύματα,
3737 1983 3835 2056 καὶ

2115 2071 2354 2147 τράπεζα
2400 2068 2574 2143 ἄλλη,
2614 2075 2699 2128 καὶ
2761 2070 2906 2147 ἇίλλη
2965 2076 3293 2143 ἀπόλαυσις.
3324 2083 3474 2140 Ἐπεὶ
3541 2068 3630 2141 καὶ
3673 2088 3835 2158 ούρα-

2120 2159 2269 2215 νόθεν
2324 2158 2635 2217 ἐλεύσεσθαι
2694 2164 2785 2219 τὸν
2841 2167 3072 2240 Χριστὸν
3133 2167 3355 2243 οἴδαμεν
3405 2175 3701 2246 ἀναστῆσαί
3771 2200 3834 2235 τε

2123 2247 2250 2311 τοὺς
2294 2246 2354 2305 ἐκ
2398 2255 2495 2305 τοῦ
2534 2252 2729 2316 παντὸς
2780 2253 2980 2319 αἰῶνος
3030 2258 3491 2334 κεκοιμημένους,
3550 2268 3737 2329 καθὼς
3781 2271 3841 2324 αἱ

2124 2340 2262 2394 θεῖαί
2325 2345 2551 2419 Γραφαι,
2608 2338 2697 2397 καὶ
2757 2343 2833 2407 εἰς
2894 2342 2988 2401 δύο
3038 2349 3266 2413 τούτους
3328 2350 3580 2411 διελόντα
3659 2358 3827 2434 μέρη,

2124 2431 2214 2484 καὶ
2261 2430 2329 2485 τὰ
2359 2432 2504 2504 ἑξῆς.

2196 2524 2272 2577 Γ’.
2305 2523 2403 2583 Οἷς
2439 2522 2594 2596 μέλει
2622 2526 2715 2580 τὸν
2747 2530 2842 2580 τοῦ
2889 2533 3220 2603 Χρισνιανοῠ
3280 2534 3398 2609 βίον
3446 2537 3521 2600 ὡς
3561 2538 3847 2600 κάλλιστα

2124 2611 2448 2684 κατορθοῦν,
2502 2611 2718 2676 τούτοις
2774 2617 2864 2672 καὶ
2928 2622 3198 2693 προσήκει
3248 2625 3693 2703 προηγουμένως
3748 2638 3850 2689 τοῦ

2128 2695 2479 2770 διανοητικοῦ
2535 2723 2593 2757 τε
2648 2704 2740 2758 καὶ
2800 2706 3138 2782 διακριτικοῦ
3197 2714 3287 2767 καὶ
3339 2706 3682 2792 ἡγεμονικοῦ
3744 2720 3847 2795 μὲ-

2130 2808 2254 2864 ρους
2285 2796 2384 2861 τῆς
2425 2794 2614 2867 ψυχῆς
2652 2791 2743 2850 διά
2771 2796 2948 2868 πάσης
2988 2798 3365 2872 ἐπιμελεῖσθαι
3397 2791 3503 2876 τῆς
3544 2791 3793 2881 σπουδῆς
3828 2832 3844 2846 ο

2121 2879 2211 2935 ’ίνα
2264 2882 2363 2948 τήν
2410 2886 2508 2936 τοῦ
2563 2882 2741 2938 καλοῦ
2792 2907 2851 2941 τε
2904 2887 2995 2943 καὶ
3052 2896 3221 2947 κακοῦ
3279 2891 3548 2970 διάκρισιν
3595 2897 3847 2975 ἀκριϐώ-

2129 2990 2335 3041 σαντες,
2372 2971 2461 3026 καὶ
2520 2970 2554 3026 ἃ
2609 2974 2755 3048 παρὰ
2801 2975 2958 3052 φύσιν
3009 2976 3315 3057 ἰπιισήχθη
3373 2986 3521 3056 πάθη
3736 3011 3843 3047 κα.

2126 3060 2292 3154 θαρᾶς
2348 3058 2729 3154 άποκρίναντες
2776 3062 3005 3154 φύσεως,
3055 3069 3420 3144 ἆπροσκόπως
3478 3079 3576 3150 ζῇν
3627 3076 3841 3154 ἔχοιεν,

2125 3149 2207 3243 ὡς
2269 3148 2539 3243 όφθαλμῷ
2594 3156 2697 3243 τῷ-
2735 3154 2833 3225 τῆς
2893 3153 3210 3232 διακρίσεως
3282 3162 3438 3235 μέλει
3493 3148 3837 3243 χρωμένοις,

2121 3239 2212 3292 καὶ
2271 3236 2557 3294 ἆσύνθετοι
2605 3240 2742 3315 πρὸς
2791 3244 2888 3305 τὰς
2943 3248 3045 3311 τῆς
3111 3250 3303 3314 κακίας
3376 3255 3628 3329 ἄφορμὰς
3698 3261 3839 3332 εἶναι

2123 3324 2431 3399 δυνάμενοι.
2482 3334 2635 3385 ’Ἐστι
2692 3332 2794 3406 γὰρ
2854 3333 3071 3408 θέλημα
3096 3343 3165 3412 τῇ
3223 3343 3378 3417 ψυχῇ
3423 3324 3682 3419 *μέλη
3738 3324 3843 3406 τού

2121 3418 2374 3489 σώματος
2412 3424 2513 3485 τῆς
2555 3423 2662 3475 τῶν
2712 3421 3009 3495 αἰσθήσεων
3066 3424 3283 3502 βλάϐης
3341 3430 3586 3508 ἄχραντα
3643 3460 3844 3512 συντη-

2122 3512 2256 3581 ρεῖν,
2316 3503 2562 3580 ἁπεῖρξαί
2616 3531 2674 3566 τε
2723 3511 2919 3583 ἑαυτὴν
2980 3519 3088 3570 τῶν
3148 3523 3245 3574 τοῦ
3302 3523 3515 3595 κόσμου
3561 3547 3841 3602 περισπαο

2120 3601 2298 3671 σμῶν,
2330 3599 2417 3653 καὶ
2470 3598 2699 3694 φυλάξαι
2759 3605 2860 3673 τήν
2894 3604 3142 3681 καρδίαν,
3175 3615 3275 3666 τοῦ
3306 3614 3383 3686 μὴ
3424 3598 3697 3688 ἐξαπλοιῖν
3754 3625 3841 3694 τῷ

2119 3686 2313 3760 κόσμῳ
2331 3687 2408 3788 ,τόι
2443 3687 2583 3788 μέλ-η
2611 3694 2719 3788 τῶν
2766 3692 2936 3788 αὐτῇς
2984 3694 3295 3772 λογισμῶν,
3353 3686 3499 3759 ἄλλα
3553 3686 3843 3788 περισφίγ-

2117 3797 2230 3853 γειν
2285 3778 2421 3832 αὐτὰ
2481 3780 2740 3836 πάντοθεν
2793 3783 2884 3837 καὶ
2943 3792 3191 3863 συνέχειν
3244 3778 3635 3866 χαμαιζήλου*
3678 3778 3834 3874 μέρέ-

2123 3890 2263 3962 μνης
2476 3868 2704 3942 ἡδονῆς.
2762 3873 3011 3962 Ἐπειδὰν
3072 3876 3164 3934 οὗν
3221 3882 3248 3936 6
3302 3884 3499 3958 Κύριος
3557 3868 3838 3962 {antem-It

2116 3957 2285 4033 ταύτῃ
2334 3954 2616 4036 διάγοντα,
2673 3962 2763 4018 καὶ
2812 3960 2987 4028 οὕτως
3041 3964 3228 4023 δαυτὸν
3286 3954 3643 4046 ἀκριϐοῦντα,
3678 3973 3837 4053 φόϐῳ

2116 4066 2173 4101 τε
2230 4046 2318 4100 καὶ
2383 4045 2576 4123 τρόμῳ
2625 4046 2902 4107 δουλεύειν
2967 4054 3117 4127 αὐτῷ
3165 4045 3521 4133 προθέμενον,
3576 4045 3838 4141 ἐπορέγει

2117 4135 2205 4190 καὶ
2254 4136 2355 4204 τήν
2412 4136 2472 4192 ἐκ
2523 4144 2622 4207 τῆς
2682 4138 2847 4196 αὐτοῦ
2904 4143 3134 4217 χάριτος
3188 4146 3523 4225 ἐπικουρίαν.
3574 4153 3729 4210 Ἐπεὶ
3778 4158 3835 4211 τί

2116 4220 2391 4321 ποιήσειεν
2426 4227 2454 4280 ὁ
2503 4228 2636 4291 θεὸς
2680 4233 2762 4299 τῷ
2801 4230 2978 4287 ἑκοντὶ
3018 4238 3097 4306 τῷ
3142 4235 3336 4312 κόσμῳ
3384 4220 3571 4297 ἐαυτὸν
3634 4241 3841 4321 ἐκπορ-

2118 4312 2341 4387 ἐχοντα,
2398 4315 2488 4370 καὶ
2557 4315 2735 4373 ὀπίσω
2812 4325 2923 4377 τῶν
2988 4320 3202 4392 ἡδονῶν
3271 4328 3436 4384 αὐτοῦ
3519 4312 3839 4409 πορευόμε-

2115 4421 2203 4456 νον
2241 4422 2254 4472 ;

2188 4493 2261 4551 Δ’.
2320 4494 2388 4551 Αἱ
2432 4498 2669 4570 νήψασαι
2726 4500 2885 4555 πέντε
2940 4504 3196 4577 παρθένοι
3231 4502 3452 4577 ἐκεῖναι,
3485 4511 3575 4566 καὶ
3631 4515 3697 4569 τὸ
3746 4513 3842 4586 ξέ-

301 4587 408 4626 sua
443 4572 704 4644 ipsarum
738 4585 941 4632 natura
988 4576 1178 4634 oleum
1230 4580 1411 4651 (quod
1450 4586 1539 4637 est
1578 4583 1834 4653 Spiritus
1874 4602 2005 4658 gra-

2154 4603 2224 4680 ov.
2245 4589 2344 4653 τῆς
2405 4583 2608 4640 ἑαυτῶν
2656 4608 2868 4664 φυσεως
2915 4572 3099 4646 ἔλαιον
3134 4593 3188 4649 ἐν
3231 4602 3349 4660 τοῖς
3381 4598 3629 4678 ἀγγείοις
3659 4572 3837 4680 παρα-

300 4661 401 4733 tia)
450 4662 508 4716 in
571 4663 725 4720 vasis
780 4666 972 4723 cordis
1026 4676 1540 4742 praesumpserant,
1590 4678 1901 4744 potuerunt
1947 4675 2005 4730 in

298 4750 625 4809 thalamum
684 4755 861 4812 simul
893 4757 1111 4815 intrare
1155 4775 1284 4815 cum
1319 4777 1557 4833 sponso.
1590 4762 1723 4817 Alias
1760 4780 1887 4819 vero
1933 4765 2010 4820 fa-

296 4844 412 4896 tuae
444 4848 501 4897 et
542 4844 730 4915 malas,
763 4863 828 4902 ea
861 4846 967 4903 sivi
1001 4849 1270 4907 sufficere
1302 4853 1602 4921 ducentes,
1637 4870 1765 4924 quas
1799 4858 2009 4908 natura

298 4929 444 5002 ipsis
497 4933 901 5005 suppeditabat
960 4956 1085 5008 sua,
1135 4940 1318 5011 iisque
1368 4947 1672 5014 prOpterea
1703 4948 2007 5013 contentae,

297 5019 456 5076 omni
505 5023 897 5083 sollicitudine
945 5029 1163 5086 omissa
1203 5029 1429 5100 supina:
1476 5032 1774 5087 securitati
1818 5048 1881 5088 se
1913 5033 2011 5088 de-

301 5111 533 5180 derunt,
584 5130 777 5188 neque
824 5121 980 5190 quod
1034 5121 1377 5187 debuerant,
1422 5119 1775 5179 studuerunt
1814 5123 2006 5179 oleum

300 5201 456 5257 istud
491 5203 701 5261 letitiae
734 5208 792 5263 in
824 5210 976 5265 vasis
998 5212 1189 5266 cordis
1211 5212 1468 5281 ipsarum
1497 5228 1844 5284 praesumere
1869 5229 1882 5269 :
1907 5213 2007 5269 sed

295 5289 449 5345 velut
488 5295 928 5354 obdormieruut
1004 5316 1107 5371 per
1152 5301 1441 5355 incuriam
1486 5307 1904 5375 torporemque
1943 5320 2008 5360 ac

298 5378 712 5438 conﬁdentiam
742 5388 987 5455 justitie
1018 5393 1283 5461 propriae.
1335 5388 1417 5444 0b
1447 5388 1603 5460 quod
1635 5396 1800 5462 regni
1826 5391 2010 5448 thala-

297 5480 431 5522 mus
470 5467 617 5541 ipsis
668 5479 940 5533 occlusus
990 5484 1100 5535 est.
1154 5478 1530 5535 Manifestum
1575 5481 1731 5537 enim
1785 5488 1927 5555 erat,
1978 5500 2012 5540 α

364 5650 411 5689 ⁸⁸
442 5648 651 5709 Matth.
683 5668 811 5724 xxv,
841 5655 932 5713 32.

2117 4664 2513 4743 λαϐοῦσαιτῆς
2571 4673 2820 4748 καρδίας,
2869 4684 3030 4736 τοῦτο
3082 4680 3138 4738 δὲ
3195 4685 3229 4755 ἦ
3291 4664 3611 4763 χάρις’τοῦ
3671 4664 3846 4749 Πνεύ-

2120 4780 2311 4835 ματος,
2371 4760 2706 4834 ἐδυνήθησαν
2767 4767 2843 4830 εἷς
2898 4770 2989 4825 τὸν
3043 4760 3329 4852 νυμφῶναή
3359 4760 3720 4837 συνεισελθεῖν
3755 4791 3840 4859 τῷ

2113 4852 2349 4949 νυίμφίφί
2410 4853 2475 4909 Ai
2534 4851 2703 4949 ἄλλαι
2763 4853 2821 4912 δὲ
2874 4857 2929 4949 αἱ
2993 4865 3196 4949 μωραὶ,
3258 4865 3312 4920 αἱ
3366 4868 3549 4949 κακαὶ,
3583 4876 3655 4947 τῇ
3720 4851 3839 4949 ἴδίᾷ

2115 4939 2270 5017 φύσει
2331 4940 2776 5015 ἐναπομείνασαι,
2836 4942 2936 5002 οὐκ
2992 4943 3216 5025 ἕνηψαν,
3274 4951 3403 5010 οὐδὲ
3459 4942 3597 5013 κατὰ
3629 4939 3839 5018 vastae-'-

2117 5028 2218 5099 δῆς
2259 5028 2347 5107 ἔσ)
2367 5052 2424 5087 ον
2466 5031 2531 5089 τὸ
2578 5032 2797 5091 τοιόνδε
2840 5043 2939 5107 τῆς
2980 5038 3359 5116 ἀγαλλιάσεως
3397 5038 3582 5102 ἔλαιον
3627 5049 3706 5113 είς
3735 5054 3836 5119 τὰς

2116 5121 2319 5216 εαυτῶν
2353 5119 2575 5198 καρδίας
2624 5122 2963 5201 παραλαϐεῖν
2995 5147 3008 5163 ο
3068 5128 3199 5187 ἀλλ’
3256 5134 3417 5191 οἷονεῖ
3477 5136 3838 5216 άφύπνωσαν,

2118 5208 2190 5266 δι’
2246 5211 2504 5287 ἀμέλειάν
2546 5235 2605 5269 τε
2652 5216 2743 5271 καὶ
2792 5222 3129 5294 χαυνότητα,
3170 5223 3262 5277 καὶ
3313 5220 3659 5297 δικαιοσύνης
3706 5231 3842 5305 οῗή..

2119 5322 2199 5357 σιν
2241 5322 2264 5395 ,Α
2313 5305 2442 5395 παρ’
2489 5305 2517 5360 ὃ
2574 5303 2665 5395 ita!
2725 5304 2753 5361 ό
2805 5308 3033 5382 νυμφὼν
3092 5311 3285 5378 αὐταῖς
3341 5312 3680 5392 ἀπεκλείσθη
3741 5303 3847 5395 τῆς

2120 5391 2421 5489 βασιλείας.
2484 5392 2669 5463 Δῆλον
2727 5398 2829 5473 γὰρ
2886 5396 2969 5453 ὅτι
3031 5397 3215 5475 δεσμῷ
3270 5418 3374 5459 τινι
3447 5410 3545 5461 τοῦ
3628 5391 3848 5489 κόσμου

2116 5479 2206 5537 καὶ
2275 5483 2433 5562 φιλίᾳ
2491 5487 2748 5565 γεγόνασι
2822 5490 3096 5562 καθεκταὶ,
3170 5494 3364 5551 καθότι
3443 5497 3546 5568 τήν
3628 5479 3852 5580 ἇγάῇν
