4116 6210
264 311 384 372 893

264 442 444 498 αὐτῶν
508 443 720 515 ἕντελῆ,
793 443 883 500 καὶ
939 447 1031 501 τὸν
1104 441 1281 516 ἔρωτα
1363 444 1443 518 τῷ

265 537 549 609 παρέσχον
597 535 857 612 νυμφίῳσ
897 536 986 590 καὶ
1027 535 1128 611 γὰρ
1187 537 1243 590 αἱ
1292 536 1354 590 τὸ
1405 536 1546 605 ξένον
1603 543 1703 605 τῆς
1763 535 1974 614 φύσεως

262 623 359 677 τὸν
393 624 660 699 ἀγιασμὸν
712 629 905 680 τοῦτον
960 629 1220 693 ζητοῦσαι
1268 627 1443 700 ψυχαὶ
1494 629 1588 679 τοῦ
1638 626 1971 697 Πνεύματος,

265 709 407 782 ὅλην
475 713 576 780 τὴν
640 712 856 789 ἀγάπην
920 713 1095 768 αὐτῶν
1163 713 1482 787 ἐξάπτουσαι
1564 719 1642 786 τῷ
1731 716 1971 787 Χριστῷ,

267 800 380 856 ἐκεῖ
445 806 857 876 περιπατοῦσιν,
927 802 1037 857 ἐκεῖ
1101 800 1377 878 εὔχονται,
1445 800 1558 858 ἕκεῖ
1640 801 1971 878 λογίζονται,

269 889 381 945 ἰκεῖ
412 889 706 964 μελετῶσι,
737 891 954 946 πάντων
994 891 1294 947 ἀποστᾶσαι
1329 897 1436 947 τῶν
1484 891 1692 949 ἄλλων.
1744 893 1808 947 Al.
1871 893 1972 967 γάρ

267 979 425 1035 πέντε
462 987 564 1049 τῆς
613 983 800 1056 ψυχῆς
848 980 1145 1051 αἰσθήσεις,
1197 983 1429 1049 σύνεσις,
1481 987 1705 1056 γνῶσις,
1756 978 1973 1056 διάκρι-ο

268 1090 369 1138 σις,
417 1069 696 1143 ὑπομονὴ,
745 1068 923 1142 ἔλεος,
982 1069 1041 1125 ἂν
1097 1072 1196 1139 τήν
1257 1070 1456 1126 ἄνωθεν
1517 1073 1678 1146 χάριν
1737 1070 1825 1126 καὶ
1881 1071 1971 1126 τὸν

265 1160 532 1234 ἂγιασμὸν
587 1166 689 1215 τοῦ
743 1161 1054 1235 Πνεύματος
1123 1160 1402 1231 δέξωνται,
1450 1163 1537 1217 καὶ
1592 1163 1851 1241 φρόνιμοι
1900 1167 1967 1236 τῇ

264 1249 500 1322 ἀληθείᾳ
565 1251 821 1325 παρθένοι
888 1250 1146 1307 ἔσονται.
1193 1252 1238 1306 εἰ
1298 1249 1355 1307 δὲ
1418 1256 1487 1326 τῇ
1556 1253 1708 1330 φύσει
1767 1254 1969 1308 ἑαυτῶν

263 1339 762 1417 ἑγκαταλειφθιῖεν,
793 1341 1084 1416 μωραὶτῷ
1113 1339 1223 1397 ὄντι
1275 1341 1636 1417 εὑρίσκονται,
1685 1343 1774 1398 καὶ
1812 1343 1968 1398 τέκνα

265 1430 418 1485 οὖσαι
447 1434 546 1485 τοῦ
576 1431 789 1505 κόσμου
829 1429 1146 1490 δείκνυνται.

340 1705 411 1756 Ε’.
470 1701 672 1773 ’Ὠσπερ
738 1701 890 1771 ξὲνην
953 1708 1055 1770 τῆς
1120 1701 1328 1778 φύσεως
1393 1704 1553 1775 ἡμῶν
1615 1705 1716 1767 τήν
1781 1702 1968 1758 κακίαν

1376 311 1612 373 LIBER
1654 313 1755 372 DE
1798 313 2312 375 ELEVATIONE
2357 313 2680 376 MENTIS.

3671 323 3786 382 894

1527 445 1828 518 ἐπουρανίῳ
1888 445 1963 519 μή

2085 449 2346 519 partibus
2377 465 2476 504 eas
2509 449 2709 503 mundi
2753 454 2927 516 stare,
2963 449 3045 505 illi
3086 452 3302 508 deﬁxus
3347 455 3592 524 quodam
3625 460 3790 526 quasi

2084 539 2350 592 amicitiae
2412 538 2661 607 vinculo,
2694 556 2820 608 quas
2878 542 2985 595 fuit
3043 558 3218 598 causa
3263 560 3367 597 cur
3406 550 3588 598 totum
3620 553 3677 600 et
3712 548 3791 601 in-

2083 633 2307 696 tegrum
2369 644 2624 682 amorem
2677 645 2845 683 suum
2897 648 3126 686 sacrare
3184 650 3395 702 sponso
3450 636 3504 688 in
3537 635 3786 692 solidum
3833 663 3836 670 -

2086 716 2467 786 nequiverint.
2504 718 2614 772 Sed
2651 719 2761 771 illae
2824 725 3193 791 peregrinum
3229 741 3261 777 a
3291 735 3496 778 natura
3528 724 3787 796 ipsarum

2083 805 2324 874 bonum,
2381 807 2926 877 sanctiﬁcationem,
2996 812 3257 880 inquam,
3304 815 3554 884 Spiritus
3629 832 3784 886 qure-

2081 900 2295 962 rentes,
2331 901 2506 950 totam
2550 912 2716 950 suam
2774 897 2994 952 Christo
3055 901 3366 956 al'ﬁxeruut
3423 903 3783 987 charitalem,

2080 983 2160 1038 ibi
2210 997 2644 1052 conversantur,
2686 985 3010 1053 ambulant,
3059 998 3260 1056 orant;
3296 990 3375 1045 ibi
3427 983 3774 1050 ratiocinans

2079 1077 2212 1141 tur;
2247 1075 2325 1128 ibi
2377 1076 2746 1135 meditantur,
2779 1076 2850 1129 ab
2883 1076 3013 1130 aliis
3058 1078 3329 1133 omnibus
3370 1097 3601 1136 aversae.
3638 1083 3780 1139 Nam

2077 1180 2333 1234 quinque
2353 1165 2560 1218 animae
2593 1181 2823 1231 sensus,
2861 1164 2956 1232 qui
3005 1173 3144 1220 sunt
3186 1183 3199 1221 :
3249 1170 3577 1237 prudentia,
3609 1173 3782 1226 intel-

2078 1251 2337 1324 ligentia,
2384 1256 2675 1324 discretio,
2721 1256 2998 1324 patientia
3040 1265 3096 1311 et
3139 1258 3556 1330 misericordia,
3591 1262 3638 1316 si
3699 1281 3787 1321 su.

2078 1359 2274 1412 perme
2302 1343 2547 1413 gratiam
2578 1351 2633 1399 et
2682 1345 3200 1401 sanctiﬁcationem
3252 1349 3504 1419 Spiritus
3547 1369 3785 1422 accepe-

2073 1431 2209 1499 rint,
2237 1433 2378 1487 {ient
2441 1435 2694 1504 virgines
2745 1452 2873 1490 vere
2925 1438 3238 1507 prudentes
3283 1456 3296 1494 :
3357 1441 3406 1494 si
3480 1451 3674 1497 autem
3726 1444 3781 1497 in

2076 1526 2280 1576 natura
2311 1523 2574 1594 ipsarum
2609 1523 3037 1594 relinquantur,
3072 1526 3240 1581 fatua;
3289 1529 3583 1586 verissime
3615 1547 3785 1602 repe-

2074 1611 2424 1678 riuntur;et
2477 1614 3102 1684 meriloaccensentur
3156 1616 3291 1671 filiis
3326 1618 3499 1688 hujus
3559 1621 3780 1676 saeculi.

2147 1699 2213 1754 V.
2249 1699 2432 1754 Sicuti
2466 1701 2753 1771 hospitem
2807 1709 3030 1757 naturae
3067 1713 3277 1758 nostrae
3340 1707 3646 1774 malitiam,
3684 1726 3784 1779 per

264 1789 447 1856 οὖσαν,
483 1788 571 1844 διὰ
620 1789 676 1845 δὲ
717 1798 816 1860 τῆς
863 1788 1218 1864 παραϐάσεως
1256 1797 1354 1848 τοῦ
1402 1795 1622 1866 πρώτου
1671 1793 1957 1870 παρεισδῦ-

2076 1787 2250 1858 primi
2300 1792 2818 1860 transgressionem
2882 1793 3132 1846 hominis
3187 1793 3243 1848 in
3287 1811 3392 1849 nos
3443 1811 3671 1868 peregre
3704 1799 3784 1852 in-

263 1901 360 1935 σαν
416 1880 698 1954 ἀνθρώπου
759 1878 1175 1954 κατεδεξάμεθα,
1235 1881 1391 1959 φύσιν
1447 1886 1583 1956 ἡμῖν
1632 1889 1711 1955 τῷ
1776 1885 1964 1962 χρόνῳ

261 1971 555 2043 καθαπερει
603 1973 971 2044 γεννωμένην.
1034 1970 1188 2026 Οὕτω
1247 1969 1312 2041 δὴ
1375 1973 1465 2027 καὶ
1525 1972 1614 2028 διὰ
1667 1978 1762 2028 τοῦ
1819 1971 1967 2044 ξένου

263 2058 460 2114 τούτου
508 2067 608 2129 τῆς
660 2063 929 2135 ἡμετέρας
977 2063 1209 2141 φύσεως,
1251 2069 1352 2131 τῆς
1404 2062 1745 2138 ἐπουρανίου,
1797 2067 1964 2141 φημὶ,

258 2153 357 2204 τοῦ
434 2147 748 2221 Πνεύματος
837 2147 1046 2224 δωρεᾶς
1081 2192 1096 2218 ,
1192 2152 1724 2225 ἀποσκορακισθῆναι
1802 2152 1966 2209 πάλιν

261 2238 432 2305 αὐτὴν
490 2245 589 2307 τῆς
647 2238 916 2314 ἡμετέρας
975 2243 1242 2314 προσήκει
1283 2242 1513 2319 φύσεως,
1577 2243 1666 2297 καὶ
1731 2242 1806 2305 εἰς
1868 2245 1966 2313 τὴν

262 2327 494 2402 ἀρχαίαν
563 2330 709 2401 ἡμᾶς
777 2331 1145 2404 καθαριότητα
1209 2338 1562 2401 καταστῆναι.
1634 2336 1722 2395 Ὠς
1781 2334 1828 2388 εἰ
1888 2335 1964 2407 μὴ

259 2421 419 2471 τοῦτο
450 2422 519 2491 τῇ
550 2415 738 2490 πολλῇ
782 2415 960 2488 δεήσει
1001 2419 1092 2472 καὶ
1141 2418 1340 2486 πίστεί,
1389 2425 1669 2496 προσοχῇ,
1718 2421 1807 2475 καὶ
1856 2427 1964 2476 τῶν

257 2509 357 2562 τοῦ
422 2506 634 2578 κόσμου
709 2503 1026 2584 ἀποστροφῇ
1105 2509 1341 2583 γίνοιτο,
1430 2507 1519 2564 καί
1580 2513 1614 2579 ἡ
1685 2512 1965 2582 μιανθεῖσα

259 2597 396 2671 πρὸς
427 2603 527 2665 τῆς
575 2597 766 2659 κακίας
815 2597 973 2674 φύσις
1025 2600 1214 2672 ἡμῶν,
1265 2600 1368 2655 ὑπὸ
1417 2607 1517 2669 τῆς
1569 2601 1786 2678 ἀγάπης
1838 2599 1966 2656 ἐκεί-

253 2707 379 2755 νης,
439 2685 560 2755 ἥτις
619 2687 648 2741 ὁ
709 2685 902 2762 Κύριός
951 2685 1114 2759 ἐστιν,
1157 2689 1467 2763 ἁγιασθείη,
1516 2689 1606 2745 καὶ
1675 2691 1840 2766 μέχρι
1886 2691 1967 2746 τέ-

254 2775 394 2838 λους
452 2773 696 2832 ἄπτωτοι
763 2774 1130 2851 διαμείνωμεν
1186 2782 1294 2833 τῶν
1354 2776 1589 2835 ἐντολῶν
1636 2781 1806 2834 αὐτοῦ
1854 2784 1963 2834 τῶν

252 2866 414 2923 θείων
461 2867 950 2942 μεταποιούμενοι,
988 2873 1088 2935 τῆς
1129 2868 1454 2947 ἐπουρανίου
1517 2870 1795 2946 βασιλείας
1845 2869 1962 2926 ἑπι-

251 2962 444 3032 τυχεῖν
469 2958 532 3013 ού
566 2955 860 3031 δυνάμεθα.

328 3049 424 3122 ς’.
463 3049 672 3104 Λεπτόν
719 3069 839 3104 τινα
894 3051 982 3105 καὶ
1044 3050 1210 3125 βαθὺν
1270 3049 1440 3127 λόγον
1504 3051 1641 3106 κατὰ
1703 3051 1772 3106 τά
1837 3049 1960 3123 ἐμοὶ

2076 1885 2296 1934 trusam
2330 1879 2675 1936 admisimus
2710 1899 2723 1949 ;
2760 1899 2964 1936 novam
3016 1883 3186 1952 quasi
3220 1890 3489 1940 naturam
3523 1887 3582 1941 in
3614 1889 3781 1943 nobis

2071 1985 2236 2024 mora
2266 1975 2322 2024 et
2353 1987 2464 2024 usu
2509 1970 2666 2042 longi
2733 1973 3016 2042 temporis
3075 1979 3409 2042 operatam;
3441 1977 3517 2029 ita
3551 1994 3652 2047 per
3680 1980 3778 2033 Ιιο-

2070 2073 2201 2126 spes
2232 2073 2460 2129 quoque
2510 2058 2664 2113 istud
2725 2066 2934 2114 nostras
2987 2067 3210 2116 natura;
3270 2063 3486 2118 bonum
3539 2066 3776 2134 (donum

2068 2146 2195 2201 dico
2255 2146 2506 2218 Spiritus
2554 2150 2830 2217 cmlestis)
2853 2150 3055 2219 ejicere
3117 2151 3371 2207 vicissim
3431 2158 3701 2210 convenit
3749 2173 3780 2212 e

2069 2243 2268 2294 nostra
2325 2245 2534 2294 natura
2600 2249 2814 2310 pestem
2863 2241 3048 2310 illam,
3081 2245 3136 2296 et
3194 2245 3250 2297 in
3299 2244 3626 2313 primaevam
3675 2263 3777 2302 nos

2065 2331 2369 2385 restituere
2403 2332 2737 2400 puritatem.
2771 2331 2996 2386 Etenim
3056 2331 3172 2386 nisi
3207 2336 3386 2387 multa
3419 2335 3682 2391 oratione
3719 2343 3776 2392 et

2070 2419 2201 2486 fide,
2239 2419 2424 2473 multa
2458 2422 2790 2484 attentione,
2823 2426 2880 2474 et
2933 2439 2964 2475 a
3023 2423 3192 2475 rebus
3225 2425 3424 2477 mundi
3458 2425 3781 2494 aversione,

2068 2523 2519 2577 consequamur,
2572 2515 2635 2564 ut
2684 2511 2904 2580 polluta
2976 2511 3331 2568 immistione
3385 2513 3622 2570 malitiae
3681 2533 3782 2570 na.

2069 2603 2200 2653 tura
2233 2605 2452 2661 nostra,
2489 2601 2560 2653 ab
2611 2599 2710 2654 illa
2743 2599 3044 2664 charitate,
3078 2619 3206 2672 quae
3250 2602 3403 2658 Deus
3433 2609 3540 2667 est,
3569 2605 3785 2659 sancti-

2071 2689 2309 2755 ﬁcetur;
2345 2694 2401 2743 et
2422 2689 2494 2744 ad
2538 2688 2714 2744 ﬁnem
2767 2706 2950 2761 usque
3009 2691 3136 2746 sine
3192 2692 3404 2747 offensa
3452 2711 3788 2764 permanse-

2068 2779 2255 2834 rimus
2313 2780 2371 2834 in
2432 2779 2602 2850 plena
2655 2789 2707 2836 et
2765 2787 2959 2836 exacta
3010 2781 3335 2838 divinorum
3371 2785 3497 2854 ejus
3529 2788 3785 2843 observa.

2068 2870 2226 2925 tione
2286 2870 2717 2937 mandatorum,
2758 2872 3010 2926 caelestis
3077 2875 3240 2943 regni
3300 2882 3596 2945 compotes
3657 2893 3784 2934 esse

2068 2976 2182 3014 non
2220 2961 2564 3030 poterimus.

2147 3050 2294 3105 I9]
2352 3049 2444 3104 Vl.
2507 3050 2790 3106 Subtilem
2868 3053 3186 3122 quamdam
3239 3055 3782 3127 abstrusioremquc

251 3137 472 3207 δυνατὰ,
534 3135 764 3194 διελθεῖν
847 3138 1143 3215 βούλομαι.
1212 3147 1602 3213 Σωματοποιεῖ
1675 3141 1860 3196 ἑαυτὸν
1930 3140 1957 3194 ὁ

2073 3141 2423 3207 doctrinam,
2459 3151 2618 3209 prout
2657 3147 2874 3212 potero,
2909 3158 3194 3211 exponere
3245 3144 3337 3198 hic
3398 3145 3544 3200 volo.
3573 3145 3635 3199 ln
3668 3163 3783 3201 cor-

248 3223 476 3300 ἅπειρος
524 3226 614 3282 καὶ
664 3228 953 3300 ἀσώματος
1015 3229 1212 3304 Κύριος
1260 3227 1351 3284 διὰ
1398 3228 1755 3304 χρηστότητα
1811 3226 1960 3283 ἄπει-

250 3333 372 3389 ρον,
430 3316 523 3370 καὶ
581 3321 884 3391 σμικρύνει,
942 3317 1018 3380 ὡς
1073 3315 1134 3372 ἄν
1193 3339 1276 3380 τις
1329 3319 1484 3398 φαίη,
1544 3319 1572 3373 ὁ
1634 3320 1798 3392 μέγας
1864 3318 1954 3372 καὶ

253 3403 604 3478 ὑπερούσιος,
654 3409 751 3460 τοῦ
812 3403 1110 3476 δυνηθῆναι
1168 3412 1289 3468 τοῖς
1345 3414 1556 3483 νοεροῖς
1627 3409 1793 3463 αὐτοῦ
1845 3407 1958 3462 κτί-

252 3515 426 3568 σμασι
453 3497 819 3570 συγκραθῆναι
841 3499 1070 3572 ψυχαῖς,
1112 3496 1305 3573 ἁγίων,
1338 3500 1508 3576 φημὶ,
1548 3498 1637 3553 καὶ
1687 3496 1955 3573 ἀγγέλων,

249 3584 351 3641 ἵνα
401 3583 621 3642 δυναταὶ
677 3588 921 3662 γένοιντο
986 3589 1077 3642 καὶ
1121 3590 1277 3644 αὗται
1337 3595 1484 3659 ζωῆς
1540 3590 1806 3645 ἀθανάτου
1858 3593 1958 3655 τῆς

253 3674 422 3732 αὐτοῦ
479 3678 738 3747 θεότητος
798 3684 1104 3753 μετασχεῖν.
1166 3675 1283 3733 ἐπεὶ
1357 3681 1445 3734 καὶ
1522 3675 1748 3734 ἵκαστον
1821 3680 1958 3734 κατδ⁴

246 3768 350 3835 τὴν
414 3764 554 3821 ἰδίαν
614 3767 792 3843 φύσιν,
855 3770 1014 3840 σῶμά
1061 3768 1227 3839 ἐστιν,
1267 3769 1296 3822 ὁ
1343 3768 1600 3844 ἅγγελος,
1634 3771 1669 3837 ἡ
1703 3771 1882 3843 ψυχὴ,
1935 3769 1963 3822 ὁ

245 3854 490 3930 δαίμων.
535 3856 643 3914 Κᾶίν
693 3857 794 3932 γὰρ
845 3856 1016 3913 λεπτᾶ
1070 3859 1194 3927 εἶεν,
1242 3856 1372 3912 ἀλλ’
1423 3856 1575 3931 ὅμως
1626 3857 1678 3912 ἐν
1734 3857 1970 3913 ὑποστά-

245 3967 332 4002 σει
371 3945 681 4021 χαρακτῆρι
713 3961 794 4017 τι,
825 3949 912 4002 καὶ
962 3946 1127 4002 εἰκόνι
1179 3947 1314 4002 κατά
1359 3949 1460 4016 τὴν
1503 3947 1811 4017 λεπτότητα
1857 3950 1960 4010 τῆς

242 4037 454 4091 ἑαυτῶν
508 4037 740 4115 φύσεως,
800 4042 959 4110 σῶμα
1014 4037 1276 4113 τυγχάνει
1339 4035 1560 4094 λεπτόν.
1637 4039 1841 4106 ’Ὠσπερ
1902 4035 1954 4090 ἐν

240 4125 711 4182 ὑποστάσειτουτὶ
741 4128 804 4182 τὸ
836 4131 996 4201 σῶμα
1035 4127 1187 4203 παχὺ
1213 4125 1347 4194 ἔστι,
1403 4126 1548 4181 οὕτω
1597 4127 1686 4182 καὶ
1727 4129 1761 4196 ἡ
1795 4127 1948 4205 ψυχὴ

239 4221 406 4290 σῶμα
454 4217 586 4273 οὖσα
633 4217 830 4273 λεπτὸν
875 4214 1168 4294 περιέϐαλε
1215 4221 1305 4274 καὶ
1357 4217 1636 4274 ἐνεδύσατο
1682 4219 1749 4274 τὰ
1802 4217 1944 4292 μέλη

237 4304 406 4362 τοῦδε
469 4313 566 4361 τοῦ
623 4307 906 4379 σώματος.
974 4304 1312 4382 Περιέϐαλλε
1360 4309 1460 4384 γὰρ
1516 4310 1606 4364 τὸν
1663 4308 1946 4386 ὀφθαλμὸν

231 4392 311 4449 δι’
367 4394 536 4470 οὗπερ
593 4401 726 4471 γοῦν
782 4397 873 4451 καὶ
931 4398 1033 4472 6ρᾷ
1066 4416 1078 4430 °
1112 4393 1442 4474 περιέϐαλλε
1493 4402 1555 4454 τὸ
1641 4398 1732 4461 οὓς
1784 4405 1944 4456 τοῦτο

2074 3246 2184 3300 pus
2215 3229 2646 3300 quodammodo
2705 3245 2764 3285 se
2829 3231 3021 3300 ipsum
3057 3233 3430 3288 transformat
3459 3233 3783 3291 immensus

2068 3326 2126 3373 et
2172 3319 2544 3389 incorporeus
2595 3320 2894 3383 Dominus,
2958 3337 3057 3386 per
3112 3321 3530 3392 benignitatem
3589 3325 3786 3379 inlini-

2069 3413 2228 3476 tam;
2260 3417 2314 3463 et
2374 3409 2603 3476 minuit,
2639 3426 3021 3481 parvumque,
3059 3417 3122 3465 ut
3184 3413 3267 3466 sic
3308 3412 3520 3482 dicam,
3554 3424 3782 3469 contra-

2069 3499 2210 3554 hens
2269 3515 2330 3555 se
2388 3499 2768 3572 facit,ingena
2826 3500 2925 3556 ille
2969 3503 3571 3573 supersubstantialis,
3609 3509 3671 3559 ut
3699 3507 3783 3560 sic

2068 3589 2256 3660 possit
2313 3605 2440 3644 cum
2496 3589 2993 3645 intellectualibus
3063 3594 3184 3646 suis
3267 3596 3546 3649 creaturis
3611 3597 3782 3666 quasi

2065 3680 2407 3734 coalescere.
2444 3678 2675 3734 Animas
2729 3687 3059 3735 auctorum
3105 3682 3254 3750 dico,
3305 3689 3360 3737 et
3409 3684 3668 3753 angelos,
3719 3690 3780 3739 ut

2064 3770 2148 3824 sic
2199 3770 2285 3822 has
2325 3775 2605 3823 creaturae
2651 3768 2879 3836 possint
2926 3769 3054 3822 vita:
3106 3770 3472 3838 immortalis,
3502 3790 3613 3841 qua
3646 3772 3772 3839 ipsa

2061 3859 2190 3928 ejus
2220 3856 2495 3912 divinitas
2542 3858 2768 3922 fruitur,
2806 3857 3109 3924 parlicipes
3145 3859 3318 3911 effici.
3351 3862 3630 3924 Quoniam
3667 3860 3773 3914 ho-

2061 3963 2190 4000 rum
2218 3947 2485 4016 quodque
2529 3946 2855 4000 secundum
2918 3947 3209 4016 propriam
3257 3955 3523 4002 naturam
3557 3965 3769 4020 corpus

2059 4041 2188 4100 est;
2220 4051 2455 4106 corpus,
2490 4036 2750 4105 inquam,
2778 4041 2918 4090 sunt
2958 4041 3014 4090 et
3063 4035 3324 4103 angelus,
3357 4043 3414 4090 et
3450 4038 3667 4103 anima,
3713 4049 3770 4094 et

2059 4124 2309 4179 daemon.
2345 4123 2464 4178 Etsi
2500 4125 2648 4178 enim
2693 4140 2782 4179 res
2832 4129 3037 4178 tenues
3087 4126 3456 4196 subtilesque
3495 4133 3654 4191 sunt,
3689 4133 3770 4183 ta-

2061 4231 2193 4269 men
2226 4214 2284 4268 in
2318 4214 2635 4285 hypostasi,
2670 4213 3023 4281 charactere,
3056 4231 3121 4269 ac
3157 4217 3338 4269 forma
3373 4217 3640 4286 pr0priis,
3675 4234 3765 4272 se-

2055 4305 2315 4360 cundum
2365 4306 2712 4360 tenuitatem
2771 4310 2988 4359 naturas
3049 4306 3306 4375 ipsorum
3362 4323 3574 4377 corpus
3628 4319 3766 4363 sunt

2053 4399 2266 4462 tenue;
2300 4395 2451 4449 sicut
2506 4394 2566 4449 in
2617 4411 2726 4450 sua
2773 4396 3071 4468 hypostasi
3102 4412 3310 4468 corpus
3340 4397 3447 4452 ‘noc
3472 4404 3760 4467 nostrum,

237 4483 333 4554 δή,
363 4482 435 4540 δι’
466 4486 530 4540 οὗ
559 4487 650 4540 καὶ
694 4485 876 4540 ἀκούει
905 4507 918 4519 ·
950 4487 1048 4555 τήν
1091 4492 1274 4562 χεῖρα,
1317 4489 1417 4556 τήν
1451 4489 1592 4562 ῥῖνα,
1637 4489 1725 4544 καὶ
1771 4491 1944 4560 ἁπαξ-

2073 4501 2312 4540 :rassum
2372 4501 2581 4556 corpus
2638 4492 2753 4552 est;
2793 4487 2990 4557 itaque
3049 4488 3240 4542 anima
3289 4504 3500 4559 corpus
3530 4505 3659 4542 cum
3692 4490 3767 4545 sit

231 4572 429 4636 απλῶς
487 4574 592 4630 ὅλα
654 4575 721 4631 τὰ
784 4573 926 4646 μέλη
984 4580 1080 4631 τοῦ
1138 4578 1391 4650 σώματος
1446 4574 1776 4654 περιέϐαλλε
1849 4581 1939 4634 καὶ

232 4663 535 4737 συνεκράθη
569 4663 726 4726 ὅλοις
756 4665 942 4724 αὐτοῖς
973 4669 1008 4734 ἡ
1043 4667 1222 4739 ψυχή,
1253 4662 1324 4720 δι’
1375 4665 1438 4720 οὗ
1481 4667 1569 4720 καὶ
1617 4669 1789 4722 πάντα
1841 4669 1939 4723 ὅσα

229 4749 300 4820 δὴ
367 4756 450 4823 τῷ
511 4753 615 4827 βίῳ
668 4753 1009 4832 ἐνστρέφεται
1066 4751 1470 4826 ἐπιτηδεύματα
1545 4753 1763 4813 διανύει.
1838 4761 1937 4813 Τὸν

227 4839 324 4895 οὖν
386 4843 550 4897 αὐτὸν
591 4843 817 4915 τρόπον,
869 4843 960 4898 καὶ
992 4847 1026 4913 ἡ
1059 4843 1338 4914 ἀλαλητός
1381 4865 1438 4900 τε
1485 4846 1572 4900 καὶ
1622 4845 1938 4918 ἀνεννόητος

220 4934 323 4984 τοῦ
396 4931 632 5004 Χριστοῦ
697 4934 1018 5011 χρηστότης
1080 4934 1363 5009 σμικρύνει
1419 4935 1507 4988 καὶ
1567 4942 1941 5009 σωματοποιεῖ

223 5020 452 5088 ἑαυτὴν,
512 5021 604 5076 καὶ
664 5027 1021 5097 συγκιρνᾶται
1075 5021 1164 5078 καὶ
1223 5020 1622 5097 περιλαμϐάνει
1695 5027 1787 5088 τὰς
1860 5048 1942 5081 πι·

222 5108 351 5170 στάς
419 5109 511 5164 καὶ
585 5110 749 5188 φίλας
814 5113 986 5168 αὐτοῦ
1053 5113 1258 5188 ψυχὰς,
1326 5115 1416 5170 καὶ
1481 5116 1556 5180 εἰς
1623 5111 1677 5172 ἕν
1755 5119 1940 5182 αὐταῖς

219 5203 444 5269 πνεῦμα
494 5200 723 5276 γίνεται,
780 5203 918 5257 κατά
975 5203 1039 5257 τὸ
1092 5201 1277 5278 λύγιον
1344 5204 1588 5275 Παύλου,
1647 5210 1799 5283 ψυχὴ
1860 5209 1940 5270 εἷς

223 5289 444 5362 ψυχὴν,
475 5289 553 5350 ὡς
604 5290 788 5368 φάναι,
839 5291 931 5346 καὶ
985 5292 1279 5356 ὑπόστασις
1332 5299 1462 5368 γοῦν
1510 5296 1587 5358 εἷς
1631 5297 1940 5368 ὑπόστασιν,

221 5375 301 5438 ὡς
335 5375 398 5431 ἄν
429 5380 499 5451 τῇ
546 5377 731 5452 τοιᾷδε
773 5383 928 5456 ψυχῇ
975 5378 1028 5436 ἰν
1081 5384 1152 5455 τῇ
1198 5380 1365 5437 αὐτοῦ
1417 5383 1633 5454 θεότητι
1682 5387 1838 5455 ζῆσαί
1885 5408 1942 5443 τε

221 5464 480 5541 ὑπάρξῃ,
536 5467 626 5522 καὶ
686 5468 952 5524 ἀθανάτου
1011 5474 1158 5540 ζωῆς
1220 5469 1512 5549 ἐφικέσθαι,
1569 5474 1660 5528 καὶ
1737 5473 1943 5553 ἡδονῆς

229 5551 520 5631 ἀφθάρτου
547 5557 637 5612 καὶ
669 5556 909 5634 ὰῤῥητὸυ
936 5555 1099 5631 δόξης
1125 5566 1550 5638 κατατρυφῆσαι.

295 5643 340 5681 ¹⁷
372 5645 398 5702 ι
438 5648 566 5708 Cor.
608 5665 685 5719 ιν,
726 5648 818 5708 17.

2050 4577 2215 4632 exilis
2251 4577 2575 4642 tenuitatis,
2607 4578 2928 4631 circumdat
2981 4577 3091 4632 sibi
3151 4585 3325 4647 atque
3374 4578 3558 4632 induit
3589 4596 3764 4634 mem-

2049 4667 2156 4722 bra
2215 4665 2395 4734 hujus
2458 4665 2735 4736 corporis,
2789 4667 2978 4720 induit
3058 4683 3266 4736 nempe
3345 4666 3602 4734 oculum,
3663 4683 3763 4737 per

2049 4771 2221 4826 quem
2277 4756 2452 4822 videt,
2487 4771 2711 4818 aurem,
2746 4771 2847 4824 per
2903 4771 3079 4824 quam
3131 4755 3312 4819 audit,
3368 4771 3618 4822 manum,
3653 4773 3753 4810 na-

2050 4862 2177 4913 res;
2214 4861 2328 4899 uno
2384 4846 2578 4912 verbo,
2614 4854 2822 4899 cuncta
2868 4843 3124 4914 corporis
3187 4845 3450 4898 membra
3508 4847 3760 4900 circum-

2048 4935 2209 5007 ponit
2241 4934 2374 4998 sibi,
2403 4949 2656 5004 cumque
2703 4933 2818 4987 illis
2879 4934 3106 5002 penitus
3164 4933 3594 5000 commiscetur,
3630 4952 3757 5005 per-

2048 5041 2160 5095 que
2189 5025 2310 5078 haac
2338 5034 2578 5077 cunctas
2604 5024 2932 5077 functiones
2978 5022 3244 5076 humana:
3291 5025 3748 5078 conversationis

2049 5114 2401 5184 exsequitur.
2429 5117 2512 5166 Ad
2573 5113 2823 5168 similem
2884 5113 3060 5184 igitur
3091 5113 3330 5166 modum
3365 5113 3669 5167 inetfabilis
3700 5117 3756 5168 et

2047 5201 2656 5273 incomprehensibilis
2741 5202 2954 5258 Christi
3031 5203 3260 5256 bonitas
3337 5203 3630 5256 contrahit
3688 5219 3754 5257 ac

2049 5309 2283 5368 parvam
2346 5292 2483 5347 facit
2539 5309 2606 5348 ac
2657 5293 2824 5363 quasi
2873 5292 2932 5346 in
2965 5307 3175 5362 corpus
3231 5291 3392 5361 ﬁngit
3426 5308 3488 5346 se
3523 5291 3750 5362 ipsam;

2048 5391 2221 5456 atque
2273 5398 2336 5437 se
2392 5383 2730 5437 immiscens
2787 5381 3160 5452 amplectitur
3199 5381 3399 5437 ﬁdeles
3446 5387 3504 5436 et
3536 5383 3755 5440 amicas

2049 5475 2162 5532 sibi
2213 5474 2461 5539 animas,
2508 5477 2562 5528 et
2621 5489 2762 5528 unus
2791 5489 2915 5527 cum
2966 5473 3102 5542 ipsis
3139 5473 3200 5542 ﬁt
3254 5472 3500 5544 spiritus,
3551 5491 3756 5531 secun-

2050 5567 2193 5623 dum
2232 5563 2529 5624 oraculum
2571 5561 2735 5619 Pauli
2768 5561 2846 5630 ‘7;
2871 5562 3149 5619 animain
3165 5563 3532 5634 animam,ut
3560 5567 3646 5625 sic
3668 5567 3760 5624 di-
