4082 6196
365 378 482 437 895

1702 371 1767 429 S.
1814 366 2139 427 MACARII
2184 367 2530 429 JEGYPTII

3754 373 3875 431 896

365 514 557 573 catur,
598 510 654 561 et
693 504 989 577 bypostasi
1031 504 1086 559 in
1128 502 1488 573 hypostasim
1531 501 1697 572 quasi
1741 500 2126 555 coalescente.
2171 498 2243 554 Ut
2281 515 2381 569 per
2440 498 2549 553 hoc
2601 500 2700 553 tali
2780 498 2987 554 animm
3028 498 3087 555 in
3127 500 3315 570 ipsius
3353 501 3657 557 divinitate
3695 502 3877 558 vivere

364 598 687 667 contingat,
727 601 785 650 et
858 595 928 649 ad
1005 592 1389 648 immortalem
1426 591 1601 645 vitam
1678 589 1908 644 tandem
1984 588 2300 659 pervenire,
2376 590 2779 660 voluptateque
2855 590 3209 662 incorrupta,
3251 595 3308 646 et
3381 592 3655 647 ineffabili
3696 591 3877 663 gloria

366 689 637 757 gaudere.

438 776 699 832 VII.Tali
732 776 940 830 animm
995 773 1296 839 Dominus,
1356 772 1580 842 quoties
1629 771 1865 840 quidem
1922 768 2063 835 vult,
2096 771 2148 835 Α

370 866 431 919 ﬁt
461 865 635 935 ignis,
670 881 1018 919 consumens
1069 862 1349 934 quidquid
1414 860 1470 914 in
1519 876 1585 913 ea
1620 875 1857 930 pravum
1881 874 1945 911 ac
1978 858 2077 911 ali-

368 956 520 1009 unde
552 957 841 1009 invectum
903 959 1023 1018 est;
1053 953 1202 1005 sicut
1250 950 1331 1003 ait
1390 948 1702 1019 propheta:
1730 948 1864 1002 Deus
1895 954 2077 1001 noster

366 1044 511 1111 ignis
564 1059 884 1099 consumens
942 1046 1019 1095 est
1045 1041 1104 1091 ⁸⁸.
1133 1040 1285 1093 Alias
1337 1038 1522 1092 eidem
1585 1038 1793 1092 animae
1843 1036 2075 1090 {itinef-

366 1135 558 1188 i’abilis
617 1133 813 1202 quies:
850 1130 1165 1197 aliquando
1223 1126 1504 1198 gaudium
1565 1132 1621 1181 et
1656 1144 1785 1197 pax,
1819 1127 2074 1180 circum-

367 1224 589 1289 fovens,
619 1228 675 1276 et
723 1222 976 1288 undique
1032 1218 1387 1289 amplectens
1438 1216 1641 1287 ipsam.
1697 1221 1944 1272 Tantum
2005 1231 2076 1269 ne

364 1311 627 1364 desimus
681 1310 891 1363 nostris
934 1308 1218 1379 partibus,
1266 1311 1320 1360 ut
1389 1305 1555 1359 illum
1635 1321 1924 1369 amemus,
1990 1302 2073 1356 illi

364 1400 755 1466 gratiﬁcemur
815 1398 1077 1452 moribus
1128 1396 1344 1467 probis.
1401 1394 1530 1449 Haec
1588 1395 1688 1464 qui
1752 1392 2071 1463 prmstabit,

365 1490 486 1557 ipso
537 1505 711 1544 sensu
774 1487 1101 1557 perspiciet,
1156 1486 1302 1539 inire
1358 1500 1416 1537 se
1478 1486 1601 1553 jam
1650 1482 2072 1552 possessionem

365 1578 841 1634 inenarrabilium
898 1576 1207 1640 bonorum,
1259 1590 1383 1643 quae
1461 1574 1665 1627 oculus
1736 1588 1849 1625 non
1908 1572 2071 1639 vidit,

366 1670 520 1725 auris
565 1686 677 1723 non
721 1666 941 1721 audivit
985 1670 1039 1719 et
1084 1666 1139 1717 in
1198 1680 1295 1717 cor
1344 1662 1601 1716 hominis
1640 1678 1756 1715 non
1799 1661 2073 1715 ascende-

364 1763 541 1823 runt;
580 1774 677 1826 per
704 1772 831 1825 quae
863 1755 1113 1824 Spiritus
1148 1752 1371 1806 Domini
1410 1752 1474 1804 ﬁt
1510 1766 1663 1804 nunc
1690 1750 1747 1803 in
1794 1749 2071 1818 requiem,

365 1864 519 1902 nunc
574 1847 631 1899 in
665 1843 1134 1906 exsultationem,
1168 1846 1225 1895 et
1254 1840 1607 1911 voluptatem
1643 1849 1697 1892 et
1728 1840 1901 1892 vitam
1946 1839 2074 1907 ejus

366 1940 573 1992 animae
617 1954 743 2007 qua?
777 1952 838 1991 se
893 1936 993 1990 illo
1054 1934 1289 2005 dignam
1350 1932 1687 1987 ostenderit.
1743 1933 2075 1998 Incorporat

363 2028 517 2083 enim
548 2044 607 2081 se
639 2028 828 2096 ipsum
858 2026 1011 2080 sicut
1046 2025 1102 2078 in
1164 2041 1353 2079 escam
1389 2021 1773 2093 spiritualem,
1808 2021 1886 2073 ita
1927 2018 2069 2075 etin

364 2119 767 2172 indumentum
813 2120 868 2168 et
924 2120 1192 2168 ornatum
1256 2109 1667 2166 inenarrabilis
1719 2108 2066 2178 splendoris,

2250 2115 2451 2186 ,ηρτῦσςι
2509 2122 2878 2185 πιευματικῆς
2916 2132 2927 2144 ·

365 2214 430 2263 ut
486 2208 568 2263 sic
600 2224 725 2262 eam
758 2205 1039 2277 spirituali
1076 2205 1273 2259 laetitia
1304 2203 1559 2272 impleat.
1594 2203 1699 2269 Ego
1730 2201 1909 2263 enim,
1967 2199 2067 2263 ait,

358 2300 524 2370 panis
557 2297 687 2353 vitae
715 2313 838 2351 sum
873 2297 932 2349 ιθ.
969 2296 1036 2348 Et
1071 2295 1174 2362 Qui
1221 2294 1417 2348 biberit
1466 2310 1538 2347 ea:
1584 2309 1724 2363 aqua
1782 2308 1946 2359 quam
1976 2304 2071 2356 ego

361 2390 498 2443 dabo
527 2404 607 2456 eo,
637 2390 729 2457 [iet
786 2390 844 2441 in
903 2389 954 2441 ei
982 2389 1104 2457 fons
1152 2400 1313 2457 aqua?
1349 2384 1598 2439 salientis
1626 2385 1685 2437 in
1716 2383 1883 2437 vitam
1916 2388 2073 2435 aeter-

364 2497 503 2535 nam
538 2480 604 2533 ²⁰.

432 2570 578 2627 VIII.
613 2571 697 2625 Ita
741 2569 949 2639 cuique
1003 2567 1369 2622 sacerdotum
1410 2569 1465 2620 et
1518 2567 1850 2619 sanctorum
1921 2563 2071 2616 Deus

362 2659 648 2732 apparuit,
684 2664 750 2713 ut
809 2662 866 2713 et
922 2657 1031 2727 ipsi
1092 2656 1203 2711 fuit
1264 2657 1374 2710 Deo
1435 2653 1715 2725 placitum
1775 2656 1831 2706 et
1857 2650 2070 2706 videnti

360 2748 732 2806 utilezaliter
788 2747 1135 2812 Abrahamo,
1170 2745 1313 2800 alter
1371 2745 1583 2807 Isaaco,
1616 2742 1785 2798 aliter
1840 2755 2071 2812 quoque

358 2840 593 2905 Jacobo,
628 2842 765 2901 Noe,
827 2835 1075 2899 Danieli,
1135 2834 1302 2903 Mosi,
1359 2833 1585 2899 Davidi,
1644 2836 1700 2887 et
1757 2829 2073 2900 unicuique

362 2930 801 3000 prophetarum,
853 2926 1124 2981 minuens
1188 2929 1245 2979 et
1319 2924 1376 2979 in
1437 2938 1648 2993 corpus
1721 2921 1945 2991 fingens
2010 2934 2073 2972 se

358 3019 576 3089 ipsum,
630 3020 781 3073 sicut
838 3016 1060 3071 dictum
1118 3019 1226 3080 est,
1290 3013 1834 3082 transﬁguransque
1879 3026 1963 3075 se,
2006 3024 2071 3063 ac

358 3111 543 3164 forma
599 3106 811 3162 visibili
869 3108 1174 3175 assumpta
1220 3104 1565 3159 intuendum
1598 3119 1659 3157 se
1694 3102 1954 3170 praebens
1986 3098 2070 3152 di-

358 3197 677 3269 ligentibus
711 3196 941 3267 ipsum;
977 3212 1089 3249 non
1120 3198 1373 3263 quantus
1406 3198 1514 3257 est,
1548 3207 1676 3244 cum
1723 3192 1797 3245 sit
1843 3191 2070 3243 incom-

360 3284 807 3357 prehensibilis;
854 3286 953 3338 sed
1024 3290 1309 3353 quantum
1370 3280 1455 3334 illi
1514 3294 1717 3349 capere
1781 3282 2067 3348 possunt;

358 3379 595 3444 propter
626 3373 877 3427 muitum
910 3377 966 3425 et
995 3367 1804 3439 incomprehensibilem,quo
1836 3366 2071 3435 inipsos

358 3464 559 3530 fertur,
592 3477 869 3515 amorem.

431 3552 531 3603 IX.
560 3549 766 3603 Anima
824 3548 926 3603 Dei
984 3546 1318 3618 dignatione
1375 3548 1707 3614 consecuta,
1763 3552 1825 3600 ut
1879 3545 2063 3611 virtu—

358 3642 475 3693 tem
510 3637 670 3691 illam
719 3654 788 3693 ex
835 3636 974 3705 alto,
1032 3636 1418 3708 divinumque
1466 3636 1634 3691 illum
1667 3635 1859 3706 ignem
1912 3633 2065 3690 intra

356 3744 415 3784 se
446 3729 818 3784 domesticum
874 3728 1121 3795 habeat;
1149 3726 1248 3782 illa
1296 3725 1717 3797 supercmlestis
1769 3725 1903 3781 boni
1936 3723 2065 3793 Spi-

356 3819 506 3873 ritus
540 3818 708 3889 quasi
766 3823 1097 3873 concretam
1155 3816 1279 3872 suis
1326 3816 1509 3887 ipsius
1565 3815 1837 3872 membris
1884 3814 2067 3870 chari-

355 3914 533 3965 tatem
574 3907 728 3966 I92
760 3909 1053 3979 obtinens,
1093 3907 1253 3964 omni
1286 3908 1540 3978 profecto
1596 3906 1880 3961 mundani
1911 3921 2067 3960 amo-

356 4000 436 4056 ris
470 4000 771 4070 expeditur
802 4016 976 4065 nexu,
1008 4005 1062 4054 et
1110 3997 1343 4053 vinculo
1403 3996 1635 4052 malitias
1692 3995 1950 4052 solvitur.
1997 3994 2066 4050 Ut

352 4091 508 4147 enim
569 4092 809 4157 ferrum,
843 4091 1171 4161 plumbum,
1197 4105 1419 4156 aurum,
1455 4092 1761 4159 argentum
1804 4087 2066 4156 conjecta

358 4180 417 4233 in
444 4180 635 4249 ignem
690 4178 1034 4244 solvuntur;
1077 4177 1456 4248 ipsorumque
1506 4175 1840 4231 inﬂexibilis
1895 4181 2066 4230 antea

353 4273 410 4323 et
439 4269 509 4322 ad
541 4272 755 4321 tactum
787 4268 1061 4321 resistens
1091 4266 1354 4322 soliditas
1394 4267 1452 4321 in
1486 4266 1724 4321 ﬂuidam
1757 4264 2059 4320 mollitiem

360 4360 624 4411 mutatur
661 4372 674 4421 ;
709 4355 787 4409 ita
813 4363 873 4410 ut
905 4356 1165 4426 quandiu
1190 4355 1248 4410 in
1308 4356 1442 4428 igne
1482 4359 1763 4426 perstant,
1796 4354 1971 4424 ﬂuxa,
2003 4352 2066 4407 1i-

380 4443 849 4513 quida,resoluta
906 4452 1217 4499 cernantur
1272 4449 1328 4500 et
1385 4444 1521 4512 sint,
1563 4442 1854 4513 rigiditate
1910 4458 2066 4512 pror—

363 4549 466 4588 sus
497 4532 759 4604 deposita
812 4534 1085 4601 naturali,
1117 4534 1189 4588 ob
1238 4534 1485 4588 ﬂamma:
1541 4531 1655 4587 vim
1692 4547 1705 4586 :
1739 4532 1823 4587 sic
1859 4535 1916 4587 et
1944 4531 2068 4587 ani-

367 4640 461 4677 ma
496 4640 622 4695 quea
682 4622 1146 4693 supercmleslem
1195 4622 1357 4677 illum
1416 4621 1682 4692 concepit
1712 4622 1905 4692 ignem
1955 4621 2064 4693 spi-

361 4712 587 4770 ritualis
646 4716 968 4781 cbaritatis,
1003 4730 1233 4770 omnem
1286 4730 1319 4768 a
1360 4728 1421 4768 se
1461 4711 1727 4765 aﬂ‘ectum
1781 4711 2064 4767 mundani

352 4805 595 4874 Spiritus
646 4804 843 4875 procul
901 4805 1092 4871 habet,
1127 4802 1490 4873 vinculisque
1548 4802 1783 4856 malitiae
1836 4802 2062 4856 cunctis

2254 773 2321 823 Z'.
2377 772 2451 841 Τῇ
2520 770 2748 841 τοιαύτῃ
2799 772 2975 843 ψυχῇ,
3028 770 3214 847 φησὶν,
3274 771 3301 823 ὁ
3362 772 3582 844 Κύριος,
3640 774 3729 826 ὅτε
3786 773 3881 845 μὲν

2187 855 2447 929 βούλεται
2495 862 2602 930 πῦρ
2659 858 2883 933 γίνεται,
2940 862 3042 912 πᾶν
3091 858 3297 935 φαῦλον
3347 858 3514 928 αὺτῆς
3562 862 3653 915 καὶ
3705 861 3882 916 ἐπείσ-

2182 967 2342 1000 ακτον
2417 944 2655 1001 διακεῖον
2691 966 2705 977 ⁸
2748 946 2928 1021 ὥσπερ
2996 948 3085 1001 καὶ
3143 950 3171 1002 ὁ
3230 951 3521 1024 προφήτης
3576 950 3742 1025 ςρησίν
3775 970 3788 983 ⁸
3824 952 3882 1007 Ὀ

2183 1038 2311 1097 Θεὸς
2377 1039 2539 1110 ἡμῶν
2613 1041 2718 1110 πῦρ
2796 1036 3204 1093 καταναλίσκον.
3271 1042 3397 1093 "Ora
3463 1036 3519 1093 δὲ
3594 1040 3883 1101 ἀνάπαυσις

2182 1126 2438 1201 ἃρῥητος,
2490 1127 2581 1182 ὅτε
2639 1124 2695 1180 δὲ
2752 1128 2901 1201 χαρά
2954 1129 3038 1183 καὶ
3103 1128 3312 1202 εἰρήνη,
3376 1129 3731 1202 περιθάλπων
3794 1132 3884 1185 καὶ

2180 1213 2535 1289 περιϐάλλων
2596 1216 2787 1285 αὐτην.
2843 1218 3020 1271 Μόνον
3073 1215 3125 1272 ἐν
3185 1215 3396 1291 σπουδῇ
3464 1219 3642 1274 Θετέον
3703 1221 3880 1292 φιλεῖν

2183 1307 2345 1360 αὐτὸν
2415 1306 2503 1360 καὶ
2581 1306 2898 1383 χαρίζεσθαι
2964 1306 3190 1380 τρόποις
3274 1309 3520 1383 ἀγαθοῖς,
3595 1309 3683 1363 καὶ
3744 1310 3881 1384 αὖτῇ

2183 1395 2363 1467 πείρᾳ,
2432 1394 2567 1467 αὐτῇ
2656 1394 2903 1463 αἶ’σθήσει
2982 1394 3171 1469 ὄψεται
3247 1396 3518 1468 ἁψάμενος
3589 1397 3884 1468 ἀλαλητων

2181 1486 2420 1559 ἀγαθῶν,
2474 1484 2505 1537 ἃ
2549 1484 2834 1560 ὀφθαλμὸς
2889 1486 2991 1540 οὐκ
3046 1484 3177 1557 εἶδε,
3231 1487 3318 1540 xxi
3371 1488 3462 1544 οῦς
3514 1487 3614 1541 οὐκ
3659 1487 3885 1557 ἤκουσε,

2178 1575 2267 1628 καὶ
2301 1573 2388 1628 ἐπὶ
2420 1571 2642 1647 καρδίαν
2696 1575 2983 1649 ἀνθρώπου
3033 1575 3133 1630 οὐκ
3180 1572 3364 1650 ἀνέϐη,
3416 1577 3512 1631 ὅσα
3558 1578 3621 1631 τὸ
3667 1582 3884 1649 Πνεῦμα

2180 1664 2383 1729 Κυρίου
2438 1664 2667 1739 γίνεται,
2734 1668 2900 1719 τοῦτο
2961 1665 3055 1737 μὲν
3119 1664 3195 1727 εἷς
3256 1667 3573 1728 ἀνάπαυσιν,
3625 1671 3786 1721 τοῦτο
3840 1666 3885 1721 δ’

2180 1756 2255 1817 εἰς
2286 1755 2613 1829 ἀγαλλίασιν
2648 1757 2736 1810 καὶ
2779 1758 3011 1834 τρυφήν,
3060 1758 3150 1811 καὶ
3200 1759 3343 1826 ζωήν
3386 1766 3488 1826 τῆς
3537 1758 3688 1826 ἀξίας
3742 1756 3880 1812 ὲκεί-

2178 1867 2273 1900 νου
2340 1842 2655 1917 δεικνυμένη
2667 1868 2690 1907 ς
2774 1850 2979 1921 ψυχῆς.

2178 1935 2362 2009 ὥσπερ
2411 1934 2487 1997 εἷς
2542 1937 2742 2011 βρῶσιν
2793 1938 3188 2010 πνευματικὴν,
3223 1937 3366 1991 οὕτω
3412 1938 3501 1991 καὶ
3550 1938 3627 1998 εἷς
3674 1934 3882 2008 ἔνδυμά

3075 1854 3463 1921 Σωματοποιεῖ
3522 1849 3621 1922 γάρ
3690 1850 3877 1903 ἑαυτὸν

2176 2046 2233 2080 τε
2298 2026 2387 2080 καὶ
2452 2024 2635 2094 κάλλη
2704 2024 3092 2098 ἀνεκδιήγητα,
3166 2026 3236 2080 ’ἶν’
3321 2026 3652 2101 εὐφροσύνης
3737 2028 3881 2082 οὕτω

2975 2116 3114 2189 Ἐγὼ
3158 2116 3259 2189 γάρ
3311 2115 3446 2186 εἰμι,
3489 2117 3674 2187 φησὶν,
3709 2117 3735 2170 ὁ
3782 2116 3878 2189 ἀρ-

2181 2224 2273 2265 τος
2312 2208 2411 2268 τῆς
2466 2211 2633 2273 ζωῆς·
2679 2204 2793 2274 καὶ,
2840 2211 2893 2259 Ὁ
2943 2205 3113 2259 πίνων
3165 2206 3224 2259 ἐκ
3270 2209 3368 2261 τοῦ
3412 2203 3603 2267 ὕδατος
3655 2206 3722 2260 οὗ
3780 2206 3886 2279 ἐγὼ

2184 2290 2342 2347 δώσω
2374 2292 2545 2365 αὐτῷ,
2592 2296 2877 2368 γενήσεται
2925 2294 3072 2366 αὐτῷ
3118 2297 3274 2371 πηγὴ
3321 2292 3516 2358 ὕδατος
3566 2294 3883 2367 ἁλλομένου

2182 2383 2260 2446 εἷς
2299 2385 2446 2453 ζωὴν
2479 2383 2717 2440 αἰώνιον.

2250 2563 2333 2618 H'.
2376 2562 2556 2633 Οὕτω,
2608 2564 2763 2637 φησὶ,
2822 2563 2911 2619 καὶ
2962 2565 3170 2637 ἑκάστῳ
3220 2569 3298 2636 τῷ
3341 2564 3531 2641 ἱερέων
3579 2564 3672 2621 καὶ
3717 2567 3885 2640 ἁγίων

2181 2651 2209 2705 ὁ
2250 2651 2379 2714 Θεὸς
2430 2651 2613 2731 ὢςιθη,
2672 2654 2747 2715 ὡς
2794 2655 2943 2726 αὐτῷ
3005 2653 3222 2728 θέλημα
3267 2655 3355 2709 καὶ
3402 2659 3482 2726 τῷ
3535 2655 3739 2729 ὁρῶντι
3784 2654 3887 2710 λυ-

2185 2740 2411 2812 σιτελὲς,
2472 2744 2614 2811 οἷον,
2672 2740 2861 2806 ἄλλως
2915 2748 2996 2815 τῷ
3053 2739 3323 2816 Ἀϐραὰμ,
3390 2744 3479 2798 καὶ
3555 2742 3747 2807 ἄλλως
3805 2748 3885 2814 τῷ

2182 2831 2383 2899 Ἰσαάκ,
2436 2835 2516 2901 τῷ
2566 2825 2763 2885 Ἰακὼϐ
2812 2827 3022 2899 ἄλλῶς,
3069 2835 3150 2902 τῷ
3195 2836 3342 2900 Νῶε,
3391 2835 3472 2902 τῷ
3529 2832 3759 2901 Δανιὴλ,
3810 2836 3891 2903 τῷ

2180 2925 2387 2988 Μωσεῑ,
2437 2924 2517 2987 τῷ
2566 2914 2757 2988 Δαϐἱδ,
2816 2919 2903 2974 καὶ
2964 2919 3173 2991 ἑκάστῳ
3218 2926 3329 2975 τῶν
3378 2926 3703 2997 προφητῶν,
3753 2943 3885 2994 σμιο

2178 3011 2388 3081 κρόνων
2454 3010 2641 3064 ἑαυτὸν
2706 3010 2796 3065 καὶ
2874 3015 3295 3082 σωματοποιῶν,
3379 3009 3562 3085 ὥσπερ
3641 3012 3884 3087 εἴρηται,

2184 3100 2706 3177 μεταμορφούμενός
2754 3121 2812 3155 τε
2878 3100 2968 3155 καὶ
3026 3102 3412 3174 ὀπτανόμενος,
3473 3102 3691 3163 τούτοις
3750 3105 3883 3179 ἀγα-

2180 3194 2354 3245 πῶσιν
2388 3190 2572 3261 αὐτὸν,
2606 3193 2669 3244 οὐ
2701 3191 2933 3244 καθόσον
2985 3190 3145 3253 αὐτός
3195 3188 3337 3246 ἐστιν
3385 3190 3705 3265 (ἀχώρητος
3736 3194 3885 3267 γὰρ),

2180 3277 2325 3334 ἀλλά
2354 3280 2493 3333 κατά
2540 3281 2641 3349 τὴν
2694 3277 2910 3333 ἐκείνων
2966 3277 3217 3353 χώρησίν
3264 3300 3324 3334 τε
3361 3279 3451 3334 καὶ
3500 3276 3757 3353 δύναμιν,
3799 3279 3891 3336 δια

2179 3369 2279 3437 τήν
2336 3368 2556 3438 πολλὴν
2606 3369 2696 3423 καὶ
2764 3369 3118 3442 ἀπερινόητον
3186 3370 3254 3438 ἣν
3318 3365 3476 3448 ἔσχεν
3539 3370 3616 3434 εἷς
3688 3371 3889 3435 αὐτοὺς

2177 3456 2412 3532 ἀγάπην.

2246 3551 2325 3605 Θ’.
2370 3550 2538 3622 Ψυχὴ
2589 3549 2975 3618 καταξιωθεῖσα
3012 3550 3109 3619 τὴν
3160 3549 3208 3619 ἐξ
3267 3548 3436 3625 ὕψους
3487 3548 3880 3608 εἷσοικέσασθαι

2176 3635 2427 3711 δύναμιν,
2457 3638 2547 3692 καὶ
2593 3640 2656 3693 τὸ
2705 3643 2812 3712 πῦρ
2859 3638 3031 3693 ἐκεῖνο
3091 3640 3153 3694 τὸ
3202 3642 3369 3711 θεῖον,
3418 3641 3505 3695 καὶ
3552 3642 3655 3711 τήν
3707 3641 3882 3698 ἐπου-

2178 3729 2358 3802 ράνιον
2417 3732 2514 3783 τοῦ
2571 3728 2773 3803 ἀγαθοῦ
2843 3728 3158 3801 Πνεῦματος
3215 3728 3431 3805 ἀγάπην
3510 3732 3885 3807 συγκεκραμὲο

2174 3838 2271 3887 νην
2336 3815 2542 3892 ἔχουσα
2604 3822 2721 3879 τοῖς
2784 3817 2975 3873 ἑαυτοῦ
3046 3816 3255 3891 μέλεσι,
3339 3821 3516 3889 πάσης
3601 3829 3885 3893 κοσμιγῆς

2173 3907 2389 3984 ἀγάπης
2440 3908 2678 3983 ἀτεχνῶς
2738 3906 2946 3979 λύεται,
3003 3912 3093 3963 καί
3147 3906 3352 3981 δεσμοῦ
3400 3908 3591 3972 κακίας
3651 3910 3880 3966 ἀνίεται.

2174 4000 2378 4069 Ὥσπερ
2427 3998 2531 4071 γὰρ
2580 3995 2804 4071 σίδηρος
2851 3999 2886 4065 ἢ
2938 3992 3240 4069 μόλυϐδος,
3292 3998 3495 4073 χρυσός
3532 4020 3591 4054 τε
3636 4002 3730 4053 καὶ
3778 4002 3883 4071 ἆρ-

2174 4108 2341 4162 γυρος
2392 4088 2522 4161 πυρὶ
2565 4082 2942 4161 παραϐληθεὶς
2993 4086 3201 4159 λύεται,
3250 4088 3340 4143 καὶ
3377 4091 3478 4156 τῆς
3520 4091 3734 4168 φύσεως
3780 4091 3884 4145 αὖ·

2171 4180 2271 4231 τοῦ
2310 4176 2374 4231 τὸ
2424 4174 2713 4231 ἀντίτυπον
2767 4175 2842 4235 εἷς
2896 4174 3218 4247 ἁπαλότητα
3261 4171 3615 4249 μεταϐάλλει,
3668 4177 3721 4233 ἐν
3767 4178 3888 4251 ὅσῳ

2178 4286 2236 4319 τε
2267 4269 2347 4336 τῷ
2379 4264 2510 4337 πυρὶ
2555 4263 2763 4336 ὁμιλεῖ,
2816 4264 3017 4339 χαῦνός
3060 4264 3171 4319 ἐστι
3208 4264 3299 4319 καὶ
3348 4260 3597 4333 ἔκλυτος,
3644 4268 3738 4322 καὶ
3785 4270 3890 4335 τήν

2174 4354 2409 4423 φυσικὴν
2460 4347 2863 4423 ἀποϐεϐληκὼς
2908 4352 3221 4408 ἀντιτυπίαν
3273 4350 3363 4409 διὰ
3418 4356 3517 4422 τήν
3564 4353 3665 4409 τοῦ

2174 4438 2401 4515 δύναμιν
2437 4462 2451 4475 ·
2485 4442 2629 4497 οὕτω
2677 4443 2768 4497 καὶ
2833 4443 2984 4518 ψυχὴ
3034 4442 3097 4496 τὸ
3146 4440 3457 4518 ἔπουράνων
3506 4442 3685 4498 ἐκεῖνο
3734 4443 3891 4517 δεξα-

2174 4530 2308 4603 μένη
2361 4536 2468 4607 πῦρ
2516 4537 2618 4601 τῆς
2668 4531 2883 4607 ἀγάπης
2938 4531 3035 4587 τοῦ
3083 4531 3418 4604 Πνεύματος,
3467 4534 3646 4601 πάσης
3705 4554 3894 4609 προσ-

2168 4620 2400 4683 παθείας
2455 4625 2552 4675 τοῦ
2610 4625 2880 4693 κοσμικοῦ
2936 4620 3249 4693 ΙΙνεόματος
3304 4620 3565 4700 ἐκχωρεῖ,
3622 4624 3716 4677 καὶ
3774 4630 3891 4679 τῶν

2173 4707 2387 4783 δεσμῶν
2419 4708 2631 4787 ἀφίεται
2674 4716 2774 4777 τῆς
2821 4709 3035 4777 κακίας,
3084 4708 3135 4779 ἐξ
3185 4711 3353 4779 αὐτῆς
3396 4731 3455 4765 τε
3499 4718 3603 4779 τῆς
3650 4722 3891 4788 φυσικῆς

2171 4801 2560 4872 σκληρότητος
2621 4794 2960 4873 μεταϐάλλει
3019 4806 3120 4869 τῆς
3161 4799 3449 4875 ἁμαρτίας,
3516 4804 3690 4875 μικρά
3743 4806 3889 4858 πάν-

356 4894 709 4963 exsolvitur;
749 4900 806 4949 et
835 4912 901 4950 ex
932 4895 1059 4965 ipsa
1082 4910 1144 4949 se
1176 4892 1392 4947 relaxat
1443 4891 1820 4946 emollescens
1852 4890 2065 4945 duritie

2284 4889 2617 4963 λογιζομὲνη
2676 4891 2763 4943 καὶ
2819 4891 3174 4962 ἂτιμάζουσα.
3236 4892 3392 4964 Φημί
3437 4889 3482 4945 δ’
3531 4893 3613 4945 ὅτι
3665 4893 3759 4946 κάν
3812 4915 3889 4948 τι·

365 4984 585 5053 peccati
614 5000 627 5049 ;
665 5001 838 5053 parva
868 4985 1065 5039 omnia
1090 4984 1388 5038 mundana
1420 4987 1717 5054 reputans,
1749 4985 1805 5036 et
1836 4989 1896 5035 ut
1926 4980 2066 5036 vilia

360 5078 759 5129 contemnens.
796 5072 953 5128 Hanc
998 5074 1086 5129 aio
1144 5073 1409 5144 equidem
1440 5072 1527 5127 vel
1560 5073 1611 5127 si
1641 5070 1925 5143 quosdam
1961 5070 2063 5124 fra-

350 5166 466 5216 tres
526 5162 751 5227 habeat,
787 5162 896 5231 ipsi
954 5160 1363 5228 cbarissimos;
1423 5162 1784 5229 senseritque
1844 5157 2060 5226 aliquid

364 5250 764 5319 impedimenti
806 5249 966 5320 ipsos
1022 5250 1272 5317 obiicere
1304 5250 1573 5305 exercitio
1615 5267 1732 5303 suae
1765 5250 1823 5303 in
1888 5250 2062 5302 Deum

354 5337 679 5407 cbaritatis,
717 5339 901 5394 amori
940 5339 1226 5407 ipsorum,
1281 5340 1550 5393 nuntium
1603 5338 1885 5407 extemplo
1943 5353 2068 5393 esse

361 5428 757 5483 remissuram.
808 5427 863 5481 Si
915 5426 1068 5482 enim
1111 5442 1275 5482 amor
1322 5442 1457 5498 erga
1496 5425 1731 5496 nuptias
1761 5426 1833 5481 ob
1864 5441 2063 5480 carna-

434 5697 480 5737 ³⁸
521 5697 689 5754 Deut.
729 5710 807 5765 ix,
846 5696 952 5764 24;
992 5712 1094 5764 xu,
1136 5695 1309 5754 Hebr.
1348 5711 1451 5767 xu,
1490 5695 1579 5749 29.

328 5812 341 5815 _
350 5818 393 5863 Ἃ.

1665 5693 1707 5729 ¹⁹
1740 5696 1907 5749 Joan.
1949 5710 2022 5763 vr,
2061 5693 2152 5751 51.

2173 4998 2256 5038 νες
2320 4974 2456 5049 αὒτῇ
2514 4975 2615 5031 εἶεν
2666 4974 2895 5049 ἀδελφοὶ
2943 4978 3060 5032 κατ’
3117 4977 3281 5051 ἄκραν
3334 4977 3685 5053 φιλυόμενοι,
3743 4982 3893 5053 πρὸς

2174 5063 2231 5120 δὲ
2291 5063 2500 5135 ἐκείνην
2552 5063 2688 5138 αὐτῇ
2743 5063 3166 5139 παραποδίζοιεν
3215 5068 3316 5135 τήν
3364 5066 3597 5141 ἀγάπην,
3647 5070 3736 5122 καὶ
3792 5070 3890 5123 αῦ-

2170 5154 2299 5217 τοὺς
2354 5154 2415 5209 ἂν
2472 5154 2870 5229 ἀποστέρξοιεν,
2929 5157 2965 5224 ἠ
3021 5160 3102 5227 τῷ
3154 5154 3391 5227 τοιούτῳ
3448 5154 3606 5229 ἔρωτι
3671 5158 3892 5213 ἁλοῦσα

2172 5246 2353 5317 ψυχή.
2428 5244 2489 5299 Εἰ
2555 5245 2657 5319 γὰρ
2718 5250 2979 5317 σαρκικῆς
3036 5244 3320 5306 κοινωνίας
3396 5246 3578 5319 ἀγάπη
3668 5249 3886 5321 γάμου,

2173 5334 2383 5406 πατρός
2446 5354 2504 5387 τε
2541 5332 2629 5386 καί
2688 5332 2924 5407 μητέρος
2981 5334 3068 5387 καὶ
3134 5331 3386 5411 ἀδελφῶν
3442 5332 3681 5403 διίστησι
3726 5360 3738 5371 ·
3774 5338 3881 5392 κᾶν

2172 5443 2255 5484 τις
2290 5419 2427 5498 φιλῇ
2457 5443 2578 5477 τινα
2605 5423 2836 5493 τούτων,
2870 5422 2921 5493 ἐξ
2962 5420 3233 5493 ἐπιπολῆς
3281 5422 3453 5501 φιλεῖ,
3497 5426 3598 5495 την
3648 5424 3710 5481 δί
3756 5424 3885 5481 διά-

2226 5695 2273 5731 ²⁰
2310 5695 2455 5755 ibid.
2497 5698 2585 5753 44.
