4116 6210
353 307 472 368 897
1426 305 1660 367 LIBER
1703 305 1805 367 DE
1848 298 2343 367 ELEVATIONE
2387 294 2707 357 MENTIS.
3698 312 3818 373 393

354 443 499 496 θεσιν
556 436 693 510 ὅλην
750 438 840 493 καὶ
891 437 982 491 τὸν
1040 434 1396 510 πόθον’πρὸς
1448 438 1548 508 τήν
1597 436 1998 510 συνῳκισμένην

2118 432 2233 489 lem
2266 428 2738 499 coniunctionem
2768 426 2966 497 initas,
3000 446 3034 486 a
3081 434 3263 502 patre,
3315 438 3501 492 matre
3531 441 3589 494 et
3621 440 3820 497 fratri—

357 527 509 601 αὐτῷ
538 531 753 584 τέτακεν
788 525 873 580 ἐἰ
929 531 1030 595 τῆς
1090 525 1289 600 σαρκὸς
1338 523 1495 603 φιλία
1543 525 1684 581 οὕτω
1725 525 1844 580 λόει
1889 524 2002 580 πά-

360 640 460 689 σης
486 616 669 689 ἄλλης
697 621 793 673 τοῦ
822 616 1031 690 κόσμον
1067 613 1274 696 φιλίας,
1325 615 1509 695 σχολῇ
1541 618 1593 692 γ’
1624 616 1684 670 ἂν
1736 617 1787 670 οἱ
1818 615 2005 686 ἐκείνῳ

355 713 437 781 τῷ
494 708 690 762 ἀπαθεῖ
744 704 1040 782 βληθέντες
1093 703 1256 778 ἔρωτι
1310 706 1417 760 τινὶ
1476 710 1583 760 τῶν
1641 709 1739 759 τοῦ
1794 703 2003 777 κόσμου

353 798 607 854 καθεκτοὶ
636 796 908 874 γένοιντο.

2115 527 2226 580 bus
2256 520 2560 590 disjungit.
2595 525 2662 573 ut
2690 520 2735 574 si
2770 520 2902 592 quis
2933 520 3142 577 horum
3176 523 3430 596 aliquem
3463 534 3642 596 amet,
3674 530 3819 588 levi-

2112 619 2199 669 ter
2259 617 2315 665 et
2374 608 2768 680 superﬁciarie
2828 618 3031 678 amet;
3092 630 3322 670 omnem
3355 633 3487 673 vero
3545 620 3820 679 allectum

2113 699 2320 764 animi,
2354 714 2527 753 omne
2558 699 2908 755 desiderium
2959 704 3029 756 ad
3072 703 3499 761 cohabitantem
3534 708 3644 779 ipsi
3676 728 3817 768 con~

2112 792 2303 860 iugem
2337 788 2577 841 affixam
2614 788 2865 856 habeat;
2897 795 3069 859 atque
3114 793 3162 847 si
3196 796 3448 851 carnalis
3480 795 3818 868 hujusmodi

357 889 615 948 amicitia
643 905 879 945 omnem
937 887 1116 944 aliam
1165 888 1355 944 carnis
1399 886 1718 943 amicitiam
1769 884 2113 953 disrumpat,
2162 897 2233 934 an
2285 894 2461 949 segne
2492 876 2676 932 otium
2714 880 2821 933 erit
2847 880 3133 937 desiderio
3184 886 3638 955 perturbationis
3689 906 3820 947 om-

351 980 445 1037 nis
474 979 729 1035 immuni
763 977 1068 1050 permissis
1099 993 1351 1034 amorem
1388 976 1639 1048 aliquem
1676 974 1881 1032 mundi
1916 988 2029 1029 non
2061 967 2420 1026 cohibendi?

429 1069 489 1126 1'.
540 1067 791 1144 Χρηστὸς
820 1063 892 1121 ὢν
925 1064 1311 1146 φιλάνθρωπος
1361 1066 1389 1121 ὁ
1436 1066 1589 1135 Θεὸς,
1636 1061 2002 1138 μακροθύμως

357 1156 495 1235 ἔχει,
555 1158 647 1213 καὶ
709 1155 882 1219 πολύς
938 1156 1101 1212 ἐστιν’
1136 1154 1412 1230 ἀναμένων
1462 1158 1560 1226 τήν
1621 1155 1846 1210 ἑκάστου
1893 1157 2001 1206 τῶν

358 1245 777 1323 ἁμαρτανόντων
850 1247 1178 1319 μετάνοιαν*
1213 1245 1405 1319 ἑορτὴν
1466 1244 1719 1317 οὐρανίαν
1787 1242 2001 1315 τιθέμε-

354 1358 445 1400 νος
493 1337 592 1407 τὴν
637 1339 736 1392 τοῦ
788 1334 1232 1410 μεταμελομένου
1283 1332 1614 1411 ἐπιστροφήν
1642 1333 1841 1408 ,Χαρὰ
1876 1331 2001 1406 γάρ,

356 1425 520 1503 φησὶν
575 1424 758 1492 αὐτὸς,
810 1423 862 1480 έν
904 1428 984 1496 τῷ
1042 1422 1255 1500 οὐρανῷ
1312 1422 1511 1501 γίνεται
1570 1421 1656 1477 ἐπὶ
1697 1421 1770 1477 ἐνὶ
1824 1422 2003 1495 ἆμαρ-

351 1514 520 1589 τωλῷ
580 1519 946 1590 μετανοοῦντι.
1006 1515 1071 1573 Et
1130 1512 1186 1571 δέ
1221 1536 1303 1577 τις
1353 1515 1454 1583 τὴν
1504 1514 1857 1589 χρηστότητα
1904 1513 2002 1568 λῦ-

352 1608 453 1677 τήν
511 1605 600 1662 καὶ
651 1603 1023 1680 μακροθυμίαν
1076 1607 1238 1678 ὁρῶν,
1292 1605 1383 1658 καὶ
1440 1605 1525 1659 ὅτι
1576 1604 1651 1677 μὴ
1700 1607 1816 1664 τοῖς
1865 1603 2003 1659 κατὰ

361 1698 524 1774 μέρος
590 1698 973 1772 ἁμαρτήμασιν
1048 1696 1435 1775 ἐπεξέρχεται,
1500 1696 1600 1765 τήν
1673 1694 1997 1768 μετάνοιαν,

2186 1059 2252 1115 Χ.
2286 1057 2582 1128 Benignus
2618 1060 2677 1112 et
2705 1056 3011 1113 hominum
3064 1075 3272 1116 amans
3303 1063 3474 1131 Deus,
3510 1067 3692 1125 multa
3722 1085 3823 1141 pa-

2115 1149 2319 1206 tientia
2348 1151 2644 1219 exspectat
2679 1147 2974 1218 cujusque
3006 1151 3371 1220 peccantium
3408 1147 3822 1229 pmnitentiam,

2112 1239 2173 1293 in
2233 1238 2444 1294 festum
2494 1235 2723 1292 ccelesle
2781 1236 3097 1293 instituens
3144 1240 3543 1312 resipiscentis
3590 1262 3825 1303 conver-

2113 1328 2376 1384 sionem:
2433 1326 2708 1383 Gaudium
2755 1326 2934 1393 enim,
2967 1328 3046 1382 ait
3093 1328 3242 1399 ipse,
3288 1344 3364 1386 est
3411 1334 3472 1387 in
3501 1335 3637 1392 caelo
3663 1352 3828 1409 super

2111 1432 2220 1471 uno
2268 1427 2543 1487 peccatore
2593 1419 2979 1486 paenitentiam
3027 1426 3224 1489 agente
3272 1419 3336 1477 ²¹.
3389 1423 3448 1479 Si
3506 1441 3637 1485 vero
3695 1427 3826 1499 quis

2110 1506 2263 1562 hanc
2293 1507 2764 1562 auimadvertens
2798 1506 2896 1562 Dei
2951 1508 3267 1566 bonitatem
3312 1517 3367 1567 et
3400 1512 3818 1586 longanimita-

2110 1603 2250 1661 tem,
2281 1613 2395 1669 qua
2427 1596 2539 1652 sibi
2571 1602 2858 1664 temperat
2909 1614 2941 1651 a
2981 1598 3229 1670 singulis
3264 1602 3530 1670 protinus
3561 1607 3822 1664 crimini-

2110 1688 2218 1743 bus
2269 1685 2633 1750 ulciscendis,
2684 1693 3048 1757 exspectans,
3103 1697 3167 1743 ut
3208 1691 3485 1761 diximus,
3539 1697 3827 1764 paniten.

359 1787 540 1862 ὥσπερ
607 1784 857 1862 ἔφημεν,
915 1783 1277 1859 ἐκδεχόμενος
1313 1829 1326 1855 ,
1401 1782 1837 1858 κατολιγωρήσει
1900 1787 1998 1848 τῆς

2118 1776 2274 1841 tiam,
2338 1776 2593 1847 negligat
2640 1780 3009 1846 praeceptum,
3062 1784 3117 1831 et
3163 1779 3260 1832 Dei
3313 1781 3655 1847 bonitatem.
3717 1803 3821 1858 pro

355 1874 609 1946 ἐκτολῆς,
655 1877 745 1931 καὶ
792 1875 894 1944 τὴν
925 1873 1300 1950 χρηστότητα,
1341 1877 1438 1951 φεῦ
1473 1875 1486 1930 Ι
1538 1872 1790 1949 ἀφορμήν
1826 1872 1991 1947 σχοίη

356 1968 493 2042 πρὸς
557 1965 999 2042 καταφρόνησιν,
1076 1964 1377 2038 ἁμάρτημα
1450 1962 1538 2017 ἐπὶ
1630 1961 1999 2036 ἁμαρτήματα

355 2054 688 2131 προστιθεῖς,
733 2054 825 2109 καὶ
865 2053 1269 2126 προσκώμματι
1318 2051 1671 2127 πρόσκωμμα
1721 2048 2002 2106 ἐποικοδο-

360 2146 503 2221 μῶν,
536 2143 799 2220 ῥᾳθυμίαν
829 2164 888 2200 τε
916 2144 1197 2198 συνάπτων
1224 2145 1293 2216 τῇ
1341 2141 1599 2217 ῥᾳθυμίᾳ,
1632 2139 1837 2210 πληροῖ
1874 2139 2000 2203 τοὺς

352 2236 462 2290 τῶν
523 2235 802 2309 ἁμαρτιῶν
853 2233 1037 2307 ὅρους,
1078 2232 1167 2286 καὶ
1211 2231 1447 2303 τοιούτῳ
1494 2227 1687 2284 λοιπὸν
1721 2228 1997 2285 ἁλίσκεται

353 2324 778 2397 παραπτώματι,
837 2320 889 2392 ἐξ
935 2322 995 2377 οὗ
1058 2318 1252 2393 μηκέτι
1302 2320 1470 2391 παρὸν
1515 2318 1661 2391 αὐτῷ
1702 2318 1999 2388 ἀνακτήσα-

356 2415 510 2468 σθαι·
547 2411 674 2469 ἆλλ’
703 2410 757 2474 ἐς
793 2410 966 2485 μάτην
1006 2411 1108 2478 τήν
1159 2404 1450 2485 συντριϐήν
1496 2408 1754 2479 ὑποστὰς,
1800 2408 1999 2479 καὶτῷ

354 2506 582 2575 πονηρῷ
638 2502 714 2563 εἰς
760 2499 920 2562 τέλος
968 2498 1370 2575 συγχωρηθεὶς,
1418 2496 1748 2554 ἀπόλλυται.
1811 2496 1998 2560 Οὕτως

353 2592 442 2649 ἐπὶ
491 2589 752 2664 Σοδόμων
801 2588 1035 2666 γέγονεν·
1090 2587 1506 2658 ἁποπλήσαντες
1548 2588 1648 2663 γὰρ
1689 2586 1777 2642 καὶ
1837 2587 1998 2661 ὑπερ-

357 2677 543 2743 ϐάντες
590 2680 718 2745 τοὺς
770 2683 878 2735 τῶν
937 2680 1217 2753 ἁμαρτιῶν
1278 2675 1439 2752 ὅρους
1496 2676 1610 2733 ἐπεὶ
1675 2673 1861 2749 μηδὲν,
1923 2676 1998 2739 ὡς

356 2772 550 2839 εῖπεῖν,
618 2770 868 2843 ζώπυρον
924 2767 1208 2842 μετανοίας
1251 2765 1437 2829 αὐτοῖς
1494 2765 1815 2843 ὑπελείφθη,
1871 2765 1998 2820 ἀνά-

354 2858 523 2935 λωμα
569 2861 737 2934 πυρὸς
790 2859 893 2914 ὑπὸ
940 2863 1041 2926 τῆς
1088 2856 1232 2917 θείας
1278 2853 1435 2925 δίκης
1484 2854 1782 2931 γεγόνασιν.
1816 2853 1998 2917 Οὕτως

355 2951 443 3005 ἐπὶ
492 2953 618 3007 Νῶε
650 2948 775 3003 ’καὶ
816 2948 921 3024 γὰρ
966 2943 1255 3021 ἀχαλίνοις
1297 2945 1577 3020 χρώμενοι
1624 2949 1744 3007 ταῖς
1783 2943 1869 2998 ἐπὶ
1898 2946 1996 3014 τὴν

353 3038 543 3096 κακίαν
597 3037 820 3113 ὁρμαῖς,
873 3035 963 3091 καὶ
1016 3032 1184 3107 μηδὲν
1217 3030 1357 3094 εἶδος
1393 3032 1675 3107 μετανοίας
1706 3029 2000 3087 ἐπιδεικνύ-

356 3148 533 3202 μενοι,
578 3124 909 3197 τηλικοῦτον
959 3125 1171 3187 ἑαυτοῖς
1217 3122 1499 3195 ἁμαρτιῶν
1551 3120 1712 3197 ὅγκον
1754 3120 1997 3196 ἐξεκορῦ-

2109 1864 2310 1920 nel‘asl
2370 1866 2426 1918 in
2477 1868 2840 1919 occasionem
2900 1870 3270 1936 contemptus
3330 1875 3536 1937 vertat,
3588 1881 3821 1942 peccata

2111 1960 2359 2028 peccatis
2390 1956 2789 2021 accumulans,
2821 1963 2879 2011 et
2918 1958 3195 2013 seandalo
3228 1962 3571 2018 scandalum
3605 1980 3815 2037 super-

2109 2053 2361 2113 struens,
2396 2046 2800 2116 desidiamque
2831 2064 3077 2102 assuens
3115 2050 3385 2118 desidiae;
3421 2051 3470 2106 is
3502 2070 3642 2110 sane
3674 2071 3815 2127 pec-

2109 2143 2367 2193 catorum
2417 2135 2619 2207 implet
2667 2138 2967 2201 terminos,
3018 2142 3073 2191 et
3102 2141 3174 2193 de
3224 2145 3429 2196 caetero
3479 2143 3538 2197 in
3582 2146 3684 2200 tali
3715 2148 3815 2201 de-

2109 2224 2698 2298 prehenditurlapsu,
2732 2242 2801 2281 ex
2832 2242 2946 2297 quo
2979 2242 3094 2281 non
3121 2228 3371 2298 amplius
3403 2230 3487 2286 illi
3518 2234 3815 2307 continget

2111 2316 2169 2372 in
2213 2318 2506 2388 integrum
2557 2316 2825 2383 restitui;
2879 2317 3091 2388 quippe
3135 2321 3307 2390 quasi
3355 2323 3621 2380 contritis
3652 2326 3820 2382 ruina

2111 2406 2388 2461 membris
2434 2406 2716 2473 innitens,
2768 2411 2824 2461 et
2873 2407 3129 2477 maligno
3185 2424 3247 2464 se
3298 2426 3485 2483 usque
3532 2414 3592 2469 in
3642 2414 3818 2472 finem

2109 2497 2471 2567 permittens,
2554 2497 2718 2565 perit.
2782 2495 2875 2550 Sic
2950 2496 3215 2552 Sodomis
3273 2502 3530 2570 accidit;
3592 2511 3825 2574 expleta

2109 2587 2263 2641 enim
2313 2592 2366 2639 et
2415 2585 2892 2654 supercumulata
2942 2601 3215 2641 mensura
3260 2596 3650 2661 peccatorum,
3682 2609 3857 2651 cum»

2110 2691 2183 2731 ne
2207 2673 2522 2730 scintillam
2568 2676 2828 2745 quidem,
2881 2679 2941 2728 ut
2990 2675 3075 2730 sic
3122 2677 3334 2749 dicam,
3387 2680 3548 2735 bona:
3598 2684 3815 2741 mentis

2109 2766 2178 2821 ad
2214 2782 2377 2836 spem
2413 2765 2766 2836 paenitentis
2799 2764 3084 2836 reliquam
3119 2767 3410 2835 fecissent,
3446 2771 3580 2841 igne
3610 2760 3816 2830 divinat

2109 2854 2352 2908 ultionis
2381 2854 2774 2909 instrumento
2806 2864 2938 2908 sunt
2974 2856 3279 2925 assumpli.
3314 2858 3410 2915 Sic
3439 2869 3492 2915 et
3519 2859 3580 2914 in
3610 2862 3819 2919 diebus

2110 2942 2249 3008 Noe,
2282 2943 2514 3012 quando
2548 2947 2784 2997 ruentes
2833 2941 3035 2997 effusis
3073 2942 3133 2997 in
3175 2948 3336 2999 nefas
3367 2962 3541 3003 omne
3572 2948 3820 3007 habenis
3862 3006 3867 3011 .

2108 3030 2399 3097 homines,
2429 3030 2589 3086 nullo
2630 3037 2976 3101 argumento
3026 3031 3160 3087 dato
3210 3034 3600 3092 verisimiliter
3632 3040 3821 3096 conﬁ-

2109 3121 2285 3176 dendi
2336 3122 2476 3187 fore,
2528 3124 2593 3174 ut
2634 3121 2705 3174 ad
2757 3119 3054 3175 meliorem
3106 3137 3165 3176 se
3197 3121 3420 3194 frugem
3469 3126 3817 3200 reciperent,

355 3238 565 3292 φωσαν,
608 3216 683 3279 ὡς
739 3220 914 3269 πᾶσαν
966 3214 1108 3286 ὁμοῦ
1160 3213 1261 3281 τήν
1290 3218 1393 3286 γῆν
1446 3212 1522 3274 εἷς
1552 3217 1653 3266 πᾶν
1703 3209 1994 3288 διαφθαρῆ.

2118 3216 2333 3266 tantam
2393 3184 2633 3280 tamque
2689 3224 2922 3280 gravem
2980 3224 3157 3281 supra
3204 3184 3334 3267 sese
3378 3184 3610 3270 molem.
3644 3184 3816 3290 exag:

556 3303 584 3339 ς’
774 3307 799 3320 θ
1092 3301 1104 3323 Ι
1395 3300 1409 3319 \
1782 3303 1807 3315 ’⁸
1985 3301 1999 3319 \

353 3328 464 3365 ναι.
508 3308 664 3363 Οοτω
708 3325 824 3366 τοις
875 3303 1189 3379 Δίγυπτιοις
1236 3300 1421 3356 πολλα
1470 3299 1866 3374 πλημμελουσι
1911 3321 2001 3354 και

358 3397 440 3460 εἰς
467 3396 568 3463 τήν
607 3398 706 3450 τοῦ
735 3395 869 3449 Θεοῦ
909 3390 1039 3449 λαὸν
1077 3386 1411 3461 ἐξυϐρίζουσι
1439 3409 1451 3422 ·
1487 3392 1732 3465 χρηστὸς
1759 3390 1825 3459 ἦν
1876 3388 2003 3445 ἐκεῖο

356 3499 455 3545 νος
506 3482 567 3538 οὗ
624 3478 973 3552 πανωλεθόίᾳ
1012 3476 1367 3554 παραδιδοὺς,
1419 3476 1562 3533 ἀλλᾶ
1602 3476 1691 3533 διὰ
1732 3482 1839 3534 τῶν
1869 3478 2005 3533 κατᾶ

361 3573 526 3647 μέρος
583 3568 855 3646 μαστίγων
904 3569 982 3631 εἱς
1038 3573 1320 3641 μετάνοιαν
1382 3564 1734 3642 ἐπαγόμενος·
1785 3564 1898 3621 ἐπεὶ
1946 3562 2003 3620 δὲ

359 3659 767 3738 ἐπιστρέφοντες
834 3658 1151 3735 ἆγαπηνῶς,
1226 3653 1389 3711 πάλιν
1459 3655 1593 3728 πρὸς
1648 3656 1746 3723 τήν
1810 3653 2000 3709 κακίαν

356 3750 716 3827 ἃνέστρεφον,
782 3748 870 3803 καὶ
940 3750 1039 3821 τῇς
1094 3744 1358 3821 προτέρας
1427 3744 1644 3820 εἴχοντο
1711 3742 2000 3811 ἄπιστίας,

353 3835 588 3916 ἔσχατον
646 3835 703 3894 δὲ
765 3837 856 3893 καὶ
930 3837 1022 3892 τὸν
1080 3835 1212 3891 λαὸν
1266 3838 1362 3889 τοῦ
1420 3834 1622 3909 Κυρίου
1676 3831 2000 3907 ἀναγόμενον

349 3924 708 3994 κατεδίωκον,
757 3924 1032 3980 ἀνάλωσεν
1082 3922 1277 3985 αὐτοὺς
1327 3924 1362 3991 ἡ
1412 3924 1526 3977 θεῖα
1575 3918 1699 3992 δίκη
1739 3921 1800 3976 τὸ
1850 3921 2001 3975 advo-

349 4017 453 4075 λον
485 4016 573 4072 καί
605 4014 906 4074 ὰπώλεσεν.
952 4012 1105 4069 Οὕτω
1152 4017 1250 4069 τοῦ
1281 4011 1503 4087 Ἰσραήλ
1535 4010 1721 4067 πολλὰ
1749 4011 2003 4085 ἁμαρτά-

344 4128 562 4173 νοντος,
610 4107 701 4162 καὶ
744 4104 872 4167 τοὺς
929 4105 1217 4182 προφήτας
1266 4102 1654 4165 ἂποκτενόντος
1697 4104 1795 4155 τοῦ
1844 4104 1998 4172 Θεοῦ,

342 4201 449 4265 τῆς
491 4198 760 4268 συνήθους
805 4192 961 4255 οὗτος
1005 4191 1382 4270 μακροθυμίας
1421 4190 1625 4268 ἐγίνετο
1654 4211 1667 4224 ⁸
1694 4189 1805 4245 ἐπεὶ
1840 4188 1895 4245 δὲ
1925 4191 2000 4252 εἱς

338 4291 509 4343 τοῦτο
572 4285 761 4346 κακίας
823 4283 1156 4358 προέκοψαν,
1225 4283 1300 4344 ὡς
1370 4279 1510 4355 μηῖὶ
1564 4283 1625 4335 τὸ
1675 4280 1998 4336 Δεσποτικὸν

345 4374 744 4448 δυσωπηθῆναι
818 4370 1038 4447 ἀξίωμα
1073 4415 1088 4441 ,
1167 4368 1312 4428 ἂλλᾶ
1376 4370 1606 4444 κάκείνῳ
1670 4372 1997 4448 μιαιφόνους

345 4472 541 4543 χεῖρας
608 4459 889 4520 ἐπιϐαλεῖν
925 4461 1051 4517 ’καὶ
1100 4460 1262 4517 αὐτοὶ
1318 4463 1556 4534 καθάπαξ
1608 4454 1995 4531 ἐπεϐλήθησαν

2112 3307 2383 3372 geraruut
2430 3300 2790 3366 delictorum,
2848 3303 2912 3354 ut
2958 3316 3156 3356 secum
3210 3306 3421 3359 terram
3481 3308 3810 3364 universam

2113 3390 2172 3445 iu
2204 3391 2449 3445 exitium
2494 3387 2916 3460 pertraherent.
2967 3389 3126 3446 Haud
3175 3391 3489 3449 dissimilia
3528 3395 3814 3469 [Egyptiis

2112 3496 2381 3547 evenere,
2431 3479 2615 3534 multa
2663 3483 2865 3535 contra
2914 3477 3096 3535 Deum
3154 3481 3332 3550 impie
3380 3486 3563 3552 ausis,
3614 3487 3818 3544 multis

2114 3570 2395 3643 grassatis
2444 3569 2504 3623 in
2550 3569 2677 3639 ejus
2736 3568 3017 3640 populum
3069 3571 3324 3641 injuriis.
3360 3573 3555 3632 Bonus
3586 3577 3819 3648 quidem

2113 3658 2393 3714 Dominus
2422 3657 2645 3712 cladem
2692 3667 3006 3711 extremam
3053 3659 3154 3712 diu
3199 3660 3446 3730 distulit,
3477 3663 3610 3720 aliis
3641 3682 3825 3738 super

2110 3747 2240 3802 aliis
2270 3745 2756 3815 castigationibus
2786 3762 2886 3799 eos
2916 3746 2986 3799 ad
3022 3748 3481 3818 resipisceutiam
3517 3750 3780 3811 invitans
3808 3771 3823 3825 ;

2111 3841 2170 3890 at
2226 3851 2358 3891 cum
2413 3833 2636 3887 nullum
2692 3833 2865 3887 finem
2921 3834 3179 3890 facerent
3227 3839 3440 3908 sapius
3488 3842 3819 3911 iniquitatis

2113 3925 2495 3990 resumenda,
2544 3923 2774 3976 tandem
2828 3922 3107 3992 populum
3165 3926 3397 3981 Domini
3456 3930 3564 3983 rite
3623 3932 3822 3986 dimis-

2110 4032 2241 4071 sum
2288 4018 2719 4085 persequentes,
2763 4028 2827 4066 ac
2879 4012 3171 4068 retrahere
3218 4020 3513 4084 conantes,
3562 4025 3818 4078 extremo

2106 4105 2264 4175 ipsos
2312 4103 2399 4158 ira
2454 4100 2646 4157 divina
2698 4102 2868 4156 exitio
2919 4100 3230 4179 mactavit._
3266 4105 3560 4161 Israelitas
3607 4112 3815 4178 pariter

2108 4195 2292 4249 multa
2322 4191 2753 4263 delinquentes,
2787 4191 2958 4245 caedis
2991 4192 3129 4262 quin
3163 4193 3335 4248 etiam
3399 4196 3815 4266 prophetarum

2110 4287 2207 4341 Dei
2267 4301 2414 4348 reos,
2478 4294 2784 4354 postquam
2839 4281 3009 4336 solita
3058 4282 3170 4339 sibi
3223 4283 3670 4357 longanimitate
3718 4289 3818 4345 diu

2107 4375 2411 4431 tolerasset
2480 4372 2820 4441 Dominus;
2882 4372 2979 4427 ubi
3039 4374 3107 4429 ad
3170 4386 3485 4431 extremum
3553 4378 3696 4434 vidit
3751 4395 3818 4435 eo

2108 4466 2267 4536 ipsos
2320 4462 2596 4519 immanis
2640 4463 2999 4533 processisse
3046 4465 3335 4533 amentiae,
3388 4470 3451 4521 ut
3498 4483 3683 4538 neque
3729 4467 3818 4524 di-

340 4580 402 4615 τε
427 4559 519 4615 καὶ
551 4552 969 4628 κατεϐλήθησαν
1002 4574 1015 4588 ⁸
1038 4554 1126 4610 καὶ
1173 4555 1316 4630 ἢρθη
1350 4554 1443 4609 ἀπ’
1493 4553 1667 4609 αὐτῶν
1697 4553 1731 4623 ἢ
1771 4574 1828 4608 τε
1867 4573 1995 4627 προ-

2118 4557 2306 4610 vinam
2336 4555 2394 4608 in
2444 4552 2628 4607 misso
2668 4552 2739 4607 ad
2777 4567 2876 4608 eos
2924 4551 3033 4607 Dei
3082 4552 3227 4609 Filio
3267 4556 3500 4611 reveriti
3546 4559 3817 4628 majesta-

343 4645 565 4724 φητεία,
621 4646 711 4702 καὶ
741 4647 777 4715 ἡ
823 4645 1065 4720 ῖερατεία
1115 4643 1203 4699 καὶ
1235 4645 1269 4713 ἠ
1303 4642 1546 4717 λατρεία.
1580 4642 1680 4697 Καὶ
1707 4641 1993 4713 ἐπιστεύθη

344 4741 519 4793 ταῦτα
548 4740 665 4798 τοῖς
692 4732 1038 4790 πιστεύσασιν
1068 4728 1263 4789 ἔθνεσι.

418 5008 522 5064 ΙΔ’.
593 4998 1040 5079 Προσὸράμωμεν
1088 5005 1168 5075 τῷ
1212 4998 1467 5057 καλοῦντι
1516 5004 1739 5076 Χριστῷ
1778 4996 1994 5075 προθύ-

347 5116 489 5169 μως,
522 5093 803 5171 ἐκχέοντες
847 5093 930 5149 ἐπ’
978 5092 1136 5148 αὐτὸν
1184 5093 1282 5154 τὰς
1316 5089 1543 5167 καρδίας
1622 5093 1709 5147 καὶ
1762 5091 1838 5165 μὴ
1889 5089 1990 5158 τὴν

342 5186 550 5241 ἒακτῶν
616 5181 1067 5245 ὲθελοκακοῦντες
1133 5183 1600 5260 ἆπογινώσκωμεν
1668 5178 1941 5251 σωτηρίαν
1974 5220 1989 5234 .

344 5273 444 5330 Καὶ
499 5278 662 5329 τοῦτο
719 5273 820 5350 γὰρ
885 5276 983 5328 τοῦ
1044 5277 1288 5347 πονηροῦ
1354 5272 1617 5351 σόφισμα,
1690 5269 1992 5342 ὑπομνήσει

341 5363 620 5440 προτέρων
660 5363 942 5437 ἁμαρτιῶν
994 5358 1270 5418 ὁδοποιεῖν
1319 5362 1392 5424 εἱς
1447 5361 1779 5436 ἀπόγνωσιν.
1833 5354 1992 5414 Ἀλλ’

339 5455 478 5529 ἡμῖν
539 5454 926 5526 κατανοητέον,
967 5453 1154 5531 ὅτιπερ
1205 5455 1251 5510 εἳ
1301 5451 1501 5531 Κύριος
1546 5451 1717 5508 ἐλθὼν
1766 5448 1987 5529 τυφλῶν

376 5609 422 5649 ³⁸
452 5609 597 5669 Luc.
631 5624 724 5680 xv,
757 5610 844 5668 10.

449 5740 721 5802 Ρλτιιοι..
763 5740 879 5802 Gn.
925 5737 1193 5804 XXXIV.

2103 4649 2243 4713 tem,
2278 4658 2491 4697 manus
2538 4641 2592 4696 ei
2633 4646 2903 4697 cruentas
2947 4641 3270 4711 intulerint,
3313 4646 3625 4701 damnatos
3672 4646 3815 4702 irre-

2103 4732 2442 4793 vocabiliter
2509 4731 2721 4802 abjecit
2776 4730 2837 4786 in
2895 4746 3068 4786 omne
3138 4739 3391 4801 tempus,
3461 4734 3815 4805 dejecitque,

2095 4825 2289 4880 ablata
2344 4821 2418 4877 iis
2484 4818 2815 4894 prophetia,
2875 4819 3219 4888 sacerdotio,
3279 4822 3603 4893 religione;
3664 4840 3814 4896 quas

2095 4912 2395 4969 commisit
2427 4908 2801 4967 credentibus
2830 4907 2890 4963 in
2912 4907 3107 4979 ipsum
3142 4910 3438 4981 gentibus.

2166 5002 2321 5057 193
2362 5002 2459 5056 XI.
2508 5002 2891 5069 Accurramus
2924 4998 2995 5051 ad
3027 5004 3324 5054 vocantem
3365 5017 3472 5057 nos
3502 5001 3801 5062 Christum

2097 5091 2392 5156 alacriter,
2447 5087 2810 5143 elfuudentes
2867 5102 3047 5158 super
3100 5087 3294 5158 ipsum
3356 5091 3567 5157 corda;
3624 5097 3679 5145 et
3733 5108 3808 5148 ne

2096 5188 2379 5243 nostram,
2412 5184 2615 5246 sponte
2661 5177 3017 5231 remittentes
3046 5176 3118 5231 de
3161 5182 3359 5232 nostra
3410 5178 3807 5248 contentione,

2097 5269 2470 5339 desperemus
2516 5265 2785 5323 salutem.
2823 5265 2967 5320 Nam
3009 5270 3065 5321 et
3116 5266 3218 5320 hoc
3250 5266 3466 5322 diaboli
3501 5269 3807 5339 sophisma

2097 5362 2206 5420 est,
2261 5355 2659 5412 recordatione
2709 5356 2966 5427 priorum
3016 5353 3361 5411 delictorum
3419 5357 3695 5415 inducere
3745 5358 3805 5417 in

2098 5448 2585 5521 desperationem.
2645 5449 2718 5504 At
2773 5445 2940 5503 nobis
2999 5447 3078 5502 ita
3133 5447 3513 5521 cogitandum
3567 5455 3694 5511 est:
3755 5448 3808 5510 si

3324 5738 3404 5798 29

3994 1384 4023 1394 ιι·-
