4082 6196
301 365 416 427 901

307 495 616 573 γενόμενοι,
675 494 892 551 εἰσιέναι
964 494 1056 551 καὶ
1128 493 1319 566 ἐξιέναι
1375 496 1511 579 πρὸς
1576 495 1668 550 τὸν
1737 497 2025 570 ΠατέραΑ

308 585 447 641 κατὰ
473 586 538 640 τὸ
577 582 766 639 δοκοῦν
821 584 1008 647 αὐτοῖς
1057 582 1326 659 ἔχὸντες;
1378 584 1439 642 Εἰ
1488 584 1589 662 γᾶρ
1639 586 1729 639 καὶ
1781 589 1951 659 μήπω

306 672 524 730 τέλειον
582 676 681 744 τὴν
740 672 1114 749 κληρονομίαν
1170 673 1448 747 εἰλήφασι,
1509 675 1571 729 τὸ
1637 676 1800 749 βαρος
1874 673 1948 730 ἔτι

306 763 680 837 περικείμενοι
726 770 826 833 τῆς
874 764 1093 839 σαρκὸς,
1124 762 1247 819 ἀλλ’
1284 763 1375 818 οῦν
1406 761 1494 818 διὰ
1521 763 1611 818 τὸν
1662 760 1955 840 ἀρραϐῶνα

302 856 402 907 τοῦ
445 852 754 925 Πνεύματος
800 850 853 907 ἐν
896 857 976 924 τῷ
1013 852 1245 929 ἀσφαλεῖ
1284 852 1466 915 αὐτοῖς
1518 857 1691 907 κεῖται
1737 855 1803 908 τὰ
1844 858 1952 908 τῶν

304 938 565 1008 ἐλπίδων,
605 941 694 996 καὶ
746 939 828 996 ὅτι
870 936 1364 1014 συμϐασιλεύσουσι
1392 946 1471 1013 τῷ
1512 945 1747 1016 Χριστῷ,
1778 943 1869 997 καὶ
1901 942 1954 997 ἐν

310 1029 599 1105 περιουσίᾳ
644 1030 732 1085 καί
774 1027 1105 1103 πλεονασμῷ
1153 1030 1466 1103 Πνεύματος
1506 1028 1738 1097 ἔσονται,
1770 1031 1952 1117 αὐτοῖς

308 1116 743 1192 ἐνδοιαζόμενον,
804 1120 993 1175 καθότι
1056 1124 1125 1192 τῇ
1192 1121 1346 1195 σαρκί
1407 1120 1683 1193 περιόντες
1728 1118 1830 1183 ἔτι,
1879 1121 1955 1201 εἷς

300 1213 493 1285 πεῖραν
522 1207 701 1278 ἦλθον
741 1216 841 1277 τῆς
883 1206 1167 1283 δυνάμεως
1196 1211 1285 1264 καὶ
1330 1208 1537 1279 ἡδονῆς
1585 1209 1789 1279 ἐκείνης
1825 1230 1838 1243 ·
1868 1231 1957 1285 καὶ

296 1298 403 1374 γὰρ
439 1299 504 1354 τὸ
554 1297 797 1353 ἐπιτεθὲν
842 1298 980 1354 κατὰ
1016 1299 1115 1365 τήν
1168 1301 1447 1373 παρακοὴν
1496 1305 1614 1363 τοῖς
1654 1300 1960 1373 ἀνθρώποις

307 1391 409 1443 τοῦ
438 1390 650 1442 Σατανᾶ
679 1386 968 1460 κάλυμμα,
991 1390 1026 1456 ἡ
1051 1388 1212 1462 χάρις
1230 1386 1505 1464 ἐρχομένη
1538 1387 1626 1443 δια
1653 1391 1962 1468 καθάρσεως

314 1480 415 1532 τοῦ
445 1474 551 1531 ἔσω
582 1475 871 1551 ἀνθρώπου
905 1475 993 1530 καὶ
1023 1481 1121 1530 τοῦ
1157 1478 1301 1539 νοὸς,
1332 1483 1603 1551 περιαιρεῖ
1632 1476 1841 1545 τέλεον,
1871 1489 1962 1541 καὶ

314 1570 420 1621 πᾶν
458 1565 671 1639 μίασμα
712 1566 802 1620 καὶ
844 1564 1110 1642 λογισμὸν
1148 1564 1354 1621 ἄπαντά
1385 1566 1622 1641 ῥυπαρὸν
1646 1574 1745 1636 τῆς
1775 1571 1961 1643 ψυχῆς

300 1650 758 1725 ἀποσκυϐαλίζει,
807 1655 1046 1728 καθαρὰν
1104 1653 1274 1725 αὐτην
1321 1654 1562 1731 γενέσθαι
1626 1654 1937 1730 βουλομένη

299 1745 389 1800 καὶ
444 1746 547 1815 τὴν
612 1741 752 1800 ἰδίαν
804 1738 1187 1798 ἀπολαϐοῦσαν
1239 1744 1397 1817 φύσιν
1448 1751 1666 1815 τρανοῖς
1706 1747 1792 1799 καὶ
1846 1731 1962 1802 sive:

1343 366 1571 427 LIBER
1614 367 1720 426 DE
1762 365 2266 427 ELEVATIONE
2309 367 2623 428 MENTIS.

3642 367 3759 429 902

2066 498 2345 555 habentes
2379 501 2751 570 potestatem;
2781 502 2840 554 et
2870 498 2917 554 si
2945 497 3098 553 enim
3133 497 3379 555 solidam
3404 499 3581 557 istam
3613 514 3755 557 non-

2057 588 2197 642 dum
2258 595 2558 643 creverunt
2632 589 3049 655 haereditatem,
3109 588 3261 644 mole
3309 594 3510 661 utique
3566 590 3755 645 adhuc

2059 680 2280 746 gravati
2338 680 2553 745 carnis,
2622 685 2836 746 tamen,
2895 682 2967 734 oh
3034 679 3422 734 arrhabonem
3480 679 3747 750 Spiritus,

2059 776 2214 823 certa
2258 772 2316 821 et
2364 784 2569 822 secura
2618 784 2723 837 spe
2754 768 3074 834 conﬁdunt,
3108 773 3165 822 et
3194 774 3653 840 conregnaturos
3697 782 3760 821 se

2061 857 2292 912 tandem
2326 856 2577 923 Christo,
2612 861 2668 910 et
2699 856 2978 912 fruituros
3024 856 3255 927 copiose
3284 860 3341 912 et
3396 856 3765 913 abundanter

2068 945 2225 1001 I94
2256 945 2523 1016 Spiritu;
2575 944 2818 999 minime
2864 944 3200 1000 dubitantes
3250 945 3414 1016 quin,
3468 946 3656 1017 quoad
3706 945 3765 999 in

2063 1052 2235 1092 carne
2276 1035 2543 1099 vixerint,
2579 1033 2874 1105 perstituri
2905 1034 2962 1088 in
2998 1036 3364 1105 possessione
3394 1036 3512 1091 sint
3540 1034 3768 1091 virtutis

2066 1131 2120 1181 et
2149 1123 2458 1194 voluptatis
2498 1123 2683 1190 illius,
2716 1123 2887 1193 cujus
2914 1121 3096 1178 semel
3147 1124 3491 1192 aperiendo
3526 1129 3767 1196 gustum

2067 1218 2480 1286 acceperunt;
2552 1214 2765 1285 quippe
2844 1228 2976 1269 cum
3050 1212 3567 1283 superimpositum
3644 1218 3772 1281 post

2067 1304 2518 1361 inohedientiam
2555 1302 2893 1359 hominibus
2924 1302 3150 1357 Satanae
3183 1302 3545 1373 operculum,
3587 1300 3772 1373 gratia

2067 1395 2306 1449 veniens
2366 1410 2464 1464 per
2540 1392 2933 1463 purgationem
3017 1391 3304 1445 interioris
3393 1390 3646 1445 hominis
3717 1393 3773 1446 et

2070 1485 2303 1549 mentis,
2350 1484 2576 1538 auferat
2617 1483 2870 1554 penitus,
2922 1486 2978 1535 et
3017 1498 3191 1535 omne
3237 1480 3770 1551 inquinamentum,

2071 1588 2422 1643 omnemque
2465 1570 2877 1643 cogitationem
2920 1570 2990 1623 ad
3030 1570 3227 1623 anima
3268 1560 3529 1636 everrat;
3571 1567 3769 1623 volens

2071 1661 2230 1715 illam
2265 1677 2391 1716 esse
2420 1661 2721 1726 mundam,
2755 1664 2812 1714 et
2853 1657 3148 1728 propriam
3193 1656 3447 1725 recipere
3478 1662 3770 1725 naturam,

2075 1750 2513 1822 prespicacibus
2562 1754 2618 1804 et
2648 1747 2805 1803 omni
2850 1747 3053 1802 liberis
3085 1746 3500 1815 impedimento
3530 1745 3651 1799 veri
3684 1745 3774 1801 lu-

308 1831 650 1894 πικιυλύτοις
700 1838 817 1895 τοῖς
869 1831 1176 1905 ὀφθαλμοῖς
1218 1835 1317 1903 τήν
1361 1832 1514 1903 δόξαν
1556 1838 1652 1888 τοῦ
1694 1833 1961 1905 ἀληθινοῦ

2093 1840 2247 1895 ninis
2274 1840 2594 1895 claritatem
2639 1837 2853 1892 intueri
2900 1834 3102 1892 oculis.
3149 1835 3255 1901 Qui
3290 1836 3432 1890 tales
3472 1839 3613 1890 sunt
3645 1836 3773 1906 jam

310 1924 491 2005 φωτὸς
533 1920 901 1978 κατοπτεύειν.
943 1921 1004 1977 Οἱ
1033 1926 1275 1976 τοιοῦτοι
1309 1919 1363 1976 δὲ
1405 1923 1621 1977 αὐτόθεν
1662 1921 1770 1992 ἤδη
1822 1927 1958 1999 πρὸς

307 2013 512 2068 ἐκεῖνον
576 2009 905 2085 ἀρπάζονται
963 2010 1056 2064 τὸν
1128 2011 1315 2079 αἰῶνα,
1364 2012 1450 2065 καὶ
1511 2012 1577 2065 τὰ
1624 2011 1733 2065 ἐκεῖ
1775 2012 1957 2083 κάλλη

305 2100 399 2155 καὶ
459 2098 706 2172 θαύματα
770 2100 1069 2173 καθορῶσι.
1120 2099 1369 2173 Καθάπερ
1417 2100 1520 2174 γὰρ
1572 2101 1599 2153 ὁ
1650 2103 1962 2172 σωματικὸς

308 2187 596 2267 ὀφθαλμὸς
635 2187 856 2249 ἀπαθῶς
885 2208 944 2242 τε
992 2187 1080 2241 καὶ
1136 2188 1299 2260 ὑγιῶς
1343 2182 1487 2265 ἔχων
1537 2195 1657 2252 ταῖς
1701 2189 1961 2258 ἡλιακαῖς

308 2278 503 2354 αὐγαῖς
550 2275 894 2351 θαρρούντως
943 2274 1233 2346 ἐνατενίζει
1266 2296 1278 2309 ·
1323 2277 1468 2332 οὕτω
1511 2278 1600 2331 καὶ
1650 2279 1796 2333 οὗτοι
1842 2302 1967 2353 φω-

310 2372 474 2441 τεινῷ
502 2368 788 2447 χρώμενοι
828 2367 919 2421 καὶ
948 2364 1423 2442 διακεκαθαρμένῳ
1458 2372 1537 2439 τῷ
1574 2373 1653 2440 νῷ
1691 2369 1785 2432 τὰς
1836 2366 1960 2424 d35-

300 2479 432 2520 τους
483 2455 647 2529 αὐγὰς
688 2455 885 2531 Κυρίου
936 2454 1023 2509 διὰ
1052 2455 1255 2517 παντὸς
1296 2456 1720 2511 κατοπτεύουσιν
1757 2477 1769 2490 ·
1806 2455 1867 2512 οῦ
1902 2460 1965 2515 τί

302 2554 366 2608 τὸ
404 2549 599 2624 μέτρον
633 2549 801 2623 φησίν
829 2572 843 2613 ς
888 2548 954 2603 οὐ
995 2544 1199 2622 ῥᾳδίως
1229 2547 1444 2611 ἐφικτὸν
1480 2554 1596 2612 τοῖς
1625 2548 1959 2623 ἀνθρώποις·

303 2639 457 2696 ἀλλὰ
496 2641 676 2694 πόνων
726 2634 897 2693 δεῖται
948 2641 1185 2711 συχνῶν,
1228 2637 1459 2711 ἀγώνων
1488 2657 1545 2692 τε
1575 2640 1662 2692 καὶ
1714 2636 1967 2711 ἱδρώτων

307 2731 544 2804 μυρίων.
588 2726 798 2783 Πολλοὶ
846 2727 949 2803 γάρ
991 2726 1148 2796 εἰσιν,
1189 2729 1276 2788 οἷς
1308 2726 1397 2781 καί
1442 2730 1475 2797 ἡ
1510 2728 1674 2802 χάρις
1722 2729 1962 2783 σύνεστιν

302 2824 613 2896 ἐνεργοῦσα,
652 2818 741 2873 καὶ
792 2820 827 2886 ἡ
880 2820 1042 2872 κακία
1091 2816 1254 2872 πάλιν
1306 2815 1690 2894 ἐνδομυχοῦσα
1730 2821 1965 2896 ἀφέστη-

305 2932 397 2966 κεν
448 2906 706 2981 οὐδαμῶς
742 2924 755 2937 ’
790 2906 935 2961 ἀλλὰ
998 2907 1063 2960 τὰ
1127 2903 1222 2961 δύο
1279 2907 1581 2979 πνεύματα,
1632 2908 1695 2963 τό
1750 2930 1808 2963 τε
1863 2914 1961 2963 τοῦ

317 2998 502 3075 φωτὸς
534 2998 622 3052 καὶ
666 2995 726 3051 τὸ
754 2999 850 3051 τοῦ
899 2996 1149 3064 σκότους,
1201 2995 1275 3056 εἷς
1326 2982 1453 3067 μίαν
1516 2997 1607 3050 καὶ
1655 2999 1753 3065 τὴν
1801 2997 1968 3066 αὐτὴν

326 3089 531 3165 ἐνεργεῖ
575 3085 796 3160 καρδίαν
829 3107 842 3121 -
886 3087 948 3140 τὸ
997 3083 1053 3141 δὲ
1106 3086 1393 3159 εἰρημένον
1427 3106 1439 3121 ο
1485 3086 1573 3145 Τίς
1622 3089 1723 3164 γὰρ
1764 3092 1797 3159 ἡ
1848 3110 1965 3144 χοι.

319 3180 487 3234 νωνία
527 3176 665 3256 φωτὶ
705 3177 843 3245 πρὸς
901 3176 1145 3244 σκότος;
1204 3178 1296 3230 καὶ
1363 3176 1468 3245 ὅτι,
1526 3178 1594 3231 Τὸ
1644 3182 1756 3253 φῶς
1798 3177 1849 3232 ἐν
1898 3182 1965 3251 τῇ
1998 3217 2041 3282 C

461 3271 472 3282 .
666 3265 679 3282 .
916 3266 929 3282 .
1047 3266 1061 3282 ς
1137 3266 1225 3282 η-
1349 3266 1362 3282 .
1496 3266 1508 3282 ι
1664 3264 1683 3282 ι.
1727 3266 1746 3282 ς
1883 3269 1895 3282 .

316 3271 517 3341 σκοτίᾳ
584 3265 781 3345 φαίνει,
840 3266 932 3321 καὶ
1006 3266 1072 3321 τὰ
1137 3266 1278 3339 ἑξῆς,
1337 3266 1607 3341 ἀναμὲρος
1664 3264 1963 3338 ἒκληπτέον

316 3356 447 3415 οὐδὲ
493 3358 848 3433 μονοτρόπως
895 3354 961 3410 τὰ
1005 3354 1294 3430 πράγματα
1329 3376 1339 3387 ’
1392 3356 1480 3410 καὶ
1525 3357 1627 3429 γὰρ
1679 3355 1730 3419 ἐς
1773 3360 1967 3412 τοσοῦ-

313 3448 410 3504 τόν
469 3467 607 3508 τινες
662 3444 1082 3500 ἑναναπαύονται
1134 3448 1204 3518 τῇ
1265 3445 1450 3518 χάριτι
1516 3449 1612 3499 τοῦ
1688 3450 1843 3516 Θεοῦ,
1918 3445 1968 3507 ἐς

312 3538 445 3593 ὅσον
488 3536 689 3589 ἑαυτῶν
733 3530 986 3588 δύνασθαι
1035 3536 1273 3605 κρατεῖν,
1306 3533 1395 3587 καὶ
1448 3535 1522 3603 μὴ
1557 3536 1821 3603 ἡττᾶσθαι
1868 3541 1970 3603 τῆς

311 3623 746 3703 ἔγκατοικούσης
790 3620 975 3684 αὐτοῖς
1038 3620 1301 3697 ἁμαρτίας
1345 3642 1356 3653 ·
1420 3622 1509 3676 καὶ
1558 3618 1828 3696 συμϐαίνῃ
1875 3627 1966 3677 νῦν

322 3713 499 3788 εὐχὴν
555 3707 883 3786 εὐπάρεδρον
926 3707 1162 3789 ἔχοντας
1210 3709 1300 3765 καί
1351 3712 1648 3766 ἀναπαῦσαι
1691 3730 1704 3745 ⁸
1784 3712 1971 3783 ξπειτα

320 3803 430 3858 ὑπὸ
499 3801 752 3875 ῥυπαρῶν
805 3802 1086 3875 λογισμῶν
1146 3796 1493 3875 ἐνεργεῖσθαι,
1552 3801 1643 3855 καὶ
1704 3801 1807 3855 ὑπὸ
1867 3809 1968 3870 τῆς

317 3890 593 3965 ἁμαρτίας
639 3888 983 3957 κλέπτεσθαι,
1037 3889 1302 3959 συνούσης
1357 3886 1595 3960 δηλαδὴ,
1652 3890 1742 3944 καὶ
1804 3889 1970 3960 αὐτῆς

314 3983 569 4056 χάριτος.
605 3979 682 4036 os
716 3978 811 4052 μὲν
844 3975 941 4032 οῦν
983 3976 1212 4054 ἐλαφροί
1242 3997 1300 4032 τε
1343 3977 1433 4031 καὶ
1464 3974 1617 4032 οὔπω
1664 3985 1763 4047 τῆς
1807 3979 1968 4052 ἀκρι-

323 4065 477 4130 ϐείας
524 4067 926 4140 ἐπειλημμένοι
966 4065 1151 4127 πόσως
1190 4065 1375 4128 αὐτοις
1406 4073 1505 4134 τῆς
1553 4066 1694 4129 θείας
1744 4069 1971 4141 χάριτος

318 4158 677 4235 ἐνεργούσης,
728 4155 911 4225 ἔδοξαν
964 4155 1186 4211 εἷσάπαν
1239 4154 1607 4210 ἀπολελύσθαι
1656 4163 1755 4225 τῆς
1795 4158 1967 4230 ἁμαρ.

316 4248 438 4311 τίας
473 4265 487 4279 ’
553 4248 606 4303 οἱ
665 4244 723 4302 δὲ
782 4243 1045 4320 διάκρισίν
1100 4265 1157 4299 τε
1194 4244 1282 4298 καὶ
1331 4248 1454 4299 νοῦν
1499 4243 1738 4319 ἔχοντες,
1773 4245 1871 4299 οὐκ
1908 4243 1966 4299 ἃν

320 4336 607 4411 ἀρνηθιῖν,
659 4334 744 4389 ὅτι
806 4333 895 4387 καὶ
968 4335 1068 4398 τῆς
1121 4336 1217 4385 τοῦ
1265 4336 1401 4387 Θεοῦ
1442 4334 1671 4408 χάριτος
1729 4332 1969 4387 ἐνοικού-

322 4446 449 4498 σης,
506 4423 635 4499 οὐχὶ
693 4422 781 4479 καὶ
833 4422 935 4477 ὑπὸ
968 4421 1211 4497 αἰσχρῶν
1244 4420 1332 4476 καί
1382 4420 1597 4475 ἀτόπων
1644 4419 1967 4477 διασείονται

320 4515 635 4588 λογισμῶν.

2072 1945 2137 1983 ex
2188 1930 2295 1985 hoc
2341 1935 2601 1998 tempore
2651 1942 2718 1982 ac
2766 1926 2895 1981 vita:
2944 1931 3099 1980 statu
3155 1926 3213 1979 in
3268 1924 3409 1978 illud
3461 1924 3776 1993 rapiuntur

2071 2019 2372 2088 saeculum,
2414 2024 2471 2073 et
2508 2035 2633 2088 quas
2677 2017 2755 2072 ibi
2803 2019 2942 2071 sunt
2976 2013 3444 2085 pulchritudines
3496 2029 3562 2067 ac
3605 2013 3779 2068 mira-

2071 2106 2199 2161 cula
2232 2113 2515 2178 spectant.
2549 2105 3051 2171 Quemadmodum
3087 2105 3242 2158 enim
3276 2118 3585 2173 corporeus
3632 2117 3771 2157 ocu-

2072 2193 2163 2248 lus
2209 2195 2375 2266 plene
2422 2211 2599 2250 sanus
2630 2200 2688 2249 et
2735 2193 2963 2264 vigens,
2993 2192 3211 2247 solares
3241 2191 3510 2246 audacter
3541 2189 3775 2261 inspicit

2075 2284 2300 2351 radios;
2346 2285 2432 2340 sic
2463 2290 2518 2339 et
2550 2284 2607 2338 bi
2642 2282 2832 2337 lucida
2867 2289 3078 2348 mente,
3111 2267 3547 2336 inaccessibiles
3578 2279 3777 2350 splen-

2075 2371 2245 2426 dores
2297 2371 2527 2427 Domini
2577 2386 2808 2441 semper
2854 2369 3208 2424 intuentur:
3259 2368 3328 2423 ad
3381 2382 3557 2437 quam
3602 2372 3775 2422 tanta;

2077 2476 2409 2516 mensuram
2463 2461 2791 2532 pertingere
2839 2456 3134 2513 felicitatis
3167 2456 3321 2511 haud
3374 2456 3542 2510 facile
3590 2454 3779 2510 homi-

2075 2553 2249 2607 nibus
2276 2557 2389 2606 est:
2445 2552 2542 2605 sed
2593 2549 2846 2603 laborius
2877 2549 2945 2602 ad
2996 2547 3104 2601 hoc
3153 2563 3301 2617 opus
3344 2550 3432 2601 est
3481 2544 3778 2616 plurimis,

2076 2640 2612 2709 certaminibusque
2676 2645 2730 2693 et
2807 2636 3123 2691 sudoribus
3190 2634 3537 2689 innumeris.
3609 2632 3777 2688 Multi

2078 2733 2291 2802 quippe
2323 2734 2462 2785 sunt
2492 2728 2704 2799 quibus
2730 2727 2919 2799 gratia
2948 2727 3100 2781 inest
3128 2726 3366 2797 quidem
3413 2724 3779 2792 operationes

2078 2822 2245 2876 etiam
2308 2821 2593 2891 quasdam
2655 2834 2787 2872 suas
2841 2832 3117 2872 exercens
3176 2831 3189 2869 :
3254 2819 3525 2869 caeterum
3577 2812 3658 2868 ita
3717 2816 3781 2869 ut

2079 2910 2251 2965 simul
2286 2926 2401 2963 non
2435 2908 2589 2962 absit
2621 2907 2692 2960 ab
2738 2906 2807 2960 iis
2858 2905 3081 2959 malitia
3126 2905 3285 2958 intus
3324 2902 3531 2959 latens.
3584 2903 3782 2975 Itaque

2078 3003 2217 3052 tunc
2258 3000 2430 3051 ambo
2477 2996 2741 3066 spiritus,
2792 2994 3023 3048 lucidus
3072 2997 3127 3047 et
3167 2992 3527 3058 tenebrosus,
3569 2991 3627 3045 in
3663 3007 3779 3046 uno

2079 3091 2135 3141 et
2166 3087 2366 3141 eodem
2399 3090 2715 3153 cperantur
2745 3081 2934 3136 corde.
2968 3081 3123 3146 Quod
3161 3086 3350 3134 autem
3395 3079 3613 3133 dictum
3646 3089 3732 3133 est
3763 3096 3778 3135 :

2082 3177 2209 3244 Qum
2250 3178 2394 3231 enim
2438 3173 2667 3229 societas
2707 3172 2816 3227 luci
2862 3172 2940 3225 ad
2989 3168 3242 3225 tenebras
3289 3164 3384 3222 ὀἳ
3425 3167 3524 3222 Et:
3578 3167 3696 3221 Lua:
3722 3169 3783 3221 in

2078 3264 2316 3320 tenebris
2372 3264 2514 3317 lucet
2544 3260 2619 3316 ’7:
2670 3259 3023 3330 similiaque,
3057 3256 3286 3311 divisim
3342 3272 3406 3310 ac
3454 3253 3782 3326 sigillatim,

2078 3369 2194 3408 non
2243 3351 2613 3407 uniformiter
2639 3357 2693 3403 et
2739 3348 2797 3403 in
2848 3349 3184 3403 universum
3236 3342 3572 3413 accipienda
3621 3346 3782 3399 sunt.

2078 3442 2223 3496 Nam
2258 3442 2317 3495 in
2366 3445 2590 3495 tantum
2643 3436 2885 3509 quidam
2929 3435 3313 3506 acquiescant
3341 3433 3536 3501 gratia
3569 3429 3687 3497 Dei,
3723 3430 3783 3485 in

2081 3536 2367 3604 quantum
2421 3530 2721 3585 continere
2770 3529 2996 3598 seipsos
3048 3527 3313 3595 possunt,
3369 3530 3424 3578 et
3467 3537 3582 3576 non
3631 3518 3785 3575 vinci

2078 3624 2148 3676 ab
2182 3620 2543 3675 inhabitants
2576 3618 2636 3672 in
2665 3617 2808 3687 ipsis
2857 3620 3110 3683 peccato.
3157 3612 3258 3668 His
3302 3611 3606 3682 contingit,
3643 3608 3786 3664 dum

2079 3707 2445 3765 constantius
2488 3705 2782 3761 interdum
2831 3703 3227 3773 attentiusque
3269 3700 3516 3755 orationi
3560 3703 3787 3765 vacant,

2081 3804 2141 3852 ut
2174 3798 2369 3867 quiete
2420 3795 2875 3864 perfundantur;
2926 3796 3125 3861 postea
3173 3795 3368 3844 tamen
3418 3786 3786 3842 sordidarum

2080 3886 2500 3955 cogitationum
2553 3881 2810 3934 insultas
2857 3877 3021 3946 pati;
3076 3875 3217 3945 quin
3263 3880 3320 3929 et
3365 3892 3396 3927 a
3438 3872 3789 3941 subrepente

2080 3975 2283 4028 furtim
2336 3970 2540 4025 incessi
2591 3973 2857 4038 peccato;
2913 3972 3189 4036 prwsente
3239 3960 3621 4015 nihilominus
3656 3957 3789 4027 ipsa

2080 4075 2316 4132 quoque
2351 4057 2558 4129 gratia.
2601 4055 2863 4109 Leviores
2903 4052 3084 4122 igitur
3128 4054 3186 4103 et
3236 4050 3427 4102 minus
3469 4048 3645 4113 cauti,
3679 4058 3785 4099 nec

2081 4149 2233 4205 satis
2283 4145 2698 4214 intelligentes,
2739 4148 3031 4212 quatenus
3062 4140 3120 4193 in
3153 4138 3296 4208 ipsis
3337 4134 3551 4207 polleat
3590 4133 3788 4189 divina

2078 4238 2282 4311 gratia,
2341 4243 2559 4290 temere
2617 4233 2863 4288 credunt
2925 4229 3092 4300 plane
3148 4229 3270 4297 jam
3330 4224 3777 4280 exterminatum

2079 4345 2206 4384 esse
2259 4333 2576 4398 peccatum.
2628 4325 2701 4377 At
2762 4321 2995 4375 discreti
3047 4326 3101 4373 et
3149 4333 3279 4371 vere
3326 4314 3641 4387 prudentes
3696 4328 3788 4369 re-

2080 4434 2234 4482 rum,
2269 4433 2380 4470 non
2412 4414 2614 4484 utique
2647 4412 2871 4466 inlicias
2898 4408 3128 4473 iverint,
3161 4423 3223 4461 se
3271 4411 3573 4474 utcunque
3615 4401 3788 4458 inha-

2081 4508 2299 4562 bitante
2333 4503 2606 4575 dignatos
2651 4502 2859 4572 gratia,
2900 4514 3006 4553 nec
3044 4503 3239 4551 tamen
3280 4492 3551 4565 turpibus
3589 4497 3647 4545 et
3686 4489 3788 4545 ab-

2005 4573 2050 4637 Ῑ)
2082 4596 2277 4651 surdis
2307 4573 2752 4664 cogitationibus
2785 4606 2897 4643 non
2930 4586 3183 4643 concuti.

395 4694 497 4751 IA'.
532 4688 763 4764 Εἶ’δομέν
793 4711 942 4753 τινας
974 4690 1026 4745 ἐν
1058 4694 1173 4752 τοῖς
1222 4687 1479 4767 ἀδελφοῖς
1529 4688 1798 4750 πολλάκις
1831 4688 1973 4744 οὕτω

322 4784 595 4844 πλουσίας
642 4788 742 4851 τῆς
777 4780 1000 4856 χέριτος
1050 4778 1499 4850 ἐπιλελαυκότας,
1532 4778 1606 4841 ὡς
1637 4780 1795 4835 πέντε
1840 4780 1979 4857 χρόα-

322 4894 432 4928 νων
484 4871 573 4927 καὶ
623 4863 675 4940 ἔξ
722 4868 1172 4944 ἂπομαρανθῆναι
1229 4867 1414 4923 τέλεον
1464 4869 1652 4931 αὐτοῖς
1707 4868 1796 4923 καὶ
1842 4868 1975 4923 ἀπο-

324 4956 550 5030 σϐῆναι,
579 4960 645 5015 τὰ
674 4965 772 5027 τῆς
806 4957 1120 5031 ἐπιθυμίαις
1143 4976 1156 4991 ⁶
1193 4957 1325 5026 εἶτα,
1360 4960 1433 5020 ὡς
1474 4955 1657 5029 ἔδοξαν
1691 4958 1867 5031 ὅρμου
1888 4976 1977 5029 καὶ

322 5050 581 5128 γαλήνης
625 5042 1001 5116 ἐπιλαὸἐσθαι,
1035 5048 1158 5103 τότε
1214 5049 1452 5122 καθάπερ
1497 5046 1547 5120 ἐξ
1599 5044 1812 5122 ἐνέδρας
1858 5048 1976 5103 ἐπι-

325 5144 558 5216 φανεῖσα
585 5137 801 5198 τούτοις
833 5138 868 5206 ἡ
918 5134 1081 5192 κακία
1119 5136 1262 5192 οὕτω
1313 5134 1591 5210 δυσμενῶς
1643 5136 1854 5191 ἐπέθετο
1887 5138 1976 5193 καὶ

326 5228 560 5305 ἀγρίως,
605 5231 679 5288 ὼς
737 5222 994 5303 ἔκπγηξιν
1056 5226 1239 5289 αὐτοῖς
1293 5229 1525 5281 ἓνθεῖναι
1580 5227 1664 5280 καὶ
1702 5226 1928 5302 ἀπορίαν
1960 5244 1975 5259 ⁸

325 5317 629 5395 τεθάῤῥηκε
677 5315 845 5370 τοίνυν
908 5313 1084 5377 οὐδεὶς
1141 5321 1250 5372 τῶν
1300 5315 1388 5386 ὀξὺ
1449 5313 1539 5369 διὰ
1595 5316 1798 5371 σύνεσιν
1855 5316 1976 5390 βλε-

326 5410 514 5465 πόντω
564 5405 755 5474 εἰπεῖν,
817 5404 898 5459 ὅτι
957 5405 1180 5481 χάριτός
1232 5425 1326 5478 μοι
1386 5405 1667 5476 συνοόσης,
1717 5404 1977 5476 ἀπήλλα-

327 5518 470 5578 γμαι
517 5494 715 5552 λοιπον
758 5494 847 5549 καὶ
906 5499 1007 5565 τῆς
1080 5492 1366 5570 ἁμαρτίας.
1416 5495 1657 5570 Ἐναργεῖ
1726 5494 1852 5573 γὰρ,
1903 5494 1978 5561 ὡς

419 5670 470 5710 ³⁸
501 5669 558 5729 It
585 5669 716 5730 Cor.
748 5684 827 5744 ιν,
862 5670 927 5727 14
1002 5668 1051 5707 ³⁷
1084 5667 1253 5730 Joan.
1288 5686 1329 5744 ι,
1349 5671 1405 5729 5.

2156 4685 2297 4740 XIV.
2351 4683 2630 4738 Novimus
2679 4679 2962 4751 quosdam
3010 4692 3079 4730 ex
3126 4671 3407 4729 fratribus
3457 4684 3611 4739 saepe
3645 4666 3787 4723 adeo

2087 4772 2249 4830 uberi
2309 4769 2716 4843 superfusione
2768 4765 2968 4837 gratiis
3017 4763 3255 4827 ditatus,
3305 4764 3371 4813 ut
3417 4758 3677 4828 quinque
3721 4769 3787 4810 ac

2086 4880 2185 4920 sex
2225 4863 2363 4917 totis
2408 4858 2576 4915 annis
2624 4858 2683 4911 in
2720 4855 2864 4928 ipsis
2916 4852 3142 4923 penitus
3188 4848 3366 4903 veluti
3397 4843 3790 4901 emarcuerint

2085 4961 2141 5010 et
2194 4955 2487 5010 exstinctae
2556 4948 2769 5004 fuerint
2819 4945 3171 5014 cupiditates
3220 4959 3234 5008 ;
3295 4935 3506 4993 deinde
3568 4945 3784 5006 tamen,

2086 5044 2222 5100 dum
2268 5049 2432 5113 portu
2472 5045 2530 5095 et
2578 5036 3008 5107 tranquillitate
3057 5031 3167 5086 frui
3216 5028 3584 5093 videbantur,
3614 5040 3790 5096 appa-

2085 5141 2305 5190 rentem
2367 5147 2592 5197 rursus,
2659 5128 2814 5183 velut
2869 5143 2937 5181 ex
2992 5121 3245 5188 insidiis,
3321 5117 3607 5173 malitiam
3666 5120 3787 5168 tam

2084 5222 2527 5278 venemcntibus
2596 5219 2721 5289 ipso
2793 5217 2931 5272 feris
3004 5211 3320 5268 insultibus
3377 5205 3665 5278 pulsasse.
3725 5206 3792 5258 ut

2086 5328 2353 5386 pavorem
2386 5317 2444 5367 et
2486 5310 3017 5366 consternationem
3062 5303 3206 5374 ipsis
3253 5300 3556 5354 incuteret.
3605 5296 3789 5349 Nemo

2085 5407 2263 5477 igitur
2319 5417 2543 5470 eorum,
2578 5402 2811 5473 ‘quibus
2867 5399 3094 5454 acutius
3152 5404 3385 5447 cernere
3431 5401 3607 5442 sacrae
3657 5401 3789 5457 pru-

2084 5476 2291 5553 dentiae
2325 5494 2525 5550 lumen
2558 5492 2741 5565 dedit,
2787 5489 2945 5548 ausit
2982 5498 3247 5557 unquam
3297 5481 3486 5539 dicere
3515 5492 3529 5534 :
3565 5476 3645 5534 Ex
3673 5490 3791 5551 quo
