4116 6210
354 364 466 422 903

1697 368 1759 426 S.
1809 367 2009 427 MACA
2023 364 2129 427 RIl
2173 371 2519 432 IEGYPTII

3702 373 3824 433 904

345 502 685 568 ρι’ωεθοιοιο
720 495 778 550 in
812 512 902 552 me
944 497 1132 551 sentio
1176 495 1450 568 gratiam,
1490 495 1770 553 liberatus
1813 515 1938 554 sum
1987 499 2034 554 ir

2163 498 2394 577 εἷ’ρηται,
2427 500 2515 557 καὶ
2555 501 2620 557 τὰ
2660 499 2755 555 δύο
2801 497 2853 554 ἐν
2884 504 2963 572 τῷ
3003 500 3076 555 ἐνὶ
3120 500 3209 555 καὶ
3258 504 3337 573 τῷ
3384 501 3534 572 αὐτῷ
3563 503 3661 572 νῷ,
3715 496 3812 552 κᾶν

343 603 516 643 omne
549 593 778 656 tempus
820 588 891 642 ab
932 587 1088 642 omni
1140 587 1376 642 malitia.
1439 587 1563 642 Duo
1612 589 1792 659 enim,
1844 595 1908 644 ut
1960 591 2049 645 di-

344 683 501 732 ctum
532 682 639 738 est,
671 677 824 733 inter
853 695 915 733 se
966 678 1201 734 adversa
1252 679 1308 732 in
1362 685 1556 733 mente
1605 685 1810 750 agunt,
1863 682 2049 752 gratia

343 772 400 823 et
430 768 923 838 concupiscentia,
973 775 1270 839 utcunque
1315 769 1429 823 cito
1473 770 1694 823 creduli
1726 775 1782 824 et
1821 769 2049 841 impru—

343 858 549 911 dentes
599 857 797 912 statim
845 859 1044 912 dicant
1088 876 1101 913 :
1163 859 1418 927 Vicimus,
1468 867 1518 912 et
1566 858 1903 913 debellatum
1928 861 2050 930 jam

341 954 436 1000 est.
476 946 611 1000 Mihi
653 947 886 1017 quidem
921 958 1120 1001 contra
1152 950 1234 1002 sic
1265 947 1532 1001 videnlur
1565 947 1738 1017 hujus
1773 965 1832 1002 se
1883 965 2052 1019 gene-

344 1035 424 1091 ris
456 1052 549 1091 res
601 1037 830 1102 habere,
874 1043 936 1090 ut
985 1035 1218 1107 quando
1267 1037 1375 1092 soli
1431 1053 1570 1108 pure
1625 1037 1867 1108 fulgenti
1919 1037 2051 1094 sub-

343 1124 537 1180 oriens
587 1137 818 1196 repente
858 1141 1038 1191 vapor
1083 1131 1139 1180 et
1185 1126 1373 1195 caligo
1414 1127 1673 1181 velamen
1725 1125 1900 1181 veluti
1941 1129 2044 1182 ob-

340 1215 601 1283 duxerit;
635 1217 715 1270 sic
746 1215 1033 1281 similiter,
1076 1216 1162 1270 uti
1213 1216 1497 1285 diximus,
1549 1233 1610 1272 se
1663 1217 1894 1284 habent,
1947 1218 2047 1290 qui

338 1303 528 1374 gratia
585 1306 682 1360 Dei
741 1305 941 1375 potiti,
1005 1307 1104 1360 sed
1165 1311 1431 1361 accurate
1489 1306 1746 1360 nondum
1812 1305 2046 1378 purgati

338 1397 510 1460 sunt;
543 1394 642 1448 sed
691 1392 749 1448 in
800 1394 1197 1465 penetralibus
1248 1394 1557 1465 profundis
1608 1396 1798 1450 adhuc
1829 1412 1862 1450 a
1908 1413 2048 1468 pec-

338 1487 464 1538 cato
521 1487 814 1538 tenentur.
877 1483 1063 1547 Quare
1123 1484 1310 1539 multa
1373 1484 1630 1555 profecto
1697 1483 2044 1542 discretione

336 1588 481 1643 opus
511 1579 617 1638 est,
655 1574 726 1627 ad
759 1573 1170 1643 experientiam
1213 1589 1408 1629 rerum
1443 1572 1648 1630 talium
1682 1575 2041 1646 perfectissi-

337 1678 491 1718 mam
525 1663 876 1733 paraudam.
1487 1711 1498 1716 _

403 1751 520 1807 XV.
579 1751 652 1808 Ut
711 1753 835 1808 sine
895 1751 1102 1821 oculis,
1163 1753 1381 1824 lingua,
1443 1753 1708 1820 auribus,
1770 1753 2039 1825 pedibus,

333 1841 536 1909 videri,
585 1842 724 1910 dici,
776 1842 990 1911 audiri,
1038 1842 1325 1898 ambulari
1376 1844 1578 1915 nequit
1620 1862 1633 1912 ;
1685 1843 1769 1898 sic
1821 1845 2042 1916 pariter

334 1931 697 2002 impossibile
747 1937 856 1993 est,
906 1933 1032 1988 sine
1081 1933 1197 1988 Deo
1245 1940 1297 1989 et
1345 1933 1416 1988 ab
1456 1934 1581 2003 ipso
1630 1935 1765 1989 dato
1814 1933 2036 1989 efﬁcaci

336 2021 487 2076 165
547 2022 783 2091 auxilio,
845 2023 1274 2079 communicare
1335 2024 1625 2095 mysteriis
1685 2023 1919 2091 divinis,
1983 2027 2040 2078 et

337 2126 506 2166 nosse
567 2112 662 2167 Dei
729 2113 1102 2183 sapientiam,
1162 2118 1263 2167 aut
1322 2113 1377 2167 in
1451 2113 1675 2183 Spiritu
1734 2115 2034 2171 ditescere.

335 2199 480 2256 Nam
528 2202 819 2272 sapientes
869 2203 1104 2274 quidem
1153 2207 1506 2268 Gracorum,
1567 2204 1623 2258 in
1658 2205 2037 2259 meditatione

334 2291 733 2348 doctrinarum
785 2298 1141 2360 exercentur,
1193 2300 1248 2348 et
1280 2295 1347 2348 ad
1385 2295 1630 2349 invicem
1667 2295 2038 2366 reciprocan-

334 2381 438 2436 das
469 2382 774 2437 verborum
807 2384 929 2436 rixa
960 2382 1132 2454 longo
1181 2383 1296 2436 triti
1348 2399 1457 2438 usu
1509 2389 1664 2439 sunt.
1719 2384 1881 2439 Servi
1928 2401 2035 2438 au-

332 2475 448 2524 tem
482 2470 603 2537 Dei,
658 2470 764 2526 elei
797 2475 1205 2541 congressibus
1255 2472 1712 2540 disputationum
1758 2471 2035 2527 inexerci-

334 2558 435 2612 tati
469 2560 608 2627 sint,
643 2567 834 2615 tamen
884 2560 1077 2613 divina
1127 2558 1328 2614 notitia
1358 2565 1415 2614 et
1465 2559 1566 2614 Dei
1617 2561 1804 2631 gratia
1864 2560 2038 2630 perfi-

333 2648 591 2702 ciunlur.

401 2735 552 2792 XVI.
585 2736 782 2792 Audeo
831 2736 1041 2806 dicere,
1080 2754 1150 2792 ne
1199 2737 1343 2809 ipsis
1396 2738 1630 2807 quidem
1679 2737 1798 2794 illis
1838 2743 2037 2795 sancto

332 2825 624 2881 Paracleto
693 2826 929 2896 repletis
1007 2826 1282 2894 apostolis
1345 2827 1662 2897 contigisse
1725 2833 1788 2882 ut
1871 2829 2037 2882 liberi

331 2932 571 2984 prorsus
601 2933 635 2970 a
665 2917 817 2970 curis
847 2923 1081 2982 essent;
1116 2919 1217 2971 sed
1250 2916 1698 2972 exsultationem
1744 2925 1802 2972 et
1831 2917 2036 2972 ineffa-

329 3007 443 3062 bile
474 3024 673 3063 eorum
708 3009 981 3078 gaudium
1015 3014 1071 3063 et
1103 3010 1275 3062 timor
1323 3009 1537 3080 aliquis
1579 3015 2040 3079 consequebatur

327 3115 395 3154 ex
427 3100 548 3168 ipsa
595 3102 804 3168 gratia,
862 3115 930 3152 ne
982 3101 1124 3154 forte
1175 3100 1388 3170 pejoris
1442 3101 1624 3171 partis
1676 3106 2039 3155 tentarentur

327 3191 752 3244 occasionibus.
791 3191 920 3260 Ipsa
950 3190 1104 3244 enim
1139 3190 1324 3257 gratia
1354 3191 1411 3242 in
1445 3197 1567 3243 tuto
1623 3205 1711 3244 res
1771 3191 2035 3261 ipsorum

2167 591 2216 644 οἱ
2250 589 2469 646 εῦκολοὶ
2518 612 2574 645 τε
2611 591 2700 645 καὶ
2753 590 2978 663 ἀμαθεῖς
3033 593 3224 665 μικρὸν
3278 612 3331 646 τι
3377 598 3529 662 νῆμα
3569 608 3819 661 πνευμα-

2158 683 2309 737 τικὸν
2378 681 2700 761 ἐσχηκότες,
2762 679 3062 753 Νενίκημεν
3115 679 3247 752 ἤδη,
3313 679 3584 756 λέγουσιν.
3647 682 3813 754 Ἐμοὶ

2161 769 2217 825 δὲ
2276 769 2437 825 δωκῶ
2502 772 2567 825 τὰ
2626 771 2923 844 πράγματα
2971 769 3149 834 οῦτῶς
3175 767 3324 845 ἔχειν
3361 790 3374 803 ·
3435 769 3618 844 ὥσπερ
3687 769 3815 824 ὅταν

2160 858 2325 928 ἡλίου
2356 865 2612 934 καφαρῶς
2659 858 3066 931 ἐπιλάμποντος
3097 860 3368 920 σκοτεινὸς
3399 861 3426 914 ὁ
3478 859 3615 933 ἀνήρ
3662 856 3814 936 ἄφνω

2158 949 2193 1018 ἢ
2255 948 2472 1023 ὁμίχλη
2519 947 2894 1022 ἐπιδραμοῦσα
2942 949 3259 1022 ἐπισκοτίσῃ
3312 950 3480 1004 αὐτοῦ
3528 953 3608 1019 τῷ
3655 947 3815 1019 καλῷ

2160 1037 2299 1117 φωτί
2333 1057 2346 1070 ο
2379 1037 2556 1110 τούτῳ
2597 1040 2696 1112 γὰρ
2748 1035 3150 1112 παραπλησίως
3206 1036 3396 1112 ἔχουσι
3437 1041 3518 1109 τῷ
3559 1034 3714 1112 λόγῳ
3760 1038 3814 1091 οἱ

2157 1133 2257 1195 τῆς
2311 1127 2404 1200 μὲν
2470 1131 2570 1182 τοῦ
2637 1131 2770 1181 Θεοῦ
2837 1126 3064 1201 χάριτος
3124 1125 3495 1203 ἐπιτυχόντες,
3533 1127 3702 1198 μήπω
3754 1123 3815 1180 δὲ

2157 1216 2292 1288 πρὸς
2350 1211 2626 1288 ἀκρίϐειαν
2686 1212 3147 1290 διακαθαρθέντες,
3209 1214 3336 1270 ἀλλ’
3410 1214 3460 1271 ἐν
3515 1219 3593 1289 τῷ
3655 1215 3811 1291 βάθει

2157 1298 2234 1358 ἔτι
2267 1305 2591 1378 κατάσχετοι
2623 1302 2768 1366 ὄντες
2803 1304 2905 1358 ὑπὸ
2951 1311 3053 1374 τῆς
3101 1305 3366 1379 ἁμαρτίας
3399 1323 3413 1341 ο
3464 1302 3603 1360 ὥστε
3658 1303 3811 1360 πολ-

2158 1391 2258 1461 λῆς
2289 1397 2370 1466 τῷ
2402 1389 2513 1448 ὄντι
2553 1399 2651 1463 τῆς
2695 1390 3008 1468 διακρίσεως
3040 1390 3123 1448 δεῖ
3152 1393 3288 1467 πρὸς
3317 1394 3380 1448 τὸ
3437 1393 3596 1468 πείρᾳ
3635 1398 3807 1450 ταῦτα

2160 1485 2237 1554 τῷ
2258 1480 2564 1556 τελεωτάτη
2592 1477 2913 1559 προλαϐεῖν.

2223 1753 2323 1808 ΙΕ’.
2384 1762 2559 1827 Ωσπερ
2601 1771 2888 1828 αμηχανον
2932 1751 3232 1829 ὀφθαλμῶν
3289 1751 3411 1807 ἄνευ
3469 1752 3558 1806 καὶ
3609 1751 3805 1830 γλώτ-

2149 1859 2268 1911 της,
2302 1836 2454 1896 ὤτων
2501 1861 2559 1896 τε
2596 1841 2683 1895 καὶ
2736 1838 2917 1896 ποδῶν
2965 1839 3186 1916 βλέπειν
3228 1843 3262 1913 ἢ
3323 1841 3522 1919 λέγειν,
3579 1841 3802 1898 ἀκούειν

2147 1931 2182 2001 ἢ
2242 1939 2554 2007 περιπατεῖν
2609 1951 2622 1965 °
2685 1933 2858 1998 οὕτως
2923 1934 3113 2006 ἐπίσης
3187 1932 3467 2004 ἀδύνατον,
3523 1937 3646 1990 ἄνευ
3703 1939 3803 1990 τοῦ

2150 2026 2281 2076 Θεοῦ
2312 2022 2398 2076 καὶ
2429 2029 2528 2091 τῆς
2561 2020 2759 2077 ἐκεῖθεν
2804 2021 3093 2096 διδομένης
3153 2021 3441 2099 ἐνεργείας,
3478 2023 3801 2098 μυστηρίων

2145 2118 2477 2180 κοινωνῆσαι
2527 2110 2703 2179 θείων,
2753 2112 2842 2166 καὶ
2893 2109 3088 2167 εἰδέναι
3147 2118 3280 2168 Θεοῦ
3326 2113 3534 2192 σοφίαν,
3567 2113 3603 2182 ἢ
3658 2114 3799 2169 κατὰ

2147 2204 2366 2273 Πνεῦμα
2413 2200 2691 2256 πλουτεῖν.
2751 2201 2813 2255 Οἱ
2870 2203 2961 2274 μὲν
3013 2203 3113 2276 γὰρ
3166 2202 3322 2280 σοφοὶ
3371 2207 3477 2258 τῶν
3507 2202 3796 2272 Ἑλλήνων

2145 2289 2196 2344 ἐν
2249 2289 2436 2364 λόγοις
2478 2295 2788 2363 ἀσκοῦνται,
2836 2294 2924 2347 καὶ
2976 2293 3112 2366 πρὸς
3155 2292 3504 2369 λογομαχίας
3536 2293 3796 2366 ἐκθύμως

2145 2378 2510 2453 ἠσχόληνται.
2545 2382 2607 2435 Οἱ
2658 2379 2713 2436 δὲ
2751 2385 2851 2436 τοῦ
2901 2386 3033 2436 Θεοῦ
3075 2380 3287 2449 δοῦλοι,
3319 2381 3414 2438 κᾶν
3453 2381 3795 2455 ἀνομίλητοι

2147 2466 2328 2544 λόγων
2377 2468 2527 2537 ὦσιν,
2577 2468 2705 2524 ἀλλ’
2749 2468 2840 2525 οὖν
2887 2471 3005 2544 θείᾳ
3057 2473 3254 2546 γνώσει
3305 2473 3394 2527 καὶ
3434 2477 3568 2528 Θεοῦ
3604 2473 3796 2548 χάριτι

2146 2558 2576 2633 καταρτίζονται.

2222 2737 2342 2811 ἶς’.
2378 2739 2642 2810 Ιῐείθομαι
2677 2739 2876 2814 λέγων,
2920 2741 3104 2819 φησὶν,
3156 2741 3239 2796 ὅτι
3282 2741 3374 2797 καὶ
3419 2741 3607 2804 αὐτοῖς
3659 2742 3804 2798 ἐκεί-

2145 2846 2260 2886 νοις
2291 2832 2408 2890 τοῖς
2440 2827 2770 2890 ἀποστόλοις
2801 2833 2897 2884 τοῦ
2936 2829 3140 2905 ἀγαθοῦ
3183 2833 3547 2905 ιιαρακλήτου
3579 2832 3806 2902 πεπλη-

2149 2916 2443 2988 ρωμένοις,
2520 2917 2784 2990 οὐμενοῦν
2854 2920 3106 2986 καθαρῶς
3191 2919 3406 2994 ὑπῆρχε
3491 2919 3799 2998 φροντίδων

2148 3004 2385 3058 ἀνεῖσθαι
2421 3023 2433 3036 ·
2459 3004 2602 3059 ἀλλὰ
2633 3007 2765 3078 πρὸς
2797 3010 2864 3080 τῇ
2899 3007 3220 3081 ἀγαλλιάσει
3251 3010 3339 3063 καὶ
3372 3008 3596 3084 ἀρρήτῳ
3626 3014 3799 3088 χαρᾷ,

2146 3093 2235 3146 καὶ
2277 3091 2449 3170 φόϐος
2480 3115 2561 3155 τις
2595 3095 2776 3150 εἳπετο
2828 3095 2879 3166 ἐξ
2939 3096 3108 3165 αὐτῆς
3177 3094 3354 3168 δήπου
3393 3105 3491 3167 τῆς
3543 3100 3802 3173 χάριτος,

2148 3183 2277 3256 οὐχὶ
2317 3187 2414 3237 τοῦ
2441 3191 2541 3251 τῆς
2591 3184 2779 3245 κακίας
2813 3184 3009 3260 μέρους
3063 3180 3295 3259 ἔχοντας
3335 3189 3608 3262 ἀφορμάς.
3641 3186 3798 3257 Αὐτὴ

330 3281 609 3347 ponebat,
658 3295 728 3333 ne
778 3278 865 3332 vel
915 3281 984 3332 ad
1035 3279 1332 3333 minimum
1389 3280 1731 3333 excederent
1780 3297 1813 3333 a
1857 3286 2030 3335 recto.

2152 3271 2246 3345 γὰρ
2279 3274 2312 3339 ἡ
2349 3272 2510 3346 χάρις
2564 3273 2616 3327 ἐν
2662 3272 2897 3347 ἀσφαλεῖ
2940 3277 3006 3329 τὰ
3048 3275 3266 3330 ἐκείνων
3313 3273 3476 3332 ἐτίθει
3505 3281 3602 3330 τοῦ
3657 3274 3806 3348 μηδὲ

325 3369 510 3438 Atque
542 3374 604 3422 ut
636 3366 915 3438 puerulus
949 3383 1120 3438 parvo
1151 3367 1373 3422 calculo
1405 3367 1464 3421 in
1503 3384 1734 3422 murum
1781 3367 2033 3423 solidum

325 3461 586 3528 conjecto
637 3457 866 3512 nullum
912 3458 962 3512 ei
1010 3459 1287 3513 damnum
1333 3458 1506 3513 infert
1552 3478 1566 3526 ;
1621 3464 1720 3512 aut
1773 3459 2032 3527 jaculum

325 3547 524 3612 hebes,
567 3547 804 3602 loricam
851 3547 1075 3602 ﬁrmam
1111 3548 1354 3602 minime
1387 3547 1573 3615 laedit;
1626 3547 1709 3603 sic
1755 3565 1889 3618 pars
1939 3547 2036 3603 illa

328 3636 562 3691 malitiae
613 3636 834 3708 reliqua
881 3637 939 3691 in
986 3638 1113 3708 ipso
1160 3638 1440 3707 impetum
1495 3637 1714 3692 faciens
1766 3638 2036 3692 inefﬁcax

325 3731 382 3782 et
413 3727 805 3782 frustraneum
835 3743 960 3783 esse
987 3728 1523 3792 demonstrabatur,
1581 3728 1736 3798 quod
1783 3727 1914 3782 illos
1945 3729 2035 3782 ni-

331 3817 544 3873 mirum
578 3818 789 3874 Cbristi
822 3821 1005 3874 virtus
1055 3820 1272 3890 optime
1323 3818 1690 3873 munivisset.
1746 3817 2032 3874 Castorum

331 3909 766 3980 quantumlibet
815 3908 1102 3981 perfectis,
1149 3908 1390 3985 libertas
1441 3917 1632 3964 tamen
1671 3909 1897 3964 arbitrii
1947 3910 2034 3963 in-

327 4003 469 4054 erat.
501 3997 623 4054 Non
657 4000 810 4054 enim
841 4016 1032 4054 verum
1064 4006 1170 4067 est,
1203 3999 1356 4069 quod
1387 3999 1625 4070 quidam
1659 3999 1866 4055 inscite
1905 4014 2032 4068 gar-

328 4088 508 4156 riunt,
543 4095 672 4157 post
703 4095 995 4159 acceptam
1028 4089 1298 4158 gratiam,
1333 4088 1477 4142 nihil
1521 4087 1634 4142 nisi
1686 4087 2034 4144 laxationem

327 4183 384 4232 et
415 4179 670 4249 quietem
722 4189 952 4233 restare.
1006 4178 1268 4246 Requirit
1309 4178 1464 4232 enim
1499 4177 1784 4232 Dominus
1814 4177 1869 4231 in
1906 4194 2032 4246 per-

322 4267 486 4322 fectis
516 4283 749 4337 quoque
780 4266 1134 4321 voluntatem
1178 4267 1385 4320 anima:
1419 4267 1477 4321 in
1511 4264 1858 4336 obsequium
1896 4265 2034 4335 Spi-

319 4355 464 4410 ritus
508 4369 520 4408 :
553 4360 617 4408 ut
650 4353 771 4408 haec
801 4353 1046 4409 invicem
1080 4353 1469 4408 consentiant.
1503 4353 1655 4407 Dicit
1687 4353 1842 4408 enim
1879 4357 2031 4424 Apo-

318 4442 506 4498 stolus
538 4459 551 4498 :
586 4442 856 4513 Spiritum
887 4441 1059 4496 nolite
1087 4445 1436 4511 exstinguere
1475 4439 1542 4497 ³⁸.

388 4529 566 4588 XVII.
601 4531 860 4602 Simplici
896 4531 1363 4587 nomenclatione
1390 4531 1700 4602 designare
1732 4548 1822 4588 res
1866 4531 2032 4589 facile

2148 3360 2283 3434 πρὸς
2317 3362 2509 3435 μικρὸν
2543 3358 2765 3430 ἐκϐῆναι
2807 3368 2903 3420 τοῦ
2948 3364 3132 3428 καλῶς
3181 3359 3422 3441 ἔχοντος.
3461 3365 3558 3419 Καὶ
3609 3364 3802 3442 ὥσπερ

2145 3470 2196 3502 τι
2226 3449 2440 3504 παιδίον
2489 3456 2655 3524 μικρᾷ
2686 3450 2884 3525 ψηφίδι
2923 3459 3111 3528 τεῖχος
3148 3449 3422 3529 βεϐληκὸς
3460 3453 3613 3509 οὐδὲν
3663 3452 3803 3523 ἤνυ-

2148 3560 2254 3601 σεν,
2289 3539 2322 3608 ἢ
2357 3538 2427 3601 ὥς
2475 3562 2526 3595 τι
2581 3540 2741 3615 βέλος
2788 3542 3001 3606 ἀσθενὲς
3051 3545 3271 3619 θώρακα
3322 3544 3546 3621 ἰσχυρὸν
3594 3544 3805 3614 ἥκιστα

2147 3629 2205 3684 ἂν
2271 3630 2480 3705 βλάψῃ,
2541 3632 2684 3687 οὕτω
2773 3630 2836 3702 δὴ
2922 3634 3010 3689 καὶ
3095 3637 3263 3709 μέρος
3337 3657 3391 3690 τι
3452 3643 3552 3706 τῆς
3609 3636 3809 3701 κακίας

2145 3715 2495 3793 προσϐάλλον
2547 3721 2732 3783 αὐτοῖς
2777 3721 3048 3798 ἄπρακτόν
3099 3746 3155 3779 τε
3201 3724 3291 3781 καὶ
3355 3727 3585 3798 μάταιον
3639 3726 3803 3797 ἀπη-

2147 3807 2376 3884 λέγχετο
2421 3830 2432 3842 ·
2469 3812 2559 3865 ἅτε
2588 3815 2656 3884 τῇ
2687 3816 2782 3866 τοῦ
2836 3813 3070 3886 Χριστοῦ
3103 3812 3328 3887 δυνάμει
3353 3815 3539 3876 καλῶς
3587 3817 3804 3892 φραξα-

2149 3896 2350 3970 μένοις.
2386 3898 2531 3969 Ζλήν
2568 3898 2715 3955 ἀλλὰ
2754 3901 2844 3956 καὶ
2884 3900 3119 3966 τελείοις
3159 3902 3306 3957 οὖσιν
3335 3907 3368 3974 ἡ
3410 3909 3506 3958 τοῦ
3551 3904 3806 3974 aii-reicu-

2147 3987 2265 4042 σίου
2315 3985 2591 4062 ἐλευθερία
2644 3997 2843 4060 παρῆν,
2901 3991 2992 4046 καὶ
3053 3992 3161 4068 οὐχ
3216 3991 3290 4054 ὥς
3345 4014 3487 4057 τινες
3544 3994 3803 4065 ἀνοήτως

2151 4079 2332 4156 φασίν,
2375 4079 2455 4133 ὅτι
2495 4079 2627 4151 μετᾶ
2675 4081 2835 4154 χάριν
2872 4082 2934 4135 τὸ
2973 4081 3080 4137 ἀπὸ
3133 4079 3293 4137 τοῦδε
3352 4081 3653 4161 φροντίδων
3706 4083 3806 4140 λύ-

2145 4188 2227 4230 σις
2257 4168 2346 4222 καὶ
2390 4167 2588 4230 ἄνεσις.
2637 4175 2798 4238 Ζητεῖ
2851 4170 2951 4245 γὰρ
2994 4172 3020 4226 ὁ
3054 4171 3257 4245 Κύριος
3284 4172 3378 4226 κάν
3412 4178 3529 4235 τοῖς
3559 4172 3804 4238 τελείοις

2141 4257 2203 4311 τό
2236 4256 2454 4330 θέλημα
2493 4266 2593 4328 τῆς
2637 4262 2824 4334 ψυχῆς
2868 4259 2944 4322 εἰς
2985 4258 3260 4317 διακονίαν
3305 4267 3402 4319 τοῦ
3454 4264 3803 4338 Πνεόματος,

2145 4345 2218 4407 ὡς
2277 4342 2547 4419 συμϐῆναι
2595 4352 2761 4403 ταῦτα
2810 4347 3106 4420 ἀλλήλοις.
3160 4353 3320 4428 Λέγει
3372 4355 3476 4428 γὰρ
3538 4354 3566 4408 ὁ
3626 4355 3803 4411 Ἀπό-

2143 4434 2339 4498 στολος
2373 4457 2384 4469 ’
2419 4438 2496 4494 Τὸ
2529 4441 2744 4511 Πνεῦμα
2777 4439 2852 4510 μή
2888 4433 3163 4498 σϐέννυτε.

2214 4530 2314 4582 ΙΖ’.
2345 4529 2414 4582 Τὸ
2450 4528 2543 4600 μὶν
2587 4526 2748 4601 ἀπλῷ
2782 4527 2936 4604 λόγῳ
2980 4527 3334 4602 παραδιδόναι
3381 4533 3450 4588 τὰ
3495 4534 3799 4609 πράγματα

318 4623 502 4679 cuivis
553 4638 610 4678 et
659 4622 816 4678 factu
873 4638 1122 4693 pronum
1183 4626 1290 4679 est.
1351 4621 1538 4677 Facile
1603 4621 1817 4694 quippe
1869 4622 2028 4677 omni

2152 4615 2434 4694 πρόχειρόν
2484 4638 2535 4671 τι
2583 4617 2674 4671 καὶ
2728 4617 2961 4682 εὐπετές.
3006 4618 3218 4691 Ῥᾴδιον
3252 4622 3356 4696 γὰρ
3383 4625 3464 4694 τῷ
3494 4624 3654 4679 παντὶ
3691 4622 3804 4678 λέ-

315 4712 658 4780 hominiset
707 4714 918 4779 dicere,
979 4729 1186 4784 panem
1249 4712 1402 4768 hunc
1452 4715 1542 4781 (ut
1593 4712 1702 4766 hoc
1758 4711 2020 4781 exemplo

317 4803 577 4872 utamur)
609 4819 673 4857 ex
725 4803 1012 4858 frumento
1060 4819 1186 4858 esse
1231 4807 1632 4873 compactum;
1669 4817 1780 4870 quo
1822 4813 2015 4856 autem

316 4892 488 4946 modo
521 4909 701 4962 quave
732 4899 853 4945 arte
887 4899 1004 4946 tota
1051 4893 1175 4959 ejus
1225 4891 1564 4962 praeparatio
1614 4890 2018 4945 administrata

313 4981 509 5045 fuerit,
548 4981 842 5047 sigillatim
884 4998 1188 5051 exponere,
1241 4980 1398 5035 haud
1444 4980 1638 5051 quivis
1680 4989 1883 5050 queat;
1915 4977 2017 5033 sed

311 5072 370 5127 id
401 5088 599 5127 eorum
636 5072 841 5125 saltem
876 5078 982 5137 est,
1032 5071 1129 5141 qui
1182 5070 1599 5140 experientiam
1653 5071 1727 5124 rei
1780 5069 2014 5123 habent.

310 5162 388 5216 Ad
419 5165 570 5218 hunc
604 5162 776 5235 igitur
810 5164 1092 5217 mendum
1126 5163 1362 5216 cuilibet
1397 5163 1452 5216 in
1490 5168 1755 5232 promptu
1805 5169 1912 5224 est,
1947 5159 2016 5213 de

304 5253 617 5308 aﬂectuum
677 5256 960 5308 vacuitate
1013 5259 1067 5306 et
1127 5253 1475 5321 perfectione
1533 5252 1865 5317 disserere;
1919 5265 2016 5303 ex-

307 5342 589 5410 perientia
619 5357 750 5397 vero
782 5356 1078 5412 capessere
1113 5344 1436 5413 negotium;
1482 5341 1588 5396 hoc
1633 5357 1767 5395 vero
1820 5343 1906 5395 est
1957 5355 2016 5394 re

303 5427 431 5497 ipsa
460 5438 516 5484 et
543 5430 602 5486 in
635 5433 872 5487 veritate
903 5431 1241 5487 methodum
1278 5429 1646 5503 perfectionis
1699 5428 2012 5500 percipere.

379 5517 596 5575 XVIII.
686 5522 1030 5594 Quicunque
1095 5523 1165 5578 de
1196 5521 1483 5594 spirituali
1550 5520 1810 5578 doctrina
1878 5521 2012 5576 sine

387 5701 433 5738 98
462 5703 661 5759 Thess.
690 5719 742 5768 ν,
781 5705 863 5759 19.

2132 4727 2244 4782 γειν
2274 4707 2366 4760 τὸν
2415 4704 2572 4781 ἄρτον
2623 4710 2832 4779 τοῦτον,
2868 4705 3266 4784 ὑποδείγματος
3297 4709 3353 4766 δὲ
3395 4709 3553 4790 λόγῳ
3583 4715 3788 4790 φαμὲν,

2131 4794 2234 4851 ἀπὸ
2267 4797 2416 4851 σίτου
2459 4800 2818 4871 γεγενῆσθαι*
2876 4800 2976 4868 τὴν
3033 4801 3240 4872 μέντοι,
3299 4802 3434 4856 κατὰ
3488 4803 3652 4876 μέρος
3685 4805 3794 4860 αὖ.

2126 4889 2221 4938 τοῦ
2279 4887 2606 4954 κατασκευὴν
2670 4885 2933 4956 ἐκθέσθαι,
2968 4888 3030 4944 οὐ
3097 4893 3194 4944 τοῦ
3264 4891 3463 4952 παντὸς
3531 4897 3734 4967 γνῶναι
3774 4914 3789 4928 °

2129 4972 2271 5028 ἀλλὰ
2325 4975 2499 5047 μόνων
2553 4975 2663 5030 ἐστὶ
2700 4981 2807 5030 τῶν
2855 4979 3289 5050 πεπειραμένων.
3322 4979 3478 5034 Οῦτω
3519 4984 3648 5056 γοῦν
3688 4985 3788 5038 καὶ

2125 5065 2186 5118 τὸ
2223 5067 2317 5136 μέν
2376 5065 2564 5129 ἁπλῶς
2621 5064 2743 5139 περὶ
2801 5065 3057 5129 ἀπαθείας
3111 5069 3287 5145 λέγειν
3331 5090 3387 5124 τε
3418 5068 3506 5124 καὶ
3567 5069 3794 5127 τελειό-

2125 5175 2288 5225 τητος
2317 5153 2530 5216 εὐπετές
2568 5175 2625 5208 τε
2644 5155 2734 5210 καὶ
2768 5154 2987 5232 εὐχερές
3020 5174 3033 5186 ·
3066 5158 3127 5211 τὸ
3161 5155 3218 5212 δὲ
3248 5158 3406 5230 πείρᾳ
3437 5160 3497 5212 τὸ
3554 5165 3790 5234 πρᾶγμα

2125 5241 2479 5320 παραλαϐεῖν,
2512 5245 2670 5298 τοῦτό
2704 5244 2812 5299 ἐστι
2853 5250 2930 5318 τῷ
2988 5240 3128 5322 ἔργῷ
3185 5248 3276 5302 καὶ
3317 5247 3553 5320 ἀληθείᾳ
3614 5271 3790 5307 κατα-

2127 5331 2311 5389 λαϐεῖν
2338 5333 2526 5403 εἷςτήν
2556 5335 2888 5406 κατασκευὴν
2929 5341 3028 5406 τῆς
3057 5335 3435 5409 τελειότητος.

2196 5516 2302 5570 ΙΠ’.
2361 5515 2514 5570 Ὅσοι
2579 5513 2775 5588 λόγους
2825 5517 3224 5592 πνευματικοὺς
3279 5517 3523 5596 γεύσεώς
3580 5541 3639 5577 τε
3699 5523 3796 5578 καὶ
