4082 6196
293 311 408 374 907

361 442 507 498 ΧΧΙ.
561 443 690 497 Haec
719 442 820 514 qui
861 445 1117 513 reputas,
1167 439 1484 508 ingredere,
1519 438 1631 506 aio,
1664 454 1765 510 per
1795 443 1987 492 atten-
2019 439 2071 503 Α

287 535 404 588 tam
473 532 528 586 in
590 531 968 603 cogitationes
1053 536 1179 584 tuas
1221 529 1500 600 vigiliam,
1549 530 1781 598 penitus
1840 529 1992 582 intra

288 620 579 692 captivam
630 625 789 674 tuam
835 623 891 674 et
921 635 1144 674 servam
1178 619 1399 688 peccati
1433 623 1714 682 mentem;
1767 621 1823 670 et
1871 615 1995 668 vide

286 709 455 766 illum
501 711 698 765 adhuc
745 710 897 764 infra
943 708 1324 780 cogitationes
1373 707 1531 778 ipsas
1585 707 1642 760 in
1676 706 1834 770 imis,
1865 721 1994 774 quis

285 799 587 866 dicuntur,
646 799 855 853 animm
906 797 1298 868 penetralibus
1339 802 1450 850 tua:
1495 794 1856 848 nidulantem
1893 809 1994 847 an-

285 905 482 962 guem,
529 890 1094 959 interficientemque
1129 892 1184 942 te
1223 903 1329 941 suo
1390 884 1716 940 inﬁciendis
1766 900 1994 939 veneno

285 977 582 1049 primariis
635 978 842 1032 animas
876 986 982 1031 tuas
1036 975 1337 1029 membris.
1389 975 1645 1044 Abyssus
1681 973 1836 1028 enim
1866 988 1996 1028 vere

287 1066 682 1122 incrustabilis
731 1083 830 1120 cor
885 1069 991 1119 est.
1062 1064 1120 1118 St
1177 1079 1312 1132 ergo
1379 1062 1536 1118 hunc
1601 1063 1888 1127 occidisti,
1947 1063 1993 1116 si

289 1162 573 1226 quantum
604 1160 724 1211 erat
757 1156 898 1209 imte
928 1152 1280 1224 iniquitatis,
1323 1156 1509 1206 totum
1543 1151 1899 1223 expurgasti,
1942 1157 1998 1206 et

289 1249 592 1314 peccatum
651 1243 891 1312 ejecisti,
943 1241 1187 1313 gloriare
1236 1241 1293 1295 in
1327 1242 1440 1296 Deo
1487 1241 1556 1294 de
1599 1242 1862 1311 puritate.
1895 1241 1993 1295 Sin

289 1331 507 1397 minus,
560 1331 925 1396 humiliatus,
974 1332 1055 1384 uti
1099 1345 1319 1400 egenus
1359 1339 1411 1383 et
1465 1335 1732 1399 peccator
1781 1330 1994 1395 adhuc,

291 1421 500 1476 accede
529 1420 599 1474 ad
632 1420 950 1486 Christum,
985 1435 1088 1488 pro
1131 1419 1373 1474 occultis
1406 1420 1518 1472 tuis
1548 1434 1743 1472 orans.
1810 1420 1996 1486 Appa-

291 1514 380 1565 ret
409 1511 561 1564 enim
605 1510 936 1564 universam
971 1516 1088 1562 tam
1145 1507 1351 1561 veteris
1393 1523 1564 1576 quam
1599 1507 1727 1560 novi
1763 1507 1998 1561 fmderis

292 1596 654 1665 Scripturum
685 1597 754 1649 ad
808 1596 1119 1666 puritatem
1173 1595 1458 1664 praecipue
1493 1595 1695 1648 referri
1731 1611 1744 1648 :
1784 1595 1998 1665 quippe

293 1701 425 1742 cum
458 1683 617 1739 omni
656 1684 903 1754 homini,
936 1691 1054 1738 tam
1095 1686 1294 1738 Judan
1325 1701 1497 1753 quam
1530 1684 1753 1751 Graeco,
1813 1684 1998 1754 inpri-

1635 307 1701 366 S.
1749 303 2083 365 MACARII
2126 304 2470 366 IEGYPTII

3629 277 3838 352 908'

2173 440 2298 492 KA'.
2360 432 2600 505 Εῗσελθε,
2661 434 2849 512 φησὶν,
2909 431 2937 485 ὁ
2988 431 3153 484 ταῦτα
3199 419 3608 512 ὕπολαμϐἀνῳν
3658 419 3743 476 διὰ

2102 529 2201 590 τῆς
2231 529 2336 580 τῶν
2384 524 2668 601 λογισμῶν
2712 543 2806 576 σου
2857 517 3168 578 ἐπιστασίας
3211 517 3349 591 πρὸς
3393 516 3486 569 τὸν
3535 511 3743 587 αἶχμὰ-

2108 613 2282 668 λωτόν
2334 633 2427 665 σου
2469 597 2564 664 ⁷διπιὶ
2618 607 2814 664 δοῦλον
2862 614 2961 674 τῆς
3015 605 3279 678 ἁμαρτίας
3331 607 3472 672 νοῦν,
3531 599 3620 653 καὶ
3669 597 3751 652 ἴδε

2103 703 2193 756 τὸν
2253 696 2330 754 ἔτι
2387 699 2581 754 τούτου
2640 699 2948 769 κατώτερον
2995 694 3083 748 καὶ
3149 691 3436 767 βαθύτερόν
3495 710 3590 743 σου
3649 692 3755 742 τῶν

2109 791 2416 863 λογισμῶν,
2448 790 2538 843 τὸν
2589 787 2664 848 εἷς
2701 787 2768 841 τὰ
2817 785 3086 858 λεγόμενα
3130 789 3226 851 τῆς
3278 784 3464 856 qung
3516 799 3612 831 σου
3661 797 3758 830 τα-

2112 886 2262 953 μιεῖα
2292 877 2682 952 ἐμφωλεύοντα
2731 873 2875 942 ὅφιν,
2906 875 2995 928 καὶ
3044 870 3368 946 ἁναιροῦντά
3416 889 3472 922 σε
3518 865 3607 920 διὰ
3650 870 3761 920 τῶν

2107 967 2481 1042 καιριωτσὶτων
2527 973 2628 1034 τῆς
2677 969 2860 1041 ψυχῆς
2915 983 3010 1016 σου
3073 958 3279 1033 μελῶν.
3331 952 3605 1018 "AG-accc;
3651 956 3759 1029 γὰρ

2109 1055 2494 1122 ἀκατάληπτος
2540 1053 2760 1125 ἀληθῶς
2793 1056 2826 1122 ἡ
2873 1048 3086 1123 καρδία.
3132 1049 3192 1105 Εἰ
3233 1048 3323 1102 οὖν
3365 1049 3557 1101 τοῦτον
3612 1045 3760 1121 an}

2113 1147 2224 1216 λες,
2273 1146 2317 1200 εἰ
2365 1146 2465 1213 τὴν
2521 1143 2743 1216 ἀνομίαν
2793 1143 2893 1208 τήν
2939 1139 2992 1195 ἐν
3044 1139 3125 1193 σοὶ
3188 1141 3360 1192 πᾶσαν
3409 1134 3760 1206 ἐξεκάθῃρας,

2110 1237 2201 1291 καὶ
2247 1237 2348 1303 τὴν
2398 1233 2662 1306 ἁμαρτίαν
2715 1226 3036 1298 sagas-41¢,
3088 1227 3364 1301 καύχησαι
3408 1224 3532 1298 περὶ
3590 1224 3762 1276 καθα-

2114 1323 2344 1401 ρότητος
2372 1325 2422 1379 ἐν
2457 1329 2592 1395 Θεῷ.
2619 1323 2679 1378 Εἰ
2712 1319 2758 1376 δ’
2791 1320 2881 1374 οὖν
2906 1318 3051 1374 ἀλλὰ
3081 1317 3430 1376 ταπεινωθεὶς
3463 1313 3538 1374 ὡς
3568 1309 3761 1380 ἒνὸεής

2111 1399 2168 1471 τε
2207 1416 2294 1469 καὶ
2346 1411 2672 1485 ἁμαρτωλὸς
2719 1405 2818 1478 ἔτι,
2868 1405 3134 1482 πρόσελθε
3177 1406 3310 1478 ὑπὲρ
3365 1406 3472 1457 τῶν
3514 1399 3762 1478 κρυφίων

2115 1525 2208 1559 σου
2239 1504 2491 1575 δεόμενος
2520 1505 2616 1555 τοῦ
2655 1502 2888 1574 Χριστοῦ
2921 1518 2932 1528 ·
2967 1501 3110 1550 πᾶσα
3149 1495 3252 1571 γὰρ
3291 1491 3498 1548 παλαιὰ
3543 1491 3634 1544 καὶ
3666 1491 3765 1543 νέα

2113 1595 2295 1670 Γραφή
2349 1591 2470 1666 περὶ
2518 1590 2886 1663 καθαρότητος
2933 1588 3176 1663 φαίνεται
3229 1580 3622 1657 διαλεγομένη,
3662 1580 3761 1634 καὶ

2110 1683 2270 1738 παντὶ
2317 1682 2583 1755 ἀνθρώπῳ
2628 1684 2719 1733 καὶ
2761 1675 3007 1748 Ἰουδαίῳ
3056 1676 3145 1729 καὶ
3195 1672 3436 1740 ’Έλληνι
3485 1671 3761 1744 ἐπέραστα

295 1774 411 1829 mis
451 1772 779 1843 expetibilis
822 1775 1048 1844 puritas
1099 1774 1210 1834 sit;
1245 1790 1588 1844 quanquam
1623 1774 1822 1827 eadem
1849 1789 1907 1827 cc

2148 1773 2172 1827 Ξι
2212 1779 2309 1840 τῆς
2357 1769 2750 1842 καθαρότητος,
2800 1767 2892 1820 κᾶν
2944 1767 3019 1837 μὴ
3069 1765 3228 1818 πᾶσιν
3269 1762 3504 1832 ἀνύσιμα
3537 1779 3548 1791 ⁸
3602 1757 3760 1832 γενέ-

2149 1865 2164 1870 -
2279 1859 2318 1870 σι-
2444 1865 2468 1870 ..
2655 1859 2666 1870 ι
2795 1863 2821 1870 η
3016 1853 3059 1870 NI
3313 1851 3324 1868 ἱ
3455 1853 3481 1870 ﬁ
3571 1849 3583 1866 Ι

295 1865 402 1920 ctis
444 1863 593 1918 haud
647 1864 788 1917 adeo
818 1864 1032 1933 adeplu
1069 1863 1283 1929 facilis;
1342 1863 1664 1933 pertingere
1697 1871 1889 1917 autem
1923 1863 1995 1917 ad

295 1953 466 2007 istam
495 1953 685 2006 cordis
728 1953 1108 2015 munditiam,
1155 1954 1244 2006 aio
1292 1955 1580 2007 neminem
1614 1953 1785 2007 aliter
1821 1971 1998 2024 quam

297 2058 400 2113 per
443 2041 648 2096 Jesum
708 2042 899 2096 solum
959 2057 1148 2112 posse.
1205 2045 1333 2111 Ipse
1392 2041 1546 2096 enim
1597 2043 2000 2096 substantialis

295 2148 427 2188 vere
453 2131 659 2187 veritas
705 2139 823 2197 est;
867 2132 1082 2200 absque
1131 2133 1291 2202 quali
1336 2139 1576 2187 veritate
1636 2133 2002 2201 impossibile

297 2228 406 2286 eet,
430 2227 530 2276 aut
561 2237 728 2276 nosse
759 2221 1080 2288 veritatem,
1113 2227 1214 2275 aut
1243 2221 1488 2277 salutem
1525 2221 1782 2293 assequi.

2111 1865 2231 1917 σθαι
2276 1859 2332 1915 δὲ
2376 1865 2562 1922 τοῦτο,
2609 1859 2708 1926 τήν
2755 1863 2854 1925 τῆς
2904 1853 3125 1926 καρδίας
3183 1851 3327 1931 φημῖ
3381 1849 3759 1924 καθαρότητα,

2112 1951 2173 2005 οὗ
2206 1948 2426 2004 δυνατὸν
2473 1946 2683 2015 ἄλλως,
2717 1945 2799 1999 ὅτι
2853 1945 2928 2015 μὴ
2981 1939 3067 1996 διὰ
3108 1944 3292 2011 Ἰησοῦ
3345 1941 3512 2012 μόνον
3545 1955 3558 1967 ·
3594 1938 3765 1998 αὐτὸς

2110 2042 2216 2115 γὰρ
2246 2043 2280 2108 ἡ
2323 2035 2684 2096 ἐνυπόστατός
2713 2054 2772 2088 τε
2817 2033 2906 2087 καὶ
2940 2031 3112 2094 ὅντως
3158 2029 3391 2099 ἀλήθεια
3429 2049 3440 2062 ·
3494 2027 3585 2082 καὶ
3627 2025 3770 2100 δίχα

2109 2130 2313 2197 ταύτης
2354 2134 2453 2194 τῆς
2483 2123 2738 2194 ἀληθείας
2789 2122 3102 2195 ἀμήχανον,
3134 2119 3168 2187 ἢ
3220 2118 3480 2188 ἀλήθειαν
3531 2120 3771 2190 γνῶναι,

2113 2222 2148 2289 ἢ
2182 2217 2457 2292 σωτηρίας
2489 2214 2788 2287 ἐπιτυχεῖν.

303 2427 3784 2457 __________________________________________._____._____.—_———__'

899 2645 1834 2777 ΜΑΚΑΡΙΟΥ
1932 2647 2279 2776 ΤΟΥ
2383 2637 3214 2771 ΜΕΓΑΛΟΥ

1617 2907 1917 3003 ΠΕΡΙ
1998 2903 2500 3001 ΑΓΑΠΗΣ

1952 3109 2190 3162 ΛΟΓΟΣ.

1107 3436 1274 3500 ¹⁹⁷
1341 3440 2240 3592 MACARII
2352 3441 3030 3592 MAGNI

1631 3717 1774 3820 DE
1851 3718 2496 3820 CHARITATE

1932 3921 2186 3983 LIBER.

386 4237 430 4290 Ῑ.
476 4234 634 4288 Sicut
680 4236 737 4288 in
791 4234 948 4289 hisce
993 4235 1434 4306 apparentibus,
1486 4235 1754 4291 exteriori
1797 4235 2022 4290 homini
2057 4242 2098 4306 ρ

316 4324 684 4385 renuntiasti.
736 4324 987 4389 erogasti
1039 4330 1095 4379 et
1141 4325 1496 4379 distribuisti
1531 4341 1624 4379 res
1654 4331 1814 4394 tuas;
1856 4327 1940 4384 sic
1971 4337 2024 4382 et

318 4413 655 4469 renuntiare
701 4416 756 4466 te
807 4429 920 4482 prae
969 4414 1451 4483 occepationibus
1505 4420 1697 4485 pravis
1728 4415 1884 4472 circa
1933 4435 2022 4473 res

319 4516 547 4555 morum
593 4505 820 4571 oportet
867 4516 880 4554 :
931 4505 986 4554 et
1039 4502 1084 4554 si
1129 4502 1467 4572 sapientiam
1515 4503 1769 4558 didicisti
1834 4523 2026 4561 carna-

317 4590 450 4656 lem,
503 4593 601 4644 aut
648 4589 1038 4660 cognitionem
1103 4605 1160 4645 es
1218 4593 1461 4661 adeptus
1534 4594 1920 4664 negotiorum,
1971 4603 2028 4652 et

319 4679 468 4734 hanc
509 4678 732 4734 abdica.
786 4678 844 4733 Si
896 4679 1423 4747 justiﬁcationibus
1467 4685 1804 4738 carnalibus
1831 4686 2024 4740 confi—

319 4769 427 4839 dis,
483 4772 554 4825 ab
593 4770 685 4824 bis
731 4786 958 4842 quoque
1007 4773 1245 4837 absiste,
1281 4772 1601 4828 humilians
1636 4779 1692 4828 te
1742 4773 1934 4843 ipsum
1971 4780 2026 4830 et

321 4860 379 4914 in
413 4875 655 4928 parvum
704 4861 1074 4916 contrahens.
1129 4862 1223 4916 Sic
1255 4862 1408 4917 enim
1459 4863 1701 4919 stultitia
1749 4865 2026 4932 praedica-

321 4947 523 5004 tionis'
560 4950 850 5019 percipere
899 4951 1221 5007 doctrinam
1263 4953 1494 5023 poteris.
1554 4951 1614 5006 In
1669 4951 1776 5006 hac
1826 4959 2023 5008 autem

319 5052 512 5093 veram
554 5037 809 5092 invenies
841 5040 1186 5110 sapientiam
1222 5060 1236 5108 ;
1275 5058 1386 5095 non
1428 5043 1486 5095 in
1519 5042 1891 5096 sermonibus
1923 5059 2021 5096 ex-

323 5127 531 5198 quisite
577 5129 819 5192 ornatis,
863 5130 961 5181 sed
1013 5130 1069 5182 in
1137 5131 1330 5182 crucis
1394 5131 1624 5183 virtute.
1695 5131 1796 5186 His
1851 5131 2024 5201 quasi

320 5216 649 5272 elaboratus
682 5217 1086 5271 transcriberis
1137 5217 1193 5271 in
1245 5225 1460 5273 sortem
1519 5235 1742 5286 eorum,
1805 5221 2021 5290 quidi-

321 5304 422 5377 gni
453 5305 635 5360 habiti
668 5313 808 5360 sunt
836 5310 1096 5360 eamdem
1130 5307 1446 5377 acquirere.
1474 5309 1622 5363 Crux
1682 5314 1832 5364 enim
1865 5309 2022 5365 Citri-

398 5484 417 5518 ³
450 5481 473 5536 Ι
503 5481 629 5538 Cor.
663 5499 703 5538 ι.
736 5483 831 5539 21.

2211 4236 2290 4291 A'.
2325 4238 2528 4310 Ὥσπερ
2558 4234 2609 4291 ἒν
2639 4241 2758 4298 τοῖς
2792 4234 3136 4312 φαινομένοις
3159 4234 3374 4296 τούτοις
3404 4241 3485 4308 τῷ
3517 4235 3669 4296 ἐκτὸς
3693 4236 3800 4290 ἀπ-

2135 4324 2301 4396 ετάξω
2350 4325 2641 4398 ἀνθρώπῳ,
2676 4324 2959 4399 tamtsi;
3001 4347 3060 4379 τε
3107 4325 3169 4378 τὰ
3222 4322 3344 4378 ὄντα
3400 4329 3489 4379 καί
3537 4323 3795 4397 διεσκόρ-

2136 4435 2318 4481 πισας,
2371 4415 2544 4476 οὕτως
2600 4416 2961 4485 ἀποτάξασθαί
3013 4435 3069 4469 σε
3117 4420 3234 4476 ταῖς
3277 4419 3387 4469 τῶν
3438 4417 3588 4484 ἠθῶν
3643 4435 3793 4483 προ-

2138 4501 2336 4575 λήψεσι
2369 4505 2504 4578 χρὴ,
2538 4504 2625 4558 καὶ
2671 4504 2715 4557 εἱ
2751 4503 2935 4580 σοφίαν
2968 4499 3161 4574 ἔμαθες
3211 4505 3472 4577 σαρκικήν
3507 4503 3539 4571 ἧ
3593 4507 3794 4577 γνῶσιν

2135 4594 2492 4666 πραγμάτων,
2542 4593 2770 4670 ἅρνησαι
2811 4594 3010 4664 ταύτην
3048 4612 3059 4625 ·
3115 4594 3160 4649 εἰ
3207 4591 3538 4667 ὂικαιώμισι
3588 4595 3794 4651 πὲποι-

2137 4684 2228 4744 θας
2259 4689 2560 4756 σαρκικοῖς,
2594 4685 2863 4753 ἀπόστηθι
2894 4683 3119 4751 τούτων,
3142 4689 3405 4738 ταπεινῶν
3440 4685 3662 4740 σεαυτὸν
3698 4687 3793 4740 καὶ

2136 4772 2603 4846 κατασμικρύνων.
2641 4772 2795 4829 Οὕτω
2855 4774 2957 4848 γὰρ
3017 4773 3106 4827 καὶ
3163 4770 3364 4848 δυνήσῃ
3403 4777 3472 4846 τῇ
3527 4778 3625 4828 τοῦ
3684 4795 3790 4844 κη-

2138 4862 2408 4933 ρύγματος
2463 4863 2653 4936 ,μωρίᾳ
2715 4865 3138 4936 μαθητευθῆναι.
3199 4864 3283 4918 Ἐν
3334 4862 3506 4936 ταῦτῃ
3569 4860 3624 4918 δὲ
3684 4867 3788 4931 τὴν

2135 4948 2402 5020 ἀληθινὴν
2449 4953 2694 5026 εὑρήσεις
2746 4951 2959 5029 σοφίαν,
2993 4950 3093 5007 οὐκ
3139 4951 3189 5006 ἐν
3237 4951 3430 5028 λόγοις
3475 4955 3792 5025 κεκομψευ-

2138 5037 2340 5112 μὲνοις,
2384 5038 2508 5094 ἀλλ’
2566 5041 2616 5095 ἐν
2673 5040 2739 5114 τῇ
2797 5045 2891 5095 τοῦ
2952 5045 3182 5114 σταυροῦ
3242 5039 3487 5114 δυνάμει.
3551 5043 3787 5101 Τούτοις

2135 5127 2524 5205 ἐνεργούμενος
2561 5131 2611 5184 ἐν
2649 5131 2923 5200 ὑποστᾶση
2968 5134 3046 5202 (1)
3093 5136 3208 5193 τοῖς
3245 5133 3622 5201 καταξιωθεξσι
3654 5133 3792 5184 ταῦ-

2130 5239 2228 5287 την
2280 5221 2626 5288 κτήσασθαι.
2678 5220 2737 5276 Ὁ
2779 5220 2880 5295 γὰρ
2930 5220 3176 5289 σταυρὸς,
3219 5220 3382 5298 φησὶν
3447 5221 3474 5274 ὁ
3535 5217 3788 5288 Παῦλος,

2133 5313 2228 5362 τοῦ
2315 5314 2549 5384 Χριστοῦ
2646 5315 2762 5371 τοῖς
2865 5310 2958 5381 μὲν

3059 5307 3346 5371 Ἰουδαίοις
3447 5307 3776 5376 σκάνδαλον,

397 5626 476 5696 (1)
506 5628 822 5698 Corruptus
853 5627 1078 5685 videtur
1108 5626 1270 5686 locus
1305 5645 1318 5696 ;
1351 5644 1526 5688 sensu
1557 5634 1754 5688 tamen
1785 5645 1905 5688 non
1929 5629 2198 5690 obscuro.
