4116 6210
340 379 458 442 909

1605 397 1842 457 LIBER
1885 399 1984 458 DE
2027 396 2498 460 CHARITATE.

3685 393 3803 452 910

344 516 588 604 ’ςΕλλησι
637 520 692 577 δὲ
748 523 948 598 μωρία,
999 528 1135 600 ἡμῖν
1186 526 1243 584 δέ
1291 535 1405 592 τοῖς
1457 530 1793 604 σωζομένοις
1850 540 1949 588 Θεο

2094 535 2186 601 sti,
2221 532 2301 586 ait
2332 528 2563 593 Paulus,
2601 524 2818 583 Judzis
2867 523 3094 595 quidem
3133 523 3502 585 scandalum;
3543 523 3793 590 gentibus

344 601 574 681 δύναμις
604 612 691 665 καί
722 617 854 668 Θεοῦ
894 615 1080 691 σοφία.

408 792 480 846 Β’.
516 790 577 844 Εἰ
609 791 695 846 καί
724 789 939 862 ἔλαϐες,
973 799 1127 873 φησὶ,
1178 803 1359 872 γεῦσιν
1411 798 1461 869 ἐξ
1517 799 1765 872 ούρανοῦ,
1800 803 1842 856 εἰ
1893 802 1981 856 καὶ

339 881 846 957 μετέσχεςςὲκείνης
892 893 992 955 τῆς
1061 889 1268 964 σοφίας,
1330 888 1418 944 καὶ
1477 888 1769 946 ἀνάπαυσιν
1823 889 1980 967 ἔσχες

335 969 502 1073 ἐν..τῇ
555 976 710 1048 ψυχῇ
761 995 878 1044 σου,
928 973 1060 1050 μηδ’
1103 976 1274 1039 οὕτως
1334 978 1581 1052 ἐπαίρου,
1640 981 1728 1034 καὶ
1781 983 1857 1054 μὴ
1908 982 1981 1045 ὡς

333 1059 576 1133 ἐφθακῶς
628 1059 737 1132 ἤδη
797 1064 887 1115 καὶ
945 1071 1114 1119 πᾶσαν
1171 1062 1495 1121 καταλαϐὼν
1551 1072 1649 1135 τήν
1717 1066 1975 1138 ἀλήθειαν

330 1147 679 1223 τεθαρρηκὼς
725 1149 833 1208 ἔσο.
876 1154 965 1222 Μὴ
1019 1152 1081 1207 σὺ
1129 1154 1361 1230 ἀκούσῃς
1395 1177 1407 1189 ·
1461 1155 1599 1228 ’Ήδη
1653 1161 1977 1233 κεκορισμέ-

330 1257 410 1291 νοι
469 1237 605 1306 ἐστὶ,
660 1238 767 1315 ἢδῃ
848 1243 1263 1314 πεπλουτήκατε
1298 1265 1310 1278 ·
1370 1248 1546 1322 χωρὶς
1616 1250 1776 1321 ἡμῶν
1846 1245 1973 1303 ἐϐα-

331 1325 660 1396 σιλεύσατε,
739 1330 830 1385 καὶ
890 1328 1086 1411 ὄφελόν
1160 1356 1222 1409 γε
1289 1330 1671 1392 ἐϐασιλεύσατε
1730 1337 1818 1392 ἵνα
1883 1337 1972 1392 καὶ

327 1419 491 1489 ἡμεῖς
543 1419 671 1492 ὑμῖν
723 1415 1245 1498 συμϐασιλεύσωμεν
1277 1468 1290 1482 .
1351 1425 1528 1483 Ἀλλὰ
1580 1427 1667 1480 καὶ
1709 1447 1971 1501 γευσαμε-

327 1527 416 1569 νος
453 1552 466 1576 ,
519 1508 593 1570 ὡς
648 1511 818 1582 μήπω
866 1515 962 1567 τοῦ
1019 1514 1446 1588 Χριστιανισμοῦ
1497 1516 1771 1589 ἁψάμενος
1837 1518 1969 1572 εἶναι

324 1594 536 1668 νόμιζε³
572 1597 659 1652 καὶ
696 1601 772 1672 μὴ
806 1598 855 1670 ἐξ
887 1599 1158 1667 ἐπιπολῆς
1190 1599 1328 1659 ἔστω
1358 1604 1519 1659 τοῦτό
1562 1626 1666 1673 σοι,
1721 1603 1848 1660 ἀλλ’
1897 1607 1970 1668 ὡς

324 1682 789 1763 ἐμπεφυτευμένον
828 1686 1118 1753 διαπαντὸς
1166 1691 1255 1746 καὶ
1305 1695 1679 1767 κεκυρωμένον
1737 1697 1806 1767 τῇ
1851 1693 1966 1751 δια-

321 1774 444 1847 νοίᾳ
474 1797 588 1834 σου.

393 1867 466 1924 Γ’.
496 1868 700 1942 Ὥσπερ
728 1888 810 1929 τις
849 1868 1242 1948 φιλόπλουτος,
1282 1870 1376 1927 κᾶν
1432 1875 1597 1948 μυρία
1646 1877 1962 1951 συναγαγὼν

320 1957 584 2034 χρήματα
611 1957 668 2028 ᾗ,
703 1956 856 2012 οὕπω
888 1955 1171 2035 διακορής,
1203 1961 1404 2035 γίνεται
1439 1962 1651 2034 μᾶλλον
1696 1971 1796 2032 τῆς
1845 1963 1964 2018 ἐπι-

320 2045 537 2118 θυμίας
572 2046 607 2116 ἢ
640 2049 880 2123 καθάπερ
927 2071 1007 2112 τις
1062 2051 1311 2124 πόματος
1357 2051 1625 2122 ἡδυτάτου
1674 2054 1810 2127 πρὸς
1866 2058 1962 2108 τοῦ

317 2135 484 2206 κόρου
534 2132 880 2199 διασπασθεὶς
947 2139 1045 2206 τήν
1113 2136 1296 2214 δίψαν,
1376 2139 1615 2214 μᾶλλονέ
1655 2143 1898 2214 ξέκαυσεν
1942 2158 1956 2174 ·

317 2223 460 2280 οὕτω
513 2223 578 2294 δὴ
624 2225 717 2281 καῖ
836 2231 931 2282 τοῦ
976 2233 1108 2283 Θεοῦ
1151 2234 1331 2303 γεῦσις
1380 2232 1578 2294 παντὸς
1634 2230 1752 2286 οἶδε
1793 2233 1958 2306 κόρου

313 2317 777 2389 κατακαυχᾶσθαι,
829 2315 975 2372 ἀλλά
1031 2318 1118 2372 καὶ
1177 2319 1286 2391 ὅσῳ
1333 2319 1564 2374 πλουτεῖ
1616 2341 1696 2384 τις
1741 2323 1952 2376 τουτονῖ

313 2403 404 2459 τὸν
430 2404 670 2459 πλοῦτον
699 2405 900 2476 πένητα
939 2407 1124 2462 ἑαυτὸν
1177 2410 1306 2464 εἶναι
1356 2417 1625 2468 κατανοεῖ.
1677 2411 1744 2468 Οἱ
1792 2410 1957 2465 τοιοί-

313 2491 372 2549 δε
423 2494 736 2568 Χριστιανοὶ
770 2496 869 2550 οὐκ
923 2491 1114 2572 ἔχουσι
1163 2501 1286 2572 παρ’
1354 2498 1566 2562 ἑαυτοῖς
1623 2500 1806 2573 τιμίαν
1855 2501 1954 2568 τήν

311 2579 450 2638 ἰδίαν
483 2586 694 2658 ψυχήν,
723 2585 854 2642 ἀλλ’
885 2587 958 2642 ὥς
1008 2607 1144 2650 τινες
1171 2593 1276 2643 τῶν
1311 2587 1750 2662 ἰξουδενωμένων
1806 2591 1951 2666 παρὰ

309 2675 425 2742 Θεῷ
482 2669 775 2728 διάκεινται
834 2671 1066 2737 δούλους
1121 2697 1179 2732 τε
1236 2678 1447 2733 πάντων
1493 2679 1790 2754 ἀνθρώπων
1839 2680 1953 2734 ἑαυ-

306 2762 433 2824 τοὺς
466 2763 596 2818 εἶναι
630 2762 965 2840 λογίζονται.
1002 2767 1122 2822 Ἐπί
1161 2767 1328 2842 ταύτῃ
1381 2767 1566 2824 πολλὰ
1617 2769 1797 2845 χαίρει
1841 2771 1948 2827 K6-

311 2872 424 2926 ριος
456 2853 543 2907 καὶ
575 2852 967 2909 ἐπαναπαύεται
999 2861 1066 2930 τῇ
1099 2859 1277 2932 ψυχῇ,
1319 2856 1409 2914 διὰ
1463 2861 1561 2928 τὴν
1613 2860 1807 2930 εαυτῆς
1854 2881 1948 2916 τα-

306 2941 581 2998 πείνωσιν.
615 2943 674 2998 Εἰ
725 2941 816 2998 οῦν
866 2945 954 2998 καὶ
985 2946 1020 3016 ἢ
1054 2942 1168 3020 ἔχει
1216 2947 1297 3010 τίς
1344 2969 1419 3019 τι,
1468 2950 1543 3020 μὴ
1597 2951 1740 3020 παρὰ
1786 2955 1946 3004 τοῦτο

306 3031 469 3106 οἳηθῇ
513 3033 649 3088 εἶναί
703 3054 756 3087 τι
813 3037 848 3106 ἢ
905 3033 1068 3112 ἔχειν.
1146 3042 1208 3093 Ἡ
1262 3038 1365 3114 γὰρ
1421 3037 1598 3107 οἴησις
1661 3037 1946 3114 βδέλυγμα

304 3122 535 3195 Κυρίῳ’
566 3123 657 3176 καὶ
689 3123 822 3194 αὐτή
875 3125 965 3178 ἀπ’
1022 3126 1203 3205 ἀρχῆς
1262 3123 1561 3198 ἐκϐέϐληκε
1615 3133 1712 3183 τοῦ
1771 3149 1944 3204 παρα-

305 3206 482 3265 δείσου
511 3212 602 3265 τὸν
640 3210 944 3287 ἄνθρωπον,
977 3214 1300 3284 ἀκούσαντα,
1333 3218 1416 3272 δτι
1447 3219 1533 3279 Ὠς
1585 3218 1697 3273 θεοὶ
1742 3214 1940 3290 ἔσεσθε,

304 3298 393 3353 καὶ
451 3301 521 3371 τῇ
576 3298 758 3356 ἐλπίδι
818 3301 984 3379 ταύτῃ
1041 3307 1111 3376 τῇ
1191 3307 1392 3378 ματαίᾳ
1461 3305 1893 3382 ἐπιθαρρήσαντα
1928 3327 1940 3341 ·

303 3390 582 3461 κατάμαθε
628 3396 745 3452 πῶς
795 3392 824 3445 ὁ
874 3393 1001 3454 Θεός
1051 3415 1145 3448 σου
1192 3397 1279 3450 καὶ
1337 3396 1609 3470 βασιλεὺς,
1662 3396 1809 3452 ἀλλὰ
1857 3397 1946 3452 καὶ

301 3481 437 3533 Θεοῦ
481 3480 604 3542 Υἱὸς
662 3481 846 3536 ἑαυτὸν
908 3480 1149 3553 ἐκένωσε,
1214 3487 1430 3563 μορφὴν
1491 3483 1692 3542 δούλου
1760 3482 1943 3542 λαϐών

298 3572 417 3629 πῶς
447 3567 778 3644 ἐπτώχευσε,
807 3576 925 3634 πῶς
961 3578 1078 3635 τοῖς
1126 3573 1348 3647 ἀτίμοις
1395 3574 1774 3650 συνελογίσθη,
1827 3581 1945 3639 πῶς

301 3654 584 3714 πέπονθεν.
621 3660 678 3714 ΕΞ
713 3657 770 3715 δὲ
813 3662 902 3715 καὶ
934 3662 961 3715 ὁ
993 3664 1121 3724 Θεὸς
1161 3665 1338 3733 οὗτος,
1373 3666 1401 3720 ὁ
1433 3663 1619 3738 αἵματι
1669 3666 1757 3720 καὶ
1813 3688 1943 3742 σαρο

299 3746 353 3800 κὶ
409 3749 744 3818 συνεστηκὼς
800 3749 1105 3823 ἄνθρωπος,
1161 3755 1188 3808 ὁ
1227 3758 1298 3827 γῆ
1357 3755 1446 3808 καὶ
1496 3753 1716 3821 σποδὸς,
1766 3754 1941 3828 οτίμοι,

299 3835 485 3892 καὶτὸ
532 3839 781 3911 παράπαν
832 3841 1034 3916 ἀγαθοῦ
1087 3843 1164 3916 μὴ
1227 3839 1574 3914 μεταλαϐὼν,
1630 3843 1757 3900 ἀλλ’
1811 3845 1940 3900 ἀκα-

300 3924 492 4000 θαρσία
523 3924 616 3994 ὢν,
653 3928 790 4003 μέγα
839 3936 1056 4008 φρονεῖς
1105 3933 1192 3986 καὶ
1243 3930 1586 4005 ἀλαζονεύῃ;
1634 3932 1695 3986 σὺ
1728 3930 1784 3987 δὲ
1815 3932 1941 3988 ἀλλ’

299 4011 489 4088 ε’ίπερ·
524 4017 575 4070 εἴ
628 4019 865 4087 συνετὸς,
914 4020 1002 4074 καί
1063 4021 1194 4094 ὑπὲρ
1235 4021 1402 4075 αὐτοῦ
1458 4023 1652 4075 τούτου
1708 4021 1941 4092 μᾶλλον,

298 4102 456 4176 εῦπερ
481 4102 712 4183 εἴληφας
736 4105 795 4161 ἐκ
816 4111 949 4162 Θεοῦ
979 4109 1090 4164 Οὐκ
1111 4108 1264 4182 ἐμὸν,
1289 4108 1432 4182 λέγε,
1456 4115 1618 4164 τοῦτο
1641 4111 1702 4166 τὸ
1723 4115 1938 4186 χρῆμα⁶

412 4193 424 4212 ν
738 4195 761 4208 ν
860 4190 883 4214 Ῥ

295 4211 404 4265 παρ
456 4194 639 4266 ἑτέρου
666 4215 826 4250 τουτο
858 4217 972 4272 εχω
994 4193 1203 4252 λαϐών·
1229 4199 1320 4253 καὶ
1350 4196 1504 4268 δόξαν
1535 4199 1703 4272 αὐτῷ,
1725 4202 1940 4263 πάντως

295 4278 603 4356 ἀφαιρεῖται
634 4284 696 4339 τὸ
728 4282 880 4340 δοθὲν
911 4287 1000 4341 ἀπ’
1041 4288 1194 4360 ἐμοῦ.
1243 4288 1398 4345 Οὕτω
1447 4291 1542 4363 μὲν
1591 4295 1693 4344 πᾶν
1741 4291 1939 4368 ἀγαθὸν

293 4372 375 4440 τῷ
406 4373 609 4446 Κυρίῳ,
645 4376 706 4430 τὸ
738 4373 793 4430 δὲ
822 4378 985 4432 κακὸν
1013 4381 1081 4451 τῇ
1111 4383 1335 4434 σεαυτοῦ
1375 4377 1639 4458 ἐπιγραφε
1671 4382 1934 4454 ἀσθενείᾳ.

2092 629 2281 677 autem
2318 621 2557 674 stultitia
2579 635 2601 683 ;
2628 617 2781 670 nobis
2811 631 2959 679 vero,
3017 615 3111 684 qui
3161 611 3470 681 salvamur,
3502 612 3597 666 Dei
3625 615 3798 669 virtus

2090 719 2141 770 et
2168 715 2266 766 Dei
2291 710 2604 781 sapientia'.

2163 803 2233 858 II.
2289 801 2531 856 Etiamsi
2555 796 2845 868 acceperis
2878 799 3112 867 gustum
3141 811 3170 848 e
3227 791 3402 859 crelo;
3465 791 3571 846 etsi
3606 792 3788 862 parti-

2090 910 2225 964 ceps
2258 893 2337 946 sis
2372 892 2560 945 factus
2609 887 2902 958 sapientia:
2961 885 3141 948 illius,
3188 890 3244 939 et
3274 885 3529 953 requiem
3576 883 3793 938 habue-

2091 984 2168 1037 ris
2230 985 2288 1036 in
2348 982 2546 1035 anima
2594 987 2731 1043 tua;
2782 991 2969 1045 neque
3019 974 3101 1028 sic
3178 973 3510 1030 extollaris:
3605 988 3793 1044 neque

2089 1074 2253 1142 quasi
2289 1072 2408 1140 jam
2444 1068 2773 1140 perveneris
2804 1065 2874 1119 ad
2907 1079 3139 1118 omnem
3188 1063 3514 1130 veritatem,
3546 1079 3791 1133 eamque

2087 1159 2617 1232 comprehenderis,
2670 1153 2964 1218 arroganti
2995 1152 3147 1223 apud
3207 1156 3262 1204 te
3290 1151 3370 1204 sis
3418 1152 3784 1206 conﬁdentia.

2087 1249 2168 1306 Ne
2213 1254 2268 1305 et
2325 1253 2386 1303 tu
2431 1247 2680 1302 audias:
2742 1246 2864 1300 1am
2918 1239 3156 1295 saturati
3210 1241 3373 1295 estis:
3427 1240 3545 1308 jam
3601 1239 3787 1294 divites

2082 1341 2221 1408 facti
2239 1339 2363 1395 estis
2394 1355 2414 1394 .·
2443 1337 2562 1392 sine
2590 1334 2747 1390 nobis
2803 1330 3093 1400 regnetis;
3146 1337 3196 1384 et
3254 1330 3471 1382 utinam
3530 1329 3784 1399 regnetis,

2083 1437 2144 1484 ut
2173 1438 2222 1485 et
2249 1446 2352 1483 nos
2413 1427 2689 1483 vobiscum
2718 1437 3006 1492 regnemus
3037 1422 3079 1478 ³.
3108 1421 3216 1475 Sed
3274 1418 3384 1474 etsi
3435 1417 3784 1491 gustaveris,

2082 1523 2138 1573 te
2168 1523 2447 1589 tanquam
2479 1516 2736 1571 nondum
2767 1509 3285 1568 Christianismum
3338 1509 3622 1579 attigeris,
3654 1523 3784 1565 esse

2080 1613 2301 1678 reputa.
2335 1607 2530 1677 Neque
2560 1605 2667 1660 hoc
2699 1600 3096 1673 superflciarie
3127 1615 3243 1668 prae
3299 1601 3355 1653 te
3388 1599 3537 1654 feras
3565 1597 3737 1653 velim
3766 1615 3779 1664 ;

2077 1698 2178 1753 sed
2213 1701 2276 1752 ut
2307 1697 2537 1768 penitus
2565 1693 2809 1750 insitum
2841 1705 3098 1760 semper,
3133 1704 3198 1743 ac
3227 1687 3434 1741 intime
3491 1686 3779 1742 sancitum

2077 1787 2137 1842 in
2173 1791 2364 1841 mente
2393 1786 2472 1840 sit
2511 1779 2628 1839 tua.

2149 1875 2246 1931 III.
2287 1876 2352 1932 Ut
2381 1889 2593 1930 avarus
2644 1869 2963 1942 quispiam,
3015 1867 3123 1923 etsi
3173 1864 3479 1938 pecuniam
3537 1879 3775 1938 conges-

2077 1965 2216 2020 serit
2280 1960 2792 2027 innumerabilem,
2841 1957 2998 2013 baud
3055 1956 3386 2022 exsatiatur,
3439 1955 3539 2010 sed
3607 1953 3777 2027 plura

2077 2055 2270 2126 potius
2301 2054 2626 2121 desiderat;
2657 2060 2754 2106 aut
2783 2049 2882 2122 qui
2914 2066 2946 2104 a
2987 2049 3219 2120 potione
3250 2045 3596 2103 dulcissima
3642 2050 3774 2102 ante

2072 2144 2395 2200 satietatem
2433 2142 2710 2214 depulsus
2740 2145 2848 2206 est,
2897 2139 3053 2194 sitim
3112 2138 3300 2208 magis
3350 2134 3659 2191 accendit:
3693 2134 3775 2190 sic

2070 2232 2168 2288 Dei
2201 2240 2424 2305 gustus,
2475 2243 2672 2287 contra
2728 2246 2960 2286 omnem
3012 2231 3330 2284 satietatem
3377 2225 3611 2296 gloriari
3663 2241 3773 2280 no-

2068 2321 2166 2389 vit,
2225 2322 2337 2377 imo
2398 2326 2616 2393 quanto
2673 2319 2808 2390 quis
2870 2319 3051 2390 magis
3127 2315 3462 2371 istiusmodi
3551 2313 3770 2370 divitiis

2065 2413 2341 2481 abundat,
2412 2415 2576 2466 tanto
2636 2410 2821 2479 magis
2878 2407 3211 2463 considerat
3257 2421 3318 2461 se
3373 2419 3502 2460 esse
3551 2418 3769 2474 paupe-

2067 2519 2210 2558 rem.
2275 2501 2440 2557 Tales
2513 2498 2828 2556 Christiani
2907 2513 3022 2552 non
3109 2495 3327 2550 habent
3384 2493 3442 2547 in
3510 2492 3767 2548 aestima-

2066 2591 2221 2648 tione
2251 2609 2359 2647 sua
2419 2592 2732 2662 pretiosam
2781 2588 3038 2644 animum
3094 2585 3422 2655 propriam;
3467 2583 3565 2637 sed
3613 2580 3768 2635 velut

2063 2683 2301 2754 quidam
2337 2697 2576 2752 prorsus
2608 2679 2795 2746 nihili,
2829 2677 2909 2733 sic
2966 2693 3029 2732 se
3087 2690 3282 2730 coram
3343 2673 3459 2728 Deo
3516 2671 3767 2740 deiectos

2059 2777 2278 2842 tenent,
2331 2786 2640 2842 servosque
2696 2769 2960 2824 omnium
3020 2765 3324 2820 hominum
3384 2779 3446 2818 se
3477 2761 3637 2833 ipsos
3677 2775 3765 2816 re-

2061 2867 2286 2934 putant.
2325 2861 2404 2916 De
2435 2860 2533 2915 tali
2565 2859 2727 2913 valde
2760 2857 2975 2930 gaudet
3013 2856 3188 2923 Deus,
3223 2860 3278 2909 et
3321 2854 3379 2908 in
3412 2869 3480 2909 ea
3509 2850 3767 2906 suaviter

2058 2953 2374 3023 requiescit
2439 2952 2652 3010 anima,
2710 2951 2839 3018 ejus
2912 2945 3240 3000 humilitate
3305 2943 3644 2998 delectatus.
3700 2939 3761 2995 Si

2057 3058 2194 3113 ergo
2249 3041 2473 3112 aliquid
2537 3039 2712 3094 habet
2758 3037 3072 3107 quispiam,
3105 3051 3176 3088 ne
3234 3039 3538 3104 propterea
3597 3031 3767 3085 inﬂe-

2057 3141 2169 3199 tur,
2201 3132 2563 3197 existimans,
2625 3143 2750 3184 esse
2808 3132 2908 3181 aut
2965 3125 3178 3179 habere
3225 3140 3287 3178 se
3338 3122 3580 3192 aliquid.
3613 3120 3760 3175 Nam

2055 3239 2335 3293 arrogans
2367 3219 2720 3276 conﬁdentia
2750 3215 3106 3271 abominatio
3137 3211 3519 3279 estDomino;
3553 3219 3606 3264 et
3637 3210 3758 3265 haec

1979 3300 2020 3365 C
2056 3329 2088 3366 a
2120 3312 2404 3382 principio
2437 3309 2607 3379 ejecit
2636 3323 2665 3360 e
2699 3306 2961 3375 paradiso
2994 3303 3311 3358 hominem.
3347 3300 3399 3355 Is
3439 3299 3594 3356 enim
3626 3314 3760 3354 cum

2058 3402 2319 3457 audisset
2351 3417 2364 3455 :
2404 3396 2581 3454 Eritis
2610 3400 2750 3452 sicut
2807 3394 2888 3450 dii
2918 3395 2958 3459 δ,
2993 3393 3254 3461 concepit
3284 3389 3444 3444 illam
3491 3390 3757 3444 insanam

2056 3505 2240 3562 spem,
2269 3494 2325 3543 et
2348 3488 2406 3542 in
2439 3488 2770 3541 dementem
2803 3479 3086 3537 intumuit
3117 3480 3411 3533 ﬁduciam.
3446 3477 3760 3532 Considera

2057 3579 2352 3651 quomodo
2383 3577 2538 3631 Deus
2573 3580 2710 3629 tuus
2743 3581 2798 3626 et
2830 3588 2926 3626 rex
2957 3576 3115 3637 tuus,
3149 3569 3246 3624 sed
3307 3571 3364 3620 et
3406 3567 3506 3622 Dei
3557 3565 3756 3630 Filius,

2052 3685 2110 3724 se
2132 3670 2317 3740 ipsum
2357 3665 2508 3720 I98
2541 3661 2867 3719 exinanivit
2922 3663 3161 3730 formam
3215 3658 3362 3712 servi
3418 3654 3688 3724 accipiens
3714 3655 3754 3720 ⁵,

2054 3757 2348 3827 quomodo
2382 3769 2598 3826 pauper
2630 3752 2817 3807 factus
2856 3753 2964 3813 est,
2998 3747 3291 3820 quomodo
3321 3760 3455 3799 cum
3502 3743 3758 3798 inhono—

2054 3847 2192 3899 ratis
2225 3847 2314 3898 est
2363 3845 2683 3910 reputatae,
2711 3838 2996 3908 quomodo
3046 3851 3256 3905 passus
3309 3839 3416 3888 est.
3467 3831 3526 3886 Si
3558 3837 3754 3886 autem

2051 3934 2150 3989 ille
2178 3949 2310 3987 cum
2345 3932 2498 3986 Deus
2523 3935 2677 3984 esset
2707 3927 2849 3982 talia
2877 3927 3029 3980 ultro
3062 3923 3242 3978 subiit
3277 3938 3291 3976 :
3325 3927 3409 3988 tu,
3438 3919 3754 3975 homuncio

2053 4026 2355 4078 concretus
2385 4034 2557 4074 carne
2588 4021 2644 4073 et
2701 4015 3004 4085 sanguine,
3032 4016 3113 4072 tu,
3162 4017 3316 4065 terra
3345 4013 3402 4064 et
3431 4008 3605 4077 cinis,
3637 4008 3752 4064 heu

2054 4113 2180 4167 mel
2218 4115 2301 4177 tu,
2335 4108 2552 4164 nullam
2585 4123 2654 4162 ex
2683 4110 2736 4161 te
2773 4105 2912 4159 boni
2961 4099 3305 4174 particulam
3354 4097 3592 4154 omnino
3645 4097 3751 4154 ba-

2052 4203 2216 4268 bens,
2249 4201 2349 4255 sed
2383 4203 2543 4254 totus
2570 4199 2820 4269 quantus
2852 4209 2914 4249 es
2945 4207 3009 4248 ex
3044 4189 3425 4246 immunditia
3445 4191 3755 4258 conﬂatus,

2051 4291 2235 4348 altum
2267 4290 2443 4361 sapis,
2477 4293 2533 4342 et
2594 4284 2895 4358 gloriando
2920 4287 2976 4339 te
3039 4279 3332 4337 ostentasl
3369 4277 3516 4342 Quin
3569 4283 3632 4333 tu
3706 4278 3758 4334 si

2054 4385 2287 4456 quidem
2317 4382 2497 4452 sapis,
2535 4381 2765 4451 propter
2795 4376 2903 4431 hoc
2961 4373 3155 4447 ipsum
3187 4375 3339 4442 quod
3400 4369 3674 4440 accepisti
3723 4387 3756 4425 a

295 4465 435 4532 Deo,
467 4465 607 4521 die:
654 4467 838 4524 Meum
897 4469 1176 4541 bocjnon
1227 4475 1353 4537 est;
1389 4473 1460 4526 ab
1491 4472 1602 4527 alio
1656 4476 1892 4545 accepi;
1925 4478 1982 4529 et
2038 4490 2172 4529 cum
2221 4471 2332 4543 ipsi
2363 4470 2654 4526 videbitur
2706 4482 2947 4539 prorsus
2994 4465 3215 4519 auferet
3269 4481 3302 4520 a
3333 4478 3426 4518 me
3484 4461 3542 4517 id
3595 4461 3746 4532 quod

296 4550 476 4610 dedit.
509 4555 604 4612 Sic
635 4573 806 4612 omne
831 4559 1066 4629 quidem
1101 4561 1316 4616 bonum
1347 4561 1618 4629 Domino,
1652 4565 1872 4618 malum
1923 4568 2118 4620 autem
2150 4568 2262 4617 tua:
2299 4561 2486 4632 ipsius
2517 4558 2740 4616 ascribe
2772 4554 3118 4611 inﬁrmitati.

372 4644 443 4699 A'.
504 4646 702 4719 ’Ὁνπερ
761 4647 922 4722 φησὶν
992 4649 1019 4702 ὁ
1087 4647 1475 4719 Ἀπὸστολος,
1544 4653 1811 4724 θησαυρὸν
1890 4651 1940 4706 ἐν
1979 4657 2020 4720 Ι)

298 4732 640 4808 ὀστρακίνοις
715 4731 862 4809 ἔχειν
928 4742 1044 4799 τοῖς
1113 4738 1370 4808 σπεύεσι,
1448 4739 1547 4806 τήν
1623 4741 1942 4814 ἀγιαστικὴν

298 4820 419 4877 οἹου
457 4828 553 4878 τοῦ
597 4823 907 4898 Πνεύματος
959 4824 1208 4901 δύναμιν,
1263 4828 1329 4897 ἢν
1390 4826 1464 4884 ἔτι
1531 4833 1600 4902 τῇ
1651 4831 1806 4904 σαρκὶ
1851 4852 1943 4884 πε-

299 4913 431 4986 ριὼν
474 4911 619 4982 ἄξιος
652 4915 879 4986 κατέστη
926 4912 1134 4975 λαϐεῖν.
1188 4917 1288 4973 Καὶ
1326 4920 1426 4993 γάρ
1474 4939 1578 4973 που
1628 4918 1792 4973 πάλιν
1837 4943 1942 4999 φη-

298 5001 380 5057 σίν
434 5003 462 5056 ὁ
521 5002 724 5065 αὐτός·
759 5006 855 5067 ’Ός
915 5007 1144 5082 ἐγενήθη
1203 5009 1337 5079 ἡμῖν
1399 5010 1560 5085 σοφία
1623 5009 1729 5064 ἀπὸ
1787 5015 1944 5078 Θεοῦ,

299 5089 613 5162 δικαιοσύνη
684 5115 742 5148 τε
806 5096 895 5149 καὶ
971 5097 1257 5170 ἁγιασμὸς,
1341 5097 1430 5154 καὶ
1513 5096 1941 5172 ἀπολύτρωσις.

297 5184 360 5240 Ὀ
392 5187 524 5257 γοῦν
559 5185 728 5259 εὑρὼν
771 5186 860 5240 καὶ
909 5188 1034 5261 παρ’
1084 5188 1256 5259 ἑαυτῷ
1302 5187 1452 5263 σχὼν
1495 5187 1586 5242 τὸν
1631 5188 1947 5262 ἐπουράνιον

297 5277 492 5328 τοῦτον
532 5279 628 5328 τοῦ
679 5273 994 5350 Πνεύματος
1041 5278 1328 5350 θησαυρὸν,
1378 5283 1548 5331 πᾶσαν
1597 5273 1942 5344 δικαιοσύνην

297 5359 557 5430 ἐντολῶν,
591 5367 762 5419 πᾶσαν
789 5367 886 5434 τήν
919 5369 1026 5420 τῶν
1061 5363 1296 5420 ἐντολῶν
1322 5364 1568 5441 ἐργασίαν
1608 5365 1669 5419 οὗ
1697 5365 1942 5441 καθαρῶς

302 5455 465 5529 μόνον
493 5454 583 5510 καὶ
615 5456 960 5530 ἀμωμήτως,
993 5455 1140 5511 ἀλλὰ
1170 5455 1259 5511 καὶ
1290 5458 1470 5511 πόνων
1510 5456 1662 5516 ἐκτὸς
1711 5454 1800 5509 καὶ
1847 5475 1947 5508 κα-

304 5546 491 5618 μάτων
524 5544 701 5601 ἅνύειν
735 5542 978 5620 δύναται,
1009 5549 1140 5620 ὅπερ
1169 5546 1400 5619 ἀπονητὶ
1439 5547 1702 5622 πρότερον
1731 5542 1947 5600 πολλοῦ

2123 4652 2217 4708 IV.
2277 4652 2456 4715 Quem
2515 4649 2594 4703 ait
2621 4646 2952 4719 Apostolus,
3013 4644 3335 4699 thesaurum
3389 4656 3444 4696 se
3467 4639 3667 4696 habere
3694 4641 3754 4693 in

2058 4744 2197 4800 vasis
2251 4741 2518 4813 ﬁctilibus
2548 4741 2590 4806 ⁸,
2651 4737 3117 4794 sanctiﬁcantem
3175 4731 3450 4789 existima
3503 4729 3757 4799 Spiritus

2057 4834 2349 4900 virtutem,
2383 4846 2558 4902 quam
2610 4828 2802 4884 adhuc
2846 4826 2906 4880 in
2967 4839 3138 4879 carne
3187 4824 3482 4892 superstes
3540 4817 3756 4890 dignus

2057 4923 2292 4979 habitus
2355 4931 2434 4976 est
2486 4919 2767 4990 accipere.
2827 4914 3055 4970 Etenim
3115 4910 3253 4966 alibi
3311 4925 3515 4965 rursus
3599 4908 3753 4964 idem

2057 5013 2198 5067 dicit
2231 5029 2245 5067 :
2279 5012 2384 5078 Qui
2410 5012 2588 5077 factus
2617 5010 2693 5062 est
2749 5005 2908 5059 nobis
2944 5002 3219 5074 sapientia
3243 5018 3278 5054 a
3326 5001 3448 5068 Deo,
3496 5007 3547 5055 et
3586 4997 3758 5069 justi-

2057 5104 2154 5167 tia,
2187 5109 2236 5155 et
2292 5098 2678 5166 sanctificatio,
2709 5099 2760 5151 et
2799 5089 3165 5162 redemptio".
3200 5089 3306 5157 Qui
3364 5089 3545 5161 igitur
3589 5087 3760 5142 inve-

2057 5190 2144 5245 nit
2182 5200 2234 5244 et
2280 5188 2433 5259 apud
2480 5202 2550 5241 se
2608 5185 2779 5240 habet
2808 5182 3093 5238 caelestem
3129 5181 3283 5235 hunc
3340 5178 3593 5248 Spiritus
3633 5175 3755 5231 the-

2056 5293 2315 5343 saurum,
2385 5291 2618 5330 omnem
2660 5273 2957 5344 justitiam
3028 5270 3458 5333 mandatorum,
3519 5281 3755 5321 omnem

2055 5372 2450 5438 Operationem
2487 5364 2910 5434 praascriptam,
2947 5377 3061 5416 non
3097 5375 3238 5430 pure
3295 5357 3484 5413 solum
3518 5361 3576 5412 et
3614 5355 3756 5412 irre-

2058 5451 2696 5528 prebonsibiliter,'sed
2739 5453 2908 5509 etiam
2978 5451 3101 5506 sine
3151 5448 3349 5504 labore
3401 5451 3457 5502 et
3504 5463 3762 5503 erumna

2055 5549 2246 5618 potest
2276 5545 2532 5616 exsequi,
2561 5543 2713 5616 quod
2773 5546 2941 5598 antea
3000 5540 3144 5595 citra
3200 5537 3457 5596 laborem
3501 5538 3754 5598 multum

390 5700 414 5734 ε
445 5700 613 5759 ICor.
641 5719 682 5773 ι,
717 5703 800 5758 18.
879 5702 944 5758 3l
976 5703 1101 5761 Cor.
1133 5720 1208 5775 xv,
1240 5706 1293 5758 8.
1370 5703 1392 5737 ‘
1421 5701 1562 5760 Gen.
1595 5717 1678 5771 ιιι,
1709 5701 1764 5758 5.
1840 5698 1953 5771 ⁵,Ρ1

2070 5716 2142 5774 ip.
2172 5717 2234 5769 ιι,
2266 5701 2317 5754 7.
2394 5697 2416 5732 ⁸
2442 5697 2488 5754 ΙΙ
2510 5698 2637 5754 Cor.
2673 5713 2746 5766 1v,
2771 5697 2826 5753 7.
2904 5696 2922 5730 "
2951 5694 2972 5751 1
3004 5693 3132 5750 Cor.
3164 5710 3204 5760 1,
3239 5693 3326 5748 30.
