4082 6196
352 350 460 410 9H
1714 353 1775 415 S.
1822 353 2154 420 MACARII
2198 359 2542 422 IEGYPTII
3703 358 3805 418 919»

345 479 552 546 facere,
604 483 832 536 tantum
891 483 1109 552 aberat,
1155 484 1296 556 quin
1367 491 1577 555 posset.
1629 485 1828 557 Neque
1885 489 2037 543 enim

2156 491 2324 564 γεκαὶ
2389 486 2514 545 ἔδει.
2549 495 2698 545 ποεῖν
2761 489 2859 546 Καὶ
2889 487 3204 561 Πνεῦματος
3241 490 3520 560 ἀληθινῶς
3556 491 3818 562 γιωργῆ·

343 568 664 639 valetquis,
700 576 1072 643 quantumvis
1112 575 1268 639 velit,
1302 575 1555 630 fructum
1617 576 1866 647 Spiritus
1914 597 2037 636 vere

2159 600 2242 632 σαι
2303 580 2408 652 πρὸ
2465 587 2566 648 τῆς
2625 583 2720 633 τοῦ
2777 579 2979 651 ἀγαθοῦ
3041 579 3349 650 Πνεῦματος
3425 577 3817 652 μεταλήψεως.

343 675 410 715 ac
441 667 611 730 prout
639 671 855 730 oportet
915 665 1194 731 excolere,
1255 672 1386 720 ante
1445 667 1871 736 perceptionem
1910 670 2044 724 boni

340 747 616 818 Spiritus.
652 751 847 822 Itaque
878 753 992 808 vim
1026 754 1135 808 sibi
1168 755 1353 824 quivis
1405 756 1618 810 inferat
1648 758 1897 810 subinde
1949 775 2047 829 per

341 838 676 906 patientiam
709 855 951 896 currens
981 848 1038 895 et
1081 842 1274 908 fidem,
1306 859 1370 896 ac
1424 844 1706 898 ferventer
1746 845 2043 902 Christum

339 931 480 994 oret,
512 932 575 982 ut
604 927 944 986 thesaurum
977 931 1149 986 istum
1211 933 1503 988 ccelestem
1539 939 1713 1005 queat
1772 937 2002 1007 assequi
2031 951 2043 1001 ;

335 1020 392 1071 et
419 1022 556 1072 tunc
587 1034 818 1075 omnem
845 1020 1128 1089 justitiam
1164 1022 1220 1076 in
1273 1022 1399 1092 ipso
1449 1029 1505 1077 et
1536 1039 1637 1094 per
1667 1025 1864 1094 ipsum
1898 1043 2046 1095 prae-

336 1110 491 1161 stare
553 1109 757 1176 poterit
813 1124 954 1180 pure
1013 1126 1080 1166 ac
1137 1111 1434 1182 perfecte;
1498 1115 1624 1169 sine
1681 1114 1894 1184 labore,
1953 1115 2040 1170 in-

336 1212 532 1266 quam,
566 1203 621 1252 et
649 1215 931 1253 aerumna.

401 1283 470 1341 V.
505 1288 610 1352 Qui
670 1288 893 1343 divinas
938 1290 1167 1344 divitias
1218 1292 1472 1361 Spiritus
1506 1294 1561 1348 in
1625 1310 1685 1350 se
1719 1295 1865 1366 ipsis
1929 1297 2040 1351 ha-

333 1378 491 1445 bent,
543 1383 777 1451 quando
835 1398 968 1438 cum
1026 1383 1326 1454 aliquibus
1379 1386 1627 1442 miscent
1705 1389 2041 1457 spirituales

332 1482 651 1535 sermones,
684 1485 782 1524 eas
814 1471 977 1542 quasi
1019 1481 1396 1541 promentese
1450 1476 1678 1545 proprio
1739 1480 2037 1544 thesauro,

332 1556 406 1611 iis
453 1558 807 1626 quibuscum
886 1572 1326 1628 conversantur,
1390 1566 1846 1621 communicant.
1932 1567 2039 1630 Qui

333 1661 465 1698 vero
497 1644 826 1702 istiusmodi
860 1666 998 1720 opes
1043 1668 1151 1704 non
1202 1654 1642 1708 recomliderunt
1681 1656 1736 1709 in
1775 1665 2040 1726 penetra-

333 1733 489 1790 libus
553 1741 760 1801 cor-tis,
795 1757 862 1795 ex
914 1759 1024 1809 quo
1083 1743 1407 1799 divinorum
1472 1762 1770 1810 sensuum,
1824 1756 2036 1818 myste-

333 1828 666 1900 riorumque
711 1844 759 1885 et
814 1834 1206 1888 doctrinarum
1289 1842 1504 1890 natura;
1573 1845 1804 1906 captum
1865 1857 2033 1894 exce-

333 1918 592 1973 dentium
682 1925 1019 1990 praestantia
1102 1925 1486 1990 redundaret;
1571 1929 1672 1982 sed
1759 1929 2034 1984 deﬂorata

333 2004 518 2061 solum
575 2009 831 2076 quasdam
901 2027 931 2065 e
1009 2010 1174 2066 libris
1270 2016 1576 2085 utriusque
1654 2019 2034 2083 Testamenti,

333 2096 644 2151 summain
680 2098 877 2168 lingua
910 2100 1129 2167 ferunt;
1157 2113 1258 2156 aut
1317 2103 1610 2158 auditores
1674 2106 1804 2160 facti
1859 2108 2035 2173 spiri-

333 2183 580 2240 tualium
629 2187 920 2255 virorum;
972 2207 1172 2246 eorum
1229 2191 1495 2248 doctrina
1571 2210 1632 2249 se
1719 2201 2028 2257 ostentant,

333 2289 464 2345 qua
506 2277 576 2330 ab
617 2276 690 2331 iis
751 2285 1131 2348 perceperunt
1185 2288 1458 2352 tanquam
1509 2300 1613 2338 sua
1654 2287 2034 2354 prot'erentes,

329 2368 386 2419 et
443 2368 646 2434 partus
703 2366 814 2420 sibi
874 2368 1250 2436 subjicientes
1299 2369 1535 2424 alieno:
1583 2371 1640 2426 bi
1702 2389 1841 2428 sane
1901 2376 2034 2428 aliis

330 2452 565 2524 quidem
601 2453 825 2510 facilem
861 2459 1118 2528 praebent
1147 2475 1346 2513 eorum
1375 2476 1505 2530 quae
1557 2462 1780 2530 dicunt,
1808 2463 2035 2520 fruitio-

332 2558 462 2597 nem
491 2564 505 2610 ;
533 2545 640 2612 ipsi
664 2561 795 2600 vero
829 2556 960 2615 post
1008 2550 1319 2604 dictionem
1382 2553 1751 2621 reperiuntur
1801 2555 2034 2610 mendi-

330 2630 674 2686 cissimiles.
727 2635 952 2704 Quippe
1002 2653 1135 2690 cum
1186 2639 1255 2692 ad
1289 2655 1462 2693 suum
1525 2657 1769 2712 quaeque
1829 2660 2026 2699 verum

331 2724 651 2788 auctorem,
710 2739 838 2792 quas
899 2725 1006 2795 ipsi
1069 2727 1208 2781 falso
1268 2744 1369 2797 pro
1427 2729 1551 2784 suis
1636 2731 2031 2804 venditarunt,

329 2815 538 2880 sponte
569 2812 739 2882 quasi
787 2830 894 2868 sua
937 2816 1212 2882 redeant;
1248 2819 1390 2886 ipsis
1424 2821 1478 2872 in
1541 2827 1786 2889 egestate
1835 2825 2031 2880 dome-

328 2899 473 2952 stica
503 2899 739 2966 relictis,
775 2910 973 2972 utpote
1004 2905 1103 2976 qui
1155 2907 1498 2962 thesaurum
1543 2927 1657 2965 non
1694 2913 2033 2980 possideant

327 2990 654 3058 proprium,
715 3007 886 3062 quem
940 2995 986 3048 si
1051 2996 1347 3063 haberent,
1393 3009 1624 3068 possent
1680 3018 1742 3056 se
1795 3004 2028 3074 quidem

327 3077 578 3148 primum
612 3081 771 3150 ipsos
808 3083 1115 3150 oblectare,
1166 3087 1415 3159 aliisque
1465 3090 1693 3159 deinde,
1738 3096 1892 3148 unde
1933 3095 2027 3163 ju-

324 3175 619 3230 varentur,
662 3169 975 3240 impertire.
1029 3174 1337 3245 PrOpterea
1387 3177 1641 3246 primum
1677 3179 1956 3236 debemus
1997 3201 2030 3238 a

2158 666 2310 734 Ηλὴν
2343 668 2486 722 ἀλλὰ
2527 667 2613 720 καὶ
2653 667 2925 740 βιαζέσθω
2956 671 3057 729 πᾶς
3084 689 3166 728 τις
3198 667 3382 721 ἑαυτὸν
3427 668 3688 721 ἑκάστοτε
3739 663 3817 719 δι’

2162 757 2447 827 ὑπομονῆς
2477 759 2692 831 τρέχων
2725 756 2814 810 καὶ
2847 757 3097 827 πίστεως,
3128 756 3218 810 καὶ
3265 758 3480 828 θερμῶς
3529 759 3625 809 τοῦ
3678 762 3813 828 Χρι-

2160 849 2286 898 στοῦ
2320 843 2539 913 δεέσθω,
2589 843 2729 899 ὥστε
2769 849 2867 900 τοῦ
2917 847 3189 919 θησαυροῦ
3230 841 3390 900 τοῦδε
3435 848 3530 899 τοῦ
3583 845 3818 916 ἐπουρα-

2155 934 2272 989 νίου
2315 934 2592 1010 ἐπιτυχεῖν
2618 952 2630 964 '
2675 936 2765 990 καὶ
2796 935 2920 989 τότε
2963 938 3131 989 πᾶσαν
3181 930 3520 1002 δικαιοσύνην
3554 932 3603 986 ἐν
3659 932 3814 1003 αὐτῷ

2155 1044 2212 1078 τε
2253 1021 2322 1077 δι’
2371 1023 2534 1078 αὐτοῦ
2586 1029 2758 1078 ποιεῖν
2821 1021 3043 1078 δύναται
3099 1025 3346 1098 καθαρῶς
3401 1020 3492 1076 καὶ
3550 1021 3810 1091 τελείως,

2153 1112 2419 1189 ἀμόχθως
2451 1114 2508 1168 τέ
2539 1135 2686 1189 φημι
2715 1112 2806 1168 καὶ
2842 1111 3268 1187 ἀταλαιπώρως,

2225 1294 2302 1358 Ε’,
2338 1293 2402 1348 0".
2434 1291 2523 1345 τὸν
2555 1295 2696 1346 θεῖον
2730 1291 2969 1347 πλοῦτον
3009 1295 3106 1346 τοῦ
3141 1292 3454 1362 Πνεόματος
3486 1289 3539 1345 ἐν
3581 1292 3799 1351 ἑαυτοῖς

2153 1377 2369 1454 ἔχοντες
2409 1378 2620 1435 ἐπειδάν
2664 1403 2770 1436 τισι
2817 1384 3117 1434 κοινωνῶσι
3167 1379 3346 1454 λόγων
3398 1375 3806 1452 πνευματικῶν,

2152 1476 2250 1524 τοῦ
2285 1467 2422 1524 ἰδίου
2454 1469 2634 1545 ὥσπερ
2665 1466 3027 1532 ἐκϐάλλοντες
3069 1472 3343 1542 θησαυροῦ
3389 1475 3504 1531 τοῖς
3550 1472 3638 1532 οἷς
3699 1491 3808 1541 με·

2151 1558 2458 1618 ταδίδωσιν.
2493 1563 2647 1616 Ὅσοι
2691 1558 2748 1616 δὲ
2785 1561 2874 1615 τὸν
2927 1559 3162 1614 πλοῦτον
3215 1560 3265 1614 ἐν
3318 1565 3519 1638 μυχοῖς
3569 1559 3807 1634 καρδίας

2152 1648 2249 1703 οὐκ
2293 1648 2674 1718 ἐθησαόρισαν,
2709 1649 2758 1720 ἐξ
2793 1650 2854 1704 οὗ
2901 1649 3058 1704 θείων
3105 1649 3500 1722 ἐνθυμημάτων
3550 1651 3643 1704 καὶ
3698 1673 3807 1722 μυ-

2149 1741 2410 1810 στηρίων,
2455 1742 2638 1815 λόγων
2669 1763 2726 1796 τε
2759 1737 3189 1814 ὑπερϐαινόντων
3238 1739 3388 1814 βρῦει
3430 1739 3752 1817 ἀγαθωσύνη
3785 1759 3800 1772 ο

2150 1828 2596 1904 ἀπανθησάμενοί
2652 1853 2771 1885 τινα
2823 1833 2985 1903 μόνον
3136 1827 3388 1902 ἑκατέρας
3438 1835 3659 1904 Γραφῆς
3713 1829 3803 1883 ἐπ’

2144 1917 2309 1992 ἄκρας
2360 1927 2457 1988 τῆς
2512 1919 2765 1995 γλώσσης
2816 1920 3087 1998 φέρουσιν,
3138 1921 3171 1989 ἢ
3223 1920 3314 1972 καὶ
3367 1918 3573 1993 ἀνδρῶν
3628 1939 3803 1974 πνευ-

2148 2013 2386 2080 ματικῶν
2453 2009 2712 2065 ἀκουσταὶ
2768 2010 3049 2084 γενόμενοι
3111 2014 3228 2070 τοῖς
3317 2007 3524 2063 τούτων
3595 2007 3800 2084 λόγοις

2144 2096 2610 2168 ἐπικομπάζουσιν
2671 2100 2743 2160 ὡς
2795 2097 2912 2153 ’ίδια
2976 2099 3045 2154 τὰ
3112 2097 3328 2152 ἐκείνων
3394 2097 3799 2171 προτείνοντες,

2142 2186 2230 2241 καὶ
2260 2193 2377 2248 τοῖς
2409 2187 2723 2264 ἀλλοτρίοις
2753 2188 2935 2249 τόκοις
2972 2182 3441 2259 ὑποϐαλλόμενοι.
3485 2187 3654 2244 Οὗτοι
3699 2188 3801 2259 μὲν

2142 2279 2258 2336 τοῖς
2290 2274 2484 2339 ἄλλοις
2512 2279 2711 2332 ἄπονον
2741 2277 3012 2352 παρέσχον
3046 2282 3154 2332 τῶν
3185 2276 3484 2350 εἰρημένων
3545 2275 3799 2331 ἀπόλαυ-

2145 2381 2260 2415 σιν’
2295 2363 2446 2419 αὐτοὶ
2490 2363 2544 2420 δὲ
2579 2367 2714 2440 μετᾶ
2761 2369 2859 2436 τήν
2909 2365 3142 2439 διάλεξιν
3192 2372 3442 2440 πτωχοῖς
3495 2368 3792 2440 εὑρέθησαν

2143 2449 2380 2514 ἐοικότες
2415 2475 2425 2486 ·
2460 2456 2550 2510 ἅτε
2607 2462 2713 2511 τῶν
2776 2457 2871 2530 μὲν
2939 2455 3123 2532 λόγων
3192 2456 3439 2524 ἑκάστου,
3497 2457 3795 2531 καθαπερεὶ

2141 2543 2276 2614 πρὸς
2324 2544 2389 2597 τὰ
2460 2543 2572 2600 ἴδια
2626 2551 2732 2601 τῶν
2795 2547 2881 2623 ἀφ’
2937 2547 3008 2600 ὧν
3067 2544 3281 2625 ἐλήφθη
3345 2544 3735 2606 ἐπανελθόντος
3775 2566 3791 2580 ⁸

2141 2630 2351 2686 ἐκείνων
2386 2633 2442 2688 δὲ
2493 2639 2570 2707 μὴ
2628 2635 2975 2708 κεκτημένων
3023 2632 3172 2690 ’ίδιον
3222 2637 3513 2708 θησαυρὸν,
3561 2636 3650 2708 ἀφ’
3684 2636 3796 2689 οὗ-

2140 2749 2238 2803 περ
2301 2727 2539 2790 δυνατῶς
2590 2729 2746 2803 εἶχον
2799 2731 3052 2804 πρώτους
3099 2749 3157 2783 τε
3205 2728 3400 2790 αὐτοὺς
3459 2727 3793 2805 εὐφραίνειν,

2140 2819 2227 2871 καὶ
2285 2819 2408 2879 τοὺς
2466 2815 2672 2878 ἄλλους
2745 2819 2881 2872 κατὰ
2952 2815 3293 2890 μεταδίδοσιν
3359 2815 3618 2890 ὠφελεῖν.
3680 2818 3794 2872 Διά

2137 2911 2298 2962 τοῦτο
2343 2908 2600 2977 ζητητέον
2633 2912 2848 2979 πρῶτον
2878 2907 3022 2980 παρὰ
3052 2911 3187 2962 Θεοῦ
3217 2905 3450 2962 πλοῦτον
3497 2906 3585 2959 τὸν
3637 2905 3792 2976 ἄλη-

2139 2997 2282 3050 θινὸν
2334 3000 2527 3050 τοῦτον
2588 2996 2973 3051 εἷσοικίσασθαι
3007 2995 3170 3051 ’τότε
3212 2994 3397 3069 ῥᾴδιον
3447 2997 3580 3068 ἡμῖν
3631 2990 3790 3050 ἔσται

2136 3085 2224 3138 καὶ
2257 3084 2471 3158 ἐτέρους
2521 3081 2773 3137 δύνασθαι
2815 3081 3063 3160 ὠφελεῖν,
3112 3084 3201 3138 καὶ
3250 3082 3431 3159 λόγων
3479 3104 3789 3154 πνευματι-

2141 3193 2247 3227 κων
2294 3173 2383 3228 καὶ
2437 3174 2750 3246 μυστηρίων
2801 3173 2984 3233 αὐτοῖς
3047 3169 3412 3246 μεταδιδόναι.
3465 3171 3624 3229 Οὕτω
3679 3175 3781 3248 γάρ

326 3259 444 3310 Deo
497 3259 662 3314 nobis
713 3277 877 3316 veras
917 3263 1060 3318 istas
1087 3263 1315 3320 divitias
1371 3283 1732 3336 comparare,
1769 3280 1901 3326 tunc
1949 3275 2026 3327 fa-

2145 3259 2440 3331 ηυδόκησεν
2471 3266 2505 3332 ἡ
2537 3268 2634 3318 τοῦ
2674 3267 2806 3318 Θεοῦ
2849 3261 3116 3336 ἀγαθότης
3163 3262 3324 3317 παντὶ
3371 3265 3451 3332 τῷ
3495 3283 3780 3317 πεπιστευ-

329 3344 439 3399 οἱΙθ
471 3348 786 3415 poterimus
845 3353 1122 3420 prodesse
1173 3354 1304 3408 aliis
1351 3357 1838 3412 communicando
1888 3361 2033 3431 ipsis

329 3433 622 3492 doctrinas
654 3440 988 3509 spirituales
1019 3448 1076 3496 et
1119 3447 1406 3514 mysteria.
1439 3446 1531 3499 Sic
1581 3448 1736 3502 enim
1770 3451 2030 3520 compla-

330 3524 453 3578 cuit
493 3527 697 3582 divinaa
747 3530 1017 3599 bonitati,
1052 3531 1314 3587 habitare
1355 3536 1412 3589 in
1473 3536 1734 3604 quolibet
1765 3540 1859 3606 qui
1910 3556 2031 3595 cre-

331 3615 577 3685 diderit;
611 3621 847 3676 etenim.
899 3624 1009 3690 Qui
1055 3624 1247 3692 diliget
1279 3641 1384 3689 me,
1434 3624 1644 3697 inquit.
1693 3627 1952 3698 diligetur
1993 3650 2029 3688 a

331 3707 495 3762 Putre
524 3725 662 3774 meo,
695 3717 745 3766 et
774 3729 870 3781 ego
900 3714 1128 3784 diligam
1154 3733 1300 3779 eum,
1337 3727 1385 3771 et
1441 3721 1807 3786 mani/astabo
1848 3725 1903 3776 ei
1948 3739 2034 3778 me

331 3798 510 3867 ipsum
539 3797 581 3853 ⁸.
615 3802 682 3855 Et
713 3802 852 3856 alibi
883 3821 902 3858 .°
936 3807 1049 3877 Ego
1077 3816 1128 3861 ει
1181 3809 1353 3861 Pater
1384 3811 1676 3878 veniemus,
1709 3815 1760 3865 et
1789 3814 2032 3869 mansio-

330 3902 456 3940 nem
489 3893 636 3958 apud
663 3907 787 3946 eum
815 3896 1085 3962 faciemus
1103 3897 1143 3951 °.

406 3977 500 4034 VI.
536 3982 643 4045 Qui
693 3999 758 4036 eo
806 3985 963 4055 digni
1010 3986 1192 4041 habiti
1243 3987 1478 4055 honore,
1540 3997 1596 4042 ut
1642 3989 1743 4044 filii
1779 3991 1876 4046 Dei
1935 3993 2034 4048 ﬁe-

338 4073 488 4132 rent,
542 4076 597 4123 et
653 4071 943 4127 Christum
993 4074 1050 4128 in
1089 4092 1145 4128 se
1187 4076 1331 4142 ipsis
1396 4077 1862 4146 resplendentem
1925 4085 2036 4136 cir-

337 4159 715 4220 cumferrent.
747 4161 924 4215 variis
975 4170 1023 4215 et
1076 4163 1484 4220 differentibus
1533 4170 1720 4223 modis
1753 4188 1784 4223 a
1836 4177 2035 4225 sancto

337 4254 612 4314 reguntur
637 4249 878 4316 Spiritu,
912 4255 967 4303 et
1017 4252 1069 4304 in
1133 4269 1344 4306 arcano
1398 4256 1587 4309 cordis
1637 4276 1666 4310 a
1697 4259 1884 4327 gratia
1943 4260 2037 4312 de-

335 4333 683 4390 mulcentur.
745 4335 897 4390 Nihil
984 4356 1114 4395 vero
1188 4345 1609 4400 conducibilius
1675 4361 1780 4411 est,
1857 4366 2033 4419 quam

335 4424 528 4494 aliqua
561 4425 916 4494 voluptatum
952 4444 1184 4499 genere,
1217 4449 1346 4502 qum
1379 4436 1433 4488 in
1466 4436 1684 4489 mundo
1721 4439 2037 4509 conspicua

333 4527 490 4582 sunt,
526 4515 676 4569 I99
731 4517 786 4570 in
840 4520 1092 4575 medium
1155 4523 1458 4592 adducere,
1513 4531 1594 4592 ut,
1628 4527 1842 4597 quibus
1902 4531 2036 4583 trui-

2136 3351 2253 3405 κότι
2296 3351 2724 3426 ἐγκατοικῆσαι·
2772 3351 2860 3406 καὶ
2919 3352 3021 3426 γαρ
3055 3395 3069 3419 ,
3129 3355 3184 3404 '0
3242 3352 3464 3425 ἀγαπῶν
3499 3397 3512 3421 ,
3566 3352 3728 3427 φησὶν
3761 3394 3777 3418 ,

2135 3439 2543 3513 ἀγαπηθήσεται
2599 3441 2703 3495 ὑπὸ
2747 3445 2842 3496 τοῦ
2903 3441 3113 3514 Πατρός
3168 3460 3271 3511 μου
3304 3459 3317 3471 ⁸
3350 3440 3441 3493 καὶ
3489 3438 3596 3514 ἐγὼ
3647 3441 3781 3514 ἀγα,

2136 3530 2296 3598 πήσω
2335 3529 2520 3596 αὑτὸν,
2571 3529 2656 3583 καὶ
2718 3528 2998 3603 ἐμφανίσω
3056 3529 3204 3599 αὐτῷ
3259 3527 3495 3600 ἐμαυτόν
3531 3547 3543 3560 ·
3579 3530 3668 3583 καὶ
3723 3528 3779 3584 ἐν

2139 3617 2353 3680 ἄλλοις·
2412 3619 2553 3693 Ἐγὼ
2603 3619 2689 3673 καὶ
2740 3620 2766 3674 ὁ
2820 3620 3004 3691 Πατὴρ
3062 3617 3414 3691 ἐλευσόμεθα,
3455 3619 3546 3672 καὶ
3609 3619 3781 3692 μονήν

2140 3707 2266 3780 παρ’
2298 3706 2444 3780 αὐτῷ
2474 3709 2800 3781 ποιήσομεν.

2213 3996 2307 4068 ς’.
2359 3997 2419 4049 Οἱ
2477 3992 2632 4048 τέκνα
2691 3997 2824 4048 Θεοῦ
2882 3995 3127 4068 γενέσθαι
3181 3993 3625 4063 καταξιωθέντες,
3697 3990 3788 4046 καὶ

2140 4085 2228 4138 τὸν
2269 4084 2496 4158 Χριστὸν
2525 4082 2576 4138 ἐν
2610 4085 2821 4145 ἑαυτοῖς
2854 4081 3205 4156 ἐλλάμποντα
3243 4081 3490 4158 ἔχοντες,
3524 4081 3580 4137 ἐν
3610 4082 3790 4138 ποικί-

2141 4171 2261 4234 λοις
2292 4173 2379 4227 καὶ
2413 4170 2690 4250 διαφόροις
2722 4178 2818 4227 τοῦ
2851 4173 3163 4244 Πνεόματος
3206 4169 3487 4227 διέπονται
3534 4172 3788 4246 τρόποις,

2140 4263 2226 4316 καὶ
2287 4263 2338 4316 ἐν
2393 4267 2472 4333 τῷ
2529 4263 2718 4338 ἀφανεῖ
2773 4270 2873 4330 τῆς
2940 4259 3160 4334 καρδίας
3230 4262 3334 4316 ὑπὸ
3391 4268 3492 4330 τῆς
3562 4261 3791 4336 χὶριτος

2141 4351 2590 4422 περιθάλπονται.
2652 4350 2818 4407 Οὐδὲν
2875 4348 2931 4406 δὲ
2982 4354 3098 4406 οἷον
3145 4350 3233 4406 καί
3282 4371 3432 4411 τινας
3486 4354 3592 4404 τῶν
3652 4355 3790 4404 κατὰ

2139 4443 2346 4515 κόσμον
2405 4442 2740 4520 φαινομένων
2801 4439 3153 4496 ἀπολαύσεων
3198 4439 3273 4500 εἴς
3329 4439 3493 4513 μέσον
3541 4460 3788 4513 παραγα-

2140 4536 2253 4604 γεῖν
2284 4534 2418 4602 πρὸς
2470 4529 2706 4585 εἰκασίαν
2757 4535 2863 4586 τῶν
2896 4529 2946 4584 ἐν
2979 4532 3046 4601 τῇ
3079 4533 3232 4604 ψυχῇ
3286 4531 3448 4586 θείων
3495 4525 3786 4605 διαγωγῶν

333 4606 428 4656 tur
483 4606 678 4660 anima
737 4619 932 4676 gratiae
1009 4611 1213 4665 divinae
1276 4616 1738 4684 oblectamentis,
1827 4619 2025 4673 iisdem

2145 4626 2236 4688 τῆς
2278 4621 2525 4697 χάριτος.
2585 4621 2736 4676 Ἔστι
2797 4620 2897 4694 γὰρ
2961 4620 3049 4674 ὅτε
3101 4622 3335 4693 γίνονται
3393 4618 3631 4690 καθάπερ
3683 4617 3782 4672 τινὶ

330 4703 757 4765 comparentur.
809 4698 908 4753 Est
957 4699 1220 4757 videlicet
1263 4708 1495 4774 quando
1527 4707 1710 4761 sancti
1764 4707 2033 4764 videntur

329 4785 682 4852 quibusdam
717 4785 872 4841 velut
901 4791 1081 4859 excipi
1116 4793 1290 4859 regiis
1339 4797 1525 4862 epulis
1576 4811 1755 4864 supra
1790 4797 2027 4852 modum

329 4873 584 4942 Opiparis
619 4892 683 4930 ac
743 4877 1151 4952 lautis,iisque
1217 4882 1672 4951 jucundissime,
1734 4884 1850 4938 imo
1884 4887 2033 4942 ultra

327 4979 504 5034 quam
561 4965 803 5036 exprimi
863 4969 1106 5024 dicendo
1165 4977 1358 5042 queat,
1409 4973 1570 5028 beate
1617 4974 1898 5043 saginari.
1965 4978 2032 5032 Et

325 5070 478 5109 nunc
537 5056 768 5126 quidem
825 5064 886 5112 ut
931 5077 1142 5128 sponsa
1193 5077 1326 5116 cum
1378 5079 1589 5133 sponso
1651 5064 2029 5134 spiritualiter

324 5148 788 5216 congaudentcs;
842 5165 994 5204 nunc
1054 5157 1118 5205 ut
1170 5151 1489 5222 incorporei
1543 5155 1780 5225 quidam
1818 5157 2028 5226 angi-li,

323 5234 380 5290 in
416 5241 574 5290 tanta
635 5238 891 5305 agilitate
922 5247 1058 5293 sunt
1089 5248 1142 5295 et
1204 5243 1451 5309 levitate,
1497 5250 1556 5298 ut
1609 5251 1811 5316 putent
1871 5246 2028 5302 nullo

323 5343 558 5395 corpore
616 5346 676 5382 se
735 5329 1176 5388 circumvestiri.
1235 5336 1559 5405 Aliquando
1637 5336 1812 5390 veluti
1892 5343 2024 5405 potu

325 5415 517 5482 aliquo
575 5419 900 5487 exhilarati,
959 5430 1012 5476 et
1055 5422 1320 5478 inebriati
1378 5427 1656 5480 ebrietate
1741 5427 2022 5483 ineffabili

323 5505 730 5574 mysteriorum
754 5509 1002 5580 Spiritus
1037 5512 1356 5569 exsultant.
1415 5513 1918 5587 Aliquandoﬁﬂctu
1970 5520 2026 5570 et

395 5680 418 5711 ⁸
447 5684 611 5736 Joan.
647 5700 758 5751 xxv,
791 5686 877 5739 20.
958 5687 1152 5756 ﬁlbid.
1184 5691 1272 5745 23.

2140 4706 2413 4783 βασιλικῷ
2462 4705 2661 4781 δείπνῳ
2711 4707 3204 4785 ἐνευφραινόμενοι,
3261 4707 3350 4761 καὶ
3408 4705 3783 4781 ἆγαλλιῶντες

2137 4797 2408 4873 ἄφραστον
2455 4820 2576 4853 τινα
2617 4797 2706 4853 καὶ
2757 4796 2956 4874 ἄφατον
3011 4795 3333 4873 ἀγαλλίασιν
3369 4797 3499 4850 ,καὶ
3548 4799 3639 4849 νῦν
3689 4795 3782 4866 μὲν

2137 4887 2210 4946 ὡς
2267 4887 2451 4964 νύμφη
2509 4891 2589 4958 τῷ
2644 4888 2866 4964 νυμφίῳ
2923 4889 3303 4958 πνευματικῶς
3364 4881 3777 4955 συνηδόμενοι⁴

2135 4981 2226 5030 νῦν
2267 4974 2322 5032 δὲ
2352 4977 2425 5037 ὡς
2456 4975 2735 5050 ἂσώματοί
2784 4997 2923 5038 τινες
2973 4974 3198 5052 ἄγγελοι
3242 4974 3479 5048 τοσαύτῃ
3526 4977 3620 5028 τοῦ
3670 4972 3780 5027 σώ-

2140 5085 2305 5138 ματος
2337 5063 2564 5143 ἐλαφρίᾳ
2605 5086 2664 5120 τε
2709 5067 2798 5120 καὶ
2847 5065 3173 5140 κουφότητι,
3223 5063 3297 5125 ὡς
3353 5061 3492 5134 μηδὲ
3538 5061 3778 5133 νομίζειν

2135 5157 2294 5225 σῶμα
2324 5149 2772 5227 περιϐεϐλῆσθαι.
2809 5153 2907 5209 Καὶ
2938 5151 3138 5208 ἄλλοτε
3169 5153 3262 5225 μὲν
3295 5150 3475 5222 ὥσπερ
3497 5151 3604 5204 τινὶ
3625 5152 3775 5218 πότῳ

2133 5241 2603 5318 ἐνευφραινομενοι
2654 5245 2742 5299 καὶ
2798 5243 3086 5316 μεθύοντες
3137 5243 3306 5315 μέθην
3359 5239 3627 5313 ἄφραστον
3669 5242 3775 5292 τῶν

2139 5334 2448 5408 μυστηρίων
2496 5339 2590 5388 τοῦ
2638 5335 2950 5407 Πνεῦματος
2986 5332 3220 5389 ’ἄλλοτε
3270 5329 3327 5386 δὲ
3356 5329 3636 5404 κλαυθμὸς
3682 5328 3776 5382 καὶ

2133 5421 2372 5498 ὀδυρμὸς
2404 5425 2597 5487 αὐτοὺς
2637 5424 2774 5502 ἔχει,
2814 5433 2913 5495 τῆς
2961 5431 3070 5482 τῶν
3113 5425 3414 5498 ἀνθρώπων
3463 5421 3616 5478 ἕνεκα
3663 5443 3771 5477 σω-

2125 5513 2317 5589 τηρίας
2374 5515 2777 5590 ποτνιωμένους
2815 5534 2826 5547 ·
2865 5517 2966 5573 ὑπὸ
3024 5515 3125 5594 γὰρ
3182 5521 3285 5584 τῆς
3363 5512 3503 5575 θείας
3560 5513 3770 5590 ἀγάπης
