4116 6210
337 371 457 436 913
1420 339 1425 344 ’
1595 378 1826 444 LIBER
1867 378 1969 440 DE
2011 377 2482 441 CHARITATE.
3685 385 3803 445 914

327 501 426 559 τοῦ
487 505 796 578 Πνεόματος
854 508 960 560 τῶν
1001 505 1302 580 ἀνθρώπων
1353 508 1566 563 πάντων
1621 510 1949 582 περικαιόμε

2175 515 2253 565 :tu
2295 509 2590 580 squalent,
2613 510 2685 565 ob
2731 509 3036 566 hominum
3118 511 3366 567 salutem
3416 529 3548 568 cum
3580 513 3800 585 gemitu

327 617 412 650 νοι
459 595 595 650 ὅλου
642 601 736 651 τοῦ
785 594 958 668 Ἀδάμ
1014 599 1075 654 τὸ
1125 597 1315 661 πένθος
1358 595 1830 670 ἀναλαμϐάνουσι.
1884 609 1952 656 Κα

2176 601 2560 668 gemiscentes.
2620 601 2764 655 Nam
2815 602 3011 656 divino
3067 618 3202 674 erga
3271 619 3471 659 omnes
3531 604 3801 661 homines

331 684 465 736 ποτέ
499 683 594 756 μὶν
624 685 758 757 πρὸς
791 683 1058 755 τοσαύτην
1091 686 1303 758 ἀγάπην
1337 689 1454 760 μεθ’
1484 685 1683 756 ἡδονῆς
1717 688 1779 742 0-3
1834 687 1956 764 λόγι

2173 705 2289 742 tore
2334 688 2584 751 accensi,
2643 691 2713 744 ob
2773 694 2953 745 totum
3016 690 3339 746 humanum
3393 708 3577 762 genus
3637 693 3798 748 luctu

327 771 500 845 ῥητῆς
561 778 655 827 τοῦ
709 773 1019 848 Πνεῦματος
1069 776 1443 846 ἐξεκαύθησαν,
1499 779 1572 840 ὡς
1603 776 1648 832 έί
1680 799 1742 854 γε
1775 778 1840 846 ἧν
1889 775 1950 832 δυ

2167 777 2688 847 mprehenduntur.
2735 779 2800 833 Et
2861 780 3149 835 interdum
3192 786 3353 835 tanto
3415 797 3611 836 amore
3661 799 3792 837 cum

324 862 484 916 νατδν
519 861 688 932 ὅλως,
725 866 896 919 πάντα
930 864 1206 940 ἄνθρωπον
1247 873 1363 928 τοῖς
1395 867 1731 946 σπλάγχνοις
1787 865 1949 941 ἐγκολ

2172 866 2383 936 luptate
2413 868 2602 922 verbis
2661 883 2773 922 non
2832 868 3209 938 exprimenda
3257 871 3606 925 inﬂammati
3639 875 3797 932 sunt,

322 951 613 1007 πώσασθαι
660 959 776 1015 τοῖς
829 951 1011 1018 ῗδίοις,
1072 961 1240 1012 κακοῦ
1299 954 1563 1035 διαφοράν
1622 958 1683 1013 τὸ
1729 957 1947 1031 παράπα

2174 999 2178 1021 ,
2235 956 2284 1010 si
2321 954 2440 1010 fieri
2501 957 2700 1026 possit,
2751 974 2984 1012 omnem
3033 975 3269 1029 prorsus
3316 960 3642 1029 hominem,
3673 960 3799 1014 sine

323 1041 430 1095 ἀπὸ
480 1045 578 1096 τοῦ
630 1043 832 1119 ἀγαθοῦ
883 1046 959 1118 μή
1009 1045 1332 1118 ποιούμενοι
1373 1065 1385 1080 ⁸
1421 1055 1552 1102 ποτε
1606 1044 1663 1102 δέ
1720 1051 1948 1103 τοσοῦτο

2174 1043 2430 1100 tcrimiue
2484 1045 2644 1110 boni,
2679 1046 2838 1113 mali,
2899 1047 3245 1113 innocentis,
3305 1047 3596 1114 scelerati,
3647 1049 3799 1103 intra

320 1129 543 1192 ἑαυτοὺς
598 1130 982 1202 ἐξουδένωσαν,
1035 1135 1112 1198 ὡς
1166 1134 1369 1207 μηδένα
1412 1138 1545 1192 εἶναι
1591 1137 1683 1192 τὸν
1737 1139 1854 1213 μετ’
1887 1138 1945 1192 αὖ

2168 1151 2214 1189 a3
2245 1136 2464 1193 viscera
2507 1137 2775 1206 colligere
2833 1136 3156 1206 charitatis,
3181 1142 3238 1193 et
3297 1138 3482 1194 fovere
3535 1140 3793 1209 cupiant.

316 1217 444 1279 τοὺς
477 1215 702 1288 οἶέσθαι,
735 1217 881 1275 ἀλλὰ
931 1221 1142 1277 πάντων
1184 1221 1452 1300 ἐσχάτους
1505 1225 1728 1286 ἑαυτοὺς
1771 1223 1941 1298 λογίζι

2169 1241 2522 1296 mnuuquam
2568 1226 2710 1282 adeo
2741 1241 2800 1280 se
2828 1225 3210 1297 vilipendunt,
3243 1231 3308 1282 ut
3368 1232 3558 1297 pateat
3615 1227 3794 1281 nemi-

318 1307 462 1384 σθαι,
497 1309 594 1362 Καὶ
624 1313 717 1363 νῦν
761 1310 859 1383 μὲν
897 1310 1256 1386 ἀνεκλακήτῳ
1320 1319 1466 1388 χαρᾷ
1511 1318 1608 1368 τοῦ
1664 1313 1943 1385 [Ινεόματο

2176 1331 2222 1368 m
2270 1314 2382 1369 sibi
2413 1331 2540 1370 esse
2581 1315 3117 1387 inferiorem;quin
3175 1320 3234 1372 et
3293 1321 3614 1386 postremos
3672 1333 3801 1370 om-

315 1395 690 1468 κατεπόθησαν
726 1399 851 1453 ⁶νῦν
905 1396 961 1454 δὲ
992 1402 1232 1475 καθάπερ
1291 1423 1372 1464 τις
1420 1405 1529 1456 τῶν
1575 1402 1822 1482 ἰσχυρῶν
1874 1406 1940 1478 βα

2174 1418 2254 1456 ιω
2288 1419 2349 1458 se
2375 1419 2503 1458 esse
2532 1403 2884 1458 existiment.
2917 1405 2986 1459 Et
3026 1420 3176 1459 nunc
3226 1405 3463 1476 quidem
3501 1404 3799 1460 inenarra-

317 1485 537 1558 σιλικὴν
568 1486 750 1546 λαϐὼν
798 1491 1127 1560 πανοπλίαν,
1175 1493 1265 1548 καὶ
1304 1492 1443 1571 πρὸς
1489 1494 1731 1566 πόλεμον
1779 1495 1942 1551 κατελ

2177 1492 2191 1545 i
2249 1492 2504 1562 absorpti
2572 1497 2708 1546 sunt
2772 1492 3024 1562 Spiritus
3100 1495 3334 1564 gaudio,
3404 1511 3534 1550 mox
3625 1494 3798 1551 veluti

316 1577 422 1631 θῶν
454 1576 584 1641 τοὺς
615 1578 887 1644 ἐναντίους
937 1583 1410 1655 κατετροπώσατο,
1441 1585 1534 1639 τὸν
1579 1581 1700 1639 ’ἴσον
1749 1585 1839 1640 καὶ
1891 1585 1941 1640 οἰ

2174 1581 2302 1652 quis
2335 1597 2402 1636 ex
2434 1581 2677 1637 fortibus
2702 1583 2972 1638 heroibus
3031 1583 3190 1655 regia
3221 1584 3464 1639 indutus
3506 1589 3799 1640 armatura

316 1687 402 1721 τοι
431 1668 636 1742 τρόπον
685 1669 885 1735 ὅπλοις
933 1674 1266 1748 φραξάμενοι
1326 1679 1443 1738 τοῖς
1490 1679 1586 1729 τοῦ
1651 1673 1941 1747 Πνεῦματο

2183 1670 2396 1726 bellum
2447 1672 2766 1741 descendit,
2799 1679 2972 1744 atque
3023 1672 3221 1730 hostes
3263 1674 3594 1745 propulsat;
3627 1691 3797 1730 eum-

314 1757 450 1831 πρὸς
495 1759 621 1821 τοὺς
669 1759 888 1838 ἀφανεῖς
948 1763 1220 1831 κατῆλθον
1280 1761 1534 1839 ἐχθροὺς,
1593 1765 1681 1819 καὶ
1742 1766 1939 1820 τούτου

2174 1776 2218 1814 m
2254 1761 2310 1814 in
2345 1761 2579 1815 modum
2613 1767 2668 1816 et
2696 1760 2829 1833 ipsi,
2852 1762 3031 1816 armis
3055 1762 3301 1832 Spiritus
3330 1762 3556 1830 muniti,
3592 1763 3799 1818 invisi-

315 1853 434 1912 τοῖς
463 1849 620 1903 ποσέν
657 1850 912 1906 ὑπέθεντο
947 1857 1064 1913 τοῖς
1099 1850 1259 1915 ἷδίοις
1293 1874 1305 1887 ·
1332 1852 1452 1928 ἄρτι
1507 1856 1599 1928 μὶν
1648 1852 1836 1925 πολλή
1889 1876 1938 1909 τι

2172 1865 2232 1904 es
2263 1850 2610 1904 adoriuntur
2659 1850 2948 1916 inimicos,
2983 1868 3195 1924 eosque
3251 1853 3499 1925 propriis
3557 1851 3797 1908 concul-

313 1933 532 2014 γαλήνη
592 1939 786 2002 αὐτοὺς
843 1937 1164 2014 περιϐάλλει
1222 1942 1314 1997 καὶ
1370 1943 1596 2019 ἡσυχία,
1657 1943 1847 2017 εἰρήνη
1907 1966 1935 1998 τ

2162 1944 2212 1994 1t
2279 1941 2538 2011 pedibus.
2599 1941 2697 1995 Est
2753 1957 2884 1996 cum
2951 1943 3105 2004 ipsos
3192 1943 3380 1998 multa
3437 1943 3787 1998 circumam-

309 2024 654 2099 περιθάλπει,
702 2029 791 2083 καὶ
851 2027 1019 2103 ἡδονῇ
1078 2031 1308 2107 κάτοχοι
1364 2031 1604 2106 γίνονται
1639 2032 1911 2105 θαυμασία

2163 2029 2343 2084 ιοιίῐυι·
2398 2030 2683 2086 serenitas
2740 2036 2795 2086 et
2874 2031 3287 2104 tranquillitas,
3353 2049 3579 2104 paxque
3639 2031 3788 2088 fovet

308 2113 428 2189 ἄρτι
455 2112 513 2170 δέ
543 2115 749 2171 συνέσει
779 2117 868 2173 καὶ
901 2122 1068 2195 σοφίᾳ
1099 2119 1213 2190 θείᾳ
1262 2119 1350 2174 καὶ
1403 2121 1600 2195 γνώσει
1653 2121 1929 2192 Ηνεόματο

2162 2122 2260 2182 tta,
2292 2123 2348 2173 et
2377 2118 2673 2190 voluptate
2704 2120 2842 2174 imis
2882 2120 2940 2176 in
2993 2123 3264 2176 sensibus
3306 2122 3597 2176 delibatos
3627 2138 3787 2192 pror-

307 2204 700 2279 ἀνεξερευνήτῳ
729 2211 988 2262 ’τοιαῦτα
1028 2213 1165 2283 πρὸς
1213 2216 1314 2278 τῆς
1368 2213 1464 2264 τοῦ
1523 2213 1756 2283 Χριστοῦ
1804 2211 1928 2285 σοφί

2161 2224 2170 2262 ι
2227 2208 2392 2263 mira.
2464 2208 2686 2264 Rursus
2735 2210 3065 2281 prudentia,
3117 2212 3404 2282 sapientia
3463 2212 3664 2267 divina
3724 2215 3786 2268 et

306 2299 488 2364 ζονται
555 2295 802 2369 χάριτος,
862 2296 894 2350 ἃ
948 2295 1193 2370 μηδεμιᾷ
1231 2298 1458 2374 γλώσσῃ
1527 2296 1754 2371 δύναμις
1826 2299 1927 2372 ἐξει

2156 2296 2398 2368 ζοίιίοιιθ
2455 2297 2710 2368 Spiritus
2766 2299 3047 2354 inettabili
3118 2301 3382 2367 beantur,
3442 2303 3498 2354 et
3562 2304 3649 2355 tot
3715 2316 3781 2356 ac

301 2388 445 2439 πεῖν.
497 2384 647 2440 Ἐστι
699 2381 743 2438 δ’
795 2384 885 2441 ὅτε
929 2385 1021 2441 καὶ
1073 2387 1146 2451 ὡς
1191 2385 1283 2442 ἕνα
1324 2392 1432 2442 τῶν
1493 2389 1707 2442 πάντων
1759 2387 1922 2443 αὐτοῦ

2154 2390 2263 2439 itas
2304 2401 2393 2440 res
2461 2403 2493 2440 a
2558 2387 2746 2458 gratia
2811 2387 3028 2444 Christi
3085 2389 3420 2456 educentur,
3488 2392 3552 2443 ut
3617 2387 3779 2444 nulla

301 2471 604 2548 ἀνθρώπων
661 2471 781 2549 ὄψει
851 2479 1250 2552 φαινομένουςσ
1315 2479 1485 2539 οὕτως
1531 2481 1564 2548 ἡ
1617 2478 1731 2533 θεία
1787 2480 1920 2554 χάρι

2155 2489 2268 2546 gua
2297 2491 2364 2529 ea
2392 2476 2577 2547 possit
2601 2475 2778 2531 effari.
2806 2477 2907 2532 Est
2935 2494 3069 2532 vero
3137 2479 3372 2550 quando
3405 2494 3518 2532 non
3542 2478 3639 2532 alii
3712 2493 3776 2532 ac

301 2561 667 2637 πολυτρόπως
723 2565 918 2636 ἑαυτὴν
985 2566 1036 2621 ἐν
1105 2567 1321 2630 τούτοις
1388 2566 1796 2638 ἐξαλλάττουσα
1861 2590 1926 2622 κα

2153 2579 2308 2618 usex
2355 2565 2526 2637 vulgo
2584 2571 2920 2636 appareant.
2990 2567 3084 2623 Sic
3145 2567 3522 2622 multifariam
3583 2567 3777 2622 divina

300 2650 671 2708 ποικίλλουσα
701 2649 1074 2729 παιδοτριϐεῖν
1115 2655 1295 2731 ὥσπερ
1344 2655 1432 2711 καὶ
1480 2657 1769 2730 γυμνάζειν
1822 2656 1925 2732 βούκ

2152 2651 2252 2706 ilia
2304 2669 2366 2707 se
2413 2653 2602 2724 ipsam
2661 2655 2889 2710 varians
2938 2673 3004 2710 ac
3063 2655 3467 2725 multipliciter
3498 2657 3777 2710 transfor-

302 2741 459 2799 λεται
517 2745 617 2812 τήν
683 2746 892 2820 ψυχὴν,
949 2743 1037 2800 ’ἱνα
1099 2744 1306 2802 τελείαν
1371 2745 1538 2815 αὺτήν
1623 2746 1715 2802 καὶ
1801 2745 1925 2819 ἔμω

2153 2757 2238 2797 ms
2270 2758 2533 2798 exercere
2590 2743 2808 2800 vultac
2865 2744 3091 2800 diverse
3144 2745 3432 2800 instruere
3492 2743 3778 2812 animam,

305 2852 410 2906 μον
474 2833 564 2888 καὶ
629 2835 1013 2907 καθαρωτάτην
1097 2841 1176 2908 τῷ
1261 2836 1569 2912 ἐπουρανίῳ
1635 2840 1930 2914 παραστήοπ

2185 2836 2501 2902 perlectam
2584 2833 2800 2904 ipsam,
2869 2833 3332 2902 immaculatam,
3391 2833 3771 2905 purissimam

303 2923 615 2996 Πνεύματι.

2065 2934 2128 2973 su
2141 2920 2460 2988 percmlesti
2491 2922 2659 2976 sistat
2689 2922 2951 2991 Spiritui.

375 3016 449 3068 Z'.
484 3011 566 3070 Τά
593 3011 852 3087 εἰρημένα
891 3014 1045 3070 ταυτὶ
1090 3019 1188 3071 τοῦ
1229 3016 1538 3088 Πνεῦματος
1587 3014 1952 3090 ἐνεργήματα,

2148 3006 2252 3062 VII.
2289 3008 2356 3062 Hi
2424 3025 2572 3080 quos
2641 3011 2810 3065 modo
2879 3011 3134 3066 diximus
3223 3009 3475 3082 Spiritus
3534 3011 3773 3066 effectus

307 3100 558 3176 μεγάλων
594 3102 803 3178 μέτρων
838 3104 962 3174 εἰσὶ,
995 3105 1078 3158 καὶ
1114 3108 1223 3158 τῶν
1273 3103 1550 3180 ἐγγυτάτω
1594 3111 1693 3173 τῆς
1743 3103 1922 3159 τελειό

2147 3113 2410 3168 ignorum
2440 3102 2729 3169 graduum
2780 3106 2940 3169 sunt,
2973 3105 3028 3156 et
3087 3101 3421 3170 perfectioui
3475 3100 3772 3172 proximo-

304 3210 492 3258 τητος.
526 3191 692 3246 Αὗται
723 3193 824 3268 γάρ
857 3193 912 3246 α⁹ι
942 3192 1189 3248 ποικίλαι
1243 3200 1344 3263 τῆς
1393 3194 1621 3270 χάριτος
1665 3191 1920 3267 παρακλή

2143 3204 2214 3241 m.
2265 3188 2358 3241 Hae
2410 3187 2700 3260 siquidem
2743 3188 2980 3244 diversae
3061 3188 3487 3245 consolationes
3545 3189 3768 3260 gratias,

305 3301 414 3344 σεις
449 3279 725 3361 διαφόρως
761 3284 876 3355 μὲν,
910 3282 1036 3340 ἀλλ’
1076 3281 1438 3347 ἀδιαλείπτως
1479 3283 1664 3346 αὐτοῖς
1710 3284 1816 3339 ἀπὸ
1855 3288 1930 3338 τοι

2145 3277 2399 3333 ῖοτοιιιθι·
2454 3279 2692 3350 quidem
2750 3285 3022 3334 caeterum
3071 3279 3470 3336 indesinenter
3528 3280 3585 3334 in
3637 3280 3770 3334 iisa

305 3369 618 3444 Πνεῦματος
677 3370 1055 3449 ἐνεργοῦνται,
1116 3373 1378 3450 ἐνεργείας
1445 3372 1714 3450 ἐνέργειαν
1776 3373 1930 3431 Πνεό·

2143 3366 2276 3421 tritu
2334 3374 2695 3437 exercentur,
2755 3369 3087 3438 operatione
3142 3369 3530 3440 operationem
3587 3368 3767 3438 Spiri-

304 3480 476 3532 ματος
509 3459 924 3537 διαδεχομὲνης.
956 3464 1151 3519 Ὁπότε
1197 3464 1301 3539 γάρ
1359 3463 1436 3526 εἷς
1478 3465 1577 3534 τὴν
1626 3463 1929 3533 τελειότητι

2142 3474 2159 3513 3
2226 3474 2456 3528 semper
2533 3460 2876 3532 excipiente.
2935 3462 3177 3525 Quando
3226 3460 3380 3514 enim
3433 3459 3644 3531 aliquis
3693 3459 3767 3512 ad

295 3569 380 3612 τις
444 3554 544 3604 τοῦ
613 3552 923 3625 Πνεόματος
980 3555 1353 3624 καταντήσειε,
1422 3553 1638 3609 πάντων
1705 3549 1917 3628 ἀκριϐῶ

2139 3549 2469 3603 rfectionem
2529 3551 2778 3620 Spiritus
2839 3550 3184 3620 pervenerit,
3224 3549 3450 3604 cunctis
3518 3548 3764 3618 perfecte

291 3643 402 3694 τῶν
443 3641 627 3696 παθῶν
676 3642 1092 3716 ἀποκαθαρθεῖς,
1143 3643 1233 3697 καὶ
1288 3642 1432 3705 ὅλως
1473 3647 1551 3714 τῷ
1601 3642 1916 3717 Παρακλήτι

2137 3636 2595 3693 rturbationibus
2689 3645 2984 3710 purgatus,
3058 3645 3116 3694 et
3208 3643 3363 3695 totus
3466 3635 3760 3692 Paracleto

295 3729 569 3802 Πνεόματι
619 3727 707 3785 διά
752 3739 852 3800 τῆς
897 3730 1136 3806 ἀρῥήτου
1184 3731 1468 3794 κοινωνίας
1518 3731 1733 3794 ἐνωθεις
1809 3732 1920 3787 ἐπει

2144 3725 2302 3781 iritui
2355 3743 2454 3798 pcr
2494 3727 2847 3783 ineffabilem
2893 3728 3363 3784 communionem
3426 3729 3671 3795 unitus;
3712 3729 3768 3781 et

294 3814 351 3870 δε
493 3820 507 3838 ς
589 3819 611 3854 ’9
664 3822 677 3835 .
921 3823 933 3840 ε
1296 3820 1307 3842 ρ
1514 3825 1537 3836 ε.
1765 3821 1784 3852 ι

328 3839 387 3873 αν
419 3840 508 3874 και
553 3841 687 3890 αοτη
721 3823 754 3890 ἡ
789 3825 942 3896 ψυχη
991 3822 1346 3893 καταξιωθειη
1406 3827 1623 3892 Πνευμα
1669 3825 1919 3896 γενεσθαι

2137 3833 2189 3869 ιιι
2222 3817 2350 3884 ejus
2381 3817 2577 3871 anima
2625 3819 2697 3871 ad
2745 3835 2874 3872 eam
2907 3824 3102 3873 evecta
3141 3817 3535 3888 dignationem
3570 3817 3761 3884 fuerit,

292 3909 369 3971 ὡς
418 3912 772 3985 συγκραθεῖσα
817 3916 899 3983 τῷ
947 3911 1247 3985 Πνεόματι,
1289 3911 1412 3966 τότε
1459 3908 1589 3965 ὅλον
1631 3914 1770 3989 φῶς,
1812 3909 1912 3966 ὅλο

2149 3904 2400 3973 Spiritus
2427 3907 2486 3960 et
2531 3906 2660 3975 ipsa
2707 3906 2803 3970 sit,
2837 3907 2892 3960 in
2948 3921 3122 3961 unum
3167 3923 3300 3961 cum
3353 3905 3568 3974 Spiritu
3621 3921 3760 3960 con-

292 3998 461 4073 χαρά,
494 3996 625 4054 ὅλον
656 3998 973 4071 ἀνάπαυσις,
1007 3998 1136 4055 ὅλον
1171 3997 1523 4074 ἀγαλλίασις,
1555 3997 1683 4053 ὅλον
1727 3997 1912 4074 ἀγάπη

2132 3997 2242 4060 ita;
2277 3999 2418 4047 tunc
2447 3999 2603 4048 totus
2634 3995 2753 4060 lux,
2788 3999 2943 4050 totus
2973 3996 3270 4064 gaudium,
3304 3999 3458 4050 totus
3505 3993 3757 4064 requies,

291 4085 423 4142 ὅλον
457 4087 770 4165 σπλάγχνα,
802 4089 931 4145 ὅλον
969 4089 1239 4164 ἀγαθότης
1288 4089 1377 4143 καὶ
1431 4089 1746 4163 χρηστότης
1801 4087 1911 4161 γίνε

2143 4098 2210 4136 us
2269 4082 2598 4149 exsultatio,
2669 4089 2821 4139 totus
2902 4083 3175 4152 charitas,
3242 4089 3401 4139 totus
3463 4082 3758 4140 visceralis

289 4196 399 4231 ται·
442 4177 533 4232 καὶ
582 4179 749 4234 οἱονεὶ
793 4181 1164 4234 κατάπέποται
1213 4177 1289 4240 εἰς
1339 4179 1433 4241 τὰς
1479 4179 1668 4250 ἀρετάς
1700 4183 1799 4245 τῆς
1852 4175 1912 4231 δυ

2132 4175 2397 4244 mpassio,
2452 4179 2608 4231 totus
2665 4176 2915 4244 bonitas,
2963 4181 3121 4231 totus
3173 4176 3504 4247 benignitas
3563 4173 3666 4240 fit;
3699 4175 3757 4227 et

287 4267 505 4341 νάμεως
536 4273 631 4324 τοῦ
660 4268 867 4342 ἀγαθοῦ
916 4270 1247 4346 Πνεῦματος,
1279 4271 1354 4331 ὡς
1385 4268 1437 4325 ἐν
1469 4267 1688 4342 ἀϐόσσῳ
1737 4267 1909 4324 θαλάσ

2129 4263 2208 4317 asi
2269 4264 2580 4334 absorptus
2655 4265 3022 4338 immergitur
3076 4267 3134 4321 in
3180 4266 3423 4322 virtutes
3480 4266 3754 4337 potentia

291 4375 392 4422 σης
450 4354 602 4419 λίθος
669 4355 823 4413 ὕδατι
879 4359 1218 4434 πανταχόθεν
1276 4359 1722 4435 περισχόμενος·
1765 4363 1916 4431 ταύτῃ

2128 4350 2180 4404 ui
2239 4351 2510 4422 Spiritus,
2563 4354 2718 4410 sicut
2774 4355 2832 4409 in
2887 4356 3097 4429 abysso
3145 4355 3324 4410 maris
3386 4354 3537 4424 lapis
3605 4371 3753 4426 aqua

288 4450 576 4521 τοιγαροῦν
638 4448 690 4502 οἱ
745 4445 951 4502 τοιοίδε
1007 4449 1142 4503 κατά
1200 4449 1372 4503 πάντα
1425 4448 1650 4522 τρόπον,
1705 4452 1784 4519 τῷ
1840 4450 1913 4502 τοὶ

2131 4439 2430 4514 decunque
2480 4443 2957 4516 comprehensus.
2994 4445 3052 4500 In
3089 4447 3242 4500 hunc
3275 4445 3453 4518 igitur
3510 4446 3749 4501 modum

290 4540 426 4590 Θεοῦ
485 4537 757 4611 Πνεύματι
805 4538 1171 4615 συναφθέντες,
1220 4538 1370 4611 αὐτῷ
1410 4543 1488 4610 τῷ
1537 4542 1753 4612 Χριστῷ
1805 4538 1915 4614 oith

2128 4545 2190 4584 es
2225 4531 2488 4587 homines
2545 4535 2880 4590 omnimodo
2929 4535 3028 4590 Dei
3077 4534 3321 4607 Spiritui
3374 4535 3747 4602 cohaerentes,

291 4624 608 4698 μοίωνται,
679 4628 775 4688 τὰς
841 4626 1029 4699 ἀρετὰς
1095 4631 1190 4681 τοῦ
1263 4627 1575 4700 Ηνεόματος
1641 4626 1916 4700 ἀτρέπτου.

2123 4623 2154 4676 si
2212 4623 2437 4680 Christo
2483 4627 2907 4693 assimilantur,
2942 4629 3184 4683 virtutes
3224 4629 3477 4700 Spiritus
3527 4628 3748 4682 immu-

287 4715 417 4788 παρ’
456 4715 668 4778 ἑαυτοῖς
713 4711 950 4792 ἔχοντες,
1009 4717 1099 4770 καὶ
1162 4718 1408 4792 καρποὺς
1475 4715 1757 4776 τοιούτους
1816 4720 1912 4769 τοῖη

2124 4712 2255 4768 siles
2302 4713 2360 4769 in
2419 4731 2479 4771 se
2524 4715 2666 4788 ipsis
2701 4718 2993 4780 habentes,
3027 4721 3084 4771 et
3141 4719 3362 4772 fructus
3393 4717 3465 4771 iis
3503 4731 3749 4770 consen-

287 4809 449 4858 πᾶσιν
491 4801 939 4877 ἐπιδεικνύμενοι.
996 4805 1117 4862 Ἐπὶ
1145 4808 1246 4880 γάρ
1278 4802 1427 4860 ἔνδον
1475 4802 1703 4878 ἄμωμοί
1743 4824 1801 4859 τε
1843 4825 1909 4858 κα

2123 4819 2244 4857 meos
2284 4805 2504 4859 cunctis
2555 4807 2910 4860 exhibentes.
2975 4806 3122 4860 Fieri
3179 4806 3335 4860 enim
3407 4803 3604 4875 nequit
3666 4807 3748 4870 ut,

287 4893 516 4965 καθαροὶ
551 4890 639 4948 διὰ
667 4897 763 4949 τοῦ
816 4893 1127 4966 Πνεόματυς
1176 4894 1611 4968 ἀπηρτίσθησαν,
1644 4894 1912 4970 ἀμήχανοι

2127 4907 2176 4947 tn
2202 4891 2358 4948 intus
2389 4893 2497 4965 ipsi
2528 4894 2807 4966 inculpati
2841 4899 2896 4948 et
2928 4894 3056 4966 puri
3109 4910 3209 4964 per
3244 4893 3527 4962 Spiritum
3560 4893 3752 4949 effecti

285 4978 389 5052 ἔξω
419 4984 661 5056 καρποὺς
692 4983 879 5047 κακίας
921 4989 1321 5058 προσενεγκεῖν,
1362 4982 1508 5040 ἀλλά
1563 4986 1797 5039 πάντοτε
1846 4981 1910 5038 διτ

2123 4988 2182 5044 tt,
2216 4983 2440 5038 fructus
2471 4990 2630 5038 extra
2677 4984 2908 5038 malitia:
2942 4986 3266 5054 proferant;
3291 4985 3392 5037 sed
3415 4983 3603 5040 omnis
3664 4999 3748 5036 ex-

283 5072 504 5128 πάντων
553 5073 604 5127 οἱ
652 5072 849 5147 καρποὶ
905 5078 1002 5129 τοῦ
1063 5073 1372 5147 Πνεόματος
1433 5073 1485 5128 ἐν
1548 5073 1761 5136 ἑαυτοῖς
1821 5069 1908 5126 δια

2122 5077 2207 5126 rte
2265 5089 2364 5142 per
2409 5072 2602 5126 omnia
2661 5075 2884 5128 fructus
2941 5073 3001 5127 in
3050 5073 3119 5127 iis
3173 5073 3422 5139 Spiritus
3495 5075 3745 5128 elucent.

283 5161 598 5232 λάμπουσιν
630 5181 643 5194 ⁸
668 5163 802 5233 αὕτη
853 5161 993 5219 ἐστὶν
1034 5166 1070 5234 ἡ
1102 5165 1356 5238 προκοπή
1406 5169 1504 5232 τῆς
1558 5167 1898 5236 πνευματιγῆ

2122 5159 2203 5213 .lis
2265 5162 2555 5230 profectus
2610 5166 2698 5218 est
2762 5161 3086 5233 Spiritualis
3147 5162 3535 5232 perfectionis,
3567 5161 3747 5229 pleni-

282 5248 656 5321 τελειότητος,
711 5257 807 5308 τοῦ
863 5252 1238 5328 πληρώματος
1291 5257 1388 5310 τοῦ
1432 5254 1692 5327 Χριστοῦ,
1740 5250 1815 5311 εἷς
1863 5251 1907 5319 ἤ·

2115 5249 2246 5304 iinis
2298 5249 2518 5318 Christi,
2555 5254 2608 5308 in
2672 5269 2849 5324 quam
2909 5268 3207 5308 occurrere
3267 5267 3371 5306 nos
3421 5249 3740 5320 Apostolus

283 5339 482 5413 φθάσαι
535 5343 682 5413 ἡμᾶς
740 5342 768 5396 ὁ
826 5343 1165 5406 Ἀπόστολος
1229 5347 1481 5417 παραινεῖ
1545 5341 1722 5417 λέγων
1755 5359 1768 5373 ·
1810 5342 1908 5395 Ἵνι

2122 5342 2382 5395 hortatur
2437 5341 2638 5398 dicens
2670 5359 2683 5397 :
2721 5345 2785 5400 Ut
2829 5343 3170 5412 impleamini
3228 5343 3284 5396 in
3322 5357 3531 5396 omnem
3557 5339 3742 5412 pleni-

285 5429 624 5506 πληρωθῆτε
688 5432 764 5494 εἰς
829 5436 931 5488 πᾶν
995 5434 1058 5488 τὸ
1123 5432 1408 5508 πλήρωμα
1472 5435 1568 5488 τοῦ
1642 5431 1880 5506 Χριστοῦ

2118 5429 2282 5488 tinem
2331 5431 2536 5489 Christi
2568 5431 2629 5489 1°.
2692 5434 2760 5489 Et
2817 5449 3021 5489 rursus
3072 5449 3086 5487 :
3145 5433 3322 5491 Donec
3389 5448 3743 5492 occurramus

304 5705 350 5744 ⁸ο
380 5703 592 5778 Ephes.
637 5723 719 5776 ιιι,
756 5707 842 5765 19.
