4082 6196
288 423 408 481 915

297 645 497 701 Chrisu'
526 644 592 698 ίί.

365 810 528 867 200
578 812 722 869 νΙΙΙ.
746 813 847 868 Est
896 810 1351 882 quando,simul
1411 826 1477 866 ac
1536 808 1740 881 incipit
1786 807 1998 879 aliquis

294 918 444 973 genu
473 904 719 964 ﬂectere.
756 903 991 973 plenum
1020 903 1155 956 huic
1179 910 1413 972 repente
1443 900 1636 954 divina
1667 899 1998 967 operatione

294 993 359 1048 ﬁt
389 1010 487 1047 cor
518 998 610 1061 ;et
642 995 836 1047 anima
883 992 1321 1048 condelectatur
1379 990 1644 1053 Domino,
1677 990 1748 1042 ad
1792 990 1996 1053 instar,

289 1088 352 1137 ut
383 1082 599 1136 dictum
636 1088 739 1148 est,
775 1098 1149 1153 sponsaecum
1183 1097 1411 1153 sponso.
1448 1080 1562 1134 Hoc
1588 1095 1837 1150 magnus
1860 1077 1999 1134 dicit

286 1174 464 1228 Isaias
493 1190 505 1227 :
533 1175 646 1237 Qun
677 1176 823 1227 enim
845 1172 1001 1225 modo
1031 1174 1236 1240 gaudet
1259 1186 1489 1241 sponsus
1520 1186 1686 1239 super
1713 1184 1992 1239 sponsam,

286 1262 365 1317 sic
396 1263 658 1332 gaudebit
680 1262 941 1316 Dominus
970 1278 1131 1332 super
1168 1270 1240 1328 ~te
1281 1261 1347 1314 ι’.
1372 1260 1471 1314 Est
1530 1261 1723 1326 etiam,
1766 1258 1997 1329 quando

292 1351 577 1419 contingit
623 1351 892 1420 occupari
937 1350 1171 1420 quidem
1225 1349 1399 1403 talem
1434 1352 1553 1403 tota
1584 1348 1714 1413 die;
1750 1364 1863 1402 una
1895 1364 1997 1401 au-

292 1444 410 1493 tem
446 1439 541 1494 ubi
591 1456 651 1495 se
711 1440 864 1494 idem
907 1439 1046 1493 hora
1104 1439 1346 1494 orationi
1397 1438 1742 1509 permiserit,
1775 1438 2000 1507 rapitur

292 1530 362 1584 ab
422 1529 550 1599 ipsa
602 1529 843 1583 interior
895 1528 1089 1597 homo,
1124 1534 1179 1582 et
1212 1529 1499 1582 immenso
1525 1527 1809 1597 profundo
1843 1525 1997 1580 illius

292 1618 485 1674 smculi
516 1618 693 1673 futuri
726 1622 957 1672 tenetur
1000 1618 1470 1685 comprehensus.
1506 1617 1770 1672 Oblectet
1802 1622 1996 1671 autem

289 1708 485 1780 ipsum
542 1724 753 1762 arcana
810 1717 862 1761 et
924 1707 1233 1762 ineffabilia
1264 1707 1651 1779 voluptas,ita
1710 1712 1774 1761 ut
1832 1722 1997 1760 mens

293 1799 527 1869 quidem
585 1798 951 1868 Obstupescat
1009 1802 1130 1852 tota
1188 1814 1477 1868 suspensa
1534 1802 1590 1851 et
1639 1797 1695 1850 in
1749 1796 1999 1851 sublime

1640 417 1703 476 S.
1752 410 2071 475 MACARII
2118 413 2239 473 xEG
2253 412 2458 474 YPTII

281 554 343 609 in
371 554 552 608 virum
584 555 891 624 perfectum
946 555 1005 608 in
1058 569 1376 609 mensuram
1404 553 1588 609 astatis
1636 550 1998 622 plenitudinis

2117 547 2214 599 Καὶ
2282 546 2443 601 πάλιν
2489 549 2715 622 ’Μέχρι
2784 549 3202 619 καταντήσωμεν
3273 546 3347 609 είς

3639 416 3775 476 916

3440 545 3602 623 ἄνδρα
3665 550 3779 603 τέο

2110 635 2309 703 λειον,
2378 637 2452 698 εἷς
2525 639 2718 713 μέτρον
2783 636 3004 707 ἡλικίας
3068 640 3164 691 τοῦ
3228 637 3603 711 πληρώματος
3658 642 3782 694 τοῦ

2106 732 2360 800 Χριστοῦ.

2186 818 2265 872 Η“.
2300 818 2486 873 Ἔστιν
2529 816 2637 886 ὅτε,
2673 817 2858 895 φησὶν,
2912 817 3215 897 εἰσέρχεταί
3246 838 3327 879 τις
3378 816 3553 872 κλῖναι
3602 818 3779 891 γόνυ,

2105 906 2193 959 καὶ
2242 907 2424 978 τούτῳ
2472 910 2506 975 ἡ
2560 905 2753 981 καρδία
2806 910 2974 980 μεστή
3027 908 3171 968 θείας
3220 906 3487 981 ἐνεργείας
3526 908 3774 981 γίνεται,

2107 995 2195 1049 καὶ
2229 997 2262 1063 ἡ
2298 998 2452 1075 ψυχὴ
2490 997 2923 1074 συνευφραίνεται
2973 996 3179 1071 Κυρίῳ,
3226 998 3465 1071 καθάπερ
3509 994 3617 1066 ἤδη
3669 994 3779 1051 δε-

2107 1082 2374 1155 δήλωται,
2420 1086 2635 1163 νύμφης
2688 1088 2892 1160 τρόπον
2943 1087 3078 1141 κατὰ
3124 1090 3219 1140 τοῦ
3263 1087 3500 1162 νυμφίου
3533 1088 3622 1142 ’Ὀ
3671 1088 3777 1159 μὲ-

2104 1195 2202 1248 γας
2251 1173 2414 1229 τοῦτό
2458 1198 2620 1253 φησιν
2673 1178 2894 1238 Ἦσαῖας
2930 1179 3062 1231 ·”()ν
3120 1176 3222 1253 γάρ
3278 1176 3479 1251 τρόπον
3538 1176 3777 1252 εὐφραί-

2104 1286 2244 1320 νεται
2301 1267 2536 1343 νυμφίος
2598 1266 2683 1321 ἐπὶ
2750 1267 3015 1346 νύμφης,
3086 1266 3259 1327 οῦτως
3327 1267 3775 1344 εὐφρανθήσεται

2108 1356 2306 1430 Κύριος
2337 1353 2421 1409 ἐπῖ
2476 1356 2560 1410 σοί
2596 1375 2609 1388 ·
2636 1354 2747 1410 ἔστι
2796 1354 2841 1410 δ’
2875 1354 2962 1410 δτέ
3011 1350 3208 1425 συνέϐη
3263 1354 3357 1428 μὶν
3398 1353 3778 1429 ἀσχολεῖσθαι

2103 1446 2195 1499 τὸν
2223 1448 2469 1500 τοιοῦτον
2505 1445 2641 1516 ὅλης
2674 1444 2900 1519 ἡμέρας,
2932 1444 3068 1499 κατά
3098 1441 3155 1498 δὲ
3201 1446 3326 1517 μίαν
3354 1443 3493 1519 ὥραν
3546 1443 3623 1504 εἷς
3670 1445 3775 1500 εῦ-

2104 1534 2213 1610 χῆν
2276 1534 2461 1588 ἑαυτὸν
2523 1533 2899 1609 ἐπιτρέψαντα,
2967 1534 3265 1608 ἁρπάζεται
3317 1533 3445 1606 παρ’
3502 1533 3671 1602 αὐτῆς
3736 1538 3769 1588 ὁ

2106 1621 2208 1678 ἔσω
2241 1620 2665 1698 ἄνθρωποςκαὶ
2696 1625 2937 1697 κάτοχος
2972 1623 3176 1697 ἀπείρῳ
3224 1623 3372 1697 βάθει
3422 1626 3517 1676 τοῦ
3560 1623 3769 1685 αἰῶνος

2106 1713 2311 1768 ἐκείνου
2341 1714 2565 1787 γίνεται.
2600 1715 2760 1786 Ἔχει
2793 1710 2851 1766 δὲ
2881 1711 3040 1766 αύτὸν
3088 1711 3397 1787 ἀπόρρητος
3448 1708 3651 1780 ἡδονὴ,
3682 1715 3767 1773 ὡς

2106 1800 2499 1873 ἐκπλήττεσθαι
2546 1805 2637 1875 μὲν
2678 1804 2770 1857 τὸν
2817 1806 2938 1855 νοῦν
2992 1802 3262 1874 μετέωρον
3308 1800 3437 1855 ὅλον
3485 1796 3612 1855 ὄντα
3662 1803 3762 1855 καὶ

294 1890 854 1960 rapta;oblivioque
912 1891 1154 1945 internis
1212 1890 1483 1945 sensibus
1551 1893 1825 1959 subrepat
1886 1894 1997 1944 ter-

2113 1893 2454 1966 ἡρπαγμένον
2494 1891 2721 1962 ’λήθην
2780 1889 2836 1946 δὲ
2884 1896 3002 1952 ταῖς
3060 1892 3245 1963 φρεσὶν
3302 1889 3600 1966 ἐγγίνεσθαι
3661 1895 3767 1944 τοῦ

293 1996 443 2035 renes
504 1979 682 2048 hujus
744 1980 947 2034 mundi
1006 1980 1573 2051 sapientia;utpote
1606 1978 1837 2050 repletis
1886 1980 1998 2049 ipsi

294 2071 519 2139 objecto
564 2070 815 2139 digniori
872 2068 1350 2141 cogitationibus,
1384 2079 1442 2122 ut
1502 2069 1722 2123 dictum
1793 2073 1901 2133 est,
1945 2074 2001 2123 et

294 2160 544 2230 captivis
584 2160 781 2231 procul
842 2158 1108 2213 abductis
1181 2158 1671 2229 contemplatione
1739 2159 1999 2213 infinita-

290 2264 417 2303 rum
458 2255 512 2303 et
580 2247 1265 2319 incomprehensibilium
1349 2264 1565 2315 rerum,
1639 2256 1697 2302 ut
1765 2248 1824 2302 in
1900 2246 2001 2303 illa

288 2338 429 2393 hora
480 2354 581 2409 per
637 2340 959 2393 orationem
1024 2340 1240 2393 homini
1274 2339 1493 2392 accidat
1549 2337 1769 2393 evolare
1822 2335 2000 2392 simul

307 2443 433 2482 cum
460 2428 719 2483 oratione
750 2428 937 2499 ipsius
970 2429 1246 2483 animam.

357 2517 456 2571 IX.
508 2517 588 2571 Ad
654 2518 1108 2587 interrogantem
1169 2520 1384 2584 autem,
1433 2533 1505 2571 an
1565 2517 1838 2585 possibile
1895 2518 1999 2572 ho-

286 2606 429 2660 mini
462 2608 539 2660 sit
570 2607 630 2660 in
662 2623 726 2660 eo
755 2623 981 2676 semper
1029 2610 1184 2660 statu
1237 2606 1466 2673 durare,
1501 2608 1584 2661 sic
1646 2608 2001 2678 responden-

288 2693 421 2748 dum
447 2705 531 2748 est
566 2711 899 2764 :nuuquam
935 2696 1168 2766 quidem
1226 2697 1474 2767 gratiam
1533 2713 1646 2750 non
1701 2698 1913 2767 inesse,
1944 2702 2002 2752 et

288 2801 405 2841 non
442 2784 673 2855 penitus
730 2784 978 2839 radicari
1029 2787 1198 2855 quasi
1260 2787 1673 2841 coalescentem
1732 2787 1790 2841 in
1834 2791 2001 2842 natu-

293 2890 417 2928 ram
454 2890 629 2928 unam
688 2874 914 2928 homini
973 2875 1031 2929 in
1086 2892 1200 2945 quo
1250 2875 1663 2931 est.Ca3terum
1714 2892 1831 2930 una
1862 2892 1995 2931 cum

288 2962 360 3018 sit
422 2963 572 3033 ipsa,
614 2980 727 3019 non
778 2969 1131 3033 unodtamen
1166 2964 1357 3031 modo,
1411 2966 1508 3019 sed
1572 2965 1991 3036 multipliciter,

288 3060 459 3123 prout
490 3052 631 3116 vult,
663 3060 719 3108 et
751 3055 1055 3108 convenire
1114 3056 1297 3123 videt,
1330 3055 1400 3109 ad
1462 3055 1644 3121 ipsius
1686 3054 1994 3110 utilitatem

289 3142 564 3211 hominis,
588 3143 775 3197 varias
832 3143 1259 3199 vicissitudines
1316 3146 1635 3215 dispensat.
1695 3146 1840 3200 Nam
1893 3144 1999 3199 ali-

296 3234 527 3303 quando
587 3233 822 3303 quidem
883 3234 1163 3288 acriorem
1226 3235 1707 3304 ipsi,a|iquando
1756 3235 1993 3307 langui-

290 3322 506 3378 diorem
559 3326 854 3379 flammam
915 3324 1169 3394 subjicit.
1221 3325 1605 3395 Estquando
1658 3324 1756 3379 lux
1804 3326 1994 3395 magis

290 3413 710 3481 resplendeat;
773 3420 858 3466 est
926 3415 1159 3483 quando
1225 3414 1526 3469 contrahat
1582 3414 1890 3485 fulgorem,
1944 3416 2001 3469 et

291 3500 599 3569 caliginem
659 3500 913 3554 obducat
943 3503 1283 3570 quamdam,
1316 3503 1511 3556 divina
1544 3520 1777 3575 prorsus
1809 3504 1999 3575 dispo-

293 3590 517 3651 sitione,
597 3589 867 3659 lampade
958 3591 1511 3662 incxstinguibiliter
1616 3593 2002 3650 nihilominus

295 3678 557 3733 ardente.
591 3678 831 3741 Quando
886 3694 1019 3733 vero
1083 3679 1516 3751 fulgentiori,,et
1567 3684 1781 3753 puriori
1814 3688 2002 3740 radiat

298 3764 535 3833 lumine,
565 3766 723 3820 velut
778 3768 1191 3823 abundantiori
1251 3777 1385 3842 potu
1426 3772 1777 3829 exhilaratus
1826 3776 2000 3830 homo

295 3858 508 3912 festum
571 3857 725 3912 diem
785 3860 1055 3914 celebrat.
1114 3861 1210 3916 Est
1269 3863 1444 3917 etiam
1505 3880 1634 3919 cum
1692 3868 1881 3937 ipsum
1943 3868 2001 3921 in

294 3948 462 4003 corde
524 3948 746 4004 micans
804 3948 999 4005 lumen
1076 3951 1239 4007 alteri
1309 3952 1516 4008 lumini
1598 3955 1707 4010 sub
1778 3956 2001 4011 intimis

295 4038 643 4109 profundius
691 4038 892 4094 latenti
956 4039 1110 4096 velut
1168 4043 1481 4097 fenestram
1508 4045 1711 4115 aperit,
1736 4050 1798 4099 ut
1828 4046 2002 4102 homo

296 4132 452 4183 totus
500 4130 806 4183 dulcedine
845 4130 943 4185 illa
991 4137 1047 4185 et
1116 4132 1507 4201 speculatione
1566 4136 1737 4204 plane
1804 4137 2003 4191 absor-

296 4222 452 4286 ptus,
480 4234 592 4271 non
662 4218 914 4287 amplius
976 4220 1032 4271 in
1086 4236 1146 4273 se
1196 4221 1319 4290 ipso
1353 4222 1447 4288 sit,
1474 4223 1571 4275 sed
1616 4223 1775 4294 quasi
1811 4226 2003 4279 fatuus

296 4309 353 4358 et
387 4306 598 4358 noxius
658 4306 941 4359 habeatur
993 4309 1235 4375 mundo,
1262 4315 1496 4378 prapter
1525 4309 1840 4365 inusitatas
1878 4312 2004 4368 ille-

296 4391 497 4446 cebras
565 4395 779 4446 amoris
845 4400 902 4447 et
959 4395 1273 4465 voluptatis
1374 4404 1431 4451 et
1524 4399 2001 4470 profunditatem,

295 4482 459 4551 queis
508 4482 719 4550 dignus
779 4482 1044 4550 habetur,
1108 4486 1541 4557 mysteriorum.
1604 4490 1669 4543 Et
1715 4493 2007 4561 contingit

2108 1982 2348 2057 ἐπιγείου
2387 1980 2545 2037 τοῦδε
2611 1983 2965 2055 φρονήματος
3005 1982 3134 2034 ,ἅτε
3180 1980 3559 2052 μεστωθέντων
3607 1979 3766 2049 αὐτῷ

2105 2079 2212 2128 τῶν
2250 2071 2547 2147 λογισμῶν,
2606 2070 2785 2141 ὥσπερ
2836 2070 3067 2144 ε’ίρηται,
3124 2069 3213 2123 καὶ
3263 2067 3337 2129 εἷς
3389 2068 3657 2139 ἀπέραντα
3699 2086 3763 2120 τε

2106 2162 2196 2217 καὶ
2240 2161 2599 2231 ἀκατάληπτα
2656 2161 2945 2235 πράγματα
3002 2157 3379 2234 αἰχμαλώτων
3448 2156 3595 2228 αὐτῷ
3644 2157 3762 2210 ἀπ-

2108 2251 2404 2326 αχθέντων,
2438 2251 2512 2311 ὡς
2546 2249 2598 2303 ἐν
2646 2248 2817 2324 ἐκείνῃ
2852 2249 2965 2323 ὥρᾳ
3018 2246 3087 2302 δι’
3134 2249 3305 2323 εὐχῆς
3352 2246 3432 2317 τῷ
3480 2246 3759 2319 ἀνθρώπῳ

2108 2342 2346 2417 γίνεσθαι
2418 2339 2765 2393 συναπελθεῖν
2835 2338 2947 2410 ἅμα
3011 2340 3080 2411 τῇ
3140 2336 3277 2411 εὐχῇ
3338 2335 3425 2389 καὶ
3483 2335 3575 2403 τήν
3632 2336 3755 2406 ψυ-

2108 2431 2241 2509 χήν.

2179 2520 2252 2574 Θ’.
2305 2519 2444 2592 Πρὸς
2486 2515 2541 2572 δέ
2587 2538 2648 2592 γε
2696 2516 2785 2571 τὸν
2835 2515 3136 2589 ἐρωτῶντα,
3188 2514 3372 2591 φησὶν,
3434 2511 3483 2567 εἴ
3526 2511 3758 2565 πάντοτε

2110 2608 2333 2664 δυνατὸν
2361 2613 2440 2679 τῷ
2473 2609 2743 2683 ἀνθρώπῳ
2774 2610 2841 2679 τῇ
2872 2605 3098 2679 τοιαύτῃ
3134 2602 3370 2678 διαρκεῖν
3411 2601 3756 2668 καταστάσει,

2105 2704 2271 2754 ταῦτα
2321 2700 2537 2753 λεκτέον
2572 2697 2685 2758 ’ὡς
2732 2698 2765 2765 ἡ
2817 2697 2909 2768 μὲν
2970 2696 3134 2768 χάρις
3193 2694 3291 2748 οὐκ
3338 2688 3478 2747 ἔστιν
3525 2691 3613 2744 ὅτε
3676 2692 3756 2761 μὴ

2109 2789 2319 2844 σύνεστι
2381 2790 2468 2842 καὶ
2520 2786 2830 2861 ἐρρίζωται,
2878 2784 2964 2838 καὶ
3026 2786 3101 2847 ὡς
3139 2784 3359 2863 φυσικόν
3402 2802 3453 2835 τι
3507 2780 3759 2854 πεπηγὸς

2109 2878 2366 2955 ἐγγίνεται
2404 2882 2482 2948 τῷ
2530 2879 2801 2948 ἂνθρώπῳ
2841 2875 2885 2945 ᾧ
2918 2873 3144 2929 σύνεστι·
3195 2872 3291 2945 μία
3336 2870 3391 2927 δέ
3435 2871 3567 2925 οῦσα
3616 2870 3753 2937 αύτή

2108 2967 2489 3043 πολυτρόπως,
2524 2967 2596 3028 ὠς
2636 2964 2829 3031 ἐθέλει,
2872 2965 3005 3037 πρὸς
3048 2964 3110 3017 τὸ
3134 2967 3233 3017 τοῦ
3281 2962 3572 3031 ἀνθρώπου
3622 2980 3759 3029 συμ-

2109 3055 2290 3133 φέρον,
2325 3058 2605 3129 οἰκονομεῖ
2637 3074 2650 3088 ⁸
2672 3054 2801 3108 ποτὲ
2859 3054 2950 3124 μὶν
2997 3054 3103 3127 γάρ
3142 3051 3305 3106 πλέον
3356 3051 3505 3121 αὐτῷ
3532 3050 3592 3103 τὸ
3624 3052 3757 3121 πῦρ,

2108 3148 2243 3203 ποτὶ
2276 3145 2330 3201 δὲ
2360 3142 2704 3219 ἀμϐλύτερον
2756 3142 3012 3196 ἀνακαίει.
3066 3142 3166 3198 Καὶ
3216 3142 3277 3194 τὸ
3309 3144 3445 3217 φῶς,
3499 3135 3611 3192 ἔστι
3664 3148 3761 3208 μεν

2111 3238 2199 3291 ὅτε
2252 3235 2468 3308 μᾶλλον
2521 3236 2811 3307 ἐκλάμπει,
2858 3228 2970 3287 ἔστι
3021 3229 3067 3285 δ’
3110 3231 3199 3284 ὅτε
3254 3230 3344 3283 καὶ
3401 3225 3751 3283 συστέλλεται

2108 3328 2195 3381 καὶ
2260 3324 2630 3401 ἐπιστυγνάζει
2698 3323 2831 3377 κατὰ
2898 3320 3040 3376 θείαν
3096 3320 3311 3378 πάντως
3377 3316 3698 3389 οἰκονομίαν
3737 3352 3753 3373 ς

2110 3417 2347 3491 καίτοιγε
2390 3422 2490 3484 τῆς
2542 3409 2831 3485 λαμπάδος
2877 3406 3110 3465 ἄσϐεστα
3156 3407 3477 3481 καιομένης,
3526 3409 3650 3461 Ὅτε
3700 3402 3759 3459 δὲ

2111 3502 2409 3584 φαιδρυνθῇ
2441 3504 2631 3570 πλέον,
2680 3502 2803 3555 τότε
2856 3501 3096 3573 καράπερ
3129 3497 3180 3553 ἐν
3214 3499 3351 3571 μέθῃ
3402 3494 3611 3551 πλείονι
3655 3501 3755 3561 τῆς

2108 3582 2205 3652 τοῦ
2257 3600 2390 3651 Θεοῦ
2441 3594 2656 3667 ἀγάπης
2710 3592 2799 3646 καὶ
2850 3592 2877 3644 ὁ
2922 3591 3202 3662 ἄνθρωπος
3252 3588 3559 3659 έορτάζεται
3595 3603 3608 3614 '
3644 3582 3757 3638 ἔστι

2116 3685 2160 3741 δ’
2194 3688 2282 3740 ὅτε
2313 3685 2401 3739 καὶ
2433 3682 2563 3737 αὐτὸ
2585 3684 2647 3737 τὸ
2678 3686 2792 3758 φῶς
2823 3681 2885 3734 τὸ
2916 3685 3103 3753 φαῖνον
3134 3676 3185 3731 ἐν
3213 3673 3432 3749 καρδίᾳ,
3475 3679 3553 3744 τῷ
3604 3671 3757 3728 ἐνδο-

2113 3776 2253 3849 τέρῳ
2287 3772 2463 3844 δήπου
2494 3773 2583 3826 καὶ
2619 3771 2893 3844 βαθυτέρῳ
2930 3766 3189 3843 διανοίγει
3224 3764 3386 3842 φωτὶ,
3442 3763 3578 3819 ὥστε
3627 3763 3757 3818 δλον

2112 3865 2204 3920 τὸν
2238 3863 2522 3937 ἄνθρωπον
2552 3865 2620 3935 τῇ
2652 3857 2954 3935 γλυκύτητι
2997 3856 3173 3929 ἐκείνῃ
3208 3853 3299 3908 καὶ
3349 3853 3551 3927 θεωρίᾳ
3601 3873 3765 3907 κατα-

2113 3952 2345 4009 ποθέντα
2404 3950 2597 4023 μηκέτι
2648 3948 2699 4003 ἐν
2752 3948 2927 4019 ἑαυτῷ
2970 3945 3122 4015 εἶναι,
3178 3940 3305 3997 ἀλλ’
3366 3942 3441 4005 ὡς
3485 3940 3669 4014 μωρόν
3708 3959 3764 3994 τε

2114 4044 2202 4097 καὶ
2239 4036 2506 4115 βλαϐερὸν
2546 4040 2755 4093 ὑπεῖναι
2796 4041 2874 4108 τῷ
2903 4034 3115 4107 κόσμῳ,
3168 4031 3257 4087 διὰ
3302 4031 3518 4091 καινοὺς
3566 4029 3765 4104 ’ίυγγας

2114 4132 2330 4206 ἀγάπης
2362 4129 2449 4184 καί
2491 4126 2714 4197 ἡδονῆς,
2748 4126 2834 4180 καὶ
2866 4126 2929 4179 τὸ
2960 4124 3121 4190 βάθος
3154 4124 3227 4177 ὧν
3270 4121 3498 4191 ἠξίωται
3550 4140 3768 4190 μυστη-

2118 4220 2247 4297 ρίων
2284 4263 2296 4276 .
2370 4220 2465 4273 Καὶ
2529 4212 2807 4290 συμϐαίνει
2874 4211 3147 4274 πολλάκις
3214 4212 3333 4297 κατ’
3398 4208 3595 4297 ἐκεῖνον
3666 4208 3765 4279 μὶν

2113 4294 2203 4365 τὸν
2264 4309 2449 4383 καιρὸν
2507 4311 2617 4361 τῶν
2673 4304 2896 4360 τελείων
2964 4303 3121 4357 αὐτὸν
3190 4294 3445 4367 ἐπιϐῆναι
3507 4295 3763 4369 μέτρων,

2114 4400 2203 4455 καὶ
2241 4399 2371 4453 εἶναι
2417 4398 2593 4466 πάσης
2654 4394 2917 4467 ἁμαρτίας
2976 4388 3254 4461 ἐλεύθερόν
3311 4408 3369 4441 τε
3427 4385 3519 4440 καὶ
3576 4385 3767 4438 ἀνεπί-

2116 4489 2350 4560 ληπτον,
2389 4488 2520 4560 μετὰ
2561 4483 2617 4539 δὲ
2656 4488 2822 4537 ταῦτα
2872 4479 3205 4547 συσταλῆναι
3234 4477 3438 4551 τρόπον
3498 4475 3618 4530 τινα
3659 4474 3759 4540 τὴν

296 4570 507 4639 saepius
544 4572 653 4625 isto
695 4575 952 4639 tempore
995 4574 1185 4644 ipsum
1230 4578 1614 4646 perfectorum
1674 4558 1998 4652 contingere

2117 4558 2301 4654 χάριν,
2345 4558 2434 4631 καὶ
2484 4576 2545 4630 τὸ
2594 4572 2860 4646 κάλυμμα
2914 4577 3014 4639 τῆς
3064 4568 3298 4629 ἐναντίας
3351 4564 3631 4633 ἐπιστῆναι
3677 4558 3766 4617 δυ-

298 4661 583 4731 graduum
620 4677 976 4727 mensuram,
1009 4669 1065 4718 et
1113 4665 1271 4719 omni
1322 4666 1569 4721 liberum
1614 4684 1739 4725 esse
1773 4678 2004 4742 peccato

2113 4669 2348 4743 νάμεως.

295 4758 347 4807 et
388 4750 1002 4823 irreprebensibilem;
1047 4771 1242 4809 verum
1284 4758 1537 4827 posthaec
1566 4760 1830 4814 contrahi
1873 4778 2079 4819 rursus
2109 4757 2538 4833 quodammodo
2577 4755 2862 4826 gratiam;
2894 4756 2952 4807 et
2990 4751 3061 4807 ab
3100 4750 3429 4805 adversaria
3470 4748 3755 4817 potestate

290 4842 483 4898 velum
523 4845 735 4899 iterum
776 4843 1027 4900 obtendi.

366 4935 438 4988 X.
465 4932 557 4987 Sic
590 4941 781 4987 tecum
835 4942 1039 5004 reputa
1090 4951 1180 4990 res
1229 4938 1430 5007 gratias
1460 4953 1520 4993 se
1554 4939 1764 4994 habere
1799 4957 1811 4994 :
1845 4940 1999 5009 finge

293 5023 421 5091 tibi,
472 5024 724 5078 residere
775 5025 1185 5094 perfectionem
1236 5026 1295 5081 in
1361 5029 1703 5084 duodecimo
1771 5030 1998 5101 gradu;

296 5116 385 5168 est
445 5113 643 5182 igitur,
704 5116 767 5166 ut
832 5113 906 5168 ad
956 5114 1104 5169 banc
1152 5117 1364 5186 gradus
1424 5134 1761 5173 mensuram
1832 5120 2003 5173 liceat

298 5204 605 5257 ascendere
658 5222 670 5269 ;
722 5204 821 5256 sed
864 5203 1117 5259 vicissim
1198 5208 1434 5262 remittit
1505 5211 1716 5279 gratia,
1774 5214 1829 5265 et
1887 5225 2002 5265 uno

301 5293 658 5349 descendens
716 5299 921 5368 gradu,
962 5299 1020 5352 in
1090 5300 1412 5364 undecimo,
1486 5305 1549 5352 ut
1606 5300 1687 5352 ita
1777 5299 2001 5371 loquar,

300 5382 584 5449 subsistit,
648 5386 743 5439 ubi
805 5387 1093 5441 mirabilia
1134 5387 1235 5441 illa
1299 5388 1409 5458 ipsi
1470 5389 1875 5455 ostenduntur,
1945 5393 2001 5444 et

294 5486 541 5540 quorum
574 5475 673 5529 ille
703 5477 1160 5546 experimentum
1211 5478 1359 5546 cepit
1410 5476 1583 5531 homo
1618 5493 1630 5532 :
1669 5478 1768 5531 sed
1802 5480 2003 5533 eodem

295 5559 465 5614 modo
507 5562 557 5615 si
597 5563 717 5619 haec
756 5582 814 5619 se
872 5582 1102 5637 semper
1162 5566 1464 5633 haberent,
1522 5581 1638 5621 non
1704 5572 1854 5622 esset
1883 5566 2005 5637 ipsi

367 5696 411 5732 “
451 5696 661 5769 Ephes.
706 5710 781 5763 iv,
825 5695 909 5749 13.
990 5694 1033 5729 ¹³
1067 5693 1160 5748 Isa
1190 5706 1322 5764 Lm,
1361 5691 1417 5746 5.

2183 4941 2244 4994 I'.
2277 4935 2415 4995 O'iou
2453 4956 2567 5008 μοι,
2613 4934 2800 5007 φησὶν,
2850 4932 3026 4991 οὕτως
3064 4930 3129 4983 τὰ
3167 4932 3267 4996 τῇς
3314 4928 3543 5002 χάριτος
3586 4919 3757 4998 ἔχειν.

2111 5027 2414 5083 ὑπακείσθω
2454 5024 2556 5098 γάρ
2611 5044 2693 5077 σοι
2750 5022 2886 5096 πρὸς
2935 5016 3237 5074 δωδέκατον
3288 5016 3497 5090 βαθμὸν
3552 5012 3756 5068 ἀνιέναι

2107 5118 2205 5185 τήν
2237 5115 2587 5181 τελειότητα·
2624 5112 2759 5166 εἶναι
2813 5111 2908 5183 μὶν
2959 5106 3050 5162 οῦν
3100 5108 3190 5161 ὅτε
3236 5106 3328 5161 καὶ
3359 5103 3507 5158 τουτὶ
3556 5102 3618 5156 τὸ
3672 5100 3761 5174 μέ-

2108 5225 2234 5280 τρον
2296 5203 2512 5280 ἐφικτὸν
2563 5201 2761 5275 γίνεται
2806 5199 2991 5267 ’πλὴν
3038 5194 3165 5251 ἀλλ’
3216 5192 3464 5248 ἐνδίδωσι
3507 5190 3674 5245 πάλιν
3720 5191 3757 5256 ἡ

2111 5276 2295 5370 χάρις,
2334 5276 2423 5346 καὶ
2469 5288 2565 5346 ἵνα
2613 5283 2861 5344 ὑποὸἆσα
2922 5284 3152 5362 βαθμὸν,
3211 5281 3287 5342 εἷς
3334 5281 3397 5334 τὸ
3451 5276 3758 5343 ἑνδέκατον,

2112 5366 2404 5445 ώςνείπεῖν,
2433 5380 2671 5436 ἵσταται.
2719 5373 2976 5449 Ἐδείχθη
3014 5373 3187 5428 ἐκεῖνα
3234 5368 3301 5436 δὴ
3355 5370 3421 5421 τα
3463 5366 3760 5437 θαυμάσια,

2112 5472 2201 5527 καὶ
2245 5472 2316 5525 ὧν
2372 5473 2560 5542 πεῖραν
2620 5465 2709 5521 καὶ
2762 5464 3049 5539 ἄνθρωπος
3104 5458 3259 5534 ἔσχεν
3303 5457 3505 5516 ἐκεῖνος
3540 5474 3554 5486 ·
3580 5454 3624 5508 εί
3668 5455 3763 5508 τὸν

2107 5559 2226 5615 ’ίσυν
2256 5558 2404 5629 αύτῷ
2442 5558 2643 5631 τρόπον
2685 5555 2803 5629 εἶχε
2840 5557 3009 5608 ταῦτα
3053 5549 3364 5615 διαπαντὸς,
3416 5544 3514 5599 οὐκ
3558 5544 3616 5597 ἂν
3670 5540 3761 5597 δυ·
