4082 6196
291 365 409 428 917

1553 375 1792 438 LIBER
1837 374 1938 435 DE
1983 375 2451 440 CHARITATE.

3645 402 3764 461 918

285 500 450 556 νατόν
479 503 630 575 αύτῷ
668 503 731 570 ἦν
762 503 860 570 τὴν
891 500 1208 576 οἰκονομίαν
1259 502 1347 558 καὶ
1397 505 1458 560 τὸ
1501 505 1667 579 βάρος
1728 507 1912 562 ὑπιὲνα

2096 512 2330 567 ossibile
2386 516 2449 566 ut
2518 513 3011 584 dispensationem
3079 523 3229 581 hanc
3313 529 3628 599 gratiosam
3705 538 3761 589 et

284 593 387 642 τοῦ
421 588 610 664 λόγου,
643 587 769 645 οὔτε
819 593 926 663 μὴν
983 592 1196 647 ἀκούειν
1256 613 1307 647 τι
1348 594 1440 648 καὶ
1496 593 1689 666 λέγειν,
1750 597 1782 664 ἢ
1850 596 1938 650 καὶ

285 678 414 748 περί
470 699 587 745 του,
647 677 742 734 κᾶν
799 682 859 735 τὸ
923 682 1290 760 βραχύτατον,
1355 689 1643 757 μεριμνᾷν,
1702 683 1782 738 ὅτι
1862 687 1936 756 μή

280 768 492 820 κεῖσθαι
539 769 698 838 μόνον
758 774 883 840 μιᾶς
944 772 1147 846 γωνίας
1190 770 1619 844 ἐπειλημμένον,
1679 775 1768 828 καὶ
1805 795 1937 843 μετ-

280 854 476 929 έωρον,
509 857 595 910 καὶ
633 861 1042 932 μεμεθυσμὲνον
1076 881 1088 894 ο
1138 862 1306 934 ταύτῃ
1339 883 1424 915 τοι
1456 861 1544 916 καὶ
1602 863 1663 916 τὸ
1723 861 1934 918 λὲλειον

278 945 428 1016 αύτῷ
489 948 684 1020 μέτρον
747 948 808 1002 ού
867 952 1183 1028 παρεσχὲθη
1220 969 1232 983 ·
1292 949 1386 1004 ’ίνα
1435 951 1522 1005 καὶ
1575 957 1644 1026 τῇ
1687 949 1934 1026 ἀδελφῶν

274 1034 537 1107 προνοίᾳ,
567 1036 652 1090 καὶ
687 1041 753 1110 τῇ
800 1041 896 1092 τοῦ
930 1037 1100 1114 λόγου
1143 1036 1391 1111 διακονίᾳ
1419 1042 1604 1112 καιρὸν
1634 1037 1738 1115 ἔχῃ
1793 1062 1932 1116 σχο-

276 1121 482 1192 λάζειν.

351 1214 451 1268 ΙΑ’.
495 1213 837 1281 Ἀκούοντες,
888 1217 1045 1293 φησὶ,
1086 1221 1182 1271 τοῦ
1242 1217 1412 1292 λόγου
1469 1223 1572 1284 τῆς
1634 1219 1929 1292 βασιλείας,

272 1300 366 1352 καὶ
428 1300 563 1374 πρὸς
622 1299 825 1376 δάκρυα
882 1307 1268 1380 καταγόμενοι,
1333 1329 1408 1378 μη
1467 1314 1584 1369 τοῖς
1639 1309 1930 1383 ἡμετέροις

269 1389 490 1444 τούτοις
521 1387 965 1464 ἐναπομείνωμεν
1000 1391 1244 1467 δάκρυσι,
1281 1393 1422 1466 μηδὲ
1467 1401 1535 1469 τῇ
1571 1399 1732 1467 ἡμῶν
1791 1398 1928 1471 ἀκοῇ

269 1474 348 1534 ὡς
376 1475 562 1539 καλῶς
596 1479 936 1543 ἀκούσαντες.
974 1479 1113 1554 μηδὲ
1143 1489 1258 1543 τοῖς
1295 1482 1605 1558 ὀφθαλμοῖς
1638 1486 1712 1546 ὡς
1743 1485 1929 1549 καλῶς

271 1561 503 1634 ἰδόντες,
551 1565 860 1639 ἀρκούντως
919 1567 1064 1644 ἔχειν
1128 1573 1340 1634 ἑαυτοῖς
1392 1572 1753 1647 λογισώμεθα
1791 1594 1804 1608 ⁸
1837 1562 1926 1631 κοιὶ

265 1653 370 1728 γάρ
431 1655 564 1709 εἰσιν
609 1652 763 1731 ἕτερα
837 1657 950 1714 ὦτα
1020 1666 1108 1714 καί
1195 1654 1394 1735 ἕτεροί
1451 1661 1759 1739 ὀφθαλμοὶ,
1839 1666 1930 1720 καὶ

2052 618 2200 655 onus
2232 601 2370 655 illud
2409 605 2742 662 sustineret.
2776 609 2974 680 Neque
3021 629 3162 670 sane
3243 619 3462 686 audire,
3526 638 3628 676 nec
3659 638 3759 678 cu-

2049 705 2174 743 rare
2205 689 2449 759 quilibet
2477 694 2746 762 quamvis
2793 699 3100 756 minimum
3134 719 3326 760 rerum
3363 707 3755 766 humanarum

2047 783 2250 846 potest,
2278 778 2387 832 nisi
2421 783 2572 850 quod
2602 785 2755 846 jacet
2787 790 3015 844 tantum
3072 792 3129 845 in
3184 795 3398 865 angulo
3431 805 3754 868 correptus,

2046 870 2101 920 et
2131 882 2469 936 saepensus,
2503 876 2558 924 et
2600 872 2940 931 inebriatus.
2981 879 3138 935 Unde
3188 886 3424 953 perfecti
3460 889 3568 958 ipsi
3620 905 3753 959 gra-

2046 956 2156 1009 dus
2181 971 2455 1011 mensura
2506 975 2620 1013 non
2675 962 3044 1034 indulgetur;
3081 978 3142 1023 ut
3190 978 3247 1026 et
3279 956 3517 1031 fratrum
3550 956 3750 1035 cuiam

2045 1043 2276 1110 habere,
2310 1051 2366 1100 et
2397 1046 2716 1104 ministerio
2746 1052 2900 1106 verbi
2932 1071 3132 1112 vacare
3155 1062 3357 1129 possit.

2113 1208 2205 1264 ΧΙ.
2239 1209 2382 1265 Cum
2416 1211 2704 1267 audiendo
2753 1231 3056 1273 sermones
3097 1220 3166 1274 de
3199 1237 3376 1293 regno
3407 1225 3505 1280 Dei
3535 1229 3602 1281 ad
3632 1229 3754 1298 pias

2041 1297 2328 1370 lacrymas
2368 1317 2686 1370 movemur,
2711 1319 2824 1358 non
2885 1309 3329 1378 acquiescamus
3378 1313 3450 1368 iis
3489 1297 3753 1386 lacrymis

2041 1392 2320 1459 tanquam
2357 1391 2607 1458 nostris;
2647 1408 2833 1463 neque
2888 1395 2993 1450 has
3054 1398 3410 1469 imputemus
3451 1409 3551 1458 aut
3596 1407 3754 1459 auri—

2041 1477 2148 1532 bus
2182 1478 2414 1541 nostris,
2449 1481 2614 1548 quasi
2677 1481 2820 1536 bene
2851 1486 3186 1553 audierint;
3213 1498 3312 1543 aut
3343 1491 3546 1562 oculis,
3582 1497 3753 1564 quasi

2041 1567 2186 1622 bene
2217 1567 2495 1637 viderint;
2532 1574 2588 1623 et
2618 1571 2885 1628 sufﬁcere
2913 1575 3056 1630 istos
3114 1593 3321 1633 sensus
3373 1581 3443 1635 ad
3498 1583 3634 1639 talia
3663 1599 3750 1638 re-

2042 1662 2331 1726 putantes.
2366 1657 2592 1712 Etenim
2655 1661 2778 1713 aliae
2846 1672 2981 1717 sunt
3041 1682 3234 1727 aures,
3269 1668 3366 1723 alii
3420 1672 3594 1735 oculi,
3651 1673 3750 1726 alii

265 1743 546 1816 κλαυθμοὶ
584 1741 778 1820 ἕτεροι,
813 1748 886 1810 ὡς
919 1747 983 1818 δὴ
1026 1751 1111 1803 καὶ
1150 1747 1358 1805 διάνοια
1405 1753 1495 1807 καὶ
1542 1756 1698 1827 ψ’)χή
1754 1751 1908 1828 ἑτέρα

2096 1753 2234 1811 etus,
2271 1747 2352 1800 uti
2385 1752 2441 1801 et
2466 1748 2576 1802 alia
2608 1765 2773 1803 mens
2823 1760 2873 1804 et
2907 1752 3102 1807 anima
3133 1754 3293 1823 alia;
3325 1757 3552 1813 divinus
3585 1776 3750 1816 nem-

267 1831 402 1903 ὅπερ
432 1831 576 1888 ἔστιν
632 1835 762 1890 αὐτὸ
818 1838 994 1892 θεῖκὸν
1056 1841 1276 1912 Πνεῦμα
1333 1841 1423 1894 καὶ
1485 1842 1835 1912 ἐπουράνιον,
1868 1831 1930 1897 τό

263 1921 466 1976 ἀκοῦόν
518 1945 573 1979 τε
621 1924 708 1979 καὶ
764 1925 981 1983 κλαῖον.
1041 1928 1339 2004 εὐχόμενόν
1399 1951 1456 1984 τε
1505 1931 1593 1986 καὶ
1641 1938 1930 2006 γινῶσκονε

263 2011 356 2064 vati
409 2013 470 2066 τὸ
513 2018 606 2067 τοῦ
637 2019 770 2069 Θεοῦ
803 2015 1020 2088 θέλημα
1054 2017 1106 2072 ἐν
1140 2017 1369 2089 ἀληθείᾳ
1399 2025 1594 2074 ποιοῦν

260 2104 380 2160 τοῖς
412 2100 741 2167 ἀποστόλοις
770 2106 798 2158 ὁ
843 2105 1040 2177 Κύριος
1089 2107 1190 2174 τήν
1253 2108 1522 2180 μεγίστην
1583 2108 1928 2184 ἐπαγγελλό-

263 2211 424 2262 μενος
455 2197 551 2247 τοῦ
584 2193 902 2267 Πνεύματος
942 2193 1144 2271 δωρεάν
1183 2217 1194 2228 ⁸
1254 2199 1492 2270 Ὑπάγω,
1552 2199 1758 2275 ἔλεγεν,
1804 2201 1831 2255 ὁ
1867 2199 1926 2256 δὲ

259 2281 622 2354 Παράκλητος
650 2283 711 2337 τὸ
745 2289 964 2358 Πνεῦμα
1013 2287 1074 2340 τὸ
1135 2287 1312 2360 ἅγιον,
1373 2289 1400 2342 ὃ
1458 2291 1663 2362 πὲμψει
1730 2291 1920 2364 Πατὴρ

257 2367 310 2424 ἐν
365 2375 445 2442 τῷ
498 2371 727 2445 ὀνόματί
779 2394 905 2446 μου,
961 2377 1168 2437 ὶκεῖνος
1227 2376 1366 2448 ὑμᾶς
1425 2374 1632 2447 δίδάξει
1710 2381 1917 2433 πάντα.

255 2461 358 2515 Καὶ
399 2461 562 2516 πάλιν
596 2482 607 2494 ο
667 2463 785 2518 “Et:
847 2461 1037 2518 πολλά
1089 2459 1203 2540 ἔχω
1259 2463 1434 2538 λέγειν
1504 2467 1655 2538 ὅμῖν,
1686 2465 1822 2521 ἀλλ’
1855 2469 1916 2523 οὺ

253 2548 481 2605 δύνασθε
567 2551 850 2625 βαστάζειν
933 2553 1052 2625 ἄρτι
1089 2571 1100 2584 '
1160 2552 1283 2608 ὅταν
1341 2551 1398 2608 δὲ
1467 2551 1608 2629 ἔλθῃ
1686 2557 1914 2620 ἐκεῖνος,

252 2639 318 2694 τὸ
370 2643 589 2712 Πνεῦμα
643 2643 744 2709 τῆς
809 2640 1093 2712 ἀληθείας,
1145 2640 1408 2718 ὁδηγήσει
1471 2643 1610 2714 ὑμᾶς
1674 2644 1750 2707 εἷς
1800 2648 1914 2701 πά-

254 2749 347 2784 σαν
399 2732 497 2797 τήν
557 2729 840 2800 ἀλήθειαν.
908 2733 1151 2793 Ἐκεῖνος
1220 2731 1310 2786 οῦν
1394 2733 1747 2806 προσεύξεται
1824 2721 1916 2791 καἰ

253 2820 464 2883 ἐκεῖνος
512 2819 828 2879 κλαύσεται.
882 2823 955 2877 Τὸ
1003 2822 1128 2897 γὰρ,
1161 2823 1223 2876 Τί
1270 2823 1699 2897 προσευξόμεθα,
1748 2827 1912 2904 φησὶν

253 2912 281 2964 ὁ
315 2912 465 2972 θεῖος
517 2908 879 2980 ’Δπόστολος,
930 2913 1049 2966 καθ’
1097 2912 1125 2966 ὃ
1183 2909 1283 2981 δεῖ,
1327 2915 1430 2968 οὐκ
1479 2911 1701 2985 οἴδαμεν
1734 2903 1912 2971 ’ἀλλ’

253 2997 386 3054 αὐτὸ
461 3002 674 3071 Πνεῦμα
731 2996 1051 3074 ἐντυγχάνει
1123 3001 1252 3072 ὑπὲρ
1339 3003 1500 3073 ἡμῶν
1583 3009 1908 3078 στεναγμοῖς

253 3085 559 3157 ἀλαλήτοις
608 3107 621 3120 '

256 3180 396 3232 Θεοῦ
445 3175 664 3249 θελημα
716 3174 887 3245 δῆλόν
921 3178 1055 3237 ἐστι.
1086 3180 1163 3232 Τὰ
1209 3180 1312 3255 γὰρ
1360 3183 1456 3234 τοῦ
1509 3184 1664 3244 Θεοῦ,
1725 3182 1907 3258 φησὶν,

253 3263 434 3327 οὐδεὶς
467 3264 636 3334 οἶδεν,
669 3267 714 3320 εἰ
751 3269 825 3339 μή
866 3267 929 3322 τὸ
983 3272 1200 3339 Πνεῦμα
1256 3273 1354 3323 τοῦ
1402 3273 1556 3325 Θεοῦ.
1593 3270 1741 3325 Ἐπεί
1799 3271 1909 3340 καὶ,

249 3354 389 3409 κατᾶ
416 3356 516 3424 τήν
548 3355 896 3430 ἐπαγγελίαν,
927 3359 996 3429 τῇ
1037 3355 1217 3432 ἡμέρᾳ
1254 3360 1354 3425 τῆς
1391 3364 1774 3428 Πεντηκοστῆς
1815 3364 1912 3413 τοῦ

257 3442 633 3517 Παρακλήτου
692 3443 1168 3520 ἐπιφοιτήσαντος,
1205 3445 1293 3500 καὶ
1332 3453 1433 3515 τῆς
1484 3444 1764 3519 δυνάμεως
1813 3453 1910 3503 τοῦ

251 3534 456 3607 ἀγαθοῦ
515 3534 826 3606 Πνεύματος
901 3539 1017 3596 ταῖς
1097 3539 1301 3610 ψυχαῖς
1392 3539 1502 3589 τῶν
1584 3535 1907 3592 ἀποστόλων

252 3623 634 3690 σκηνωσάσης,
683 3623 745 3677 τὸ
797 3623 893 3695 μὲν
939 3629 1038 3691 τῆς
1095 3624 1286 3685 κακίας
1361 3621 1628 3696 κάλυμμα
1689 3625 1909 3681 εἷσάπαν

251 3712 432 3766 αὐτῶν
482 3709 751 3787 ἀφῃρέθη,
782 3714 848 3767 τά
895 3715 1040 3784 πάθη
1085 3710 1140 3768 δὲ
1178 3716 1530 3788 κατηργήθη,
1562 3714 1651 3768 καὶ
1684 3715 1750 3770 τὰ
1807 3721 1907 3783 τῆς

245 3798 474 3873 καρδίας
536 3799 718 3861 αὐτοῖς
797 3799 1250 3880 ἀπεκαλύφθησαν
1309 3795 1555 3873 ὄμματα.
1621 3801 1721 3856 Καὶ
1786 3803 1908 3857 τότε

246 3889 445 3945 λοιπὸν
502 3891 688 3968 σοφίας
737 3889 1085 3960 πλησθέντες,
1136 3891 1227 3944 καὶ
1284 3890 1492 3944 τέλειοι
1549 3891 1906 3952 καταστάντες

249 3981 356 4034 ὑπό
403 3985 500 4034 τοῦ
547 3982 882 4053 Πνεύματος,
916 3978 986 4035 δι’
1015 3979 1220 4035 ἐκείνου
1275 3980 1368 4052 μὲν
1411 3979 1500 4033 καὶ
1551 3981 1614 4033 τὸ
1643 3983 1740 4033 τοῦ
1771 3985 1907 4034 Θεοῦ

244 4067 466 4142 θέλημα
521 4075 696 4124 ποιεῖν
756 4067 1019 4144 ἔγνωσαν,
1079 4066 1147 4123 δι’
1207 4067 1416 4123 ἐκείνου
1484 4065 1539 4122 δὲ
1607 4068 1697 4122 καὶ
1768 4069 1906 4142 πρὸς

243 4163 419 4213 πᾶσαν
491 4157 751 4228 ἀλήθειαν
830 4159 1355 4234 ἐχειραγωγήθησαν
1433 4157 1903 4232 ἡγεμονεύσαντός

240 4270 296 4304 τε
355 4250 448 4304 καὶ
512 4249 929 4323 βασιλεύσαντος
1001 4251 1190 4310 αὐτοῖς
1258 4254 1368 4303 τῶν
1456 4252 1675 4326 ψυχῶν.
1736 4251 1898 4304 Ὅταν

240 4337 331 4394 οῦν
361 4338 450 4392 καὶ
483 4341 618 4411 ἡμῖν
651 4337 961 4394 ἐπακούουσι
991 4343 1086 4392 τοῦ
1143 4337 1316 4415 λόγου
1346 4342 1443 4394 τοῦ
1504 4343 1638 4393 Θεοῦ
1692 4336 1902 4394 κλαίειν

1637 2041 1649 2054 ·
1687 2021 1801 2076 ἐπεὶ
1835 2010 1930 2076 κοιι

2045 1851 2112 1905 pe
2145 1835 2293 1891 20]
2338 1836 2460 1904 ipse
2517 1855 2581 1892 ac
2637 1841 3062 1908 supercoelestis
3112 1844 3365 1915 Spiritus
3398 1849 3641 1904 audiens
3691 1855 3750 1905 et

2043 1924 2207 1992 ﬂens,
2233 1943 2400 1981 orans
2457 1931 2512 1982 et
2563 1944 2940 1998 cognoscens,
2975 1932 3433 2006 voluntatemque
3493 1938 3548 1993 in
3603 1940 3750 1994 veri-

2041 2019 2155 2068 tate
2187 2014 2440 2069 divinam
2489 2015 2726 2072 faciens.
2778 2020 3260 2090 Quandoquidem
3317 2026 3596 2095 apostolis
3634 2028 3748 2083 Do-

2041 2103 2234 2158 minus
2267 2105 2585 2158 maximum
2620 2109 2962 2174 promittens
2996 2110 3244 2180 Spiritus
3275 2113 3492 2169 donum
3527 2132 3539 2168 :
3584 2117 3744 2186 Vada,

2037 2193 2136 2258 ait,
2194 2198 2250 2247 at
2331 2194 2646 2248 Paractelus
2729 2196 2974 2263 Spiritus
3054 2210 3296 2265 sanctus,
3356 2220 3515 2274 quem
3578 2212 3747 2262 Pater

2035 2281 2211 2337 mittet
2264 2284 2324 2336 in
2376 2286 2594 2337 nomine
2648 2287 2908 2350 meo,itte
2966 2305 3055 2342 vos
3112 2289 3317 2345 docebit
3357 2296 3546 2348 omnia
3581 2296 3641 2350 ιθ.
3677 2297 3747 2352 Et

2032 2389 2237 2428 rursus
2272 2392 2285 2430 :
2318 2375 2504 2429 Adhuc
2532 2375 2709 2430 multa
2739 2376 2912 2431 habeo
2955 2379 3107 2434 vobis
3135 2381 3314 2438 dicere
3340 2400 3364 2446 ;
3391 2385 3483 2439 sed
3509 2401 3617 2440 non
3645 2403 3743 2458 po-

2029 2464 2185 2518 testis
2232 2471 2454 2534 portare
2518 2465 2716 2528 modo;
2745 2483 2866 2522 cum
2917 2472 3100 2524 autem
3139 2473 3349 2526 venerit
3374 2474 3471 2528 ille
3493 2475 3745 2544 Spiritus

2030 2555 2292 2619 veritatis,
2351 2553 2582 2608 deducet
2631 2571 2720 2609 vos
2775 2558 2834 2610 in
2898 2572 3114 2613 omnem
3176 2560 3465 2616 veritatem
3540 2564 3602 2619 Ν.
3642 2565 3744 2620 Ille

2026 2639 2207 2710 igitur
2263 2643 2468 2709 orabit,
2521 2643 2618 2697 ille
2676 2643 3108 2714 lacrymabitur.
3145 2651 3363 2704 Etenim
3425 2652 3574 2718 Quid
3621 2670 3744 2708 ore-

2023 2748 2166 2799 mus,
2200 2732 2392 2802 inquit
2421 2732 2653 2788 divinus
2706 2735 3042 2804 Apostolus,
3071 2744 3236 2808 prout
3297 2750 3526 2809 oportet,
3560 2745 3742 2797 nesci-

2022 2837 2164 2888 mus,
2195 2822 2286 2877 sed
2340 2826 2453 2890 ipse
2497 2823 2750 2892 Spiritus
2797 2825 3041 2894 postulat
3092 2844 3189 2896 pro
3247 2830 3399 2886 nobis
3445 2832 3740 2900 gemitibus

2023 2913 2492 2966 inenarrabilibut
2522 2911 2585 2966 ¹⁵.
2625 2913 2762 2968 Nam
2812 2915 2923 2983 ipsi
2973 2917 3214 2986 Spiritui
3265 2919 3368 2974 soli
3400 2921 3500 2976 Dei
3535 2921 3742 2978 volun-

2023 3008 2103 3054 tas
2135 3006 2434 3070 perspecta
2489 3006 2593 3054 est.
2647 3000 2941 3072 Siquidem
2978 3004 3110 3070 Qum
3160 3007 3260 3062 Dei
3315 3013 3462 3072 sunt,
3518 3011 3732 3082 inquit,

685 3086 831 3159 αύτῷ
889 3090 993 3164 γάρ
1054 3093 1134 3161 τῷ
1197 3088 1470 3162 ΙΙνεύματι
1507 3092 1660 3164 μόνῳ
1690 3093 1752 3147 τὸ
1809 3097 1905 3146 τοῦ

2096 3104 2173 3143 mo
2205 3090 2376 3152 novit,
2408 3089 2525 3143 nisi
2561 3088 2797 3160 Spiritus
2848 3091 2948 3144 Dei
2977 3090 3041 3144 ιθ.
3077 3095 3361 3157 Quoniam
3392 3102 3448 3151 et
3479 3101 3730 3167 quando,

2013 3181 2181 3252 juxta
2207 3178 2676 3250 promissionem,
2713 3180 2805 3234 die
2863 3180 3235 3238 Pentecostes
3294 3185 3728 3242 descenditPa-

2017 3270 2288 3330 racletus,
2320 3276 2376 3324 et
2397 3271 2580 3326 virtus
2612 3270 2744 3325 boni
2795 3271 3045 3342 Spiritus
3101 3273 3411 3331 animabus
3442 3277 3726 3347 apostolo-

2016 3377 2145 3416 rum
2205 3359 2455 3425 insedit;
2504 3358 2763 3416 velamen
2824 3360 3063 3432 quidem
3126 3363 3294 3430 illud,
3355 3383 3469 3436 quo
3528 3366 3728 3422 innata

2015 3449 2240 3504 homini
2300 3448 2547 3519 pravitas
2609 3453 2863 3504 mentem
2923 3451 3256 3520 obumbrat,
3320 3454 3488 3524 plane
3544 3456 3614 3509 ab
3655 3455 3727 3510 iis

2014 3538 2268 3594 ablatum
2327 3545 2452 3605 est;
2520 3538 2710 3593 vitiosi
2775 3555 2905 3594 vero
2966 3541 3207 3596 affectus
3275 3543 3474 3598 aboliti
3539 3549 3726 3600 sunt:

2015 3627 2283 3699 oculique
2316 3629 2526 3682 mentis
2556 3628 2813 3699 ipsorum
2838 3635 2976 3684 sunt
3006 3631 3209 3700 aperti.
3245 3631 3315 3686 Et
3345 3637 3487 3687 tunc
3519 3635 3588 3688 de
3615 3649 3727 3689 caa-

2013 3721 2135 3772 tero
2187 3717 2476 3789 sapientia
2526 3718 2750 3788 repleti,
2783 3723 2839 3772 et
2883 3721 3125 3789 perfecti
3178 3723 3478 3777 constituti
3527 3741 3558 3777 a
3588 3724 3720 3793 Spi-

2014 3808 2152 3870 ritu,
2205 3824 2306 3878 per
2360 3806 2525 3860 illum
2581 3807 2816 3877 quidem
2877 3816 2930 3862 et
2985 3809 3084 3863 Dei
3135 3811 3492 3868 voluntatem
3546 3813 3732 3866 facere

2013 3897 2411 3961 decreverunt,
2473 3911 2574 3964 per
2632 3894 2799 3948 illum
2859 3899 2916 3948 et
2977 3896 3047 3950 ad
3133 3913 3370 3952 omnem
3432 3900 3727 3954 veritatem

2013 3983 2354 4038 manuducti
2386 3988 2543 4049 sunt,
2576 3988 2917 4052 regnantem
2975 3983 3034 4038 in
3086 3985 3398 4039 animabus
3429 3985 3714 4055 ipsorum.

2011 4074 2250 4138 Quando
2308 4088 2443 4142 ergo
2494 4071 2660 4126 nobis
2718 4087 2946 4142 quoque
3029 4073 3403 4128 audientibus
3483 4075 3727 4128 verbum

2010 4161 2108 4217 Dei
2165 4162 2222 4216 in
2290 4160 2576 4232 lacrymas
2622 4161 2829 4215 resolvi
2904 4161 3229 4232 contigerit,
3272 4179 3501 4218 oremus
3559 4163 3725 4218 Chri-

2015 4256 2188 4318 stum,
2223 4251 2434 4305 fiducia
2491 4267 2720 4305 omnem
2770 4251 3199 4306 dubitationem
3248 4252 3729 4323 pellente,utve-

2014 4341 2134 4395 niat
2162 4341 2232 4395 ad
2266 4356 2387 4405 nos,
2419 4344 2574 4394 certo
2619 4349 2942 4409 sperantes,
2989 4357 3160 4394 suum
3211 4341 3492 4410 Spiritum
3550 4341 3726 4396 audi-

236 4420 564 4502 ἐπέρχηται,
625 4427 902 4500 δεηθῶμεν
954 4433 1210 4502 Χριστοῦ,
1268 4428 1447 4482 πίστει
1503 4425 1897 4501 ἀνεπιδοιάστῳ

2096 4448 2226 4497 'um,
2261 4436 2316 4486 et
2346 4439 2639 4484 oraturum
2691 4430 2747 4483 in
2802 4430 2972 4485 nobis
3014 4431 3082 4484 ad
3135 4431 3320 4500 ipsius
3371 4431 3725 4488 voluntatem

239 4516 555 4572 ελεύσεσθαι
630 4518 766 4592 πρὸς
839 4520 1009 4589 ἡμᾶς,
1070 4516 1385 4580 ἐλπίσαντες
1471 4515 1696 4585 ἀληθῶς
1755 4517 1948 4573 ἀκοῦον
2030 4519 2120 4573 καὶ

244 4606 315 4677 λη
327 4627 424 4679 μα.

311 4698 413 4753 IB'.
449 4695 517 4752 Τὸ
548 4702 776 4774 πρᾶγμα
807 4696 981 4758 οὕτως
1014 4693 1164 4770 ἔχειν
1197 4693 1342 4766 οἷόυ,
1386 4695 1550 4770 φησίν
1587 4715 1599 4728 ν
1637 4693 1898 4750 ἐπίκειταί

236 4805 319 4846 τις
369 4783 600 4858 δύναμις
649 4785 1090 4841 ἐπικαλύπτουσα
1149 4787 1242 4840 τὸν
1309 4783 1548 4861 ἐλαφρὸν
1610 4787 1761 4851 νοῦν,
1823 4784 1899 4845 ὡς

234 4873 347 4947 ἀήρ
408 4895 491 4936 τις
548 4875 746 4936 λεπτός
780 4896 792 4909 ο
834 4875 1013 4930 καίτοι
1067 4873 1124 4929 δὲ
1173 4876 1272 4942 τῆς
1314 4871 1604 4946 λαμπάδος
1645 4872 1726 4928 ἀεί
1768 4894 1898 4929 ποτε

234 4962 538 5034 καιομένης
578 4963 668 5017 καὶ
715 4965 1031 5041 φαινούσης,
1071 4965 1311 5035 καθάπερ
1347 4963 1559 5038 εἴρηται
1596 4984 1604 4994 ·
1641 4960 1790 5017 ἀλλᾶ
1818 4968 1897 5034 τῷ

235 5052 380 5129 φωτὶ
429 5049 617 5125 ἐκείνῳ
675 5053 748 5113 ὡς
797 5051 1063 5126 κάλυμμα
1107 5074 1159 5108 τι
1202 5053 1465 5108 ἐπικειται
1518 5071 1530 5084 ο
1581 5051 1751 5125 ταύτῃ
1793 5073 1891 5123 ,τοι

234 5139 364 5196 οὐδὲ
395 5139 618 5210 ἔκαρνός
659 5141 798 5196 ἐστιν
828 5143 856 5196 ὁ
899 5147 1146 5206 τοιοῦτος
1179 5145 1255 5215 μὴ
1308 5143 1441 5197 εἶναι
1491 5140 1720 5205 τέλειος,
1753 5137 1894 5210 μηδὲ

234 5231 298 5285 τὸ
329 5227 464 5284 ὅλον
497 5228 774 5304 ἐλεύθερος
807 5229 868 5286 ἐκ
902 5239 1002 5300 τῆς
1033 5231 1302 5306 ἁμαρτίας
1337 5251 1350 5265 °
1405 5228 1532 5286 ἀλλ’
1568 5232 1684 5284 οἴ)ν
1722 5227 1891 5282 εἰπεῖν

234 5317 522 5391 ἐλεύθερός
554 5339 610 5372 τε
639 5319 726 5373 καὶ
757 5319 859 5374 οῦκ
885 5318 1171 5393 ἐλεύθερος
1207 5339 1219 5352 ·
1275 5319 1437 5376 τοῦτό
1486 5339 1544 5374 τε
1591 5317 1690 5372 οὐκ
1746 5316 1890 5371 ἀθεεὶ

233 5408 458 5470 πάντως
493 5425 506 5440 °
574 5406 720 5464 ἀλλά
777 5401 894 5464 κατ’
948 5409 1258 5481 οἰκονομίαν
1313 5409 1514 5484 γίνεται
1563 5407 1705 5462 θείαν
1741 5423 1754 5436 ·
1796 5406 1886 5460 καὶ

232 5516 370 5553 ποτε
415 5497 512 5569 μὶν
561 5494 839 5554 διαλύεται
870 5498 961 5554 καὶ
1021 5499 1272 5573 θραύεται
1313 5498 1486 5554 ἐκεῖνο
1535 5498 1596 5553 τὸ
1641 5495 1886 5570 μεσότοι-

261 5701 307 5739 ⁸³
347 5699 515 5757 Joan.
547 5718 662 5773 xxv,
701 5703 796 5759 26.
869 5702 916 5741 ¹⁴
953 5705 1121 5764 Joan.
1163 5721 1276 5774 xw,
1315 5705 1405 5763 22.

1485 5703 1528 5741 '5
1568 5704 1732 5764 Rom.
1775 5716 1902 5766 vm,
1935 5697 2027 5754 26.

2212 4516 2662 4591 προσευχόμενον
2754 4521 2984 4590 Πνεῦμα
3066 4519 3202 4573 κατὰ
3273 4519 3336 4572 τὸ
3403 4519 3570 4574 αὐτοῦ
3653 4519 3726 4573 Θέ·

2079 4697 2201 4754 XII.
2234 4702 2371 4753 Rem
2404 4699 2486 4754 sic
2520 4713 2581 4752 se
2629 4697 2842 4752 habere
2905 4703 3083 4768 puta:
3131 4698 3419 4752 incumbit
3449 4699 3529 4752 vis
3561 4715 3721 4770 qua:—

2008 4787 2143 4842 dam
2189 4804 2444 4858 superne
2500 4787 2778 4858 obtegens
2833 4786 3166 4854 expeditam
3223 4794 3498 4853 mentem,
3535 4793 3594 4840 ut
3625 4802 3723 4840 aer

2007 4877 2246 4947 quidam
2291 4877 2527 4940 tenuis;
2562 4878 2802 4930 ardente
2852 4873 3232 4928 nihilominus
3273 4890 3504 4944 semper
3535 4883 3587 4930 et
3621 4875 3718 4929 lu-

2007 4972 2188 5032 cente,
2219 4974 2278 5020 ut
2328 4965 2546 5019 dictum
2605 4969 2710 5026 est,
2740 4963 3179 5032 lampade;sed
3238 4961 3325 5018 illi
3393 4965 3523 5034 ejus
3600 4963 3718 5019 luci

2005 5049 2294 5119 quoddam
2323 5065 2571 5119 superne
2602 5050 2764 5120 quasi
2797 5048 3133 5118 Operculum
3166 5050 3514 5120 imponitur;
3555 5052 3715 5105 unde

2004 5139 2101 5208 qui
2155 5137 2443 5206 ejusmodi
2491 5144 2602 5206 est,
2629 5138 2780 5193 haud
2824 5139 3051 5194 inficias
3112 5139 3297 5206 iverit,
3344 5157 3714 5210 nequaquam

2001 5242 2130 5280 esse
2185 5227 2522 5296 perfectum,
2573 5244 2677 5282 nec
2716 5244 2785 5284 ex
2849 5233 2962 5282 toto
3032 5227 3281 5282 liberum
3347 5244 3380 5282 a
3441 5233 3715 5298 peccato;

2001 5329 2216 5381 rerum,
2256 5321 2314 5367 ut
2371 5314 2454 5368 sic
2511 5313 2717 5380 dicam,
2789 5315 3037 5368 liberum
3101 5313 3280 5368 simul
3325 5318 3380 5367 et
3419 5329 3530 5368 non
3563 5313 3717 5370 libe-

2000 5421 2149 5472 rutn,
2183 5404 2237 5458 id
2272 5419 2403 5459 vero
2455 5405 2903 5476 haudquaquam
2965 5407 3203 5460 omnino
3261 5406 3385 5459 sine
3431 5405 3707 5470 numine;

1997 5495 2094 5550 sed
2129 5509 2229 5565 per
2275 5493 2766 5565 dispensationem
2825 5495 3111 5549 divinum.
3145 5496 3222 5550 Ac
3281 5511 3702 5568 nonnunquam

2107 5697 2152 5736 ιο
2191 5701 2212 5754 Ι
2249 5697 2376 5758 Gor.
2420 5715 2480 5770 ιι,
2526 5698 2580 5756 2.
