4100 6204
333 356 448 415 919

330 486 564 557 quidem
597 484 937 541 dissolvitur
994 490 1049 539 et
1079 483 1369 539 scinditur
1401 486 1458 539 et
1487 482 1583 538 ille
1606 484 1825 538 medius
1855 480 2037 554 paries

330 576 992 644 maceriae;quandoque
1038 574 1276 628 omnino
1338 591 1450 628 non
1523 574 1885 628 dissolvitur.
1934 571 2041 626 Ne-

332 682 443 738 que
478 667 598 737 pari
635 682 735 735 per
767 667 966 719 omnia
995 666 1052 719 in
1095 664 1187 719 his
1241 682 1414 736 passu
1468 665 1719 734 procedit
1769 662 2046 718 orationis

334 757 624 827 negotium
653 771 667 824 ;
701 756 797 811 sed
834 760 923 809 est
954 755 1187 826 quando
1246 755 1496 825 amplius
1548 755 1885 809 accenditur
1916 768 2045 823 gra-

334 844 436 913 tia,
488 850 543 899 et
594 844 951 905 consolatur,
987 850 1043 898 et
1091 845 1338 914 quietem
1396 846 1644 911 praebet;
1684 849 1773 898 est
1826 858 2043 907 rursus,

331 936 564 1006 quando
630 936 883 991 hebetior
942 940 997 991 et
1039 934 1334 989 remissior
1360 934 1442 1000 fit,
1478 940 1647 1004 prout
1678 933 1805 1003 ipsa
1833 930 2044 1003 gratia,

330 1027 769 1081 accommodate
804 1027 874 1080 ad
906 1026 1091 1096 ipsius
1125 1024 1433 1079 utilitatem
1489 1024 1744 1079 hominis
1775 1022 2047 1078 benevole

331 1116 662 1187 providens,
714 1115 869 1170 varie
929 1115 1244 1185 dispensat.
1298 1116 1596 1184 Ingressus
1666 1117 1857 1167 tamen
1916 1128 2043 1166 sum

330 1206 504 1260 certis
537 1208 847 1259 momentis
904 1204 963 1258 in
1024 1204 1335 1275 perfectam
1398 1219 1773 1268 mensuram;
1806 1208 2040 1273 gustum

332 1295 563 1367 percepi
651 1305 703 1349 et
762 1295 1171 1365 experientiam
1233 1294 1411 1349 habui
1484 1295 1632 1350 beati
1700 1292 1861 1348 illius
1920 1292 2043 1347 aevi.

331 1386 604 1440 Nondum
637 1389 830 1440 autem
883 1401 1236 1456 quemquam
1282 1384 1397 1439 vidi
1428 1384 1828 1439 Christianum
1862 1384 2049 1454 perfe-

329 1480 515 1545 ctum,
548 1480 651 1530 aut
708 1475 865 1529 omni
926 1492 993 1529 ex
1054 1480 1236 1547 parte,
1270 1476 1326 1529 in
1380 1482 1612 1546 tempus
1672 1490 1864 1538 omne,
1899 1472 2045 1527 libe-

329 1582 482 1621 rum.
519 1566 629 1619 Sed
664 1566 976 1635 requiescit
1034 1566 1249 1635 aliquis
1308 1566 1366 1619 in
1416 1565 1620 1636 gratia,
1655 1573 1707 1618 et
1738 1563 2042 1635 mysterio-

329 1672 459 1711 rum
492 1672 555 1710 ao
615 1657 1029 1711 revelationum
1090 1658 1151 1710 fit
1202 1656 1524 1728 particeps;
1560 1660 1615 1710 et
1675 1655 1735 1710 in
1797 1653 2040 1708 multam

329 1744 693 1800 dulcedinem
727 1746 924 1816 gratiae
958 1745 1173 1812 intrat;
1208 1755 1258 1800 et
1284 1754 1583 1817 peccatum
1640 1760 1844 1799 rursus
1888 1743 2041 1797 nihi-

326 1834 584 1890 lominus
616 1837 768 1890 inest
823 1837 955 1906 ipsi.
989 1836 1158 1890 Tales
1206 1852 1375 1907 porro
1438 1841 1670 1906 prepter
1719 1834 2042 1889 exuberan-

326 1929 442 1979 tem
502 1926 746 1997 gratiam
775 1933 827 1979 et
886 1925 1082 1981 lumen
1144 1927 1300 1995 ipsos
1337 1924 1655 1990 illustrans,
1690 1940 1792 1995 per
1822 1923 2042 1991 impru-

328 2015 583 2069 dentiam
617 2016 766 2084 dico,
802 2016 1040 2086 perfecti
1077 2031 1204 2070 esse
1254 2020 1311 2069 et
1362 2015 1526 2069 liberi
1578 2015 1841 2068 videntur
1884 2009 2037 2079 sibi;

326 2120 430 2176 ego
478 2122 611 2161 vero
664 2108 947 2173 nondum,
982 2106 1064 2160 uti
1125 2105 1265 2173 dixi,
1323 2106 1437 2160 vidi
1496 2105 1681 2160 ullum
1737 2102 2036 2159 hominem

326 2195 578 2265 perfecte
635 2195 1094 2263 liberum;nam
1142 2204 1193 2251 et
1253 2197 1503 2267 quadam
1565 2212 1629 2252 ex
1674 2200 1836 2267 parte
1894 2188 2039 2246 mihi

329 2286 588 2357 contigit,

1679 350 1740 410 S.
1792 340 2115 410 MAGABII
2164 338 2507 401 EGYP'I‘II

683 2262 999 2342 momentis
1077 2262 1452 2354 quibusdam,
1528 2286 1588 2341 in
1666 2262 1849 2352 illam,
1918 2282 2206 2353 quatenus
2263 2266 2487 2321 dictum
2565 2262 2674 2328 est,
2753 2273 3090 2313 mensuram

3680 341 3807 402 920

2068 477 2120 539 Α
2151 490 2251 545 χον
2287 476 2381 524 toi}
2423 474 2695 545 φραγμοῦ,
2738 470 2871 525 ποτὶ
2902 468 2959 526 δὲ
2989 476 3050 525 τὸ
3108 471 3321 543 σύμπαν
3380 470 3442 524 οὐ
3501 467 3806 543 διαλύεται,

2153 558 2278 615 οὐδὲ
2328 560 2619 622 διαπαντὸς
2679 559 2871 629 ἐπίσης
2920 562 2986 614 τὰ
3014 564 3237 615 τοιαῦτα
3266 567 3365 628 τῆς
3395 561 3566 635 εὐχῆς
3599 581 3613 594 '
3663 560 3813 617 ἀλλᾶ

2157 649 2268 705 ἔστι
2302 652 2393 722 μὲν
2429 649 2517 704 ὅτε
2547 648 2715 704 πλέον
2749 652 2782 717 ἡ
2809 650 2969 723 χάρις
3021 648 3330 718 ἀνάπτεται,
3364 648 3452 704 καὶ
3499 650 3812 724 παρακαλεῖ

2154 740 2245 794 καὶ
2280 738 2595 793 διαναπαύει
2622 758 2635 770 ⁶
2671 738 2781 793 ἔστι
2815 736 2872 793 δὲ
2920 738 3009 793 ὅτε
3039 738 3357 813 στυγνοτέρα
3402 739 3492 793 καὶ
3545 739 3810 818 ὑφειμένη

2151 829 2371 903 γίνεται,
2406 830 2587 891 καθὼς
2634 826 2769 895 αὐτή
2818 829 2852 896 ἡ
2904 828 3068 902 χάρις
3096 829 3233 901 πρὸς
3286 827 3348 881 τὸ
3393 827 3669 907 συμφέρον
3726 833 3808 899 τῷ

2158 920 2428 994 ἀνθρώπῳ
2478 917 2781 990 οἶκονομεῖ.
2831 917 3018 989 Ὀμως
3060 915 3314 983 εἰσῆλθον
3360 915 3437 977 εἷς
3482 917 3545 971 τὸ
3592 914 3808 971 τέλειον

2159 1010 2357 1082 μέτρον
2406 1005 2456 1061 ἔν
2515 1027 2625 1061 τισι
2673 1010 2908 1079 καιροῖς,
2952 1005 3043 1059 καὶ
3106 1003 3408 1079 ἐγευσάμην
3471 1006 3566 1059 καὶ
3613 1010 3807 1079 πεῖραν

2158 1093 2321 1176 ἔσχον
2364 1098 2573 1152 ἐκείνου
2630 1100 2728 1149 τοῦ
2786 1096 3002 1155 αἰῶνος.
3062 1090 3226 1149 Οὔπω
3285 1091 3341 1148 δὲ
3412 1091 3603 1149 οὐδένα
3662 1092 3811 1149 εἶδον

2161 1187 2483 1263 Χριστιανὸν
2512 1184 2722 1241 τέλειον
2755 1184 2789 1254 ἢ
2839 1182 3079 1253 καθάπαξ
3138 1182 3417 1257 ἐλεύθερον
3461 1199 3477 1215 °
3511 1183 3659 1239 ἀλλά
3714 1185 3812 1238 καὶ

2155 1272 2542 1329 διαναπαύεταί
2585 1294 2669 1335 τις
2717 1269 2767 1325 ἐν
2824 1274 2892 1344 τῇ
2944 1269 3152 1345 χάριτι,
3209 1269 3297 1323 καὶ
3359 1270 3673 1345 μυστηρίων
3716 1270 3811 1325 καὶ

2156 1363 2554 1437 ἀποκαλὺψεων
2642 1360 2900 1420 κοινωνὸς
2957 1357 3179 1433 γίνεται,
3238 1357 3327 1413 καὶ
3410 1360 3488 1421 εἰς
3558 1357 3814 1429 ἡδύτητα

2156 1452 2374 1523 πολλὴν
2414 1460 2512 1521 τῆς
2561 1452 2788 1526 χάριτος
2844 1447 3029 1504 εἴσεισι
3064 1468 3076 1480 ·
3128 1449 3215 1503 καὶ
3278 1450 3314 1517 ἡ
3359 1450 3599 1524 ἁμαρτία
3638 1448 3809 1505 πάλιν

2152 1542 2299 1614 αύτῷ
2330 1541 2592 1597 σύνεστιν.
2625 1541 2686 1594 Oi
2729 1536 2785 1593 δὲ
2813 1542 3054 1592 τοιοῦτοι
3086 1534 3174 1591 διὰ
3202 1537 3301 1605 τὴν
3355 1533 3808 1611 ὑπερϐάλλουσαν

2156 1634 2342 1708 χάριν,
2405 1632 2497 1687 καὶ
2554 1632 2615 1685 τὸ
2695 1626 2981 1701 ὲλλάμπον
3060 1629 3245 1689 αὐτοῖς
3315 1632 3451 1703 φῶς,
3533 1630 3671 1681 κατά
3746 1649 3815 1702 γε

2151 1723 2396 1797 ἀπειρίαν
2452 1718 2620 1796 φημὶ,
2651 1717 2853 1773 τέλειοί
2885 1738 2944 1771 τε
2971 1715 3061 1770 καὶ
3102 1712 3378 1789 ἐλεύθεροι
3409 1713 3590 1787 ἔδοξαν
3619 1717 3761 1771 εἶναι
3793 1735 3811 1748 ⁸

2073 1810 2259 1909 Βέγὼ
2320 1808 2399 1881 δὲ,
2450 1810 2522 1870 ὡς
2585 1807 2817 1880 εἴρηται,
2897 1803 3049 1860 οὔπω
3118 1800 3305 1859 οὐδένα
3358 1802 3501 1860 εἶδον
3562 1800 3811 1880 ἀκριϐῶς

2156 1902 2192 1909 --
2259 1903 2299 1909 .Α
2536 1898 2549 1909 ε
2657 1894 2709 1909 ἢ.
2828 1895 2841 1909 ς
2933 1895 2945 1909 ι
3181 1900 3206 1909 υ
3458 1900 3480 1909 .-
3569 1890 3594 1909 91

2152 1902 2437 1966 ἐλεύθερον
2473 1919 2485 1932 ο
2534 1894 2719 1966 ἐπειδὴ
2781 1895 2948 1967 κάμοὶ
3013 1900 3249 1967 μερικῶς
3298 1900 3507 1969 καιροῖς
3567 1890 3619 1949 ἔν
3664 1917 3807 1950 τισιν

2151 1992 2413 2067 ἐξεγένετο
2447 1987 2521 2049 εἷς
2554 1987 2726 2041 έκεῖνο
2766 1986 2829 2040 τὸ
2874 1985 3069 2058 μέτρον
3208 1982 3458 2039 λέλεκται
3519 1983 3809 2053 εἷ’σελθεῖν,

2149 2082 2242 2139 καὶ
2273 2079 2401 2135 οἶδα
2446 2076 2775 2150 καταμαθὼν
2822 2074 3013 2135 ὁποῖός
3062 2092 3145 2133 τις
3185 2075 3213 2128 ὁ
3260 2072 3469 2137 τέλειος
3521 2073 3809 2151 ἄνθρωπός

2151 2174 2316 2230 ἐστιν.

3186 2255 3431 2328 ingredi.
3510 2256 3575 2311 Et
3649 2256 3812 2325 novi,

326 2376 566 2431 edoctus
599 2377 1032 2447 experimentis,
1064 2376 1253 2447 qualis
1287 2378 1524 2431 demum
1558 2376 1633 2430 sit
1665 2377 1955 2448 perfectus
1989 2371 2183 2424 homo.

398 2467 721 2522 XIll.Cum
774 2466 974 2521 audire
1031 2466 1134 2520 tibi
1194 2466 1505 2537 contigerit
1538 2467 1606 2520 de
1647 2464 2038 2521 communica-

324 2555 481 2610 tione
536 2556 739 2626 sponsi
797 2571 928 2608 cum
991 2572 1232 2625 sponsa,
1265 2556 1336 2609 de
1389 2555 1605 2620 choris,
1640 2556 1709 2608 de
1770 2562 1945 2609 cantu
1985 2557 2042 2606 et

324 2643 510 2708 festis,
538 2642 683 2697 nihil
722 2644 1021 2698 materiale
1070 2650 1172 2697 aut
1221 2651 1508 2697 terrenum
1544 2644 1903 2711 00gitaveris.
1938 2642 2036 2696 Et-

322 2731 476 2786 enim
510 2732 568 2786 in
593 2732 922 2803 exemplum
980 2733 1261 2786 duntaxat
1317 2749 1413 2802 per
1481 2732 2034 2787 condescensionem

327 2819 486 2875 202
528 2820 648 2876 haec
688 2826 1091 2876 assumuntur.
1135 2821 1414 2885 Quoniam
1442 2821 1538 2875 illa
1580 2838 1707 2892 quaa
1752 2822 1841 2876 his
1882 2822 2034 2876 desi-

318 2922 588 2984 gnantur,
652 2913 984 2984 spiritualia
1050 2918 1107 2968 et
1158 2913 1345 2967 oculis
1416 2913 1641 2968 carneis
1697 2913 2035 2981 incontigua

317 3010 474 3060 sunt.
506 3004 733 3059 Animae
788 3020 924 3059 vero
983 3012 1189 3059 sanctae
1220 3019 1285 3057 ac
1313 3002 1467 3057 fideli
1502 3005 1608 3058 sub
1649 3003 2030 3074 comprehen-

318 3094 539 3150 sionem
602 3094 837 3150 veniunt
867 3098 924 3149 et
954 3093 1082 3165 ipsa
1131 3094 1582 3148 communicatio
1635 3094 1823 3147 sancti
1856 3092 2033 3163 Spiri-

316 3191 427 3249 tus,
463 3188 517 3239 et
567 3183 1012 3255 supercmlestes
1068 3183 1345 3251 thesauri,
1386 3182 1548 3237 chori
1596 3200 1661 3237 ac
1693 3183 1837 3237 festa
1886 3200 2030 3237 san-

318 3280 538 3329 ctorum
565 3275 924 3346 angelorum.
959 3274 1107 3338 Quin
1141 3272 1239 3326 isti
1291 3278 1520 3325 tantum
1582 3272 1803 3326 homini
1836 3272 2022 3326 mani-

318 3364 467 3417 festa
506 3363 676 3426 (lunt,
704 3362 803 3433 qui
857 3362 1320 3431 experimentum
1373 3376 1570 3414 eorum
1623 3362 1874 3430 ceperit;
1908 3377 2022 3415 non

316 3452 686 3508 introductus
718 3456 912 3507 autem
957 3451 1012 3503 in
1047 3450 1167 3503 haec
1209 3450 1399 3517 adyta,
1428 3465 1531 3503 nec
1557 3448 2024 3519 qualemcunque

315 3541 520 3595 talium
556 3542 801 3594 formare
848 3539 1034 3593 idsam
1088 3542 1297 3607 potest.
1334 3539 1673 3593 Beverenler
1720 3537 1900 3607 igitur
1954 3538 2024 3592 de

314 3628 656 3697 hujusmodi
718 3629 894 3683 rebus
953 3628 1323 3698 audi,quoad
1378 3627 1479 3682 tibi
1557 3629 1859 3699 contingat
1906 3644 2025 3684 cre-

315 3716 498 3786 denti,
530 3724 595 3772 ut
644 3718 855 3789 dignus
888 3717 1158 3772 habearis
1207 3715 1480 3772 fruitione
1536 3720 1772 3772 tuarum
1805 3732 2018 3772 rerum.

312 3809 381 3865 Et
434 3816 569 3866 tunc
626 3811 776 3866 scies
829 3808 959 3881 ipsa
1019 3808 1371 3878 experientia
1437 3807 1731 3865 oculorum
1790 3809 2018 3878 animae,

314 3900 575 3971 qualium
610 3900 899 3955 bonorum
932 3899 1140 3953 animas
1182 3898 1645 3954 Christianorum
1689 3899 1809 3954 fieri
1859 3916 2020 3957 com-

312 3995 477 4062 potes
536 4001 770 4062 queant.
822 3988 966 4044 Nam
1017 3988 1077 4043 in
1130 3990 1553 4044 resurrectione
1612 3990 1834 4061 corpori
1880 4007 2020 4063 quo-

312 4096 423 4150 que
464 4082 760 4152 continget
805 4079 1012 4134 horum
1058 4093 1188 4131 esse
1234 4077 1520 4149 participi,
1582 4078 1885 4149 Videreque
1924 4079 2023 4134 illa

312 4172 369 4225 et
417 4169 838 4240 quodammodo
900 4167 1154 4237 palpare,
1188 4167 1416 4236 quando
1476 4168 1670 4237 ipsum
1721 4170 2020 4239 spirituale

311 4256 525 4310 factum
552 4257 748 4311 fuerit.

379 4344 522 4399 XIV.
557 4343 795 4415 Propria
860 4341 1068 4396 animas
1146 4346 1358 4397 nostrae
1426 4342 1653 4410 decora,
1723 4347 1779 4397 et

304 4432 555 4497 fructus,
626 4432 892 4486 videlicet
994 4430 1195 4496 oratio,
1265 4431 1539 4495 charitas,
1646 4431 1905 4504 fidesque
1963 4440 2020 4492 et

305 4521 510 4593 vigilia
583 4526 640 4575 et
712 4518 1031 4590 jejunium,
1099 4522 1156 4572 et
1221 4520 1335 4573 alia
1426 4519 1707 4575 virtutum
1802 4522 2013 4592 ofﬁcia,

308 4612 407 4666 ubi
465 4611 637 4665 mista
684 4626 782 4680 per
838 4607 1337 4680 participationem
1393 4608 1568 4663 fuerit
1615 4613 2015 4669 communioni

307 4701 584 4773 Spiritus,
628 4704 770 4755 tunc
818 4707 871 4754 et
921 4698 1069 4769 ipsa,
1096 4696 1250 4753 velut
1289 4697 1611 4770 thymiama
1686 4704 2012 4772 conjectum

304 4793 365 4848 in
412 4794 629 4861 ignem,
691 4790 1031 4863 opulentam
1103 4790 1377 4843 emittunt
1452 4790 1824 4860 fragrantiam
1860 4809 1874 4847 :
1917 4796 2013 4850 sed

304 4886 360 4937 et
398 4882 563 4935 nobis
618 4881 875 4936 redditur
950 4878 1113 4933 facile
1190 4882 1518 4934 conversari
1578 4896 1832 4951 congrue
1944 4885 2015 4939 ad

304 4969 662 5025 voluntatem
718 4969 1077 5040 Dei;utpote
1126 4983 1259 5021 cum
1318 4968 1439 5023 sine
1506 4968 1721 5037 Spiritu
1792 4981 2012 5041 sancto,

306 5058 801 5132 quemadmodum
872 5058 998 5126 jam
1095 5062 1264 5111 antea
1358 5056 1578 5113 dictum
1655 5064 1763 5126 est,
1843 5077 2014 5117 nemo

307 5152 488 5222 possit
546 5148 863 5215 intelligere
920 5148 1015 5203 Dei
1077 5147 1454 5203 voluntatem.
1525 5148 1595 5205 Ut
1667 5153 1819 5206 enim
1890 5171 2013 5221 quas

303 5242 423 5296 viro
456 5241 623 5296 nubit
684 5239 906 5305 mulier,
942 5236 1103 5308 prius
1149 5239 1381 5309 quidem
1432 5256 1609 5310 quam
1668 5246 1725 5295 et
1776 5244 2013 5312 coniun-

303 5338 492 5400 gatur,
528 5330 759 5400 proprio
818 5328 957 5381 vivit
989 5326 1247 5395 arbitrio,
1307 5332 1363 5381 et
1413 5336 1580 5396 prout
1620 5328 1731 5400 ipsi
1784 5330 2011 5387 libitum

300 5424 385 5471 est
415 5420 483 5471 de
532 5434 593 5473 se
642 5415 895 5473 consulit
936 5435 950 5484 ;
1013 5415 1191 5471 simul
1241 5421 1432 5471 autem
1476 5418 1583 5472 sub
1632 5421 1822 5473 mariti
1883 5438 2016 5476 con-

296 5507 515 5563 venerit
549 5522 804 5573 manum,
839 5506 945 5560 sub
995 5521 1059 5562 eo
1113 5522 1310 5562 rerum
1366 5508 1631 5563 omnium
1682 5510 2014 5568 actionum-

298 5612 409 5668 que
436 5610 696 5662 suarum,
732 5595 1098 5650 moderatore
1130 5597 1289 5666 vivit,
1321 5613 1384 5653 se
1462 5598 1750 5668 respicere
1825 5601 2012 5671 ipsam

296 5702 365 5743 ex
423 5701 489 5742 eo
529 5684 843 5753 desinens;
876 5683 1000 5754 pari
1042 5685 1212 5743 modo
1252 5689 1308 5743 et
1374 5686 1576 5746 anima
1632 5688 1797 5759 prius
1837 5689 2014 5751 habet

1878 4344 2020 4401 boni

2226 2448 2331 2502 II".
2388 2437 2637 2497 Ε’πειδάν
2667 2435 2898 2492 ἀλοῦσαί
2932 2456 3015 2491 σοι
3067 2434 3279 2511 γένοιτο
3328 2436 3447 2507 περὶ
3509 2435 3797 2495 κοινωνίας

2147 2533 2384 2609 νυμφίου
2416 2530 2503 2584 καὶ
2538 2528 2781 2600 νύμφης,
2813 2526 2903 2580 καὶ
2954 2531 3159 2599 χορῶν,
3190 2525 3278 2579 καὶ
3340 2526 3562 2595 ἑορτῶν,
3628 2522 3800 2596 μηδὲν

2150 2623 2335 2679 ὑλικὸν
2377 2617 2519 2693 μηδὲ
2568 2617 2855 2690 πρόσγειον
2909 2614 3180 2684 ἐννόησον.
3233 2613 3333 2669 Καὶ
3382 2614 3484 2689 γὰρ
3534 2613 3612 2674 εἷς
3671 2613 3806 2668 ὁπός

2148 2710 2346 2785 δειγμα
2402 2708 2568 2781 μόνον
2611 2700 3091 2782 συγκαταϐατικῶς
3148 2707 3315 2758 ταῦτα
3372 2699 3804 2776 παραλαμϐάνε-

2142 2822 2251 2859 ται.
2300 2798 2447 2855 Ἐπεὶ
2508 2797 2682 2852 ἐκεῖνα
2738 2792 2949 2869 ἄρρητά
3003 2794 3061 2847 τέ
3120 2792 3229 2847 ἐστι
3288 2792 3377 2846 καὶ
3437 2793 3801 2863 πνευματικὰ,

2142 2891 2233 2945 καὶ
2292 2888 2611 2965 ὀφθολμοῖς
2663 2891 2777 2945 τοῖς
2840 2888 3117 2956 σαρκικοῖς
3176 2880 3462 2956 ἄψαυστα·
3526 2885 3678 2956 ψυχῇ
3746 2879 3808 2937 δὲ

2142 2978 2270 3052 ἁγίᾳ
2299 2978 2387 3034 καὶ
2446 2974 2614 3048 πιστῇ
2662 2972 2799 3047 πρὸς
2851 2971 3160 3047 κατάληψιν
3203 2970 3446 3047 ἔρχεται,
3491 2972 3631 3039 αὕτη
3678 2973 3807 3039 τεὴ

2140 3067 2396 3123 κοινωνία
2428 3070 2524 3121 τοῦ
2556 3064 2707 3138 ἁγίου
2744 3061 3085 3134 Πνεύματος,
3118 3060 3207 3115 καὶ
3238 3061 3294 3115 οἰ
3344 3059 3665 3134 ἐπουράνιοι
3715 3062 3811 3129 θη-

2144 3158 2357 3231 σαυροὶ,
2392 3157 2442 3210 oi
2488 3154 2654 3231 χοροί
2683 3173 2742 3207 τε
2790 3152 2880 3206 καὶ
2939 3150 3123 3223 έορταὶ
3180 3156 3288 3206 τῶν
3340 3151 3508 3225 ἁγίων
3552 3150 3801 3226 ἀγγέλων

2059 3225 2100 3291 C
2137 3250 2215 3317 τῷ
2251 3225 2424 3318 ’πείρᾳ
2465 3225 2691 3297 λαϐόντι
2746 3240 2896 3314 μόνῳ
2934 3246 3215 3313 καταφανῆ
3264 3239 3522 3314 γίνονται,
3568 3225 3802 3311 ἀμυήτῳ

2131 3333 2188 3389 δὲ
2222 3332 2347 3389 οὐδὲ
2398 3334 2658 3401 ἐννοῆσαι
2695 3328 2922 3385 δυνατὸν
2972 3330 3036 3385 τὸ
3091 3323 3663 3402 παράπαν.Εὒλαϐῶς
3712 3325 3805 3381 οὖν

2129 3420 2255 3494 περὶ
2321 3418 2504 3473 αὐτῶν
2580 3419 2763 3488 ἄκουε,
2841 3415 3043 3490 μέχρις
3119 3415 3180 3468 ἂν
3241 3413 3331 3468 καὶ
3418 3413 3503 3468 σοὶ
3587 3413 3804 3486 γένοιτο

2129 3509 2441 3564 πιστεύοντι
2491 3507 2884 3577 καταξιωθῆναι
2934 3509 3044 3558 τῶν
3085 3504 3348 3559 τοιούτων
3407 3508 3596 3581 τυχεῖν
3638 3522 3649 3534 ·
3705 3504 3798 3557 καί

2132 3599 2256 3654 τότε
2287 3596 2405 3670 εἷ’σῃ
2450 3597 2589 3669 αὐτῇ
2624 3595 2782 3669 πείρᾳ
2819 3598 2925 3648 τῶν
2978 3592 3284 3671 ἀφθαλμῶν
3315 3599 3416 3660 τῆς
3444 3596 3633 3666 ψυχῆς
3667 3589 3804 3646 σ’ίων

2131 3689 2343 3763 ἀγαθῶν
2404 3686 2577 3760 ψυχαὶ
2654 3705 2711 3739 τε
2768 3685 3111 3758 Χριστιανῶν
3186 3682 3454 3737 κάνταῦθα
3511 3686 3799 3735 κοινωνεῖν

2132 3775 2405 3832 δύνανται.
2437 3776 2523 3831 Ἐν
2585 3773 2687 3851 γὰρ
2746 3777 2814 3847 τῇ
2873 3773 3157 3827 ἀναστάσει
3216 3772 3305 3827 καὶ
3368 3771 3512 3842 αὐτῷ
3560 3775 3643 3842 τῷ
3690 3771 3805 3824 σώ-

2136 3888 2265 3940 ματι
2311 3871 2421 3920 τῶν
2474 3864 2739 3919 τοιούτων
2816 3862 3081 3937 παρέσται
3162 3867 3369 3937 τυχεῖν,
3440 3861 3661 3935 βλέπειν
3742 3882 3801 3915 τε

2128 3956 2264 4011 αὖτά
2309 3954 2399 4010 καὶ
2440 3953 2608 4009 οἱονεὶ
2664 3958 2902 4028 κρατεῖν,
2956 3951 3156 4007 ὁπόταν
3228 3950 3317 4007 καὶ
3376 3950 3509 4005 αὐτὸ
3567 3950 3796 4024 γένηται

2129 4049 2363 4119 πνεῦμα.

2199 4347 2313 4404 ΙΔ¹.
2356 4345 2429 4401 Τὰ
2462 4343 2572 4400 ἴδια
2601 4350 2704 4414 τῆς
2733 4347 2922 4418 ψυχῆς
2951 4342 3169 4415 κάλλη,
3201 4346 3294 4400 καὶ
3325 4346 3377 4401 o't
3418 4342 3615 4420 ἀγαθι)ἶ
3662 4363 3802 4417 καρ-

2132 4435 2247 4503 ποὶ,
2281 4432 2406 4504 ἤτοι
2460 4436 2625 4510 εὐχὴ,
2674 4434 2883 4507 ἀγάπη,
2915 4433 3097 4497 πίστις
3140 4456 3199 4491 τε
3248 4436 3336 4490 καὶ
3388 4432 3658 4507 ἀγρυπνία
3706 4432 3801 4487 καὶ

2129 4524 2370 4594 νηστεία,
2439 4525 2530 4579 καὶ
2604 4521 2784 4579 τᾶλλα
2850 4528 2959 4579 τῶν
3063 4525 3272 4599 ἀρετῶν
3359 4520 3797 4595 ἒπιτηδεύματα,

2051 4585 2093 4649 D
2126 4610 2339 4669 ἐπειδὰν
2384 4623 2594 4690 μιγείη,
2646 4614 2735 4667 καὶ
2784 4616 3115 4684 κοινωνήσοι
3170 4617 3268 4683 τῆς
3311 4618 3407 4668 τοῦ
3467 4612 3795 4685 Πνεύματος

2127 4703 2432 4773 κοινωνίας,
2489 4703 2613 4757 τότε
2652 4702 2741 4756 καὶ
2800 4704 2939 4757 αὐτά
2996 4702 3283 4777 καθαπερεὶ
3352 4701 3602 4775 θυμίαμα
3658 4716 3794 4775 πυρὶ

2132 4793 2360 4865 βληθὲν,
2392 4790 2657 4845 πλουσίαν
2683 4788 2989 4846 ἀποδίδωσι
3038 4793 3137 4862 τήν
3182 4788 3409 4846 εὐωδίαν
3446 4809 3461 4824 θ
3511 4788 3661 4845 ἀλλά
3699 4794 3796 4847 καὶ

2124 4885 2259 4955 ἡμῖν
2291 4880 2497 4957 γίνεται
2549 4878 2733 4954 ῥᾴδιον
2792 4878 3114 4941 ἀκολούθως
3168 4885 3248 4950 τῷ
3299 4879 3575 4952 θελήματι
3624 4880 3798 4934 πολι-

2124 4972 2371 5027 τεύεσθαι
2414 4975 2511 5026 τοῦ
2561 4974 2718 5026 Θεοῦ.
2751 4971 2840 5032 Ὠς
2901 4970 3024 5026 ἄνευ
3087 4971 3404 5045 Πνεύματος
3465 4974 3562 5026 τοῦ
3605 4969 3796 5044 ἁγίου,

2122 5061 2364 5133 καθάπερ
2414 5057 2522 5131 ἤδη
2576 5060 2840 5136 πρότερον
2892 5060 3128 5132 εἴρηται,
3187 5059 3384 5133 μηδενὶ
3444 5057 3669 5115 δυνατὸν
3729 5059 3791 5113 ὃν

2124 5151 2357 5206 συνιέναι
2406 5150 2470 5205 τὸ
2525 5153 2623 5204 τοῦ
2683 5155 2821 5207 Θεοῦ
2881 5149 3118 5224 θέλημα.
3177 5152 3387 5225 ’Ὠσπερ
3468 5148 3569 5223 γὰρ
3630 5145 3796 5215 ἀνδρὶ

2122 5243 2257 5318 πρὸς
2286 5241 2463 5315 γάμον
2499 5244 2726 5295 συνοῦσα
2774 5241 2931 5317 γυνὴ,
2964 5242 3227 5315 πρότερον
3279 5241 3374 5312 μὲν
3419 5239 3453 5309 ἢ
3512 5239 3792 5313 συναφθῆο

2123 5353 2231 5398 ναι,
2263 5330 2459 5405 γνώμῃ
2492 5334 2560 5403 τῇ
2596 5327 2710 5401 ἰδίᾳ
2740 5336 2976 5405 στοιχεῖ,
3009 5329 3097 5384 καὶ
3131 5329 3403 5403 θελήματι
3433 5334 3553 5389 τοῖς
3584 5328 3789 5396 ἑαυτῆς

2123 5423 2416 5495 κέχρηται,
2470 5416 2683 5474 ἐπειδὰν
2735 5417 2791 5474 δὲ
2841 5418 3073 5494 συνέλθῃ
3122 5420 3237 5473 καθ’
3295 5415 3374 5485 ἓν,
3442 5417 3529 5472 ὑπ’
3596 5415 3793 5487 ἐκείνῳ

2127 5511 2359 5587 ἡγεμόνι
2390 5508 2452 5565 τὸ
2486 5508 2718 5565 σύνολον
2753 5513 2841 5582 ζῇ,
2875 5513 2972 5564 τοῦ
3019 5509 3156 5583 πρός
3200 5508 3394 5576 ἑαυτήν
3446 5508 3598 5581 ὁρᾷν,
3631 5506 3790 5582 ἀφει-

2132 5599 2261 5673 μένη
2298 5618 2313 5632 ’
2345 5599 2436 5653 τὸν
2478 5596 2637 5653 αὐτὸν
2671 5596 2737 5670 δὴ
2770 5598 2969 5673 τρόπον
3012 5599 3101 5653 καὶ
3149 5597 3303 5671 ψυχὴ
3347 5590 3462 5671 ἔχει
3498 5594 3593 5667 μὶν
3647 5591 3789 5651 ἴδιόν

2123 5712 2178 5749 τι
2207 5687 2448 5763 θέλημα,
2478 5688 2567 5745 καὶ
2601 5686 2745 5745 ῗδίου
2778 5688 3003 5764 νόμους,
3035 5688 3122 5744 καὶ
3166 5682 3300 5763 ἔργα
3349 5683 3463 5743 ἴδια
3493 5702 3508 5717 °
3564 5680 3784 5741 ἐπειδὰν
