4082 6196
276 363 390 424 921

1533 355 1759 418 LIBER
1807 355 1907 417 DE
1951 353 2424 414 CHARITATE.

3633 357 3750 416 922

279 493 337 550 δὲ
393 493 616 570 γενηται
671 486 792 559 ἀξία
829 492 908 560 τῷ
963 485 1270 562 ἐπουρανίῳ
1325 485 1477 560 ἀνδρὶ
1537 491 1755 563 Χριστῷ
1814 508 1930 542 συν-

2104 487 2400 541 ιιυηιειθω
2478 482 2793 554 quamdam
2869 481 3185 553 propriam,
3259 481 3424 554 leges
3489 500 3747 557 ususque

277 583 480 652 ελθεῖν,
517 582 873 636 ὑποτάσσεται
901 581 980 650 τῷ
1025 577 1184 650 τόμῳ
1213 581 1310 633 τοῦ
1361 574 1576 652 ἀνδρὸς,
1610 577 1706 632 οὐκ
1735 572 1812 632 ἔτι
1844 581 1924 650 τῷ

273 673 478 743 ταύτης
511 670 804 744 Θελήματι,
837 668 982 725 ἀλλὰ
1030 673 1110 740 τῷ
1157 668 1360 738 ταύτης
1409 666 1640 744 νυμφίου
1683 667 1920 740 ἑπομένη

275 765 547 838 Χριστοῦ.

348 943 451 997 1Ε’.
483 941 552 995 Τὸ
599 941 696 994 τοῦ
727 938 910 1015 γάμου
959 933 1164 1007 ἔνδυμα
1193 936 1291 1004 τὴν
1338 939 1433 990 τοῦ
1483 935 1635 1010 ἁγίου
1679 934 1922 1008 Ilva-Spa—

275 1051 370 1092 τος
419 1029 582 1108 χάριν
632 1029 772 1102 ἡγοῦ
806 1047 818 1060 ·

275 1123 374 1175 τοῦ
421 1115 744 1191 ἐπουρανίου
777 1115 955 1190 γάμου
1004 1114 1092 1170 καὶ
1140 1117 1236 1168 τοῦ
1278 1111 1498 1168 δείπνου
1538 1118 1634 1169 τοῦ
1681 1123 1924 1188 πνευμά-

867 1027 968 1096 τὴν
1009 1026 1037 1079 ὁ
1091 1027 1166 1097 μὴ
1220 1021 1424 1079 ἐνδῦναι
1467 1025 1702 1101 γεγονὼς
1753 1025 1920 1094 ἄξιος,

273 1211 431 1263 τικοῦ
459 1207 722 1268 κοινωνὸς
769 1203 866 1260 οὑκ
904 1201 1072 1260 ἔσται.
1118 1208 1307 1276 Θῶμεν
1338 1201 1580 1272 σπουδὴν
1621 1207 1717 1258 τοῦ
1765 1225 1920 1258 πνευ-

281 1299 514 1370 ματικοῦ
543 1295 632 1350 καὶ
669 1294 816 1348 θείου
854 1298 998 1348 πιεῖν
1031 1291 1203 1360 οἴνου,
1234 1292 1324 1347 καὶ
1377 1293 1700 1365 μεθυσθῆναι
1754 1293 1922 1364 μέθην

278 1385 548 1462 νηφάλιον
571 1401 585 1416 ⁸
611 1382 684 1438 τίν’
715 1382 895 1457 ὥσπερ
927 1384 979 1437 οἱ
1010 1380 1166 1437 ο’ίνου
1193 1379 1462 1456 διακορεῖς
1495 1380 1807 1456 λαλίστεροι
1839 1381 1924 1455 γί-

275 1496 484 1542 νονται,
519 1471 661 1528 οὕτω
693 1471 778 1526 καὶ
810 1475 998 1544 ἡμεῖς,
1025 1475 1120 1525 τοῦ
1151 1475 1522 1544 πνευματικοῦ
1562 1471 1756 1526 τούτου
1808 1468 1926 1524 διά-

279 1564 440 1620 πλεοι
475 1561 754 1639 γεγονότες
793 1559 964 1633 οἴνου,
1018 1560 1332 1634 μυστηρίων
1383 1560 1540 1615 θείων
1591 1560 1924 1631 λαλήσωμεν

279 1650 600 1726 διηγήματα
633 1693 645 1705 .
694 1649 792 1704 Καὶ
839 1651 901 1703 τὸ
933 1649 1196 1722 ποτήριόν
1246 1670 1340 1703 σου
1388 1651 1513 1724 γάρ,
1552 1649 1686 1727 φησί
1736 1643 1924 1720 Δαὸὶδ,

282 1738 548 1814 μεθύσκον
585 1759 672 1810 με,
705 1737 830 1791 ὡσεὶ
860 1737 1178 1812 κράτιστονί

355 1829 474 1902 Ις’.
508 1825 654 1898 Αὕτη
689 1825 830 1881 ἐστὶν
860 1829 894 1896 ἡ
926 1828 1126 1900 πτωχὴ
1157 1831 1236 1899 τῷ
1271 1826 1542 1898 Πνεῦματι
1591 1829 1767 1902 ψυχή,
1799 1827 1922 1897 ἥτις

278 1916 626 1990 ἐπιγινώσκει
688 1915 782 1988 μὲν
836 1915 905 1968 τὰ
961 1914 1154 1982 εαυτῆς
1213 1915 1516 1988 τραύματα,
1577 1914 1921 1988 ἐπιγινώσκει

281 2003 341 2060 3‘s
392 2007 456 2060 τὸ
499 2003 752 2080 περιέχον
813 2002 979 2073 αὐτὴν
1030 2007 1140 2058 τῶν
1189 2004 1373 2058 παθῶν
1431 2003 1646 2070 σκότος,
1693 2005 1780 2058 καῖ
1822 2007 1921 2075 τήν

279 2095 388 2149 ἀπὸ
437 2095 632 2168 Κυρίου
681 2091 970 2154 διαπαντὸς
1027 2091 1274 2162 ἐπιζητεῖ
1321 2091 1591 2166 λύτρωσιν
1628 2113 1640 2125 ·

1955 1873 2002 1938 Β

1694 2094 1728 2162 ἦ
1777 2091 1920 2172 φέρει

285 2187 380 2258 μὲν
411 2183 635 2250 πόνους,
675 2182 756 2236 ἐπ’
808 2181 984 2237 οὐδενὶ
1018 2178 1074 2235 δὲ
1120 2185 1226 2236 τῶν
1262 2181 1349 2236 ἐπὶ
1393 2189 1496 2254 γῆς
1544 2184 1757 2258 ἀγαθῶν
1804 2185 1928 2263 χαί-

283 2294 386 2349 ρει.
419 2271 566 2328 ἀλλὰ
593 2273 671 2344 τῷ
701 2271 858 2342 καλῷ
892 2271 1036 2345 μόνῳ
1064 2272 1258 2344 ἱατρῷ,
1290 2271 1379 2324 καὶ
1411 2274 1478 2344 τῇ
1511 2271 1674 2326 αὑτοῦ
1705 2272 1927 2328 πέποιθε

280 2363 557 2439 θεραπείᾳ.
605 2367 726 2422 Πῶς
781 2359 872 2416 οὖν
1019 2361 1518 2436 τετραυματισμὲνη
1575 2361 1709 2432 αὕτη
1767 2366 1922 2438 ψυχὴ

280 2455 426 2523 καλὴ
483 2457 574 2508 καὶ
641 2453 994 2528 εὐπρόσωπος
1051 2451 1216 2524 ἔσται,
1277 2452 1366 2506 καὶ
1424 2453 1560 2526 πρὸς
1621 2445 1924 2523 συμϐίωσιν

281 2545 598 2620 ἁρμόζουσα
636 2547 714 2615 τῷ
761 2545 976 2618 Χριστῷ
1004 2560 1017 2610 ;
1049 2545 1165 2602 πῶς
1219 2538 1404 2596 ἄλλως
1438 2542 1472 2612 ἢ
1514 2541 1650 2596 κατὰ
1697 2542 1795 2610 τήν
1831 2541 1923 2616 ἀρ-

283 2635 445 2709 χαίαν
481 2631 648 2703 αὑτῆς
679 2631 876 2702 κτίσιν,
916 2631 1006 2685 καὶ
1055 2631 1154 2698 τήν
1186 2637 1326 2707 σαφῆ
1358 2631 1465 2684 τῶν
1514 2631 1728 2684 οἰκείων
1763 2630 1924 2702 τραύ-

285 2727 470 2799 μᾶίτων
503 2721 591 2778 καὶ
639 2723 738 2791 τῆς
766 2721 1046 2796 πτωχείας
1099 2718 1418 2794 ἐπίγνωσιν;
1457 2719 1514 2774 Εἰ
1545 2720 1647 2794 γὰρ
1699 2721 1779 2781 οἷς
1809 2717 1926 2794 ἔχει

278 2812 554 2890 rga-Speci
583 2833 641 2866 τε
687 2811 777 2866 καὶ
821 2809 1062 2884 μώλωψι
1110 2813 1218 2865 τῶν
1251 2812 1434 2864 παθῶν
1493 2811 1568 2882 μὴ
1621 2805 1926 2879 συνήδεται,

285 2901 428 2977 μηδὲ
480 2905 778 2977 συνηγορεῖ
813 2903 932 2960 τοῖς
983 2896 1314 2972 σφάλμασιν,
1358 2897 1419 2952 οὑ
1469 2896 1740 2970 λογίζεται
1789 2897 1928 2970 αὖτῇ

278 2993 378 3060 τὴν
415 2989 684 3067 ἄμορφίαν
727 2989 754 3042 ὁ
799 2987 1022 3062 Κύριος,
1072 2986 1200 3042 ἀλλ’
1231 2985 1402 3040 ἐλθὼν
1457 2986 1598 3040 ἰᾶται
1647 2987 1734 3040 καὶ
1775 2988 1928 3050 θερα-

280 3081 454 3146 πεύει,
488 3079 578 3134 καὶ
618 3077 818 3140 ἀπαθὲς
869 3076 1004 3150 αὐτῇ
1035 3077 1125 3130 καὶ
1173 3075 1405 3155 ἄφθορόν
1437 3097 1490 3130 τι
1540 3074 1748 3140 κάλλος
1795 3076 1930 3130 ἁπο-

279 3169 564 3239 καθίστησι
599 3186 612 3202 ’
676 3167 839 3240 μόνον
898 3167 1032 3236 αὐτή
1093 3165 1402 3239 προαιρέσει
1467 3167 1541 3237 μὴ
1601 3164 1930 3220 κοινωνείτω

2035 577 2322 650 preprios,
2357 591 2528 646 opera
2560 573 2825 645 propria:
2881 583 3190 646 postquam
3225 590 3356 630 vero
3390 575 3568 647 digna
3601 577 3749 632 facta

2033 666 2207 721 fuerit
2266 683 2391 737 quas
2459 664 2849 734 snpercmlesti
2913 666 3030 719 viro
3083 665 3425 737 jungeretur
3484 666 3738 732 Christo,

2032 756 2344 824 subjicitur
2377 755 2485 825 legi
2539 754 2666 823 viri,
2720 771 2832 809 non
2875 753 3124 826 amplius
3172 772 3366 824 suam,
3419 757 3518 812 sed
3549 757 3747 828 sponsi

2035 860 2290 916 sequens
2321 845 2702 899 voluntatem.

2103 935 2219 990 XV.
2283 933 2616 1005 Nuptialem
2681 937 2897 989 vestem
2976 934 3230 1006 Spiritus
3302 935 3550 1008 gratiam
3621 951 3750 992 esse

2034 1030 2197 1096 puta,
2257 1042 2429 1096 quam
2473 1026 2570 1096 qui
2621 1025 2866 1080 induere
2917 1026 3132 1096 dignus
3181 1043 3296 1082 non
3343 1029 3532 1094 fuerit,
3585 1027 3750 1084 coale-

2033 1115 2208 1168 stium
2243 1116 2583 1184 nuptiarum
2614 1114 2889 1184 epulique
2940 1115 3264 1184 spiritualis
3307 1117 3594 1188 particeps
3626 1133 3742 1172 non

2034 1203 2159 1258 erit.
2239 1203 2532 1259 Pouamus
2607 1203 2863 1258 studium
2931 1201 2989 1257 in
3063 1201 3356 1274 spirituali
3421 1209 3477 1259 et
3547 1205 3742 1261 divino

2034 1291 2284 1348 bibendo
2327 1293 2483 1362 vino,
2532 1297 2589 1348 et
2641 1291 3002 1347 inebriemur
3051 1291 3326 1347 ebrietate
3387 1293 3596 1361 sobria,
3657 1298 3744 1362 ut,

2035 1383 2533 1452 quemadmodum
2592 1382 2694 1452 qui
2751 1381 2884 1435 vino
2947 1380 3102 1451 pleni
3165 1385 3324 1446 sunt,
3385 1381 3748 1453 loquaciores

2035 1470 2201 1538 ﬁunt,
2237 1472 2316 1526 ita
2345 1477 2403 1526 et
2437 1487 2564 1539 nos,
2613 1469 2904 1542 spirituali
2954 1470 3060 1524 hoc
3091 1469 3250 1542 large
3301 1469 3515 1526 hausto
3565 1488 3746 1540 mero,

2037 1560 2438 1628 mysteriorum
2525 1559 2856 1614 divinorum
2938 1557 3285 1628 eloquamur
3361 1561 3742 1615 narrationes.

2035 1647 2098 1700 Et
2127 1648 2273 1702 calix
2303 1656 2430 1703 tuus
2461 1647 2562 1719 (ait
2594 1647 2799 1719 David)
2851 1647 3134 1704 inebrians
3181 1664 3286 1716 me,
3319 1665 3484 1720 quam
3511 1651 3746 1722 praecla-

2035 1755 2130 1792 rus
2159 1747 2236 1793 est
2268 1739 2311 1773 ¹⁷
2337 1737 2349 1792 l

2105 1825 2241 1882 XVI.
2277 1826 2407 1898 Ipsa
2438 1831 2526 1883 est
2559 1827 2655 1882 illa
2707 1844 2925 1899 pauper
2955 1829 3179 1900 Spiritu
3221 1827 3444 1898 anima,
3488 1845 3616 1900 qua:
3649 1846 3744 1885 co-

2033 1917 2264 1986 gnoscit
2311 1917 2546 1988 quidem
2579 1935 2688 1974 sua
2733 1919 3013 1986 vulnera;
3065 1919 3363 1990 cognoscit
3402 1936 3536 1975 vero
3567 1919 3745 1974 etiam

2034 2017 2154 2074 eas,
2217 2006 2432 2076 quibus
2481 2006 2986 2078 circumambitur,
3019 2009 3526 2079 perturbationum
3576 2013 3748 2064 tene-

2035 2091 2206 2162 bras;
2259 2103 2313 2149 οι
2359 2111 2394 2150 a
2441 2095 2686 2150 Domino
2738 2097 3009 2152 continue
3063 2099 3464 2154 liberationem
3516 2099 3743 2170 quaerit.

2035 2183 2169 2248 Qua
2219 2185 2424 2241 tolerat
2473 2187 2712 2257 quidem
2760 2187 3007 2256 labores,
3061 2189 3131 2244 de
3181 2189 3341 2244 nullo
3391 2194 3584 2246 autem
3651 2205 3750 2245 eo-

2037 2288 2187 2342 rum,
2216 2291 2340 2344 que:
2390 2291 2563 2344 super
2611 2281 2822 2331 terram
2864 2283 3020 2344 sunt,
3073 2276 3221 2333 bono
3271 2277 3522 2349 gaudet;
3555 2279 3656 2333 sed
3690 2278 3748 2332 in

2037 2363 2187 2418 bono
2231 2369 2465 2419 tantum
2527 2366 2774 2432 medico,
2826 2376 2880 2421 et
2929 2365 2986 2420 in
3037 2367 3165 2436 ejus
3215 2367 3513 2424 curatione
3565 2365 3747 2422 confi-

2039 2455 2144 2508 dit.
2197 2453 2492 2517 Quomodo
2542 2456 2724 2526 igitur
2777 2456 2895 2512 hasc
2941 2457 3246 2513 vulnerata
3293 2459 3492 2514 anima
3542 2459 3752 2514 decora

2037 2549 2096 2599 et
2125 2544 2379 2600 formosa
2418 2545 2548 2610 erit,
2594 2549 2650 2600 et
2696 2546 2767 2600 ad
2819 2547 2948 2601 vitae
3000 2547 3333 2603 societatem
3387 2547 3749 2604 individuam

2036 2649 2170 2688 cum
2203 2633 2431 2690 Christo
2463 2635 2778 2690 ineundum
2809 2637 2992 2708 apta?
3037 2639 3329 2708 quomodo
3379 2637 3540 2693 aliter
3575 2656 3749 2708 quam

2038 2737 2398 2795 perspectam
2451 2723 2718 2779 habendo
2753 2729 3058 2797 antiquam
3119 2743 3286 2782 suam
3334 2726 3642 2798 originem,
3695 2735 3751 2781 et

2038 2811 2254 2868 claram
2307 2830 2419 2882 pra:
2479 2829 2541 2868 se
2594 2815 2829 2870 ferendo
2891 2817 3256 2886 propriorum
3323 2815 3634 2872 vulnerum
3695 2820 3752 2872 et

2037 2902 2432 2956 mendicitatis
2467 2901 2784 2957 notitiam?
2835 2909 2980 2960 Nam
3029 2907 3078 2960 si
3108 2905 3196 2972 iis,
3233 2923 3356 2975 quae
3387 2907 3585 2972 habet,
3619 2905 3747 2962 vul-

2039 2991 2273 3045 neribus
2315 2995 2372 3045 et
2418 2991 2793 3047 cicatricibus
2849 2993 3186 3062 passionum
3239 3011 3350 3049 non
3407 2996 3746 3066 delectatur,

2039 3095 2144 3135 nec
2195 3079 2588 3149 patrocinatur
2638 3080 2868 3134 delictis
2920 3081 3084 3148 suis;
3149 3099 3262 3138 non
3323 3084 3574 3152 imputat
3634 3084 3748 3153 ipsi

2041 3185 2208 3224 suam
2262 3169 2691 3224 deformitatem
2745 3169 3062 3238 Dominus;
3113 3173 3210 3226 sed
3263 3171 3419 3226 venit
3467 3176 3524 3226 et
3579 3179 3752 3227 sanat

279 3263 396 3320 τοῖς
443 3256 864 3333 πραττομένοις,
911 3256 1152 3330 καθάπερ
1203 3252 1442 3330 εῖρηται,
1498 3252 1639 3327 μηδὲ
1685 3259 1806 3314 τοῖς
1852 3253 1928 3308 ἐν-

2153 3263 2319 3312 curat
2369 3275 2518 3324 eam,
2596 3258 2860 3329 nullique
2931 3259 3230 3314 obnoxiam
3300 3259 3630 3314 alterationi
3690 3263 3749 3315 et

281 3346 640 3424 εργουμένοις
673 3343 1062 3400 συνευδοκείτω
1092 3344 1329 3399 πάθεσιν.
1367 3342 1523 3401 Ἀλλ’
1563 3343 1668 3418 ὅλῃ
1703 3341 1928 3418 δυνάμει

280 3439 420 3513 πρὸς
471 3437 666 3512 Κύριον
718 3429 983 3500 ἕκϐοάτω,
1022 3433 1116 3488 ’ίνα
1165 3431 1253 3488 διὰ
1297 3437 1394 3488 τοῦ
1444 3433 1641 3509 ἀγαθοῦ
1683 3433 1930 3505 Πνεῦμα-

277 3548 373 3587 τος
405 3526 572 3581 αὐτοῦ
602 3528 701 3591 τῆς
732 3523 1041 3595 ἐλευθερίας
1073 3523 1286 3586 πάντως
1327 3523 1532 3596 ἀξιωθῇ
1565 3527 1672 3577 τῶν
1723 3525 1928 3578 παθῶν.

281 3614 432 3684 Αὕτη
471 3615 566 3686 μὶν
599 3611 688 3668 οὖν
801 3613 956 3690 ψυχὴ
994 3610 1232 3686 μακαρία
1267 3630 1278 3644 ·
1333 3609 1452 3665 οὐαὶ
1487 3609 1544 3665 δὲ
1587 3610 1654 3686 τῇ
1689 3613 1763 3684 μὴ
1807 3632 1929 3665 συν-

280 3705 533 3774 αίσθησιν
579 3699 850 3778 δεχομένῃ
897 3705 1244 3776 τραυμάτων,
1283 3697 1421 3773 μηδὲ
1465 3699 1612 3778 ἔχειν
1641 3721 1692 3754 τι
1739 3699 1929 3762 κακίας

283 3792 374 3849 διὰ
406 3792 626 3863 πολλὴν
673 3791 758 3847 καὶ
793 3790 1024 3866 ἄμετρον
1056 3790 1282 3862 οἰομένη
1314 3789 1500 3845 κακίαν
1536 3809 1548 3822 ·
1582 3790 1782 3860 ταύτην
1828 3791 1929 3864 γὰρ

282 3884 412 3940 οὐδὲ
470 3885 497 3937 ὁ
577 3882 776 3958 ἀγαθὸς
835 3880 1210 3936 ἐπισκέπτεται
1284 3881 1493 3955 ἰατρὸς,
1567 3877 1692 3934 οὖδέ
1772 3881 1932 3954 θερα-

282 3973 456 4039 πεὺει,
491 3970 572 4026 ὅτι
609 3968 748 4043 μηδὲ
795 3969 950 4044 μέλει
990 3969 1130 4043 αὐτῇ
1162 3973 1266 4024 τῶν
1316 3968 1659 4044 τραυμάτων,
1697 3967 1788 4022 ἅτε
1837 3989 1932 4022 κα-

283 4061 400 4124 λῶς
455 4059 600 4136 ἔχειν
659 4060 748 4114 καὶ
813 4060 981 4136 ὑγιῶς
1055 4057 1382 4133 ἡγουμένῃ·
1443 4057 1514 4112 Οὐ
1589 4057 1688 4133 γάρ
1747 4057 1934 4132 χρείαν

282 4145 503 4227 ἔχουσι,
535 4150 719 4229 φησὶν,
755 4151 807 4204 οἱ
861 4149 1187 4225 ὑγιαίνοντες
1235 4149 1444 4222 ἰατροῦ,
1479 4147 1606 4204 ἀλλ’
1651 4148 1707 4202 οἳ
1755 4153 1938 4213 κακῶς

284 4237 533 4316 ἕχόντες.

2037 3347 2584 3402 immarcescibilcm
2621 3349 2936 3417 quamdam
2969 3352 3020 3404 ei
3063 3348 3317 3403 restituit
3348 3347 3750 3420 pulchritudi-

2041 3451 2194 3491 nem.
2227 3435 2475 3490 Tantum
2529 3436 2656 3506 ipsa
2705 3453 2773 3490 ne
2824 3437 3003 3492 libero
3055 3453 3298 3492 assensu
3349 3437 3656 3508 participat
3681 3437 3754 3492 iis

2041 3542 2168 3596 quae
2227 3525 2396 3592 fiunt,
2460 3529 2523 3580 ut
2581 3527 2803 3581 dictum
2854 3533 2982 3596 est;
3022 3543 3160 3582 neve
3209 3527 3626 3582 consentiendo
3685 3543 3752 3582 ea

2041 3617 2398 3686 comprobet,
2458 3631 2586 3684 quin
2655 3615 2998 3672 inordinata:
3079 3617 3549 3688 perturbationes
3617 3632 3757 3688 ope-

2042 3709 2282 3770 rantur;
2339 3707 2435 3759 sed
2482 3711 2606 3760 tota
2649 3706 2865 3758 virtute
2925 3707 2996 3760 ad
3051 3705 3362 3761 Dominum
3410 3705 3640 3774 clamet,
3695 3713 3761 3761 ut

2041 3809 2144 3864 per
2175 3794 2393 3849 bonum
2443 3795 2631 3864 ipsius
2667 3793 2832 3849 203
2881 3794 3160 3864 Spiritum
3193 3795 3438 3850 liberare
3469 3811 3532 3850 se
3563 3795 3760 3866 digne-

2043 3889 2138 3939 tur
2194 3901 2226 3939 a
2283 3887 2507 3939 cunctis
2589 3886 2779 3956 pravis
2854 3883 3180 3939 allectibus.
3251 3883 3430 3939 Beata
3500 3886 3760 3954 profecto

2043 3973 2179 4028 talis
2209 3974 2440 4028 anima:
2490 3989 2570 4027 vce
2618 3982 2811 4028 autem
2866 3972 2974 4040 illi,
3027 3989 3154 4044 quae
3188 3987 3430 4028 sensum
3484 3972 3761 4028 intimum

2046 4077 2162 4118 non
2219 4061 2406 4132 capiet
2461 4062 2764 4118 vulnerum
2825 4078 3103 4132 suorum;
3167 4078 3410 4134 quasque
3459 4060 3651 4116 omnis
3703 4079 3766 4118 se

2046 4151 2346 4224 pravitatis
2381 4151 2636 4208 funditus
2681 4165 2974 4224 expertem
3009 4169 3110 4224 per
3140 4151 3388 4207 multam
3420 4155 3476 4206 et
3509 4151 3768 4206 immen-

2048 4259 2173 4298 sam
2207 4243 2491 4315 putaverit
2521 4241 2890 4315 pravitatem.
2937 4241 3136 4298 Talem
3171 4242 3326 4299 enim
3359 4257 3546 4314 neque
3580 4242 3766 4298 bonus

287 4333 494 4390 invisit
551 4331 840 4400 medicus,
891 4347 994 4388 nec
1027 4335 1230 4398 sanat;
1283 4331 1560 4402 quoniam
1619 4329 2012 4388 sollicitudine
2042 4349 2161 4388 non
2215 4333 2475 4404 tangitur
2531 4333 2843 4388 vulnerum
2902 4333 3324 4404 propriorum;
3385 4337 3582 4404 utpote
3637 4347 3766 4402 quae

287 4439 352 4480 se
383 4423 532 4480 bene
577 4421 790 4479 habere
823 4439 890 4478 ac
919 4425 1104 4495 vigere
1135 4421 1384 4478 sanitate
1413 4421 1726 4478 existimet.
1754 4422 1872 4477 Non
1917 4421 2070 4478 enim
2099 4423 2331 4496 (inquit)
2367 4433 2521 4493 egent
2562 4422 2662 4496 qui
2709 4424 2834 4480 sani
2879 4428 3007 4479 sunt
3051 4423 3281 4491 medico,
3323 4423 3415 4480 sed
3464 4424 3560 4494 qui
3605 4422 3750 4478 male

289 4515 496 4572 habent
527 4512 595 4568 ιδ.

359 4603 460 4661 ΙΖ’.
513 4600 783 4678 Μακάριοι
827 4604 907 4672 τῷ
945 4597 1054 4655 ὄντι
1101 4601 1188 4656 καὶ
1241 4597 1483 4670 ζηλωτοὶ
1533 4604 1630 4656 τοῦ
1683 4599 1802 4676 βίου
1850 4600 1931 4656 καῖ

2122 4601 2292 4658 XVll.
2343 4603 2499 4660 Beati
2548 4619 2762 4673 revera,
2815 4607 2872 4660 et
2927 4604 3226 4661 invidendi
3265 4605 3338 4661 ob
3389 4605 3515 4658 vita
3564 4606 3620 4658 et
3667 4618 3771 4658 ex-

285 4698 388 4760 τῆς
457 4691 762 4766 ὑπερφυοῦς
819 4688 1192 4760 ἀπολαύσεως,
1252 4690 1368 4744 ὅσοι
1430 4685 1519 4743 διὰ
1583 4691 1788 4764 θερμῆς
1847 4689 1936 4745 καὶ

285 4778 587 4858 φιλαρὲτου
636 4777 915 4854 διαγωγῆς
943 4783 1050 4833 τῶν
1103 4777 1439 4852 ἐπουρανίων
1479 4782 1576 4832 τοῦ
1627 4779 1936 4852 Πνεῦματος

288 4867 608 4946 μυστηρίων
653 4869 814 4942 πείρᾳ
841 4869 931 4924 καὶ
981 4868 1224 4938 αἰσθήσει
1265 4869 1363 4936 τὴν
1410 4871 1603 4943 γνῶσιν
1647 4867 1938 4947 εἴλήφασι,

281 4962 374 5016 καῖ
435 4961 498 5015 τὸ
547 4957 857 5030 πολίτευμα
914 4956 964 5012 ἐν
1025 4956 1274 5028 οὐρανοῖς
1328 4953 1569 5032 ἔχουσιν.
1621 4957 1782 5014 Οὗτοι
1843 4960 1938 5013 καὶ

285 5047 620 5121 συμπάντων
651 5045 928 5120 κρείττους
975 5045 1274 5119 ἀνθρώπων
1326 5045 1428 5100 εἶσί
1461 5063 1475 5078 ⁸
1526 5047 1614 5100 καὶ
1669 5046 1872 5122 φανερᾶ
1903 5049 1938 5117 ἡ

282 5136 583 5206 ἀπόδειξις.
617 5137 730 5192 Τίνι
761 5138 864 5212 γάρ
905 5140 1009 5190 τῶν
1045 5134 1306 5204 δυνατῶν,
1423 5141 1626 5211 σοφῶν,
1745 5135 1942 5212 φρονί-

287 5251 409 5302 μων
445 5225 687 5281 ἀνελθεῖν
721 5227 796 5288 είς
827 5247 918 5281 τον
959 5223 1183 5300 οὒρανὸν
1219 5225 1450 5298 ὑπῆρξεν
1498 5222 1942 5300 ἐπιστρεφομένῳ

286 5317 414 5390 περί
465 5317 562 5385 τήν
607 5323 732 5390 γῆν,
778 5315 888 5370 ἐκεῖ
927 5335 986 5370 τε
1043 5313 1360 5389 ἐργάσασθαι
1405 5311 1537 5388 ἔργα
1584 5315 1940 5386 πνευματικά,

286 5407 380 5462 καὶ
433 5405 500 5460 τά
546 5403 728 5476 κάλλη
776 5409 873 5460 τοῦ
926 5403 1234 5477 Πνὲύματος
1286 5406 1683 5473 κατοπτεῦσαις
1738 5403 1850 5456 νυνὶ
1886 5400 1943 5458 δὲ

289 5495 462 5567 πένης
517 5517 600 5559 τις
653 5501 716 5552 τὸ
762 5495 1108 5572 φαινόμενον,
1157 5494 1326 5565 πένης
1375 5491 1554 5567 ἄκρως
1597 5495 1684 5550 καὶ
1733 5491 1951 5569 ἐξουδε-

369 5677 412 5714 “
447 5675 590 5734 Psal.
623 5693 762 5746 χιιι,
790 5677 844 5732 5.
924 5675 972 5712 ⁸⁸
1001 5674 1208 5734 Matth.
1241 5690 1320 5744 rx,
1355 5675 1459 5745 12;
1489 5691 1594 5745 κη,
1625 5677 1692 5732 17
1731 5693 1746 5746 ;
1783 5676 1916 5734 Luc.
1956 5693 2011 5747 v,

2052 4694 2381 4765 superantis
2413 4699 2630 4749 nature
2665 4695 2900 4749 modum
2935 4694 3228 4749 fruitionis
3261 4691 3621 4752 felicitatem,
3651 4693 3771 4762 qui-

2055 4798 2290 4854 cunque
2341 4799 2440 4856 per
2491 4786 2802 4839 ferventem
2851 4783 3046 4850 fidem,
3101 4791 3156 4838 et.
3202 4780 3432 4838 vivendi
3467 4797 3642 4836 usum
3695 4781 3770 4835 ad

2051 4873 2326 4928 virtutem
2373 4889 2639 4928 normam
2689 4879 2981 4938 exactum,
3027 4869 3528 4943 supercmlestium
3581 4869 3770 4927 sancti

2051 4961 2303 5031 Spiritus
2338 4964 2747 5033 mysteriorum
2799 4977 2976 5017 sensu
3009 4965 3065 5016 et
3113 4961 3472 5032 experientia
3503 4961 3769 5016 notitiam

2057 5061 2460 5120 perceperunt,
2518 5060 2570 5106 et
2627 5057 3122 5107 conversationem
3192 5050 3252 5105 in
3311 5051 3474 5106 cmlis
3533 5049 3772 5104 habent.

2054 5139 2220 5194 Tales
2253 5141 2542 5208 omnium,
2572 5142 2671 5212 qui
2721 5141 2954 5212 uspiam
3007 5140 3207 5195 vivunt
3255 5139 3585 5204 hominum,
3620 5155 3773 5209 prae—

2056 5231 2404 5286 stantissimi
2438 5241 2592 5288 sunt.
2629 5231 2688 5286 Id
2722 5233 2878 5304 quod
2912 5231 3302 5287 demonstrari
3335 5229 3646 5284 manifesto
3671 5245 3774 5302 po-

2057 5323 2190 5374 test.
2226 5319 2328 5374 Cui
2371 5320 2524 5376 enim
2571 5327 2896 5392 potentum,
2947 5327 3046 5376 aut
3093 5319 3454 5390 sapientum,
3506 5323 3606 5374 aut
3640 5335 3774 5390 pru-

2057 5410 2736 5468 dentum.ascenderein
2785 5411 2995 5466 ccelum
3047 5409 3311 5482 contigit,
3344 5409 3578 5464 interim
3634 5409 3776 5465 dum

2057 5505 2368 5557 versantur
2409 5500 2470 5556 in
2520 5508 2672 5557 terra
2717 5508 2771 5556 et
2809 5499 2928 5556 illic
2987 5501 3216 5572 operari
3261 5515 3441 5572 opera
3495 5496 3774 5570 spiritua-

2049 5678 2138 5735 31.
