4082 6196
382 271 526 384 923⁸
1725 317 1791 379 S.
1839 317 1992 380 MAG

2254 319 2383 382 EGY
2396 322 2541 383 PTII
2710 354 2715 361 ι
3729 320 3866 380 924

400 455 476 523 ia,
510 455 567 509 et
598 448 1067 524 pulchritudines
1096 446 1278 503 divini
1324 446 1574 519 Spiritus
1622 448 1835 505 intueri
1865 449 1893 505 ?
1921 454 2007 507 Nu

2253 454 2467 525 ὗμενος,
2496 454 2587 508 καὶ
2617 450 2742 509 οὐδὲ
2789 458 2906 515 τοῖς
2937 450 3257 529 ἑγγιίτόνων
3312 452 3509 525 μικροῦ
3547 448 3865 523 γνώριμος,

380 561 513 599 vero
545 559 769 615 pauper
812 540 1031 612 aliquis
1076 541 1131 595 in
1181 539 1458 610 speciem,
1502 556 1733 595 summa
1784 559 1992 613 pauper

2251 544 2555 613 ροσπίπτων
2595 542 2683 598 ἐπὶ
2728 542 3023 617 πρόσωπον
3073 540 3239 596 αὐτοῦ
3267 543 3347 605 τῷ
3397 538 3600 612 Κυρίῳ,
3653 537 3863 591 ἄνεισιν

382 635 754 699 exiuanitus;
813 648 879 686 ac
934 646 1006 685 ne
1061 628 1268 684 vicinis
1324 630 1560 700 quidem
1621 631 1705 685 vel
1771 632 1994 686 minimi

2255 634 2397 696 ςτὸν
2447 634 2675 709 οὐρανὸν
2716 634 2818 689 ὑπὸ
2870 632 3185 704 Πνεύματος
3230 627 3626 706 ὁδηγούμενος,
3667 628 3761 681 καὶ
3808 626 3862 681 ἑν

383 733 573 794 notus,
626 726 937 797 procidens
987 724 1046 778 ia
1098 725 1305 779 faciem
1354 740 1520 778 suam
1572 739 1762 778 coram
1822 722 1983 778 Domi

2260 728 2554 800 Ιηροφορίᾳ
2601 728 2703 791 τῆς
2751 722 2944 776 ἑαυτοῦ
2993 723 3180 795 ψυχῆς
3224 722 3330 773 τῶν
3382 715 3494 771 ἐκεῖ
3535 713 3872 786 θαυμασίων

383 816 636 872 ascendit
692 815 753 870 in
814 814 1027 869 cretum
1073 816 1323 868 ducente
1372 818 1573 867 sancto
1630 811 1873 883 Spiritu,
1926 822 1979 867 et

2262 815 2532 886 ,τατρυφᾷ,
2602 810 2713 865 ἰκεῖ
2769 831 2827 864 τε
2885 809 3186 884 ἐργάζεται,
3240 806 3353 861 ἐκεῖ
3427 805 3489 860 τὸ
3546 804 3874 875 πολίτευμα

383 904 553 975 plena
611 905 829 959 ﬁducia
879 920 997 958 suae
1048 903 1280 967 animae,
1331 901 1699 957 mirabilibus
1749 901 1865 955 illic
1915 903 1995 957 rei

2261 919 2346 974 Lat,
2378 900 2515 954 κατὰ
2542 899 2636 954 τὸν
2686 900 2831 955 θεῖον
2865 895 3196 955 ’Δπόοτολον
3229 916 3242 929 ·
3294 896 3481 967 Ἡμῶν
3525 893 3628 968 γὰρ
3669 892 3735 948 τὸ
3768 914 3873 946 τεο-

381 993 747 1060 delectatur;
816 992 1013 1062 ibique
1088 996 1382 1062 operatur,
1455 990 1535 1045 ibi
1602 990 1944 1059 diversatur,

2265 1009 2460 1061 τευμα.
2509 988 2697 1066 φησὶν,
2747 986 2799 1042 ἐν
2853 986 3101 1062 οὐρανοῖς
3151 986 3388 1062 ὑπάρχει
3422 1000 3436 1015 ⁸
3495 982 3584 1037 καὶ
3633 981 3817 1037 πάλιν
3859 1003 3873 1015 ο

380 1082 882 1137 conversationem
936 1081 1128 1147 habet,
1181 1080 1351 1150 juxta
1406 1079 1667 1134 divinum
1740 1078 1992 1150 Apostoli

2262 1127 2267 1134 .
2326 1076 2612 1155 ὀφθαλμὸς
2670 1077 2769 1133 οὐκ
2824 1075 2956 1149 εἶδε,
3015 1080 3106 1132 καὶ
3165 1073 3257 1137 οὖς
3318 1075 3417 1128 οὐκ
3479 1069 3703 1141 ἤκουσε,
3773 1072 3874 1125 καὶ

384 1170 714 1226 dicentem:
761 1172 958 1225 Nostra
1003 1179 1190 1224 autem
1234 1171 1569 1224 conversatio
1616 1170 1676 1223 in
1718 1169 1865 1225 cadis
1912 1176 1993 1224 est

2262 1167 2289 1222 τὶ
2349 1164 2574 1242 καρδίαν
2631 1166 2935 1241 ἀνθρώπων
2994 1164 3093 1222 οὐκ
3144 1158 3336 1233 ἀνέϐη,
3386 1162 3419 1217 ἃ
3470 1160 3778 1235 ἡτοίμασεν
3843 1162 3874 1213 ὁ

382 1264 447 1316 Et
513 1275 761 1314 rursus:
822 1260 950 1328 Qum
1004 1258 1201 1314 oculus
1265 1276 1378 1314 non
1432 1258 1591 1325 vidit,
1658 1262 1707 1312 et
1764 1257 1921 1314 auris
1979 1275 1994 1311 ι

2262 1258 2330 1319 ιὸς
2387 1263 2506 1312 τοῖς
2566 1258 2849 1334 ἀγαπῶσιν
2891 1254 3077 1312 αὐτὸν.
3111 1253 3242 1310 Εἶτα
3300 1252 3481 1327 ἐπάγει
3515 1270 3529 1284 '
3583 1255 3755 1323 Ἡμῖν
3812 1246 3874 1304 δὲ

385 1348 621 1413 audivit,
705 1363 803 1403 nec
878 1350 939 1403 in
1023 1365 1117 1404 cor
1199 1349 1439 1404 hominis
1512 1346 1893 1414 ascenderunt,
1969 1365 1997 1418 q

2263 1346 2514 1419 εεκάλυψε
2571 1343 2661 1400 διὰ
2713 1349 2810 1400 τοῦ
2869 1345 3181 1417 Πνεύματος
3254 1341 3439 1398 αὐτοῦ.
3500 1339 3664 1395 Οὗτοί
3718 1338 3875 1393 εἰσιν

378 1437 722 1509 ρνκριιναυίι
763 1436 898 1491 Deus
948 1436 1014 1492 iis
1060 1436 1159 1509 qui
1204 1437 1449 1506 diligunt
1499 1435 1655 1490 illum
1685 1434 1754 1489 ²⁰.
1797 1435 1927 1489 Mox
1956 1452 1984 1489 s

2283 1435 2335 1489 ἐν
2384 1432 2613 1505 ἀληθείᾳ
2665 1432 2846 1511 σοφοὶ,
2895 1433 2947 1487 οἱ
2995 1429 3233 1492 δυνατοὶ,
3281 1430 3433 1485 οὗτοι
3481 1427 3571 1483 καὶ
3617 1424 3874 1501 εὐγενεῖς

374 1526 622 1595 jungit:
681 1523 843 1577 Nobis
900 1533 1086 1577 autem
1145 1524 1416 1578 reuelauit
1476 1523 1615 1577 Deus
1670 1539 1766 1590 per
1821 1522 1986 1595 Spirii

986 1533 1086 1577 rem
1145 1524 1416 1578 reuelauit
1476 1523 1615 1577 Deus
1670 1539 1766 1590 per
1821 1522 2092 1595 Spiritum
2199 1524 2287 1580 καὶ
2320 1523 2598 1602 φρόνιμοι.

380 1630 559 1668 suum.
620 1612 689 1667 Hi
747 1617 886 1666 sunt
943 1628 1073 1667 vere
1123 1613 1418 1683 sapientes
1465 1616 1523 1669 et
1569 1618 1851 1684 potentes,
1917 1612 1977 1668 hi
2035 1618 2093 1669 et

386 1700 612 1757 nobiles
644 1704 696 1755 et
741 1700 1073 1771 prudentes.

453 1790 655 1847 XVIII.
704 1789 1055 1857 Quinetiam,
1102 1808 1220 1847 non
1271 1791 1467 1847 habita
1515 1792 1740 1848 ratione
1768 1791 2065 1848 ccelestiun

2274 1795 2385 1849 IH'.
2421 1792 2521 1846 Καὶ
2571 1791 2769 1865 χωρὶς,
2803 1789 2959 1867 φησὶ,
3009 1792 3115 1844 τῶν
3150 1785 3415 1862 οὐρανίων
3454 1783 3698 1853 ἐκείνων,
3750 1784 3868 1840 ὰπὸ

2256 1887 2261 1894 .
2479 1880 2490 1894 l
2764 1880 2775 1894 Ι
3008 1879 3019 1894 \
3122 1879 3134 1894 ο
3190 1876 3203 1894 Ι
3414 1876 3427 1894 9
3522 1876 3537 1894 9
3616 1874 3643 1894 θ
3718 1874 3733 1892 1

386 1877 639 1945 illorum,
671 1894 700 1932 e
732 1877 871 1932 solis
914 1878 1006 1933 his
1061 1895 1182 1948 qua:
1234 1879 1543 1950 praesentia
1590 1885 1729 1934 sunt
1775 1881 1843 1934 de
1873 1897 1998 1935 sant

2256 1887 2302 1937 ὄν
2350 1880 2636 1955 παρόντων
2687 1880 2886 1952 κρίνων
2938 1879 3064 1939 τοὺς
3111 1876 3322 1951 ἁγίους,
3373 1876 3471 1930 οὐκ
3518 1874 3868 1937 ἑπιδοιάσεις

374 1966 671 2038 judicans,
723 1983 837 2022 non
886 1967 1203 2032 dubitabis,
1253 1985 1351 2023 eos
1397 1968 1656 2023 omnium
1710 1967 1880 2040 longe
1911 1968 1985 2024 bo

2251 1972 2414 2027 ίντων
2477 1968 2853 2043 ὑψηλοτέρους
2911 1967 3096 2023 εἰπὼν.
3159 1966 3430 2039 Κρινέσθω
3489 1961 3547 2019 δὲ
3622 1965 3814 2025 οὕτως
3849 1987 3863 2000 ·

383 2073 526 2112 num
559 2054 918 2112 ceicissimos
967 2058 1371 2127 pronuntiare.
1411 2060 1550 2129 Age,
1602 2075 1693 2113 res
1741 2057 1989 2128 dijudice

2249 2055 2691 2135 αϐουχοδονόσορ
2740 2058 2768 2111 ὁ
2825 2050 3148 2117 Βαϐυλῶνος
3190 2051 3374 2125 ἄρξας,
3406 2053 3571 2108 ὀποτε
3604 2051 3675 2106 τᾶ
3720 2050 3861 2122 ἔθνη

382 2144 491 2199 hoc
547 2145 754 2199 modo:
804 2142 1346 2200 Nabuchodonosor
1396 2146 1707 2218 Babylonis
1750 2146 1994 2215 imperat

2252 2155 2341 2221 ιτῷ
2388 2149 2557 2203 πάντα
2607 2147 2683 2207 εἰς
2722 2145 3085 2221 προσκύνησιν
3128 2146 3193 2213 ἧς
3244 2141 3406 2218 ἔτυχε
3447 2142 3864 2201 κατασκευάσας

328 2270 335 2279 ρ
382 2234 770 2305 congregatis,
810 2232 1025 2303 quibus
1075 2243 1334 2304 praeerat,
1384 2236 1655 2305 gentibus
1703 2237 1772 2290 ad
1796 2235 1938 2290 ador

2255 2240 2398 2301 κόνος
2429 2236 2716 2312 ἠθροίζετο
2751 2257 2763 2269 '
2804 2240 2883 2307 τῷ
2926 2232 2982 2289 δὲ
3012 2238 3130 2306 Θεῷ
3170 2237 3333 2288 τοῦτο
3364 2230 3650 2309 πανσὸφως
3698 2230 3867 2302 ᾠκο-

384 2339 519 2379 nem
553 2327 759 2378 statue)
792 2338 966 2393 quam
990 2327 1265 2392 erexerat,
1296 2323 1398 2379 Dei
1422 2325 1527 2379 hoc
1556 2324 1634 2380 ita
1654 2324 1989 2396 sapientissi

2260 2333 2433 2401 μεῖτο,
2464 2325 2559 2381 ’ίνα
2600 2324 2688 2380 καὶ
2721 2327 2754 2393 ἡ
2787 2329 2891 2377 τῶν
2945 2320 3149 2377 παίδων
3197 2322 3362 2396 ἀρετὴ
3393 2326 3520 2375 πᾶσι
3552 2319 3864 2394 γνώριμος

386 2413 723 2468 moderante
781 2413 1161 2482 providentia,
1223 2418 1287 2466 ut
1341 2421 1395 2469 et
1450 2430 1759 2483 puerorum
1814 2414 1998 2469 omnii

2249 2421 2453 2490 ιταστῇ,
2497 2414 2586 2470 καὶ
2641 2415 2853 2486 μάθωσι
2896 2412 3112 2482 πάντες,
3160 2412 3243 2465 ὅτι
3293 2410 3424 2472 Θεὸς
3473 2409 3677 2477 ἀληθής
3731 2410 3861 2479 εἷς,

388 2504 704 2573 c0nspicua
747 2504 934 2555 virtus
984 2500 1172 2568 ﬂeret,
1225 2507 1281 2558 et
1323 2503 1515 2558 cuncti
1564 2503 1852 2559 discerent
1903 2521 2000 2558 uol

2250 2505 2409 2567 ττοὺς
2458 2503 2717 2579 οὐρανοὺς
2762 2506 3051 2557 κατοικεῖ·
3102 2505 3251 2574 τρεῖς
3295 2496 3509 2566 παῖδες,
3544 2496 3632 2552 καὶ
3678 2497 3862 2553 αὐτοὶ

387 2606 515 2645 esse
547 2590 729 2644 Deum
763 2606 986 2657 verum,
1018 2591 1119 2661 qui
1153 2592 1212 2644 in
1259 2592 1420 2645 caelis
1460 2592 1715 2647 habitat:
1752 2600 1870 2647 tres
1906 2610 1999 2662 ρυε

2255 2594 2549 2671 χμάλωτοι
2598 2593 2687 2647 καὶ
2719 2593 2816 2659 τὴν
2869 2589 3179 2665 ἐλευθερίαν
3224 2588 3559 2666 ἀφῃρημένοι
3600 2585 3863 2661 ὲπαρῥηο

386 2678 545 2749 iique
592 2678 822 2748 captivi,
880 2694 946 2733 ac
994 2679 1263 2734 libertate
1317 2680 1542 2750 privati,
1606 2681 1732 2736 ausi
1787 2689 1923 2736 sunt
1977 2681 1989 2734 i

2255 2685 2447 2738 άσαντο
2479 2683 2613 2757 πρὸς
2663 2679 2841 2749 αὐτὸν,
2874 2678 2963 2734 καὶ
3016 2680 3227 2733 πάντων
3277 2675 3480 2749 πολλῷ
3519 2672 3626 2731 δὲει
3670 2696 3861 2749 προσ-

362 2767 693 2834 .obsistere;
745 2773 801 2822 et
849 2768 1093 2835 cunctis,
1146 2785 1214 2823 ex
1243 2768 1428 2824 multo
1462 2774 1643 2838 metu,
1683 2770 1974 2825 adorantil

2253 2772 2514 2842 ινούντων,
2545 2769 2635 2825 καὶ
2691 2766 2825 2842 μηδ’
2872 2768 3017 2831 ὅλως
3050 2766 3095 2823 εἶ
3145 2769 3221 2839 μὴ
3275 2766 3550 2830 πείθεσθαι
3589 2763 3865 2836 τολμών·

382 2871 485 2911 ncc
569 2855 891 2925 quidquam
977 2861 1181 2925 praeter
1264 2857 1613 2929 obsequium
1696 2860 1986 2914 tentantib

2250 2887 2323 2931 υν,
2382 2860 2528 2917 ἀλλά
2584 2856 2781 2936 σχεδὸν
2839 2860 3050 2937 ἀφόνων
3108 2856 3205 2911 ’ἶσα
3267 2856 3357 2911 καὶ
3412 2861 3532 2917 ταῖς
3607 2856 3862 2910 κτίσεσιν

381 2949 673 2999 mutarum
704 2942 813 2999 ritu
856 2945 1169 3015 pecudum,
1203 2962 1314 3017 quo
1347 2947 1751 3017 trahebantur,
1785 2965 1993 3019 sequen

2250 2950 2527 3025 .κομένων,
2561 2947 2713 3003 αὐτοὶ
2761 2950 3020 3003 τοσοῦτον
3067 2944 3364 3019 ἀπέχοντες
3416 2948 3514 2998 τοῦ
3561 2944 3629 2998 τά
3679 2943 3862 3015 ὅμοια

375 3034 506 3101 bus,
538 3033 622 3088 illi
656 3040 884 3089 tantum
926 3034 1240 3090 abt'uerunt
1291 3042 1355 3091 ut
1385 3037 1602 3093 similia
1634 3036 1762 3092 aliis
1818 3045 1987 3109 putem

2250 3046 2312 3103 υῖς
2346 3039 2542 3100 ἄλλοις
2590 3038 2805 3104 παθεῖν,
2836 3035 2909 3097 ὡς
2957 3030 3086 3108 μηδ’
3136 3028 3482 3093 εὐσεϐοῦντας
3531 3031 3862 3107 ἀγνοεῖσθαι

373 3129 507 3191 tur;
545 3131 603 3178 ut
636 3139 826 3195 neque
855 3122 1114 3195 ignorari
1146 3125 1267 3179 sint
1308 3127 1466 3198 passi
1508 3144 1675 3181 suam
1711 3127 1781 3183 de
1814 3127 1985 3198 religi

2250 3129 2512 3199 ιύλεσθαι,
2565 3123 2695 3200 μηδ’
2750 3124 3036 3196 ὑπομένειν
3092 3122 3294 3193 λαθεῖν,
3354 3119 3482 3178 ἀλλ’
3540 3122 3617 3183 εἰς
3676 3120 3862 3191 ἀκοῇν

371 3215 743 3281 sententiam,
818 3229 923 3266 nec
990 3212 1167 3267 latere
1224 3215 1632 3282 sustinuerint,
1691 3217 1792 3270 sed
1852 3233 1983 3271 cunt

2251 3219 2405 3273 ἱντων
2465 3216 2643 3292 λέγειν
2680 3232 2693 3245 ·
2752 3215 2889 3275 Τοὺς
2955 3212 3108 3275 θεούς
3173 3232 3269 3266 σου
3345 3210 3407 3265 οὐ
3483 3208 3863 3284 λατρεύομεν,

370 3303 747 3356 audientibus
808 3300 1102 3355 dixerint:
1168 3302 1295 3356 Deos
1351 3309 1473 3356 tuos
1528 3319 1639 3357 non
1709 3303 1968 3373 colimus,

2254 3310 2279 3362 ,i
2330 3312 2397 3381 τῇ
2461 3306 2629 3361 εἰκότι
2675 3308 2744 3379 τῇ
2803 3301 3007 3378 χρυσῇ,
3058 3304 3119 3371 ἢν
3176 3298 3430 3372 ἕστηκας,
3483 3299 3547 3354 οὐ
3603 3319 3866 3372 προσκυ-

374 3395 624 3445 statuam
680 3405 936 3455 auream,
996 3405 1159 3459 quam
1208 3390 1452 3458 erexisti,
1500 3408 1608 3447 non
1667 3393 1961 3447 adoramus

2251 3402 2394 3473 ιῦμεν
2432 3416 2445 3431 ⁸
2494 3396 2724 3459 τούτους
2755 3394 2831 3456 εἰς
2880 3391 3149 3466 τιμωρίας
3201 3390 3367 3467 λόγον
3411 3389 3500 3445 καὶ
3553 3392 3587 3459 ἡ
3640 3383 3863 3464 φοϐερὰ

377 3477 532 3540 Quos
562 3494 693 3533 cum
726 3479 786 3533 in
834 3494 1062 3549 pceaam
1116 3478 1396 3534 terribilis
1426 3480 1528 3535 illa
1576 3481 1777 3537 fornax
1824 3498 1989 3551 excep

2250 3489 2374 3557 ,είνη
2433 3480 2825 3561 παραλαϐοῦσα
2878 3484 3111 3555 κάμινος
3167 3481 3258 3550 ἦν,
3307 3476 3431 3535 οὐδὲ
3484 3480 3585 3548 τὴν
3651 3480 3862 3548 ἑαυτῆς

375 3572 483 3632 set,
519 3581 633 3621 non
682 3581 823 3621 sane
874 3565 991 3621 vim
1044 3582 1210 3622 suam
1265 3570 1539 3638 exseruit,
1571 3586 1638 3625 ac
1670 3572 1838 3641 quasi
1870 3578 1926 3625 et
1955 3570 1987 3642 ii

2254 3579 2465 3652 ἑργειαν
2513 3571 2846 3644 ὐπεδείξατο,
2895 3568 3077 3644 ὥσπερ
3127 3567 3184 3625 δὲ
3222 3568 3313 3623 καὶ
3360 3569 3496 3636 αὐτὴ
3547 3562 3866 3638 διευλαϐη-

374 3660 647 3709 venerata
676 3655 835 3725 ipsos
862 3660 1036 3722 esset,
1086 3674 1119 3710 ιι
1170 3656 1347 3712 malis
1378 3673 1477 3714 eos
1523 3660 1815 3715 immunes
1842 3676 1984 3716 cons

2251 3673 2352 3720 εῖσα
2398 3664 2650 3735 τούτους,
2691 3663 2914 3723 ἀπαθεῖς
2955 3663 3133 3715 κοκῶν
3180 3656 3483 3737 διεφύλαξε,
3515 3655 3604 3711 καὶ
3656 3658 3863 3718 πάντες

375 3744 563 3799 vavit:
620 3743 906 3798 universis
955 3760 1022 3799 ac
1082 3761 1212 3815 rege
1271 3747 1397 3816 ipso
1455 3746 1639 3803 Deum
1694 3750 1811 3820 jam
1881 3766 1987 3804 veri

2249 3755 2285 3809 ιὶ
2323 3753 2576 3831 βασιλεύς
2628 3753 2790 3813 αὐτὸς
2818 3750 2909 3806 τὸν
2960 3748 3140 3820 ἀληθῆ
3187 3745 3259 3802 δι’
3307 3745 3525 3801 ἐκείνων
3582 3744 3710 3800 Θεὸν
3755 3744 3861 3800 ἔπι

372 3833 843 3904 agnoscentibus.
891 3835 1008 3888 Hos
1052 3838 1321 3905 equidem
1373 3853 1490 3892 non
1541 3840 1727 3910 magis
1783 3844 1969 3895 terras

2242 3868 2463 3922 γνωσαν.
2499 3843 2767 3905 Ἐκείνους
2810 3842 2924 3916 οὐχ
2968 3841 3020 3895 οἱ
3060 3837 3111 3893 ἐν
3145 3842 3217 3915 γῇ
3271 3837 3455 3911 μόνον,
3485 3834 3635 3891 ἀλλὰ
3671 3834 3762 3889 καὶ
3798 3835 3854 3891 ἐν

370 3924 714 3991 colentium,
746 3941 922 3997 quam
966 3924 1025 3980 in
1078 3927 1239 3982 cmlis
1284 3929 1621 3999 degentium
1670 3930 1830 3985 chori
1877 3932 1982 4003 piat

2243 3936 2455 4011 Βρανοῖς
2487 3931 2651 4010 χοροὶ
2694 3927 3112 4005 κατεπλάγησαν
3146 3946 3159 3959 ·
3207 3925 3297 3981 καὶ
3329 3924 3428 4001 γὰρ
3480 3923 3560 3985 εἷς
3604 3922 3701 3983 τὰς
3736 3928 3855 3977 τῶν

370 4013 761 4070 celebrarunt.
848 4017 993 4069 Nam
1078 4014 1308 4071 beroica
1404 4019 1658 4074 facinora
1751 4031 1978 4076 sanctor

2240 4026 2367 4101 γίιυν
2411 4021 2799 4098 ἀνδραγαθείας
2851 4016 2976 4074 οὐδὲ
3019 4018 3146 4078 τοὺς
3194 4015 3245 4071 ἒν
3303 4015 3553 4090 οὐρανοῖς
3607 4012 3852 4082 ἀπεῖναι,

373 4104 828 4175 haudquaquam
887 4119 1014 4158 esse
1050 4104 1251 4175 ignota
1278 4106 1404 4159 coeli
1438 4107 1667 4174 incolis,
1699 4111 1796 4164 sed
1830 4110 1937 4165 bos
1968 4114 1982 4164 i

2241 4114 2345 4171 λλὰ
2385 4115 2684 4189 συμφοιτᾷν
2735 4109 3025 4177 κάκείνοις,
3071 4107 3099 4161 ὁ
3147 4107 3288 4166 θεῖος
3326 4101 3665 4164 ’Δπόστολος
3714 4103 3853 4158 ὐπο-

373 4208 615 4247 accursu
650 4198 705 4245 et
756 4196 929 4245 testes
978 4192 1205 4260 adesse,
1257 4193 1491 4249 divinus
1536 4198 1727 4251 innuit
1757 4198 1985 4268 Apostol

2245 4208 2354 4258 ανει
2392 4224 2404 4237 ’
2459 4207 2686 4276 θεατρον
2745 4199 2867 4275 γὰρ,
2928 4196 3113 4270 φησὶν,
3156 4195 3484 4282 ἐγενήθημεν
3522 4191 3638 4282 ,καί
3696 4192 3857 4282 irri-

378 4280 516 4334 dum
550 4281 668 4334 ait:
702 4281 1085 4349 Spectacutum
1113 4282 1251 4350 [acti
1278 4300 1468 4338 sumus
1506 4287 1717 4354 angelis
1748 4291 1795 4341 et
1844 4287 1990 4342 hami

2242 4314 2324 4355 οις
2366 4292 2451 4346 καὶ
2509 4288 2842 4363 ἀνθρώποις.
2876 4288 3066 4363 Ἔχεις
3111 4287 3334 4339 τοιαῦτα
3378 4281 3468 4337 καὶ
3517 4280 3604 4336 ἐπὶ
3659 4278 3851 4337 Ἠλίαν

380 4367 476 4421 bus
506 4367 572 4422 ”.
605 4366 776 4421 Potes
806 4373 864 4422 et
897 4368 1016 4423 ιιωο
1044 4369 1104 4423 in
1138 4370 1262 4425 Elia
1312 4372 1526 4438 videre,
1577 4374 1697 4441 qui,
1730 4392 1883 4431 unus
1914 4376 1987 4431 ho

2242 4386 2331 4457 ρᾷν
2372 4400 2385 4415 ο
2425 4380 2506 4451 ὃς,
2560 4380 2635 4441 εἷς
2676 4375 2963 4450 ἄνθρωπος
3012 4372 3105 4442 ὢν,
3139 4374 3274 4448 πρὸς
3322 4370 3613 4432 πλείστους
3655 4368 3854 4445 ἴσχυσε

382 4473 514 4511 cum
567 4464 741 4522 esset,
801 4463 1003 4512 contra
1051 4459 1335 4529 plurimos
1386 4462 1710 4532 praavaluit,
1760 4481 1862 4536 per
1917 4467 1994 4522 de'

2244 4472 2289 4526 ιὰ
2336 4476 2438 4540 τῆς
2485 4472 2583 4523 τοῦ
2630 4465 2883 4541 οὐρανίου
2921 4464 3093 4537 πυρὸς
3138 4467 3465 4539 καταγωγῆς
3497 4480 3510 4493 °
3562 4457 3714 4523 ἀλλᾶ
3760 4462 3856 4513 καί

382 4547 667 4601 cntionem
716 4545 870 4617 ignis
917 4564 947 4603 e
995 4548 1159 4605 coelo.
1214 4550 1318 4606 Sed
1378 4558 1433 4608 et
1483 4552 1710 4626 Moyses
1760 4558 1991 4613 univers

2244 4568 2438 4630 [ωΰσῆς
2494 4557 2633 4628 ὅλης
2695 4555 2968 4631 Αἰγύπτου
3026 4551 3117 4608 καί
3174 4552 3378 4626 Φαραὼ
3434 4553 3533 4605 τοῦ
3587 4548 3856 4623 τυράννου

383 4635 688 4708 Egyptum
718 4637 1156 4694 etPharaonem
1193 4639 1351 4697 204
1410 4650 1719 4715 tyrannum
1769 4663 1995 4719 superat

2241 4648 2557 4723 ‘EptEYéVE‘tO.
2590 4649 2760 4701 Τοῦτο
2807 4644 2899 4699 καὶ
2929 4642 3017 4699 ἐπὶ
3049 4641 3190 4698 Λὼτ’
3236 4644 3398 4695 τοῦτο
3448 4639 3540 4694 καὶ
3585 4638 3678 4692 ἰπὶ
3706 4641 3853 4707 Νῶε,

383 4728 540 4782 Idem
571 4727 631 4782 in
663 4725 736 4782 iis
767 4743 889 4797 qua
921 4729 992 4785 de
1023 4729 1191 4799 Loth,
1244 4730 1304 4786 in
1338 4732 1411 4789 iis
1443 4751 1568 4805 qua
1598 4736 1667 4789 de
1694 4734 1831 4804 Noe,
1865 4754 1991 4808 quae

2244 4738 2289 4793 αἱ
2321 4738 2409 4794 ἐπὶ
2453 4734 2681 4792 πολλῶν
2715 4730 2853 4797 ἴδοις
2899 4731 3092 4806 ἑτέρων
3129 4749 3143 4763 ·
3178 4727 3379 4790 οἵτινες
3409 4733 3489 4801 τῷ
3533 4727 3856 4801 φαινομὲνφ

382 4815 589 4871 multis
619 4816 750 4871 aliis
783 4826 1111 4887 narrantur,
1144 4836 1375 4879 cernere
1405 4832 1510 4895 est,
1554 4826 1655 4896 qui
1686 4840 1818 4880 cum
1852 4843 1994 4898 appa

2244 4826 2418 4897 ολλὴν
2452 4823 2723 4881 εὐτέλειαν
2759 4820 3153 4898 ὐπερχόμενοι,
3185 4816 3413 4874 πολλῶν
3445 4816 3705 4891 ἐκράτουν
3736 4816 3856 4871 ἕπεο

384 4909 514 4960 rent
544 4907 1032 4978 contemptibiles,
1067 4910 1263 4966 multis
1294 4912 1623 4969 illustribus
1653 4922 1706 4970 et
1753 4916 1996 4986 potenti!

1193 4911 1263 4966 tis
1294 4912 1623 4969 illustribus
1653 4922 1706 4970 et
1753 4916 2091 4986 potentibus
2200 4918 2391 4990 σήμων
2422 4914 2511 4970 καὶ
2545 4911 2803 4969 δυνατῶν.

385 5008 715 5064 ευρθιιοτρθ
748 5008 1073 5053 evaserunt.

454 5083 612 5140 XIX.
648 5083 830 5139 Unius
863 5089 977 5143 fere
1025 5089 1327 5159 cujusque,
1361 5107 1506 5161 quas
1555 5093 1823 5150 videmus
1872 5113 2064 5154 rerum

2274 5099 2379 5156 18'.
2424 5091 2667 5165 ‘Exéicup
2708 5094 2817 5147 τῶν
2869 5088 3232 5165 φαινομένων,
3279 5088 3341 5156 ἦν
3401 5087 3481 5160 μή
3528 5084 3616 5141 καί
3664 5084 3853 5155 tripos

384 5192 452 5232 ea
482 5176 734 5231 conditio
781 5182 891 5245 est,
940 5184 1022 5245 ut,
1057 5179 1116 5233 ni
1162 5179 1248 5235 eis
1295 5180 1593 5237 subveniat
1638 5184 1837 5241 alienae
1871 5195 1996 5242 natu

2240 5209 2280 5249 ις
2333 5186 2452 5257 ξένη
2513 5182 2671 5260 φύσις
2724 5181 2862 5255 πρὸς
2920 5179 3175 5249 βοήθειαν
3232 5175 3562 5253 ἐπιγένοιτο,
3598 5175 3667 5229 τὸ
3722 5174 3852 5229 ὅσον

387 5265 687 5332 auxilium,
719 5274 1004 5336 quantum
1038 5270 1097 5321 in
1139 5266 1284 5337 ipsis
1335 5277 1443 5336 est,
1490 5272 1561 5325 ad
1619 5278 1972 5344 oper-dudum

2240 5277 2318 5331 αθ’
2348 5275 2505 5330 ἑαυτὸ
2555 5270 2873 5346 ἀνέργαστόν
2924 5268 3038 5323 ἐστι
3079 5268 3170 5322 καὶ
3222 5266 3559 5337 ἀκόσμητον.
3591 5268 3694 5318 Καὶ
3743 5265 3852 5341 Tia

391 5354 560 5407 utiles
618 5354 1010 5422 int‘ormesque
1069 5353 1494 5425 relinquantur.
1557 5360 1875 5417 lneti‘abilis
1931 5381 2001 5419 en

2266 5365 2362 5419 τοῦ
2394 5365 2527 5420 Θεοῦ
2568 5360 2837 5440 ἄφραστος
2870 5357 3031 5434 σοφία
3070 5357 3343 5430 μυστήρια
3383 5355 3474 5409 καὶ
3520 5353 3729 5414 τύπους
3763 5349 3855 5407 διὰ

394 5436 495 5494 Dei
524 5442 810 5513 sapientia
842 5444 1119 5515 mysteria
1148 5450 1205 5501 et
1251 5452 1416 5516 typos
1445 5462 1548 5517 per
1575 5465 1643 5504 ea
1671 5467 1793 5522 quae
1842 5455 1901 5508 in
1959 5472 2006 5512 οι

2238 5459 2306 5510 ῶν
2332 5436 2625 5528 ὁρωμένων
2671 5446 2953 5516 δείκνυσιν,
2996 5443 3183 5521 ὅτιπερ
3216 5445 3251 5515 ἡ
3299 5442 3612 5521 ἀνθρωπίνη
3665 5441 3850 5522 φύσις,

470 5593 515 5629 ¹⁹
543 5592 793 5667 Philipp.
826 5611 910 5668 ιιι,
939 5597 1030 5652 20.
1107 5596 1155 5632 ³ο
1186 5597 1208 5653 Ι
1237 5598 1365 5656 Cor.
1401 5615 1465 5671 ιι,
1494 5600 1551 5655 9.
1627 5603 1667 5637 ³⁸
1702 5603 1848 5665 Dan.
1882 5621 1966 5676 ιιι,
2003 5607 2082 5664 18.

1003 5604 1030 5652 ν.
1107 5596 1155 5632 ³ο
1186 5597 1208 5653 Ι
1237 5598 1365 5656 Cor.
1401 5615 1465 5671 ιι,
1494 5600 1551 5655 9.
1627 5603 1667 5637 ³⁸
1702 5603 1848 5665 Dan.
1882 5621 1966 5676 ιιι,
2003 5607 2088 5664 18.
2163 5608 2210 5645 ²²
2241 5610 2264 5667 Ι
2294 5609 2421 5666 Cor.
2452 5614 2529 5674 tv,
2557 5606 2615 5661 9.
