4100 6204
313 259 432 320 925

1581 260 1817 320 LIBER
1862 259 1962 318 DE
2005 257 2474 320 CHARITATE.

3663 265 3780 326 926

319 393 441 447 καθ’
472 391 668 462 ἑαυτὴν
699 391 852 460 οὖσα,
885 392 984 461 τὴν
1034 390 1222 460 ἐντελῆ
1255 397 1363 446 τῶν
1411 393 1614 466 ἀρετῶν
1655 389 1963 468 διακόσμη-

2111 411 2165 449 as
2199 395 2525 462 incurrunt,
2559 394 2748 465 iisque
2811 401 3098 452 monstrat
3127 401 3396 453 naturam
3429 398 3772 470 humanam,

321 502 403 536 σιν
445 481 534 536 καὶ
574 482 671 550 τήν
721 483 1088 553 πνευματικήν
1139 481 1456 557 εὐπρέπειαν
1502 485 1601 546 τῆς
1655 481 1964 556 ἁγιωσύνης

319 563 495 634 ἐκτὸς,
531 565 580 618 εἶ
610 567 686 638 μή
717 566 807 619 καὶ
843 573 944 634 τῆς
977 567 1120 627 θείας
1160 565 1469 620 ἀπολαύσοι
1513 567 1721 641 χειρὸς,
1771 565 1962 620 ἀδύνα-

315 655 410 716 τός
461 654 603 710 ἔστιν
641 653 1025 724 ἐπιδείξασθαι.
1059 658 1183 710 Οἴον
1235 659 1268 726 ἡ
1320 663 1416 730 γῆ,
1464 657 1582 710 καθ’
1629 657 1824 725 ἐαυτῆς
1873 658 1962 729 μὲ-

312 764 500 812 νουσα,
535 744 584 798 εἲ
619 745 694 818 μή
747 745 1010 820 μετάσχοι
1041 752 1143 812 τῆς
1190 741 1276 798 διὰ
1307 751 1412 800 τῶν
1467 751 1721 820 γηπόνων
1771 745 1960 816 ἐπιμε-

315 831 488 896 λείας,
539 834 651 888 εἶτα
687 834 776 888 καὶ
827 835 925 902 τήν
975 835 1032 888 ἐκ
1075 840 1182 890 τῶν
1231 829 1455 908 ὄμϐρων
1505 835 1593 888 καὶ
1651 839 1746 889 τοῦ
1790 833 1959 902 ἡλίου

311 921 666 992 καταδέξηται
707 923 1010 997 συνεργίαν,
1061 920 1433 994 ἀνεπιτήδειός
1481 922 1590 978 ἐστι
1633 924 1720 978 καὶ
1765 923 1960 992 ἥκιστα

315 1009 545 1085 διαρκὴς
593 1013 729 1084 πρὸς
787 1011 1168 1088 καρπογονίαν.
1225 1015 1324 1068 Καὶ
1381 1013 1534 1076 οἶκος
1586 1011 1642 1068 δὲ
1699 1019 1802 1075 πᾶς
1859 1016 1960 1068 1:06

313 1103 552 1171 ἡλιακοῦ
583 1099 744 1158 τοῦδε
775 1100 945 1157 δεῖται
977 1104 1178 1181 φωτὸς,
1213 1104 1344 1177 ὅπερ
1377 1104 1478 1159 οὐκ
1505 1099 1617 1158 ἔστι
1646 1110 1746 1172 τῆς
1791 1103 1958 1172 αὐτῆς

313 1192 504 1265 ἐκείνῳ
545 1191 756 1267 φύσεως
787 1211 798 1224 ·
841 1192 956 1248 ἐπεὶ
1004 1191 1228 1254 σκότους
1275 1192 1334 1246 ἂν
1387 1192 1470 1261 εἴη
1521 1191 1959 1267 πεπληρωμένος

313 1282 400 1337 καὶ
433 1281 718 1362 ἄχρηστος
756 1301 767 1312 ·
812 1280 900 1336 καί
938 1278 1094 1356 ἕτερα
1144 1279 1199 1335 δὲ
1245 1281 1459 1344 τούτοις
1510 1283 1718 1354 ὁμοίως
1759 1277 1960 1359 ἔχοντα

315 1371 458 1446 ὄψει.
491 1372 592 1425 Τὸν
644 1370 804 1425 αὐτὸν
856 1369 945 1425 οὖν
977 1373 1178 1446 τρόπον
1234 1373 1322 1425 καὶ

313 1459 610 1528 ἀδυνάτως,
643 1461 762 1515 καθ’
793 1461 987 1528 ἑαυτὴν
1020 1465 1252 1536 σχοῦσα,
1275 1461 1398 1522 τοὺς
1428 1461 1672 1534 καρποὺς
1703 1465 1809 1514 τῶν
1843 1463 1962 1534 ἀρε-

313 1554 422 1606 τῶν
479 1549 725 1613 τελείους
793 1547 1134 1621 ἀποδιδόναι,
1195 1549 1367 1605 δεῖται
1423 1555 1519 1606 τοῦ
1591 1554 1960 1622 πνευματικοῦ

1371 1373 1405 1440 ἦ
1455 1371 1770 1446 ἀνθρωπίνη
1803 1373 1958 1448 φύσις

315 1646 566 1722 γηπόνου
615 1649 720 1699 τῶν
759 1643 1044 1718 ἡμετέρων
1093 1646 1306 1716 ψυχῶν,
1354 1640 1599 1696 τουτέστι
1649 1644 1745 1694 τοῦ
1793 1641 1961 1694 Πνεύ-

319 1755 488 1808 ματος
515 1738 614 1790 τοῦ
645 1737 879 1804 Χριστοῦ
905 1751 916 1764 ·
952 1731 1082 1804 ὅπερ
1116 1731 1204 1785 καὶ
1230 1731 1362 1785 αὐτὸ
1394 1730 1538 1800 ξένον
1557 1736 1656 1798 τῆς
1689 1730 1958 1802 ἡμετέρας
1995 1759 2038 1822 Β

315 1827 556 1902 ἀτεχνῶς
583 1827 794 1904 φύσεως
831 1842 843 1856 ·
875 1825 1077 1894 κτίσμα
1121 1824 1222 1896 γὰρ
1272 1823 1454 1893 ἡμεῖς,
1505 1818 1629 1875 τόδε
1667 1819 1915 1874 ἄκτιστον
1945 1840 1955 1852 ·

311 1915 406 1972 ’ίνα
435 1917 522 1970 καὶ
570 1918 636 1988 τῇ
671 1913 782 1984 ἰδίᾳ
828 1912 999 1990 τέχνῃ
1059 1919 1370 1985 γεωργῆσαν
1403 1916 1509 1966 τῶν
1554 1914 1766 1965 πιστῶν
1814 1930 1960 1987 φημι

313 2009 412 2068 τας
453 2002 694 2079 καρδίας,
726 2003 822 2064 τὰς
863 2003 980 2074 ὅλῳ
1027 2000 1298 2074 θελήματι
1330 2001 1518 2062 ἑαυτὰς
1547 2004 1625 2071 τῷ
1664 2020 1958 2072 πνευματι-

311 2101 394 2168 κῷ
443 2099 673 2170 γεωργῷ
718 2090 1084 2168 παραδούσας,
1130 2091 1370 2151 τελείους
1418 2091 1543 2151 τοὺς
1574 2091 1814 2163 καρποὺς
1859 2094 1958 2144 τοῦ

313 2187 630 2259 ῐΙνεύματος
685 2181 984 2238 ἀποδοῦναι
1053 2183 1452 2256 παρασκευάσῃ,
1524 2178 1719 2254 λαμψῃ
1775 2202 1832 2235 τε
1897 2180 1958 2235 τὸ

311 2277 504 2331 ἑαυτοῦ
544 2279 658 2352 φῶς
689 2272 740 2328 ἐν
789 2278 857 2346 τῇ
898 2271 1247 2345 ἐσκοτισμὲνῃ
1285 2277 1400 2332 τοῖς
1439 2272 1658 2324 πάθεσιν
1705 2277 1804 2338 τῆς
1855 2273 1960 2343 ψυ-

310 2373 422 2444 χῆς
453 2367 614 2438 ἡμῶν
655 2364 822 2435 οἰκίᾳ.

383 2455 460 2513 Κ’.
495 2453 734 2516 Διπλοῦς
781 2453 891 2508 ἐστι
933 2457 1048 2515 τοῖς
1100 2457 1446 2526 Χριστιανοις
1491 2453 1519 2505 ὁ
1567 2449 1837 2522 πόλεμος,
1869 2448 1956 2504 καὶ

310 2543 486 2612 διπλῇ
531 2547 565 2613 ἡ
606 2541 758 2613 πάλη
791 2555 802 2575 ⁸
851 2544 988 2618 πρός
1037 2563 1096 2596 τε
1141 2544 1208 2596 τὰ
1256 2541 1508 2614 ὁρώμενα
1551 2545 1630 2612 τῷ
1687 2541 1958 2614 ὀφθαλμῷ

309 2634 492 2707 τούτῳ
522 2653 535 2665 ·
589 2631 883 2706 ὑπερετίζει
931 2630 1033 2706 γὰρ
1069 2635 1237 2686 ταῦτα
1283 2630 1371 2684 καὶ
1424 2626 1831 2704 διαγαργαλίζει
1869 2630 1960 2682 καὶ

309 2721 612 2799 περακαλεῖ
656 2723 756 2790 τήν
811 2722 998 2798 ψυχὴν
1049 2720 1421 2794 προσπάσχειν
1471 2719 1654 2780 αὐτοῖς
1703 2719 1792 2772 καὶ
1843 2739 1961 2772 συν-

313 2811 539 2882 ήδεσθαι
573 2829 584 2844 '
619 2811 734 2866 εἶτα
763 2810 854 2864 καὶ
885 2809 1021 2883 πρὸς
1051 2810 1145 2871 τὰς
1177 2812 1272 2863 τοῦ
1306 2805 1479 2862 δεινοῦ
1519 2809 1960 2882 κοσμοκράτορος

315 2899 495 2978 ἄρχεις
533 2899 623 2954 καὶ
653 2897 912 2968 ἐξουσίας.

389 2991 516 3044 KA'.
551 2994 613 3044 Ἠ
647 2984 774 3056 δόξα
821 2986 1080 3054 Μωσέως,
1114 2985 1178 3054 ἣν
1219 2985 1305 3040 ἐπὶ
1353 2989 1450 3040 τοῦ
1481 2985 1776 3060 προσώπου
1817 2985 1959 3062 εἶχε,

309 3079 482 3142 τύπος
528 3085 626 3147 τῆς
675 3075 917 3148 ἀληθοῦς
974 3073 1133 3146 δόξης
1187 3080 1283 3130 τοῦ
1341 3075 1604 3151 παναγίου
1653 3075 1960 3146 Πνεύματος

313 3171 382 3239 ἦν
414 3190 427 3202 ·
469 3169 528 3223 ’ὸν
557 3169 662 3243 γὰρ
689 3166 892 3242 τρόπον
935 3166 1045 3221 ἐκεῖ
1075 3171 1177 3227 πᾶς
1207 3165 1356 3226 ὅστις
1405 3163 1644 3219 ἀτενίσαι
1677 3161 1958 3224 ἀδύνατος.

315 3258 472 3314 Οὕτω
502 3257 592 3312 καὶ
621 3261 712 3311 νῦν
753 3255 953 3326 ταύτην
986 3256 1084 3323 τὴν
1133 3252 1306 3324 δόξαν,
1347 3255 1445 3322 τήν
1479 3255 1662 3328 ψυχήν
1707 3259 1960 3328 Χριστια-

315 3350 416 3417 νὴν
472 3346 912 3420 ἐπιλάμπουσαν,
943 3346 1005 3400 τὸ
1055 3348 1161 3400 τῶν
1209 3345 1396 3398 παθῶν
1452 3345 1642 3405 σκότος
1675 3343 1782 3418 οὐχ
1835 3344 1965 3397 ὑπο-

321 3438 471 3512 μὲνει
505 3457 518 3470 ·
561 3435 686 3492 ἀλλ’
746 3436 848 3491 ὑπὸ
895 3442 994 3505 τῆς
1044 3433 1213 3510 αὐγῆς
1263 3433 1462 3504 ταύτης
1511 3429 1960 3506 ἂποὸιωκόμενον

319 3527 594 3606 φεύγεται.

393 3618 510 3674 KB'.
544 3619 630 3688 Τῷ
677 3613 976 3694 φιλαλήθει
1023 3614 1113 3668 καὶ
1163 3611 1402 3690 φιλοθὲῳ
1449 3613 1538 3666 καὶ
1583 3618 1684 3682 τῆς
1727 3611 1967 3686 ἐπουρα-

317 3708 438 3764 νίου
480 3705 823 3782 γλυκύτητος
869 3701 1206 3778 γευσαμένῳ,
1237 3700 1471 3778 ἔμφυτόν
1529 3721 1586 3756 τε
1634 3702 1724 3754 καὶ
1769 3721 1968 3774 κεκρα-

319 3799 490 3870 μένην
537 3794 590 3850 ἐν
617 3797 683 3866 τῇ
733 3795 888 3868 ψυχῇ
937 3792 1257 3863 κεκτημένῳ
1303 3791 1401 3858 τὴν
1453 3789 1638 3863 χάριν,
1685 3792 1774 3843 καί
1824 3787 1970 3850 ὅλως

317 3887 512 3941 ἑαυτὸν
586 3888 700 3944 τοῖς
777 3881 1051 3954 θελήμασι
1114 3886 1215 3948 τῆς
1292 3879 1524 3953 χάριτος
1601 3876 1970 3960 ἐπιτρέιίηιντι⁹

315 3979 498 4032 πάντα
525 3979 622 4028 τοῦ
671 3972 862 4034 αἰῶνος
911 3967 1074 4024 τοῦδε
1127 3967 1216 4024 διὰ
1265 3968 1454 4040 μίσους
1504 3965 1614 4021 ἐστί
1670 3985 1683 4000 ’
1713 3967 1968 4040 κρείττων

315 4070 426 4144 γὰρ
486 4065 644 4127 οὗτος
692 4069 798 4119 τῶν
854 4065 950 4117 τοῦ
1008 4061 1219 4132 κόσμου
1278 4057 1508 4127 κατέστη
1550 4057 1768 4112 πάντων
1806 4079 1818 4092 ⁸
1875 4055 1971 4113 κᾶν

318 4141 529 4232 χρυσὸν
581 4151 762 4226 εἴπῃς,
812 4151 908 4206 κᾶν
967 4148 1221 4225 ἄργυρον,
1269 4145 1367 4202 κᾶν
1424 4146 1588 4218 τιμὰς
1644 4146 1734 4198 καὶ
1795 4141 1972 4216 δόξας,

317 4243 418 4302 κᾶν
469 4242 848 4318 μακαρισμοὺς
898 4239 986 4294 καὶ
1017 4237 1309 4299 ἐπαίνους·
1363 4237 1450 4290 ὑπ’
1492 4231 1712 4296 οὐδενὸς
1763 4233 1973 4288 ἁλῶναι

317 4341 429 4391 τῶν
457 4333 717 4390 τοιούτων
753 4329 970 4387 δύναται
1006 4349 1020 4363 ·
1052 4329 1240 4385 καθότι
1271 4325 1516 4382 πλούτου
1547 4324 1726 4382 ἄλλου
1775 4326 1865 4380 καὶ
1895 4347 1976 4380 τι-

322 4433 434 4500 μῆς
469 4423 672 4494 ἄλλης,
705 4421 888 4497 ὲτέρας
929 4417 986 4474 δὲ
1035 4416 1194 4489 δόξης
1245 4417 1322 4480 είς
1369 4421 1558 4492 πεῖραν
1607 4416 1852 4494 ἀφῖκται,
1885 4433 1976 4485 καὶ

2069 484 2180 538 sibi
2215 483 2469 538 relictam
2490 483 2621 550 soli,
2643 501 2772 539 esse
2794 483 3242 542 insui’ticientem
3264 489 3332 542 ad
3363 487 3696 546 exhibenda
3725 505 3777 544 m

2071 573 2222 628 inse
2255 573 2570 642 perfectum
2631 576 2914 629 virtutum
2976 581 3246 632 ornatum
3305 589 3359 632 et
3409 579 3776 647 spiritualem

2071 661 2470 717 sanctimoniae
2527 665 2810 728 decorem,
2847 665 2954 720 nisi
2989 667 3199 721 divinae
3221 667 3482 721 subsidio
3517 669 3778 736 perfrua-

2071 755 2162 805 tur
2189 767 2415 808 manus.
2447 751 2606 806 Sicut
2643 761 2812 820 terra,
2845 753 2905 807 in
2960 759 3085 810 suis
3111 773 3353 810 manens
3386 757 3776 823 naturalibus,

2071 840 2178 894 nisi
2212 841 2594 910 agricolarum
2647 843 2868 896 artibus
2927 846 3340 916 laboribusque
3403 851 3775 917 praeparetur,

2071 940 2459 1002 praetereaque
2491 931 2602 986 nisi
2636 935 2692 984 et
2722 931 2998 986 imbrium
3050 939 3106 987 et
3143 935 3279 988 solis
3311 936 3592 1006 benignos
3633 951 3780 991 rect-

2071 1021 2192 1093 piat
2241 1021 2524 1086 inﬂuxus,
2575 1021 2772 1091 inepta
2827 1025 2916 1075 est
2982 1029 3032 1074 et
3093 1023 3332 1078 minime
3377 1026 3677 1082 sufficiens
3707 1027 3779 1082 ad

2074 1111 2396 1182 gignendos
2429 1111 2690 1178 fructus;
2725 1110 2996 1165 similiter
3026 1115 3083 1166 et
3131 1113 3336 1166 domus
3389 1115 3680 1184 quislibet,
3718 1117 3781 1168 ut

2073 1199 2172 1254 ﬁat
2219 1199 2572 1266 habitabilis,
2621 1207 2748 1271 eget
2815 1199 3038 1254 lumine
3097 1201 3295 1266 solari,
3339 1202 3539 1256 alienae
3590 1205 3784 1274 utique

2071 1292 2141 1344 ab
2163 1291 2288 1360 ipsa
2319 1293 2578 1356 natura;
2614 1305 2726 1359 quo
2759 1290 2808 1343 si
2859 1293 3070 1356 careat,
3105 1291 3338 1361 oppleta
3358 1291 3614 1348 tenebris
3639 1292 3782 1346 nulli

2069 1379 2148 1434 sit
2179 1379 2350 1432 usui:
2388 1378 2478 1431 bis
2523 1377 2739 1432 similia
2792 1379 2974 1433 multa
3022 1379 3278 1435 videbis:
3313 1381 3384 1435 ad
3419 1381 3570 1436 hunc
3603 1381 3780 1450 igitur

2071 1468 2308 1522 modum
2369 1467 2624 1520 humana
2668 1483 2894 1538 quoque
2947 1473 3154 1522 natura
3211 1469 3508 1540 impotens
3567 1487 3664 1541 per
3721 1485 3780 1525 se

2069 1557 2252 1626 ipsam
2276 1561 2360 1610 est
2389 1555 2460 1610 ad
2511 1556 2734 1610 fructus
2783 1555 3062 1610 virtutum
3113 1558 3394 1626 perfectos
3447 1559 3784 1629 producen-

2069 1646 2204 1712 dos;
2229 1645 2565 1716 indigetque
2587 1645 2655 1698 ad
2691 1645 2746 1698 id
2775 1661 2948 1712 opera
2988 1645 3311 1716 spiritualis
3353 1647 3617 1717 agricolae
3651 1648 3782 1702 ani-

2070 1750 2298 1788 marum
2331 1741 2690 1800 nostrarum,
2723 1733 2820 1804 qui
2851 1741 2940 1789 est
2989 1734 3238 1805 Spiritus
3288 1737 3526 1802 Christi,
3575 1735 3777 1791 aliena:

2073 1825 2324 1896 profecto
2355 1842 2387 1880 a
2419 1831 2618 1880 nostra
2693 1831 2932 1890 naturae,
2972 1840 3103 1880 eum
3172 1841 3235 1880 eo
3285 1833 3581 1890 creaturae,
3652 1827 3784 1896 ipse

2069 1914 2360 1968 increatus
2387 1915 2462 1967 ait
2496 1933 2509 1982 ;
2545 1918 2610 1968 ut
2663 1913 2994 1969 excolendis
3029 1922 3150 1969 arte
3207 1915 3316 1970 sibi
3363 1917 3596 1986 propria
3627 1917 3774 1972 fide-

2069 2001 2212 2056 lium
2271 2002 2556 2070 cordibus,
2592 2003 2682 2070 iis,
2741 2004 2999 2072 inquam,
3033 2019 3162 2074 quae
3193 2021 3250 2059 se
3311 2009 3432 2059 tota
3480 2004 3774 2060 voluntate

2070 2091 2362 2162 spirituali
2417 2091 2618 2146 colono
2669 2093 2945 2164 praebent,
2980 2093 3196 2148 alliciat
3233 2109 3301 2148 ea
3339 2093 3551 2150 feracia
3585 2095 3778 2166 perfe-

2069 2189 2293 2236 ctorum
2325 2180 2575 2252 Spiritus
2608 2181 2938 2250 fructuum;
2972 2186 3028 2237 et
3061 2183 3252 2238 lumen
3285 2183 3414 2253 ejus
3469 2185 3776 2255 splendeat

2069 2268 2128 2324 in
2194 2270 2570 2324 obtenebrata
2627 2271 3158 2340 perturbationibus
3217 2271 3528 2328 all‘ectuum
3561 2273 3770 2328 animae

2071 2364 2281 2414 nostra
2307 2359 2499 2414 domo.

2137 2449 2250 2504 ΧΧ.
2319 2449 2534 2521 Duplex
2591 2449 2932 2506 Christianis
2979 2459 3064 2507 est
3140 2452 3357 2507 bellum
3416 2457 3472 2507 et
3571 2451 3783 2524 duplex

2069 2537 2245 2594 lucta.
2277 2541 2420 2594 Nam
2455 2547 2508 2593 et
2537 2556 2604 2594 ea
2660 2556 2783 2610 quae
2845 2557 2907 2595 se
2954 2543 3207 2608 corporis
3253 2543 3436 2596 oculis
3469 2541 3785 2626 objiciunt,

2073 2630 2342 2694 invitant,
2404 2627 2693 2684 titillando
2752 2631 2985 2686 irritant
3031 2635 3086 2686 et
3137 2637 3450 2700 provocant
3497 2632 3781 2695 animam,

2071 2720 2138 2774 ad
2171 2735 2232 2774 se
2270 2719 2476 2774 affectu
2529 2719 2986 2790 complectenda,
3019 2725 3075 2774 et
3120 2723 3186 2774 ad
3247 2720 3458 2775 oblatis
3520 2737 3622 2790 per
3661 2719 3788 2789 ipsa

2069 2807 2457 2875 voluptatibus
2486 2807 2793 2862 fruendum
2823 2811 3119 2879 ;ultraque
3153 2810 3295 2878 hec,
3329 2812 3604 2865 adversus
3635 2810 3786 2864 acris

2071 2897 2354 2968 principis
2387 2897 2590 2950 mundi
2625 2897 2984 2967 principatus
3016 2909 3066 2952 et
3105 2903 3437 2967 potestates.

2138 2984 2280 3041 XXI.
2316 2986 2510 3040 Gloria
2569 2987 2738 3040 Musis
2797 3003 2970 3056 quam
3019 2986 3076 3041 in
3126 2989 3272 3042 facie
3330 2988 3534 3042 habuit
3559 2990 3624 3055 ‘33,
3689 2993 3780 3058 ty-

1991 3118 2042 3184 G
2073 3092 2180 3146 pus
2213 3091 2358 3129 verm
2415 3075 2612 3146 gloriae
2680 3077 3036 3130 sanctissimi
3096 3075 3348 3146 Spiritus
3379 3082 3538 3144 erat;
3572 3093 3778 3146 quein-

2117 3165 2379 3184 ,μέμυ
2440 3165 2581 3184 ,μτμ
2638 3163 2753 3184 ηις,
3306 3166 3318 3184 ε
3372 3171 3417 3184 .,
3481 3167 3598 3184 ,μη

2073 3165 2386 3222 admodum
2433 3165 2586 3220 enim
2638 3163 2756 3218 illic
2817 3182 2986 3222 nemo
3039 3171 3262 3236 poterat
3306 3166 3606 3220 intendere
3637 3181 3778 3220 ocn-

2072 3257 2160 3311 los
2237 3257 2295 3312 in
2347 3255 2524 3310 Musis
2583 3257 2787 3311 faciem
2846 3255 2912 3323 2‘,
2954 3257 3035 3311 sic
3085 3263 3142 3311 et
3191 3273 3344 3311 nunc
3402 3255 3782 3327 resplenden—

2071 3351 2186 3401 tem
2221 3345 2278 3399 in
2313 3347 2506 3401 anima
2529 3345 2885 3402 Christianas
2923 3347 3206 3415 ejusmodi
3238 3345 3476 3416 gloriam
3535 3347 3783 3402 tenebrae

2070 3435 2382 3490 affectuum
2415 3453 2524 3492 non
2547 3437 2866 3494 sustinent:
2905 3437 3004 3492 sed
3046 3437 3119 3492 ab
3170 3436 3268 3490 illo
3300 3438 3516 3492 abactae
3553 3435 3776 3506 fulgore

2075 3526 2414 3596 diffugiunt.

2143 3615 2310 3670 XXII.
2347 3615 2404 3668 Ei
2459 3616 2558 3687 qui
2607 3616 2906 3671 veritatem
2965 3619 3022 3670 et
3069 3617 3248 3672 Deum
3310 3616 3776 3686 amat,quinque

2074 3706 2362 3761 caelestem
2418 3706 2786 3762 dulcedinem
2837 3709 3115 3778 gustavit,
3145 3715 3204 3761 et
3261 3707 3495 3762 insitam
3535 3720 3778 3760 concre-

2077 3800 2316 3865 tamque
2349 3797 2578 3865 penitus
2608 3797 2814 3850 anima:
2859 3797 3113 3862 possidet
3167 3797 3440 3865 gratiam,
3475 3799 3781 3862 totumque

2079 3901 2140 3940 se
2197 3884 2448 3938 arbitriis
2495 3885 2691 3954 gratiae
2763 3883 3046 3954 permisit,
3094 3883 3284 3937 omnia
3341 3883 3534 3935 saeculi
3613 3881 3792 3954 hujuI

2079 3989 2244 4028 exosa
2276 3977 2435 4028 sunt.
2496 3971 2864 4026 Praestantior
2929 3971 3141 4042 quippe
3200 3971 3294 4026 hic
3336 3979 3388 4025 et
3433 3971 3700 4039 superior
3729 3975 3790 4024 et

2082 4063 2532 4134 quibuscunque
2593 4061 2791 4116 mundi
2846 4061 3044 4129 rebus,
3092 4061 3209 4117 sive
3269 4077 3474 4116 aurum
3547 4059 3782 4118 dixeris.

2085 4153 2204 4208 sive
2260 4155 2596 4222 argentum;
2666 4152 2787 4206 sive
2857 4151 3104 4208 honores
3159 4157 3215 4208 et
3280 4151 3612 4222 dignitates,
3669 4150 3786 4204 sive

2084 4243 2614 4314 congratulationes
2671 4247 2727 4297 et
2791 4241 3030 4310 laudes;
3137 4241 3296 4298 nullo
3399 4241 3602 4296 talium
3661 4240 3790 4311 capi

2087 4337 2298 4404 potest,
2321 4333 2596 4402 quoniam
2653 4330 2899 4387 aliarum
2947 4331 3118 4404 longe
3157 4331 3510 4396 divitiarum,
3545 4328 3784 4385 alterius

2089 4421 2503 4478 excellentioris
2579 4422 2879 4493 dignitatis
2943 4427 3179 4492 gustum
3255 4419 3596 4492 experiendo
3665 4433 3792 4489 per-

320 4489 500 4590 ἦδονῇ
557 4489 815 4593 ἀιρθγᾶρτω
861 4509 1112 4588 τρέφεται
1161 4507 1261 4576 τὴν
1319 4489 1528 4582 ψυχήν,
1581 4489 1670 4560 καί
1727 4503 1964 4574 αἶ’σθησιι

2111 4511 2256 4581 :epit,
2281 4519 2334 4566 et
2363 4489 2672 4582 voluptate
2701 4489 3124 4583 incorruptibili
3174 4489 3370 4567 anima
3411 4511 3538 4580 ejus
3569 4507 3748 4564 alitur
3775 4527 3790 4576 ;

319 4607 440 4682 ἔγει
483 4605 574 4660 καὶ
627 4601 1003 4679 πληροφορίαν
1045 4603 1216 4653 πᾶσαν
1267 4595 1354 4652 διὰ
1392 4603 1492 4665 τῆς
1539 4595 1828 4658 κοινωνίας
1875 4597 1972 4649 τοῦ

321 4695 460 4752 Πνεύ
469 4716 658 4768 ματος.

391 4789 512 4842 KI".
565 4784 758 4852 Οὗτος,
808 4781 982 4850 ὁπόση
1042 4783 1120 4850 τῷ
1179 4777 1390 4854 λογικῷ
1449 4775 1668 4848 ποιμένι
1730 4771 1964 4852 διαφορά

313 4875 453 4950 πρὸς
481 4875 548 4930 τὰ
577 4871 751 4946 ἄλογα
798 4869 1107 4944 θρέμματα,
1137 4863 1396 4921 τοσοῦτον
1443 4863 1494 4919 ἐν
1531 4863 1734 4918 συνέσει
1783 4884 1840 4918 τε
1881 4859 1972 4918 καὶ

311 4963 506 5044 γνώσει
538 4963 628 5018 καὶ
673 4959 963 5034 διακρίσει,
995 4963 1102 5013 τῶν
1149 4955 1448 5028 ἀνθρώπων
1501 4951 1767 5030 διαφέρων
1807 4952 1915 5008 ἐστί
1951 4973 1964 4986 ·

315 5042 405 5113 καὶ
429 5059 530 5133 γὰρ
553 5053 728 5110 ἄλλου
747 5050 1060 5124 Πνεύματος
1079 5049 1186 5118 ,καὶ
1210 5044 1390 5102 ἄλλου
1417 5042 1746 5115 νοὸς,ἅλλ·ης
1775 5066 1833 5099 τε
1857 5065 1974 5100 συν-

319 5153 486 5210 έσεως
516 5149 604 5203 καὶ
640 5145 829 5216 σοφίας
856 5143 1000 5216 παρᾶ
1027 5143 1127 5210 τὴν
1157 5143 1254 5194 τοῦ
1279 5138 1494 5210 κόσμου
1523 5133 1718 5191 τούτου
1757 5135 1976 5210 μετὲχει

319 5239 556 5318 σοφίανο
617 5209 824 5308 Σοᾷίαν
881 5233 1008 5306 γὰρ,
1070 5229 1228 5304 φησὶ,
1283 5225 1564 5318 λαλοῦμεν
1623 5223 1674 5278 ἐν
1878 5245 1974 5318 τε-

323 5311 496 5390 λείοις
529 5346 542 5358 ·
593 5325 786 5399 σοφίαν
835 5320 894 5377 δὲ
927 5321 988 5376 οὐ
1038 5323 1136 5376 τοῦ
1185 5318 1392 5380 αἰῶνος
1432 5315 1651 5382 τούτου,
1697 5311 1821 5367 οὐδὲ
1869 5317 1978 5367 τῶν

325 5417 604 5496 ἀρχόντων
673 5417 770 5470 τοῦ
853 5411 1048 5473 αἰῶνος
1131 5407 1327 5464 τούτου
1413 5409 1520 5460 τῶν
1606 5401 1978 5479 καταργουμέ-

347 5604 396 5639 ²³
429 5601 608 5658 Exod.
652 5613 836 5669 xxxxv,
869 5595 960 5653 30.
1037 5594 1086 5630 ’δ
1112 5593 1162 5649 ll
1200 5591 1328 5648 Cor.
1370 5603 1453 5652 ιιι,
1489 5587 1548 5643 7.

2082 4616 2379 4672 sensuque
2428 4601 2630 4658 intimo
2689 4620 2754 4658 ac
2813 4601 3176 4674 possessione
3234 4601 3399 4656 beata
3457 4597 3794 4652 communi-

2081 4691 2224 4746 catis
2255 4693 2326 4746 ab
2359 4691 2718 4748 inhabitants
2747 4693 2858 4762 ipsi
2889 4692 3106 4762 Spiritu
3141 4691 3352 4744 fruitur
3373 4688 3578 4757 bonis.j

2152 4779 2350 4836 XXIII.
2403 4781 2589 4850 Hujus
2631 4786 2792 4836 tanta
2833 4787 2922 4836 est
2974 4797 3154 4852 supra
3195 4779 3463 4850 vulgares
3523 4773 3792 4831 homines

2083 4870 2444 4937 excellentia,
2479 4877 2762 4940 quantum
2812 4870 3032 4924 ratione
3081 4867 3356 4940 praeditus
3413 4869 3614 4936 pastor
3641 4862 3786 4918 emi-

2085 4967 2186 5016 net
2216 4977 2390 5032 supra
2440 4961 2639 5015 brutas
2697 4963 2982 5031 pecudes;
3019 4965 3263 5024 tantum,
3323 4957 3584 5025 inquam,
3643 4953 3790 5010 anti-

2086 5055 2204 5105 stat
2254 5049 2586 5106 mortalium
2636 5050 2854 5104 caateris
2901 5047 3208 5116 sapientia,
3255 5047 3518 5114 scientia,
3579 5043 3797 5096 dicre-

2087 5139 2263 5206 tione,
2297 5139 2512 5209 quippe
2569 5139 2668 5210 qui
2729 5139 2906 5194 alium
2955 5139 3256 5208 Spiritum,
3287 5135 3460 5190 aliam
3511 5135 3793 5198 mentem,

2089 5227 2258 5282 aliam
2289 5229 2658 5297 prudentiam
2717 5246 2781 5284 ac
2829 5227 3198 5298 sapientiam,
3249 5241 3428 5298 quam
3489 5219 3798 5290 prudentia

2091 5317 2296 5372 mundi
2341 5322 2449 5380 est.
2503 5319 2777 5389 possidet.
2828 5317 3172 5386 Sapientiam
3218 5317 3395 5382 enim,
3449 5309 3666 5384 inquit,
3722 5307 3800 5366 la-

2085 5409 2309 5480 quimur
2327 5407 2476 5464 205
2511 5410 2662 5465 inter
2685 5411 2968 5481 perfectos,
2985 5406 3320 5479 sapientiam
3357 5422 3478 5464 vero
3505 5421 3614 5462 non
3637 5407 3805 5480 hujus
