4100 6204
395 330 508 391 927

1743 318 1800 378 S-
1854 320 2170 383 MAGARII
2215 323 2556 385 IEGYPTII

3741 322 3861 384 928

394 454 588 511 seculi
605 470 627 519 ;
651 466 825 523 neque
843 449 1160 521 principum
1187 446 1351 517 hujus
1373 446 1575 512 saeculi,
1594 450 1692 519 qui
1728 449 2088 506 destruuntur

2226 466 2378 505 νων⁶
2437 448 2583 506 ἀλλά
2641 448 2919 522 λαλοῦμεν
2984 446 3174 525 σοφίαν
3234 452 3389 515 Θεοῦ,
3448 444 3499 504 iv
3560 451 3864 525 μυστηρίῳ,

397 543 488 599 sed
520 539 807 614 loquimur
844 541 944 594 Dei
997 540 1322 599 sapientiam
1359 539 1415 591 in
1468 541 1726 610 mysterio
1781 538 1845 595 ²⁸.
1877 539 2115 608 Propter

402 635 523 690 haec
555 632 781 688 cunctis
812 630 1173 691 hominibus,
1208 630 1407 683 mundi
1442 630 1705 696 spiritum
1739 630 2109 691 habentibus.

400 724 479 779 uti
516 725 735 778 dictum
787 726 896 786 est,
934 736 1032 774 seu
1083 719 1403 789 prudentiae
1461 736 1559 774 seu
1621 720 1917 790 sapientiae
1975 738 2110 776 con-

401 814 719 885 paratione,
756 810 853 864 ille
904 826 936 863 a
994 808 1160 863 nobis
1210 809 1534 879 descriptus
1592 808 1878 864 immenso
1933 810 2109 864 inter-

397 904 549 959 vallo
602 902 1023 975 supereminet;
1084 901 1368 971 siquidem
1446 900 1540 955 hic
1624 916 1806 956 omnes
1863 901 2110 956 homines

398 994 675 1063 dijudicat
734 993 797 1059 ’⁵,
832 991 1149 1047 secundum
1205 991 1357 1060 quod
1411 992 1693 1061 scriptum
1740 996 1873 1046 est:
1933 990 2107 1060 spiri-

403 1083 601 1152 tualis,
663 1083 923 1152 inquam,
986 1081 1281 1152 cognoscit
1355 1079 2107 1151 unumquemque,discer-

396 1190 543 1227 neus
605 1174 755 1226 unde
808 1171 1104 1241 loquatur,
1140 1170 1239 1223 ubi
1299 1175 1431 1238 stet,
1464 1169 1522 1223 in
1584 1170 1795 1239 quibus
1823 1173 2104 1224 versetur.

399 1265 597 1333 Ipsum
687 1265 881 1315 autem
964 1259 1222 1314 vicissim
1304 1258 1682 1329 dignoscendi
1734 1262 1836 1314 aut
1894 1258 2108 1328 dijudi-

396 1350 591 1415 candi,
627 1349 847 1405 nemini
898 1347 1170 1418 spiritum
1218 1348 1421 1401 mundi
1489 1347 1823 1403 habentium
1862 1347 2107 1402 facultas

396 1445 524 1500 est;
564 1438 673 1493 nisi
708 1438 807 1509 qui
860 1438 1073 1509 pariter
1121 1452 1249 1492 cum
1309 1453 1373 1491 eo
1426 1436 1741 1492 divinitatis
1782 1437 2110 1506 impertitus

397 1530 613 1599 Spiritu
683 1528 849 1582 fuerit
887 1536 987 1581 :ut
1055 1528 1135 1581 ait
1184 1527 1254 1581 de
1311 1525 1529 1581 talibus
1587 1526 1832 1597 loquens
1874 1525 2108 1580 divinus

395 1618 763 1689 Apostolus:
826 1616 1219 1687 Spirilualibus
1294 1617 1613 1683 spiritualia
1679 1622 2104 1684 comparantes;

394 1706 673 1762 animalis
704 1710 887 1760 autem
937 1705 1091 1760 homo
1151 1722 1256 1759 non
1288 1708 1519 1776 percipit
1568 1720 1691 1775 quae
1718 1708 1843 1759 sunt
1874 1706 2108 1775 Spiritus

394 1800 513 1853 Dei.
548 1796 807 1851 Stultitia
838 1797 989 1852 enim
1037 1806 1114 1851 est
1173 1796 1303 1857 illi;
1332 1797 1639 1865 spiritualis
1680 1802 1870 1851 autem
1891 1796 2109 1867 judicat
2138 1825 2184 1891 Β

394 1889 597 1955 omnia,
640 1892 691 1942 et
723 1892 833 1955 ipse
864 1903 893 1940 α
917 1890 1137 1941 nemine
1158 1886 1448 1955 judicatur
1477 1885 1542 1943 υ.

466 1975 814 2031 XXIV.Non
874 1976 1044 2030 aliter
1101 1976 1373 2043 cuiquam
1442 1974 1776 2047 contingere
1849 1975 2107 2031 sanctis—

393 2066 527 2120 simi
588 2065 767 2133 hujus
816 2063 1065 2133 Spiritus
1114 2064 1480 2134 participatio
1539 2070 1746 2134 potest,
1816 2080 1987 2134 quam
2056 2064 2105 2118 si

395 2154 564 2225 plane
622 2153 963 2223 peregrinus
1017 2152 1204 2207 factus
1266 2150 1401 2206 huic
1426 2152 1659 2221 sreculo,
1690 2158 1873 2206 totum
1908 2168 1969 2207 se
2001 2152 2107 2207 ad-

393 2243 545 2298 dicat
604 2240 969 2312 inquisitioni
1023 2240 1323 2296 cbaritatis
1381 2241 1631 2307 Christi;
1674 2242 1754 2296 ita
1805 2246 1868 2295 ut
1915 2242 2105 2297 omni-

393 2333 505 2387 bus
529 2348 655 2402 quae
706 2332 863 2386 circa
922 2330 1225 2385 materiam
1286 2336 1613 2397 versantur,
1666 2332 1822 2386 curis
1878 2332 2104 2386 solutus

394 2421 646 2489 animas,
680 2422 779 2475 uni
830 2421 966 2475 huic
1036 2420 1401 2490 assequendo
1457 2438 1630 2490 scopo
1661 2430 1839 2489 vacet,
1874 2438 1987 2491 quo
2020 2420 2105 2476 sic

392 2510 603 2579 dignus
637 2510 737 2561 fiat
770 2510 825 2562 in
890 2524 1071 2562 unum
1132 2524 1262 2561 cum
1319 2508 1549 2563 Christo
1588 2509 1910 2563 coalescere
1942 2508 2109 2578 spiri-

393 2602 540 2659 tum,
575 2606 634 2651 ut
691 2598 771 2651 ait
821 2597 1134 2665 Apostolus
1169 2612 1181 2651 :
1218 2597 1327 2663 Qui
1381 2598 1631 2651 adhazret
1681 2598 1929 2662 Domino,
1961 2613 2105 2651 unus

390 2688 622 2756 spiritus
679 2684 854 2739 est".
890 2686 1110 2738 Animas
1168 2702 1301 2740 vero
1355 2702 1481 2755 quae
1540 2687 1779 2741 omnino
1853 2686 2101 2753 cuipiam

395 2791 589 2830 rerum
656 2774 836 2843 hujus
904 2774 1102 2828 szeculi
1144 2774 1333 2828 deﬁxa
1371 2781 1479 2841 est,
1514 2781 1611 2829 aut
1643 2775 1700 2828 in
1735 2791 1861 2829 eam
1894 2775 2102 2830 atl'ectu

394 2864 588 2935 aliquo
647 2864 1003 2934 propendet;
1041 2868 1182 2933 puta
1238 2864 1475 2930 divitiis,
1522 2864 1738 2935 glorias,
1801 2870 1902 2919 aut
1956 2864 2105 2919 ami-

396 2955 548 3009 cities
610 2953 1085 3021 mundanae,non
1133 2953 1237 3008 erit
1298 2953 1570 3025 possibile
1636 2955 1834 3025 fugere
1892 2960 1948 3009 et
1986 2960 2101 3009 tra-

389 3043 644 3113 jiciendo
677 3058 1050 3115 perrumpere
1082 3044 1344 3099 tenebras
1403 3043 1819 3099 diabolicarum
1853 3048 2105 3114 potesta-

394 3136 543 3188 tum.

467 3222 630 3278 XXV.
666 3221 941 3278 Veritatis
988 3228 1044 3277 et
1087 3222 1185 3277 Dei
1237 3227 1499 3277 amantes
1559 3224 1782 3291 animas,
1844 3239 1914 3277 ne
1974 3223 2101 3278 bre-
2133 3189 2182 3254 ϐ

392 3330 525 3368 vem
583 3312 823 3384 quidem
883 3312 1375 3366 intermissionem
1454 3313 1754 3366 admittere
1812 3313 2107 3369 sustinent

395 3404 611 3457 amoris
644 3419 761 3473 quo
793 3418 931 3473 erga
979 3400 1291 3455 Dominum
1353 3400 1638 3471 ﬂagrant;
1700 3401 1798 3455 sed
1860 3406 1990 3455 totis
2035 3419 2103 3457 ex

394 3496 515 3545 toto
577 3493 734 3545 cruci
793 3490 975 3558 hujus
1052 3489 1310 3556 conﬁxae,
1358 3488 1712 3557 spiritualem
1782 3490 2100 3560 profectum

395 3595 567 3633 sensu
603 3581 858 3648 quodam
919 3578 1124 3633 intimo
1185 3584 1239 3632 et
1279 3594 1491 3633 arcana
1540 3579 1869 3647 intelligunt
1924 3597 2103 3651 expe-

395 3666 623 3722 rientia.
678 3666 1005 3722 Vulnerata:
1064 3667 1241 3737 igitur
1296 3667 1410 3723 isto
1470 3668 1776 3733 desiderio,
1818 3677 1891 3738 et,
1925 3677 1990 3723 ut
2021 3671 2102 3725 sic

395 3756 605 3824 dicam,
669 3755 947 3811 famelicus
1000 3756 1244 3825 justitite
1326 3757 1710 3828 omniumque
1795 3757 2098 3826 virtutum,

394 3849 565 3915 atque
625 3845 1041 3901 illustrationis
1118 3845 1252 3901 boni
1332 3845 1601 3917 Spiritus,
1652 3845 1755 3901 etsi
1808 3847 2100 3918 mysteriis

393 3936 577 4007 dignae
638 3936 876 4002 divinis,
936 3936 1046 3991 etsi
1079 3936 1285 3991 laetitiis
1319 3937 1571 3991 caelestis
1603 3942 1658 3989 et
1688 3942 1882 4007 gratias
1918 3936 2100 4008 parti-

391 4027 549 4097 cipes
582 4027 743 4081 facta:
776 4028 912 4093 sint,
946 4045 1058 4081 non
1108 4033 1302 4083 tamen
1355 4028 1412 4081 in
1463 4044 1522 4082 se
1561 4028 1880 4092 conﬁdunt,
1913 4044 2100 4099 neque

390 4134 517 4174 esse
574 4134 635 4172 se
702 4119 916 4188 aliquid
972 4120 1345 4188 putant;sed
1409 4120 1641 4189 quando
1702 4120 2100 4175 abundantius

392 4213 836 4275 consequuntur
893 4205 1223 4276 spiritualia
1281 4207 1452 4273 dona,
1491 4213 1649 4261 tanto
1682 4208 1904 4262 avidius
1936 4208 2097 4262 inex-

392 4294 678 4363 plebiliter
722 4296 953 4348 inhiant
1004 4295 1260 4349 ulteriori
1320 4296 1749 4366 participationi
1778 4297 2097 4354 omlestium

390 4385 752 4454 gratiarum;
786 4388 1068 4454 tantoque
1108 4385 1176 4439 ad
1240 4385 1390 4439 hanc
1452 4402 1513 4440 se
1566 4386 1912 4441 laboriosius
1969 4389 2096 4442 eni-

386 4473 561 4527 tendo
616 4472 958 4543 disponunt.
1018 4475 1243 4529 Rursus
1297 4480 1509 4543 quanto
1558 4476 1789 4531 dulcius
1842 4477 2100 4533 sentiunt

2224 540 2323 595 Διά
2350 545 2515 596 ταῦτα
2545 539 2633 595 καὶ
2679 540 2891 595 πάντων
2922 543 3030 595 τῶν
3078 537 3377 612 ἀνθρώπων
3420 538 3480 594 τὸ
3531 542 3629 593 τοῦ
3658 540 3867 613 κόσμου

2222 635 2432 702 πνεῦμα
2486 630 2744 705 ἐχόντων,
2803 630 3043 703 καθάπερ
3116 626 3347 702 εἷ’ρηται,
3405 626 3514 683 εἷ’τε
3588 631 3870 704 φρονίμων

2225 717 2329 773 ε’ίτε
2387 726 2590 795 σοφῶν,
2651 721 2678 773 ὁ
2741 715 2957 773 τοιόσδε
3010 722 3125 779 τοῖς
3182 718 3336 779 ὅλοις
3367 716 3699 793 διενήνοχε·
3776 721 3869 773 καὶ

2225 809 2427 870 πάντας
2518 810 2612 880 μὲν
2689 806 3007 881 ἀνθρώπους
3079 808 3372 880 ἀνακρίνει,
3432 807 3565 861 κατὰ
3640 809 3702 861 τὸ
3774 828 3870 882 γε·

2218 897 2552 972 γραμμένον.
2595 898 2651 950 'O
2694 900 2942 959 τοιοῦτος
3003 898 3258 972 γινώσκει
3314 916 3372 951 τε
3423 892 3646 951 ἕκαστον
3706 897 3871 951 πόθεν

2218 1008 2276 1041 τε
2307 986 2481 1061 λέγει,
2529 988 2619 1041 καὶ
2660 990 2755 1041 τοῦ
2803 983 3019 1055 ἕστηκε,
3052 985 3103 1039 ἐν
3154 986 3335 1046 ποίοις
3377 983 3517 1039 ἐστίν
3555 1006 3569 1020 ο
3621 985 3783 1041 αὐτὸν
3816 983 3876 1041 δὲ

2219 1074 2401 1131 οὐδενὶ
2430 1081 2537 1131 τῶν
2587 1076 2828 1154 ἐχόντων
2860 1077 2921 1131 τὸ
2961 1078 3057 1130 τοῦ
3106 1075 3316 1147 κόσμου
3348 1073 3553 1129 πνεῦλα
3604 1072 3874 1150 διαγινώ-

2220 1188 2361 1221 σκειν
2392 1189 2449 1221 τε
2478 1166 2565 1220 καὶ
2598 1165 2898 1239 ἀνακρίνειν
2949 1164 3172 1237 δύναμις
3207 1182 3220 1195 ⁸
3270 1165 3351 1218 ὁτι
3388 1165 3464 1237 μὴ
3507 1162 3693 1238 ἐκείνῳ
3729 1166 3775 1237 ᾧ
3809 1166 3875 1218 τὸ

2218 1256 2406 1328 ὅμοιόν
2466 1255 2576 1310 ἐστι
2634 1262 2734 1325 τῆς
2790 1250 3044 1325 θεότητος
3102 1258 3339 1325 πνεῦμα,
3386 1255 3520 1308 κατὰ
3573 1255 3663 1309 τὸν
3724 1257 3873 1309 θεῖον

2218 1345 2551 1400 Ἀπόστολον
2619 1362 2632 1377 ·
2712 1348 3104 1416 Πνευματικοῖς
3204 1344 3541 1415 πνευματικά
3643 1343 3875 1417 συγκρί-

2216 1456 2391 1499 νοντες
2424 1453 2436 1466 ⁸
2498 1434 2734 1510 ψυχικὸς
2792 1432 2849 1488 δὲ
2906 1431 3193 1509 ἅνθρωπος
3254 1430 3315 1487 oi)
3371 1430 3587 1508 δέχεται
3646 1432 3714 1487 τά
3769 1438 3874 1488 τοῦ

2220 1524 2529 1599 Πνεῦματος
2572 1528 2668 1579 τοῦ
2717 1528 2850 1578 Θεοῦ
2886 1545 2897 1557 ·
2953 1524 3133 1598 μωρία
3160 1522 3261 1597 γάρ
3312 1522 3421 1577 ἐστι
3470 1522 3647 1595 τούτῳ
3682 1539 3696 1553 ⁸
3750 1524 3779 1577 ὁ
3817 1520 3876 1578 δὲ

2216 1614 2579 1687 πνευματικὸς
2628 1612 2898 1687 ἀνακρίνει
2934 1614 3028 1686 μὲν
3071 1613 3263 1685 πάντα,
3315 1612 3473 1673 αὐτὸς
3508 1611 3598 1666 ὑπ’
3647 1609 3874 1675 οὐδενὸς

2216 1704 2579 1778 ἀνακρίνεται.

2288 1973 2408 2027 ΚΔ’.
2467 1975 2570 2026 Τοῦ
2626 1971 2887 2048 παναγίου
2962 1967 3017 2024 δέ
3078 1990 3211 2046 φησι
3285 1968 3479 2024 τοῦτον
3549 1969 3872 2043 Πνεῦματος

2217 2061 2501 2139 ἀμήχανον
2555 2055 2739 2121 ἅλϐως
2771 2064 2983 2137 τυχεῖν,
3020 2059 3063 2113 εἷ
3118 2059 3193 2131 μὴ
3226 2060 3441 2114 πάντων
3490 2080 3574 2120 τις
3617 2063 3725 2113 τῶν
3765 2063 3870 2113 τοῦ

2216 2150 2410 2211 αῗῶνος
2464 2151 2659 2204 τούτου
2714 2150 2859 2218 ξὲνος
2911 2150 3228 2222 γενὸμὸνος,
3284 2150 3419 2223 πρὸς
3476 2150 3573 2217 τὴν
3636 2151 3868 2218 ζήτησιν

2214 2247 2313 2308 τῆς
2362 2245 2456 2293 τοῦ
2523 2243 2752 2313 Χριστοῦ
2828 2237 3043 2312 ἀγάπης
3122 2239 3305 2293 ἑαυτὸν
3381 2240 3712 2308 ἂποτάξειεν,
3772 2237 3872 2292 ’ἕνα

2216 2333 2400 2383 πασῶν
2437 2333 2543 2383 τῶν
2588 2328 2723 2382 κατά
2750 2330 2848 2396 τὴν
2902 2328 3040 2397 ὅλην
3092 2332 3367 2402 μεριμνῶν
3400 2327 3599 2387 ἀνεθεῖς
3649 2327 3676 2380 ὁ
3714 2330 3868 2395 νοῦς,

2215 2420 2337 2491 περῖ
2370 2418 2460 2471 τὸν
2492 2414 2585 2471 ἕνα
2614 2421 2804 2471 τοῦτον
2854 2438 3051 2471 σκνπον
3085 2417 3473 2491 ἀπασχολῆται
3526 2416 3686 2488 μόνον
3720 2436 3732 2446 '
3766 2417 3868 2470 καί

2216 2508 2359 2561 οὕτω
2419 2509 2776 2577 καταξιωθείη
2816 2512 2947 2580 μετά
3003 2510 3237 2579 Χριστοῦ
3282 2507 3359 2569 εἷς
3408 2506 3461 2561 ἓν
3508 2510 3722 2578 πνεῦμα
3778 2528 3872 2583 γε-

2213 2598 2416 2664 νέσθαι,
2451 2596 2523 2658 ὥς
2576 2618 2736 2672 φησιν
2770 2598 2797 2650 ὁ
2849 2595 3180 2657 Ἀπόστολος
3213 2614 3226 2626 ⁸
3277 2597 3333 2651 Ὀ
3376 2593 3737 2667 κολλώμενος
3787 2596 3868 2665 τῷ

2217 2688 2425 2759 Κυρίῳ,
2459 2682 2605 2741 ἔσται
2650 2687 2725 2750 εἷς
2756 2685 2813 2741 ’ἐν
2860 2692 3093 2761 πνεῦμα,
3127 2692 3297 2762 Ψυχῇ
3341 2684 3397 2741 δὲ
3444 2691 3512 2761 τῇ
3563 2686 3714 2748 ὅλως
3760 2686 3868 2741 τινὶ

2213 2780 2319 2829 τῶν
2352 2780 2451 2829 τοῦ
2498 2776 2697 2838 αἰῶνος
2739 2776 2937 2831 τούτου
2988 2773 3337 2849 συνδεδίμένῃ
3388 2776 3475 2830 καὶ
3526 2776 3663 2848 πρὸς
3705 2774 3867 2831 αὐτὸν

2215 2864 2445 2938 ἐχούσῃ,
2473 2866 2591 2918 οἷον
2625 2864 2851 2937 πλούτῳ
2874 2865 2907 2933 ἢ
2942 2862 3095 2938 δόξῃ,
3123 2864 3157 2933 ἢ
3190 2864 3348 2937 φιλίᾳ
3375 2869 3442 2938 τῇ
3466 2866 3603 2918 κατά
3633 2865 3865 2937 κόσμον,

2214 2956 2317 3009 οὐκ
2365 2953 2511 3009 ἔσται
2562 2954 2778 3009 δυνατὸν
2823 2959 3004 3030 φυγεῖν
3057 2954 3146 3009 καὶ
3196 2952 3511 3028 διαπεράσαι
3560 2956 3622 3008 τὸ
3674 2954 3866 3014 σκότος

2210 3053 2321 3101 τῶν
2349 3052 2603 3124 πονηρῶν
2634 3045 2933 3120 δυνάμεων.

2286 3232 2402 3281 ΚΕ’.
2457 3228 2523 3281 Αἱ
2575 3224 2898 3303 φιλαλήθεις
2950 3225 3122 3301 ψυχαί
3166 3225 3256 3281 καὶ
3289 3225 3534 3304 φιλόθεοι
3582 3223 3707 3280 οὐδὲ
3764 3228 3865 3295 τήν

2221 3316 2483 3393 βραχεῖαν
2537 3315 2719 3391 ὕφεσιν
2760 3319 2856 3371 τοῦ
2904 3317 3040 3391 πρὸς
3088 3317 3178 3371 τὸν
3233 3317 3424 3390 Κύριον
3467 3312 3669 3390 ἔρωτος
3731 3316 3865 3371 ὑπο-

2216 3403 2486 3475 μένουσιν·
2520 3402 2646 3457 ἀλλ’
2679 3403 2803 3459 ὅλαι
2837 3401 2906 3458 δι’
2937 3401 3071 3457 ὅλου
3102 3408 3180 3476 τῷ
3214 3409 3427 3479 σταυρῷ
3464 3405 3659 3459 τούτου
3689 3424 3865 3471 προσ-

2213 3493 2521 3567 ηλωμέναι,
2552 3497 2653 3564 τήν
2705 3501 2804 3557 τῆς
2854 3498 3226 3568 πνευματικῆς
3277 3503 3564 3569 προκοπῆς
3607 3493 3862 3565 α’ίσθησιν

2213 3584 2265 3638 ὲν
2342 3586 2557 3647 ἑαυταῖς
2633 3585 2925 3661 γινομένην
3007 3587 3449 3663 ἐπιγινώσκουσι.
3518 3586 3862 3662 Τετρωμὲναι

2211 3677 2341 3747 γοῦν
2374 3673 2554 3745 τούτῳ
2582 3679 2661 3747 τῷ
2715 3675 2892 3747 πόθῳ,
2927 3675 3038 3742 καὶ,
3072 3677 3146 3737 ὡς
3198 3676 3388 3745 είπεῖν,
3422 3671 3660 3730 ἔκπεινοι
3710 3675 3863 3729 οὖσαι

2210 3763 2334 3835 περὶ
2366 3766 2465 3832 τὴν
2520 3762 2872 3835 δικαιοσύνην
2903 3770 3011 3820 τῶν
3056 3766 3282 3839 ἀρετῶν,
3314 3768 3399 3821 καί
3451 3768 3551 3835 τήν
3579 3770 3677 3820 τοῦ
3725 3766 3863 3840 ἀγα·

2212 3855 2307 3907 θοῦ
2382 3853 2695 3926 Πνεῦματος
2773 3850 3075 3930 ἔλλαμψιν,
3152 3856 3246 3910 κᾶν
3330 3856 3646 3928 μυστηρίων
3719 3855 3861 3924 ἄξιαι

2210 3942 2395 4011 θείων,
2445 3941 2543 3997 κᾶν
2596 3943 2932 4021 εὐφροσύνης
2981 3945 3307 4019 ἐπουρανίου
3350 3945 3437 3999 καὶ
3488 3947 3720 4020 χάριτος
3772 3949 3863 4017 μὲ-

2207 4052 2369 4105 τοχοι
2399 4032 2659 4107 γὲνονται,
2704 4032 2765 4087 οὐ
2807 4034 3091 4088 πεποίθασι
3136 4035 3258 4108 περί
3308 4034 3519 4103 αὐταῖς,
3553 4032 3681 4088 οὐδὲ
3732 4034 3860 4088 εἶναί

2208 4142 2258 4175 τι
2292 4120 2502 4176 οἴονται
2538 4139 2551 4151 ·
2586 4120 2713 4177 ἀλλ’
2747 4122 2858 4194 ὅσῳ
2908 4124 3267 4201 χαρισμάτων
3298 4124 3570 4194 ἀξιοῦνται
3619 4144 3863 4196 πνευμα-

2207 4215 2400 4279 τικῶν,
2433 4210 2679 4283 τοσοὺτῳ
2715 4210 2926 4283 μᾶλλον
2955 4212 3253 4283 ἀπλήστως
3286 4207 3510 4287 ἔχουσαι
3542 4218 3652 4267 τῶν
3704 4212 3859 4287 οὐρα-

2206 4302 2337 4354 νίων
2373 4298 2815 4377 φιλοπονώτερον
2849 4299 3131 4371 ἐκζητοῦσι
3168 4320 3182 4333 ’
3223 4302 3314 4357 καὶ
3346 4301 3457 4374 ὅσῳ
3488 4309 3857 4374 πνευματικῆς

2208 4389 2551 4444 αἰσθάνονται
2612 4397 2919 4463 προκοπῆς,
2978 4392 3222 4465 τοσούτῳ
3273 4389 3336 4461 δὴ
3394 4394 3483 4447 καί
3543 4391 3859 4465 λιχνότεραι

2206 4480 2341 4553 πρὸς
2372 4482 2468 4548 τήν
2528 4481 2833 4555 μετάληψιν
2882 4482 3088 4537 τούτων
3130 4483 3392 4559 γίνονται,
3424 4484 3513 4538 καὶ
3561 4503 3855 4557 πνευματι-

386 4577 447 4616 se
484 4562 761 4633 proficere
822 4564 880 4617 in
923 4564 1172 4634 sipiritu,
1207 4568 1365 4621 tanto
1416 4566 1584 4638 quasi
1618 4566 1885 4637 gulosius
1917 4584 2094 4640 appe-

2218 4574 2317 4629 ιῶς
2386 4567 2747 4639 πλουτοῦσαι,
2806 4571 2867 4625 τό
2924 4593 2983 4644 γε
3040 4574 3167 4647 παρ’
3233 4572 3467 4641 ἑαυταῖς,
3528 4573 3857 4647 πενομέναις

389 4653 518 4704 tunt
554 4651 987 4723 perceptionem
1061 4652 1400 4709 deliciarum
1434 4657 1810 4723 earumdem;
1860 4662 1915 4712 et
1972 4656 2090 4727 spi-

389 4740 672 4796 ritualiter
728 4741 1110 4813 locupletatis,
1146 4742 1277 4810 sibi,
1339 4751 1624 4817 quantum
1668 4745 1723 4798 in
1778 4745 1922 4815 ipsis
1980 4751 2089 4812 est,

388 4846 669 4901 pauperes
698 4831 988 4899 videntur,
1026 4833 1195 4902 juxta
1254 4833 1510 4889 divinam
1543 4835 1901 4903 Scripturam
1940 4850 1953 4887 :
1985 4836 2094 4902 Qui

387 4915 555 4971 edunt
586 4934 692 4983 me,
742 4920 921 4975 adhuc
968 4920 1250 4988 esuriant;
1296 4929 1344 4976 et
1390 4923 1483 4991 qui
1533 4920 1722 4974 bibunt
1765 4936 1870 4985 me,
1916 4921 2093 4976 adhuc

388 5004 575 5060 sitiant
606 5006 668 5060 ’9.

459 5097 668 5153 XXVI.
703 5097 867 5153 Tales
927 5100 1130 5153 animae
1190 5102 1247 5153 et
1295 5097 1537 5165 gratiam
1588 5098 1881 5171 accipiunt
1913 5099 2092 5171 plenae

386 5186 746 5243 liberationis
792 5203 826 5242 a
885 5187 1423 5259 perturbationibus
1484 5188 1837 5257 affectuum;
1885 5191 2093 5245 etillu-

390 5278 732 5333 strationem
766 5283 821 5332 et
853 5277 1323 5333 communionem
1356 5278 1805 5350 diviniSpiritus
1829 5281 1884 5333 in
1921 5279 2097 5351 pleni-

389 5366 588 5421 tudine
659 5366 852 5435 gratias
926 5368 1176 5437 perfecte
1234 5368 1917 5435 assequuntur.Diversss
1994 5386 2094 5425 au-

390 5452 512 5509 tem
543 5454 612 5510 ab
662 5454 756 5509 his
806 5456 1001 5527 pigrae,
1034 5455 1301 5512 laborum
1360 5455 1749 5527 impatientes,
1774 5475 1888 5515 non
1943 5477 2094 5532 quis-

460 5655 509 5694 ²⁶
548 5656 571 5711 Ι
614 5660 737 5711 Cor.
771 5673 831 5725 ιι,
870 5659 925 5714 6.
1004 5658 1049 5693 ²⁶
1087 5658 1231 5716 ibid.
1274 5662 1358 5716 15.
1437 5661 1483 5697 ²⁷
1524 5662 1665 5718 ibid.
1712 5663 1797 5719 13.

1876 5664 1923 5699 ³⁸
1962 5668 1982 5721 Ι
2025 5667 2152 5727 Cor:
2195 5685 2272 5738 v1,
2316 5668 2402 5726 17.

2204 4659 2430 4729 ἐοίκασι,
2490 4660 2624 4713 κατὰ
2688 4661 2788 4727 τήν
2849 4660 2989 4715 θείαν
3064 4664 3284 4736 Γραφήν
3322 4680 3335 4695 ’
3414 4663 3475 4717 Ol
3549 4663 3851 4737 τρώγοντες

2202 4747 2305 4823 γάρ
2366 4768 2455 4821 με,
2534 4748 2717 4821 φησὶν,
2789 4747 2867 4803 ἔτι
2924 4751 3257 4820 πεινάσουσι,
3315 4751 3404 4805 καὶ
3480 4752 3532 4805 οἱ
3608 4752 3849 4811 πίνοντές

2206 4856 2273 4909 με
2302 4830 2378 4891 ἔτι
2414 4834 2758 4910 διψήσουσιν.

2277 5106 2422 5179 κςη.
2459 5106 2523 5159 Αἱ
2562 5110 2810 5161 τοιαῦται
2855 5110 3025 5183 ψυχαὶ
3068 5109 3158 5162 καί
3204 5111 3305 5174 τῆς
3333 5114 3439 5163 τῶν
3468 5110 3658 5164 παθῶν
3707 5110 3853 5166 ἐλευ-

2205 5194 2382 5268 θερίας
2452 5196 2789 5251 παντάπασιν
2860 5198 3150 5268 ἀξιοῦνται,
3208 5198 3297 5253 καὶ
3378 5200 3479 5267 τήν
3542 5204 3641 5253 τοῦ
3712 5201 3855 5255 θείου

2206 5286 2519 5357 Πνεοόματος
2552 5278 2829 5361 ἔλλαμψίν
2878 5308 2936 5342 τε
2964 5289 3052 5343 καί
3104 5288 3385 5343 κοινωνίαν
3416 5287 3468 5344 ἐν
3512 5288 3857 5363 πληρώματι

2202 5380 2304 5442 τῆς
2356 5375 2583 5449 χάριτος
2629 5374 2854 5439 τελείως
2898 5380 3245 5451 κομίζονται.
3297 5380 3448 5433 Ὅσαι
3507 5376 3567 5433 δὲ
3624 5378 3858 5456 ὀκνηραί

2203 5481 2261 5516 τε
2290 5462 2378 5516 καὶ
2426 5461 2776 5538 ἀφερέπονοι,
2808 5463 2898 5520 καὶ
2934 5467 3010 5540 μή
3066 5470 3321 5538 ζητοῦσαι
3351 5466 3443 5522 τὸν
3483 5472 3588 5538 τῆς
3625 5466 3852 5543 καρδίας

2482 5669 2526 5707 ²⁶
2563 5670 2737 5729 Eocli.
2780 5689 2935 5745 xxxv,
2972 5673 3062 5731 29.
