4100 6204
316 345 432 406 929

1581 351 1817 412 LIBER
1861 350 1960 410 DE
2003 349 2466 412 CHARI'I‘ATE.

3656 363 3774 422 930

313 479 606 552 ἀγιασμρν,
633 473 868 532 ἐντεῦθεν
894 477 966 538 ὡς
999 475 1051 532 ἐν
1102 479 1258 552 σαρκί
1307 475 1408 533 ἔτι
1433 482 1814 554 τυγχάνουσιν,
1860 482 1947 536 οὐδ1

2129 488 2214 539 Int
2245 485 2770 542 sanctificationem
2803 489 2990 544 cordis
3022 491 3200 560 (unde
3233 500 3284 546 et
3310 494 3476 564 quasi
3511 493 3572 550 in
3601 509 3774 552 carne

311 565 371 622 ἐκ
435 565 631 640 μέρους
687 563 814 622 ἀλλ’
871 563 1200 634 ὁλοκλήρως
1255 564 1326 620 δι’
1376 567 1659 640 ὑπομονῆς
1719 566 1961 638 δέξασθαι

309 655 404 708 καὶ
465 655 843 729 μακροθυμίας
893 673 907 686 ·
963 652 1102 727 μηδὲ
1157 658 1487 726 κοινωνῆσαι
1549 657 1627 728 τῷ
1687 657 1960 730 Πνεόματι

308 749 390 815 τῷ
441 743 782 819 παρακλῆτῳ
836 745 974 799 κατά
1026 749 1198 799 πᾶσαν
1248 744 1495 816 αἴσθησιν
1545 746 1632 800 καὶ
1682 745 1960 824 πληροφοο

311 834 432 908 ρίαν
464 832 755 904 ἠλπίκασι,
789 835 876 888 καὶ
909 831 978 888 δι’
1024 834 1232 890 ἑκείνου
1260 840 1366 889 τῶν
1398 839 1579 891 παθῶν
1622 843 1721 904 τῆς
1769 837 1960 897 κακίας

311 921 702 996 ἀπαλλαγῆναι
762 924 946 996 αὗται,
1013 923 1107 980 κᾶν
1149 926 1380 1000 χάριτος
1440 925 1584 986 θείας
1633 925 1906 994 ἀξιωθεῖεν
1942 945 1954 958 ·

309 1014 436 1072 ἀλλ’
479 1015 582 1072 ὑπὸ
629 1024 728 1086 τῆς
775 1017 964 1079 κακίας
1015 1017 1380 1092 κλεπτόμεναι
1437 1020 1614 1090 πάσης
1673 1015 1958 1095 φροντίδος

313 1106 507 1168 ἑαυτὰς
555 1106 761 1176 ἀνῆκαν
803 1124 818 1141 ·
867 1109 960 1163 ἅτε
989 1102 1255 1162 λαϐοῦσαι
1285 1110 1385 1178 τὴν
1421 1107 1602 1183 χάριν,
1635 1109 1721 1163 καὶ
1754 1115 1856 1177 τῆς
1904 1107 1955 1178 ἐξ

309 1193 480 1264 αὐτῆς
525 1197 894 1272 τυγχάνουσαι
958 1195 1379 1272 παρακλήσεως,
1443 1199 1532 1252 καὶ
1587 1203 1955 1276 πνευματικῆς

307 1281 652 1357 γλυκύτητος
709 1285 1102 1342 ἀπολαύουσαι.
1161 1285 1336 1360 Ταύτῃ
1409 1287 1496 1340 καὶ
1565 1283 1742 1360 ῥᾴδιαί
1821 1285 1950 1342 εἶσιν

310 1371 593 1444 οἰηθῆναι,
640 1376 716 1448 μή
765 1369 1178 1449 συντριϐόμεναι
1233 1377 1332 1443 τῆν
1382 1372 1628 1450 καρδίαν,
1683 1374 1824 1448 μηδὲ
1875 1381 1953 1448 τῷ

309 1465 624 1540 φρονήματι
679 1466 1122 1536 ταπεινούμεναι,
1175 1462 1316 1536 μηδὲ
1373 1461 1586 1538 ἔκδιψοι
1634 1463 1812 1528 οὖσαι,
1863 1467 1950 1520 καὶ

303 1553 444 1626 πρὸς
473 1553 534 1607 τὸ
564 1551 773 1608 τέλειον
807 1554 1001 1627 μέτρον
1037 1561 1136 1622 τῆς
1171 1554 1426 1617 ἀπαθείας
1471 1556 1952 1627 κατατεινόμεναι.

305 1640 729 1715 ἐναπομείνασαι
760 1639 818 1696 δὲ
853 1646 922 1717 τῇ
955 1642 1119 1717 ὀλίγῃ
1149 1664 1320 1717 ταυτῃ
1350 1650 1450 1712 τῆς
1502 1645 1730 1719 χάριτος
1775 1665 1958 1718 παρα-

303 1730 524 1802 κλήσει,
557 1731 647 1786 καὶ
697 1732 773 1792 εἰς
822 1725 1064 1805 ἔπαρσιν,
1117 1732 1216 1787 οὐκ
1258 1731 1334 1794 εἷς
1385 1732 1706 1788 ταπείνωσιν
1749 1733 1956 1808 προκό-

2069 575 2262 628 adhuc
2292 575 2604 646 exsistunt)
2645 593 2760 633 non
2818 594 2886 634 ex
2927 589 3083 650 parte
3141 581 3242 636 sed
3329 583 3612 654 integram
3673 601 3774 656 per

2069 668 2558 736 perseverantiam
2609 673 2666 724 et
2725 671 3056 740 patientiam
3117 673 3408 745 recipere;
3469 692 3595 747 quis
3674 692 3775 732 ne-

2068 770 2181 824 que
2248 765 2480 824 sperant
2547 759 2821 814 omnibus
2880 760 3145 816 sensibus
3220 771 3274 818 et
3328 763 3497 834 plena
3563 763 3776 820 fiducia

2067 843 2255 898 cordis
2312 845 2617 916 participes
2675 847 2919 916 Spiritus
2984 851 3252 920 paracleti
3333 853 3477 918 fieri,
3561 869 3774 925 perque

2065 931 2260 1002 ipsum
2321 951 2353 989 a
2403 936 2931 998 perturbationibus
3001 941 3237 994 malitiae
3315 941 3570 1010 liberari,
3639 941 3775 998 licet

2065 1021 2302 1092 gratiam
2353 1022 2610 1078 divinam
2661 1024 2888 1094 adeptae
2929 1025 3066 1082 sint.
3109 1028 3218 1082 Sed
3253 1045 3286 1082 a
3317 1029 3532 1086 malitia
3585 1029 3774 1086 illusae

2063 1126 2292 1166 omnem
2353 1111 2810 1168 sollicitudinem
2851 1115 3178 1184 remittunt,
3218 1117 3394 1172 veluti
3451 1121 3775 1190 receperint

2054 1199 2176 1269 jam
2219 1201 2488 1272 gratiam,
2529 1207 2585 1258 et
2623 1219 2749 1274 quas
2790 1219 2860 1258 ex
2915 1204 3042 1274 ipsa
3099 1204 3248 1272 ﬂuit,
3291 1207 3772 1265 consolationem.

2063 1294 2119 1345 et
2157 1290 2451 1360 spirituali
2492 1289 2798 1347 dulcedine
2837 1294 3232 1362 perfruantur.
3275 1293 3438 1350 Unde
3472 1300 3530 1351 et
3575 1297 3773 1354 faciles

2063 1378 2120 1434 in
2162 1384 2448 1436 tumorem
2491 1382 2703 1438 mentis
2760 1383 3030 1439 incidunt
3077 1401 3196 1450 non
3265 1385 3524 1442 contrita
3576 1388 3774 1455 corde,

2063 1485 2166 1524 nec
2195 1470 2482 1530 sitientes,
2507 1487 2611 1526 nec
2634 1470 2972 1527 anhelantes
3002 1473 3072 1526 ad
3107 1473 3424 1544 perfectam
3446 1475 3780 1545 exstinctioe

2063 1558 2154 1612 nis
2177 1557 2487 1613 affectuum
2513 1576 2881 1628 mensuram;
2912 1560 3066 1616 206
3097 1562 3534 1632 acquiescentes
3571 1547 3777 1634 exigua

2061 1646 2169 1702 hac
2227 1647 2422 1719 gratia;
2488 1649 2925 1717 consolatione;
2961 1658 3014 1706 et
3074 1650 3262 1722 magis
3317 1651 3374 1705 in
3437 1651 3768 1720 elationem,

2062 1749 2239 1804 quam
2303 1735 2362 1789 in
2434 1734 2817 1790 humilitatem
2879 1736 3532 1807 proﬁcientes,undeet
3580 1741 3768 1810 gratia

303 1825 495 1894 ψασαι,
557 1819 768 1894 μᾶλλον
833 1821 922 1876 καὶ
990 1821 1154 1892 οὗπερ
1212 1821 1523 1892 ἠξιώθησαν
1585 1822 1947 1896 χαρίσματος,

2129 1822 2268 1887 ιιὶυε,
2311 1840 2488 1894 quam
2546 1825 2844 1878 consecuti
2901 1829 3086 1893 erant,
3135 1825 3479 1894 spoliantur.
3521 1825 3647 1882 Non
3688 1827 3769 1884 sic

305 1908 452 1964 ἔστιν
485 1909 574 1964 ὅτε
599 1909 1064 1984 ἀπογυμνοῦνται.
1107 1911 1276 1986 Ψυχή
1326 1911 1428 1984 γὰρ
1469 1910 1542 1972 ὡς
1593 1911 1812 1980 ἀληθῶς
1861 1934 1950 1986 φι-

309 1999 525 2068 λόθεος,
557 1999 630 2061 ὡς
663 2001 692 2055 ὁ
725 1997 896 2074 λόγος
945 1993 1078 2076 ἔφθη
1113 1997 1392 2068 δηλώσας,
1421 1999 1517 2053 κᾶν
1565 2000 1760 2074 μυρίας
1824 2023 1954 2074 μετ-

309 2089 444 2164 έλθῃ
517 2087 874 2158 δικαιοσύνας,
940 2087 1038 2144 κᾶν
1112 2087 1300 2164 ἄκραις
1353 2088 1672 2162 ἀγρυπνίαις
1728 2088 1953 2165 ἐπιτρίψῃ

307 2181 372 2234 τὸ
405 2184 586 2252 σῶμα,
615 2178 711 2234 κᾶν
742 2179 1104 2256 χαρισμάτων
1131 2182 1228 2233 τοῦ
1281 2177 1594 2250 Πνεόματος
1653 2176 1948 2256 διαφόρων,

311 2269 708 2344 ἀποκαλύψεών
781 2287 840 2323 τε
903 2267 990 2322 καὶ
1055 2267 1366 2341 μυστηρίων
1441 2267 1721 2338 ἀξιωθείη,
1780 2269 1954 2334 οὕτως

307 2357 428 2434 ἔχει
489 2357 724 2434 μετρίως
784 2358 860 2422 ὡς
918 2359 1088 2428 μήπω
1141 2363 1242 2426 τῆς
1307 2357 1442 2412 κατὰ
1516 2359 1642 2412 Θεὸν
1729 2359 1949 2432 ἀγωγῆς

305 2451 578 2525 ἡργμὲνη,
625 2445 764 2522 μηδὲ
809 2446 1124 2520 κτησαμένη
1173 2467 1225 2500 τι
1273 2450 1380 2501 τῶν
1431 2443 1782 2521 δεξιωτέρων,
1816 2447 1951 2522 ἐρω.

299 2544 468 2602 τικῶς
507 2537 595 2593 καὶ
629 2536 924 2608 ἀπλήστως
965 2537 1098 2612 πρὸς
1129 2537 1229 2606 τήν
1279 2537 1414 2591 κατὰ
1459 2537 1694 2610 Χριστὸν
1735 2537 1952 2612 ἀγάπην

299 2625 330 2683 δ
342 2649 452 2684 ιακε
460 2649 474 2682 ι
483 2626 613 2702 μένη
623 2671 636 2684 .

2061 1928 2191 1966 vere
2229 1913 2328 1967 Dei
2381 1929 2587 1967 amans
2653 1913 2863 1980 anima,
2907 1919 2973 1968 ut
3039 1914 3391 1984 preciedens
3457 1915 3774 1974 declaravit

2061 2001 2747 2073 sermo;quantumlibet
2783 2004 2940 2058 enim
2998 2003 3322 2059 innumeris
3362 2020 3423 2060 se
3463 2022 3774 2064 commen-

2062 2091 2312 2146 dabilem
2355 2093 2551 2146 fecerit
2580 2091 2792 2147 ofﬁciis
2831 2094 3149 2162 virtutum;
3184 2094 3412 2149 etiamsi
3469 2097 3771 2153 acerrimis

2060 2179 2276 2252 vigiliis
2315 2195 2528 2252 corpus
2566 2181 2899 2252 extriverit;
2945 2188 3242 2254 utcunque
3300 2183 3469 2240 donis
3517 2185 3769 2257 Spiritus

2063 2270 2292 2340 magnis
2330 2277 2385 2325 et
2443 2270 2642 2336 variis,
2693 2272 2870 2326 etiam
2937 2271 3358 2328 revelationum
3402 2277 3458 2329 et
3513 2291 3770 2334 commu-

2061 2359 2368 2414 nicationis
2425 2359 2826 2431 mysteriorum
2905 2361 3079 2417 fuerit
3117 2361 3295 2433 digna
3333 2362 3553 2432 habita,
3595 2365 3667 2421 de
3705 2383 3768 2422 se

2064 2455 2250 2504 tamen
2291 2450 2432 2505 adeo
2472 2450 2651 2504 sentit
2689 2450 2938 2516 modice,
2981 2455 3044 2506 ut
3081 2451 3196 2507 sibi
3238 2453 3518 2522 videatur,
3561 2470 3634 2509 ne
3673 2471 3768 2509 ru-

2061 2539 2390 2594 dimentum
2449 2540 2688 2611 quidem
2749 2540 2938 2596 adhuc
2990 2557 3201 2611 ponere
3245 2544 3470 2614 cepisse
3507 2544 3633 2599 vitas
3675 2561 3770 2600 se-

2061 2631 2315 2685 cundum
2361 2633 2562 2688 .Deum
2613 2635 2819 2698 recte;
2863 2631 3078 2686 nedum
3129 2648 3192 2687 se
3243 2633 3541 2703 possidere
3591 2633 3768 2688 ullam

299 2721 770 2793 praestantiorum
811 2719 868 2773 in
907 2719 1000 2774 via
1037 2718 1292 2789 Spiritus
1330 2718 1580 2774 restituet
1632 2719 1896 2788 dotium;
1939 2721 2062 2775 tota
2101 2717 2362 2788 interim,
2399 2719 2728 2777 vehementi
2784 2719 3088 2776 charitatis
3146 2719 3282 2778 nisu
3322 2722 3394 2778 ad
3475 2721 3766 2780 Christum

303 2808 715 2866 insatiabiliter
753 2807 1068 2864 amandum
1102 2809 1470 2865 incumbens.

372 2899 488 2956 ΚΖ.
547 2895 642 2960 Εἲς
698 2895 764 2952 τὰ
825 2894 990 2971 μέτρα
1068 2893 1126 2950 δὲ
1201 2895 1470 2974 ἐφικέσθαι
1547 2901 1735 2968 ταῦτα,
1822 2894 1945 2952 οὔτε

295 2989 538 3060 ἀθρόως,
583 2982 708 3042 οὔτε
756 2983 960 3059 ῥᾳδίως
1007 2985 1224 3062 ἐφικτὸν
1278 2985 1451 3040 οὐδενὶ
1493 3005 1506 3017 ·
1541 2983 1686 3040 ἀλλὰ
1717 2983 1942 3040 πολλῶν

297 3078 482 3132 πόνων
541 3074 632 3130 καί
716 3075 940 3149 ἀγώνων
1002 3073 1387 3149 ἡγησαμένων,
1447 3075 1661 3152 χρόνων
1737 3097 1796 3130 τε
1851 3073 1942 3128 καὶ

2125 2898 2344 2956 XXVII.
2383 2899 2469 2953 Ad
2510 2898 2668 2954 hunc
2708 2900 2956 2970 gradum
3015 2899 3368 2972 pertingere,
3411 2918 3595 2974 neque
3633 2903 3767 2970 cito,

2055 3001 2245 3056 neque
2287 2985 2452 3040 facile
2491 2987 2779 3055 contingit
2819 2987 2942 3044 ulli.
2988 2988 3098 3043 Sed
3157 2991 3489 3058 praecedant
3543 3008 3768 3048 necesse

2053 3079 2143 3130 est
2197 3074 2363 3130 multi
2421 3073 2651 3131 labores
2719 3079 2777 3131 et
2832 3075 3174 3146 certamina,
3215 3094 3388 3132 morte
3465 3077 3651 3150 longe
3711 3085 3769 3134 et

299 3164 566 3235 σπουδῆς,
597 3166 732 3220 κατά
773 3161 1096 3238 δοκιμασίας
1127 3164 1216 3219 καὶ
1275 3168 1590 3240 πειρασμῶν
1648 3163 1941 3235 ποικίλων,

2129 3163 2317 3219 1dium
2385 3180 2518 3219 cum
2586 3163 2924 3235 probatione
2979 3169 3036 3220 et
3103 3165 3526 3223 tentationibus
3573 3169 3765 3235 variis,

295 3255 430 3330 ἄχρι
463 3254 688 3309 καὶτοῦ
733 3251 969 3323 τελείου,
1028 3254 1194 3331 φημὶ,
1252 3257 1350 3320 τῆς
1410 3251 1667 3313 ἀπαθείας
1723 3252 1943 3326 μέτρου.

295 3345 458 3402 Οὕτω
487 3345 594 3419 γὰρ
632 3345 770 3418 πρὸς
825 3344 995 3398 πάντα
1051 3344 1212 3398 πόνον
1275 3343 1364 3396 καὶ
1405 3341 1574 3398 κόπον
1629 3341 1942 3416 ἐξετασθεές,

295 3435 390 3489 καὶ
413 3433 578 3496 ὅλους
610 3433 946 3505 πειρασμοὺς
980 3433 1109 3495 τοὺς
1159 3431 1261 3486 ὑπὸ
1291 3439 1391 3501 τῆς
1439 3431 1626 3492 κακίας
1677 3431 1948 3506 ἐπαγομέ-

295 3531 422 3584 νοὺς
478 3521 734 3596 εὐψύχως
804 3521 1128 3596 ὖπενεγκὼν,
1188 3521 1308 3576 τότε
1364 3520 1453 3574 καὶ
1517 3525 1624 3575 τῶν
1690 3522 1944 3595 μεγάλων

295 3615 474 3684 τιμῶν
506 3610 596 3666 καί
629 3610 990 3689 χαρισμάτων
1039 3613 1137 3664 τοῦ
1191 3609 1518 3682 Πνεῦματος,
1543 3610 1632 3664 καὶ
1663 3614 1758 3664 τοῦ
1799 3609 1945 3664 θείου

295 3700 542 3756 πλούτου
573 3699 917 3770 καταξιοῦται
951 3718 966 3732 ⁸
1017 3699 1130 3754 εἶτα
1181 3700 1266 3754 καὶ
1327 3699 1678 3774 κληρονόμος
1724 3706 1822 3768 τῆς
1853 3699 1948 3753 οὖ-

299 3791 486 3868 ρανίου
526 3791 732 3866 γίνεται
769 3788 1070 3864 βασιλείας.

369 3884 504 3938 KH'.
547 3883 610 3938 Ἢ
660 3881 816 3954 ψυχὴ
861 3876 916 3934 δὲ
965 3879 1064 3934 οὐκ
1111 3877 1311 3953 ἔχουσα
1364 3879 1456 3952 μὲν
1503 3881 1602 3946 τήν
1659 3878 1948 3952 εἰρημένην

293 3977 397 4040 τῆς
427 3970 710 4032 πολιτείας
737 3965 1014 4044 ἀκρίϐειαν
1051 3987 1064 4000 ·
1103 3972 1270 4042 μήπω
1311 3966 1367 4024 δὲ
1395 3973 1493 4023 τοῦ
1541 3970 1816 4042 ἀγιασμοῢ
1851 3971 1947 4022 τοῦ

295 4059 352 4116 ἒν
382 4063 452 4134 τῇ
493 4057 692 4134 καρδίᾳ
749 4061 847 4128 τήν
893 4059 1139 4128 αἴσθησιν
1197 4057 1482 4130 δεξαμένη,
1541 4057 1799 4112 πενθείτω
1856 4057 1946 4110 καὶ

295 4151 531 4220 ζητείτω
582 4150 727 4226 παρᾶ
780 4155 876 4204 τοῦ
945 4147 1144 4220 Κυρίου
1195 4149 1434 4219 θερμῶς,
1476 4145 1566 4201 ⁴’ίναι
1603 4151 1699 4200 τοῦ
1747 4147 1946 4221 ἀγαθοῦ

293 4239 496 4294 τούτου
533 4239 624 4293 καὶ
681 4245 780 4306 τῆς
831 4236 1094 4312 ἐνεργείας
1151 4242 1252 4304 τῆς
1309 4234 1360 4290 ἐν
1421 4240 1497 4306 νῷ
1556 4233 1625 4288 δι’
1693 4232 1944 4308 ἁρῥῆτων

299 4329 546 4400 θεωριῶν
596 4324 891 4400 γινομένης
939 4329 1036 4379 τοῦ
1093 4323 1404 4397 Πνεύματος
1454 4323 1706 4402 ἐπιτύχῃ.
1743 4329 1944 4399 ’Ὠσπερ

298 4415 358 4471 δὲ
415 4415 552 4471 κατᾶ
607 4417 702 4471 τὸν
758 4413 1206 4486 ἐκκλησιαστικὸν
1269 4413 1454 4487 νόμον,
1517 4415 1568 4468 οἱ
1609 4419 1944 4487 σωματικοῖς

297 4501 521 4566 ἁλόντες
579 4504 990 4581 ἁμαρτήμασιν,
1049 4503 1400 4582 ἀφορίζονται
1461 4504 1556 4578 μὲν
1630 4505 1776 4578 παρὰ
1847 4507 1944 4558 τοῦ

295 4595 486 4670 ἱερέως
523 4596 586 4650 τὸ
633 4594 898 4669 πρότερον
931 4613 943 4626 ·
978 4593 1096 4649 εἶτα
1143 4596 1243 4664 τὴν
1291 4593 1425 4648 κατά
1456 4593 1620 4667 λόγον
1659 4595 1941 4666 μετάνοιαν

295 4681 748 4759 ἐπιδεδειγμενοι,
803 4683 890 4738 καὶ
953 4689 1051 4754 τῆς
1130 4682 1416 4744 κοινωνίας
1478 4685 1942 4754 μεταποιοῦνται·

294 4775 416 4828 ὅσοι
484 4769 542 4827 δὲ
597 4773 858 4834 ἄπτώτως
941 4773 1030 4826 καὶ
1097 4775 1347 4848 καθαρῶς
1406 4771 1728 4846 βεβιώκασι,
1805 4791 1942 4844 προ-

291 4861 560 4917 κόπτουσί
607 4883 668 4917 τε
706 4863 839 4936 πρὸς
889 4861 1210 4936 ἱερωσύνην,
1241 4863 1330 4916 καὶ
1388 4862 1492 4916 ἀπο
1529 4865 1626 4916 τοῦ
1683 4861 1942 4936 ἐξωτέρου

293 4951 468 5007 τόπου
495 4953 596 5021 τῆν
630 4945 735 5006 ἔσω
793 4955 890 5007 τοῦ
945 4949 1336 5026 θησιαστηρίου
1373 4949 1690 5024 μετάστασίν
1745 4973 1802 5007 τε
1853 4950 1942 5005 καὶ

292 5041 444 5112 τάξιν
479 5035 994 5113 ἀπολαμϐάνουσιν,
1053 5040 1140 5096 ἵνα
1196 5039 1509 5116 λειτουργοὶ
1538 5039 1626 5096 καί
1682 5037 1942 5114 πάρεδροι

290 5135 372 5203 τῷ
405 5131 594 5204 Κυρίῳ
627 5127 948 5185 διατελῶσιν
985 5149 997 5165 ·
1034 5129 1182 5186 οὕτω
1224 5127 1289 5200 δὴ
1343 5135 1630 5203 σκοπῶμεν
1677 5131 1764 5184 καὶ
1815 5129 1940 5204 περὶ

288 5223 392 5284 τῆς
425 5222 694 5292 μυστικῆς
745 5223 842 5274 τοῦ
901 5221 1213 5292 Πνεύματος
1252 5217 1564 5284 κοινωνίας,
1595 5218 1720 5292 περὶ
1751 5221 1818 5288 ἧς
1861 5223 1942 5289 τῷ

293 5307 618 5381 Ἀποστόλῳ
677 5307 888 5382 εἴρηται
922 5329 934 5341 ·
991 5311 1054 5365 Ἦ
1112 5309 1276 5384 χάρις
1347 5315 1444 5364 τοῦ
1507 5307 1702 5382 Κυρίου
1778 5309 1938 5378 ἡμῶν

288 5397 472 5473 λῐησοῦ
531 5395 786 5470 Χριστοῦ,
845 5398 934 5453 καὶ
988 5399 1022 5468 ἡ
1083 5399 1262 5473 ἀγάπη
1319 5403 1416 5453 τοῦ
1475 5400 1610 5452 Θεοῦ
1667 5397 1758 5450 καί
1827 5401 1940 5450 Πα-

287 5485 560 5560 τρὸς,καὶ
617 5488 652 5556 ἡ
709 5487 970 5540 κοινωνία
1023 5491 1120 5542 τοῦ
1175 5487 1328 5562 ἁγίου
1391 5485 1727 5560 Πνεῦματος.
1781 5488 1938 5559 Ὀψει

289 5582 610 5649 σωζομενην
643 5573 969 5631 ἀκολουθίαν
1003 5593 1016 5609 ·
1064 5573 1260 5631 ἐνοικεῖ
1292 5576 1386 5648 μὲν
1421 5576 1520 5652 γάρ
1555 5575 1588 5645 ἡ
1623 5573 1740 5630 θεία
1770 5576 1936 5651 Τριάς

380 5667 430 5704 ³ο
463 5667 510 5722 lI
546 5667 674 5724 Cor.
717 5683 840 5736 xm,
884 5670 970 5724 13.

561 5768 826 5830 Putant.
874 5767 982 5828 Gn.
1031 5769 1296 5830 XXXIV.

2053 3269 2240 3324 usque
2277 3254 2419 3308 dum
2460 3254 2530 3308 ad
2573 3255 2885 3324 perfectam
2929 3270 3261 3310 mensuram
3285 3255 3494 3326 quietis
3533 3261 3766 3328 pertur-

2054 3345 2357 3400 bationum
2401 3342 2788 3415 perveniatur.
2829 3345 2914 3399 Ita
2948 3344 3106 3400 enim
3147 3346 3385 3400 demum
3419 3361 3518 3418 per
3556 3351 3768 3402 cuncta

2055 3432 2498 3490 contentionum
2564 3449 3086 3505 aerumnarumque
3157 3451 3366 3505 genera
3413 3437 3764 3508 exploratus,

2055 3528 2112 3578 et
2151 3523 2569 3578 tentationibus
2610 3539 2644 3578 a
2685 3523 2904 3578 malitia
2955 3525 3260 3580 suscitatis
3319 3525 3583 3582 animose
3621 3524 3768 3581 tole-

2058 3615 2224 3678 ratis,
2267 3627 2616 3683 magnorum
2685 3613 2938 3683 denique
2995 3613 3305 3684 bonorum,
3365 3619 3423 3672 et
3487 3617 3772 3671 donorum

2057 3702 2332 3772 Spiritus,
2376 3718 2672 3773 opumque
2710 3703 3037 3758 divinarum
3087 3703 3328 3773 beatur;
3371 3713 3776 3776 postremoque

2057 3789 2241 3846 har-es
2284 3791 2348 3844 fit
2387 3791 2550 3860 regni
2591 3791 2860 3848 celestis.

2133 3879 2378 3934 XXVIII.
2419 3879 2630 3934 Anima
2689 3895 2822 3933 vero
2876 3895 2988 3933 non
3041 3879 3262 3936 habens
3318 3881 3557 3952 quidem
3599 3882 3772 3950 hanc,

2055 3972 2124 4023 de
2189 3987 2303 4038 qua
2363 3969 2647 4034 diximus,
2705 3971 3004 4038 exquisitae
3085 3971 3536 4026 conversationis
3595 3971 3768 4026 soler-

2058 4059 2241 4124 tiam;
2275 4073 2460 4130 neque
2517 4059 2656 4113 dum
2701 4059 2892 4113 intimi
2944 4075 3156 4114 sensus
3195 4061 3590 4131 experimento
3657 4060 3770 4116 sibi

2058 4148 2461 4217 consciaejus,
2496 4163 2619 4218 qua:
2689 4152 2780 4204 est
2837 4148 2896 4202 in
2963 4149 3134 4203 corde
3199 4149 3774 4216 suo,sanctiﬁcatio-

2056 4240 2168 4306 nis,
2203 4239 2396 4310 lugeat
2448 4245 2505 4295 et
2541 4243 2764 4310 quaerat
2795 4256 2830 4294 α
2885 4239 3130 4294 Domino
3174 4241 3477 4309 ferventer,
3511 4246 3574 4295 ut
3630 4241 3770 4296 boni

2055 4328 2232 4399 hujus
2287 4333 2346 4385 et
2401 4329 2756 4401 operationis
2813 4329 3088 4399 Spiritus,
3155 4347 3282 4400 quae
3337 4330 3398 4386 in
3465 4333 3659 4386 mente
3707 4331 3770 4384 Iit

2055 4435 2160 4490 per
2226 4435 2465 4474 arcanas
2531 4417 3076 4489 contemplationes,
3131 4418 3423 4474 efﬁciatur
3505 4435 3764 4490 compos.

1977 4547 2024 4608 Β
2055 4510 2232 4562 Porro
2273 4507 2770 4578 quemadmodum
2825 4508 2993 4578 juxta
3058 4507 3514 4566 ecclesiasticam
3555 4508 3766 4580 legem,

2055 4595 2112 4651 in
2180 4596 2408 4652 delictis
2455 4597 2802 4668 deprehensi
2875 4598 3187 4668 corporeis,
3229 4603 3608 4670 segregantur
3638 4601 3766 4672 qui—

2054 4685 2184 4740 dem
2243 4686 2490 4754 primum
2556 4701 2658 4756 per
2723 4689 3116 4753 sacerdotem;
3160 4686 3370 4742 deinde
3427 4687 3766 4756 praescripta

2051 4777 2372 4832 canonibus
2452 4777 2793 4846 paenitentia
2859 4775 3138 4842 exhibita,
3205 4774 3610 4831 communioni
3677 4791 3766 4830 re-

2051 4871 2373 4922 stituuntur
2405 4882 2420 4933 ;
2454 4865 2556 4936 qui
2613 4882 2744 4921 vero
2799 4865 2926 4920 sine
2983 4864 3301 4920 offensione
3351 4869 3408 4920 et
3447 4879 3590 4936 pure
3618 4865 3766 4922 vixe-

2049 4959 2207 5023 runt,
2259 4963 2672 5026 promoventur
2723 4955 2792 5008 ad
2835 4953 3250 5020 sacerdotium,
3283 4957 3341 5008 et
3377 4955 3449 5008 ab
3488 4953 3762 5010 exteriori

2047 5041 2172 5098 loco
2234 5043 2478 5097 interius
2537 5043 2606 5096 ad
2663 5042 2861 5098 altaris
2923 5041 3193 5098 viciniam
3234 5041 3500 5108 admissi,
3541 5049 3756 5098 statum

2041 5131 2165 5202 jam
2205 5136 2262 5185 et
2300 5129 2564 5186 ordinem
2607 5131 2920 5201 accipiunt,
2954 5136 3018 5185 ut
3060 5129 3310 5185 ministri
3349 5135 3408 5185 et
3432 5145 3760 5186 assessores

2049 5219 2291 5276 Domino
2323 5219 2498 5288 ﬁant;
2541 5221 2608 5274 ad
2661 5219 3026 5276 consimilem
3097 5217 3334 5274 modum
3395 5235 3516 5274 rem
3559 5235 3620 5275 se
3659 5218 3756 5276 ha-

2049 5309 2180 5366 bere
2219 5313 2560 5380 reputemus
2627 5309 2684 5364 in
2757 5309 2862 5364 hac
2903 5308 3148 5380 mystica
3187 5307 3444 5378 Spiritus
3483 5325 3755 5364 commu-

2048 5398 2240 5462 nione,
2269 5413 2384 5467 qua
2425 5395 2644 5452 dictum
2721 5396 2792 5452 ab
2848 5397 3116 5467 Apostolo
3157 5401 3280 5452 est:
3316 5395 3502 5451 Gratia
3533 5397 3756 5454 Domini

2047 5487 2220 5541 ποδινὶ
2247 5489 2380 5543 Jesu
2412 5485 2631 5546 Christi,
2663 5487 2904 5541 chart’tas
2927 5487 3024 5540 Dei
3080 5493 3130 5542 et
3177 5487 3384 5554 Patris,
3411 5495 3464 5540 et
3513 5503 3754 5544 commu-

2049 5578 2252 5633 nicatio
2315 5576 2496 5632 sancti
2552 5577 2790 5650 Spiritus
2811 5575 2886 5652 _3°.
2929 5575 3181 5644 Videbis,
3207 5575 3468 5649 inquam,
3502 5578 3754 5636 similem

3362 5771 3436 5828 eo
