4076 6206
347 351 456 410 931
1667 343 1727 403 S.
1789 346 2125 406 MACABII
2172 350 2504 411 ABGYPTII
3687 355 3823 415 932

344 484 437 539 hic
469 497 698 552 quoque
738 479 907 551 quasi
947 477 1248 550 discipinas
1302 479 1589 534 ordinem.
1631 480 1855 536 Habitat
1896 498 1954 537 en

2250 489 2316 559 τῇ
2350 487 2597 561 καθαρῶς
2630 482 2835 559 ἐχούσῃ
2868 487 3046 559 ψυχῇ,
3094 492 3194 555 τῆς
3243 484 3386 549 θείας
3424 488 3830 562 χρηστότητος

345 574 536 628 divina
566 570 820 626 Trinitas
869 570 927 623 in
978 571 1167 623 anima
1226 584 1367 638 pure
1411 568 1656 636 vivente,
1690 586 1821 624 cum
1878 572 1955 643 ad.

2224 575 2627 652 νεφαπτομὲνης
2661 595 2672 608 ·
2728 573 2926 628 ἐνοικεῖ
2971 571 3026 629 δὲ
3075 575 3137 629 ού
3189 577 3309 629 καθ’
3343 576 3373 630 δ
3425 575 3567 631 ἐστιν
3603 596 3617 609 ·
3651 577 3834 655 ἀχώ-

343 668 510 719 vante
567 663 753 734 ipsam
804 660 1010 714 divinas
1078 658 1452 729 benignitatis
1510 660 1760 726 auxilio;
1822 660 1953 716 habi

2228 684 2321 725 τος
2353 663 2457 738 γὰρ
2508 663 2597 717 καὶ
2652 661 2785 734 αὐτῇ
2819 663 2962 737 πάσῃ
3009 666 3076 736 τῇ
3109 662 3277 718 κτίσει
3313 684 3326 696 ’
3361 662 3507 719 ἀλλὰ
3536 668 3654 720 καθ’
3683 667 3832 720 ὅσον

343 762 535 807 autem
570 769 683 805 non
718 754 773 804 in
807 753 1087 820 quantum
1138 749 1195 802 in
1236 765 1296 803 se
1326 755 1452 815 est;
1487 751 1569 804 sic
1619 750 1773 804 enim
1820 755 1907 805 est

2212 757 2278 806 ιῦν
2336 750 2657 822 ἐπιτηδείως
2705 748 2825 830 ἔχει
2874 753 2963 806 καὶ
3023 750 3284 815 δεκτικῶς
3343 755 3371 808 6
3439 753 3729 829 ἄνθρωπος
3808 776 3822 787 ·

342 840 877 912 comprehensibilis
934 839 1235 904 universae,
1296 842 1521 908 quanta
1577 845 1685 905 est,
1738 846 1952 895 creatur

2222 840 2364 896 ειδάν
2398 840 2454 895 δὲ
2509 863 2561 896 τι
2609 846 2938 915 παρατραπῇ
2969 848 3070 903 τῆς
3108 846 3187 913 τῷ
3236 847 3352 915 Θεῷ
3401 843 3535 899 κατᾶ
3573 845 3828 917 γνώμην

339 932 437 987 sed
473 931 530 984 in
564 936 849 1001 quantum
884 938 1052 998 aptus
1095 934 1150 982 et
1182 944 1360 998 capax
1389 933 1478 981 est
1509 927 1699 983 homo.
1734 929 1943 1000 Postqu

2222 938 2451 1006 ιγωγῆς,
2492 932 2581 985 καὶ
2620 931 2683 985 τὸ
2730 932 2877 985 θεῖον
2926 934 3142 1003 Πνεῦμα
3194 930 3508 1002 λυπήσειεν,
3543 928 3832 987 ἐκϐάλλε-

338 1036 468 1075 vero
525 1022 721 1074 anima
776 1020 833 1072 in
892 1018 1169 1088 quopiam
1224 1017 1551 1080 otl‘enderit,
1611 1018 1948 1088 transgredii

2226 1043 2239 1074 ι
2295 1021 2384 1074 καὶ
2444 1018 2751 1095 ἀφορίζεται
2801 1026 2900 1088 τῆς
2968 1023 3339 1094 πνευματικῆς
3390 1020 3730 1099 εὐφροσύνης
3795 1022 3827 1075 ὁ

337 1110 590 1165 ordinem
642 1107 927 1171 divinum,
987 1122 1051 1160 ac
1110 1104 1209 1160 Dei
1266 1105 1534 1177 spiritum
1599 1107 1941 1162 contristare

2216 1118 2316 1173 ῦς·
2360 1120 2460 1181 τῆς
2523 1114 2616 1183 μὲν
2672 1113 2817 1174 θείας
2857 1112 3084 1188 χάριτος
3123 1113 3211 1167 καὶ
3260 1120 3361 1181 τῆς
3424 1114 3662 1190 ἀγάπης,
3706 1114 3826 1168 καὶ

338 1199 642 1267 ejicituret
682 1200 1021 1266 segregatur
1060 1212 1093 1249 a
1142 1195 1433 1266 spirituali
1474 1194 1673 1251 laetitia
1732 1213 1919 1265 mens,

2208 1204 2327 1271 ὶσης
2360 1208 2460 1271 τῆς
2492 1200 2701 1275 ἀγαθῆς
2731 1205 2828 1255 τοῦ
2884 1202 3197 1273 Πνεύματος
3252 1200 3519 1278 ἐνεργείας
3568 1202 3818 1258 συστελ-

336 1290 471 1341 vina
501 1286 736 1357 quidem
806 1286 1027 1356 gradia,
1061 1291 1113 1339 et
1165 1284 1443 1339 cbaritate
1491 1286 1671 1351 omni,
1735 1291 1789 1342 et
1847 1303 1946 1359 ope

2209 1292 2395 1366 ιμένης
2429 1311 2442 1325 ’
2468 1290 2673 1346 ἐκείνου
2719 1290 2775 1346 δὲ
2835 1290 3051 1365 θλίψεσί
3108 1312 3165 1346 τε
3216 1293 3306 1346 καὶ
3338 1298 3663 1365 πειρασμοῖς
3703 1295 3819 1348 καὶ

336 1377 491 1431 tione
531 1374 781 1445 Spiritus
841 1389 969 1428 esse
1020 1373 1544 1441 contrahentibus;
1576 1374 1739 1446 lapsa
1798 1377 1855 1431 in
1897 1377 1946 1431 dt

2205 1388 2416 1457 ονηροῖς
2479 1381 2745 1453 πνεύμασι
2804 1377 3242 1455 παραδιδομένου
3277 1403 3289 1414 ·
3339 1382 3429 1435 καὶ
3470 1381 3671 1456 μέχρις
3739 1382 3815 1436 ἂν

335 1471 493 1523 ctum
526 1465 725 1520 anima
755 1462 1172 1519 afﬂictionibus
1204 1463 1464 1530 interim,
1500 1468 1557 1519 et
1598 1465 1945 1521 tentationib

2210 1473 2316 1528 ίλιν
2349 1468 2747 1545 ὀρθοποδίσειεν
2780 1473 2815 1539 ἡ
2847 1472 3000 1545 ψύχη
3035 1471 3171 1545 πρὸς
3217 1471 3316 1539 τὴν
3348 1470 3447 1526 τοῦ
3481 1471 3820 1545 Πνεύματος

335 1560 390 1609 et
456 1552 845 1622 malignorum
904 1550 1214 1621 spirituum
1310 1551 1728 1619 vexationibiis,
1797 1554 1945 1608 tradi

2212 1563 2495 1635 αρὲστησιν
2531 1579 2543 1591 ·
2580 1561 2685 1614 εἴτε
2730 1557 2819 1613 διά
2866 1560 3043 1630 πάσης
3086 1558 3535 1635 ἐξομολογήσεώς
3587 1582 3646 1615 τε
3704 1563 3815 1616 καὶ

332 1648 519 1719 quoad
583 1662 782 1702 rursus
840 1650 990 1701 recte
1042 1647 1163 1715 jam
1223 1646 1555 1716 ambulans,
1602 1648 1793 1703 denuo
1842 1664 1903 1704 se

2204 1648 2523 1709 ιπεινώσεως
2588 1650 2689 1717 τὴν
2754 1647 3037 1720 μετάνοιαν
3094 1645 3648 1721 ἐπιδειξαμένη,τότε
3703 1652 3814 1704 καὶ

332 1737 581 1807 Spiritus
640 1734 1069 1806 beneplacitum
1140 1735 1540 1805 adaptaverit;
1590 1737 1823 1792 deinde
1885 1753 1942 1793 νε

2202 1737 2299 1800 ἱθις
2346 1744 2445 1806 τῆς
2506 1736 2797 1805 ἐπισκοκῆς
2840 1736 3080 1809 ἀξιοῦται
3127 1744 3225 1805 τῆς
3262 1739 3511 1812 χάριτος,
3548 1738 3639 1792 καὶ
3690 1741 3812 1808 τήν

331 1843 434 1896 per
463 1841 666 1880 omnes
702 1825 1105 1879 circumducta
1164 1825 1567 1896 pmnitentium
1628 1829 1861 1897 gradus,
1896 1844 1941 1883 ci

2203 1838 2395 1903 μράνιον
2458 1827 2793 1905 εὐφροσύνην
2842 1825 3007 1881 πλέον
3068 1825 3102 1895 ἢ
3170 1828 3304 1881 κατὰ
3364 1833 3575 1901 πρῶτον
3651 1830 3813 1884 ἀπο-

328 1915 579 1969 fessione
619 1931 822 1983 nempe
854 1919 908 1968 et
968 1913 1394 1981 humiliatione,
1427 1915 1757 1971 visitatione
1806 1916 1938 1971 land

2201 1912 2435 1989 ιμῦάνει.
2471 1916 2535 1972 Ei
2587 1913 2642 1969 δὲ
2682 1920 2819 1988 πρὸς
2871 1912 3040 1987 μηδὲν
3085 1916 3145 1969 τό
3200 1920 3417 1987 Πνεῦμα
3474 1916 3811 1988 λυπήσειεν,

325 2006 555 2060 iiterum
606 2008 801 2073 gratiae
852 2006 1091 2071 beatur;
1136 2007 1276 2073 quin
1326 2010 1381 2058 et
1412 2004 1662 2060 caelestis
1712 2006 1935 2061 uberior

2200 2006 2272 2061 Ot’
2305 2005 2387 2076 εἴη
2422 2004 2565 2075 ζῶσά
2611 2025 2668 2059 τε
2717 2003 3040 2077 εύαρὲστως,
3070 2003 3160 2059 καὶ
3211 2004 3505 2079 λογισμοῖς
3530 2007 3625 2077 μὲν
3660 2012 3810 2061 πᾶσι

326 2095 617 2150 interdum
667 2109 999 2148 mensuram
1053 2092 1263 2147 laetitiae
1306 2096 1530 2165 recipit.
1580 2096 1740 2161 Quod
1776 2097 1821 2151 si
1875 2114 1936 2151 ni

2197 2101 2409 2168 ονηροῖς
2474 2093 2918 2165 ἀντιταττομένη,
2974 2098 3053 2165 τῷ
3114 2093 3297 2167 Κυρίῳ
3355 2091 3411 2148 δὲ
3453 2093 3807 2167 κολλωμένη

325 2185 380 2239 in
408 2201 467 2238 re
495 2184 767 2254 Spiritum
822 2184 1272 2249 contristaverit,
1327 2185 1423 2238 sed
1480 2186 1649 2253 juxta
1710 2186 1805 2240 Dei
1860 2186 1928 2241 be

2202 2185 2451 2254 απαντὸς,
2502 2187 2533 2252 ἡ
2591 2184 2816 2253 τοιαύτη
2891 2181 3114 2244 δικαίως
3174 2183 3276 2256 ἄρα
3325 2185 3415 2238 καὶ
3465 2183 3810 2250 ἀκολούθως

326 2276 598 2346 placitum
661 2276 885 2340 vixerit,
919 2274 1141 2330 cunctis
1191 2275 1380 2345 pravis
1438 2277 1888 2345 cogitationibus

2202 2274 2440 2329 >οκόπτει
2482 2275 2660 2347 ψυχὴ,
2692 2273 2780 2327 καὶ
2840 2270 3055 2345 δωρεῶν
3105 2272 3324 2349 ἀφάτων
3386 2274 3642 2343 ἀξιοῦται,
3675 2274 3812 2330 ἀπὸ

325 2366 435 2422 lide
494 2366 792 2432 resistens,
863 2368 1223 2434 Dominoque
1298 2364 1587 2419 indivulse
1691 2366 1935 2422 adhaeret

2198 2367 2303 2437 L523:
2334 2365 2410 2426 εἷς
2452 2362 2630 2433 δόξαν.
2664 2362 2752 2418 καὶ
2786 2362 2888 2416 ἀπὸ
2940 2362 3288 2423 ἀναπαύσεως
3321 2362 3398 2423 εἰς
3446 2362 3808 2437 τελειοτέραν

324 2456 453 2511 talis
506 2457 709 2509 merito
767 2470 828 2509 se
887 2463 1307 2524 consequenter
1365 2470 1666 2524 nunquam
1712 2457 1927 2513 interru

2208 2458 2431 2509 άπαυσιν
2487 2452 2844 2526 μετατίθεται.
2889 2451 3014 2505 Εἶτα
3068 2450 3159 2505 καὶ
3216 2450 3292 2512 εἷς
3339 2451 3400 2506 τὸ
3442 2451 3650 2506 τέλειον
3690 2457 3810 2507 τοῦ

323 2551 493 2601 auctu
557 2545 779 2615 proﬁcit
828 2544 1047 2611 anima,
1082 2544 1368 2613 donisque
1425 2544 1818 2601 inetfabilibus
1870 2546 1933 2602 ππ

2203 2548 2568 2615 »ιστιανισμοῦ
2604 2543 2794 2615 μέτρον
2838 2540 3167 2617 ἀφικομένη,
3199 2546 3317 2604 τοῖς
3362 2540 3597 2601 τελείοις
3633 2541 3813 2617 ἔργά.

323 2634 667 2699 instruitur;
704 2648 805 2686 nec
867 2649 980 2686 non
1015 2650 1042 2683 ιι
1076 2630 1260 2702 gloria
1307 2632 1365 2686 in
1426 2633 1695 2703 gloriam,
1749 2653 1780 2689 a
1838 2638 1933 2706 qui

2202 2658 2276 2701 ig,
2342 2634 2432 2687 καὶ
2480 2637 2596 2693 τοῖς
2657 2630 2911 2701 ἀμώμοις
2969 2632 3066 2683 τοῦ
3140 2630 3377 2703 Χριστοῦ
3442 2628 3812 2707 λειτουργοῖς

322 2725 380 2778 in
434 2723 824 2792 perfectiorem
880 2723 1133 2791 quietem
1190 2724 1588 2777 transferetur.
1657 2724 1914 2796 Denique

1993 2734 2030 2785 tt
2139 2726 2275 2780 κατᾶ
2301 2734 2398 2791 την
2428 2722 2649 2775 αἰώνιον
2684 2720 2849 2774 αὐτοῦ
2880 2720 3266 2795 συνταγήσεται
3302 2717 3603 2792 βασιλείαν.

323 2829 502 2883 usque
534 2814 602 2867 ad
645 2828 1009 2882 supremum,
1052 2829 1166 2883 quo
1217 2814 1528 2883 perducere
1595 2815 2069 2874 Christianismus
2141 2816 2431 2873 hominem
2500 2817 2709 2884 potest,
2756 2811 3118 2882 perfectionis
3166 2813 3386 2881 apicem
3444 2827 3805 2883 progressa,

324 2902 588 2976 perfectis
630 2900 929 2971 operariis,
971 2909 1027 2957 et
1061 2901 1375 2972 inculpatis
1415 2902 1626 2957 Christi
1672 2906 1959 2962 ministris
2003 2909 2060 2962 in
2102 2912 2315 2962 interno
2360 2919 2535 2975 regno
2577 2902 2947 2972 adjungetur.

390 2992 582 3048 XXIX.
618 2992 748 3047 Haec
805 3009 932 3063 qua:
982 2992 1244 3047 videmus
1296 2993 1352 3046 in
1407 2993 1576 3063 paulo
1627 3004 1757 3050 ante
1818 3013 2000 3052 meme

2214 3000 2330 3050 KB'.
2372 2993 2443 3046 Τὰ
2503 2991 2796 3065 φαινόμενα
2860 2992 3025 3043 ταῦτα
3088 2990 3290 3050 τύπους
3346 2986 3464 3043 οἴου
3526 3010 3638 3059 μου
3698 2993 3808 3045 καὶ

323 3093 441 3139 rato
470 3098 767 3138 sacrorum
823 3084 958 3151 ritu,
994 3083 1208 3152 figuras
1240 3098 1368 3137 esse
1401 3091 1537 3151 puta
1569 3092 1621 3138 et
1655 3086 1895 3141 umbras
1929 3108 1933 3136 ι

2200 3085 2290 3146 ,ιᾶς
2346 3085 2452 3136 τῶν
2488 3078 2726 3154 κρυφίων
2787 3078 2925 3132 εἶναι
2958 3096 2970 3108 ·
3021 3077 3114 3131 τὸν
3172 3077 3295 3131 ναὸν
3357 3078 3443 3131 τὸν
3498 3077 3810 3152 ὁρώμενον

319 3175 629 3228 cultorum.
687 3171 990 3241 Templum
1054 3178 1192 3242 puta
1252 3172 1498 3236 visibile,
1549 3175 1776 3241 cordis;
1834 3192 1927 3230 sac

2201 3179 2231 3228 ῦ
2261 3180 2363 3241 τῆς
2392 3170 2611 3246 καρδίας
2640 3173 2788 3235 ναοῦ,
2821 3171 2911 3223 τὸν
2956 3167 3120 3242 ἲερὲα,
3162 3172 3260 3224 τοῦ
3300 3167 3560 3237 ἀληθινοῦ
3596 3170 3810 3243 ἱερέως

320 3266 528 3332 dotem,
564 3267 679 3321 veri
739 3264 1056 3319 sacerdotis
1104 3262 1317 3317 Christi
1376 3265 1620 3333 gratiam
1650 3280 1662 3318 :
1700 3274 1751 3319 et
1784 3267 1866 3319 sic
1900 3284 1930 3336 p

2193 3270 2235 3332 ξς
2272 3266 2369 3317 τοῦ
2408 3262 2639 3327 Χριστοῦ
2666 3260 2891 3337 χάριτος
2924 3278 2933 3289 ·
2969 3257 3059 3313 καὶ
3094 3256 3283 3334 ἐφεξῆς
3314 3255 3487 3320 οὕτως
3522 3276 3535 3290 '
3568 3260 3803 3335 Ὥσπερ

319 3372 400 3409 ro.
442 3355 503 3410 Ut
570 3356 751 3425 igitur
809 3353 866 3406 in
930 3352 1185 3406 Ecclesia
1234 3351 1448 3405 visibili
1510 3353 1622 3406 nisi
1685 3355 1845 3423 prius
1887 3357 1929 3408 ti

2196 3376 2229 3406 ›ν
2270 3353 2409 3407 κατᾶ
2446 3347 2607 3417 τήνδε
2636 3350 2734 3417 τήν
2786 3349 2987 3423 ὁρατήν
3020 3345 3371 3417 Ἐκκλησίαν,
3402 3347 3459 3402 ἂν
3505 3350 3581 3419 μὴ
3647 3351 3806 3424 πρό-

318 3461 492 3498 sacrae
565 3446 861 3502 lectiones.
895 3448 950 3495 et
1014 3459 1139 3509 qure
1207 3452 1406 3495 czelera
1472 3458 1692 3499 canone
1749 3446 1928 3499 eccles

2199 3460 2288 3516 ρον
2321 3442 2375 3495 αἱ
2414 3440 2757 3513 ἂναγνώσεις,
2788 3438 2843 3491 αἱ
2892 3434 3244 3511 ψαλυμῳδίαι
3300 3457 3355 3491 τε
3383 3436 3472 3491 καὶ
3516 3437 3600 3498 τίς
3641 3437 3806 3493 ἐστιν

319 3534 463 3586 stico
532 3532 808 3601 consequi
878 3531 1111 3599 debent,
1166 3532 1500 3600 procedant,
1573 3533 1914 3603 psalmodiis

2194 3530 2431 3587 ιολουθία
2515 3533 2612 3584 τοῦ
2676 3526 3128 3596 ἐκκλησιαστικοῦ
3190 3528 3421 3601 βαθμοῦ,
3473 3532 3804 3602 προχωρή-

319 3637 551 3674 sacrum
605 3622 792 3688 ipsum
848 3623 1188 3690 mysterium
1278 3621 1534 3690 corporis
1594 3629 1650 3676 et
1716 3624 1923 3693 saiigui

2186 3642 2296 3687 :tev,
2333 3620 2465 3675 αὐτὸ
2495 3621 2557 3673 τὸ
2611 3618 2759 3671 θεῖον
2808 3618 3107 3690 μυστήριον
3159 3619 3257 3670 τοῦ
3290 3612 3539 3687 σώματός
3570 3636 3632 3670 τε
3687 3621 3796 3673 καὶ

320 3708 529 3762 Christi
584 3708 777 3778 peragi
838 3727 868 3761 a
928 3714 1240 3772 sacerdote,
1288 3712 1713 3781 inconsequens
1773 3719 1879 3767 est.

2186 3708 2369 3781 ἶματος
2425 3713 2523 3763 τοῦ
2574 3710 2814 3778 Χριστοῦ
2861 3706 2953 3761 τὸν
3001 3704 3147 3778 ἱερὲα
3203 3702 3467 3759 ἐπιτελεῖν
3505 3704 3606 3759 οῦκ
3646 3707 3796 3761 ἀκό-

318 3800 515 3852 oissirn
570 3799 865 3861 aiitem,si
917 3800 999 3852 vel
1066 3802 1313 3854 maxime
1372 3802 1807 3857 ecclesiasticus
1837 3819 1928 3857 car

2188 3804 2352 3859 iuﬂov.
2389 3800 2521 3856 Εἶτα
2568 3797 2663 3853 κᾶν
2722 3803 2825 3859 π’άς
2870 3797 2962 3869 μὲν
3024 3797 3051 3849 ὁ
3102 3793 3543 3865 ἐκκλησιαστικὸς
3598 3800 3798 3853 κανών

315 3887 581 3959 expletus
642 3889 833 3955 fuerit,
883 3888 1096 3943 oblatio
1152 3898 1343 3944 autem
1406 3893 1649 3961 mystica
1707 3910 1819 3947 non
1874 3910 1925 3947 ce

2182 3891 2426 3958 τιτεθείη,
2488 3892 2521 3959 ἡ
2584 3889 2817 3961 μυστική
2878 3884 2934 3940 δὲ
2985 3887 3084 3953 τῆς
3133 3891 3446 3961 προσφορᾶς
3506 3886 3612 3940 ὑπὸ
3677 3892 3792 3942 τοῦ

316 3982 515 4032 bretur
574 3996 603 4031 α
654 3981 969 4041 sacerdote,
1030 3995 1134 4035 nec
1164 3981 1514 4035 eucharisiia
1571 3990 1623 4037 et
1690 3998 1918 4037 cornmu

2188 3981 2318 4054 ρέως
2351 3979 2692 4054 εὐχαριστία,
2726 3978 2815 4030 καὶ
2860 3978 2894 4043 ἠ
2945 3974 3200 4029 κοινωνία
3245 3979 3341 4028 τοῦ
3400 3976 3653 4047 σώματος
3682 3982 3798 4030 τοῦ

315 4070 573 4139 corporis
614 4070 823 4124 Christi
895 4071 1351 4135 administretur,
1416 4072 1557 4126 haut
1621 4075 1871 4143 perfecte

2194 4074 2372 4126 οιστοῦ
2416 4070 2491 4140 μή
2559 4065 2802 4143 γένηται,
2850 4061 2973 4120 οὔτε
3011 4067 3039 4119 6
3099 4062 3547 4132 ἐκκλησιαστικὸς
3602 4064 3804 4122 ἐτελε-

315 4160 560 4212 solvitur
603 4159 1126 4214 ecclesiasticarum
1196 4160 1668 4215 ceremoniarum
1742 4166 1900 4228 ordo,

2189 4160 2435 4235 ουργήθη
2470 4158 2693 4229 θεσμὸς,
2725 4156 2814 4211 καὶ
2862 4152 3101 4224 ἐλλιπής
3150 4153 3293 4208 ἐστιν
3332 4154 3366 4222 ἡ
3412 4153 3637 4227 λατρεία
3684 4160 3798 4210 τοῦ

315 4262 560 4299 mancus
591 4245 948 4316 iiiutilusqiie
988 4248 1085 4302 Dei
1156 4250 1344 4303 cultus
1412 4267 1476 4304 ac
1535 4250 1733 4320 religio
1801 4258 1908 4305 est.

2190 4248 2437 4324 ›στηρίου
2472 4265 2483 4279 ’
2520 4247 2661 4301 οὕτω
2725 4266 2818 4318 μοι
2863 4244 2951 4298 καὶ
2993 4242 3059 4297 τὰ
3115 4247 3212 4297 τοῦ
3272 4246 3589 4316 Χριστιανοῦ
3620 4244 3740 4297 νόει
3785 4268 3800 4279 ·

314 4334 458 4387 mihi
493 4341 549 4387 tu
585 4336 651 4387 dc
684 4335 1012 4390 Christiano
1065 4338 1320 4406 quolibet
1353 4339 1562 4409 cogita.
1601 4339 1659 4393 Si
1692 4340 1847 4394 enim
1881 4341 1924 4394 is

2189 4340 2326 4412 ’γάρ
2375 4336 2623 4407 νηστείαν
2676 4335 2770 4408 μὶν
2818 4332 2907 4388 καὶ
2960 4331 3252 4406 ἀγρυπνίαν
3282 4332 3370 4386 καὶ
3420 4330 3799 4406 ψαλμῳδίαν,

305 4424 533 4492 jejunio
567 4424 799 4493 quidem
850 4430 905 4477 et
952 4427 1163 4495 vigilia,
1198 4434 1253 4480 et
1313 4428 1369 4481 in
1419 4427 1740 4497 psalmodia
1781 4432 1915 4485 item

2183 4439 2268 4499 inv
2295 4448 2353 4483 τε
2382 4425 2605 4496 ἄσκησιν
2638 4426 2727 4480 καί
2766 4424 2960 4498 ἀρετὴν
3014 4427 3184 4477 πᾶσαν
3231 4422 3592 4497 κατορθωκὼς
3638 4420 3734 4493 εἴη
3779 4446 3793 4457 ·

312 4513 372 4567 iii
432 4516 656 4567 cunctis
713 4513 920 4568 ofﬁciis
982 4515 1253 4570 virtutum
1314 4517 1715 4574 universarum
1769 4523 1922 4576 omni

2213 4518 2441 4589 μυστικὴ
2475 4513 2531 4571 δὲ
2572 4519 2668 4570 τοῦ
2716 4512 3031 4587 ΙΙνεύματος
3082 4510 3318 4588 ἐνέργεια
3360 4516 3439 4582 τῷ
3486 4512 3794 4583 θυσιαστη-

313 4602 617 4672 diligentia
674 4604 1035 4659 exercuerit:
1073 4621 1175 4659 nec
1232 4614 1422 4662 tamen
1460 4625 1524 4663 eo
1554 4625 1816 4681 unquam
1844 4627 1923 4682 pri

2178 4605 2230 4678 ἷῳ
2260 4611 2358 4672 τῆς
2390 4604 2551 4660 αὐτοῦ
2582 4602 2805 4679 καρδίας
2849 4603 2952 4657 ὑπὸ
2995 4605 3094 4668 τῆς
3134 4603 3367 4675 χάριτος
3416 4602 3533 4655 κατ’
3584 4600 3788 4671 αἴσθῃ·-

310 4692 515 4748 ciendo
563 4693 873 4763 pertingat,
910 4700 969 4748 ut
1030 4696 1275 4766 mystica
1318 4696 1571 4767 Spiritus
1641 4703 1893 4770 operatio

2174 4716 2210 4750 ιν
2266 4701 2435 4749 πᾶσαν
2490 4694 2580 4749 καὶ
2640 4692 3008 4766 πνευματικὴν
3062 4691 3353 4745 ἀνάπαυσιν
3408 4691 3485 4762 μή
3522 4710 3534 4723 ·
3597 4690 3784 4745 ἐπιτε-

310 4782 474 4835 altari
535 4782 725 4837 cordis
766 4782 894 4851 ejus
935 4800 967 4837 a
1006 4784 1193 4849 gratia
1241 4800 1373 4838 cum
1429 4802 1600 4841 sensu
1671 4787 1895 4853 intimo,

2180 4790 2305 4846 >ἶττ,
2340 4784 2537 4853 ἀτελὴς
2567 4786 2601 4852 ἡ
2635 4780 2819 4838 τοιάδε
2850 4788 2992 4836 πᾶσα
3021 4784 3120 4846 τῇς
3170 4780 3447 4850 ἀσκήσεως
3480 4778 3790 4835 ἀκολουθία

308 4870 500 4924 omnis
558 4870 876 4940 spiritualis
933 4873 1144 4943 quietis
1200 4890 1408 4927 arcana
1469 4875 1819 4943 experientia
1887 4894 1918 4947 p

2174 4874 2213 4929 ιὶ
2275 4872 2467 4948 σχεδὸν
2528 4874 2692 4947 ἀργὴ,
2752 4872 2848 4927 οὐκ
2897 4871 3097 4947 ἔχουσα
3160 4872 3261 4940 τήν
3314 4874 3412 4924 τοῦ
3459 4868 3784 4943 Πνεῦματος

308 4966 539 5029 agatur,
569 4961 898 5029 imperfecta
958 4963 1131 5015 fuerit
1174 4969 1290 5017 tota
1346 4962 1441 5017 illa
1475 4966 1805 5034 praecedens
1838 4983 1918 5021 sei

2010 4985 2015 5021 i
2127 4963 2454 5039 ἂγαλλίασιν
2493 4966 2767 5036 μυστικῶς
2790 4961 2843 5016 ἐν
2873 4966 2941 5035 τῇ
2973 4957 3166 5035 καρδίᾳ
3196 4958 3620 5034 ἐνεργουμένην.

304 5050 707 5119 religiosarum
764 5050 1258 5120 Observationum,
1309 5057 1365 5108 et
1407 5054 1583 5109 ferme
1653 5054 1877 5111 inutilis
1919 5074 2031 5113 non
2074 5058 2296 5113 habens
2335 5055 2778 5111 exsultationem
2832 5054 3213 5125 spiritualem,
3248 5067 3460 5107 arcane
3499 5052 3557 5105 in
3591 5053 3782 5109 corde

306 5138 671 5208 productam.

375 5227 541 5283 XXX.
570 5228 791 5283 Bonum
847 5234 934 5283 est
982 5229 1301 5299 jejunium,
1363 5230 1511 5285 bona
1575 5233 1794 5305 vigilia,
1858 5236 1985 5291 boni

2190 5235 2266 5289 A'.
2329 5232 2505 5288 Καλὸν
2562 5234 2595 5302 ἡ
2652 5230 2890 5303 νηστεία,
2944 5228 3108 5285 καλὸν
3164 5231 3199 5298 ἡ
3250 5228 3533 5303 ἀγρυπνία,
3592 5227 3770 5283 καλὸν

306 5316 573 5371 similiter
605 5319 792 5371 omnis
821 5321 1169 5385 exercitatio,
1203 5327 1259 5372 et
1292 5322 1407 5371 vita
1441 5337 1672 5391 peregre
1705 5324 1916 5379 traduci

2159 5324 2324 5397 μοίως
2356 5326 2389 5391 ἠ
2437 5324 2683 5392 ἄσκησις,
2733 5324 2821 5375 καὶ
2879 5323 2911 5390 ἡ
2974 5317 3061 5375 ἐπὶ
3110 5320 3262 5389 ξένης
3321 5316 3568 5394 διαγωγή
3606 5336 3619 5349 α
3670 5320 3769 5373 καὶ

307 5412 571 5459 caeterum
608 5408 724 5461 haec
767 5412 1042 5478 prominia
1101 5420 1231 5463 sunt
1300 5415 1491 5463 status
1533 5420 1587 5463 et
1618 5422 1917 5468 conversat

2164 5412 2378 5483 σοοίμια
2434 5415 2601 5466 ταῦτα
2663 5410 2943 5472 πολιτείας
3002 5409 3289 5487 θεοφιλοῦς
3322 5425 3334 5439 ·
3372 5407 3666 5479 ἀλόγιστον
3712 5405 3774 5462 δὲ

306 5492 397 5545 nis
428 5500 601 5549 Deum
642 5513 771 5549 Vere
829 5500 1186 5566 amantium;
1225 5500 1377 5553 unde
1438 5499 1827 5557 inconsultum
1873 5522 1916 5573 p‘

2156 5506 2354 5576 τεχνῶς
2388 5502 2442 5555 εὸ
2484 5498 2673 5561 ἁπλῶς
2718 5505 2832 5562 τοῖς
2884 5501 3158 5560 τοιούτοις
3213 5496 3541 5571 ἐπιθαῤῥεῖν.
3604 5502 3766 5552 ’Ἐστι

304 5580 451 5636 facto
482 5590 568 5638 est
590 5585 661 5639 iis
695 5602 1042 5657 magnOpere
1071 5589 1380 5644 confidere.
1409 5588 1509 5645 Est
1554 5591 1731 5659 enim,
1766 5609 1914 5663 quan

2154 5592 2211 5665 ὶρ
2242 5590 2330 5645 ὅτε
2360 5589 2448 5645 καὶ
2488 5590 2713 5666 χάριτός
2761 5610 2905 5651 τινος
2963 5589 3013 5642 ἐν
3074 5590 3289 5662 μετοχῇ
3330 5585 3705 5657 καθιστάμεθα
3749 5603 3764 5618 ·

305 5673 505 5749 gratiae
545 5675 845 5746 cujusdam
898 5676 1209 5749 participes
1251 5679 1574 5738 ﬁamuszet
1625 5687 1748 5737 tum
1781 5681 1915 5739 mali

2144 5679 2259 5751 αἱὴ
2318 5680 2479 5735 κακία
2535 5676 2685 5735 ἔνδον
2745 5674 3157 5752 ὑποκαθημένη,
3214 5677 3455 5750 καθάπερ
3516 5674 3569 5730 ἐν
3632 5680 3752 5738 τοῖς
