4076 6206
308 378 429 438 933

1549 387 1783 449 LIBER
1828 387 1929 447 DE
1975 382 2448 446 CHABITA'I‘E.

3656 391 3772 452 934

312 505 426 563 ἄνω
473 507 745 579 λέλεκται,
795 509 1070 586 σοφίζεται
1122 514 1212 567 καί
1265 514 1567 590 ὑποχωρεῖ,
1619 516 1832 589 ἐκοῦσα,
1883 519 1952 573 οὐ

2136 524 2227 574 tus
2259 517 2317 572 in
2368 517 2538 574 nobis
2588 518 2900 575 subsidens
2949 519 3142 588 (prout
3189 519 3459 591 superius
3505 526 3596 578 est
3643 538 3771 579 me-

313 597 634 670 πράττειτᾶ
677 599 874 667 ἑαυτῆς
908 619 921 633 ο
957 598 1102 655 ἀλλὰ
1145 607 1294 658 ποιεῖ
1336 603 1560 677 νομίσαι
1603 607 1693 661 τὸν
1751 605 1956 681 ἅνθρω-

313 706 441 756 πον,
493 684 907 763 διακεκαθάρθαι
945 692 1036 746 τὸν
1085 696 1230 746 νοῦνο
1281 694 1373 748 καὶ
1418 696 1482 750 τὸ
1536 693 1730 751 λοιπὸν
1785 694 1958 771 ἐξάγει

310 775 448 848 πρὸς
485 773 666 844 οἱήσιν
709 777 1056 850 τελειότητος
1090 824 1103 837 .
1131 781 1261 837 Εἶτα
1310 781 1616 858 λῃστρικῶν
1665 785 1958 840 ἐπιτίθεται

315 863 542 919 καὶτῶν
571 869 899 922 κατωτάτων
945 867 1076 944 ἄχρι
1104 872 1390 950 καταφέρει
1436 879 1536 942 τῆς
1584 882 1707 948 γῆς.
1759 875 1820 929 Οἱ
1853 875 1957 952 γάρ

308 951 595 1026 ἄνθρωπον
662 953 934 1019 πολλάκις
1001 955 1200 1013 ε’ίκοσιν
1263 958 1356 1032 ἔτη
1417 964 1703 1036 γενόμενοι
1762 961 1960 1036 λῃσταί

310 1063 453 1104 τινες
486 1041 521 1111 ἢ
554 1048 887 1118 στρατιῶται
935 1047 998 1102 τὸ
1030 1046 1388 1124 ἐπιτήδευμα,
1441 1054 1695 1127 μηχανάς
1734 1073 1792 1107 τε
1821 1052 1958 1108 κατὰ

310 1134 420 1185 τῶν
468 1129 763 1205 πολεμίων
821 1133 1152 1206 ἐπίστανται,
1217 1138 1589 1209 ὑποκάθηνταί
1640 1161 1696 1195 τε
1742 1142 1829 1196 καὶ
1882 1139 1960 1195 ἐν-

309 1217 466 1294 έδρας
527 1219 826 1294 ἐπινοοῦσι,
884 1226 974 1279 καὶ
1029 1227 1095 1280 τὰ
1151 1230 1260 1282 τῶν
1311 1228 1522 1306 ἐχθρῶν
1584 1224 1956 1303 λαμϐάνουσιν

310 1309 448 1377 ὦτα,
479 1310 566 1364 καὶ
613 1311 914 1367 κτείνουσιν
955 1311 1294 1377 ἀνελπίστως
1341 1312 1746 1387 περιϐαλόντες.
1797 1319 1958 1393 Πόσῳ

310 1418 373 1474 γε
411 1398 625 1472 μᾶλλον
657 1402 691 1470 ἡ
724 1402 885 1456 κακία
944 1402 1210 1466 τοσαύτας
1257 1402 1514 1480 χιλιάδας
1558 1405 1692 1461 ἐτῶν
1740 1429 1959 1484 γεγενη-

313 1488 474 1560 μένη,
504 1489 596 1543 καὶ
641 1493 804 1545 τοῦτο
855 1489 1012 1566 ἔργον
1073 1493 1264 1563 ἑαυτῆς
1319 1495 1626 1570 τεθειμένῃ,
1683 1499 1744 1551 τὸ
1795 1517 1958 1552 σπου-

313 1572 599 1632 δαιότατον
635 1577 698 1633 τὸ
741 1577 966 1634 ἀπολεῖν
1019 1582 1224 1656 ψυχὰς,
1274 1581 1491 1657 ἐνέδρας
1541 1583 1652 1639 εἶδε
1700 1583 1958 1646 τοιαύτας

312 1662 364 1718 ἐν
398 1664 699 1740 ἀποκρύφῳ
727 1673 829 1735 τῆς
859 1665 1084 1742 καρδίας
1115 1670 1365 1740 ἐπινοεῖν,
1415 1671 1505 1726 καὶ
1557 1672 1691 1727 κατᾶ
1733 1674 1957 1748 καιροὺς

310 1754 564 1827 ἀτρεμεῖν
612 1752 881 1826 ἐπίτηδες,
931 1757 1020 1812 καὶ
1078 1759 1154 1831 μὴ
1211 1757 1445 1835 ἐνεργεῖν
1483 1762 1656 1817 ’ὥστε
1707 1763 1807 1831 τήν
1855 1765 1956 1836 ψυ-

313 1844 425 1917 χῆν
481 1840 702 1898 ἐλκῦσαι
769 1845 906 1919 πρὸς
964 1843 1142 1915 οῗησιν
1199 1846 1596 1920 τελειότητος;
1656 1852 1712 1905 Ὁ
1772 1849 1958 1923 μέντοι

316 1929 573 2005 θεμέλιος
598 1936 696 1988 τοῦ
735 1936 1189 2009 Χριστιανισμοῦ,
1231 1936 1326 1992 κᾶν
1363 1940 1536 2000 πάσας
1577 1960 1662 2002 τις
1717 1939 1954 2015 μετέλθῃ

317 2021 682 2094 δικαιοσύνας,
744 2025 822 2097 μή
871 2024 1306 2082 ἐπαναπαύεσθαι
1361 2027 1589 2094 τούτων,
1651 2027 1793 2101 μηδὲ
1839 2029 1956 2085 ἐπι-

313 2111 551 2186 θαῤῥεῖν,
597 2108 736 2185 μηδὲ
788 2113 923 2188 μέγα
965 2135 1017 2169 τι
1074 2116 1431 2187 πεποιηκέναι
1476 2116 1788 2194 λογίζεσθαι
1824 2119 1953 2174 ’κᾶν

317 2202 558 2276 μέτοχος
587 2201 816 2280 χάριτος
855 2209 1117 2281 καταστῇ,
1153 2208 1230 2280 μὴ
1280 2207 1499 2281 νομίσαι
1529 2208 1914 2285 κατειληφέναι
1941 2228 1953 2242 ·

315 2288 457 2364 μηδέ
485 2291 803 2367 κατακόρως
835 2288 986 2371 ἔχειν
1022 2337 1034 2352 .
1073 2293 1218 2350 ἀλλὰ
1257 2301 1443 2367 πεινᾷν
1487 2296 1610 2352 τότε
1655 2300 1746 2353 καί
1797 2295 1954 2372 διψᾷν

311 2378 370 2436 δὲ
401 2381 610 2436 πενθεῖν
642 2380 732 2436 καὶ
763 2380 988 2451 κλαίειν,
1018 2387 1108 2439 καὶ
1152 2385 1611 2461 συντετριμμένην
1663 2386 1810 2449 ὅλως
1851 2389 1953 2457 τήν

305 2469 532 2546 καρδίαν
562 2467 730 2545 ἔχειν,

2069 612 2359 661 moratum
2410 624 2442 660 a
2495 607 2688 680 nobis)
2738 606 2982 663 subdole
3027 607 3148 680 agit
3177 617 3232 663 et
3278 614 3486 680 sponte
3514 625 3573 666 se
3621 611 3768 668 sub-

2067 694 2270 761 trahit;
2323 711 2429 750 nec
2469 703 2760 766 operatur,
2803 712 2935 768 qua
2969 713 3073 752 sua
3113 701 3272 754 sunt.
3315 697 3427 755 Sed
3468 699 3764 759 hominem

2067 784 2317 852 inducit,
2346 789 2412 839 ut
2461 784 2752 840 existimet
2798 791 3056 842 mentem
3098 802 3266 842 suam
3306 803 3437 844 esse
3476 791 3768 847 smunda—

2067 880 2226 928 tam:
2261 877 2318 929 et
2362 873 2446 929 sic
2488 890 2655 945 porro
2699 874 2951 945 impellit
2986 877 3259 932 eumdem
3299 875 3360 932 in
3401 878 3768 949 perfectionis

2068 963 2523 1032 persuasionem.
2586 962 2732 1017 Tum
2784 979 2916 1020 vero
2967 963 3258 1021 latronum
3308 965 3420 1022 ritu
3471 967 3529 1024 in
3576 967 3768 1040 ipsum

2067 1052 2204 1107 facit
2235 1051 2546 1123 impetum,
2580 1069 2839 1124 eumque
2871 1054 2928 1109 in
2953 1053 3157 1109 intima
3198 1070 3386 1126 usque
3416 1061 3576 1113 terra
3626 1074 3768 1130 pre-

2067 1140 2294 1212 cipitat.
2346 1140 2500 1197 Sunt
2558 1141 2827 1199 homines
2877 1141 3143 1198 innutriti
3192 1143 3523 1200 tractationi
3580 1162 3768 1202 armo-

2067 1245 2219 1298 rum,
2253 1229 2352 1301 qui
2393 1229 2564 1286 annis
2612 1229 2820 1301 viginti
2877 1235 2978 1286 aut
3022 1229 3350 1298 latrocinio,
3401 1237 3502 1287 aut
3555 1233 3770 1289 militia:

2068 1335 2407 1389 assuevere;
2459 1320 2677 1391 quippe
2720 1319 2921 1375 sciunt
2974 1319 3437 1376 machinationes
3485 1321 3544 1376 in
3596 1323 3770 1379 rebus

2067 1408 2436 1464 militaribus.
2471 1409 2539 1462 Hi
2585 1408 2910 1476 subsident,
2952 1413 3009 1464 et
3047 1409 3283 1465 insidiis
3326 1411 3662 1482 intendunt,
3706 1429 3770 1467 ac

2066 1499 2320 1553 hostium
2351 1502 2621 1553 avertunt
2649 1513 2820 1552 aures
2849 1516 2862 1566 ;
2896 1502 2953 1552 et
2982 1497 3066 1552 sic
3098 1497 3427 1554 insilientes
3475 1501 3771 1556 trucidant

2066 1601 2134 1641 ex
2165 1584 2520 1654 improvisio.
2573 1584 2796 1647 Quanto
2850 1585 3037 1656 magis
3087 1586 3335 1655 malitia,
3386 1590 3468 1641 tot
3517 1587 3768 1644 millium

2067 1689 2378 1740 annorum,
2411 1679 2467 1728 et
2495 1689 2639 1745 opus
2682 1674 2786 1728 hoc
2827 1673 3104 1743 perdendi
3157 1673 3383 1728 animas
3418 1674 3529 1729 sibi
3562 1691 3768 1746 propo-

2067 1777 2237 1829 nens,
2287 1761 2530 1816 insidias
2573 1763 2798 1815 noverit
2847 1760 3140 1831 ejusmodi
3185 1761 3242 1815 in
3286 1762 3481 1818 cordis
3521 1762 3768 1819 abscon-

2066 1851 2186 1906 dito
2234 1851 2626 1918 comminisci,
2675 1855 2732 1906 et
2776 1850 3140 1921 temporibus
3198 1851 3544 1922 opportunis
3575 1852 3647 1907 de
3679 1853 3770 1908 in-

2064 1939 2330 1996 dustria?
2378 1938 2499 1994 Imo
2549 1939 2801 2009 quietam
2841 1955 2966 1994 esse
3009 1943 3067 1994 et
3113 1955 3226 1995 non
3259 1939 3510 2012 operari,
3544 1945 3605 1996 ut
3643 1942 3768 1997 ani-

2066 2047 2217 2086 mam
2251 2030 2435 2100 ipsam
2477 2029 2536 2083 in
2569 2029 3004 2101 persuasionem
3038 2031 3406 2100 perfectionis
3440 2029 3770 2102 pertrahat?

2065 2120 2533 2176 Fundamentum
2586 2118 2787 2189 itaque
2842 2117 3278 2174 Christianismi
3335 2123 3441 2188 est,
3514 2125 3771 2191 quanta-

2065 2223 2292 2278 cunque
2337 2207 2470 2278 quis
2518 2207 2728 2262 obierit
2783 2207 3049 2262 omnium
3093 2207 3288 2262 ofﬁcia
3327 2209 3631 2276 virtutum,
3679 2208 3772 2262 his

2063 2301 2260 2353 tamen
2315 2313 2429 2351 non
2481 2297 2889 2368 acquiescere;
2951 2312 3066 2350 non
3126 2296 3201 2350 iis
3253 2297 3544 2353 confidere
3588 2316 3603 2367 ;
3653 2315 3769 2354 non

2064 2385 2200 2442 inde
2241 2401 2517 2456 magnum
2570 2385 2709 2454 quid
2742 2401 2803 2440 se
2845 2384 3048 2440 fecisse
3097 2389 3395 2456 reputare;
3431 2401 3619 2457 neque
3669 2388 3769 2443 ubi

2064 2477 2258 2548 gratias
2299 2477 2584 2547 particeps
2623 2479 2712 2531 est
2751 2475 2958 2536 factus.
3007 2481 3261 2546 repente,
3305 2494 3371 2532 ac
3409 2493 3468 2532 se
3507 2493 3772 2551 compre-

312 2561 589 2617 hendisse
635 2562 903 2618 arbitrari
940 2589 954 2633 ;
1004 2564 1182 2621 multo
1232 2567 1426 2622 minus
1477 2568 1634 2623 velut
1663 2568 1789 2638 jam
1841 2570 2104 2623 saturum
2147 2566 2350 2633 otiari;
2389 2565 2488 2637 qui
2533 2570 2657 2620 tum
2691 2566 2875 2635 magis
2901 2566 3121 2621 esurire
3153 2582 3219 2621 ac
3247 2566 3436 2638 sitire;
3475 2567 3674 2639 lugere
3703 2585 3769 2624 ac

309 2649 468 2716 ﬂere,
498 2667 566 2706 ac
595 2652 911 2707 contritum
945 2653 1178 2725 penitus
1208 2670 1306 2710 cor
1336 2655 1567 2712 habere.

381 2739 508 2794 AA'.
544 2737 669 2792 Νόει
705 2758 797 2811 μοι
841 2741 940 2810 τὴν
990 2743 1358 2814 πνευματικὴν
1409 2743 1728 2799 κατάστασιν
1775 2744 1950 2806 οὕτως

309 2823 332 2844 9³
543 2828 558 2846 ρ
924 2829 936 2847 \
1429 2835 1442 2848 ε

308 2847 492 2902 εχειν.
562 2828 774 2883 Υπόθου
829 2850 947 2884 τινα
1003 2830 1135 2886 εἶναι
1196 2831 1481 2904 βασιλικον
1533 2833 1716 2889 οἶκον·
1775 2832 1952 2906 τούτῳ

306 2912 364 2970 δὲ
413 2915 582 2977 αὐλὰς
634 2917 844 2972 ὑπεῖναι
899 2915 1217 2996 διαφόρους,
1262 2921 1351 2974 καὶ
1402 2921 1646 2996 πρόθυρά
1696 2943 1816 2976 τινα
1862 2923 1952 2976 καὶ

306 3005 488 3066 οἰκίας
548 3002 720 3067 ἄλλας
774 3004 1037 3082 ἐξωτέρας
1071 3027 1085 3044 ο
1117 3009 1207 3062 καὶ
1266 3007 1412 3064 οὕτω
1467 3010 1630 3063 πάλιν
1700 3011 1834 3064 κατὰ
1891 3011 1952 3065 τὸ

305 3092 608 3149 ἀκόλουθον
642 3092 946 3170 ἐνδοτέρας,
987 3095 1040 3150 ἐν
1085 3099 1171 3157 αἷς
1215 3099 1314 3167 τήν
1364 3099 1643 3174 πορφύραν
1689 3098 1776 3153 καὶ
1823 3099 1949 3160 τοὺς

309 3185 617 3256 θησαυροὺς
660 3183 801 3246 είκὸς
861 3185 1202 3242 ἀποκεῖσθαι.
1260 3187 1386 3240 Εἶτα
1443 3188 1530 3241 καὶ
1589 3188 1687 3254 τήν
1747 3187 1952 3241 τούτων

2132 2743 2321 2800 XXXI.
2380 2743 2580 2815 Cogita
2641 2743 2804 2812 mihi,
2867 2744 2952 2800 sic
3010 2760 3072 2800 se
3130 2744 3344 2800 habere
3401 2745 3765 2817 spiritualem

2062 2838 2306 2890 statum.
2357 2833 2530 2904 Finge
2580 2833 2682 2888 tibi
2730 2834 2924 2888 animo
2983 2833 3267 2906 palatium
3317 2835 3612 2907 quoddam
3676 2852 3764 2893 re-

2063 2923 2248 2993 gium,
2292 2923 2442 2978 aulis
2470 2928 2746 2977 constans
2789 2923 3064 2988 diversis;
3100 2940 3166 2979 ac
3198 2924 3486 2980 vestibula
3528 2925 3765 2996 quidem

2066 3012 2345 3082 principio
2421 3017 2667 3078 exstare,
2743 3017 3051 3082 partesque
3125 3015 3444 3068 anteriores
3493 3016 3762 3083 mdium;

2064 3108 2184 3154 tum
2247 3100 2559 3154 introrsum
2621 3101 2902 3155 continua
2953 3101 3102 3155 serie
3147 3101 3402 3171 penitius
3435 3101 3768 3158 recedentes

2067 3190 2233 3256 alias,
2266 3190 2324 3244 in
2367 3190 2584 3260 quibus
2633 3194 2689 3242 et
2734 3205 3050 3259 purpuram
3105 3194 3161 3243 et
3209 3189 3512 3246 thesauros
3565 3191 3765 3246 verisi-

305 3270 458 3334 αὖθις
496 3271 780 3348 ἐσωτέραν,
814 3273 951 3328 ὅπου
990 3276 1089 3344 τήν
1145 3275 1438 3350 βασιλικὴν
1491 3277 1623 3330 εἶναι
1674 3273 1953 3352 διαγωγήν

2132 3249 2231 3333 ile.
2270 3279 2347 3333 sit
2384 3249 2575 3332 .laters
2634 3249 2907 3348 reposita.
2969 3275 3184 3332 Deinde
3241 3294 3444 3333 rursus
3495 3283 3623 3349 post
3667 3279 3771 3335 has

304 3358 634 3431 ἐπιτήδειον.
695 3364 896 3438 Ὠσπερ
943 3363 1035 3418 οὖν
1085 3362 1134 3418 ε⁹ί
1183 3385 1264 3427 τις
1317 3366 1412 3427 τάς
1469 3364 1733 3440 ἐξωτέρας
1789 3363 1959 3428 αὐλάς

306 3472 366 3506 τε
398 3451 489 3506 καὶ
523 3452 692 3525 μονὰς
723 3451 1054 3524 ἀπαντήσας,
1104 3453 1148 3509 εἰ
1200 3451 1340 3523 δόξει
1390 3453 1516 3516 τοὺς
1571 3450 1723 3509 ἔνδον
1773 3454 1958 3517 οἷ’κους

305 3538 717 3618 κατειληφέναι,
777 3541 1121 3613 πεπλάνηται
1157 3561 1168 3574 ’
1232 3544 1374 3598 οὕτω
1433 3541 1498 3613 δὴ
1557 3543 1647 3598 καὶ
1705 3546 1840 3599 κατὰ
1895 3544 1958 3598 τὸ

306 3631 676 3702 πνευματικὸν
711 3630 1053 3696 ἀκολούθως.
1087 3633 1149 3687 Οἱ
1188 3633 1324 3708 πρὸς
1374 3631 1606 3708 γαστέρα
1653 3634 1741 3688 καὶ
1789 3635 1958 3690 ὕπνον

308 3717 738 3794 διαμαχόμενοι,
769 3719 1012 3794 ψαλμοῖς
1041 3741 1099 3776 τε
1128 3721 1219 3776 καὶ
1252 3722 1441 3796 εὐχαῖς
1475 3719 1741 3792 διηνεκῶς
1782 3743 1959 3797 προσ-

306 3808 568 3881 κείμενοι,
633 3811 708 3882 μή
755 3810 1126 3883 νομιζέτωσαν
1180 3809 1288 3882 ἤδη
1340 3817 1437 3866 τοῦ
1487 3811 1680 3876 τέλους
1725 3813 1812 3866 καὶ
1859 3814 1958 3879 τῆς

308 3899 698 3962 καταπαύσεως
781 3897 1073 3970 ἐπιϐῆναι.
1137 3901 1352 3970 ΙΙόθεν;
1413 3903 1536 3957 Ἔτι
1603 3902 1708 3976 γὰρ
1771 3901 1956 3963 αὐτοῖς

308 3992 433 4062 περί
481 3991 549 4045 τὰ
595 3990 842 4064 πρόθυρα
888 3992 978 4044 καὶ
1024 3991 1120 4052 τὰς
1166 3989 1336 4052 αὐλὰς
1377 3993 1412 4059 ἡ
1463 3989 1794 4066 ἀναστροφή·
1847 3990 1958 4064 οὐχ

303 4078 396 4133 ’ίνα
451 4081 550 4148 τήν
612 4079 896 4154 πορφύραν
947 4079 1035 4134 καὶ
1085 4079 1212 4142 τοὺς
1273 4077 1579 4154 θησαυροὺς
1641 4080 1957 4133 ὑποκεῖσθαι

303 4170 435 4229 τοὺς
470 4167 790 4244 βασιλικοὺς
825 4169 1095 4244 ὑπάρχει·
1128 4167 1224 4224 κᾶν
1265 4169 1495 4245 χάριτός
1523 4190 1666 4231 τινος
1714 4190 1956 4242 πνευμα-

305 4261 466 4323 τικῆς
498 4259 808 4328 ἠξιώθησαν
836 4276 849 4289 ⁸
879 4257 1019 4332 μηδέ
1047 4263 1208 4314 τοῦτο
1239 4257 1404 4315 πάλιν
1453 4259 1648 4324 αὐτοὺς
1676 4259 1956 4329 ἀπατάτω,

301 4352 406 4402 τοῦ
438 4346 635 4409 τὲλους
665 4347 940 4423 ἐπιτυχεῖν
975 4366 988 4380 ·

305 4436 360 4492 ἐν
412 4441 494 4510 τῷ
553 4436 860 4511 ὀστρακίνῳ
914 4437 1093 4511 τούτῳ
1143 4437 1318 4493 σκεύει
1397 4440 1488 4493 τὸν
1561 4439 1832 4512 θησαυρόν
1869 4456 1881 4469 ·
1913 4436 1958 4492 εἴ

301 4523 591 4580 ἐνεδύσατο
647 4530 746 4580 τοῦ
814 4525 1126 4598 Πνεύματος
1190 4527 1288 4596 τήν
1352 4527 1631 4603 πορφύραν
1669 4545 1683 4559 ·
1757 4527 1802 4580 εἰ
1866 4527 1956 4580 τὸν

1034 4347 1242 4424 ἐρευνᾷν
1266 4347 1359 4403 οὖν
1407 4355 1702 4422 προσῆκεν,
1736 4350 1781 4402 εἰ
1813 4347 1960 4422 εὗρεν

2075 3367 2268 3423 adhuc
2300 3365 2576 3421 interiora
2609 3365 2759 3422 208
2821 3366 3146 3421 conclavia:
3198 3366 3295 3422 ubi
3338 3367 3614 3423 diversari
3673 3384 3770 3423 rex

2069 3457 2197 3528 ipse
2231 3457 2511 3512 creditur.
2560 3453 2634 3510 Ut
2677 3455 2857 3526 igitur
2899 3455 2948 3510 si
2981 3455 3272 3526 quispiam
3311 3456 3639 3512 istiusmodi
3670 3473 3771 3513 ex-

2071 3546 2248 3602 timas
2283 3551 2513 3601 tantum
2560 3544 2843 3615 quasdam
2880 3545 3022 3600 forte
3065 3545 3362 3615 ingressus
3412 3545 3769 3613 mansiones,

2071 3635 2429 3690 existimaret
2463 3649 2522 3688 se
2554 3637 2680 3703 ipsa
2708 3633 2830 3703 jam
2875 3633 3191 3704 penetralia
3239 3632 3520 3690 domicilii
3552 3640 3768 3702 tenere,

2067 3724 2448 3778 vehementer
2493 3727 2758 3777 erraret:
2810 3721 2890 3776 ita
2923 3725 2982 3777 in
3030 3724 3204 3778 rebus
3252 3722 3663 3794 spiritualibus
3710 3741 3772 3780 se

2068 3829 2158 3868 res
2191 3813 2398 3878 habet;
2431 3811 2530 3880 qui
2581 3809 2795 3865 bellum
2845 3819 3038 3865 ventre
3087 3816 3143 3865 et
3186 3827 3394 3867 somno
3431 3810 3769 3880 inferentes,

2067 3901 2126 3955 in
2188 3899 2547 3970 psalmorum
2609 3913 2844 3968 quoque
2891 3897 3318 3962 decantatione,
3379 3902 3434 3952 et
3465 3898 3771 3953 continua-

2067 3990 2227 4044 tione
2259 4003 2495 4058 prscum
2530 3989 2916 4057 perseverant,
2956 4000 3029 4040 ne
3087 3989 3293 4057 putent
3341 4001 3402 4040 se
3446 3987 3772 4056 pervenisse

2059 4079 2179 4150 jam
2215 4078 2284 4133 ad
2320 4083 2596 4142 mentam,
2628 4090 2696 4131 ac
2727 4075 2939 4145 quietis
2970 4074 3304 4130 incendiose
3351 4073 3562 4130 cubile.
3608 4073 3772 4132 Unde

2066 4166 2219 4222 enim
2276 4166 2398 4220 haec
2447 4163 2799 4236 persuasio?
2843 4163 3047 4219 Adhuc
3088 4178 3286 4219 eorum
3322 4163 3380 4219 in
3414 4161 3770 4235 primoribus

2067 4255 2388 4326 porticibus
2437 4263 2492 4310 et
2544 4254 2698 4309 circa
2734 4251 2893 4308 aulas
2940 4253 3118 4309 haeret
3166 4252 3568 4320 conversatio;
3617 4269 3771 4310 non-

2067 4348 2208 4399 dum
2258 4343 2352 4398 ubi
2404 4359 2663 4413 purpura
2705 4344 2762 4396 et
2808 4340 3069 4396 thesauri
3127 4339 3267 4412 regii
3309 4344 3449 4396 sunt
3493 4340 3766 4412 repositi;

2066 4434 2200 4489 licet
2229 4434 2428 4505 gratia:
2456 4430 2776 4504 spiritualis
2807 4429 3060 4500 alicujus
3087 4431 3208 4485 sint
3231 4430 3414 4499 beati;
3440 4447 3532 4495 ne,
3552 4447 3767 4500 quaso,

2070 4523 2179 4578 hoc
2209 4539 2307 4577 eos
2338 4522 2606 4592 decipiat,
2655 4527 2720 4576 ut
2758 4520 2982 4592 apicem
3025 4519 3338 4590 arripuisse
3366 4520 3486 4588 jam
3526 4535 3588 4575 se
3636 4535 3772 4592 per-

305 4611 536 4690 βασιλέα
567 4611 676 4670 εἶδε
706 4614 795 4670 καὶ
826 4614 1182 4673 ἀνεπαύσατο.
1217 4614 1317 4669 Καὶ
1348 4616 1448 4690 γὰρ
1481 4613 1599 4670 ο⁹ίου
1652 4636 1747 4688 μοι
1792 4612 1955 4669 πάλιν

2132 4611 2325 4667 ctionis
2357 4617 2581 4683 putent.
2630 4611 2943 4682 Explorare
2991 4608 3245 4680 aliquem
3297 4609 3522 4680 aequius
3568 4610 3764 4676 fuerit;

303 4707 406 4773 τήν
444 4705 541 4777 μὶν
573 4705 759 4779 ψυχὴν
792 4705 963 4780 βάθος
989 4726 1046 4760 τι
1080 4703 1229 4780 ἔχειν
1270 4704 1358 4759 καὶ
1413 4704 1554 4778 μέλη
1613 4701 1822 4773 πολλά,
1858 4705 1956 4772 τήν

303 4790 363 4846 δὲ
411 4792 686 4866 ἁμαρτίαν
733 4791 1158 4848 ὑπεισελθοῦσαν
1204 4793 1270 4848 τά
1331 4789 1472 4865 μέλη
1524 4794 1715 4860 πάντα,
1760 4791 1850 4847 καὶ
1891 4793 1955 4847 τὰ

298 4883 555 4955 νοήματα
583 4888 686 4953 τῆς
715 4879 942 4957 καρδίας
969 4877 1296 4938 καταλαϐεῖν
1330 4901 1341 4914 ο
1373 4883 1484 4937 εἶτα
1524 4879 1953 4953 ἐπιζητήσαντος

297 4975 401 5026 τοῦ
434 4969 747 5044 Πνεύματος
776 4972 877 5039 τήν
909 4972 1091 5047 χάριν,
1132 4968 1333 5032 ἐλθεῖν,
1363 4971 1454 5026 καὶ
1499 4967 1596 5026 δύο
1637 4971 1807 5046 τυχὸν
1855 4973 1953 5039 τῆς

300 5067 492 5138 ψυχῆς
547 5063 685 5136 μέρη
737 5057 1054 5136 περιλαϐεῖν
1092 5083 1104 5096 ·
1153 5060 1246 5117 τδν
1294 5058 1384 5116 οὖν
1426 5061 1665 5135 ἀπείρως
1715 5056 1950 5137 ἔχοντα,

299 5151 442 5225 πρὸς
487 5157 588 5220 τῆς
647 5152 876 5226 χάριτος
929 5151 1134 5221 ταύτης
1186 5149 1671 5226 παρακαλούμενοι)
1730 5147 1952 5221 δόκησις

299 5237 445 5315 ἔχει,
493 5240 670 5295 πάντα
713 5240 782 5294 τὰ
842 5238 983 5311 μέλη
1040 5246 1140 5309 τῆς
1197 5244 1384 5319 ψυχῆς
1441 5237 1823 5317 κατειλῆφθαι,
1863 5239 1953 5293 καὶ

300 5331 405 5398 τήν
460 5328 727 5402 ἁμαρτίαν
773 5329 920 5390 ὅλως
969 5327 1313 5402 ἐκριζῶσθαι,
1369 5329 1444 5403 μή
1495 5325 1696 5394 εἰδότα,
1757 5327 1839 5381 ὅτι
1890 5327 1951 5381 τὸ

304 5415 570 5473 πλεῖστον
623 5416 787 5490 μέρος
846 5415 1013 5482 αὐτῆς
1067 5415 1146 5472 ἔτι
1205 5415 1538 5495 κατάσχετον
1595 5415 1685 5470 ὑπ’
1745 5414 1951 5486 ἐκείνης

305 5506 331 5562 ἰ
405 5508 419 5561 ί
525 5509 537 5530 ι
623 5507 636 5523 ε
757 5506 772 5524 ς
911 5505 972 5542 (ρ
1184 5505 1195 5523 ρ
1341 5501 1365 5522 κ
1793 5505 1806 5543 ξ
1899 5507 1917 5540 ς.

335 5527 396 5562 στ
427 5529 475 5564 ν.
542 5509 675 5564 Ενον
713 5527 835 5580 γαρ,
895 5528 970 5567 ω,
1015 5504 1289 5568 πολλακις
1336 5503 1669 5574 οεδήλωται,
1719 5526 1808 5560 κα.
1855 5526 1953 5575 την

305 5596 474 5672 χάριν
503 5593 869 5656 ἀδιαλείπτως
921 5594 1179 5670 ἐνεργεῖν,
1225 5592 1283 5647 ’ὸν
1315 5592 1516 5668 τρόπον
1566 5593 1849 5672 ὀφθαλμὸν
1898 5592 1950 5647 ἐν

304 5689 392 5761 τῷ
432 5686 664 5760 σώματι,
705 5683 796 5740 καὶ
838 5687 1071 5740 συνεῖναι
1120 5684 1220 5755 τήν
1270 5682 1461 5741 κακίαν
1511 5681 1952 5740 ὑποκλέπτουσαν

2066 4702 2272 4774 ecquid
2332 4703 2392 4756 in
2454 4718 2559 4757 suo
2616 4717 2752 4756 vase
2810 4699 2977 4754 fictili
3041 4700 3383 4753 thesaurum
3443 4696 3770 4754 invenerit?

2064 4790 2277 4864 Ecquid
2307 4792 2426 4862 jam
2457 4789 2706 4845 induerit
2739 4789 2994 4858 Spiritus
3037 4784 3400 4858 purpuram?
3443 4790 3530 4840 An
3571 4799 3764 4856 regem

2059 4879 2290 4951 viderit,
2341 4885 2399 4936 et
2445 4878 2896 4950 conquieverit?
2939 4875 3161 4930 Etenim
3211 4873 3485 4930 existima
3535 4887 3763 4929 rursum

2061 4970 2318 5025 animam
2361 4968 2597 5040 quidem
2653 4966 3105 5040 profunditatem
3148 4961 3486 5035 quampiam
3531 4961 3762 5027 habere,

2061 5065 2115 5115 et
2175 5059 2440 5114 membra
2502 5059 2722 5126 multa;
2785 5063 3080 5126 peccatum
3140 5058 3332 5108 autem
3392 5052 3763 5123 subrepsisse

2061 5153 2220 5220 putet
2255 5151 2312 5202 in
2376 5147 2668 5201 membras
2717 5145 2936 5211 omnia,
2989 5152 3044 5199 et
3090 5142 3471 5214 cogitationes
3527 5154 3762 5211 quoque

2060 5237 2252 5293 cordis
2284 5252 2619 5306 occupasse.
2653 5237 2868 5291 Deinde
2903 5240 3209 5303 postquam
3261 5231 3436 5285 homo
3469 5228 3762 5299 requisivit

2061 5327 2311 5395 Spiritus
2369 5326 2632 5394 gratiam,
2679 5340 2807 5380 eam
2868 5323 3100 5389 venire,
3152 5326 3208 5376 et
3264 5321 3410 5375 duas
3441 5317 3761 5389 apprchen-

2061 5419 2215 5472 disse
2249 5414 2509 5471 forsitam
2552 5415 2761 5470 animas
2795 5421 3000 5484 partes.
3034 5411 3094 5467 Id
3138 5427 3271 5466 cum
3306 5409 3549 5465 sentiret
3578 5407 3762 5481 impe-

2060 5505 2206 5561 ritus
2238 5506 2431 5575 gratiae
2482 5505 2679 5574 hujus,
2720 5503 3013 5575 opinatur,
3065 5499 3334 5555 universa
3389 5496 3602 5569 pariter
3629 5498 3762 5553 ani-

2059 5611 2161 5651 mae
2214 5595 2473 5650 membra
2514 5595 2709 5666 gratias
2756 5589 3173 5663 comprehensa
3213 5588 3268 5645 vi
3299 5586 3504 5656 teneri,
3535 5601 3602 5642 ac
3632 5599 3762 5656 pec-

2057 5687 2250 5740 catum
2294 5699 2360 5739 ex
2389 5699 2454 5739 eo
2498 5697 2736 5756 prorsus
2779 5681 3166 5749 eradicatum;
3219 5679 3489 5736 nesciens
3537 5672 3758 5747 pleras-

3689 5801 3715 5815 ad
