4100 6204
357 365 473 424 935
1701 354 1764 412 S.
1814 349 2144 410 MACARII
2189 352 2523 416 AEGYPTII
3696 360 3806 418 936

356 513 469 569 que
502 496 695 554 adhuc
726 496 936 551 animus
978 495 1173 560 partes
1223 488 1491 560 occupari
1524 504 1556 542 a
1604 493 1854 556 peccato.
1907 483 2058 538 Con-
2097 484 2136 549 Α
2172 483 2270 552 τήν

2134 537 2136 547 ,
2172 483 2270 552 τὴν
2305 481 2562 544 διάνοιαν,
2603 489 2660 542 '0
2690 485 2868 542 τοίνυν
2903 488 2977 556 μὴ
3013 485 3299 561 διακρίνειν
3339 485 3516 552 εἰδὼς,
3547 490 3624 551 ὡς
3674 491 3810 564 μέγα

353 602 513 642 cesso
544 588 698 642 enim
741 585 826 656 (ut
877 583 1092 653 saepius
1137 581 1606 635 demonstratum
1650 575 1758 647 est)
1805 574 2054 645 gratiam
2165 595 2216 628 τι
2249 596 2298 629 κς

2165 595 2216 628 τι
2249 574 2594 654 κατειληφὼς
2626 575 2757 648 ἤδη,
2801 577 2939 651 μέγα
2975 597 3033 631 τε
3072 577 3194 650 περὶ
3239 577 3429 633 ἑαυτοῦ
3479 575 3676 650 οἴεται,
3723 578 3811 632 καὶ

351 675 751 733 indesinenter
815 672 1076 745 operari,
1139 670 1292 725 sicut
1343 668 1576 723 oculum
1630 665 1688 719 in
1740 680 1979 734 corpore
2041 679 2054 731 ;
2167 663 2242 726 ὡς

2167 663 2242 726 ὡς
2298 667 2396 733 τήν
2457 667 2693 741 ἐσχάτην
2752 667 3009 740 κάθαρσιν
3069 667 3417 742 συνεσχηκὼς
3453 667 3759 744 τετύφωται
3793 685 3806 702 ’

351 783 484 822 cum
526 783 589 822 eo
636 771 830 820 tamen
874 761 1255 818 nihilominus
1303 767 1388 814 est
1436 771 1658 820 verum,
1709 754 1883 809 simul
1919 769 2053 808 cum
2166 748 2298 828 ἔχειι

2166 748 2310 828 ἔχειν
2355 751 2410 808 δὲ
2455 756 2554 824 τήν
2601 754 2859 826 ἀλήθειαν
2917 761 3320 830 συνηγοροῦσαν
3367 755 3536 828 αὐτῷ,
3595 754 3811 811 πολλοῦ

351 873 420 912 ea
450 855 691 912 subesse
722 853 938 926 pariter
969 850 1280 915 malitiam,
1330 847 1575 902 latenter
1619 851 1872 899 mentem
1947 843 2052 898 fal-
2166 862 2228 916 γε
2257 864 2298 896 κέ

2166 862 2228 916 γε
2257 845 2344 898 καὶ
2379 841 2478 901 δεῖ.
2529 848 2614 906 Ὠς
2655 847 2760 919 γὰρ
2790 846 2816 900 ὁ
2850 845 3017 920 λόγος
3067 845 3270 923 φθάσας
3321 843 3592 916 ἐδήλωσε,
3640 844 3808 920 τέχνη

345 944 582 1001 lentem.
616 945 720 1010 Qui
755 959 890 1014 ergo
923 942 1075 997 haud
1121 939 1263 995 satis
1313 937 1471 992 novit
1500 937 1849 998 discernere,
1884 935 2053 1005 quasi
2163 936 2241 1002 τῷ

2163 936 2241 1002 τῷ
2299 938 2512 987 Σατανᾶ
2558 934 2647 988 καὶ
2702 935 2835 1005 αὕτη
2874 932 3056 989 ’κατά
3111 955 3262 995 τινας
3329 936 3565 1009 χρόνους
3624 934 3813 989 ἑκόντα

349 1051 628 1106 magnum
662 1034 800 1104 quid
829 1034 950 1101 jam
983 1032 1057 1086 sit
1084 1033 1409 1092 assecutus,
1433 1041 1707 1094 magnum
1739 1024 1957 1094 aliquid
1983 1025 2052 1079 de

346 1141 408 1182 se
454 1125 583 1195 ipso
636 1123 910 1194 Opinatur
946 1139 958 1188 ;
995 1125 1050 1176 et
1099 1119 1261 1190 quasi
1329 1117 1537 1173 ultima
1590 1115 1929 1186 purgatione
1977 1115 2048 1170 ad

348 1229 555 1283 purum
599 1215 869 1266 excoctus
921 1209 1018 1276 sit,
1070 1207 1325 1263 inﬂatur.
1381 1205 1490 1260 Sed
1554 1203 1801 1258 multum
1834 1221 1868 1258 a
1919 1219 2050 1258 vero

345 1303 509 1358 abest
540 1301 658 1355 haec
709 1301 837 1370 ejus
885 1297 1205 1353 vanissima
1253 1293 1572 1366 persuasio.
1609 1292 1683 1347 Ut
1718 1292 1871 1347 enim
1907 1309 2052 1363 prrs-

344 1391 555 1446 cedens
585 1404 777 1445 sermo
814 1385 1178 1449 monstravit,
1212 1401 1306 1439 ars
1341 1383 1458 1436 haec
1499 1390 1583 1436 est
1615 1380 1864 1447 Satanae,
1899 1395 2047 1450 quo-

346 1482 478 1536 dam
509 1483 772 1549 tempore
804 1478 872 1532 de
903 1474 1192 1530 industria
1237 1489 1300 1528 se
1333 1470 1709 1535 abscondere,
1743 1486 1828 1536 ac,
1881 1471 2050 1541 quasi

346 1569 694 1635 recessisset,
747 1565 1130 1621 intermittere
1175 1563 1399 1632 operari
1445 1579 1570 1634 qua
1622 1562 1892 1629 solebat;
1945 1562 2051 1618 hoc

346 1658 702 1730 spectantis,
764 1661 829 1711 ut
902 1659 1265 1726 arrogantem
1332 1653 1424 1708 sui
1498 1651 1769 1706 fiduciam
1846 1667 2048 1721 parum
2160 1649 2298 1723 δόξηι

2160 1649 2320 1723 δόξης
2371 1655 2492 1715 Υἱὸς
2543 1658 2676 1709 Θεοῦ
2724 1655 2813 1709 καὶ
2872 1655 3001 1718 Θεὸς
3055 1652 3125 1709 ὢν
3181 1656 3209 1710 ὁ
3264 1656 3516 1730 Χριστὸς,
3577 1655 3656 1715 εἶς
3721 1658 3811 1709 οἶα

345 1747 530 1804 cautis
615 1745 1018 1818 spiritualibus
1104 1745 1445 1815 ingeneret.
1533 1742 2048 1798 Verumenimvero
2157 1741 2298 1810 πάθη

2157 1741 2327 1810 πάθη,
2357 1742 2445 1795 καὶ
2494 1742 2738 1815 ἀτιμίαν,
2787 1744 2874 1798 καὶ
2933 1743 3163 1819 σταυρὸν
3216 1738 3416 1813 κατέϐη
3455 1746 3587 1798 ’καὶ
3640 1742 3809 1797 πάλιν

345 1838 444 1908 qui
500 1835 725 1908 plantat
778 1836 1027 1902 vineam,
1085 1835 1240 1889 haud
1292 1835 1490 1888 statim
1554 1831 1877 1886 vindemiat
1927 1832 2050 1902 ejus
2085 1831 2128 1894 Β
2160 1830 2298 1891 ὅπως

2160 1830 2308 1891 ὅπως
2347 1828 2434 1885 διὰ
2481 1832 2680 1902 ταύτην
2733 1833 2896 1887 αὐτοῦ
2955 1834 3052 1900 τὴν
3112 1833 3433 1888 ταπείνωσιν
3497 1835 3809 1907 ὑπερήρθη.

345 1927 620 1982 fructum.
679 1929 874 1997 Neque
923 1924 1021 1995 qui
1074 1939 1268 1979 semen
1319 1922 1377 1976 in
1428 1927 1641 1976 terram
1705 1922 1866 1992 jacit,
1926 1921 2048 1977 fru-
2156 1919 2245 1973 καὶ
2289 1921 2298 1972 ἐ

2156 1919 2245 1973 καὶ
2289 1921 2340 1973 ἐν
2391 1917 2533 1991 δεξιᾷ
2579 1925 2675 1976 τοῦ
2725 1920 2936 1996 Πάτρός
2982 1921 3243 1981 ἐγάθισεν.
3276 1928 3332 1978 Ὀ
3365 1920 3421 1977 δέ
3450 1943 3513 1997 γε
3562 1923 3809 1997 πονηρὸς

345 2024 605 2072 mentum
656 2016 857 2070 eodem
902 2019 1153 2085 tempore
1199 2012 1256 2066 in
1296 2011 1503 2066 horrea
1552 2009 1843 2065 convehit.
1896 2011 2046 2074 Quid
2159 2007 2279 2089 ὄφις

2159 2007 2279 2089 ὄφις
2311 2011 2368 2064 ἐκ
2398 2011 2619 2085 πρώτης
2649 2017 2728 2085 τῷ
2773 2010 2950 2086 ’Δδὰμ
3002 2013 3330 2088 ὕποσπείρας
3379 2013 3641 2082 Θεότητος
3699 2012 3809 2068 sm-

343 2105 522 2178 ergo?
571 2123 644 2160 an
693 2122 890 2161 recens
940 2111 1112 2160 natus
1155 2103 1349 2158 infans
1400 2102 1662 2173 perfectae
1713 2101 1904 2156 subito
1955 2100 2048 2156 in-
2157 2100 2298 2173 θυμίς

2157 2100 2376 2173 Θυμίαν,
2411 2100 2484 2162 εἷς
2518 2099 2630 2155 ο⁹ίαν
2664 2102 2824 2156 αὐτὸν
2852 2103 3159 2179 κατήγαγεν
3187 2103 3407 2175 ἀτιμίαν
3461 2100 3546 2157 διὰ
3602 2103 3809 2172 ταύτης

343 2202 702 2252 orementum
753 2194 1096 2266 adipiscitur
1139 2191 1371 2248 aetatis?
1420 2190 1664 2262 Respice
1713 2190 1770 2244 in
1825 2194 2044 2246 Jesum.
2161 2188 2224 2259 δὴ
2259 2213 2298 2244 ττ

2161 2188 2224 2259 δὴ
2259 2193 2354 2259 τῆς
2388 2189 2638 2260 οἰήσεως.
2666 2195 2840 2245 Ταῦτα
2871 2191 3043 2246 τοίνυν
3085 2192 3246 2254 αὐτὸς
3294 2192 3491 2247 ἐννοῶν
3539 2190 3805 2269 ἀσφάλιζε

345 2285 419 2339 Ex
449 2291 667 2357 quanta
693 2283 879 2356 gloria
914 2284 1090 2338 Filius
1123 2281 1222 2337 Dei
1254 2287 1311 2336 et
1340 2279 1494 2337 Deus
1537 2297 1668 2335 cum
1704 2287 1858 2335 esset
1888 2279 2048 2334 Chri-
2160 2301 2298 2334 σεαυ·

2160 2280 2375 2334 σεαυτὸν
2434 2278 2531 2348 ὅση
2595 2277 2844 2350 δύναμις,
2897 2281 2986 2335 καὶ
3038 2278 3309 2350 σπο·3δαζε
3361 2285 3648 2336 ταπεινοῦν
3722 2280 3808 2334 ἀεὶ

342 2379 489 2441 stus,
521 2375 579 2429 in
629 2380 771 2445 quot
815 2374 1128 2445 qualesque
1177 2373 1601 2443 perpessiones,
1659 2370 2040 2438 ignominiam
2149 2371 2248 2439 τὴν
2280 2390 2298 2422 ν

2149 2371 2248 2439 τὴν
2280 2366 2528 2443 καρδίαν,
2561 2370 2651 2424 καὶ
2687 2373 3154 2444 συντετριμμένην
3190 2370 3358 2449 ἔχειν.

340 2473 392 2519 et
465 2480 698 2520 crucem
768 2463 1130 2520 descenderit
1185 2477 1198 2527 ;
1270 2467 1326 2516 et
1387 2477 1590 2516 rursus
1662 2466 1894 2531 propter
1965 2461 2124 2514 illam
2202 2460 2387 2530 ipsam
2449 2463 2575 2528 ejus
2617 2461 3078 2518 humiliationem
3121 2462 3583 2533 superexaltatns
3653 2463 3808 2519 idem

339 2552 532 2619 fuerit,
565 2554 707 2608 adeo
740 2559 802 2607 ut
831 2552 1028 2606 sedeat
1057 2553 1125 2605 ad
1156 2551 1342 2605 Patris
1373 2552 1686 2605 dexteram.
1739 2554 1809 2602 At
1843 2548 2032 2604 malus
2073 2565 2312 2619 serpens
2361 2550 2769 2605 subseminata
2817 2551 3003 2621 primo
3043 2568 3149 2607 suo
3191 2567 3432 2608 susurro
3483 2553 3539 2607 in
3589 2553 3808 2608 Adami

339 2641 537 2695 animo
568 2641 882 2711 cupiditate
913 2641 1255 2705 divinitatis,
1291 2641 1348 2693 in
1401 2646 1683 2708 quantam
1732 2639 1924 2708 ipsum
1949 2639 2159 2706 dejecit
2197 2637 2608 2710 ignominiam,
2641 2639 2801 2696 illius
2841 2641 3248 2712 superbissimi
3284 2642 3452 2711 justa
3499 2643 3813 2712 punitione

339 2731 632 2786 desiderii.
694 2736 823 2786 Haec
898 2731 1073 2800 igitur
1131 2731 1257 2800 ipse
1318 2735 1621 2800 reputans,
1677 2729 1914 2783 consule
1946 2729 2072 2797 tibi,
2105 2731 2471 2786 constituens
2521 2736 2809 2802 quantum
2864 2738 3027 2804 potes
3065 2733 3126 2788 in
3179 2749 3382 2790 securo
3415 2750 3507 2791 res
3539 2739 3721 2803 tuas;
3758 2739 3812 2792 et

339 2821 505 2900 stude
527 2837 758 2892 semper
788 2821 1094 2876 humiliare
1128 2832 1290 2877 tuum
1323 2837 1440 2890 cor,
1473 2825 1530 2875 et
1557 2818 1722 2873 illiud
1759 2818 1970 2873 habere
1993 2818 2324 2875 contritum.

553 3161 1780 3332 ΜΑΚΑΡΙΟΥ
1913 3161 2386 3334 ΤΟΥ
2522 3162 3645 3338 ΜΕΓΑΛΟΥ

1295 3458 1594 3552 IIEPI
1679 3457 2462 3555 ΕΛΕΥΘΕΡΙΑΣ
2547 3459 2877 3556 ΝΟΟΣ

1965 3655 2200 3708 ΛΟΓΟΣ.

1267 3950 2118 4116 MACARII
2248 3952 2821 4120 MAGN
2831 3951 2902 4119 Ι

1376 4237 1533 4352 DE
1615 4237 1885 4351 LlBE
1901 4238 2282 4355 RTATE
2357 4240 2611 4354 MEN
2621 4241 2810 4355 TIS

1945 4448 2200 4510 LIBER.

2163 1030 2515 1102 παραχωρεῖν
2551 1071 2565 1096 ,
2627 1025 2714 1080 καὶ
2770 1027 2835 1081 τὰ
2893 1025 3124 1081 εἶωθότα
3184 1027 3260 1099 μὴ
3321 1025 3555 1102 ἐνεργεῖν
3592 1069 3607 1095 ,
3677 1026 3810 1080 κατὰ

2161 1115 2386 1180 σκοπὸν,
2451 1119 2548 1168 τοῦ
2611 1115 2789 1185 οἷήσιν
2856 1116 3204 1186 τελειότητος
3277 1121 3393 1178 τοῖς
3453 1115 3810 1188 ἀσκουμένοις

2165 1198 2460 1258 ὑποϐαλεῖν
2489 1225 2500 1238 ’
2533 1202 2680 1258 ἀλλᾶ
2714 1206 2790 1278 μὴ
2824 1207 2851 1259 ὁ
2884 1206 3127 1281 φυτεύων
3158 1204 3461 1278 ἀμπελῶνα
3491 1203 3812 1279 παρα-πόδας

2163 1288 2414 1367 λαμϐάνῃ
2457 1293 2544 1348 καὶ
2593 1294 2684 1349 τὸν
2731 1295 2938 1369 καρπόν
2975 1315 2988 1328 ·
3013 1293 3048 1364 ἤ
3081 1297 3108 1350 ὁ
3136 1297 3372 1370 σπείρων
3415 1297 3481 1351 τὰ
3522 1296 3812 1370 σπέρματα

2159 1379 2211 1435 ἒν
2244 1385 2310 1455 τῇ
2354 1386 2422 1457 γῇ
2471 1384 2561 1437 καὶ
2618 1385 2716 1453 τήν
2769 1381 3108 1459 συγκομιδὴν
3168 1386 3324 1447 εὐθὺς
3371 1383 3694 1457 ἐποιήσατο.
3753 1386 3808 1440 Τί

2163 1468 2255 1541 θές
2288 1471 2349 1526 τὸ
2381 1472 2651 1550 ἀρτιγενές
2682 1471 2900 1529 παιδίον
2944 1476 3126 1548 ἥψατο
3175 1482 3522 1551 παραχρῆμα
3570 1482 3674 1545 τῆς
3725 1497 3813 1530 τε·

2161 1563 2492 1633 λειότητος;
2549 1560 2892 1639 Ἀπὸϐλεψον
2951 1564 3027 1628 εἷς
3081 1567 3170 1621 τὸν
3236 1568 3446 1636 Ἰησοῦν
3481 1585 3494 1598 °
3527 1564 3588 1621 ἐκ
3646 1567 3813 1629 ποίας

384 4722 536 4778 209
570 4723 611 4776 Ι.
645 4721 786 4777 Cum
821 4717 1067 4776 audieris
1100 4717 1476 4774 descendisse
1506 4717 1800 4773 Christum
1833 4715 1891 4771 in
1923 4715 2016 4772 in-
2051 4721 2100 4787 ο
2206 4717 2284 4772 Α’.

2206 4717 2284 4772 Α’.
2336 4720 2496 4772 Ὅταν
2549 4717 2806 4793 ἀκούσῃς,
2853 4718 2934 4775 ὅτι
2993 4716 3267 4775 κατελθὼν
3327 4719 3354 4773 ὁ
3408 4720 3645 4794 Χριστὸς
3703 4722 3782 4784 εἰς

315 4812 486 4874 feros,
519 4813 576 4864 et
617 4810 877 4866 detentae
919 4807 1033 4864 illic
1065 4807 1290 4864 animas
1331 4806 1636 4872 liberasse,
1686 4821 1803 4860 non
1853 4803 2021 4873 longe

313 4898 526 4954 distare
582 4898 683 4954 illa
730 4900 800 4955 ab
843 4899 957 4964 his,
1016 4917 1143 4970 qua
1190 4914 1343 4954 nunc
1375 4899 1672 4968 gerentur,
1707 4898 1867 4964 puta.
1901 4894 2015 4949 Co-

309 4988 430 5061 gita
473 4989 614 5044 mihi
663 4990 998 5060 sepulcrum
1040 5005 1167 5045 esse
1225 5005 1342 5044 cor.
1389 4986 1471 5042 lbi
1526 4985 1910 5055 cogitationes
1960 4987 2016 5039 et

310 5084 532 5135 mentes
562 5079 822 5135 defossas
851 5080 1011 5151 gravi
1045 5077 1222 5134 teneri
1260 5075 1712 5146 comprehensas
1743 5075 2010 5145 caligine.

306 5169 476 5226 Venit
499 5169 674 5240 igitur
725 5169 1008 5224 Dominus
1065 5168 1136 5222 ad
1197 5167 1424 5222 animas
1463 5166 1523 5221 in
1566 5165 1769 5221 inl‘eris
1819 5164 2010 5233 ipsum

305 5259 558 5314 clamore
593 5276 801 5331 magno
836 5261 1188 5324 invocantes,
1234 5256 1292 5311 in
1337 5257 1689 5326 profundum
1744 5253 2010 5309 videlicet

304 5349 496 5402 cordis
555 5351 843 5418 advenit;
905 5353 961 5404 et
1017 5348 1096 5402 ibi
1168 5347 1334 5402 morti
1395 5346 1717 5418 imperans.
1755 5345 2005 5408 Dimitte,

303 5434 404 5501 ait,
461 5437 694 5494 clausas
752 5439 927 5494 isthic
993 5439 1244 5503 animas,
1305 5454 1397 5492 me
1454 5436 1548 5507 qui
1609 5451 1848 5507 possum
1908 5449 2005 5488 eas

299 5524 570 5594 liberare,
637 5535 696 5581 ut
760 5529 818 5583 id
878 5528 1087 5584 faciam
1151 5534 1405 5584 orantes.
1485 5527 1703 5582 Deinde
1769 5542 2002 5597 gravem

298 5613 552 5687 lapidem
597 5631 896 5674 removens
943 5621 1368 5689 superpositum
1426 5617 1655 5677 animae,
1708 5615 1998 5672 tumulum

296 5704 504 5777 aperit,
539 5708 593 5759 et
624 5719 747 5775 quis
771 5722 902 5762 vere
946 5711 1069 5761 erat
1110 5711 1362 5777 mortua,
1415 5706 1728 5764 resuscitat
1763 5721 1775 5760 :
1837 5721 1996 5775 qua.

2123 4797 2279 4871 ᾅδου,
2337 4807 2428 4867 τὰς
2481 4806 2753 4882 κατόχους
2814 4806 2924 4863 ἔκεῖ
2989 4809 3169 4884 ψυχας
3239 4807 3567 4886 ἄνεῤῥύσατο
3607 4855 3621 4878 ,
3698 4815 3778 4884 μὴ

2125 4892 2330 4966 μακρὰν
2365 4894 2499 4949 εἶναι
2531 4900 2697 4951 ταῦτα
2726 4899 2813 4952 καὶ
2864 4902 2970 4952 τῶν
3023 4902 3112 4953 νῦν
3165 4897 3509 4971 τελουμένων
3549 4900 3778 4973 νόμιζε.

2119 4981 2250 5039 Οἶου
2285 5007 2380 5057 μοι
2411 4987 2514 5060 γὰρ
2551 4993 2817 5060 μνημεῖον
2849 4990 2982 5044 εἶναι
3015 4991 3114 5059 τήν
3143 4986 3371 5064 καρδία-ι
3409 5008 3423 5020 ·
3447 4989 3606 5044 κάκεῖ
3646 4993 3780 5052 τοὺς

2120 5071 2421 5148 λκογισμῶς
2479 5077 2568 5130 καὶ
2630 5079 2719 5132 τὸν
2778 5083 2901 5133 νοῦν
2954 5080 3306 5154 κατωρυχθαι
3368 5079 3524 5152 βαρεῖ
3584 5079 3776 5135 σκότει

2117 5161 2615 5237 κατειλημμένους.
2649 5167 2908 5242 Ἔρχεται
2939 5172 3226 5244 τοιγαροῦν
3266 5169 3292 5222 ὁ
3329 5169 3524 5243 Κύριος
3557 5168 3637 5231 εἷς
3670 5169 3770 5232 τὰς

2117 5253 2170 5308 ἐν
2204 5248 2329 5322 ᾆδον
2373 5250 2734 5327 ἕπιϐουμένας
2765 5257 2923 5312 αὐτὸν
2966 5259 3168 5334 ψυχὰς,
3222 5259 3297 5320 εἰς
3346 5259 3407 5312 τὸ
3461 5258 3632 5333 βάθος
3665 5257 3777 5329 δη-

2115 5340 2255 5412 λαδή
2288 5350 2386 5412 τῆς
2436 5343 2682 5418 καρδίας,
2733 5345 2888 5401 κᾶκεῖ
2932 5352 3011 5419 τῷ
3044 5349 3258 5420 θανάτῳ
3305 5346 3773 5424 ἐγκελευόμενος-

2114 5433 2438 5504 ’Δνάπεμπε,
2473 5432 2637 5510 λέγει,
2687 5437 2782 5499 τὰς
2829 5437 2920 5512 ὲγκ
2961 5439 3063 5510 [εκ]
3097 5435 3385 5511 λεισμένας
3425 5438 3635 5512 ψυχας,
3668 5438 3775 5499 τᾶς

2184 5521 2199 5540 κ
2278 5523 2311 5558 εὶ
2371 5523 2417 5560 ’Ἰ
2651 5521 2674 5540 ἢ
2762 5525 2771 5540 Ι
2981 5524 2993 5546 ν
3191 5528 3202 5545 ι
3407 5527 3428 5546 τ
3564 5527 3576 5542 Ω

2111 5520 2208 5594 ἐμε
2240 5543 2327 5576 τοι
2359 5526 2615 5597 ρυσασοαι
2648 5537 2941 5598 ουναμενον
2976 5531 3328 5596 εκζητουσας.
3363 5532 3495 5581 Ειτα
3523 5548 3615 5581 τον
3654 5528 3772 5601 βα·-

2111 5611 2203 5683 ρυν
2233 5610 2386 5666 λίθον
2411 5609 2598 5687 διάρας
2629 5615 2718 5669 τὸν
2750 5617 2818 5687 τῇ
2841 5617 2996 5689 ψυχῇ
3020 5614 3374 5690 ἐπικείμενον,
3405 5616 3496 5669 τόν
3519 5635 3578 5669 τε
3597 5615 3771 5694 τάφον

2112 5702 2335 5778 ἀνοίγει,
2380 5705 2468 5756 καί
2517 5704 2608 5757 τὸν
2659 5703 2710 5758 ἐν
2752 5703 2984 5775 ἂληθείᾳ
3032 5707 3220 5780 νεκρὸν
3271 5707 3478 5775 ἆνιστᾷ,
3530 5707 3618 5760 καὶ
3665 5713 3772 5772 τῆς
