  <div class='ocr_page' id='page_1' title='image "/cluster/home/n/w/nwhite01/storage/ocr_20150623/34/hvd.32044073501835/478.png"; bbox 0 0 4076 6206; ppageno 0'>
   <div class='ocr_carea' id='block_1_1' title="bbox 329 329 451 391">
    <p class='ocr_par' dir='ltr' id='par_1_1' title="bbox 329 329 451 391">
     <span class='ocr_line' id='line_1_1' title="bbox 329 329 451 391; baseline -0.033 -1"><span class='ocrx_word' id='word_1_1' title='bbox 329 329 451 391; x_wconf 83' lang='lat'>937</span> 
     </span>
    </p>
   </div>
   <div class='ocr_carea' id='block_1_2' title="bbox 1415 321 2634 389">
    <p class='ocr_par' dir='ltr' id='par_1_2' title="bbox 1415 321 2634 389">
     <span class='ocr_line' id='line_1_2' title="bbox 1415 321 2634 389; baseline 0.007 -8"><span class='ocrx_word' id='word_1_2' title='bbox 1415 321 1642 382; x_wconf 81' lang='lat' dir='ltr'>LIBER</span> <span class='ocrx_word' id='word_1_3' title='bbox 1689 323 1789 381; x_wconf 91' lang='lat' dir='ltr'>DE</span> <span class='ocrx_word' id='word_1_4' title='bbox 1837 321 2270 385; x_wconf 77' lang='lat' dir='ltr'>LIBERTATE‘</span> <span class='ocrx_word' id='word_1_5' title='bbox 2315 327 2634 389; x_wconf 86' lang='lat' dir='ltr'>MENTIS.</span> 
     </span>
    </p>
   </div>
   <div class='ocr_carea' id='block_1_3' title="bbox 3674 339 3791 400">
    <p class='ocr_par' dir='ltr' id='par_1_3' title="bbox 3674 339 3791 400">
     <span class='ocr_line' id='line_1_3' title="bbox 3674 339 3791 400; baseline 0.026 -3"><span class='ocrx_word' id='word_1_6' title='bbox 3674 339 3791 400; x_wconf 88' lang='lat'>938</span> 
     </span>
    </p>
   </div>
   <div class='ocr_carea' id='block_1_4' title="bbox 326 451 1951 537">
    <p class='ocr_par' dir='ltr' id='par_1_4' title="bbox 326 451 1951 537">
     <span class='ocr_line' id='line_1_4' title="bbox 326 451 1951 537; baseline -0.004 -23"><span class='ocrx_word' id='word_1_7' title='bbox 326 458 596 537; x_wconf 83' lang='grc' dir='ltr'>ἀφεγγοῦς</span> <span class='ocrx_word' id='word_1_8' title='bbox 652 455 901 536; x_wconf 84' lang='grc' dir='ltr'>φυλακῆς</span> <span class='ocrx_word' id='word_1_9' title='bbox 961 456 1056 524; x_wconf 79' lang='grc' dir='ltr'>τήν</span> <span class='ocrx_word' id='word_1_10' title='bbox 1121 451 1579 531; x_wconf 69' lang='grc' dir='ltr'>ἐγκεκλεισμένην</span> <span class='ocrx_word' id='word_1_11' title='bbox 1637 453 1822 530; x_wconf 75' lang='grc' dir='ltr'>ψυχὴν</span> <span class='ocrx_word' id='word_1_12' title='bbox 1865 452 1951 508; x_wconf 82' lang='grc' dir='ltr'>ἀπ·</span> 
     </span>
    </p>
   </div>
   <div class='ocr_carea' id='block_1_5' title="bbox 2143 451 3787 537">
    <p class='ocr_par' dir='ltr' id='par_1_5' title="bbox 2143 457 3787 536">
     <span class='ocr_line' id='line_1_5' title="bbox 2143 457 3787 536; baseline 0.01 -26"><span class='ocrx_word' id='word_1_13' title='bbox 2143 473 2196 512; x_wconf 80' lang='grc' dir='ltr'>ιθ</span> <span class='ocrx_word' id='word_1_14' title='bbox 2226 458 2471 514; x_wconf 83' lang='lat' dir='ltr'><strong>obscura</strong></span> <span class='ocrx_word' id='word_1_15' title='bbox 2524 461 2790 517; x_wconf 89' lang='lat' dir='ltr'><strong>custodia</strong></span> <span class='ocrx_word' id='word_1_16' title='bbox 2845 461 3117 519; x_wconf 87' lang='lat' dir='ltr'><strong>conclusa</strong></span> <span class='ocrx_word' id='word_1_17' title='bbox 3171 464 3498 536; x_wconf 78' lang='lat' dir='ltr'><strong>tenebatur,</strong></span> <span class='ocrx_word' id='word_1_18' title='bbox 3531 457 3787 526; x_wconf 82' lang='lat' dir='ltr'><strong>animam</strong></span> 
     </span>
    </p>
   </div>
   <div class='ocr_carea' id='block_1_6' title="bbox 329 547 616 605">
    <p class='ocr_par' dir='ltr' id='par_1_6' title="bbox 329 547 616 605">
     <span class='ocr_line' id='line_1_6' title="bbox 329 547 616 605; baseline -0.003 0"><span class='ocrx_word' id='word_1_19' title='bbox 329 547 616 605; x_wconf 76' lang='grc' dir='ltr'>ἀλλάττει.</span> 
     </span>
    </p>
   </div>
   <div class='ocr_carea' id='block_1_7' title="bbox 403 629 1974 714">
    <p class='ocr_par' dir='ltr' id='par_1_7' title="bbox 403 629 1974 714">
     <span class='ocr_line' id='line_1_7' title="bbox 403 629 1974 714; baseline -0.006 -18"><span class='ocrx_word' id='word_1_20' title='bbox 403 641 485 696; x_wconf 89' lang='grc' dir='ltr'>Β’.</span> <span class='ocrx_word' id='word_1_21' title='bbox 549 631 866 708; x_wconf 81' lang='grc' dir='ltr'>Συμϐαίνει,</span> <span class='ocrx_word' id='word_1_22' title='bbox 925 635 1082 714; x_wconf 78' lang='grc' dir='ltr'>φησὶ,</span> <span class='ocrx_word' id='word_1_23' title='bbox 1139 631 1411 694; x_wconf 80' lang='grc' dir='ltr'>πολλάκις</span> <span class='ocrx_word' id='word_1_24' title='bbox 1485 629 1826 706; x_wconf 83' lang='grc' dir='ltr'>διαλέγεσθαί</span> <span class='ocrx_word' id='word_1_25' title='bbox 1892 652 1974 686; x_wconf 85' lang='grc' dir='ltr'>σοι</span> 
     </span>
    </p>
   </div>
   <div class='ocr_carea' id='block_1_8' title="bbox 326 723 1977 798">
    <p class='ocr_par' dir='ltr' id='par_1_8' title="bbox 326 723 1977 798">
     <span class='ocr_line' id='line_1_8' title="bbox 326 723 1977 798; baseline -0.004 -13"><span class='ocrx_word' id='word_1_26' title='bbox 326 731 446 785; x_wconf 85' lang='grc' dir='ltr'>καθ’</span> <span class='ocrx_word' id='word_1_27' title='bbox 499 724 782 795; x_wconf 77' lang='grc' dir='ltr'>ὑποϐολήν</span> <span class='ocrx_word' id='word_1_28' title='bbox 835 727 889 783; x_wconf 84' lang='grc' dir='ltr'>ἐν</span> <span class='ocrx_word' id='word_1_29' title='bbox 939 724 1135 798; x_wconf 79' lang='grc' dir='ltr'>καρδίᾳ</span> <span class='ocrx_word' id='word_1_30' title='bbox 1183 727 1275 782; x_wconf 84' lang='grc' dir='ltr'>τὸν</span> <span class='ocrx_word' id='word_1_31' title='bbox 1333 728 1596 793; x_wconf 82' lang='grc' dir='ltr'>Σατανᾶν,</span> <span class='ocrx_word' id='word_1_32' title='bbox 1645 723 1756 792; x_wconf 87' lang='grc' dir='ltr'>καὶ,</span> <span class='ocrx_word' id='word_1_33' title='bbox 1816 723 1977 787; x_wconf 76' lang='grc' dir='ltr'>Σύνες</span> 
     </span>
    </p>
   </div>
   <div class='ocr_carea' id='block_1_9' title="bbox 327 811 1972 895">
    <p class='ocr_par' dir='ltr' id='par_1_9' title="bbox 327 811 1972 895">
     <span class='ocr_line' id='line_1_9' title="bbox 327 811 1972 895; baseline -0.005 -21"><span class='ocrx_word' id='word_1_34' title='bbox 327 817 427 874; x_wconf 76' lang='grc' dir='ltr'>ὅσα</span> <span class='ocrx_word' id='word_1_35' title='bbox 459 816 707 895; x_wconf 77' lang='grc' dir='ltr'>εἷ’ργασαι</span> <span class='ocrx_word' id='word_1_36' title='bbox 746 816 983 891; x_wconf 73' lang='grc' dir='ltr'>πονηρὰ,</span> <span class='ocrx_word' id='word_1_37' title='bbox 1017 813 1193 892; x_wconf 84' lang='grc' dir='ltr'>λέγειν</span> <span class='ocrx_word' id='word_1_38' title='bbox 1230 834 1242 846; x_wconf 75' lang='grc'><strong><em>⁸</em></strong></span> <span class='ocrx_word' id='word_1_39' title='bbox 1277 812 1688 884; x_wconf 86' lang='grc' dir='ltr'>ἀναπέπλησταί</span> <span class='ocrx_word' id='word_1_40' title='bbox 1735 833 1818 866; x_wconf 89' lang='grc' dir='ltr'>σοι</span> <span class='ocrx_word' id='word_1_41' title='bbox 1841 811 1972 866; x_wconf 89' lang='grc' dir='ltr'>ἀνο-</span> 
     </span>
    </p>
   </div>
   <div class='ocr_carea' id='block_1_10' title="bbox 331 901 1972 986">
    <p class='ocr_par' dir='ltr' id='par_1_10' title="bbox 331 901 1972 986">
     <span class='ocr_line' id='line_1_10' title="bbox 331 901 1972 986; baseline -0.004 -24"><span class='ocrx_word' id='word_1_42' title='bbox 331 913 471 981; x_wconf 83' lang='grc' dir='ltr'>μιῶν</span> <span class='ocrx_word' id='word_1_43' title='bbox 505 910 538 977; x_wconf 77' lang='grc' dir='ltr'>ἠ</span> <span class='ocrx_word' id='word_1_44' title='bbox 573 909 751 986; x_wconf 78' lang='grc' dir='ltr'>ψυχὴ,</span> <span class='ocrx_word' id='word_1_45' title='bbox 790 902 1091 981; x_wconf 75' lang='grc' dir='ltr'>βεϐαρησαι</span> <span class='ocrx_word' id='word_1_46' title='bbox 1130 903 1369 967; x_wconf 90' lang='grc' dir='ltr'>πολλαῖς</span> <span class='ocrx_word' id='word_1_47' title='bbox 1416 903 1504 958; x_wconf 85' lang='grc' dir='ltr'>καὶ</span> <span class='ocrx_word' id='word_1_48' title='bbox 1553 901 1972 978; x_wconf 75' lang='grc' dir='ltr'>χαλεπωτάταις</span> 
     </span>
    </p>
   </div>
   <div class='ocr_carea' id='block_1_11' title="bbox 327 992 1968 1070">
    <p class='ocr_par' dir='ltr' id='par_1_11' title="bbox 327 992 1968 1070">
     <span class='ocr_line' id='line_1_11' title="bbox 327 992 1968 1070; baseline -0.002 -20"><span class='ocrx_word' id='word_1_49' title='bbox 327 995 640 1069; x_wconf 80' lang='grc' dir='ltr'>ἁμαρτίαις.</span> <span class='ocrx_word' id='word_1_50' title='bbox 673 997 766 1065; x_wconf 82' lang='grc' dir='ltr'>Μὴ</span> <span class='ocrx_word' id='word_1_51' title='bbox 817 995 1122 1051; x_wconf 70' lang='grc' dir='ltr'>λανθανέτω</span> <span class='ocrx_word' id='word_1_52' title='bbox 1161 999 1291 1070; x_wconf 92' lang='grc' dir='ltr'>γοῦν</span> <span class='ocrx_word' id='word_1_53' title='bbox 1324 1015 1380 1050; x_wconf 89' lang='grc' dir='ltr'>σε</span> <span class='ocrx_word' id='word_1_54' title='bbox 1427 997 1585 1048; x_wconf 87' lang='grc' dir='ltr'>τοῦτο</span> <span class='ocrx_word' id='word_1_55' title='bbox 1635 997 1831 1061; x_wconf 88' lang='grc' dir='ltr'>ποιῶν,</span> <span class='ocrx_word' id='word_1_56' title='bbox 1881 992 1968 1046; x_wconf 81' lang='grc' dir='ltr'>καὶ</span> 
     </span>
    </p>
   </div>
   <div class='ocr_carea' id='block_1_12' title="bbox 325 1081 1968 1160">
    <p class='ocr_par' dir='ltr' id='par_1_12' title="bbox 325 1081 1968 1160">
     <span class='ocr_line' id='line_1_12' title="bbox 325 1081 1968 1160; baseline -0.003 -20"><span class='ocrx_word' id='word_1_57' title='bbox 325 1086 687 1160; x_wconf 77' lang='grc' dir='ltr'>προσχήματι</span> <span class='ocrx_word' id='word_1_58' title='bbox 747 1085 1124 1147; x_wconf 84' lang='grc' dir='ltr'>ταπεινώσεως</span> <span class='ocrx_word' id='word_1_59' title='bbox 1200 1083 1275 1145; x_wconf 81' lang='grc' dir='ltr'>εἰς</span> <span class='ocrx_word' id='word_1_60' title='bbox 1333 1081 1636 1154; x_wconf 84' lang='grc' dir='ltr'>ἀπόγνωσιν</span> <span class='ocrx_word' id='word_1_61' title='bbox 1693 1083 1968 1135; x_wconf 79' lang='grc' dir='ltr'>συνωθῶν.</span> 
     </span>
    </p>
   </div>
   <div class='ocr_carea' id='block_1_13' title="bbox 325 1168 1968 1252">
    <p class='ocr_par' dir='ltr' id='par_1_13' title="bbox 325 1168 1968 1252">
     <span class='ocr_line' id='line_1_13' title="bbox 325 1168 1968 1252; baseline -0.004 -23"><span class='ocrx_word' id='word_1_62' title='bbox 325 1175 445 1252; x_wconf 78' lang='grc' dir='ltr'>Ἀφ’</span> <span class='ocrx_word' id='word_1_63' title='bbox 487 1173 549 1230; x_wconf 80' lang='grc' dir='ltr'>οὗ</span> <span class='ocrx_word' id='word_1_64' title='bbox 579 1176 684 1250; x_wconf 74' lang='grc' dir='ltr'>γὰρ</span> <span class='ocrx_word' id='word_1_65' title='bbox 716 1173 804 1229; x_wconf 69' lang='grc' dir='ltr'>διὰ</span> <span class='ocrx_word' id='word_1_66' title='bbox 840 1181 942 1242; x_wconf 84' lang='grc' dir='ltr'>τῆς</span> <span class='ocrx_word' id='word_1_67' title='bbox 986 1168 1342 1249; x_wconf 75' lang='grc' dir='ltr'>παραϐάσεως</span> <span class='ocrx_word' id='word_1_68' title='bbox 1377 1173 1688 1252; x_wconf 67' lang='grc' dir='ltr'>εἰσέφρησεν</span> <span class='ocrx_word' id='word_1_69' title='bbox 1720 1173 1754 1240; x_wconf 80' lang='grc' dir='ltr'><strong>ἡ</strong></span> <span class='ocrx_word' id='word_1_70' title='bbox 1787 1170 1968 1239; x_wconf 91' lang='grc' dir='ltr'>κακία,</span> 
     </span>
    </p>
   </div>
   <div class='ocr_carea' id='block_1_14' title="bbox 322 1258 1970 1340">
    <p class='ocr_par' dir='ltr' id='par_1_14' title="bbox 322 1258 1970 1340">
     <span class='ocr_line' id='line_1_14' title="bbox 322 1258 1970 1340; baseline -0.004 -21"><span class='ocrx_word' id='word_1_71' title='bbox 322 1261 565 1340; x_wconf 84' lang='grc' dir='ltr'>πάροδον</span> <span class='ocrx_word' id='word_1_72' title='bbox 629 1258 759 1340; x_wconf 76' lang='grc' dir='ltr'>ἔσχε</span> <span class='ocrx_word' id='word_1_73' title='bbox 825 1261 1163 1339; x_wconf 83' lang='grc' dir='ltr'>διαλέγεσθαι</span> <span class='ocrx_word' id='word_1_74' title='bbox 1219 1263 1556 1333; x_wconf 84' lang='grc' dir='ltr'>καθεκάστην</span> <span class='ocrx_word' id='word_1_75' title='bbox 1599 1263 1800 1336; x_wconf 81' lang='grc' dir='ltr'>τρόπον</span> <span class='ocrx_word' id='word_1_76' title='bbox 1849 1260 1970 1314; x_wconf 74' lang='grc' dir='ltr'>τινὰ</span> 
     </span>
    </p>
   </div>
   <div class='ocr_carea' id='block_1_15' title="bbox 323 1349 1967 1429">
    <p class='ocr_par' dir='ltr' id='par_1_15' title="bbox 323 1349 1967 1429">
     <span class='ocr_line' id='line_1_15' title="bbox 323 1349 1967 1429; baseline -0.004 -20"><span class='ocrx_word' id='word_1_77' title='bbox 323 1359 392 1428; x_wconf 78' lang='grc' dir='ltr'>τῇ</span> <span class='ocrx_word' id='word_1_78' title='bbox 454 1357 609 1428; x_wconf 77' lang='grc' dir='ltr'>ψυχῇ</span> <span class='ocrx_word' id='word_1_79' title='bbox 671 1355 744 1414; x_wconf 83' lang='grc' dir='ltr'>ὡς</span> <span class='ocrx_word' id='word_1_80' title='bbox 811 1352 1090 1429; x_wconf 79' lang='grc' dir='ltr'>ἄνθρωπον</span> <span class='ocrx_word' id='word_1_81' title='bbox 1147 1354 1437 1428; x_wconf 80' lang='grc' dir='ltr'>ἀνθρώπῳ,</span> <span class='ocrx_word' id='word_1_82' title='bbox 1503 1353 1592 1407; x_wconf 83' lang='grc' dir='ltr'>καὶ</span> <span class='ocrx_word' id='word_1_83' title='bbox 1655 1349 1967 1406; x_wconf 70' lang='grc' dir='ltr'>ὑποτιθέναι</span> 
     </span>
    </p>
   </div>
   <div class='ocr_carea' id='block_1_16' title="bbox 320 1438 1968 1517">
    <p class='ocr_par' dir='ltr' id='par_1_16' title="bbox 320 1438 1968 1517">
     <span class='ocr_line' id='line_1_16' title="bbox 320 1438 1968 1517; baseline -0.003 -19"><span class='ocrx_word' id='word_1_84' title='bbox 320 1443 388 1498; x_wconf 74' lang='grc' dir='ltr'>τὰ</span> <span class='ocrx_word' id='word_1_85' title='bbox 444 1441 641 1498; x_wconf 72' lang='grc' dir='ltr'>ἄτοπα.</span> <span class='ocrx_word' id='word_1_86' title='bbox 693 1441 1010 1517; x_wconf 84' lang='grc' dir='ltr'>’Δπόκριναι</span> <span class='ocrx_word' id='word_1_87' title='bbox 1074 1446 1346 1517; x_wconf 81' lang='grc' dir='ltr'>τοιγαρῶν</span> <span class='ocrx_word' id='word_1_88' title='bbox 1413 1443 1562 1511; x_wconf 85' lang='grc' dir='ltr'>αὐτῷ</span> <span class='ocrx_word' id='word_1_89' title='bbox 1620 1439 1730 1496; x_wconf 73' lang='grc' dir='ltr'>σύ.</span> <span class='ocrx_word' id='word_1_90' title='bbox 1809 1438 1968 1494; x_wconf 79' lang='grc' dir='ltr'>Ἀλλ’</span> 
     </span>
    </p>
   </div>
   <div class='ocr_carea' id='block_1_17' title="bbox 322 1525 1965 1606">
    <p class='ocr_par' dir='ltr' id='par_1_17' title="bbox 322 1525 1965 1606">
     <span class='ocr_line' id='line_1_17' title="bbox 322 1525 1965 1606; baseline -0.001 -20"><span class='ocrx_word' id='word_1_91' title='bbox 322 1525 440 1606; x_wconf 79' lang='grc' dir='ltr'>ἔχω</span> <span class='ocrx_word' id='word_1_92' title='bbox 481 1531 575 1593; x_wconf 77' lang='grc' dir='ltr'>τὰς</span> <span class='ocrx_word' id='word_1_93' title='bbox 637 1536 734 1586; x_wconf 89' lang='grc' dir='ltr'>τοῦ</span> <span class='ocrx_word' id='word_1_94' title='bbox 801 1536 933 1587; x_wconf 84' lang='grc' dir='ltr'>Θεοῦ</span> <span class='ocrx_word' id='word_1_95' title='bbox 1000 1527 1409 1594; x_wconf 74' lang='grc' dir='ltr'>διαϐεϐαιώσεις</span> <span class='ocrx_word' id='word_1_96' title='bbox 1477 1529 1774 1606; x_wconf 80' lang='grc' dir='ltr'>ἐγγράφους</span> <span class='ocrx_word' id='word_1_97' title='bbox 1809 1546 1822 1560; x_wconf 91' lang='grc'><strong>·</strong></span> <span class='ocrx_word' id='word_1_98' title='bbox 1891 1530 1965 1584; x_wconf 85' lang='grc' dir='ltr'>Οὐ</span> 
     </span>
    </p>
   </div>
   <div class='ocr_carea' id='block_1_18' title="bbox 323 1617 1964 1696">
    <p class='ocr_par' dir='ltr' id='par_1_18' title="bbox 323 1617 1964 1696">
     <span class='ocr_line' id='line_1_18' title="bbox 323 1617 1964 1696; baseline -0.002 -21"><span class='ocrx_word' id='word_1_99' title='bbox 323 1620 630 1696; x_wconf 77' lang='grc' dir='ltr'>βούλομαι,</span> <span class='ocrx_word' id='word_1_100' title='bbox 683 1620 961 1696; x_wconf 86' lang='grc' dir='ltr'>λέγοντος,</span> <span class='ocrx_word' id='word_1_101' title='bbox 1015 1621 1106 1676; x_wconf 87' lang='grc' dir='ltr'>τὸν</span> <span class='ocrx_word' id='word_1_102' title='bbox 1167 1623 1391 1677; x_wconf 82' lang='grc' dir='ltr'>θάνατον</span> <span class='ocrx_word' id='word_1_103' title='bbox 1453 1625 1551 1676; x_wconf 89' lang='grc' dir='ltr'>τοῦ</span> <span class='ocrx_word' id='word_1_104' title='bbox 1610 1617 1964 1694; x_wconf 85' lang='grc' dir='ltr'>ἀμαρτωλοῦ,</span> 
     </span>
    </p>
   </div>
   <div class='ocr_carea' id='block_1_19' title="bbox 319 1708 1964 1785">
    <p class='ocr_par' dir='ltr' id='par_1_19' title="bbox 319 1708 1964 1785">
     <span class='ocr_line' id='line_1_19' title="bbox 319 1708 1964 1785; baseline -0.002 -20"><span class='ocrx_word' id='word_1_105' title='bbox 319 1710 394 1771; x_wconf 84' lang='grc' dir='ltr'>ὡς</span> <span class='ocrx_word' id='word_1_106' title='bbox 442 1711 505 1765; x_wconf 89' lang='grc' dir='ltr'>τὸ</span> <span class='ocrx_word' id='word_1_107' title='bbox 549 1709 865 1785; x_wconf 71' lang='grc' dir='ltr'>ἐπιστρέψαι</span> <span class='ocrx_word' id='word_1_108' title='bbox 919 1708 1006 1765; x_wconf 83' lang='grc' dir='ltr'>διὰ</span> <span class='ocrx_word' id='word_1_109' title='bbox 1050 1713 1337 1784; x_wconf 83' lang='grc' dir='ltr'>μετανοίας</span> <span class='ocrx_word' id='word_1_110' title='bbox 1391 1712 1480 1765; x_wconf 88' lang='grc' dir='ltr'>καὶ</span> <span class='ocrx_word' id='word_1_111' title='bbox 1539 1715 1635 1784; x_wconf 79' lang='grc' dir='ltr'>ζῇν</span> <span class='ocrx_word' id='word_1_112' title='bbox 1674 1708 1854 1764; x_wconf 74' lang='grc' dir='ltr'>αὐτόν.</span> <span class='ocrx_word' id='word_1_113' title='bbox 1905 1708 1964 1762; x_wconf 87' lang='grc' dir='ltr'>Τί</span> 
     </span>
    </p>
   </div>
   <div class='ocr_carea' id='block_1_20' title="bbox 317 1794 2043 1904">
    <p class='ocr_par' dir='ltr' id='par_1_20' title="bbox 317 1794 2043 1904">
     <span class='ocr_line' id='line_1_20' title="bbox 317 1794 2043 1904; baseline -0.002 -50"><span class='ocrx_word' id='word_1_114' title='bbox 317 1800 424 1874; x_wconf 81' lang='grc' dir='ltr'>γὰρ</span> <span class='ocrx_word' id='word_1_115' title='bbox 456 1794 715 1855; x_wconf 73' lang='grc' dir='ltr'>ἐϐούλετο</span> <span class='ocrx_word' id='word_1_116' title='bbox 764 1799 913 1871; x_wconf 74' lang='grc' dir='ltr'>αὺτῷ</span> <span class='ocrx_word' id='word_1_117' title='bbox 942 1802 976 1869; x_wconf 83' lang='grc' dir='ltr'>ἡ</span> <span class='ocrx_word' id='word_1_118' title='bbox 1010 1798 1262 1869; x_wconf 82' lang='grc' dir='ltr'>κάθοδος,</span> <span class='ocrx_word' id='word_1_119' title='bbox 1296 1799 1349 1855; x_wconf 79' lang='grc' dir='ltr'>εἷ’</span> <span class='ocrx_word' id='word_1_120' title='bbox 1370 1821 1431 1876; x_wconf 90' lang='grc' dir='ltr'>γε</span> <span class='ocrx_word' id='word_1_121' title='bbox 1485 1802 1560 1872; x_wconf 79' lang='grc' dir='ltr'>μή</span> <span class='ocrx_word' id='word_1_122' title='bbox 1612 1798 1738 1860; x_wconf 77' lang='grc' dir='ltr'>τοὺς</span> <span class='ocrx_word' id='word_1_123' title='bbox 1783 1800 1964 1872; x_wconf 75' lang='grc' dir='ltr'>ἁμαρ-ι</span> <span class='ocrx_word' id='word_1_124' title='bbox 1999 1840 2043 1904; x_wconf 78' lang='grc' dir='ltr'><strong>Β</strong></span> 
     </span>
    </p>
   </div>
   <div class='ocr_carea' id='block_1_21' title="bbox 317 1887 1962 1965">
    <p class='ocr_par' dir='ltr' id='par_1_21' title="bbox 317 1887 1962 1965">
     <span class='ocr_line' id='line_1_21' title="bbox 317 1887 1962 1965; baseline -0.002 -20"><span class='ocrx_word' id='word_1_125' title='bbox 317 1887 533 1951; x_wconf 81' lang='grc' dir='ltr'>τωλοῦς</span> <span class='ocrx_word' id='word_1_126' title='bbox 593 1889 800 1957; x_wconf 84' lang='grc' dir='ltr'>σώσει,</span> <span class='ocrx_word' id='word_1_127' title='bbox 858 1892 948 1944; x_wconf 84' lang='grc' dir='ltr'>καὶ</span> <span class='ocrx_word' id='word_1_128' title='bbox 1003 1891 1130 1954; x_wconf 82' lang='grc' dir='ltr'>τοὺς</span> <span class='ocrx_word' id='word_1_129' title='bbox 1187 1889 1238 1944; x_wconf 77' lang='grc' dir='ltr'>έν</span> <span class='ocrx_word' id='word_1_130' title='bbox 1305 1891 1484 1945; x_wconf 83' lang='grc' dir='ltr'>σκότει</span> <span class='ocrx_word' id='word_1_131' title='bbox 1550 1888 1804 1965; x_wconf 76' lang='grc' dir='ltr'>φωτίσει,</span> <span class='ocrx_word' id='word_1_132' title='bbox 1874 1888 1962 1942; x_wconf 87' lang='grc' dir='ltr'>καὶ</span> 
     </span>
    </p>
   </div>
   <div class='ocr_carea' id='block_1_22' title="bbox 324 1978 1358 2053">
    <p class='ocr_par' dir='ltr' id='par_1_22' title="bbox 324 1978 1358 2053">
     <span class='ocr_line' id='line_1_22' title="bbox 324 1978 1358 2053; baseline 0 -19"><span class='ocrx_word' id='word_1_133' title='bbox 324 1981 654 2050; x_wconf 75' lang='grc' dir='ltr'>ζωοποιήσει</span> <span class='ocrx_word' id='word_1_134' title='bbox 696 1978 823 2043; x_wconf 75' lang='grc' dir='ltr'>τοὺς</span> <span class='ocrx_word' id='word_1_135' title='bbox 852 1981 1358 2053; x_wconf 84' lang='grc' dir='ltr'>τεθανατωμένους;</span> 
     </span>
    </p>
   </div>
   <div class='ocr_carea' id='block_1_23' title="bbox 390 2066 1961 2144">
    <p class='ocr_par' dir='ltr' id='par_1_23' title="bbox 390 2066 1961 2144">
     <span class='ocr_line' id='line_1_23' title="bbox 390 2066 1961 2144; baseline -0.001 -20"><span class='ocrx_word' id='word_1_136' title='bbox 390 2070 464 2126; x_wconf 84' lang='grc' dir='ltr'>Γ’.</span> <span class='ocrx_word' id='word_1_137' title='bbox 525 2072 727 2144; x_wconf 83' lang='grc' dir='ltr'>Ὥσπερ</span> <span class='ocrx_word' id='word_1_138' title='bbox 759 2071 794 2138; x_wconf 71' lang='grc' dir='ltr'>ἡ</span> <span class='ocrx_word' id='word_1_139' title='bbox 826 2067 1038 2124; x_wconf 81' lang='grc' dir='ltr'>έναντία</span> <span class='ocrx_word' id='word_1_140' title='bbox 1087 2066 1336 2140; x_wconf 78' lang='grc' dir='ltr'>δύναμις,</span> <span class='ocrx_word' id='word_1_141' title='bbox 1387 2067 1528 2124; x_wconf 70' lang='grc' dir='ltr'>οὕτω</span> <span class='ocrx_word' id='word_1_142' title='bbox 1561 2066 1626 2139; x_wconf 77' lang='grc' dir='ltr'>δὴ</span> <span class='ocrx_word' id='word_1_143' title='bbox 1660 2068 1749 2123; x_wconf 83' lang='grc' dir='ltr'>καὶ</span> <span class='ocrx_word' id='word_1_144' title='bbox 1781 2071 1815 2138; x_wconf 81' lang='grc' dir='ltr'>ἡ</span> <span class='ocrx_word' id='word_1_145' title='bbox 1849 2068 1961 2123; x_wconf 87' lang='grc' dir='ltr'>θεία</span> 
     </span>
    </p>
   </div>
   <div class='ocr_carea' id='block_1_24' title="bbox 317 2157 1960 2234">
    <p class='ocr_par' dir='ltr' id='par_1_24' title="bbox 317 2157 1960 2234">
     <span class='ocr_line' id='line_1_24' title="bbox 317 2157 1960 2234; baseline -0.002 -20"><span class='ocrx_word' id='word_1_146' title='bbox 317 2160 482 2232; x_wconf 81' lang='grc' dir='ltr'>χάρις</span> <span class='ocrx_word' id='word_1_147' title='bbox 543 2160 936 2234; x_wconf 62' lang='grc' dir='ltr'>προτρεπική,</span> <span class='ocrx_word' id='word_1_148' title='bbox 988 2157 1086 2214; x_wconf 78' lang='grc' dir='ltr'>οὐκ</span> <span class='ocrx_word' id='word_1_149' title='bbox 1125 2159 1494 2233; x_wconf 81' lang='grc' dir='ltr'>ἀναγκαστεκή</span> <span class='ocrx_word' id='word_1_150' title='bbox 1549 2157 1817 2214; x_wconf 83' lang='grc' dir='ltr'>δείκνυται</span> <span class='ocrx_word' id='word_1_151' title='bbox 1863 2157 1960 2212; x_wconf 81' lang='grc' dir='ltr'>οῦ-</span> 
     </span>
    </p>
   </div>
   <div class='ocr_carea' id='block_1_25' title="bbox 315 2247 1956 2322">
    <p class='ocr_par' dir='ltr' id='par_1_25' title="bbox 315 2247 1956 2322">
     <span class='ocr_line' id='line_1_25' title="bbox 315 2247 1956 2322; baseline -0.001 -19"><span class='ocrx_word' id='word_1_152' title='bbox 315 2247 501 2312; x_wconf 82' lang='grc' dir='ltr'>σα,’ίν’</span> <span class='ocrx_word' id='word_1_153' title='bbox 551 2248 717 2312; x_wconf 77' lang='grc' dir='ltr'>ὄντως</span> <span class='ocrx_word' id='word_1_154' title='bbox 774 2252 903 2321; x_wconf 68' lang='grc' dir='ltr'>ἡμῖν</span> <span class='ocrx_word' id='word_1_155' title='bbox 954 2250 1014 2304; x_wconf 87' lang='grc' dir='ltr'>τὸ</span> <span class='ocrx_word' id='word_1_156' title='bbox 1065 2248 1346 2322; x_wconf 78' lang='grc' dir='ltr'>ἐλεύθερόν</span> <span class='ocrx_word' id='word_1_157' title='bbox 1393 2271 1449 2303; x_wconf 84' lang='grc' dir='ltr'>τε</span> <span class='ocrx_word' id='word_1_158' title='bbox 1497 2249 1587 2303; x_wconf 88' lang='grc' dir='ltr'>καὶ</span> <span class='ocrx_word' id='word_1_159' title='bbox 1618 2247 1956 2317; x_wconf 65' lang='grc' dir='ltr'>αὐτεξούσιον</span> 
     </span>
    </p>
   </div>
   <div class='ocr_carea' id='block_1_26' title="bbox 311 2337 1959 2414">
    <p class='ocr_par' dir='ltr' id='par_1_26' title="bbox 311 2337 1959 2414">
     <span class='ocr_line' id='line_1_26' title="bbox 311 2337 1959 2414; baseline -0.002 -21"><span class='ocrx_word' id='word_1_160' title='bbox 311 2338 711 2412; x_wconf 83' lang='grc' dir='ltr'>περισώζοιτο.</span> <span class='ocrx_word' id='word_1_161' title='bbox 782 2338 958 2413; x_wconf 75' lang='grc' dir='ltr'>Ταύτῃ</span> <span class='ocrx_word' id='word_1_162' title='bbox 1016 2358 1104 2393; x_wconf 88' lang='grc' dir='ltr'>τοι</span> <span class='ocrx_word' id='word_1_163' title='bbox 1158 2337 1248 2393; x_wconf 89' lang='grc' dir='ltr'>καὶ</span> <span class='ocrx_word' id='word_1_164' title='bbox 1304 2341 1388 2414; x_wconf 65' lang='grc' dir='ltr'>ἔφ’</span> <span class='ocrx_word' id='word_1_165' title='bbox 1445 2339 1531 2402; x_wconf 80' lang='grc' dir='ltr'>οἷς</span> <span class='ocrx_word' id='word_1_166' title='bbox 1589 2339 1616 2392; x_wconf 98' lang='lat'>6</span> <span class='ocrx_word' id='word_1_167' title='bbox 1674 2337 1959 2412; x_wconf 76' lang='grc' dir='ltr'>ἄνθρωπος</span> 
     </span>
    </p>
   </div>
   <div class='ocr_carea' id='block_1_27' title="bbox 310 2425 1959 2504">
    <p class='ocr_par' dir='ltr' id='par_1_27' title="bbox 310 2425 1959 2504">
     <span class='ocr_line' id='line_1_27' title="bbox 310 2425 1959 2504; baseline -0.002 -20"><span class='ocrx_word' id='word_1_168' title='bbox 310 2425 606 2504; x_wconf 63' lang='grc' dir='ltr'>ἐργάσηται</span> <span class='ocrx_word' id='word_1_169' title='bbox 636 2433 824 2489; x_wconf 82' lang='grc' dir='ltr'>κακοῖς</span> <span class='ocrx_word' id='word_1_170' title='bbox 865 2427 999 2502; x_wconf 87' lang='grc' dir='ltr'>πρὸς</span> <span class='ocrx_word' id='word_1_171' title='bbox 1030 2431 1126 2482; x_wconf 88' lang='grc' dir='ltr'>τοῦ</span> <span class='ocrx_word' id='word_1_172' title='bbox 1169 2433 1380 2482; x_wconf 88' lang='grc' dir='ltr'>Σατανᾶ</span> <span class='ocrx_word' id='word_1_173' title='bbox 1428 2429 1795 2504; x_wconf 83' lang='grc' dir='ltr'>ὑπαγόμενος,</span> <span class='ocrx_word' id='word_1_174' title='bbox 1850 2427 1959 2500; x_wconf 81' lang='grc' dir='ltr'>οὐχ</span> 
     </span>
    </p>
   </div>
   <div class='ocr_carea' id='block_1_28' title="bbox 311 2516 1954 2592">
    <p class='ocr_par' dir='ltr' id='par_1_28' title="bbox 311 2516 1954 2592">
     <span class='ocr_line' id='line_1_28' title="bbox 311 2516 1954 2592; baseline -0.002 -20"><span class='ocrx_word' id='word_1_175' title='bbox 311 2518 340 2572; x_wconf 90' lang='lat'>6</span> <span class='ocrx_word' id='word_1_176' title='bbox 393 2523 635 2579; x_wconf 79' lang='grc' dir='ltr'>Σατανᾶς</span> <span class='ocrx_word' id='word_1_177' title='bbox 689 2516 928 2592; x_wconf 80' lang='grc' dir='ltr'>μᾶλλον,</span> <span class='ocrx_word' id='word_1_178' title='bbox 978 2516 1108 2574; x_wconf 86' lang='grc' dir='ltr'>ἀλλ’</span> <span class='ocrx_word' id='word_1_179' title='bbox 1145 2516 1306 2579; x_wconf 80' lang='grc' dir='ltr'>αὐτὸς</span> <span class='ocrx_word' id='word_1_180' title='bbox 1345 2519 1373 2573; x_wconf 86' lang='lat'>6</span> <span class='ocrx_word' id='word_1_181' title='bbox 1415 2519 1697 2591; x_wconf 81' lang='grc' dir='ltr'>ἄνθρωπος</span> <span class='ocrx_word' id='word_1_182' title='bbox 1734 2519 1832 2586; x_wconf 74' lang='grc' dir='ltr'>τήν</span> <span class='ocrx_word' id='word_1_183' title='bbox 1873 2537 1954 2570; x_wconf 88' lang='grc' dir='ltr'>τι-</span> 
     </span>
    </p>
   </div>
   <div class='ocr_carea' id='block_1_29' title="bbox 315 2605 1958 2682">
    <p class='ocr_par' dir='ltr' id='par_1_29' title="bbox 315 2605 1958 2682">
     <span class='ocr_line' id='line_1_29' title="bbox 315 2605 1958 2682; baseline 0.001 -21"><span class='ocrx_word' id='word_1_184' title='bbox 315 2607 525 2682; x_wconf 84' lang='grc' dir='ltr'>μωρίαν</span> <span class='ocrx_word' id='word_1_185' title='bbox 585 2607 981 2682; x_wconf 81' lang='grc' dir='ltr'>εἰσπράττεται,</span> <span class='ocrx_word' id='word_1_186' title='bbox 1043 2607 1116 2669; x_wconf 84' lang='grc' dir='ltr'>ὡς</span> <span class='ocrx_word' id='word_1_187' title='bbox 1174 2609 1250 2679; x_wconf 82' lang='grc' dir='ltr'>μή</span> <span class='ocrx_word' id='word_1_188' title='bbox 1305 2606 1396 2681; x_wconf 82' lang='grc' dir='ltr'>βίᾳ</span> <span class='ocrx_word' id='word_1_189' title='bbox 1445 2606 1778 2676; x_wconf 84' lang='grc' dir='ltr'>συνελαθεὶς,</span> <span class='ocrx_word' id='word_1_190' title='bbox 1829 2605 1958 2663; x_wconf 86' lang='grc' dir='ltr'>ἀλλ’</span> 
     </span>
    </p>
   </div>
   <div class='ocr_carea' id='block_1_30' title="bbox 311 2694 1954 2771">
    <p class='ocr_par' dir='ltr' id='par_1_30' title="bbox 311 2694 1954 2771">
     <span class='ocr_line' id='line_1_30' title="bbox 311 2694 1954 2771; baseline -0.001 -20"><span class='ocrx_word' id='word_1_191' title='bbox 311 2694 440 2769; x_wconf 75' lang='grc' dir='ltr'>ἰδίῳ</span> <span class='ocrx_word' id='word_1_192' title='bbox 481 2695 756 2768; x_wconf 75' lang='grc' dir='ltr'>θελήματι</span> <span class='ocrx_word' id='word_1_193' title='bbox 802 2697 1040 2756; x_wconf 82' lang='grc' dir='ltr'>πεισθεὶς</span> <span class='ocrx_word' id='word_1_194' title='bbox 1087 2700 1156 2770; x_wconf 79' lang='grc' dir='ltr'>τῇ</span> <span class='ocrx_word' id='word_1_195' title='bbox 1205 2696 1385 2767; x_wconf 78' lang='grc' dir='ltr'>κακίᾳ.</span> <span class='ocrx_word' id='word_1_196' title='bbox 1444 2694 1848 2771; x_wconf 80' lang='grc' dir='ltr'>Ιιαραπλησίως</span> <span class='ocrx_word' id='word_1_197' title='bbox 1899 2694 1954 2751; x_wconf 78' lang='grc' dir='ltr'>δέ</span> 
     </span>
    </p>
   </div>
   <div class='ocr_carea' id='block_1_31' title="bbox 307 2784 1949 2864">
    <p class='ocr_par' dir='ltr' id='par_1_31' title="bbox 307 2784 1949 2864">
     <span class='ocr_line' id='line_1_31' title="bbox 307 2784 1949 2864; baseline 0 -23"><span class='ocrx_word' id='word_1_198' title='bbox 307 2787 403 2841; x_wconf 85' lang='grc' dir='ltr'>κάν</span> <span class='ocrx_word' id='word_1_199' title='bbox 467 2791 546 2858; x_wconf 85' lang='grc' dir='ltr'>τῷ</span> <span class='ocrx_word' id='word_1_200' title='bbox 601 2787 789 2860; x_wconf 81' lang='grc' dir='ltr'>ἀγαθῷ</span> <span class='ocrx_word' id='word_1_201' title='bbox 821 2805 835 2820; x_wconf 71' lang='grc'><em>⁸</em></span> <span class='ocrx_word' id='word_1_202' title='bbox 871 2784 974 2840; x_wconf 81' lang='grc' dir='ltr'>οὐκ</span> <span class='ocrx_word' id='word_1_203' title='bbox 1029 2784 1318 2864; x_wconf 82' lang='grc' dir='ltr'>ἐπιγράφει</span> <span class='ocrx_word' id='word_1_204' title='bbox 1372 2787 1434 2840; x_wconf 88' lang='grc' dir='ltr'>τὸ</span> <span class='ocrx_word' id='word_1_205' title='bbox 1489 2786 1705 2861; x_wconf 82' lang='grc' dir='ltr'>γεγονὸς</span> <span class='ocrx_word' id='word_1_206' title='bbox 1766 2788 1949 2860; x_wconf 77' lang='grc' dir='ltr'>ἑαυτῇ,</span> 
     </span>
    </p>
   </div>
   <div class='ocr_carea' id='block_1_32' title="bbox 305 2871 1952 2949">
    <p class='ocr_par' dir='ltr' id='par_1_32' title="bbox 305 2871 1952 2949">
     <span class='ocr_line' id='line_1_32' title="bbox 305 2871 1952 2949; baseline -0.001 -19"><span class='ocrx_word' id='word_1_207' title='bbox 305 2872 456 2930; x_wconf 76' lang='grc' dir='ltr'>ἀλλὰ</span> <span class='ocrx_word' id='word_1_208' title='bbox 483 2878 562 2944; x_wconf 81' lang='grc' dir='ltr'>τῷ</span> <span class='ocrx_word' id='word_1_209' title='bbox 590 2873 862 2949; x_wconf 77' lang='grc' dir='ltr'>ἀνθρώπῳ</span> <span class='ocrx_word' id='word_1_210' title='bbox 891 2876 926 2942; x_wconf 79' lang='grc' dir='ltr'>ἡ</span> <span class='ocrx_word' id='word_1_211' title='bbox 958 2874 1140 2949; x_wconf 85' lang='grc' dir='ltr'>χάρις,</span> <span class='ocrx_word' id='word_1_212' title='bbox 1175 2875 1264 2928; x_wconf 84' lang='grc' dir='ltr'>καὶ</span> <span class='ocrx_word' id='word_1_213' title='bbox 1297 2871 1388 2928; x_wconf 78' lang='grc' dir='ltr'>διὰ</span> <span class='ocrx_word' id='word_1_214' title='bbox 1414 2877 1573 2928; x_wconf 90' lang='grc' dir='ltr'>τοῦτο</span> <span class='ocrx_word' id='word_1_215' title='bbox 1615 2872 1770 2947; x_wconf 79' lang='grc' dir='ltr'>δόξαν</span> <span class='ocrx_word' id='word_1_216' title='bbox 1803 2875 1952 2946; x_wconf 75' lang='grc' dir='ltr'>αὗτῷ</span> 
     </span>
    </p>
   </div>
   <div class='ocr_carea' id='block_1_33' title="bbox 306 2962 1952 3040">
    <p class='ocr_par' dir='ltr' id='par_1_33' title="bbox 306 2962 1952 3040">
     <span class='ocr_line' id='line_1_33' title="bbox 306 2962 1952 3040; baseline -0.001 -20"><span class='ocrx_word' id='word_1_217' title='bbox 306 2963 671 3039; x_wconf 82' lang='grc' dir='ltr'>περιτίθησιν,</span> <span class='ocrx_word' id='word_1_218' title='bbox 731 2962 819 3018; x_wconf 82' lang='grc' dir='ltr'>ὅτι</span> <span class='ocrx_word' id='word_1_219' title='bbox 875 2963 1038 3025; x_wconf 85' lang='grc' dir='ltr'>αὐτος</span> <span class='ocrx_word' id='word_1_220' title='bbox 1095 2963 1268 3035; x_wconf 72' lang='grc' dir='ltr'>ἑαυτῷ</span> <span class='ocrx_word' id='word_1_221' title='bbox 1324 2967 1419 3018; x_wconf 89' lang='grc' dir='ltr'>τοῦ</span> <span class='ocrx_word' id='word_1_222' title='bbox 1477 2965 1678 3039; x_wconf 80' lang='grc' dir='ltr'>ἀγαθοῦ</span> <span class='ocrx_word' id='word_1_223' title='bbox 1737 2964 1952 3040; x_wconf 82' lang='grc' dir='ltr'>γέγονεν</span> 
     </span>
    </p>
   </div>
   <div class='ocr_carea' id='block_1_34' title="bbox 306 3051 1948 3130">
    <p class='ocr_par' dir='ltr' id='par_1_34' title="bbox 306 3051 1948 3130">
     <span class='ocr_line' id='line_1_34' title="bbox 306 3051 1948 3130; baseline -0.002 -20"><span class='ocrx_word' id='word_1_224' title='bbox 306 3053 498 3119; x_wconf 75' lang='grc' dir='ltr'>αἴτιος.</span> <span class='ocrx_word' id='word_1_225' title='bbox 535 3052 678 3114; x_wconf 73' lang='grc' dir='ltr'>Οὐδὲ</span> <span class='ocrx_word' id='word_1_226' title='bbox 717 3056 821 3129; x_wconf 83' lang='grc' dir='ltr'>γάρ</span> <span class='ocrx_word' id='word_1_227' title='bbox 868 3053 1234 3130; x_wconf 77' lang='grc' dir='ltr'>ἀναγκαστικῇ</span> <span class='ocrx_word' id='word_1_228' title='bbox 1287 3051 1529 3125; x_wconf 74' lang='grc' dir='ltr'>δυνάμει,</span> <span class='ocrx_word' id='word_1_229' title='bbox 1580 3054 1655 3117; x_wconf 84' lang='grc' dir='ltr'>ὡς</span> <span class='ocrx_word' id='word_1_230' title='bbox 1709 3052 1948 3128; x_wconf 75' lang='grc' dir='ltr'>ε’ίρηται,</span> 
     </span>
    </p>
   </div>
   <div class='ocr_carea' id='block_1_35' title="bbox 305 3142 1948 3218">
    <p class='ocr_par' dir='ltr' id='par_1_35' title="bbox 305 3142 1948 3218">
     <span class='ocr_line' id='line_1_35' title="bbox 305 3142 1948 3218; baseline -0.001 -18"><span class='ocrx_word' id='word_1_231' title='bbox 305 3143 676 3218; x_wconf 83' lang='grc' dir='ltr'>συνδεσμοῦσα</span> <span class='ocrx_word' id='word_1_232' title='bbox 707 3143 871 3199; x_wconf 81' lang='grc' dir='ltr'>αὐτοῦ</span> <span class='ocrx_word' id='word_1_233' title='bbox 907 3143 970 3198; x_wconf 86' lang='grc' dir='ltr'>τὸ</span> <span class='ocrx_word' id='word_1_234' title='bbox 1003 3142 1243 3216; x_wconf 84' lang='grc' dir='ltr'>θέλημα,</span> <span class='ocrx_word' id='word_1_235' title='bbox 1289 3148 1436 3198; x_wconf 91' lang='grc' dir='ltr'>ποιεῖ</span> <span class='ocrx_word' id='word_1_236' title='bbox 1482 3142 1748 3218; x_wconf 75' lang='grc' dir='ltr'>ἄτρεπτον</span> <span class='ocrx_word' id='word_1_237' title='bbox 1774 3147 1808 3213; x_wconf 78' lang='grc' dir='ltr'>ἡ</span> <span class='ocrx_word' id='word_1_238' title='bbox 1843 3144 1948 3218; x_wconf 78' lang='grc' dir='ltr'>χά-</span> 
     </span>
    </p>
   </div>
   <div class='ocr_carea' id='block_1_36' title="bbox 305 3205 2018 3310">
    <p class='ocr_par' dir='ltr' id='par_1_36' title="bbox 305 3205 2018 3310">
     <span class='ocr_line' id='line_1_36' title="bbox 305 3205 2018 3310; baseline -0.001 -20"><span class='ocrx_word' id='word_1_239' title='bbox 305 3254 436 3310; x_wconf 88' lang='grc' dir='ltr'>ρις·</span> <span class='ocrx_word' id='word_1_240' title='bbox 503 3233 650 3290; x_wconf 85' lang='grc' dir='ltr'>ἀλλά</span> <span class='ocrx_word' id='word_1_241' title='bbox 692 3233 872 3290; x_wconf 89' lang='grc' dir='ltr'>καίτοι</span> <span class='ocrx_word' id='word_1_242' title='bbox 931 3237 1177 3303; x_wconf 81' lang='grc' dir='ltr'>συνοῦσα,</span> <span class='ocrx_word' id='word_1_243' title='bbox 1245 3237 1324 3304; x_wconf 79' lang='grc' dir='ltr'>τῷ</span> <span class='ocrx_word' id='word_1_244' title='bbox 1388 3232 1713 3306; x_wconf 74' lang='grc' dir='ltr'>αὐτεξουσίῳ</span> <span class='ocrx_word' id='word_1_245' title='bbox 1770 3254 1943 3306; x_wconf 79' lang='grc' dir='ltr'>παρα-</span> <span class='ocrx_word' id='word_1_246' title='bbox 1977 3205 2018 3270; x_wconf 80' lang='lat' dir='ltr'>C</span> 
     </span>
    </p>
   </div>
   <div class='ocr_carea' id='block_1_37' title="bbox 302 3320 1947 3402">
    <p class='ocr_par' dir='ltr' id='par_1_37' title="bbox 302 3320 1947 3402">
     <span class='ocr_line' id='line_1_37' title="bbox 302 3320 1947 3402; baseline -0.001 -22"><span class='ocrx_word' id='word_1_247' title='bbox 302 3330 502 3400; x_wconf 80' lang='grc' dir='ltr'>χωρεῖ,</span> <span class='ocrx_word' id='word_1_248' title='bbox 540 3323 636 3379; x_wconf 55' lang='grc' dir='ltr'>τίνα</span> <span class='ocrx_word' id='word_1_249' title='bbox 667 3321 840 3394; x_wconf 79' lang='grc' dir='ltr'>δῆλον</span> <span class='ocrx_word' id='word_1_250' title='bbox 874 3325 960 3394; x_wconf 82' lang='grc' dir='ltr'>εἳη</span> <span class='ocrx_word' id='word_1_251' title='bbox 991 3325 1053 3378; x_wconf 88' lang='grc' dir='ltr'>τὸ</span> <span class='ocrx_word' id='word_1_252' title='bbox 1075 3326 1172 3380; x_wconf 90' lang='grc' dir='ltr'>τοῦ</span> <span class='ocrx_word' id='word_1_253' title='bbox 1193 3320 1360 3378; x_wconf 82' lang='grc' dir='ltr'>αὐτοῦ</span> <span class='ocrx_word' id='word_1_254' title='bbox 1387 3322 1623 3396; x_wconf 88' lang='grc' dir='ltr'>θέλημα,</span> <span class='ocrx_word' id='word_1_255' title='bbox 1657 3324 1807 3385; x_wconf 84' lang='grc' dir='ltr'>ὅπως</span> <span class='ocrx_word' id='word_1_256' title='bbox 1829 3320 1947 3402; x_wconf 78' lang='grc' dir='ltr'>ἔχει</span> 
     </span>
    </p>
   </div>
   <div class='ocr_carea' id='block_1_38' title="bbox 302 3411 1944 3492">
    <p class='ocr_par' dir='ltr' id='par_1_38' title="bbox 302 3411 1944 3492">
     <span class='ocr_line' id='line_1_38' title="bbox 302 3411 1944 3492; baseline 0.001 -24"><span class='ocrx_word' id='word_1_257' title='bbox 302 3414 442 3488; x_wconf 86' lang='grc' dir='ltr'>πρὸς</span> <span class='ocrx_word' id='word_1_258' title='bbox 493 3413 684 3487; x_wconf 77' lang='grc' dir='ltr'>ἀρετὴν</span> <span class='ocrx_word' id='word_1_259' title='bbox 734 3415 768 3484; x_wconf 72' lang='grc' dir='ltr'><strong>ἢ</strong></span> <span class='ocrx_word' id='word_1_260' title='bbox 800 3411 1008 3468; x_wconf 88' lang='grc' dir='ltr'>κακίαν.</span> <span class='ocrx_word' id='word_1_261' title='bbox 1057 3417 1237 3467; x_wconf 87' lang='grc' dir='ltr'>Κεῖται</span> <span class='ocrx_word' id='word_1_262' title='bbox 1283 3412 1387 3488; x_wconf 83' lang='grc' dir='ltr'>γὰρ</span> <span class='ocrx_word' id='word_1_263' title='bbox 1435 3412 1496 3467; x_wconf 78' lang='grc' dir='ltr'>οὗ</span> <span class='ocrx_word' id='word_1_264' title='bbox 1546 3417 1613 3487; x_wconf 82' lang='grc' dir='ltr'>τῇ</span> <span class='ocrx_word' id='word_1_265' title='bbox 1662 3414 1816 3492; x_wconf 80' lang='grc' dir='ltr'>φύσει</span> <span class='ocrx_word' id='word_1_266' title='bbox 1855 3414 1944 3469; x_wconf 88' lang='grc' dir='ltr'>νό-</span> 
     </span>
    </p>
   </div>
   <div class='ocr_carea' id='block_1_39' title="bbox 309 3499 1945 3575">
    <p class='ocr_par' dir='ltr' id='par_1_39' title="bbox 309 3499 1945 3575">
     <span class='ocr_line' id='line_1_39' title="bbox 309 3499 1945 3575; baseline 0 -19"><span class='ocrx_word' id='word_1_267' title='bbox 309 3521 436 3574; x_wconf 86' lang='grc' dir='ltr'>μος,</span> <span class='ocrx_word' id='word_1_268' title='bbox 467 3500 614 3556; x_wconf 79' lang='grc' dir='ltr'>ἀλλά</span> <span class='ocrx_word' id='word_1_269' title='bbox 641 3505 719 3572; x_wconf 83' lang='grc' dir='ltr'>τῷ</span> <span class='ocrx_word' id='word_1_270' title='bbox 750 3499 1078 3572; x_wconf 79' lang='grc' dir='ltr'>αὐτεξουσίῳ</span> <span class='ocrx_word' id='word_1_271' title='bbox 1106 3507 1206 3569; x_wconf 82' lang='grc' dir='ltr'>τῆς</span> <span class='ocrx_word' id='word_1_272' title='bbox 1238 3500 1626 3575; x_wconf 87' lang='grc' dir='ltr'>προαιρέσεως,</span> <span class='ocrx_word' id='word_1_273' title='bbox 1675 3508 1945 3575; x_wconf 81' lang='grc' dir='ltr'>τραπῆναι</span> 
     </span>
    </p>
   </div>
   <div class='ocr_carea' id='block_1_40' title="bbox 304 3588 1404 3664">
    <p class='ocr_par' dir='ltr' id='par_1_40' title="bbox 304 3588 1404 3664">
     <span class='ocr_line' id='line_1_40' title="bbox 304 3588 1404 3664; baseline 0.001 -18"><span class='ocrx_word' id='word_1_274' title='bbox 304 3588 584 3664; x_wconf 80' lang='grc' dir='ltr'>δυναμένῳ</span> <span class='ocrx_word' id='word_1_275' title='bbox 616 3591 751 3664; x_wconf 86' lang='grc' dir='ltr'>πρὸς</span> <span class='ocrx_word' id='word_1_276' title='bbox 783 3590 845 3645; x_wconf 87' lang='grc' dir='ltr'>τὸ</span> <span class='ocrx_word' id='word_1_277' title='bbox 875 3590 1070 3664; x_wconf 84' lang='grc' dir='ltr'>ἀγαθὸν</span> <span class='ocrx_word' id='word_1_278' title='bbox 1104 3588 1193 3645; x_wconf 88' lang='grc' dir='ltr'>καὶ</span> <span class='ocrx_word' id='word_1_279' title='bbox 1222 3591 1404 3647; x_wconf 87' lang='grc' dir='ltr'>κακόν.</span> 
     </span>
    </p>
   </div>
   <div class='ocr_carea' id='block_1_41' title="bbox 377 3775 1947 3855">
    <p class='ocr_par' dir='ltr' id='par_1_41' title="bbox 377 3775 1947 3855">
     <span class='ocr_line' id='line_1_41' title="bbox 377 3775 1947 3855; baseline -0.001 -20"><span class='ocrx_word' id='word_1_280' title='bbox 377 3779 448 3836; x_wconf 83' lang='grc' dir='ltr'>Δ’.</span> <span class='ocrx_word' id='word_1_281' title='bbox 484 3778 783 3835; x_wconf 80' lang='grc' dir='ltr'>Φυλαττειν</span> <span class='ocrx_word' id='word_1_282' title='bbox 818 3775 900 3833; x_wconf 81' lang='grc' dir='ltr'>δεῖ</span> <span class='ocrx_word' id='word_1_283' title='bbox 928 3779 1026 3848; x_wconf 84' lang='grc' dir='ltr'>τήν</span> <span class='ocrx_word' id='word_1_284' title='bbox 1057 3780 1264 3855; x_wconf 77' lang='grc' dir='ltr'>ψυχὴν,</span> <span class='ocrx_word' id='word_1_285' title='bbox 1308 3779 1399 3835; x_wconf 80' lang='grc' dir='ltr'>καὶ</span> <span class='ocrx_word' id='word_1_286' title='bbox 1447 3778 1790 3852; x_wconf 83' lang='grc' dir='ltr'>ἀνομίλητον</span> <span class='ocrx_word' id='word_1_287' title='bbox 1823 3801 1947 3836; x_wconf 64' lang='grc' dir='ltr'>συν-</span> 
     </span>
    </p>
   </div>
   <div class='ocr_carea' id='block_1_42' title="bbox 299 3863 1946 3944">
    <p class='ocr_par' dir='ltr' id='par_1_42' title="bbox 299 3863 1946 3944">
     <span class='ocr_line' id='line_1_42' title="bbox 299 3863 1946 3944; baseline -0.001 -20"><span class='ocrx_word' id='word_1_288' title='bbox 299 3873 488 3944; x_wconf 80' lang='grc' dir='ltr'>τηρεῖν</span> <span class='ocrx_word' id='word_1_289' title='bbox 522 3863 778 3943; x_wconf 78' lang='grc' dir='ltr'>βεϐήλων</span> <span class='ocrx_word' id='word_1_290' title='bbox 806 3869 893 3923; x_wconf 84' lang='grc' dir='ltr'>καὶ</span> <span class='ocrx_word' id='word_1_291' title='bbox 933 3874 1186 3942; x_wconf 78' lang='grc' dir='ltr'>πονηρῶν</span> <span class='ocrx_word' id='word_1_292' title='bbox 1239 3867 1545 3943; x_wconf 84' lang='grc' dir='ltr'>λογισμῶν.</span> <span class='ocrx_word' id='word_1_293' title='bbox 1592 3875 1792 3938; x_wconf 78' lang='grc' dir='ltr'>’Ὠσπερ</span> <span class='ocrx_word' id='word_1_294' title='bbox 1842 3872 1946 3944; x_wconf 74' lang='grc' dir='ltr'>γὰρ</span> 
     </span>
    </p>
   </div>
   <div class='ocr_carea' id='block_1_43' title="bbox 299 3956 1945 4033">
    <p class='ocr_par' dir='ltr' id='par_1_43' title="bbox 299 3956 1945 4033">
     <span class='ocr_line' id='line_1_43' title="bbox 299 3956 1945 4033; baseline -0.001 -20"><span class='ocrx_word' id='word_1_295' title='bbox 299 3959 366 4013; x_wconf 83' lang='grc' dir='ltr'>τὸ</span> <span class='ocrx_word' id='word_1_296' title='bbox 397 3962 557 4032; x_wconf 89' lang='grc' dir='ltr'>σῶμα</span> <span class='ocrx_word' id='word_1_297' title='bbox 610 3959 823 4030; x_wconf 82' lang='grc' dir='ltr'>σώματι</span> <span class='ocrx_word' id='word_1_298' title='bbox 877 3956 1133 4013; x_wconf 88' lang='grc' dir='ltr'>συνελθὸν</span> <span class='ocrx_word' id='word_1_299' title='bbox 1193 3958 1381 4033; x_wconf 71' lang='grc' dir='ltr'>ἑτέρῳ,</span> <span class='ocrx_word' id='word_1_300' title='bbox 1440 3959 1575 4032; x_wconf 89' lang='grc' dir='ltr'>πρὸς</span> <span class='ocrx_word' id='word_1_301' title='bbox 1623 3958 1945 4031; x_wconf 84' lang='grc' dir='ltr'>ἀκαθαρσίαν</span> 
     </span>
    </p>
   </div>
   <div class='ocr_carea' id='block_1_44' title="bbox 302 4044 1944 4126">
    <p class='ocr_par' dir='ltr' id='par_1_44' title="bbox 302 4044 1944 4126">
     <span class='ocr_line' id='line_1_44' title="bbox 302 4044 1944 4126; baseline 0 -24"><span class='ocrx_word' id='word_1_302' title='bbox 302 4047 569 4121; x_wconf 85' lang='grc' dir='ltr'>μιαίνεται</span> <span class='ocrx_word' id='word_1_303' title='bbox 606 4065 620 4081; x_wconf 76' lang='grc'><strong><em>⁸</em></strong></span> <span class='ocrx_word' id='word_1_304' title='bbox 653 4047 796 4103; x_wconf 77' lang='grc' dir='ltr'>οὕτω</span> <span class='ocrx_word' id='word_1_305' title='bbox 855 4044 922 4117; x_wconf 78' lang='grc' dir='ltr'>δὴ</span> <span class='ocrx_word' id='word_1_306' title='bbox 973 4047 1062 4102; x_wconf 80' lang='grc' dir='ltr'>καὶ</span> <span class='ocrx_word' id='word_1_307' title='bbox 1119 4048 1274 4123; x_wconf 77' lang='grc' dir='ltr'>ψυχὴ</span> <span class='ocrx_word' id='word_1_308' title='bbox 1334 4046 1604 4126; x_wconf 70' lang='grc' dir='ltr'>φθείρεται</span> <span class='ocrx_word' id='word_1_309' title='bbox 1681 4054 1944 4121; x_wconf 87' lang='grc' dir='ltr'>πονηροῖς</span> 
     </span>
    </p>
   </div>
   <div class='ocr_carea' id='block_1_45' title="bbox 299 4135 1946 4212">
    <p class='ocr_par' dir='ltr' id='par_1_45' title="bbox 299 4135 1946 4212">
     <span class='ocr_line' id='line_1_45' title="bbox 299 4135 1946 4212; baseline 0.001 -20"><span class='ocrx_word' id='word_1_310' title='bbox 299 4135 692 4209; x_wconf 78' lang='grc' dir='ltr'>συνδοιάζουσα</span> <span class='ocrx_word' id='word_1_311' title='bbox 747 4139 834 4192; x_wconf 84' lang='grc' dir='ltr'>καὶ</span> <span class='ocrx_word' id='word_1_312' title='bbox 891 4142 1110 4212; x_wconf 81' lang='grc' dir='ltr'>μιαροῖς</span> <span class='ocrx_word' id='word_1_313' title='bbox 1160 4136 1473 4212; x_wconf 85' lang='grc' dir='ltr'>λογισμοῖς,</span> <span class='ocrx_word' id='word_1_314' title='bbox 1519 4136 1824 4209; x_wconf 75' lang='grc' dir='ltr'>συνᾴδουσά</span> <span class='ocrx_word' id='word_1_315' title='bbox 1887 4159 1946 4193; x_wconf 87' lang='grc' dir='ltr'>τε</span> 
     </span>
    </p>
   </div>
   <div class='ocr_carea' id='block_1_46' title="bbox 301 4227 1948 4306">
    <p class='ocr_par' dir='ltr' id='par_1_46' title="bbox 301 4227 1948 4306">
     <span class='ocr_line' id='line_1_46' title="bbox 301 4227 1948 4306; baseline -0.001 -22"><span class='ocrx_word' id='word_1_316' title='bbox 301 4228 488 4290; x_wconf 78' lang='grc' dir='ltr'>αὐτοῖς</span> <span class='ocrx_word' id='word_1_317' title='bbox 519 4228 609 4283; x_wconf 80' lang='grc' dir='ltr'>καὶ</span> <span class='ocrx_word' id='word_1_318' title='bbox 650 4228 1000 4301; x_wconf 83' lang='grc' dir='ltr'>συντιθεμένη</span> <span class='ocrx_word' id='word_1_319' title='bbox 1035 4246 1050 4261; x_wconf 83' lang='lat'><strong><em>°</em></strong></span> <span class='ocrx_word' id='word_1_320' title='bbox 1085 4227 1214 4306; x_wconf 79' lang='grc' dir='ltr'>οὐχὶ</span> <span class='ocrx_word' id='word_1_321' title='bbox 1253 4233 1370 4290; x_wconf 91' lang='grc' dir='ltr'>τοῖς</span> <span class='ocrx_word' id='word_1_322' title='bbox 1407 4235 1508 4298; x_wconf 82' lang='grc' dir='ltr'>τῆς</span> <span class='ocrx_word' id='word_1_323' title='bbox 1528 4230 1794 4304; x_wconf 84' lang='grc' dir='ltr'>πονηρίας</span> <span class='ocrx_word' id='word_1_324' title='bbox 1850 4228 1948 4302; x_wconf 85' lang='grc' dir='ltr'>μό-</span> 
     </span>
    </p>
   </div>
   <div class='ocr_carea' id='block_1_47' title="bbox 294 4316 1941 4390">
    <p class='ocr_par' dir='ltr' id='par_1_47' title="bbox 294 4316 1941 4390">
     <span class='ocr_line' id='line_1_47' title="bbox 294 4316 1941 4390; baseline 0.001 -18"><span class='ocrx_word' id='word_1_325' title='bbox 294 4338 411 4388; x_wconf 85' lang='grc' dir='ltr'>νον,</span> <span class='ocrx_word' id='word_1_326' title='bbox 445 4316 591 4372; x_wconf 71' lang='grc' dir='ltr'>ἀλλὶ</span> <span class='ocrx_word' id='word_1_327' title='bbox 618 4318 710 4372; x_wconf 81' lang='grc' dir='ltr'>καὶ</span> <span class='ocrx_word' id='word_1_328' title='bbox 740 4317 970 4387; x_wconf 73' lang='grc' dir='ltr'>ἑκάστης</span> <span class='ocrx_word' id='word_1_329' title='bbox 1000 4317 1189 4377; x_wconf 86' lang='grc' dir='ltr'>κακίας</span> <span class='ocrx_word' id='word_1_330' title='bbox 1209 4337 1221 4350; x_wconf 91' lang='grc'><strong>·</strong></span> <span class='ocrx_word' id='word_1_331' title='bbox 1255 4318 1398 4387; x_wconf 78' lang='grc' dir='ltr'>οἷον,</span> <span class='ocrx_word' id='word_1_332' title='bbox 1429 4318 1701 4387; x_wconf 87' lang='grc' dir='ltr'>ἀπιστίας,</span> <span class='ocrx_word' id='word_1_333' title='bbox 1753 4316 1941 4390; x_wconf 86' lang='grc' dir='ltr'>δόλου,</span> 
     </span>
    </p>
   </div>
   <div class='ocr_carea' id='block_1_48' title="bbox 295 4403 1940 4484">
    <p class='ocr_par' dir='ltr' id='par_1_48' title="bbox 295 4403 1940 4484">
     <span class='ocr_line' id='line_1_48' title="bbox 295 4403 1940 4484; baseline 0.001 -23"><span class='ocrx_word' id='word_1_334' title='bbox 295 4403 633 4476; x_wconf 80' lang='grc' dir='ltr'>κενοδοξιας,</span> <span class='ocrx_word' id='word_1_335' title='bbox 665 4406 859 4480; x_wconf 80' lang='grc' dir='ltr'>ὀργῆς,</span> <span class='ocrx_word' id='word_1_336' title='bbox 891 4406 981 4461; x_wconf 88' lang='grc' dir='ltr'>καὶ</span> <span class='ocrx_word' id='word_1_337' title='bbox 1012 4406 1232 4484; x_wconf 79' lang='grc' dir='ltr'>φθόνου,</span> <span class='ocrx_word' id='word_1_338' title='bbox 1263 4407 1353 4461; x_wconf 81' lang='grc' dir='ltr'>καὶ</span> <span class='ocrx_word' id='word_1_339' title='bbox 1385 4405 1586 4481; x_wconf 81' lang='grc' dir='ltr'>ἔριδος.</span> <span class='ocrx_word' id='word_1_340' title='bbox 1635 4408 1732 4463; x_wconf 78' lang='grc' dir='ltr'>Καὶ</span> <span class='ocrx_word' id='word_1_341' title='bbox 1781 4408 1940 4463; x_wconf 84' lang='grc' dir='ltr'>τοῦτό</span> 
     </span>
    </p>
   </div>
   <div class='ocr_carea' id='block_1_49' title="bbox 295 4496 1941 4571">
    <p class='ocr_par' dir='ltr' id='par_1_49' title="bbox 295 4496 1941 4571">
     <span class='ocr_line' id='line_1_49' title="bbox 295 4496 1941 4571; baseline -0.001 -17"><span class='ocrx_word' id='word_1_342' title='bbox 295 4497 412 4554; x_wconf 78' lang='grc' dir='ltr'>ἐστι</span> <span class='ocrx_word' id='word_1_343' title='bbox 469 4498 531 4552; x_wconf 88' lang='grc' dir='ltr'>τὸ</span> <span class='ocrx_word' id='word_1_344' title='bbox 587 4497 862 4571; x_wconf 89' lang='grc' dir='ltr'>καθαίρειν</span> <span class='ocrx_word' id='word_1_345' title='bbox 932 4496 1153 4560; x_wconf 73' lang='grc' dir='ltr'>ἑαυτοὺς</span> <span class='ocrx_word' id='word_1_346' title='bbox 1210 4498 1315 4552; x_wconf 86' lang='grc' dir='ltr'>ἀπὸ</span> <span class='ocrx_word' id='word_1_347' title='bbox 1370 4500 1570 4559; x_wconf 84' lang='grc' dir='ltr'>παντὸς</span> <span class='ocrx_word' id='word_1_348' title='bbox 1649 4497 1941 4571; x_wconf 78' lang='grc' dir='ltr'>μολυσμοῦ</span> 
     </span>
    </p>
   </div>
   <div class='ocr_carea' id='block_1_50' title="bbox 2084 545 2316 601">
    <p class='ocr_par' dir='ltr' id='par_1_50' title="bbox 2084 545 2316 601">
     <span class='ocr_line' id='line_1_50' title="bbox 2084 545 2316 601; baseline 0.004 -1"><span class='ocrx_word' id='word_1_349' title='bbox 2084 545 2316 601; x_wconf 79' lang='lat' dir='ltr'>liberat.</span> 
     </span>
    </p>
   </div>
   <div class='ocr_carea' id='block_1_51' title="bbox 2155 635 3788 712">
    <p class='ocr_par' dir='ltr' id='par_1_51' title="bbox 2155 635 3788 712">
     <span class='ocr_line' id='line_1_51' title="bbox 2155 635 3788 712; baseline 0.009 -22"><span class='ocrx_word' id='word_1_350' title='bbox 2155 636 2224 692; x_wconf 89' lang='lat' dir='ltr'>II.</span> <span class='ocrx_word' id='word_1_351' title='bbox 2259 635 2557 711; x_wconf 88' lang='lat' dir='ltr'><strong>Contingit</strong></span> <span class='ocrx_word' id='word_1_352' title='bbox 2587 656 2740 712; x_wconf 86' lang='lat' dir='ltr'><strong>saepe</strong></span> <span class='ocrx_word' id='word_1_353' title='bbox 2770 640 3143 699; x_wconf 81' lang='lat' dir='ltr'>insusurrare</span> <span class='ocrx_word' id='word_1_354' title='bbox 3173 643 3281 699; x_wconf 91' lang='lat' dir='ltr'><strong>tibi</strong></span> <span class='ocrx_word' id='word_1_355' title='bbox 3303 645 3574 702; x_wconf 83' lang='lat' dir='ltr'><strong>Satanam</strong></span> <span class='ocrx_word' id='word_1_356' title='bbox 3598 648 3659 704; x_wconf 89' lang='lat' dir='ltr'><strong>in</strong></span> <span class='ocrx_word' id='word_1_357' title='bbox 3682 665 3788 704; x_wconf 88' lang='lat' dir='ltr'>au-</span> 
     </span>
    </p>
   </div>
   <div class='ocr_carea' id='block_1_52' title="bbox 2085 726 3786 810">
    <p class='ocr_par' dir='ltr' id='par_1_52' title="bbox 2085 726 3786 810">
     <span class='ocr_line' id='line_1_52' title="bbox 2085 726 3786 810; baseline 0.009 -32"><span class='ocrx_word' id='word_1_358' title='bbox 2085 739 2201 780; x_wconf 88' lang='lat' dir='ltr'>rem</span> <span class='ocrx_word' id='word_1_359' title='bbox 2237 726 2447 793; x_wconf 84' lang='lat' dir='ltr'><strong>cordis,</strong></span> <span class='ocrx_word' id='word_1_360' title='bbox 2480 737 2532 783; x_wconf 89' lang='lat' dir='ltr'><strong>et</strong></span> <span class='ocrx_word' id='word_1_361' title='bbox 2576 729 2807 786; x_wconf 85' lang='lat' dir='ltr'>dicere:</span> <span class='ocrx_word' id='word_1_362' title='bbox 2877 733 2998 788; x_wconf 90' lang='lat' dir='ltr'><strong>Scis</strong></span> <span class='ocrx_word' id='word_1_363' title='bbox 3028 741 3167 803; x_wconf 91' lang='lat' dir='ltr'><strong>quot</strong></span> <span class='ocrx_word' id='word_1_364' title='bbox 3220 741 3272 809; x_wconf 86' lang='lat' dir='ltr'><strong>et</strong></span> <span class='ocrx_word' id='word_1_365' title='bbox 3331 741 3550 807; x_wconf 87' lang='lat' dir='ltr'><strong>quanta</strong></span> <span class='ocrx_word' id='word_1_366' title='bbox 3580 753 3786 810; x_wconf 86' lang='lat' dir='ltr'><strong>perpe-</strong></span> 
     </span>
    </p>
   </div>
   <div class='ocr_carea' id='block_1_53' title="bbox 2083 813 3784 898">
    <p class='ocr_par' dir='ltr' id='par_1_53' title="bbox 2083 813 3784 898">
     <span class='ocr_line' id='line_1_53' title="bbox 2083 813 3784 898; baseline 0.009 -32"><span class='ocrx_word' id='word_1_367' title='bbox 2083 813 2249 868; x_wconf 89' lang='lat' dir='ltr'><strong>trasti</strong></span> <span class='ocrx_word' id='word_1_368' title='bbox 2291 816 2444 870; x_wconf 90' lang='lat' dir='ltr'><strong>mala</strong></span> <span class='ocrx_word' id='word_1_369' title='bbox 2465 816 2492 868; x_wconf 77' lang='lat' dir='ltr'>‘I</span> <span class='ocrx_word' id='word_1_370' title='bbox 2517 817 2735 889; x_wconf 87' lang='lat' dir='ltr'><strong>repleta</strong></span> <span class='ocrx_word' id='word_1_371' title='bbox 2782 819 2886 874; x_wconf 85' lang='lat' dir='ltr'>tibi</span> <span class='ocrx_word' id='word_1_372' title='bbox 2915 820 3232 877; x_wconf 81' lang='lat' dir='ltr'>sceleribus</span> <span class='ocrx_word' id='word_1_373' title='bbox 3263 829 3350 878; x_wconf 89' lang='lat' dir='ltr'><strong>est</strong></span> <span class='ocrx_word' id='word_1_374' title='bbox 3383 825 3618 895; x_wconf 87' lang='lat' dir='ltr'><strong>anima;</strong></span> <span class='ocrx_word' id='word_1_375' title='bbox 3650 843 3784 898; x_wconf 85' lang='lat' dir='ltr'><strong>gra-</strong></span> 
     </span>
    </p>
   </div>
   <div class='ocr_carea' id='block_1_54' title="bbox 2085 905 3784 986">
    <p class='ocr_par' dir='ltr' id='par_1_54' title="bbox 2085 905 3784 986">
     <span class='ocr_line' id='line_1_54' title="bbox 2085 905 3784 986; baseline 0.006 -27"><span class='ocrx_word' id='word_1_376' title='bbox 2085 905 2235 960; x_wconf 86' lang='lat' dir='ltr'><strong>varis</strong></span> <span class='ocrx_word' id='word_1_377' title='bbox 2267 906 2469 961; x_wconf 89' lang='lat' dir='ltr'><strong>multis</strong></span> <span class='ocrx_word' id='word_1_378' title='bbox 2499 911 2555 962; x_wconf 92' lang='lat' dir='ltr'><strong>et</strong></span> <span class='ocrx_word' id='word_1_379' title='bbox 2610 909 2948 965; x_wconf 70' lang='lat' dir='ltr'><strong>foedissimis</strong></span> <span class='ocrx_word' id='word_1_380' title='bbox 3010 914 3280 982; x_wconf 87' lang='lat' dir='ltr'><strong>peccatis.</strong></span> <span class='ocrx_word' id='word_1_381' title='bbox 3317 914 3440 971; x_wconf 90' lang='lat' dir='ltr'><strong>Non</strong></span> <span class='ocrx_word' id='word_1_382' title='bbox 3473 921 3528 972; x_wconf 91' lang='lat' dir='ltr'><strong>te</strong></span> <span class='ocrx_word' id='word_1_383' title='bbox 3586 917 3784 986; x_wconf 80' lang='lat' dir='ltr'>lateat,</span> 
     </span>
    </p>
   </div>
   <div class='ocr_carea' id='block_1_55' title="bbox 2081 997 3787 1078">
    <p class='ocr_par' dir='ltr' id='par_1_55' title="bbox 2081 997 3787 1078">
     <span class='ocr_line' id='line_1_55' title="bbox 2081 997 3787 1078; baseline 0.009 -29"><span class='ocrx_word' id='word_1_384' title='bbox 2081 1002 2486 1067; x_wconf 87' lang='lat' dir='ltr'><strong>suggerentem</strong></span> <span class='ocrx_word' id='word_1_385' title='bbox 2545 997 2685 1053; x_wconf 89' lang='lat' dir='ltr'><strong>talia</strong></span> <span class='ocrx_word' id='word_1_386' title='bbox 2749 999 2972 1055; x_wconf 87' lang='lat' dir='ltr'><strong>malum</strong></span> <span class='ocrx_word' id='word_1_387' title='bbox 3033 1003 3357 1059; x_wconf 84' lang='lat' dir='ltr'><strong>daemonem</strong></span> <span class='ocrx_word' id='word_1_388' title='bbox 3407 1005 3461 1060; x_wconf 87' lang='lat' dir='ltr'>id</span> <span class='ocrx_word' id='word_1_389' title='bbox 3497 1022 3689 1078; x_wconf 85' lang='lat' dir='ltr'><strong>agere,</strong></span> <span class='ocrx_word' id='word_1_390' title='bbox 3723 1017 3787 1063; x_wconf 88' lang='lat' dir='ltr'><strong>ut</strong></span> 
     </span>
    </p>
   </div>
   <div class='ocr_carea' id='block_1_56' title="bbox 2081 1085 3783 1163">
    <p class='ocr_par' dir='ltr' id='par_1_56' title="bbox 2081 1085 3783 1163">
     <span class='ocr_line' id='line_1_56' title="bbox 2081 1085 3783 1163; baseline 0.008 -25"><span class='ocrx_word' id='word_1_391' title='bbox 2081 1089 2135 1139; x_wconf 89' lang='lat' dir='ltr'>te</span> <span class='ocrx_word' id='word_1_392' title='bbox 2193 1086 2250 1140; x_wconf 91' lang='lat' dir='ltr'><strong>in</strong></span> <span class='ocrx_word' id='word_1_393' title='bbox 2283 1085 2770 1155; x_wconf 79' lang='lat' dir='ltr'><strong>deeperationem,</strong></span> <span class='ocrx_word' id='word_1_394' title='bbox 2802 1086 3152 1144; x_wconf 79' lang='lat' dir='ltr'>humilitatis</span> <span class='ocrx_word' id='word_1_395' title='bbox 3214 1099 3515 1163; x_wconf 73' lang='lat' dir='ltr'><strong>przetextu,</strong></span> <span class='ocrx_word' id='word_1_396' title='bbox 3549 1100 3783 1151; x_wconf 89' lang='lat' dir='ltr'><strong>contru-</strong></span> 
     </span>
    </p>
   </div>
   <div class='ocr_carea' id='block_1_57' title="bbox 2079 1174 3781 1252">
    <p class='ocr_par' dir='ltr' id='par_1_57' title="bbox 2079 1174 3781 1252">
     <span class='ocr_line' id='line_1_57' title="bbox 2079 1174 3781 1252; baseline 0.007 -24"><span class='ocrx_word' id='word_1_397' title='bbox 2079 1174 2198 1231; x_wconf 89' lang='lat' dir='ltr'><strong>dat.</strong></span> <span class='ocrx_word' id='word_1_398' title='bbox 2231 1177 2307 1229; x_wconf 84' lang='lat' dir='ltr'>Ex</span> <span class='ocrx_word' id='word_1_399' title='bbox 2339 1191 2454 1246; x_wconf 87' lang='lat' dir='ltr'>quo</span> <span class='ocrx_word' id='word_1_400' title='bbox 2502 1175 2657 1231; x_wconf 88' lang='lat' dir='ltr'><strong>enim</strong></span> <span class='ocrx_word' id='word_1_401' title='bbox 2692 1193 2792 1247; x_wconf 91' lang='lat' dir='ltr'>per</span> <span class='ocrx_word' id='word_1_402' title='bbox 2845 1179 3373 1248; x_wconf 81' lang='lat' dir='ltr'>transgressionem</span> <span class='ocrx_word' id='word_1_403' title='bbox 3407 1183 3656 1252; x_wconf 85' lang='lat' dir='ltr'>primam</span> <span class='ocrx_word' id='word_1_404' title='bbox 3693 1187 3781 1240; x_wconf 90' lang='lat' dir='ltr'>ir-</span> 
     </span>
    </p>
   </div>
   <div class='ocr_carea' id='block_1_58' title="bbox 2078 1265 3777 1335">
    <p class='ocr_par' dir='ltr' id='par_1_58' title="bbox 2078 1265 3777 1335">
     <span class='ocr_line' id='line_1_58' title="bbox 2078 1265 3777 1335; baseline 0.007 -17"><span class='ocrx_word' id='word_1_405' title='bbox 2078 1265 2258 1334; x_wconf 83' lang='lat' dir='ltr'><strong>repsit</strong></span> <span class='ocrx_word' id='word_1_406' title='bbox 2287 1265 2344 1320; x_wconf 91' lang='lat' dir='ltr'><strong>in</strong></span> <span class='ocrx_word' id='word_1_407' title='bbox 2376 1266 2673 1321; x_wconf 87' lang='lat' dir='ltr'>hominem</span> <span class='ocrx_word' id='word_1_408' title='bbox 2707 1266 2948 1335; x_wconf 90' lang='lat' dir='ltr'><strong>malitia,</strong></span> <span class='ocrx_word' id='word_1_409' title='bbox 3001 1267 3149 1322; x_wconf 91' lang='lat' dir='ltr'><strong>liber</strong></span> <span class='ocrx_word' id='word_1_410' title='bbox 3179 1269 3373 1324; x_wconf 79' lang='lat' dir='ltr'>aditus</span> <span class='ocrx_word' id='word_1_411' title='bbox 3403 1271 3635 1328; x_wconf 87' lang='lat' dir='ltr'>diabolo</span> <span class='ocrx_word' id='word_1_412' title='bbox 3678 1275 3777 1330; x_wconf 85' lang='lat' dir='ltr'>da-</span> 
     </span>
    </p>
   </div>
   <div class='ocr_carea' id='block_1_59' title="bbox 2076 1354 3780 1427">
    <p class='ocr_par' dir='ltr' id='par_1_59' title="bbox 2076 1354 3780 1427">
     <span class='ocr_line' id='line_1_59' title="bbox 2076 1354 3780 1427; baseline 0.007 -21"><span class='ocrx_word' id='word_1_413' title='bbox 2076 1355 2172 1406; x_wconf 90' lang='lat' dir='ltr'>tus</span> <span class='ocrx_word' id='word_1_414' title='bbox 2225 1357 2313 1407; x_wconf 88' lang='lat' dir='ltr'><strong>est</strong></span> <span class='ocrx_word' id='word_1_415' title='bbox 2377 1354 2635 1408; x_wconf 89' lang='lat' dir='ltr'><strong>animam</strong></span> <span class='ocrx_word' id='word_1_416' title='bbox 2685 1354 2946 1424; x_wconf 74' lang='lat' dir='ltr'>quotidie</span> <span class='ocrx_word' id='word_1_417' title='bbox 3001 1354 3436 1427; x_wconf 87' lang='lat' dir='ltr'><strong>alloquandam,</strong></span> <span class='ocrx_word' id='word_1_418' title='bbox 3487 1363 3546 1414; x_wconf 87' lang='lat' dir='ltr'>ut</span> <span class='ocrx_word' id='word_1_419' title='bbox 3609 1360 3780 1419; x_wconf 88' lang='lat' dir='ltr'><strong>homo</strong></span> 
     </span>
    </p>
   </div>
   <div class='ocr_carea' id='block_1_60' title="bbox 2078 1442 3783 1522">
    <p class='ocr_par' dir='ltr' id='par_1_60' title="bbox 2078 1442 3783 1522">
     <span class='ocr_line' id='line_1_60' title="bbox 2078 1442 3783 1522; baseline 0.006 -25"><span class='ocrx_word' id='word_1_420' title='bbox 2078 1442 2395 1505; x_wconf 88' lang='lat' dir='ltr'><strong>hominem,</strong></span> <span class='ocrx_word' id='word_1_421' title='bbox 2430 1451 2484 1498; x_wconf 92' lang='lat' dir='ltr'><strong>et</strong></span> <span class='ocrx_word' id='word_1_422' title='bbox 2513 1445 2580 1498; x_wconf 92' lang='lat' dir='ltr'>ad</span> <span class='ocrx_word' id='word_1_423' title='bbox 2607 1444 2794 1500; x_wconf 90' lang='lat' dir='ltr'><strong>eidem</strong></span> <span class='ocrx_word' id='word_1_424' title='bbox 2827 1449 3192 1516; x_wconf 85' lang='lat' dir='ltr'><strong>suggerenda</strong></span> <span class='ocrx_word' id='word_1_425' title='bbox 3223 1448 3499 1503; x_wconf 87' lang='lat' dir='ltr'><strong>absurda.</strong></span> <span class='ocrx_word' id='word_1_426' title='bbox 3527 1451 3783 1522; x_wconf 86' lang='lat' dir='ltr'><strong>Respon-</strong></span> 
     </span>
    </p>
   </div>
   <div class='ocr_carea' id='block_1_61' title="bbox 2077 1533 3782 1606">
    <p class='ocr_par' dir='ltr' id='par_1_61' title="bbox 2077 1533 3782 1606">
     <span class='ocr_line' id='line_1_61' title="bbox 2077 1533 3782 1606; baseline 0.006 -17"><span class='ocrx_word' id='word_1_427' title='bbox 2077 1535 2146 1589; x_wconf 91' lang='lat' dir='ltr'>de</span> <span class='ocrx_word' id='word_1_428' title='bbox 2180 1534 2357 1604; x_wconf 92' lang='lat' dir='ltr'><strong>igitur</strong></span> <span class='ocrx_word' id='word_1_429' title='bbox 2405 1533 2489 1588; x_wconf 88' lang='lat' dir='ltr'><strong>illi</strong></span> <span class='ocrx_word' id='word_1_430' title='bbox 2513 1539 2575 1589; x_wconf 91' lang='lat' dir='ltr'>tu</span> <span class='ocrx_word' id='word_1_431' title='bbox 2610 1551 2622 1591; x_wconf 92' lang='lat'>:</span> <span class='ocrx_word' id='word_1_432' title='bbox 2652 1535 2718 1590; x_wconf 83' lang='lat' dir='ltr'><strong>At</strong></span> <span class='ocrx_word' id='word_1_433' title='bbox 2752 1536 2928 1590; x_wconf 79' lang='lat' dir='ltr'><strong>habeo</strong></span> <span class='ocrx_word' id='word_1_434' title='bbox 2965 1535 3201 1606; x_wconf 75' lang='lat' dir='ltr'><strong>scripta:</strong></span> <span class='ocrx_word' id='word_1_435' title='bbox 3231 1541 3654 1596; x_wconf 73' lang='lat' dir='ltr'>asseveratione:</span> <span class='ocrx_word' id='word_1_436' title='bbox 3686 1543 3782 1600; x_wconf 85' lang='lat' dir='ltr'>Dei</span> 
     </span>
    </p>
   </div>
   <div class='ocr_carea' id='block_1_62' title="bbox 2077 1623 3781 1691">
    <p class='ocr_par' dir='ltr' id='par_1_62' title="bbox 2077 1623 3781 1691">
     <span class='ocr_line' id='line_1_62' title="bbox 2077 1623 3781 1691; baseline 0.005 -12"><span class='ocrx_word' id='word_1_437' title='bbox 2077 1623 2276 1680; x_wconf 77' lang='lat' dir='ltr'><strong>cientis</strong></span> <span class='ocrx_word' id='word_1_438' title='bbox 2307 1641 2324 1677; x_wconf 91' lang='lat'><strong><em>:</em></strong></span> <span class='ocrx_word' id='word_1_439' title='bbox 2365 1623 2497 1678; x_wconf 81' lang='lat' dir='ltr'><strong>Nolo</strong></span> <span class='ocrx_word' id='word_1_440' title='bbox 2535 1629 2767 1679; x_wconf 86' lang='lat' dir='ltr'><strong>mortem</strong></span> <span class='ocrx_word' id='word_1_441' title='bbox 2805 1627 3098 1691; x_wconf 81' lang='lat' dir='ltr'>peccatoris</span> <span class='ocrx_word' id='word_1_442' title='bbox 3121 1643 3144 1688; x_wconf 88' lang='lat'>;</span> <span class='ocrx_word' id='word_1_443' title='bbox 3183 1627 3275 1681; x_wconf 78' lang='lat' dir='ltr'>sed</span> <span class='ocrx_word' id='word_1_444' title='bbox 3319 1635 3380 1681; x_wconf 83' lang='lat' dir='ltr'><strong>ut</strong></span> <span class='ocrx_word' id='word_1_445' title='bbox 3430 1635 3781 1687; x_wconf 77' lang='lat' dir='ltr'>convertatur</span> 
     </span>
    </p>
   </div>
   <div class='ocr_carea' id='block_1_63' title="bbox 2075 1715 3778 1789">
    <p class='ocr_par' dir='ltr' id='par_1_63' title="bbox 2075 1715 3778 1789">
     <span class='ocr_line' id='line_1_63' title="bbox 2075 1715 3778 1789; baseline 0.005 -21"><span class='ocrx_word' id='word_1_446' title='bbox 2075 1730 2177 1786; x_wconf 82' lang='lat' dir='ltr'>per</span> <span class='ocrx_word' id='word_1_447' title='bbox 2204 1715 2604 1784; x_wconf 72' lang='lat' dir='ltr'><strong>paenitentiam,</strong></span> <span class='ocrx_word' id='word_1_448' title='bbox 2636 1721 2688 1769; x_wconf 82' lang='lat' dir='ltr'>et</span> <span class='ocrx_word' id='word_1_449' title='bbox 2717 1716 2860 1769; x_wconf 83' lang='lat' dir='ltr'><strong>vivat</strong></span> <span class='ocrx_word' id='word_1_450' title='bbox 2883 1715 2951 1769; x_wconf 69' lang='lat'>3‘.</span> <span class='ocrx_word' id='word_1_451' title='bbox 2984 1716 3164 1780; x_wconf 88' lang='lat' dir='ltr'><strong>Quam</strong></span> <span class='ocrx_word' id='word_1_452' title='bbox 3191 1716 3347 1772; x_wconf 88' lang='lat' dir='ltr'><strong>enim</strong></span> <span class='ocrx_word' id='word_1_453' title='bbox 3381 1715 3555 1772; x_wconf 91' lang='lat' dir='ltr'><strong>aliam</strong></span> <span class='ocrx_word' id='word_1_454' title='bbox 3590 1720 3778 1789; x_wconf 84' lang='lat' dir='ltr'><strong>potuit</strong></span> 
     </span>
    </p>
   </div>
   <div class='ocr_carea' id='block_1_64' title="bbox 2076 1804 3773 1876">
    <p class='ocr_par' dir='ltr' id='par_1_64' title="bbox 2076 1804 3773 1876">
     <span class='ocr_line' id='line_1_64' title="bbox 2076 1804 3773 1876; baseline 0.004 -18"><span class='ocrx_word' id='word_1_455' title='bbox 2076 1804 2287 1858; x_wconf 91' lang='lat' dir='ltr'><strong>habere</strong></span> <span class='ocrx_word' id='word_1_456' title='bbox 2345 1819 2580 1858; x_wconf 89' lang='lat' dir='ltr'><strong>causam</strong></span> <span class='ocrx_word' id='word_1_457' title='bbox 2649 1804 3059 1871; x_wconf 89' lang='lat' dir='ltr'><strong>descendendi,</strong></span> <span class='ocrx_word' id='word_1_458' title='bbox 3121 1804 3235 1859; x_wconf 87' lang='lat' dir='ltr'><strong>nisi</strong></span> <span class='ocrx_word' id='word_1_459' title='bbox 3320 1810 3386 1861; x_wconf 88' lang='lat' dir='ltr'>ut</span> <span class='ocrx_word' id='word_1_460' title='bbox 3446 1814 3773 1876; x_wconf 88' lang='lat' dir='ltr'><strong>peccatores</strong></span> 
     </span>
    </p>
   </div>
   <div class='ocr_carea' id='block_1_65' title="bbox 2075 1891 3774 1967">
    <p class='ocr_par' dir='ltr' id='par_1_65' title="bbox 2075 1891 3774 1967">
     <span class='ocr_line' id='line_1_65' title="bbox 2075 1891 3774 1967; baseline 0.003 -19"><span class='ocrx_word' id='word_1_461' title='bbox 2075 1895 2268 1948; x_wconf 90' lang='lat' dir='ltr'><strong>salvos</strong></span> <span class='ocrx_word' id='word_1_462' title='bbox 2300 1891 2531 1960; x_wconf 87' lang='lat' dir='ltr'><strong>laceret,</strong></span> <span class='ocrx_word' id='word_1_463' title='bbox 2558 1894 2822 1962; x_wconf 88' lang='lat' dir='ltr'><strong>jacentes</strong></span> <span class='ocrx_word' id='word_1_464' title='bbox 2852 1894 2910 1950; x_wconf 92' lang='lat' dir='ltr'><strong>in</strong></span> <span class='ocrx_word' id='word_1_465' title='bbox 2943 1893 3202 1950; x_wconf 88' lang='lat' dir='ltr'><strong>tenebris</strong></span> <span class='ocrx_word' id='word_1_466' title='bbox 3232 1893 3614 1967; x_wconf 89' lang='lat' dir='ltr'><strong>illuminaret,</strong></span> <span class='ocrx_word' id='word_1_467' title='bbox 3650 1900 3774 1954; x_wconf 67' lang='lat' dir='ltr'><strong>vita</strong></span> 
     </span>
    </p>
   </div>
   <div class='ocr_carea' id='block_1_66' title="bbox 2076 1983 2668 2039">
    <p class='ocr_par' dir='ltr' id='par_1_66' title="bbox 2076 1983 2668 2039">
     <span class='ocr_line' id='line_1_66' title="bbox 2076 1983 2668 2039; baseline 0 -1"><span class='ocrx_word' id='word_1_468' title='bbox 2076 1984 2339 2039; x_wconf 81' lang='lat' dir='ltr'><strong>redderet</strong></span> <span class='ocrx_word' id='word_1_469' title='bbox 2362 1990 2614 2038; x_wconf 90' lang='lat' dir='ltr'><strong>mortuos</strong></span> <span class='ocrx_word' id='word_1_470' title='bbox 2640 1983 2668 2038; x_wconf 88' lang='lat'><strong>?</strong></span> 
     </span>
    </p>
   </div>
   <div class='ocr_carea' id='block_1_67' title="bbox 2145 2071 3776 2148">
    <p class='ocr_par' dir='ltr' id='par_1_67' title="bbox 2145 2071 3776 2148">
     <span class='ocr_line' id='line_1_67' title="bbox 2145 2071 3776 2148; baseline 0.004 -20"><span class='ocrx_word' id='word_1_471' title='bbox 2145 2073 2246 2128; x_wconf 88' lang='lat' dir='ltr'><strong>Ill.</strong></span> <span class='ocrx_word' id='word_1_472' title='bbox 2309 2071 2380 2128; x_wconf 92' lang='lat' dir='ltr'>Ut</span> <span class='ocrx_word' id='word_1_473' title='bbox 2426 2073 2756 2128; x_wconf 76' lang='lat' dir='ltr'><strong>adversaria</strong></span> <span class='ocrx_word' id='word_1_474' title='bbox 2812 2077 3088 2144; x_wconf 86' lang='lat' dir='ltr'><strong>potestas,</strong></span> <span class='ocrx_word' id='word_1_475' title='bbox 3115 2074 3199 2130; x_wconf 90' lang='lat' dir='ltr'>ita</span> <span class='ocrx_word' id='word_1_476' title='bbox 3228 2077 3286 2130; x_wconf 89' lang='lat' dir='ltr'><strong>et</strong></span> <span class='ocrx_word' id='word_1_477' title='bbox 3343 2074 3535 2132; x_wconf 85' lang='lat' dir='ltr'><strong>divina</strong></span> <span class='ocrx_word' id='word_1_478' title='bbox 3586 2077 3776 2148; x_wconf 85' lang='lat' dir='ltr'><strong>gratia</strong></span> 
     </span>
    </p>
   </div>
   <div class='ocr_carea' id='block_1_68' title="bbox 2071 2162 3770 2227">
    <p class='ocr_par' dir='ltr' id='par_1_68' title="bbox 2071 2162 3770 2227">
     <span class='ocr_line' id='line_1_68' title="bbox 2071 2162 3770 2227; baseline 0.004 -9"><span class='ocrx_word' id='word_1_479' title='bbox 2071 2177 2176 2219; x_wconf 90' lang='lat' dir='ltr'>ceu</span> <span class='ocrx_word' id='word_1_480' title='bbox 2211 2162 2555 2227; x_wconf 90' lang='lat' dir='ltr'><strong>hortatoria,</strong></span> <span class='ocrx_word' id='word_1_481' title='bbox 2587 2179 2702 2218; x_wconf 89' lang='lat' dir='ltr'><strong>non</strong></span> <span class='ocrx_word' id='word_1_482' title='bbox 2757 2164 3168 2220; x_wconf 83' lang='lat' dir='ltr'><strong>necessitatem</strong></span> <span class='ocrx_word' id='word_1_483' title='bbox 3200 2164 3486 2222; x_wconf 89' lang='lat' dir='ltr'><strong>inducens</strong></span> <span class='ocrx_word' id='word_1_484' title='bbox 3517 2183 3645 2224; x_wconf 89' lang='lat' dir='ltr'><strong>esse</strong></span> <span class='ocrx_word' id='word_1_485' title='bbox 3675 2184 3770 2224; x_wconf 86' lang='lat' dir='ltr'><strong>os-</strong></span> 
     </span>
    </p>
   </div>
   <div class='ocr_carea' id='block_1_69' title="bbox 2069 2251 3770 2327">
    <p class='ocr_par' dir='ltr' id='par_1_69' title="bbox 2069 2251 3770 2327">
     <span class='ocr_line' id='line_1_69' title="bbox 2069 2251 3770 2327; baseline 0.004 -21"><span class='ocrx_word' id='word_1_486' title='bbox 2069 2252 2364 2310; x_wconf 87' lang='lat' dir='ltr'><strong>tenditur:</strong></span> <span class='ocrx_word' id='word_1_487' title='bbox 2415 2256 2479 2306; x_wconf 90' lang='lat' dir='ltr'>ut</span> <span class='ocrx_word' id='word_1_488' title='bbox 2539 2267 2667 2307; x_wconf 91' lang='lat' dir='ltr'><strong>vere</strong></span> <span class='ocrx_word' id='word_1_489' title='bbox 2707 2253 2878 2307; x_wconf 92' lang='lat' dir='ltr'><strong>nobis</strong></span> <span class='ocrx_word' id='word_1_490' title='bbox 2927 2251 3184 2318; x_wconf 83' lang='lat' dir='ltr'><strong>libertas,</strong></span> <span class='ocrx_word' id='word_1_491' title='bbox 3234 2260 3290 2309; x_wconf 86' lang='lat' dir='ltr'><strong>et</strong></span> <span class='ocrx_word' id='word_1_492' title='bbox 3340 2256 3515 2310; x_wconf 84' lang='lat' dir='ltr'><strong>nostri</strong></span> <span class='ocrx_word' id='word_1_493' title='bbox 3566 2262 3770 2327; x_wconf 89' lang='lat' dir='ltr'><strong>potens</strong></span> 
     </span>
    </p>
   </div>
   <div class='ocr_carea' id='block_1_70' title="bbox 2067 2341 3768 2418">
    <p class='ocr_par' dir='ltr' id='par_1_70' title="bbox 2067 2341 3768 2418">
     <span class='ocr_line' id='line_1_70' title="bbox 2067 2341 3768 2418; baseline 0.004 -22"><span class='ocrx_word' id='word_1_494' title='bbox 2067 2341 2366 2397; x_wconf 87' lang='lat' dir='ltr'><strong>arbitrium</strong></span> <span class='ocrx_word' id='word_1_495' title='bbox 2429 2349 2708 2397; x_wconf 85' lang='lat' dir='ltr'><strong>servetur.</strong></span> <span class='ocrx_word' id='word_1_496' title='bbox 2744 2342 2885 2397; x_wconf 91' lang='lat' dir='ltr'><strong>Inde</strong></span> <span class='ocrx_word' id='word_1_497' title='bbox 2931 2348 3039 2410; x_wconf 89' lang='lat' dir='ltr'><strong>est,</strong></span> <span class='ocrx_word' id='word_1_498' title='bbox 3074 2359 3179 2398; x_wconf 90' lang='lat' dir='ltr'>cur</span> <span class='ocrx_word' id='word_1_499' title='bbox 3229 2360 3452 2413; x_wconf 86' lang='lat' dir='ltr'><strong>eorum,</strong></span> <span class='ocrx_word' id='word_1_500' title='bbox 3485 2362 3614 2418; x_wconf 72' lang='lat' dir='ltr'><strong>quae</strong></span> <span class='ocrx_word' id='word_1_501' title='bbox 3668 2348 3768 2403; x_wconf 89' lang='lat' dir='ltr'>ho-</span> 
     </span>
    </p>
   </div>
   <div class='ocr_carea' id='block_1_71' title="bbox 2069 2432 3770 2504">
    <p class='ocr_par' dir='ltr' id='par_1_71' title="bbox 2069 2432 3770 2504">
     <span class='ocr_line' id='line_1_71' title="bbox 2069 2432 3770 2504; baseline 0.004 -16"><span class='ocrx_word' id='word_1_502' title='bbox 2069 2449 2164 2488; x_wconf 86' lang='lat' dir='ltr'>mo</span> <span class='ocrx_word' id='word_1_503' title='bbox 2202 2432 2484 2487; x_wconf 89' lang='lat' dir='ltr'><strong>inductus</strong></span> <span class='ocrx_word' id='word_1_504' title='bbox 2534 2450 2567 2486; x_wconf 93' lang='lat' dir='ltr'>a</span> <span class='ocrx_word' id='word_1_505' title='bbox 2614 2432 2828 2487; x_wconf 86' lang='lat' dir='ltr'><strong>Satana</strong></span> <span class='ocrx_word' id='word_1_506' title='bbox 2879 2433 3292 2504; x_wconf 87' lang='lat' dir='ltr'><strong>perpetraverit</strong></span> <span class='ocrx_word' id='word_1_507' title='bbox 3342 2435 3512 2504; x_wconf 85' lang='lat' dir='ltr'><strong>mala,</strong></span> <span class='ocrx_word' id='word_1_508' title='bbox 3569 2453 3684 2492; x_wconf 90' lang='lat' dir='ltr'><strong>non</strong></span> <span class='ocrx_word' id='word_1_509' title='bbox 3737 2455 3770 2493; x_wconf 75' lang='grc' dir='ltr'>α</span> 
     </span>
    </p>
   </div>
   <div class='ocr_carea' id='block_1_72' title="bbox 2065 2522 3769 2594">
    <p class='ocr_par' dir='ltr' id='par_1_72' title="bbox 2065 2522 3769 2594">
     <span class='ocr_line' id='line_1_72' title="bbox 2065 2522 3769 2594; baseline 0.002 -15"><span class='ocrx_word' id='word_1_510' title='bbox 2065 2525 2278 2579; x_wconf 86' lang='lat' dir='ltr'><strong>Satana</strong></span> <span class='ocrx_word' id='word_1_511' title='bbox 2328 2522 2522 2594; x_wconf 90' lang='lat' dir='ltr'><strong>potius</strong></span> <span class='ocrx_word' id='word_1_512' title='bbox 2581 2523 2889 2594; x_wconf 83' lang='lat' dir='ltr'><strong>exigantur</strong></span> <span class='ocrx_word' id='word_1_513' title='bbox 2946 2538 3148 2593; x_wconf 79' lang='lat' dir='ltr'><strong>pmnas,</strong></span> <span class='ocrx_word' id='word_1_514' title='bbox 3201 2540 3377 2594; x_wconf 89' lang='lat' dir='ltr'><strong>quam</strong></span> <span class='ocrx_word' id='word_1_515' title='bbox 3421 2527 3491 2580; x_wconf 89' lang='lat' dir='ltr'>ab</span> <span class='ocrx_word' id='word_1_516' title='bbox 3532 2525 3769 2583; x_wconf 88' lang='lat' dir='ltr'><strong>homine</strong></span> 
     </span>
    </p>
   </div>
   <div class='ocr_carea' id='block_1_73' title="bbox 2067 2612 3772 2686">
    <p class='ocr_par' dir='ltr' id='par_1_73' title="bbox 2067 2612 3772 2686">
     <span class='ocr_line' id='line_1_73' title="bbox 2067 2612 3772 2686; baseline 0.002 -17"><span class='ocrx_word' id='word_1_517' title='bbox 2067 2613 2233 2685; x_wconf 88' lang='lat' dir='ltr'><strong>ipso;</strong></span> <span class='ocrx_word' id='word_1_518' title='bbox 2295 2616 2496 2683; x_wconf 87' lang='lat' dir='ltr'><strong>utpote</strong></span> <span class='ocrx_word' id='word_1_519' title='bbox 2555 2612 2657 2683; x_wconf 89' lang='lat' dir='ltr'><strong>qui</strong></span> <span class='ocrx_word' id='word_1_520' title='bbox 2703 2629 2817 2667; x_wconf 94' lang='lat' dir='ltr'>non</span> <span class='ocrx_word' id='word_1_521' title='bbox 2877 2612 2929 2666; x_wconf 92' lang='lat' dir='ltr'><strong>vi</strong></span> <span class='ocrx_word' id='word_1_522' title='bbox 2979 2615 3240 2681; x_wconf 85' lang='lat' dir='ltr'><strong>adactus,</strong></span> <span class='ocrx_word' id='word_1_523' title='bbox 3272 2616 3370 2670; x_wconf 87' lang='lat' dir='ltr'>sed</span> <span class='ocrx_word' id='word_1_524' title='bbox 3409 2615 3633 2686; x_wconf 88' lang='lat' dir='ltr'><strong>propria</strong></span> <span class='ocrx_word' id='word_1_525' title='bbox 3673 2633 3772 2672; x_wconf 85' lang='lat' dir='ltr'><strong>vo-</strong></span> 
     </span>
    </p>
   </div>
   <div class='ocr_carea' id='block_1_74' title="bbox 2065 2701 3766 2775">
    <p class='ocr_par' dir='ltr' id='par_1_74' title="bbox 2065 2701 3766 2775">
     <span class='ocr_line' id='line_1_74' title="bbox 2065 2701 3766 2775; baseline 0.001 -16"><span class='ocrx_word' id='word_1_526' title='bbox 2065 2703 2287 2759; x_wconf 91' lang='lat' dir='ltr'><strong>luntate</strong></span> <span class='ocrx_word' id='word_1_527' title='bbox 2320 2719 2656 2775; x_wconf 82' lang='lat' dir='ltr'><strong>persuasus,</strong></span> <span class='ocrx_word' id='word_1_528' title='bbox 2691 2701 2926 2758; x_wconf 69' lang='lat' dir='ltr'><strong>malitia:</strong></span> <span class='ocrx_word' id='word_1_529' title='bbox 2973 2704 3312 2758; x_wconf 88' lang='lat' dir='ltr'><strong>assenserit.</strong></span> <span class='ocrx_word' id='word_1_530' title='bbox 3343 2705 3618 2760; x_wconf 87' lang='lat' dir='ltr'><strong>Similiter</strong></span> <span class='ocrx_word' id='word_1_531' title='bbox 3663 2723 3766 2761; x_wconf 87' lang='lat' dir='ltr'>au-</span> 
     </span>
    </p>
   </div>
   <div class='ocr_carea' id='block_1_75' title="bbox 2063 2793 3763 2864">
    <p class='ocr_par' dir='ltr' id='par_1_75' title="bbox 2063 2793 3763 2864">
     <span class='ocr_line' id='line_1_75' title="bbox 2063 2793 3763 2864; baseline 0.001 -15"><span class='ocrx_word' id='word_1_532' title='bbox 2063 2799 2180 2850; x_wconf 90' lang='lat' dir='ltr'><strong>tem</strong></span> <span class='ocrx_word' id='word_1_533' title='bbox 2237 2801 2291 2849; x_wconf 92' lang='lat' dir='ltr'><strong>et</strong></span> <span class='ocrx_word' id='word_1_534' title='bbox 2346 2794 2404 2848; x_wconf 93' lang='lat' dir='ltr'><strong>in</strong></span> <span class='ocrx_word' id='word_1_535' title='bbox 2456 2794 2628 2862; x_wconf 90' lang='lat' dir='ltr'><strong>bono,</strong></span> <span class='ocrx_word' id='word_1_536' title='bbox 2675 2810 2788 2849; x_wconf 92' lang='lat' dir='ltr'>non</span> <span class='ocrx_word' id='word_1_537' title='bbox 2831 2793 3070 2849; x_wconf 88' lang='lat' dir='ltr'><strong>ascribit</strong></span> <span class='ocrx_word' id='word_1_538' title='bbox 3126 2809 3468 2850; x_wconf 87' lang='lat' dir='ltr'><strong>successum</strong></span> <span class='ocrx_word' id='word_1_539' title='bbox 3493 2796 3629 2864; x_wconf 86' lang='lat' dir='ltr'><strong>sibi,</strong></span> <span class='ocrx_word' id='word_1_540' title='bbox 3661 2797 3763 2853; x_wconf 87' lang='lat' dir='ltr'>sed</span> 
     </span>
    </p>
   </div>
   <div class='ocr_carea' id='block_1_76' title="bbox 2065 2882 3763 2956">
    <p class='ocr_par' dir='ltr' id='par_1_76' title="bbox 2065 2882 3763 2956">
     <span class='ocr_line' id='line_1_76' title="bbox 2065 2882 3763 2956; baseline 0 -16"><span class='ocrx_word' id='word_1_541' title='bbox 2065 2883 2283 2940; x_wconf 85' lang='lat' dir='ltr'><strong>homini</strong></span> <span class='ocrx_word' id='word_1_542' title='bbox 2331 2883 2539 2954; x_wconf 88' lang='lat' dir='ltr'><strong>gratia,</strong></span> <span class='ocrx_word' id='word_1_543' title='bbox 2570 2887 2627 2936; x_wconf 91' lang='lat' dir='ltr'><strong>et</strong></span> <span class='ocrx_word' id='word_1_544' title='bbox 2673 2883 2723 2938; x_wconf 92' lang='lat' dir='ltr'><strong>ei</strong></span> <span class='ocrx_word' id='word_1_545' title='bbox 2776 2888 3010 2953; x_wconf 87' lang='lat' dir='ltr'><strong>propter</strong></span> <span class='ocrx_word' id='word_1_546' title='bbox 3055 2882 3162 2938; x_wconf 86' lang='lat' dir='ltr'>hoc</span> <span class='ocrx_word' id='word_1_547' title='bbox 3209 2884 3449 2956; x_wconf 79' lang='lat' dir='ltr'><strong>gloriam</strong></span> <span class='ocrx_word' id='word_1_548' title='bbox 3499 2886 3763 2956; x_wconf 88' lang='lat' dir='ltr'><strong>apponit,</strong></span> 
     </span>
    </p>
   </div>
   <div class='ocr_carea' id='block_1_77' title="bbox 2062 2971 3759 3045">
    <p class='ocr_par' dir='ltr' id='par_1_77' title="bbox 2062 2971 3759 3045">
     <span class='ocr_line' id='line_1_77' title="bbox 2062 2971 3759 3045; baseline 0.003 -19"><span class='ocrx_word' id='word_1_549' title='bbox 2062 2973 2336 3045; x_wconf 90' lang='lat' dir='ltr'><strong>quoniam</strong></span> <span class='ocrx_word' id='word_1_550' title='bbox 2370 2972 2494 3042; x_wconf 91' lang='lat' dir='ltr'><strong>ipse</strong></span> <span class='ocrx_word' id='word_1_551' title='bbox 2537 2971 2648 3025; x_wconf 88' lang='lat' dir='ltr'><strong>sibi</strong></span> <span class='ocrx_word' id='word_1_552' title='bbox 2701 2971 2835 3025; x_wconf 90' lang='lat' dir='ltr'><strong>boni</strong></span> <span class='ocrx_word' id='word_1_553' title='bbox 2893 2986 3069 3026; x_wconf 87' lang='lat' dir='ltr'><strong>causa</strong></span> <span class='ocrx_word' id='word_1_554' title='bbox 3124 2972 3315 3027; x_wconf 87' lang='lat' dir='ltr'><strong>fuerit.</strong></span> <span class='ocrx_word' id='word_1_555' title='bbox 3376 2973 3575 3045; x_wconf 89' lang='lat' dir='ltr'><strong>Neque</strong></span> <span class='ocrx_word' id='word_1_556' title='bbox 3604 2975 3759 3031; x_wconf 92' lang='lat' dir='ltr'><strong>enim</strong></span> 
     </span>
    </p>
   </div>
   <div class='ocr_carea' id='block_1_78' title="bbox 2060 3057 3758 3125">
    <p class='ocr_par' dir='ltr' id='par_1_78' title="bbox 2060 3057 3758 3125">
     <span class='ocr_line' id='line_1_78' title="bbox 2060 3057 3758 3125; baseline 0.001 -10"><span class='ocrx_word' id='word_1_557' title='bbox 2060 3061 2463 3116; x_wconf 75' lang='lat' dir='ltr'><strong>necessitatem</strong></span> <span class='ocrx_word' id='word_1_558' title='bbox 2495 3059 2810 3113; x_wconf 85' lang='lat' dir='ltr'><strong>inducente</strong></span> <span class='ocrx_word' id='word_1_559' title='bbox 2867 3057 2940 3125; x_wconf 82' lang='lat' dir='ltr'>vi,</span> <span class='ocrx_word' id='word_1_560' title='bbox 2973 3063 3039 3113; x_wconf 90' lang='lat' dir='ltr'><strong>ut</strong></span> <span class='ocrx_word' id='word_1_561' title='bbox 3097 3060 3317 3114; x_wconf 89' lang='lat' dir='ltr'><strong>dictum</strong></span> <span class='ocrx_word' id='word_1_562' title='bbox 3351 3064 3457 3122; x_wconf 84' lang='lat' dir='ltr'><strong>est,</strong></span> <span class='ocrx_word' id='word_1_563' title='bbox 3510 3064 3758 3117; x_wconf 84' lang='lat' dir='ltr'><strong>constri-</strong></span> 
     </span>
    </p>
   </div>
   <div class='ocr_carea' id='block_1_79' title="bbox 2059 3146 3755 3220">
    <p class='ocr_par' dir='ltr' id='par_1_79' title="bbox 2059 3146 3755 3220">
     <span class='ocr_line' id='line_1_79' title="bbox 2059 3146 3755 3220; baseline 0 -15"><span class='ocrx_word' id='word_1_564' title='bbox 2059 3154 2212 3206; x_wconf 87' lang='lat' dir='ltr'><strong>ctam</strong></span> <span class='ocrx_word' id='word_1_565' title='bbox 2272 3150 2460 3220; x_wconf 87' lang='lat' dir='ltr'><strong>ipsius</strong></span> <span class='ocrx_word' id='word_1_566' title='bbox 2507 3146 2867 3203; x_wconf 88' lang='lat' dir='ltr'><strong>voluntatem</strong></span> <span class='ocrx_word' id='word_1_567' title='bbox 2927 3147 3063 3201; x_wconf 82' lang='lat' dir='ltr'><strong>facit</strong></span> <span class='ocrx_word' id='word_1_568' title='bbox 3117 3146 3481 3204; x_wconf 90' lang='lat' dir='ltr'><strong>immobilem</strong></span> <span class='ocrx_word' id='word_1_569' title='bbox 3529 3151 3755 3220; x_wconf 88' lang='lat' dir='ltr'><strong>gratia;</strong></span> 
     </span>
    </p>
   </div>
   <div class='ocr_carea' id='block_1_80' title="bbox 2059 3235 3758 3307">
    <p class='ocr_par' dir='ltr' id='par_1_80' title="bbox 2059 3235 3758 3307">
     <span class='ocr_line' id='line_1_80' title="bbox 2059 3235 3758 3307; baseline -0.001 -12"><span class='ocrx_word' id='word_1_570' title='bbox 2059 3238 2391 3304; x_wconf 89' lang='lat' dir='ltr'><strong>sed,etiam</strong></span> <span class='ocrx_word' id='word_1_571' title='bbox 2428 3253 2560 3294; x_wconf 91' lang='lat' dir='ltr'>cum</span> <span class='ocrx_word' id='word_1_572' title='bbox 2615 3252 2872 3307; x_wconf 66' lang='lat' dir='ltr'><strong>praesens</strong></span> <span class='ocrx_word' id='word_1_573' title='bbox 2938 3237 3122 3304; x_wconf 88' lang='lat' dir='ltr'><strong>adest,</strong></span> <span class='ocrx_word' id='word_1_574' title='bbox 3165 3235 3344 3292; x_wconf 90' lang='lat' dir='ltr'><strong>libero</strong></span> <span class='ocrx_word' id='word_1_575' title='bbox 3393 3237 3544 3293; x_wconf 87' lang='lat' dir='ltr'><strong>cedit</strong></span> <span class='ocrx_word' id='word_1_576' title='bbox 3599 3239 3758 3294; x_wconf 90' lang='lat' dir='ltr'><strong>arbi-</strong></span> 
     </span>
    </p>
   </div>
   <div class='ocr_carea' id='block_1_81' title="bbox 2059 3325 3755 3398">
    <p class='ocr_par' dir='ltr' id='par_1_81' title="bbox 2059 3325 3755 3398">
     <span class='ocr_line' id='line_1_81' title="bbox 2059 3325 3755 3398; baseline 0.001 -16"><span class='ocrx_word' id='word_1_577' title='bbox 2059 3328 2201 3396; x_wconf 90' lang='lat' dir='ltr'><strong>tiro;</strong></span> <span class='ocrx_word' id='word_1_578' title='bbox 2247 3333 2309 3384; x_wconf 92' lang='lat' dir='ltr'>ut</span> <span class='ocrx_word' id='word_1_579' title='bbox 2353 3327 2781 3392; x_wconf 85' lang='lat' dir='ltr'><strong>manifestatur,</strong></span> <span class='ocrx_word' id='word_1_580' title='bbox 2831 3341 3099 3397; x_wconf 70' lang='lat' dir='ltr'><strong>quasnam</strong></span> <span class='ocrx_word' id='word_1_581' title='bbox 3147 3325 3220 3381; x_wconf 92' lang='lat' dir='ltr'>sit</span> <span class='ocrx_word' id='word_1_582' title='bbox 3279 3326 3408 3398; x_wconf 88' lang='lat' dir='ltr'><strong>ejus</strong></span> <span class='ocrx_word' id='word_1_583' title='bbox 3449 3327 3755 3397; x_wconf 79' lang='lat' dir='ltr'><strong>voluntas;</strong></span> 
     </span>
    </p>
   </div>
   <div class='ocr_carea' id='block_1_82' title="bbox 2059 3415 3761 3488">
    <p class='ocr_par' dir='ltr' id='par_1_82' title="bbox 2059 3415 3761 3488">
     <span class='ocr_line' id='line_1_82' title="bbox 2059 3415 3761 3488; baseline 0.002 -16"><span class='ocrx_word' id='word_1_584' title='bbox 2059 3417 2138 3472; x_wconf 90' lang='lat' dir='ltr'>uti</span> <span class='ocrx_word' id='word_1_585' title='bbox 2181 3433 2243 3473; x_wconf 91' lang='lat' dir='ltr'>se</span> <span class='ocrx_word' id='word_1_586' title='bbox 2299 3417 2510 3472; x_wconf 86' lang='lat' dir='ltr'><strong>habeat</strong></span> <span class='ocrx_word' id='word_1_587' title='bbox 2564 3431 2701 3488; x_wconf 87' lang='lat' dir='ltr'><strong>erga</strong></span> <span class='ocrx_word' id='word_1_588' title='bbox 2747 3415 3024 3471; x_wconf 91' lang='lat' dir='ltr'><strong>virtutem</strong></span> <span class='ocrx_word' id='word_1_589' title='bbox 3083 3418 3139 3469; x_wconf 93' lang='lat' dir='ltr'><strong>et</strong></span> <span class='ocrx_word' id='word_1_590' title='bbox 3196 3415 3504 3472; x_wconf 87' lang='lat' dir='ltr'><strong>malitiam.</strong></span> <span class='ocrx_word' id='word_1_591' title='bbox 3567 3418 3761 3476; x_wconf 86' lang='lat' dir='ltr'><strong>Posita</strong></span> 
     </span>
    </p>
   </div>
   <div class='ocr_carea' id='block_1_83' title="bbox 2057 3505 3760 3579">
    <p class='ocr_par' dir='ltr' id='par_1_83' title="bbox 2057 3505 3760 3579">
     <span class='ocr_line' id='line_1_83' title="bbox 2057 3505 3760 3579; baseline 0.002 -19"><span class='ocrx_word' id='word_1_592' title='bbox 2057 3507 2275 3579; x_wconf 89' lang='lat' dir='ltr'><strong>quippe</strong></span> <span class='ocrx_word' id='word_1_593' title='bbox 2301 3506 2391 3563; x_wconf 80' lang='lat' dir='ltr'><strong>lex</strong></span> <span class='ocrx_word' id='word_1_594' title='bbox 2434 3511 2542 3576; x_wconf 89' lang='lat' dir='ltr'><strong>est,</strong></span> <span class='ocrx_word' id='word_1_595' title='bbox 2595 3522 2708 3561; x_wconf 94' lang='lat' dir='ltr'>non</span> <span class='ocrx_word' id='word_1_596' title='bbox 2743 3515 2982 3573; x_wconf 69' lang='lat' dir='ltr'><strong>naturae,</strong></span> <span class='ocrx_word' id='word_1_597' title='bbox 3033 3505 3133 3560; x_wconf 89' lang='lat' dir='ltr'><strong>sed</strong></span> <span class='ocrx_word' id='word_1_598' title='bbox 3169 3506 3262 3561; x_wconf 92' lang='lat' dir='ltr'>sui</span> <span class='ocrx_word' id='word_1_599' title='bbox 3312 3509 3559 3578; x_wconf 87' lang='lat' dir='ltr'><strong>compoti</strong></span> <span class='ocrx_word' id='word_1_600' title='bbox 3600 3509 3760 3564; x_wconf 90' lang='lat' dir='ltr'><strong>arbi-</strong></span> 
     </span>
    </p>
   </div>
   <div class='ocr_carea' id='block_1_84' title="bbox 2056 3593 3755 3670">
    <p class='ocr_par' dir='ltr' id='par_1_84' title="bbox 2056 3593 3755 3670">
     <span class='ocr_line' id='line_1_84' title="bbox 2056 3593 3755 3670; baseline 0.001 -16"><span class='ocrx_word' id='word_1_601' title='bbox 2056 3599 2191 3666; x_wconf 88' lang='lat' dir='ltr'><strong>trio,</strong></span> <span class='ocrx_word' id='word_1_602' title='bbox 2246 3596 2546 3652; x_wconf 85' lang='lat' dir='ltr'><strong>electionis</strong></span> <span class='ocrx_word' id='word_1_603' title='bbox 2615 3594 2677 3650; x_wconf 92' lang='lat' dir='ltr'><strong>in</strong></span> <span class='ocrx_word' id='word_1_604' title='bbox 2726 3595 3074 3651; x_wconf 89' lang='lat' dir='ltr'><strong>alterutrum</strong></span> <span class='ocrx_word' id='word_1_605' title='bbox 3106 3593 3360 3664; x_wconf 89' lang='lat' dir='ltr'><strong>domino,</strong></span> <span class='ocrx_word' id='word_1_606' title='bbox 3415 3612 3626 3670; x_wconf 91' lang='lat' dir='ltr'><strong>nempe</strong></span> <span class='ocrx_word' id='word_1_607' title='bbox 3685 3601 3755 3655; x_wconf 83' lang='lat' dir='ltr'>ad</span> 
     </span>
    </p>
   </div>
   <div class='ocr_carea' id='block_1_85' title="bbox 2056 3684 2631 3742">
    <p class='ocr_par' dir='ltr' id='par_1_85' title="bbox 2056 3684 2631 3742">
     <span class='ocr_line' id='line_1_85' title="bbox 2056 3684 2631 3742; baseline -0.005 0"><span class='ocrx_word' id='word_1_608' title='bbox 2056 3686 2278 3742; x_wconf 91' lang='lat' dir='ltr'><strong>bonum</strong></span> <span class='ocrx_word' id='word_1_609' title='bbox 2308 3693 2362 3741; x_wconf 88' lang='lat' dir='ltr'><strong>et</strong></span> <span class='ocrx_word' id='word_1_610' title='bbox 2393 3684 2631 3740; x_wconf 87' lang='lat' dir='ltr'><strong>malum.</strong></span> 
     </span>
    </p>
   </div>
   <div class='ocr_carea' id='block_1_86' title="bbox 2129 3772 3760 3846">
    <p class='ocr_par' dir='ltr' id='par_1_86' title="bbox 2129 3772 3760 3846">
     <span class='ocr_line' id='line_1_86' title="bbox 2129 3772 3760 3846; baseline 0 -13"><span class='ocrx_word' id='word_1_611' title='bbox 2129 3775 2224 3833; x_wconf 91' lang='lat' dir='ltr'>IV.</span> <span class='ocrx_word' id='word_1_612' title='bbox 2249 3775 2545 3831; x_wconf 89' lang='lat' dir='ltr'><strong>Custodire</strong></span> <span class='ocrx_word' id='word_1_613' title='bbox 2579 3776 2803 3842; x_wconf 88' lang='lat' dir='ltr'><strong>oportet</strong></span> <span class='ocrx_word' id='word_1_614' title='bbox 2834 3772 3117 3842; x_wconf 88' lang='lat' dir='ltr'><strong>animam,</strong></span> <span class='ocrx_word' id='word_1_615' title='bbox 3168 3790 3417 3846; x_wconf 88' lang='lat' dir='ltr'><strong>eamque</strong></span> <span class='ocrx_word' id='word_1_616' title='bbox 3449 3794 3482 3831; x_wconf 87' lang='lat' dir='ltr'>a</span> <span class='ocrx_word' id='word_1_617' title='bbox 3511 3793 3760 3836; x_wconf 89' lang='lat' dir='ltr'><strong>conver-</strong></span> 
     </span>
    </p>
   </div>
   <div class='ocr_carea' id='block_1_87' title="bbox 2056 3863 3760 3935">
    <p class='ocr_par' dir='ltr' id='par_1_87' title="bbox 2056 3863 3760 3935">
     <span class='ocr_line' id='line_1_87' title="bbox 2056 3863 3760 3935; baseline -0.001 -13"><span class='ocrx_word' id='word_1_618' title='bbox 2056 3865 2279 3922; x_wconf 88' lang='lat' dir='ltr'><strong>satione</strong></span> <span class='ocrx_word' id='word_1_619' title='bbox 2311 3865 2465 3922; x_wconf 73' lang='lat'>210</span> <span class='ocrx_word' id='word_1_620' title='bbox 2514 3878 2707 3918; x_wconf 88' lang='lat' dir='ltr'><strong>arcere</strong></span> <span class='ocrx_word' id='word_1_621' title='bbox 2766 3863 3145 3932; x_wconf 84' lang='lat' dir='ltr'><strong>profanarum</strong></span> <span class='ocrx_word' id='word_1_622' title='bbox 3205 3864 3617 3935; x_wconf 90' lang='lat' dir='ltr'><strong>malarumque</strong></span> <span class='ocrx_word' id='word_1_623' title='bbox 3671 3882 3760 3921; x_wconf 86' lang='lat' dir='ltr'>co-</span> 
     </span>
    </p>
   </div>
   <div class='ocr_carea' id='block_1_88' title="bbox 2055 3951 3757 4026">
    <p class='ocr_par' dir='ltr' id='par_1_88' title="bbox 2055 3951 3757 4026">
     <span class='ocr_line' id='line_1_88' title="bbox 2055 3951 3757 4026; baseline 0.001 -18"><span class='ocrx_word' id='word_1_624' title='bbox 2055 3953 2426 4026; x_wconf 88' lang='lat' dir='ltr'><strong>gitationum.</strong></span> <span class='ocrx_word' id='word_1_625' title='bbox 2470 3951 2543 4008; x_wconf 89' lang='lat' dir='ltr'><strong>Ut</strong></span> <span class='ocrx_word' id='word_1_626' title='bbox 2571 3951 2727 4006; x_wconf 91' lang='lat' dir='ltr'><strong>enim</strong></span> <span class='ocrx_word' id='word_1_627' title='bbox 2758 3967 2969 4022; x_wconf 89' lang='lat' dir='ltr'><strong>corpus</strong></span> <span class='ocrx_word' id='word_1_628' title='bbox 3016 3967 3149 4005; x_wconf 91' lang='lat' dir='ltr'>cum</span> <span class='ocrx_word' id='word_1_629' title='bbox 3181 3967 3423 4023; x_wconf 86' lang='lat' dir='ltr'><strong>corpore</strong></span> <span class='ocrx_word' id='word_1_630' title='bbox 3455 3952 3652 4008; x_wconf 86' lang='lat' dir='ltr'><strong>coiens</strong></span> <span class='ocrx_word' id='word_1_631' title='bbox 3683 3954 3757 4010; x_wconf 89' lang='lat' dir='ltr'>ad</span> 
     </span>
    </p>
   </div>
   <div class='ocr_carea' id='block_1_89' title="bbox 2054 4039 3758 4112">
    <p class='ocr_par' dir='ltr' id='par_1_89' title="bbox 2054 4039 3758 4112">
     <span class='ocr_line' id='line_1_89' title="bbox 2054 4039 3758 4112; baseline -0.001 -12"><span class='ocrx_word' id='word_1_632' title='bbox 2054 4041 2489 4100; x_wconf 90' lang='lat' dir='ltr'><strong>immunditiam</strong></span> <span class='ocrx_word' id='word_1_633' title='bbox 2539 4040 2853 4111; x_wconf 88' lang='lat' dir='ltr'><strong>polluitur;</strong></span> <span class='ocrx_word' id='word_1_634' title='bbox 2892 4039 2976 4096; x_wconf 90' lang='lat' dir='ltr'><strong>sic</strong></span> <span class='ocrx_word' id='word_1_635' title='bbox 3015 4043 3072 4095; x_wconf 90' lang='lat' dir='ltr'>et</span> <span class='ocrx_word' id='word_1_636' title='bbox 3120 4039 3315 4095; x_wconf 85' lang='lat' dir='ltr'><strong>anima</strong></span> <span class='ocrx_word' id='word_1_637' title='bbox 3362 4042 3758 4112; x_wconf 86' lang='lat' dir='ltr'><strong>corrumpitur</strong></span> 
     </span>
    </p>
   </div>
   <div class='ocr_carea' id='block_1_90' title="bbox 2054 4129 3756 4201">
    <p class='ocr_par' dir='ltr' id='par_1_90' title="bbox 2054 4129 3756 4201">
     <span class='ocr_line' id='line_1_90' title="bbox 2054 4129 3756 4201; baseline -0.001 -12"><span class='ocrx_word' id='word_1_638' title='bbox 2054 4131 2224 4189; x_wconf 88' lang='lat' dir='ltr'><strong>malis</strong></span> <span class='ocrx_word' id='word_1_639' title='bbox 2262 4139 2316 4187; x_wconf 89' lang='lat' dir='ltr'><strong>et</strong></span> <span class='ocrx_word' id='word_1_640' title='bbox 2374 4131 2626 4186; x_wconf 86' lang='lat' dir='ltr'><strong>sordidis</strong></span> <span class='ocrx_word' id='word_1_641' title='bbox 2683 4129 2953 4200; x_wconf 87' lang='lat' dir='ltr'><strong>copulata</strong></span> <span class='ocrx_word' id='word_1_642' title='bbox 2997 4129 3466 4201; x_wconf 82' lang='lat' dir='ltr'><strong>cogitationibus,</strong></span> <span class='ocrx_word' id='word_1_643' title='bbox 3521 4146 3756 4187; x_wconf 92' lang='lat' dir='ltr'><strong>concor-</strong></span> 
     </span>
    </p>
   </div>
   <div class='ocr_carea' id='block_1_91' title="bbox 2053 4219 3756 4295">
    <p class='ocr_par' dir='ltr' id='par_1_91' title="bbox 2053 4219 3756 4295">
     <span class='ocr_line' id='line_1_91' title="bbox 2053 4219 3756 4295; baseline 0 -17"><span class='ocrx_word' id='word_1_644' title='bbox 2053 4223 2316 4295; x_wconf 90' lang='lat' dir='ltr'><strong>dansque</strong></span> <span class='ocrx_word' id='word_1_645' title='bbox 2362 4225 2418 4277; x_wconf 93' lang='lat' dir='ltr'><strong>et</strong></span> <span class='ocrx_word' id='word_1_646' title='bbox 2452 4221 2778 4276; x_wconf 84' lang='lat' dir='ltr'><strong>assentiens</strong></span> <span class='ocrx_word' id='word_1_647' title='bbox 2809 4235 2825 4275; x_wconf 87' lang='lat'><strong><em>:</em></strong></span> <span class='ocrx_word' id='word_1_648' title='bbox 2856 4237 2958 4276; x_wconf 85' lang='lat' dir='ltr'>nec</span> <span class='ocrx_word' id='word_1_649' title='bbox 3006 4219 3080 4276; x_wconf 90' lang='lat' dir='ltr'><strong>iis</strong></span> <span class='ocrx_word' id='word_1_650' title='bbox 3111 4219 3299 4276; x_wconf 91' lang='lat' dir='ltr'><strong>solum</strong></span> <span class='ocrx_word' id='word_1_651' title='bbox 3353 4237 3479 4292; x_wconf 67' lang='lat' dir='ltr'><strong>quas</strong></span> <span class='ocrx_word' id='word_1_652' title='bbox 3528 4221 3598 4276; x_wconf 83' lang='lat' dir='ltr'>ad</span> <span class='ocrx_word' id='word_1_653' title='bbox 3645 4235 3756 4278; x_wconf 84' lang='lat' dir='ltr'><strong>ne-</strong></span> 
     </span>
    </p>
   </div>
   <div class='ocr_carea' id='block_1_92' title="bbox 2053 4310 3752 4385">
    <p class='ocr_par' dir='ltr' id='par_1_92' title="bbox 2053 4310 3752 4385">
     <span class='ocr_line' id='line_1_92' title="bbox 2053 4310 3752 4385; baseline 0.001 -17"><span class='ocrx_word' id='word_1_654' title='bbox 2053 4313 2300 4385; x_wconf 87' lang='lat' dir='ltr'><strong>quitiam</strong></span> <span class='ocrx_word' id='word_1_655' title='bbox 2377 4316 2434 4367; x_wconf 89' lang='lat' dir='ltr'><strong>et</strong></span> <span class='ocrx_word' id='word_1_656' title='bbox 2495 4310 2919 4380; x_wconf 84' lang='lat' dir='ltr'><strong>impuritatem,</strong></span> <span class='ocrx_word' id='word_1_657' title='bbox 2996 4311 3097 4366; x_wconf 92' lang='lat' dir='ltr'><strong>sed</strong></span> <span class='ocrx_word' id='word_1_658' title='bbox 3161 4314 3219 4367; x_wconf 93' lang='lat' dir='ltr'><strong>et</strong></span> <span class='ocrx_word' id='word_1_659' title='bbox 3282 4310 3401 4366; x_wconf 92' lang='lat' dir='ltr'><strong>illis</strong></span> <span class='ocrx_word' id='word_1_660' title='bbox 3468 4327 3599 4382; x_wconf 67' lang='lat' dir='ltr'><strong>quia</strong></span> <span class='ocrx_word' id='word_1_661' title='bbox 3680 4314 3752 4369; x_wconf 87' lang='lat' dir='ltr'>ad</span> 
     </span>
    </p>
   </div>
   <div class='ocr_carea' id='block_1_93' title="bbox 2053 4401 3751 4475">
    <p class='ocr_par' dir='ltr' id='par_1_93' title="bbox 2053 4401 3751 4475">
     <span class='ocr_line' id='line_1_93' title="bbox 2053 4401 3751 4475; baseline 0 -17"><span class='ocrx_word' id='word_1_662' title='bbox 2053 4405 2298 4474; x_wconf 87' lang='lat' dir='ltr'><strong>quodvis</strong></span> <span class='ocrx_word' id='word_1_663' title='bbox 2340 4402 2576 4459; x_wconf 65' lang='lat' dir='ltr'><strong>malitia</strong></span> <span class='ocrx_word' id='word_1_664' title='bbox 2632 4401 2943 4475; x_wconf 88' lang='lat' dir='ltr'><strong>impellunt</strong></span> <span class='ocrx_word' id='word_1_665' title='bbox 2971 4418 3203 4474; x_wconf 88' lang='lat' dir='ltr'><strong>genus:</strong></span> <span class='ocrx_word' id='word_1_666' title='bbox 3262 4402 3439 4464; x_wconf 88' lang='lat' dir='ltr'><strong>velut,</strong></span> <span class='ocrx_word' id='word_1_667' title='bbox 3499 4402 3751 4460; x_wconf 79' lang='lat' dir='ltr'><strong>inﬁdeli-</strong></span> 
     </span>
    </p>
   </div>
   <div class='ocr_carea' id='block_1_94' title="bbox 2051 4492 3753 4564">
    <p class='ocr_par' dir='ltr' id='par_1_94' title="bbox 2051 4492 3753 4564">
     <span class='ocr_line' id='line_1_94' title="bbox 2051 4492 3753 4564; baseline 0 -16"><span class='ocrx_word' id='word_1_668' title='bbox 2051 4495 2205 4561; x_wconf 88' lang='lat' dir='ltr'><strong>tatis,</strong></span> <span class='ocrx_word' id='word_1_669' title='bbox 2255 4493 2391 4562; x_wconf 91' lang='lat' dir='ltr'><strong>doli,</strong></span> <span class='ocrx_word' id='word_1_670' title='bbox 2448 4511 2606 4550; x_wconf 67' lang='lat' dir='ltr'><strong>vanis</strong></span> <span class='ocrx_word' id='word_1_671' title='bbox 2683 4493 2901 4564; x_wconf 67' lang='lat' dir='ltr'><strong>glorias,</strong></span> <span class='ocrx_word' id='word_1_672' title='bbox 2961 4494 3078 4562; x_wconf 80' lang='lat' dir='ltr'><strong>iraa,</strong></span> <span class='ocrx_word' id='word_1_673' title='bbox 3140 4492 3394 4562; x_wconf 64' lang='lat' dir='ltr'><strong>invidie,</strong></span> <span class='ocrx_word' id='word_1_674' title='bbox 3455 4493 3611 4552; x_wconf 71' lang='lat' dir='ltr'><strong>rixas.</strong></span> <span class='ocrx_word' id='word_1_675' title='bbox 3689 4494 3753 4549; x_wconf 86' lang='lat' dir='ltr'>Et</span> 
     </span>
    </p>
   </div>
   <div class='ocr_carea' id='block_1_95' title="bbox 294 4571 1951 4663">
    <p class='ocr_par' dir='ltr' id='par_1_95' title="bbox 294 4584 1942 4663">
     <span class='ocr_line' id='line_1_95' title="bbox 294 4584 1942 4663; baseline 0 -22"><span class='ocrx_word' id='word_1_676' title='bbox 294 4585 496 4660; x_wconf 87' lang='grc' dir='ltr'>σαρκὸς</span> <span class='ocrx_word' id='word_1_677' title='bbox 541 4587 630 4639; x_wconf 86' lang='grc' dir='ltr'>καὶ</span> <span class='ocrx_word' id='word_1_678' title='bbox 682 4586 1013 4657; x_wconf 82' lang='grc' dir='ltr'>πνεύματος.</span> <span class='ocrx_word' id='word_1_679' title='bbox 1081 4585 1228 4641; x_wconf 76' lang='grc' dir='ltr'>Εἶναι</span> <span class='ocrx_word' id='word_1_680' title='bbox 1277 4586 1379 4661; x_wconf 81' lang='grc' dir='ltr'>γὰρ</span> <span class='ocrx_word' id='word_1_681' title='bbox 1433 4584 1550 4640; x_wconf 66' lang='grc' dir='ltr'>οἵου</span> <span class='ocrx_word' id='word_1_682' title='bbox 1597 4586 1684 4640; x_wconf 83' lang='grc' dir='ltr'>καὶ</span> <span class='ocrx_word' id='word_1_683' title='bbox 1736 4587 1942 4663; x_wconf 69' lang='grc' dir='ltr'>φθορὰν</span> 
     </span>
    </p>
   </div>
   <div class='ocr_carea' id='block_1_96' title="bbox 2143 4571 3749 4663">
    <p class='ocr_par' dir='ltr' id='par_1_96' title="bbox 2143 4583 3749 4654">
     <span class='ocr_line' id='line_1_96' title="bbox 2143 4583 3749 4654; baseline 0.003 -18"><span class='ocrx_word' id='word_1_684' title='bbox 2143 4587 2322 4639; x_wconf 66' lang='lat' dir='ltr'><strong>aest:</strong></span> <span class='ocrx_word' id='word_1_685' title='bbox 2375 4583 2638 4638; x_wconf 81' lang='lat' dir='ltr'><strong>Mundare</strong></span> <span class='ocrx_word' id='word_1_686' title='bbox 2693 4599 2791 4638; x_wconf 81' lang='lat' dir='ltr'>nos</span> <span class='ocrx_word' id='word_1_687' title='bbox 2844 4583 2983 4652; x_wconf 73' lang='lat' dir='ltr'><strong>ipso:</strong></span> <span class='ocrx_word' id='word_1_688' title='bbox 3013 4584 3079 4638; x_wconf 85' lang='lat' dir='ltr'><strong>ab</strong></span> <span class='ocrx_word' id='word_1_689' title='bbox 3129 4585 3281 4638; x_wconf 86' lang='lat' dir='ltr'><strong>omni</strong></span> <span class='ocrx_word' id='word_1_690' title='bbox 3326 4584 3749 4654; x_wconf 80' lang='lat' dir='ltr'><strong>inquinamento</strong></span> 
     </span>
    </p>
   </div>
   <div class='ocr_carea' id='block_1_97' title="bbox 290 4672 1938 4753">
    <p class='ocr_par' dir='ltr' id='par_1_97' title="bbox 290 4672 1938 4753">
     <span class='ocr_line' id='line_1_97' title="bbox 290 4672 1938 4753; baseline -0.001 -22"><span class='ocrx_word' id='word_1_691' title='bbox 290 4674 388 4731; x_wconf 88' lang='grc' dir='ltr'>καὶ</span> <span class='ocrx_word' id='word_1_692' title='bbox 419 4673 670 4747; x_wconf 78' lang='grc' dir='ltr'>πορνείαν</span> <span class='ocrx_word' id='word_1_693' title='bbox 699 4674 750 4729; x_wconf 76' lang='grc' dir='ltr'>ἰν</span> <span class='ocrx_word' id='word_1_694' title='bbox 785 4678 864 4745; x_wconf 82' lang='grc' dir='ltr'>τῷ</span> <span class='ocrx_word' id='word_1_695' title='bbox 894 4673 1088 4753; x_wconf 78' lang='grc' dir='ltr'>ἀφανεῖ</span> <span class='ocrx_word' id='word_1_696' title='bbox 1137 4681 1235 4744; x_wconf 84' lang='grc' dir='ltr'>τῆς</span> <span class='ocrx_word' id='word_1_697' title='bbox 1282 4677 1490 4750; x_wconf 81' lang='grc' dir='ltr'>ψυχῆς,</span> <span class='ocrx_word' id='word_1_698' title='bbox 1523 4672 1614 4730; x_wconf 83' lang='grc' dir='ltr'>διὰ</span> <span class='ocrx_word' id='word_1_699' title='bbox 1653 4674 1938 4750; x_wconf 80' lang='grc' dir='ltr'>λογισμῶν</span> 
     </span>
    </p>
   </div>
   <div class='ocr_carea' id='block_1_98' title="bbox 289 4761 1938 4843">
    <p class='ocr_par' dir='ltr' id='par_1_98' title="bbox 289 4761 1938 4843">
     <span class='ocr_line' id='line_1_98' title="bbox 289 4761 1938 4843; baseline 0 -23"><span class='ocrx_word' id='word_1_700' title='bbox 289 4764 512 4820; x_wconf 84' lang='grc' dir='ltr'>ἀτόπων</span> <span class='ocrx_word' id='word_1_701' title='bbox 578 4761 966 4840; x_wconf 80' lang='grc' dir='ltr'>ἐνεργουμένην</span> <span class='ocrx_word' id='word_1_702' title='bbox 999 4783 1012 4796; x_wconf 90' lang='grc'><strong>·</strong></span> <span class='ocrx_word' id='word_1_703' title='bbox 1081 4763 1172 4819; x_wconf 87' lang='grc' dir='ltr'>καὶ</span> <span class='ocrx_word' id='word_1_704' title='bbox 1248 4762 1430 4838; x_wconf 82' lang='grc' dir='ltr'>ὥσπερ</span> <span class='ocrx_word' id='word_1_705' title='bbox 1494 4765 1586 4821; x_wconf 86' lang='grc' dir='ltr'>τὸν</span> <span class='ocrx_word' id='word_1_706' title='bbox 1656 4767 1938 4843; x_wconf 85' lang='grc' dir='ltr'>φθειροντα</span> 
     </span>
    </p>
   </div>
   <div class='ocr_carea' id='block_1_99' title="bbox 289 4853 1935 4930">
    <p class='ocr_par' dir='ltr' id='par_1_99' title="bbox 289 4853 1935 4930">
     <span class='ocr_line' id='line_1_99' title="bbox 289 4853 1935 4930; baseline 0.001 -22"><span class='ocrx_word' id='word_1_707' title='bbox 289 4855 386 4910; x_wconf 87' lang='grc' dir='ltr'>τὸν</span> <span class='ocrx_word' id='word_1_708' title='bbox 443 4854 567 4908; x_wconf 86' lang='grc' dir='ltr'>ναὸν</span> <span class='ocrx_word' id='word_1_709' title='bbox 619 4857 716 4907; x_wconf 87' lang='grc' dir='ltr'>τοῦ</span> <span class='ocrx_word' id='word_1_710' title='bbox 775 4857 947 4921; x_wconf 87' lang='grc' dir='ltr'>Θεοῦ,</span> <span class='ocrx_word' id='word_1_711' title='bbox 1006 4854 1143 4909; x_wconf 87' lang='grc' dir='ltr'>κατά</span> <span class='ocrx_word' id='word_1_712' title='bbox 1189 4853 1279 4909; x_wconf 73' lang='grc' dir='ltr'>τὸν</span> <span class='ocrx_word' id='word_1_713' title='bbox 1344 4853 1506 4930; x_wconf 88' lang='grc' dir='ltr'>μέγαν</span> <span class='ocrx_word' id='word_1_714' title='bbox 1573 4856 1935 4920; x_wconf 84' lang='grc' dir='ltr'>Ἀπόστολον,</span> 
     </span>
    </p>
   </div>
   <div class='ocr_carea' id='block_1_100' title="bbox 289 4941 1934 5019">
    <p class='ocr_par' dir='ltr' id='par_1_100' title="bbox 289 4941 1934 5019">
     <span class='ocr_line' id='line_1_100' title="bbox 289 4941 1934 5019; baseline 0.002 -22"><span class='ocrx_word' id='word_1_715' title='bbox 289 4944 478 5019; x_wconf 77' lang='grc' dir='ltr'>φθερεῖ</span> <span class='ocrx_word' id='word_1_716' title='bbox 504 4947 695 4998; x_wconf 85' lang='grc' dir='ltr'>τοῦτον</span> <span class='ocrx_word' id='word_1_717' title='bbox 730 4943 758 4998; x_wconf 86' lang='grc' dir='ltr'><strong>ὁ</strong></span> <span class='ocrx_word' id='word_1_718' title='bbox 790 4942 942 5014; x_wconf 85' lang='grc' dir='ltr'>Θεὸς,</span> <span class='ocrx_word' id='word_1_719' title='bbox 978 4941 1111 5018; x_wconf 78' lang='grc' dir='ltr'>ὅπερ</span> <span class='ocrx_word' id='word_1_720' title='bbox 1140 4944 1203 4999; x_wconf 84' lang='grc' dir='ltr'>τὸ</span> <span class='ocrx_word' id='word_1_721' title='bbox 1252 4944 1412 5017; x_wconf 82' lang='grc' dir='ltr'>σῶμά</span> <span class='ocrx_word' id='word_1_722' title='bbox 1463 4942 1603 5000; x_wconf 78' lang='grc' dir='ltr'>ἔστιν</span> <span class='ocrx_word' id='word_1_723' title='bbox 1635 4965 1647 4979; x_wconf 78' lang='grc' dir='ltr'><strong>ο</strong></span> <span class='ocrx_word' id='word_1_724' title='bbox 1683 4946 1825 5001; x_wconf 85' lang='grc' dir='ltr'>οὕτω</span> <span class='ocrx_word' id='word_1_725' title='bbox 1866 4943 1934 5016; x_wconf 75' lang='grc' dir='ltr'>δὴ</span> 
     </span>
    </p>
   </div>
   <div class='ocr_carea' id='block_1_101' title="bbox 284 5031 1935 5110">
    <p class='ocr_par' dir='ltr' id='par_1_101' title="bbox 284 5031 1935 5110">
     <span class='ocr_line' id='line_1_101' title="bbox 284 5031 1935 5110; baseline 0.001 -22"><span class='ocrx_word' id='word_1_726' title='bbox 284 5031 378 5088; x_wconf 74' lang='grc' dir='ltr'>καὶ</span> <span class='ocrx_word' id='word_1_727' title='bbox 427 5033 455 5087; x_wconf 89' lang='lat'>6</span> <span class='ocrx_word' id='word_1_728' title='bbox 503 5032 732 5110; x_wconf 81' lang='grc' dir='ltr'>φθείρων</span> <span class='ocrx_word' id='word_1_729' title='bbox 789 5034 975 5108; x_wconf 73' lang='grc' dir='ltr'>ψυχήν</span> <span class='ocrx_word' id='word_1_730' title='bbox 1018 5053 1077 5089; x_wconf 85' lang='grc' dir='ltr'>τε</span> <span class='ocrx_word' id='word_1_731' title='bbox 1121 5035 1210 5089; x_wconf 80' lang='grc' dir='ltr'>καὶ</span> <span class='ocrx_word' id='word_1_732' title='bbox 1265 5038 1409 5102; x_wconf 83' lang='grc' dir='ltr'>νοῦν,</span> <span class='ocrx_word' id='word_1_733' title='bbox 1466 5039 1544 5107; x_wconf 83' lang='grc' dir='ltr'>τῷ</span> <span class='ocrx_word' id='word_1_734' title='bbox 1602 5038 1935 5091; x_wconf 87' lang='grc' dir='ltr'>συντίθεσθαι</span> 
     </span>
    </p>
   </div>
   <div class='ocr_carea' id='block_1_102' title="bbox 282 5122 1931 5197">
    <p class='ocr_par' dir='ltr' id='par_1_102' title="bbox 282 5122 1931 5197">
     <span class='ocr_line' id='line_1_102' title="bbox 282 5122 1931 5197; baseline 0.002 -20"><span class='ocrx_word' id='word_1_735' title='bbox 282 5127 407 5184; x_wconf 86' lang='grc' dir='ltr'>τοῖς</span> <span class='ocrx_word' id='word_1_736' title='bbox 456 5123 704 5193; x_wconf 81' lang='grc' dir='ltr'>ἀτόποις,</span> <span class='ocrx_word' id='word_1_737' title='bbox 754 5123 1029 5197; x_wconf 86' lang='grc' dir='ltr'>τιμωρίας</span> <span class='ocrx_word' id='word_1_738' title='bbox 1077 5122 1216 5179; x_wconf 75' lang='grc' dir='ltr'>ἐστὶν</span> <span class='ocrx_word' id='word_1_739' title='bbox 1266 5124 1580 5186; x_wconf 79' lang='grc' dir='ltr'>ὑπεύθυνος.</span> <span class='ocrx_word' id='word_1_740' title='bbox 1634 5124 1931 5181; x_wconf 75' lang='grc' dir='ltr'>Φυλὰττειν</span> 
     </span>
    </p>
   </div>
   <div class='ocr_carea' id='block_1_103' title="bbox 283 5215 1932 5288">
    <p class='ocr_par' dir='ltr' id='par_1_103' title="bbox 283 5215 1932 5288">
     <span class='ocr_line' id='line_1_103' title="bbox 283 5215 1932 5288; baseline 0.002 -22"><span class='ocrx_word' id='word_1_741' title='bbox 283 5215 579 5286; x_wconf 86' lang='grc' dir='ltr'>τοιγαροῦν</span> <span class='ocrx_word' id='word_1_742' title='bbox 630 5215 894 5287; x_wconf 67' lang='grc' dir='ltr'>προσήκει</span> <span class='ocrx_word' id='word_1_743' title='bbox 944 5215 1181 5286; x_wconf 88' lang='grc' dir='ltr'>καθαπερ</span> <span class='ocrx_word' id='word_1_744' title='bbox 1212 5215 1273 5268; x_wconf 85' lang='grc' dir='ltr'>τὸ</span> <span class='ocrx_word' id='word_1_745' title='bbox 1304 5219 1464 5288; x_wconf 86' lang='grc' dir='ltr'>σῶμα</span> <span class='ocrx_word' id='word_1_746' title='bbox 1510 5215 1707 5288; x_wconf 81' lang='grc' dir='ltr'>ὁρατοῦ</span> <span class='ocrx_word' id='word_1_747' title='bbox 1761 5217 1932 5288; x_wconf 81' lang='grc' dir='ltr'>ἁμαρ-</span> 
     </span>
    </p>
   </div>
   <div class='ocr_carea' id='block_1_104' title="bbox 280 5301 1931 5377">
    <p class='ocr_par' dir='ltr' id='par_1_104' title="bbox 280 5301 1931 5377">
     <span class='ocr_line' id='line_1_104' title="bbox 280 5301 1931 5377; baseline 0.001 -20"><span class='ocrx_word' id='word_1_748' title='bbox 280 5303 558 5371; x_wconf 72' lang='grc' dir='ltr'>τήματος,</span> <span class='ocrx_word' id='word_1_749' title='bbox 592 5301 738 5356; x_wconf 76' lang='grc' dir='ltr'>οὕτω</span> <span class='ocrx_word' id='word_1_750' title='bbox 778 5301 874 5356; x_wconf 87' lang='grc' dir='ltr'>καὶ</span> <span class='ocrx_word' id='word_1_751' title='bbox 901 5303 1001 5372; x_wconf 77' lang='grc' dir='ltr'>τήν</span> <span class='ocrx_word' id='word_1_752' title='bbox 1035 5305 1221 5377; x_wconf 72' lang='grc' dir='ltr'>ψυχὴν</span> <span class='ocrx_word' id='word_1_753' title='bbox 1264 5301 1543 5376; x_wconf 84' lang='grc' dir='ltr'>λογισμῶν</span> <span class='ocrx_word' id='word_1_754' title='bbox 1578 5303 1812 5371; x_wconf 86' lang='grc' dir='ltr'>ἀτόπων,</span> <span class='ocrx_word' id='word_1_755' title='bbox 1847 5303 1931 5360; x_wconf 75' lang='grc' dir='ltr'>ὅτι</span> 
     </span>
    </p>
   </div>
   <div class='ocr_carea' id='block_1_105' title="bbox 281 5391 1930 5466">
    <p class='ocr_par' dir='ltr' id='par_1_105' title="bbox 281 5391 1930 5466">
     <span class='ocr_line' id='line_1_105' title="bbox 281 5391 1930 5466; baseline 0.002 -22"><span class='ocrx_word' id='word_1_756' title='bbox 281 5391 472 5466; x_wconf 68' lang='grc' dir='ltr'>νύμφη</span> <span class='ocrx_word' id='word_1_757' title='bbox 525 5393 763 5456; x_wconf 82' lang='grc' dir='ltr'>Χριστοῦ</span> <span class='ocrx_word' id='word_1_758' title='bbox 825 5391 986 5448; x_wconf 89' lang='grc' dir='ltr'>έστιν.</span> <span class='ocrx_word' id='word_1_759' title='bbox 1055 5393 1417 5465; x_wconf 78' lang='grc' dir='ltr'>Ἡρμοσάμην</span> <span class='ocrx_word' id='word_1_760' title='bbox 1484 5393 1583 5465; x_wconf 74' lang='grc' dir='ltr'>γαρ</span> <span class='ocrx_word' id='word_1_761' title='bbox 1655 5393 1790 5464; x_wconf 81' lang='grc' dir='ltr'>ὑμᾶς</span> <span class='ocrx_word' id='word_1_762' title='bbox 1857 5392 1930 5448; x_wconf 74' lang='grc' dir='ltr'>ἐνὶ</span> 
     </span>
    </p>
   </div>
   <div class='ocr_carea' id='block_1_106' title="bbox 282 5477 1925 5556">
    <p class='ocr_par' dir='ltr' id='par_1_106' title="bbox 282 5477 1925 5556">
     <span class='ocr_line' id='line_1_106' title="bbox 282 5477 1925 5556; baseline -0.001 -18"><span class='ocrx_word' id='word_1_763' title='bbox 282 5477 446 5554; x_wconf 78' lang='grc' dir='ltr'>ἀνδρὶ</span> <span class='ocrx_word' id='word_1_764' title='bbox 512 5479 772 5555; x_wconf 88' lang='grc' dir='ltr'>παρθένον</span> <span class='ocrx_word' id='word_1_765' title='bbox 849 5481 1016 5556; x_wconf 77' lang='grc' dir='ltr'>ἀγνήν</span> <span class='ocrx_word' id='word_1_766' title='bbox 1087 5489 1429 5554; x_wconf 75' lang='grc' dir='ltr'>παραστῆσαι</span> <span class='ocrx_word' id='word_1_767' title='bbox 1509 5486 1587 5554; x_wconf 81' lang='grc' dir='ltr'>τῷ</span> <span class='ocrx_word' id='word_1_768' title='bbox 1663 5487 1925 5556; x_wconf 76' lang='grc' dir='ltr'>Χριστῷο</span> 
     </span>
    </p>
   </div>
   <div class='ocr_carea' id='block_1_107' title="bbox 295 5666 1485 5740">
    <p class='ocr_par' dir='ltr' id='par_1_107' title="bbox 295 5666 1485 5740">
     <span class='ocr_line' id='line_1_107' title="bbox 295 5666 1485 5740; baseline 0.001 -14"><span class='ocrx_word' id='word_1_769' title='bbox 295 5668 349 5706; x_wconf 70' lang='grc'>³⁸</span> <span class='ocrx_word' id='word_1_770' title='bbox 385 5666 583 5726; x_wconf 83' lang='lat' dir='ltr'><strong>Ezecb.</strong></span> <span class='ocrx_word' id='word_1_771' title='bbox 623 5685 786 5738; x_wconf 82' lang='lat' dir='ltr'><strong>xxm,</strong></span> <span class='ocrx_word' id='word_1_772' title='bbox 819 5671 908 5726; x_wconf 82' lang='grc'>11.</span> <span class='ocrx_word' id='word_1_773' title='bbox 985 5669 1031 5705; x_wconf 75' lang='grc'>⁸³</span> <span class='ocrx_word' id='word_1_774' title='bbox 1063 5669 1109 5725; x_wconf 89' lang='grc' dir='ltr'><strong>ΙΙ</strong></span> <span class='ocrx_word' id='word_1_775' title='bbox 1138 5669 1266 5729; x_wconf 87' lang='lat' dir='ltr'><strong>Cor.</strong></span> <span class='ocrx_word' id='word_1_776' title='bbox 1299 5685 1400 5740; x_wconf 86' lang='lat' dir='ltr'>vn,</span> <span class='ocrx_word' id='word_1_777' title='bbox 1434 5671 1485 5727; x_wconf 80' lang='grc'>1.</span> 
     </span>
    </p>
   </div>
   <div class='ocr_carea' id='block_1_108' title="bbox 2049 4670 3752 4742">
    <p class='ocr_par' dir='ltr' id='par_1_108' title="bbox 2049 4670 3752 4742">
     <span class='ocr_line' id='line_1_108' title="bbox 2049 4670 3752 4742; baseline 0 -14"><span class='ocrx_word' id='word_1_778' title='bbox 2049 4673 2232 4728; x_wconf 78' lang='lat' dir='ltr'><strong>carnis</strong></span> <span class='ocrx_word' id='word_1_779' title='bbox 2288 4674 2337 4727; x_wconf 83' lang='lat' dir='ltr'><strong>et</strong></span> <span class='ocrx_word' id='word_1_780' title='bbox 2401 4674 2632 4741; x_wconf 73' lang='lat' dir='ltr'><strong>spiritus</strong></span> <span class='ocrx_word' id='word_1_781' title='bbox 2689 4672 2753 4726; x_wconf 77' lang='lat'>”.</span> <span class='ocrx_word' id='word_1_782' title='bbox 2820 4672 2960 4726; x_wconf 87' lang='lat' dir='ltr'><strong>Esse</strong></span> <span class='ocrx_word' id='word_1_783' title='bbox 3013 4670 3169 4726; x_wconf 83' lang='lat' dir='ltr'><strong>enim</strong></span> <span class='ocrx_word' id='word_1_784' title='bbox 3219 4671 3533 4742; x_wconf 89' lang='lat' dir='ltr'><strong>quamdam</strong></span> <span class='ocrx_word' id='word_1_785' title='bbox 3611 4677 3752 4742; x_wconf 86' lang='lat' dir='ltr'><strong>puta</strong></span> 
     </span>
    </p>
   </div>
   <div class='ocr_carea' id='block_1_109' title="bbox 2046 4761 3751 4836">
    <p class='ocr_par' dir='ltr' id='par_1_109' title="bbox 2046 4761 3751 4836">
     <span class='ocr_line' id='line_1_109' title="bbox 2046 4761 3751 4836; baseline -0.002 -14"><span class='ocrx_word' id='word_1_786' title='bbox 2046 4769 2104 4822; x_wconf 86' lang='lat' dir='ltr'><strong>et</strong></span> <span class='ocrx_word' id='word_1_787' title='bbox 2141 4765 2571 4836; x_wconf 85' lang='lat' dir='ltr'><strong>corruptionem</strong></span> <span class='ocrx_word' id='word_1_788' title='bbox 2633 4769 2689 4820; x_wconf 90' lang='lat' dir='ltr'><strong>et</strong></span> <span class='ocrx_word' id='word_1_789' title='bbox 2734 4763 3172 4820; x_wconf 82' lang='lat' dir='ltr'><strong>fornicationem</strong></span> <span class='ocrx_word' id='word_1_790' title='bbox 3234 4762 3292 4816; x_wconf 94' lang='lat' dir='ltr'><strong>in</strong></span> <span class='ocrx_word' id='word_1_791' title='bbox 3337 4761 3563 4818; x_wconf 89' lang='lat' dir='ltr'><strong>occulto</strong></span> <span class='ocrx_word' id='word_1_792' title='bbox 3623 4764 3751 4819; x_wconf 89' lang='lat' dir='ltr'><strong>ani-</strong></span> 
     </span>
    </p>
   </div>
   <div class='ocr_carea' id='block_1_110' title="bbox 2048 4851 3759 4925">
    <p class='ocr_par' dir='ltr' id='par_1_110' title="bbox 2048 4851 3759 4925">
     <span class='ocr_line' id='line_1_110' title="bbox 2048 4851 3759 4925; baseline 0.001 -15"><span class='ocrx_word' id='word_1_793' title='bbox 2048 4871 2157 4912; x_wconf 83' lang='lat' dir='ltr'>mas</span> <span class='ocrx_word' id='word_1_794' title='bbox 2187 4857 2258 4910; x_wconf 89' lang='lat' dir='ltr'>ab</span> <span class='ocrx_word' id='word_1_795' title='bbox 2318 4854 2565 4925; x_wconf 89' lang='lat' dir='ltr'><strong>impuris</strong></span> <span class='ocrx_word' id='word_1_796' title='bbox 2596 4852 2714 4909; x_wconf 86' lang='lat' dir='ltr'><strong>illis</strong></span> <span class='ocrx_word' id='word_1_797' title='bbox 2761 4851 3209 4923; x_wconf 86' lang='lat' dir='ltr'><strong>cogitationibus</strong></span> <span class='ocrx_word' id='word_1_798' title='bbox 3241 4856 3664 4922; x_wconf 72' lang='lat' dir='ltr'><strong>perpetratum;</strong></span> <span class='ocrx_word' id='word_1_799' title='bbox 3696 4861 3759 4911; x_wconf 87' lang='lat' dir='ltr'><strong>et</strong></span> 
     </span>
    </p>
   </div>
   <div class='ocr_carea' id='block_1_111' title="bbox 2045 4939 3752 5018">
    <p class='ocr_par' dir='ltr' id='par_1_111' title="bbox 2045 4939 3752 5018">
     <span class='ocr_line' id='line_1_111' title="bbox 2045 4939 3752 5018; baseline -0.001 -16"><span class='ocrx_word' id='word_1_800' title='bbox 2045 4944 2541 5018; x_wconf 84' lang='lat' dir='ltr'><strong>quemadmodum</strong></span> <span class='ocrx_word' id='word_1_801' title='bbox 2579 4960 2592 5000; x_wconf 90' lang='lat'><strong>:</strong></span> <span class='ocrx_word' id='word_1_802' title='bbox 2627 4944 2732 5013; x_wconf 86' lang='lat' dir='ltr'><strong>Qui</strong></span> <span class='ocrx_word' id='word_1_803' title='bbox 2760 4942 3028 5012; x_wconf 76' lang='lat' dir='ltr'><strong>templum</strong></span> <span class='ocrx_word' id='word_1_804' title='bbox 3059 4941 3154 4998; x_wconf 87' lang='lat' dir='ltr'>Dei</span> <span class='ocrx_word' id='word_1_805' title='bbox 3187 4939 3486 4997; x_wconf 77' lang='lat' dir='ltr'><strong>violaverit</strong></span> <span class='ocrx_word' id='word_1_806' title='bbox 3540 4943 3752 5014; x_wconf 79' lang='lat' dir='ltr'><strong>(juxta</strong></span> 
     </span>
    </p>
   </div>
   <div class='ocr_carea' id='block_1_112' title="bbox 2047 5031 3748 5106">
    <p class='ocr_par' dir='ltr' id='par_1_112' title="bbox 2047 5031 3748 5106">
     <span class='ocr_line' id='line_1_112' title="bbox 2047 5031 3748 5106; baseline 0 -16"><span class='ocrx_word' id='word_1_807' title='bbox 2047 5051 2321 5105; x_wconf 85' lang='lat' dir='ltr'><strong>magnum</strong></span> <span class='ocrx_word' id='word_1_808' title='bbox 2357 5033 2696 5106; x_wconf 86' lang='lat' dir='ltr'><strong>Apostolum</strong></span> <span class='ocrx_word' id='word_1_809' title='bbox 2728 5034 2749 5105; x_wconf 89' lang='lat'>)</span> <span class='ocrx_word' id='word_1_810' title='bbox 2778 5031 3048 5103; x_wconf 71' lang='lat' dir='ltr'><strong>disperde!</strong></span> <span class='ocrx_word' id='word_1_811' title='bbox 3105 5031 3268 5087; x_wconf 80' lang='lat' dir='ltr'><strong>illum</strong></span> <span class='ocrx_word' id='word_1_812' title='bbox 3298 5032 3435 5088; x_wconf 85' lang='lat' dir='ltr'><strong>Deus</strong></span> <span class='ocrx_word' id='word_1_813' title='bbox 3463 5033 3542 5101; x_wconf 67' lang='lat'><strong>3’;</strong></span> <span class='ocrx_word' id='word_1_814' title='bbox 3594 5035 3748 5105; x_wconf 88' lang='lat' dir='ltr'><strong>quod</strong></span> 
     </span>
    </p>
   </div>
   <div class='ocr_carea' id='block_1_113' title="bbox 2044 5120 3748 5194">
    <p class='ocr_par' dir='ltr' id='par_1_113' title="bbox 2044 5120 3748 5194">
     <span class='ocr_line' id='line_1_113' title="bbox 2044 5120 3748 5194; baseline -0.001 -15"><span class='ocrx_word' id='word_1_815' title='bbox 2044 5123 2144 5180; x_wconf 90' lang='lat' dir='ltr'>Dei</span> <span class='ocrx_word' id='word_1_816' title='bbox 2188 5122 2464 5192; x_wconf 88' lang='lat' dir='ltr'><strong>templum</strong></span> <span class='ocrx_word' id='word_1_817' title='bbox 2516 5139 2723 5192; x_wconf 85' lang='lat' dir='ltr'><strong>corpus</strong></span> <span class='ocrx_word' id='word_1_818' title='bbox 2776 5127 2903 5188; x_wconf 86' lang='lat' dir='ltr'><strong>est;</strong></span> <span class='ocrx_word' id='word_1_819' title='bbox 2947 5121 3031 5177; x_wconf 89' lang='lat' dir='ltr'>sic</span> <span class='ocrx_word' id='word_1_820' title='bbox 3079 5120 3181 5194; x_wconf 90' lang='lat' dir='ltr'>qui</span> <span class='ocrx_word' id='word_1_821' title='bbox 3244 5121 3453 5192; x_wconf 91' lang='lat' dir='ltr'><strong>polluit</strong></span> <span class='ocrx_word' id='word_1_822' title='bbox 3495 5122 3748 5178; x_wconf 89' lang='lat' dir='ltr'><strong>animam</strong></span> 
     </span>
    </p>
   </div>
   <div class='ocr_carea' id='block_1_114' title="bbox 2043 5212 3750 5288">
    <p class='ocr_par' dir='ltr' id='par_1_114' title="bbox 2043 5212 3750 5288">
     <span class='ocr_line' id='line_1_114' title="bbox 2043 5212 3750 5288; baseline -0.001 -18"><span class='ocrx_word' id='word_1_823' title='bbox 2043 5223 2098 5270; x_wconf 90' lang='lat' dir='ltr'><strong>et</strong></span> <span class='ocrx_word' id='word_1_824' title='bbox 2157 5219 2429 5280; x_wconf 90' lang='lat' dir='ltr'><strong>mentem,</strong></span> <span class='ocrx_word' id='word_1_825' title='bbox 2464 5214 2838 5270; x_wconf 81' lang='lat' dir='ltr'><strong>assentiendo</strong></span> <span class='ocrx_word' id='word_1_826' title='bbox 2891 5213 3104 5288; x_wconf 90' lang='lat' dir='ltr'><strong>pravis,</strong></span> <span class='ocrx_word' id='word_1_827' title='bbox 3142 5229 3368 5283; x_wconf 84' lang='lat' dir='ltr'><strong>pcenam</strong></span> <span class='ocrx_word' id='word_1_828' title='bbox 3401 5212 3604 5282; x_wconf 90' lang='lat' dir='ltr'><strong>utique</strong></span> <span class='ocrx_word' id='word_1_829' title='bbox 3656 5213 3750 5269; x_wconf 87' lang='lat' dir='ltr'><strong>de-</strong></span> 
     </span>
    </p>
   </div>
   <div class='ocr_carea' id='block_1_115' title="bbox 2043 5300 3748 5379">
    <p class='ocr_par' dir='ltr' id='par_1_115' title="bbox 2043 5300 3748 5379">
     <span class='ocr_line' id='line_1_115' title="bbox 2043 5300 3748 5379; baseline -0.001 -19"><span class='ocrx_word' id='word_1_830' title='bbox 2043 5306 2159 5361; x_wconf 91' lang='lat' dir='ltr'><strong>bet.</strong></span> <span class='ocrx_word' id='word_1_831' title='bbox 2194 5307 2496 5363; x_wconf 82' lang='lat' dir='ltr'><strong>Custodire</strong></span> <span class='ocrx_word' id='word_1_832' title='bbox 2553 5308 2731 5379; x_wconf 84' lang='lat' dir='ltr'><strong>igitur</strong></span> <span class='ocrx_word' id='word_1_833' title='bbox 2782 5307 3064 5372; x_wconf 88' lang='lat' dir='ltr'><strong>convenit,</strong></span> <span class='ocrx_word' id='word_1_834' title='bbox 3101 5305 3250 5360; x_wconf 90' lang='lat' dir='ltr'><strong>sicut</strong></span> <span class='ocrx_word' id='word_1_835' title='bbox 3280 5320 3312 5357; x_wconf 89' lang='lat' dir='ltr'>a</span> <span class='ocrx_word' id='word_1_836' title='bbox 3340 5300 3552 5356; x_wconf 87' lang='lat' dir='ltr'><strong>visibili</strong></span> <span class='ocrx_word' id='word_1_837' title='bbox 3613 5317 3748 5374; x_wconf 85' lang='lat' dir='ltr'><strong>pec-</strong></span> 
     </span>
    </p>
   </div>
   <div class='ocr_carea' id='block_1_116' title="bbox 2041 5392 3748 5468">
    <p class='ocr_par' dir='ltr' id='par_1_116' title="bbox 2041 5392 3748 5468">
     <span class='ocr_line' id='line_1_116' title="bbox 2041 5392 3748 5468; baseline -0.002 -16"><span class='ocrx_word' id='word_1_838' title='bbox 2041 5404 2165 5452; x_wconf 88' lang='lat' dir='ltr'><strong>cato</strong></span> <span class='ocrx_word' id='word_1_839' title='bbox 2211 5411 2444 5466; x_wconf 90' lang='lat' dir='ltr'><strong>corpus,</strong></span> <span class='ocrx_word' id='word_1_840' title='bbox 2478 5397 2553 5453; x_wconf 82' lang='lat' dir='ltr'>ita</span> <span class='ocrx_word' id='word_1_841' title='bbox 2584 5403 2640 5454; x_wconf 91' lang='lat' dir='ltr'><strong>et</strong></span> <span class='ocrx_word' id='word_1_842' title='bbox 2672 5399 2927 5454; x_wconf 88' lang='lat' dir='ltr'><strong>animam</strong></span> <span class='ocrx_word' id='word_1_843' title='bbox 2967 5392 3468 5468; x_wconf 87' lang='lat' dir='ltr'><strong>acogitationibus</strong></span> <span class='ocrx_word' id='word_1_844' title='bbox 3491 5392 3748 5450; x_wconf 88' lang='lat' dir='ltr'><strong>immun-</strong></span> 
     </span>
    </p>
   </div>
   <div class='ocr_carea' id='block_1_117' title="bbox 2038 5485 3746 5564">
    <p class='ocr_par' dir='ltr' id='par_1_117' title="bbox 2038 5485 3746 5564">
     <span class='ocr_line' id='line_1_117' title="bbox 2038 5485 3746 5564; baseline -0.002 -21"><span class='ocrx_word' id='word_1_845' title='bbox 2038 5487 2166 5555; x_wconf 90' lang='lat' dir='ltr'><strong>dis;</strong></span> <span class='ocrx_word' id='word_1_846' title='bbox 2225 5489 2503 5560; x_wconf 87' lang='lat' dir='ltr'><strong>quoniam</strong></span> <span class='ocrx_word' id='word_1_847' title='bbox 2554 5493 2673 5548; x_wconf 69' lang='lat' dir='ltr'><strong>hzsc</strong></span> <span class='ocrx_word' id='word_1_848' title='bbox 2724 5505 2942 5564; x_wconf 85' lang='lat' dir='ltr'><strong>sponsa</strong></span> <span class='ocrx_word' id='word_1_849' title='bbox 2996 5487 3213 5546; x_wconf 80' lang='lat' dir='ltr'><strong>Christi</strong></span> <span class='ocrx_word' id='word_1_850' title='bbox 3264 5490 3397 5544; x_wconf 86' lang='lat' dir='ltr'><strong>est:</strong></span> <span class='ocrx_word' id='word_1_851' title='bbox 3469 5485 3746 5560; x_wconf 75' lang='lat' dir='ltr'><strong>Despondi</strong></span> 
     </span>
    </p>
   </div>
   <div class='ocr_carea' id='block_1_118' title="bbox 1563 5671 2072 5734">
    <p class='ocr_par' dir='ltr' id='par_1_118' title="bbox 1563 5671 2072 5734">
     <span class='ocr_line' id='line_1_118' title="bbox 1563 5671 2072 5734; baseline 0.004 -8"><span class='ocrx_word' id='word_1_852' title='bbox 1563 5671 1608 5706; x_wconf 78' lang='grc'>³³</span> <span class='ocrx_word' id='word_1_853' title='bbox 1650 5672 1672 5726; x_wconf 92' lang='grc' dir='ltr'><strong>Ι</strong></span> <span class='ocrx_word' id='word_1_854' title='bbox 1703 5672 1830 5729; x_wconf 84' lang='lat' dir='ltr'><strong>Cor.</strong></span> <span class='ocrx_word' id='word_1_855' title='bbox 1868 5687 1948 5734; x_wconf 85' lang='grc' dir='ltr'>ιιι,</span> <span class='ocrx_word' id='word_1_856' title='bbox 1987 5673 2072 5729; x_wconf 89' lang='grc'>17.</span> 
     </span>
    </p>
   </div>
  </div>
