4100 6204
300 314 418 373 939

1651 301 1710 358 S.
1764 297 2082 358 MACARIl
2128 292 2468 354 JEGYPTII

3644 284 3760 347 940

295 446 442 502 enim
501 460 610 512 vos,
671 442 772 509 ait,
829 442 928 497 uni
983 442 1097 498 viro
1147 439 1425 513 virginem
1478 442 1682 497 casiam
1736 435 1998 493 exhibere

2140 428 2222 491 αἱ.
2276 429 2421 501 nim
2482 425 2698 503 φυλακῇ
2756 426 2917 500 τηρεε
2965 424 3063 493 τήν
3108 419 3361 498 καρδίαν,
3394 427 3491 491 τῆς
3542 427 3767 499 Γραφῆς

302 534 603 593 Christo“.
654 534 805 588 Audi
890 548 1123 603 quoque
1200 532 1561 601 Scripturam
1664 527 2000 582 dicentem:

303 627 463 683 Omni
491 622 734 679 custodia
780 637 941 676 serva
970 636 1061 675 cor
1092 624 1247 674 tuum
1277 638 1297 683 ;
1320 622 1453 692 quia
1487 634 1554 673 ea:
1584 620 1698 687 ipso
1726 617 1843 670 vita
1873 630 2005 684 pro.

302 715 443 771 cedit
470 714 534 767 ³⁵.
570 714 637 767 Et
669 730 681 767 :
720 713 1006 767 Perversa:
1062 712 1422 777 cogitationes
1453 722 1714 778 separare
1743 722 1776 760 a
1811 706 1912 760 Deo
1936 702 2005 769 ³⁸,

306 822 513 861 rursus
537 804 695 860 disce
726 820 758 859 a
791 802 985 856 divina
1018 802 1072 855 id
1107 803 1349 856 docente
1380 800 1693 870 Scriptura.

377 895 441 947 V.
470 895 769 949 Rationem
826 892 1019 963 exigat
1074 908 1107 945 a
1166 908 1275 945 sua
1332 888 1740 959 unusquisque
1789 886 2005 949 anima,

309 986 644 1039 discernens
674 988 727 1037 et
759 982 1083 1053 explorans,
1147 980 1214 1034 ad
1277 995 1540 1050 quasnam
1604 976 1907 1031 afﬁciatur.
1942 974 2011 1028 Et

309 1073 531 1128 sihaud
565 1088 891 1127 consonans
924 1069 1022 1125 Dei
1057 1068 1279 1136 legtbus
1309 1066 1616 1137 contigerit
1641 1066 1831 1119 videre
1868 1079 2007 1130 cor;

306 1163 465 1218 omni
500 1168 709 1216 conatu
742 1159 1235 1232 quemadmodum
1270 1172 1500 1227 corpus,
1536 1156 1617 1209 ita
1673 1167 1725 1209 et
1759 1158 2009 1207 mentem

307 1266 648 1306 conservare
706 1250 1104 1317 incorruptam
1137 1246 1389 1311 studeat,
1420 1250 1595 1311 atque
1638 1243 1883 1313 impuris
1918 1258 2011 1294 as-

308 1356 545 1396 sensum
607 1338 1055 1403 cogitationibus
1104 1340 1431 1405 negantem.
1485 1334 1543 1388 Si
1597 1332 1825 1401 quidem
1877 1330 2013 1385 velit

301 1432 471 1500 juxta
540 1426 987 1499 promissionem
1075 1422 1366 1478 introduci
1424 1422 1483 1475 in
1561 1420 1893 1476 convictum
1957 1424 2013 1475 et

307 1518 513 1574 choros
571 1530 850 1585 purarum
907 1513 1199 1584 virginum
1230 1510 1299 1564 ⁸⁷.
1359 1507 1724 1564 Cohabitatio
1754 1508 1912 1563 enim
1959 1517 2012 1565 et

310 1604 612 1660 familiaris
643 1602 991 1657 conversatio
1026 1601 1190 1673 puris
1222 1601 1460 1655 omnino
1488 1607 1540 1655 et
1573 1601 1631 1654 in
1651 1600 1789 1655 recti
1814 1615 2011 1655 amore

311 1696 437 1750 ﬁxis
472 1694 753 1765 promissa
782 1696 872 1747 est
902 1691 1225 1747 animabus.

2118 517 2277 573 ἄκουε
2310 516 2578 592 λεγούσης
2614 536 2627 549 ·
2675 515 2734 570 ἐκ
2781 516 2881 591 γὰρ
2929 514 3135 569 τούτων
3193 510 3366 583 ἔξοδοι
3429 514 3577 581 ζωῆς
3609 530 3623 543 ·
3657 511 3772 580 καὶ,

2121 606 2386 667 Κκολιοὺς
2420 604 2476 661 δὲ
2511 606 2815 681 λογισμοὺς
2842 605 3103 680 χωρίζειν
3133 604 3240 658 ἀπὸ
3272 606 3431 671 Θεοῦ,
3461 602 3551 655 καὶ
3604 601 3770 656 πάλιν

2117 704 2217 765 τῆς
2249 696 2391 757 θείας
2421 693 2782 765 διδασκούσης
2812 700 3030 770 Γραφῆς
3066 694 3327 766 μάνθανε.

2191 878 2270 929 Ε’.
2331 875 2498 949 Λόγον
2553 872 2847 928 ἀπαιτείτω
2903 872 3001 941 τὴν
3060 872 3256 926 ἑαυτοῦ
3315 871 3499 945 ψυχὴν
3549 865 3780 929 ἕκαστος

2117 962 2409 1035 ἀνακρίνων
2474 962 2564 1015 καὶ
2647 961 2949 1036 βασανίζων
2988 1004 3002 1030 ,
3081 959 3188 1014 τίσι
3257 957 3613 1031 πρόσκειται·
3684 956 3779 1010 καὶ

2118 1052 2163 1106 εἰ
2200 1053 2275 1124 μή
2328 1056 2725 1128 συμφωνοῦσαν
2774 1044 3058 1123 συμϐαίνει
3089 1053 3207 1109 τοῖς
3255 1050 3350 1102 τοῦ
3399 1050 3534 1102 Θεοῦ
3584 1045 3781 1118 νόμοις

2118 1142 2215 1207 τὴν
2249 1138 2475 1213 παρδίαν
2510 1142 2659 1213 ὁρᾷν,
2710 1139 2855 1213 πάσῄ
2907 1137 3137 1209 δυνάμει
3189 1136 3429 1211 καθάπερ
3478 1136 3543 1190 τὸ
3592 1140 3779 1206 σῶμα,

2122 1228 2264 1283 οὕτω
2308 1226 2373 1295 δὴ
2397 1229 2487 1282 καὶ
2527 1229 2618 1281 τὸν
2668 1228 2792 1283 νοῦν
2854 1225 3127 1301 διατηρεῖν
3169 1226 3406 1300 ἄφθορον
3470 1220 3780 1292 σπουδαζέ-

2121 1340 2220 1386 τω,
2251 1320 2340 1373 καὶ
2371 1325 2487 1381 τοῖς
2519 1324 2781 1393 πονηροῖς
2814 1318 3097 1372 ἀσύνθετον
3132 1315 3443 1391 λογισμοῖς.
3478 1314 3549 1369 Εἴ
3592 1334 3657 1388 γε
3704 1309 3776 1381 δὴ

2126 1406 2391 1481 βούλοιτο
2442 1409 2579 1462 κατά
2623 1409 2722 1477 τὴν
2774 1407 3069 1481 ὑπόσχεσιν
3122 1406 3223 1474 τήν
3287 1404 3521 1479 καθαρὰν
3576 1402 3786 1457 ἐσοικί-

2124 1500 2313 1551 σασθαι
2358 1497 2682 1566 ’ἐνοικῆσαι
2736 1498 2842 1571 γὰρ
2872 1496 2963 1549 καὶ
3013 1494 3456 1569 ἐμπεριπατῆσαι
3503 1498 3624 1555 ταῖς
3681 1513 3785 1547 κα·

2123 1590 2309 1661 θαραῖς
2352 1588 2567 1647 πάντως
2604 1586 2691 1641 καὶ
2754 1582 3081 1661 φιλοκάλοις
3143 1588 3350 1659 ψυχαῖς
3409 1580 3781 1657 ἐπήγγελται.

378 1784 472 1839 VI.
503 1784 665 1838 Sicut
693 1782 814 1853 agri
849 1780 1063 1852 proprii
1096 1779 1579 1850 diligentissimus
1632 1778 1874 1835 colonus
1906 1796 2010 1833 no-

2190 1786 2282 1859 g”.
2315 1786 2518 1855 ’Ὠσπερ
2546 1785 2573 1838 ὁ
2604 1789 2704 1853 τῆς
2737 1779 2877 1844 ἰδίας
2917 1789 3020 1856 γῆς
3051 1780 3493 1854 ἐπιμελέστατος
3541 1780 3786 1855 γεωργὸς

309 1881 537 1931 vateum
590 1872 748 1942 prius
795 1876 852 1926 et
894 1887 962 1926 ex
1008 1887 1073 1925 eo
1120 1869 1322 1940 spinas
1375 1868 1563 1936 tollit;
1620 1886 1685 1923 ac
1736 1873 1860 1923 tum
1911 1869 2013 1923 de-

310 1980 469 2019 mum
502 1961 691 2029 injicit
748 1959 1007 2023 semina;
1070 1959 1149 2012 ita
1204 1962 1261 2012 et
1314 1957 1476 2028 quia
1542 1956 1655 2011 Deo
1716 1961 2013 2027 exspectat

313 2055 633 2107 sementem
696 2051 893 2121 gratim
977 2047 1257 2114 accipere,
1323 2062 1574 2118 purgare
1627 2046 1790 2116 prius
1847 2045 2016 2100 debet

316 2143 521 2195 animae
554 2156 674 2194 suis
710 2152 948 2208 agrum;
983 2141 1049 2191 ut
1079 2151 1273 2189 semen
1325 2134 1536 2190 deinde
1581 2135 1643 2189 in
1695 2151 1826 2190 eum
1869 2133 2017 2189 inci-

319 2233 461 2287 dens
503 2229 774 2297 Spiritus,
818 2226 1102 2297 perfectos
1149 2229 1205 2279 et
1257 2224 1609 2293 multiplices
1645 2225 1845 2278 reddat
1905 2224 2017 2276 fru-

320 2326 471 2378 ctus.
504 2318 649 2374 Nam
709 2317 767 2372 ni
800 2316 909 2370 hoc
942 2316 1041 2369 fiat
1097 2320 1229 2370 ante
1287 2314 1505 2382 omnia,
1565 2319 1620 2368 et
1678 2315 1786 2369 nisi
1849 2329 2020 2369 mun-

322 2412 543 2467 daverit
573 2408 705 2479 quis
736 2406 994 2476 seipsum
1051 2405 1122 2459 ab
1182 2404 1340 2458 omni
1404 2403 1847 2473 inquinamento
1895 2421 2021 2460 car-

322 2501 415 2554 nis
454 2506 507 2555 et
537 2496 801 2568 spiritus,
833 2511 965 2551 caro
995 2499 1084 2550 est
1111 2500 1165 2548 et
1229 2495 1489 2565 sanguis,
1522 2498 1576 2547 et
1632 2494 1798 2566 longe
1828 2495 2022 2561 distat

322 2605 356 2644 α
385 2588 521 2641 vita.

392 2674 516 2729 VII.
576 2672 968 2740 Undecunque
1023 2671 1210 2726 hostis
1242 2670 1701 2727 machinationes
1775 2676 2018 2739 astutae,

323 2764 484 2820 dolos
540 2764 597 2817 et
637 2761 942 2827 maleﬁcia,
998 2760 1451 2829 circumspicere
1494 2765 1739 2829 oportet.
1800 2762 2021 2816 Etenim

325 2858 388 2908 ut
416 2852 669 2924 Spiritus
718 2856 954 2906 sanctus
995 2867 1098 2922 per
1156 2850 1393 2905 Paulum
1431 2868 1444 2906 :
1480 2852 1566 2906 Fit
1622 2852 1877 2908 omnibus
1908 2868 2027 2907 om-

320 2947 440 3011 nia,
475 2956 537 2999 ut
565 2958 749 2997 omnes
806 2941 981 2997 salvos
1026 2942 1303 3010 faciat”:
1337 2941 1417 2997 sic
1475 2949 1528 2998 et
1579 2941 1813 3012 spiritui
1877 2943 2029 2999 malo

324 3035 382 3088 in
418 3033 611 3089 studio
669 3035 777 3097 est,
814 3032 1013 3085 omnia
1054 3030 1200 3099 fieri,
1242 3035 1306 3086 ut
1353 3047 1559 3087 omnes
1606 3030 1665 3086 in
1726 3032 2027 3088 interitum

327 3123 633 3195 propellat.
692 3123 887 3192 Itaque
938 3122 987 3177 is
1045 3137 1179 3176 cum
1240 3123 1542 3177 orantibus
1598 3122 1774 3178 simul
1865 3140 2029 3179 orare

326 3212 587 3275 simulat.
647 3210 702 3266 id
762 3215 1051 3278 spectans,
1085 3215 1149 3265 ut
1209 3226 1275 3264 ex
1334 3211 1464 3279 ipsa
1520 3211 1778 3266 oratione
1835 3215 2032 3267 sumat

328 3317 535 3355 ansam
572 3300 895 3370 decipiendi
928 3303 1187 3353 orantem
1232 3299 1621 3365 subjiciatque
1653 3300 1843 3355 eidem
1877 3318 2034 3356 arro-

328 3394 562 3460 gentem
618 3387 1060 3453 confidentiam;
1120 3402 1253 3441 cum
1316 3387 1716 3456 iejunantibus
1782 3390 2031 3459 jejunal,

328 3483 394 3533 ut
423 3478 580 3547 ipsos
632 3475 905 3529 inanibus
952 3475 1201 3542 decipiat
1232 3479 1289 3528 et
1319 3476 1645 3543 dcmentet;
1703 3478 2030 3549 Scriptura-

330 3580 460 3618 rum
522 3562 873 3617 habentibus
940 3562 1223 3630 notitiam,
1283 3562 1733 3620 similibus‘idat
1776 3584 2033 3637 operam,

333 3652 445 3707 sub
496 3651 687 3719 specie
735 3650 988 3706 scientia
1034 3652 1279 3719 cupiens
1328 3667 1426 3708 eos
1486 3654 1840 3711 subvertere.
1889 3658 2034 3713 Cum

332 3741 513 3814 aliqui
546 3739 911 3796 revelationis
970 3741 1189 3797 lumine
1248 3743 1509 3809 beantur,
1544 3744 1771 3800 videtur
1817 3752 1874 3801 et
1911 3747 2037 3818 ipse

331 3830 621 3903 ejusmodi
656 3831 889 3887 habere.
926 3833 1303 3902 Transﬁgurat
1352 3835 1499 3888 enim
1529 3835 1545 3904 (
1579 3834 1658 3889 ait
1693 3835 1953 3907 Paulus)
1981 3854 2039 3891 se

332 3922 566 3979 Satanas
597 3923 655 3977 in
712 3922 971 3991 angelum
1030 3922 1166 3978 lucis
1185 3922 1251 3979 3’.
1289 3924 1357 3980 Ut
1404 3924 1679 3991 opinione
1707 3924 1859 3981 ﬁcta:
1890 3925 2038 3982 lucis

335 4014 605 4084 deceptos
663 4012 733 4065 ad
795 4026 856 4066 se
908 4012 1176 4067 adducat.
1225 4014 1315 4079 Et,
1358 4017 1419 4067 ut
1484 4018 1695 4068 cuncta
1748 4015 2040 4082 ejusmodi

336 4102 516 4157 semel
574 4102 873 4173 colligam,
914 4103 1062 4157 mira
1118 4119 1180 4158 se
1238 4104 1448 4157 artium
1483 4103 1817 4158 subtilitate
1848 4106 2043 4160 omnia

333 4190 538 4255 variat,
596 4206 711 4259 quo
755 4188 1147 4243 similitudine
1216 4190 1585 4259 subjugatos,
1644 4190 1779 4244 boni
1851 4192 2041 4261 specie

336 4277 670 4347 apparentia
721 4276 779 4329 in
811 4292 1001 4330 veram
1037 4276 1251 4329 alliciat
1304 4277 1854 4348 irreparabilemque
1913 4296 2041 4347 per-

337 4366 550 4422 niciem
586 4382 599 4419 τ
660 4365 917 4427 Consilia,
949 4364 1161 4437 inquit,
1194 4366 1533 4422 destruenles
1580 4374 1631 4422 et
1669 4384 1883 4424 omnem
1912 4368 2042 4425 alti-

339 4455 590 4509 tudinem
645 4454 998 4510 extollentem
1041 4470 1099 4510 se
1155 4454 1417 4512 adversus
1466 4456 1757 4513 scientiam
1819 4460 1918 4514 Dei
1972 4458 2041 4514 ⁸ο.

2122 1874 2337 1929 ἀνανεοῖ
2362 1872 2565 1943 ταύτην
2604 1873 2886 1944 πρότερον,
2937 1872 3154 1932 καὶτὰς
3198 1871 3437 1931 ἀκάνθας
3485 1872 3783 1944 περιαιρεῖ⁹

2124 1964 2216 2018 εἶθ’
2259 1962 2399 2018 οὕτω
2442 1956 2777 2017 καταϐάλλει
2835 1961 2899 2015 τα
2958 1957 3242 2034 σπέρματα
3275 1979 3288 1992 ο
3325 1959 3471 2014 οὕτω
3531 1959 3623 2013 καὶ
3684 1959 3783 2012 τὸν

2125 2053 2268 2127 ποιρᾶ
2298 2055 2431 2106 Θεοῦ
2474 2048 2861 2123 προσδοκῶντα
2890 2057 2991 2118 τῆς
3035 2050 3265 2125 χάριτος
3315 2050 3516 2122 σπόρον
3565 2041 3781 2118 λαϐεῖν,

2126 2141 2403 2214 καθαίρειν
2479 2140 2738 2213 πρῦτερον
2801 2140 2913 2214 χρὴ
2971 2146 3072 2208 τῆς
3132 2137 3323 2193 ἑαυτοῦ
3388 2135 3609 2210 καρδίας
3672 2136 3781 2203 τήν

2128 2236 2255 2305 γῆν,
2284 2230 2353 2282 ’ἶν’
2385 2231 2411 2283 ὁ
2445 2228 2644 2301 σπόρος
2676 2228 2851 2283 πεσὼν
2887 2231 2984 2281 τοῦ
3037 2228 3354 2298 Πνεύματος
3403 2223 3632 2283 ἐντελεῖς
3682 2222 3779 2277 καὶ

2128 2317 2581 2379 πολλαπλασίους
2611 2315 2802 2389 ἀποδῷ
2839 2317 2965 2378 τοῦς
2996 2316 3236 2390 καρπούς
3270 2335 3282 2347 ·
3318 2315 3393 2377 ὡς
3435 2314 3479 2368 εἰ
3515 2315 3592 2386 μὴ
3614 2318 3779 2369 τοῦτο

2130 2409 2343 2481 γὲνοιτο
2376 2408 2657 2481 πρότερον,
2689 2406 2775 2460 καὶ
2826 2406 3032 2480 καθάρῃ
3067 2426 3151 2467 τις
3183 2406 3370 2460 ἑαυτὸν
3422 2403 3525 2457 ἀπὸ
3575 2404 3780 2465 παντὸς

2134 2495 2425 2571 μολυσμοῦ
2458 2497 2651 2569 σαρκὸς
2682 2496 2770 2549 καὶ
2821 2494 3147 2566 πνεύματος,
3201 2493 3328 2567 σάρξ
3370 2492 3509 2546 ἐστιν
3561 2489 3638 2546 ἔτι
3690 2493 3784 2547 καὶ

2132 2588 2290 2656 αἷμα,
2318 2584 2407 2639 καὶ
2444 2584 2649 2656 μακρὰν
2684 2584 2951 2659 ἀφέστηκε
2980 2589 3079 2651 τῆς
3114 2588 3283 2652 ζωῆς.

2206 2675 2273 2729 Ζ’.
2319 2673 2662 2747 Πανταχόθεν
2712 2671 2806 2735 τάς
2847 2676 2943 2726 τοῦ
3002 2669 3204 2747 ἐχθροῦ
3257 2672 3603 2746 μαγγανείας,
3653 2674 3787 2733 τοὺς

2136 2760 2331 2823 δόλους
2379 2783 2438 2816 τε
2488 2762 2576 2815 καὶ
2626 2761 2718 2821 τας
2763 2761 3111 2835 κακουργίας,
3163 2761 3387 2830 ὀξύτατα
3435 2767 3787 2833 περισκοπεῖν

2138 2850 2236 2908 δεῖ.
2270 2850 2366 2906 Καὶ
2418 2852 2519 2927 γὰρ
2569 2851 2642 2912 ὡς
2693 2851 2755 2904 τὸ
2805 2852 3025 2921 Πνεῦμα
3078 2850 3141 2904 τὸ
3198 2852 3350 2924 ἅγιον
3418 2847 3507 2902 δια
3568 2850 3793 2905 Παύλου

2138 2942 2204 2996 τὰ
2233 2940 2403 2994 πάντα
2430 2938 2666 3014 γενέσθαι
2716 2939 2903 3015 φησὶν,
2950 2937 3047 2992 ’ίνα
3094 2937 3225 3001 τοὺς
3276 2940 3476 3000 πάντας
3498 2936 3741 3012 κερδήσῃ
3775 2955 3792 2971 ⁹

2141 3028 2283 3083 οὕτω
2324 3026 2389 3097 δὴ
2422 3028 2511 3081 καὶ
2550 3031 2617 3099 τῇ
2664 3027 2824 3098 κακίᾳ
2870 3028 3114 3101 γίνεσθαι
3159 3029 3333 3082 πάντα
3380 3024 3469 3080 διὰ
3522 3024 3795 3099 σπουδῆς⁹

2143 3119 2216 3179 ὡς
2283 3118 2410 3178 τοὺς
2469 3115 2669 3179 πάντας
2734 3114 3073 3190 παραπέμψῃ
3129 3118 3197 3181 τῆ
3257 3114 3547 3186 ἀπωλείᾳ’
3594 3114 3796 3188 ἀμέλει

2140 3213 2258 3269 τοῖς
2299 3207 2626 3281 εὐχομένοις
2677 3205 2751 3266 ὡς
2803 3206 3199 3280 συνευχόμενος
3258 3206 3605 3279 ὑποκρίνεται
3656 3206 3796 3259 κατᾶ

2144 3296 2342 3351 σκοπὸν
2371 3300 2467 3349 τοῦ
2514 3294 2778 3374 προφάσει
2838 3295 3011 3373 εὐχῆς
3058 3289 3370 3367 ἐμϐαλόντα
3424 3294 3561 3368 πρὸς
3610 3292 3798 3365 οἴησιν

2145 3388 2415 3454 ἀπατῆσαι
2449 3403 2461 3417 ⁸
2529 3389 2647 3445 τοῖς
2712 3385 3035 3454 νηστεύουσι
3120 3382 3483 3453 συννηστεύειν
3523 3426 3538 3452 ,
3596 3382 3799 3445 αὐτοὺς

2146 3474 2322 3543 οίτςσει
2383 3473 2662 3550 φενακίσαι
2726 3473 3064 3547 βουλόμενος
3108 3477 3265 3532 ’τοῖς
3331 3470 3519 3547 ἔχουσι
3588 3478 3796 3548 γνῶσιν

2146 3567 2371 3640 Γραφῶν
2422 3560 2728 3631 ἐπιτηδεύει
2769 3562 2836 3616 τὰ
2882 3562 3072 3634 ὅμοια,
3123 3564 3482 3637 προσχήματι
3540 3564 3801 3636 γνώσεως

2147 3652 2421 3708 ἐπιποθῶν
2490 3653 2685 3714 αυτοὺς
2754 3651 3274 3725 παρακρούσασθαι·
3336 3658 3455 3713 τοῖς
3524 3649 3803 3707 ἀποκαλύ-

2148 3748 2293 3818 ψεων
2325 3744 2505 3822 φωτὸς
2538 3744 2937 3812 καταξιωθεῖσι,
2982 3741 3381 3817 παραπλησίως
3429 3739 3577 3817 ἔχειν
3625 3739 3801 3800 δοκεῖ.

2150 3833 2695 3906 Μετασχηματίζεται
2739 3832 2862 3903 γὰρ,
2912 3832 3095 3905 γησῖν,
3128 3832 3155 3885 ὁ
3203 3837 3445 3895 Σατανᾶς
3505 3831 3586 3891 εἷς
3636 3830 3802 3907 ἅγγε-

2152 3920 2246 3976 λον
2278 3920 2457 3997 φωτός
2484 3939 2495 3951 ·
2526 3918 2613 3975 *ίνα
2659 3925 2728 3994 τῇ
2771 3917 2996 3990 δοκήσεῖ
3045 3924 3143 3974 τοῦ
3202 3918 3560 3989 καταλλήλου
3618 3921 3803 3995 φωτὸς

2151 4012 2453 4080 ἀπατήσας,
2505 4009 2579 4072 εἷς
2627 4009 2814 4063 ἑαυτὸν
2865 4009 3183 4083 ἐπαγάγεται
3221 4009 3349 4064 “xci
3410 4006 3601 4070 ἁπλῶς
3655 4007 3803 4064 οὕτω

2152 4099 2285 4173 πρὸς
2316 4100 2489 4152 πάντα
2521 4096 2867 4153 ποικίλλεται
2896 4100 2988 4154 καὶ
3017 4105 3133 4160 τοῖς
3166 4104 3351 4167 πᾶσιν,
3380 4097 3469 4153 ’ἱνα
3496 4103 3580 4170 τῷ
3619 4099 3806 4171 ὁμοίῳ

2150 4189 2505 4261 χειρούμενος
2539 4185 2896 4264 εύλογοφανεῖ
2946 4188 3212 4266 προφάσει
3264 4188 3497 4261 προξενῇ
3543 4188 3646 4255 τήν
3698 4186 3808 4241 ὰπ-

2149 4274 2379 4329 ώλειαν’
2440 4276 2789 4349 ⁴λογισμοὺς,
2858 4276 3030 4353 φησὶ.
3095 4278 3476 4350 καθαιροῦντες
3541 4275 3633 4329 καὶ
3696 4282 3805 4330 πᾶν

2152 4362 2357 4437 ὕψωμα
2414 4363 2770 4437 ἐπαιρόμενον
2821 4364 2957 4418 κατὰ
3011 4371 3111 4433 τῆς
3179 4365 3432 4440 γνώσεως
3488 4368 3585 4418 τοῦ
3644 4368 3803 4421 Θεοῦ.

2151 4452 2291 4523 "Op:
2326 4453 2491 4527 μέχρι
2523 4453 2611 4506 καί
2642 4451 2805 4506 τίνων
2839 4454 2867 4506 ὁ
2899 4450 3114 4521 ἀλαζὼν
3166 4450 3386 4507 ἐκτείνει
3416 4453 3477 4507 τὸ
3507 4452 3803 4525 τόλμημα,

339 4542 483 4599 Vide
511 4557 812 4612 quousque
843 4543 1134 4614 superbus
1165 4543 1262 4600 ille
1318 4546 1599 4611 impostor
1632 4548 1883 4602 audendi
1918 4566 2022 4618 pro

2149 4545 2228 4611 τῷ
2266 4540 2550 4613 βούλεσθαι
2582 4541 2672 4593 καὶ
2710 4539 2836 4601 τοὺς
2877 4537 2983 4610 ἤδη
3035 4541 3097 4595 τὸ
3149 4546 3305 4596 Θεῖον
3351 4541 3467 4595 κατ’
3510 4538 3801 4614 ἐπίγνωσιν

337 4634 581 4691 terviam
631 4634 926 4701 extendat,
960 4644 1020 4689 ut
1070 4651 1181 4690 non
1232 4635 1457 4691 dubitet
1486 4638 1679 4692 conari
1738 4654 1837 4693 eos
1883 4640 2043 4709 ipsos

338 4724 609 4794 dejicere,
662 4724 760 4795 qui
815 4723 962 4779 2|]
1030 4724 1289 4779 divinum
1340 4725 1564 4781 Numen
1596 4728 1650 4779 in
1713 4725 2044 4794 cognitione

338 4813 599 4868 veritatis
641 4814 991 4883 possideant.
1024 4814 1095 4872 Ut
1153 4816 1296 4872 adeo
1354 4832 1831 4886 unumquemque
1867 4831 2046 4883 apor-

341 4906 462 4956 teat
490 4917 587 4957 cor
618 4919 785 4958 suum
814 4905 981 4958 omni
1016 4906 1275 4959 custodia
1306 4920 1531 4958 servare
1558 4921 1571 4969 ;
1616 4904 1980 4973 multamque
2011 4921 2045 4959 θ.

349 4995 459 5045 Deo
484 4992 840 5060 prudentiam
879 5010 1130 5062 poscere,
1165 4999 1225 5047 ut
1256 4994 1352 5047 det
1406 4993 1574 5046 nobis
1616 4991 2045 5062 deprehendere

346 5080 643 5137 diabolicae
678 5082 1057 5153 malignitatis
1086 5089 1263 5136 artes.
1301 5081 2042 5153 Pretereaqueexercitare,

343 5189 407 5227 ac
455 5170 624 5243 quasi
654 5171 951 5228 elaborare
986 5176 1234 5227 mentem
1277 5187 1342 5226 ac
1386 5171 1771 5243 cogitationes
1815 5180 2045 5229 nostras

342 5257 635 5313 elimando
694 5276 795 5331 per
853 5258 1216 5329 spiritualem
1277 5274 1475 5315 curam
1546 5259 1669 5315 sine
1745 5261 2042 5314 intermis-

344 5347 508 5402 sione
537 5349 827 5413 convenit,
861 5353 915 5403 et
946 5349 1016 5402 ad
1055 5347 1147 5402 Dei
1183 5346 1538 5404 voluntatem
1563 5350 1833 5419 adaptare
1860 5350 2044 5416 ipsas;

2154 4628 2412 4698 ἀληθείας
2468 4624 2699 4704 ἔχοντας
2756 4634 3102 4703 κατενεγκεῖν.
3170 4633 3327 4685 Ὥστε
3371 4633 3512 4702 πάσῃ
3577 4629 3800 4703 φυλακῇ

2150 4724 2335 4791 τηρεῖν
2394 4721 2492 4787 τήν
2549 4719 2737 4773 ἑαυτοῦ
2795 4718 3020 4792 καρδίαν
3071 4721 3207 4792 χρὴ,
3266 4718 3484 4789 πολλήν
3542 4740 3600 4775 τε
3656 4721 3803 4793 παρὰ

2153 4812 2286 4863 Θεοῦ
2316 4810 2417 4876 τήν
2458 4808 2661 4862 σύνεσιν
2692 4807 2883 4876 αἰτεῖν,
2914 4810 3005 4863 ἳνα
3035 4805 3113 4881 δῷ
3142 4811 3279 4880 ἡμῖν
3316 4808 3411 4868 τὰς
3458 4814 3561 4877 τῆς
3608 4810 3797 4871 κακίας

2150 4894 2343 4970 τέχνας
2373 4901 2571 4972 φωρᾷν.
2610 4898 2955 4970 Ἐργαζεσθαι
3000 4895 3056 4951 δὲ
3103 4896 3193 4951 καὶ
3241 4896 3481 4951 ἐκπονεῖν
3529 4897 3624 4950 τὸν
3673 4902 3799 4953 νοῦν

2153 4984 2205 5039 ἐν
2257 4984 2460 5039 συνέσει
2504 4986 2592 5038 καὶ
2648 4988 2774 5047 τοὺς
2825 4984 3127 5058 λογισμοὺς
3180 4987 3446 5058 προσήκει
3506 4982 3799 5056 διηνεκῶς,

2152 5074 2237 5129 καὶ
2272 5074 2408 5145 πρὸς
2450 5078 2546 5127 τοῦ
2598 5078 2731 5128 Θεοῦ
2779 5075 2996 5146 θέλημα
3042 5073 3381 5149 καταρτίζειν
3429 5073 3628 5136 αὐτούς
3660 5093 3671 5106 ·
3704 5074 3802 5130 ουκ

2151 5162 2262 5218 ἔστι
2316 5164 2510 5217 τούτου
2570 5169 2755 5235 μεῖζον
2809 5161 2961 5237 ἔργον
3007 5164 3040 5230 ἤ
3086 5164 3435 5237 τιμιώτερον.
3494 5164 3803 5237 Ἐξομολὸ-

2150 5273 2305 5325 γησις
2374 5252 2525 5326 γὰρ,
2594 5252 2772 5330 φησὶ,
2840 5252 2929 5305 καὶ
2999 5251 3439 5327 μεγαλοπρέπεια
3504 5255 3569 5307 τὸ
3635 5248 3802 5329 ἔργον

2152 5342 2338 5397 αὐτοῦ.

346 5449 459 5506 quo
482 5453 596 5492 non
630 5441 819 5510 majus
856 5456 957 5496 nec
992 5440 1281 5511 pretiosus
1313 5455 1458 5512 opus
1484 5448 1588 5495 est.
1624 5440 1917 5511 Confessio,
1952 5437 2105 5494 enim
2137 5434 2236 5504 ait,
2267 5442 2318 5489 et
2347 5435 2756 5505 magniﬁcentia
2776 5450 2913 5506 0pm
2941 5435 3058 5505 ejus
3089 5436 3156 5490 δι.

417 5558 464 5592 ⁸⁸
495 5557 541 5613 ΙΙ
571 5563 695 5615 Cor.
754 5580 831 5627 χι,
879 5564 932 5617 2.

1009 5564 1051 5596 ⁸⁸
1100 5564 1260 5619 Prov.
1324 5581 1398 5627 ιν,
1455 5563 1542 5619 23.

356 5629 399 5662 ³ο
431 5631 499 5685 Il.
522 5630 647 5685 Cor.
683 5648 737 5699 x,
770 5634 823 5687 5.

1618 5564 1661 5599 ³⁸
1693 5564 1828 5635 Sep.
1864 5579 1902 5631 ῐ,
1933 5562 1987 5616 3.

903 5635 944 5669 “
977 5634 1188 5690 Psalm.
1220 5651 1311 5705 cx,
1344 5636 1397 5692 3.

2063 5560 2105 5596 ³⁷
2138 5562 2313 5631 Apoc.
2350 5576 2403 5628 x,
2436 5560 2524 5615 22.

2600 5560 2645 5596 "
2675 5563 2696 5618 Ι
2728 5560 2853 5617 Cor.
2916 5576 2993 5628 ιι,
3051 5562 3139 5615 22.
3219 5560 3263 5597 ⁸³
3295 5562 3344 5618 ΙΙ
3375 5562 3505 5619 Cor.
3570 5577 3653 5629 xx,
3687 5562 3777 5618 14.
