4076 6206
314 315 429 376 941

1399 315 1628 379 LIBER
1676 319 1775 379 DE
1824 317 2260 383 LIBERTATE
2305 319 2613 381 MENTIS.

3663 328 3780 388 942

389 447 470 506 Ι]’.
503 449 581 520 Τῇ
628 447 869 528 φιλοθέῳ
922 450 1100 523 ψυχῇ,
1150 446 1245 504 κᾶν
1297 446 1466 504 πάντα
1512 446 1579 503 τὰ
1621 447 1790 522 ἀγαθᾶ
1836 449 1955 522 πράι

2156 450 2308 507 VIII.
2360 450 2459 506 Dei
2504 452 2716 508 amanti
2769 451 3000 521 animae,
3051 460 3347 527 utcunque
3395 457 3594 512 omnia
3630 459 3782 514 bona

315 536 475 606 ξειεν,
529 535 680 592 οὐδὲν
731 539 916 612 ἑαυτῇ,
949 537 1094 593 ἀλλὰ
1137 543 1217 610 τῷ
1261 543 1376 610 Θεῴ
1415 535 1612 593 ἕκαστα
1655 538 1970 617 ἐπιγράφειν

313 624 456 688 ἔθος.
490 626 666 700 Ταύτῃ
711 648 795 681 τοι
859 628 945 681 καὶ
999 627 1027 680 ὁ
1080 629 1209 690 Θεὸς
1251 626 1418 682 παλιν
1467 631 1534 700 τῇ
1588 629 1724 701 ὑγιεῖ
1769 628 1970 699 ταύτης

309 714 401 768 καὶ
455 715 592 790 ὀρθῇ
658 717 859 772 συνέσει
917 717 1006 770 καὶ
1065 719 1263 792 γνώσει
1321 716 1607 791 προσχὼν,
1664 717 1973 772 τούναντίον

307 801 489 877 ἐκείνῃ
523 807 697 859 πάντα
731 804 1009 880 λογίζεται
1043 826 1054 838 ·
1088 805 1178 860 καὶ
1229 805 1304 868 ὡς
1352 805 1518 875 αὐτῆς
1564 805 1849 878 καμούσης
1879 813 1968 866 καὶ

310 893 442 966 παρ’
472 893 669 963 ἑαυτῆς
699 895 761 950 τὸ
809 893 941 949 ὅλον
975 893 1364 970 ἐργασαμένης,
1396 895 1488 957 τὰς
1521 892 1814 956 ἀντιδόσεις
1844 894 1970 950 ἐπι-

317 986 504 1056 μετρεῖ
539 1003 552 1017 ·
583 983 769 1038 καίτον
801 981 954 1054 δόξαν
997 984 1146 1057 αὐτῷ
1193 985 1330 1059 πρὸς
1382 985 1558 1061 κρίσιν
1587 986 1722 1059 ἡμῖν
1769 983 1966 1057 ἐλθεῖν,

312 1071 466 1128 οὐδὲν
516 1075 654 1150 πρὸς
711 1075 970 1146 ἀλήθειαν
1026 1081 1106 1149 τῷ
1163 1078 1434 1152 ἀνθρώπῳ
1487 1075 1693 1133 δίκαιον
1751 1078 1970 1151 εὑρεθή-

313 1182 461 1218 σεται
505 1182 518 1196 ·
555 1162 670 1219 ἐπεὶ
701 1165 792 1219 καὶ
822 1166 888 1220 τὰ
941 1168 1228 1241 χρήματα,
1261 1167 1349 1222 καὶ
1379 1167 1444 1221 τὰ
1489 1163 1750 1221 δοκοῦντα
1793 1167 1966 1222 πάντα

310 1251 467 1309 ταυτὶ
519 1253 714 1326 ἀγαθὰ,
773 1251 843 1309 δι’
901 1255 973 1309 ὧν
1020 1255 1112 1310 καὶ
1157 1252 1668 1317 εὐποιεῖνιὲκαστος
1719 1254 1962 1326 δύναται,

311 1339 520 1397 ἐκείνου
550 1341 676 1414 εἶσὶ,
706 1349 774 1419 γῆ
807 1345 900 1398 καὶ
930 1352 1100 1400 πάντα
1139 1346 1206 1401 τὰ
1249 1344 1302 1400 έν
1348 1344 1484 1419 αὐτῇ
1518 1365 1532 1378 “
1584 1347 1715 1400 αὐτὸ
1761 1345 1824 1400 τὸ
1863 1351 1964 1400 σῶ-

313 1451 413 1505 μα,
441 1431 531 1486 καὶ
563 1432 701 1500 αὐτὴ
732 1435 766 1502 ἡ
801 1435 952 1509 ψυχή
991 1453 1002 1465 ·
1039 1435 1102 1490 οὐ
1138 1436 1244 1506 μὴν
1279 1433 1423 1490 ἀλλὰ
1451 1433 1539 1489 καὶ
1563 1435 1690 1489 αὐτὸ
1721 1434 1782 1489 τὸ
1804 1435 1958 1505 εἶναι,

311 1517 598 1595 ἅνθρωπος
629 1521 764 1576 κατὰ
793 1525 955 1598 χάριν
988 1518 1124 1599 ἔχει.
1175 1524 1241 1581 Τί
1283 1525 1462 1578 τοίνυν
1513 1525 1662 1596 αὐτῷ
1716 1521 1960 1580 λείπεται

311 1607 476 1680 ἴδιον,
510 1610 592 1686 ἐφ’
623 1611 668 1683 ᾤ
698 1613 760 1665 τὸ
810 1611 1059 1682 οἲηθῆναι
1117 1613 1152 1682 ἢ
1205 1611 1560 1683 δικαιωθῆναι
1609 1615 1743 1668 κατά
1793 1613 1958 1688 λόγον

305 1695 413 1770 τέξει
454 1721 469 1770 ;
502 1699 650 1770 πλὴν
683 1698 828 1756 ἀλλά
869 1703 1070 1771 ταύτην
1102 1705 1130 1757 ὁ
1173 1703 1302 1765 Θεὸς
1339 1703 1598 1778 μεγίστην
1649 1703 1700 1774 ἐξ
1750 1701 1957 1778 ἀνθρώ-

2081 541 2266 608 faciat,
2301 540 2446 594 nihil
2498 541 2630 607 sibi,
2664 543 2759 596 sed
2799 544 2908 596 Deo
2950 548 3163 597 cuncta
3188 545 3476 600 ascribere
3517 563 3643 603 mos
3673 555 3778 603 est.

2076 631 2145 683 At
2195 629 2350 683 Deus
2399 629 2656 686 vicissim
2700 648 2902 686 sanam
2963 636 3091 702 ejus
3121 639 3178 688 et
3231 641 3467 703 rectam,
3500 653 3632 690 cum
3673 637 3778 691 ad-

2080 721 2350 776 mistione
2409 723 2749 792 prudentia,
2800 724 3098 778 scientiam
3155 730 3483 794 attendens,
3532 726 3591 782 in
3642 745 3775 783 con-

2077 807 2321 863 trarium
2357 810 2526 880 plane
2561 812 2796 865 modum
2848 812 3037 867 omnia
3071 812 3183 884 ipsi
3216 813 3497 885 imputat;
3530 831 3596 870 ac
3629 815 3774 870 velut

2074 897 2176 953 illa
2205 898 2327 953 sola
2360 899 2695 968 laborasset,
2728 907 2786 955 et
2815 902 2936 956 suis
2969 904 3142 958 unius
3173 905 3394 959 viribus
3428 906 3483 959 in
3519 905 3770 960 solidum

2075 994 2283 1042 cuncta
2333 989 2671 1059 peregisset,
2740 991 2824 1044 sic
2890 992 2942 1045 ei
2991 995 3484 1049 remunerationes
3535 995 3774 1050 admeti-

2074 1082 2190 1132 tur.
2241 1077 2544 1134 Enimvero
2592 1080 2640 1133 si
2690 1079 2805 1134 Deo
2845 1079 3072 1136 luberet
3100 1083 3287 1152 rigido
3337 1085 3639 1141 nobiscum
3671 1087 3771 1156 ju-

2073 1166 2227 1221 dicio
2270 1183 2455 1237 agere,
2514 1167 2662 1222 nihil
2705 1185 2942 1239 prorsus
2992 1171 3209 1224 homini
3258 1172 3328 1225 ab
3378 1188 3443 1226 eo
3496 1187 3625 1226 vere
3677 1173 3769 1227 de-

2073 1254 2262 1311 bitum
2339 1256 2691 1327 reperiretur
2771 1259 3248 1330 quandoquidem
3344 1262 3766 1330 possessiones,

2074 1347 2338 1416 pecunia,
2381 1353 2698 1415 cunctaque
2759 1349 2933 1420 hujus
2973 1349 3101 1404 vita:
3149 1349 3323 1415 bona,
3369 1365 3498 1420 qua:
3561 1347 3774 1403 instru-

2073 1442 2262 1489 menta
2321 1438 2465 1491 bene
2511 1438 2788 1507 operandi
2835 1438 3000 1493 bonis
3047 1447 3203 1508 sunt,
3250 1438 3308 1492 in
3342 1438 3591 1492 solidum
3642 1439 3771 1507 ejus

2071 1523 2326 1579 dominio
2365 1526 2687 1596 subjacent.
2743 1527 2978 1581 Terram
3029 1532 3086 1582 et
3144 1527 3408 1581 universa
3473 1543 3602 1597 quas
3672 1527 3770 1581 illa

2069 1613 2174 1667 fert
2237 1619 2338 1670 aut
2385 1615 2665 1683 continet;
2724 1616 2917 1686 ipsum
2972 1632 3202 1685 corpus,
3235 1615 3424 1686 ipsam
3485 1616 3765 1681 animam,

2067 1705 2164 1759 sed
2197 1710 2252 1759 et
2297 1705 2488 1775 ipsum
2541 1723 2691 1771 esse,
2742 1706 2915 1761 homo
2962 1722 3064 1778 per
3109 1707 3359 1779 gratiam
3397 1706 3584 1760 habet.
3621 1706 3765 1769 Quid

307 1811 423 1844 πων
458 1786 678 1864 δέχεται
722 1789 909 1865 χάριν,
965 1791 1056 1845 καῖ
1116 1791 1278 1847 τοῦτο
1330 1797 1440 1846 τῶν
1502 1791 1955 1871 προσφερομένων

309 1877 324 1894 ς
403 1879 415 1897 ,
576 1879 589 1895 .
775 1879 786 1896 .
1076 1881 1090 1896 κ
1188 1883 1200 1897 ε
1283 1885 1294 1897 .
1399 1883 1413 1897 .
1557 1882 1624 1897 ς-
1702 1881 1714 1897 ς
1897 1886 1922 1896 -

2133 1795 2248 1847 itur
2297 1795 2406 1866 ipsi
2447 1797 2796 1867 relinQuitur
2837 1797 3160 1866 proprium,
3243 1795 3397 1850 unde
3469 1796 3652 1866 possit
3706 1795 3766 1849 in

305 1877 495 1953 ἐκείνῳ
536 1879 600 1934 τὸ
633 1879 1009 1955 χαριέστατον,
1037 1881 1099 1936 τὸ
1143 1883 1241 1950 τὴν
1271 1883 1454 1958 ψυχὴν
1487 1882 1667 1942 καλῶς
1699 1881 1954 1956 ἐπιγνοῦ-

309 1990 407 2024 σαν
449 1971 594 2032 ὅπως
625 1968 742 2043 ἔχει
774 1969 840 2025 τὰ
870 1968 1017 2036 ὄντα,
1051 1970 1223 2024 πάντα
1256 1970 1457 2046 ὅσαπερ
1503 1970 1561 2025 ἂν
1617 1969 1750 2044 ποιῇ
1781 1970 1954 2044 ἀγαθὰ

302 2059 397 2113 καί
429 2057 527 2112 ὅσα
561 2059 752 2132 κάμνει
813 2056 901 2112 διὰ
951 2060 1102 2127 Θεὸν,
1156 2059 1252 2113 ὅσα
1308 2080 1367 2114 τε
1415 2059 1628 2130 συνίησι
1667 2060 1754 2113 καὶ
1796 2061 1954 2132 γινώ-

302 2170 441 2218 σκει,
497 2148 643 2220 αὐτῷ
698 2147 1024 2222 λογίζεσθαι,
1083 2149 1170 2203 καὶ
1224 2148 1371 2222 αὐτῷ
1428 2150 1491 2205 τὸ
1551 2149 1764 2222 σύμπαν
1824 2148 1952 2203 ἀνα-

299 2238 526 2296 τιθέναι.

2068 1885 2478 1940 conﬁdentiam
2531 1886 2740 1954 inflari,
2796 1892 2896 1940 aut
2940 1902 3100 1956 spem
3141 1886 3442 1953 concipere
3496 1901 3625 1939 vera
3670 1901 3764 1939 ra-

2065 1977 2220 2029 tione
2269 1977 2458 2030 nixam
2509 1977 2807 2031 obtinendi
2867 1977 3128 2029 districto
3169 1976 3390 2044 judicio
3421 1974 3588 2045 quasi
3630 1975 3764 2044 jure

2064 2065 2175 2119 sibi
2215 2066 2479 2120 debitum
2542 2065 2891 2138 quidpiam?
2923 2067 3200 2120 Caeterum
3253 2065 3403 2119 hanc
3444 2065 3760 2118 maximam

2063 2168 2130 2208 ex
2162 2153 2499 2209 hominibus
2531 2155 2686 2210 Deus
2735 2155 2978 2226 percipit
3025 2155 3311 2226 gratiam;
3343 2159 3401 2207 et
3447 2153 3553 2206 hoc
3585 2169 3654 2206 ex
3692 2153 3764 2206 iis

2059 2259 2188 2313 quas
2233 2242 2343 2312 ipsi
2386 2244 2712 2300 offeruntur
2783 2260 2962 2300 unum
3029 2246 3200 2315 longe
3264 2241 3762 2312 jucundissimum

305 2331 547 2396 accidit;
604 2330 796 2386 anima
828 2347 942 2391 res.
990 2332 1072 2386 uti
1123 2349 1184 2389 se
1223 2347 1354 2388 vere
1394 2332 1629 2400 habent,
1671 2335 1982 2404 agnoscat;
2012 2335 2070 2387 et
2107 2349 2469 2405 quaecunque
2504 2335 2640 2390 facit
2673 2335 2842 2402 bona,
2886 2349 3246 2406 quascunque
3308 2339 3542 2404 propter
3577 2333 3752 2386 Deum

303 2421 460 2477 mala
492 2419 714 2488 tolerat,
739 2436 1102 2491 quaecunque
1134 2421 1407 2492 intelligit
1433 2428 1489 2478 et
1517 2423 1715 2488 sentit,
1746 2421 1992 2492 imputet
2022 2438 2294 2493 supremo
2320 2425 2601 2496 largitori,
2635 2430 2691 2479 et
2723 2424 2824 2479 uni
2847 2424 2898 2478 ei
2921 2429 3154 2495 accepta
3176 2425 3405 2478 referat.

373 2510 448 2565 6'.
481 2511 684 2583 Ὥσπερ
724 2510 948 2585 Ἰσραὴλ
999 2508 1105 2574 ἕως
1146 2511 1240 2584 μὲν
1301 2511 1601 2585 εὐαρέστως
1642 2511 1755 2586 εἶχε
1810 2510 1946 2585 πρὸς

303 2599 398 2656 τὸν
466 2599 761 2669 Δεσπότην,
814 2599 1055 2678 καίτοιγε
1116 2598 1375 2657 οὐδέποτε
1435 2603 1527 2674 μὲν
1584 2601 1657 2663 ὡς
1725 2601 1895 2675 ἐχρῆν
1928 2619 1941 2633 ⁸

299 2685 450 2755 πλὴν
483 2685 610 2742 ἀλλ’
640 2686 731 2741 οάν
759 2684 864 2750 ἕως
897 2685 1076 2744 ἐδόκει
1107 2688 1235 2766 ὑγιῆ
1258 2710 1378 2744 τινα
1407 2693 1590 2751 ποσῶς
1622 2689 1758 2762 πρὸς
1782 2687 1945 2742 αὐτὸν

298 2772 449 2854 ἔχειν
503 2777 602 2846 τὴν
669 2777 871 2844 πίστιν,
932 2777 1128 2840 στύλος
1169 2780 1338 2854 πυρὸς
1394 2779 1482 2835 καὶ
1530 2779 1726 2855 νεφέλη
1776 2777 1943 2833 αὐτοῦ

299 2872 629 2944 προηγεῖτο,
668 2865 913 2921 θάλασσα
960 2865 1018 2922 δὲ
1048 2869 1196 2941 αὐτῷ
1256 2869 1552 2944 ὑπεχώρει,
1583 2869 1672 2924 καὶ
1734 2870 1940 2941 μυρίων

299 2954 488 3012 ἄλλων
518 2954 755 3012 ἀπέλαυε
787 2958 1100 3029 θαυμασίων
1136 2978 1149 2991 ·
1185 2960 1348 3014 ὁπότε
1397 2957 1452 3014 δὲ
1499 2967 1596 3029 τῆς
1645 2962 1778 3034 πρὸς
1823 2960 1948 3014 Θεὸν

300 3045 517 3107 εὐνοίας
547 3045 832 3125 ἀφίστατο,
863 3049 988 3102 τότε
1025 3048 1115 3102 καὶ
1161 3054 1278 3110 τοῖς
1329 3048 1550 3124 ἐχθροῖς
1597 3047 1942 3122 παρεδίδοτο,

297 3135 391 3189 καὶ
433 3132 708 3198 δουλείαις
737 3141 958 3208 πικραῖς
1007 3137 1408 3213 κατειργάζετο.
1456 3137 1614 3195 Οὕτω
1676 3158 1770 3210 μοι
1835 3138 1944 3192 νόει

303 3222 395 3279 καὶ
435 3223 523 3279 ἐπὶ
553 3231 654 3295 τῆς
686 3228 871 3300 ψυχῆς
904 3244 916 3257 ⁸
961 3224 995 3293 ἢ
1029 3224 1119 3280 διὰ
1164 3233 1265 3295 τῆς
1297 3227 1523 3301 χάριτος
1563 3228 1656 3283 τὸν
1694 3227 1821 3282 Θεὸν
1853 3227 1950 3282 έπ-

303 3316 471 3390 ἑγνω,
501 3313 591 3368 καὶ
621 3315 728 3369 ἀπὸ
761 3313 946 3389 ῥύπων
1001 3315 1097 3388 μὲν
1147 3313 1417 3390 ἐκαθάρθη
1449 3314 1679 3372 πολλῶν
1708 3317 1771 3371 τὸ
1819 3317 1950 3390 πρό-

303 3423 482 3477 τερον,
542 3401 656 3460 εἶτα
711 3405 800 3458 καὶ
856 3405 1100 3479 χαρίτων
1156 3404 1284 3479 ἁγία
1351 3405 1556 3481 γέγονε,
1622 3408 1721 3476 τήν
1780 3427 1952 3480 προσ-

306 3494 543 3564 ήκουσαν
573 3490 631 3548 δὲ
661 3493 723 3548 οὐ
756 3494 1035 3567 φυλάξασα
1065 3496 1143 3568 τῷ
1175 3494 1414 3570 οὐρανίῳ
1453 3492 1604 3564 ἀνδρὶ
1641 3496 1727 3552 διὰ
1756 3495 1950 3559 τέλους

305 3578 541 3651 εὔνοιαν,
585 3581 794 3652 ἐξέπεσε
820 3589 920 3652 τῆς
962 3589 1110 3654 ζωῆς
1149 3587 1215 3654 ἧς
1268 3585 1503 3662 μέτοχος
1553 3584 1802 3664 ἐγεγόνει.
1852 3595 1951 3644 Δυ-

303 3671 474 3728 πατὸν
505 3671 607 3746 γὰρ
646 3675 727 3745 τῷ
774 3672 1128 3747 ἀντικειμένῳ
1168 3674 1260 3729 καὶ
1308 3679 1414 3730 τῶν
1479 3673 1555 3738 είς
1610 3677 1677 3730 τὰ
1731 3680 1953 3732 τοιαῦτα

305 3759 624 3839 φθασάντων
683 3763 1093 3836 κατεπαίρεσθαι
1173 3764 1360 3838 μέτρα.
1422 3765 1582 3819 Ὥστε
1630 3765 1952 3840 ἀγωνιστέον

306 3849 484 3919 ὁπόση
556 3845 806 3922 δύναμις,
864 3851 954 3904 καὶ
1029 3851 1162 3923 μετὰ
1217 3847 1390 3925 φόϐου
1447 3851 1536 3906 καὶ
1585 3852 1793 3926 τρόμου
1851 3857 1950 3926 τῇς

305 3939 511 3994 ἑαυτῶν
570 3943 717 4008 ζωῆς
773 3938 1155 4012 ἐπιμελητέον,
1211 3937 1450 4012 μάλιστα
1503 3945 1620 4002 τοῖς
1679 3940 1800 3995 ὅσοι
1855 3946 1952 3996 τοῦ

309 4025 623 4099 Πνεύματος
680 4031 775 4082 τοῦ
832 4033 1064 4103 Χριστοῦ
1137 4027 1387 4104 γεγόνασι
1467 4028 1720 4104 μέτοχοι,
1785 4035 1951 4085 τοῦτο

311 4114 456 4190 μηδὲ
515 4117 706 4190 μικρὸν
766 4117 802 4186 ἢ
865 4116 1002 4192 μέγα
1057 4115 1127 4172 δι’
1174 4118 1476 4194 ὀλιγωρίαν
1530 4120 1843 4189 ποιεῖν,καὶ
1884 4117 1952 4175 δι’

307 4204 442 4260 αὐτὸ
482 4205 646 4261 τοῦτο
693 4208 790 4260 τοῦ
835 4205 1034 4281 Κυρίου
1066 4211 1287 4279 Πνεῦμα
1345 4205 1557 4264 λυπεῖν.
1608 4210 1809 4281 Ὥσπερ
1849 4210 1953 4284 γὰρ

309 4294 466 4369 Χαρά
501 4296 707 4370 γίνεται
747 4295 799 4350 ἐν
831 4300 909 4367 τῷ
937 4295 1166 4370 οὐρανῷ,
1205 4297 1343 4350 καθοὶ
1377 4317 1539 4369 φησιν
1580 4299 1615 4366 ἡ
1667 4297 1952 4367 Ἀλήθεια,

307 4384 400 4440 ἐπὶ
454 4383 530 4438 ἐνὶ
603 4383 917 4457 ἁμαρτωλῷ
977 4390 1326 4458 μετανοοῦντι
1379 4406 1392 4419 ·
1458 4381 1600 4440 οὕτω
1655 4387 1744 4440 καὶ
1805 4385 1952 4458 λύπη

1976 3101 2020 3167 C

2129 2512 2215 2568 ΙΧ.
2269 2513 2431 2569 Sicut
2501 2515 2813 2584 Israelitas,
2862 2517 3046 2584 quoad
3099 2515 3335 2586 quidem
3384 2513 3456 2569 ad
3526 2510 3758 2566 Domini

2057 2601 2482 2674 beneplacitum
2517 2621 2576 2660 se
2615 2606 3057 2660 conformarunt
3095 2606 3222 2675 (etsi
3254 2618 3548 2674 nunquam
3583 2603 3641 2657 id
3673 2601 3754 2656 illi

2055 2705 2122 2746 ea
2153 2710 2266 2763 qua
2295 2699 2628 2765 oportuerat
2663 2695 2968 2767 diligentia
3000 2697 3300 2765 fecerunt).
3336 2709 3533 2748 verum
3567 2709 3756 2762 quan-

2054 2781 2151 2836 diu
2186 2783 2386 2838 saltem
2420 2785 2476 2838 in
2510 2786 2762 2852 speciem
2815 2801 2952 2840 sana
2983 2785 3042 2839 in
3074 2801 3206 2840 eum
3242 2784 3353 2840 fide
3386 2799 3449 2838 se
3491 2781 3758 2852 praeditos

2057 2877 2353 2944 utcunque
2400 2874 2694 2944 operando
2742 2882 3157 2937 monstrarunt.
3201 2873 3465 2928 columna
3518 2872 3670 2943 ignis
3701 2876 3758 2926 et

2060 2964 2239 3015 nubes
2291 2963 2550 3030 praeibat,
2628 2979 2786 3016 mare
2845 2969 3039 3016 autem
3097 2963 3166 3017 iis
3213 2963 3361 3017 dans
3415 2961 3758 3016 transituris

2057 3047 2208 3102 viam
2260 3051 2588 3115 recolebat;
2641 3050 2870 3120 ipsique
2920 3049 3364 3119 innumerisque
3415 3049 3544 3103 aliis
3572 3048 3760 3116 adiuti

2060 3140 2224 3194 miris
2255 3141 2528 3208 operibus
2561 3139 2752 3206 fuere;
2786 3141 3020 3209 quando
3051 3145 3239 3193 autem
3273 3155 3306 3194 a
3340 3138 3611 3192 fidelitate
3644 3137 3759 3193 Deo

2058 3229 2254 3282 debita
2297 3228 2652 3297 defecerunt,
2709 3233 2850 3282 tunc
2897 3232 2953 3282 et
2984 3225 3250 3280 hostibus
3299 3230 3438 3280 sunt
3466 3224 3670 3294 dediti,
3703 3231 3760 3280 et

2060 3317 2204 3372 diris
2235 3318 2613 3373 servitutibus
2663 3317 2846 3372 attriti
2897 3322 3056 3372 sunt.
3089 3317 3184 3372 Sic
3223 3321 3281 3371 et
3319 3321 3383 3370 tu
3435 3324 3656 3385 reputa,
3688 3313 3761 3368 si-

2058 3407 2222 3462 milia
2297 3407 2628 3479 contingere
2684 3408 2908 3474 animis,
2972 3416 3274 3479 postquam
3345 3422 3446 3476 per
3514 3406 3759 3474 gratiam

2061 3500 2241 3550 Deum
2283 3501 2620 3567 agnoverat;
2673 3502 2984 3567 postquam
3031 3512 3064 3550 a
3109 3493 3310 3550 multis
3351 3510 3451 3565 per
3480 3509 3612 3549 eum
3643 3509 3762 3548 sor-

2061 3586 2231 3641 dibus
2290 3586 2473 3641 fuerat
2510 3585 2727 3652 abluta,
2781 3585 3098 3658 gratiisque
3147 3592 3420 3656 praeterea
3459 3590 3758 3648 exornata;

2061 3688 2196 3727 cum
2256 3670 2424 3726 fidem
2483 3670 2945 3743 charitatemque
3006 3677 3090 3726 tot
3152 3670 3489 3727 nominibus
3536 3667 3761 3724 debitas

2061 3760 2278 3817 cmlesti
2329 3777 2434 3815 suo
2473 3776 2686 3832 sponso
2735 3760 2809 3815 ad
2853 3765 3176 3815 extremum
3247 3775 3361 3815 non
3411 3757 3760 3830 praestiterit,

2063 3859 2124 3908 ut
2154 3851 2377 3906 excidat
2407 3849 2542 3915 vita,
2580 3849 2748 3919 cujus
2779 3851 3066 3919 particeps
3093 3852 3217 3904 erat
3247 3848 3466 3903 effecta.
3495 3847 3573 3901 Eo
3605 3847 3760 3900 enim

2063 3954 2250 4010 usque
2283 3940 2470 4006 potest
2497 3936 2582 3991 vis
2605 3935 2853 3991 exitialis
2874 3939 3098 3989 Satanm
3123 3935 3467 4005 pertingere,
3493 3937 3556 3986 ut
3585 3933 3760 3986 etiam

2061 4043 2160 4082 eos
2193 4025 2444 4095 dejiciat,
2496 4025 2592 4095 qui
2627 4024 2698 4079 ad
2747 4028 2866 4078 tam
2899 4021 3210 4078 sublimem
3243 4021 3421 4076 istum
3457 4019 3763 4092 dignitatis

2063 4117 2452 4174 ascenderunt
2500 4114 2745 4187 apicem.
2795 4114 3069 4180 Quocirca
3125 4110 3596 4168 contendendum
3641 4113 3763 4163 tota

2063 4211 2272 4264 virtute
2317 4209 2426 4274 est,
2475 4211 2537 4260 ut
2583 4220 2718 4259 cum
2775 4204 2982 4258 timore
3031 4207 3087 4257 et
3135 4209 3381 4256 tremore
3429 4195 3762 4268 invigiletur

2063 4297 2466 4355 conservandis
2515 4293 2801 4366 spirituali
2854 4294 3014 4360 vitae;
3074 4291 3148 4348 iis
3198 4291 3466 4355 maxime,
3507 4289 3602 4359 qui
3634 4287 3762 4356 Spi-

2065 4389 2211 4444 ritus
2256 4385 2471 4441 Christi
2529 4383 2838 4455 participes
2885 4386 3022 4437 sunt
3069 4381 3225 4437 facti.
3279 4381 3464 4445 Quam
3523 4379 3594 4433 ad
3647 4393 3764 4432 rem

307 4473 474 4529 πάλιν
509 4472 595 4527 ἐπὶ
651 4477 748 4546 μ.ιᾷ
796 4477 948 4550 ψυχῆ
993 4481 1090 4543 τῆς
1139 4474 1364 4530 αἰωνίου
1411 4480 1555 4545 ζωῆς
1589 4477 1946 4551 ἐκπιπτούσῃ.

2133 4476 2388 4532 .vendum
2443 4473 2752 4544 diligenter
2797 4475 2908 4540 est,
2957 4488 3028 4527 ne
3077 4470 3213 4543 quid
3270 4469 3340 4524 ab
3407 4468 3480 4522 iis
3525 4481 3764 4537 parvum

302 4571 412 4622 aut
463 4581 740 4638 magnum
790 4566 1106 4623 oscitanter
1156 4568 1282 4633 fiat,
1328 4571 1481 4624 unde
1530 4570 1826 4639 contingat
1858 4568 2090 4624 Domini
2148 4566 2428 4637 Spiritum
2483 4563 2832 4619 contristari.
2879 4561 3372 4625 Quemadmodum
3409 4560 3564 4615 enim
3623 4555 3768 4611 Gau-

299 4657 462 4713 dium
519 4663 599 4714 est
646 4659 705 4712 in
753 4659 905 4724 calo,
963 4663 1026 4715 nt
1067 4660 1287 4715 Veritas
1350 4665 1616 4726 testatur,
1672 4675 1834 4730 super
1899 4676 2008 4715 uno
2078 4662 2361 4730 peccatore
2413 4656 2792 4726 paenitentiam
2863 4659 3056 4724 agente
3125 4652 3170 4686 ⁴²
3204 4667 3228 4714 ;
3293 4649 3375 4705 sic
3440 4653 3498 4703 et
3555 4662 3768 4701 mceror

301 4747 561 4802 vicissim
595 4764 770 4818 super
791 4766 907 4804 una
937 4751 1133 4805 anima
1162 4750 1460 4805 excidente
1507 4751 1580 4804 ab
1610 4755 1826 4805 eterna
1856 4752 1992 4806 vita.

382 4841 439 4894 ι’.
477 4836 636 4891 Ὅταν
703 4838 857 4911 ψυχὴ
891 4845 992 4908 τῆς
1039 4838 1264 4912 χάριτος
1314 4838 1650 4912 καταξιωθῇ,
1707 4839 1828 4893 τότε
1887 4837 1954 4908 δή

303 4925 401 4981 καὶ
457 4928 710 5001 χρήσιμα
758 4927 927 5001 ταύτῃ
1006 4926 1243 5000 μάλιστα
1298 4931 1518 5003 γνῶσις,
1577 4925 1804 4999 σύνεσις,
1866 4927 1955 4982 καὶ

309 5013 580 5087 διάκρισις
615 5034 630 5048 ο
664 5016 801 5089 όίπερ
832 5019 961 5091 γοῦν
994 5017 1083 5071 καὶ
1117 5017 1250 5091 αὐτᾶ
1297 5018 1426 5078 Θεὸς
1477 5014 1698 5072 δίδωσιν
1748 5015 1960 5086 ἐκείνης

281 5099 596 5174 ἀίτούσης,
665 5103 804 5160 ὥστε
875 5105 1172 5180 εὐαρέστως
1247 5107 1412 5176 αὐτὴν
1493 5104 1811 5176 διακονῆσαι
1879 5111 1957 5178 τῷ

310 5192 615 5266 Πνεύματι,
646 5195 674 5247 ’ὀ
715 5193 803 5248 καὶ
847 5194 1159 5265 κατηξιώθη
1203 5191 1409 5265 λαϐεῖν,
1466 5197 1540 5269 μὴ
1573 5196 1960 5269 ξκλεπτομὲνην

304 5282 414 5337 ὒπὸ
462 5281 676 5350 κακίας,
731 5284 806 5357 μὴ
861 5281 1246 5359 σαραλλομένην
1299 5282 1367 5338 δι’
1417 5284 1702 5359 ἂγνωσίαν,
1757 5285 1831 5356 μή
1882 5287 1959 5356 τῷ

306 5368 536 5442 ἀμελεῖν
585 5372 672 5425 καὶ
725 5368 946 5447 ἀφόϐως
995 5377 1089 5446 ζῇν
1137 5374 1641 5450 παρατρεπομένην,
1682 5372 1772 5428 καὶ
1811 5373 1955 5449 παρὰ

302 5460 370 5516 τὸ
401 5461 728 5516 Δεσποτικόν
760 5482 813 5517 τι
843 5459 1308 5538 διαπραττομένην
1341 5461 1580 5536 θέλημα.

323 5640 373 5679 ιι
399 5639 540 5700 an.
568 5657 661 5715 xv,
694 5643 783 5700 ιο.

2138 4839 2200 4894 Χ.
2251 4836 2492 4901 Quando
2542 4836 2738 4907 gratias
2783 4832 3181 4905 dignationem
3221 4827 3510 4900 acceperit
3547 4825 3762 4895 anima,

2064 4929 2204 4981 tunc
2248 4925 2297 4979 ei
2340 4927 2590 4978 maxime
2626 4924 2798 4978 utiles
2843 4929 2982 4976 sunt
3033 4920 3298 4981 scientia,
3355 4915 3660 4986 prudentia
3710 4917 3766 4968 et

2064 5014 2364 5081 discretio;
2399 5029 2546 5084 quas
2592 5016 2896 5084 prepterea
2951 5010 3074 5081 ipss
3107 5025 3198 5063 res
3249 5007 3397 5061 Deus
3441 5005 3547 5069 illi,
3589 5006 3762 5058 dum-

2064 5104 2236 5159 modo
2288 5101 2558 5174 postulet,
2619 5103 2876 5169 largitur,
2950 5105 3014 5155 ut
3063 5100 3130 5152 ad
3180 5097 3608 5168 beneplacitum
3667 5108 3763 5162 per

2065 5192 2169 5248 bas
2212 5191 2391 5261 possit
2418 5191 2630 5248 servire
2669 5190 2932 5264 Spiritui,
2984 5189 3137 5261 quod
3181 5197 3241 5242 ut
3273 5187 3504 5244 faceret.
3539 5189 3630 5237 est
3679 5181 3764 5235 illi

2066 5298 2166 5352 per
2211 5282 2460 5353 gratiam
2499 5281 2824 5350 indultum;
2871 5281 2929 5336 in
2985 5294 3100 5349 quo
3151 5292 3347 5332 cavere
3379 5273 3621 5328 sollicite
3661 5271 3766 5326 de-

2063 5371 2182 5438 bet,
2216 5372 2368 5427 212
2403 5387 2472 5426 ne
2503 5370 2583 5426 illi
2616 5373 2896 5443 subrepat
2944 5370 3229 5424 insidians
3278 5365 3475 5421 innata
3517 5363 3763 5429 malitia,

2065 5479 2137 5521 ne
2180 5463 2414 5522 labatur
2457 5480 2557 5536 per
2599 5466 3025 5537 ignorantiam;
3061 5476 3130 5515 ne
3178 5457 3417 5528 idcirco,
3461 5455 3611 5528 quod
3663 5469 3764 5509 ne-
