4076 6206
327 324 445 383 943

1685 320 1746 378 S.
1802 318 2124 379 MACARII
2168 314 2503 376 ΑΞιὶΥΡΊῚΙ

3679 312 3797 371 944

329 456 614 528 gligenter
662 456 720 509 et
776 452 901 509 sine
945 451 1156 509 timore
1214 451 1385 521 vivat,
1452 455 1811 524 pervortatur
1884 453 1957 509 ad
1998 449 2220 523 aliquid
2289 449 2601 521 agendum,
2675 445 2825 519 quod
2865 444 3093 502 Domini
3144 444 3430 502 voluntati
3495 460 3608 502 non
3662 460 3803 502 con-

334 550 525 618 gruat.

400 636 473 693 XI
505 636 667 692 Sicut
691 636 943 705 operatio
984 634 1317 702 affectuum,
1363 651 1488 706 quae
1528 639 1617 690 est
1656 636 1897 708 spiritus
1947 651 2033 690 er-
2068 639 2120 704 Α

331 728 499 797 roris,
552 726 917 781 tenebrarum
982 734 1036 779 et
1098 724 1316 795 peccati
1368 726 1651 780 mundum
1701 726 1859 781 hunc
1906 726 2033 779 ani-

332 833 519 884 mans,
572 816 629 871 in
679 831 746 871 eo
795 814 1160 869 domicilium
1209 814 1432 869 obtinet
1489 815 1745 878 homine,
1777 818 1878 886 qui
1909 815 2033 885 ple-

327 922 440 960 nus
488 910 676 974 turget
741 903 972 957 dictatis
1028 904 1325 973 sapientiae
1362 905 1644 970 carnalis;
1694 905 1774 959 ita
1814 920 1843 958 θ
1895 921 2035 958 con-

328 992 524 1059 trario,
575 992 659 1047 vis
709 997 763 1047 et
802 991 1058 1063 operatio
1103 991 1279 1045 lucidi
1363 991 1617 1061 Spiritus
1676 993 1734 1046 in
1797 992 2035 1047 homine

324 1082 686 1138 sanctilicato
751 1081 978 1135 habitat
1022 1096 1036 1146 ;
1073 1081 1243 1149 juxta
1293 1080 1580 1134 dicentem
1625 1096 1639 1135 :
1689 1082 1769 1136 An
1813 1081 2030 1147 experi-

320 1178 568 1226 mentum
599 1171 847 1239 quaeritis
883 1168 1022 1237 ejus,
1055 1167 1154 1239 qui
1205 1170 1262 1221 in
1305 1183 1390 1221 me
1419 1168 1686 1239 loquitur,
1720 1169 1927 1223 Christi
1957 1170 2033 1225 ‘3?

321 1261 386 1315 Et
426 1276 672 1315 rursus:
726 1259 861 1313 Vivo
911 1268 1093 1313 autem
1136 1260 1256 1327 jam
1318 1274 1428 1312 non
1496 1274 1589 1327 ego
1639 1277 1656 1314 :
1706 1261 1844 1315 vivit
1908 1277 2033 1316 vero

322 1349 382 1402 in
412 1365 497 1404 me
528 1347 771 1403 Christus
801 1347 863 1401 “.
896 1347 962 1401 Et
992 1362 1003 1400 :
1060 1348 1379 1416 Quicunque
1402 1349 1459 1400 in
1493 1346 1709 1402 Christo
1765 1350 2034 1418 baptizati

322 1438 469 1501 estis,
519 1436 801 1491 Christum
844 1435 1103 1491 induistis
1142 1436 1207 1489 “.
1248 1436 1317 1490 Et
1350 1437 1632 1491 Dominus
1685 1453 1697 1491 :
1748 1437 2031 1493 Veuiemus

321 1543 421 1596 ego
450 1532 503 1580 et
532 1526 697 1581 Pater
730 1540 900 1592 meus,
925 1530 974 1579 et
1004 1524 1350 1580 mansionem
1379 1524 1523 1596 apud
1572 1542 1697 1580 eum
1744 1529 2030 1595 faciemus.

328 1622 455 1673 Hzec
506 1633 621 1671 non
664 1619 931 1682 obscure,
987 1632 1173 1685 neque
1229 1616 1440 1684 otiose,
1473 1618 1576 1672 sed
1632 1618 1694 1673 in
1733 1620 1949 1673 virtute
1977 1623 2034 1673 et

325 1708 562 1762 veritate
610 1706 703 1770 iis,
745 1706 845 1775 qui
901 1706 1059 1776 digni
1095 1706 1406 1773 habentur,
1450 1706 1669 1762 insunt.
1720 1708 1833 1762 Lex
1873 1710 2029 1763 enim

326 1798 486 1869 prius
531 1812 799 1851 sermone
828 1802 1062 1867 experte
1094 1797 1431 1851 substantias
1464 1796 1792 1852 instruebat
1836 1798 2032 1854 homi-

321 1903 444 1951 nes,
477 1901 650 1958 grave
690 1886 835 1956 ipsis
884 1890 937 1940 et
1001 1885 1372 1956 importabile
1430 1886 1738 1956 imponens
1786 1889 2025 1959 jugum,

323 1985 373 2031 et
426 1974 653 2031 nullum
705 1975 899 2030 valens
944 1976 1229 2046 porrigere
1277 1975 1590 2041 auxilium;
1646 1993 1713 2031 ex
1753 1992 1818 2031 eo
1869 1978 2023 2047 quod

320 2084 434 2121 non
484 2072 685 2136 posset
755 2066 1025 2120 virtutem
1091 2065 1349 2135 Spiritus
1398 2068 1681 2121 conferre.
1733 2070 1895 2122 Sicut
1953 2069 2035 2122 ait

336 2156 588 2211 Paulus:
623 2155 759 2210 Nam
790 2155 930 2227 quod
967 2155 1304 2225 impossibile
1356 2160 1475 2212 erat
1513 2156 1642 2224 legi,
1694 2157 1755 2212 in
1804 2173 1909 2229 quo
1938 2160 2037 2212 in-

336 2245 662 2315 ﬁrmabatur
706 2262 803 2314 per
853 2262 1072 2301 carnem
1116 2245 1181 2313 ⁸⁷,
1233 2251 1341 2302 etc.
1391 2247 1474 2302 Ab
1543 2250 1788 2303 adventu
1843 2254 2040 2304 autem

338 2336 554 2391 Christi
599 2336 814 2390 ostium
855 2336 1052 2406 gratias
1106 2336 1478 2391 credentibus
1512 2337 1569 2390 in
1610 2336 1851 2392 veritate
1882 2354 2039 2406 aper-

337 2430 454 2481 tum
500 2436 615 2495 est;
671 2426 888 2498 Deique
938 2429 1125 2483 virtus
1176 2431 1231 2482 et
1274 2428 1525 2497 operatio
1576 2427 1829 2500 Spiritus
1892 2428 2037 2500 ipsis

332 2516 756 2586 suppeditatur.

403 2688 524 2743 XII.
551 2688 862 2759 Postquam
898 2688 1187 2753 Christus,
1240 2690 1425 2761 prima
1454 2694 1510 2746 et
1541 2692 1826 2747 naturalis
1860 2692 2038 2747 boni-

333 2781 440 2845 tas,
492 2777 716 2832 donum
766 2777 1022 2847 Spiritus
1061 2778 1274 2833 divinis
1324 2780 1649 2834 transmisit
1681 2781 2034 2852 discipulis;

332 2867 536 2921 exinde
566 2866 941 2923 credentibus
972 2867 1166 2923 divine
1206 2866 1307 2923 illa
1338 2870 1521 2925 virtus
1560 2869 1949 2940 obumbrans,
1981 2875 2039 2927 et

332 2972 527 3011 eorum
562 2955 898 3012 inhabitans
931 2958 1178 3025 animas,
1232 2959 1500 3015 medetur
1541 2962 1775 3031 quidem
1820 2964 2035 3032 passio-

336 3046 508 3101 uibus
553 3048 795 3115 peccati,
842 3049 1099 3104 tenebris
1132 3058 1323 3106 autem
1364 3055 1421 3106 et
1468 3058 1652 3107 morte
1699 3052 1859 3124 ipsos
1891 3054 2037 3109 libe-

335 3144 440 3191 rat.
486 3136 737 3192 Eatenus
786 3138 1004 3209 quippe
1034 3144 1091 3195 et
1140 3140 1440 3195 vulnerata
1470 3147 1526 3197 et
1576 3159 1803 3198 carcere
1834 3142 2033 3199 clausa

330 3229 453 3279 erat
501 3225 713 3294 anima,
766 3232 821 3282 et
885 3227 1135 3299 caligine
1193 3233 1412 3299 peccati
1456 3231 1713 3302 undique
1772 3248 2031 3302 compre-

330 3313 533 3370 hensa.
569 3313 831 3385 Denique
864 3332 1018 3370 nunc
1058 3334 1291 3387 quoque
1338 3318 1530 3372 anima
1590 3322 1849 3374 nondum
1907 3337 2037 3391 gra—

2222 635 2325 689 IA'.
2357 633 2559 703 ’Ώσπερ
2621 633 2654 699 ἡ
2696 628 2929 704 ἐνέργεια
2980 634 3087 684 τῶν
3139 632 3344 697 παθῶν,
3392 627 3527 701 ὅπερ
3575 628 3688 683 ἐστὶ
3736 629 3799 683 τὸ

2143 722 2435 797 ἐγκόσμιον
2494 724 2701 791 πνεῦμα
2757 726 2859 787 τῆς
2919 719 3156 789 πλάνης,
3215 724 3313 773 τοῦ
3389 718 3620 780 σκότους
3698 727 3798 787 τῆς

2142 812 2428 884 ἁμαρτίας,
2482 811 2752 884 ἀνθρώπῳ
2799 808 3033 881 τοιούτῳ
3082 808 3140 863 ἂν
3192 807 3550 878 ἐνοικήσειεν,
3584 809 3646 870 ’ὀς
3680 805 3800 862 διά-

2141 900 2323 962 πλεώς
2356 901 2464 955 ἐστι
2499 902 2846 976 φρονήματος
2881 901 3139 972 σαρκικοῦ
3175 918 3186 931 ο
3221 898 3365 952 οὕτω
3399 896 3562 951 πάλιν
3587 901 3620 967 ἡ
3654 896 3799 971 ἐνέρ·

2141 991 2258 1066 γειά
2288 1011 2343 1044 τε
2384 990 2471 1043 καὶ
2506 988 2730 1061 δύναμις
2761 992 2857 1042 τοῦ
2908 992 3173 1064 φωτεινοῦ
3221 988 3532 1060 [Ινεύματος
3582 988 3801 1059 ἀνθρώ-

2142 1101 2230 1151 πῳ
2274 1082 2352 1151 τῷ
2395 1081 2703 1153 ἀγιασθὲντι
2749 1081 3077 1153 ἷεγκατοικεῖ,
3108 1078 3244 1131 κατὰ
3291 1077 3383 1132 τὸν
3415 1076 3637 1131 εἰπόντα
3672 1096 3684 1108 ·
3734 1076 3797 1132 ΕΞ

2142 1167 2379 1241 δοκιμὴν
2442 1174 2651 1237 ζητεῖτε
2708 1172 2804 1220 τοῦ
2858 1166 2909 1221 ἐν
2966 1166 3093 1239 ἐμοῖ
3143 1164 3447 1227 λαλοῦντος
3506 1171 3797 1240 Χριστοῦς

2142 1258 2229 1312 καὶ
2272 1258 2422 1320 αὖθις
2459 1277 2470 1289 ·
2506 1263 2588 1313 Ζῶ
2622 1255 2677 1312 δὲ
2716 1258 2818 1312 οὐκ
2848 1251 2923 1311 ἔτι
2975 1255 3106 1331 ἐγὼ,
3243 1254 3299 1311 δὲ
3351 1255 3402 1310 ἐν
3463 1256 3591 1329 ἐμοὶ
3653 1259 3797 1331 Χριο

2143 1346 2265 1409 στός
2310 1366 2321 1377 ·
2397 1349 2509 1414 καὶ,
2586 1349 2743 1404 "Osci
2821 1343 2877 1400 δὲ
2944 1343 3019 1407 εἷς
3098 1346 3326 1417 Χριστὸν
3406 1340 3798 1415 ἐϐαπτίσθητε,

2140 1440 2377 1511 Χριστύν
2446 1433 2758 1491 ἐνεδύσασθε
2800 1454 2813 1467 ·
2866 1434 2955 1489 καὶ
3015 1435 3042 1488 6
3100 1434 3301 1508 Κύριος
3354 1455 3365 1467 ·
3428 1431 3801 1507 Ἐλευσόμεθα

2140 1523 2250 1601 ἐγώ
2307 1546 2363 1578 τε
2420 1525 2509 1579 καὶ
2569 1526 2595 1578 6
2646 1526 2831 1598 Πατήρ
2893 1545 3019 1595 μου,
3074 1523 3165 1577 καὶ
3228 1524 3399 1597 μονὴν
3459 1524 3588 1598 παρ’
3644 1523 3798 1592 αὐτῷ

2139 1616 2470 1686 ποιήσομεν.
2529 1618 2704 1668 Ταῦτα
2772 1612 2871 1668 οὐκ
2926 1610 3172 1683 ἀδήλως,
3250 1609 3363 1667 οὐδ’
3451 1612 3797 1686 ἁνεργήτως,

2141 1702 2265 1758 ἀλλ’
2325 1702 2375 1757 ἐν
2430 1700 2652 1775 δυνάμει
2710 1703 2802 1757 καὶ
2870 1702 3103 1773 ἀληθείᾳ
3165 1708 3277 1763 τοῖς
3346 1702 3797 1773 καταξιουμένοις

2139 1792 2425 1867 ἐγγίνεται.
2478 1793 2540 1848 Ὁ
2594 1795 2685 1865 μὲν
2739 1793 2839 1867 γὰρ
2883 1792 3051 1865 νόμος
3090 1793 3152 1846 τὸ
3198 1793 3457 1866 πρότερον
3505 1789 3663 1866 λόγῳ
3702 1791 3794 1845 ἂν·

2138 1884 2425 1953 υποστάτῳ
2469 1880 2757 1959 ἐπέστρεφε
2812 1884 2938 1946 τοὺς
3004 1882 3346 1953 ἀνθρώπους,
3382 1882 3552 1953 βαρὺν
3605 1881 3795 1940 αὑτοῖς

2137 1973 2227 2027 καὶ
2286 1970 2622 2051 ὃυσφὸρητον
2681 1972 2939 2032 ἐπιτιθεὶς
3000 1972 3092 2025 τὸν
3144 1972 3329 2047 ζυγὸν,
3371 1968 3459 2024 καὶ
3514 1967 3795 2041 μηδεμίαν

2144 2059 2299 2125 εῗδὼς
2332 2061 2538 2139 ὀρέγειν
2574 2062 2848 2135 βοήθειαν,
2880 2065 3039 2114 τοῦτο
3073 2058 3128 2115 δὲ
3158 2060 3303 2132 παρὰ
3340 2060 3401 2113 τὸ
3439 2060 3512 2131 μὴ
3548 2056 3797 2120 δυνατῶς

2144 2145 2289 2225 ἔχειν
2324 2152 2420 2219 τὴν
2462 2155 2556 2205 τοῦ
2607 2150 2915 2223 Πνεύματος
2954 2146 3184 2223 δύναμιν
3220 2148 3478 2222 παρεχειν
3512 2166 3524 2178 ·
3559 2148 3625 2202 Τὸ
3685 2148 3795 2223 γὰρ

2144 2239 2429 2309 ἀδύνατον,
2470 2240 2601 2315 φησὶ
2650 2244 2745 2293 τοῦ
2792 2240 2961 2310 νόμου
3022 2238 3072 2293 ἐν
3134 2239 3178 2309 ᾦ
3237 2236 3452 2308 ἠσθένει
3516 2234 3600 2289 διὰ
3683 2244 3795 2305 τῆς

2143 2333 2359 2404 σαρκὸς,
2395 2329 2483 2383 καὶ
2540 2329 2681 2399 ἑξῆς.
2717 2329 2849 2385 Ἀπὸ
2908 2325 2964 2382 δὲ
3018 2334 3117 2395 τῆς
3180 2328 3411 2401 Χρισιοῦ
3465 2330 3799 2398 παρουσίας,

2144 2422 2177 2488 ἡ
2212 2418 2346 2492 θύρα
2392 2426 2490 2487 τῆς
2545 2418 2770 2492 χάριτος
2810 2424 2925 2480 τοϊς
2976 2418 3025 2472 ἐν
3079 2416 3308 2488 ἀληθείᾳ
3364 2416 3683 2471 πιστεύσασι
3717 2415 3797 2470 δι-

2142 2509 2403 2583 ηνοίχθη,
2466 2506 2694 2580 δύναμίς
2752 2529 2808 2563 τε
2857 2511 2989 2562 Θεοῦ
3038 2507 3126 2562 καὶ
3186 2506 3415 2582 ἒνὲργεια
3476 2508 3793 2579 Πνεύματος

2142 2598 2325 2659 αὐτοῖς
2360 2603 2703 2676 χορηγεῖται.

2214 2691 2308 2745 lB'.
2371 2693 2637 2762 Χριστοῦ,
2694 2691 2791 2757 τῆς
2850 2689 3077 2764 πρώτης
3134 2687 3223 2743 καὶ
3301 2695 3533 2765 φυσικῆς
3608 2688 3803 2762 apes-

2140 2800 2325 2849 τητος,
2357 2783 2454 2849 τὴν
2491 2777 2693 2853 δωρεὰν
2723 2782 2817 2833 τοῦ
2850 2778 3159 2851 Πνεύματος
3190 2784 3305 2841 τοῖς
3349 2779 3517 2840 θείοις
3550 2776 3793 2851 διαπεμ-

2142 2875 2339 2944 ψαντος
2417 2872 2709 2944 μαθηταῖς,
2769 2869 2969 2925 ἐκεῖθεν
3045 2872 3209 2925 ἅπασι
3266 2876 3383 2932 τοῖς
3443 2892 3795 2926 πιστεύουσιν

2142 2962 2175 3029 ἡ
2227 2960 2342 3023 θεία
2383 2956 2612 3030 δύναμις
2662 2958 2836 3029 ἐκείνη
2894 2959 3298 3030 ἐπισκιάζουσα,
3338 2960 3428 3014 καὶ
3482 2967 3604 3021 ταῖς
3661 2959 3797 3014 ἐκεί-

2139 3070 2244 3103 νων
2294 3048 2683 3121 ἐγκατοικοῦσα
2731 3050 2956 3121 ψυχαῖς,
3006 3048 3123 3102 ἰᾶτο
3186 3048 3280 3121 μὲν
3330 3052 3436 3102 τῶν
3470 3052 3659 3103 παθῶν
3692 3057 3792 3118 τῆς

2140 3138 2427 3212 ἁμαρτίας,
2458 3142 2553 3193 τοῦ
2603 3138 2827 3199 σκότους
2872 3136 2929 3193 δὲ
2967 3138 3056 3192 καὶ
3102 3146 3204 3207 τῆς
3238 3140 3554 3213 νεκρώσεως
3595 3140 3791 3202 αὐτοῦς

2138 3228 2458 3298 ἀπήλλαττε
2491 3247 2502 3259 ⁸
2546 3226 2635 3281 καὶ
2691 3228 2793 3303 γὰρ
2845 3227 3010 3303 μέχρι
3068 3228 3190 3283 τότε
3246 3229 3680 3303 τετραυμάτιστὸ
3736 3251 3793 3283 τε

2144 3318 2235 3371 καὶ
2269 3318 2637 3394 περυλάκιστο
2671 3319 2704 3385 ἡ
2738 3319 2889 3391 ψυχὴ
2941 3318 3028 3371 καὶ
3062 3322 3141 3389 τῷ
3190 3319 3341 3395 ζόφῳ
3370 3321 3469 3385 τῆς
3521 3319 3793 3392 ἁμαρτίας

336 3403 472 3457 tiam
506 3404 713 3458 sortita
738 3381 1169 3460 inhabitantem
1194 3381 1260 3461 in
1293 3423 1354 3461 se
1386 3407 1701 3463 Dominum
1742 3381 2032 3480 habendi;

2148 3406 2385 3480 κάτοχος
2417 3406 2505 3474 ἦν.
2544 3404 2762 3477 Ἀμέλει
2821 3407 2908 3459 καὶ
2968 3411 3057 3460 νῦν
3117 3409 3271 3485 ψυχὴ
3324 3410 3494 3479 μήπω
3548 3409 3795 3463 σύνοικον

330 3506 434 3546 nec
458 3492 516 3546 in
551 3508 612 3547 se
647 3492 851 3548 intime
884 3495 1170 3549 sentiendi
1206 3496 1615 3552 informantem
1649 3498 2035 3554 animantem-

326 3594 431 3648 que
480 3597 627 3647 sese,
672 3598 737 3636 ac
786 3582 1019 3653 penitus
1069 3584 1470 3639 fecundantem
1504 3588 1661 3641 omni
1702 3588 2035 3659 operatione

321 3668 593 3724 virtutem
626 3671 879 3741 Spiritus
929 3674 1129 3739 divini,
1166 3674 1223 3729 in
1256 3676 1511 3731 tenebris
1541 3676 1729 3731 adhuc
1760 3684 1871 3734 est.
1897 3679 2035 3744 Qui-

325 3757 434 3812 bus
468 3764 661 3814 autem
695 3760 873 3815 divini
907 3760 1161 3831 Spiritus
1195 3765 1530 3835 supervenit
1561 3768 1766 3838 gratia,
1802 3772 1859 3822 et
1900 3768 2036 3824 imis

323 3847 536 3901 mentis
580 3848 846 3919 ipsorum
890 3852 1284 3923 penetralibus
1334 3854 1581 3915 insedit;
1618 3855 1711 3910 his
1742 3874 1882 3912 sane
1924 3858 2031 3913 Do-

327 3939 523 3994 minus
572 3942 693 3998 vice
736 3944 943 3998 animae
994 3954 1099 3999 est.
1153 3946 1260 4013 Qui
1305 3949 1453 4001 enim
1492 3947 1733 4003 adheret
1766 3950 1883 4005 Deo
1920 3952 2033 4007 (di-

326 4029 497 4085 vinus
526 4032 608 4084 ait
638 4034 991 4103 Apostolus),
1038 4037 1100 4089 in
1146 4051 1318 4090 unum
1348 4054 1477 4091 cum
1515 4055 1575 4091 eo
1614 4043 1877 4096 coalescet
1908 4043 2032 4113 Spi-

322 4121 498 4173 ritum
528 4120 590 4175 ‘3.
626 4122 690 4174 Et
718 4120 843 4189 ipse
876 4124 1177 4191 Dominus,
1211 4125 1364 4178 Sicut
1413 4133 1493 4190 tu,
1530 4128 1712 4197 Pater,
1745 4132 1802 4184 in
1844 4149 1950 4195 me,
1983 4137 2032 4187 et

320 4222 413 4275 ego
446 4210 503 4259 in
535 4217 606 4274 te,
642 4208 723 4261 ita
752 4215 808 4260 et
838 4211 948 4277 ipsi
997 4211 1057 4264 in
1089 4211 1241 4265 nobis
1274 4229 1447 4266 unum
1489 4213 1604 4269 sint
1636 4215 1701 4268 *⁸.
1729 4216 1771 4272 Ο
1807 4218 2029 4274 bonita~

327 4304 437 4346 lem
473 4300 530 4348 et
595 4297 993 4365 dignationem
1047 4300 1338 4356 indultam
1400 4308 1627 4359 tantum
1680 4307 2033 4377 depressasa

320 4380 543 4436 malitia
592 4383 899 4440 hominum
959 4388 1234 4444 naturai!
1290 4390 1576 4447 Caeterum
1655 4396 1735 4448 uti
1795 4400 2031 4467 quando

319 4470 588 4541 pravitati
638 4471 912 4529 vitiorum
964 4476 1314 4545 adhaerebat,
1368 4483 1583 4547 anima,
1620 4498 1799 4538 unum
1851 4485 2033 4542 idem-

323 4574 437 4631 que
492 4561 659 4632 quasi
704 4578 835 4617 cum
889 4565 1029 4636 ipsis
1072 4573 1222 4636 erat;
1258 4574 1315 4625 et
1363 4587 1701 4641 quanquam
1736 4576 2029 4645 prepriam

322 4649 573 4706 habebat
619 4652 999 4722 voluntatem,
1056 4666 1249 4715 tamen
1300 4663 1451 4731 quod
1503 4662 1587 4717 illi
1637 4664 1890 4731 iubebat,
1930 4684 2034 4722 ne-

2150 3494 2295 3569 ἔχειν
2328 3495 2613 3564 ἀξιωθεῖσα
2660 3496 2752 3549 τὸν
2811 3494 3030 3567 Κύριον,
3096 3494 3236 3567 μηδὲ
3291 3499 3390 3565 τήν
3444 3501 3542 3551 τοῦ
3586 3497 3795 3573 ἀγαθοῦ

2148 3585 2461 3656 ΙΙνεύματος
2502 3583 2728 3657 δύναμιν
2789 3583 3146 3659 ἐνεργητικῶς
3201 3587 3338 3659 αὑτῇ
3388 3588 3477 3641 καὶ
3522 3588 3661 3641 κατὰ
3691 3592 3797 3640 sti-

2148 3696 2240 3730 σαν
2293 3674 2518 3749 δύναμιν
2568 3677 2657 3730 καὶ
2707 3675 3087 3755 πληροφορίαν
3126 3676 3595 3748 ἐπισκηνώσασαν,
3630 3677 3681 3732 ἐν
3720 3676 3797 3748 τῷ

2147 3769 2324 3822 σκότει
2356 3767 2496 3823 ἐστίν
2530 3787 2542 3800 ·
2578 3770 2659 3829 οἷς
2690 3765 2747 3822 δὲ
2776 3772 2869 3821 τοῦ
2922 3767 3066 3822 θείου
3120 3769 3430 3842 Πνεύματος
3468 3768 3799 3847 ἐπεφοίτησε

2149 3858 2332 3931 χάρις,
2373 3856 2461 3910 καὶ
2509 3862 2626 3917 τοῖς
2678 3857 2997 3931 βαθυτάτοις
3046 3862 3143 3912 τοῦ
3193 3860 3317 3919 νοὸς
3364 3857 3538 3912 αὐτῶν
3610 3856 3798 3931 ἔγκατα

2146 3947 2347 4016 ώκησε,
2406 3945 2620 4006 τούτοις
2680 3943 2746 4014 δὴ
2797 3947 2885 3999 καὶ
2919 3947 2946 4000 6
2998 3947 3192 4020 Κύριος
3243 3949 3318 4009 ὡς
3349 3950 3503 4022 ψυχὴ
3535 3947 3794 4023 γίνεται·

2140 4038 2206 4093 Ὀ
2247 4038 2352 4110 γὰρ
2395 4034 2751 4108 κολλώμενος
2799 4041 2877 4107 τῷ
2924 4036 3125 4111 Κυρίῳ,
3175 4038 3202 4091 6
3244 4038 3385 4099 θεῖός
3418 4059 3582 4115 φησιν
3626 4039 3797 4093 Ἀπό-

2145 4126 2362 4194 στολος,
2398 4126 2471 4187 εἷς
2515 4124 2567 4179 ἓν
2618 4130 2828 4199 πνεῦμα
2868 4121 3014 4181 ἔσται
3052 4146 3062 4158 ·
3124 4127 3215 4181 καὶ
3256 4128 3415 4189 αὐτὸς
3465 4126 3520 4182 δὲ
3590 4130 3617 4183 6
3689 4128 3797 4183 Κύο

2145 4238 2301 4291 ριος·
2336 4221 2538 4291 ’Ὠσπερ
2589 4216 2697 4293 ἐγὼ
2747 4219 2835 4273 καὶ
2883 4218 2945 4273 σὺ
3000 4216 3053 4274 ἓν
3114 4219 3296 4293 ἐσμεν,
3350 4218 3439 4274 ’ἱνα
3499 4223 3587 4275 καὶ
3640 4221 3799 4276 οῦτοι

2143 4307 2195 4361 ἐν
2249 4310 2383 4380 ἡμῖν
2416 4307 2469 4360 ἓν
2528 4306 2682 4363 ὦσιν.
2744 4314 2810 4362 ’Ώ
2867 4307 3205 4382 ἅγαθὸτητος
3260 4310 3351 4364 καὶ
3411 4308 3662 4373 εὐδοκίας
3730 4315 3797 4381 ἧς

2142 4393 2331 4469 ἔτυχεν
2378 4397 2411 4461 ἡ
2474 4396 2615 4449 οὕτω
2668 4397 2803 4469 πρὸς
2859 4399 2959 4465 τῆς
2998 4399 3187 4460 κακίας
3243 4402 3635 4456 ταπεινωθεῖσα
3688 4408 3799 4458 τῶν

2143 4485 2440 4556 ἀνθρώπων
2475 4484 2631 4561 φύσις
2668 4486 2679 4541 ί
2718 4485 2869 4554 Πλὴν
2912 4485 3038 4541 ἀλλ’
3071 4486 3186 4542 ἐπεὶ
3234 4490 3321 4542 καὶ
3378 4494 3446 4563 τῇ
3510 4492 3799 4567 μοχθηρίᾳ

2141 4578 2247 4628 τῶν
2304 4575 2488 4628 παθῶν
2543 4576 2576 4642 ἡ
2630 4576 2782 4649 ψ’)χῆ
2838 4579 3067 4631 συνοῦσα
3114 4576 3170 4632 ’ὲν
3218 4576 3399 4649 ὥσπερ
3454 4582 3572 4651 μετ’
3620 4581 3793 4649 αὐτῆς

2140 4666 2229 4733 ἦν,
2263 4664 2357 4720 κᾶν
2417 4664 2554 4727 ἴδιος
2611 4666 2727 4740 εἶχε
2785 4665 3024 4741 θέλημα,
3085 4666 3228 4723 ἀλλᾶ
3283 4670 3346 4725 τὸ
3406 4668 3604 4726 δοκοῦν
3653 4673 3791 4747 αὐτῇ

318 4740 521 4812 quibat
554 4744 757 4800 facere.
811 4746 971 4812 Quod
1028 4754 1088 4803 et
1120 4748 1329 4805 Paulus
1379 4752 1449 4807 de
1481 4769 1542 4808 se
1576 4754 1651 4807 ait
1686 4755 1840 4809 :Non
1881 4756 2031 4811 enim

2145 4762 2311 4810 ποιεῖν
2360 4754 2457 4810 οὐκ
2487 4753 2727 4811 ἐδύνατο.
2777 4758 2843 4813 Ὃ
2900 4758 2990 4812 καὶ
3049 4757 3263 4821 Παῦλός
3298 4781 3500 4837 φησιν·
3561 4764 3638 4819 Οὔ
3691 4766 3793 4838 γὰρ

316 4832 460 4899 quod
510 4834 626 4887 volo
678 4835 775 4889 hoc
822 4838 968 4902 facio
1014 4836 1095 4907 5°;
1148 4850 1364 4910 quanto
1422 4843 1620 4911 utique
1698 4846 1884 4913 magis
1932 4842 2032 4900 Dei

317 4918 532 4974 virtute
575 4938 709 4977 cum
766 4926 1131 4982 sanctiﬁcata
1181 4934 1236 4983 et
1284 4930 1461 4998 digna
1507 4945 1573 4984 eo
1623 4930 1776 4985 facta
1834 4934 2032 4988 anima

320 5008 719 5076 conveniente,
772 5012 830 5066 in
900 5030 1076 5069 unam
1127 5016 1226 5070 illa
1295 5032 1425 5071 cum
1494 5016 1609 5073 Deo
1671 5018 2030 5076 voluntatem

322 5094 479 5150 erit?
531 5096 619 5152 Fit
668 5100 824 5154 enim
874 5104 1073 5157 anima
1111 5109 1253 5159 tunc
1296 5122 1426 5160 vere
1478 5108 1645 5178 quasi
1680 5108 1875 5164 anima
1907 5109 2027 5179 Dei,

323 5201 425 5255 per
469 5186 574 5242 hoc
627 5190 779 5259 quod
832 5198 1063 5260 sponte,
1118 5202 1170 5247 et
1240 5210 1307 5248 ex
1359 5198 1653 5266 proposito
1701 5200 1922 5269 regenti
1974 5218 2031 5255 se

326 5276 621 5331 submittit
662 5278 793 5333 boni
836 5281 1087 5349 Spiritus
1121 5284 1348 5351 virtuti;
1400 5291 1454 5340 et
1505 5303 1603 5354 per
1653 5289 1899 5357 propria:
1941 5305 2032 5343 vo-

328 5358 571 5421 luutatis
639 5370 761 5425 vias
832 5386 946 5426 non
1009 5372 1260 5445 amplius
1328 5375 1612 5431 ambulat.
1680 5378 1815 5445 Quis
1880 5380 2029 5435 enim

403 5553 449 5587 ⁴⁹
572 5558 721 5635 _Cor.
771 5580 894 5630 xm,
943 5566 993 5619 3.
1072 5566 1118 5599 “
1167 5566 1289 5622 Gal.
1343 5585 1406 5635 ιι,
1444 5569 1533 5623 20.

333 5625 417 5679 17.
499 5625 543 5660 ⁴⁹
563 5628 731 5687 Joan.
764 5625 901 5701 xvu,
932 5636 1021 5689 21.
1056 5637 1101 5670 ⁸ο
1134 5637 1296 5693 Rom.
1334 5625 1453 5707 νιιι,
1495 5642 1515 5695 1

2142 4846 2170 4899 ’ὀ
2204 4844 2347 4899 θέλω
2393 4850 2555 4899 τοῦτο
2612 4851 2755 4899 ποιῶ
2790 4866 2802 4878 ’
2838 4848 2994 4919 πόσῳ
3040 4870 3101 4923 γε
3135 4848 3347 4921 μᾶλλον
3394 4858 3497 4919 τῆς
3527 4857 3625 4907 τοῦ
3658 4858 3794 4909 Θεοῦ

2144 4932 2423 5006 δυνάμεως
2452 4938 2519 5007 τῇ
2554 4935 2867 5010 ἂγιασθείσῃ
2927 4939 3017 4991 καὶ
3074 4938 3196 5010 ἀξίᾳ
3249 4939 3447 4995 τούτου
3496 4945 3795 5016 γεγενημέ-

2142 5042 2205 5092 νῃ
2242 5024 2395 5093 ψυγῇ
2429 5020 2809 5091 συνελθούσης,
2844 5023 2919 5085 εἷς
2966 5024 3021 5078 ἓν
3068 5025 3215 5096 αὐτῴ
3264 5024 3410 5081 ἔσται
3468 5030 3529 5082 τὸ
3590 5031 3792 5084 τούτου

2143 5108 2405 5180 θὲλημας
2464 5110 2666 5183 γίνεται
2726 5113 2829 5187 γὰρ
2878 5115 2911 5183 ἡ
2964 5115 3117 5190 χυχὴ
3160 5116 3284 5172 τότε
3342 5119 3477 5189 πρὸς
3532 5118 3793 5188 ἀλήθειαν

2144 5198 2217 5258 ὡς
2250 5200 2400 5273 ψυχὴ
2445 5203 2539 5253 τοῦ
2589 5203 2791 5274 Κυρίου
2827 5221 2840 5235 ’
2872 5208 2951 5274 τῷ
3009 5204 3181 5258 ἑκοντῖ
3234 5206 3323 5260 καὶ
3368 5207 3503 5262 κατᾶ
3563 5210 3796 5281 γνώμην

2144 5288 2244 5341 ὑπὸ
2292 5295 2390 5355 τῆς
2430 5293 2525 5344 τοῦ
2576 5292 2776 5363 ἂγαθοῦ
2817 5292 3131 5364 Πνεύματος
3172 5292 3449 5365 δυνάμεως
3499 5294 3790 5370 βασιλεύε-

2141 5379 2279 5449 σθαι,
2311 5379 2399 5433 καὶ
2454 5378 2724 5452 Θελήματι
2774 5378 2893 5454 ίδίῳ
2957 5382 3154 5455 μηκέτι
3208 5385 3372 5451 αὐτὴν
3411 5386 3739 5457 πορεύεσθαι
3777 5403 3791 5417 ⁸

1612 5571 1659 5606 ⁴⁵
1706 5572 1826 5629 Gal.
1880 5589 1965 5641 ιιι,
2022 5576 2038 5625 S

2193 5571 2237 5606 ⁴⁶
2282 5572 2448 5629 Joan.
2492 5591 2603 5645 xw,
2631 5577 2721 5632 25.
2799 5578 3037 5637 "Rom.
3091 5600 3187 5651 vu,
3248 5586 3300 5641 3.
3377 5586 3422 5621 ⁴⁸
3463 5588 3485 5643 I
3536 5589 3664 5646 Cor.
3717 5608 3790 5658 Vl,
