4100 6204
273 359 276 362 ’
312 336 433 398 943

1403 335 1633 398 LIBER.
1673 339 1773 401 DE
1817 342 2254 402 LIBERTATE
2301 338 2615 400 MENTIS.

3652 314 3770 376 946

308 469 403 532 Τίς
432 470 557 546 γὰρ,
600 466 780 546 φησὶν,
836 469 978 540 ἡμᾶς
1029 465 1259 542 χωρίσει
1309 469 1412 523 ἀπὸ
1456 475 1554 538 τῆς
1594 469 1804 546 ἀγάπης
1854 478 1950 528 τοῦ

2079 475 2305 547 ζίιιιιιιίι)
2336 488 2432 528 nos
2461 468 2737 541 separabit
2771 485 2804 522 α
2833 464 3103 522 charitate
3133 459 3334 516 Christi
3359 456 3403 490 δί
3439 455 3464 510 ἲ
3497 455 3628 520 Quin
3656 463 3761 506 vox

311 563 590 634 Χριστοῦ;
640 559 881 612 τουτέττι
939 565 1038 626 τῆς
1088 557 1375 628 ἐνωθείσης
1428 563 1613 634 ψυχῆς
1666 567 1740 633 τῷ
1797 565 1956 617 nugs-

313 669 446 721 ματι
479 647 546 721 ἀγ
557 646 638 718 ίῳ.

307 824 333 843 ﬂ
389 737 484 793 Il".
636 733 958 842 Scilopsvrp
994 741 1212 810 μιμητῇ
1263 733 1353 791 οῦν
1399 739 1642 812 γενέσθαι
1692 743 1958 812 Χριστοῦ,

319 824 403 880 ἱνα
459 825 548 879 καὶ
616 825 763 897 αύτῷ
819 824 1029 898 γένοιτο
1089 827 1196 898 ιίῳ
1244 830 1376 882 Θεοῦ
1431 832 1955 904 προσαγορευθῆναι,

313 914 622 990 γεννηθέντι
672 913 731 968 ἐκ
781 913 1113 987 Πνεύματος,
1155 915 1260 989 πρὸ
1298 921 1405 970 τῶν
1453 914 1638 972 ἄλλων
1697 920 1957 992 προσήκει

313 1003 409 1065 τὰς
465 1003 784 1065 ἀπαντώσας
844 1003 1076 1076 θλίψεις,
1134 1004 1259 1073 ἤτοι
1307 1007 1622 1079 σωματικὰς
1675 1008 1888 1078 νόσους,
1919 1008 1954 1077 ἢ

315 1092 410 1154 τὰς
441 1091 490 1162 ἐξ
521 1093 821 1166 ἀνθρώπων
869 1087 1072 1166 ὕϐρεις,
1112 1094 1201 1148 καὶ
1249 1095 1314 1148 τὰ
1363 1093 1566 1166 ὀνείδη,
1617 1097 1720 1171 πρὸ
1770 1095 1826 1152 δὲ
1865 1099 1952 1152 καὶ

314 1184 410 1246 τὰς
439 1182 499 1239 ἐκ
535 1188 639 1238 τῶν
689 1184 934 1258 ἀοράτων
970 1179 1264 1248 ἐπιϐουλὰς
1313 1185 1570 1266 εὐψύχως
1618 1190 1708 1243 καὶ
1762 1211 1954 1246 καοτε-

1833 1244 1841 1265 θ

317 1277 485 1347 ρικῶς
517 1273 824 1347 ὑποφέρειν.
857 1277 986 1331 Κατ’
1017 1274 1333 1347 οἰκονομίαν
1373 1244 1492 1354 γὰρ.
1515 1284 1648 1334 Θεοῦ
1696 1281 1758 1334 τὸ
1805 1244 1955 1336 διοκί-

319 1385 443 1438 μιον
475 1370 593 1424 ταῖς
641 1367 846 1438 ψυχαῖς
892 1369 999 1418 τῶν
1050 1365 1324 1440 διαφόρων
1375 1375 1784 1444 παραχωρεῖται
1847 1369 1962 1426 θλί-

315 1457 484 1529 ψεων,
539 1452 630 1508 ’ίνα
714 1455 934 1531 φανεραὶ
1003 1453 1245 1531 γένοιντο
1330 1458 1528 1519 πάντες
1598 1459 1650 1512 αἱ
1717 1461 1958 1533 γνησίως

315 1543 603 1616 ἀγαπῶσαι
645 1543 737 1598 τὸν
799 1544 1018 1616 Κύριον.
1071 1551 1314 1619 Σημεῖον
1364 1543 1421 1602 δὲ
1473 1553 1588 1609 τοῖς
1644 1548 1702 1602 ἐκ
1761 1551 1959 1612 παντὸς

314 1631 517 1693 αἰῶνος
575 1634 942 1708 πατριάρχαις
981 1655 1037 1688 τε
1086 1633 1174 1688 καὶ
1225 1638 1530 1714 προφήταις
1589 1637 1678 1691 καὶ
1733 1638 1962 1695 ἀποστό-

316 1721 441 1784 λοις
472 1721 558 1777 καὶ
595 1722 844 1795 μάρτυσι,
879 1720 966 1778 διὰ
993 1727 1092 1788 τῆς
1125 1727 1455 1800 στενοπόρου
1485 1731 1592 1782 τῶν
1643 1735 1956 1801 πειρασμῶν

315 1811 408 1866 καὶ
457 1816 563 1866 τῶν
610 1810 845 1886 θλίψεων
902 1809 1134 1868 διελθεῖν
1195 1815 1418 1890 ὑπῆρξε,
1479 1816 1570 1870 καὶ
1637 1815 1807 1878 οὓτως
1867 1819 1953 1873 εὖ·

319 1852 408 1866 ηρ.
469 1852 560 1866 ...υ-
612 1852 843 1886 νηηινενυυγ
903 1852 1132 1868 νιεινιεη
1196 1852 1418 1890 υσιιηιοςε,
1482 1852 1570 1870 ηἈιι
1637 1852 1806 1878 υυιυυ..
1867 1852 1953 1873 ιυ·
1994 1852 2038 1916 Β

319 1908 613 1976 αρεστῆσαι
671 1906 786 1973 Θεῷ
824 1922 837 1936 °
885 1903 1076 1958 Τέκνον
1115 1904 1240 1979 γὰρ,
1301 1905 1462 1983 φησὶν
1514 1909 1548 1975 ἡ
1602 1907 1808 1982 Γραφή,
1869 1907 1956 1962 ἐὰν

320 1991 605 2066 προσέρχῃ
682 1988 957 2046 δουλεύειν
1045 1997 1180 2064 Θεῷ,
1259 1991 1545 2066 ἐτοίμασον
1620 1997 1718 2065 τήν
1773 1998 1956 2071 ψυχήν

319 2100 419 2134 σου
476 2078 552 2142 εἰς
608 2082 928 2153 πειρασμὸν,
988 2079 1200 2136 εὔθυνον
1271 2085 1370 2152 τὴν
1430 2081 1652 2158 καρδίαν
1709 2106 1804 2140 σου
1871 2087 1959 2140 καὶ

319 2169 649 2244 καρτέρησον
687 2189 700 2203 °
728 2172 818 2226 καὶ
875 2169 1132 2246 ἀλλαχοῦ
1191 2169 1248 2227 δέ
1281 2191 1294 2206 ο
1328 2173 1402 2228 Τὰ
1457 2173 1822 2253 ἐπιφερόμενα
1876 2197 1958 2231 σοι

318 2259 394 2322 ὡς
442 2260 612 2335 ἀγαθὰ
667 2257 998 2334 πρόσδεξαι,
1066 2258 1223 2323 εἰδὼς
1283 2263 1365 2317 ὅτι
1425 2263 1559 2338 ἅπερ
1616 2269 1749 2320 Θεοῦ
1808 2263 1958 2325 οὐδὲν

317 2348 546 2422 γίνεται.
605 2351 720 2419 Τῆς
773 2350 1053 2422 ὑπομονῆς
1088 2351 1267 2405 τοίνυν
1304 2350 1390 2406 καὶ
1441 2359 1540 2422 τῆς
1586 2351 1807 2416 ἐλπίδος
1857 2356 1961 2429 πρὸ

319 2439 520 2503 παντὸς
549 2436 724 2494 ἄλλου
765 2441 919 2514 ψυχῇ
969 2437 1036 2513 τῇ
1083 2440 1433 2515 εὐαρεστῆσαι
1482 2441 1598 2514 Θεῷ
1656 2443 1965 2518 βουλομένῃ

319 2527 687 2600 ἀντιληπτέον
722 2547 736 2562 '
765 2530 863 2602 μία
912 2532 1016 2605 γὰρ
1066 2529 1154 2585 καὶ
1199 2532 1336 2600 αύτὴ
1386 2535 1485 2597 τῆς
1532 2533 1723 2595 κακίας
1768 2533 1963 2610 τέχνη,

317 2616 547 2689 ἀκηδίαν
592 2621 725 2692 ἡμῖν
773 2613 1069 2692 ἐμϐάλλειν
1110 2619 1162 2675 ἐν
1193 2624 1366 2694 καιρῷ
1415 2620 1675 2695 θλίψεως,
1721 2621 1812 2678 ’ἱνα
1866 2631 1967 2693 τῆς

318 2711 456 2785 πρὸς
486 2710 576 2765 τὸν
611 2710 802 2784 Κύριον
834 2709 1115 2786 ἀποστήσῃ
1149 2708 1399 2773 ἐλπίδος.
1424 2710 1696 2769 Οὐδέποτε
1737 2711 1793 2769 δὲ
1838 2716 1965 2776 Θεὸς

319 2797 602 2872 ἐπιτρέπει
676 2797 757 2851 ἐπ’
838 2794 1044 2852 ἐκείνου
1120 2796 1442 2868 ἐλπίζουσαν
1521 2804 1967 2871 καταπονηθῆναι

317 2891 436 2947 τοῖς
496 2891 862 2959 πειρασμοῖς,
921 2883 1060 2941 ὥστε
1115 2887 1203 2941 καὶ
1272 2886 1718 2962 ἐξαπορηθῆναι·
1771 2893 1965 2954 Πιστὸς

321 2976 449 3049 γὰρ,
483 2975 512 3029 ὁ
550 2973 892 3037 Ἀπόστολός
924 2997 1112 3054 φησιν,
1145 2976 1172 3030 ὁ
1200 2977 1348 3043 Θεὸς,
1383 2978 1444 3039 ὃς
1495 2979 1596 3032 οὑκ
1635 2977 1775 3033 ἐάσει
1827 2979 1965 3051 ὑμᾶς

323 3065 676 3138 πειρασθῆναι
748 3064 876 3138 ὑπὲρ
938 3065 965 3118 ὃ
1025 3063 1296 3119 δύνασθε·
1353 3063 1498 3120 ἀλλὰ
1573 3069 1793 3138 ποιήσει
1875 3068 1966 3122 σὺν

323 3174 405 3225 τῳ
461 3157 746 3228 πειρασμῷ
802 3153 891 3206 καὶ
946 3154 1043 3221 τὴν
1103 3149 1341 3222 ἔκϐασιν,
1397 3159 1494 3209 τοῦ
1561 3153 1815 3211 δύνασθαι
1867 3158 1968 3212 ὑπ-

326 3247 580 3317 ενεγκεῖν.
634 3243 734 3301 Καὶ
767 3243 794 3297 ὀ
828 3244 1064 3317 πονηρὸς
1099 3239 1155 3297 δὲ
1186 3243 1290 3318 οὐχ
1335 3242 1462 3300 ὅσον
1514 3243 1702 3318 ἐκείνῳ
1744 3247 1965 3318 θέλησις
1998 3217 2040 3283 C

328 3330 495 3388 λυπεῖ
522 3334 618 3401 τήν
653 3333 854 3408 ψυχὴν,
902 3331 1028 3386 ἀλλ’
1076 3332 1199 3386 ὅσον
1249 3332 1396 3406 αὐτῷ
1441 3333 1644 3408 ἐφεῖται
1683 3338 1826 3411 παρὰ
1873 3341 1968 3392 τοῦ

328 3426 484 3478 Θεοῦ.
518 3421 579 3478 Εἰ
610 3422 711 3498 γὰρ
743 3421 1050 3495 ἀνθρώποις
1083 3421 1181 3477 οὐκ
1228 3420 1457 3492 ἄδηλον,
1511 3425 1679 3480 πόσον
1710 3425 1769 3480 ἂν
1803 3427 1968 3498 ἡμιόο

324 3533 405 3582 νῳ
441 3513 625 3586 βάρος,
658 3511 829 3566 πόσον
859 3509 917 3566 δὲ
949 3510 1079 3583 ὄνῳ,
1107 3512 1274 3567 πόσον
1305 3509 1360 3568 δὲ
1399 3513 1640 3587 καμήλῳ
1686 3515 1969 3593 ἀγώγιμον

323 3600 411 3671 εἴη
445 3619 457 3632 ·
491 3599 635 3656 ἀλλὰ
663 3601 752 3655 τὸν
783 3600 1020 3677 φόρητον
1048 3599 1320 3671 ἐπιτίθησι
1346 3619 1361 3634 ⁸
1393 3603 1482 3657 καὶ
1514 3609 1594 3676 τῷ
1641 3612 1869 3681 κεραμεῖ
1912 3603 1969 3662 δὲ

323 3689 498 3759 δῆλον
531 3689 700 3744 πόσον
730 3695 810 3761 τῷ
840 3689 967 3758 πυρῖ
1005 3691 1114 3764 χρὴ
1145 3691 1213 3745 τὰ
1243 3692 1405 3762 σκεύη
1441 3691 1774 3768 παραδοῦναι
1828 3696 1966 3770 χεό-

319 3801 434 3847 νον,
462 3777 554 3833 ’ίνα
591 3781 727 3852 μήτε
770 3777 935 3833 πλέον
985 3777 1310 3851 ἐμμείναντα
1343 3777 1636 3858 διαρραγῇ,
1690 3757 1970 3857 μήτεηπά-

323 3870 413 3926 λεν
441 3870 548 3942 πρὸ
595 3876 693 3938 τῆς
743 3869 1015 3944 ἀρκούσης
1063 3871 1360 3943 πυρώσεως
1408 3866 1747 3940 ἐκϐληθέντα
1793 3873 1973 3952 ἄχρη-

323 3980 424 4013 στα
547 3959 590 4013 εἰ
639 3959 872 4028 τοσαύτη
925 3958 1047 4031 περὶ
1093 3959 1184 4013 τὸν
1237 3960 1520 4034 ἄνθρωπυν
1556 3959 1782 4025 σύνεσις,
1838 3964 1969 4038 ούχί

321 4048 527 4120 πολλῷ
557 4047 721 4105 πλέον
756 4050 844 4104 καὶ
875 4049 1110 4124 ἀπείρως
1139 4049 1326 4119 πλέον,
1358 4053 1392 4120 ἡ
1424 4055 1522 4106 τοῦ
1578 4056 1713 4107 Θεοῦ
1760 4053 1969 4115 σύνεσις

323 4136 445 4194 οἶδε
492 4139 658 4193 πόσον
705 4139 898 4213 ἑκαστῃ
941 4142 1094 4213 ψυχῇ
1143 4140 1237 4193 τὸν
1285 4140 1586 4214 πειρασμὸν
1639 4137 1758 4196 δέον
1825 4141 1970 4197 ἐπεν-

324 4231 584 4307 εχθῆναι·
614 4227 701 4281 ἳνα
734 4226 960 4300 δόκιμος
992 4228 1202 4301 γένοιτο
1241 4227 1332 4282 καὶ
1363 4227 1659 4301 ,ἐπιτηδεία
1706 4233 1841 4306 πρὸς
1873 4234 1972 4303 τήν

321 4323 436 4372 τῶν
469 4317 711 4392 ούρανῶν
749 4315 1051 4391 βασιλείαν.

394 4588 496 4644 ῘΔ’.
530 4588 728 4656 Ὠσπερ
759 4587 820 4641 τὸ
847 4593 945 4656 τῆς
976 4583 1251 4650 itavisse):
1284 4586 1475 4663 χρῆμα
1505 4589 1550 4644 εἰ
1604 4592 1679 4662 μή
1724 4592 1962 4650 ἐπιπολὺ
1999 4601 2042 4666 D

317 4678 662 4749 τυπτόμενον
711 4674 980 4752 διαμείνῃ,
1049 4677 1148 4733 ούκ
1194 4675 1252 4732 ἃν
1297 4679 1512 4752 γένοιτο
1565 4682 1844 4754 χρήσιμον
1892 4683 1970 4747 εἰς

321 4767 672 4823 λεπτοτάτων
730 4767 994 4839 νημάτων
1055 4765 1310 4843 ἐργασίαν
1345 4811 1360 4837 ,
1441 4767 1567 4823 ἀλλ’
1634 4768 1849 4843 ὅσῳπερ
1912 4775 1967 4829 ἂν

785 4825 817 4839 ..
1083 4825 1141 4843 ,,
1346 4825 1359 4837 ,
1800 4825 1811 4826 ,
1914 4825 1960 4829 ﬁ.

319 4859 582 4912 τύπτοιτο
638 4855 726 4910 καὶ
787 4856 911 4910 ὅσον
966 4855 1220 4926 ξαίνοιτο,
1274 4856 1533 4912 τοσοῦτον
1591 4825 1965 4937 καθαρώτερόν

319 4966 380 5000 τε
450 4945 541 4999 καὶ
600 4943 1028 5020 εὐχρηστότερον
1085 4944 1309 5020 γίνεται.
1380 4947 1484 5002 Καὶ
1541 4947 1597 5002 ὃν
1651 4949 1852 5022 τρόπον
1909 4954 1970 5008 τὸ

321 5032 661 5089 νεόπλαστον
712 5039 906 5096 σκεῦος
967 5035 1041 5106 μὴ
1102 5035 1227 5109 πυρὶ
1285 5032 1504 5109 βληθὲν,
1555 5041 1795 5113 χρῆσθαι
1854 5047 1972 5104 τοῖς

324 5125 636 5198 ἀνθρώποις
670 5121 1040 5196 ἀνεπιτήδειον
1077 5126 1198 5180 ’καὶ
1248 5125 1323 5188 ὡς
1353 5128 1415 5182 τὸ
1465 5129 1662 5198 νήπιον
1709 5128 1785 5185 ἔτι
1836 5135 1971 5209 πρὸς

321 5238 391 5270 τα
426 5236 524 5270 του
554 5216 765 5289 κόσμου
809 5212 940 5291 ἔργα
979 5212 1242 5288 ἀδόκιμον
1280 5213 1435 5270 ὀὔτε
1483 5219 1586 5292 γὰρ
1637 5220 1950 5294 οἰκοδομεῖν

337 5269 389 5270 ““
441 5269 476 5270 “⁷
661 5269 671 5289 I
837 5271 845 5287 ι
885 5269 895 5291 Ι
1062 5269 1204 5288 Nil”
1322 5269 1430 5270 7777
1496 5269 1581 5292 I‘T
1642 5269 1820 5275 "nvvv
1874 5269 1945 5278 "'

325 5306 388 5362 ού
438 5303 706 5383 φυτεύειν,
770 5306 835 5359 ού
903 5306 1104 5378 σπόρον
1175 5307 1507 5361 κατατιθέναι
1563 5304 1805 5378 δύναται,
1832 5269 1974 5393 Γούέ

321 5393 503 5469 ἔτερόν
547 5416 600 5450 τι
657 5398 762 5450 τῶν
818 5399 914 5450 τοῦ
960 5396 1173 5467 κόσμου
1232 5393 1404 5470 ἔργων
1454 5397 1625 5453 ἀνύειν
1659 5417 1672 5430 ⁸
1699 5399 1842 5455 οὕτω
1882 5406 1970 5460 καὶ

319 5485 492 5562 ψυχαὶ
549 5483 822 5547 πολλάκις
888 5481 982 5539 κάν
1045 5483 1187 5547 θείας
1257 5485 1519 5560 μετέσχον
1585 5488 1814 5564 χάριτος
1883 5495 1970 5549 καὶ

937 5665 985 5703 ⁵³
1013 5664 1187 5723 Eooli.
1221 5681 1279 5730 ιι,
1314 5663 1368 5720 1.

343 5665 390 5701 ιι
425 5666 586 5724 Rom.
620 5683 746 5735 vni,
772 5666 861 5723 35.
937 5665 985 5703 ⁵³
1013 5664 1187 5723 Eooli.
1221 5681 1279 5730 ιι,
1314 5663 1368 5720 1.
1447 5662 1492 5699 ⁸³
1522 5664 1539 5720 l
1572 5665 1698 5723 Cor.
1726 5687 1782 5742 x,
1817 5675 1898 5731 l3.

2067 2194 2120 2244 et
2176 2185 2406 2242 sustine.
2466 2183 2534 2237 Et
2589 2180 2724 2235 alibi
2780 2194 2794 2232 :

2067 571 2155 622 est
2187 565 2392 619 animae
2427 562 2600 616 unitas
2632 556 2876 628 Spiritui
2907 557 3130 610 sancto.

2139 746 2285 802 XIII.
2339 743 2442 810 Qui
2489 742 2616 796 vult
2656 741 2910 795 imitator
2957 752 3085 791 esse
3131 730 3364 795 Christi,
3395 731 3451 781 et
3503 739 3603 796 per
3654 721 3760 777 hoc

2068 836 2372 906 consequi,
2425 838 2487 887 ut
2527 830 2854 902 appelletur
2902 827 3058 880 ﬁlius
3106 823 3205 878 Dei
3241 837 3256 886 ;
3299 820 3495 888 utpote
3525 811 3758 884 genitus

2067 945 2136 984 ex
2161 925 2378 997 Spiritu
2416 940 2428 978 :
2469 938 2602 977 eum
2652 924 2786 974 ante
2835 918 3032 973 omnia
3073 909 3338 968 convenit
3386 907 3759 962 occurrentes

2068 1017 2430 1080 afﬂictiones,
2471 1013 2588 1068 sive
2639 1011 2723 1065 bas
2761 1007 3019 1077 corporei
3065 1001 3250 1057 morbi
3283 1001 3418 1064 sint,
3455 995 3573 1050 sive
3606 992 3764 1061 inju-

2075 1110 2169 1164 riae
2225 1106 2294 1162 ab
2347 1100 2705 1163 hominibus,
2762 1097 2881 1152 sive
2931 1093 3262 1164 opprobria,
3313 1103 3414 1142 seu
3460 1085 3634 1139 etiam
3695 1096 3764 1134 ex

2070 1199 2301 1256 insidiis
2332 1190 2713 1250 invisibilium
2749 1186 3038 1248 hostium;
3075 1181 3336 1235 animose
3361 1191 3424 1230 ac
3449 1173 3668 1227 fortiter
3689 1172 3767 1223 to-

2069 1289 2272 1346 lerare.
2307 1289 2412 1338 Per
2442 1280 2696 1336 divinam
2732 1273 3151 1347 providentiam
3182 1265 3476 1336 sapienter
3505 1276 3568 1314 ac
3598 1259 3766 1312 bene-

2069 1378 2192 1435 vole
2224 1375 2376 1431 213
2423 1372 2630 1426 cuncta
2669 1368 3102 1436 disponentem,
3145 1353 3567 1430 permittuntur
3598 1348 3771 1403 adve—

2071 1468 2192 1524 nire
2235 1461 2542 1520 animabus
2590 1453 2881 1527 ejusmodi
2931 1449 3298 1522 probationes
3348 1438 3767 1497 adversilatum

2069 1560 2382 1621 variarum,
2425 1557 2487 1607 ut
2532 1547 2982 1605 manifestentur
3024 1556 3151 1611 quae
3199 1537 3350 1590 inter
3398 1547 3499 1587 eas
3546 1529 3770 1584 sincere

2069 1620 2382 1708 Dominum
2431 1643 2699 1715 diligunt.
2752 1639 2994 1709 Signum
3056 1634 3112 1688 id
3165 1628 3274 1684 fuit
3322 1625 3395 1682 ab
3445 1620 3602 1679 omni
3651 1632 3765 1672 aevo

2068 1706 2288 1798 sanctis
2331 1706 2697 1809 patriarchis,
2742 1706 3060 1801 prophetis,
3095 1717 3376 1792 apostolis
3408 1718 3466 1770 et
3498 1706 3770 1779 martyri~

2071 1832 2198 1898 bus,
2251 1833 2315 1883 ut
2363 1843 2464 1899 per
2512 1828 2824 1894 angustam
2878 1819 3024 1872 hanc
3075 1813 3222 1868 viam
3285 1804 3670 1863 tentationum
3715 1801 3771 1852 et

2069 1888 2449 1976 afﬂi'ctionum
2500 1888 2841 1975 transirent,
2891 1912 2948 1962 et
2999 1905 3085 1961 sic
3125 1902 3240 1956 Deo
3288 1896 3607 1974 placerent,
3633 1888 3765 1952 Fili,

2072 2011 2151 2064 ait
2180 2007 2501 2077 Scriptura,
2551 1972 2927 2057 accedens-all
2976 1994 3296 2048 servitutem
3348 1986 3462 2050 Dei,
3513 1972 3767 2052 praepara

2069 2099 2313 2153 animam
2368 2101 2522 2148 tuam
2578 2091 2648 2146 ad
2705 2088 3077 2148 tentalionem,
3147 2077 3391 2146 deprime
3447 2087 3538 2127 cor
3613 2080 3772 2124 tuum

2854 2177 2988 2244 Quae
3052 2171 3372 2238 inferuntur
3425 2163 3526 2217 tibi
3583 2156 3771 2215 omnia

2072 2286 2130 2332 ut
2175 2275 2314 2330 bona
2354 2275 2550 2337 excipe
2579 2290 2598 2338 ,-
2640 2270 2813 2324 sciens
2860 2262 3122 2337 quoniam
3162 2257 3282 2313 sine
3307 2255 3409 2308 Deo
3438 2251 3585 2308 nihil
3613 2249 3672 2319 ﬁt
3703 2245 3772 2299 5’.

2071 2364 2367 2422 Patientia)
2406 2363 2582 2434 igitur
2625 2364 2682 2415 et
2711 2357 2833 2428 spei
2868 2359 3001 2410 ante
3031 2365 3200 2406 omne
3231 2344 3390 2402 aliud
3423 2355 3596 2412 opera
3627 2337 3773 2391 dan-

2073 2457 2147 2512 da
2184 2460 2273 2510 est
2311 2426 2518 2509 anima:
2575 2455 2686 2505 Deo
2746 2426 2968 2520 placere
3007 2437 3240 2497 volenti.
3284 2436 3410 2492 Una
3449 2431 3600 2488 enim
3653 2426 3773 2482 haec

2074 2551 2161 2602 est
2203 2561 2273 2600 ex
2319 2543 2544 2598 artibus
2589 2513 2825 2604 diaboli,
2871 2539 3162 2602 torporem
3205 2525 3372 2582 nobis
3429 2521 3669 2590 injicere
3715 2513 3777 2569 in

2074 2639 2335 2705 tempore
2366 2629 2722 2695 afﬂictionis,
2755 2631 2821 2680 ut
2851 2624 3067 2678 avertat
3105 2633 3212 2673 nos
3244 2632 3277 2669 a
3308 2627 3411 2685 spe
3440 2610 3498 2664 in
3536 2605 3778 2663 Domino

2075 2692 2359 2796 ponenda.
2419 2692 2730 2790 Nunquam
2799 2719 2996 2770 autem
3049 2711 3200 2765 Deus
3256 2708 3493 2759 tantum
3550 2692 3780 2768 fatigari

2076 2794 2495 2872 tentationibus
2542 2806 2828 2879 permittit
2880 2802 3137 2858 animam
3182 2798 3240 2852 in
3291 2794 3486 2866 ipsum
3537 2802 3780 2860 speran-

2079 2911 2219 2971 tem,
2268 2905 2331 2957 ut
2375 2900 2445 2954 ad
2503 2898 2712 2952 incitas
2771 2893 3023 2955 redacta,
3075 2885 3268 2944 omnis
3316 2884 3486 2952 inops
3553 2873 3780 2932 consilii

2080 2967 2306 3050 aestuet.
2359 2988 2557 3044 Fidelis
2610 2987 2758 3040 enim
2811 2983 2914 3054 (ait
2966 2974 3306 3049 Apostolus)
3366 2973 3506 3025 Deus
3562 2970 3662 3035 est,
3687 2967 3782 3036 qui

2077 3099 2185 3139 non
2217 3087 2457 3152 patietur
2508 3091 2599 3131 vos
2647 3052 2851 3128 tentari
2887 3083 3055 3138 supra
3102 3065 3160 3121 id
3204 3059 3343 3134 quod
3387 3058 3607 3130 potestis
3637 3071 3659 3117 ;
3687 3052 3781 3108 sed

2077 3175 2240 3248 faciet
2268 3172 2436 3227 etiam
2473 3182 2598 3222 cum
2636 3163 2932 3220 tentatione
2970 3166 3236 3217 eventum,
3269 3155 3329 3206 ut
3365 3146 3583 3221 possitis
3611 3145 3780 3198 susti-

2079 3231 2212 3319 nere
2265 3261 2328 3315 ⁵³.
2381 3259 2573 3326 Neque
2621 3270 2751 3309 vero
2790 3247 3111 3316 diabolus:
3137 3245 3426 3317 quantum
3478 3235 3588 3308 ipsi
3639 3231 3774 3288 libi-

2079 3360 2198 3408 tum
2229 3355 2338 3416 est,
2369 3325 2575 3419 affligit
2595 3343 2851 3400 animam
2887 3359 2902 3408 ;
2943 3340 3042 3394 sed
3073 3352 3190 3407 qua
3221 3345 3496 3387 mensura
3525 3325 3580 3380 id
3613 3337 3780 3393 agere

2078 3442 2294 3498 sinitur
2325 3456 2356 3494 a
2393 3439 2521 3494 Deo.
2554 3437 2613 3491 Si
2642 3437 2798 3490 enim
2832 3428 3165 3486 hominibus
3207 3422 3474 3493 ignotum
3514 3432 3628 3470 non
3671 3415 3779 3472 est.

2079 3535 2362 3603 quantum
2405 3525 2599 3583 oneris
2649 3527 2875 3594 portare
2928 3517 3121 3573 mulus
3173 3510 3377 3584 possit,
3429 3508 3649 3579 quanto
3682 3518 3785 3572 par

2078 3621 2313 3678 ferendo
2353 3618 2430 3674 sit
2473 3616 2694 3680 asinus,
2743 3613 2962 3682 quanto
3005 3601 3295 3670 camelus,
3342 3599 3498 3656 unde
3539 3609 3786 3651 consen—

2076 3716 2312 3768 taneum
2347 3708 2631 3779 cujusque
2664 3703 2880 3757 viribus
2913 3697 3120 3768 cuique
3152 3692 3380 3765 pondus
3420 3686 3730 3758 imponunt
3763 3700 3777 3748 ;

2077 3806 2134 3856 et
2163 3803 2210 3856 si
2237 3771 2606 3870 perspectum
2639 3790 2816 3862 ﬁgulo
2867 3793 2972 3852 est,
3023 3787 3244 3855 quanto
3288 3775 3566 3846 temporis
3597 3771 3781 3844 spatio

2077 3906 2216 3945 vasa
2245 3890 2304 3942 in
2347 3887 2580 3940 fornace
2628 3878 2872 3950 relinqui
2904 3876 3167 3937 debeant,
3213 3885 3285 3924 ne
3331 3867 3564 3935 longius
3621 3875 3782 3931 sequo

2081 3978 2160 4033 ibi
2205 3973 2480 4031 haerentia
2523 3969 2820 4026 dissiliant
2862 3983 2874 4033 ;
2911 3979 3014 4018 nec
3045 3974 3271 4023 rursus,
3315 3962 3447 4010 ante
3483 3946 3783 4006 sufficien-

2081 4075 2194 4122 tem
2249 4063 2572 4120 coctionem
2627 4074 2756 4114 cum
2805 4054 3159 4116 eximuntur,
3209 4043 3438 4101 inutilia
3490 4041 3682 4094 (iant:
3735 4036 3783 4091 si

2081 4158 2260 4223 tanta,
2320 4156 2578 4223 inquam,
2637 4149 2697 4205 in
2759 4145 2992 4202 homine
3058 4133 3366 4212 prudentia
3422 4133 3532 4195 est,
3594 4126 3779 4180 multo

2081 4215 2259 4316 atque
2282 4215 2424 4298 adeo
2455 4215 2699 4296 infinitis
2732 4235 2994 4310 partibus
3020 4228 3226 4301 magis,
3259 4221 3454 4280 divina
3493 4215 3782 4289 sapientia

2082 4305 2374 4409 perspicit,
2407 4331 2613 4386 animas
2647 4305 3174 4398 cui—quepquantum
3226 4313 3456 4388 pondus
3503 4305 3787 4365 tentatio-

2084 4399 2175 4482 bis
2206 4399 2444 4480 immitti
2494 4421 2718 4486 debeat,
2763 4421 2829 4473 ut
2867 4431 2966 4486 per
2998 4426 3126 4468 eam
3161 4407 3456 4480 probetur,
3484 4410 3537 4458 et
3576 4399 3783 4455 idonea

2085 4531 2262 4586 regno
2293 4514 2564 4568 ccelorum
2595 4510 2716 4565 fiat.

2143 4580 2288 4659 ῑίιν.
2329 4603 2489 4658 Sicut
2534 4597 2817 4656 cannabis
2863 4598 3092 4650 mataxa
3139 4589 3249 4644 nisi
3291 4587 3390 4641 diu
3442 4580 3783 4639 tunsionem

2077 4694 2241 4760 ferat,
2293 4708 2408 4748 non
2453 4690 2689 4746 habebit
2736 4702 2904 4742 usum
2955 4677 3371 4739 attenuationis
3425 4674 3485 4728 in
3539 4671 3636 4725 ﬁla
3685 4685 3788 4724 su-

2076 4784 2350 4842 tilissima
2423 4799 2438 4851 ;
2508 4782 2602 4836 sed
2674 4781 2892 4849 quanto
2958 4777 3208 4829 contusa
3272 4765 3508 4836 longius
3568 4760 3782 4824 fuerit,

2077 4879 2296 4947 quanto
2335 4872 2510 4929 radiis
2549 4869 2844 4942 pectinum
2892 4862 3114 4920 sulcata
3145 4855 3421 4923 crebrius,
3454 4857 3616 4908 tanto
3671 4866 3777 4921 pu-

2079 4943 2193 5023 rior
2253 4963 2568 5032 utiliorque
2634 4957 2856 5015 evadet.
2907 4953 2974 5008 Et
3021 4943 3525 5023 quemadmodum
3581 4956 3781 4997 recens

2078 5056 2392 5111 formatum
2441 5031 2561 5113 vas,
2614 5046 2802 5117 quoad
2864 5041 3197 5098 induratum
3253 5035 3386 5107 igne
3437 5033 3628 5097 fuerit,
3663 5031 3784 5086 ine-

2079 5149 2243 5214 ptum
2275 5147 2361 5196 est
2393 5139 2598 5193 usibus
2631 5134 2938 5199 humanis;
2987 5129 3238 5200 denique
3270 5124 3442 5181 veluti
3480 5137 3621 5193 puer
3650 5135 3785 5190 par-

2076 5231 2247 5287 vulus
2279 5247 2391 5285 non
2423 5227 2666 5283 idoneus
2712 5231 2798 5280 est
2825 5223 2893 5278 ad
2931 5220 3253 5277 functiones
3299 5216 3448 5281 vitae,
3491 5225 3622 5266 cum
3675 5224 3778 5264 nec

2077 5323 2385 5385 adificare,
2441 5335 2544 5374 nec
2597 5318 2880 5390 plantare,
2924 5329 3028 5369 nec
3067 5324 3266 5366 semen
3318 5307 3374 5360 in
3428 5311 3637 5359 terram
3695 5301 3783 5373 ia-

2076 5429 2205 5471 cere
2251 5413 2321 5468 ad
2363 5412 2472 5468 hoc
2512 5415 2773 5482 paratam
2816 5404 3020 5471 valeat,
3073 5404 3174 5456 aut
3205 5397 3362 5453 aliud
3399 5393 3536 5467 quid
3569 5409 3640 5451 ex
3671 5409 3782 5450 usu

2083 5501 2287 5558 mundi
2342 5499 2519 5570 hujus
2567 5511 2783 5570 agere:
2836 5493 2918 5551 sic
2967 5491 3178 5550 animae
3237 5485 3601 5559 plerumque,
3653 5482 3785 5540 licet
