4100 6204
330 348 445 411 947

1634 348 1696 407 S.
1749 345 2071 407 MACABII
2118 347 2465 410 EGYPTII

3660 349 3785 413 948

333 481 539 538 divina
589 483 904 555 participes
944 483 1160 556 gratim,
1213 482 1445 537 etiamsi
1495 497 1596 553 per
1628 480 1722 534 Dei
1754 479 2023 550 benigni-

2145 478 2244 533 εἶεν
2276 478 2871 557 ἐμπληροφοροόμεναι
2915 484 2982 555 τῇ
3022 481 3326 556 γλυκύτητι
3357 502 3443 536 και
3492 487 3563 556 τῇ
3615 481 3796 539 Πνεό-

328 576 504 628 tatem
541 572 942 645 indulgentem
995 573 1253 627 infantiae
1304 573 1585 643 ipsarum,
1623 570 1864 641 perfusa
1918 570 2034 623 fue-

330 661 445 716 rint
497 661 807 717 dulcedine
851 662 1087 728 scelesti,
1136 677 1321 732 usque
1368 662 1438 716 ad
1483 660 1835 730 gustandam
1898 658 2028 728 Spi-

330 752 476 807 ritus
508 752 764 823 requiem
794 767 807 818 ;
840 754 1096 806 nondum
1148 755 1341 806 tamen
1382 747 1820 822 probationibus
1864 764 2029 803 exer-

330 840 493 909 citas;
530 842 788 896 nondum
830 842 1134 911 exploratae
1178 840 1461 893 malorum
1503 837 1810 908 spirituum
1847 835 2028 891 insul-

328 929 491 984 tibus
537 930 759 997 variis;
803 929 949 985 nihil
998 929 1149 984 ultra
1196 927 1473 1000 puerilem
1521 932 1661 981 sunt
1708 942 2029 998 progressae

328 1016 678 1085 balbutiem,
725 1025 787 1073 ut
829 1020 905 1073 ita
953 1019 1164 1085 dicam,
1218 1020 1464 1072 necdum
1515 1021 1661 1086 apta:
1711 1032 1887 1086 regno
1930 1015 2029 1069 Dei

330 1113 489 1164 sunt.
553 1108 778 1163 Etenim
841 1125 854 1162 :
912 1108 971 1161 Si
1026 1118 1183 1162 extra
1240 1108 1587 1178 disciplinam
1643 1107 1748 1175 (ait
1804 1106 2031 1162 divinus

329 1197 661 1268 Apostolus)
706 1199 853 1264 estis,
911 1198 1065 1266 cujus
1105 1199 1396 1267 participes
1435 1198 1578 1267 facti
1629 1205 1757 1251 sunt
1806 1211 2028 1259 omnes;

326 1302 454 1357 ergo
508 1286 773 1353 adulteri,
831 1289 879 1339 et
918 1301 1027 1339 non
1076 1286 1184 1355 ﬁlii
1227 1285 1358 1341 erlis
1386 1286 1452 1341 5‘.
1497 1287 1694 1357 Itaque
1740 1290 1796 1340 et
1843 1289 2028 1341 tenta-

326 1376 514 1431 tiones
565 1380 620 1429 et
666 1373 1012 1430 afﬂictiones
1054 1377 1274 1431 utiliter
1313 1376 1716 1431 immittuntur
1757 1376 1977 1431 homini
2011 1394 2026 1443 ;

327 1465 530 1535 utique
582 1464 967 1534 probatiorem
1026 1470 1081 1520 et
1138 1465 1524 1520 robustiorem
1584 1468 1710 1536 ejus
1771 1467 2026 1520 animam

327 1556 659 1623 reddentes,
715 1572 858 1627 quas
891 1556 939 1610 si
985 1558 1053 1611 ad
1092 1557 1267 1611 finem
1310 1573 1497 1627 usque
1536 1556 1853 1628 pertulerit,
1893 1572 2026 1611 cum

326 1660 428 1716 spe
458 1646 527 1701 ad
567 1646 870 1699 Dominum
907 1663 920 1713 ;
957 1646 1078 1700 fieri
1112 1663 1227 1701 non
1262 1649 1493 1717 poterit,
1535 1647 1674 1717 quin
1706 1662 2027 1717 consequa-

326 1740 425 1790 tur
482 1734 899 1807 promissiones
948 1736 1219 1805 Spiritus.
1270 1740 1329 1790 et
1374 1735 1772 1792 liberationem
1812 1754 1847 1792 a
1903 1753 2030 1808 per-

328 1824 761 1882 turbationibus
793 1825 1103 1880 affectuum
1137 1842 1467 1897 pravorum.

397 1916 509 1973 XV.
540 1916 1043 1980 Quemadmodum
1076 1932 1178 1988 per
1215 1917 1397 1972 multa
1441 1917 1691 1973 traducti
1738 1921 2029 1973 tormenta

329 2014 635 2077 martyres,
688 2014 998 2079 postquam
1058 2024 1244 2080 usque
1293 2010 1359 2063 ad
1403 2008 1591 2080 ipsam
1633 2008 1803 2062 etiam
1851 2009 2025 2078 perfe-

327 2098 566 2154 rendam
630 2105 875 2152 mortem
938 2098 1113 2153 robur
1162 2097 1388 2153 invictae
1436 2098 1788 2153 fortitudinis
1836 2105 2029 2153 osten-

326 2188 535 2242 derunt
580 2204 596 2257 ;
647 2188 873 2242 coronis
923 2189 1005 2243 sic
1052 2187 1248 2257 gloriae
1301 2188 1439 2243 facti
1491 2194 1627 2243 sunt
1684 2188 1842 2261 digni
1898 2204 1911 2243 :
1963 2205 2029 2244 ac

327 2281 545 2348 quanto
573 2276 846 2346 pluribus
889 2281 945 2331 et
988 2278 1354 2347 gravioribus
1400 2277 1689 2349 perfuncti
1730 2277 2028 2333 laboribus

327 2374 485 2434 sunt,
527 2370 688 2421 tanto
732 2367 1008 2435 majorem
1061 2368 1211 2437 apud
1266 2367 1446 2422 Deum
1490 2367 1812 2422 claritatem
1855 2383 1920 2424 ac
1964 2368 2029 2422 li-

329 2457 604 2512 bertatem
639 2461 774 2511 sunt
803 2457 993 2527 adepti
1029 2473 1042 2511 :
1081 2458 1288 2528 pariter
1333 2460 1543 2513 animae
1594 2460 1806 2515 diversi
1855 2474 2028 2531 gene-

329 2544 409 2600 ris
436 2544 850 2602 afﬂictionibus
882 2545 1047 2602 214
1095 2548 1340 2617 traditas,
1392 2548 1510 2603 sive
1552 2547 1646 2613 iis,
1676 2565 1803 2619 quis
1837 2548 2029 2620 palam

329 2635 401 2689 ab
434 2635 771 2691 hominibus
802 2636 1276 2707 proficiscuntur,
1327 2638 1448 2691 sive
1496 2654 1625 2704 quis
1675 2638 1828 2692 intra
1874 2654 2035 2692 men-

332 2726 452 2777 tem
511 2724 851 2793 contingunt
906 2725 1353 2787 exsurgeutibus
1414 2726 1870 2796 cogitationibus
1929 2726 2030 2781 ab-

329 2812 563 2880 surdis;
598 2813 717 2868 sive
765 2830 889 2886 qua
929 2814 1145 2870 morbis
1195 2814 1482 2886 corporeis
1531 2831 1656 2869 esse
1705 2822 1978 2871 exserunt
2013 2834 2027 2885 ;

333 2900 380 2955 si
427 2902 733 2972 patienter,
787 2905 1204 2973 perseverando
1255 2920 1438 2976 usque
1487 2904 1557 2958 ad
1600 2904 1772 2959 finem
1826 2904 2032 2960 tolera-

331 2992 537 3059 verint,
597 2993 829 3046 easdem
889 3009 1022 3048 cum
1060 2994 1408 3065 martyribus
1465 3009 1731 3058 coronas,
1765 2995 2029 3050 eamdem

331 3081 485 3151 apud
521 3079 702 3135 Deum
746 3085 1179 3153 consequentur
1220 3083 1545 3138 libertatem
1600 3102 1615 3150 ;
1664 3084 2030 3156 quandoqui-

333 3170 466 3225 dem
527 3170 865 3243 martyrium
926 3171 1333 3237 afﬂictionum,
1395 3173 1548 3243 quod
1612 3180 1890 3244 martyres
1959 3174 2031 3229 ab

333 3259 670 3316 hominibus
703 3266 844 3316 sunt
878 3263 1057 3331 passi,
1103 3262 1162 3315 hi
1194 3262 1265 3315 ab
1297 3262 1777 3332 impressionibus
1810 3263 2032 3319 acerbis

335 3348 678 3403 infestorum
737 3349 851 3419 ipsi
928 3349 1311 3418 malignorum
1391 3350 1705 3419 spirituum
1782 3352 2031 3421 pertule-

334 3440 514 3503 runt;
565 3453 631 3490 ao
689 3441 907 3507 quanto
965 3437 1158 3505 plures
1219 3437 1275 3491 hi
1324 3453 1559 3509 quoque
1622 3440 2033 3511 gravioresque

337 3522 704 3577 adversantis
755 3523 1013 3578 insultus
1052 3523 1266 3579 diaboli
1298 3526 1558 3596 perpessi
1600 3527 1835 3595 fuerint,
1878 3534 2032 3583 tanto

337 3611 819 3667 abundantiorem
870 3612 1133 3682 gloriam,
1187 3630 1303 3670 non
1352 3616 1410 3671 in
1462 3618 1725 3672 futurum
1777 3617 1969 3673 solum
2002 3635 2035 3674 a

335 3698 449 3755 Deo
498 3700 780 3770 recipient
814 3718 827 3770 ;
862 3703 957 3758 sed
991 3708 1048 3759 et
1085 3703 1180 3759 hic
1223 3721 1452 3779 quoque
1484 3707 1736 3764 uberiori
1780 3708 2034 3766 beabun-

337 3793 435 3845 tur
464 3790 715 3861 Spiritus
744 3792 1163 3850 consolatione.

408 3898 553 3959 XVI.
600 3902 1083 3973 Quandoquidem
1134 3905 1192 3961 in
1244 3906 1507 3963 confesso
1551 3911 1661 3977 est,
1713 3912 1930 3964 arctam
1980 3913 2036 3965 et

336 3996 642 4061 angustam
677 4008 800 4046 esse
856 3992 1005 4047 viam
1052 4010 1173 4065 quae
1206 3994 1369 4051 ducit
1419 3996 1488 4051 ad
1531 3994 1706 4050 vitam
1740 4015 1754 4063 ;
1790 3996 2037 4068 ideoque

339 4096 556 4151 paucos
587 4100 737 4153 esse,
771 4084 871 4156 qui
905 4102 1005 4156 per
1031 4101 1157 4140 eam
1196 4092 1503 4142 transeunt
1533 4105 1547 4143 :
1583 4090 1774 4143 omnis
1823 4090 2037 4144 diaboli

338 4174 582 4227 tentatio
628 4182 859 4243 propter
905 4176 1070 4228 nobis
1104 4178 1419 4244 repositam
1452 4178 1505 4229 in
1541 4178 1707 4231 omlis
1756 4194 1920 4246 spem
1956 4196 2039 4234 ro-

339 4259 507 4315 buste
555 4276 621 4314 ac
651 4267 983 4315 constanter
1012 4264 1359 4317 sustinenda
1389 4273 1473 4319 est
1510 4281 1523 4329 ;
1558 4271 2039 4338 quantascunque

338 4350 493 4405 enim
546 4350 773 4404 tandem
824 4350 1230 4407 tribulationes
1282 4352 1714 4422 pertulerimus,
1766 4356 1903 4425 quid
1952 4358 2036 4412 ba:

338 4438 791 4509 comparandum
841 4438 1079 4506 habent,
1146 4446 1247 4495 aut
1289 4456 1425 4496 cum
1476 4441 1665 4498 futura
1723 4446 2040 4516 repromis-

340 4526 501 4583 sione
535 4544 548 4594 ;
584 4533 848 4583 autcum
892 4529 1017 4599 jam
1070 4528 1205 4586 hinc
1255 4530 1377 4586 dari
1429 4530 1600 4587 solita
1645 4534 2040 4590 consolatione

2057 1861 2104 1925 B

2150 588 2322 639 ματος
2362 570 2675 633 ἀναπαύσει,
2722 567 2810 624 διὰ
2848 572 2946 639 τὴν
2989 570 3163 624 αὐτῶν
3227 572 3533 642 νηπιότητα
3580 575 3651 645 τῇ
3692 575 3796 625 τοῦ

2144 657 2343 729 Κυρίου
2396 658 2761 734 χρηστότητι,
2815 657 2940 714 ἀλλ’
2985 657 3074 713 οῦν
3129 661 3297 731 μήπω
3353 658 3795 732 δοκιμασθεῖσαι,

2145 743 2275 819 μηδ’
2336 747 2436 801 ὑπὸ
2492 752 2598 802 τῶν
2655 752 2907 819 πονηρῶν
2966 748 3282 817 πνευμάτων
3361 746 3646 821 διαφόροις
3705 748 3793 822 ἐξ-

2141 837 2439 890 ετασθεῖσαι
2470 835 2740 909 θλίψεσιν,
2771 833 2850 891 ἔτι
2878 843 2977 906 τῆς
3025 836 3360 907 νηπιότητος
3390 835 3634 913 ἔχονται,
3673 839 3792 905 καὶ,

2136 921 2206 977 ’ἶν’
2237 924 2409 988 οὕτως
2440 923 2596 993 εἷεπω,
2631 923 2847 981 οὐδέπω
2880 927 3016 1000 πρὸς
3046 928 3145 996 τὴν
3195 930 3303 981 τῶν
3349 929 3593 1001 οὐρανῶν
3632 928 3798 1003 βασι-

2142 1012 2289 1069 λείαν
2340 1013 2661 1086 ἐπιτηδείως
2702 1010 2921 1089 ἔχουσιν
2957 1037 2968 1049 ·
2997 1017 3055 1072 Εἰ
3115 1017 3218 1092 γὰρ
3266 1019 3444 1094 χωρίς
3496 1017 3633 1087 ἐστε,
3678 1041 3796 1096 φη-

2142 1104 2222 1157 σὶν
2275 1105 2303 1158 ὁ
2355 1107 2497 1167 θεῖος
2548 1105 2905 1176 Ἀπόστολος,
2942 1104 3188 1167 παιδείας
3234 1107 3301 1175 ἦς
3354 1106 3587 1185 μέτοχυι
3636 1106 3795 1181 γεγόο

2138 1214 2258 1247 τασι
2290 1193 2505 1262 πάντες,
2540 1192 2642 1269 ἄρα
2690 1195 2838 1250 νόθοι
2887 1193 3003 1251 ἕστε
3059 1194 3147 1250 καὶ
3193 1194 3300 1270 οὐχ
3328 1196 3435 1251 υἱοί
3472 1217 3485 1231 ·
3510 1197 3649 1252 ὥστε
3696 1196 3793 1251 καὶ

2140 1284 2194 1338 οἱ
2246 1285 2540 1359 πειρασμοὶ
2580 1286 2669 1339 καὶ
2711 1287 2764 1340 αἱ
2804 1286 3015 1361 θλίψεις
3054 1287 3189 1341 κατά
3226 1286 3288 1341 τὸ
3334 1284 3613 1349 λυσιτελὲς
3663 1286 3794 1341 ἐπάο

2138 1394 2319 1449 γονται
2358 1380 2437 1446 τῷ
2479 1376 2768 1450 ἀνθρώπῳ,
2812 1373 3180 1452 δοκιμωτὲραν
3224 1375 3368 1431 οὕτω
3413 1375 3507 1431 καὶ
3560 1376 3794 1451 στεῤῥο-

2136 1464 2292 1538 τέραν
2350 1462 2707 1539 ἐργαζόμεναι
2759 1466 2857 1532 τήν
2899 1468 3085 1540 ψυχήν
3120 1468 3249 1521 ’καὶ
3294 1463 3442 1540 ε’ίπερ
3492 1464 3568 1527 εἷς
3628 1465 3794 1529 τέλος

2140 1551 2397 1625 ὑπομένοι
2433 1555 2547 1625 μετ’
2579 1551 2800 1615 ἐλπίδος
2828 1557 2925 1622 τῆς
2957 1555 3089 1628 πρὸς
3118 1555 3209 1609 τὸν
3244 1554 3456 1629 Κόριον,
3489 1556 3790 1633 ἀμήχανον

2137 1639 2437 1716 ἀποτυχεῖν
2471 1642 2638 1712 αὐτὴν
2667 1646 2767 1711 τῆς
2800 1642 3123 1719 ἐπαγγελίας
3165 1648 3260 1699 τοῦ
3306 1643 3645 1717 Πνεόματος,
3694 1644 3789 1699 καὶ

2134 1739 2234 1801 τῆς
2266 1730 2707 1807 ἀπολυτρώσεως
2736 1738 2843 1788 τῶν
2876 1734 3061 1799 κακίας
3092 1736 3299 1790 παθῶν.

2209 1914 2308 1969 lE'.
2356 1914 2561 1987 ’Ὠσπερ
2617 1911 2854 1976 πολλαῖς
2936 1915 3190 1991 βασάνοις
3267 1912 3676 1988 διωμιληκότες
3734 1917 3791 1972 οἱ

2140 2004 2427 2077 μάρτυρες,
2485 2002 2575 2057 καὶ
2634 2002 2861 2058 θανάτου
2949 2004 3115 2078 μέχρι
3180 2004 3247 2059 τὰ
3308 2011 3409 2074 τῆς
3496 2005 3791 2081 καρτερίας

2138 2089 2553 2164 ἐπιδειξάμενοι,
2614 2094 2884 2169 στεφάνων
2940 2094 3082 2147 οὕτω
3136 2095 3234 2162 τῆς
3293 2091 3455 2165 δόξης
3497 2096 3786 2171 γεγόνασιν

2137 2179 2312 2251 ἄξιοι·
2346 2182 2435 2236 καὶ
2470 2180 2583 2254 ὅσῳ
2627 2180 2844 2237 πλείοσι
2887 2184 2978 2236 καὶ
3030 2181 3446 2257 χαλεπωτέροις
3485 2189 3595 2244 τοῖς
3647 2181 3789 2237 ἐπι-

2138 2272 2326 2332 πόνοις
2387 2270 2728 2346 ἐχρήσαντο,
2786 2271 3011 2327 πλείονα
3058 2273 3146 2327 καὶ
3193 2274 3293 2342 τήν
3345 2271 3499 2343 δόξαν
3544 2273 3629 2326 καὶ
3677 2275 3788 2343 τὴν

2138 2364 2274 2437 πρὸς
2313 2364 2440 2418 Θεὸν
2484 2361 2779 2433 ἐκτήσαντο
2821 2361 3147 2439 παρρησίαν
3191 2365 3282 2419 τὸν
3335 2361 3494 2418 αὐτόν
3544 2361 3611 2433 δὴ
3649 2364 3791 2437 τρό-

2139 2473 2242 2507 πον
2291 2450 2380 2505 mi
2427 2451 2600 2524 ψυχαὶ
2646 2448 2925 2526 διαφόροις
2977 2449 3363 2524 παραδοθεῖσαι
3424 2449 3695 2526 θλίψεσιν,
3745 2449 3786 2521 ἦ

2139 2546 2218 2612 τῷ
2278 2539 2583 2620 φαινομένῳ
2639 2544 2759 2600 ταῖς
2821 2538 2871 2609 ἐξ
2938 2540 3234 2609 ἀνθρώπων
3287 2540 3707 2615 ἐπερχομέναις,
3749 2544 3789 2613 ἧ

2138 2631 2217 2702 τῷ
2262 2626 2540 2701 νοουμένῳ
2583 2626 2876 2704 λογισμοῖς
2922 2629 3147 2694 ἀτόποις
3194 2628 3591 2705 ἐγγινομένοις,
3624 2630 3660 2701 ἤ
3693 2632 3796 2687 νό-

2142 2740 2256 2782 σοις
2315 2722 2652 2791 σωματικαῖς
2720 2717 3200 2790 ἀποτικτομέναις,
3260 2722 3305 2774 εί
3369 2720 3533 2798 μέχρι
3589 2720 3794 2784 τέλους

2139 2810 2236 2877 τὴν
2292 2808 2574 2880 ὑπομονήν
2629 2806 2966 2881 διενέγκωσι,
3005 2812 3115 2863 τῶν
3161 2809 3339 2865 αὐτῶν
3384 2815 3501 2872 τοῖς
3556 2812 3794 2883 μάρτυσι

2140 2896 2431 2967 στεφάνων,
2483 2896 2571 2950 καὶ
2625 2902 2727 2965 τῆς
2794 2896 2962 2965 αὐτῆς
3020 2896 3385 2970 ἐπιτεόξονται
3427 2897 3736 2974 παῤῥησίας
3776 2920 3790 2932 ·

2142 2986 2255 3043 ἐπεὶ
2306 2988 2395 3041 καὶ
2444 2987 2507 3042 τὸ
2570 2985 2863 3060 μαρτύριον
2916 2990 3025 3041 τῶν
3079 2986 3342 3060 θλίψεων,
3401 2988 3535 3063 ὅπερ
3593 2989 3797 3044 ἐκεῖνοι

2142 3074 2211 3131 δι’
2261 3077 2582 3150 ἀνθρώπων,
2642 3078 2791 3130 οὗτοι
2850 3072 2938 3131 διὰ
2979 3081 3088 3132 τῶν
3140 3079 3408 3153 πονηρίας
3464 3080 3795 3153 πνευμάτων

2146 3165 2374 3228 ἐκείνοις
2450 3165 2849 3241 ἐνεργησάντων
2928 3166 3405 3240 ὑπομεμενηκότες
3478 3167 3582 3223 εἶσὶ
3617 3214 3631 3238 ,
3700 3168 3797 3223 καὶ

2145 3255 2255 3329 ὅσῳ
2322 3255 2545 3316 πλείους
2609 3255 2699 3311 καὶ
2762 3256 2914 3311 οὗτοι
2968 3261 3067 3311 τοῦ
3131 3258 3503 3331 ἀντικειμένου
3573 3256 3792 3332 θλίψεις

2145 3346 2469 3420 ὑπήνεγκαν,
2520 3345 2765 3418 τοσούτῳ
2809 3346 2898 3400 καὶ
2944 3344 3165 3401 πλείονα
3204 3349 3302 3415 τήν
3352 3345 3505 3420 δόξαν
3554 3350 3664 3405 οὐκ
3712 3350 3792 3411 εἰς

2141 3435 2204 3489 τὸ
2240 3433 2441 3507 μέλλον
2476 3436 2640 3508 μόνον
2674 3434 2732 3489 ἐκ
2775 3439 2907 3490 Θεοῦ
2944 3440 3261 3508 κομιοῦνται
3297 3456 3309 3469 °
3353 3436 3497 3492 ἀλλᾶ
3518 3437 3797 3495 κάνταῦθα

2141 3531 2240 3591 τῆς
2290 3527 2385 3577 τοῦ
2428 3523 2634 3599 ἀγαθοῦ
2686 3525 2995 3598 Πνεύματος
3046 3525 3439 3597 ἂξιωθήσονται
3498 3526 3797 3600 παρακλη-

2143 3633 2299 3674 σεως.

2221 3902 2339 3977 1ς¹.
2372 3900 2523 3957 Ἐπεὶ
2572 3901 2796 3971 τοιαύτη
2848 3898 3275 3975 ὡμολόγηταιή
3324 3902 3459 3978 πρὸς
3509 3905 3607 3973 τήν
3646 3909 3795 3975 ζωὴν

2147 3990 2381 4067 φέρουσα
2414 3993 2568 4060 στενή
2602 4012 2661 4046 τε
2698 3991 2786 4045 καὶ
2832 3991 3196 4065 τεθλιμμένη,
3238 3994 3327 4047 καὶ
3370 3993 3460 4048 διὰ
3504 3999 3671 4050 τοῦτο
3702 3997 3803 4051 καὶ

2148 4079 2371 4154 ὀλίγους
2416 4079 2529 4155 ἔχει
2576 4080 2703 4144 τοῦς
2753 4079 2954 4151 ταύτην
3007 4078 3438 4161 διερχομένους,
3480 4088 3655 4138 πᾶσαν
3700 4090 3805 4141 τοῦ

2147 4175 2391 4245 πονηροῦ
2448 4175 2634 4245 πεῖραν
2707 4167 2795 4225 διὰ
2834 4172 2933 4238 τὴν
2985 4169 3036 4226 ἐν
3090 4171 3337 4246 οὐρανίος
3406 4173 3804 4246 ἀποκειμένην,

2148 4257 2345 4313 ἐλπίδα
2384 4258 2618 4335 στεῤῥῶς
2648 4259 3003 4332 ὑπομενετέον
3048 4279 3060 4293 ·
3110 4260 3238 4322 ὅσας
3290 4264 3392 4336 γὰρ
3444 4261 3501 4316 ἅν
3555 4264 3643 4317 καὶ
3700 4264 3809 4317 ὑπ-

2148 4346 2463 4424 ἔνέγκοιμεν
2497 4348 2731 4422 θλίψεις,
2771 4348 2821 4404 τί
2870 4349 3113 4419 ἀντάξιον
3146 4352 3180 4421 ἢ
3221 4351 3356 4425 πρὸς
3394 4352 3493 4420 τήν
3548 4350 3806 4423 μέλλου-

2150 4459 2242 4492 σαν
2312 4435 2654 4510 ἐπαγγελίαν,
2704 4436 2738 4505 ἢ
2789 4438 2925 4512 πρὸς
2977 4439 3076 4507 τὴν
3138 4437 3372 4494 ἐντεῦθεν
3429 4438 3802 4514 ἐγγινομένην

2146 4535 2265 4590 ταῖς
2294 4532 2497 4603 ψυχαῖς
2532 4527 2632 4581 ὑπὸ
2662 4532 2759 4582 τοῦ
2809 4529 3010 4603 ἀγαθοῦ
3062 4530 3374 4601 Πνεύματυς
3420 4530 3803 4604 παράκλησιν,

337 4620 474 4675 boni
519 4619 771 4691 Spiritus
805 4636 818 4688 ;
866 4626 967 4676 aut
1011 4636 1145 4677 cum
1184 4621 1520 4679 liberatione
1550 4641 1583 4679 a
1624 4626 1872 4698 caligine
1910 4644 2031 4697 pra-

2147 4618 2182 4688 ἢ
2226 4619 2359 4693 πρὸς
2414 4619 2515 4685 τήν
2564 4614 2950 4692 ἀπολότρωσιν
3009 4622 3106 4673 τοῦ
3159 4620 3385 4683 σκότους
3438 4623 3547 4674 τῶν
3602 4621 3801 4675 παθῶν

340 4726 534 4766 varum
580 4709 1022 4766 inclinationum
1070 4732 1085 4778 ;
1136 4718 1236 4768 aut
1278 4730 1410 4769 cum
1458 4714 1835 4770 multitudine
1867 4718 2032 4771 debi-

337 4804 550 4854 torum.
583 4800 700 4856 Non
730 4799 887 4854 enim
937 4810 1065 4855 sunt
1108 4801 1239 4873 (ait)
1282 4802 1569 4871 condigna
1612 4806 1893 4873 passiones
1938 4803 2035 4857 hu-

324 4888 420 4958 jus
449 4890 703 4958 temporis
731 4888 801 4944 ad
844 4892 1097 4958 futuram
1140 4892 1378 4959 gloriam
1425 4905 1550 4961 quae
1599 4890 1932 4944 revelabitur
1978 4907 2037 4945 τη

331 4978 486 5033 nobis
533 4977 599 5033 ⁵⁵.
651 4977 857 5033 Omnia
903 4996 1059 5052 ergo,
1113 4986 1176 5034 ut
1223 4981 1441 5034 dictum
1487 4988 1591 5045 est,
1640 4979 1786 5035 ferre
1822 4979 2038 5034 fortiter

335 5069 636 5136 debemus,
692 5077 922 5139 propter
964 5070 1319 5135 Dominum;
1368 5069 1448 5124 uti
1495 5072 1758 5141 generosi
1822 5068 2035 5125 milites

334 5176 405 5216 ne
437 5159 582 5215 mori
626 5159 861 5230 quidem
900 5175 998 5229 pro
1032 5162 1229 5213 nostro
1280 5158 1623 5229 imperatore
1675 5160 2031 5216 dubitantes.

333 5251 441 5306 Cur
472 5250 649 5317 enim,
683 5248 915 5318 quando
971 5247 1190 5302 mundo
1241 5252 1296 5302 et
1346 5250 1723 5304 saecularibus
1777 5250 2035 5305 attende-

332 5337 540 5393 bamus
585 5339 779 5406 rebus,
830 5338 1124 5394 molestias
1174 5353 1295 5406 eas,
1327 5338 1384 5393 in
1414 5354 1558 5409 quas
1592 5344 1789 5408 postea
1821 5341 2032 5395 incidi-

337 5440 492 5487 mus,
526 5443 641 5482 non
674 5427 1113 5498 experiebamur
1146 5425 1288 5494 ;sed
1319 5443 1473 5483 nunc
1496 5444 1627 5483 cum
1661 5446 2026 5486 accessemus

337 5514 408 5569 sd
465 5513 833 5570 serviendum
892 5516 1026 5584 Deo,
1078 5514 1434 5589 multiplices
1499 5516 1632 5576 illas
1688 5520 2032 5578 tentationes

405 5690 454 5728 “
479 5689 653 5758 Hebr.
675 5707 777 5767 xu,
807 5693 863 5757 8.
938 5691 988 5731 ⁵⁵
1022 5695 1189 5755 Rom.
1210 5710 1337 5768 νιιι,
1361 5696 1449 5756 18.

2144 4714 2243 4776 τῆς
2272 4705 2481 4773 κακίας,
2512 4703 2548 4775 ἤ
2582 4706 2716 4779 πρὸς
2755 4706 2817 4760 τὸ
2856 4710 2962 4760 τῶν
3012 4711 3192 4782 χρεῶν
3243 4705 3459 4777 πλῆθος
3494 4713 3605 4763 τῶν
3654 4711 3804 4781 ἡμε-

2144 4796 2312 4870 τέρων
2360 4798 2668 4869 ἁμαρτιῶν,
2721 4794 3075 4868 είσοίσομεν;
3128 4797 3204 4854 Οὐ
3264 4798 3368 4873 γὰρ
3414 4798 3556 4870 ἄξια,
3617 4800 3755 4876 φησὶ
3786 4841 3804 4868 ,

2143 4887 2210 4940 τὰ
2262 4887 2559 4956 παθήματα
2610 4887 2707 4939 τοῦ
2765 4889 2856 4939 νῦν
2921 4891 3112 4961 καιροῦ
3170 4887 3305 4961 πρὸς
3380 4888 3480 4955 τήν
3556 4885 3805 4959 μελλου-

2146 4995 2238 5028 σαν
2292 4971 2444 5045 δόξαν
2507 4971 2958 5049 ἀποκαλυφθῆναι
3018 4975 3093 5037 εἰς
3169 4977 3350 5049 ἡμᾶς.
3426 4977 3606 5030 Πάντα
3666 4976 3805 5052 γὰρ,

2145 5062 2217 5125 ὡς
2278 5060 2509 5137 ε’ίρηται,
2564 5062 2920 5137 καρτερητέον
2982 5060 3071 5118 διὰ
3128 5065 3217 5119 τὸν
3275 5066 3470 5139 Κύριον
3539 5062 3642 5133 δεῖ,
3702 5066 3805 5120 οἶα

2142 5152 2411 5229 γενναίους
2452 5156 2783 5228 στρατιώτας
2829 5158 2925 5209 τοῦ
2980 5154 3251 5229 βασιλέως
3302 5158 3461 5229 ἡμῶν
3517 5156 3809 5229 ὑπεραπο-

2144 5246 2492 5314 θνήσκοντας.
2526 5242 2624 5298 Διᾶ
2647 5242 2697 5296 τί
2727 5242 2848 5318 γὰρ,
2879 5242 2967 5299 ὅνε
2994 5249 3076 5316 τῷ
3123 5244 3315 5318 κόσμῳ
3344 5244 3436 5298 καὶ
3483 5250 3602 5305 τοῖς
3655 5246 3805 5319 βιω-

2141 5340 2315 5398 τικοῖς
2370 5332 2738 5407 προσείχομεν
2798 5334 3108 5408 πράγμασιν
3146 5377 3159 5403 ,
3221 5335 3281 5389 οὐ
3338 5334 3615 5408 λυπηροῖς
3686 5353 3809 5390 τοι·

2145 5423 2325 5485 ούτοις
2374 5423 2821 5498 περιεπίπτομεν,
2872 5422 3020 5478 ἀλλά
3076 5428 3167 5479 νῦν
3226 5422 3341 5479 ἐπεὶ
3400 5422 3800 5499 προσ-ἤλθομεν

2145 5511 2434 5570 δουλεῦσαι
2491 5517 2630 5587 Θεῷ,
2695 5512 2825 5577 τοῦς
2874 5514 3261 5590 πολυτρόπους
3316 5513 3545 5578 τούτους
3602 5533 3802 5592 πειρα-
