4100 6204
285 351 408 417 949

289 491 469 566 σμούς
503 485 844 562 ὑπομένομεν
883 507 896 557 ;

288 578 532 652 θλίψεις,
583 580 904 656 φθονοῦντος
952 578 1089 648 ἡμῖν
1129 579 1224 630 τοῦ
1279 571 1648 646 ἀντικειμένου
1677 580 1777 641 τῆς
1834 578 1939 628 τῶν

286 667 673 740 ἐλπιζομένων
724 663 1158 734 ἀνταποδόσεως,
1192 664 1472 743 χαύνωσίν
1528 683 1585 718 τε
1633 663 1724 717 καὶ
1777 661 1946 738 ῥᾳθυ-

293 758 422 830 μίαν
473 755 720 812 ἐνθέσθαι
776 762 894 818 ταῖς
957 756 1252 827 ἡμετέραις
1314 753 1656 829 βουλομένου
1715 755 1942 830 ψυχαῖς,

285 845 377 902 ’ίνα
446 848 524 921 μή
587 844 889 921 εὐαρέστως
974 846 1230 915 ζήσαντες
1321 843 1527 898 τούτων
1601 841 1941 913 ἀξιωθῶμεν.

291 939 465 993 Πᾶσαι
506 936 561 990 αἱ
628 935 747 989 καθ’
805 937 967 1007 ἡμῶν
1029 932 1232 988 ἑκείνου
1293 933 1540 1008 μηχαναί
1604 929 1824 986 λύονται
1875 932 1944 1003 τῇ

288 1029 389 1080 τοῦ
482 1027 718 1097 Χριστοῦ
795 1022 1090 1097 συμμαχίᾳ
1155 1038 1169 1052 ·
1243 1023 1331 1076 καὶ
1385 1023 1476 1076 τὸν
1537 1021 1944 1097 ὑπερασπιστὴν

289 1116 449 1186 ἡμῶν
505 1095 594 1168 καὶ
645 1095 966 1188 ὺπέρμαχον
996 1095 1236 1175 ἐκεῖνον,
1286 1111 1702 1184 ἐνθυμηθῶμεν,
1735 1111 1818 1165 ὅτι
1849 1095 1944 1164 καὶ

289 1201 451 1265 αὐτὸς
501 1203 593 1257 τὸν
650 1201 822 1256 αἰῶνα
868 1205 1060 1256 τοῦτον
1111 1200 1253 1256 οὕτω
1303 1199 1647 1264 διώδευσενκε
1683 1195 1947 1269 ὀνειδιζό’

295 1313 478 1366 μενος,
534 1290 892 1364 διωκόμενος,
935 1290 1362 1364 ἐμπαιζόμενος,
1410 1291 1570 1352 τέλος
1619 1291 1704 1345 καὶ
1757 1290 1942 1364 ἀτίμῳ

290 1380 501 1452 θανάτῳ
531 1378 620 1436 διὰ
660 1378 894 1456 σταυροῦ
933 1380 1337 1454 τελειούμενος.

364 1561 460 1618 ΙΖ’.
523 1557 690 1635 Εἴπερ
767 1557 1107 1635 βουλοίμεθα
1171 1558 1357 1633 θλίψιν
1429 1560 1622 1614 ἅπασιν
1663 1560 1751 1614 καὶ
1815 1559 1942 1622 τοὺς

290 1649 630 1725 πειρασμοὺς
681 1648 974 1722 ὕπομὲνειν
1014 1645 1234 1724 ῥᾳδίως,
1277 1649 1305 1704 ὁ
1353 1645 1443 1703 διὰ
1482 1648 1713 1722 Χριστὸν
1776 1647 1946 1703 θάνα-

291 1760 387 1803 τος
428 1737 766 1811 ἒπιθυμητὸς
816 1741 952 1814 ἡμῖν
1003 1734 1162 1806 ἔστω,
1208 1739 1298 1792 καὶ
1347 1738 1452 1809 πρὸ
1503 1737 1771 1810 ὀμμάτων
1835 1735 1948 1792 δια-

1375 350 1604 413 LlBER
1646 349 1748 412 DE
1793 349 2236 412 LIBERTATE
2283 349 2600 414 MENTIS.

946 492 1101 563 Ὁρᾷς
1160 486 1243 542 ὅτι
1301 483 1392 541 διὰ
1443 484 1534 540 τὸν
1595 485 1830 560 Χριστὸν
1892 484 1943 538 αἱ

2061 485 2362 557 patimur?
2409 485 2570 541 vides
2620 490 2852 559 propter
2893 487 3186 543 Christum
3236 486 3339 543 has
3387 487 3445 544 in
3498 504 3604 544 nos
3635 486 3757 542 im-

3643 353 3763 416 950

2055 577 2204 631 mitti
2239 574 2585 632 afﬂictiones
2614 578 2684 632 ab
2733 577 3061 633 adversario
3101 577 3395 634 invidente
3428 577 3594 633 nobis
3623 593 3758 647 spe-

2054 672 2206 720 ratas
2250 666 2683 726 retributiones.
2734 667 3192 740 languoremque
3241 685 3307 723 ac
3353 668 3635 723 desidiam
3668 668 3760 721 in-

2046 753 2226 826 jicere
2259 754 2567 810 animabus
2618 757 2828 812 nostris
2874 759 3168 823 studente,
3211 773 3283 813 ne
3330 759 3400 812 ad
3452 757 3550 813 Dei
3583 757 3760 812 bene-

2055 841 2336 912 placitum
2383 841 2499 897 vita
2547 848 2863 911 transacta,
2916 845 3224 916 promissis
3279 843 3520 914 praemiis
3579 844 3761 899 done-

2057 945 2206 985 mur.
2239 931 2452 986 Omnes
2502 932 2630 1002 ejus
2678 938 2878 987 contra
2929 950 3034 988 nos
3082 933 3257 987 irritae
3292 934 3440 988 fiunt
3474 931 3755 988 machina!

2058 1020 2225 1075 nobis
2254 1036 2384 1075 cum
2420 1021 2647 1076 Christo
2694 1021 3110 1093 pugnantibus.
3161 1021 3265 1076 Hic
3297 1022 3451 1076 enim
3482 1037 3750 1092 magnus,

2056 1109 2150 1165 hic
2174 1109 2426 1165 invictus
2467 1111 2631 1166 nobis
2681 1115 2966 1181 protector
3018 1115 3074 1164 et
3121 1116 3516 1181 propugnator
3547 1114 3752 1181 praesto

2055 1203 2162 1255 est.
2233 1198 2590 1263 Reputemus
2658 1198 2876 1268 animo,
2941 1197 3132 1270 ipsum
3203 1214 3457 1269 quoque,
3525 1197 3756 1268 quando

2057 1289 2426 1360 pertransivit
2497 1290 2603 1344 hoc
2675 1290 2972 1358 saeculum,
3039 1288 3363 1358 opprobriis
3434 1292 3759 1356 oneratum,

2055 1380 2484 1452 impugnatum,
2531 1379 2790 1446 irrisum,
2840 1379 3092 1449 denique
3140 1376 3533 1450 ignominiosa
3579 1384 3762 1432 morte

2056 1483 2160 1539 per
2189 1484 2422 1523 crucem
2450 1474 2920 1523 consummatum
2954 1484 3104 1524 esse.

2123 1552 2304 1607 XVII.
2338 1553 2396 1609 Si
2446 1551 2801 1609 voluerimus
2840 1569 3074 1608 omnem
3123 1550 3498 1607 afﬂictionem
3544 1556 3601 1605 et
3633 1555 3762 1606 ten-

2054 1643 2305 1697 tationes
2363 1643 2652 1698 sustinere
2706 1640 2894 1711 facile,
2956 1657 3109 1697 mors
3168 1645 3404 1712 propter
3459 1638 3758 1696 Christum

2053 1735 2288 1804 cptetur
2317 1749 2349 1786 a
2381 1731 2568 1801 nobis,
2601 1740 2655 1787 et
2677 1732 2725 1789 is
2771 1748 2982 1803 scopus
3012 1730 3127 1786 voti
3179 1730 3363 1786 nostri
3413 1729 3760 1786 obversetur

291 1828 515 1889 παντός.
554 1831 807 1883 Τοιοῦτον
839 1827 942 1902 γὰρ
974 1829 1109 1899 ἡμῖν
1155 1824 1245 1880 καὶ
1294 1825 1590 1901 ἐπίταγμα,
1631 1827 1720 1881 τὸν
1783 1847 1942 1881 σταυ-

2061 1827 2323 1892 perpetuo
2359 1820 2569 1876 mentis
2616 1825 2827 1876 nostrae
2876 1820 3081 1876 oculis.
3115 1821 3171 1876 Id
3207 1819 3421 1890 quippe
3465 1821 3555 1874 est
3586 1819 3753 1874 nobis

295 1918 389 1991 ρὸν
459 1916 704 1992 αἴροντας
755 1914 900 1988 αξιτῷ
943 1917 1265 1973 ἀκολουθεῖν
1302 1935 1315 1950 ο
1362 1914 1495 1990 ὅπερ
1544 1915 1707 1986 ἐστίν,
1756 1915 1941 1992 εὔτρε-

291 2010 417 2068 πεῖς
457 2005 588 2061 εἶναι
635 2005 724 2061 καὶ
775 2006 1029 2078 ἑτοίμους
1078 2007 1212 2081 πρὸς
1262 2006 1324 2060 τὸ
1361 2003 1666 2062 ἀποθανεῖν.
1701 2009 1798 2063 "Av
1844 2006 1938 2060 οὕ-

289 2115 371 2150 τω
402 2092 492 2148 δια
520 2095 621 2168 [τε]
654 2093 890 2166 θειμένοι
929 2092 1097 2166 ὦμεν,
1129 2097 1326 2162 πᾶσαν,
1367 2093 1443 2156 ὡς
1481 2090 1718 2166 εἴρηται,
1753 2092 1941 2167 θλίψιν

291 2183 466 2262 ἀφανῆ
497 2203 556 2238 τε
582 2186 670 2238 καὶ
705 2180 882 2253 δήλην
913 2185 1048 2239 κατά
1087 2182 1230 2238 πολὺ
1259 2181 1322 2237 τὸ
1363 2181 1493 2258 ῥᾷον
1538 2183 1940 2257 ὑπομενοῦμεν.

295 2275 356 2332 '0
411 2275 514 2348 γὰρ
580 2274 668 2327 καὶ
708 2273 993 2328 ἀποθανεῖν
1054 2273 1187 2338 ὖπὶρ
1231 2277 1463 2346 Χριστοῦ
1525 2270 1596 2327 δι’
1653 2272 1940 2346 ἐπιθυμίας

294 2359 465 2438 ἔχων,
497 2359 682 2438 σχολῇ
721 2363 771 2438 γ’
801 2361 862 2417 ἃν
904 2363 1038 2434 πρὸς
1067 2361 1133 2417 τά
1172 2361 1407 2418 ἐπίπονα
1436 2363 1524 2417 καὶ
1575 2360 1797 2436 λυπηρά
1846 2359 1944 2417 δυ-

294 2450 570 2526 σχεράναι.
632 2449 784 2524 Παρά
845 2455 1008 2506 τοῦτο
1064 2452 1167 2526 γάρ
1215 2452 1303 2506 καὶ
1363 2451 1582 2527 βαρείας
1641 2451 1772 2506 εἶναι
1848 2453 1946 2516 τάς

293 2538 510 2614 θλίψεις
547 2541 854 2614 ἡγούμεθα,
895 2540 1043 2615 παρά
1088 2540 1151 2596 τὸ
1203 2542 1277 2614 μή
1335 2541 1430 2596 τὸν
1501 2541 1634 2614 ὑπὲρ
1701 2541 1940 2615 Χριστὸν

292 2631 521 2685 θάνατον
589 2629 926 2702 καταθύμιον
984 2624 1155 2704 ἔχειν,
1219 2628 1359 2703 μηδὶ
1423 2630 1653 2686 πάντοτε
1717 2634 1944 2704 Χριστῷ

285 2723 388 2788 τὴν
444 2717 680 2774 διάνοιαν
731 2719 976 2794 ἀναρτᾷν.
1030 2720 1088 2774 Ὀ
1133 2717 1191 2774 δὲ
1258 2720 1460 2775 ἐκεῖνον
1518 2719 1941 2795 κληρονομῆσαι

288 2807 596 2881 ἐπιθυμῶν,
632 2809 722 2863 καὶ
760 2809 827 2863 τὰ
869 2809 1034 2864 αὐτοῦ
1083 2809 1226 2880 πάθη
1282 2807 1507 2880 ζηλοῦν,
1567 2810 1775 2881 ὁμοίως
1827 2809 1942 2866 ἐπι-

288 2894 550 2968 θυμείτω.
606 2896 769 2949 Ὥστε
826 2895 878 2949 οἱ
934 2895 1026 2950 τὸν
1077 2894 1268 2970 Κύριον
1337 2895 1543 2969 ἀγαπᾷν
1595 2893 1841 2968 λέγοντες
1893 2894 1945 2950 ἐν

284 2983 469 3057 τούτῳ
500 2984 721 3060 φανεροὶ
763 2983 1026 3059 γίνονται,
1077 2984 1131 3040 ἐν
1179 2988 1260 3056 τῷ
1308 2989 1480 3040 πᾶσαν
1542 2983 1727 3057 θλίψιν
1783 2982 1940 3056 ἐπερο

287 3071 536 3151 χομὲνην
576 3070 638 3125 ού
667 3072 928 3148 γενναίως
965 3072 1152 3144 μόνον,
1183 3070 1333 3127 ἀλλά
1385 3069 1475 3126 καὶ
1521 3071 1824 3144 προθύμως
1855 3068 1944 3126 8ιά

284 3163 386 3231 τὴν
427 3159 502 3222 εἷς
548 3161 712 3216 αὐτὸν
757 3160 938 3238 φέρειν
969 3158 1192 3217 ἐλπίδα.

364 3431 471 3486 ΙΗ’.
505 3430 626 3504 Χρή
660 3427 923 3503 πρότερον
956 3429 1047 3484 τὸν
1092 3432 1172 3501 τῷ
1210 3431 1436 3504 Χριστῷ
1465 3429 1942 3502 προσεληλυθότα,

285 3519 377 3574 καὶ
438 3518 575 3592 πρὸς
634 3517 752 3592 βίαν
794 3517 931 3592 πρὸς
986 3518 1050 3572 τὸ
1103 3519 1303 3592 ἀγαθὸν
1354 3515 1533 3573 ἕλκειν
1591 3520 1800 3590 ἑαυτὸν,
1844 3519 1942 3574 ούκ

287 3605 585 3677 ἐθελούσης
630 3609 792 3679 ἡμῶν
843 3613 941 3676 τῆς
999 3605 1226 3680 καρδίας
1258 3625 1272 3639 ⁸
1325 3607 1569 3677 Βιάζεται
1618 3610 1744 3683 γὰρ,
1777 3609 1940 3685 φησὶν

288 3697 318 3751 ὁ
388 3692 633 3769 ἀψευδὴς
705 3697 923 3770 Κύριος,
975 3698 1011 3766 ἡ
1070 3696 1318 3772 βασιλεία
1364 3702 1469 3752 τῶν
1531 3697 1802 3772 οὐρανῶν,
1851 3698 1942 3753 καὶ

291 3786 510 3860 βιασταὶ
586 3786 922 3861 ἁρπάζουσιν
1017 3785 1182 3856 αὐτήν
1251 3804 1264 3820 ·
1347 3785 1699 3860 ἀγωνίζεσθαι
1775 3786 1940 3843 πάλιν

290 3873 451 3930 αὐτὸν
517 3873 775 3930 εἰσελθεῖν
816 3876 903 3930 νιά
955 3881 1056 3945 τῆς
1094 3882 1282 3945 στενῆς
1327 3875 1514 3950 θύρας.
1561 3876 1680 3952 Χρή
1739 3877 1943 3944 τοίνυν,

290 3965 369 4027 ὡς
430 3962 666 4038 εἴρηται,
715 3965 803 4020 καὶ
855 3966 990 4020 κατὰ
1041 3967 1104 4021 τὸ
1159 3960 1472 4036 ἀϐούλητον
1527 3963 1751 4027 ὶαυτοὺς
1809 3966 1944 4040 πρὸς

290 4055 394 4122 τήν
426 4053 622 4128 ἀρετὴν
665 4056 944 4119 συνωθεῖν,
986 4055 1122 4129 πρὸς
1149 4055 1366 4132 ἀγάπην
1411 4056 1487 4129 μὴ
1537 4051 1787 4130 ἔχοντας,
1822 4057 1947 4130 ἂγά-

291 4164 430 4214 πην,
471 4143 606 4217 πρὸς
639 4143 920 4217 πραότητα
967 4143 1170 4214 ταύτης
1217 4143 1376 4205 ὄντας
1431 4142 1482 4199 ἐν
1539 4145 1758 4218 ἀπορίᾳ,
1810 4146 1947 4220 πρὸς

291 4232 355 4286 τὸ
424 4233 700 4304 συμπαθὲς
767 4233 856 4287 καὶ
915 4232 1301 4312 φιλάνθρωπόν
1357 4234 1457 4304 τήν
1514 4231 1735 4305 καρδίαν
1773 4230 1942 4310 ἔχειν,

293 4323 433 4395 πρὸς
488 4323 552 4376 τὸ
610 4323 896 4398 ἀνέχεσθαι
955 4323 1176 4396 ἀτιμίας
1258 4323 1349 4378 καὶ
1423 4324 1798 4399 παροράσεως,
1854 4325 1942 4380 καὶ

290 4414 413 4471 τοῖς
455 4409 894 4485 ἐξουθενημένοις
930 4409 1270 4488 ἐγκαρτερεῖν
1305 4434 1318 4448 ·
1352 4412 1504 4468 οὕπω
1533 4416 1732 4483 ταύτην
1773 4412 1947 4493 ἐσχη-

293 4500 459 4560 κότας
489 4501 588 4568 τὴν
616 4497 722 4570 ἓξιν
773 4501 909 4576 πρὸς
956 4501 1146 4576 εὐχήν,
1193 4504 1362 4574 μήπω
1424 4503 1736 4576 Ιινεύματος
1772 4503 1942 4578 εὐχὴν

2053 1915 2425 1980 ρτωοθριυιη,
2461 1915 2521 1964 ut
2557 1909 2834 1966 tollamus
2883 1927 3110 1966 crucem
3159 1914 3418 1964 nostram
3451 1912 3510 1963 et
3541 1923 3751 1979 sequa-

2052 2013 2184 2053 mur
2210 1997 2444 2070 ipsum;
2488 2002 2642 2070 quod
2688 2001 2996 2072 significat,
3051 2003 3282 2070 paratos
3333 2013 3440 2053 nos
3488 2012 3617 2052 esse
3647 1997 3752 2052 de-

2051 2089 2184 2144 bere
2240 2089 2311 2143 ad
2373 2090 2754 2146 moriendum.
2815 2091 2873 2144 Si
2941 2089 3024 2144 sic
3082 2087 3274 2144 affecti
3333 2085 3750 2157 preparatique

2051 2178 2246 2234 animo
2291 2179 2594 2246 fuerimus,
2645 2195 2900 2247 omnem,
2943 2188 3004 2236 ut
3051 2180 3274 2235 dictum
3325 2185 3437 2246 est,
3485 2177 3756 2233 atllictio-

2052 2284 2186 2324 nem
2237 2268 2528 2325 internam
2577 2275 2633 2324 et
2679 2277 3058 2341 apparentem
3092 2269 3368 2324 facilitate
3400 2269 3756 2338 perferemus

2052 2373 2284 2427 magna.
2318 2357 2461 2414 Mori
2491 2359 2647 2413 enim
2680 2363 2883 2430 utique
2916 2374 3017 2430 pro
3058 2358 3282 2414 Christo
3327 2359 3589 2430 cupiens,
3624 2372 3750 2427 quas

2053 2449 2286 2503 tandem
2319 2464 2468 2521 aegre
2498 2449 2644 2505 ferre
2681 2451 2924 2505 adversa
2960 2449 3048 2506 vel
3095 2449 3342 2506 molesta
3393 2445 3650 2520 poterit?
3679 2447 3752 2504 ob

2055 2533 2161 2590 hoc
2199 2535 2393 2606 ipsum
2443 2537 2600 2592 enim
2643 2553 2848 2608 graves
2894 2553 3022 2594 esse
3062 2545 3338 2610 putamus
3387 2537 3751 2602 afﬂictiones,

2054 2625 2194 2697 quia
2221 2625 2392 2681 nobis
2427 2642 2542 2684 non
2591 2627 2777 2698 placet
2818 2644 2921 2700 pro
2968 2629 3196 2684 Christo
3250 2628 3418 2694 mori,
3469 2641 3574 2682 nec
3623 2640 3758 2693 spes

2053 2730 2120 2770 ac
2179 2716 2434 2770 rationes
2478 2721 2708 2771 nostras
2765 2733 2834 2772 ex
2888 2732 2954 2772 eo
3005 2717 3216 2773 ducere
3263 2731 3598 2786 suspensas.
3648 2713 3760 2779 Qui

2052 2819 2186 2858 vero
2216 2803 2512 2859 Christum
2559 2807 2874 2876 possidere,
2923 2811 2979 2861 et
3007 2814 3123 2862 tam
3167 2806 3421 2875 Opimam
3455 2803 3759 2860 heredita-

2054 2897 2170 2949 tem
2211 2895 2504 2950 desiderat
2533 2911 2790 2964 cernere,
2830 2897 2961 2965 ejus
3009 2913 3238 2968 quoque
3283 2895 3496 2951 imitari
3531 2895 3756 2967 passio-

2054 2998 2156 3038 nes
2214 2984 2488 3040 similiter
2561 2986 2954 3056 concupiscat.
3029 2989 3213 3052 Quare
3281 2985 3380 3058 qui
3438 3002 3501 3042 se
3557 2986 3760 3040 dicunt

2056 3087 2250 3126 amare
2293 3071 2629 3142 Dominum,
2671 3073 2728 3129 in
2774 3091 2841 3130 eo
2890 3075 3396 3140 demonstrabunt,
3430 3090 3502 3129 an
3533 3090 3664 3129 vere
3699 3074 3755 3128 id

2054 3163 2372 3228 afﬁrmant,
2404 3163 2455 3218 si
2485 3180 2720 3220 omnem
2764 3165 2908 3235 ipsis
2955 3165 3462 3237 supervenientem
3493 3163 3761 3219 afﬂictio-

1972 3225 2014 3291 δ
2056 3267 2188 3308 nem
2249 3225 2368 3307 non
2423 3268 2702 3324 generose
2759 3225 2953 3320 modo,
3011 3225 3110 3310 sed
3164 3253 3412 3309 libenter
3468 3251 3646 3308 etiam
3703 3254 3760 3306 et

2055 3348 2342 3409 amanter,
2375 3345 2448 3398 ob
2479 3359 2639 3415 spem
2673 3345 2730 3398 in
2763 3344 2890 3416 ipso
2922 3346 3192 3416 positam,
3227 3343 3540 3416 perferant.

2123 3431 2320 3488 XVIII.
2366 3433 2534 3503 Eum,
2595 3433 2696 3504 qui
2749 3434 2819 3489 ad
2869 3433 3168 3489 Christum
3216 3433 3475 3499 accessit,
3532 3435 3757 3501 Oportet

2049 3528 2184 3576 ante
2214 3525 2496 3591 omniam,
2545 3524 2717 3580 etiam
2753 3539 2853 3595 per
2899 3523 3018 3578 vim
3065 3523 3137 3578 ad
3192 3523 3408 3578 bonum
3441 3522 3668 3576 trahere
3699 3536 3758 3576 se

2052 3609 2267 3682 ipsum,
2309 3615 2572 3682 quamvis
2623 3614 2943 3669 reluctante
2988 3618 3187 3669 nostro
3225 3613 3417 3668 corde.
3462 3611 3578 3666 Vim
3605 3613 3755 3666 enim

2051 3705 2264 3772 patitur
2293 3703 2442 3761 215
2485 3704 2594 3774 (ait
2625 3703 2858 3758 mentiri
2906 3703 3140 3760 nescius
3187 3702 3495 3774 Dominus)
3525 3717 3755 3768 regnum

2053 3793 2334 3859 calorum,
2383 3797 2434 3848 et
2479 3793 2710 3848 violenti
2750 3796 2982 3864 rapiunt
3030 3793 3185 3849 illud
3231 3791 3298 3848 ⁵⁸.
3330 3795 3488 3861 Opus
3517 3805 3754 3862 quoque

2054 3888 2146 3936 est
2174 3881 2442 3936 eumdem
2483 3883 2832 3938 contendere
2879 3883 3095 3938 intrare
3141 3899 3243 3954 per
3272 3886 3580 3954 angustam
3622 3897 3758 3951 por-

2055 3975 2195 4026 tam.
2229 3970 2467 4042 Oportet
2506 3973 2698 4042 igitur,
2750 3978 2814 4027 ut
2855 3972 3076 4027 dictum
3127 3981 3234 4039 est,
3285 3971 3444 4042 ipsos
3475 3972 3561 4028 vel
3610 3970 3755 4026 invi-

2057 4069 2143 4118 tos
2197 4062 2427 4133 adigere
2483 4078 2547 4116 se
2603 4061 2678 4116 ad
2733 4062 3042 4130 virtutem;
3102 4063 3169 4118 ad
3230 4061 3593 4123 charitatem,
3651 4059 3754 4132 qui

2057 4150 2338 4207 cbaritate
2382 4156 2619 4220 carent;
2669 4152 2738 4206 ad
2788 4151 3312 4217 mansuetudinem,
3363 4152 3461 4222 qui
3510 4151 3617 4205 hac
3666 4149 3759 4205 in-

2058 4240 2293 4312 digent;
2342 4242 2412 4296 ad
2465 4241 2798 4298 habendum
2861 4258 2962 4299 cor
3010 4242 3334 4297 humanum
3395 4245 3452 4296 et
3507 4238 3760 4295 miseriis

2056 4331 2265 4386 alienis
2320 4332 2704 4402 compatiens,
2783 4333 2923 4404 quin
3001 4331 3174 4388 etiam
3242 4333 3313 4387 ad
3387 4329 3756 4387 sustinendae

2055 4437 2217 4488 (suin
2266 4422 2460 4476 animo
2515 4421 2870 4493 ignominias
2919 4427 2975 4478 et
3023 4423 3352 4493 despectus,
3399 4423 3456 4475 et
3501 4419 3560 4474 in
3620 4432 3758 4489 pace

2057 4511 2392 4566 durandum
2436 4513 2612 4567 etiam
2653 4529 2786 4570 cum
2834 4513 3230 4586 vilipenditur.
3262 4514 3418 4577 Quos
3466 4509 3550 4565 sic
3593 4507 3756 4563 labo-

300 4589 692 4664 κεκτημένους.
729 4596 820 4649 Ἀν
851 4593 1027 4656 οὕτως
1054 4594 1491 4670 ἀγωνιζομένους
1518 4596 1546 4650 ὁ
1579 4596 1708 4658 Θεὸς
1739 4593 1943 4670 ἴδῃ,καῖ

2061 4601 2211 4654 riose
2287 4607 2575 4658 certantes
2635 4607 2784 4660 Deus
2839 4605 3067 4673 viderit,
3137 4603 3636 4673 subjugantesque
3696 4604 3757 4652 ut

292 4679 604 4754 ἀναγκαίως
635 4681 881 4746 ἑαυτοὺς,
921 4683 1394 4757 ἀντιπραττούσης
1427 4683 1608 4760 ὥσπερ
1658 4687 1818 4755 ἡμῶν
1846 4692 1948 4756 τῆς

293 4767 546 4842 καρδίας,
565 4770 700 4843 πρὸς
721 4770 784 4826 τὸ
815 4771 1017 4847 ἀγαθὸν
1044 4768 1324 4838 ἵλκοντας,
1358 4770 1580 4829 δίδωσιν
1610 4774 1779 4850 εύχήν
1812 4772 1948 4845 ἀλη-

294 4859 480 4928 θινήν,
511 4855 701 4914 δίδωσι
735 4859 1025 4935 σπλάγχνα
1055 4861 1374 4935 οἰκτιρμῶν,
1419 4863 1720 4935 ὑπομονὴν,
1749 4884 1948 4939 μακρο-

294 4947 516 5020 θυμίαν,
573 4949 659 5002 καὶ
720 4947 1055 5022 ἁπαξαπλῶς
1101 4949 1314 5022 πληροῖ
1366 4956 1579 5008 πάντων
1627 4955 1776 5028 ἡμᾶς
1837 4958 1945 5009 τῶν

293 5041 520 5111 καρπῶν
560 5041 659 5091 τοῦ
695 5039 1028 5111 Πνεύματος.
1055 5039 1116 5096 E't
1147 5037 1205 5096 δέ
1225 5061 1307 5102 τις
1338 5043 1428 5096 καὶ
1459 5045 1566 5097 τῶν
1599 5040 1788 5099 ἄλλων
1825 5045 1950 5120 ἀρε-

291 5131 404 5182 τῶν
431 5124 652 5194 amasse
685 5127 778 5198 ὥν,
809 5130 946 5202 πρὸς
980 5129 1075 5200 μὶν
1118 5128 1288 5205 εὐχὴν
1324 5131 1494 5204 μόνην
1547 5131 1592 5188 εἰ
1648 5134 1813 5209 τύχοι
1857 5137 1948 5192 καὶ

293 5210 693 5286 παραϐιάζοιτο
724 5217 935 5287 ἑαυτὸν,
967 5215 1107 5274 ὥστε
1138 5225 1290 5294 σχεῖν
1321 5219 1492 5300 εὐχῆς
1524 5221 1952 5298 χάρισμα,πρὸς

300 5301 358 5358 δὲ
392 5323 454 5377 γε
509 5303 814 5375 πραότητα,
871 5306 1012 5380 πρὸς
1040 5308 1539 5387 ταπεινοφροσύνην
1589 5330 1646 5364 τε
1695 5310 1785 5364 καὶ
1819 5310 1949 5384 ἀγά-

299 5413 434 5463 πην,
491 5391 582 5447 καὶ
641 5398 747 5448 πᾶν
802 5395 864 5450 τὸ
921 5396 1127 5471 εὐγενὲς
1177 5395 1350 5474 φῦλον
1395 5402 1504 5452 τῶν
1563 5399 1790 5474 ἀρετῶν.
1822 5402 1944 5458 Ἔτι

300 5479 393 5534 καὶ
423 5480 560 5553 πρὸς
579 5478 642 5534 τὸ
685 5474 902 5556 βέϐαιον
935 5481 1067 5537 εἶναι
1107 5484 1208 5554 τὴν
1247 5483 1423 5539 πίστιν
1473 5484 1562 5540 καὶ
1609 5486 1709 5555 τὴν
1754 5485 1943 5543 πεποί-

318 5657 368 5695 ⁶⁶
405 5656 611 5720 Matth.
641 5677 722 5732 ιι,
753 5661 842 5721 t2.

2063 4689 2250 4746 multa
2280 4691 2656 4750 rebellantem
2707 4692 2986 4748 inutiliter
3019 4698 3310 4758 naturam,
3343 4694 3398 4745 et
3429 4691 3759 4756 frangentes

2058 4783 2492 4839 contumaciam
2546 4784 2736 4840 cordis
2791 4783 2939 4838 trahi
3000 4783 3068 4836 ad
3127 4783 3344 4837 bonum
3406 4778 3758 4847 recusantis,

2056 4888 2156 4928 eos
2203 4872 2308 4927 etsi
2362 4875 2620 4929 nondum
2654 4872 2902 4929 orationi
2952 4870 3355 4934 assueverint;
3410 4872 3466 4922 et
3497 4866 3758 4922 nondum

2059 4963 2332 5033 precandi
2384 4964 2604 5018 donum
2649 4955 2921 5035 Spiritus"
2951 4960 3141 5031 adepti
3193 4959 3444 5024 fuerint;
3494 4957 3608 5013 illis
3657 4957 3758 5012 dat

2059 5053 2378 5106 orationem
2410 5068 2626 5118 veram,
2660 5053 2758 5108 dat
2804 5052 3026 5108 viscera
3065 5049 3498 5108 misericordiae.
3533 5046 3760 5118 patien-

2060 5138 2224 5205 tiam,
2267 5139 2788 5213 longanimitatem,
2839 5146 2912 5209 et,
2966 5145 3029 5196 ut
3081 5139 3260 5196 semel
3317 5139 3527 5204 dicam,
3582 5135 3764 5204 replet

2062 5243 2168 5284 nos
2198 5232 2472 5287 omnibus
2523 5232 2807 5288 fructibus
2857 5231 3128 5302 Spiritus.
3184 5229 3244 5286 Si
3295 5244 3424 5285 vero
3455 5226 3588 5298 quis
3615 5225 3758 5281 alia-

2061 5331 2189 5371 rum
2232 5319 2465 5388 quidem
2496 5335 2674 5392 egens
2705 5321 2984 5376 virtutum
3035 5319 3145 5388 sit;
3195 5319 3268 5374 ad
3317 5317 3639 5374 orationem
3672 5319 3759 5370 ta-

2061 5420 2194 5461 men
2227 5406 2413 5464 solam
2445 5410 2639 5483 ipsum
2671 5411 2990 5482 contingat,
3034 5409 3087 5464 vi
3136 5409 3305 5466 etiam
3339 5407 3451 5464 sibi
3484 5407 3635 5466 facta
3664 5405 3755 5462 in-

2061 5495 2371 5567 cumbere;
2401 5498 2483 5555 ita
2513 5505 2576 5556 ut
2605 5500 2825 5558 donum
2863 5497 3142 5557 orationis
3189 5497 3426 5570 aliquod
3457 5500 3762 5558 “secutus
