4100 6204
379 344 496 404 951
1725 325 1790 383 S.
1839 320 2169 382 MACARII
2209 323 2549 384 IEGYPTII
3727 328 3854 391 952

379 479 499 545 sit;
535 475 601 533 ad
634 471 953 547 parandam
998 469 1193 522 autem
1245 459 1786 519 mansuetudinem,
1848 455 1998 511 humi

2240 476 2363 524 ησιν
2413 456 2487 516 εἰς
2526 457 2618 512 τὸν
2679 458 2929 532 Χριστὸν,
2984 458 3279 536 ὀλιγώρως
3334 458 3451 535 ἔχει
3509 462 3600 515 καὶ
3662 460 3854 534 ἀμερί-

379 542 580 631 tatem,
615 542 984 623 ebaritatem,
1016 559 1072 609 et
1125 557 1302 607 totam
1356 550 1643 604 illustrem
1696 546 1855 601 illam
1916 545 1998 597 {an

2233 566 2345 606 ,νως
2378 551 2505 621 ’.τῷ
2534 546 2767 619 τοιούτῳ
2816 545 2987 602 ἒνιοτε
3034 549 3127 620 μὲν
3180 549 3318 623 εὐχὴ
3361 546 3571 605 δίδοται
3624 552 3852 625 χάριτος

379 655 515 709 liam
549 654 823 708 virtutum
852 666 866 711 ;
912 650 1305 716 prastereaque
1335 639 1408 695 ad
1440 640 1668 693 firmam
1709 635 1998 690 obtinenda

2231 636 2487 708 κμὲρους
2538 635 2590 690 ἐν
2649 638 2950 712 εὐφροσύνῃ
3011 637 3100 691 καὶ
3160 639 3469 709 ἀναπαύσει,
3540 640 3662 694 κατ’
3712 637 3850 695 ὲκεί-

378 744 550 797 ﬁdem
602 737 1001 805 ﬁduciamque
1052 732 1108 785 in
1168 730 1487 793 Christum,
1550 724 1835 779 remissus
1893 723 1967 778 sit

2231 744 2288 776 ου
2340 726 2564 794 ζήτησιν
2617 726 2762 799 παρά
2816 731 2911 781 τοῦ
2968 728 3173 801 ἀγαθοῦ
3230 728 3538 800 Πνεύματος
3576 750 3589 764 ·
3643 724 3850 803 ἔρημος

380 833 721 905 negligens;
773 826 876 881 tali
924 822 1239 893 aliquando
1290 821 1462 873 datur
1508 815 1690 870 oratio
1739 814 1837 868 illa
1887 819 1999 885 grai

2235 817 2384 867 ἑτῶν
2416 812 2601 870 ἄλλων
2645 816 2855 870 πάντων
2890 816 3038 890 μένει
3088 817 3294 885 καλῶν,
3326 823 3405 889 τῷ
3454 821 3531 891 μή
3584 820 3721 894 πρὸς
3751 820 3854 887 τὴν

380 901 661 993 exvparte
710 918 766 971 in
819 912 1033 985 gaudio
1077 918 1132 965 et
1164 908 1375 980 quiete,
1422 908 1589 974 juxta
1644 904 1799 957 illius
1853 903 1999 957 desii

2234 904 2412 957 ιείνων
2456 912 2643 973 κτῆσιν
2695 902 3093 961 ἀποϐιάσασθαι
3143 908 3349 977 ἑαυτὸν,
3383 907 3563 984 ὥσπερ
3611 906 3853 993 εἴρηται,

380 991 531 1067 rium
565 1027 596 1064 a
628 1010 777 1061 bono
811 1004 1070 1073 Spiritu;
1120 999 1215 1053 sed
1259 996 1509 1051 aliorum
1543 995 1693 1047 idem
1729 1008 1931 1062 expers
1964 1008 1999 1045 ι]

2235 991 2338 1062 ,ηδε
2370 994 2626 1065 δεηθῆναι
2657 996 2915 1068 Χριστόν,
2960 998 3081 1070 Χρὴ
3116 997 3218 1071 γὰρ
3263 999 3339 1069 μὴ
3390 999 3527 1073 πρὸς
3584 1000 3651 1053 τὰ
3701 991 3854 1067 εἶρηέ

381 1106 479 1156 uet
526 1098 784 1154 omnium
834 1094 1153 1155 bonorum;
1199 1103 1263 1141 eo
1310 1085 1463 1156 quod
1514 1086 1582 1137 ad
1624 1098 1823 1137 eorum
1858 1098 2000 1152 quoq

2244 1084 2332 1138 ἐνα
2379 1087 2543 1157 μόνον
2593 1087 2777 1141 ἑαυτὸν
2829 1088 2919 1142 καὶ
2979 1086 3175 1142 ἄκοντα
3236 1091 3511 1161 συνωθεῖν,
3572 1092 3659 1144 καὶ
3709 1088 3860 1163 παρά

380 1188 830 1260 acquisitionem
888 1180 1003 1233 vim
1068 1176 1177 1231 sibi
1237 1192 1349 1230 non
1408 1174 1635 1238 inferat,
1695 1172 1913 1225 dictum
1975 1187 1999 1225 e

2241 1179 2330 1229 εοῦ
2386 1174 2552 1230 αίτεῖν
2606 1179 2702 1231 τοῦ
2762 1174 2972 1249 λαϐεῖν,
3033 1178 3177 1234 ἀλλά
3236 1180 3327 1233 καὶ
3384 1181 3521 1255 πρὸς
3581 1182 3643 1235 τὸ
3673 1180 3740 1234 τά
3774 1182 3855 1251 μὴ

381 1258 539 1330 neca
571 1273 798 1329 Christo
840 1286 903 1324 ea
955 1264 1224 1338 postulet.
1278 1265 1510 1333 Oportet
1556 1261 1711 1315 enim
1746 1276 1859 1315 non
1892 1258 2000 1314 solt

2242 1266 2451 1336 ρήσιμα
2480 1270 2583 1319 τῶν
2617 1266 2870 1341 ῥημάτων
2903 1270 2991 1323 καὶ
3038 1268 3182 1331 ὅλως
3215 1269 3374 1344 ἀργὰ,
3410 1267 3551 1343 μηδὲ
3598 1268 3859 1343 γλώττης

380 1367 451 1419 ad
500 1364 770 1435 prmdicta
822 1372 1024 1429 urgere
1068 1371 1129 1410 se
1178 1354 1365 1421 ipsum
1414 1349 1590 1404 etiam
1644 1348 1934 1417 invitum;
1968 1364 1997 1402 e

2239 1354 2315 1423 Ξια
2346 1354 2540 1427 κρίνειν
2575 1375 2585 1387 ·
2620 1353 2942 1428 διαμελετᾷν
2978 1354 3033 1413 δὲ
3063 1358 3143 1412 ἀεὶ
3172 1359 3260 1412 καὶ
3312 1358 3541 1431 στόματι
3588 1360 3678 1413 καὶ
3718 1379 3858 1432 καρ-

381 1456 493 1509 Dco
543 1454 741 1508 eadem
782 1465 846 1503 eo
894 1461 1101 1517 usque,
1153 1443 1342 1514 quoad
1399 1455 1802 1510 assequamur,
1850 1442 2000 1509 petet

2239 1444 2286 1511 ἱᾳ
2317 1442 2381 1497 τά
2411 1442 2506 1497 τοῦ
2538 1449 2670 1500 Θεοῦ
2712 1444 2874 1519 λόγια
2907 1466 2918 1478 ’
2963 1445 3039 1501 ἔτι
3079 1447 3213 1521 πρὸς
3272 1449 3332 1502 τὸ
3394 1450 3470 1520 μὴ
3545 1449 3858 1521 θυμοῦσθαι

380 1546 483 1601 sed
542 1547 597 1598 et
654 1539 969 1610 dijudicare
1029 1552 1145 1589 non
1213 1532 1380 1587 utilia
1437 1534 1537 1585 aut
1608 1543 1842 1599 prorsus
1901 1527 1999 1581 otit

2233 1530 2339 1595 ,ηδὶ
2393 1538 2605 1608 κραυγῇ
2664 1538 2962 1610 χρῆσθαι·
3035 1542 3184 1593 Πᾶσα
3249 1538 3375 1611 γὰρ,
3439 1538 3601 1611 φησί,
3658 1536 3852 1610 πικρία

379 1634 596 1699 verba;
630 1630 899 1687 meditari
931 1629 1122 1681 autem
1176 1638 1403 1694 semper
1434 1637 1531 1676 ore
1562 1624 1617 1676 et
1666 1620 1838 1675 corde
1888 1618 1998 1673 divi

2234 1622 2283 1676 αἱ
2343 1621 2481 1697 ὀργὴ
2542 1623 2630 1677 καὶ
2688 1627 2893 1699 κραυγή
2956 1625 3178 1698 ἀρθήτω
3235 1627 3326 1704 ἀφ’
3367 1627 3543 1699 ὑμῶν.
3598 1628 3744 1701 Πρὸς
3787 1628 3853 1681 τὸ

381 1723 652 1791 oracula;
706 1736 811 1775 nec
864 1734 1031 1790 porro
1092 1716 1287 1783 irasci,
1333 1717 1390 1768 et
1442 1711 1691 1766 clamore
1741 1710 1844 1764 uti.
1898 1709 1992 1764 0m

2233 1714 2273 1780 ,ἡ
2334 1712 2661 1768 καταλαλεῖν
2715 1736 2879 1784 τινος,
2943 1718 3017 1788 μὴ
3077 1718 3301 1788 κρίνειν,
3365 1718 3439 1790 μὴ
3499 1718 3852 1795 φυσιοῦσθαι,

378 1818 546 1879 enim,
601 1813 703 1879 ait,
762 1807 1071 1865 amaritudo
1123 1814 1173 1861 et
1219 1807 1326 1868 ira,
1378 1808 1429 1857 et
1492 1803 1705 1857 clamor
1759 1800 1993 1854 tollatur

2233 1804 2264 1856 θ’
2297 1802 2469 1866 οὕτως
2498 1802 2625 1859 ἰδὼν
2661 1806 2688 1861 ό
2726 1807 2927 1885 Κύιριος
2977 1807 3190 1875 ἑαυτὸν,
3224 1807 3297 1870 ὡς
3340 1806 3573 1881 εἴρηται,
3610 1808 3852 1885 ἄρχοντα

383 1906 532 1961 vobis
579 1904 643 1955 ³⁷.
695 1900 973 1955 Similiter
1029 1896 1167 1951 vitet
1218 1906 1586 1948 murmurare
1636 1892 1705 1944 de
1765 1904 1997 1959 quoqua

2233 1893 2282 1948 αὶ
2318 1896 2451 1968 πρὸς
2491 1895 2607 1970 βίαν
2654 1896 3006 1967 συνέλκοντα,
3038 1900 3296 1977 παράσχῃ
3338 1900 3553 1962 πάντως
3595 1901 3659 1955 τὸ
3713 1900 3852 1954 ἀπο-

376 1996 510 2051 vitet
556 1993 814 2065 judicare
858 1995 1098 2052 temere,
1148 1987 1285 2039 vitet
1329 1982 1521 2037 inﬂari
1566 1978 1937 2049 despicienda
1988 1995 1995 2032 ι

2231 1984 2315 2051 ητὶ
2356 1984 2445 2037 καὶ
2500 1982 2703 2057 ῥᾳδίως
2734 1993 2911 2041 ποιεῖν
2952 1986 2984 2040 ἃ
3027 1989 3293 2061 πρότερον
3342 1986 3464 2043 οὐδὲ
3525 1989 3661 2062 μετά
3703 1988 3850 2063 βίας,

378 2086 553 2157 perbe
601 2082 766 2138 alios.
817 2078 910 2134 Sic
967 2077 1119 2132 enim
1178 2090 1237 2129 se
1294 2088 1501 2144 gerens
1560 2074 1973 2140 consequetur,

2234 2073 2283 2126 ιά
2330 2074 2429 2140 τὴν
2487 2073 2733 2129 σύνοικον
2787 2076 3071 2148 πονηρίαν,
3104 2075 3338 2151 ἐνεργεῖν
3373 2076 3491 2146 ἐνῆν
3528 2094 3543 2108 ⁸
3586 2079 3677 2131 καὶ
3725 2080 3853 2134 τότε

379 2174 661 2229 Dominus
721 2172 912 2239 ipsum
970 2166 1083 2221 sibi
1135 2164 1343 2220 acriter
1395 2163 1776 2232 imperantem
1821 2174 1998 2213 cernet

2236 2162 2401 2216 ίνεται
2434 2162 2581 2234 αὐτῷ
2629 2166 2802 2219 πάντα
2844 2170 3011 2220 ταῦτα
3057 2168 3123 2220 τα
3170 2174 3269 2235 τῆς
3322 2166 3516 2241 ἀρετῆς
3556 2166 3852 2237 ἐπιτηδεύ-

378 2280 443 2319 ac
476 2262 804 2317 trahentem
837 2275 900 2313 se
934 2258 1005 2312 ad
1038 2258 1253 2311 bonum
1308 2252 1486 2308 multo
1518 2252 1672 2315 nisu,
1723 2250 1893 2321 vique
1925 2250 1991 2302 ad

2230 2267 2342 2300 ματα
2374 2246 2553 2320 ὥσπερ
2588 2249 2743 2323 φύσις
2778 2267 2791 2280 ⁸
2854 2249 2971 2305 ἐπεὶ
3030 2251 3118 2305 καὶ
3174 2251 3235 2305 τὸ
3297 2250 3490 2306 λοιπὸν
3551 2254 3579 2305 ὁ
3647 2254 3849 2327 Κύριος

378 2356 516 2419 bita,
568 2353 795 2406 tribuat
840 2348 921 2403 illi
965 2348 1203 2401 omnino
1243 2345 1487 2415 gratiam
1537 2340 1700 2395 facile
1747 2356 1813 2394 ac
1853 2339 1976 2393 sine

2232 2336 2329 2389 ατά
2372 2338 2469 2404 την
2514 2336 2833 2411 ἐπαγγελίαν
2895 2337 3065 2394 ἐλθὼν
3107 2342 3196 2394 καὶ
3238 2342 3529 2416 γενόμενος
3570 2341 3622 2395 ἐν
3674 2342 3849 2413 αὐτῷ,

378 2444 517 2499 bore
575 2440 809 2513 agendi,
867 2453 994 2508 quas
1053 2436 1215 2505 prius
1285 2434 1377 2487 vix
1431 2437 1639 2487 conatu
1718 2428 1947 2494 anhelo,

2228 2424 2359 2484 ora;
2392 2426 2600 2497 ὁμοίως
2633 2425 2683 2480 ἐν
2745 2432 2821 2499 τῷ
2868 2429 3067 2501 Κυρίῳ,
3122 2428 3280 2491 αὐτὸς
3340 2428 3389 2483 ἐν
3450 2427 3639 2503 ἐκείνῳ
3709 2432 3847 2505 μετά

378 2549 614 2588 summa
662 2533 1055 2593 contentione,
1116 2528 1351 2595 propter
1393 2522 1773 2577 reluctantem
1826 2519 1997 2572 innati

1837 2521 2085 2572 innatam
2196 2513 2418 2583 πολλῆς
2460 2516 2733 2578 εὐπετείας
2774 2518 2871 2579 τὰς
2902 2516 3124 2579 ἐντολὰς
3164 2517 3456 2593 ἐκπληροῖ.

374 2624 833 2692 corruptionem,
884 2620 1106 2687 poterat
1150 2613 1422 2684 exsequi;
1474 2618 1529 2666 et
1570 2623 1705 2664 tunc
1764 2608 2089 2663 redduntur
2136 2607 2244 2678 ipsi
2293 2614 2506 2664 cuncta
2546 2610 2663 2664 hinc
2708 2610 2900 2667 officia
2938 2612 3195 2677 virtutis,
3228 2615 3397 2684 quasi
3442 2630 3530 2681 ea,
3561 2632 3690 2687 quae
3728 2636 3843 2675 na-

379 2712 643 2767 turaliter
693 2716 983 2779 operatur,
1029 2704 1301 2775 quoniam
1347 2702 1419 2757 de
1458 2706 1660 2756 caetero
1701 2698 2006 2762 Dominus,
2043 2697 2213 2767 juxta
2254 2698 2719 2768 promissionem,
2765 2701 3067 2773 ingressus
3118 2704 3175 2756 in
3214 2703 3405 2774 ipsum
3456 2712 3566 2772 est,
3590 2712 3646 2762 et
3668 2707 3728 2763 in
3779 2726 3849 2766 eo

372 2802 614 2868 residet,
666 2800 749 2852 uti
796 2795 1052 2851 vicissim
1096 2799 1152 2847 et
1199 2793 1324 2863 ipse
1370 2790 1428 2845 in
1481 2790 1756 2855 Domino;
1810 2787 1964 2841 unde
1996 2787 2054 2841 in
2107 2788 2232 2858 ipso
2284 2786 2565 2843 Dominus
2615 2789 2819 2846 intime
2870 2791 3162 2856 habitans,
3213 2809 3317 2849 sua
3347 2795 3472 2867 ipse
3512 2795 3667 2853 intra
3691 2814 3831 2855 eum

371 2900 424 2949 el
456 2907 556 2962 per
583 2905 717 2945 eum
750 2886 1023 2941 mandata
1056 2885 1236 2939 multa
1269 2880 1536 2937 facilitate
1566 2879 1791 2949 implet.

445 2980 585 3037 XIX.
645 2978 751 3046 Qui
809 2978 877 3032 ad
927 2976 1242 3031 orationem
1290 2974 1575 3028 duntaxat
1613 2970 1665 3024 vi
1710 2985 1772 3025 se
1820 2967 2064 3022 adhibita

2261 2970 2357 3023 18'.
2394 2973 2449 3023 Ὀ
2481 2968 2556 3033 εἷς
2604 2970 2772 3046 εὐχὴν
2815 2967 3256 3046 ἀποϐιασάμενος
3306 2976 3517 3043 ἑαυτὸν,
3551 2976 3625 3037 ὡς
3667 2977 3695 3030 ὁ
3736 2976 3845 3031 λόο

375 3074 551 3142 cogit,
585 3069 669 3125 uti
712 3068 873 3140 prius
917 3064 1199 3137 exposui;
1250 3069 1525 3135 praeterea
1560 3076 1693 3114 vero
1740 3059 1808 3113 ad
1844 3059 1984 3111 hum

2227 3077 2283 3118 ος
2342 3059 2547 3135 φθάσας
2597 3057 2863 3131 ἐδήλωσε,
2897 3064 3033 3137 πρὸς
3062 3067 3229 3117 ταῦτα
3283 3060 3341 3119 δὲ
3395 3065 3531 3139 πρὸς
3590 3086 3840 3121 ταπεινο-

373 3166 569 3228 tatem,
602 3161 671 3216 ad
706 3158 1066 3217 oharitatem.
1112 3156 1178 3209 ad
1227 3151 1758 3210 mansuetudinem,
1804 3149 1983 3203 aliaru

2223 3148 2487 3222 προσύνην,
2547 3151 2680 3224 πρὸς
2739 3151 2977 3228 ἀγάπην,
3038 3155 3172 3229 πρὸς
3230 3153 3513 3227 πραότητα
3588 3155 3677 3209 καὶ
3748 3158 3842 3211 τὸν

372 3268 485 3321 que
515 3251 795 3304 virtutum
843 3248 1107 3301 ordinem
1154 3244 1213 3297 in
1260 3260 1321 3297 se
1370 3243 1779 3295 accersendum
1815 3246 1989 3292 non‘e

2226 3239 2296 3291 ὧν
2333 3238 2519 3293 ἀλλων
2577 3240 2779 3312 ἀρετῶν
2834 3243 3069 3316 ὀρμαθὸν
3131 3245 3207 3315 μὴ
3243 3243 3481 3298 ἐκπονῶν
3515 3246 3701 3300 ἑαυτὸν
3735 3267 3845 3317 μη-

374 3296 563 3409 borat,
598 3355 703 3393 nec
756 3353 817 3391 se
864 3336 921 3389 in
967 3336 1023 3388 id
1075 3332 1349 3387 violentia
1397 3331 1613 3399 adigit;
1648 3330 1717 3382 ad
1768 3330 1920 3381 hunc
1950 3332 1993 3381 tt

2614 3296 2621 3312 Ι
2868 3296 2914 3316 ΙΙ
3026 3296 3031 3297 ⁷
3131 3296 3207 3315 17⁵
3248 3296 3366 3298 7'",—
3415 3296 3443 3298 V'
3519 3296 3668 3300 vvri'v
3735 3296 3812 3317 r77.

2226 3327 2249 3381 ε
2289 3331 2631 3401 βιαζόμενος,
2667 3330 2902 3404 τοιούτῳ
2942 3334 3132 3406 πέρατι
3182 3333 3412 3405 κάταντᾷ
3453 3352 3467 3366 ⁸
3518 3334 3685 3389 ἐνίοτε
3733 3335 3840 3409 γὰρ

373 3428 677 3482 tummodo
732 3425 1023 3496 profectus
1098 3421 1410 3474 terminum
1468 3422 1653 3489 potest
1726 3416 1989 3486 pertinge

2224 3414 2333 3488 ὐτῴ
2392 3416 2635 3491 δεομένῳ
2693 3422 2782 3475 καὶ
2841 3421 2955 3476 θεία
3024 3423 3184 3497 χάρις
3245 3425 3537 3499 ἐπιφοιτᾷ·
3576 3424 3687 3480 ἐπεὶ
3740 3432 3838 3483 καὶ

373 3522 437 3569 ut
488 3516 778 3569 interdum
837 3514 887 3566 ei
950 3509 1202 3581 poscenti
1265 3508 1459 3562 divina
1515 3507 1697 3578 gratia
1756 3504 1992 3559 advenis

2221 3508 2386 3581 γαθὸς
2419 3508 2492 3563 ὢν
2547 3511 2573 3564 ὁ
2634 3512 2761 3571 Θεὸς
2810 3510 2982 3586 ὀρέγει
3022 3517 3138 3573 τοῖς
3185 3512 3397 3568 αἷτοῦσι
3446 3513 3839 3589 φιλανθρωπό-

375 3605 649 3676 quoniam
684 3619 786 3674 pro
826 3601 1031 3656 innata
1080 3599 1192 3654 sibi
1243 3598 1499 3653 bonitate
1548 3596 1695 3651 Deus
1744 3594 1994 3666 petentih

2220 3617 2339 3670 ερον
2393 3599 2458 3652 τὰ
2520 3598 2815 3671 αἰτήματα.
2875 3603 2964 3669 Μὴ
3009 3602 3287 3664 συνεθίσας
3334 3601 3391 3655 δὲ
3448 3602 3656 3670 ἑαυτὸν,
3694 3599 3839 3673 μηδὲ

373 3696 639 3749 amanter
666 3691 856 3747 innuit
886 3707 1013 3761 quas
1044 3690 1267 3743 volunt.
1319 3688 1462 3742 Cum
1509 3690 1703 3741 autem
1745 3687 1790 3739 is
1841 3701 1992 3739 non:

2218 3682 2406 3761 ντριϐῆ
2462 3688 2552 3742 καὶ
2607 3692 3051 3763 γεγυμνασμένον
3106 3692 3243 3761 πρὸς
3306 3690 3401 3751 τάς
3468 3690 3685 3765 ἀρετὰς,
3766 3690 3837 3752 ἃς

372 3784 679 3839 suefecerit
707 3782 988 3853 seipsum,
1022 3794 1127 3835 nec
1177 3795 1284 3833 usu
1318 3779 1518 3832 tritum
1552 3775 1918 3831 exercitando
1950 3791 1991 3827 ει

2217 3798 2411 3854 φημεν,
2477 3781 2835 3849 καταστήσας,
2895 3780 2929 3847 ἢ
2988 3778 3234 3835 ἐκπίπτει
3301 3787 3399 3849 τῆς
3460 3781 3688 3855 χάριτος
3765 3782 3836 3847 ἧς

371 3873 569 3930 fecerit
614 3873 676 3928 in
724 3872 971 3936 ceteris,
1020 3886 1168 3942 quas
1220 3867 1698 3934 memoravimus,
1739 3865 1990 3920 virtutibi

2218 3863 2367 3935 λαὸε,
2408 3868 2496 3921 καὶ
2550 3867 3042 3944 ὑψηλοφορονήσας
3091 3869 3297 3933 πίπτει,
3330 3870 3365 3938 ἦ
3398 3869 3449 3925 ἐν
3494 3869 3631 3943 αὐτῇ
3662 3868 3837 3943 ταύτῇ

372 3971 470 4021 aut
502 3965 709 4021 excidit
740 3964 927 4037 gratia
976 3978 1149 4033 quam
1201 3969 1495 4032 acceperat
1522 3976 1535 4027 ;
1591 3963 1647 4013 et
1678 3957 1863 4012 elatus
1896 3957 1952 4009 in
1982 3974 1991 4009 ι

2222 3956 2288 4010 ὐκ
2318 3953 2652 4025 ἐπιδίδωσιν,
2696 3956 2818 4013 οὐδὲ
2859 3956 3025 4028 αὔξει.
3070 3963 3157 4020 Ὡς
3204 3959 3303 4033 γὰρ
3360 3959 3539 4039 φάναι,
3593 3962 3654 4014 τὸ
3706 3980 3836 4013 κατ-

374 4057 633 4128 perbiam
684 4054 938 4109 labitur:
991 4056 1092 4108 aut
1135 4053 1192 4107 in
1239 4051 1360 4117 illo,
1411 4065 1582 4119 quem
1634 4047 1826 4118 attigit
1872 4062 1993 4116 grai

2224 4046 2502 4119 ικητήριόν
2561 4067 2618 4100 τε
2656 4048 2743 4101 καὶ
2816 4048 3113 4111 ἀνάπαυσις
3162 4052 3258 4104 τοῦ
3316 4050 3521 4124 ἀγαθοῦ
3584 4048 3840 4120 Πνεύμα-

375 4162 489 4201 non
524 4145 769 4215 proficit,
803 4158 907 4197 nec
941 4141 1168 4196 crescit.
1206 4140 1339 4193 Fere
1369 4140 1523 4193 enim
1558 4137 1721 4191 sedes
1752 4152 1817 4190 ac
1846 4151 1983 4204 requ

2226 4156 2302 4202 ος,
2334 4138 2367 4204 ἡ
2400 4137 2865 4210 ταπεινορροσύνη
2900 4138 3064 4207 ἐστὶν,
3105 4139 3139 4207 ἡ
3193 4138 3370 4212 ἀγάπη
3410 4160 3469 4193 τε
3514 4140 3605 4192 καὶ
3656 4139 3845 4212 πραό-

369 4239 455 4289 est
493 4234 628 4287 boni
660 4232 911 4302 Spiritus
944 4230 1267 4293 humilitas,
1310 4227 1677 4295 charitasque
1712 4242 1776 4279 ac
1810 4240 1988 4277 mansi

2221 4246 2305 4295 ης,
2338 4224 2425 4279 καὶ
2476 4222 2795 4287 ἀκολούθως
2839 4228 2894 4280 αἱ
2954 4228 3103 4299 ἅγιαι
3162 4231 3256 4282 τοῦ
3305 4229 3537 4301 Χριστοῦ
3595 4226 3840 4283 ἑντολαί.

373 4320 535 4386 tudo,
606 4328 659 4375 et
716 4336 842 4390 quas
891 4323 1215 4388 sequuntur
1264 4326 1467 4370 sancta
1514 4313 1725 4369 Christi
1778 4313 1989 4367 manda

2221 4320 2241 4367 )
2298 4314 2473 4367 τοίνυν
2511 4312 2852 4387 βουλόμενος
2905 4313 2993 4370 διὰ
3032 4322 3218 4371 πασῶν
3276 4316 3483 4372 τούτων
3538 4316 3615 4378 είς
3668 4314 3840 4388 αὔξη-

371 4410 477 4474 Qui
535 4425 668 4481 ergo
727 4408 973 4463 voluerit
1033 4409 1243 4463 harum
1310 4404 1613 4476 complexu
1673 4420 1990 4475 concursuq

2225 4424 2287 4469 ιν,
2366 4403 2455 4457 καὶ
2522 4402 2806 4457 τελείωσιν
2872 4404 3181 4478 προελθεῖν,
3246 4406 3344 4474 τὴν
3422 4407 3646 4481 πρώτην
3707 4407 3844 4481 βια-

372 4500 589 4571 pariter
619 4499 883 4552 omnium
920 4513 1018 4565 per
1064 4496 1370 4551 assiduum
1422 4498 1798 4563 augmentum
1846 4496 1914 4548 ad
1950 4510 1991 4565 pi

2221 4492 2355 4546 ἑσθω
2413 4492 2620 4560 ἑαυτὸν,
2680 4492 2860 4567 ὥσπερ
2952 4492 3189 4569 εἴρηται,
3246 4493 3335 4549 καὶ
3415 4494 3840 4572 φιλονεικοῦσαν

368 4588 674 4645 fectionem
724 4588 955 4642 tandem
996 4587 1343 4657 pertingere,
1395 4587 1651 4657 primum
1684 4583 1919 4655 quidem
1950 4600 1980 4636 ν

2218 4586 2373 4635 αυτού
2404 4583 2501 4649 τὴν
2558 4580 2779 4655 καρδίαν
2821 4585 2907 4637 καὶ
2970 4582 3348 4659 ἀντερίζουσαν
3405 4582 3708 4654 ἐνδοτικήν,
3738 4586 3837 4640 καῖ

364 4677 579 4737 inferat
626 4678 761 4747 sibi,
814 4682 875 4733 ut
918 4678 1140 4733 dictum
1191 4681 1299 4745 est,
1350 4682 1406 4732 et
1451 4677 1872 4731 contumaciter
1920 4691 1977 4729 re

2224 4674 2461 4741 ειθήνιον
2502 4677 2583 4744 τῷ
2611 4678 2727 4744 Θεῷ
2758 4679 2933 4729 ποιεῖν
2982 4672 3352 4742 σπουδαζὲτω.
3392 4679 3479 4747 Τῷ
3528 4676 3633 4748 γὰρ
3686 4674 3838 4729 οὕτω

365 4775 526 4826 etans
578 4786 676 4826 eor
725 4785 895 4825 suum
953 4768 1139 4824 docile
1190 4770 1248 4823 et
1291 4769 1642 4838 morigerum
1693 4766 1808 4821 Deo
1839 4765 1984 4820 efflet

2223 4762 2495 4834 ιασαμὲνῳ
2551 4763 2835 4837 πρότερον,
2878 4764 2968 4817 καὶ
3017 4764 3078 4818 τὸ
3139 4763 3431 4819 ἀντιτεῖνον
3486 4768 3588 4829 τῆς
3645 4769 3838 4839 ψυχῆς

364 4859 536 4916 210
566 4859 813 4917 studeat.
865 4859 1087 4916 Etenim
1129 4856 1227 4930 qui
1275 4859 1360 4913 sic
1402 4858 1512 4912 sibi
1544 4856 1659 4911 vim
1708 4856 1866 4925 prius
1915 4854 1983 4907 in‘

2218 4850 2307 4905 λον
2337 4852 2501 4906 οἱονεὶ
2533 4852 2822 4927 χειρόηθες
2862 4855 3256 4923 καταστήσαντι
3287 4852 3394 4911 ἔθει
3445 4860 3522 4925 τῷ
3573 4860 3837 4929 χρηστῷ,

362 4948 531 5017 lerit;
582 4954 638 5003 et
685 4949 965 5021 quidqnid
1008 4957 1094 5005 est
1142 4949 1201 5003 in
1247 4947 1445 5003 anima
1494 4946 1722 5013 rebelle,
1765 4948 1954 4999 totum

2217 4944 2444 5011 ατήκοον
2492 4941 2680 5015 ἐκείνῳ
2718 4943 3093 5017 ποιησαμένῳ,
3123 4945 3213 4999 καὶ
3258 4945 3375 5018 μεθ’
3431 4942 3604 5006 οὕτως
3665 4944 3836 5020 ἐχού-

360 5040 516 5099 velut
564 5039 876 5096 eicuratam
926 5040 1199 5108 belluam,
1254 5042 1482 5109 patiens
1535 5038 1657 5109 jam
1708 5037 1959 5108 imperii,

2216 5055 2273 5103 ης
2329 5038 2515 5114 ψυχῆς
2561 5033 2798 5089 αἰτοῦντι
2851 5038 2940 5089 καὶ
2991 5032 3253 5107 δεομένῳ,
3308 5034 3452 5105 αὔξει
3501 5036 3592 5091 καὶ
3636 5033 3835 5091 θάλλει

357 5130 635 5186 obediens
666 5133 734 5184 ad
788 5139 995 5185 nutum
1044 5138 1211 5186 recte
1258 5128 1486 5193 rationi,
1539 5145 1603 5182 ac
1650 5134 1865 5183 sanctae
1898 5127 1976 5182 dis

2218 5145 2226 5172 ρ
2281 5122 2424 5194 αὐτῷ
2481 5123 2541 5177 τὸ
2601 5120 2751 5179 δοθὲν
2812 5123 2912 5177 ὑπὸ
2965 5127 3060 5178 τοῦ
3123 5123 3433 5196 Πνεύματος
3500 5131 3601 5193 τῆς
3660 5123 3837 5198 εὐχῆς

359 5221 551 5292 plina},
605 5221 956 5289 reddiderit;
1008 5222 1224 5292 quique
1273 5237 1404 5274 cum
1457 5221 1600 5273 adeo
1646 5222 1764 5288 jam
1818 5221 1963 5274 bene

2222 5214 2424 5287 ἀρισμα
2453 5218 2529 5283 τῷ
2588 5214 2794 5288 μετρίῳ
2848 5218 2949 5269 τοῦ
3010 5215 3363 5291 φρονήματος
3417 5213 3840 5287 ἐπαναπαυόμεο

358 5309 605 5367 habente
639 5314 853 5377 anima,
903 5311 1149 5379 petierit,
1190 5318 1245 5365 et
1294 5311 1472 5364 Deum
1516 5314 1784 5375 oraverit,
1839 5319 1897 5363 ut
1930 5326 1977 5377 p1

2219 5324 2262 5355 ιν
2298 5349 2308 5360 .
2375 5304 2541 5376 ὃπρὸς
2583 5307 2651 5376 τῇ
2693 5302 2893 5375 ἀγάπῃ,
2924 5303 3015 5357 καὶ
3070 5306 3137 5367 τῆ
3188 5302 3503 5378 ἀγαπητικῇ
3562 5309 3838 5379 πραότητι

360 5407 585 5454 moveat
639 5404 792 5473 quod
842 5403 1036 5471 coepit,
1100 5400 1390 5455 obtinebit
1434 5400 1730 5453 cumulate
1779 5403 1979 5468 quantt

2219 5394 2473 5463 τεζήτησε
2506 5411 2517 5425 ·
2552 5392 2640 5445 καὶ
2678 5392 2795 5447 τότε
2827 5392 3107 5467 χαρίζεται
3152 5394 3299 5465 αὑτῷ
3326 5398 3495 5451 ταῦτα
3541 5396 3606 5449 τὸ
3666 5400 3838 5452 Ι]νεῦ-

362 5489 659 5559 postulat;
720 5491 1141 5561 benignissimo
1184 5490 1430 5548 Domino
1481 5486 1639 5560 large
1686 5487 1770 5544 illi
1825 5504 1981 5543 CODCt

2220 5503 2269 5549 α,
2329 5483 2417 5537 καὶ
2492 5479 2731 5537 διδάσκει
2800 5482 3293 5559 ταπεινοφροσύνην
3360 5504 3418 5539 τε
3493 5482 3679 5554 ἀληθῆ
3745 5485 3838 5542 καὶ

430 5659 475 5697 ⁸⁷
508 5660 719 5733 Ephes.
756 5679 832 5737 ιν,
864 5666 953 5722 31.
