4100 6204
284 349 404 411 953

1372 345 1596 407 LIBER
1640 348 1738 407 DE
1785 346 2227 409 LIBERTATE
2276 350 2584 412 MENTIS.

3631 371 3747 429 934

277 483 500 559 ἇιγάπην
556 478 762 556 ἀψευδῆ
812 479 902 534 καί
949 479 1256 553 πραότητα,
1290 478 1322 532 ἃ
1350 481 1440 532 καὶ
1489 473 1925 552 προϐιασάμενος

2039 499 2199 550 suro,
2236 487 2298 538 ut
2329 490 2552 540 crescat
2598 490 2654 542 et
2684 488 2883 543 ﬂoreat
2943 490 3237 548 indultum
3271 495 3381 566 ipsi
3439 516 3470 554 a
3524 501 3742 570 Spiritu

274 570 600 642 ἐπεζήτησε.
648 569 830 630 Οὕτως
880 567 972 624 οὗν
1024 566 1256 638 αὗξήσας
1301 568 1390 622 καὶ
1438 565 1750 630 τελειωθεὶς
1794 570 1928 623 κατὰ

279 662 482 736 Κύριον
541 667 640 729 τῆς
701 658 980 733 βασιλείας
1035 657 1180 728 ἄξιος
1252 654 1653 713 ἀποδείκνυται.
1716 658 1771 710 '0
1830 658 1929 733 γὰρ

277 752 530 813 ταπεινὸς
584 747 847 805 οὐδέποτε
902 749 1089 806 πίπτει
1124 766 1137 779 ⁸
1169 753 1279 803 ποῦ
1337 749 1440 823 γὰρ
1485 755 1574 802 καὶ
1631 754 1869 802 πεσεῖται
1903 750 1930 803 6

281 841 539 896 ὑποκάτω
589 840 801 894 πάντων
851 839 913 894 τό
944 860 1005 913 γε
1037 840 1229 894 ἑαυτοῦ
1273 837 1384 905 ὥν;
1437 836 1574 892 ὥστε
1621 838 1834 912 μεγάλη
1870 857 1932 911 γε

277 929 592 986 τούναντίον
640 928 847 1004 ὅψωσις
893 931 979 984 καὶ
1033 927 1271 1006 ἀσφαλὲς
1332 926 1546 1000 ἀξίωμα
1595 931 1628 996 ἡ
1686 947 1936 982 ταπεινο-

280 1043 316 1098 φ
325 1019 520 1096 ροσύνη
532 1064 545 1078 .

2041 572 2319 627 orationis
2341 575 2594 643 donum;
2639 576 2796 647 quod
2827 577 2884 633 in
2924 580 2993 634 de
3028 597 3090 637 se
3123 583 3348 640 modice
3378 588 3744 656 sapientibus

2042 660 2284 716 libenter
2315 666 2370 716 et
2402 673 2807 733 permananter
2825 670 3160 741 acquiescit.
3185 673 3298 730 Hoc
3331 677 3484 731 enim
3519 679 3736 748 ipsum,

2043 765 2174 805 cum
2209 751 2490 808 charitate
2520 760 2573 810 et
2622 757 2917 814 charitatis
2949 763 3107 831 prole
3155 769 3605 823 mansuetudine
3643 786 3736 824 ex-

2043 840 2303 910 petierat.
2348 844 2414 896 Et
2472 850 2606 900 tunc
2654 848 3010 916 gratiﬁcatur
3072 853 3194 910 haec
3235 855 3319 910 illi
3375 857 3650 928 Spiritus,
3686 863 3744 916 et

2045 931 2218 986 ducet
2248 949 2378 987 eum
2429 951 2624 989 veram
2685 937 3095 1010 humilitatem,
3128 945 3582 1019 charitatemque
3626 967 3739 1006 non

2044 1021 2265 1084 ﬁctam,
2292 1039 2439 1093 quas
2490 1025 2584 1078 illa
2618 1025 2728 1080 sibi
2762 1027 2814 1080 vi
2859 1032 3140 1098 poposcit.
3184 1033 3276 1087 Sic
3308 1035 3486 1105 igitur
3534 1039 3602 1093 de
3642 1055 3745 1095 caa-

283 1117 405 1169 tero
437 1113 743 1183 proficiens
771 1115 827 1168 et
859 1112 1146 1183 perfectus
1176 1111 1234 1165 in
1267 1108 1516 1165 Domino
1549 1125 1722 1181 regno
1754 1109 1966 1180 dignus
1999 1110 2342 1167 declaratur.
2372 1115 2619 1170 Humilis
2651 1115 2868 1188 quippe
2900 1135 3198 1190 nunquam
3219 1125 3410 1194 cadit;
3441 1144 3557 1198 quo
3588 1131 3743 1186 enim

281 1204 494 1269 aderet,
526 1202 647 1272 qui,
681 1208 965 1274 quantum
999 1202 1059 1256 in
1091 1201 1215 1269 ipso
1255 1205 1368 1265 est,
1400 1198 1519 1254 imo
1553 1215 1786 1269 semper
1835 1198 1964 1255 loco
2023 1199 2136 1254 sub
2183 1201 2354 1257 rebus
2401 1204 2678 1261 omnibus
2715 1206 2920 1276 jacet?
2970 1225 3150 1280 quare
3208 1228 3416 1284 magna
3474 1219 3742 1287 quaedam

282 1293 560 1365 superbia
588 1293 932 1362 humilitas;
966 1308 1180 1364 magna
1201 1297 1406 1347 contra
1436 1290 1744 1346 humilitas
1773 1288 2046 1346 exaltatio
2077 1295 2133 1346 et
2166 1308 2365 1347 secura
2392 1293 2668 1365 dignitas.

353 1382 430 1440 κ’.
463 1382 526 1437 Οἱ
548 1381 683 1455 πρὸς
733 1379 993 1452 ἀλήθειαν
1037 1380 1130 1435 τὸν
1180 1380 1306 1435 Θεὸν
1361 1380 1758 1454 ἀγαπήσαντες,
1809 1374 1934 1432 οὔτε

279 1467 371 1524 διὰ
399 1469 499 1539 τὴν
535 1468 816 1545 βασιλείαν
843 1469 991 1540 αύτῷ
1032 1466 1309 1523 δουλεύειν
1353 1466 1730 1543 προείρηνται,
1764 1466 1931 1520 καθά-

277 1579 379 1634 περ
447 1558 717 1635 ἐμπορίας
787 1559 949 1634 χάριν
1011 1557 1103 1614 καὶ
1168 1555 1439 1631 κέρδουςυ
1482 1554 1605 1611 οὕτε
1675 1555 1782 1628 μὴν
1843 1553 1932 1608 διὰ

273 1651 379 1718 τήν
428 1649 794 1722 ἀποκειμένην
834 1654 950 1710 τοῖς
988 1645 1343 1722 ἁμαρτωλοῖς
1382 1647 1608 1702 κόλασιν
1641 1665 1652 1677 ·
1682 1644 1807 1699 ἀλλ’
1839 1645 1930 1699 ἅτε

280 1739 410 1794 Θεὸν
443 1738 616 1811 μόνον,
651 1738 809 1794 αὐτὸν
862 1739 952 1794 καὶ
985 1736 1320 1812 δημιουργὸν
1365 1735 1508 1790 ’ίδιον
1556 1733 1927 1808 ἠγαπηκότες,

279 1827 372 1882 καὶ
430 1827 730 1899 ἀκολουθίᾳ
776 1829 977 1898 τάξεως
1027 1826 1360 1902 ἐπιγνόντες,
1415 1827 1496 1880 ὅτι
1547 1825 1788 1898 Δεσπότῃ
1840 1824 1930 1878 καὶ

279 1918 485 1991 κτίστῃ
515 1915 743 1980 δούλους
797 1917 1096 1992 εὐαρεστεῖν
1145 1915 1504 1989 ὀφειλόμενον
1545 1934 1556 1946 ο
1595 1913 1646 1967 οἳ
1676 1913 1765 1968 καὶ
1797 1911 1933 1966 πολ-

2112 1381 2223 1436 ΧΧ.
2258 1383 2364 1448 Qui
2395 1385 2571 1440 Deum
2629 1403 2760 1442 vere
2791 1399 3147 1458 amaverunt,
3199 1408 3387 1465 neque
3445 1394 3516 1450 ob
3577 1413 3738 1467 spem

2042 1471 2202 1542 regni
2233 1471 2536 1543 elegerunt
2591 1475 2641 1530 ei
2699 1478 2960 1532 servire:
3021 1484 3184 1550 quasi
3232 1490 3600 1551 mercatores,
3639 1487 3736 1542 lu-

2039 1575 2241 1628 crum;
2277 1566 2378 1616 aut
2417 1564 2685 1633 Operarii,
2741 1569 3065 1624 mercedem
3115 1577 3451 1642 captantes;
3487 1575 3590 1645 sed
3637 1593 3739 1633 ne-

2037 1666 2152 1720 que
2173 1651 2823 1726 obmetumpraeparataa
2857 1661 3258 1730 peccatoribus
3294 1680 3475 1734 poenas
3499 1685 3512 1733 ;
3534 1682 3734 1723 verum

2038 1739 2095 1792 in
2129 1739 2292 1795 illum
2329 1743 2409 1796 uti
2469 1743 2651 1798 Deum
2697 1745 2889 1802 solum
2948 1753 3004 1802 et
3061 1757 3376 1807 creatorem
3431 1755 3731 1826 proprium

2039 1829 2242 1884 affectu
2302 1831 2587 1899 inclinati,
2635 1851 2702 1890 ex
2749 1842 2902 1891 recte
2959 1839 3234 1895 conclusa
3294 1842 3426 1897 inde
3512 1844 3734 1901 ratione

2041 1933 2462 1990 consequenter
2493 1931 2893 1994 agnoscentes,
2926 1945 3153 1999 equum
3189 1946 3256 1986 ac
3278 1931 3441 2000 juste
3475 1934 3734 1990 debitum

281 2007 359 2080 λῇ
417 2011 485 2080 τῇ
545 2005 745 2062 συνέσει
804 2009 938 2082 πρὸς
1003 2009 1068 2062 τα
1133 2005 1546 2080 παραπίπτοντα
1631 2007 1926 2078 χρῶνται.

2043 2024 2191 2068 esse,
2226 2016 2291 2064 ut
2349 2019 2627 2068 creaturae
2666 2015 2970 2083 conditori,
3005 2019 3154 2073 servi
3205 2019 3471 2085 Domino,
3510 2029 3742 2095 propter

283 2093 478 2151 Πολλᾶ
509 2096 612 2172 γάρ
641 2097 705 2152 τὰ
738 2095 976 2168 ἐμπόδια
1005 2103 1108 2166 τῆς
1153 2096 1289 2168 πρὸς
1341 2095 1470 2149 Θεὸν
1516 2093 1775 2168 τυγχάνει
1826 2090 1928 2144 αύ-

280 2187 621 2258 αρεστήσεως
655 2203 668 2217 ’
715 2184 830 2240 ἐπεὶ
903 2183 1042 2258 μηδὲ
1101 2185 1258 2240 πενία
1327 2183 1485 2256 μόνον
1550 2181 1640 2236 καὶ
1699 2178 1922 2250 ἀδοξία,

279 2275 428 2329 ἀλλᾶ
457 2275 548 2330 καὶ
591 2272 832 2338 πλοῦτος
878 2276 968 2331 καὶ
1020 2276 1157 2347 τιμὴ
1208 2273 1416 2348 ὁμοίως
1465 2270 1759 2346 πειρασμοὶ
1804 2271 1928 2324 καθ-

273 2363 519 2418 ’ίστανται
551 2367 620 2438 τῇ
663 2367 819 2441 χυχῇ
847 2383 858 2396 ο
893 2361 945 2418 ἐν
994 2365 1143 2438 μέρει
1187 2360 1242 2417 δέ
1271 2383 1390 2424 πως
1433 2362 1525 2417 καὶ
1565 2363 1600 2430 ἡ
1643 2357 1928 2433 παράκλη-

280 2473 365 2514 σις
397 2451 531 2523 αὐτή
566 2454 656 2507 καὶ
689 2455 722 2522 ἡ
773 2452 952 2514 ἄνεσις
995 2450 1169 2522 ἐκείνη
1204 2454 1239 2520 ἡ
1275 2451 1376 2506 ὑπὸ
1409 2457 1511 2519 τῆς
1561 2449 1788 2525 χάριτος
1833 2467 1924 2502 κα-

278 2536 705 2612 ταλαμϐάνουσα
746 2544 848 2610 τήν
896 2543 1102 2617 ψυχὴν,
1135 2541 1180 2596 εί
1233 2543 1308 2613 μή
1359 2537 1605 2609 α“ίσθηται
1654 2537 1856 2608 ταύτης
1888 2539 1922 2605 ἡ

279 2631 705 2701 καταξιωθεῖσα,
758 2632 847 2686 καὶ
898 2630 1095 2702 πολλῷ
1150 2635 1231 2702 τῷ
1293 2630 1493 2703 μετρίῳ
1557 2629 1646 2683 καὶ
1723 2633 1925 2700 συνετῷ

279 2723 582 2795 χρήσηται,
611 2720 753 2776 πολὺ
784 2722 844 2776 τὸ
875 2718 1102 2776 εὔκολον
1143 2717 1260 2795 ἕχει
1300 2720 1435 2794 πρὸς
1483 2721 1544 2775 τὸ
1578 2721 1928 2793 πειρατήριον

281 2811 421 2884 αὐτῇ
487 2810 700 2884 μᾶλλον
757 2813 848 2867 καὶ
906 2811 1140 2885 κώλυμα
1197 2819 1523 2880 καταστῆναι
1556 2830 1569 2843 ⁸
1605 2813 1697 2865 ἅτε
1738 2811 1928 2872 κακίας

281 2903 550 2981 προφάσει
587 2901 755 2972 τῆσδε
793 2910 896 2973 τῆς
937 2904 1164 2982 χάριτος
1214 2901 1470 2958 ὑπολύειν
1512 2900 1648 2974 αὐτῇ
1691 2901 1782 2956 τὸν
1830 2900 1925 2954 τό-

281 3013 403 3063 νον,
454 2993 730 3066 χαῦνωσίν
771 3013 829 3048 τε
866 2992 955 3047 καὶ
997 2991 1296 3067 ὀλιγωρίαν
1339 2991 1526 3045 ἐνιέναι
1581 2987 1929 3068 μηχανωμέ-

278 3101 404 3151 νης.
465 3083 556 3136 Διὸ
614 3083 702 3136 καὶ
761 3081 896 3150 αύτή
951 3084 985 3151 ἡ
1039 3083 1198 3156 χάρις
1251 3075 1516 3141 εύλαϐοὗς
1567 3077 1736 3134 δεῖται
1791 3079 1925 3152 πρὸς

283 3169 592 3242 μετάληψιν
625 3172 712 3226 καὶ
764 3173 1042 3227 εύσυνέτου
1098 3175 1289 3247 ψυχῆς
1327 3167 1502 3224 ’ὥστε
1553 3169 1641 3224 καὶ
1695 3175 1924 3240 τιμῆσαι

275 3259 502 3327 ταύτην,
552 3261 642 3314 καὶ
695 3260 875 3331 ἀξίους
913 3262 1039 3322 τοὺς
1086 3261 1325 3333 καρποὺς
1375 3257 1758 3328 ἐπιδείξασθαι.
1812 3264 1928 3311 Κιν-

278 3347 488 3404 δυνεύει
526 3349 704 3405 τοίνυν
755 3350 818 3404 ού
866 3357 959 3412 τὰς
1006 3349 1218 3424 θλίψεις
1267 3351 1454 3421 μόνον,
1497 3347 1644 3404 ἀλλὰ
1691 3347 1780 3402 καὶ
1829 3348 1923 3408 τας

279 3439 485 3501 ἀνέσεις
541 3442 891 3515 πειρατήριον
947 3439 1182 3514 γίνεσθα⁹
1233 3445 1301 3513 τῇ
1351 3439 1505 3514 ψυχῇ
1537 3439 1663 3493 ’καὶ
1709 3436 1777 3492 δι⁸
1827 3437 1923 3510 ἀμ-

281 3529 530 3604 φοτέρων
586 3529 690 3605 γὰρ
742 3531 794 3584 αἱ
851 3532 1026 3605 ψυχαὶ
1077 3535 1154 3603 τῷ
1206 3530 1444 3585 κτίσαντι
1502 3527 1925 3602 δοκιμάζονται,

278 3615 375 3672 ’ίνα
408 3616 568 3687 δῆλοι
601 3623 781 3695 σαφῶς
809 3618 1049 3695 γένονται
1075 3619 1215 3682 τίνες
1258 3621 1308 3674 οἳ
1357 3621 1434 3694 μή
1484 3617 1708 3694 κέρδους
1755 3618 1929 3674 αἰτίαν

284 3709 500 3782 θέμενοι
530 3711 628 3778 τήν
661 3711 795 3785 πρὸς
843 3709 1046 3765 ἐκεῖνον
1105 3710 1319 3785 ἀγάπην
1349 3729 1360 3743 ο
1397 3708 1522 3765 ἀλλ’
1553 3707 1711 3764 αὺτὸν
1765 3708 1924 3781 μόνον

286 3799 379 3853 τὸν
428 3797 649 3865 πολλῆς
693 3804 772 3872 τῷ
829 3799 941 3854 ὄντι
999 3801 1089 3854 καὶ
1143 3798 1330 3876 φιλίας
1389 3800 1480 3854 καὶ
1536 3801 1704 3872 τιμῆς
1758 3795 1924 3870 ἄξιον.

286 3887 491 3961 Ὠσπερ
541 3885 597 3943 δὲ
639 3893 718 3961 τῷ
768 3889 981 3962 ἀμελεῖ,
1032 3888 1119 3944 καὶ
1167 3889 1288 3963 περὶ
1346 3889 1444 3956 τήν
1501 3887 1677 3941 πίστιν
1739 3884 1926 3956 ἐνδεεῖ,

284 3977 375 4031 καὶ
416 3981 497 4050 τῷ
554 3979 865 4054 φρονήματι
923 3980 1258 4049 νηπιάζοντι,
1318 3974 1578 4050 ἐμπόδιον
1636 3975 1770 4049 πρὸς
1827 3977 1926 4044 τήν

283 4065 512 4121 αῗωνίαν
566 4068 711 4138 ζωῆν
765 4072 931 4123 ταῦτα
985 4069 1216 4143 γίνεται⁶
1263 4069 1386 4137 ἤτοι
1439 4067 1504 4121 τὰ
1563 4065 1783 4137 λυπηρὰ
1838 4063 1927 4119 καὶ

281 4154 557 4228 ἐπίπονα,
620 4157 818 4225 νόσοι,
895 4159 1070 4213 πενίαι
1143 4157 1234 4212 καὶ
1309 4155 1563 4229 ἀδοξίαιο
1631 4154 1923 4222 τάναντία,

277 4244 546 4314 πλοῦτος,
601 4244 748 4318 δόξα,
807 4247 896 4302 καὶ
963 4248 1018 4301 οἱ
1069 4247 1118 4320 έξ
1206 4247 1504 4322 ἀνθρώπων
1568 4245 1925 4320 μακαρισμοὶ,

277 4338 416 4410 πρὸς
457 4335 517 4391 δὲ
563 4338 653 4391 καὶ
685 4338 712 4392 6
743 4335 794 4392 έν
839 4342 920 4410 τῷ
976 4339 1167 4415 ἀφανεῖ
1213 4336 1473 4408 πλήττων
1527 4341 1624 4391 τοῦ
1680 4339 1926 4410 πονηροῦ

277 4426 529 4500 πόλεμος
559 4445 572 4459 °
618 4428 760 4482 οὕτω
790 4426 956 4482 πάλιν
999 4425 1357 4506 ἀντιστρέφων
1395 4427 1664 4501 εύρήσεις,
1713 4424 1795 4479 ὅτι
1845 4429 1925 4497 τῷ

273 4519 458 4588 πιστῷ
524 4516 614 4570 καὶ
683 4522 886 4590 συνετῷ
951 4517 1039 4572 καὶ
1103 4517 1331 4591 γενναίῳ
1407 4517 1628 4592 συνεργὰ
1706 4513 1921 4587 μᾶλλον

271 4605 410 4680 πρὸς
457 4607 560 4674 τήν
609 4611 705 4660 τοῦ
761 4611 894 4662 Θεοῦ
931 4607 1241 4662 καθίσταται
1302 4605 1579 4681 βασιλείαν
1614 4609 1772 4666 ’Τοῖς
1821 4604 1923 4681 γάρ

268 4696 362 4750 τὸν
433 4696 564 4750 Θεὸν
619 4695 907 4770 ἀγαπῶσι,
975 4699 1112 4752 κατᾶ
1176 4698 1267 4752 τὸν
1335 4699 1476 4751 θεῖον
1545 4693 1921 4764 Ἀπόστολον,

2037 2101 2219 2168 ipsam
2253 2101 2380 2169 ejus
2412 2103 2834 2172 excellentiam,
2871 2106 3092 2176 placere
3140 2125 3205 2164 ac
3261 2112 3573 2180 gratiﬁcari
3609 2121 3734 2168 stu-

2035 2188 2248 2255 deant;
2276 2189 2383 2246 hoc
2414 2197 2597 2262 agunt
2628 2203 2678 2247 et
2702 2201 2986 2251 conantur
3031 2199 3256 2254 sincero
3313 2201 3422 2270 piae
3470 2203 3736 2259 volunta-

2036 2275 2112 2331 tis
2145 2278 2273 2332 nisu
2312 2294 2325 2332 :
2359 2282 2447 2334 cui
2480 2287 2536 2335 et
2568 2299 2762 2352 parem
2823 2287 3035 2342 mentis
3090 2287 3468 2344 attentionem
3532 2291 3734 2348 merito

2031 2367 2374 2439 adiungunt.
2411 2371 2636 2427 Etenim
2670 2373 2812 2442 ipsis
2864 2375 3044 2432 multa
3088 2383 3172 2433 est
3229 2381 3556 2436 necessaria
3588 2399 3734 2453 pru-

2033 2456 2246 2524 dentia,
2285 2458 2334 2512 si
2389 2477 2710 2531 praecavere
2761 2464 2958 2532 velint,
2991 2482 3062 2521 ne
3095 2469 3438 2537 quotidiana
3468 2488 3592 2542 quae
3641 2489 3738 2528 ac--

2036 2545 2257 2612 cidunt,
2292 2549 2709 2619 impedimenta
2767 2555 2910 2621 ipsis
2961 2557 3080 2610 sint
3138 2557 3402 2625 placendi
3451 2560 3564 2616 Deo
3626 2561 3740 2617 ista

2037 2636 2377 2694 intentionis
2425 2642 2710 2712 puritate;
2773 2645 3065 2716 siquidem
3113 2664 3227 2702 non
3272 2655 3498 2720 egestas
3544 2651 3738 2707 solum

2036 2731 2091 2780 et
2121 2727 2466 2797 ignominia,
2499 2733 2598 2786 sed
2631 2740 2688 2787 et
2717 2749 2852 2804 Opes
2910 2740 2966 2789 et
3021 2735 3210 2792 honor
3242 2739 3591 2796 tentationes
3623 2742 3746 2796 ani-

2038 2831 2146 2871 mm
2181 2819 2361 2885 fiunt;
2397 2823 2532 2890 quin
2566 2831 2617 2875 et
2641 2839 2708 2878 ex
2740 2830 2920 2892 parte,
2957 2825 3079 2896 ipsa
3111 2827 3450 2897 consolatio,
3481 2829 3611 2898 ipsa
3640 2831 3740 2887 illa

2037 2908 2206 2962 beata
2236 2910 2398 2977 quies
2428 2928 2496 2965 ex
2525 2911 3077 2971 inhabitantisdono
3110 2918 3309 2987 gratia:
3341 2920 3737 2990 complectens

2037 2996 2290 3050 animam
2319 3014 2332 3063 ;
2357 2999 2469 3054 nisi
2501 3016 2558 3054 se
2590 3000 2689 3055 illa
2718 3007 2946 3057 tantum
2977 3005 3132 3068 boni,
3171 3023 3331 3062 mera
3369 3009 3459 3062 Dei
3483 3009 3740 3065 liberali-

2036 3088 2175 3152 tate,
2209 3087 2368 3142 nullo
2391 3105 2495 3143 suo
2519 3096 2745 3144 nactam
2776 3092 3004 3155 merito,
3023 3092 3228 3148 intime
3249 3096 3482 3161 sentiat,
3507 3101 3561 3151 et
3583 3098 3733 3152 mul-

2035 3180 2151 3230 tam
2185 3175 2424 3247 insuper
2454 3179 2744 3248 adhibeat,
2783 3197 2915 3235 cum
2950 3183 3178 3238 modica
3206 3183 3297 3238 sui
3331 3185 3736 3256 estimatione,

2037 3264 2630 3332 circumspectionem.
2692 3272 2830 3323 Nam
2883 3268 3009 3326 sine
3068 3270 3181 3336 his,
3242 3271 3528 3328 excellens
3617 3273 3738 3330 tunc

2040 3353 2245 3423 gratia,
2278 3353 2438 3408 valde
2471 3372 2719 3426 pronum
2769 3373 2971 3413 secum
3022 3359 3187 3413 affert
3234 3359 3557 3429 periculum
3596 3379 3741 3432 pras-

2042 3443 2215 3499 bendi
2247 3444 2320 3512 ei,
2355 3463 2525 3516 quam
2558 3454 2746 3516 ornat,
2781 3451 2992 3506 animas
3049 3451 3414 3508 occasionem
3465 3455 3741 3510 tentatio-

2040 3532 2152 3601 nis,
2185 3540 2241 3589 et
2271 3535 2582 3606 objiciendi
2615 3537 2896 3608 profectui
2927 3540 3058 3609 ejus
3098 3542 3487 3597 obstaculum.
3530 3542 3739 3615 Utpote

2038 3623 2378 3682 insidiatore
2430 3627 2581 3683 malo
2614 3630 2902 3696 daemone,
2935 3632 3130 3687 conari
3181 3631 3346 3689 solito
3378 3633 3576 3704 hujus,
3630 3649 3744 3706 qua

2038 3713 2192 3770 videt
2223 3716 2331 3769 frui
2382 3719 2658 3785 animam,
2707 3726 2982 3790 praetextu
3026 3726 3082 3777 et
3138 3723 3353 3778 fiducia
3396 3725 3580 3780 nimia
3617 3742 3742 3796 gra-

2039 3802 2148 3868 tiae,
2178 3805 2394 3859 sensim
2446 3807 2702 3862 relaxare
2759 3809 3190 3866 contentionem
3227 3811 3286 3865 in
3346 3812 3624 3868 ulteriora
3656 3814 3744 3867 ni-

2037 3891 2217 3956 tendi,
2254 3893 2707 3964 languoremque
2761 3901 2817 3950 et
2868 3898 3190 3966 neglectum
3243 3899 3502 3967 injicere.
3551 3903 3739 3970 Atque

2037 3976 2181 4032 adeo
2215 3978 2342 4047 ipsa
2372 3979 2576 4048 gratia,
2615 3985 2677 4033 ut
2707 3996 2911 4036 secure
2944 3981 3296 4052 innoxieque
3347 3983 3736 4053 possideatur,

2037 4065 2213 4138 exigit
2243 4067 2303 4121 in
2348 4067 2448 4124 illo
2482 4069 2580 4139 qui
2631 4085 2756 4124 eam
2791 4069 3056 4141 percipit,
3115 4075 3476 4126 reverentem
3526 4089 3738 4142 quam-

2038 4155 2166 4210 dam
2200 4155 2664 4226 trepidationem,
2710 4175 2826 4228 qua
2854 4158 2910 4212 in
2936 4157 3193 4230 vigiliam
3217 4164 3464 4216 acuatur
3492 4162 3738 4217 circum-

2035 4247 2327 4314 spectandi
2386 4262 2453 4303 ac
2503 4249 2852 4318 disponendi
2913 4249 3281 4320 providenter
3314 4255 3560 4316 cuncta;
3594 4259 3735 4308 utet

2037 4333 2254 4391 donum
2288 4341 2514 4392 tantum
2549 4338 2752 4408 quanti
2783 4339 2931 4394 valet
2961 4339 3244 4408 aestimet;
3278 4344 3336 4396 et
3365 4341 3576 4411 dignos
3606 4343 3735 4412 ejus

2037 4425 2260 4482 fructus
2320 4434 2731 4498 representare
2775 4429 3028 4484 studeat.
3065 4431 3270 4501 Igitur,
3310 4447 3428 4486 non
3458 4432 3533 4486 ab
3587 4431 3734 4486 afﬂi-

2035 4516 2326 4571 ctionibus
2358 4517 2568 4584 solum,
2621 4519 2722 4575 sed
2755 4524 2812 4574 et
2833 4537 2867 4576 a
2917 4520 3414 4579 consolationibus
3445 4521 3736 4594 periclita-

2035 4607 2132 4658 tur
2159 4605 2359 4660 anima
2388 4609 2615 4662 tentari.
2677 4609 2746 4662 Et
2777 4623 2876 4679 per
2923 4609 3125 4666 ambas
3158 4611 3294 4665 istas
3338 4627 3430 4666 res
3459 4629 3488 4664 a
3532 4610 3732 4666 condi-

2033 4703 2155 4751 tore
2185 4695 2390 4750 animre
2449 4698 2803 4768 probantur;
2842 4704 2904 4753 ut
2935 4698 3026 4754 his
3083 4699 3578 4770 explorationibus
3614 4716 3735 4755 ma-

269 4805 448 4839 παντα
508 4790 744 4860 συνεργεῖ
801 4784 873 4845 εἷς
941 4786 1002 4840 τὸ
1060 4786 1277 4861 ἀγαθόν.
1335 4786 1608 4840 Δείκνυται
1680 4781 1770 4836 οὖν
1834 4781 1921 4837 ἐν-

2039 4785 2241 4841 nifesto
2272 4791 2547 4856 appareat
2573 4786 2776 4858 quales
2807 4787 2969 4841 sint?
3000 4788 3370 4842 mercenaries
3412 4803 3482 4842 ne
3516 4788 3730 4842 nundi-

269 4876 478 4940 τεῦθεν,
514 4873 599 4929 ὅτι
651 4875 718 4928 τὰ
762 4873 815 4929 ἐν
873 4879 951 4945 τῷ
1005 4874 1199 4947 κόσμῳ
1237 4876 1407 4929 πάντα
1465 4870 1729 4946 ἐμπόδιον
1791 4873 1920 4928 εἶναι

266 4963 604 5036 νομιζόμενα
661 4960 972 5040 διαρρήξας,
1031 4964 1120 5018 καὶ
1177 4966 1420 5034 νικήσας,
1471 4965 1560 5018 καὶ
1615 4958 1848 5038 ὑπερϐὰς
1893 4964 1920 5016 6

269 5053 498 5124 ἀληθῶς
558 5053 812 5130 φιλόθεος
865 5058 962 5108 τοῦ
1015 5054 1160 5109 θείου
1213 5055 1378 5127 μόνου
1423 5055 1738 5129 περιέχεται
1792 5052 1920 5132 φίλ-

265 5164 400 5217 τρου
432 5161 446 5175 ο
483 5143 713 5218 Σχοινία
743 5143 845 5220 γάρ
875 5143 1218 5218 ἁμαρτωλῶν
1253 5144 1693 5219 περιεπλάκησάν
1740 5165 1856 5215 μοι,
1893 5145 1920 5198 ὁ

267 5233 415 5293 θεῖός
446 5253 578 5310 φησι
603 5234 917 5312 Προφήτης,
950 5233 1038 5288 καὶ
1086 5238 1181 5290 τοῦ
1219 5237 1390 5310 νόμου
1437 5255 1532 5289 σου
1573 5233 1671 5288 οὐκ
1719 5231 1920 5288 ἐπελαυ-

268 5324 474 5396 θόμην.

2034 4877 2282 4932 natriccs
2313 4877 2632 4945 cbaritatis,
2665 4882 2924 4948 quaestus
2967 4877 3055 4932 sui
3089 4893 3262 4931 causa
3294 4876 3476 4932 Deum
3525 4894 3733 4934 aman-

2029 4971 2152 5032 tes;
2187 4982 2258 5020 an
2287 4966 2477 5020 solum
2513 4973 2744 5037 propter
2770 4983 2832 5022 se
2865 4967 3058 5035 ipsum
3081 4982 3215 5020 eum
3247 4967 3532 5038 diligant;
3569 4971 3727 5039 quod

2029 5055 2218 5122 illum,
2252 5061 2317 5110 ut
2344 5059 2434 5109 est
2469 5057 2523 5110 in
2557 5073 2663 5111 sua
2696 5062 2901 5112 natura
2935 5057 3187 5128 propria,
3221 5057 3363 5112 citra
3396 5065 3723 5128 respectum

2030 5145 2100 5199 ad
2133 5160 2254 5207 nos,
2313 5144 2472 5199 omni
2505 5145 2743 5216 dignum
2807 5163 3002 5201 amore
3034 5146 3367 5218 honoreque
3423 5148 3589 5200 sciat.
3653 5145 3725 5202 Ut

2029 5240 2219 5291 autem
2254 5234 2587 5305 negligenti,
2627 5237 2912 5292 modicam
2972 5236 3210 5292 habenti
3271 5236 3464 5296 fidem,
3499 5244 3551 5291 et
3594 5252 3727 5308 pue-

2029 5325 2213 5380 riliter
2259 5324 2450 5378 adhuc
2498 5326 2766 5394 sapienti,
2827 5326 3241 5395 impedimento
3297 5325 3417 5380 haac
3476 5330 3612 5380 sunt
3652 5328 3722 5383 ad

268 5424 548 5471 cateruam
608 5416 830 5472 vitam:
874 5416 1140 5474 videlicet
1180 5423 1296 5474 tam
1357 5418 1577 5472 acerbae
1609 5432 1674 5471 ac
1737 5414 2030 5470 laboriosae
2090 5429 2202 5479 res,
2263 5419 2326 5469 ut
2384 5415 2590 5481 morbi,
2643 5416 2918 5485 penuriae,
2974 5415 3358 5486 ignominiaa;
3411 5431 3584 5485 quam
3638 5417 3729 5474 his

268 5506 594 5575 contrariae,
644 5507 876 5571 divitias,
934 5507 1139 5576 gloria,
1197 5506 1398 5564 laudes
1455 5513 1512 5562 et
1568 5507 1884 5577 applausus
1939 5503 2284 5570 hominum;
2338 5510 2726 5574 praetereaque
2763 5519 3033 5575 puugens
3092 5505 3148 5558 in
3209 5504 3438 5560 occulto
3496 5506 3726 5562 Satanas

270 5595 780 5665 impugnatio,sic
804 5613 1033 5665 rursus,
1098 5598 1266 5652 aliter
1322 5596 1656 5668 dispositos,
1715 5596 1774 5650 in
1835 5595 1958 5650 loco
2026 5598 2482 5648 memoratorum
2537 5593 2729 5660 modo,
2801 5608 3047 5664 ponens,

3130 5594 3384 5664 reperies
3435 5610 3450 5650 :
3512 5595 3729 5653 fervido

267 5684 326 5740 in
363 5683 493 5751 ﬁde,
524 5686 814 5757 prudenti,
847 5690 903 5742 et
931 5701 1208 5758 generose
1239 5686 1364 5742 forti
1415 5686 1676 5743 subsidia
1723 5685 1918 5758 potius
1949 5687 2005 5740 et
2037 5682 2374 5754 adjumenta
2405 5699 2495 5740 res
2545 5684 2674 5738 illas
2702 5683 2937 5738 easdem
2989 5698 3116 5739 esse
3147 5684 3216 5740 ad
3249 5686 3724 5742 consecutionem
