4100 6204
433 358 552 419 955
1740 350 1806 411 S.
1853 346 2183 410 MACARII
2225 346 2563 410 x‘EGYP’l‘ll
3772 358 3899 420 956

438 488 603 557 regni
656 486 807 543 Dei:
865 483 1225 556 Diligentibus
1276 481 1430 538 enim
1479 483 1647 538 Deum
1677 482 1783 553 (ait
1829 480 2064 537 divinus
2118 480 2457 553 Apostolus)
2515 484 2706 539 omnia
2766 492 3133 556 cooperantur
3186 485 3245 538 in
3304 484 3501 542 bonum
3553 488 3623 545 ⁵⁸.
3675 489 3756 545 Ex
3813 491 3905 549 his

428 579 611 651 igitur
663 584 923 647 apparet,
985 574 1118 646 quis
1176 575 1410 627 demum
1467 572 1541 627 sit
1624 588 1794 627 verus
1879 571 1980 625 Dei
2044 580 2303 638 amator;
2356 570 2406 626 is
2456 571 2607 628 217
2674 573 2976 640 nimirum,
3026 573 3125 645 qui
3184 590 3287 647 per
3364 585 3592 645 cuncta,
3644 595 3775 650 que
3843 580 3903 638 in

431 667 543 723 hoc
576 665 792 721 mundo
823 668 1105 735 putantur
1134 662 1388 727 obstare,
1457 668 1750 733 perrupta,
1801 660 1970 727 victa,
2005 659 2251 725 calcata,
2285 666 2511 716 tantum
2563 677 2769 718 versus
2825 662 3006 718 Deum
3041 679 3239 719 amore
3292 665 3579 734 feruntur,
3638 669 3901 726 dicentes

430 773 565 813 cum
603 756 881 827 prepheta
913 771 925 808 :
964 755 1138 809 Funes
1172 757 1513 822 peccatorum
1543 752 1906 820 circumplexi
1934 758 2192 816 suntme,
2214 760 2266 805 et
2290 751 2457 820 legem
2490 758 2645 806 tuam
2665 769 2774 806 non
2807 770 2926 807 sum
2951 753 3153 808 oblitus
3174 753 3241 809 ⁵³.

506 846 658 903 XXI.
721 846 960 901 Divinos
1020 844 1318 915 apostolus
1366 842 1579 896 Paulus
1638 841 1893 896 exactius
1922 850 1973 895 et
2022 841 2133 894 cla-
2168 844 2216 906 Α

428 939 552 996 rius
592 940 991 993 demonstrare
1049 934 1268 1000 volens,
1322 934 1458 1003 quid
1514 948 1646 988 vere
1696 932 1767 987 sit
1821 931 2134 1002 perfectum

426 1024 867 1085 Christianismi
903 1023 1244 1095 mysterium
1308 1022 1364 1075 in
1400 1037 1755 1091 unaquaque
1786 1020 1985 1075 anima
2014 1035 2135 1075 cre-

430 1119 618 1176 dente.
658 1117 854 1170 venire
887 1116 1059 1167 talem
1084 1112 1339 1166 animam
1375 1111 1431 1165 in
1463 1111 1641 1180 hujus
1672 1110 2135 1181 experimentum

429 1207 617 1273 docet,
655 1220 754 1274 per
810 1202 1066 1256 divinam
1117 1199 1533 1270 operationem.
1567 1200 1700 1264 Quin
1745 1198 1966 1252 scilicet
1996 1212 2135 1268 ope-

426 1296 569 1349 ratio
629 1296 718 1348 est
780 1289 1215 1362 supercmleslis
1268 1288 1507 1343 luminis
1549 1288 1607 1343 in
1663 1286 2011 1343 revelatione
2081 1289 2138 1340 et

424 1384 636 1437 virtute
677 1380 931 1451 Spiritus
986 1377 1302 1434 irradiatio.
1363 1376 1443 1431 Ne
1502 1377 1642 1431 forte
1702 1377 1855 1446 quis,
1904 1376 1964 1429 in
2028 1374 2136 1430 hoc

425 1487 646 1537 errans,
692 1474 853 1539 putet
883 1465 1029 1521 nihil
1088 1466 1242 1520 aliud
1284 1480 1411 1520 esse
1456 1462 1950 1519 illuminationem
2002 1463 2137 1534 Spi-

425 1561 597 1626 ritus,
633 1559 741 1612 nisi
791 1556 1159 1628 cognitiones
1208 1556 1259 1608 vi
1317 1553 1560 1609 humani
1622 1554 1930 1622 productas
1972 1551 2134 1607 intel-

427 1649 649 1715 lectus;
685 1654 738 1703 et
778 1652 1015 1718 propter
1073 1646 1243 1699 istam
1294 1642 1706 1713 ignorantiam,
1754 1647 1812 1697 et
1842 1641 2130 1697 desidiam

427 1736 803 1809 periclitetur,
866 1752 899 1790 a
956 1734 1205 1805 perfecto
1265 1736 1456 1803 gratias
1513 1730 1772 1787 excidere
1841 1729 2129 1802 mysterio.

428 1828 734 1896 Pmpterea
763 1822 1087 1895 exemplum
1131 1820 1667 1877 circumamhientis
1717 1820 1922 1874 faciem
1954 1819 2132 1875 Mosis

427 1917 679 1988 Spiritus
739 1914 958 1987 gloriae,
1032 1914 1101 1968 ad
1156 1910 1504 1983 cognitionis
1562 1910 2131 1981 representationem

425 2008 581 2064 haud
628 2006 803 2061 dubie
863 2004 1218 2059 conformem
1253 2003 1443 2057 refert.
1500 2003 1571 2055 At
1629 2000 1848 2071 igitur:
1886 1997 2036 2066 Quod
2085 2002 2133 2053 si

424 2096 771 2151 ministratio
828 2095 1024 2149 mortis
1081 2092 1283 2148 litteris
1337 2090 1636 2159 deformata
1691 2091 1751 2144 in
1836 2088 2129 2155 lapidibus,

2326 842 2442 895 KA’.
2477 843 2538 897 Ὁ
2577 840 2721 902 θεῖος
2772 841 3079 905 ἀπόστολος
3135 841 3353 906 Παῦλος
3402 841 3788 920 ἀκριϐέστερόν
3841 870 3900 905 τε

2245 928 2334 983 καὶ
2396 929 2825 1005 τηλαυγέστερον
2901 932 2962 986 τὸ
3029 930 3243 994 ἐντελές
3306 936 3402 988 τοῦ
3467 935 3901 1010 Χριστιανισμοῦ

2250 1023 2548 1094 μυστήριον
2608 1023 2803 1096 ἑκαστῃ
2862 1022 3188 1097 πιστευούσῃ
3254 1027 3408 1098 ψυχῇ
3458 1022 3764 1097 δεδήλωκε,
3836 1026 3902 1083 δι’

2245 1108 2486 1185 ἐνεργίας
2520 1108 2665 1173 θείας
2712 1110 2788 1173 εἷς
2839 1117 3028 1185 πεῖραν
3079 1111 3214 1166 ἰέναι
3246 1130 3259 1143 ·
3285 1112 3417 1187 ὅπερ
3467 1113 3634 1186 ἐστὶν,
3667 1118 3703 1184 ἡ
3736 1116 3902 1171 ἐπου-

2248 1198 2434 1274 ρανίου
2477 1200 2659 1274 φωτὸς
2695 1200 2747 1255 ἐν
2776 1199 3123 1275 ἀποκαλύψει
3166 1201 3255 1255 καὶ
3306 1199 3528 1275 δυνάμει
3584 1209 3683 1259 τοῦ
3729 1207 3897 1261 Πνεύ-

2249 1309 2417 1361 ματος
2492 1284 2771 1363 ἔλλαμψις
2807 1309 2821 1323 ·
2858 1288 2954 1346 ’ίνα
3014 1292 3091 1363 μή
3180 1312 3262 1353 τις
3318 1291 3409 1346 τὸν
3479 1290 3569 1347 διὰ
3631 1296 3892 1369 γνώσεως

2242 1379 2536 1450 νοημάτων
2604 1380 2888 1455 φωτισμὸν
2964 1382 3059 1434 τοῦ
3161 1380 3470 1453 Πνεύματος
3532 1381 3700 1455 μόνον
3764 1384 3895 1437 εἶναι

2243 1469 2494 1539 νομίσας,
2540 1466 2855 1542 κινδυνεύσῃ
2904 1466 2972 1521 δι’
3023 1467 3237 1541 ἄγνοιάν
3270 1490 3325 1523 τε
3357 1470 3445 1523 καὶ
3498 1468 3769 1545 ῥᾳθυμίαν
3801 1476 3896 1527 τοῦ

2242 1556 2455 1612 τελείου
2485 1561 2585 1621 τῆς
2614 1558 2842 1631 χάριτος
2872 1557 3167 1632 ἀποτυχεῖν
3207 1561 3533 1631 μυστηρίου.
3588 1560 3688 1615 Διᾶ
3733 1565 3895 1617 τοῦτο

2242 1646 2330 1699 καὶ
2363 1646 2426 1700 τὸ
2469 1644 2772 1721 ὑπόδειγμα
2827 1653 2929 1716 τῆς
2977 1651 3056 1718 τῷ
3113 1647 3395 1721 προσώπῳ
3452 1648 3695 1711 Μωσέως
3740 1671 3894 1725 περι-

2239 1734 2491 1806 κειμένης
2522 1739 2620 1789 τοῦ
2672 1735 2985 1806 Πνεύματος
3028 1732 3187 1809 δόξης
3231 1736 3307 1798 εἷς
3358 1737 3691 1810 παράστασιν
3738 1739 3892 1812 ὡμο-

2243 1823 2552 1898 λογημένην
2599 1833 2699 1895 τῆς
2746 1827 3000 1898 γνώσεως
3044 1827 3266 1901 ἤνεγκεν
3300 1828 3466 1905 ’φησί
3516 1826 3649 1904 γοῦν
3684 1828 3787 1884 Ἐἰ
3837 1827 3891 1884 δὲ

2240 1917 2275 1984 ἡ
2346 1913 2594 1970 διακονία
2668 1920 2766 1971 τοῦ
2851 1916 3082 1971 Θανάτου
3148 1913 3199 1970 ἐν
3272 1918 3587 1990 γράμμασιν
3682 1916 3893 1973 ἐντετυ-

2241 2006 2466 2078 πωμένη
2527 2004 2579 2058 ἒν
2643 2002 2820 2067 λίθοις
2904 2002 3131 2081 ἐγενηθη
3218 2002 3268 2059 έν
3339 2003 3517 2079 δόξῃ,
3596 2006 3736 2062 ὣστε
3815 2010 3886 2081 μή

2244 2092 2494 2149 δύνασθαι
2552 2093 2678 2155 τοὺς
2737 2091 2886 2155 υἱοὺς
2952 2090 3175 2167 Ἰσραὴλ
3247 2093 3483 2149 ἀτενίσαι
3570 2094 3648 2159 εἷς
3720 2095 3891 2169 πρόσ-

421 2184 531 2250 fuit
562 2184 623 2240 in
653 2181 856 2252 gloria,
893 2184 978 2237 ita
1009 2189 1066 2236 ut
1096 2196 1205 2235 non
1254 2185 1467 2250 possent
1496 2176 1779 2232 intendere
1807 2175 1917 2245 ﬁlii
1963 2178 2108 2232 Israe

2242 2205 2380 2238 ωτον
2422 2182 2662 2244 Μωσέως
2704 2180 2793 2236 διὰ
2853 2182 2953 2252 τὴν
3012 2180 3167 2253 δόξαν
3225 2187 3323 2238 τοῦ
3382 2184 3683 2258 προσώπου
3724 2186 3892 2240 αὐτοῦ

422 2277 481 2331 in
504 2274 705 2346 [aciem
762 2272 952 2344 Moysi,
1008 2279 1228 2342 prapter
1280 2270 1521 2340 gloriam
1574 2268 1753 2321 vultus
1807 2267 1945 2333 eius,
2001 2278 2129 2337 qua?

420 2372 764 2432 evacuatur;
795 2362 1059 2435 quomodo
1107 2378 1215 2417 non
1274 2362 1452 2429 magis
1492 2360 1830 2413 ministratio
1888 2354 2127 2426 Spiritus

421 2456 525 2508 erit
570 2454 633 2509 in
692 2453 926 2521 gloria?
974 2451 1109 2505 Nam
1156 2450 1206 2503 si
1261 2449 1593 2501 ministratio
1650 2446 2020 2499 damnationis
2067 2446 2126 2498 in

420 2542 608 2609 gloria
637 2544 734 2608 est,
789 2540 963 2593 multo
1014 2538 1195 2605 magis
1216 2535 1459 2590 abundat
1491 2533 1866 2589 ministerium
1886 2529 2128 2602 justitiz

422 2629 486 2683 in
533 2630 730 2698 gloria.
763 2627 902 2681 Nam
929 2641 1030 2679 nec
1072 2624 1440 2693 gloriﬁcatum
1496 2626 1572 2677 est
1619 2621 1759 2691 quod
1806 2621 2009 2675 claruit
2064 2619 2125 2673 in

422 2718 523 2773 hac
554 2727 709 2788 parte
727 2720 944 2787 propter
966 2714 1326 2769 excellentem
1382 2713 1637 2781 gloriam.
1672 2711 1733 2766 Si
1786 2710 1933 2766 enim
1989 2710 2127 2781 quod

420 2815 718 2863 evacuatur
764 2821 859 2875 per
897 2806 1133 2874 gloriam
1184 2810 1265 2858 est
1285 2822 1305 2869 ;
1336 2802 1507 2856 multo
1535 2802 1716 2869 magis
1748 2800 1889 2871 quod
1942 2806 2126 2854 manet

418 2900 479 2954 in
508 2899 689 2969 gloria
733 2905 812 2951 est
841 2895 906 2949 6°.
942 2894 1089 2963 Quod
1118 2898 1439 2957 evacuatur,
1491 2891 1638 2947 dixit
1698 2890 1910 2945 idcirco
1968 2890 2123 2961 quod

417 2987 650 3043 mortali
703 2985 929 3058 corpori
988 2984 1164 3039 Mosis
1211 2982 1734 3053 circumati‘ulgeret
1802 2980 1905 3035 illa
1975 2980 2125 3035 lucis

416 3077 621 3148 gloria.
657 3076 975 3147 Suhjungit
1009 3092 1022 3131 :
1064 3074 1328 3129 Habentes
1358 3075 1533 3144 igitur
1554 3071 1725 3126 talem
1754 3086 1922 3141 spem,
1952 3070 2126 3125 multa

419 3166 623 3238 ﬁducia
652 3168 873 3222 utimur
899 3164 967 3220 ⁶¹.
1030 3165 1095 3219 Et
1154 3178 1491 3234 progressus
1547 3162 1804 3233 paulum,
1873 3161 2128 3216 ostendit

417 3258 805 3312 immortalem
858 3255 1017 3309 illam
1090 3254 1343 3324 Spiritus
1395 3252 1454 3305 in
1486 3250 1817 3322 apocalypsi
1854 3251 2120 3321 gloriam,

418 3346 657 3400 nuncin
691 3343 1025 3409 immortali,
1074 3343 1169 3411 qui
1204 3342 1348 3395 latet
1399 3341 1579 3405 intus,
1640 3339 1897 3405 homine,
1933 3339 2125 3403 dignis

416 3430 829 3486 immortaliter
903 3433 959 3485 ct
1018 3427 1490 3482 inevacuabiliter
1567 3425 1951 3497 resplendere.
2031 3425 2125 3480 Ait

416 3535 555 3591 ergo
591 3536 603 3573 :
638 3521 747 3573 Nos
780 3533 902 3573 vero
933 3532 1117 3571 omnes
1138 3516 1269 3585 (hoc
1298 3520 1406 3579 est,
1443 3531 1542 3585 per
1574 3515 1747 3569 fidem
1806 3515 2116 3586 perfectam

2238 2274 2336 2341 τὴν
2395 2271 2840 2346 καταργουμένην
2875 2290 2887 2303 ·
2925 2270 3081 2343 πόσῳ
3149 2270 3362 2344 μᾶλλον
3402 2274 3436 2341 ἡ
3488 2269 3739 2328 διακονία
3791 2278 3893 2329 τοῦ

2238 2363 2551 2433 Πνεύματος
2609 2355 2757 2415 ἔσται
2800 2359 2851 2415 ἐν
2914 2357 3092 2434 δοξῃί
3158 2358 3217 2415 Εἰ
3274 2362 3376 2436 γὰρ
3419 2362 3454 2429 ἡ
3488 2358 3737 2416 διακονία
3792 2370 3891 2431 τῆς

2236 2449 2601 2524 κατακρίσεως
2659 2447 2785 2518 δόξα
2818 2466 2832 2480 ’
2919 2449 3119 2522 πολλῷ
3180 2447 3395 2523 μᾶλλον
3462 2449 3804 2524 περισσεύσει
3856 2454 3891 2520 ἡ

2238 2538 2480 2595 διακονία
2544 2547 2646 2609 τῆς
2717 2537 3067 2609 δικαιοσύνης
3133 2536 3185 2592 ἒν
3243 2536 3421 2614 δόξῃ·
3496 2539 3588 2594 καὶ
3667 2542 3771 2614 γὰρ
3832 2540 3889 2595 οὗ

2237 2625 2546 2698 δεδόξασται
2586 2632 2646 2682 τὸ
2688 2625 3098 2700 δεδοξασμένον,
3158 2626 3208 2682 ἐν
3249 2628 3426 2701 τούτῳ
3496 2629 3646 2702 μέρει
3712 2628 3890 2685 ἕνεκεν

2234 2726 2332 2786 τῆς
2374 2712 2829 2791 ὑπερϐαλλούσης
2872 2716 3051 2788 δόξης,
3096 2718 3156 2773 Εἰ
3206 2717 3308 2793 γὰρ
3347 2719 3409 2772 τὸ
3447 2718 3890 2794 καταργούμενον

2237 2807 2326 2861 διὰ
2365 2804 2545 2876 δόξης,
2587 2805 2786 2877 πολλῷ
2830 2805 3043 2879 μᾶλλον
3073 2805 3136 2861 τὸ
3169 2804 3324 2879 μένον
3378 2807 3431 2861 ὲν
3484 2804 3641 2880 δόξῃ.
3688 2814 3892 2883 Καταρ-

2236 2896 2504 2970 γούμενον
2538 2893 2721 2969 εἴρηκε
2753 2893 2842 2950 διὰ
2870 2896 2931 2950 τὸ
2963 2897 3143 2968 θνητῷ
3173 2896 3386 2967 σώματι
3415 2898 3696 2959 Μωυσέως
3736 2918 3892 2971 περι-

2235 2986 2443 3040 κεῖσθαι
2472 2986 2569 3053 τὴν
2616 2989 2712 3040 τοῦ
2748 2986 2927 3063 φωτὸς
2969 2983 3144 3057 δόξαν.
3197 2984 3418 3059 Ἑπάγει
3455 3005 3466 3015 ·
3493 2988 3763 3060 Ἔχοντες
3799 2985 3886 3041 οὖν

2237 3071 2435 3129 ἐλπίδα
2499 3072 2687 3147 πολλῇ
2764 3074 3041 3149 παῤῥησιᾳ
3098 3075 3412 3148 χρώμεθα.
3493 3076 3596 3129 Καὶ
3675 3072 3889 3149 προϐάς

2240 3165 2431 3237 μικρὸν
2482 3158 2648 3232 ἔδειξε
2694 3163 2791 3231 τήν
2841 3164 3096 3218 ἀθάνατον
3152 3163 3361 3233 ἐκείνην
3417 3167 3513 3218 τοῦ
3574 3164 3893 3239 Πνεύματος

2235 3254 2286 3308 ἐν
2326 3253 2667 3328 ἀποκαλύψει
2720 3250 2895 3323 δόξαν,
2940 3258 3029 3308 νῦν
3082 3253 3133 3308 ἐν
3185 3258 3265 3325 τῷ
3318 3254 3571 3326 ἀθανάτῳ
3626 3259 3727 3310 τοῦ
3784 3252 3890 3312 ἔσω

2234 3343 2525 3417 ἀνθρώπου
2556 3349 2672 3404 τοῖς
2716 3342 2887 3413 ἀξίοις
2930 3343 3207 3400 ἀθανάτως
3247 3363 3305 3397 τε
3354 3343 3440 3397 καὶ
3490 3342 3889 3419 ἀκαταργήτως

2233 3431 2612 3505 ἐλλάμπεσθαι
2643 3478 2655 3491 ,
2709 3431 2855 3501 Φησὶ
2914 3436 3042 3507 γοῦν
3080 3436 3312 3505 ’Ἡμεῖς
3362 3429 3417 3486 δὲ
3464 3430 3681 3502 παντες,
3740 3436 3889 3489 τοῦτ’

2232 3518 2374 3575 ἔστιν
2412 3567 2428 3591 ,
2488 3523 2537 3575 οἱ
2596 3523 2729 3576 κατὰ
2787 3520 2997 3577 τελείαν
3057 3521 3236 3577 πίστιν
3295 3521 3354 3575 ἐκ
3415 3521 3512 3576 τοῦ
3572 3522 3887 3595 Πνεύματος

414 3579 514 3662 exv
540 3606 756 3676 Spiritu
818 3607 1019 3677 geniti)
1080 3579 1314 3661 reuelato
1371 3579 1513 3675 facie
1582 3579 1825 3675 gloriam
1906 3605 2108 3659 Domin:

2236 3610 2544 3686 γενηθέντες
2579 3653 2593 3680 ,
2653 3610 3152 3684 ἀνακεκαλυμμένῳ
3222 3612 3503 3683 προσώπῳ
3558 3612 3657 3679 τὴν
3725 3609 3883 3683 δόξαν

408 3697 765 3768 speculantes,
820 3696 879 3751 in
939 3695 1181 3750 eamdem
1268 3696 1575 3762 imaginem
1647 3694 2119 3764 transformamur

406 3803 440 3841 a
468 3785 725 3842 claritate
764 3788 822 3839 in
843 3786 1186 3850 claritatem,
1212 3791 1479 3855 tanquam
1508 3801 1539 3837 a
1564 3784 1780 3839 Domini
1810 3784 2024 3854 Spiritu
2049 3782 2115 3838 6‘.

408 3877 678 3933 Reoalata
709 3879 880 3945 facie,
913 3878 1121 3932 animae
1172 3874 1424 3941 scilicet;
1457 3880 1514 3929 et
1563 3874 1797 3945 quando
1850 3890 2117 3930 reversus

411 3967 545 4038 quis
580 3968 753 4023 fuerit
784 3967 854 4022 ad
902 3966 1239 4031 Dominum,
1299 3964 1535 4020 tolletur
1589 3964 1872 4019 velamen.
1938 3965 2119 4019 Domi-

408 4073 515 4112 nus
545 4064 734 4112 autem
799 4056 1037 4127 Spiritus
1060 4060 1132 4110 est
1162 4053 1230 4110 63.
1264 4055 1565 4110 Manifesta
1622 4053 1802 4125 igitur
1833 4070 1935 4124 per
1991 4053 2112 4108 haec

411 4148 757 4201 monstravit
837 4144 1096 4200 velamen
1183 4144 1555 4197 tenebrarum
1642 4144 2117 4212 superinjectum

415 4234 603 4288 fuisse
635 4235 866 4299 animas,
901 4233 1055 4302 quod
1098 4232 1168 4285 ab
1222 4232 1424 4285 Adami
1484 4231 1939 4302 transgressione
1971 4247 2121 4286 cam-

413 4335 554 4390 pum
592 4321 797 4375 habuit
857 4326 1122 4374 naturam
1186 4319 1497 4373 humanam
1550 4320 1922 4389 pervadendi.
1957 4319 2119 4377 Nunc

410 4414 606 4464 autem
640 4424 739 4478 per
794 4408 1241 4462 illustratiouem
1296 4407 1549 4478 Spiritus
1581 4407 1637 4461 id
1679 4408 1889 4464 auferri
1922 4426 1953 4465 e
1985 4410 2121 4467 lide-

411 4498 570 4551 libus
601 4502 658 4552 et
687 4512 817 4551 vere
847 4498 1041 4569 dignis
1072 4497 1381 4552 animabus
1413 4513 1426 4551 :
1461 4513 1587 4568 quae
1620 4503 1677 4553 et
1704 4514 1879 4553 causa
1901 4498 2119 4557 Christi

410 4585 698 4643 adventus
751 4587 879 4643 fuit.
914 4588 1057 4642 Nam
1096 4587 1211 4643 Deo
1244 4586 1587 4659 complacuit
1622 4590 1692 4644 ad
1723 4588 1896 4645 talem
1956 4608 2119 4647 men-

411 4694 613 4735 suram
645 4678 974 4735 sanctitatis
1006 4678 1333 4750 pertingere
1376 4694 1509 4744 sos,
1543 4680 1640 4750 qui
1672 4696 1802 4735 vere
1834 4681 1891 4736 in
1925 4682 2115 4753 ipsum

410 4769 681 4827 credunt.

2231 3702 2438 3775 Κυρίου
2522 3700 2995 3777 έναπτριζόμεθα,
3056 3701 3133 3764 εἷς
3200 3700 3365 3771 αὑτὴν
3449 3700 3628 3757 εἰκόνα
3714 3722 3882 3773 μετα-

2233 3790 2603 3867 μορφούμενοι
2675 3792 2780 3846 ἀπὸ
2856 3787 3010 3861 δόξας
3070 3792 3145 3853 εἰς
3224 3792 3380 3861 δόξαν
3456 3792 3697 3865 καθάπερ
3772 3792 3879 3847 ἀπὸ

2231 3880 2432 3953 Κυρίου
2475 3879 2806 3952 Πνεύματος.
2868 3881 3399 3953 Ἀνακεκαλυμμένῳ
3447 3882 3748 3954 προσώπῳ,
3798 3884 3880 3951 τῷ

2228 3977 2329 4038 τῆς
2362 3973 2546 4044 ψυχῆς
2581 3967 2819 4039 δηλαδή
2850 3970 2939 4023 καὶ
2970 3969 3131 4039 ἡνίκα
3170 3966 3226 4024 δὲ
3275 3967 3571 4044 ἐπιστρέψῃ
3611 3989 3695 4031 τις
3743 3969 3881 4043 πρὸς

2230 4058 2453 4132 Κύριον,
2504 4063 2867 4132 περιαιρεῖται
2910 4060 2971 4112 τὸ
3018 4056 3305 4131 κάλυμμα.
3350 4060 3411 4114 Ὀ
3462 4056 3517 4112 δὲ
3573 4057 3772 4129 Κύριος
3822 4059 3879 4112 τὸ

2232 4150 2450 4219 Ι]νεῦμά
2480 4146 2612 4206 ἐστι.
2648 4152 2901 4223 Φανερῶς
2947 4145 3037 4203 οὖν
3090 4145 3178 4203 διὰ
3222 4147 3431 4203 τούτων
3480 4144 3746 4220 ἀπέδειξε,
3793 4147 3883 4202 κᾶ-

2230 4236 2429 4309 λυμμα
2488 4238 2715 4300 σκότους
2774 4232 3162 4307 ἐπιϐεϐκῆσθαι
3218 4241 3285 4311 τῇ
3346 4240 3522 4312 ψυχῇ,
3584 4238 3721 4303 ὅπερ
3778 4237 3882 4292 ἀπὸ

2227 4332 2326 4392 τῆς
2357 4329 2452 4378 τοῦ
2502 4323 2684 4398 Ἀδὰμ
2722 4320 3077 4398 παραϐάσεως
3117 4326 3307 4400 χώραν
3347 4323 3477 4399 ἔσχε
3522 4323 3599 4386 εἰς
3650 4326 3750 4393 τὴν
3795 4326 3882 4380 ἀνι

2228 4414 2562 4485 θρωπότητα
2592 4413 2915 4488 παραδῦναι.
2948 4415 3083 4471 Νυνὶ
3116 4412 3173 4469 δὲ
3208 4415 3311 4469 ὑπὸ
3338 4420 3439 4483 τῆς
3483 4417 3581 4469 τοῦ
3632 4414 3884 4488 Πνεύμα-

2226 4502 2318 4563 τὸς
2353 4500 2683 4575 ἐλλάμψεως
2729 4504 3123 4578 περιαιρεῖσθαι
3173 4507 3336 4558 τοῦτο
3374 4507 3480 4558 τῶν
3529 4507 3742 4558 πιστῶν
3791 4505 3881 4558 καὶ

2227 4592 2388 4663 ἀξίων
2427 4597 2507 4665 τῷ
2538 4590 2651 4647 ὄντι
2684 4593 2880 4668 ψυχῶν
2912 4615 2923 4629 ·
2969 4592 3039 4649 δι’
3069 4595 3138 4663 ἤν
3184 4592 3359 4650 αἰτίαν
3409 4595 3499 4649 καὶ
3528 4594 3565 4660 ἡ
3598 4591 3814 4657 ξλευσις
3844 4598 3879 4665 ἡ

2226 4687 2322 4738 τοῦ
2354 4684 2590 4758 Χριστοῦ
2618 4686 2900 4760 γεγένηται
2937 4704 2947 4716 '
2991 4684 3066 4747 εἰς
3096 4704 3197 4761 γνρ
3241 4688 3469 4741 τοιαῦτα
3502 4682 3672 4757 μέτρα
3720 4685 3881 4760 ἁγιό-

2223 4793 2388 4844 τητος
2421 4773 2615 4853 φθάσαι
2647 4772 2773 4836 τοὺς
2800 4773 2884 4829 ἐπ’
2913 4773 3174 4844 ἀληθείας
3193 4773 3543 4835 πιστεύοντας
3568 4770 3877 4845 ηὐδόκησεν

2226 4866 2254 4918 ὁ
2285 4866 2435 4927 Θεός.

481 4943 650 5000 XXII.
686 4945 780 5013 Ea,
813 4947 885 5002 de
933 4963 1052 5019 qua
1100 4948 1324 5004 dictum
1355 4953 1462 5016 est,
1494 4949 1736 5020 Spiritus
1794 4949 2108 5018 irradiatio,

2293 4961 2412 5011 KB’.
2448 4959 2511 5009 Ἡ
2561 4957 2808 5027 τοιαύτη,
2850 4976 3004 5033 φησι,
3052 4960 3149 5011 τοῦ
3196 4958 3513 5030 Πνεύματος
3568 4953 3877 5032 ἔλλαμψις,

408 5052 521 5092 non
555 5034 745 5091 solum
769 5036 1255 5093 intellectualium
1290 5054 1573 5094 sensuum
1606 5039 1876 5095 revelatio
1906 5044 2016 5104 est,
2055 5043 2111 5095 et

406 5124 761 5181 illuminatio
817 5128 1052 5198 gratiae;
1084 5128 1183 5183 sed
1234 5128 1656 5197 substantialis,
1700 5140 1750 5185 et
1782 5130 2106 5186 subsisten-

414 5217 490 5272 tis
522 5215 664 5271 lucis
693 5215 791 5271 ina
806 5217 1080 5272 nimahus
1096 5216 1353 5273 emissio.
1377 5218 1521 5275 Nam
1547 5218 1727 5275 illud:
1756 5221 2109 5287 Quidixilde

407 5308 645 5362 tenebris
703 5309 888 5364 lumen
941 5309 1327 5379 splendescere,
1367 5312 1482 5379 ipse
1522 5311 1716 5366 illuxit
1743 5316 1802 5367 in
1859 5314 2107 5369 cordibus

402 5399 608 5452 nostris
636 5397 707 5452 ad
761 5399 1231 5455 illuminationem
1259 5401 1502 5456 scientiae
1550 5401 1834 5459 claritatis
1886 5404 1983 5460 Dei
2042 5403 2103 5458 in

2220 5045 2328 5120 οὐχ
2359 5046 2473 5099 οἷον
2508 5053 2800 5119 νοημάτων
2836 5044 2995 5118 μόνον
3045 5043 3411 5119 ἀποκάλυψίς,
3454 5044 3568 5102 ἐατι
3614 5047 3711 5101 καὶ
3763 5068 3877 5123 cptu-

2216 5134 2412 5207 τισμὸς
2472 5134 2718 5209 χάριτος,
2777 5131 2958 5207 ὥσπερ
3014 5133 3247 5206 εἷ’ρηται,
3305 5132 3435 5189 ἄλλ’
3504 5136 3878 5191 ὑποστατικοῦ

2216 5224 2394 5300 φωτὸς
2445 5221 2496 5278 ἐν
2546 5227 2666 5284 ταῖς
2707 5226 2911 5298 ψυχαῖς
2966 5218 3157 5297 βεϐαία
3202 5223 3290 5278 καὶ
3351 5220 3611 5294 διηνεκὴς
3663 5222 3879 5297 ἔλλαμ-

2214 5319 2327 5389 ψις.
2376 5314 2445 5369 Τὸ
2491 5312 2590 5389 γάρ
2626 5332 2637 5345 ⁸
2696 5313 2876 5369 Eia-inv
2931 5312 2990 5369 ἐκ
3044 5314 3273 5377 σκότους
3330 5315 3393 5370 τὸ
3441 5318 3557 5381 φῶς
3615 5314 3874 5389 λάμψαι,

2214 5404 2243 5458 ’ὀ
2295 5398 2536 5477 ἔλαμψεν
2588 5401 2639 5457 ἐν
2698 5400 2947 5477 καρδίαις
3002 5406 3165 5477 ἡμῶν
3222 5405 3357 5479 πρὸς
3418 5404 3706 5482 φωτισμὸν
3777 5411 3877 5474 τῆς

471 5591 519 5629 ⁸⁸
550 5596 715 5651 Rom.
750 5612 871 5667 vm,
912 5599 1002 5654 28.
1078 5600 1123 5635 δ’
1172 5598 1318 5658 Psal.
1391 5618 1581 5664 cxvm,
1641 5602 1731 5658 6i.
1807 5601 1925 5658 “Il
1960 5601 2088 5659 Cor.

2261 5604 2317 5662 7.
2394 5603 2440 5639 σί
2473 5604 2522 5661 II
2564 5603 2692 5661 Cor.
2724 5620 2777 5674 v,
2842 5604 2930 5660 12.
3005 5604 3052 5640 ⁸³
3084 5604 3230 5661 Ibid.
3266 5605 3352 5660 18.
3428 5604 3477 5639 ⁸³
3508 5603 3559 5660 ΙΙ
3616 5603 3749 5664 Cor.
3783 5621 3865 5676 ιιι,

404 5663 487 5720 19.
