4076 6206
281 355 401 416 957

281 488 536 563 γνώσεως
587 492 686 556 τῆς
731 484 893 559 δόξης
949 489 1046 541 τοῦ
1103 487 1359 562 Χριστοῦ.
1421 491 1522 546 Καὶ
1567 493 1629 548 τὸ
1672 513 1684 526 ⁸

284 598 375 632 σον
429 578 559 640 τοὺς
630 575 948 653 ὀφθαλμούς
1033 597 1159 649 μου,
1218 581 1432 651 μήποτε
1527 581 1759 638 ὑπνώσω
1855 583 1931 648 εἷς

280 669 506 722 θάνατον
555 687 568 700 ⁸
611 669 886 724 τουτέστιν
927 687 940 701 ⁸
1008 666 1102 723 ’ίνα
1162 672 1238 742 μή
1301 670 1542 744 λυομένη
1596 682 1693 744 τῆς
1734 678 1928 749 σαρκὸς

279 759 314 825 ἡ
361 758 516 832 ψυχὴ
559 757 933 826 ἀποσκοτῆται
990 762 1069 830 τῷ
1127 764 1226 814 τοῦ
1287 761 1517 816 θανάτου
1576 771 1674 832 τῆς
1740 766 1930 826 κακίας

665 867 678 881 ⁸
737 848 876 920 πρὸς
935 845 991 902 δὲ
1047 849 1136 902 καὶ
1194 848 1255 904 τό
1299 869 1311 882 ⁸
1370 851 1745 926 Ἀποκάλυψον
1802 855 1928 916 τοὺς

279 933 603 1012 ὀφθαλμούς
667 958 772 1010 μου
845 936 945 1010 ἔτι,
1002 938 1092 993 καῖ
1148 943 1470 1010 κατανοήσω
1537 943 1601 996 τὰ
1660 943 1930 1017 θαυμάσια

279 1022 340 1078 ἐκ
391 1029 493 1078 τοῦ
554 1026 727 1098 νόμου
768 1047 862 1082 σου
919 1046 932 1062 ⁸
996 1028 1099 1084 Καὶ
1152 1029 1214 1084 τό
1268 1048 1282 1063 ⁸
1344 1031 1756 1100 Ἐξαπόστειλον
1816 1036 1929 1109 φῶς

281 1132 378 1168 σου
428 1116 517 1168 καὶ
575 1117 672 1185 τήν
732 1114 989 1187 ἀλήθειάν
1055 1139 1150 1173 σου
1193 1123 1208 1149 ⁶
1270 1120 1403 1174 αὑτά
1471 1141 1537 1193 με
1593 1119 1928 1195 ὁδηγήσουσι

278 1203 372 1258 καὶ
420 1201 635 1275 ἄξουσιν
693 1203 770 1270 εἷς
824 1205 953 1280 ὅρος
1008 1207 1163 1283 ἅγιόν
1220 1229 1338 1277 σου,
1397 1209 1487 1264 καὶ
1545 1209 1620 1272 εἰς
1677 1210 1744 1265 τὰ
1799 1232 1928 1280 σκη-

278 1293 506 1367 νώματά
557 1316 652 1350 σου
685 1311 700 1329 ⁸
767 1294 915 1351 ἀλλὰ
973 1299 1081 1372 μην
1141 1299 1230 1355 καὶ
1280 1300 1342 1355 τό
1376 1317 1390 1332 ⁸
1443 1301 1796 1374 Ἐσημειώθη
1848 1301 1928 1378 ἐφ’

276 1384 427 1456 ἡμᾶς
483 1385 546 1440 τὸ
598 1388 714 1462 φῶς
759 1389 857 1441 τοῦ
915 1385 1212 1461 προσώπου
1271 1409 1390 1460 σου,
1450 1388 1538 1444 καὶ
1595 1389 1661 1444 τὰ
1736 1388 1927 1458 λοιπὰ,

274 1474 375 1542 τὴν
407 1474 574 1544 αὐτὴν
601 1473 931 1531 ἀκολουθίαν
962 1481 1060 1533 τοῦ
1093 1483 1301 1534 σκοποῦ
1332 1478 1684 1554 παρίστησιν.

349 1567 465 1619 Kl".
507 1563 605 1618 Καὶ
662 1569 742 1638 τῷ
797 1565 1046 1640 μακαρίῳ
1104 1565 1161 1623 δὲ
1209 1566 1408 1642 Παύλῳ
1439 1569 1571 1643 φησὶ
1620 1569 1682 1624 τὸ
1715 1566 1922 1640 ἐλλάμ-

275 1657 378 1726 ψαν
439 1651 488 1707 ἐν
520 1657 590 1727 τῇ
649 1651 760 1727 ὁδῷ
791 1659 926 1734 φῶς,
960 1653 1028 1711 δι’
1089 1658 1150 1711 οὗ
1193 1659 1280 1712 καὶ
1338 1658 1412 1720 εἷς
1458 1660 1642 1734 τρίτον
1701 1657 1924 1732 οὐρανὸν

273 1742 458 1816 ἦρται,
525 1741 612 1797 καὶ
667 1745 966 1816 μυστήριον
1031 1745 1325 1817 ἀλαλήτων
1385 1749 1659 1817 ἀκουστὴς
1719 1747 1925 1821 γίνεται

555 687 568 700 ⁸
611 669 886 724 τουτέστιν
927 687 940 701 ⁸

279 843 602 918 καλύμματι

1372 359 1600 421 LIBER
1644 363 1748 423 DE
1789 362 2234 425 LIBEBTATE
2279 364 2598 426 MENTIS.

3623 381 3742 440 958

1738 495 1914 550 Φώτι·

2092 500 2180 554 ιείε
2219 497 2426 553 Christi
2470 500 2598 555 Iesu
2640 497 2708 554 ⁶⁴.
2745 500 2812 557 Et
2843 501 3024 560 illud:
3053 504 3319 564 Illumina
3348 511 3533 568 oculos
3562 530 3742 580 meos;

2038 605 2108 644 ne
2133 604 2376 659 unquam
2413 588 2752 646 obdormiam
2783 593 2839 647 in
2889 600 3062 650 morte
3099 594 3164 650 ⁸⁵.
3202 595 3316 653 Hoc
3348 604 3460 666 est,
3503 618 3574 657 ne
3605 619 3738 660 cum

2039 676 2294 732 solvetur
2341 693 2512 733 carne
2551 681 2768 747 anima,
2801 683 3214 740 obtenebretur
3256 689 3456 744 mortis
3506 693 3738 748 malitiae

2039 766 2184 822 velo.
2238 765 2384 820 Illud
2436 779 2727 838 praeterea.
2771 773 2964 828 Revela
3013 776 3200 830 oculos
3249 795 3412 848 meos,
3455 788 3511 835 et
3556 786 3740 840 consi-

2037 855 2233 911 derabo
2283 857 2571 912 mirabilia
2630 859 2694 914 de
2760 861 2874 932 lege
2924 867 3019 918 tua
3085 864 3151 919 ⁸⁸.
3227 866 3373 923 Illud
3442 887 3672 943 quoque
3722 889 3736 929 :

2037 946 2240 1001 Emitte
2273 945 2450 1001 lucem
2489 952 2639 1003 tuam
2679 956 2730 1004 et
2763 955 3045 1008 veritatem
3073 963 3222 1010 tuam
3252 975 3270 1010 :
3304 960 3422 1025 ipsa
3460 977 3546 1017 me
3574 962 3741 1018 dedu-

2037 1042 2159 1089 cent
2191 1041 2242 1090 et
2281 1037 2556 1092 adducent
2599 1039 2660 1092 in
2712 1046 2952 1096 montem
3005 1051 3255 1100 sanctum
3306 1051 3465 1103 tuum
3495 1059 3543 1106 et
3572 1056 3629 1106 in
3658 1057 3742 1110 ta-

2039 1125 2336 1180 bernacula
2387 1131 2482 1180 tua
2521 1127 2585 1180 5“.
2637 1127 2751 1182 Sed
2801 1136 2855 1184 et
2887 1130 3023 1184 illud
3068 1134 3238 1188 etiam
3275 1152 3288 1188 :
3321 1136 3618 1205 Signatum
3659 1149 3739 1198 est

2035 1229 2203 1286 super
2231 1230 2326 1270 nos
2363 1217 2554 1271 lumen
2599 1218 2781 1272 vultus
2813 1217 2919 1286 tui,
2973 1220 3200 1276 Domine
3228 1221 3294 1276 ³⁸.
3330 1225 3397 1279 Et
3429 1229 3651 1300 reliqua
3679 1234 3738 1287 in

2041 1318 2215 1358 unam
2247 1306 2630 1377 eamdemque
2677 1322 2855 1377 quam
2892 1309 3168 1380 proposui
3216 1313 3564 1371 sententiam
3598 1332 3740 1374 con-

2039 1393 2287 1463 spirant.

2107 1573 2260 1629 218
2302 1573 2502 1630 XXIII.
2557 1574 2661 1632 Illa
2707 1576 2846 1633 item
2909 1596 3038 1650 qure
3079 1580 3246 1638 beato
3297 1583 3473 1642 Paulo
3503 1589 3734 1646 cireum-

2032 1663 2249 1730 fulsisse
2276 1663 2375 1718 tua:
2404 1662 2451 1698 ⁶⁹
2498 1665 2708 1721 dicitur
2740 1667 2800 1722 in
2835 1667 2942 1735 via,
2981 1687 3080 1738 per
3110 1688 3287 1742 quam
3320 1679 3377 1728 et
3410 1676 3467 1731 iu
3501 1679 3737 1737 tertium

2034 1754 2245 1807 caelum
2282 1755 2541 1808 elevatus
2579 1760 2668 1810 est
2705 1754 2771 1824 7°,
2819 1763 2875 1812 et
2906 1763 3313 1830 mysteriorum
3353 1763 3735 1825 ineﬂ‘abilium

275 1831 337 1886 οὐ
377 1833 667 1903 νοημάτων
713 1853 798 1895 τις
854 1835 944 1889 καὶ
997 1835 1250 1909 γνώσεως
1291 1839 1576 1916 φωτισμὸς
1645 1837 1734 1906 ἦν,
1775 1835 1914 1891 ἀλλὰ

279 1917 304 1942 9
392 1920 404 1942 ι
546 1941 553 1942 ,
655 1926 679 1937 ν
754 1924 765 1942 ›
850 1924 876 1942 Δ
917 1928 942 1939 ~
1007 1930 1050 1942 -ιι
1126 1925 1140 1942 ι
1442 1929 1488 1942 ιη
1549 1927 1562 1942 ο
1631 1927 1642 1942 ρ
1868 1923 1887 1942 9.

2092 1841 2266 1897 iditor
2306 1844 2510 1909 factus,
2555 1860 2667 1900 non
2702 1845 3191 1904 intellectualium
3239 1867 3522 1909 sensuum
3555 1860 3612 1909 et
3643 1872 3737 1911 co-

276 1917 557 1994 δυνάμεως
586 1926 683 1976 τοῦ
740 1924 946 1999 ἀγαθοῦ
1006 1925 1320 1997 Πνεύματος
1368 1929 1488 1981 καθ’
1543 1927 1833 1982 ὑπόστασιν
1866 1923 1918 1980 ἒν

275 2013 344 2090 τῇ
377 2013 530 2090 ψυχῇ
561 2009 860 2086 ἔλλαμψις,
895 2013 957 2068 οὗ
982 2015 1082 2083 τήν
1126 2011 1442 2091 ὑπερϐολήν
1471 2023 1570 2085 τῆς
1601 2014 1923 2089 λαμπρότη-

271 2119 368 2162 τος
407 2101 458 2152 οἱ
493 2103 592 2164 τῆς
643 2100 838 2172 σαρκὸς
878 2099 1155 2180 ὀφθαλμοὶ
1211 2106 1287 2176 μή
1339 2101 1696 2179 διενεγκόντες
1734 2104 1922 2158 ἀπετυ-

273 2187 595 2264 φλώθησαν,
650 2187 721 2244 δι’
769 2188 831 2245 οὗ
887 2193 1031 2247 πᾶσά
1087 2213 1145 2247 τε
1200 2198 1396 2268 γνῶσις
1454 2193 1919 2264 ἀποκαλύπτεται,

272 2279 359 2332 καὶ
401 2279 538 2352 πρὸς
570 2277 827 2351 ἀλήθειαν
871 2282 1000 2344 Θεὸς
1051 2286 1121 2356 τῇ
1153 2283 1273 2354 ἀξίᾳ
1309 2283 1398 2338 καὶ
1432 2283 1738 2359 φιλουμὲνῃ
1765 2286 1920 2358 ψυχῇ

270 2369 614 2442 γνωρίζεται.

345 2475 476 2535 ΚΔ’.
513 2479 661 2530 [Ιᾶσα
699 2477 852 2550 ψυχὴ
887 2473 977 2532 διᾶ
1011 2475 1255 2542 σπουδῆς
1313 2478 1402 2533 καὶ
1444 2477 1678 2540 πίστεως
1736 2477 1921 2535 τέλεον

271 2559 590 2618 ἐνδύσασθαι
646 2565 737 2620 τὸν
778 2565 1010 2640 Χριστὸν
1069 2564 1306 2622 ἐντεῦθεν
1373 2568 1512 2622 κατὰ
1579 2565 1802 2640 δύναμίν
1863 2587 1922 2621 τε

267 2655 358 2708 καὶ
411 2652 792 2730 πληροφορίαν
850 2655 1079 2730 χάριτος
1128 2658 1540 2726 καταξανθεῖσα,
1573 2657 1661 2711 καὶ
1700 2662 1781 2730 τῷ
1820 2657 1914 2713 ἐπ·

269 2741 510 2818 ουρανίῳ
564 2750 664 2813 τῆς
730 2743 1005 2820 ἀφθάρτου
1071 2746 1280 2809 εἰκόνος
1326 2747 1467 2822 φῶτὶ
1517 2746 1791 2815 ἔνωθεῖσα,
1823 2745 1919 2800 καὶ

268 2838 362 2888 νῦν
411 2834 506 2906 μὲν
559 2835 874 2908 μυστηρίων
941 2835 1209 2912 οὐρανίων
1273 2841 1474 2913 γνῶσιν
1525 2833 1578 2890 ἒν
1627 2835 1915 2890 ὑποστᾰσει

272 2928 487 2997 μυεῖται
516 2923 728 2978 πάντων
762 2940 776 2954 ⁸
827 2921 878 2977 ἐν
939 2921 995 2979 δέ
1045 2945 1107 2998 γε
1158 2928 1226 2998 τῇ
1279 2925 1495 3000 μεγάλῃ
1551 2928 1648 2993 τῆς
1698 2925 1922 2979 ἀναστά-

268 3033 404 3074 σεως
458 3014 640 3085 ἡμέρᾳ
693 3016 762 3086 τῇ
812 3013 949 3086 αὐτῇ
1020 3012 1324 3089 ἐπουρανίῳ
1381 3021 1482 3083 τῆς
1548 3010 1706 3086 δόξης
1754 3013 1920 3068 εἰκόνι

265 3105 357 3156 καὶ
395 3104 457 3156 τὸ
491 3107 647 3175 σῶμα
678 3101 877 3172 ταύτης
933 3099 1263 3174 ἐνδοξασθὲν,
1304 3104 1394 3158 καὶ
1431 3103 1536 3158 ὑπὸ
1583 3101 1919 3176 Πνεύματος,

266 3192 408 3246 κατὰ
462 3192 524 3246 τὸ
590 3191 972 3266 γεγραμμένον
1051 3193 1128 3254 εἷς
1199 3190 1462 3265 οὐρανοὺς
1518 3191 1775 3264 ἀρπαγὶν,
1824 3192 1914 3245 καί

2031 1932 2315 2000 gnitionis
2346 1931 2694 1989 illuminatio
2726 1942 2879 2002 erat;
2914 1939 3013 1991 sed
3047 1939 3274 1994 virtutis
3315 1941 3450 1997 boni
3482 1943 3736 2014 Spiritus

2033 2019 2092 2072 in
2159 2022 2490 2077 substantia
2554 2023 2613 2078 in
2670 2027 2868 2080 anima
2932 2027 3082 2082 facta
3141 2027 3444 2086 irradiatio
3496 2048 3509 2086 :
3563 2033 3736 2103 cujus

2033 2123 2333 2165 excessum
2383 2111 2714 2183 splendoris
2763 2131 2878 2170 non
2913 2116 3161 2172 ferentes
3193 2118 3387 2173 carnis
3417 2118 3592 2190 oculi,
3645 2138 3734 2178 ex-

2031 2201 2225 2254 caecati
2257 2207 2424 2269 sunt;
2459 2220 2562 2274 per
2616 2221 2788 2275 quam
2838 2211 2896 2262 et
2927 2207 3120 2264 omnis
3153 2210 3392 2264 scientia
3424 2212 3732 2281 reveletur,

2030 2295 2087 2345 et
2114 2292 2187 2346 ad
2221 2294 2516 2350 veritatem
2558 2301 2716 2352 Deus
2765 2297 2956 2367 dignis
3001 2304 3056 2354 et
3085 2306 3292 2356 amatis
3326 2301 3530 2358 anime
3563 2303 3734 2358 inno-

2030 2383 2215 2436 tescit.

2103 2471 2305 2527 XXIV.
2335 2472 2540 2529 Omnis
2589 2475 2806 2541 anima,
2860 2493 2990 2548 quas
3025 2493 3124 2549 per
3162 2479 3426 2535 studium
3457 2484 3513 2536 et
3555 2480 3732 2538 ﬁdem

2031 2562 2343 2628 perfectam
2380 2561 2438 2616 in
2487 2562 2699 2619 virtute
2745 2571 2802 2619 et
2872 2567 3042 2635 plena
3109 2568 3461 2624 certitudine
3508 2570 3730 2640 gratias,

2032 2647 2210 2718 digna
2261 2651 2409 2706 facta
2450 2657 2541 2707 est
2582 2669 2710 2722 qua:
2759 2653 3056 2709 Christum
3097 2655 3362 2711 indueret
3400 2657 3525 2727 jam
3570 2657 3729 2726 hinc,

2031 2741 2086 2791 st
2117 2741 2513 2810 supercmlesti
2556 2742 3026 2812 incorruptibiles
3057 2743 3332 2816 imaginis
3373 2745 3488 2801 luci
3538 2746 3730 2803 unire-

2035 2830 2152 2895 tur;
2183 2844 2251 2882 ea
2289 2846 2444 2884 nunc
2475 2832 2708 2901 quidem
2752 2832 3078 2902 cognitione
3134 2834 3460 2890 cmlestium
3513 2842 3731 2908 myste-

2031 2914 2250 2971 riorum
2296 2917 2354 2973 in
2424 2921 2773 2980 substantia,
2817 2927 2873 2975 et
2926 2932 3092 2992 prout
3141 2928 3303 2992 sunt,
3365 2925 3725 2995 impertitur;

2031 3003 2088 3058 in
2135 3022 2345 3075 magna
2377 3024 2507 3062 vero
2572 3011 3015 3066 resurrectionis
3064 3012 3175 3078 die,
3226 3014 3427 3069 eadem
3476 3014 3579 3070 illa
3629 3033 3729 3071 su-

2031 3095 2381 3166 percmlestis
2413 3098 2698 3154 claritatis
2751 3100 3006 3170 imagine
3036 3117 3246 3171 corpus
3279 3118 3514 3174 quoque
3543 3104 3728 3173 ipsius

2029 3184 2435 3254 gloriﬁcatum,
2481 3193 2538 3242 et
2567 3204 2600 3243 a
2647 3188 2890 3259 Spiritu,
2941 3190 3091 3244 sicut
3138 3191 3420 3260 scriptum
3451 3197 3541 3248 est
3567 3192 3635 3260 τί,
3669 3194 3727 3249 in

603 3248 614 3266 .
669 3248 705 3266 ..
767 3248 822 3266 ..
1116 3248 1127 3254 -
1268 3248 1277 3265 .
1448 3248 1460 3256 .
1555 3248 1564 3264 .
1678 3248 1688 3264 .
1764 3248 1775 3259 ,

268 3282 592 3362 σύμμορφον
650 3285 892 3361 γενέσφαι
950 3289 1030 3357 τῷ
1089 3283 1300 3358 σώματι
1357 3285 1456 3354 τής
1538 3281 1698 3353 δόξης
1749 3282 1912 3338 αὐτοῦ

2092 3273 2208 3329 elos
2258 3248 2521 3344 raptum:
2576 3283 2633 3333 et
2670 3248 2834 3333 tanta
2875 3248 3214 3347 dignatione
3261 3248 3635 3349 honoratum,
3669 3248 3730 3338 ut

267 3375 588 3446 καταξιωθὲν
638 3373 728 3427 καὶ
757 3376 855 3444 τὴν
915 3372 1191 3448 βασιλείαν
1250 3373 1469 3429 αἰώνιόν
1523 3393 1580 3428 τε
1618 3373 1708 3427 καὶ
1758 3370 1914 3427 ἀδιά-

269 3458 440 3537 ὃοχον
467 3463 554 3518 καὶ
591 3467 672 3535 τῷ
701 3466 926 3538 Χριστῷ
959 3462 1266 3540 σύγκληρω
1303 3460 1432 3532 ἕξει.

363 3645 379 3660 γ
431 3648 441 3662 ι
502 3645 514 3665 q
905 3639 953 3660 ’ἢ
1211 3639 1270 3658 ἢν
1399 3642 1413 3660 1
1496 3642 1506 3660 Ι
1779 3639 1792 3658 Ι

338 3645 460 3698 ΒΕ.
519 3642 731 3697 Οπόσον
779 3663 862 3704 τις
907 3642 1014 3713 ιοίᾳ
1063 3661 1274 3716 σπουοῃ
1327 3663 1415 3696 και
1447 3661 1624 3696 πιστει
1665 3646 1913 3713 Πνευμα-

262 3752 356 3794 τος
415 3731 572 3805 ἁγίου
631 3729 790 3801 δόξης
857 3732 1246 3801 κεκοινώνηκεν
1288 3731 1564 3806 οὐρανίου,
1624 3726 1804 3806 ἔργοις
1855 3749 1914 3786 τε

264 3819 488 3897 ἀγαθοῖς
539 3823 638 3891 τήν
695 3822 882 3898 ψυχὴν
950 3819 1298 3892 διεκόσμησε,
1364 3823 1624 3875 τοσοῦτον
1703 3817 1912 3888 ἐκείνης

261 3915 366 3978 τῆς
404 3907 612 3983 ἡμέρας
647 3908 792 3979 ἄξιον
831 3909 996 3964 αὐτοῦ
1026 3911 1306 3984 γενήσεται
1349 3909 1436 3962 καὶ
1476 3909 1538 3962 τὸ
1579 3911 1738 3976 σῶμα
1787 3926 1912 3958 συν-

261 3995 608 4068 δοξασθῆναι.
666 3998 735 4055 ’Ὀ
821 3998 921 4075 γάρ
983 4019 1066 4058 τις
1124 3992 1273 4052 ἔνδον
1344 3994 1738 4068 ἀπεθησαύρισε
1793 3997 1908 4058 νῦν,

255 4091 421 4141 τοῦτο
443 4087 682 4160 πρόεισιν
716 4083 817 4157 ἔξω
845 4087 968 4143 τότε
1000 4107 1012 4121 ⁸
1055 4087 1294 4160 καθάπερ
1321 4087 1348 4139 ὁ
1398 4083 1528 4139 εἶ’σω
1583 4087 1690 4138 τῶν
1731 4081 1906 4151 ξύλων

255 4178 312 4231 ἐν
366 4183 605 4251 χειμῶνι
653 4179 882 4251 καρπὸς,
941 4173 1041 4248 ἔξω
1098 4179 1234 4232 κατᾶ
1299 4176 1389 4230 τὸν
1468 4171 1627 4247 ἔαρος
1719 4171 1907 4245 καιρὸν

249 4268 456 4342 γίνεται
499 4288 510 4300 ·
559 4265 738 4338 ὥσπερ
773 4265 838 4336 δὴ
882 4268 970 4322 καὶ
1021 4267 1284 4342 πρότερον
1344 4263 1624 4335 ἐδηλώθη.
1658 4266 1772 4316 Τὼν
1807 4260 1906 4333 μὶν

253 4353 350 4410 οὖν
384 4356 545 4432 ἁγίων
576 4359 610 4426 ὴ
656 4353 898 4425 θεοειδής
939 4361 1035 4411 τοῦ
1097 4357 1407 4428 Πνεύματος
1466 4354 1623 4408 εἰκὼν
1674 4350 1780 4406 ἀπὸ
1811 4352 1908 4404 τοῦ

252 4449 350 4501 τῦν
381 4443 528 4502 ἔνδον
573 4444 750 4518 ὥσπερ
799 4444 1182 4513 ἒντυπωθεῖσα,
1212 4445 1301 4500 καὶ
1345 4444 1406 4499 τὸ
1460 4449 1619 4515 σῶμα
1678 4436 1910 4500 θεοειδὲς

248 4535 355 4604 ἔξω
407 4533 496 4589 καὶ
554 4534 808 4610 οὐρανιον
868 4533 1224 4610 ἀπεργάσεται
1271 4555 1282 4567 ⁸
1341 4537 1445 4588 τῶν
1501 4527 1761 4608 βεϐήλων
1849 4525 1908 4581 δὲ

2021 3365 2419 3436 conﬁguretur
2465 3367 2690 3437 corpori
2741 3367 2996 3423 claritate
3048 3369 3199 3439 ejus,
3270 3385 3516 3441 regnum
3565 3381 3730 3427 eter-

2023 3471 2164 3510 num
2231 3456 2637 3512 vicissitudine
2699 3459 3136 3515 successionum
3195 3477 3421 3528 carens,
3496 3460 3724 3520 Christo

2019 3544 2130 3616 ipsi
2163 3543 2382 3614 collega
2410 3551 2466 3600 et
2494 3563 2701 3602 consor
2741 3547 2974 3602 habebit
3005 3547 3070 3601 τε.

2091 3642 2256 3700 XXV.
2348 3645 2640 3709 Quantum
2691 3647 2820 3715 quis
2871 3647 3094 3718 proprio
3134 3648 3328 3704 studio
3392 3651 3450 3703 et
3496 3647 3609 3704 ﬁde
3657 3649 3728 3705 de

2021 3733 2238 3788 scelesti
2328 3734 2592 3790 claritate
2677 3735 2930 3804 Spiritus
3011 3737 3199 3790 sancti
3270 3735 3724 3809 participaverit,

2017 3824 2390 3892 animamque
2421 3824 2590 3878 bonis
2619 3825 2898 3893 operibus
2925 3826 3253 3892 ornaverit;
3290 3832 3448 3880 tanto
3481 3827 3722 3894 dignius

2019 3913 2232 3968 efﬁciet
2297 3928 2508 3981 corpus
2566 3929 2737 3968 suum
2799 3913 3236 3982 gloriﬁcatione,
3299 3929 3431 3982 quas
3499 3913 3581 3966 illi
3661 3914 3721 3967 in

2019 3999 2180 4054 illam
2221 4000 2668 4056 resurrectionis
2739 4001 2892 4054 diem
2947 4006 3292 4055 reservatur.
3342 4001 3501 4064 Quod
3563 4001 3721 4056 enim

2019 4092 2266 4160 quisque
2304 4090 2462 4142 intus
2529 4104 2681 4143 nunc
2747 4087 3028 4156 condidit,
3079 4094 3219 4144 tunc
3257 4087 3509 4159 prodibit
3566 4093 3720 4144 exte—

2019 4181 2174 4244 rius;
2222 4177 2718 4248 quemadmodum
2774 4193 2899 4248 quae
2950 4193 3051 4248 per
3102 4177 3337 4232 hiemen
3366 4175 3427 4232 in
3459 4177 3591 4232 sinu
3625 4193 3719 4232 ar-

2019 4268 2224 4322 borum
2273 4269 2415 4321 latet
2459 4266 2547 4321 vis
2594 4268 2928 4338 generativa
2977 4267 3304 4330 fructuum,
3361 4281 3540 4321 verna
3588 4274 3722 4320 tem-

2019 4357 2175 4428 perie
2214 4371 2272 4410 se
2323 4356 2478 4410 foras
2525 4356 2764 4422 exserit;
2827 4361 2890 4410 ut
2931 4361 2990 4411 et
3033 4355 3501 4410 demonstratum
3553 4369 3723 4426 supe-

2018 4446 2143 4500 rius
2174 4449 2275 4500 est.
2328 4443 2616 4515 Impressa
2661 4459 2798 4514 ergo
2849 4444 3139 4500 mentibus
3210 4452 3544 4499 sanctorum
3595 4443 3726 4497 dei-

2019 4534 2218 4589 formis
2260 4534 2451 4605 imago
2489 4534 2763 4603 Spiritus,
2818 4550 2947 4605 quae
3000 4533 3057 4589 in
3093 4536 3324 4593 occulto
3374 4550 3531 4590 nunc
3563 4535 3719 4602 latet,

249 4626 342 4679 καὶ
391 4622 732 4697 ἁμαρτωλῶν
788 4625 850 4680 τὸ
907 4627 1002 4678 τοῦ
1058 4627 1327 4696 κοσμικοῦ
1414 4621 1726 4694 Πνεύματος
1795 4618 1894 4672 κά-

2092 4641 2216 4694 rpus
2262 4640 2490 4695 quoque
2543 4625 2739 4681 divina
2804 4625 2997 4698 specie
3063 4627 3289 4695 induet,
3357 4630 3414 4682 et
3486 4626 3720 4681 caeleste

246 4713 448 4785 λυμμα
505 4707 799 4786 περιϐαλὸν
855 4714 954 4783 τήν
1015 4715 1221 4787 ψυχὴν,
1279 4714 1368 4766 καὶ
1424 4715 1492 4784 τῇ
1540 4713 1647 4764 τῶν
1708 4709 1891 4762 παθῶν

247 4799 523 4876 εἶδεχθείᾳ
543 4802 835 4870 σκοτεινὸν,
866 4801 925 4856 οἷ’
955 4822 1070 4874 μοι,
1093 4803 1185 4856 τὸν
1214 4798 1339 4854 νοῦν
1369 4799 1456 4853 καὶ
1488 4799 1779 4872 ἀσχήμονα
1807 4816 1898 4850 κα-

242 4898 541 4961 ταστῆσαν,
575 4892 846 4946 σκοτεινὸν
890 4890 1004 4962 ἅμα
1051 4890 1139 4944 καὶ
1197 4894 1257 4944 τό
1299 4893 1479 4962 σῶμα,
1547 4889 1636 4943 καὶ
1699 4885 1889 4961 αἰσχύο

245 5002 349 5052 νης
381 4977 608 5054 ἕμπλεω
645 4981 823 5051 πάσης
851 4973 1040 5050 ἔξωθεν
1073 4977 1430 5049 ἀποδείξεται.

323 5247 467 5325 κζ’.
498 5252 700 5324 Ὥσπερ
761 5250 896 5306 κατὰ
951 5253 1049 5320 τήν
1109 5244 1411 5326 παράϐασιν
1441 5251 1538 5303 τοῦ
1591 5245 1767 5320 Ἀδὰμ
1799 5246 1892 5301 θά.

243 5361 405 5396 νατον
434 5339 598 5395 αὐτοῦ
646 5338 1166 5418 καταψηφισαμένης
1209 5345 1308 5408 τῆς
1362 5341 1460 5392 τοῦ
1512 5341 1646 5391 Θεοῦ
1690 5335 1897 5411 ἀγαθό-

239 5450 437 5501 τητος,
474 5435 634 5485 τοῦτο
691 5435 907 5504 πρῶτον
971 5430 1064 5503 μὲν
1103 5427 1301 5500 ὑπέστη
1352 5426 1489 5481 κατᾶ
1535 5425 1742 5500 ψυχὴν,
1789 5430 1896 5481 τῶν

237 5524 445 5594 νοερῶν
473 5519 639 5588 αὐτῆς
686 5518 1055 5595 αἴσθητηρίων
1085 5521 1153 5592 τῇ
1209 5519 1456 5592 στερήσει
1507 5521 1606 5584 τῆς
1659 5514 1894 5590 ἐπουρα-

325 5628 376 5664 ⁶⁴
408 5631 453 5702 ll
490 5630 600 5688 Cor
647 5648 723 5702 1v,
770 5633 824 5687 6.
901 5633 947 5668 “
998 5629 1144 5687 Psal.
1181 5645 1276 5698 xu,
1304 5627 1374 5702 li.

1450 5625 1497 5699 '_°
1539 5627 1693 5699 Pssl.
1741 5644 1937 5699 CXVIII,
1989 5629 2076 5685 18.
2150 5626 2198 5662 ⁸⁷
2256 5628 2406 5686 Psal.
2462 5646 2584 5699 xm,
2633 5632 2684 5684 3,

2007 4715 2254 4783 efﬁciet;
2316 4715 2694 4786 profanorum
2770 4732 2902 4772 vero
2970 4731 3037 4771 ac
3103 4717 3505 4783 sceleslorum,
3561 4713 3716 4784 quod

2007 4821 2162 4861 nunc
2217 4805 2497 4861 mundani
2563 4806 2805 4876 spiritus
2873 4806 3136 4861 velamen
3213 4801 3711 4863 circuminvolvit,

2004 4894 2289 4950 deformes
2351 4893 2729 4965 stigmatibus
2769 4895 3106 4953 criminum.
3175 4898 3550 4963 mentesque,
3598 4890 3714 4947 heu

2005 4983 2136 5038 mel
2188 4984 2473 5054 ipsorum,
2540 4985 2876 5040 tenebrosus
2941 4989 2998 5039 et
3055 4983 3240 5039 fcedas
3310 4981 3524 5050 reddit,
3572 4985 3714 5037 tunc

2003 5073 2176 5128 etiam
2203 5088 2443 5142 corpora
2476 5071 2795 5139 maculosa,
2830 5073 2888 5128 in
2947 5088 3248 5128 summum
3304 5072 3495 5143 palam
3535 5071 3714 5126 dede-

2003 5177 2108 5216 cus
2130 5161 2396 5215 omnium
2427 5161 2609 5216 oculis
2640 5162 2930 5218 ostendet.

2070 5248 2263 5305 XXVI.
2296 5251 2796 5314 Quemadmodum
2837 5252 3521 5324 posttransgressionem
3558 5250 3710 5305 Ada-

2004 5341 2107 5407 mi,
2151 5343 2265 5394 lata
2321 5340 2377 5395 in
2409 5357 2542 5396 eum
2590 5343 2874 5397 sententia
2918 5341 3119 5396 mortis
3146 5342 3312 5410 justo
3369 5340 3468 5396 Dei
3500 5339 3711 5410 optimi

1997 5430 2238 5502 judicio,
2282 5430 2534 5501 primum
2578 5434 2934 5487 exsecutioni
2985 5431 3258 5488 mandata
3315 5436 3407 5488 est
3457 5431 3516 5486 in
3569 5434 3700 5502 ejus

2004 5520 2222 5588 anima,
2254 5535 2382 5574 vere
2412 5537 2512 5591 per
2577 5526 2877 5592 peccatum
2920 5520 3045 5590 jam
3078 5525 3201 5576 tum
3235 5525 3492 5588 mortua,
3528 5520 3710 5576 intel-

2760 5627 2806 5665 ⁸³
2839 5630 2993 5688 Psal.
3027 5646 3101 5699 iv,
3142 5635 3198 5687 '7.
3276 5631 3322 5667 ⁸ο
3368 5633 3475 5688 Act
3527 5647 3607 5700 Ix,
3650 5630 3709 5686 3.

246 5701 299 5740 το
329 5702 383 5761 ιι
420 5701 544 5762 Cor.
577 5719 677 5774 xu,
699 5697 754 5761 2.
829 5704 874 5742 τί
909 5702 1154 5760 IThess.
1179 5717 1257 5771 Vl,
1293 5700 1380 5757 16.
1455 5697 1502 5734 ⁷⁸
1532 5698 1780 5775 Philipp.
1821 5697 2031 5774 111,21.
