4100 6204
360 333 476 391 959

1714 307 1774 366 S.
1822 307 2156 370 MACARII
2201 312 2544 376 JEGYPTII

3702 323 3828 382 960

368 457 710 521 lectualibus
765 455 892 527 ejus
932 450 1223 514 sensibus,
1257 462 1355 517 per
1387 443 1768 517 privationem
1813 441 2061 498 caelestia

2177 442 2294 499 νίου
2377 447 2467 500 καὶ
2547 457 2919 521 πνευματικῆς
2995 453 3351 516 ἀπολαύσεως
3437 450 3829 525 ἀπεσϐηκότων

365 559 420 610 et
452 547 777 624 spiritualis
830 543 1049 616 gratiae,
1099 537 1424 604 exstinctis,
1474 539 1530 591 et
1575 535 1646 589 ad
1697 537 2060 589 mortuorum

367 642 817 703 similitudinem
862 633 1150 691 redactis:
1206 628 1495 701 posterius
1541 642 1676 682 vero
1725 626 1794 679 ad
1856 641 2065 694 corpus

371 749 604 808 quoque
649 745 808 784 mors
854 723 1133 798 pervenit,
1183 718 1424 790 expletis
1454 715 1733 771 trahendo
1767 717 2064 769 mortalem

366 830 545 883 vitam
579 820 745 875 annis
796 815 1037 886 triginta
1091 827 1268 881 supra
1301 817 1620 878 nongentos
1651 823 1663 859 :
1698 820 1780 858 sic
1811 814 1863 858 et
1912 819 2068 859 nunc

370 934 468 990 per
511 925 741 970 crucem
780 912 838 962 et
895 908 1136 959 mortem
1188 897 1500 954 Salvatoris
1546 894 1802 949 humano
1868 892 2065 963 generi

370 980 775 1063 reconciliatus
825 995 1000 1061 Deus,
1054 987 1308 1045 restituit
1353 1001 1484 1040 vere
1549 983 1880 1039 credentem
1938 980 2066 1035 ani-

368 1113 519 1154 mam
573 1091 765 1148 adhuc
814 1082 972 1141 carni
1025 1080 1345 1135 devinctam
1391 1075 1450 1130 in
1495 1074 1828 1129 frnitionem
1882 1069 2064 1142 spiri-

367 1185 611 1242 tualium
661 1179 954 1233 luminum
1006 1179 1058 1227 et
1090 1167 1523 1240 mysteriorum,
1556 1171 1610 1218 et
1651 1160 2064 1217 intellectuales

368 1278 496 1347 ejus
547 1285 756 1328 sensus
796 1265 994 1321 divina
1062 1260 1188 1315 luce
1253 1257 1448 1347 gratiae
1517 1253 1776 1347 oculatus
1833 1251 2055 1347 reddit;

367 1341 614 1434 denique
662 1360 856 1429 ipsum
900 1352 1076 1407 etiam
1140 1363 1350 1418 corpus
1411 1342 1722 1399 immortali
1767 1345 1825 1398 et
1873 1341 2065 1397 incor-

364 1449 618 1522 ruptibili
651 1439 1082 1500 circumvestiet
1110 1434 1389 1490 claritate.

434 1518 652 1594 XXVII.
684 1533 790 1597 Qui
819 1546 881 1586 se
929 1529 1001 1582 ab
1043 1526 1149 1580 hoc
1183 1523 1398 1578 mundo
1430 1518 1632 1591 procul
1675 1522 1896 1584 tenent,
1927 1534 2062 1573 san-

366 1635 454 1687 cte
501 1632 558 1683 et
626 1642 694 1680 ex
759 1622 1039 1675 virtutum
1108 1611 1457 1686 prtescriptis
1520 1610 1832 1676 viventes;
1873 1607 2065 1663 adhuc

364 1727 560 1778 tamen
625 1713 950 1769 velamento
1020 1701 1492 1777 pertubationum
1557 1699 1903 1765 inumbrati;
1971 1698 2062 1752 cui

2179 533 2347 606 αὐτῷ,
2379 536 2468 590 καὶ
2517 543 2718 613 νεκρῶν
2777 541 2957 616 ὥσπερ
3014 542 3384 618 γεγενημένων
3419 559 3434 574 ⁸
3495 541 3717 616 ὕστερον
3772 537 3830 594 δὲ

2176 625 2450 681 καὶὸτοῦ
2503 630 2755 699 σώματος
2813 631 3040 695 θάνατος
3099 633 3234 704 μετά
3290 653 3353 707 γε
3407 633 3697 706 τριάκοντα
3728 628 3825 702 ἔτη

2176 715 2310 786 πρὸς
2368 722 2483 778 τοῖς
2539 716 2894 781 ἐννεακοσίοις
2950 718 3226 794 ἐπεγένετο
3287 738 3301 754 ⁸
3353 719 3495 774 οὓτω
3569 724 3660 772 νῦν
3739 716 3832 774 διὰ

2178 809 2408 878 σταυροῦ
2453 805 2539 860 καὶ
2590 807 2820 861 θανάτου
2863 813 2960 862 τοῦ
3013 810 3272 882 Σωτῆρος
3323 811 3392 881 τῇ
3444 808 3831 881 ἀνθρωπότητι

2175 889 2538 965 καταλλαγετς
2597 895 2625 948 6
2676 896 2826 962 Θεὸς,
2874 895 3270 966 ἀποκαθίστησι
3316 898 3416 964 τὴν
3470 896 3830 951 πιστεύσασαν

2175 983 2226 1038 ἐν
2285 982 2514 1056 ἀληθείᾳ
2544 985 2730 1058 ψυχήν
2781 981 2857 1040 ἔτι
2918 985 2969 1040 ἐν
3032 986 3186 1060 σαρκὶ
3221 984 3382 1042 οὖσαν
3417 987 3492 1048 εἱς
3547 987 3649 1055 τὴν
3717 990 3829 1040 τῶν

2177 1074 2439 1144 οὐρανίων
2492 1076 2686 1151 φώτων
2741 1076 2830 1130 καὶ
2884 1077 3198 1151 μυστηρίων
3263 1076 3592 1149 ἄπόλαυσιν,
3629 1079 3721 1131 καὶ
3763 1079 3831 1132 τὰ

2174 1165 2334 1236 νοερὰ
2372 1163 2542 1234 αὐτῆς
2594 1164 2925 1241 αἷσθητήρια
2979 1171 3059 1238 τῷ
3116 1167 3246 1239 θείῳ
3303 1165 3467 1221 πάλιν
3529 1167 3669 1243 φωτὶ
3726 1171 3830 1240 τῇς

2176 1253 2405 1328 χάριτος
2445 1253 2726 1326 όμματοῖ·
2762 1254 2979 1330 ὕστερον
3025 1253 3081 1310 δὲ
3127 1257 3215 1311 καί
3278 1255 3424 1326 αὖτῷ
3473 1257 3552 1328 τῷ
3611 1255 3830 1328 σώματι

2177 1343 2436 1398 ἀθάνατόν
2474 1363 2529 1398 τε
2568 1344 2656 1398 καὶ
2699 1341 2963 1421 ἄφθαρτον
3009 1339 3300 1420 περιϐαλεῖ
3339 1341 3512 1414 δόξαν.

2251 1526 2364 1578 ΚΖ.
2399 1524 2460 1577 Οἱ
2493 1528 2589 1577 τοῦ
2638 1523 2847 1598 κόσμου
2901 1521 3058 1579 τοῦδε
3118 1524 3328 1598 μακρὰν
3379 1523 3690 1600 γενόμενοι,
3737 1526 3829 1579 καὶ

2177 1615 2386 1685 σεμνῶς
2429 1613 2521 1684 μὲν
2575 1612 2665 1667 καὶ
2725 1611 3032 1692 φιλαρὲτως
3097 1612 3513 1685 πολιτευόμενοι
3548 1631 3563 1646 ⁸
3622 1609 3702 1668 ἔτι
3772 1611 3830 1668 δὲ

2173 1700 2495 1774 καλύμματι
2529 1707 2636 1757 τῶν
2682 1705 2866 1756 παθῶν
2921 1701 3290 1776 ὑποκείμενοι,
3323 1703 3396 1764 ὡς
3443 1701 3531 1757 διὰ
3577 1706 3678 1770 τῆς
3728 1708 3829 1758 τοῦ

362 1807 623 1874 miseriae,
659 1806 893 1874 propter
942 1791 1392 1852 inobedientiam
1443 1789 1775 1861 protoplasti
1828 1786 2058 1842 obnoxii

2176 1789 2607 1866 πρωτοπλάστου
2659 1799 2942 1866 παρακοῆς
2993 1790 3176 1866 ἔνοχοι
3221 1791 3555 1865 κατέστημεν
3604 1792 3828 1858 πάντες,

363 1914 567 1957 omnes
635 1908 864 1957 sumus,
916 1883 1159 1950 carnali,
1225 1884 1488 1952 inquam,
1556 1878 1803 1947 subjecti
1845 1877 2060 1944 sensui,

364 2005 534 2062 quem
576 1979 887 2054 Apostolus
932 1980 1164 2030 mortem
1214 1967 1711 2062 merito‘appellat
1758 1967 1838 2062 7’“;
1894 1966 1951 2020 hi
1984 1965 2061 2062 si:

367 2054 534 2136 miles
597 2076 735 2129 sunt
801 2066 1142 2123 hominibus
1201 2065 1372 2116 noctu
1439 2059 1547 2112 iter
1615 2055 1946 2128 agentibus,
1991 2054 2060 2108 ad

365 2169 554 2224 lucem
591 2168 904 2224 astrorum,
956 2170 1079 2224 quas
1113 2156 1247 2206 sunt
1289 2149 1387 2204 Dei
1443 2152 1744 2217 praecepta.
1793 2144 2060 2208 Quandiu

363 2262 520 2318 enim
571 2254 830 2311 nondum
901 2247 1147 2318 perfecte
1210 2241 1434 2296 liberati
1498 2257 1532 2294 a
1599 2238 1857 2294 tenebris
1907 2241 2062 2304 sunt,

364 2353 518 2407 clare
547 2345 746 2403 omnia
784 2339 1108 2412 perspicere
1141 2350 1253 2389 non
1289 2335 1556 2404 possunt.
1590 2329 1812 2394 Quibus
1842 2333 1896 2383 et
1925 2345 2061 2382 con-

367 2439 543 2505 venit,
604 2435 799 2488 labore
867 2443 931 2483 ac
1000 2426 1132 2490 ﬁde,
1201 2421 1400 2477 virtuti
1461 2419 1836 2483 attendendo,
1899 2433 2062 2472 orare

363 2503 660 2582 Christum
710 2517 871 2574 2|!)
923 2513 1102 2569 solem
1137 2509 1402 2580 justitie,
1456 2512 1518 2560 ut
1562 2505 1854 2560 illuminat
1893 2503 2065 2558 corda

363 2615 652 2684 ipsorum,
717 2625 831 2679 quo
900 2603 1123 2676 possint
1181 2603 1380 2654 exacte
1464 2597 1760 2667 pervidere
1836 2600 2062 2662 cuncta,

365 2710 420 2760 et
469 2699 865 2775 spiritualium
908 2692 1231 2748 bestiarum
1279 2688 1578 2742 incursum
1611 2686 1670 2740 in
1703 2700 1808 2739 nos
1839 2684 2063 2738 varium

365 2772 539 2865 atque
595 2785 974 2858 multiplicem
1021 2798 1034 2849 ;
1080 2785 1135 2834 et
1184 2775 1636 2847 incorruptibilis
1688 2773 1891 2829 mundi
1939 2772 2067 2865 pul-

365 2863 724 2938 chritudines
780 2889 1020 2930 arcanas
1076 2868 1390 2925 inetfabilis
1423 2872 1481 2920 et
1525 2865 1749 2920 decoris
1795 2869 1853 2918 et
1899 2863 2065 2918 volu-

364 2974 565 3046 ptatis,
595 2985 709 3042 quo
742 2965 965 3023 scilicet
996 2961 1166 3016 modo
1203 2959 1368 3013 valde
1426 2957 1711 3028 provectis
1731 2954 1800 3046 in
1833 2953 2063 3020 virtute,

364 3043 420 3122 et
479 3077 723 3134 quorum
783 3053 1057 3113 cordibus
1122 3051 1318 3106 lumen
1392 3043 1782 3102 intellectuale
1869 3044 2064 3100 radios

363 3152 628 3221 immisit,
692 3148 829 3205 talia
892 3145 1088 3201 omnia
1137 3141 1442 3196 manifesta
1486 3141 1542 3192 et
1583 3136 1753 3207 plane
1809 3135 2061 3205 perfecta

364 3250 522 3302 sunt.
578 3243 956 3308 Perfectorum
1009 3237 1162 3287 enim
1212 3238 1311 3297 est,
1347 3233 1410 3282 ut
1459 3228 1664 3281 beatus
1697 3227 1778 3280 ait
1825 3225 2058 3294 Paulus,

363 3333 568 3392 solidus
599 3332 769 3393 cibus,
803 3340 994 3380 eorum
1025 3335 1240 3391 nempe,
1283 3319 1380 3388 qui
1425 3317 1575 3370 bonis
1615 3314 1886 3369 habilibus
1915 3330 2068 3368 excr-

363 3428 566 3478 cilatos
597 3419 796 3472 habent
832 3428 1040 3477 sensus,
1063 3410 1130 3464 ad
1157 3409 1539 3462 discretionem
1591 3406 1718 3459 boni
1745 3410 1793 3459 et
1831 3403 1979 3458 mali
1997 3402 2062 3456 η.

361 3512 474 3567 Sed
506 3517 557 3564 et
608 3506 839 3560 divinus
887 3501 1089 3556 Petrus
1120 3497 1198 3551 ait
1235 3513 1248 3550 :
1280 3498 1341 3550 Et
1371 3509 1457 3550 vos
1503 3495 1757 3548 habente:
1790 3491 2065 3562 prapheli-

364 3617 487 3656 cum
526 3609 856 3659 sermonem,
916 3606 1002 3646 cui
1055 3587 1380 3655 benefacitis
1428 3585 1782 3647 attendentes,
1813 3583 1956 3637 sicut
1987 3583 2070 3636 lu-

367 3703 545 3745 cernae
581 3685 790 3739 lucenti
819 3681 880 3736 in
925 3678 1226 3747 caliginoso
1272 3676 1409 3743 loco,
1467 3677 1636 3730 donec
1664 3673 1775 3728 dies
1805 3671 2068 3727 eluccscat

369 3787 420 3834 et
448 3775 651 3844 lucifer
680 3771 894 3828 oriatur
922 3768 984 3824 in.
1013 3766 1262 3823 cordibus
1291 3767 1482 3819 vestris
1510 3761 1577 3816 ⁷⁵.
1615 3761 1838 3831 Vulgus
1870 3766 2064 3815 autem

371 3865 515 3924 nihil
557 3865 726 3937 plane
767 3861 958 3916 ditl'ert
1005 3857 1076 3912 ab
1128 3855 1264 3919 illis,
1297 3853 1390 3924 qui
1444 3867 1541 3922 per
1588 3859 1838 3915 noctem,
1907 3849 2063 3903 omni

368 3965 658 4014 carentem
721 3950 965 4014 lumine,
1028 3944 1352 4010 ambulant,
1419 3958 1521 3996 nec
1580 3939 1822 3994 minimo
1871 3937 2064 4010 splen-

362 4051 500 4106 dore
551 4047 854 4108 fruuntur;
905 4040 963 4094 id
1015 4036 1171 4109 quod
1231 4040 1322 4090 est
1372 4033 1623 4088 Verbum
1673 4030 1797 4096 Dei,
1839 4031 2066 4084 animas

364 4153 567 4195 eorum
619 4130 955 4188 illuminare
1004 4126 1252 4190 valens;
1304 4127 1368 4176 ut
1423 4121 1538 4175 fere
1586 4136 1699 4173 non
1746 4117 2064 4173 dissimiles

363 4227 530 4284 caecis
577 4224 718 4278 sint.
764 4214 1104 4287 Huiusmodi
1153 4213 1415 4268 homines
1459 4213 1600 4265 sunt
1663 4207 2064 4263 materialibus

361 4311 642 4388 implicati
696 4309 876 4376 curis,
907 4311 963 4361 et
995 4303 1364 4358 saecularium
1418 4299 1664 4354 nexibus
1696 4297 2062 4369 negotiorum

359 4385 558 4468 vincti,
608 4405 665 4456 et
714 4411 903 4467 neque
953 4392 1147 4448 divino
1194 4391 1399 4445 timore
1433 4387 1672 4455 ﬁrmati,
1725 4402 1828 4442 nec
1880 4385 2062 4441 ullum

358 4496 622 4548 curantes
669 4499 932 4543 exercere
986 4479 1375 4537 beneﬁcentiae
1429 4482 1530 4533 aut
1585 4476 1813 4532 virtutis
1868 4477 2062 4547 cujus-

2171 1881 2234 1935 τὸ
2276 1881 2529 1955 σαρκικόν
2578 1902 2723 1957 φημι
2789 1882 3066 1955 φρόνημα,
3125 1881 3154 1934 ὃ
3217 1880 3304 1935 καὶ
3361 1885 3441 1952 τῷ
3503 1878 3828 1952 Ἀποστόλῳ

2175 1971 2394 2030 θάνατος
2449 1967 2668 2033 οἰκείως
2717 1967 2926 2040 ἐκλήθη
2977 1987 2990 2001 ο
3059 1969 3212 2023 οὗτοι
3262 1968 3640 2045 παραπλήσιοί
3689 1969 3824 2024 εἰσιν

2173 2058 2483 2132 ἀνθρώποις
2549 2060 2742 2121 νυκτὸς
2817 2060 2908 2132 μὲν
2979 2056 3314 2133 βαδίζουσιν,
3391 2059 3494 2114 ὑπὸ
3571 2057 3628 2114 δὲ
3711 2065 3824 2114 τῶν

2176 2154 2402 2224 ἄστρων,
2439 2150 2572 2223 ἅπερ
2602 2148 2736 2204 εἰσὶν
2769 2149 2824 2203 αἱ
2864 2153 2962 2204 τοῦ
3011 2152 3145 2203 Θεοῦ
3195 2147 3432 2217 ἐντολαὶ,
3483 2155 3827 2223 καταυγαζο-

2177 2240 2380 2311 μίνοις.
2437 2236 2602 2294 Οὔπω
2658 2239 2761 2312 γὰρ
2810 2238 2886 2300 είς
2934 2237 3091 2298 τέλος
3129 2241 3226 2292 τοῦ
3285 2237 3508 2296 σκότους
3566 2236 3822 2290 ἀπαλλα-

2174 2335 2337 2405 γεῖσι,
2390 2327 2575 2390 καλῶς
2617 2326 2825 2382 ἅπαντα
2883 2329 3231 2382 κατοπτεύειν
3292 2327 3474 2388 αὐτοῖς
3531 2324 3822 2384 ἀδύνατον·

2173 2419 2270 2478 Οἷς,
2304 2419 2391 2472 καὶ
2427 2418 2708 2492 προσῆκόν
2753 2415 2884 2486 ἐστι,
2918 2415 3070 2488 πόνῳ
3122 2417 3211 2470 καὶ
3261 2415 3436 2470 πίστει
3488 2413 3672 2484 πολλῇ
3717 2422 3827 2484 τῆς

2175 2506 2367 2578 αρετῆς
2420 2502 2872 2579 ἐπιμελουμένοις
2927 2502 3191 2575 δεηθῆναι
3231 2505 3462 2579 Χριστὸν
3510 2506 3599 2560 τὸν
3658 2503 3830 2574 ἥλιον

2175 2592 2523 2664 δικκιοσῦνης
2577 2594 2886 2668 ἐπιλάμψαι
2945 2598 3064 2657 ταῖς
3121 2590 3370 2666 καρδίαις
3436 2594 3638 2659 αὐτῶν,
3688 2591 3830 2648 ὥστε

2177 2681 2469 2753 δυνηθῆναι
2501 2687 2674 2740 πάντα
2714 2684 2848 2757 πρὸς
2881 2677 3158 2757 ἀκρίϐειαν
3191 2679 3415 2752 ἐπιδεῖν,
3457 2685 3560 2753 τὴν
3613 2704 3671 2737 τε
3718 2687 3830 2737 τῶν

2175 2780 2386 2843 νοητῶν
2465 2774 2669 2845 θηρίων
2730 2773 2848 2828 καθ’
2906 2774 3066 2844 ἡμῶν
3128 2769 3362 2826 ἐπίθεσιν
3419 2771 3679 2842 ποικίλην
3737 2774 3828 2826 καὶ

2176 2861 2522 2932 παντοδαπὴν
2561 2861 2742 2932 οὖσαν,
2776 2862 2866 2917 καὶ
2907 2864 2973 2918 τὰ
3019 2866 3116 2918 τοῦ
3161 2861 3435 2937 ἀφθάρτου
3483 2864 3699 2934 κόσμου
3731 2862 3832 2936 59'-

2178 2955 2313 3030 ῥητα
2379 2955 2479 3022 τὴν
2533 2952 2674 3025 ὄψιν,
2726 2951 2814 3007 καὶ
2873 2953 2972 3021 την
3023 2949 3229 3020 ἡδονὴν
3283 2949 3569 3026 ἀπόρρητα
3618 2950 3833 3022 κάλλη,

2174 3045 2231 3098 ὃν
2262 3064 2324 3120 γε
2365 3041 2430 3112 δὴ
2463 3043 2665 3117 τρόπον
2698 3041 2787 3094 καὶ
2836 3045 2954 3101 τοῖς
3003 3039 3192 3113 ἄκροις
3239 3040 3340 3108 τὴν
3380 3040 3595 3111 ἀρετὴν,
3629 3042 3720 3095 καὶ
3754 3041 3831 3095 ὧν

2175 3134 2416 3207 ἐνεργοῦν
2451 3131 2500 3186 ἐν
2545 3135 2664 3191 ταῖς
2715 3126 2962 3204 καρδίαις
3007 3130 3192 3202 νοερὸν
3244 3133 3358 3208 φῶς
3406 3125 3673 3202 ἔλαμψεν,
3707 3128 3831 3184 ἐπί-

2176 3222 2320 3294 δηλα
2387 3226 2552 3276 ταῦτα
2610 3219 2698 3274 καὶ
2755 3221 3036 3288 καταφανῆ
3089 3218 3291 3294 γίνεται
3326 3239 3338 3252 '
3401 3217 3642 3276 Τελείων
3701 3221 3830 3293 γὰρ,

2177 3313 2248 3373 ῶς
2301 3313 2326 3365 ὁ
2378 3309 2641 3383 μακάριός
2692 3329 2824 3384 φησι
2884 3307 3122 3370 Παῦλος,
3175 3310 3208 3376 ἡ
3272 3309 3458 3383 στερεὰ
3484 3309 3686 3384 τροφὴ,
3721 3314 3830 3363 τῶν

2177 3403 2264 3456 διὰ
2321 3403 2419 3469 τὴν
2476 3397 2581 3468 ἕξιν
2629 3399 2694 3452 τὰ
2772 3397 3104 3472 αἰσθητήρια
3161 3399 3615 3472 γεγυμνασμένων
3689 3399 3834 3473 πρὸς

2173 3494 2273 3560 τὴν
2330 3494 2430 3545 τοῦ
2505 3486 2678 3542 καλοῦ
2755 3489 2844 3542 καὶ
2919 3491 3086 3542 κακοῦ
3149 3485 3461 3561 διάκρισινο
3529 3485 3677 3542 ἀλλὰ
3738 3488 3829 3541 καὶ

2175 3584 2202 3637 6
2234 3584 2375 3641 θεῖος
2410 3578 2610 3652 Πέτρος
2653 3577 2818 3656 φησίν
2854 3595 2866 3608 ·
2923 3576 3020 3631 Καὶ
3083 3577 3237 3650 ὑμεῖς
3285 3572 3505 3655 ἔχοντες
3554 3578 3647 3631 τὸν
3687 3597 3834 3650 προ-

2175 3670 2402 3749 φητικὸν
2473 3667 2658 3742 λόγον,
2740 3666 2785 3737 ᾧ
2869 3664 3054 3728 καλῶς
3151 3672 3357 3722 ποιεῖτε
3440 3668 3833 3741 προσέχοντες,

2175 3761 2248 3820 ὡς
2309 3757 2498 3832 λύχνῳ
2556 3757 2802 3834 φαίνοντι
2881 3753 2932 3810 ἐν
2991 3754 3272 3829 αὐχμηρῷ
3338 3753 3510 3826 τόπῳ,
3585 3753 3692 3817 ’ὲως
3768 3755 3832 3810 οὗ

2175 3849 2355 3923 ἡμέρα
2413 3845 2676 3922 διαυγάσῃ
2744 3844 2832 3898 καὶ
2918 3844 3208 3922 φωσφόρος
3278 3842 3534 3918 ἀνατείλῃ
3593 3843 3648 3898 ἐν
3705 3851 3829 3905 ταῖς

2174 3937 2422 4012 καρδίαις
2491 3937 2666 4008 ὑμῶν.
2709 3934 2771 3989 Οἱ
2825 3930 2883 3988 δέ
2941 3931 3169 4004 πολλοὶ,
3230 3931 3384 3989 οὐδὲν
3441 3931 3827 4008 διενηνόχασιν

2178 4027 2392 4083 ἐκείνων
2459 4029 2566 4081 τῶν
2631 4024 2682 4078 ἐν
2737 4023 2888 4078 νυκτὶ
2946 4023 3124 4096 φωτὸς
3192 4023 3526 4077 παντάπασιν
3601 4022 3828 4098 ἀπόρων

2175 4115 2632 4192 περιπατούντων,
2666 4112 2757 4166 καὶ
2801 4108 2942 4186 μηδέ
2995 4111 3253 4186 βραχείας
3307 4109 3694 4166 ἀπολαυόντων
3731 4113 3830 4167 αὖ·

2174 4213 2302 4282 γῆς,
2336 4205 2468 4278 ὅπερ
2499 4201 2611 4257 ἐστζ
2651 4203 2794 4262 Θεῖος
2836 4199 3003 4277 λόγος
3052 4205 3170 4262 ταῖς
3224 4203 3426 4275 ψυχαῖς
3477 4199 3651 4255 αὐτῶν
3708 4201 3831 4256 ἐπι-

2175 4297 2412 4366 λάμπειν
2468 4289 2790 4364 δυνάμενος,
2854 4290 2928 4353 ὡς
2977 4285 3172 4364 σχεδὸν
3221 4289 3297 4362 μὴ
3347 4287 3643 4361 ἀνομοίους
3695 4291 3830 4344 εἶναι

2171 4383 2424 4464 τυφλοῖς.
2460 4380 2618 4437 Οὗτοί
2655 4380 2755 4434 εἰσι
2789 4380 2841 4433 o't
2871 4385 2988 4441 ταῖς
3017 4380 3232 4442 ὑλικαῖς
3261 4381 3322 4434 τὸ
3379 4377 3509 4434 ὅλον
3560 4382 3834 4454 περιπλο-

2173 4479 2291 4534 καῖς
2337 4471 2426 4527 καὶ
2475 4476 2589 4532 τοῖς
2642 4471 2922 4546 βιωτικοῖς
2975 4469 3188 4542 ἅμμασι
3242 4466 3688 4541 καταδεδεμένοι,
3736 4470 3831 4526 καὶ

357 4581 489 4639 dam
539 4594 709 4651 Opus.
761 4572 989 4630 Etenim
1042 4573 1320 4642 quotquot
1368 4567 1707 4624 saecularem
1763 4569 2058 4637 utcunque

2176 4564 2309 4636 μήτε
2359 4560 2486 4633 θείῳ
2544 4555 2701 4633 φόϐῳ
2756 4555 3234 4632 διακρατοόμενοι,
3297 4560 3434 4630 μήτε
3485 4559 3639 4621 τινας
3715 4564 3828 4614 τῶν

355 4672 629 4743 degentes
658 4666 862 4735 vitam,
904 4667 1121 4728 tamen,
1155 4660 1233 4715 uti
1291 4659 1511 4714 dictum
1561 4662 1670 4724 est,
1706 4673 1738 4712 a
1769 4657 2057 4711 mandatis

355 4761 600 4829 sanctis,
651 4755 810 4812 velut
858 4771 892 4810 a
956 4751 1311 4824 quibusdam
1387 4748 1798 4804 illuminantur
1846 4743 2051 4812 slellts,

355 4851 486 4905 fidei
517 4859 569 4904 et
599 4847 702 4903 Dei
742 4843 938 4900 timori
975 4842 1377 4905 attendentes;
1429 4838 1484 4892 bi
1545 4852 1684 4892 sane
1733 4852 1847 4890 non
1889 4851 2060 4904 pror-

353 4954 455 4994 sus
482 4932 887 5006 comprehensi
931 4934 1068 4986 sunt
1119 4926 1400 4991 tenebris,
1464 4923 1618 4978 unde
1667 4926 1721 4977 et
1763 4937 1925 4993 spem
1961 4937 2057 4975 sa-

351 5027 494 5084 lutis
524 5026 736 5081 habere
768 5025 1038 5094 possunt.

422 5205 681 5264 XXVllI.
741 5202 814 5258 Ut
862 5199 1110 5255 multum
1163 5195 1314 5250 inter
1372 5209 1433 5248 se
1478 5191 1808 5248 diﬂ‘erentes
1856 5191 1956 5246 vis:
1990 5205 2055 5245 ac

353 5300 609 5353 rationes
641 5302 795 5360 sunt,
830 5291 1047 5362 quibus
1097 5287 1168 5342 ab
1212 5282 1551 5339 hominibus
1581 5282 1934 5352 colliguntur
1971 5281 2054 5336 di-

351 5387 539 5450 vitiis;
575 5386 774 5454 utique
812 5397 946 5438 cum
1007 5377 1104 5434 alii
1137 5393 1202 5432 ex
1239 5373 1646 5428 functionibus
1680 5371 2050 5442 publicorum

355 5474 834 5544 magistratuum,
871 5470 968 5525 alii
1013 5485 1079 5525 ex
1113 5462 1628 5522 mercimoniorum
1661 5462 2054 5533 negotiatione

1509 5642 1555 5679 ⁷⁵
1582 5643 1628 5700 ΙΙ
1666 5641 1812 5697 Petr.
1843 5659 1883 5712 ι,
1921 5642 1984 5695 l6

419 5651 463 5687 ⁷³
497 5650 663 5705 Rom.
696 5665 795 5716 vn,
823 5651 914 5706 24.
989 5647 1034 5682 ⁷⁴
1065 5645 1237 5714 Hebr,
1270 5644 1431 5707 v.14.

2168 4653 2542 4727 ἀγαθοεργιῶν
2583 4648 2999 4722 μετερχόμενοι.
3035 4646 3134 4702 Καὶ
3178 4648 3282 4722 γὰρ
3331 4647 3448 4702 ὅσοι
3487 4652 3596 4704 τῶν
3640 4649 3831 4723 βιωτι-

2166 4747 2276 4797 κῶν
2327 4738 2556 4815 ἀνδρῶν,
2592 4740 2773 4813 ὥσπερ
2823 4735 3099 4808 λέλεκται,
3163 4738 3266 4792 ὑπὸ
3326 4736 3557 4792 ἐντολῶν
3631 4739 3827 4813 ἁγίων,

2167 4829 2240 4892 ὡς
2274 4829 2375 4883 ὑπὸ
2416 4827 2625 4901 ἄστρων
2667 4829 2830 4880 τινῶν
2881 4821 3286 4898 διαυγάζονται,
3318 4824 3494 4880 πίστει
3524 4826 3616 4880 καὶ
3666 4822 3829 4906 φόϐῳ

2165 4924 2243 4991 τῷ
2290 4921 2386 4972 τοῦ
2443 4921 2576 4971 Θεοῦ
2634 4915 2996 4990 προσὲχοντες
3034 4931 3048 4946 ⁸
3081 4915 3236 4970 οὗτοι
3283 4914 3412 4991 οὐχὶ
3469 4917 3714 4987 καθάπαξ
3746 4921 3829 4989 τῷ

2165 5006 2342 5060 σκότει
2397 4998 2897 5078 περιλαμϐάνονται
2933 5022 2945 5036 ⁸
3000 5004 3126 5078 παρ’
3172 5003 3200 5056 ’ὸ
3248 5001 3337 5056 καὶ
3389 4999 3590 5057 ἐλπίδα
3648 5024 3830 5074 σωτηο

2166 5101 2282 5172 ρίας
2306 5091 2454 5172 ἔχειν
2499 5091 2774 5150 δύνανται.

2236 5190 2357 5241 KH'.
2387 5185 2588 5258 Ὥσπερ
2630 5180 2689 5236 ἐκ
2739 5179 3012 5260 διαφόρων
3069 5181 3334 5258 ἀφορμῶν
3383 5203 3439 5236 τε
3480 5181 3569 5238 καὶ
3632 5183 3826 5253 ἐπιτη-

2165 5275 2446 5347 δευμάτων
2481 5274 2508 5328 6
2540 5271 2591 5327 ἐν
2620 5276 2698 5343 τῷ
2746 5272 2940 5345 κόσμῳ
2980 5276 3096 5333 τοῖς
3136 5271 3444 5346 ἀνθρώποις
3487 5273 3825 5350 συλλιγεται

2162 5365 2440 5426 πλοῦτοςο
2491 5365 2518 5418 ὁ
2570 5363 2660 5434 μὶν
2718 5361 2768 5431 ἐξ
2823 5361 3163 5435 αρχοντικῶν
3225 5361 3579 5433 ἀξιωμάτων,
3621 5364 3650 5418 6
3685 5363 3744 5419 δὶ
3776 5363 3826 5434 ἒξ

2163 5454 2459 5531 ἐμπορίας,
2492 5452 2520 5506 6
2573 5448 2629 5506 δὲ
2661 5448 2721 5506 ἐκ
2764 5449 3090 5528 φιλοπονίας
3134 5447 3335 5522 δήπου,
3383 5451 3473 5505 καὶ
3531 5453 3821 5530 γεωργίας,
