4100 6204
278 334 395 397 961

1508 330 1610 390 DE
1652 294 2089 395 LIBEaTA'rs
2134 332 2447 396 MENTIS.

3627 337 3745 399 962

275 470 367 525 καὶ
398 467 571 531 ἄλλος
599 463 785 527 ἄλλως
816 484 829 498 ⁸
861 463 962 533 τήν
993 460 1164 533 αὐτὴν
1199 459 1320 517 οἷόυ
1363 482 1455 534 μοι
1486 462 1576 516 καὶ
1606 468 1726 526 τοῖς
1757 484 1923 520 πνευ-

2162 482 2231 525 ex
2259 465 2521 537 diligenti
2563 465 2761 524 labore
2818 470 2876 523 et
2931 465 3291 539 agricultura
3319 483 3440 526 rem
3478 468 3696 546 faciant
3731 511 3746 538 ,

220 594 223 601 ε
283 562 536 634 ματικοῖς
592 557 727 612 εἶναι
785 550 1050 626 διάταξεν.
1101 551 1163 607 Ol.
1226 552 1322 626 μὲν
1378 550 1484 625 γὰρ
1539 549 1599 606 ἒκ
1648 550 1922 631 διαφόρων

280 647 666 724 χαρισμάτων,
698 644 770 705 ὡς
800 641 864 697 τὸ
892 646 991 697 τοῦ
1025 639 1365 699 Ἀποστόλου
1407 637 1575 711 δηλοῖ
1605 660 1618 674 ³
1662 642 1925 717 Ἔχοντες

280 736 339 793 δῖε
397 735 716 810 χαρίσματα
770 732 910 787 κατὰ
962 732 1062 799 τήν
1120 731 1286 806 χάριν
1341 731 1437 784 τοῦ
1494 734 1629 785 Θεοῦ
1685 731 1783 799 τήν
1834 730 1926 787 δο-

280 830 456 883 θεῖσαν
501 827 637 898 ἡμῖν
680 820 932 898 διάφορα.
966 821 1030 875 Ol
1072 817 1129 874 δὲ
1184 819 1243 875 ἐκ
1287 817 1563 896 διαφόρων
1607 841 1666 876 τε
1709 818 1927 875 δικαιωσ

286 918 469 991 μάτων
506 914 595 968 καὶ
654 913 859 986 ἀρετῶν
926 907 1016 965 διὰ
1076 908 1242 982 μόνον
1285 910 1413 964 Θεὸν
1467 909 1790 984 γενομένων,
1833 909 1925 965 τὸν

282 1003 603 1079 ἰπουράνιον
676 999 990 1076 ἀθροίζουσι
1060 996 1297 1054 πλοῦτον
1336 1017 1347 1030 ·
1412 998 1563 1068 πλὴν
1636 997 1758 1054 ἀλλ’
1831 998 1932 1053 οὐκ

282 1089 484 1161 ἄδηλοι
513 1088 604 1146 καὶ
646 1089 697 1142 οἱ
748 1087 840 1143 τὸν
870 1087 1075 1165 χρυσὸν
1119 1085 1498 1160 ἀνορύττοντες
1536 1105 1548 1116 ·
1598 1085 1650 1139 οἱ
1692 1082 1780 1139 διὰ
1820 1105 1932 1158 μα-

283 1178 581 1253 κροθυμίας
613 1177 699 1232 καὶ
740 1178 1024 1249 ὑπομονῆς
1077 1172 1294 1246 δηλαδή
1326 1174 1634 1249 τρέχοντες,
1667 1174 1755 1228 καὶ
1795 1175 1933 1231 κατά

291 1270 456 1345 μέρος
484 1267 760 1324 πλουτοῦν
786 1266 926 1329 τὲως
951 1267 1049 1333 τῆς
1092 1264 1304 1341 ἀγαθῆς
1354 1262 1578 1326 ἐλπίδος
1622 1261 1930 1339 ὑπερηδού-

288 1381 388 1431 σης
418 1379 431 1393 ·
476 1358 577 1413 οὐκ
604 1354 807 1424 ἄδηλοι
838 1353 896 1410 δὲ
923 1355 1015 1410 καὶ
1057 1355 1109 1409 οἱ
1139 1355 1432 1429 καθαπερεὶ
1468 1354 1697 1427 μίσθιοι,
1733 1352 1934 1429 βλάκες

288 1446 436 1512 ὄντες
479 1447 575 1504 καὶ
604 1445 876 1523 νωχελεῖς
909 1464 922 1479 ·
975 1445 1026 1499 οἱ
1075 1443 1272 1507 εὐθέως
1320 1443 1384 1498 τὸ
1430 1443 1703 1516 ἐμπίπτον
1753 1443 1933 1520 ὥσπερ

292 1538 583 1609 ἐσθίοντες,
632 1536 724 1592 καὶ
789 1536 865 1608 μὴ
925 1534 1043 1609 μεθ’
1094 1534 1380 1607 ὑπομονῆς
1433 1532 1501 1588 τὰ
1561 1532 1695 1607 μετᾶ
1745 1539 1935 1609 χεῖρας

294 1628 569 1695 ἀνύοντες,
617 1626 700 1682 ἀεὶ
755 1624 957 1700 γυμνοί
1014 1644 1074 1678 τε
1120 1624 1210 1679 καὶ
1260 1621 1485 1692 πένητες
1531 1620 1935 1697 περιέρχονται.

299 1718 397 1775 Καὶ
430 1718 534 1796 γὰρ
584 1717 736 1771 οὗτοι
766 1716 904 1791 πρὸς
948 1714 1045 1786 μὲν
1093 1714 1156 1769 τὸ
1206 1707 1394 1768 λαϐεῖν
1442 1712 1545 1781 τὴν
1586 1712 1749 1787 χάριν
1797 1711 1937 1768 ἑτοί-

302 1829 420 1883 μως
478 1804 605 1883 ἄγαν
656 1805 747 1861 καὶ
807 1805 1023 1879 θερμῶς
1082 1801 1323 1878 ἔχοντες,
1385 1797 1795 1874 εὐμετάϐλητοι
1851 1800 1941 1856 καὶ

298 1899 419 1972 ἅμα
471 1901 567 1952 τοῦ
625 1896 870 1969 ἅψασθαι
926 1891 1327 1967 κορεννύμενοι,
1394 1889 1647 1966 ἁψίκοροι
1717 1887 1775 1945 δὲ
1827 1912 1953 1967 ναρ-

298 1984 505 2049 κώδεις
543 1986 666 2062 περὶ
703 1984 768 2041 τὸ
816 1988 999 2039 πονεῖν
1061 1982 1478 2059 γνωριζόμενοι,
1509 1980 1603 2035 καὶ
1647 1983 1713 2049 ἧς
1751 1979 1947 2058 ἔτυχον

298 2076 621 2149 ἀξιωθέντες
676 2075 906 2150 χάριτος
962 2069 1336 2149 ἀφαιροῦνται.
1399 2069 1509 2126 Ἀεί
1563 2089 1696 2124 ποτε
1742 2071 1846 2144 γὰρ
1913 2073 1948 2141 ἡ

301 2166 523 2236 νωθεία,
589 2163 680 2220 καί
735 2158 999 2237 ἀμϐλεία,
1058 2161 1150 2217 καὶ
1213 2159 1547 2235 ἠμελημένῃ
1616 2157 1947 2235 προαίρεσις,

302 2256 634 2336 ἀσύμφωνος
693 2254 745 2308 ἐν
794 2254 1009 2329 χάριτι,
1040 2248 1250 2327 ἕρημος
1303 2247 1359 2304 δὲ
1407 2249 1624 2326 ἀγαθῶν
1683 2249 1946 2336 πράξεων.

304 2333 602 2419 Ἀδόκιμος
635 2341 691 2399 δὲ
720 2342 865 2418 παρά
908 2346 1025 2414 Θεῷ
1055 2341 1144 2396 καὶ
1192 2338 1383 2413 ἄδοξος
1413 2339 1504 2394 καὶ
1544 2342 1635 2393 νῦν
1668 2333 1948 2412 ἔγνωσται,

303 2437 396 2493 καὶ
428 2435 481 2491 ἐν
514 2433 702 2507 ἐκείνῳ
729 2455 808 2506 τῳ
830 2431 989 2487 αἰωνι
1021 2432 1388 2506 εὑρεθήσεται.

2033 555 2130 612 alii
2162 554 2430 612 aliunde:
2456 570 2656 627 parem
2696 555 2844 613 mihi
2916 559 2979 612 tu
3031 572 3267 629 quoque
3294 561 3433 630 puta
3454 559 3746 617 observari

2036 660 2205 716 posse
2269 643 2330 699 in
2379 644 2555 700 rebus
2604 644 3007 716 spiritualibns
3063 647 3346 705 rationem
3393 652 3452 705 et
3482 636 3791 705 modum.‘

2035 737 2116 787 Ex
2144 732 2238 788 his
2267 732 2446 804 aliqui
2500 732 2929 804 locupletantur
2978 751 3095 792 uxu
3146 737 3532 810 exercitioque
3561 737 3753 793 chari-

2036 826 2294 878 smatum
2343 822 2660 889 variorum,
2712 828 2775 879 ut
2830 825 3126 897 signiﬁcat
3182 828 3496 900 Apostolus
3551 828 3750 890 verbis

2036 911 2120 966 illi
2157 927 2170 967 :
2206 912 2469 968 Habentes
2525 912 2843 969 donationes
2928 916 3224 972 secundum
3288 920 3556 991 gratiam,
3634 934 3753 990 qua:

2037 1002 2169 1056 data
2223 1007 2305 1056 est
2359 1001 2537 1068 nobis,
2596 1000 2910 1073 diﬂerenles
2941 1004 3005 1058 ⁷⁸.
3034 1004 3148 1061 Alii
3197 1006 3505 1078 multiplici
3537 1009 3752 1066 exerci-

2038 1089 2259 1146 tatione
2290 1089 2690 1162 religiosorum
2720 1091 2870 1148 varii
2918 1094 3147 1165 generis
3179 1110 3445 1167 operum,
3478 1098 3756 1170 praxique

2039 1179 2322 1235 virtutum
2382 1196 2448 1236 ac
2496 1181 2963 1252 frequentatione
3010 1183 3403 1241 laudabilium
3436 1186 3494 1242 in
3530 1188 3759 1244 diversa

2040 1269 2232 1341 specie
2281 1269 2628 1337 ofﬁciorum,
2666 1270 2769 1327 Dei
2826 1288 3002 1329 causa
3057 1272 3235 1329 unius
3292 1274 3608 1346 obitorum,
3642 1293 3760 1332 coe-

2041 1356 2218 1415 lestes
2265 1358 2487 1430 ingenti
2547 1360 2714 1432 copia
2770 1365 3088 1433 congerunt
3117 1379 3275 1433 opes.
3314 1363 3395 1424 Ne
3453 1364 3494 1420 ii
3525 1365 3761 1436 quidem

2043 1447 2105 1503 in
2136 1447 2246 1504 hac
2305 1452 2468 1519 parte
2523 1465 2639 1504 non
2697 1448 2958 1521 insignes
2989 1454 3150 1517 sunt,
3185 1453 3286 1523 qui
3344 1469 3553 1509 aurum
3610 1441 3762 1512 info-

2046 1536 2241 1606 diunt;
2274 1536 2716 1609 longanimitate
2781 1538 3047 1595 videlicet
3105 1544 3173 1596 et
3205 1542 3489 1613 patientia
3519 1559 3763 1600 curren-

2046 1630 2138 1683 tes
2157 1626 2216 1683 in
2247 1626 2500 1700 singulis
2530 1627 2674 1684 lucri
2718 1628 3022 1700 particulis
3076 1631 3400 1701 captandis,
3435 1648 3505 1689 ex
3552 1632 3766 1705 quibus

2050 1716 2251 1788 magni
2307 1716 2445 1773 olim
2492 1718 2786 1774 conﬂandi
2853 1718 3073 1774 cumuli
3132 1734 3237 1791 spe
3302 1720 3537 1777 interim
3609 1721 3765 1778 bona

2054 1805 2332 1877 gaudent.
2372 1806 2577 1878 Neque
2640 1805 2824 1862 latent
2868 1806 3139 1863 nonnulli
3203 1810 3372 1880 quasi
3424 1810 3766 1868 mercenarii

2061 1891 2266 1949 molles
2328 1892 2500 1950 iidem
2561 1895 2892 1967 ignavique,
2924 1894 3026 1967 qui
3057 1896 3259 1952 statim
3283 1897 3464 1954 veluti
3491 1899 3771 1955 devorant

2063 1984 2448 2055 quodcunque
2504 1984 2723 2040 bonum
2781 1984 2927 2057 ipsis
2985 1986 3045 2042 in
3113 2003 3327 2044 manus
3370 1986 3597 2057 incidit,
3631 2004 3766 2046 cum

2061 2071 2246 2128 multa
2274 2071 2484 2129 exinde
2514 2073 2793 2131 deberent
2813 2074 2874 2131 in
2933 2091 3108 2132 usum
3157 2076 3413 2132 secuturi
3460 2077 3773 2150 temporis,

2061 2161 2261 2218 solerti
2311 2177 2440 2218 cum
2498 2164 2777 2234 patientia
2836 2165 3179 2223 tractatione
3237 2171 3569 2237 maturare;
3630 2167 3769 2224 hinc

2059 2252 2157 2322 sit,
2193 2256 2253 2308 ut
2284 2252 2429 2308 nudi
2457 2269 2688 2326 semper
2745 2260 3096 2328 agentesque
3126 2256 3506 2314 circumeant.
3540 2257 3769 2314 Etenim

2059 2341 2204 2398 tales
2253 2342 2321 2398 ad
2383 2342 2725 2414 capiendam
2778 2344 3016 2415 quidem
3075 2347 3324 2418 gratiam
3381 2346 3566 2418 parati
3598 2354 3651 2404 et
3680 2364 3771 2404 ar-

2060 2431 2263 2487 denter
2314 2434 2453 2486 sunt
2498 2432 2730 2502 cupidi;
2791 2448 2925 2489 mox
2979 2438 3178 2490 tamen
3236 2434 3403 2491 facile
3434 2436 3772 2504 mutabiles,

304 2535 365 2587 et
402 2545 437 2585 a
474 2527 662 2601 primo
701 2525 901 2582 statim
941 2527 1178 2597 gustatu
1219 2522 1423 2591 saturi,
1457 2520 1822 2595 pigritiaque
1852 2520 2147 2592 comperti,
2179 2538 2244 2577 ac
2269 2521 2418 2594 fugae
2449 2523 2685 2591 laboris,
2720 2524 2822 2595 qui
2862 2522 3109 2581 debebat
3139 2525 3426 2597 adhiberi,
3458 2528 3776 2589 exercendo

306 2620 459 2692 quod
503 2622 850 2689 acceperunt
888 2615 1064 2682 dono,
1103 2629 1171 2670 eo
1210 2612 1416 2668 merito
1457 2612 1780 2683 priv‘antur,
1824 2609 2021 2667 ablata
2058 2609 2224 2682 ipsis,
2266 2627 2375 2683 qua
2407 2613 2637 2669 fuerant
2677 2612 2855 2681 beati,
2893 2613 3095 2685 gratia.
3129 2614 3443 2685 Nunquam
3465 2616 3621 2672 enim
3664 2632 3781 2683 non

302 2708 594 2776 socordia,
624 2704 953 2774 oscitantis,
995 2703 1172 2759 hebes
1199 2702 1445 2757 tarditas
1477 2701 1688 2772 supine
1719 2716 1925 2756 secura
1956 2700 2270 2772 propositi;
2304 2701 2555 2758 dissonae
2588 2718 2680 2758 res
2719 2706 2776 2759 et
2806 2702 3274 2759 inconsentaneaa
3305 2705 3501 2777 gratiae
3532 2704 3781 2761 fuerunt.

300 2803 491 2865 Quare
526 2798 624 2870 qui
662 2800 847 2854 scatet
883 2795 1045 2851 hisce
1082 2793 1261 2863 vitiis,
1311 2808 1515 2864 expers
1553 2808 1793 2862 Operam
1835 2792 2139 2859 bonorum,
2172 2793 2321 2863 apud
2354 2793 2541 2849 Deum
2583 2794 2861 2866 reprobus
2900 2797 2957 2850 et
2986 2793 3293 2867 inglorius,
3338 2795 3422 2852 uti
3458 2798 3583 2868 jam
3625 2812 3783 2853 nunc

306 2888 660 2963 agnoscitur,
703 2886 787 2941 sic
825 2890 882 2941 et
920 2884 980 2939 in
1019 2884 1214 2939 futuro
1254 2881 1465 2938 saeculo
1507 2883 1847 2952 reperietur.

383 2978 484 3036 19'.
549 2968 855 3049 Παραϐάντι
911 2976 991 3043 τῷ
1069 2970 1335 3045 ἀνθρώπῳ
1386 2971 1487 3038 τὴν
1558 2967 1785 3036 ἐντολὴν
1854 2971 1952 3022 τοῦ

314 3071 470 3135 Θεοῦ,
512 3064 601 3120 καὶ
649 3070 747 3133 τῆς
788 3066 884 3117 τοῦ
923 3058 1256 3134 παραδείσου
1316 3056 1600 3134 διαγωγῆς
1656 3056 1954 3127 ἐκπεσόντι,

315 3156 464 3212 δυοῖν
509 3153 690 3226 ὥσπερ
745 3151 965 3207 ἀλύσεσι
1016 3146 1260 3205 δεδέσθαι
1301 3145 1748 3218 συνηκολούθησε
1781 3166 1794 3180 ³
1858 3149 1956 3219 μιᾷ

319 3247 413 3321 μὲν
463 3250 573 3300 τῶν
620 3245 895 3318 βιωτικῶν
954 3237 1312 3315 πραγμάτων,
1371 3237 1462 3291 καὶ
1503 3239 1771 3307 σαρκικῶν
1818 3232 1955 3304 ἡδοο

312 3318 443 3405 νῶν,
474 3332 743 3402 πλούτου,
785 3328 969 3401 δόξης,
1017 3326 1229 3408 φιλίας,
1259 3326 1530 3403 γυναικὸς,
1574 3323 1798 3392 τέκνων,
1840 3344 1961 3398 συγ-

314 3422 548 3502 γενείας,
606 3417 887 3495 πατρίδος,
946 3417 1267 3491 κτημάτων,
1327 3416 1417 3471 καὶ
1484 3413 1677 3477 ἁπλῶς
1743 3415 1961 3469 πάντων

312 3501 426 3569 τῶν
459 3509 819 3590 φαινομένων,
861 3508 949 3583 ἀφ’
998 3507 1070 3561 ὧν
1115 3507 1143 3560 ὁ
1187 3508 1283 3560 τοῦ
1328 3508 1461 3560 Θεοῦ
1507 3501 1677 3581 λόγος
1720 3507 1839 3559 κατ’
1884 3504 1964 3558 οἰ-

312 3602 465 3658 κείαν
519 3603 667 3673 ἡμᾶς
722 3598 1039 3673 προαίρεσιν
1096 3593 1428 3651 ἀπολύεσθαι
1485 3593 1719 3651 κελεύει.
1776 3592 1964 3667 Ἐτὲρᾷ

315 3691 375 3748 δὲ
401 3689 623 3762 ἀδήλῳ,
653 3690 743 3744 καὶ
774 3689 877 3765 γὰρ
910 3684 1245 3742 δὲδεταίτινι
1280 3681 1464 3757 δεσμῳ
1498 3686 1708 3741 σκόπου
1738 3687 1774 3754 ἦ
1806 3683 1962 3758 ψυχὴ

312 3781 453 3858 πρὸς
522 3784 632 3835 τῶν
691 3785 791 3849 τῆς
855 3776 1123 3851 πονηρίας
1188 3773 1512 3848 πνευμάτων
1583 3774 1781 3842 αὐτῶν,
1837 3776 1962 3848 παρ’

312 3873 345 3927 ὃ
406 3867 551 3944 μηδὲ
608 3858 831 3922 δυνατὸν
892 3865 1030 3939 αὐτῇ
1094 3866 1222 3938 μήτ’
1281 3864 1559 3938 ἀγαπῆσαι
1619 3864 1768 3932 Θεὸν,
1826 3864 1966 3935 μήτε

312 3964 601 4016 πιστεῦσαι
664 3960 802 4032 μήτε
858 3959 1144 4031 προσευχῇ
1193 3954 1505 4030 χρήσασθαι
1557 3954 1799 4026 καθάπερ
1847 3949 1965 4025 ἔχει

314 4049 656 4123 θελήματος.
716 4046 935 4102 Πάντων
996 4044 1099 4120 γὰρ
1162 4045 1197 4113 ἡ
1258 4042 1569 4112 ἐναντιότης
1606 4036 1677 4096 ’ἕν
1734 4061 1793 4095 τε
1847 4044 1963 4101 τοῖς

314 4144 573 4218 φανεροῖς
626 4134 678 4192 ἔν
722 4157 781 4192 τε
826 4140 945 4197 τοῖς
986 4132 1239 4205 ἀδήλοις,
1306 4132 1412 4187 ἀπὸ
1460 4139 1561 4201 τῆς
1611 4125 1966 4203 παραϐάσεως

312 4234 415 4286 τοῦ
510 4227 733 4303 πρώτου
829 4225 1118 4300 ἀνθρώπου
1210 4223 1417 4283 πάντας
1502 4223 1652 4293 ἡμᾶς
1712 4220 1916 4292 μέτεισι
1948 4239 1961 4255 ⁸

318 4316 575 4377 Ἐπειδὰν
605 4315 697 4373 οὖν
724 4336 809 4377 τις
856 4314 1098 4385 ὑπήκοον
1130 4310 1224 4373 οῦς
1251 4317 1330 4383 τῷ
1379 4310 1528 4385 λόγῳ
1556 4314 1653 4366 τοῦ
1693 4315 1831 4366 Θεοῦ
1861 4324 1963 4366 πα-

322 4410 691 4487 ρασχόμενος,
725 4405 941 4478 ἀποστῇ
977 4404 1071 4477 μὲν
1118 4405 1227 4457 τῶν
1279 4403 1569 4487 βιωτικῶν
1602 4400 1964 4475 πραγμάτων,

2135 2969 2333 3025 XXIX.
2366 2971 2759 3041 Transgresso
2800 2972 2900 3027 Dei
2954 2974 3293 3028 mandatum
3345 2973 3589 3042 homini,
3631 2982 3681 3029 et
3715 2989 3782 3029 ex

2064 3058 2232 3114 beata
2300 3060 2557 3130 paradisi
2616 3061 2838 3132 deiecto
2897 3061 3171 3128 statione,
3235 3062 3461 3118 duabus
3525 3080 3595 3118 ex
3670 3065 3781 3118 hoc

2066 3147 2309 3221 contigit
2337 3148 2509 3219 quasi
2551 3150 2775 3205 catenis
2807 3149 2996 3221 ligari.
3048 3150 3211 3206 Prior
3267 3155 3376 3219 est,
3418 3168 3535 3223 qua
3574 3152 3784 3207 devin-

2071 3238 2223 3293 citur
2252 3254 2402 3294 nexu
2434 3237 2700 3294 sensibili
2732 3254 2867 3294 cum
2925 3239 3176 3311 negotiis
3217 3238 3623 3308 secularibus,
3656 3257 3781 3297 car-

2072 3328 2302 3385 nalibus
2358 3325 2775 3400 voluptatibus,
2834 3328 3074 3396 divitiis,
3132 3329 3586 3399 existimatione,
3632 3330 3780 3385 ami-

2073 3417 2226 3482 citia,
2288 3431 2488 3487 uxore,
2549 3416 2768 3477 liberis.
2847 3417 3207 3487 cognatione,
3277 3417 3485 3488 patria,
3558 3435 3784 3488 posses-

2071 3506 2359 3574 sionibus,
2392 3511 2449 3562 et
2505 3511 2569 3561 ut
2625 3523 2741 3562 uno
2793 3519 3005 3563 cuncta
3033 3508 3389 3580 complectar
3417 3510 3615 3578 verbo,
3649 3525 3786 3565 cum

2073 3598 2347 3652 omnibus
2407 3613 2537 3667 quas
2595 3595 2767 3653 αθο
2801 3597 2894 3653 hic
2942 3607 3298 3666 cernuntur;
3349 3616 3383 3654 a
3442 3600 3655 3671 quibus
3687 3598 3788 3654 Dei

2073 3703 2265 3743 sermo
2323 3703 2428 3741 nos
2477 3687 2644 3755 juxta
2712 3686 3007 3756 propriam
3069 3688 3483 3758 professionem
3552 3688 3788 3758 abjuugi

2075 3776 2354 3847 praecipit.
2404 3774 2595 3831 Altera
2650 3779 2736 3830 est
2789 3782 2992 3831 catena
3040 3776 3099 3831 in
3161 3794 3372 3833 arcano
3430 3779 3794 3846 astringens.

2075 3866 2300 3921 Etenim
2332 3863 2563 3920 vinculo
2603 3864 2862 3935 quodam
2911 3867 3285 3921 tenebrarum
3346 3865 3545 3920 anima
3575 3866 3791 3937 ligatur

2075 3954 2146 4009 ab
2175 3954 2321 4025 ipsis
2360 3953 2667 4023 spiritibus
2723 3953 3173 4025 nequitiae;quo
3226 3955 3310 4022 fit,
3344 3961 3404 4008 ut
3452 3971 3567 4009 non
3601 3956 3796 4025 possit

2075 4059 2264 4113 neque
2310 4056 2502 4097 amare
2559 4041 2763 4109 Deum,
2799 4058 2905 4098 nec
2957 4046 3210 4110 credere,
3238 4059 3343 4098 nec
3375 4042 3637 4099 oratione
3685 4045 3789 4113 uti,

2075 4132 2568 4207 quemadmodum
2592 4131 2781 4189 vellet.
2820 4131 3074 4188 Omnino
3103 4132 3260 4188 enim
3294 4132 3439 4203 haec,
3479 4149 3657 4205 quam
3688 4148 3791 4189 ex-

2076 4224 2358 4296 perimur,
2391 4221 2825 4278 adversantium
2852 4222 3300 4294 oppositio,tam
3326 4223 3384 4279 in
3409 4222 3600 4294 palam
3614 4241 3791 4297 appa-

2075 4312 2360 4379 rentibus,
2402 4326 2580 4383 quam
2607 4310 2667 4365 in
2690 4309 2852 4366 intus
2884 4310 3198 4380 abstrusis,
3222 4328 3291 4367 ex
3331 4312 3797 4383 transgressione

2076 4401 2248 4475 primi
2304 4399 2562 4457 hominis
2589 4399 2651 4455 in
2684 4416 2791 4455 nos
2847 4417 3053 4457 omnes
3102 4402 3358 4460 transiit.
3419 4403 3660 4469 Quando
3692 4403 3799 4474 igi-

322 4486 650 4567 ἀποτάξεται
681 4492 739 4550 δὲ
783 4492 980 4554 πάσαις
1012 4498 1132 4554 ταῖς
1182 4495 1467 4565 σαρκικαῖς
1515 4486 1743 4560 ἡδοναῖς
1780 4510 1795 4561 ;
1842 4491 1945 4544 τότ

2135 4510 2173 4548 .r
2229 4492 2361 4563 quis
2419 4490 2791 4547 obedientem
2852 4508 3054 4547 aurem
3112 4493 3290 4548 verbo
3348 4492 3447 4549 Dei
3507 4494 3796 4564 praebens,

325 4585 395 4658 δὴ
447 4590 530 4659 τῷ
585 4590 703 4657 Θεῷ
749 4578 1149 4658 προσεδρεύων,
1196 4579 1287 4635 καὶ
1353 4579 1491 4634 κατὰ
1548 4577 1758 4654 σχολὴν
1821 4579 1945 4649 αὐτῆ

2135 4580 2408 4653 )junxerit
2462 4579 2701 4652 quidem
2748 4596 2810 4637 se
2865 4598 2899 4636 a
2949 4581 3324 4638 saacularibus
3376 4583 3648 4656 negotiis,
3705 4599 3799 4639 re.

325 4675 743 4752 συγγινόμενος,
793 4671 1022 4743 δύναμιν
1080 4665 1349 4742 λαμϐάνει
1410 4668 1547 4740 πρὸς
1611 4668 1674 4722 τὸ
1734 4669 1918 4740 μαθεῖν

2135 4670 2432 4727 Jntiaverit
2514 4673 2709 4726 autem
2773 4671 2995 4725 cunctis
3080 4671 3408 4727 carnalibus
3481 4671 3798 4742 voluptati-

328 4765 416 4822 ὅτι
460 4762 758 4838 κέκρυπταί
812 4782 896 4823 τις
947 4759 1000 4816 ἐν
1058 4756 1278 4821 ἀδύτοις
1324 4754 1548 4831 καρδίας
1598 4755 1745 4828 ἄλλη
1797 4754 1944 4827 πάλη

2135 4775 2220 4828 as;
2250 4762 2389 4815 tunc
2443 4757 2542 4815 ille
2571 4758 2688 4814 Deo
2749 4757 3073 4825 adhasrens,
3104 4762 3162 4815 et
3208 4774 3313 4831 per
3343 4757 3527 4814 otium
3558 4773 3695 4814 cum
3729 4773 3799 4815 eo

326 4855 421 4911 καί
453 4851 625 4915 ἄλλος
674 4850 955 4928 λογισμῶν
993 4847 1242 4921 πόλεμος
1276 4863 1291 4878 ’
1340 4845 1435 4901 καὶ
1479 4843 1622 4901 οὕτω
1650 4847 1944 4921 παραμένω

2135 4865 2454 4917 Inversans,
2483 4848 2766 4904 virtutem
2823 4846 3035 4918 accipit
3079 4848 3151 4903 ad
3202 4847 3572 4916 discendum,
3604 4848 3790 4906 latere

327 4946 421 5002 καὶ
470 4947 577 4999 τῶν
626 4946 722 4998 τοῦ
768 4944 1004 5017 Χριστοῦ
1057 4935 1314 5011 δεόμενος
1371 4935 1699 5009 οἰκτιρμῶν,
1748 4936 1945 4992 πίστεω

2135 4959 2143 4994 l
2172 4938 2359 5011 adytis
2388 4937 2583 4995 cordis
2611 4936 2785 4993 aliam
2808 4936 3046 5005 luctam,
3071 4940 3129 4993 et
3182 4936 3344 4993 aliud
3392 4938 3805 5011 cogitationum

328 5033 480 5104 αὖτῷ
521 5030 741 5096 πολλῆς
784 5028 920 5104 μετά
967 5048 1030 5105 γε
1070 5028 1167 5082 τοῦ
1220 5024 1508 5099 ὑπομένειν
1560 5023 1927 5098 συνεπομένης

2135 5026 2334 5095 ellum;
2366 5030 2424 5083 et
2460 5027 2547 5083 sic
2595 5040 2967 5098 permanens,
3000 5042 3065 5082 ac
3118 5025 3334 5083 Christi
3394 5029 3799 5087 miserationes

328 5124 395 5179 ού
440 5124 549 5197 μὴν
591 5118 739 5175 ἀλλὰ
775 5118 865 5173 καὶ
896 5124 997 5186 τῆς
1044 5120 1142 5173 τοῦ
1173 5118 1307 5172 Θεοῦ
1348 5114 1524 5191 ῥοπῆς
1570 5117 1943 5190 συνεφαπτομὲ

2135 5115 2433 5188 nplorans,
2466 5116 2581 5172 fide
2609 5117 2805 5187 ipsum
2853 5117 3059 5187 multa,
3083 5120 3395 5191 postquam
3429 5118 3797 5187 sustinuerit,

330 5233 459 5284 νης,
491 5209 717 5266 δύναται
756 5212 864 5264 τῶν
910 5200 1061 5262 ἔνδον
1098 5204 1492 5280 ἀπαλλαγῆναι
1543 5201 1756 5279 δεσμῶν
1796 5225 1854 5259 τε
1890 5224 1945 5259 κο

2135 5211 2387 5278 aquente,
2422 5206 2564 5277 quin
2607 5212 2660 5262 et
2708 5206 2811 5263 Dei
2858 5206 3121 5279 impulsu
3182 5212 3549 5280 cooperante,
3614 5212 3805 5281 potest

331 5303 604 5380 φραγμῶν
647 5296 890 5366 ἐκείνων,
939 5300 1034 5351 καῖ
1083 5298 1180 5351 τοῦ
1226 5295 1452 5357 σκότους
1509 5298 1617 5349 τῶν
1664 5293 1945 5365 πνευμάτω

2135 5293 2473 5352 iterioribus
2529 5293 2767 5352 liberari
2822 5296 3095 5365 vinculis,
3122 5301 3178 5354 et
3235 5297 3489 5355 maceria
3516 5296 3619 5355 illa
3650 5302 3811 5356 tene-

332 5397 437 5461 τῆς
482 5388 771 5463 πονηρίας,
822 5382 957 5463 άπερ
1000 5385 1133 5441 εἰσὶν
1190 5385 1245 5439 αἱ
1299 5389 1407 5440 τῶν
1452 5381 1842 5458 κεκρυμμένων
1883 5404 1945 5439 πο

2139 5399 2358 5453 rarum,
2389 5399 2566 5455 quam
2617 5383 3022 5442 obmoliuntur
3079 5385 3193 5459 ipsi
3238 5385 3481 5459 spiritus
3514 5388 3811 5459 nequitiae,

338 5483 450 5536 θῶν
485 5476 746 5555 ἰνέργειαι
781 5496 794 5510 ·
825 5480 1017 5533 τοῦτον
1051 5472 1109 5531 δὲ
1138 5474 1233 5530 τὸν
1263 5471 1511 5548 πόλεμον
1556 5469 1646 5527 διὰ
1680 5472 1775 5546 μὶν
1820 5471 1945 5548 χάρι

2135 5474 2199 5545 ui
2229 5479 2368 5531 sunt
2396 5473 2627 5532 occulte
2655 5474 3066 5533 rebellantium
3124 5474 3187 5533 in
3236 5476 3403 5533 nobis
3448 5477 3813 5552 appetituum

361 5662 409 5698 ’⁸⁸
450 5660 616 5719 Rom.
648 5675 751 5728 an,
782 5658 840 5715 6.

617 5761 887 5822 PATROL.
933 5759 1049 5819 Gn.
1096 5754 1371 5818 XXXIV.

3415 5758 3490 5817 31
