4100 6204
370 300 485 363 963
1679 292 1742 353 S.
1791 290 2171 353 MACARBJI
2214 288 2579 352 fEGYPTII.
3721 286 3847 347 964

368 437 562 490 motus
592 434 649 487 et
677 432 940 487 conatus.
1003 429 1119 485 Hoc
1175 430 1367 485 autem
1422 427 1658 495 bellum,
1693 443 1794 498 per
1832 427 1987 499 grati;

2230 446 2285 486 ος
2319 426 2551 499 Χριστοῦ
2589 421 2677 477 καὶ
2729 418 3010 494 δυνάμεως
3062 416 3280 474 δυνατοῖ
3333 420 3597 495 γινόμεθα
3644 438 3849 495 καταρ-

365 523 578 580 Christi
613 529 665 577 et
715 522 1013 589 virtutem,
1048 535 1362 590 possumus
1407 518 1686 573 vincendo
1732 516 1917 571 ﬁnire.
1953 518 1984 572 S

2229 520 2336 572 νεῖν.
2388 512 2556 569 Ἀθεεὶ
2601 510 2655 566 δὲ
2698 510 2785 564 καὶ
2833 507 2902 565 δι’
2934 511 3125 564 ἑαυτοῦ
3182 509 3438 584 ῥύσασθαί
3492 531 3607 564 τινα
3655 510 3848 564 ἑαυτὸν

363 615 476 669 Deo
510 629 641 667 vero
708 612 1051 681 adjuvante,
1085 614 1141 665 et
1191 627 1289 680 per
1334 626 1396 664 se
1445 610 1662 679 ipsum,
1724 608 1968 662 liberare

2237 605 2375 677 ιὲχρι
2403 606 2500 656 τοῦ
2530 603 2617 656 καὶ
2647 605 2755 654 τῶν
2789 598 2847 653 ἐκ
2874 604 2980 654 τῶν
3013 598 3295 673 λογισμῶν
3324 597 3689 673 ἀπηλλάχθαι
3737 600 3856 653 πά·-

363 718 744 776 quemquam,
781 702 968 771 quoad
1019 699 1195 763 lucta,
1226 716 1354 770 quas
1395 699 1508 768 ipsi
1556 703 1644 753 est
1692 713 1823 751 cum
1870 697 1982 765 cogi

2229 714 2332 761 .ης,
2365 690 2621 747 ἀδύνατον
2656 709 2668 722 ·
2712 691 2773 743 τὸ
2820 687 2876 744 δὲ
2908 685 3203 764 ἀντιλέγειν
3232 688 3322 743 καὶ
3377 690 3450 762 μὴ
3496 685 3848 758 συνήδεσθαι,

366 794 628 869 tionibus
677 791 980 860 expeditus
1022 790 1212 857 fuerit,
1248 798 1332 843 est
1365 786 1778 858 impossibile;
1848 802 2093 841 renuere
2205 781 2449 839 δυνατόν.

364 898 573 951 tamen
609 885 666 935 et
697 897 810 934 non
845 877 1254 945 condelectari,
1290 876 1603 948 possibile.

434 970 605 1025 XXX.
667 970 724 1024 Si
786 969 918 1040 quis
953 970 1129 1024 rebus
1195 968 1395 1022 mundi
1455 967 1631 1037 hujus
1688 971 1743 1021 et
1803 966 1979 1021 variis
2010 970 2053 1022 te

2276 965 2351 1021 A'.
2386 962 2451 1017 Ei’
2493 984 2576 1025 τις
2621 965 2737 1022 τοῖς
2769 960 3049 1035 πράγμασι
3103 964 3198 1015 τοῦ
3242 958 3451 1032 κόσμου
3501 961 3721 1026 τούτου,
3764 962 3858 1014 καὶ

362 1067 568 1116 neatur
615 1060 897 1125 vinculis,
933 1060 1208 1129 idemque
1268 1059 1487 1111 feratur
1550 1056 1805 1111 motibus
1875 1072 1981 1127 app

2238 1058 2321 1115 οἷς
2348 1050 2624 1112 ποικίλοις
2673 1048 2918 1126 ἐνέχοιτο
2969 1047 3215 1121 δεσμοῖς,
3256 1054 3370 1111 τοῖς
3417 1057 3515 1119 τῆς
3554 1050 3747 1109 κακίας
3797 1070 3857 1103 τε

368 1161 528 1205 tuum
614 1149 1119 1215 inordinatorum,
1183 1146 1384 1218 procul
1443 1147 1490 1201 is
1548 1164 1689 1201 sane
1757 1146 1966 1211 aberit,

2232 1146 2568 1218 λυναπάγοιτο
2628 1142 2842 1213 πάθεσι,
2878 1139 3095 1197 πολλοῦ
3145 1161 3206 1214 γε
3263 1138 3352 1194 καί
3411 1137 3494 1194 δεῖ
3539 1142 3851 1213 γινώσκειν,

366 1246 676 1310 cognoscat
723 1238 878 1307 quod
937 1237 1221 1304 diximus,
1254 1252 1382 1291 esse
1430 1236 1743 1306 quamdam
1803 1234 1985 1290 occuli

2235 1255 2277 1293 ›ς
2335 1231 2629 1311 φθάσαντες
2679 1229 2905 1307 ἔφημεν,
2940 1230 3070 1285 εἶναί
3117 1251 3240 1284 τινα
3286 1228 3465 1299 πάλην
3520 1229 3699 1299 ἄλλην
3760 1228 3854 1282 καὶ

370 1327 544 1382 aliam
573 1326 816 1391 luctam,
846 1332 898 1379 et
945 1324 1158 1379 bellum
1208 1324 1266 1379 in
1314 1320 1529 1379 arcano’
1560 1323 1741 1377 aliud.
1777 1323 1878 1377 Sat
1934 1340 1989 1377 er

2236 1322 2446 1395 εόλεμον
2493 1322 2542 1376 ἐν
2590 1326 2668 1393 τῷ
2727 1322 2913 1397 ἀνερανεῖ
2967 1317 3175 1397 ἕτερον,
3238 1320 3546 1395 Ἀγαπητὸν
3607 1320 3712 1393 γὰρ
3759 1317 3855 1373 ’ἕνα

375 1420 431 1470 et
456 1416 690 1470 abunde
722 1414 1136 1485 gratulandum
1183 1414 1375 1480 fuerit,
1411 1414 1459 1467 si
1501 1413 1631 1484 quis
1664 1430 1726 1467 se
1765 1413 1994 1480 adjunxr

2243 1412 2371 1473 ύσας
2410 1433 2491 1473 τις
2533 1412 2721 1466 ἑαυτὸν
2764 1411 2978 1465 πάντων
3022 1411 3384 1487 φαινομένων,
3436 1409 3526 1463 καὶ
3576 1414 3682 1462 τῶν
3728 1429 3856 1481 σαρ-

377 1506 450 1560 ab
487 1504 903 1577 apparentibus
963 1503 1211 1567 cunctis,
1250 1508 1306 1557 et
1355 1502 1617 1557 carnales
1664 1518 1902 1570 prorsus
1932 1518 1996 1555 vo

2240 1507 2366 1556 ικῶν
2400 1499 2608 1571 ἡδονῶν
2656 1502 2992 1571 ἀποστήσας,
3022 1505 3100 1571 τῷ
3151 1500 3339 1573 Κυρίῳ
3368 1520 3425 1553 τε
3473 1494 3856 1573 προσεδρεύειν

371 1600 554 1665 ptates
620 1593 995 1659 abdicaverit,
1054 1593 1412 1661 Dominoque
1505 1592 1796 1647 adhaerere
1827 1607 1985 1663 ccepe

2240 1592 2520 1666 ρξάμενος,
2572 1589 2869 1667 ἐπιγνῶναι
2923 1588 3153 1659 δυνηθῇ,
3204 1590 3301 1656 τὴν
3362 1586 3510 1643 ἔνδον
3565 1586 3854 1659 οἰκουροῦο

372 1700 437 1739 ac
488 1683 809 1753 intelligere
869 1687 1045 1752 queat
1109 1683 1341 1753 penitus
1404 1684 1555 1736 intra
1595 1699 1695 1736 nos
1728 1681 1991 1736 habitant

2236 1704 2296 1737 αν
2349 1689 2457 1738 τῶν
2536 1684 2717 1737 παθῶν
2795 1681 3001 1752 πάλην,
3064 1680 3151 1735 καὶ
3209 1682 3297 1735 τὸν
3378 1680 3428 1735 ἐν
3506 1681 3641 1751 ἡμῖν
3722 1699 3855 1753 κρυ-

374 1772 876 1843 perturbationum
940 1788 1008 1826 ex
1069 1772 1259 1842 pravis
1310 1772 1615 1826 affectibus
1651 1772 1969 1839 luctam,et

2238 1774 2333 1827 ςτὸν
2372 1771 2642 1844 πόλεμον.
2686 1770 2757 1826 Εἴ
2799 1772 2903 1846 γὰρ
2949 1772 3047 1842 μὴ,
3093 1771 3165 1831 (τις
3215 1767 3443 1845 ἕιρημεν,
3487 1773 3653 1823 ταῦτα
3695 1768 3857 1841 γένη-

2397 1863 2409 1873 .
2563 1863 2577 1873 .
2614 1860 2659 1873 ..η
2788 1863 2801 1873 .
2870 1866 2896 1873 _
3012 1867 3036 1873 _
3116 1863 3125 1873 .
3228 1867 3254 1873 _
3404 1860 3415 1873 ι
3454 1857 3501 1873 ..ς
3638 1857 3683 1873 η
3725 1856 3769 1873 ,τε

374 1862 601 1916 cultum
672 1860 729 1914 in
792 1860 959 1915 nobis
1014 1860 1249 1915 bellum.
1285 1859 1409 1913 Nisi
1441 1861 1593 1915 enim
1630 1860 1687 1914 in
1719 1878 1874 1927 eum,
1916 1877 1988 1931 qu

2234 1884 2309 1933 αι,
2354 1863 2416 1915 ού
2450 1863 2577 1935 παρ’
2609 1860 2745 1931 ὅλης
2778 1863 2937 1934 ἡμῶν
2972 1867 3069 1929 τῆς
3103 1863 3288 1935 ψυχῆς
3328 1860 3418 1913 καὶ
3450 1857 3583 1921 ὅλος
3636 1857 3684 1930 ἐξ
3720 1856 3851 1911 ὅλου

377 1951 631 2007 diximus
680 1949 942 2017 modum,
979 1956 1189 2004 cuncta
1234 1957 1569 2019 comparata
1610 1950 1745 2015 sint,
1779 1949 1927 2003 haud
1975 1967 1996 2004 ι

2236 1974 2280 2013 ις
2343 1949 2722 2024 προσεδρεύειν
2782 1956 2860 2021 τῷ
2918 1954 3034 2021 Θεῷ
3091 1952 3372 2022 στέρξειεν,
3433 1946 3545 2002 οὐδ’
3602 1946 3851 2021 ἐπιγινώ-

377 2057 487 2111 que
547 2056 613 2094 ex
674 2041 944 2093 omnibus
1004 2039 1211 2093 animm
1265 2040 1509 2107 viribus,
1542 2045 1598 2093 et
1656 2044 1812 2093 totus
1851 2056 1918 2093 ex
1968 2046 1996 2093 ti

2230 2062 2315 2095 ’κει
2346 2041 2410 2095 τά
2456 2040 2741 2116 ἀπόρῥητα
2789 2044 2955 2094 ταῦτα
2994 2048 3095 2107 τῆς
3145 2038 3335 2099 κακίας
3377 2040 3551 2108 πάθη,
3590 2038 3682 2092 καὶ
3724 2037 3849 2098 τοὺς

382 2132 511 2201 quis
562 2130 853 2185 adhmrere
886 2129 1023 2198 Deo,
1055 2129 1275 2183 sincero
1328 2130 1533 2183 affectu
1568 2132 1857 2184 decernet.
1892 2129 2001 2199 Neq

2231 2135 2305 2183 σῶ
2359 2127 2588 2202 δεσμούς
2625 2148 2637 2160 ·
2690 2127 2835 2183 ἀλλά
2882 2126 3180 2183 κινδυνεύει
3232 2126 3517 2201 τραύματα
3564 2122 3710 2198 ἔχων
3760 2127 3850 2179 καὶ

381 2228 689 2293 cognoscet
720 2238 962 2276 arcanos
1022 2221 1159 2275 istos
1208 2220 1266 2274 in
1316 2237 1483 2291 prava
1522 2222 1885 2275 tendentium
1916 2237 2000 2290 ap]

2237 2227 2374 2299 (ρανῆ
2455 2219 2597 2288 πάθη
2677 2218 3056 2293 περιθάλπων,
3122 2217 3379 2291 ὑγιαίνειν
3457 2215 3690 2283 οἴεσθαι,
3759 2215 3851 2269 καὶ

377 2315 590 2369 tituum
653 2313 934 2377 insultus,
976 2316 1031 2366 ct
1086 2312 1311 2366 vincula
1370 2328 1495 2381 quae
1553 2312 1703 2366 intra
1786 2315 1996 2376 sunt;:

2233 2315 2339 2363 οεῖν
2377 2328 2389 2340 '
2440 2309 2519 2379 τῷ
2575 2305 2631 2361 δὲ
2681 2329 2743 2381 γε
2802 2306 3092 2375 ἐπιθυμίας
3144 2308 3232 2360 καὶ
3296 2304 3457 2378 δόξης
3518 2302 3849 2376 ὑπεριδόντι,

378 2405 732 2473 periclitatur
791 2419 857 2458 eo
916 2402 1128 2456 erroris
1187 2401 1407 2466 labore,
1442 2406 1504 2454 ut
1534 2399 1873 2456 vulneribus
1908 2406 1995 2454 tra

2231 2404 2416 2473 πρῶτον
2453 2400 2544 2471 μὲν
2594 2398 2886 2474 ἐπιγνῶναι
2933 2402 3101 2452 ταῦτα
3135 2394 3353 2451 δυνατὸν
3398 2396 3617 2473 γίνεται,
3660 2390 3850 2447 ἔπειτα

382 2494 553 2560 ﬁxus,
588 2498 643 2547 et
676 2493 897 2547 morbis
956 2493 1220 2558 affectus,
1253 2508 1399 2561 quos
1453 2490 1603 2544 ultro
1637 2492 1807 2557 fovet,
1843 2492 1997 2559 perfe

2233 2490 2257 2542 ὲ
2290 2486 2535 2557 δεηθέντι
2570 2492 2802 2562 Χριστοῦ
2839 2488 2974 2560 μετὰ
3018 2486 3279 2555 πίστεως,
3315 2486 3403 2540 καὶ
3436 2483 3581 2539 ὅπλα
3625 2478 3849 2539 λάῧοντι

380 2588 573 2635 tamen
609 2586 773 2649 putet
820 2597 884 2635 se
942 2581 1148 2633 valere.
1183 2580 1243 2633 Ei
1307 2584 1501 2633 autem
1535 2580 1633 2649 qui
1666 2580 1999 2649 concupisce

2226 2580 2247 2646 ξ
2295 2577 2521 2651 ούρανοῦ
2573 2577 2638 2630 τά
2684 2581 2779 2630 τοῦ
2836 2576 3175 2649 Πνεύματος,
3206 2576 3296 2629 τὸν
3349 2575 3567 2649 θώρακα
3616 2581 3716 2641 τῆς
3758 2570 3844 2626 δι-

379 2672 488 2724 tias
519 2675 572 2724 et
605 2669 848 2740 gloriam
872 2669 1309 2739 contempserit,
1345 2669 1595 2739 primum
1629 2669 1867 2739 quidem
1919 2686 1998 2739 po:

2226 2666 2514 2736 .αιοσύνης,
2546 2668 2643 2735 τήν
2692 2665 3115 2742 περικεφαλαίαν
3149 2670 3243 2720 τοῦ
3293 2665 3592 2740 σωτηρίου,
3624 2665 3715 2717 τὸν
3761 2665 3845 2716 θυ-

380 2760 554 2814 datur
603 2775 669 2814 ea
723 2774 848 2829 quas
906 2758 1161 2813 diximus
1231 2773 1609 2828 cognoscere;
1681 2759 1889 2813 deinde
1958 2776 1991 2829 p

2221 2758 2319 2811 >εὸν
2382 2763 2483 2825 τῆς
2538 2757 2794 2825 πίστεως,
2850 2756 2941 2809 καὶ
2992 2756 3089 2823 τὴν
3154 2756 3467 2827 Πνεύματος
3545 2755 3840 2827 μάχαιραν,

380 2852 507 2904 cato
556 2848 851 2903 Christum
899 2864 1032 2903 eum
1095 2848 1223 2915 fide,
1257 2854 1315 2902 et
1372 2864 1535 2905 arma
1592 2848 1837 2917 Spiritus
1869 2864 1899 2903 ο
1929 2865 1999 2903 σα

1210 2890 1223 2915 ,
1257 2854 1315 2902 et
1372 2864 1535 2905 arma
1592 2848 1837 2917 Spiritus
1869 2864 1899 2903 e
1929 2848 2090 2904 caelis
2200 2851 2369 2900 ταῦτα
2399 2846 2825 2902 καταπαλαῖσαι.

379 2938 607 3009 adepto,
648 2936 889 2993 loricam
931 2936 1151 2992 scilicet
1183 2937 1449 3007 justitim,
1484 2937 1709 3007 galeam
1750 2935 1974 3005 salutis,
2017 2941 2250 2994 scutum
2294 2938 2445 3006 ﬁdei,
2471 2946 2524 2993 et
2562 2938 2823 3009 gladium
2865 2937 3135 3007 Spiritus,
3184 2936 3348 2991 facile
3390 2936 3475 3003 ﬁt,
3520 2942 3668 2990 totas
3708 2934 3838 2989 illas

383 3028 654 3083 adversas
696 3026 987 3081 debellare
1027 3027 1202 3081 acies.

449 3117 646 3173 XXXI.
682 3117 1144 3174 Innumerabiles
1176 3118 1329 3173 hosti
1366 3121 1565 3173 nostro
1614 3118 1814 3173 insunt
1846 3118 2067 3173 nocend

2282 3124 2403 3173 AA'.
2470 3118 2670 3191 Μυρέαι
2729 3122 2807 3189 τῷ
2883 3118 3233 3190 αντικειμὲνῳ
3292 3118 3342 3170 αἱ
3424 3116 3675 3190 μηχαναὶ
3744 3115 3848 3167 καθ’

378 3216 548 3273 artes,
581 3207 826 3263 avellere
858 3224 964 3262 nos
996 3224 1028 3262 a
1060 3207 1342 3261 charitate
1401 3207 1461 3260 in
1502 3207 1796 3262 Christum
1830 3224 1997 3263 conar

2233 3209 2388 3277 Hu‘bv,
2420 3209 2518 3269 τῆς
2568 3206 2642 3267 εἷς
2684 3206 2775 3260 τὸν
2822 3206 3049 3277 Χριστὸν
3104 3204 3319 3280 ἀγάπης
3358 3203 3605 3273 ἀποσπᾷν
3654 3223 3852 3273 πειρω-

379 3300 495 3352 Aut
537 3297 694 3351 enim
745 3296 905 3351 intus
956 3296 1323 3361 alﬂictiones,
1356 3311 1458 3365 per
1513 3295 1762 3366 Spiritus
1824 3298 1998 3368 nequi

2230 3295 2372 3366 ιὲνῳ.
2418 3302 2483 3350 Ἡ
2532 3296 2635 3370 γὰρ
2680 3293 2826 3349 ἔνδον
2879 3294 3091 3369 θλίψεις
3141 3292 3230 3349 διὰ
3276 3299 3385 3348 τῶν
3433 3297 3532 3361 τῆς
3584 3294 3849 3366 πονηρίας

381 3386 439 3440 in
471 3386 731 3440 animam
764 3384 1070 3451 immittit;
1110 3388 1213 3439 aut
1268 3383 1647 3454 cogitationes
1706 3385 2000 3440 obscoenas

2230 3384 2525 3456 πνευμάτων
2586 3388 2654 3457 τῇ
2711 3388 2867 3462 ψυχῇ
2919 3382 3129 3459 ἐπάγει,
3180 3384 3213 3450 ἢ
3275 3382 3582 3457 λογισμοὺς
3627 3384 3849 3457 μιαροὺς

380 3475 658 3529 nefandas
726 3473 1007 3541 producit,
1078 3478 1441 3543 patratorum
1510 3472 1650 3527 olim
1741 3474 1993 3545 ﬂagitior

2240 3493 2262 3526 ε
2314 3472 2404 3526 καὶ
2450 3472 2740 3545 ἀθεμίτους
2792 3474 2994 3543 ταύτης
3052 3474 3459 3541 κατασκευάζει,
3508 3476 3617 3526 τῶν
3659 3471 3852 3547 προτὲ-

383 3560 723 3615 memoriam
759 3560 1383 3628 refricans;interdum
1437 3566 1494 3616 et
1553 3567 1827 3632 satagens
1860 3563 1999 3633 injic

2242 3582 2313 3615 ων
2367 3562 2780 3635 ἁμαρτημάτων
2837 3563 2935 3631 τὴν
3011 3563 3235 3635 μνήμην
3300 3559 3711 3630 ἀνασκαλεύων,
3771 3556 3853 3614 εἴτε

381 3648 645 3714 taedium,
678 3649 1197 3721 suggestionesque
1234 3649 1653 3720 desperationis
1684 3650 1970 3717 inserens,

2232 3649 2481 3727 [αύνωσιν
2531 3650 2670 3725 αὐτῇ
2722 3650 2943 3705 ἐνθεῖναι
2995 3648 3357 3725 βουλόμενος,
3412 3650 3501 3704 καὶ
3552 3650 3851 3724 λογισμοὺς

384 3739 505 3793 lute
562 3754 690 3794 eam
743 3738 913 3809 potiri
975 3756 1091 3795 non
1149 3755 1353 3809 posse;
1390 3741 1471 3795 ita
1523 3740 1755 3810 quidem
1789 3745 1853 3796 ut
1882 3744 2003 3812 cogi

2232 3741 2567 3814 ιπογνώσεως
2620 3736 2941 3813 ἐμϐάλλειν,
2976 3742 3057 3794 ὅτι
3106 3740 3162 3795 δὲ
3203 3740 3263 3795 ού
3317 3738 3540 3794 δυνατὸν
3577 3739 3716 3813 αὐτῇ
3758 3760 3851 3794 σω-

384 3829 572 3883 tiones
629 3828 770 3882 istas
825 3844 892 3882 ex
958 3828 1155 3884 anima
1212 3845 1309 3899 per
1361 3844 1423 3885 se
1464 3829 1594 3901 ipsa
1625 3830 1775 3885 ultro
1799 3836 1979 3886 enatze

2238 3826 2395 3899 ηρίας
2425 3832 2612 3901 τυχεῖν
2649 3845 2660 3858 ·
2691 3827 2788 3881 παὶ
2835 3828 2909 3890 ὡς
2938 3828 3065 3887 τοὺς
3118 3828 3423 3901 λογισμοὺς
3472 3829 3702 3891 τούτους
3735 3829 3854 3901 παρ’

381 3918 665 3987 deantur;
701 3935 815 3974 non
848 3922 1044 3974 autem
1080 3920 1150 3974 ab
1184 3918 1372 3975 alieno
1422 3920 1628 3988 spiritu
1674 3920 1928 3992 maligne
1960 3938 2000 3975 Si

2234 3923 2398 3985 αυτῆς
2431 3914 2578 3979 ὅλως
2620 3923 2723 3985 τῆς
2765 3920 2952 3992 ψυχῆς
2998 3919 3289 3993 γεννώσης,
3320 3917 3411 3971 καὶ
3459 3916 3587 3992 οὐχὶ
3628 3918 3853 3991 πνεύμα-

378 4010 702 4076 seminatae,
738 4014 935 4081 utpote
992 4011 1093 4081 qui
1154 4009 1314 4080 cupit
1370 4012 1567 4065 latere.
1601 4013 1710 4065 Aut
1741 4012 1924 4081 igitur
1974 4010 1997 4064 l:

2229 4026 2295 4067 τος
2350 4003 2653 4079 ἀλλοτρίου
2722 4010 2901 4067 κακῶς
2971 4006 3165 4070 αὐτοὺς
3256 4006 3709 4078 ὑποσπείραντος,
3770 4007 3848 4061 καὶ

379 4100 518 4168 agit,
553 4103 653 4153 aut
682 4098 906 4154 labores
948 4115 1252 4170 corporeos
1311 4099 1611 4166 immittit;
1646 4104 1747 4153 aut
1777 4100 1951 4154 variis
1993 4121 1998 4149 ι

2231 4095 2551 4169 ιουλομένου
2584 4097 2910 4163 λανθάνειν.
2963 4098 3031 4152 ’Π
3089 4096 3268 4151 τοίνυν
3334 4095 3507 4151 ἐκεῖνα
3594 4104 3763 4167 ποιεῖ,

380 4188 647 4254 cogitatis
707 4188 894 4242 modis
952 4193 1239 4257 procurat,
1273 4188 1648 4243 contumeliis
1697 4189 1877 4243 bonos
1938 4190 1997 4241 al

2232 4186 2399 4247 τόνους
2451 4187 2797 4258 σωματικοὺς
2828 4185 3036 4261 ἐπάγει.
3080 4188 3149 4243 ’Ὴ
3202 4186 3544 4260 ὀνειδισμοὺς
3596 4188 3688 4242 καὶ
3740 4188 3851 4242 θλί-

380 4275 450 4329 ab
488 4274 833 4328 hominibus.
876 4276 947 4327 At
995 4281 1210 4344 quanto
1245 4276 1512 4330 acerbius
1544 4274 1849 4345 malignus
1903 4275 1999 4330 hos

2234 4293 2322 4334 ιεις
2356 4275 2450 4336 τὰς
2500 4274 2548 4346 ἐξ
2602 4276 2899 4349 ἀνθρώπων
2958 4276 3169 4331 ἐπινοεῖ
3200 4296 3213 4309 ·
3261 4276 3390 4332 ἀλλ’
3438 4278 3562 4332 ὅσον
3618 4278 3646 4331 ὁ
3694 4299 3853 4347 πονη-

379 4362 500 4417 haec
532 4362 591 4416 in
627 4378 728 4415 nos
788 4362 958 4433 ignea
990 4361 1283 4430 jaculatur
1341 4364 1497 4431 tela;
1532 4368 1690 4417 tanto
1741 4380 1845 4419 nos
1882 4363 1995 4419 inst

2229 4360 2296 4422 πὸς
2328 4364 2394 4416 τά
2440 4364 2807 4438 πεπυρωμένα
2856 4371 3025 4421 ταῦτα
3070 4366 3203 4441 βέλη
3256 4369 3372 4421 καθ’
3422 4369 3585 4437 ἡμῶν
3638 4366 3848 4442 ἀφίησι,

380 4454 499 4508 tius
530 4452 800 4508 convenit
821 4453 1280 4522 speisuspensas
1314 4470 1381 4507 ex
1412 4456 1525 4509 Deo
1561 4454 1742 4523 magis
1791 4456 1999 4526 magiso

2229 4458 2464 4508 rocoiitov
2527 4458 2675 4528 ἡμᾶς
2733 4459 2999 4531 προσήκει
3060 4464 3159 4527 τῆς
3220 4458 3356 4528 πρὸς
3429 4459 3557 4512 Θεὸν
3630 4455 3848 4517 ἐλπίδος

378 4542 592 4597 habere
651 4541 1141 4610 rationes;certo
1229 4543 1431 4613 utique
1518 4559 1843 4612 persuasos,
1903 4545 1997 4601 div

2231 4541 2423 4597 ιᾶλλον
2474 4544 2718 4620 ἐξῆφθαι,
2772 4541 3011 4619 ἀκριϐῶς
3071 4543 3303 4613 εἰδότας,
3356 4544 3438 4600 ὅτι
3486 4549 3652 4600 τοῦτο
3710 4547 3850 4616 αὐτῷ

377 4632 545 4688 nobis
570 4632 703 4688 talia
766 4632 1024 4702 permitti
1083 4630 1403 4698 voluntate,
1437 4649 1564 4703 quae
1619 4650 1799 4689 unum
1829 4634 1887 4689 id
1929 4652 1996 4706 sp

2231 4630 2426 4704 ιέλημα
2455 4650 2467 4663 ⁸
2508 4632 2571 4686 τὸ
2609 4632 2703 4693 τάς
2751 4632 3025 4707 ἐρωτικῶς
3079 4634 3312 4711 ἐχούσας
3364 4634 3526 4690 αὐτοῦ
3582 4635 3660 4696 είς
3710 4634 3850 4689 δοκί-

378 4727 476 4790 tat,
531 4726 594 4778 ut
649 4726 911 4778 amantes
971 4721 1070 4777 Dei
1128 4722 1336 4777 anima
1394 4726 1478 4777 tot
1534 4722 1836 4791 exploratas
1889 4740 1993 4793 pro

2228 4742 2332 4776 ιιον
2396 4719 2579 4777 δοῦναι
2632 4722 2833 4800 ψυχὰς,
2888 4724 2932 4777 εἰ
2983 4722 3033 4793 ἐξ
3083 4723 3344 4795 ἀληθείας
3405 4726 3566 4780 αὐτὸν
3628 4727 3847 4800 ἠγαπή-

372 4812 650 4879 tionibus,
708 4812 1014 4869 manifesto
1066 4814 1392 4868 monstrent
1436 4826 1500 4867 se
1556 4826 1689 4866 eum
1737 4811 1796 4867 in
1854 4811 2091 4870 veritate
2201 4830 2345 4864 κασι.

374 4901 632 4970 diligere.

443 4990 589 5047 22!
646 4990 876 5047 XXXII.
902 4992 1052 5047 Anni
1100 4991 1256 5047 mille
1317 4992 1492 5062 hujus
1550 4992 1673 5060 avi,
1734 4993 1956 5049 mundo
1987 4991 2062 5047 in-

2272 4990 2391 5046 AB'.
2424 4988 2589 5045 Χίλια
2637 4985 2728 5061 ἔτη
2784 4995 2880 5045 τοῦ
2926 4992 3125 5052 αἲῶνος
3174 4992 3391 5060 τούτου,
3444 4993 3709 5069 ἀφθάρτῳ
3759 4992 3844 5047 x6-

370 5080 734 5153 corruptibili
760 5085 817 5136 et
847 5082 1157 5137 aeternitati
1213 5082 1549 5153 comparati,
1584 5098 1650 5138 ea
1681 5081 1765 5137 illi
1800 5086 1914 5139 fere
1946 5100 1989 5154 p1

2224 5100 2319 5150 ’μῳ
2360 5079 2449 5133 καὶ
2500 5080 2651 5135 αἰῶνι
2703 5076 3169 5155 παραϐαλλόμενα
3213 5084 3431 5137 τοιοῦτό
3483 5083 3535 5138 τί
3579 5082 3738 5153 εἰσιν,
3774 5084 3843 5143 ὡς

367 5173 631 5243 portione
689 5171 1063 5243 respondent,
1099 5188 1215 5242 qua
1273 5175 1338 5226 ut
1395 5172 1444 5227 si
1504 5173 1636 5243 quis
1694 5188 1761 5228 ex
1812 5174 1981 5229 unive

2223 5164 2241 5219 ’ί
2274 5188 2354 5228 τις
2384 5170 2611 5241 ψάμμον
2648 5170 2773 5241 μίαν
2820 5177 2919 5239 τῆς
2953 5169 3090 5241 ὅλης
3142 5173 3377 5245 ψάμμου
3420 5178 3521 5240 τῆς
3566 5172 3842 5241 θαλάσσης

365 5278 537 5317 arena
581 5277 762 5316 unum
821 5277 1071 5332 granum
1134 5262 1402 5333 accipiat.
1430 5261 1964 5318 Considerationem

2218 5252 2353 5310 ,άϐοι
2388 5298 2399 5310 .
2430 5256 2631 5331 Σκὲψαι
2677 5256 2731 5312 δέ
2766 5280 2861 5331 μοι
2913 5260 3004 5314 καὶ
3052 5261 3142 5314 τὸν
3177 5260 3379 5333 τρόπον
3410 5264 3603 5316 τοῦτον
3643 5281 3655 5294 ’
3708 5258 3837 5315 ἔστω

364 5347 514 5403 hanc
571 5350 837 5418 institue;
872 5366 1211 5407 concessum
1264 5351 1370 5405 tibi
1431 5366 1558 5407 esse
1619 5367 1961 5422 supremum

2223 5347 2286 5420 ἂρ
2336 5346 2527 5416 ἐξεῖναί
2576 5369 2657 5403 σοι
2715 5350 2861 5422 μόνῳ
2918 5351 3011 5425 μὲν
3071 5352 3309 5426 γενέσθαι
3372 5352 3594 5425 βασιλεῖ
3654 5354 3834 5419 πάσης

365 5454 566 5493 omnes
623 5444 806 5496 terras
856 5440 1165 5512 imperium
1231 5457 1365 5497 cum
1416 5441 1586 5511 plena
1615 5446 1671 5497 et
1702 5456 1906 5497 secura
1938 5459 1984 5513 pi

2216 5442 2279 5505 ἧς
2330 5442 2428 5509 γῆς
2465 5454 2477 5467 ·
2540 5437 2691 5510 μόνῳ
2736 5443 2843 5493 τῶν
2907 5441 3189 5513 θησαυρῶν
3257 5441 3506 5495 ἀπάντων
3568 5440 3830 5497 δεσπόσαι

364 5527 625 5585 sessione
681 5531 943 5587 omnium
1001 5532 1427 5589 thesaurorum.
1464 5533 1766 5588 Faciamus
1798 5537 1983 5603 pratei

2209 5529 2274 5591 ἧς
2306 5524 2655 5597 οἰκουμένης.
2703 5532 2894 5602 Θῶμεν
2942 5528 2998 5583 δὲ
3042 5532 3141 5599 τήν
3194 5531 3374 5605 ἀρχὴν
3424 5536 3524 5599 τῆς
3573 5534 3684 5584 τῶν
3736 5530 3826 5583 άν-

362 5632 524 5714 luum
556 5616 698 5671 illud
732 5634 977 5689 regnum
1018 5620 1322 5691 incmpisse
1363 5621 1557 5678 statim
1589 5640 1621 5678 a
1648 5622 1833 5693 primo
1865 5638 1981 5678 rert

2212 5616 2406 5688 ρώπων
2455 5614 2529 5677 εἰς
2563 5616 2625 5671 τὸ
2659 5616 2795 5673 εἶναι
2848 5626 3210 5697 παραγωγῆς,
3247 5620 3424 5693 ἀρχὴν
3477 5618 3569 5673 καί
3618 5640 3701 5673 σοι
3739 5638 3831 5694 γε·
