4100 6204
337 387 456 450 965

1585 395 1683 453 DE
1728 391 2171 458 LIBERTA'I‘E
2216 391 2506 454 MENTIS
2519 437 2533 451 .

3695 404 3815 466 966

349 511 534 568 νέσθαι
564 518 663 582 τῆς
699 510 974 588 βασιλείας
1011 513 1172 590 ’ὅρον
1225 513 1283 570 δὲ
1312 513 1512 587 ταύτης
1563 517 1694 572 εἶναι
1739 520 1838 586 τήν
1883 522 1974 572 τῶι

2107 523 2256 584 ortu,
2307 533 2372 572 ao
2419 515 2736 574 terminum
2787 521 2914 590 ejus
2959 521 3079 578 fore
3127 526 3694 586 consummationem
3725 529 3818 586 ul-

352 600 696 680 φαινομένων
735 604 942 658 τούτων
975 603 1065 658 καὶ
1105 609 1202 658 τοῦ
1243 607 1456 677 κόσμου
1499 607 1701 670 παντὸς
1747 604 1993 661 ἀλλοίω-

353 689 433 746 σίν
465 712 522 746 τε
569 691 658 745 καὶ
711 692 1094 764 μεταποίησιν.
1145 693 1202 748 Τί
1261 692 1396 764 οὗν;
1448 695 1704 768 αἱρέσεώς
1755 715 1839 749 σοι
1899 693 1994 749 δο-

349 777 556 850 θείσης,
615 779 854 854 ἢμειψας
911 783 1081 851 αὐτὴν
1134 790 1236 853 τῆς
1287 782 1554 854 ἀληθινῆς
1603 785 1692 839 καὶ
1753 779 1992 858 βεϐαίας,

341 869 430 923 καὶ
468 865 623 923 οὐδὲν
651 868 898 932 οὖδόλως
932 870 1170 946 ἐχούσης
1216 871 1512 944 παροδικὸν
1560 875 1646 928 καὶ
1683 871 1991 945 λυόμενονς

343 957 456 1012 Οὐκ
501 957 564 1012 ἃν
613 953 782 1034 ἔγωγε
819 959 1003 1037 φαίην,
1039 959 1090 1015 εἶ’
1141 983 1224 1016 σοι
1272 963 1333 1016 τὸ
1380 963 1562 1037 κρίνον
1595 963 1710 1036 εἶχε
1757 983 1846 1016 και
1893 982 1992 1016 κα-

345 1044 458 1108 λῶς
493 1047 750 1103 ἐσκέπτου
795 1049 917 1124 περὶ
962 1055 1069 1105 τῶν
1127 1056 1232 1106 σῶν
1266 1053 1362 1106 ’Τί
1409 1054 1509 1127 γὰρ
1567 1051 1778 1126 κέρδος,
1835 1051 1988 1130 φησὶ,

342 1141 424 1207 τῷ
479 1136 776 1212 ἀνθρώπῳ,
833 1137 880 1193 εί
933 1139 1024 1193 τὸν
1079 1139 1280 1212 κόσμον
1343 1139 1472 1194 ὅλον
1548 1138 1838 1216 κερδήσας,
1898 1145 1992 1210 ζη-

347 1227 481 1298 μιθῇ
538 1227 638 1296 τήν
698 1227 882 1301 ψυχὴν
944 1229 1133 1300 αὐτοῦ,
1191 1231 1256 1299 ἧς
1316 1229 1424 1284 οὐδ’
1486 1229 1622 1284 εἷναί
1678 1251 1730 1284 τι
1788 1229 1992 1284 ἀντάλ-

342 1311 534 1392 λαγμα
595 1317 1032 1390 μεμαθήκαμεν;
1087 1318 1200 1374 ἐπεὶ
1257 1320 1344 1374 καί
1391 1319 1589 1381 παντὸς
1633 1323 1730 1376 τοῦ
1778 1319 1990 1392 κόσμου

340 1404 432 1458 καὶ
487 1411 590 1474 τῆς
653 1407 788 1460 κατὰ
853 1405 1058 1476 κόσμον
1123 1409 1402 1482 βασιλείας
1459 1409 1596 1480 αὐτὴ
1659 1411 1799 1482 μόνη
1873 1410 1990 1465 καθ’

341 1494 536 1562 ἑαυτὴν
589 1496 622 1564 ἡ
670 1497 824 1570 ψυχὴ
881 1497 1181 1573 τιμιωτέρα
1237 1497 1456 1571 πολλῷ,
1507 1501 1674 1572 μήτοι
1721 1520 1779 1572 γε
1809 1501 1842 1568 ἡ
1879 1503 1986 1554 τῶν

341 1584 580 1658 οὐρανῶν
640 1585 890 1658 βασιλεία
925 1589 1298 1664 ’τιμιωτέραν
1357 1587 1412 1644 δὲ
1469 1591 1604 1644 κατᾶ
1669 1595 1829 1645 τοῦτο
1885 1593 1984 1660 τήν

340 1675 526 1748 ψυχήν
579 1675 732 1737 εἶναι,
785 1677 978 1754 φαμὲν,
1029 1679 1146 1732 καθ’
1175 1677 1202 1732 ὃ
1238 1680 1312 1752 μὴ
1365 1678 1450 1734 ἐπ’
1499 1678 1648 1734 οὐδὲν
1687 1677 1828 1734 ἄλλο
1879 1684 1988 1735 τῶν

343 1767 508 1821 ὅντων
565 1766 861 1836 ηὐδόκησεν
902 1769 930 1823 ὁ
971 1769 1101 1830 Θεὸς
1154 1773 1250 1824 τοῦ
1309 1769 1619 1843 Πνεύματος
1687 1778 1784 1840 τῆς
1846 1768 1986 1836 ἰδίας

342 1859 552 1934 φύσεως
581 1855 770 1914 ἕνωσιν
819 1862 997 1916 θεσθαι
1055 1862 1144 1916 καὶ
1211 1862 1495 1916 κοινωνίαν
1533 1885 1544 1896 ·
1589 1863 1686 1917 οὐκ
1745 1863 1981 1939 οὐρανῷ,
2023 1904 2066 1968 Β

387 1949 402 1964 9
497 1947 546 1968 ιἾ
571 1949 580 1966 Ι
727 1949 740 1968 ’
821 1949 848 1968 )Ῐ
1133 1952 1145 1968 ν
1186 1953 1210 1968 Δ
1253 1951 1273 1968 ‘
1309 1953 1318 1968 Ι
1518 1953 1530 1968 9
1619 1958 1642 1967 ει
1767 1953 1779 1968 ν
1874 1953 1886 1968 ε
1940 1951 1950 1968 1

342 1949 456 2026 οὐχ
487 1947 653 2021 ἡλίῳ,
685 1949 784 2004 οὐκ
813 1949 1056 2024 ἄστροις,
1091 1952 1152 2006 οὐ
1185 1951 1441 2023 θαλάττῃ,
1477 1953 1537 2007 οὐ
1577 1958 1671 2028 γῇ,
1724 1953 1836 2026 οὐχ
1874 1951 1990 2008 ἑτέ-

341 2058 411 2110 ρᾳ
451 2041 556 2092 τινὶ
605 2039 772 2094 κτίσει
812 2045 918 2096 τῶν
959 2042 1276 2116 ὁρωμένων,
1324 2041 1406 2098 ὅτι
1463 2043 1537 2116 μὴ
1589 2047 1666 2116 τῷ
1715 2043 1986 2117 ἀνθρώπῳ

343 2125 520 2200 μόνῳ·
580 2129 626 2200 ᾧ
683 2130 772 2182 καὶ
824 2133 931 2184 τῶν
977 2132 1288 2206 κτισμάτων
1345 2131 1508 2194 αὐτὸς
1568 2135 1818 2208 ἠγάπησε
1875 2139 1984 2189 τῶν

339 2215 574 2276 οἷκείων.
609 2217 668 2274 Εἰ
701 2217 790 2274 οὖν
817 2220 884 2274 τὰ
933 2219 1147 2295 μεγάλα
1187 2221 1340 2276 ταυτὶ
1381 2226 1478 2276 τοῦ
1527 2221 1758 2295 κόσμου,
1813 2221 1984 2277 πλοῦ-

335 2309 428 2362 τόν
489 2331 636 2384 φημι
695 2308 914 2364 τοσόνδε
971 2311 1058 2365 καὶ
1119 2310 1396 2384 βασιλείαν
1453 2318 1552 2381 τῆς
1612 2315 1717 2386 γῆς
1769 2311 1983 2384 ἁπάσης

337 2398 424 2476 ὑφ’
456 2398 532 2452 ἑνὶ
567 2399 718 2472 μόνῳ
760 2399 1035 2472 κειμένην,
1087 2399 1184 2455 οὐκ
1233 2403 1292 2455 ἂν
1342 2401 1518 2475 ὀρθῶς
1563 2402 1838 2476 κρίναντες
1882 2409 1982 2471 τῆς

334 2487 558 2542 αἰωνίου
590 2488 906 2560 ήλλάξαμεν
940 2488 1241 2564 βασιλείας,
1273 2489 1326 2545 τί
1355 2492 1619 2552 παθόντες
1670 2491 1721 2544 οἱ
1759 2490 1984 2552 πλείους

333 2575 558 2653 φαύλων
587 2576 752 2648 αὐτὴν
805 2579 894 2632 καὶ
933 2583 1042 2632 τῶν
1091 2579 1372 2656 τυχόντων
1417 2584 1681 2653 τιμῶνται
1723 2601 1983 2654 πραγμα-

329 2683 462 2720 των·
515 2667 626 2721 οἷον
687 2665 978 2740 ἐπιθυμίας
1037 2669 1204 2740 τινὸς,
1262 2665 1422 2738 δόξης
1481 2668 1699 2743 ὀλίγης,
1757 2667 1980 2744 κέρδους

334 2756 582 2829 μετρίου,
613 2757 702 2810 καὶ
733 2761 840 2810 τῶν
880 2757 1180 2826 τοιούτιυνς
1213 2757 1344 2832 ὅπερ
1377 2759 1475 2834 γάρ
1515 2779 1597 2820 τις
1641 2763 1738 2814 τοῦ
1786 2759 1981 2821 αἰῶνος

327 2844 526 2899 τούτου
575 2843 748 2921 φιλεῖ,
790 2846 878 2900 καὶ
909 2848 956 2919 ᾧ
988 2843 1216 2918 δέδεται,
1259 2846 1432 2902 ἐκεῖνο
1481 2847 1697 2912 πάντως
1743 2851 1830 2902 καί
1879 2853 1980 2914 τῆς

327 2940 438 2990 τῶν
472 2933 712 3008 οὐρανῶν
746 2935 1070 2991 ἀλλάττεται
1103 2936 1385 3010 βασιλείας
1407 2957 1419 2968 ’
1467 2938 1558 2991 καὶ
1605 2939 1668 2992 τὸ
1716 2936 1978 3012 χαλεπώ-

325 3045 508 3091 τατον,
547 3023 629 3078 ὅτι
679 3025 770 3078 καὶ
821 3027 949 3080 Θεὸν
1005 3028 1222 3102 ἡγεῖται
1269 3031 1452 3080 τοῦτο·
1503 3027 1683 3088 καθώς
1729 3047 1834 3080 που
1895 3025 1980 3081 λέ-

325 3113 538 3181 λεκται,
587 3113 670 3168 ὅτι
714 3115 760 3186 ᾧ
797 3135 878 3175 τις
929 3117 1178 3186 ἣττηται,
1230 3115 1409 3187 τούτῳ
1469 3116 1559 3170 καὶ
1616 3113 1976 3172 δεδούλωται.

325 3205 446 3276 Χρὴ
498 3201 587 3258 οὖν
639 3201 768 3258 ὅλον
821 3202 936 3276 ὅλῳ
981 3201 1050 3258 δι’
1100 3203 1234 3258 ὅλου
1276 3226 1356 3275 τῳ
1404 3203 1520 3276 Θεῷ
1577 3202 1969 3278 προσδραμεῖν,

321 3292 618 3367 ἀναρτῆσαί
672 3313 730 3347 τε
779 3294 964 3348 ἑαυτὸν
1013 3295 1102 3348 καὶ
1165 3298 1469 3368 σταυρῶσαι
1518 3298 1673 3372 ψυχῇ
1727 3295 1814 3349 καὶ
1867 3297 1972 3349 σώ-
2005 3266 2046 3332 C

323 3403 454 3456 ματι
485 3379 574 3436 διὰ
601 3387 786 3438 πασῶν
819 3383 1184 3456 πορευόμενον
1227 3389 1332 3438 τῶν
1372 3383 1606 3440 ἐντολῶν
1647 3383 1812 3440 αὐτοῦ
1857 3389 1964 3439 τῶν

319 3470 510 3548 ἁγίων.

2105 604 2308 660 timum
2369 605 2584 676 saeculi,
2643 611 2700 663 et
2753 623 2948 666 rerum
3009 613 3181 668 modo
3251 617 3656 688 apparentium
3715 633 3808 674 ex-

2104 697 2424 766 spectatam
2455 695 2772 769 aliquando
2815 702 3222 760 mutationem.
3275 705 3424 772 Quid
3455 708 3638 780 ergo?
3667 725 3809 767 num

2103 783 2377 856 Opinione
2424 784 2528 840 tibi
2580 787 2710 843 data
2761 789 3046 860 eligendi,
3103 796 3300 849 utrum
3337 793 3544 853 malles
3583 797 3816 854 existis

2103 874 2330 930 duobus
2375 875 2587 947 regnis,
2629 884 2979 948 praeoptares
3023 881 3132 938 hoc
3181 888 3476 942 terrenum
3507 889 3567 944 in
3601 888 3808 944 mundi

2103 964 2216 1020 {ine
2273 963 2619 1034 desiturum,
2679 967 2997 1038 praeferens
3059 971 3116 1026 id
3193 973 3280 1028 illi
3339 974 3552 1032 cmlesti
3621 976 3812 1047 alteri,

2101 1069 2254 1120 vero,
2309 1053 2492 1110 solido
2532 1057 2587 1110 et
2626 1059 2986 1126 permanenti
3039 1076 3214 1132 regno
3247 1063 3276 1116 7
3325 1065 3488 1120 Haud
3537 1067 3810 1138 equidem

2102 1143 2471 1212 crediderim,
2525 1145 2576 1201 si
2627 1145 2828 1217 utique
2859 1147 3075 1218 sapias,
3129 1153 3184 1205 et
3214 1167 3374 1220 aequo
3415 1157 3686 1226 rectoque
3711 1156 3810 1226 ju-

2100 1233 2250 1288 dicio
2281 1234 2352 1289 de
2379 1249 2439 1290 re
2471 1239 2567 1288 tua
2596 1237 2760 1290 tanta
2799 1237 3046 1292 statuas.
3083 1237 3221 1305 Quid
3251 1241 3397 1295 enim
3425 1241 3534 1312 (ait
3563 1243 3810 1308 Veritas)

2097 1325 2310 1394 prodest
2384 1321 2617 1393 homini,
2671 1325 2725 1379 si
2797 1325 3070 1382 mundum
3143 1329 3462 1386 universum
3542 1331 3809 1404 lucretur,

2099 1416 2306 1471 animae
2364 1421 2548 1469 autem
2607 1429 2726 1471 sua
2793 1415 3188 1473 detrimentum
3256 1421 3508 1490 patiatur
3562 1422 3632 1478 ⁸⁸⁷.
3701 1429 3811 1480 Pro

2099 1521 2214 1576 qua
2245 1503 2392 1558 nihil
2435 1520 2545 1574 par
2593 1505 2653 1558 in
2704 1507 3220 1563 commutationem
3264 1511 3390 1566 dari
3439 1529 3611 1584 posse
3661 1514 3813 1570 didi-

2097 1595 2310 1662 cimus,
2345 1592 2816 1664 quandoquidem
2859 1597 2914 1650 et
2962 1597 3178 1651 mundo
3227 1596 3354 1668 ipso
3387 1603 3528 1669 toto,
3571 1605 3626 1658 et
3657 1617 3808 1674 qua-

2099 1683 2373 1754 licunque
2415 1683 2709 1739 mundano
2743 1700 2940 1756 regno,
2975 1684 3098 1742 sola
3146 1701 3244 1756 per
3296 1703 3358 1744 se
3389 1689 3578 1760 ipsam
3609 1693 3806 1751 anima

2095 1773 2382 1844 pretiosor
2419 1773 2602 1828 multo
2655 1777 2742 1830 est
2774 1791 2787 1842 ;
2823 1775 3038 1832 nedum
3087 1779 3149 1832 ut
3195 1779 3518 1849 comparari
3567 1796 3700 1836 cum
3731 1781 3804 1839 iis

2095 1862 2277 1934 possit
2320 1863 2599 1919 caelorum
2651 1879 2916 1936 regnum.
2967 1865 3108 1922 Inde
3156 1871 3346 1923 autem
3396 1869 3800 1940 pretiosiorem

2093 1951 2320 2009 cunctis
2378 1951 2629 2009 dicimus
2677 1953 2960 2024 animam,
3003 1957 3156 2026 quod
3205 1956 3392 2012 solam
3439 1957 3598 2014 illam
3643 1960 3799 2016 inter

2091 2059 2297 2098 omnes
2329 2043 2633 2100 inferiores
2673 2047 2970 2101 creaturas
3010 2046 3244 2118 dignam
3299 2048 3448 2104 Deus
3489 2048 3796 2120 judicavit,

2091 2132 2182 2188 cui
2215 2148 2386 2188 suum
2433 2134 2675 2205 proprias
2725 2137 2944 2190 natura:
2991 2135 3271 2208 Spiritum
3320 2137 3514 2194 intime
3563 2139 3795 2196 unitum

2090 2223 2323 2292 penitus
2353 2222 2576 2279 inderet
2615 2227 2673 2279 et
2721 2225 3214 2295 communicaret;
3265 2229 3416 2298 quod
3469 2244 3584 2285 non
3631 2231 3795 2300 caelo,

2089 2327 2204 2367 non
2236 2311 2365 2378 soli,
2396 2329 2510 2368 non
2543 2315 2740 2379 astris,
2775 2329 2892 2369 non
2925 2315 3093 2382 mari,
3127 2331 3244 2372 non
3275 2323 3436 2373 terra
3467 2321 3792 2388 concessit;

2089 2417 2202 2456 non
2261 2400 2359 2456 alii
2408 2401 2660 2473 denique
2707 2401 3023 2460 visibilium
3077 2409 3352 2462 creatura:
3400 2405 3502 2463 ulli
3551 2412 3792 2480 prseter-

2089 2505 2262 2560 quam
2301 2489 2403 2544 uni
2435 2489 2661 2545 homini
2689 2515 2703 2558 ;
2745 2505 2918 2561 quem
2950 2491 3074 2548 vice
3123 2493 3388 2550 omnium
3421 2512 3454 2550 a
3491 2511 3552 2553 se
3583 2497 3795 2554 condi—

2089 2585 2278 2635 torum
2337 2579 2396 2634 in
2455 2583 2674 2650 partem
2731 2579 2900 2652 quasi
2957 2582 3253 2654 propriam
3325 2583 3438 2640 sibi
3513 2587 3792 2658 seposuit,

2087 2667 2314 2738 sibique
2363 2668 2662 2740 applicuit,
2712 2684 2778 2724 eo
2827 2673 3160 2726 contentus.
3213 2671 3272 2727 Si
3320 2689 3456 2744 ergo
3501 2675 3622 2730 hac
3666 2693 3794 2746 qua

2087 2757 2326 2813 maximi
2371 2757 2520 2812 ﬁunt
2563 2755 2624 2811 in
2683 2758 2924 2828 mundo,
2975 2759 3214 2825 divitiae,
3265 2761 3418 2830 dico;
3462 2762 3691 2835 amplas,
3737 2771 3796 2821 et

2085 2849 2250 2901 terra
2299 2844 2480 2900 totius
2527 2843 2840 2916 imperium
2893 2845 2950 2900 in
3001 2848 3332 2904 monarchas
3393 2850 3567 2907 unius
3617 2851 3791 2922 pleno

2086 2935 2324 2990 arbitrio
2383 2934 2634 3005 positum
2702 2935 3184 3010 haudquaquam,
3243 2943 3398 2996 recte
3441 2941 3792 3013 iudicantes,

2087 3040 2220 3078 cum
2269 3029 2482 3080 aeterno
2533 3029 3030 3082 commutaremus
3083 3043 3261 3100 regno
3295 3044 3310 3095 ;
3343 3045 3468 3102 qu
3499 3033 3793 3088 dementia

2085 3112 2476 3183 plurimorum
2555 3117 2664 3182 est,
2724 3129 2868 3182 quos
2940 3116 3200 3186 quotidie
3253 3117 3522 3174 videmus
3577 3121 3790 3176 vilibus

2087 3203 2231 3257 illud
2297 3207 2354 3258 et
2427 3202 2758 3268 mediocris,
2831 3202 3011 3260 etiam
3087 3203 3314 3277 vulgari
3385 3207 3788 3279 aestimatione,

2091 3292 2260 3364 pretii
2320 3291 2494 3348 rebus
2539 3292 2908 3364 posthabere,
2950 3297 3110 3364 puta,
3163 3295 3466 3366 cupiditati
3509 3297 3788 3368 cuipiam,

2076 3383 2296 3454 exiguae
2329 3382 2505 3450 laudi,
2539 3381 2700 3437 lucra
2729 3399 2842 3436 non
2877 3399 3112 3456 magno,
3144 3391 3198 3440 et
3227 3384 3568 3444 similibus?
3597 3387 3790 3444 Enim-

2077 3489 2208 3530 vero
2240 3473 2394 3545 quod
2427 3473 2560 3546 quis
2583 3473 2642 3529 in
2681 3473 2792 3529 hoc
2826 3474 3040 3529 mundo
3079 3474 3293 3548 diligit,
3325 3477 3536 3548 cuique
3565 3479 3777 3549 defigi-

317 3567 436 3628 tur,
469 3562 529 3618 id
559 3564 818 3634 omnino,
865 3569 1150 3636 quantum
1201 3567 1258 3622 in
1291 3566 1418 3637 ipso
1465 3572 1571 3632 est,
1621 3583 1753 3621 cum
1787 3565 2065 3624 cmlorum
2113 3579 2290 3636 regno
2320 3567 2680 3632 commutat;
2722 3563 2888 3634 quin,
2921 3564 3076 3635 quod
3107 3563 3273 3636 longe
3303 3571 3394 3622 est
3449 3567 3787 3640 capitalius,

319 3657 380 3708 et
409 3652 466 3707 id
499 3653 681 3708 Deum
715 3669 889 3710 suum
922 3654 1076 3710 facit.
1111 3655 1276 3711 Sicut
1305 3655 1516 3710 alicubi
1549 3655 1826 3726 scriptum
1861 3659 1986 3710 est:
2019 3655 2064 3710 Α
2099 3669 2202 3725 quo
2232 3655 2352 3725 quis
2389 3655 2562 3708 victus
2610 3661 2708 3712 est,
2759 3653 2811 3708 ei
2839 3653 3196 3724 mancipatur
3223 3653 3288 3708 τε.
3337 3655 3568 3726 Oportet
3605 3656 3788 3728 igitur

299 3749 492 3800 totum
551 3759 620 3800 ex
665 3749 784 3800 toto
833 3745 1129 3802 hominem
1181 3748 1248 3802 ad
1300 3752 1472 3803 Deum

333 3851 566 3904 corpus,
598 3835 768 3907 quasi
797 3835 975 3893 clavis
1007 3838 1164 3893 cruci
1195 3837 1504 3908 conﬁgere,
1539 3837 1902 3892 incedentem
1937 3851 2040 3906 per

387 3925 508 3980 AI".
541 3923 664 3979 Εἶεν
692 3941 704 3956 ·
739 3921 840 3998 ἄρα
873 3922 930 3980 δὲ
979 3947 1060 3980 σοι
1095 3925 1182 3980 καὶ
1225 3921 1433 3980 δίκαίον
1485 3924 1616 3978 εἶναι
1647 3921 1816 3990 δοκεῖ,
1863 3923 1962 3991 τὴν

315 4015 414 4086 μὲν
458 4013 700 4086 φθαρτὴν
751 4011 915 4080 αὐτὴν
959 4009 1138 4084 δόξαν,
1188 4011 1276 4066 καὶ
1323 4013 1422 4080 τὴν
1477 4011 1754 4089 ἐφήμερον
1809 4009 1964 4084 βασι-

309 4101 488 4170 λείαν,
537 4102 622 4156 καί
667 4101 812 4156 ἄλλα
861 4101 960 4156 ὅσα
1005 4105 1226 4156 τοιαῦτα
1274 4105 1380 4156 τῶν
1413 4099 1734 4174 ἐπικαίρων,
1783 4097 1960 4152 πόνων

307 4191 404 4246 καὶ
455 4187 698 4266 ἱδρώτων
741 4189 992 4264 πολλῶν,
1031 4195 1148 4252 τοῖς
1198 4188 1544 4266 ὀρεγομένοις
1585 4189 1764 4243 αὐτῶν
1812 4207 1962 4264 περι-

307 4280 552 4355 γίνεσθαι
592 4279 702 4334 οτὸ
762 4279 820 4334 δὲ
869 4280 960 4335 σὺν
1027 4285 1244 4354 Χριστῷ
1301 4279 1574 4354 ἀπέραντα
1631 4275 1958 4354 βασιλεύειν,

309 4370 402 4424 καὶ
435 4369 498 4424 τὸ
525 4373 634 4424 τῶν
680 4357 1064 4440 ἀνεκλαλήτών
1115 4369 1330 4424 ἐκείνων
1383 4367 1660 4444 ἐπιτυχεῖν
1711 4369 1950 4445 ἀγαθῶν,

306 4465 474 4517 τοῦτο
506 4457 562 4516 δὲ
591 4460 764 4524 οὕτως
801 4461 890 4516 καὶ
922 4459 1106 4534 ῥᾴδιον
1137 4461 1292 4528 εἶναι,
1335 4461 1410 4520 ὡς
1439 4459 1616 4514 πόνων
1667 4458 1816 4522 ἐκτὸς
1864 4458 1954 4514 καὶ
1987 4429 2030 4494 D

301 4550 566 4624 καμάτων
596 4551 986 4626 κατορθοῦσθαι
1013 4555 1090 4622 τῷ
1122 4548 1442 4624 βουλομένῳ
1475 4569 1489 4618 ;

381 4821 498 4878 AA'.
530 4821 620 4884 Τίς
651 4823 686 4890 ἢ
719 4819 1009 4892 οἰκονομία
1045 4821 1143 4888 τῆς
1189 4822 1290 4873 τοῦ
1339 4822 1574 4894 Χριστοῦ
1627 4816 1951 4890 παρουσίας,

299 4913 338 4981 ἢ
371 4911 454 4974 τίς
483 4911 642 4982 ἡμῶν
693 4909 901 4987 φύσεως
946 4907 1082 4982 πρὸς
1129 4909 1322 4976 ἑαυτὴν
1371 4904 1632 4969 ἐπάνοδος
1681 4905 1772 4961 καὶ
1819 4905 1954 4961 ἀπο-

299 5001 674 5068 κατάστασις;
736 4995 1009 5055 Ἀπέδωκε
1055 4998 1156 5073 γὰρ
1205 4999 1274 5071 τῇ
1318 4996 1626 5072 ἀνθρωπίνῃ
1679 4997 1830 5076 φύσει
1888 4995 1952 5051 τὸ

297 5092 400 5144 τοῦ
429 5087 865 5165 πρωτοπλάστου
905 5083 1086 5160 Ἀδὰμ
1125 5086 1358 5160 ἀξίωμα,
1401 5087 1537 5160 πρὸς
1588 5085 1646 5141 δὲ
1676 5087 1766 5141 καὶ
1805 5083 1952 5154 κλη-

301 5179 570 5254 ρονομίαν
618 5177 766 5249 αὐτῷ
811 5175 1086 5251 οὐρανίαν,
1133 5175 1178 5230 ὥ
1229 5175 1370 5236 θείας
1427 5175 1516 5230 καὶ
1573 5177 1820 5250 μεγάλης
1872 5177 1952 5244 τῷ

299 5271 418 5324 ὅντι
471 5267 702 5342 χάριτος
777 5271 874 5322 τοῖ’)
949 5267 1154 5340 ἀγαθοῦ
1213 5265 1521 5338 Πνεύματος
1595 5261 1948 5336 ἐδωρήσατο*

299 5355 576 5432 ἐξαγαγών
605 5377 664 5411 τε
691 5357 860 5424 αὐτὴν
891 5355 948 5411 ἐκ
987 5363 1090 5426 τῆς
1139 5353 1388 5432 φυλακῆς
1437 5359 1535 5410 τοῦ
1583 5353 1834 5424 σκότους,
1881 5348 1954 5410 δι’

299 5449 366 5514 ἧς
417 5445 654 5514 ἐλθόντι,
705 5447 794 5500 καὶ
833 5447 888 5500 ἓν
993 5447 1284 5520 κρούσαντι
1332 5441 1557 5498 δυνατὸν
1603 5441 1750 5505 ἐντὸς
1799 5445 1954 5518 γενὲ-

307 5537 426 5591 σθαι
477 5543 576 5606 τῆς
638 5533 912 5612 βασιλείας
947 5551 960 5566 ⁸
995 5534 1224 5606 Αἰτεῖτε,
1275 5531 1376 5608 γάρ
1427 5554 1582 5612 φησι,
1641 5533 1730 5588 καὶ
1787 5530 1952 5605 δοθή-

315 5721 362 5760 ⁷⁷
393 5723 590 5782 Matth.
623 5739 738 5792 1m,
771 5723 859 5778 26.
937 5719 984 5758 ⁷⁸
1015 5719 1068 5775 II
1103 5719 1252 5776 Petr.
1287 5737 1352 5790 ιι,
1387 5719 1470 5777 19.

1549 3751 1732 3802 totum
1781 3745 2110 3815 confugere,
2157 3744 2320 3800 illum
2371 3743 2664 3814 amplecti,
2715 3760 2782 3798 ex
2839 3761 2904 3799 eo
2957 3747 3225 3815 pendere,
3275 3747 3388 3818 ipsi
3427 3749 3683 3806 animam
3729 3753 3788 3806 et

2069 3834 2270 3890 omnia
2299 3839 2498 3888 sancta
2527 3835 2654 3902 ejus
2687 3834 2982 3889 mandata.

2143 3920 2398 3978 XXXIII.
2445 3921 2575 3976 Hinc
2607 3921 2726 3976 sint
2765 3923 2864 3976 ita.
2915 3923 3194 3978 Caeterum
3248 3923 3400 3978 idem
3457 3925 3658 3996 utique
3682 3927 3783 3996 ju-

2073 4014 2230 4065 stum
2281 4009 2608 4070 arbitraris,
2667 4009 3106 4078 corruptibilem
3163 4012 3336 4066 istam
3395 4012 3664 4082 gloriam,
3729 4023 3784 4070 et

2071 4101 2400 4155 desiturum
2479 4115 2744 4169 regnum,
2799 4097 3052 4170 aliaque,
3113 4107 3399 4172 quotquot
3455 4111 3588 4158 sunt
3647 4105 3778 4173 eius

2071 4190 2299 4262 generis
2355 4188 2706 4246 caducarum
2769 4205 2986 4255 rerum,
3051 4189 3148 4244 illa
3229 4192 3776 4262 concupiscentibus

2071 4279 2408 4352 contingere
2467 4277 2670 4334 multis
2721 4283 2912 4349 empta
2973 4277 3272 4335 laboribus
3322 4285 3377 4337 et
3424 4283 3770 4354 sudoribus;

2061 4385 2370 4442 aequumne
2402 4374 2594 4425 tamen
2631 4383 2848 4434 censes,
2873 4375 3156 4426 aeternum
3189 4373 3547 4428 consortium
3605 4377 3770 4446 regni

2061 4459 2296 4526 Christi,
2354 4463 2411 4514 et
2465 4455 2952 4514 inenarrabilium
2985 4457 3220 4516 illorum
3253 4462 3620 4531 adeptionem
3669 4465 3773 4520 bo-

2063 4565 2294 4616 norum,
2327 4548 2510 4620 gratis
2557 4547 2840 4619 quiddam
2890 4563 3020 4604 esse
3069 4551 3360 4622 parabile;
3395 4569 3460 4608 ac
3493 4553 3771 4610 facilitate

2063 4655 2316 4708 summa,
2365 4639 2508 4694 citra
2553 4637 2810 4694 laborem
2843 4639 3346 4697 contentionemve
3377 4640 3556 4698 ullam
3587 4643 3770 4700 cuivis

2061 4727 2274 4784 volenti
2306 4727 2534 4784 evenire
2554 4727 2581 4782 Ἰ

2133 4816 2369 4873 XXXIV.
2403 4818 2563 4885 Quod
2611 4815 2923 4875 consilium
2973 4831 3172 4888 quisve
3221 4817 3366 4874 ratio
3415 4821 3502 4874 est
3543 4820 3766 4877 adven-

2059 4911 2156 4964 tus
2203 4906 2452 4963 Christi:
2506 4906 2710 4978 quisve
2769 4909 2992 4962 naturae
3049 4909 3262 4962 nostras
3322 4907 3394 4962 ad
3456 4923 3518 4964 se
3572 4907 3762 4982 ipsam

2061 4997 2306 5064 reditus,
2349 5001 2406 5052 et
2449 4996 2508 5051 in
2559 4996 2852 5067 integrum
2894 4994 3186 5052 restitutio
3213 4995 3242 5050 ‘I
3291 4995 3570 5056 Reddidit
3609 5001 3766 5056 enim

2060 5087 2326 5143 Christus
2359 5085 2626 5140 humanas
2657 5095 2874 5140 naturas
2915 5083 3170 5140 ablatam
3219 5083 3330 5155 ipsi
3373 5085 3538 5158 prius
3567 5087 3765 5160 digni-

2061 5181 2239 5232 tatem
2269 5173 2476 5230 Adami
2533 5173 2914 5247 prot0pIasti;
2965 5178 3354 5248 pretereaque
3381 5177 3620 5233 donavit
3651 5178 3770 5234 hae-

2059 5265 2362 5321 reditatem
2394 5263 2504 5334 ipsi
2535 5264 2828 5320 cmlestem
2859 5281 2872 5318 :
2911 5279 2943 5320 ο
2963 5279 3095 5320 vere
3125 5263 3380 5322 divinam
3403 5273 3458 5322 et
3489 5281 3764 5338 magnam

2063 5355 2196 5412 boni
2227 5353 2482 5425 Spiritus
2527 5353 2768 5426 gratiam
2805 5353 2816 5408 l
2857 5355 3116 5410 Educens
3157 5369 3288 5411 vero
3321 5355 3507 5428 ipsam
3540 5371 3608 5412 ex
3639 5373 3768 5414 car-

2061 5459 2190 5500 cere
2227 5441 2602 5498 tenebrarum
2653 5441 2804 5497 viam
2857 5441 3032 5498 etiam
3073 5443 3204 5500 vita
3235 5451 3288 5500 et
3324 5444 3572 5516 januam
3605 5461 3767 5506 mon-

2063 5533 2288 5601 stravit,
2341 5547 2442 5604 per
2485 5547 2658 5602 quam
2712 5546 2842 5587 cum
2885 5532 3111 5603 transit,
3167 5537 3226 5590 et
3273 5535 3345 5592 ad
3405 5550 3578 5608 quam
3633 5555 3766 5596 cum
