4100 6204
328 307 443 369 967

1671 301 1736 363 S.
1782 304 2106 365 MACARII
2151 305 2491 369 JEGYPTII

3668 310 3785 371 968

321 439 538 513 pulsat,
590 440 779 512 potest
825 437 884 493 in
933 436 1209 493 interiora
1247 434 1410 509 regni
1456 438 1802 506 penetrare:
1848 438 2001 494 Petit.

2162 460 2288 494 νεται
2343 438 2470 513 ὑμῖν
2505 458 2518 472 ·
2552 438 2793 514 κροῦετε,
2853 438 2941 493 καὶ
3002 436 3365 514 ἂνοιγήσεται.
3434 439 3530 495 Διὰ
3585 440 3792 512 ταύτης

324 530 503 597 enim,
537 530 635 597 ait,
677 537 727 585 et
772 528 995 583 dabitur
1040 527 1232 593 vobis;
1261 527 1475 597 pulsate
1520 533 1571 581 et
1611 526 1889 598 aperietur
1931 545 2026 584 vo-

328 620 407 676 bis
434 618 503 677 7°.
535 618 641 675 Per
672 618 828 674 illam
879 621 1103 688 portam
1138 615 1360 671 nemini
1404 632 1632 683 eorum,
1673 616 1773 687 qui
1805 616 2022 684 volunt,

323 711 684 780 impossibile
714 714 821 775 est,
856 725 970 764 sua:
1009 708 1197 779 ipsius
1253 706 1463 763 animae
1494 707 1754 762 invenire
1786 706 2023 763 liberta-

323 806 462 868 tem,
511 801 663 856 222
696 815 799 855 nec
830 814 956 855 eam
1009 796 1424 853 convenientes
1474 795 1589 867 ipsi
1631 796 1885 866 recipere
1933 814 2027 854 co-

320 890 651 961 gitationes,
697 893 752 944 et
794 905 926 944 cum
967 887 1260 944 Christum
1310 902 1509 942 secum
1557 886 1816 957 possidet
1862 886 2024 943 habi-

316 986 553 1049 tantem,
586 982 931 1052 locupletem
983 995 1132 1045 esse,
1187 992 1363 1049 eoque
1412 975 1589 1031 veluti
1652 993 1868 1048 sponso
1907 978 2020 1033 frui

318 1088 417 1143 per
458 1069 1041 1127 communicationem
1093 1067 1229 1123 boni
1276 1064 1544 1137 Spiritus.
1594 1065 1738 1122 Vide
1764 1066 2023 1123 ineffabi-

316 1161 433 1217 lem
486 1161 825 1216 charitatem
877 1158 1104 1215 Domini
1145 1158 1421 1214 adversus
1468 1155 1784 1221 hominem,
1834 1157 1905 1211 ad
1934 1157 2023 1212 sui

315 1250 503 1322 ipsius
535 1251 849 1320 imaginem
881 1249 1206 1305 conditum.

390 1402 438 1438 79
467 1402 671 1458 Matth.
704 1420 802 1469 vn,
833 1404 887 1456 7.

2133 536 2232 599 τῆς
2264 530 2424 604 θύρας
2460 527 2638 585 οὐδενὶ
2678 534 2786 583 τῶν
2842 528 3193 603 βουλομένων
3246 523 3448 598 ἄπορον
3488 530 3588 598 τήν
3642 529 3795 584 ἐλευ-

2135 618 2315 692 θερίαν
2345 620 2444 687 τῆν
2493 620 2689 673 ἑαυτοῦ
2738 621 2927 691 ψυχῆς
2978 618 3244 695 ὲφευρεῖν,
3299 616 3505 688 ἐκείνην
3558 639 3617 673 τε
3662 618 3795 679 τοὺς

2136 704 2307 769 ἰδίους
2356 704 2653 764 ἀπολαϐεῖν
2710 706 3030 780 λογισμοὺς,
3081 706 3169 761 καὶ
3204 704 3509 775 πλουτῆσαι
3559 709 3794 782 Χριστὸν

2135 795 2404 865 σύνοικον,
2453 799 2543 851 καὶ
2593 797 2667 858 ὡς
2716 797 2939 873 νυμφίῳ
2992 798 3137 866 αὐτῷ
3187 795 3322 850 κατὰ
3359 798 3455 864 τὴν
3506 797 3791 852 κοινωνίαν

2131 892 2226 941 τοῦ
2285 888 2482 961 ἀγαθοῦ
2552 882 2863 961 Πνεῦματος
2940 888 3293 963 χρήσασθαι.
3390 884 3499 942 Ἴδε
3570 887 3789 961 ἀγάπην

2133 975 2366 1053 ἅρῥητον
2438 978 2711 1032 Δεσπότου
2784 978 2923 1051 πρὸς
2979 977 3069 1030 τὸν
3126 976 3214 1030 ὑπ’
3264 975 3437 1031 αὐτοῦ
3488 976 3789 1051 γενόμενον

2134 1068 2267 1121 κατὰ
2296 1067 2395 1135 τὴν
2424 1066 2605 1122 εἰκόνα
2634 1069 2735 1138 τὴν
2769 1067 2961 1123 ἑαυτοῦ
2991 1065 3299 1141 ἄνθρωπον.

1343 1712 1424 1798 S.
1502 1710 1956 1798 MACARII
2037 1709 2799 1799 ALEXANDBINI

1785 1947 2012 1990 ABBATIS
2054 1947 2355 1990 NITRIBNSIS

1063 2106 1722 2266 REGULA
1799 2105 2023 2258 AD
2103 2104 2955 2264 MONAGHOS
3003 2094 3095 2173 (¹)

382 2525 422 2578 Ι.
484 2522 697 2577 Milites
757 2536 891 2591 ergo
946 2519 1159 2576 Christi
1218 2519 1299 2573 sic
1348 2517 1541 2574 taliter
1606 2536 1742 2575 suos
1798 2518 2087 2590 debent];
2187 2514 2339 2571 VIII.

311 2626 655 2681 componere
704 2625 959 2679 gressus,
1020 2607 1364 2662 charitatem
1417 2609 1476 2662 in
1527 2624 1590 2662 se
1661 2606 2008 2678 perfectissi-

311 2717 463 2755 mam
524 2698 886 2753 continentes
932 2713 944 2750 :
998 2698 1164 2751 Deum
1230 2712 1299 2751 ex
1345 2700 1456 2752 tota
1512 2698 1702 2752 anima
1755 2696 2003 2766 diligere,

307 2798 359 2845 ct
390 2805 457 2844 ex
488 2794 592 2843 loto
622 2786 804 2853 cordo,
837 2792 888 2840 et
920 2802 990 2840 ea:
1021 2790 1129 2840 tota
1160 2786 1369 2841 virtute
1398 2803 1499 2842 sua
1528 2789 1567 2843 ¹.

377 2880 444 2935 ΙΙ.
510 2878 762 2932 Invicem
820 2875 971 2931 inter
1040 2892 1103 2931 se
1178 2876 1660 2946 perfectissimam
1720 2879 2005 2931 sectantes

306 2967 706 3033 obedientiam,
782 2965 1028 3037 paciﬁci,
1103 2966 1292 3030 mites,
1352 2966 1658 3035 moderati,
1732 2982 1843 3021 non
1915 2983 2004 3020 su-

306 3058 487 3129 perbi,
548 3072 664 3111 non
724 3054 1012 3125 injuriosi,
1069 3071 1183 3110 non
1234 3072 1601 3123 susurrones,
1654 3073 1769 3111 non
1816 3056 2007 3110 irriso-

306 3165 414 3212 res,
482 3163 594 3200 non
654 3144 900 3207 verbosi,
981 3160 1094 3199 non
1174 3146 1644 3215 prwsumptuosi,
1722 3162 1835 3200 non
1895 3145 2006 3199 sibi

305 3237 616 3308 placentes,
670 3236 769 3289 sed
819 3234 934 3289 Deo
983 3238 1076 3289 cui
1127 3236 1379 3290 militant
1427 3236 1655 3291 Christo
1689 3256 1701 3304 ;
1738 3253 1851 3291 non
1886 3236 2004 3292 bla-

304 3327 631 3398 sphemiam
665 3327 972 3388 sectantes,
1014 3340 1119 3379 nec
1165 3326 1417 3380 dicentes
1448 3326 1770 3396 quidquam
1806 3335 2009 3397 prrster

306 3417 455 3487 quod
517 3418 734 3468 bonum
789 3416 872 3465 est
921 3428 933 3465 :
992 3413 1060 3465 ad
1128 3414 1467 3483 obsequium
1542 3431 1655 3468 non
1712 3416 1880 3487 pigri,
1938 3416 2006 3470 ad

307 3506 623 3559 orationem
687 3500 896 3569 parati,
958 3501 1017 3555 in
1069 3501 1403 3557 humilitate
1454 3506 1714 3573 perfecti,
1764 3507 1820 3560 in
1873 3506 2009 3559 obe-

310 3595 528 3649 dientia
576 3588 890 3659 praecincti,
936 3589 993 3644 in
1045 3592 1264 3662 vigiliis
1323 3593 1629 3659 instantes,
1681 3594 1739 3649 in
1782 3595 2009 3666 jejunio

312 3681 546 3738 hilares.

389 3773 483 3827 III.
542 3771 749 3828 Nullus
806 3789 867 3828 se
916 3772 1027 3828 alio
1089 3772 1396 3842 justiorem
1466 3772 1781 3828 arbitretur
1830 3792 1843 3833 :
1909 3776 2008 3831 sed

316 3863 720 3935 unusquisque
770 3865 1045 3919 omnibus
1102 3880 1162 3919 se
1232 3864 1560 3918 inferiorem
1623 3871 2007 3922 contemnat:

2423 2517 2540 2573 Non
2609 2516 2785 2572 oderis
2838 2517 3171 2574 laboriosam
3237 2534 3462 2591 operam
3495 2521 3513 2554 ³
3560 2537 3580 2575 :
3640 2523 3833 2579 otium

2118 2620 2349 2676 quoque
2408 2622 2479 2661 ne
2536 2614 2791 2663 sectatus
2852 2608 3050 2663 fueris.
3109 2607 3171 2663 In
3234 2610 3449 2681 vigiliis
3508 2613 3830 2690 confectus,

2116 2695 2175 2750 in
2208 2696 2564 2767 operejusto
2614 2698 2876 2763 affectus,
2926 2698 3234 2754 ambulans
3286 2701 3450 2771 quasi
3500 2702 3834 2759 dormitans

2114 2784 2307 2841 lassus
2339 2786 2409 2841 ad
2454 2789 2700 2840 stratum
2733 2791 2902 2842 tuum
2949 2788 3163 2857 venias,
3218 2793 3273 2844 et
3308 2806 3441 2845 cum
3474 2790 3703 2848 Christo
3736 2811 3830 2849 re-

2116 2874 2416 2945 quiescere
2446 2880 2503 2930 te
2533 2876 2756 2933 credas.

2191 2964 2279 3020 IX.
2340 2964 2702 3036 Cursumque
2746 2968 3082 3022 monasterii
3141 2985 3309 3038 super
3356 2970 3551 3026 omnia
3600 2973 3830 3043 diligas-

2117 3056 2225 3122 Qui
2256 3072 2385 3112 vero
2427 3059 2636 3129 saepius
2686 3075 2851 3114 orare
2894 3059 3161 3125 voluerit,
3208 3061 3531 3119 uberiorem
3576 3064 3834 3122 inveniet

2117 3146 2580 3202 misericordiam
2614 3148 2847 3205 Christi.

2190 3241 2258 3294 X.
2302 3238 2705 3311 Matutinoque
2755 3240 2904 3294 dicto
2951 3240 3031 3294 ita
3082 3241 3518 3299 meditationem
3575 3244 3836 3302 habeant

2117 3326 2321 3382 fratres
2357 3345 2541 3398 usque
2570 3331 2639 3385 ad
2693 3330 2893 3385 horam
2942 3332 3299 3387 secundam:
3347 3332 3397 3387 si
3436 3338 3635 3391 tamen
3675 3336 3835 3392 nulla

2118 3434 2293 3472 causa
2323 3418 2622 3486 exstiterit,
2659 3436 2772 3489 qua
2822 3436 3050 3475 necesse
3099 3421 3175 3475 sit
3205 3422 3379 3477 etiam
3438 3427 3836 3494 praetermissa

2119 3507 2487 3563 meditatione
2518 3509 2736 3580 aliquid
2773 3510 2892 3565 fieri
2924 3512 2982 3564 in
3015 3528 3346 3567 commune.

2187 3598 2277 3651 XI.
2330 3598 2466 3652 Post
2512 3598 2717 3654 horam
2768 3617 2900 3655 vero
2950 3602 3264 3657 secundam
3320 3607 3733 3678 unusquisque
3763 3611 3835 3663 ad

2119 3702 2261 3757 opus
2322 3704 2497 3743 suum
2549 3694 2786 3758 paratus
2840 3691 2917 3745 sit
2967 3707 3154 3762 usque
3211 3693 3281 3747 ad
3330 3693 3537 3750 horam
3596 3714 3833 3767 nonam,

2122 3778 2185 3829 ut
2242 3778 2525 3848 quidquid
2578 3777 2910 3848 injunctum
2964 3780 3154 3847 fuerit,
3204 3783 3326 3837 sine
3382 3791 3838 3843 murmuratione

2116 3865 2369 3936 perﬁciat
2398 3868 2439 3933 ‘,
2473 3869 2625 3923 sicut
2652 3869 2793 3923 dicit
2822 3876 3061 3924 sanctus
3082 3873 3414 3940 Apostolus.

428 3918 431 3919 ν
491 3918 509 3935 ι
624 3918 642 3935 ι
704 3918 711 3919 κ
898 3918 905 3919 κ
1860 3918 2006 3922 -
2116 3918 2130 3936 .
2427 3918 2439 3933 ι
2474 3918 2623 3923 vv“
2658 3918 3414 3940 --τ-η-τ---η--ιμνυν--ν-

316 3956 454 4023 Quia
477 3958 569 4026 qui
595 3971 648 4009 se
677 3956 914 4022 exultat,
949 3953 1378 4018 humiliabilur;
1416 3960 1471 4009 et
1503 3956 1681 4025 quise
1720 3954 2007 4022 humiliat,
2046 3918 2086 3984 ρ
2189 3958 2309 4011 XII.
2364 3958 2422 4011 Si
2472 3958 2600 4028 quis
2651 3965 2847 4015 autem
2910 3964 3384 4030 murmuraverit,
3446 3966 3531 4021 vel
3584 3973 3834 4023 conten-

311 4045 641 4101 exaltabilur
670 4046 711 4098 ².

383 4136 474 4189 IV.
528 4136 882 4204 Praeceptum
938 4133 1184 4188 senioris
1243 4137 1307 4186 ut
1363 4133 1616 4188 salutem
1675 4135 2007 4205 suscipias:

307 4241 421 4278 non
472 4225 883 4277 murmurando
942 4222 1121 4275 ullam
1176 4238 1409 4292 operam
1462 4225 1683 4278 facias:
1729 4240 1840 4279 non
1890 4242 2010 4279 res-

307 4312 651 4383 ponsionem
686 4317 886 4366 contra
916 4319 1263 4380 praeceptum
1296 4329 1557 4381 usurpes.

375 4401 439 4454 V.
475 4401 602 4456 Non
651 4405 705 4455 te
756 4400 1017 4469 extollas,
1071 4408 1170 4455 aut
1219 4403 1559 4474 magnifices
1608 4404 1865 4474 aliquam
1899 4405 2011 4460 uti-

304 4490 414 4544 lem
462 4504 696 4559 operam
753 4489 959 4543 fecisse
1014 4506 1027 4544 :
1094 4507 1208 4545 non
1262 4492 1319 4545 in
1380 4494 1730 4562 acquirendo
1791 4493 2008 4565 aliquid

299 4579 443 4634 lucri
478 4579 865 4650 congaudens,
901 4584 996 4633 aut
1032 4579 1089 4634 in
1125 4580 1339 4635 damno
1372 4582 1757 4638 contristeris.

368 4668 457 4723 VI.
509 4672 635 4724 Non
692 4685 745 4724 te
808 4670 1169 4725 familiaritas
1229 4671 1346 4726 ulla
1404 4672 1699 4728 szecularis
1758 4675 2006 4742 trahat;

293 4758 393 4812 sed
444 4763 561 4813 tota
612 4759 917 4814 delectatio
960 4764 1055 4815 tua
1106 4761 1160 4814 in
1212 4761 1417 4815 cellula
1467 4762 1822 4818 demoretur.
1870 4762 2001 4815 Cel-

294 4846 407 4901 lam
455 4852 517 4901 ut
556 4849 890 4915 paradisum
942 4849 1195 4916 habeas;
1234 4851 1439 4904 fratres
1493 4858 1617 4904 tuos
1669 4849 2004 4918 spirituales

296 4946 353 4991 ut
387 4945 632 4992 aeternos
658 4939 917 4993 confidas
951 4939 1164 4994 habere
1200 4947 1488 5009 parentes.

366 5026 489 5081 VII.
526 5028 908 5097 Praepositum
946 5028 1280 5083 monasterii
1336 5032 1542 5081 timeas
1590 5034 1650 5081 ut
1680 5029 2005 5098 dominum,

293 5114 500 5186 diligas
534 5120 594 5169 ut
644 5122 964 5188 parentem.
1020 5116 1301 5172 Similiter
1350 5132 1577 5185 quoque
1608 5132 1811 5173 omnes
1842 5135 2006 5189 opor-

289 5209 370 5260 tet
419 5204 663 5276 diligere
715 5206 942 5271 fratres,
994 5222 1116 5259 cum
1166 5206 1379 5275 quibus
1429 5206 1599 5261 etiam
1650 5210 1703 5261 te
1757 5210 2003 5265 confidis

287 5293 492 5359 videre
522 5292 767 5364 gloriam
804 5294 1041 5350 Christi.

354 5421 373 5454 ί
406 5419 579 5479 Marc.
614 5439 714 5488 xu,
745 5424 833 5478 30.
912 5424 933 5456 ²
968 5424 1101 5478 Luc.
1135 5440 1251 5490 xw,
1290 5423 1373 5478 11.
1456 5425 1475 5460 ³
1510 5424 1679 5482 Eccli.
1714 5442 1814 5496 vn,
1842 5429 1929 5483 16.

347 5544 425 5620 (1)
483 5543 619 5620 Best
675 5546 824 5620 hanc
875 5548 1312 5617 inscriptionem
1374 5551 1637 5620 sequitur
1685 5552 1867 5608 altera
1918 5553 1979 5609 in

276 5616 430 5671 edito
465 5614 871 5692 Holsteniano,
919 5614 1141 5692 exgms.
1194 5622 1409 5688 codice,
1454 5614 1523 5677 ut
1573 5624 1819 5692 videtur,
1871 5626 1981 5680 de-

279 5690 535 5759 sumpta,
595 5703 720 5757 quae
770 5690 853 5745 sie
898 5707 957 5744 se
1006 5690 1226 5745 habet:
1288 5693 1485 5764 Incipit
1529 5695 1719 5765 regula
1750 5690 1814 5751 S.
1852 5696 1973 5752 Μα-

2117 4045 2304 4103 tiosus
2351 4049 2656 4118 exstiterit,
2709 4057 2811 4106 aut
2856 4053 3111 4107 referens
3161 4052 3219 4108 in
3252 4055 3445 4124 aliquo
3478 4060 3835 4114 contrariam

2120 4136 2473 4193 voluntatem
2529 4143 2828 4211 praeceptis
2873 4161 2887 4209 ;
2938 4143 3108 4211 digne
3156 4151 3452 4215 correptus
3502 4150 3836 4205 secundum

2121 4226 2425 4282 arbitrium
2458 4230 2708 4284 senioris
2740 4231 2824 4286 vel
2883 4231 3121 4286 modum
3173 4233 3375 4303 culpae,
3410 4237 3617 4291 tandiu
3652 4240 3841 4294 obsti-

2123 4320 2277 4385 neat,
2337 4318 2601 4387 quandiu
2660 4319 2745 4374 vel
2805 4320 2986 4389 culpa
3036 4321 3285 4391 qualitas
3331 4328 3691 4395 poposcerit,
3749 4331 3840 4386 vel

2122 4421 2184 4460 se
2244 4406 2575 4474 paenitendo
2629 4408 3043 4480 liumiliaverit,
3094 4411 3179 4466 vel
3242 4415 3642 4471 emendaverit
3694 4443 3709 4485 ;
3760 4420 3843 4476 ita

2123 4501 2187 4551 ut
2224 4502 2520 4566 correptus
2555 4514 2666 4553 non
2702 4501 2913 4555 audeat
2945 4518 3196 4572 usquam
3230 4505 3505 4561 recidere.

2193 4586 2341 4641 XIII.
2377 4587 2435 4641 Si
2467 4586 2594 4658 quis
2628 4589 2825 4657 frater,
2878 4590 2960 4645 vel
2994 4592 3093 4661 qui
3142 4594 3197 4646 in
3248 4596 3498 4651 oratorio
3551 4605 3717 4667 sunt,
3751 4600 3844 4655 vel

2121 4678 2217 4744 qui
2262 4692 2362 4745 per
2401 4677 2640 4733 cellulas
2690 4680 3041 4749 consistunt,
3095 4682 3428 4755 quicunque
3469 4687 3601 4757 ejus
3653 4693 3843 4747 errori

2121 4766 2501 4834 consenserit,
2535 4766 2845 4837 culpabilis
2878 4770 3011 4825 erit.

2192 4854 2341 4909 XIV.
2401 4856 2481 4909 Ad
2547 4857 2748 4913 horam
2801 4876 2931 4915 vero
2980 4862 3262 4917 orationis
3315 4864 3447 4920 dato
3502 4868 3673 4940 signo
3724 4890 3843 4930 non

2119 4943 2311 4998 statim
2356 4948 2739 5012 prmtermisso
2764 4951 3119 5021 omniopere
3170 4956 3324 5024 quod
3386 4958 3527 5027 agit,
3587 4970 3837 5031 paratus

2121 5034 2313 5102 fuerit,
2366 5035 2518 5090 foras
2571 5039 2941 5109 excludatur,
2996 5045 3062 5097 ut
3090 5043 3455 5116 erubescet;
3506 5050 3645 5119 quia
3697 5054 3843 5109 nihil

2120 5125 2363 5180 orationi
2394 5131 2850 5198 praeponendum
2889 5137 2995 5189 est.

2188 5214 2592 5305 XV_._Operam
2644 5217 2757 5275 Deo
2806 5221 3025 5278 dabunt
3074 5222 3287 5294 singuli
3338 5226 3545 5284 fratres
3581 5234 3851 5305 tempore

2045 5281 2087 5345 Ῑ)
2121 5317 2234 5371 quo
2287 5281 2477 5359 Missae
2527 5306 2584 5359 in
2644 5307 2857 5378 vigiliis
2921 5281 3293 5369 observandis
3373 5281 3545 5385 fiunt,

2010 5430 2030 5462 ‘
2068 5429 2343 5504 Philipp.
2384 5436 2447 5501 ιι,
2488 5435 2576 5489 Ill.

2079 5558 2242 5646 atrii,
2276 5560 2597 5646 qui/tabuit
2640 5564 2738 5617 sub
2795 5564 3156 5623 ordinatione
3204 5585 3309 5626 sua
3363 5576 3607 5646 quinque
3658 5580 3850 5634 millia

2079 5631 2417 5686 monachoru
2438 5648 2492 5686 m
2516 5674 2528 5686 .
