4076 6206
240 396 356 457 969

1527 393 1836 461 REGULA
1880 401 1987 460 AD
2035 399 2477 462 MONACHOS.

3644 402 3762 464 9'10

237 548 445 589 omnes
504 530 875 595 conveniunt,
938 545 1009 584 ne
1062 528 1352 585 deﬁciant.
1407 528 1752 600 Quicunque
1802 520 2358 604 gra-At’ratribus,
2422 531 2577 587 velut
2632 533 2833 601 regula
2899 531 3180 588 continet.
3256 531 3364 597 Qui
3448 539 3765 607 susceptus

234 624 410 677 vatur
431 637 654 688 somno,
689 623 852 675 exeat
901 619 1056 674 foras
1100 635 1112 674 :
1166 636 1279 675 non
1334 635 1396 675 se
1446 619 1655 674 fabulis
1702 631 1946 692 occupet

242 713 342 767 sed
366 713 564 768 statim
597 712 793 767 redeat
825 710 895 766 ad
937 725 1104 780 opus,
1137 726 1251 781 quo
1293 709 1652 765 convenitur.
1695 711 1756 766 In
1807 728 1946 766 con-

237 800 576 872 gregatione
596 804 792 857 autem
826 800 954 871 ipsa
984 799 1084 854 ubi
1120 799 1353 871 legitur,
1399 816 1569 856 aures
1600 816 1834 872 semper
1870 801 1942 856 ad

236 889 567 959 Scripturas
597 888 872 955 habeant,
896 889 1192 944 silentium
1226 888 1550 945 observent.

307 977 453 1032 XVI.
504 977 625 1032 Hoc
658 978 834 1032 etiam
884 977 1306 1033 attendendum
1348 977 1476 1048 fuit,
1530 981 1594 1033 ut
1628 977 1804 1033 frater
1842 978 1945 1049 qui

238 1082 344 1138 pro
377 1066 639 1138 qualibet
669 1066 835 1138 culpa
865 1066 1128 1138 arguitur
1177 1065 1261 1121 vel
1303 1066 1655 1137 increpatur,
1713 1067 1946 1140 patien-

237 1156 384 1211 tiam
445 1156 675 1226 habeat,
717 1161 773 1212 et
821 1172 935 1212 non
986 1155 1330 1227 respondeat
1388 1158 1658 1228 arguenti
1706 1174 1790 1227 se,
1843 1158 1943 1213 sed

243 1244 516 1302 humiliet
571 1261 634 1302 se
698 1245 756 1300 in
837 1246 1134 1315 omnibus,
1201 1245 1526 1302 secundum
1601 1256 1946 1317 praceptum

241 1336 474 1392 Domini
521 1335 770 1392 dicentis
803 1353 817 1390 :
871 1337 1010 1405 Quia
1063 1339 1200 1392 Deus
1232 1336 1538 1392 humilibus
1566 1337 1659 1392 dat
1683 1337 1945 1408 gratiam,

243 1427 490 1498 superbis
519 1435 700 1483 autem
721 1425 933 1482 resistit
976 1427 1018 1483 ⁵.
1057 1427 1174 1482 Et:
1215 1427 1323 1494 Qui
1349 1442 1406 1482 se
1455 1428 1734 1494 humiliat,
1782 1425 1945 1482 exal-

236 1515 455 1572 tabitur
481 1517 526 1571 ⁸.

313 1607 491 1665 XVII.
529 1609 798 1673 Quivero
830 1606 1045 1680 saepius
1075 1609 1408 1680 corripitur,
1431 1613 1486 1664 et
1507 1617 1622 1664 non
1655 1625 1715 1664 se
1756 1624 1948 1663 emen-

241 1699 493 1765 daverit,
550 1698 908 1754 novissimus
950 1699 1010 1754 in
1055 1698 1258 1754 ordine
1301 1702 1455 1754 stare
1496 1699 1789 1768 jubeatur.
1839 1697 1946 1761 Qui

236 1789 289 1844 si
338 1805 445 1846 nec
492 1790 574 1846 sic
623 1790 858 1860 quidem
909 1805 971 1845 se
1018 1790 1434 1856 emendaverit,
1493 1794 1802 1846 extrahens
1842 1788 1948 1844 ha-

2057 623 2252 688 fuerit,
2287 639 2403 676 non
2437 621 2629 677 solum
2665 621 2734 676 de
2783 621 3119 677 substantia
3167 637 3342 692 quam
3391 621 3614 691 intulit,
3659 625 3760 680 sed

2058 713 2234 768 etiam
2284 730 2390 768 nec
2441 713 2511 768 de
2559 727 2619 768 se
2659 713 2786 784 ipso
2828 712 2898 768 ab
2943 711 3045 767 illa
3081 711 3368 782 judicabit
3404 712 3568 770 hora.
3618 714 3765 770 Nam

2059 803 2108 858 si
2153 803 2374 872 aliquid
2421 804 2580 872 prius
2647 803 2898 873 erogavit
2949 803 3324 874 pauperibus,
3379 811 3477 860 aut
3525 805 3764 861 veniens

2057 893 2118 946 in
2149 892 2423 948 cellulam
2456 892 2679 963 aliquid
2712 891 2914 948 intulit
2947 893 3240 961 fratribus,
3272 894 3383 964 ipsi
3417 899 3614 952 tamen
3646 913 3760 952 non

2058 985 2146 1036 est
2175 981 2426 1050 licitum,
2461 985 2522 1035 ut
2555 981 2775 1051 aliquid
2812 981 3021 1036 habeat
3054 982 3111 1037 in
3144 1000 3248 1037 sua
3277 987 3582 1053 potestate.

2127 1070 2294 1126 XXV.
2329 1071 2398 1125 Et
2428 1071 2476 1126 si
2508 1087 2577 1126 ex
2631 1069 2889 1141 qualibet
2935 1087 3110 1126 causa
3161 1073 3421 1128 scandali
3467 1081 3598 1144 post
3645 1082 3767 1130 ter-

2055 1159 2201 1217 tium
2235 1161 2388 1215 diem
2420 1159 2556 1215 inde
2601 1159 2755 1215 exire
2795 1157 3066 1228 voluerit,
3121 1159 3266 1214 nihil
3319 1163 3552 1231 penitus
3604 1165 3766 1219 soci-

2056 1254 2198 1326 piat,
2250 1251 2360 1307 nisi
2408 1252 2465 1307 in
2514 1259 2668 1307 veste
2716 1267 2830 1321 qua
2876 1251 3052 1305 venit.
3097 1252 3259 1315 Quod
3305 1250 3355 1305 si
3388 1268 3526 1307 casu
3568 1257 3760 1308 trans-

2055 1342 2206 1412 ierit,
2241 1341 2440 1397 nullus
2472 1341 2793 1397 haeredium
2836 1340 2912 1412 (2)
2956 1341 3085 1410 ejus
3130 1340 3288 1395 adire
3328 1341 3554 1398 debeat.
3598 1343 3766 1408 Quod

2055 1433 2106 1489 si
2154 1432 2473 1504 impulsare
2538 1432 2618 1503 (3)
2685 1430 2950 1497 voluerit,
3023 1430 3218 1500 regula
3277 1430 3327 1486 ei
3394 1431 3641 1503 legatur,
3710 1437 3769 1487 et

2055 1523 2448 1578 confundatur
2480 1520 2743 1591 turpiter,
2777 1525 2833 1575 et
2865 1519 3125 1576 discedat
3171 1521 3450 1576 confusus
3487 1537 3499 1575 :
3535 1521 3673 1592 quia
3711 1527 3771 1579 et

2054 1613 2139 1667 illi
2167 1630 2200 1667 a
2221 1629 2332 1683 quo
2363 1610 2571 1683 repetit
2599 1612 2787 1666 fuerat
2809 1611 3070 1666 recitata.

2127 1703 2334 1759 XXVI.
2396 1703 2544 1773 Ergo
2602 1719 2672 1758 ex
2727 1700 2980 1773 qualibet
3037 1718 3211 1757 causa
3263 1701 3392 1772 quis
3443 1703 3768 1773 peccaverit

2059 1794 2253 1862 frater,
2286 1793 2358 1848 ab
2389 1792 2647 1848 oratione
2691 1792 3102 1862 suspendatur,
3147 1795 3204 1847 et
3238 1792 3480 1863 jejuniis
3520 1793 3763 1850 distrin-

235 1877 464 1948 beatur,
495 1879 646 1936 sicut
689 1879 966 1936 Dominus
995 1879 1174 1936 dixit:
1235 1879 1320 1935 Sit
1364 1879 1470 1936 tibi
1515 1882 1654 1936 sicut
1701 1879 1946 1936 ethnicus
1976 1861 2021 1925 Β
2051 1861 2246 1955 gatur.
2275 1883 2435 1947 Quod
2469 1883 2515 1938 si
2549 1899 2746 1938 coram
2796 1861 3070 1937 omnibus
3110 1861 3390 1938 fratribus
3434 1887 3762 1954 prostratus

233 1976 287 2023 et
318 1968 646 2038 publicanus
673 1965 718 2026 ⁷.

309 2057 510 2114 XVIII.
542 2059 624 2114 Ad
678 2074 942 2116 mensam
986 2062 1182 2116 autem
1233 2059 1562 2131 specialiter
1608 2060 1808 2116 nullus
1857 2059 1945 2115 lo-

233 2156 472 2220 quatur,
505 2149 618 2205 nisi
660 2150 760 2222 qui
804 2155 1014 2222 praeest
1072 2151 1156 2206 vel
1191 2152 1292 2223 qui
1339 2151 1728 2224 interrogatus
1747 2151 1943 2206 fuerit.

307 2241 466 2295 XIX.
526 2238 735 2296 Nullus
792 2257 855 2297 se
903 2242 961 2296 in
1022 2257 1129 2296 sua
1187 2241 1396 2312 peritia
1453 2257 1640 2313 neque
1688 2242 1746 2296 in
1806 2255 1945 2296 voce

227 2329 447 2386 exaltet
494 2331 596 2386 sed
649 2347 747 2402 per
794 2330 1183 2388 humilitatem
1236 2335 1292 2387 et
1346 2331 1736 2388 obedientiam
1785 2331 1944 2387 laete-

236 2425 336 2475 tur
359 2420 418 2475 in
451 2419 721 2475 Domino.

301 2508 416 2565 XX.
469 2510 902 2582 Hospitalitatem
951 2517 1217 2568 sectantes
1276 2528 1378 2584 per
1425 2512 1620 2569 omnia
1668 2511 1711 2577 ³,
1767 2515 1824 2569 et
1871 2525 1945 2567 ne

234 2604 471 2656 avertas
509 2599 769 2670 oculum,
825 2606 927 2656 aut
977 2601 1213 2657 inanem
1269 2602 1532 2657 dimittas
1578 2617 1943 2673 pauperem;

233 2706 311 2745 ne
338 2690 482 2746 forte
515 2690 802 2747 Dominus
833 2691 892 2746 in
941 2689 1171 2762 hospite
1223 2694 1325 2747 aut
1369 2692 1426 2747 in
1476 2707 1725 2763 paupere
1774 2692 1846 2747 ad
1890 2695 1944 2746 te

234 2781 457 2846 veniat,
492 2785 549 2836 et
598 2781 791 2837 videat
835 2787 892 2837 te
946 2781 1355 2839 haesitantem:
1402 2786 1457 2838 et
1503 2781 1942 2850 contemnaris;

231 2869 337 2925 sed
389 2869 663 2926 omnibus
713 2869 954 2926 hilarem
989 2879 1041 2928 te
1090 2871 1352 2939 ostende,
1409 2875 1466 2927 et
1522 2871 1768 2927 ﬁdeliter
1815 2887 1940 2944 age.

312 2958 466 3015 XXI.
499 2963 710 3016 Passus
741 2960 1016 3031 injuriam
1047 2960 1579 3030 taceas.'Injuriam
1613 2960 1799 3017 facere
1827 2977 1943 3018 non

236 3064 432 3116 nosse,
488 3049 697 3104 factam
731 3065 897 3119 posse
947 3048 1204 3106 tolerare.
1255 3048 1378 3104 Non
1431 3053 1487 3104 te
1533 3049 1729 3104 inania
1771 3049 1945 3104 sedu-

2057 1974 2281 2030 veniam
2308 1973 2707 2045 postulaverit,
2743 1972 3077 2027 dimittatur
3107 1971 3211 2028 illi.

2128 2063 2348 2121 XXVII.
2391 2063 2537 2119 Nam
2590 2063 2639 2118 si
2684 2063 2740 2117 in
2791 2078 2900 2117 sua
2951 2061 3193 2117 voluerit
3239 2077 3607 2134 perseverare
3656 2079 3764 2119 ne—

2054 2155 2232 2226 quitia
2262 2162 2315 2210 et
2346 2152 2622 2224 superbia
2670 2157 2725 2208 et
2773 2153 2929 2208 dicat
2979 2169 2992 2208 :
3043 2151 3147 2208 Hic
3204 2169 3337 2222 ergo
3385 2155 3596 2210 durare
3645 2171 3762 2211 non

2053 2260 2313 2315 possum,
2363 2243 2464 2298 sed
2504 2241 2785 2313 accipiam
2832 2241 3095 2298 casulam
3137 2258 3350 2309 meam,
3394 2250 3449 2300 et
3489 2259 3614 2299 eam
3662 2243 3765 2299 ubi

2053 2333 2295 2389 voluerit
2342 2333 2666 2389 Dominus:
2729 2331 2996 2404 quisquis
3046 2333 3116 2387 de
3165 2332 3443 2388 fratribus
3483 2349 3618 2389 eum
3652 2333 3762 2390 hoc

2053 2423 2270 2480 dixisse
2327 2423 2490 2495 prius
2531 2422 2802 2490 audierit,
2852 2422 3060 2478 referat
3109 2422 3440 2494 praeposito,
3501 2427 3558 2478 et
3613 2439 3763 2494 pras-

2053 2514 2280 2585 positus
2344 2513 2558 2569 abbati.
2635 2513 2827 2567 Abbas
2877 2527 3072 2568 coram
3143 2512 3414 2567 omnibus
3481 2512 3764 2568 fratribus

2056 2603 2326 2671 resideat,
2359 2606 2416 2659 et
2445 2617 2578 2657 eum
2626 2600 2883 2657 exhiberi
2907 2601 3113 2671 jubeat
3143 2604 3198 2655 et
3224 2601 3402 2671 virgis
3441 2604 3760 2671 purgetur:

2055 2701 2107 2749 et
2138 2693 2320 2749 oratio
2369 2693 2489 2760 ﬂat,
2538 2695 2596 2746 et
2645 2690 2728 2746 sic
2771 2691 2844 2746 ad
2890 2689 3362 2746 communionem
3427 2689 3758 2760 recipiatur.

2055 2781 2130 2839 Ut
2186 2781 2400 2852 siquis
2457 2796 2600 2837 sane
2659 2795 2777 2837 non
2835 2780 3178 2836 emendatur
3237 2779 3524 2846 doctrina,
3585 2779 3763 2851 virgis

2056 2876 2353 2944 purgetur.

2126 2962 2386 3018 XXVIII.
2419 2960 2580 3025 Quod
2625 2959 2674 3016 si
2715 2975 2848 3015 casu
2888 2960 3022 3030 quis
3076 2962 3253 3015 frater
3299 2961 3369 3014 de
3410 2958 3760 3015 monasterio

2053 3052 2208 3108 exire
2257 3050 2520 3114 voluerit,
2571 3048 2719 3103 nihil
2766 3048 3002 3118 penitus
3052 3047 3318 3118 accipiat,
3371 3047 3485 3102 nisi
3537 3048 3594 3100 in
3655 3063 3763 3102 no-

237 3143 382 3195 cant
425 3137 691 3204 consilia,
749 3140 849 3194 sed
901 3140 1088 3212 magis
1137 3144 1194 3195 te
1241 3138 1568 3209 specialiter
1615 3138 1672 3193 in
1720 3138 1944 3194 Christo
1977 3131 2018 3198 C
2057 3140 2346 3197 tatissimo
2403 3138 2485 3209 (In)
2539 3137 2907 3202 vestimento,
2957 3139 3014 3191 et
3071 3141 3233 3192 extra
3292 3135 3761 3190 communionem

239 3228 545 3284 conﬁrma.
591 3228 715 3286 Non
767 3229 872 3284 tibi
913 3231 1165 3286 aestimes
1214 3228 1364 3285 ullos
1413 3228 1798 3300 proximiores
1847 3245 1948 3300 pa-

231 3325 454 3388 rentes,
489 3333 663 3390 quam
694 3319 793 3390 qui
815 3323 1010 3376 tecum
1041 3324 1179 3376 sunt
1207 3318 1270 3374 in
1300 3317 1508 3374 cellula
1539 3319 1767 3374 fratres.

308 3409 489 3464 XXII.
524 3409 580 3464 Si
621 3410 692 3465 ad
744 3411 1076 3466 necessaria
1121 3409 1470 3480 requirenda
1516 3425 1547 3465 e
1595 3408 1945 3465 monasterio

229 3499 360 3556 bini
393 3499 762 3571 egrediantur
791 3499 878 3555 vel
911 3501 1056 3556 terni
1091 3501 1317 3568 fratres,
1351 3499 1498 3556 tales
1547 3499 1688 3555 ﬂant
1729 3499 1944 3571 quibus

223 3589 512 3655 creditur,
561 3588 658 3660 qui
703 3590 972 3646 timorem
1027 3589 1120 3646 Dei
1177 3591 1233 3646 in
1284 3604 1343 3645 se
1392 3589 1603 3645 habere
1654 3589 1939 3660 videntur,

225 3697 346 3737 non
376 3680 474 3751 qui
502 3679 909 3736 verbositatem
942 3685 1042 3736 aut
1073 3680 1261 3753 gulam
1291 3685 1608 3738 sectantur.

300 3769 501 3826 XXIII.
534 3771 682 3842 Ergo
733 3771 781 3826 si
831 3770 966 3842 quis
1017 3772 1088 3827 de
1137 3771 1346 3828 seculo
1392 3772 1464 3827 ad
1517 3769 1940 3828 monasterium

223 3860 488 3917 converti
558 3859 823 3926 voluerit,
873 3859 1074 3932 regula
1126 3860 1175 3917 ei
1225 3861 1542 3917 introeunti
1592 3859 1841 3932 legatur,
1889 3867 1942 3916 et

226 3964 442 4008 omnes
473 3953 635 4005 actus
669 3950 1005 4006 monasterii
1036 3950 1122 4006 illi
1161 3951 1458 4023 patefiant.
1499 3948 1607 4012 Qui
1655 3950 1704 4003 si
1746 3948 1942 4004 omnia

224 4045 366 4113 apte
417 4039 788 4109 sustinuerit,
839 4039 921 4096 sic
971 4039 1147 4112 digne
1189 4057 1222 4098 a
1254 4039 1532 4097 fratribus
1583 4035 1942 4109 suscipiatur

222 4133 288 4188 in
323 4130 702 4187 monasterio.

296 4219 490 4277 XXIV.
535 4219 682 4276 Nam
723 4219 772 4276 si
821 4219 1075 4293 aliquam
1121 4219 1180 4276 in
1213 4219 1426 4277 cellula
1445 4218 1693 4276 voluerit
1722 4218 1935 4275 inferre

2059 3230 2314 3287 infidelis
2363 3229 2643 3285 discedat.
2693 3227 2836 3282 Nam
2888 3226 3070 3299 quieti
3109 3231 3166 3282 et
3209 3226 3435 3298 pacifici
3467 3225 3763 3281 excelsum

2057 3320 2342 3393 diripiunt
2399 3334 2594 3389 regum
2642 3316 2686 3383 9,
2737 3321 2793 3373 et
2843 3316 2947 3371 ﬁlii
2997 3319 3409 3386 computantur
3459 3313 3764 3384 Altissimi,

2057 3415 2114 3468 et
2161 3410 2447 3483 pretiosas
2494 3407 2945 3480 splendidasque
2988 3406 3273 3476 accipient
3319 3421 3605 3471 coronas;
3656 3403 3763 3458 ﬁlii

2056 3505 2249 3556 autem
2318 3499 2660 3556 tenebarum
2732 3497 2791 3554 in
2855 3497 3138 3553 exteriora
3205 3497 3376 3551 ibunt
3444 3499 3759 3562 tormenta,

2053 3591 2226 3661 Super
2272 3606 2430 3661 quem
2483 3588 2856 3661 requiescam,
2906 3587 3038 3642 dicit
3100 3587 3373 3654 Dominus,
3427 3585 3568 3640 nisis
3605 3599 3772 3655 super

2052 3680 2339 3742 humilem,
2371 3684 2420 3736 et
2449 3681 2696 3751 quietum
2725 3683 2778 3734 et
2808 3685 3133 3732 trementem
3172 3692 3444 3732 sermones
3474 3691 3620 3731 meos
3663 3674 3707 3711 ¹⁰
3735 3678 3760 3728 9

2121 3769 2317 3826 XXIX.
2362 3771 2578 3834 Quarta
2621 3772 2676 3824 et
2722 3771 2882 3824 sexta
2932 3767 3073 3822 feria
3121 3767 3219 3839 qui
3267 3765 3610 3837 infrangunt
3658 3765 3757 3833 je-

2046 3859 2299 3929 junium,
2351 3858 2510 3916 Judae
2556 3857 2922 3912 astimantur
2963 3854 3277 3926 participes
3317 3855 3419 3923 qui
3469 3853 3761 3908 Christum

2051 3949 2304 4004 tradidit.

2119 4037 2286 4093 XXX.
2367 4036 2516 4091 Illud
2576 4035 2748 4091 etiam
2809 4033 3218 4090 attendendum
3279 4032 3406 4099 fuit,
3478 4035 3540 4085 ut
3605 4030 3759 4086 intra

2049 4127 2474 4184 monasterium
2519 4124 2830 4182 artificium
2878 4141 2993 4179 non
3040 4122 3215 4178 faciat
3261 4120 3438 4188 ullus,
3492 4119 3604 4175 nisi
3661 4120 3760 4176 ille

2047 4219 2218 4288 cujus
2251 4217 2392 4272 fides
2426 4215 2668 4287 probata
2698 4212 2892 4281 fuerit,
2921 4211 3059 4283 quid
3090 4212 3159 4266 ad
3209 4209 3522 4266 utilitatem
3568 4216 3622 4264 et
3663 4224 3768 4264 ne-

219 4312 645 4380 substantiam,
704 4311 764 4368 in
825 4328 1028 4369 mensa
1082 4319 1337 4384 ponatur
1401 4328 1597 4370 coram
1660 4295 2015 4367 omnibusD
2048 4309 2382 4367 oessitatem
2440 4305 2772 4364 monasterii
2833 4304 3006 4361 faciat
3063 4301 3218 4376 quod
3280 4300 3489 4374 poterit
3546 4301 3752 4355 facere.

296 4486 320 4522 ⁸
393 4487 519 4559 Jac.
580 4489 658 4553 iv,
715 4485 771 4542 6.
848 4486 868 4520 ⁸
925 4485 1128 4543 Matth.
1187 4502 1349 4559 χχιιι,
1411 4486 1500 4544 12.
1575 4483 1598 4520 ⁷
1655 4485 1862 4543 Matth.
1924 4504 1925 4508 η

2144 4482 2231 4540 17.
2309 4482 2529 4539 “Rom.
2586 4497 2685 4548 χιι,
2749 4479 2834 4534 13.
2912 4475 3166 4534 9Matth.
3232 4491 3284 4544 ν,
3320 4475 3374 4543 4,
3404 4474 3458 4529 9.
3538 4473 3583 4508 ¹⁰
3629 4473 3739 4531 Isa.

223 4575 343 4628 va,
377 4558 434 4615 2.

294 4741 378 4815 (2)
418 4739 753 4798 Haeredium.
813 4741 967 4815 Idem
1011 4741 1082 4797 ad
1127 4742 1419 4815 prxdium.
1469 4739 1611 4798 Vide
1640 4737 1923 4810 Cangium
2035 4737 2162 4795 dam
2192 4737 2405 4794 ordinis
2441 4737 2618 4793 nostri
2647 4752 2854 4792 nos.....
2905 4727 3731 4815 multipliciter'imputsarunt,

217 4815 284 4870 in
321 4813 559 4880 Gtossar,
593 4830 643 4868 v.
679 4813 1006 4869 Haeredium.

2039 4817 2373 4895 quatenus...
2405 4824 2685 4895 assumere
2721 4797 3076 4871 curaremus,
3109 4808 3218 4860 etc.
3273 4799 3398 4855 Vid.
3450 4797 3735 4868 Cangium

297 4885 377 4957 (3)
429 4884 751 4957 lmputsare.
800 4886 1082 4941 Excitare.
1137 4885 1302 4956 Apud
1352 4885 1694 4942 Marculfum
1737 4883 1838 4940 lib.
1888 4901 1933 4957 ιι
2045 4879 2107 4938 in
2130 4883 2376 4957 Glossar.
2400 4898 2454 4957 _v.
2481 4879 2820 4957 Imputsare.

217 4956 409 5014 For-nt.
442 4956 533 5026 52,
566 4971 635 5012 ex
682 4957 928 5028 epistola
973 4957 1205 5013 Henrici
1239 4960 1310 5023 V,
1361 4957 1592 5014 abbatis
1627 4956 1932 5013 Fuldensis

213 5031 294 5086 ad
330 5028 477 5085 alios
507 5028 746 5086 abbates
778 5028 1013 5084 Ordinis
1056 5029 1117 5086 S.
1162 5029 1500 5087 Benedicti:
1541 5030 1772 5085 Abbates
1803 5028 1920 5100 qui-

2117 4956 2196 5028 (4)
2217 4940 2738 5028 Notatissimoivest.
2766 4949 2924 5028 _Vide
2971 4949 3123 5028 infra
3163 4961 3293 5016 quae
3336 4940 3748 5028 adnotavimus

2044 5017 2273 5098 ad'c'ap.
2310 5027 2396 5094 10,
2430 5023 2644 5096 regulas
2671 5039 2732 5078 ιιι
2766 5023 2999 5078 Patrum
3033 5020 3101 5075 ad
3126 5017 3460 5074 monachos.

306 5350 530 5413 Sancti
605 5349 870 5413 Macarii
935 5351 1512 5432 Apophthegmata,
1556 5369 1817 5432 necnon
1894 5352 2187 5428 excerpta
2260 5345 2437 5432 varia
2482 5364 2537 5432 _e
2625 5354 2826 5432 sancto
2862 5342 3196 5432 “Macario,
3273 5357 3615 5432 sermonem_
3667 5337 3744 5397 de

215 5437 511 5497 Excessu
587 5434 934 5506 Justorum,
991 5419 1125 5495 .etc.
1203 5419 1642 5510 etvEpist’olas
1716 5449 1846 5512 quae
1919 5419 2246 5511 sequuntur
2303 5429 2367 5488 in
2424 5426 2686 5489 editione
2758 5425 3208 5489 Gallandiana.
3279 5429 3407 5494 iam
3481 5419 3748 5484 dedimus

201 5533 412 5596 supra
440 5512 552 5575 col.
586 5516 883 5587 235-265,
915 5515 1209 5594 385-392,
1242 5512 1526 5576 406-447.
