4076 6206
371 350 483 409 971

1450 339 1561 400 SS.
1615 337 2140 401 MACARIORUM
2188 338 2285 401 ΕΤ
2328 342 2795 408 ΡΑΡΗΝΗἹῚΙ.

3768 348 3885 408 972

1099 638 1211 773 s.
1311 632 2325 797 SEBAPIONIS,
2424 636 3147 786 MACABII,

897 871 1600 964 PAPHNUTII
1700 872 1859 957 ET
1946 872 2598 960 ALTERIUS
2687 872 3215 961 MACARII
3275 863 3363 943 (ί)

1153 1069 1810 1229 REGULA
1908 1066 3111 1318 AD_MONACHOS.

1066 1408 1294 1465 CAPUT
1335 1412 1377 1465 Ῑ.

1104 1500 1367 1567 Praefatio

446 1589 793 1647 πει-24³
846 1586 1195 1644 Sedentibus
1244 1588 1321 1657 (2)
1367 1585 1535 1641 nobis
1584 1586 1642 1640 in
1697 1602 1880 1642 unum
1932 1602 2079 1642 con—

373 1680 505 1737 silio
565 1678 970 1741 saluberrimo,
1030 1693 1162 1733 cum
1224 1692 1387 1747 prece
1448 1676 1756 1732 Dominum
1808 1682 2076 1732 nostrum

374 1770 726 1842 rogavimus,
763 1773 826 1824 ut
856 1767 1023 1823 nobis
1065 1766 1434 1823 distribuerat
1476 1768 1755 1837 Spiritum
1788 1776 2077 1837 sanctum,

374 1861 470 1931 qui
530 1876 636 1915 nos
694 1861 1008 1914 instrueret
1067 1858 1317 1929 qualiter
1378 1858 1620 1913 fratrum
1681 1858 2080 1915 conversatio-

374 1968 507 2008 nem
538 1950 626 2007 vel
660 1950 921 2022 regulam
957 1948 1083 2005 vita;
1124 1950 1394 2005 ordinare
1426 1951 1746 2022 possimus.

1056 2056 1283 2113 CAPUT
1324 2058 1393 2113 II.

672 2152 742 2205 De
769 2150 952 2222 prima
981 2149 1365 2222 conjugatione
1389 2148 1782 2205 camobitarum

995 2221 1263 2292 Serapion
1293 2220 1456 2275 dixit.

444 2312 725 2378 Quoniam
758 2313 1133 2368 misericordia
1173 2312 1392 2367 Domini
1436 2312 1603 2383 plena
1650 2319 1727 2367 est
1780 2313 1976 2368 terra‘
2028 2317 2081 2367 et

374 2402 693 2459 multorum
739 2403 814 2474 (3)
859 2401 1094 2474 agmina
1133 2402 1203 2457 ad
1236 2402 1361 2457 vitae
1394 2401 1689 2473 fastigium
1724 2403 1990 2471 tendunt,
2025 2407 2080 2457 et

376 2492 510 2563 quia
542 2492 722 2549 eremi
755 2492 995 2548 vastitas
1026 2496 1083 2547 et
1122 2491 1479 2547 diversorum
1530 2494 1921 2547 monstrorum
1951 2495 2078 2547 ter-

377 2598 474 2637 ror
506 2580 849 2653 singillatim
884 2582 1149 2638 habitare
1182 2582 1386 2637 fratres
1428 2597 1545 2637 non
1571 2581 1856 2652 permittit
1890 2597 1902 2635 :
1937 2581 2081 2653 Opti-

375 2689 540 2728 mum
597 2672 821 2728 videtur
879 2671 1134 2743 Spiritus
1192 2672 1379 2727 sancti
1450 2672 1751 2743 praeceptis
1822 2671 2077 2728 obedire.

379 2767 495 2820 Nec
527 2763 605 2835 (4)
636 2768 832 2819 nostra
876 2763 1109 2834 propria
1148 2765 1323 2820 verba
1367 2767 1614 2836 possunt
1660 2762 1830 2819 ﬁrma
1882 2778 2084 2834 perse-

378 2871 597 2925 verare,
630 2853 744 2909 nisi
798 2854 1041 2910 ﬁrmitas
1093 2854 1491 2926 Scriptuarum
1540 2870 1571 2910 e
1612 2856 1930 2911 centesimo
1974 2855 2085 2909 tri-

381 2944 596 3001 cesimo
650 2943 911 3001 secundo
964 2944 1191 3015 psalmo
1242 2953 1507 3001 nostrum
1556 2944 1822 3001 ordinem
1870 2945 2084 3016 ﬁrmet,

384 3049 498 3107 quo
552 3032 693 3089 dicit
742 3048 757 3089 :
807 3033 940 3089 Ecce
991 3050 1154 3105 quam
1204 3034 1399 3089 bonum
1447 3040 1499 3089 et
1545 3050 1711 3105 quam
1756 3034 2085 3116 iucundum,

384 3123 641 3179 habitare
667 3126 870 3194 fratres
902 3123 962 3178 in
993 3140 1164 3180 unum
1196 3124 1236 3179 ².
1278 3125 1347 3179 Et
1386 3125 1598 3180 iterum
1635 3139 1649 3179 :
1693 3125 1794 3191 Qui
1832 3124 2086 3181 habitare

376 3218 512 3287 facit
536 3219 823 3273 unanimes
854 3218 911 3271 in
942 3216 1095 3273 domo
1126 3218 1147 3250 ³
1176 3241 1190 3283 ς
1217 3215 1442 3271 firmam
1472 3217 1594 3287 jam
1629 3230 1783 3271 nunc
1822 3216 2085 3288 regulam

382 3306 616 3378 pietatis
676 3323 779 3378 per
834 3305 1090 3377 Spiritus
1148 3305 1336 3362 sancti
1378 3304 1767 3362 ostensionem
1813 3306 2088 3363 fratribus

381 3396 679 3465 ordinare,
713 3411 1149 3467 prosequamur.

1054 3502 1285 3559 CAPUT
1327 3505 1425 3560 ΙΙΙ.

592 3590 747 3650 Idem
778 3595 911 3666 ipse,
941 3593 1013 3650 De
1042 3594 1421 3736 ur;antimitate
1459 3602 1509 3652 et
1529 3596 1877 3667 jucunditate

1126 3683 1186 3723 ra
1214 3684 1359 3723 rum.

1126 3683 1359 3723 ratrum.

390 3752 678 3813 Volumus
741 3771 875 3829 ergo
933 3757 1139 3814 fratres
1212 3757 1519 3814 unanimes
1575 3759 1634 3814 in
1708 3759 1880 3815 domo
1956 3775 2090 3815 cum

376 3846 751 3917 jucunditate
792 3845 1101 3904 habitare:
1134 3848 1229 3903 sed
1276 3847 1524 3919 qualiter
1567 3848 1925 3904 unanimitas
1966 3847 2094 3918 ipsa

381 3934 474 3991 vel
500 3936 840 4007 jucunditae
872 3940 1028 3994 recto
1060 3937 1261 3994 ordine
1310 3941 1591 4007 teneatur,
1639 3937 2092 4010 Deqﬁadjuvante
2162 3981 2167 3987 .

388 4026 758 4083 mandamus.

1071 4134 1299 4193 CAPUT
1336 4135 1427 4194 IV.

547 4224 650 4292 Qui
669 4240 859 4295 supra,
897 4224 969 4281 De
999 4226 1199 4281 abbate
1227 4230 1276 4282 et
1307 4226 1578 4353 gnomodo
1608 4226 1662 4282 ei
1690 4225 1945 4283 obediant

1112 4314 1303 4353 monac
1347 4316 1385 4353 ι.

1112 4314 1385 4355 monachi.

457 4383 745 4441 Volumus
804 4401 940 4457 ergo
1000 4402 1182 4443 unum
1253 4404 1501 4460 praeesse
1571 4387 1859 4445 seniorem
1927 4404 2099 4461 super

387 4488 592 4530 omnes
650 4475 878 4537 fratres,
931 4491 1037 4532 nec
1084 4477 1156 4533 ab
1221 4477 1346 4548 ejus
1406 4476 1650 4535 consilio
1710 4477 1796 4534 vel
1853 4479 2097 4552 imperio

392 4579 750 4637 quemquam
792 4564 1102 4623 sinistrum
1150 4568 1459 4638 declinare,
1508 4570 1607 4626 sed
1652 4569 1806 4626 sicut
1856 4569 2099 4642 imperio

386 4654 620 4711 Domini
674 4671 810 4711 cum
861 4656 1022 4712 omni
1072 4658 1278 4714 latitia
1328 4658 1600 4729 obedire;
1669 4659 1896 4715 dicente
1942 4660 2098 4731 Apo-

388 4743 539 4800 stolo
577 4745 648 4801 ad
707 4745 1021 4803 Hebraeos:
1077 4746 1295 4805 Obedite
1337 4747 1653 4821 praepositis
1700 4749 1910 4815 vestris,
1971 4750 2101 4819 quia

385 4834 496 4903 ipsi
543 4834 779 4905 vigilant
818 4852 925 4906 pro
974 4838 1127 4895 vobis
1158 4840 1197 4893 ‘.
1254 4839 1315 4894 Et
1363 4839 1646 4896 Dominus
1697 4837 1839 4894 dixit
1892 4854 1908 4894 :
1966 4837 2099 4894 Nolo

387 4922 743 4991 sacriﬁcium,
800 4926 893 4981 sed
951 4927 1313 4983 obedientiam
1357 4928 1399 4983 ⁸.
1451 4927 1952 4985 Considerandum
2006 4930 2097 4982 est

461 5066 476 5140 ξ
512 5066 659 5123 Peal.
718 5085 894 5137 xxxii,
925 5072 978 5126 5.
1057 5072 1078 5105 ²
1109 5071 1260 5127 Psal.
1292 5087 1505 5140 oxxxtt,
1541 5074 1590 5128 1.

394 5224 510 5280 xiv,
542 5211 595 5268 8.
676 5212 717 5245 ¹⁸
747 5213 909 5269 Rom.
943 5231 1019 5283 x1,
1051 5216 1142 5270 20.

460 5354 536 5425 (1)
570 5355 906 5434 Holetenius
937 5359 1257 5434 adicalcem
1291 5360 1421 5434 Cod.
1454 5360 1651 5432 :Regul.
1695 5376 1763 5417 ex
1801 5359 2088 5434 antiquis-

387 5423 538 5504 simo
573 5430 886 5504 exemplari
930 5433 1058 5487 cod.
1095 5433 1217 5488 Vat.
1264 5432 1423 5487 3542.
1454 5423 1692 5504 aliquot
1734 5423 2092 5491 variae'lec-

390 5498 582 5552 tiones
614 5498 839 5577 profert
863 5503 1111 5573 hujusce
1144 5504 1363 5573 Regulae
1391 5498 1735 5574 sanctorum,
1777 5511 1886 5562 etc.
1921 5511 2091 5577 prout

390 5574 735 5651 sequuntur.
776 5572 879 5627 Hic
910 5572 1268 5658 autempost
1298 5577 1538 5632 nomina
1571 5572 1820 5650 quatuor
1853 5572 2087 5634 Patrum

390 5635 624 5693 additur
654 5658 713 5695 ω
748 5642 982 5700 laudato
1007 5647 1221 5703 codice.
1251 5649 1529 5703 abbatum.

1208 5688 1221 5715 ,
1251 5663 1529 5706 aooatum.

460 5704 540 5781 (2)
572 5709 907 5770 Sedentibus.
942 5716 1026 5771 Id.
1060 5718 1185 5774 cod.
1208 5704 1603 5777 residentibus.
1638 5721 1709 5778 Et
1740 5737 1892 5792 mox,
1913 5723 1973 5779 ut
1995 5737 2091 5777 no-

2104 1415 2162 1479 Α
2190 1422 2420 1480 quoque
2463 1407 2533 1465 ab
2578 1408 2667 1463 his
2714 1409 2815 1480 qui
2851 1422 2910 1465 se
2940 1407 3043 1464 tali
3074 1425 3247 1480 opere
3278 1408 3588 1465 unanimes
3619 1425 3753 1465 esse
3784 1424 3898 1466 cn-

2188 1498 2375 1569 piunt,
2410 1498 2549 1569 quia
2581 1514 2681 1569 per
2710 1498 3101 1554 obedientiam
3147 1498 3437 1555 Abraham
3482 1498 3704 1569 placuit
3752 1499 3892 1563 Deo.

2187 1592 2237 1643 et
2273 1587 2483 1642 amicus
2531 1589 2629 1642 Dei
2664 1588 2969 1659 appellatus
3017 1597 3094 1644 est
3122 1590 3161 1641 ⁸.
3196 1589 3303 1643 Per
3352 1588 3748 1644 obedientiam
3787 1588 3899 1661 ipsi

2187 1676 2436 1749 apostoli
2496 1684 2837 1733 meruerunt
2894 1682 3068 1733 testes
3128 1677 3376 1734 Domino
3423 1678 3482 1733 in
3530 1678 3815 1734 tribubus
3846 1682 3901 1734 et

2188 1765 2417 1837 populis
2464 1782 2611 1822 esse.
2663 1767 2791 1838 Ipse
2840 1784 3067 1838 quoque
3117 1767 3400 1823 Dominus
3458 1773 3661 1823 noster
3689 1768 3763 1824 de
3800 1786 3898 1825 su-

2187 1856 2386 1926 pernis
2414 1857 2484 1911 ad
2515 1858 2787 1912 inferiora
2826 1857 3185 1913 descendens
3235 1858 3354 1912 ait:
3388 1856 3503 1913 Non
3546 1859 3675 1913 veni
3713 1860 3901 1928 facere

2185 1947 2521 2001 voluntatem
2551 1963 2752 2013 meam,
2784 1946 2875 2001 sed
2904 1949 3018 2018 ejus
3059 1948 3155 2018 qui
3204 1963 3287 2003 me
3326 1946 3476 2003 misit
3507 1948 3544 2001 ".
3604 1948 3705 2003 His
3764 1965 3899 2021 ergo

2186 2036 2365 2091 tantis
2396 2036 2710 2092 virtutibus
2743 2038 2971 2092 firmata
3002 2038 3333 2094 obedientia
3362 2053 3716 2110 magnopere
3774 2054 3902 2094 ma—

2187 2141 2417 2197 gnoque
2448 2127 2640 2182 studio
2671 2130 2956 2183 teneatur.

2861 2233 3098 2290 CAPUT
3138 2235 3206 2292 V.

2187 2323 2454 2379 Macarius
2483 2322 2629 2378 dixit
2655 2341 2676 2378 ,ο
2716 2323 2965 2392 Qualiter
3004 2325 3297 2394 spirituale
3342 2327 3669 2382 exercitium
3722 2327 3797 2382 ab
3828 2329 3908 2382 his

2578 2398 2671 2468 qui
2692 2399 2935 2463 praesunt
2956 2397 3213 2452 Patribus
3243 2402 3515 2454 teneatur.

2263 2485 2547 2549 Quoniam
2581 2485 2821 2541 fratrum
2866 2486 3117 2557 insignia
3160 2486 3465 2558 virtutum,
3512 2487 3910 2545 habitationes

2194 2592 2447 2647 quoque,
2478 2575 2565 2631 vel
2596 2574 2901 2631 obedentia
2948 2577 3220 2647 superius
3264 2577 3586 2650 conscripta
3632 2583 3785 2634 sunt
3809 2580 3906 2652 (5),

2190 2681 2349 2722 nunc
2380 2663 2632 2736 qualiter
2661 2664 2963 2734 epirituale
2994 2665 3331 2722 exercitium
3379 2666 3451 2722 ab
3501 2666 3597 2723 bis
3628 2668 3728 2737 qui
3767 2685 3909 2738 prae-

2192 2758 2332 2811 sunt
2391 2754 2657 2810 Patribus
2696 2758 2982 2824 teneatur,
3042 2754 3157 2811 Deo
3201 2757 3443 2827 juvante
3497 2756 3908 2814 ostendamus.

2117 2802 2161 2868 Β
2196 2846 2451 2911 Debetis,
2486 2845 2585 2916 qui
2619 2845 2878 2916 praaestis
2920 2802 3140 2913 Patres,
3186 2802 3329 2902 tales
3366 2862 3465 2902 vos
3503 2846 3802 2915 exhibere,
3852 2852 3914 2903 ut

2194 2937 2508 3009 Apostolus
2541 2937 2621 2992 ait
2654 2952 2667 2991 :
2707 2940 2888 2994 Estote
2930 2940 3113 3008 [arma
3156 2937 3503 2994 credentibus
3533 2939 3578 3007 ⁸,
3635 2940 3751 2996 hoc
3804 2946 3909 3009 est,

2197 3032 2263 3083 ut
2321 3045 2420 3098 per
2472 3026 2809 3100 qualitatem
2868 3028 3128 3097 mystica:
3190 3029 3423 3101 pietatis
3470 3038 3523 3086 et
3554 3031 3909 3099 severitatis,

2197 3117 2443 3173 fratrum
2505 3117 2733 3174 animos
2784 3119 2853 3174 ad
2912 3117 3169 3174 cmlestia
3220 3118 3291 3175 de
3340 3120 3590 3177 terrenis
3641 3122 3905 3194 erigatis,

2199 3208 2427 3263 dicente
2487 3206 2757 3278 Apostolo
2819 3223 2832 3264 :
2891 3207 3091 3279 Argue,
3161 3208 3404 3278 obsecra,
3464 3212 3715 3283 increpa,
3789 3228 3909 3268 cum

2199 3300 2357 3353 omni
2389 3300 2656 3370 patientia
2697 3302 2749 3354 et
2800 3298 3057 3355 doctrina
3106 3297 3148 3355 9.
3200 3304 3271 3356 Et
3318 3300 3432 3356 alio
3482 3300 3609 3358 loco
3650 3302 3852 3375 inquit
3899 3318 3912 3355 :

2200 3388 2341 3454 Quid
2378 3389 2591 3444 vultis?
2625 3390 2685 3444 in
2726 3391 2879 3461 virga
2918 3390 3139 3445 veniam
3186 3388 3257 3445 ad
3303 3406 3416 3461 vos,
3469 3408 3543 3447 an
3598 3394 3657 3447 in
3716 3394 3913 3465 spiritu

2201 3478 2651 3534 mansuetudinis
2684 3479 2728 3514 1°
2757 3478 2783 3532 ?
2813 3480 3245 3535 Decernendum
3282 3484 3366 3536 est
3396 3482 3469 3536 ab
3500 3480 3603 3538 illo
3636 3483 3746 3554 qui
3774 3500 3915 3555 pre-

2203 3573 2313 3636 est,
2348 3567 2598 3639 qualiter
2641 3569 2794 3625 circa
2834 3567 3099 3640 singulos
3130 3568 3337 3626 debeat
3375 3570 3608 3642 pietatis
3640 3572 3912 3629 affectum
4026 3642 4027 3645 η

2203 3665 2573 3725 monstrare;
2624 3665 2677 3713 et
2718 3657 2967 3729 qualiter
3015 3663 3210 3714 tenere
3257 3660 3462 3717 debeat
3510 3660 3912 3733 disciplinam,

2202 3763 2319 3804 non
2374 3746 2686 3804 immemor
2740 3746 2972 3803 Domini
3021 3747 3265 3805 dicentis
3312 3766 3325 3805 :

2201 3838 2379 3895 mensi
2406 3836 2633 3908 fueritis
2662 3839 2982 3894 remetietur
3008 3837 3152 3893 vobis
3186 3840 3249 3894 “.

2882 3947 3110 4005 CAPUT
3158 3948 3234 4003 VI

2318 4040 2465 4096 Idem
2493 4038 2631 4113 ipse,
2659 4040 2720 4096 Ut
2755 4040 2814 4093 in
2843 4041 3092 4113 oratione
3120 4040 3426 4113 astantibus
3453 4040 3651 4097 nullus
3681 4044 3805 4101 sine

2515 4111 2791 4183 praecepto
2820 4111 3029 4166 abbatis
3050 4111 3325 4182 psalmum
3353 4113 3627 4184 imponat.

2128 4179 2171 4247 (ἶ
2282 4179 2626 4259 Astantibus
2674 4179 2809 4274 ergo
2857 4202 2927 4257 ad
2977 4179 3298 4259 orationem
3347 4179 3545 4261 nullus
3598 4210 3917 4278 presumat

2209 4296 2337 4353 sine
2388 4298 2672 4366 pracepto
2729 4294 2831 4365 qui
2891 4296 3095 4365 praeest
3142 4293 3348 4365 Patris,
3398 4296 3616 4368 psalmi
3683 4298 3911 4355 laudem
4002 4312 4003 4317 ‘

2208 4384 2496 4442 emittere.
2528 4384 2691 4455 ,Ordo
2737 4384 2844 4439 iste
2884 4386 3171 4451 teneatur,
3226 4389 3288 4441 ut
3331 4384 3532 4441 nullus
3567 4388 3832 4458 priorem
3862 4390 3914 4443 in

2211 4476 2565 4534 monasterio
2597 4477 2665 4531 ad
2699 4476 2977 4532 standum
3006 4475 3095 4531 vel
3128 4475 3495 4547 psallendum
3527 4479 3736 4536 ordine
3770 4497 3913 4553 pre-

2210 4572 2407 4623 sumat
2457 4566 2793 4637 praecedere,
2844 4564 3068 4622 dicente
3114 4565 3417 4624 Salomone
3459 4582 3473 4624 :
3524 4569 3659 4637 Fili,
3717 4570 3915 4643 prima-

2210 4660 2327 4713 tum
2355 4657 2735 4728 concupiscere
2763 4655 2883 4711 noli
2916 4655 2980 4722 ι’,
3014 4686 3079 4697 -
3109 4672 3285 4727 neque
3314 4657 3639 4714 accubueris
3666 4662 3837 4731 prior
3866 4660 3911 4713 in

2208 4746 2456 4804 convivio
2484 4763 2507 4810 ;
2535 4762 2605 4802 ne
2626 4746 2699 4817 (6)
2732 4745 2922 4801 veniat
2951 4746 3148 4802 melior
3176 4751 3253 4815 te,
3284 4751 3333 4802 et
3364 4746 3507 4803 dicat
3538 4748 3644 4803 tibi
3675 4766 3701 4807 :
3729 4750 3910 4818 Surge,

2210 4842 2262 4893 et
2291 4836 2663 4907 confusionem
2690 4836 2926 4907 patiaris
2967 4834 3026 4890 in
3054 4834 3144 4890 die
3174 4835 3273 4890 illa
3304 4834 3369 4889 ‘3.
3417 4835 3487 4892 Et
3517 4836 3746 4895 iterum
3779 4838 3911 4894 dici-

2208 4930 2350 4982 tur:
2383 4925 2508 4981 Noli
2548 4925 2729 4981 altum
2780 4939 2990 4997 sapere,
3031 4923 3121 4981 sed
3150 4924 3281 4982 time
3324 4924 3390 4982 1‘.
3432 4927 3596 4991 Quod
3640 4929 3701 4983 si
3735 4927 3913 4985 tardat

1668 5072 1691 5106 ³
1764 5070 1917 5130 Peal.
1975 5088 2087 5127 va

2332 5072 2355 5105 ‘
2385 5070 2554 5126 Hebr.
2602 5086 2726 5137 xm,
2780 5069 2868 5125 13.
2945 5068 2966 5104 ⁸
2992 5070 3195 5125 Matth.
3225 5086 3301 5130 xx,
3337 5069 3422 5126 13.
3498 5070 3519 5107 ⁴
3553 5071 3685 5129 Jac.
3744 5089 3804 5139 ιι,

396 5136 417 5173 ⁷
445 5138 611 5215 Joap.
648 5156 724 5215 ιγ,
750 5142 848 5215 38.
886 5136 889 5137 ⁷
923 5140 949 5175 ⁸
978 5144 999 5197 I
1029 5142 1237 5202 Thess.
1271 5160 1310 5215 ι,
1341 5144 1397 5201 7.
1474 5136 1499 5180 σ
1525 5144 1575 5199 ΙΙ
1604 5145 1757 5201 Tim.
1788 5161 1869 5215 ιν,
1898 5146 1954 5201 2.
2036 5142 2082 5183 ¹⁰

2268 5166 2287 5197 π.
2322 5158 2397 5209 tv,
2427 5143 2516 5198 21.
2593 5139 2637 5179 ίί
2663 5142 2870 5198 Matth.
2905 5155 3000 5209 vn,
3022 5142 3077 5197 2.
3157 5141 3396 5200 “Eccli.
3428 5158 3530 5215 vn,
3573 5146 3629 5200 4.

3718 5144 3764 5181 ⁸³
3786 5145 3909 5200 an.

2205 5361 2287 5415 bis
2317 5358 2603 5416 tribueret.
2637 5357 2891 5427 Rectius,
2926 5364 2988 5414 ut
3019 5357 3268 5416 videtur.

2270 5431 2351 5504 (3)
2381 5432 2691 5504 Multorum.
2726 5433 2811 5487 Id.
2841 5431 2970 5486 cod.
3005 5432 3170 5504 addit
3198 5433 3501 5490 hominum.

2274 5503 2351 5574 (4)
2379 5505 2503 5577 Nec.
2538 5503 2644 5559 Ms.
2679 5504 2785 5559 Nec
2814 5506 3015 5577 tamen.
3048 5503 3327 5575 Idemque
3358 5509 3530 5577 caput
3580 5506 3900 5564 secundum

2202 5590 2336 5630 cum
2368 5576 2534 5631 tertio
2576 5577 2635 5630 in
2668 5591 2854 5632 unum
2888 5576 3211 5647 coniungit.

2290 5647 2343 5723 ᾗ)
2369 5647 2704 5723 (ἔοηδςιςίριᾳ⁸
2725 5653 2873 5723 sunt.
2908 5647 3015 5703 Ms.
3052 5646 3370 5721 conscripta
3394 5650 3760 5723 placuerunt.

2292 5719 2349 5788 6)
2384 5724 2481 5778 Ne.
2516 5719 2625 5777 Me.
2657 5720 2734 5778 Ne
2758 5721 2923 5789 forte.

3382 3750 3450 3805 In
3498 3767 3610 3823 qua
3652 3767 3910 3809 mensura
4022 3736 4025 3823 ξ
