4100 6204
306 352 427 409 973

311 574 567 641 differre,
600 579 657 629 et
685 575 1008 630 secundum
1040 574 1166 644 ejus
1218 573 1535 645 imperium
1590 575 1824 631 obedire
1876 592 2014 631 con-

311 666 472 722 venit
503 667 728 722 fratres.

970 791 1202 848 CAPUT
1230 792 1351 848 VII.

377 919 529 975 Idem
593 921 736 992 ipse,
788 920 1064 989 Quomodo
1119 922 1533 989 examinentur,
1566 922 1662 992 qui
1713 937 1782 976 ea:
1823 922 2018 977 saeculo

958 999 1378 1048 convertuntur.

378 1116 635 1185 Qualiter
663 1133 798 1174 vero
827 1118 1182 1174 examinatio
1223 1134 1360 1188 erga
1407 1133 1506 1174 eos
1564 1119 1665 1190 qui
1704 1121 1773 1174 de
1805 1118 2014 1174 saeculo

305 1213 728 1265 convertuntur
801 1208 985 1264 teneri
1089 1208 1318 1275 debeat,
1383 1209 1762 1264 ostendamus
1853 1209 2015 1264 vobis

308 1297 688 1369 Amputande
720 1304 856 1352 sunt
913 1297 1098 1367 primo
1130 1300 1202 1353 ab
1261 1299 1597 1368 hujusmodi
1647 1298 1859 1354 divitia:
1916 1315 2016 1353 saa-

307 1387 444 1443 culi.
478 1388 546 1442 Et
573 1388 620 1442 si
654 1387 785 1458 quis
820 1404 1044 1458 pauper
1083 1389 1339 1443 converti
1409 1388 1693 1456 videatur,
1728 1389 1900 1443 habet
1956 1391 2012 1443 et

307 1479 433 1549 ipse
461 1477 695 1533 divitias
744 1495 892 1548 quas
933 1489 1233 1547 amputare
1283 1479 1514 1544 debeat,
1566 1496 1711 1549 quas
1761 1479 2012 1547 Spiritus

305 1573 549 1622 sanctus
578 1568 837 1622 ostendit
869 1583 970 1638 per
999 1568 1377 1622 Salomonem
1437 1569 1640 1622 dicens
1675 1585 1688 1621 :
1723 1568 1847 1623 Odit
1885 1571 2011 1623 ani.

301 1675 396 1713 ma
422 1674 550 1713 mea
577 1674 878 1728 pauperem
917 1660 1212 1729 superbum
1232 1662 1285 1712 et
1335 1658 1563 1713 divitem
1620 1658 1934 1714 mendacem
1968 1658 2014 1694 ¹⁵

307 1749 378 1804 Et
433 1747 546 1804 alio
605 1749 726 1802 loco
783 1747 969 1803 dicit:
1032 1748 1179 1803 Sicut
1235 1749 1589 1803 vulneratum
1643 1748 1938 1818 superbum
1969 1749 2013 1784 “

1636 350 1952 414 REGULA
1994 350 2096 411 AD
2143 351 2584 416 MONACHOS.

308 485 361 540 is
414 484 516 556 qui
564 487 790 556 praeest,
848 486 1070 554 oportet
1124 481 1376 554 primum
1436 482 1496 539 in
1559 485 1828 540 notitiam
1893 486 2023 556 ejus
2055 490 2107 556 Α

3725 366 3840 425 974

2776 493 3008 551 CAPUT
3054 496 3200 551 VIII.

2133 581 2402 651 Idemque,
2459 583 2708 650 Qualiter
2777 588 3060 656 peregrini
3142 588 3375 657 hospites
3459 591 3835 659 suspicantur.

2204 691 2577 748 Venientibus
2607 695 2688 750 eis
2721 694 2912 750 nullus
2957 696 3068 752 nisi
3102 714 3274 764 unus,
3334 698 3427 753 cui
3485 715 3626 755 cura
3684 700 3838 756 circa

2130 777 2416 849 hospitale
2478 781 2647 838 fuerit
2732 785 2991 854 injunota
3069 792 3355 858 occurrat,
3448 793 3505 844 et
3589 805 3834 859 respon-

2131 874 2397 945 sum(ll)
2427 874 2522 931 det
2551 877 2936 945 venientibus,
2988 879 3185 946 Orare,
3218 880 3308 935 vel
3368 897 3570 952 pacem
3628 883 3834 938 offerre

2130 979 2248 1018 non
2282 963 2450 1020 liceat
2482 964 2604 1033 ulli,
2636 965 2746 1020 nisi
2780 969 2966 1037 primo
3023 970 3289 1025 videatur
3320 971 3392 1025 ab
3449 987 3514 1026 eo
3557 972 3658 1043 qui
3690 989 3838 1045 prie-

2130 1059 2216 1108 est
2245 1056 2448 1121 Patre;
2480 1063 2532 1110 et
2565 1057 2828 1111 oratione
2884 1056 3061 1111 simul
3121 1068 3372 1128 peracta,
3407 1067 3688 1131 sequatur
3743 1079 3830 1118 or-

2129 1144 2262 1199 dine
2293 1161 2398 1200 suo
2433 1147 2591 1215 pacis
2637 1145 2892 1201 ofﬁcium
2929 1147 3183 1202 reddere.
3236 1147 3350 1202 Nec
3410 1150 3601 1206 licebit
3658 1151 3834 1206 alicui

2129 1233 2293 1288 fratri
2341 1251 2472 1290 eum
2531 1237 2976 1304 superveniente
3027 1239 3445 1304 sermocinari;
3474 1256 3585 1294 non
3619 1240 3697 1294 sit
3734 1241 3834 1294 ulli

2127 1339 2264 1380 cura
2295 1325 2698 1396 interroganti,
2734 1328 2887 1381 unde
2944 1328 3187 1392 venerit,
3247 1327 3386 1397 quid
3451 1328 3694 1393 venerit,
3751 1329 3837 1383 vel

2126 1416 2356 1484 quando
2387 1417 2793 1470 ambulaturus
2827 1417 2924 1482 sit,
2969 1416 3079 1470 nisi
3105 1416 3208 1470 soli
3243 1417 3340 1486 qui
3401 1428 3604 1486 praeest
3666 1419 3837 1485 Patri,

2127 1511 2228 1556 aut
2259 1503 2472 1572 quibus
2505 1506 2624 1572 ipse
2649 1505 2910 1572 jusserit.
2951 1505 3326 1556 Veiieutibus
3360 1520 3490 1557 vero
3546 1505 3826 1558 fratribus

2126 1593 2197 1647 ad
2232 1593 2428 1646 horam
2484 1593 2834 1659 refectionis,
2895 1609 3008 1647 non
3067 1593 3263 1647 licebit
3314 1595 3617 1663 peregrino
3670 1596 3836 1648 fratri

2125 1699 2254 1738 cum
2290 1684 2562 1738 fratribus
2615 1685 2985 1746 manducare,
3021 1683 3133 1738 nisi
3184 1696 3313 1737 cum
3347 1698 3413 1736 eo
3447 1683 3548 1753 qui
3599 1700 3711 1754 prae
3745 1690 3834 1739 est

2124 1773 2312 1842 Patre,
2347 1779 2407 1828 ut
2464 1774 2646 1844 possit
2677 1773 2970 1828 aedificari.
3007 1772 3173 1829 Nullo
3232 1773 3425 1828 licebit
3456 1789 3588 1827 cum
3622 1789 3686 1828 eo
3739 1773 3826 1828 Ιο⁴

306 1838 494 1938 Πθδθιί·
521 1853 654 1938 "8°
685 1839 735 1892 ίθ
765 1839 864 1909 qui
923 1843 1128 1938 Pw?“
1159 1839 1344 1903 Ρθίθτι
1373 1855 1580 1910 magno
1612 1838 1831 1938 ,ᾔίυδίο
1864 1839 2013 1938 bfmc
2051 1873 2099 1938 Β
2125 1863 2225 1932 qui
2258 1838 2408 1929 {nec
2437 1838 2686 1932 alicujus
2717 1864 2825 1930 (12)
2860 1861 3135 1917 audiatur
3166 1878 3379 1926 sermo,
3417 1861 3529 1916 nisi
3572 1862 3830 1928 divinus,

309 1927 574 1998 regulam
606 1931 835 1992 tenere;
897 1931 958 1982 ut
1016 1927 1062 1982 si
1118 1942 1340 1999 pauper
1395 1928 1770 1994 convertitur,
1829 1928 2014 1998 primo

305 2020 562 2086 exponat
589 2016 876 2071 sarcinam
905 2017 1190 2086 superbia
1214 2033 1226 2070 :
1274 2020 1331 2071 et
1389 2017 1473 2071 sic
1503 2017 1870 2071 examinatus
1893 2032 2020 2072 sus-

307 2105 581 2175 cipiatur.
635 2103 810 2160 Debet
865 2109 1002 2160 ante
1062 2105 1259 2160 omnia
1317 2104 1620 2160 humiliter
1678 2105 1758 2176 (7)
1804 2104 2018 2170 imbui,

307 2199 374 2250 ut
405 2194 556 2265 quod
591 2209 868 2264 magnum
901 2198 958 2249 et
989 2196 1102 2250 Deo
1133 2199 1431 2266 acceptum
1493 2194 1849 2249 sacrificium
1908 2198 2016 2249 est‘

307 2299 477 2339 suam
507 2283 858 2340 voluntatem
894 2302 1010 2340 non
1061 2286 1234 2340 faciat
1277 2285 1687 2356 unusquisque
1737 2296 2016 2348 vestrum,

310 2375 558 2441 fratres;
591 2376 690 2430 sed
742 2375 818 2430 ad
875 2391 1034 2431 omne
1089 2391 1223 2446 opus
1281 2376 1477 2431 bonum
1532 2378 1715 2446 parati
1765 2379 1929 2430 estote
1952 2375 2016 2429 ”.

309 2465 601 2536 Quidquid
663 2465 959 2531 acciderit,
994 2471 1097 2520 aut
1121 2466 1345 2535 justum
1384 2466 1525 2537 quid
1559 2466 1752 2531 fuerit,
1789 2481 2021 2520 memo-

309 2571 400 2611 res
466 2571 594 2611 esse
654 2555 922 2612 debetis:
993 2557 1056 2611 In
1105 2557 1462 2611 tribulatione
1520 2559 1788 2626 patientes
1817 2556 1897 2622 ¹⁸;
1959 2555 2017 2610 in

311 2643 590 2715 operibus
639 2645 1090 2700 honesti.Nolite
1147 2662 1238 2702 vos
1276 2645 1508 2700 invicem
1557 2646 1626 2701 ad
1666 2645 2017 2700 iracundiam

304 2750 604 2806 provocare
637 2735 681 2769 ¹⁹
737 2733 838 2789 Sed
878 2750 1091 2804 semper
1139 2735 1281 2790 bona
1331 2737 1626 2790 sectamini
1673 2735 1738 2791 ⁸ο.
1777 2736 1820 2790 li
1909 2727 2012 2806 qui

311 2824 453 2882 tales
485 2829 642 2892 sunt,
675 2842 808 2880 cum
841 2827 912 2881 de
944 2825 1140 2880 saeculi
1183 2825 1357 2895 hujus
1403 2825 1498 2882 ille
1530 2825 1717 2881 cebris
1779 2825 2013 2882 liberari

313 2917 624 2982 voluerint,
676 2918 1084 2988 appropiantes
1134 2916 1497 2977 monasterio,
1534 2919 1900 2972 hebdomade
1943 2919 2019 2990 (8)

312 3024 416 3081 pro
457 3007 677 3063 foribus
722 3007 1004 3077 jaceant:
1069 3006 1215 3061 nulli
1271 3023 1406 3064 cum
1468 3006 1550 3062 eis
1608 3007 1679 3060 de
1746 3007 2020 3064 fratribus

307 3098 660 3169 jungantur,
693 3103 749 3151 et
800 3111 1033 3167 semper
1061 3097 1210 3151 dura
1262 3104 1314 3150 et
1374 3093 1662 3151 laboriosa
1693 3095 1776 3150 eis
1811 3112 2018 3166 propo-

312 3191 550 3241 nantur.
583 3185 642 3241 Si
673 3201 805 3242 vero
865 3185 1360 3256 perseveraverint
1405 3185 1726 3256 pulsantes,
1761 3187 1844 3241 eis
1903 3203 2018 3242 non

312 3280 563 3346 negetur
589 3275 930 3346 ingressus;
965 3275 1066 3330 sed
1098 3273 1149 3330 is
1191 3275 1292 3346 qui
1353 3279 1558 3346 praaest
1615 3275 1787 3330 Pater
1817 3274 2024 3346 hujus-

314 3365 478 3422 modi
499 3365 768 3421 homines
800 3364 1041 3420 introire
1071 3366 1394 3436 permittat,
1427 3369 1482 3420 et
1541 3363 1792 3437 qualiter
1845 3365 2025 3423 vitam

317 3455 589 3520 fratrum,
627 3452 712 3510 vel
743 3452 1004 3525 regulam
1035 3459 1234 3510 tenere
1265 3453 1511 3526 possint,
1546 3455 1830 3510 ostendat.
1864 3455 2026 3519 Quod

313 3544 368 3601 si
398 3543 561 3599 dives
590 3548 698 3612 est,
735 3547 791 3599 et
821 3542 1042 3599 habens
1076 3542 1294 3599 multas
1323 3542 1554 3599 divitias
1585 3543 1644 3598 in
1703 3543 1916 3600 saeculo
1970 3550 2027 3600 et

312 3635 570 3692 converti
601 3633 865 3702 voluerit,
920 3634 1089 3691 debet
1135 3634 1321 3705 primo
1373 3635 1450 3706 (9)
1501 3634 1602 3690 Dei
1660 3634 2023 3690 voluntatem

315 3725 584 3797 implere,
615 3730 671 3781 et
700 3727 980 3797 consequi
1014 3731 1366 3798 praeceptum
1426 3725 1569 3781 illud
1630 3741 2021 3798 pracepuum,

315 3817 472 3887 quod
504 3815 855 3871 adolescenti
913 3815 1074 3872 diviti
1117 3816 1328 3870 dicitur
1363 3831 1378 3871 :
1442 3815 1612 3871 Vende
1640 3817 1829 3871 omnia
1886 3816 2025 3870 bona

315 3910 433 3971 tua,
459 3903 608 3960 etda
666 3905 1018 3976 pauperibus,
1070 3911 1128 3960 et
1169 3906 1299 3960 tolle
1356 3920 1569 3960 crucem
1614 3908 1789 3972 tuam,
1825 3911 1881 3959 et
1937 3918 2022 3958 se-

311 4010 484 4066 quere
512 4010 598 4049 me
645 3993 712 4047 ³¹.
746 3994 963 4050 Deinde
994 3993 1372 4050 instruendus
1411 3998 1499 4049 est
1530 3994 1600 4048 ab
1646 4010 1711 4048 eo
1743 3994 1840 4064 qui
1873 4009 2023 4064 prae-

311 4090 404 4140 est
437 4085 621 4147 Patre,
656 4088 717 4139 ut
751 4084 892 4138 nihil
915 4084 1028 4139 sibi
1061 4084 1374 4154 relinquat,
1407 4083 1516 4139 nisi
1549 4099 1777 4138 crucem
1803 4082 2019 4140 Christi

313 4189 494 4246 quam
552 4178 730 4239 tenet,
789 4179 846 4230 et
895 4177 1174 4244 sequatur
1233 4172 1571 4228 Dominum.
1632 4173 1829 4228 Crucis
1885 4189 2020 4228 vero

313 4261 542 4332 fastigia
570 4279 693 4332 quis
725 4262 979 4318 tenenda
1009 4267 1184 4331 sunt;
1239 4261 1426 4333 primo
1484 4262 1641 4318 omni
1684 4261 2014 4318 obedientia

317 4368 437 4409 non
469 4368 632 4407 suam
666 4351 1025 4408 voluntatem
1059 4351 1263 4419 facere,
1299 4351 1397 4406 sed
1459 4350 1718 4407 alterius.
1752 4353 1914 4417 Quod
1971 4352 2020 4406 si

316 4440 570 4498 voluerit
627 4441 975 4498 monasterio
1027 4445 1247 4512 partem
1300 4443 1584 4505 conferre,
1629 4441 1853 4496 noverit
1910 4456 2022 4510 quo

317 4531 526 4587 ordine
562 4530 681 4586 sive
713 4531 856 4602 ipse,
918 4531 1039 4586 sive
1094 4533 1220 4600 ejus
1274 4529 1487 4586 oblatio
1546 4529 1921 4599 suscipiatur.
1956 4530 2024 4582 Et

2133 1953 2231 2022 qui
2264 1969 2331 2008 ex
2362 1953 2570 2024 pagina
2603 1954 2951 2024 proferatur,
2985 1958 3042 2007 et
3069 1954 3194 2022 ejus
3226 1952 3322 2023 qui
3360 1957 3566 2022 praeest
3624 1953 3833 2017 Patris,

2129 2042 2215 2097 vel
2248 2043 2463 2114 quibus
2495 2043 2620 2114 ipse
2671 2043 2911 2114 jusserit
2964 2042 3145 2113 loqui,
3207 2047 3270 2097 ut
3319 2042 3541 2113 aliquid
3603 2043 3674 2097 de
3722 2043 3838 2097 Deo

2130 2134 2460 2188 conveniat.

2712 2243 2866 2297 244
2897 2239 3127 2296 CAPUT
3154 2239 3252 2295 IX.

2441 2331 2684 2399 Qualiter
2702 2332 3048 2400 jejuniorum
3085 2332 3215 2383 ordo
3247 2335 3524 2384 tenentur.

2688 2404 3032 2473 Paphnutius
3070 2401 3217 2456 dixit
3254 2418 3273 2455 :

2202 2511 2406 2582 Magna
2446 2515 2502 2566 et
2555 2511 2720 2566 utilia
2768 2512 2842 2566 ad
2892 2513 3099 2566 animae
3159 2510 3404 2566 salutem
3461 2510 3612 2564 dicta
3669 2515 3828 2575 sunt,

2130 2601 2372 2656 fratres:
2409 2618 2514 2656 nec
2547 2603 2651 2656 hoc
2683 2603 2990 2656 tacendum
3024 2607 3134 2668 est,
3196 2600 3445 2670 qualiter
3477 2601 3830 2670 jejuniorum

2129 2695 2269 2748 ordo
2293 2694 2581 2748 tenendus
2613 2693 2702 2747 sit.
2738 2691 2852 2747 Nec
2887 2691 3044 2746 aliud
3099 2692 3232 2745 huic
3270 2689 3535 2744 ﬁrmitati
3569 2689 3832 2743 testimo-

2132 2783 2290 2840 nium
2345 2784 2630 2851 convenit,
2686 2784 3010 2839 dulcissimi
3064 2783 3291 2844 fratres,
3327 2779 3433 2834 nisi
3485 2779 3629 2835 illud
3682 2783 3833 2850 quod

2130 2875 2312 2929 dicit:
2384 2877 2577 2930 Petrus
2645 2881 2826 2928 autem
2895 2882 2945 2929 et
3025 2874 3257 2928 Joannes
3323 2870 3690 2926 ascendebant
3778 2870 3836 2923 in

2128 2964 2398 3032 templum
2452 2967 2598 3018 circa
2683 2963 2868 3018 horam
2954 2963 3226 3017 orationis
3292 2978 3491 3018 nonam
3522 2960 3586 3015 ”.
3658 2959 3838 3014 Debet

2129 3069 2263 3126 ergo
2322 3053 2430 3108 iste
2488 3054 2627 3108 ordo
2683 3055 2887 3119 teneri,
2941 3052 3142 3106 fratres
3203 3054 3265 3104 ut
3352 3049 3514 3104 nullo
3574 3049 3666 3102 die
3723 3047 3834 3102 nisi

2131 3143 2271 3198 hora
2349 3159 2504 3198 nona
2561 3141 2886 3196 reficiantur
2954 3141 3156 3196 fratres
3237 3136 3592 3193 monasterio
3670 3152 3831 3191 exce-

2052 3244 2099 3310 B
2133 3243 2226 3304 pta
2278 3235 2572 3290 Dominica
2614 3235 2706 3289 die
2757 3237 2813 3288 et
2887 3230 3381 3302 Quinquagesima
3440 3231 3831 3282 Pentecostes.

2135 3324 2236 3380 Die
2290 3330 2482 3380 autem
2530 3323 2833 3379 Dominica
2883 3321 3025 3377 nihil
3085 3319 3242 3374 aliud
3293 3322 3490 3390 agant,
3552 3317 3667 3371 nisi
3723 3315 3838 3371 Deo

2135 3420 2358 3483 vacent,
2395 3430 2462 3470 ne
2495 3431 2596 3485 pro
2639 3413 2833 3485 aliqua
2890 3410 3191 3467 occasione
3248 3424 3306 3464 se
3338 3407 3518 3463 velint
3563 3411 3665 3462 aut
3695 3405 3841 3460 alios

2133 3521 2424 3562 excusare.
2502 3505 2720 3559 Tamen
2798 3506 3089 3558 contestor
3147 3500 3378 3565 fratres,
3431 3497 3584 3568 quod
3675 3494 3841 3550 nulla

2133 3595 2385 3667 operatio
2435 3594 2493 3648 in
2525 3594 2617 3649 die
2647 3593 2748 3649 illa
2791 3598 2992 3649 sancta
3051 3589 3462 3660 comperiatur,
3527 3585 3642 3642 nisi
3701 3589 3838 3639 tan-

2131 3688 2259 3739 tum
2310 3683 2540 3755 hymnis
2589 3687 2645 3739 et
2701 3681 2962 3753 psalmis,
3016 3684 3074 3736 et
3131 3678 3374 3736 canticis
3433 3673 3841 3746 spiritualihns

2133 3775 2257 3829 dies
2289 3774 2388 3830 illa
2427 3773 2805 3844 transigatur.

2816 3878 3050 3933 CAPUT
3084 3877 3149 3931 X.

2322 3970 2466 4026 Idem
2489 3970 2622 4039 ipse,
2659 3969 2914 4038 Qualiter
2945 3970 3150 4034 fratres
3174 3964 3368 4018 debent
3402 3964 3640 4032 operari.

2201 4081 2476 4151 Idemque
2538 4079 2655 4151 (l3)
2708 4078 3089 4149 praecipimus.
3151 4075 3373 4129 Debent
3432 4088 3566 4142 ergo
3626 4070 3838 4124 fratres

2127 4172 2304 4226 istum
2335 4169 2599 4226 ordinem
2649 4177 2865 4224 tenere.
2903 4172 2945 4223 A
2979 4169 3166 4238 prima
3235 4164 3380 4220 hora
3412 4178 3592 4233 usque
3625 4161 3695 4216 ad
3739 4161 3839 4217 110-

2132 4278 2253 4316 ram
2313 4262 2536 4317 tertiam
2587 4261 2702 4315 Deo
2733 4264 2936 4314 vacent
2969 4259 3264 4321 fratres;a
3324 4255 3488 4309 tertia
3547 4267 3678 4306 vero
3727 4267 3830 4305 us-

2131 4367 2242 4424 que
2271 4352 2342 4406 ad
2378 4367 2612 4418 nonam,
2645 4349 2930 4422 quidquid
2988 4347 3318 4417 iniunctum
3367 4343 3541 4398 fuerit
3571 4360 3603 4396 a
3652 4341 3838 4406 Patre,

2129 4443 2254 4497 sine
2284 4442 2479 4513 aliqua
2498 4439 2961 4496 murmuratione
2985 4437 3216 4491 faciant.
3261 4433 3598 4488 Meminisse
3630 4433 3844 4485 debent

2136 4532 2188 4585 hi
2223 4532 2434 4603 quibus
2482 4532 2828 4600 injungitur,
2888 4528 3110 4582 dictum
3159 4524 3410 4596 Apostoli
3439 4541 3451 4578 :
3484 4521 3688 4578 Omnia
3717 4535 3840 4591 qua:

317 4622 367 4678 si
418 4620 663 4677 voluerit
727 4621 796 4676 de
861 4619 985 4676 suis
1043 4621 1226 4676 servis
1286 4637 1488 4677 secum
1548 4621 1610 4675 in
1669 4617 2328 4691 monasterionucitis,
2386 4623 2502 4676 sine
2540 4621 2981 4676 murmuratione
3037 4619 3204 4685 facile
3235 4614 3302 4666 '3.
3338 4614 3570 4668 Timere
3629 4611 3843 4666 debent

315 4711 667 4778 conducere,
701 4709 923 4765 noverit
953 4710 1212 4781 (lO)jam
1275 4727 1390 4765 non
1442 4724 1575 4764 eum
1637 4724 1865 4763 servum
1926 4708 2025 4764 ha-

315 4801 478 4866 bere,
511 4800 610 4856 sed
643 4800 878 4856 fratrem
906 4817 920 4869 ;
958 4805 1017 4856 ut
1047 4800 1107 4854 in
1139 4801 1415 4856 omnibus
1446 4800 1740 4872 perfectus
1771 4799 2027 4855 invenia-

316 4895 414 4946 tur
439 4890 612 4946 homo
646 4889 762 4946 ille.

394 5067 632 5124 “Eccli.
685 5086 838 5138 XXIV,
898 5069 948 5123 4.

321 5140 534 5197 Thess.
568 5156 620 5211 v,
647 5141 731 5196 15.
831 5140 876 5175 εί
909 5141 1158 5210 Marc.x,
1181 5142 1271 5197 21.

398 5324 477 5396 (7)
507 5326 816 5382 Humiliter.
877 5328 984 5382 Ms.
1043 5327 1380 5382 Humilitate.
1445 5325 1510 5380 Et
1567 5323 1732 5394 paulo
1767 5326 1898 5394 post
1928 5340 2025 5394 pa-

324 5402 482 5452 ratus
500 5399 572 5451 sit
604 5414 704 5468 pro
734 5403 915 5467 parati
945 5405 1127 5454 estote.
1156 5399 1346 5454 Recte.

398 5468 478 5611 ΞΒ)
512 5469 876 5526 "ebdomada.
903 5471 1008 5525 Ms.
1048 5471 1167 5525 heb.
1202 5472 1480 5524 continua.

423 5540 481 5610 9)
514 5542 720 5601 Primo.
752 5542 947 5599 Addit.
984 5558 1091 5598 ms.
1142 5546 1269 5598 ante
1296 5542 1477 5598 omnia

2138 4711 2281 4766 illud
2334 4711 2554 4766 dictum
2598 4710 2854 4766 terribile
2884 4725 2897 4762 :
2925 4709 3095 4762 Nolite
3153 4718 3522 4759 murmurare.
3554 4704 3695 4754 sicut
3727 4700 3844 4768 qui-

2137 4801 2260 4856 dam
2327 4817 2518 4857 eorum
2581 4808 3089 4864 murmuraverunt,
3158 4802 3210 4849 et
3274 4793 3339 4847 ab
3417 4792 3843 4846 exterminatore

2135 4892 2417 4964 perierunt
2471 4892 2539 4950 ".
2589 4891 2769 4949 Debet
2797 4890 2972 4947 etiam
3029 4885 3124 4957 qui
3176 4885 3384 4954 praest
3441 4881 3628 4947 Pater,
3696 4894 3842 4949 opus

1028 5070 1072 5106 ¹⁶
1104 5068 1254 5126 Psal.
1310 5084 1576 5135 Lxxxvm,
1638 5069 1725 5125 11.
1808 5066 1930 5123 "Il
1990 5066 2140 5125 Tim.
2217 5072 2389 5138 11,21.
2470 5069 2707 5127 “Rom.
2764 5085 2861 5136 xu,
2915 5068 3001 5123 12.
3082 5067 3126 5105 ¹⁰
3174 5065 3384 5137 Ephes.
3444 5080 3518 5134 vx,
3581 5063 3632 5117 4.
3710 5059 3756 5095 ³ο
3817 5060 3837 5113 l

1370 5142 1418 5176 ²²
1444 5144 1570 5196 Act.
1603 5156 1690 5208 ιιι,
1724 5142 1776 5194 1.
1856 5137 1904 5174 ’³
1936 5140 2168 5211 Pbillip.
2204 5137 2386 5211 ",14.
2463 5141 2508 5176 ²⁴
2539 5141 2561 5196 Ι
2593 5141 2718 5198 Cor.
2754 5160 2809 5210 χ,
2850 5142 2934 5196 10.

2207 5326 2322 5396 (11)
2356 5327 2416 5381 Et
2446 5343 2584 5398 resp.
2640 5327 2744 5382 Ms.
2780 5332 2840 5380 ut
2870 5342 3015 5398 resp.
3075 5323 3202 5377 Mox
3233 5321 3383 5374 idem
3411 5322 3698 5398 Ams_.ﬂpost
3755 5333 3842 5372 vc-

2135 5393 2404 5452 nic‘ntilms
2437 5393 2612 5453 adit-it.
2645 5416 2742 5452 nec
2772 5401 2879 5462 ipse
2910 5396 3113 5449 audmt
3145 5411 3266 5448 cum
3301 5393 3666 5450 venientibus.

2207 5471 2602 5540 (12)Alicuius.
2637 5471 2822 5525 ΑιΜὶῐ.
2864 5486 2971 5521 ms.
3028 5469 3120 5520 ibi.
3157 5467 3332 5520 Paulo
3386 5474 3514 5534 post
3572 5466 3842 5523 rec-ititur,

423 5540 720 5624 9).Prim0.
752 5542 947 5599 Addit.
984 5558 1091 5598 ms.
1142 5546 1269 5598 ante
1296 5542 1496 5598 omnia.
1549 5539 1628 5594 Ex
1683 5553 1834 5624 mox,
1867 5554 2032 5610 quam
2141 5541 2633 5624 loco‘propratur.

327 5615 530 5668 teneat.

403 5683 520 5755 (10)
550 5685 784 5744 Noverit.
822 5685 978 5744 Idem
1011 5687 1136 5744 cod.
1173 5687 1383 5744 noverit
1413 5699 1486 5741 se.

2215 5613 2330 5683 (13)
2362 5614 2631 5685 Idemque.
2669 5616 2748 5670 An
2787 5615 3065 5686 Itemque?
