4100 6204
296 330 411 390 9'15

1374 331 1479 391 SS.
1533 332 2063 395 MACARIORUM
2113 334 2213 394 ET
2258 336 2721 397 PAPHNUTII.

3690 340 3825 399 9'16

292 462 447 531 quod
482 462 811 519 faciendum
848 468 935 519 est
974 464 1072 520 uni
1122 465 1453 537 injungere,
1509 471 1573 522 ut
1619 469 1806 524 caeteri
1870 470 1997 540 ejus
2027 469 2081 537 Α
2112 469 2429 525 obtineant.
2482 472 2606 527 Non
2654 470 2851 527 licebit
2880 473 2952 527 de
2984 471 3093 529 alio
3134 473 3509 535 monasterio,
3560 474 3684 528 sine
3728 490 3828 528 vo-

293 557 575 623 praecepto
607 553 700 608 cui
734 553 1063 624 iniunctum
1100 555 1289 621 fuerit,
1325 556 1531 612 fratres
1576 557 1848 615 obediant
1869 558 1993 614 sine
2102 557 2324 615 luntate
2394 561 2518 629 ejus
2568 565 2775 630 praeest
2826 561 3037 630 Patris,
3096 562 3304 619 fratres
3363 562 3619 631 recipere
3670 562 3819 633 (22),

293 639 548 708 querela.

964 750 1197 806 CAPUT
1225 752 1317 809 Xl.

291 839 546 905 Qualiter
604 840 896 914 inﬁrmitas
953 842 1040 895 vel
1086 842 1423 911 possibilitas
1479 859 1769 914 corporum
1807 846 1875 900 ab
1931 860 1990 900 eo

634 913 725 982 qui
752 920 952 983 praeest
975 915 1139 968 Patre
1170 915 1531 984 cognoscenda
1561 913 1647 972 sa.

359 997 417 1052 Si
478 998 608 1069 quis
668 1015 737 1053 ex
798 1000 1070 1053 fratribus
1131 1017 1233 1070 pro
1289 1001 1527 1071 jejunio,
1573 1001 1659 1056 vel
1720 1003 1990 1074 operibus

287 1103 568 1143 manuum
638 1106 899 1158 suarum,
975 1106 1098 1159 qua:
1167 1092 1479 1159 Apostolus
1558 1095 1828 1164 praecepit
1874 1094 1990 1165 (14)

285 1179 579 1248 Operantes
612 1181 863 1235 manibus
895 1184 1119 1246 nostris,
1180 1198 1248 1235 ne
1281 1199 1440 1252 quem
1492 1192 1730 1239 vestrum
1784 1201 1991 1255 grava-

281 1282 468 1321 remus
501 1267 587 1335 25’;
623 1268 671 1323 si
714 1269 761 1323 is
793 1269 891 1338 qui
927 1268 1057 1323 talis
1089 1274 1176 1323 est
1212 1271 1387 1325 fuerit
1418 1270 1759 1327 infirmitate
1788 1274 1989 1327 obses-

277 1372 391 1421 sus,
419 1358 823 1426 providentum
875 1362 964 1413 est
1020 1359 1090 1413 ab
1153 1375 1218 1413 eo
1282 1360 1379 1431 qui
1443 1368 1673 1431 praeest,
1737 1362 1987 1432 qualiter

270 1444 732 1514 ipsainfirmitas
792 1452 1169 1501 sustentetur.
1232 1450 1393 1513 Quod
1453 1450 1500 1504 si
1576 1451 1849 1506 infirmus
1902 1455 1987 1507 est

272 1535 469 1591 animo
504 1536 613 1604 (15)
649 1535 991 1605 hujusmodi
1028 1538 1221 1605 frater,
1256 1544 1483 1608 oportet
1522 1555 1653 1595 eum
1719 1542 1985 1612 frequen-

272 1624 390 1677 tius
448 1625 695 1694 operari,
750 1626 1169 1681 considerando
1238 1629 1578 1699 Apostolum
1614 1629 1681 1699 εδ,
1736 1630 1983 1700 qualiter

270 1729 481 1783 corpus
541 1731 710 1768 suum
755 1715 1017 1770 servituti
1078 1717 1307 1787 redigit.
1368 1718 1484 1772 Hoc
1528 1724 1719 1774 autem
1783 1721 1980 1776 obser-

269 1804 524 1857 vandum
585 1808 691 1871 est,
727 1810 793 1859 ut
846 1806 903 1859 in
953 1805 1113 1861 nullo
1174 1807 1527 1863 voluntatem
1575 1825 1739 1863 suam
1778 1810 1974 1867 facita~
2009 1840 2057 1906 Β

278 1894 393 1949 ille.

973 1987 1122 2041 CAP.
1158 1986 1278 2043 XII.

272 2075 522 2145 Qualiter
572 2074 771 2143 ofﬁciis
826 2079 1030 2130 mutuis
1076 2093 1131 2131 se
1184 2081 1386 2146 fratre:
1452 2085 1795 2150 preveniant
1839 2081 1977 2153 (16).

348 2166 405 2219 Si
429 2167 793 2237 congregatio
842 2168 1019 2221 multa
1066 2172 1175 2235 est,
1209 2168 1377 2224 debet
1422 2170 1471 2225 is
1512 2172 1611 2242 qui
1646 2181 1847 2242 praeest
1882 2171 1984 2225 Pa-

283 2261 391 2325 ter,
448 2256 753 2325 disponere
809 2255 1307 2324 hebdomadarios,
1367 2264 1422 2314 et
1481 2262 1741 2316 ordinem
1807 2262 1980 2316 officii

284 2362 396 2416 quo
446 2345 557 2399 sibi
610 2346 857 2401 invicem
905 2350 1222 2403 succedant
1261 2350 1330 2404 ad
1392 2350 1847 2407 ministrandum
1886 2370 1897 2407 :
1931 2358 1987 2409 et

284 2438 591 2491 decernere
614 2436 781 2490 debet
807 2435 903 2491 ille
951 2437 1090 2507 (17).
1124 2440 1418 2509 quomodo
1450 2441 1657 2496 debeat
1700 2458 1847 2510 esse,
1887 2446 1987 2514 qui

287 2526 587 2580 cellarium
648 2527 894 2580 fratrum
956 2531 1270 2585 contineat.
1312 2528 1491 2584 Debet
1551 2530 1685 2586 talis
1736 2540 1985 2587 lautum-

288 2617 460 2668 modo
518 2613 671 2685 eligi,
708 2615 808 2685 qui
844 2616 1026 2686 possit
1076 2618 1132 2670 in
1164 2619 1439 2673 omnibus
1472 2618 1619 2688 gulae
1669 2638 1789 2674 suae
1839 2638 1988 2694 aug-

285 2703 647 2775 gestionibus
696 2704 1009 2770 dominari,
1052 2710 1108 2760 et
1163 2707 1490 2777 evangelico
1541 2710 1745 2765 ordine
1808 2712 1991 2766 fratri-

284 2795 394 2849 bus
424 2795 543 2849 suis
589 2794 808 2851 victum
850 2795 1177 2865 gubernare
1211 2814 1224 2851 :
1259 2798 1593 2868 quitimeat
1633 2800 1796 2855 Judae
1853 2819 1990 2857 scn-

284 2886 547 2953 tenliam,
609 2885 709 2957 qui
757 2886 828 2941 ab
886 2884 1053 2940 initio
1104 2886 1196 2941 fur
1247 2888 1356 2943 fuit
1415 2890 1479 2945 ³⁷.
1524 2891 1766 2947 Studere
1824 2892 1992 2949 debet

284 2978 384 3049 qui
416 2978 552 3033 huic
582 2977 773 3033 officio
805 2978 1161 3049 deputatur,.
1198 2984 1259 3034 ut
1299 2982 1535 3037 audiat:
1571 2984 1710 3051 Quia
1738 2986 1833 3055 qui
1865 2986 1995 3040 bene

284 3067 713 3136 ministraverit,
764 3066 963 3121 bonum
1037 3067 1269 3137 gradum
1324 3070 1437 3141 (18)
1510 3074 1747 3142 acquirit
1780 3073 1859 3142 ἐς
1938 3078 1994 3129 et

284 3157 494 3211 anima:
520 3174 639 3212 suae
701 3156 930 3212 lucrum
966 3157 1123 3212 facit.
1158 3158 1341 3213 Nosse
1392 3161 1606 3214 debent
1646 3163 1823 3217 etiam
1883 3163 1988 3218 fra-

285 3253 422 3313 tres,
459 3249 597 3319 quia
646 3247 932 3317 quidquid
995 3247 1053 3300 in
1117 3249 1461 3303 monasterio
1513 3253 1811 3318 tractatur,
2026 3216 2071 3279 C

282 3339 341 3391 in
370 3338 541 3403 vasis,
574 3336 689 3391 sive
735 3337 791 3391 in
828 3338 1213 3404 ferramentis,
1246 3338 1333 3392 vel
1368 3344 1567 3393 cratera
1610 3341 1827 3409 omnia,
1863 3360 1989 3399 esse

288 3426 670 3480 sanctificata.
702 3425 759 3478 Si
819 3424 946 3495 quis
992 3426 1059 3479 de
1104 3427 1379 3481 fratribus
1435 3427 1656 3497 aliquid
1690 3430 1992 3501 negligen-

288 3520 372 3569 ter
404 3515 746 3579 tractaverit,
808 3521 1027 3583 partem
1060 3533 1121 3571 se
1172 3516 1383 3571 habere
1432 3518 1656 3574 noverit
1705 3536 1836 3574 cum
1892 3522 1991 3579 illo

290 3619 441 3674 rege,
472 3603 567 3673 qui
598 3602 657 3657 in
689 3604 845 3659 vasis
878 3604 1085 3659 domus
1143 3605 1244 3661 Dei
1276 3606 1651 3663 sanctificatis
1702 3624 1833 3665 cum
1867 3612 1990 3667 suis

288 3691 525 3747 bibebat
555 3693 913 3761 concubinis,
939 3698 996 3749 et
1024 3694 1251 3764 qualem
1286 3697 1496 3751 meruit
1524 3697 1989 3773 vindictam(19).

290 3781 676 3838 Custodienda
705 3791 841 3839 sunt
871 3784 983 3839 ista
1014 3793 1321 3855 praecepta,
1350 3793 1401 3841 et
1435 3802 1536 3858 per
1579 3788 1836 3860 singulos
1868 3791 1991 3847 dies

290 3873 348 3928 in
378 3889 548 3929 aures
580 3874 818 3931 fratrum
852 3874 1145 3931 recitanda
1176 3880 1336 3945 sunt,
1372 3884 1433 3932 ut
1464 3893 1577 3933 non
1603 3880 1989 3939 condemnen-

297 3973 391 4021 tur
418 3965 478 4021 in
512 3966 763 4037 peccatis
793 3966 939 4024 suis.

976 4076 1130 4134 CAP.
1162 4076 1313 4135 XIII.

294 4166 546 4235 Qualiter
578 4168 719 4222 inter
746 4182 806 4221 se
851 4167 1185 4221 monasteria
1221 4182 1407 4236 pacem
1437 4165 1657 4236 ﬁrmam
1688 4170 1993 4228 obtineant.

726 4239 879 4295 Alius
898 4238 1011 4307 ('20)
1041 4240 1329 4294 Macarius
1358 4239 1503 4295 dixit
1532 4258 1546 4297 :

364 4326 646 4390 Quoniam
703 4327 914 4382 veritas
972 4330 1337 4398 protestetur,
1395 4347 1521 4401 quas
1580 4331 1847 4388 dicitzln
1906 4349 1996 4390 ore

294 4418 527 4472 duorum
556 4419 640 4472 vel
671 4418 835 4471 trium
895 4418 1123 4473 testium
1150 4419 1315 4475 stabit
1361 4436 1517 4477 omne
1540 4422 1766 4478 verbum
1797 4424 1862 4491 9°,
1897 4423 1991 4479 ﬁr-

296 4507 514 4564 manda
542 4522 677 4578 ergo
697 4510 786 4564 cst
816 4508 1017 4579 regula
1036 4509 1303 4580 pietatis;
1366 4527 1469 4568 nec
1502 4512 1617 4583 (21)
1676 4516 1991 4571 tacendum

2101 649 2201 703 sed
2235 666 2338 704 nec
2369 649 2559 705 videre
2589 654 2849 722 'oportet,
2905 651 3129 707 dicente
3158 651 3426 723 Apostolo
3461 670 3473 706 :
3508 654 3666 725 Quia
3714 653 3827 723 qui

2096 738 2340 807 primam
2379 738 2539 807 ﬁdem
2596 740 2822 794 irritam
2876 742 3025 811 fecit,
3085 748 3163 797 est
3211 741 3420 810 inﬁdeli
3449 742 3695 797 deterior
3745 742 3823 799 '°.

2101 827 2260 891 Quod
2292 830 2340 884 si
2374 834 2643 900 precatus
2672 830 2841 886 fuerit
2899 830 2968 885 ab
3019 847 3084 886 eo
3116 832 3216 903 qui
3269 839 3469 902 praeest
3521 831 3713 901 Patre,
3751 834 3825 886 ut.

2099 916 2158 971 in
2189 917 2301 973 alio
2334 921 2684 976 monasterio
2727 920 3110 992 ingrediatur,
3142 923 3581 979 commendetur
3616 922 3687 976 ab
3746 938 3821 977 eo

2099 1005 2149 1059 ei
2173 1007 2272 1077 qui
2313 1018 2535 1078 praeest,
2571 1009 2669 1064 ubi
2720 1026 2846 1065 esse
2906 1011 3318 1079 desiderat;et
3367 1012 3451 1067 sic
3506 1012 3820 1083 suscipia-

2098 1099 2211 1151 tur.
2246 1097 2389 1153 Nam
2441 1100 2566 1154 sine
2601 1100 2901 1155 voluntate
2932 1100 3043 1172 (25)
3076 1101 3178 1172 qui
3227 1117 3475 1172 praesse
3522 1102 3694 1157 debet
3748 1102 3817 1156 in

2099 1189 2449 1244 monasterio
2500 1190 2709 1253 Patris,
2765 1190 3099 1246 nullatenus
3151 1191 3288 1246 alibi
3337 1191 3650 1262 recipiatur
3688 1192 3824 1249 fra-

2094 1282 2199 1332 ter.
2232 1277 2394 1340 Quod
2425 1280 2473 1334 si
2508 1280 2941 1350 praesumpserit
2975 1281 3114 1336 talia
3141 1281 3347 1350 facere,
3394 1282 3621 1338 noverit
3650 1299 3717 1338 se
3752 1283 3820 1339 in

2095 1370 2315 1440 synodo
2347 1370 2773 1441 episcoporum,
2808 1380 2902 1427 aut
2934 1372 2995 1427 in
3038 1378 3323 1427 conventu
3384 1372 3623 1428 fratrum
3666 1391 3824 1429 suo-

2095 1475 2225 1513 rum
2277 1461 2335 1513 in
2388 1461 2745 1517 audientiam
2804 1462 3041 1517 venire:
3094 1470 3146 1518 et
3206 1468 3346 1519 tunc
3410 1464 3633 1519 recedet
3678 1470 3824 1520 tan-

2094 1566 2272 1616 quam
2314 1550 2519 1619 junior
2568 1568 2731 1616 suus,
2785 1552 2968 1608 donec
3009 1552 3083 1607 ab
3114 1568 3179 1607 eo
3225 1553 3320 1607 cui
3360 1553 3636 1623 injuriam
3675 1555 3827 1610 fecit

2092 1638 2320 1693 veniam
2357 1644 2548 1709 petat;
2584 1645 2647 1695 ut
2695 1657 2807 1696 non
2853 1658 2951 1711 per
2987 1642 3176 1713 ipsius
3205 1643 3411 1697 vitium
3442 1642 3541 1698 alii
3599 1643 3815 1713 despi-

2088 1729 2319 1784 ciantur
2349 1730 2573 1785 Patres.
2611 1730 2711 1786 [lle
2742 1747 2875 1787 vero
2934 1732 3257 1788 monachus
3296 1742 3545 1804 quantos
3589 1734 3808 1790 fratres

2089 1819 2147 1873 in
2171 1819 2282 1875 alio
2318 1821 2674 1877 monasterio
2725 1822 3035 1888 invenerit,
3068 1827 3262 1878 tantos
3302 1839 3364 1879 se
3413 1826 3634 1880 noverit
3698 1825 3819 1881 ba~

2091 1910 2223 1964 here
2257 1910 2497 1979 priores.
2546 1910 2661 1966 Nec
2693 1913 3116 1967 attendendum
3148 1917 3255 1979 est,
3288 1913 3385 1985 qui
3436 1914 3545 1968 fuit
3592 1924 3766 1970 antea
3794 1935 3811 1983 ;

2090 2001 2189 2054 sed
2218 2001 2581 2071 probandum
2616 2006 2723 2067 est,
2777 2002 2971 2073 qualis
3000 2019 3129 2059 esse
3185 2004 3444 2075 cmperit.
3474 2004 3810 2076 Susceptus

2092 2089 2249 2146 245
2284 2107 2415 2146 vero
2447 2090 2495 2145 si
2546 2090 2757 2146 habere
2788 2092 3021 2147 videtur
3049 2092 3291 2164 aliquid,
3326 2094 3445 2149 sive
3493 2096 3551 2149 in
3603 2095 3809 2162 rebus,

2094 2181 2212 2235 sive
2244 2181 2300 2235 in
2334 2181 2652 2247 codicibus,
2698 2182 2847 2237 ultra
2878 2184 2929 2238 ei
2990 2184 3283 2254 possidere
3333 2201 3445 2240 non
3480 2184 3698 2251 licebit,
3738 2192 3814 2242 ut

2099 2273 2283 2343 possit
2312 2289 2441 2327 esse
2474 2274 2785 2344 perfectus,
2817 2275 2971 2344 quod
3034 2275 3173 2329 alibi
3230 2291 3345 2330 non
3398 2276 3597 2347 potuit.
3630 2277 3815 2332 Resi-

2099 2363 2378 2420 dentibus
2409 2381 2540 2419 vero
2573 2365 2867 2430 fratribus,
2892 2365 2942 2419 si
2993 2365 3167 2420 fuerit
3192 2365 3390 2438 aliqua
3427 2368 3494 2421 de
3544 2366 3790 2437 Scriptu

2099 2452 2181 2507 ris
2212 2453 2464 2520 collatio,
2511 2458 2566 2509 et
2616 2454 2787 2509 fuerit
2817 2470 2885 2509 ex
2917 2454 3009 2509 his
3034 2456 3149 2527 (24)
3179 2455 3315 2511 talis
3370 2455 3552 2513 scitus
3597 2473 3718 2512 non
3757 2458 3818 2513 ei

2108 2541 2301 2597 licebit
2351 2544 2574 2613 aliquid
2625 2544 2837 2611 dicere,
2899 2544 3010 2600 nisi
3072 2550 3423 2617 praeceptum
3472 2555 3526 2602 et
3570 2546 3749 2603 fuerit
3785 2563 3821 2600 a

2100 2632 2266 2688 Patre
2289 2633 2428 2703 ('25).

2813 2726 2963 2778 CAP.
2988 2724 3131 2780 XIV.

2102 2814 2396 2884 Idemque:
2452 2814 2705 2884 Qualiter
2754 2815 2948 2889 clerici
3005 2817 3235 2884 hospites
3289 2816 3627 2889 suscipiendi
3675 2826 3819 2874 sunt

2740 2888 2799 2941 in
2820 2890 3177 2943 monasterio.

2172 2976 2315 3031 Cum
2348 2976 2508 3032 omni
2568 2976 2891 3032 reverentia
2949 2980 3012 3031 ut
3070 2976 3327 3033 ministri
3385 2978 3633 3035 altaris:
3692 2997 3817 3037 non

2104 3064 2299 3121 licebit
2364 3066 2478 3122 nisi
2536 3066 2678 3137 ipsns
2746 3066 3067 3122 orationem
3129 3066 3442 3137 complere,
3502 3070 3624 3125 sive
3666 3072 3827 3126 ostia

2106 3156 2246 3219 rius,
2296 3157 2415 3212 sive
2462 3156 2727 3212 minister
2762 3164 2849 3212 est
2880 3156 3085 3227 templi
3116 3158 3237 3213 Dei.
3288 3159 3451 3223 Quod
3510 3161 3561 3215 si
3619 3161 3818 3233 aliquo

2101 3261 2237 3300 casu
2271 3244 2471 3316 lapsus
2500 3250 2607 3314 est,
2641 3250 2697 3301 et
2728 3246 2784 3300 in
2816 3262 2883 3301 eo
2915 3246 3070 3317 quod
3102 3246 3316 3302 dicitur
3374 3249 3653 3320 probatus
3691 3253 3824 3306 cri-

2103 3335 2278 3399 mine,
2340 3351 2454 3390 non
2515 3334 2688 3391 liceat
2731 3335 2781 3391 ei
2831 3338 2963 3391 ante
3016 3350 3143 3391 eum
3181 3336 3279 3407 qui
3329 3342 3536 3408 praest
3585 3339 3819 3397 Patrem

2102 3424 2185 3480 vel
2222 3426 2551 3481 secundum
2612 3425 2922 3495 complere.
2959 3424 3115 3481 Nulli
3164 3428 3540 3497 permittatur
3602 3428 3819 3488 clerico

2103 3515 2161 3569 in
2191 3515 2545 3571 monasterio
2586 3515 2870 3581 habitare,
2905 3515 3019 3571 nisi
3077 3516 3127 3571 ei
3182 3519 3595 3575 tantummodo
3647 3536 3826 3590 quem

2102 3604 2301 3675 lapsus
2338 3605 2555 3676 peccati
2587 3605 2659 3661 ad
2703 3604 3087 3661 humilitatem
3147 3607 3408 3676 deduxit,
3439 3612 3495 3663 et
3548 3616 3632 3663 est
3687 3611 3832 3666 vul-

2104 3699 2380 3763 neratus;
2435 3701 2492 3749 ut
2550 3694 2609 3750 in
2671 3694 3024 3750 monasterio
3103 3694 3449 3751 humilitatis
3528 3697 3829 3755 medicina

2104 3791 2363 3841 sanetur.
2390 3783 2519 3840 Haec
2539 3783 2703 3839 vobis
2734 3784 2985 3839 tenenda
3007 3783 3323 3854 sufficiant,
3355 3786 3590 3853 fratres,
3624 3792 3833 3845 custo-

2105 3876 2319 3931 dienda
2349 3874 2715 3943 conveniant,
2742 3879 2798 3929 et
2828 3874 2988 3930 eritis
3020 3873 3564 3945 irreprehensibiles
3605 3876 3663 3932 in
3698 3893 3823 3948 po-

2105 3966 2241 4037 pulo
2276 3964 2397 4021 Dei.

2814 4054 2971 4110 CAP.
3005 4055 3117 4112 XV.

2337 4145 2589 4214 Qualiter
2615 4144 2787 4217 culpae
2816 4147 3162 4217 singulorum
3206 4144 3582 4202 emendentur.

2176 4237 2290 4294 Nec
2321 4238 2431 4292 hoc
2477 4236 2789 4293 tacendum
2835 4240 2944 4307 est,
2992 4235 3245 4307 qualiter
3300 4239 3486 4308 culpa:
3546 4235 3828 4308 singulo-

2106 4346 2233 4385 rum
2287 4328 2712 4385 emendentur:
2743 4343 2844 4397 pro
2892 4326 3168 4397 qualitate
3200 4326 3383 4399 culpas
3431 4328 3544 4383 erit
3594 4342 3833 4385 excom-

2108 4418 2446 4476 municatio.
2516 4418 2659 4487 Ergo
2720 4417 2831 4472 iste
2908 4418 3049 4472 ordo
3111 4421 3393 4473 teneatur.
3456 4416 3515 4471 Si
3566 4417 3699 4487 quis
3756 4434 3836 4474 ex

2107 4510 2383 4566 fratribus
2413 4521 2744 4563 sermonem
2804 4506 3055 4563 otiosum
3104 4506 3385 4570 emiserit,
3425 4523 3497 4563 ne
3566 4522 3700 4562 reus
3746 4508 3835 4567 sit

293 4604 402 4668 est,
444 4599 689 4672 qualiter
744 4599 892 4656 inter
947 4617 1009 4657 se
1066 4604 1414 4660 monasteria
1472 4620 1673 4677 pacem
1762 4607 1991 4665 firmam
2024 4592 2069 4657 D
2103 4602 2360 4671 concilii,
2394 4599 2769 4674 pracipimus
2800 4614 2935 4655 eum
2976 4598 3223 4655 triduoa
3283 4598 3527 4657 fratrum
3572 4614 3833 4671 congre-

364 4747 462 4803 ²⁵Ι
521 4749 648 4807 Cor.
739 4764 815 4815 Iv,
876 4750 963 4807 12.
1041 4748 1139 4808 ²⁶Ι
1196 4754 1330 4809 Cor.
1416 4768 1493 4820 1x,

297 4818 347 4855 ³ο
381 4820 401 4875 Ι
432 4820 582 4880 Tim.
613 4838 667 4890 v,
708 4822 792 4880 12.

369 4948 483 5025 (lg)
514 4953 807 5025 Praecepit.
842 4953 945 5025 Ms.
971 4954 1236 5025 Praecepit
1266 4952 1467 5008 dicens.

367 5021 482 5092 (15)
531 5022 679 5090 Quod
709 5025 756 5077 si
786 5024 1039 5096 infirmus
1071 5021 1168 5080 est'
1205 5026 1408 5079 animo.
1472 5022 1575 5077 Ms.
1626 5021 1773 5091 Quod
1802 5026 1851 5079 si
1899 5024 1999 5094 flr-

295 5109 417 5147 mus
433 5099 511 5149 est
544 5110 788 5167 corpore.

368 5167 483 5239 (16)
512 5166 879 5225 Ρνετυεηιάηι.
914 5168 1049 5224 Post
1080 5168 1231 5225 hanc
1283 5184 1478 5223 vocem
1540 5166 1697 5223 addit
1729 5185 1837 5224 ms.
1900 5172 1999 5225 iste

297 5238 431 5293 ordo
462 5238 737 5297 teneatur.

368 5311 481 5381 (17)
512 5315 575 5367 Et
606 5314 894 5370 decernere
949 5312 1101 5370 debet
1158 5311 1437 5369 ille.Hasc
1494 5312 1707 5368 desunt
1765 5314 1822 5369 in
1885 5330 1995 5371 ms.

298 5382 582 5457 Etstatim
615 5386 767 5441 idem
801 5386 927 5442 cod.
964 5388 1139 5457 qualis
1172 5386 1342 5441 habet
1375 5400 1475 5455 pro
1510 5385 1791 5454 quomodo.

368 5453 481 5529 (16)
514 5455 792 5529 _(_2radum.
826 5458 929 5513 Ms.
961 5453 1197 5529 qradum
1226 5457 1335 5514 sibi
1362 5453 1481 5514 aea.

366 5526 484 5597 (19)
506 5526 724 5584 Meruit.
756 5531 859 5584 Ms.
891 5526 1181 5587 meruerit.

366 5596 481 5668 (20)
512 5598 688 5654 Alius.
724 5600 830 5655 Ms.
854 5602 995 5658 Item
1027 5603 1195 5663 alius.

366 5668 455 5740 (21
488 5669 614 5726 Nec.
646 5669 755 5729 Ms.
786 5672 893 5727 Nec
924 5674 1021 5731 hoc
1049 5682 1157 5730 tae.

1578 4752 1670 4807 27.
1746 4753 1989 4811 "Joan.
2074 4770 2177 4823 xu,
2235 4751 2292 4806 6.
2369 4749 2413 4784 ²⁸
2446 4751 2489 4805 Ι.
2564 4747 2715 4803 Tim.
2798 4762 2881 4817 III,

2974 4746 3061 4802 13.
3139 4745 3184 4781 ’9
3232 4748 3441 4814 Matth,
3498 4762 3660 4816 mu,
3722 4749 3825 4805 16.

2176 4951 2571 5023 (22)Reeipere.
2616 4948 2747 5003 Post
2778 4948 3036 5023 verbum
3097 4948 3433 5023 hujusmodi
3478 4948 3654 5023 addit
3696 4964 3830 5023 ms.

2106 5029 2155 5079 et
2184 5021 2295 5079 non
2326 5022 2498 5076 solum
2531 5036 2637 5074 non
2670 5022 2959 5093 recipere:
2988 5036 3115 5091 quae
3147 5022 3385 5092 quidem
3438 5021 3511 5078 ob
3544 5021 3827 5091 ejusdem

2107 5095 2265 5151 verbi
2315 5092 2718 5175 repetitionem
2769 5092 3009 5149 librario
3058 5093 3404 5163 exciderint,
3440 5101 3500 5149 ut
3558 5109 3627 5148 ex
3684 5108 3834 5150 con-

2108 5170 2267 5223 textu
2319 5164 2519 5236 liquet.

2182 5240 2289 5310 (23)
2322 5240 2465 5292 Nam
2521 5237 2640 5310 sine
2708 5238 2991 5292 voluntate
3025 5240 3170 5310 eset.
3214 5236 3345 5293 llaec
3412 5240 3471 5310 et
3524 5238 3839 5307 sequentia

2110 5308 2291 5380 uanus
2317 5310 2387 5364 ad
2411 5325 2494 5364 ea.
2528 5309 2629 5363 Ille
2660 5325 2781 5363 vero
2813 5308 3135 5369 monachus,
3172 5310 3385 5365 desunt
3414 5308 3474 5363 in
3504 5323 3617 5362 ms.

2326 5383 2405 5436 Ex
2438 5381 2521 5435 his
2549 5381 2587 5451 ].
2632 5380 2804 5437 Deest
2832 5382 3165 5454 praepositio
3214 5381 3274 5436 in
3308 5397 3418 5438 ms.
3479 5384 3537 5435 et
3584 5379 3833 5451 quidem

2110 5460 2373 5599 1.823533
2407 5526 2581 5599 Patre
2602 5524 2647 5596 ].
2682 5525 2793 5583 Ms.
2831 5526 2900 5599 ab
2930 5527 3105 5599 coqui
3129 5529 3355 5599 praeest.
3390 5522 3491 5578 llic
3518 5536 3657 5599 vero
3683 5522 3837 5581 desi-

2110 5595 2200 5654 nit
2227 5595 2406 5657 cedex
2424 5596 2557 5654 Vat.
2582 5613 2772 5668 neque
2806 5598 2918 5654 tria
2950 5595 3155 5653 ultima
3185 5596 3373 5669 capita
3403 5595 3691 5667 agnoscit.
