4100 6204
250 377 369 435 977

251 613 324 654 eo
363 598 675 669 jungatur.
725 595 781 650 Si
830 611 964 651 vero
1011 595 1221 668 aliquis
1254 596 1651 669 deprehensus
1696 600 1870 657 fuerit
1902 604 1960 658 in

251 686 403 753 risu,
430 686 521 741 vel
569 687 630 740 in
652 687 994 742 scurrilitate
1021 685 1332 754 sermonis,
1386 686 1538 744 sicut
1585 688 1666 743 ait
1711 691 1962 762 Aposto-

249 775 370 844 lus,
403 791 522 848 quse
557 775 627 831 ad
656 791 770 831 rem
802 792 913 832 non
958 777 1203 846 pertinet
1231 779 1301 844 3i,
1319 776 1588 847 jubemus
1617 778 1964 850 hujusmodi

249 867 495 922 duaram
536 866 1044 924 hebdomadarum
1092 867 1282 939 spatio
1338 868 1396 923 in
1445 870 1683 926 nomine
1737 873 1963 927 Domini

251 957 418 1013 omni
485 956 712 1028 ﬂagello
779 955 1131 1012 humilitatis
1197 959 1464 1027 coerceri,
1526 959 1753 1016 dicente
1807 965 1966 1033 Apo-

253 1046 405 1103 stolo
438 1063 452 1101 :
487 1047 547 1102 Si
586 1049 706 1118 quis
750 1049 932 1118 frater
979 1049 1300 1103 nominatur
1356 1048 1675 1113 iracundus,
1723 1055 1828 1107 aut
1865 1068 1962 1107 su-

249 1137 474 1208 perbus,
519 1144 620 1192 aut
656 1137 973 1204 maledicus,
1014 1137 1160 1194 hunc
1200 1144 1396 1194 notate
1427 1138 1493 1195 ³².
1527 1141 1598 1195 Et
1632 1156 1646 1197 :
1680 1141 1797 1197 Non
1827 1142 1967 1197 odite

1538 377 1850 441 REGULA
1893 381 2001 442 AD
2047 385 2496 450 MONACHOS.

249 507 489 579 gatione
519 507 603 563 vel
662 505 950 577 colloquio
1002 520 1132 561 esse
1179 504 1466 577 alienum,
1499 512 1564 563 ut
1594 510 1792 568 nullus
1823 529 1959 571 cum
1992 519 2046 586 Α

3652 385 3770 448 9'78

2749 520 2899 575 CAP.
2948 519 3094 574 XVI.

2299 634 2360 688 Ut
2398 633 2520 687 sine
2547 647 2905 757 personaruén
2932 632 3236 757 atcceptione
3266 629 3554 702 aequaliter

2778 721 2835 757 iu
2879 719 2957 757 ποθ
2986 719 3070 757 ur.

2766 719 3070 772 Jua-zcetur.

2145 792 2262 848 Hoc
2307 797 2440 848 ante
2493 795 2691 850 omnia
2731 794 3096 866 praecipimus
3143 792 3306 848 vobis
3363 793 3464 864 qui
3508 791 3645 847 huic
3686 790 3775 846 ot-

2075 881 2204 937 ficio
2247 883 2524 953 prmestis,
2577 887 2642 938 ut
2689 899 2946 954 personas
2978 901 3012 938 a
3039 882 3204 938 vobis
3236 900 3352 939 non
3385 881 3770 954 accipiantur,

2075 970 2174 1025 sed
2223 971 2426 1042 aequali
2478 973 2687 1026 affectu
2755 987 2959 1026 omnes
3009 971 3351 1042 diligantur,
3398 975 3455 1025 et
3505 986 3602 1039 per
3659 985 3778 1024 cor~

2075 1059 2395 1129 reptionem
2435 1076 2639 1115 omnes
2690 1068 3006 1115 sanentur:
3049 1059 3188 1130 quia
3249 1059 3547 1131 aequalitas
3589 1057 3779 1129 placet

2075 1149 2229 1219 apud
2262 1149 2466 1218 Deum,
2501 1149 2730 1205 dicente
2760 1148 3049 1221 Propheta
3082 1163 3094 1202 :
3139 1146 3199 1202 Si
3228 1163 3350 1203 vere
3388 1147 3576 1218 utique
3617 1144 3780 1201 246

250 1228 320 1279 ut
367 1226 680 1290 inimicum,
721 1226 812 1280 sed
861 1227 1123 1297 corripite
1162 1233 1226 1281 ut
1266 1228 1514 1296 fratrem
1563 1228 1625 1283 33.
1658 1228 1732 1284 Et
1761 1229 1820 1284 in
1853 1230 1965 1286 alio
2065 1238 2352 1308 justitiam
2377 1239 2695 1311 loquimini,
2710 1239 2856 1310 juste
2867 1239 3121 1311 judicate
3142 1238 3253 1308 ﬁlii
3270 1236 3557 1293 hominum
3577 1235 3780 1290 3‘.Nec

258 1312 390 1369 colo
422 1329 437 1370 :
469 1314 532 1370 Si
577 1316 698 1386 quis
732 1317 912 1384 frater
964 1317 1144 1385 fuerit
1189 1324 1501 1388 pmventus
1550 1319 1611 1373 in
1655 1318 1846 1390 aliquo
1871 1320 1966 1376 de-

253 1402 410 1469 licto,
448 1420 538 1460 vos
584 1407 687 1476 qui
725 1406 1012 1476 spiritales
1032 1408 1177 1475 estis,
1227 1407 1489 1464 instruite
1538 1408 1858 1479 huiusmodi
1895 1411 1963 1482 3‘,

253 1497 319 1549 et
347 1495 617 1566 corripite
638 1495 905 1560 fratrem;
934 1496 1017 1551 ita
1065 1501 1130 1552 ut
1162 1513 1262 1568 per
1301 1497 1646 1554 humilitatis
1687 1501 1966 1571 frequen-

257 1586 404 1641 tiam
437 1602 554 1641 non
605 1586 909 1658 reprobus,
961 1587 1064 1643 sed
1113 1588 1388 1660 probatus
1425 1589 1486 1646 in
1520 1593 1967 1664 congregatione

256 1679 614 1746 perseveret.

334 2040 377 2077 ³¹
417 2040 622 2113 Ephes.
655 2058 705 2112 v,
741 2043 792 2097 4.
868 2042 917 2078 ³³
950 2044 972 2098 Ι
1002 2044 1128 2101 Cor.
1162 2059 1216 2112 v,
1251 2045 1338 2100 11.
1413 2043 1461 2079 ³³
1494 2044 1543 2101 ΙΙ
1573 2043 1773 2101 Thess.
1809 2062 1893 2115 ιιι,
1929 2046 2016 2104 15.

2075 1327 2253 1385 latere
2302 1346 2404 1386 vos
2451 1330 2740 1398 volumus,
2793 1329 2932 1400 quia
2977 1328 3075 1400 qui
3130 1345 3243 1400 non
3295 1326 3536 1397 corripit
3584 1340 3782 1380 erran-

2077 1424 2217 1486 tem,
2301 1422 2517 1474 noverit
2586 1436 2648 1475 se
2726 1436 2828 1490 pro
2896 1436 2960 1474 eo
3047 1417 3326 1473 rationem
3391 1416 3777 1472 redditurum.

2075 1510 2270 1565 Estote
2302 1508 2500 1563 ﬁdeles
2532 1513 2586 1564 et
2636 1509 2773 1564 boni
2820 1509 3082 1564 doctores
3114 1507 3184 1561 ad
3218 1521 3459 1562 omnes:
3507 1503 3779 1575 corripite

2074 1598 2371 1670 inquietos
2407 1614 2420 1652 :
2457 1599 2730 1670 suscipite
2780 1598 3062 1654 informos
3099 1614 3111 1651 :
3158 1597 3445 1668 patientes
3493 1599 3674 1650 estote
3703 1593 3772 1647 ad

2075 1704 2276 1745 omnes
2309 1704 2324 1743 :
2356 1692 2413 1743 et
2466 1694 2716 1759 quantos
2749 1687 2972 1742 fueritis
3015 1685 3244 1756 lucrati,
3282 1702 3380 1756 pro
3413 1685 3591 1738 tantis
3625 1699 3774 1737 mer-

2075 1779 2273 1834 cedem
2327 1779 2644 1851 accipietis,
2683 1780 2742 1834 in
2793 1778 3024 1834 nomine
3075 1777 3265 1832 Patris
3311 1780 3366 1832 et
3397 1775 3521 1830 Filii
3555 1778 3612 1829 et
3642 1772 3772 1844 Spi-

2077 1866 2221 1922 ritus
2251 1867 2461 1924 sancti.

2093 2046 2141 2082 3‘
2169 2048 2295 2105 Gal.
2328 2065 2405 2116 vr,
2440 2049 2490 2103 1.
2568 2047 2616 2082 ³⁵
2646 2048 2862 2104 Psalm.
2889 2063 3022 2115 Lvn,
3051 2051 3106 2101 2.

1206 2359 1672 2446 REGULA
1736 2360 1983 2447 ALIA
2052 2363 2196 2450 AD
2275 2363 2858 2451 ΜΟΝΑοΟᾶ

921 2725 1311 2782 PR/EFATIO.

339 2812 484 2868 Cum
549 2812 939 2870 resideremus
994 2814 1054 2868 in
1100 2831 1281 2870 unum
1349 2815 1410 2870 in
1462 2815 1694 2872 nomine
1742 2816 1972 2874 Domini

265 2903 455 2958 nostri
493 2903 633 2959 Jesu
688 2902 918 2967 Christi,
973 2904 1291 2959 secundum
1331 2903 1705 2962 traditionem
1733 2907 1972 2962 Patrum

265 2996 612 3048 sanctorum
660 2994 939 3060 virorum,
989 2992 1177 3047 visum
1238 2996 1322 3047 est
1384 2992 1552 3048 nobis
1610 2995 1977 3053 conscribere

264 3083 360 3137 vel
418 3081 682 3153 regulam
723 3081 1014 3150 ordinare,
1046 3098 1170 3152 quas
1203 3081 1265 3136 in
1310 3083 1666 3139 monasterio
1709 3088 1976 3142 teneatur

267 3173 346 3228 ad
397 3173 713 3242 profectum
782 3172 1058 3241 fratrum;
1115 3177 1177 3228 ut
1229 3188 1416 3244 neque
1465 3190 1570 3229 nos
1618 3173 1974 3248 laboremus,

268 3277 463 3332 neque
511 3269 751 3318 sanctus
808 3262 1156 3334 praepositus
1235 3263 1334 3334 qui
1387 3263 1740 3320 constitutus
1789 3269 1873 3321 est
1916 3265 1976 3321 in

272 3353 403 3409 loco
451 3351 869 3408 dubitationem
911 3352 1168 3423 aliquam
1219 3353 1338 3424 pati
1388 3354 1566 3426 possit
1611 3371 1626 3411 :
1668 3359 1733 3410 ut
1777 3372 1979 3414 omnes

269 3441 591 3509 unanimes,
620 3441 775 3497 sicut
816 3441 1102 3513 scriptum
1148 3447 1254 3504 est,
1298 3447 1346 3498 et
1391 3461 1565 3498 unum
1589 3448 1883 3501 sentientes
1911 3447 1978 3517 ³⁸,

272 3532 530 3589 invicem
563 3532 936 3601 honorantes,
967 3549 1035 3589 ea
1065 3549 1192 3604 quae
1245 3538 1466 3592 statuta
1496 3540 1636 3592 sunt
1665 3554 1696 3592 a
1735 3537 1980 3594 Domino

262 3622 401 3694 jugi
433 3621 837 3680 observatione
867 3623 1225 3680 custodiant.

276 3731 432 3788 CAP.
465 3731 509 3787 Ι.
544 3762 612 3775 —-
641 3733 715 3788 De
741 3731 1111 3808 unanimitate
1147 3733 1462 3808 charitatis,
1495 3739 1550 3790 et
1599 3734 1675 3790 de
1703 3735 1984 3808 diligendo

751 3821 816 3860 ac
843 3804 1272 3878 obtemperando
1306 3807 1508 3864 abbati.

353 3897 501 3952 Ante
551 3894 750 3952 omnia
799 3893 1082 3952 habentes
1149 3895 1514 3964 charitatem,
1567 3897 1985 3964 humilitatem,

279 3985 644 4059 patientiam,
688 3985 1221 4054 mansuetudinem,
1269 3985 1357 4041 vel
1408 3989 1614 4041 caetera
1661 4003 1790 4058 quas
1822 3987 1988 4042 docet

2005 2733 2052 2797 B
2083 2729 2290 2786 Deum.
2325 2730 2386 2786 In
2406 2735 2691 2786 conventu
2713 2730 2975 2787 omnium
3009 2730 3209 2786 nullus
3233 2728 3435 2800 junior
3464 2723 3784 2798 quidquam

2086 2817 2200 2874 nisi
2248 2817 2642 2890 interrogatus
2691 2817 2984 2890 loquatur.
3043 2818 3323 2872 Caeterum
3376 2815 3424 2870 si
3475 2813 3608 2884 quis
3664 2807 3786 2863 vult

2086 2907 2545 2964 consolationem
2577 2910 2836 2978 accipere
2865 2906 2955 2962 vel
2985 2908 3224 2963 verbum
3248 2904 3467 2971 audire,
3494 2905 3785 2958 secretum

2087 3001 2143 3051 et
2171 3001 2568 3068 opportunum
2600 3001 2834 3067 tempus
2865 2997 3145 3069 requirat.

2085 3107 2240 3161 CAP.
2310 3107 2411 3162 IlI.
2469 3138 2537 3148 —
2617 3108 2679 3162 Ut
2730 3106 3042 3162 advenienti
3106 3106 3417 3176 peregrino,
3473 3099 3617 3154 nihil
3664 3097 3788 3168 plus

2156 3177 2416 3233 exhibeat
2445 3179 2588 3250 quis,
2630 3195 2798 3250 quam
2826 3175 3115 3233 occursum
3139 3175 3407 3232 humilem
3433 3180 3484 3228 et
3511 3185 3718 3243 pacem.

2157 3267 2503 3324 Advenienli
2565 3269 2870 3340 peregrino
2929 3267 3076 3322 nihil
3145 3266 3274 3337 plus
3337 3263 3564 3318 exibeat
3611 3273 3791 3330 quam

2089 3373 2339 3429 pacem:
2386 3357 2678 3429 reliquum
2729 3374 2845 3414 non
2895 3358 2974 3413 sit
3020 3355 3105 3412 illi
3151 3371 3288 3411 cura
3347 3353 3498 3408 unde
3545 3347 3790 3415 venerit,

2087 3465 2192 3519 pro
2230 3465 2343 3519 quo
2388 3449 2626 3516 venerit,
2673 3447 2762 3503 vel
2812 3447 3045 3520 quando
3095 3444 3499 3502 ambulaturus
3552 3439 3651 3504 sit,
3685 3452 3791 3492 nec

2091 3553 2155 3593 se
2179 3539 2390 3609 jungat
2421 3538 2494 3593 ad
2529 3536 2760 3594 fabulas
2791 3554 2924 3594 cum
2949 3536 3071 3593 illo.

2091 3646 2242 3702 CAP.
2275 3646 2369 3702 1V.
2403 3676 2471 3688 —-
2506 3647 2569 3702 Ut
2603 3653 2874 3716 praesente
2927 3647 3140 3701 seniore
3175 3641 3450 3714 psallendi
3474 3639 3796 3712 loquendive

2588 3733 2697 3773 non
2736 3718 2930 3773 habeat
2960 3717 3313 3786 facultatem.

2165 3807 2318 3864 Illud
2372 3823 2600 3878 quoque
2648 3804 3070 3863 observandum
3121 3809 3228 3871 est,
3274 3809 3337 3860 ut
3385 3807 3665 3874 praesente
3704 3817 3797 3856 se-

2093 3897 2260 3952 niore
2308 3911 2684 3968 quocunque,
2734 3894 2822 3950 vel
2887 3895 3246 3965 prmcedenle
3297 3892 3357 3946 in
3396 3890 3600 3946 ordine
3639 3887 3796 3959 psal-

2095 3986 2276 4054 lendi,
2317 4001 2568 4058 sequens
2600 4001 2715 4040 non
2766 3984 2978 4040 habeat
3028 3982 3356 4037 lhcultatem
3406 3977 3681 4051 loquendi
3710 3976 3797 4032 vel

279 4080 527 4134 sanctus
563 4077 874 4147 Apostolus
895 4077 967 4146 37;
1019 4077 1096 4131 ita
1144 4079 1209 4131 ut
1249 4092 1420 4133 nemo
1448 4077 1770 4149 quidquam
1817 4092 1985 4135 suum
2016 4107 2066 4175 Ο
2096 4077 2321 4151 aliquid
2361 4076 2778 4150 praesumendi,
2809 4075 2925 4132 nisi
2957 4081 3182 4131 tantum
3223 4074 3270 4128 is
3475 4069 3534 4125 in
3576 4068 3798 4175 ordino,

276 4166 558 4234 vindicet,
594 4167 718 4235 sed,
768 4166 921 4223 sicut
951 4167 1234 4238 scriptum
1265 4171 1356 4223 est
1387 4167 1445 4223 in
1475 4168 1717 4225 Actibus
1756 4172 1988 4241 aposto-

277 4256 497 4321 lorum,
529 4255 783 4312 habeant
835 4256 1032 4312 omnia
1081 4255 1414 4312 communia
1453 4255 1520 4312 ⁸⁸.
1574 4256 1672 4314 llle
1727 4275 1859 4315 vero
1890 4259 1988 4331 qui

281 4344 636 4418 praepositus
665 4349 778 4415 est,
801 4345 901 4402 Dei
929 4345 1219 4416 judicium
1251 4351 1308 4402 et
1338 4346 1762 4405 ordinationem
1803 4364 1990 4404 sacer-

282 4438 442 4494 dotis
473 4437 534 4493 in
584 4437 854 4495 omnibus
883 4439 1109 4509 timere,
1156 4438 1396 4511 diligere
1427 4443 1484 4495 et
1511 4439 1788 4497 obaudire
1820 4441 1991 4498 debet

281 4527 614 4584 secundum
661 4527 1001 4584 veritatem:
1059 4527 1193 4598 quia
1223 4527 1270 4583 si
1305 4526 1439 4599 quis
1489 4528 1654 4584 illum
1709 4533 1880 4600 putat
1928 4545 1992 4585 se

281 4632 583 4690 spernere,
614 4617 798 4674 Deum
841 4616 1084 4688 spernit,
1161 4617 1315 4673 sicut
1369 4619 1653 4690 scriptum
1702 4624 1792 4675 est
1833 4635 1847 4674 :
1891 4619 1994 4687 Qui

283 4725 379 4766 vos
409 4708 594 4778 audit,
644 4724 734 4765 me
768 4706 926 4765 audit
958 4726 978 4766 :
1001 4713 1054 4765 et
1080 4710 1176 4781 qui
1206 4725 1292 4765 vos
1339 4711 1570 4781 spernit,
1605 4725 1693 4765 me
1730 4711 1943 4780 spernit
1972 4727 1993 4768 :

283 4802 337 4856 et
365 4799 466 4872 qui
491 4815 580 4855 me
605 4797 834 4871 spernit,
863 4800 1078 4871 spernit
1107 4813 1228 4855 eum
1275 4798 1373 4869 qni
1402 4815 1488 4856 me
1517 4800 1670 4854 misit
1697 4797 1768 4855 39.
1802 4799 1889 4854 Ita
1930 4803 1996 4855 ut

287 4889 420 4946 sine
449 4888 634 4961 ipsius
681 4887 982 4946 voluntate
1032 4887 1227 4944 nullus
1259 4888 1434 4945 frater
1473 4888 1797 4960 quidquam
1839 4897 1995 4961 agat,

286 4994 482 5050 neque
527 4977 774 5050 accipiat
822 4978 894 5035 ab
939 4977 1134 5048 aliquo
1183 4977 1426 5050 aliquid,
1471 4994 1659 5050 neque
1709 4980 1824 5050 det,
1890 4994 1996 5036 nec

287 5083 543 5139 usquam
575 5083 813 5140 prorsus
844 5068 1073 5124 recedat
1105 5068 1233 5125 sine
1263 5069 1463 5126 verbo.

2099 4175 2165 4227 ut
2221 4168 2442 4224 dictum
2501 4172 2611 4236 est,
2662 4167 2984 4240 pracedere
3025 4164 3276 4222 videtur.
3339 4161 3454 4216 Hoc
3499 4173 3684 4230 usque
3731 4156 3800 4212 ad

2098 4261 2289 4317 imum
2320 4263 2454 4316 ante
2501 4257 2702 4314 omnia
2747 4257 2806 4313 in
2834 4256 3112 4323 oratione,
3146 4269 3248 4311 seu
3279 4251 3343 4309 in
3369 4265 3561 4323 opere,
3589 4249 3710 4304 sive
3741 4245 3800 4300 in

2098 4365 2383 4424 responso
2413 4349 2606 4405 dando
2654 4348 2763 4405 erit
2812 4345 3184 4404 servandum.
3221 4342 3284 4400 Si
3313 4357 3447 4399 vero
3479 4335 3805 4409 simplicior

2099 4441 2298 4509 fuerit,
2343 4440 2432 4495 vel
2471 4437 2806 4510 impeditior
2860 4451 3148 4504 sermone,
3198 4437 3256 4490 et
3315 4429 3539 4488 dederit
3585 4427 3802 4494 locum,

2100 4530 2183 4586 ita
2247 4532 2485 4586 demum
2562 4545 2819 4600 sequens
2883 4527 3179 4601 loquatur.
3233 4525 3432 4582 Omnia
3495 4524 3691 4576 tamen
3745 4518 3805 4572 in

2099 4620 2369 4675 charitate
2396 4619 2537 4689 ﬁant
2567 4619 2634 4687 ιο,
2669 4635 2784 4676 non
2815 4633 2918 4690 per
2957 4615 3389 4675 contentionem
3421 4611 3509 4668 vel
3547 4609 3804 4679 aliquam

2102 4708 2640 4782 presumptionem.

2103 4817 2256 4875 CAP.
2303 4816 2371 4876 V.
2409 4843 2472 4858 --
2510 4817 2584 4873 De
2621 4832 2787 4872 cursu
2842 4813 3133 4876 orationis,
3184 4820 3236 4866 et
3309 4805 3459 4863 horis
3515 4801 3803 4876 operandi,

2452 4905 2516 4944 ac
2541 4890 2610 4945 de
2638 4888 2975 4945 correctione
3000 4881 3460 4956 delinquentium.

2178 4983 2394 5035 Cursus
2460 4993 2593 5034 vero
2651 4977 2988 5034 orationum
3053 4973 3141 5030 vel
3200 4969 3588 5043 psalmorum,
3654 4964 3810 5021 sicut

2108 5067 2331 5123 dudum
2375 5068 2662 5122 statutum
2700 5069 2813 5133 est,
2861 5065 3015 5121 ultra
3045 5067 3276 5133 tempus
3301 5058 3460 5115 istud
3496 5050 3811 5112 meditandi

288 5169 452 5233 CAP.
484 5175 559 5231 Il.
601 5205 670 5218 —-
723 5177 786 5233 Ut
811 5191 923 5232 non
952 5191 1006 5232 se
1033 5176 1256 5243 fabellis
1286 5178 1447 5233 vanis
1498 5176 1807 5245 destruant,
1849 5183 1899 5233 et
1940 5183 2001 5234 ut
2109 5171 2207 5228 οΡε

2109 5155 2502 5228 operandique
2542 5155 2885 5210 servabitur.
2955 5156 3038 5209 Ita
3088 5146 3524 5245 meditationem
3559 5141 3815 5245 habeant

474 5250 532 5304 in
562 5253 825 5305 conventu
862 5248 974 5304 nisi
1000 5248 1374 5318 interrogatus
1395 5249 1519 5320 quis
1544 5250 1823 5320 loquatur.

2111 5246 2343 5313 fratres,
2370 5248 2435 5300 ut
2466 5260 2651 5316 usque
2680 5245 2753 5300 ad
2785 5243 2986 5300 horam
3033 5238 3353 5298 secundam
3386 5235 3605 5306 legant;
3639 5230 3687 5286 si
3730 5234 3818 5285 ta-

367 5339 757 5396 Obeervantes
788 5337 963 5394 etiam
1006 5339 1135 5404 hoc,
1171 5343 1236 5394 ut
1264 5355 1380 5395 non
1412 5355 1474 5395 se
1505 5338 1755 5394 invicem
1785 5337 2004 5394 fabulis
2113 5350 2248 5392 men
2297 5333 2463 5390 nulla
2510 5349 2684 5390 causa
2728 5331 3034 5400 exstiterit,
3074 5345 3190 5402 qua
3240 5340 3473 5384 necesse
3517 5322 3595 5379 sit
3637 5320 3814 5377 etiam

298 5429 464 5486 vanis
493 5428 822 5497 destruant,
855 5429 957 5485 sed
989 5428 1401 5500 unusquisque
1433 5443 1580 5499 opus
1613 5443 1784 5483 suum
1819 5427 2006 5483 medi-

2113 5425 2263 5483 247
2314 5425 2704 5497 pratermissa
2752 5423 3128 5482 meditatione
3157 5418 3381 5492 aliquid
3413 5416 3536 5474 ﬁeri
3568 5415 3627 5472 in
3659 5431 3820 5473 com-

299 5524 454 5575 telur
502 5523 558 5575 et
622 5519 928 5589 custodiat,
991 5524 1046 5575 et
1119 5518 1496 5590 cogitationes
1561 5517 1777 5576 habeat
1846 5519 2003 5591 apud
2038 5503 2086 5569 D
2118 5531 2316 5575 mune.
2347 5514 2713 5575 Posthoram
2756 5532 2887 5575 vero
2937 5514 3258 5574 secundam
3306 5508 3714 5581 unusquisque
3747 5506 3818 5564 ad

382 5702 429 5739 ³⁸
459 5700 710 5775 Philipp.
739 5715 804 5775 ιι,
833 5703 890 5763 2.
965 5698 1012 5736 ³⁷
1035 5699 1256 5760 Coloss.
1281 5716 1365 5770 III,
1399 5699 1587 5757 12-14.
1666 5698 1718 5737 ³⁸
1740 5703 1868 5760 Act.
1899 5717 1980 5772 IV,
2009 5702 2096 5759 32.
2175 5704 2207 5740 ³¹

2175 5703 2223 5740 ³⁸
2249 5702 2387 5762 Luc.
2420 5717 2477 5772 x,
2511 5700 2598 5760 16.
2675 5700 2724 5738 ‘°
2763 5704 2786 5759 Ι
2818 5701 2946 5762 Cor.
2977 5717 3092 5771 ινι,
3124 5699 3215 5762 14.
