4076 6206
350 351 469 413 979

1454 350 1565 409 SS.
1613 348 2147 412 MACARIORUM
2190 349 2291 409 ET
2335 348 2766 413 PAPHNUTII

3747 346 3865 407 980

350 498 500 554 opus
523 497 698 538 suum
755 485 989 552 paratus
1032 482 1107 537 sit
1136 498 1148 537 :
1186 489 1238 538 et
1272 498 1456 553 usque
1487 483 1557 537 ad
1591 483 1795 538 horam
1834 501 2043 540 nonam
2084 485 2133 549 Α
2165 486 2529 548 necessitate,
2554 484 2653 539 sed
2682 482 2864 555 magis
2911 482 3047 537 vitio
3084 482 3520 554 procedendum
3553 482 3866 553 putaverit,

351 573 634 645 quidquid
677 574 1002 643 injunctum
1052 573 1244 641 fuerit,
1310 575 1428 628 sine
1474 573 1919 631 murmuratione
1966 579 2048 633 vel

351 664 701 721 hmsitatione
740 665 782 699 ιι
838 664 1114 733 perﬁciat,
1140 665 1290 718 sicut
1319 665 1485 719 docet
1523 670 1757 721 sanctus
1795 668 2049 738 Aposto-

2159 574 2304 629 sciat
2335 592 2415 643 se,
2448 592 2577 629 cum
2630 574 3031 645 deprehensus
3066 574 3260 641 fuerit,
3310 572 3661 643 culpabilem
3697 572 3866 642 judi-

2159 666 2428 733 candum,
2471 666 2609 736 quia
2659 681 2759 735 per
2808 681 2971 720 suam
3021 665 3437 736 negligentiam
3489 674 3541 719 et
3593 663 3740 718 alios
3806 662 3866 717 in

351 753 467 809 lus.
501 755 559 810 Si
591 755 717 823 quis
765 759 955 811 autem
1008 756 1475 824 murmuraverit,
1508 756 1593 810 vel
1644 758 2049 813 contentiosus
2156 756 2365 809 vitium
2407 755 2601 810 mittit.
2643 756 2705 809 In
2738 754 2953 823 vigiliis
3002 755 3431 811 observandum
3489 758 3597 823 est,
3631 752 3868 823 quando

351 844 655 912 exstiterit,
688 849 786 899 aut
811 861 1107 916 opponens
1149 846 1205 898 in
1236 846 1427 916 aliquo
1458 846 1811 900 contrariam
1838 846 2052 917 [volun-

350 937 529 989 tatem
564 937 883 1005 prieceptis,
917 936 1090 1005 digne
1122 940 1413 990 correctus
1464 941 1578 990 tam
1615 935 1712 991 diu
1744 938 2049 1008 abstineat,

350 1041 521 1096 quam
555 1024 652 1080 diu
702 1027 787 1079 vel
831 1023 1015 1095 culpes
1046 1024 1297 1095 qualitas
1328 1026 1675 1096 poposcerit,
1707 1026 1793 1081 vel
1836 1044 1896 1083 se
1930 1047 2053 1099 pm—

350 1116 591 1170 nitendo
626 1115 1013 1170 bumiliaverit
1067 1124 1236 1186 atque
1286 1116 1695 1172 emendaverit.
1748 1118 2051 1174 Correctus

352 1209 549 1261 autem
598 1221 711 1259 non
762 1206 975 1259 audeat
1034 1222 1283 1275 usquam
1334 1208 1614 1262 recedere.
1662 1206 1721 1260 Si
1756 1206 1885 1278 quis
1916 1224 2051 1265 vero

354 1295 423 1349 de
496 1293 789 1359 fratribus,
841 1293 929 1349 vel
981 1294 1078 1364 qui
1113 1295 1169 1348 in
1214 1296 1462 1350 oratorio
1495 1300 1652 1365 sunt,
1696 1296 1781 1350 vel
1831 1298 1928 1367 qui
1993 1300 2049 1353 in

354 1383 516 1439 cellis
557 1385 904 1449 consistunt,
956 1385 1081 1455 ejus
1131 1384 1310 1439 errori
1343 1386 1713 1452 consenserit,
1748 1386 2052 1458 culpabilis

354 1474 462 1529 erit
494 1478 663 1542 atque
696 1476 1287 1530 excommunicatione
1319 1475 1716 1545 dignissimus.

354 1562 503 1617 CAP.
538 1560 631 1615 VI.
656 1592 726 1601 —
757 1564 832 1615 De
871 1563 953 1615 his
983 1562 1078 1632 qui
1107 1563 1176 1616 ad
1228 1580 1361 1633 opus
1394 1565 1487 1617 Dei
1534 1566 1693 1619 tarde
1739 1578 2048 1624 occurrunt.

422 1652 507 1706 Ad
575 1651 779 1706 horam
839 1668 971 1707 vero
1039 1651 1316 1707 orationis
1378 1654 1512 1708 dato
1579 1654 1747 1725 signo
1827 1658 1874 1711 si
1918 1658 2051 1729 quis

352 1759 464 1797 non
500 1742 694 1797 statim
743 1742 1132 1813 pretermisso
1164 1742 1322 1797 omni
1354 1760 1521 1812 opere
1553 1745 1709 1814 quod
1741 1746 1861 1817 agit
1891 1746 2054 1817 (quia

2160 862 2365 901 omnes
2414 845 2787 915 conveniunt,
2837 844 3174 917 quicunque
3225 849 3498 915 gravatur
3548 858 3780 909 somno,
3810 846 3873 897 et

2160 936 2275 991 exit
2324 936 2499 1003 foras,
2552 953 2667 991 non
2719 952 2780 991 se
2812 936 3022 991 fabulis
3066 940 3331 1005 occupet,
3378 935 3476 990 sed
3528 933 3728 988 statim
3782 949 3874 988 re—

2159 1024 2290 1079 deat
2340 1025 2408 1079 ad
2461 1042 2610 1095 opus
2676 1025 2748 1079 ad
2815 1025 2969 1095 quod
3023 1026 3382 1080 convenitur.
3435 1024 3497 1078 In
3547 1038 3872 1093 congrege.

2160 1114 2317 1169 tione
2348 1118 2538 1168 autem
2574 1115 2699 1185 ipsa
2728 1114 2827 1168 ubi
2859 1114 3092 1184 legitur,
3131 1130 3329 1169 aurem
3354 1128 3584 1183 semper
3613 1111 3685 1165 ad
3721 1110 3872 1166 Scri-

2164 1208 2359 1273 pturas
2390 1204 2665 1273 habeant,
2700 1208 2753 1258 et
2784 1203 3079 1260 silentium
3112 1205 3421 1259 observent
3452 1216 3677 1258 omnes.

2162 1312 2314 1367 CAP.
2358 1312 2479 1367 VII.
2536 1343 2601 1351 —
2658 1314 2719 1368 Ut
2752 1312 2931 1383 frater
2980 1312 3077 1381 qui
3125 1328 3221 1379 pro
3262 1311 3511 1383 qualibet
3566 1312 3729 1377 culpa
3786 1327 3875 1364 ar-

2230 1387 2449 1456 guitur,
2478 1383 2807 1455 patientiam
2848 1385 3072 1444 habeat;
3103 1388 3154 1440 et
3184 1390 3243 1439 ut
3267 1383 3335 1438 ad
3376 1398 3621 1439 mensam
3651 1384 3874 1437 nemoto

2160 1467 2379 1528 quatur.

2236 1570 2347 1621 Hoc
2417 1566 2590 1620 etiam
2636 1566 2969 1622 addendum
3037 1566 3167 1632 fuit,
3238 1578 3297 1621 ut
3364 1566 3540 1621 frater
3598 1565 3698 1636 qui
3770 1581 3872 1634 pro

2162 1656 2420 1727 qualibet
2485 1655 2659 1726 culpa
2724 1658 2985 1726 arguitur
3062 1656 3152 1711 vel
3219 1656 3572 1727 increpatur,
3644 1658 3871 1725 patien-

2160 1748 2301 1801 tiam
2353 1746 2583 1812 baheat,
2627 1754 2685 1801 et
2717 1763 2830 1801 non
2881 1748 3227 1817 respondeat
3276 1746 3536 1817 arguenti
3571 1761 3585 1811 ;
3620 1745 3719 1799 sed
3757 1745 3870 1799 hu-

354 1831 499 1887 nihil
557 1831 801 1887 orationi
861 1833 1313 1902 praeponendum
1383 1836 1492 1903 est)
1561 1841 1792 1904 paratus
1858 1836 2050 1904 fuerit,
2087 1836 2347 1939 Bmiliat
2394 1852 2456 1891 se
2507 1836 2563 1891 in
2624 1837 2901 1892 omnibus
2950 1838 3268 1893 secundum
3331 1841 3684 1909 praeceptum
3763 1835 3874 1891 Do-

351 1923 507 1979 foras
538 1923 878 1978 excludatur
900 1923 1367 1977 confundendus.
1398 1924 1640 1993 Operam
1675 1941 1804 1981 vero
1833 1927 2052 1982 dabunt

352 2011 569 2083 singuli
630 2015 851 2080 fratres,
915 2018 978 2067 ut
1018 2020 1274 2084 tempore
1315 2030 1429 2083 quo
1482 2014 1669 2068 missae
1710 2015 1824 2085 ('26)
1881 2017 2051 2084 fiunt,

352 2102 472 2159 sive
529 2102 641 2170 die,
693 2102 811 2158 sive
861 2108 1046 2169 nocte,
1100 2104 1333 2175 quando
1370 2102 1593 2158 diutius
1626 2104 1696 2159 ad
1729 2105 2052 2162 orationem

352 2193 626 2248 standum
659 2196 748 2247 est
797 2209 910 2248 non
961 2193 1251 2261 deficiant,
1302 2193 1387 2249 vel
1441 2194 1736 2265 superfluo
1770 2196 1920 2251 foras
1965 2212 2053 2251 re-

352 2283 596 2349 cedant;
647 2282 782 2352 quia
831 2282 1114 2352 scriptum
1162 2287 1251 2337 est
1300 2282 1357 2336 in
1409 2282 1717 2345 Evangelio
1770 2300 1783 2337 :
1832 2283 2054 2354 Oportet

351 2378 536 2427 autem
566 2388 777 2443 semper
804 2386 986 2439 orare,
1036 2380 1088 2427 et
1141 2388 1251 2426 non
1281 2370 1508 2443 deﬁcere
1540 2372 1603 2426 4’.
1638 2372 1705 2427 Et
1736 2374 1847 2429 alio
1879 2374 2002 2430 loco
2038 2390 2051 2429 :

348 2461 465 2517 Non
514 2462 835 2533 impediaris
881 2478 1043 2519 orare
1078 2478 1294 2533 semper
1343 2462 1411 2517 ‘3.
1444 2464 1500 2519 Si
1537 2466 1668 2533 quis
1700 2469 1893 2520 autem
1936 2482 2049 2521 non

2166 1926 2311 1983 mini
2372 1926 2620 1981 dicentis
2663 1943 2676 1982 :
2739 1928 2877 1995 Quia
2949 1928 3089 1983 Deus
3128 1927 3433 1983 humilibus
3471 1928 3561 1981 dat
3601 1928 3870 1997 gratiam,

2162 2016 2406 2087 superbis
2449 2020 2631 2071 autem
2677 2016 2978 2072 resistit“.
3037 2020 3126 2084 Et,
3175 2018 3279 2086 Qui
3309 2033 3363 2072 se
3413 2016 3871 2071 humiliatexal-

2158 2107 2375 2162 tabitur
2426 2106 2489 2159 ⁴⁵.
2535 2106 2643 2171 Qui
2677 2123 2810 2162 vero
2840 2107 3052 2179 saepius
3084 2112 3383 2177 correptus
3416 2124 3531 2163 non
3564 2123 3624 2163 se
3656 2123 3873 2161 emen-

2164 2196 2405 2263 daverit,
2444 2195 2801 2252 novissimus
2831 2196 2890 2251 in
2941 2198 3141 2254 ordine
3191 2197 3676 2267 starejubeatur;
3712 2196 3874 2251 sicut

2164 2285 2449 2341 Dominus
2503 2284 2690 2342 dixit:
2752 2285 2835 2340 Sit
2877 2286 2983 2341 tibi
3039 2286 3181 2342 sicut
3223 2288 3471 2341 ethnicus
3511 2290 3557 2341 et
3624 2286 3877 2358 publica-

2163 2392 2268 2430 nus
2297 2376 2360 2429 “.
2394 2376 2475 2429 Ad
2511 2391 2768 2430 mensam
2818 2380 3009 2432 autem
3053 2377 3383 2449 specialiter
3417 2375 3617 2432 nullus
3653 2376 3876 2446 loqua-

2165 2472 2271 2533 tur,
2308 2466 2417 2520 nisi
2442 2464 2539 2536 qui
2572 2470 2801 2535 praeest,
2835 2467 2918 2523 vel
2942 2468 3043 2537 qui
3072 2466 3460 2539 interrogatus
3491 2466 3684 2523 fuerit.

419 2607 464 2642 ‘1
513 2607 759 2683 Philipp.
804 2612 868 2675 i1,
906 2608 992 2663 14.
1068 2607 1115 2641 ⁸³
1165 2606 1301 2663 Luc.
1352 2624 1517 2675 xvm,
1570 2611 1620 2662 1.
1696 2610 1741 2645 ⁴⁸
1790 2610 1963 2666 Eccli.
2012 2629 2047 2666 x

2235 2613 2291 2669 2.
2368 2614 2414 2647 “
2446 2614 2467 2668 Ι
2504 2618 2651 2670 Petr.
2698 2631 2753 2675 v,
2802 2614 2856 2669 5.
2936 2612 2980 2647 ⁴⁸
3031 2612 3167 2668 Luc.
3217 2628 3332 2682 xiv,
3385 2613 3471 2667 11.
3546 2613 3593 2646 ⁸⁸
3661 2612 3875 2668 Matth.

348 2693 511 2745 xvm,
540 2680 631 2735 27.

416 2804 531 2875 (26)
598 2804 784 2859 .llissse.
856 2806 1155 2879 Qrationes
1189 2808 1269 2879 Aet
1324 2805 1578 2862 collecta:
1626 2823 1753 2879 quae
1813 2808 1869 2863 in
1936 2809 2050 2865 fine

346 2891 547 2931 versus
610 2894 641 2930 a
704 2877 1000 2932 sacerdote
1060 2877 1399 2931 dicebantur
1466 2877 1657 2933 dictis
1715 2880 1915 2948 Missae,
1984 2897 2048 2936 eo

346 2949 499 3022 quod
556 2951 665 3004 Deo
723 2949 919 3022 missa
958 2950 1094 3005 sint.
1144 2950 1476 3022 Aliquando
1525 2951 1891 3022 accipiuntur
1941 2969 2045 3022 pro

345 3018 505 3077 horis
545 3021 841 3077 canonicis
890 3028 942 3076 et
990 3018 1275 3078 cursibus
1308 3018 1667 3092 nocturnisf
1702 3028 1871 3095 prout
1932 3018 2042 3079 hic.

2161 2812 2302 2868 Vide
2350 2815 2685 2869 Menardum
2736 2813 2805 2868 ad
2847 2813 3124 2868 Concord.
3174 2813 3372 2882 regul.,
3408 2828 3537 2883 pag.
3571 2812 3699 2879 331,
3744 2813 3878 2879 376,

2159 2884 2284 2951 377,
2324 2887 2419 2953 qui
2451 2886 2595 2940 alias
2639 2884 3055 2940 declarationes
3113 2884 3297 2940 ati‘ert.
3346 2883 3657 2950 Ηοιετεκη
3692 2887 3754 2940 in
3787 2887 3879 2939 tn-

2158 2954 2284 3009 dict.
2319 2956 2525 3013 dectar.
2556 2974 2609 3012 v.
2646 2957 2860 3012 MISS/ﬁ.

1181 3324 1663 3411 REGULA
1744 3326 2153 3414 TERTIA
2240 3329 2380 3416 AD
2464 3328 3032 3420 MONACOS-

829 3725 1061 3783 CAPUT
1080 3727 1125 3781 Ι.
1157 3756 1227 3767 -
1258 3726 1330 3783 De
1358 3725 1647 3783 conversis.

418 3818 563 3874 Cum
593 3815 653 3871 in
676 3816 911 3872 nomine
942 3816 1168 3873 Domini
1215 3832 1333 3873 una
1363 3832 1497 3872 cum
1530 3816 1804 3872 fratribus
1831 3817 2055 3873 nostris

293 3948 301 3956 .
346 3905 1143 3978 convenissemus,imprimis
1166 3906 1380 3979 placuit
1402 3910 1467 3962 ut
1488 3906 1689 3978 regula
1710 3910 1766 3963 et
1785 3906 2057 3963 instituta

348 3999 584 4054 Patrum
619 4013 721 4070 per
751 3997 1014 4053 ordinem
1066 3998 1401 4070 legerentur
1433 4013 1446 4052 :
1483 3997 1697 4069 quibus
1728 3997 1893 4052 lectis
1926 4000 2052 4069 pla-

347 4089 490 4158 cuit,
513 4088 561 4145 si
594 4090 664 4144 de
694 4088 907 4145 saeculo
946 4088 1079 4158 quis
1108 4089 1167 4143 in
1201 4089 1554 4144 monasterio
1576 4088 1826 4144 converti
1860 4088 2056 4144 volue-

349 4178 446 4243 rit,
480 4176 680 4248 regula
710 4177 759 4232 ei
789 4176 1107 4231 introeunti
1130 4176 1381 4248 legatur,
1413 4179 1471 4231 et
1501 4192 1707 4232 omnes
1739 4180 1902 4233 actus
1933 4193 2057 4233 mo-

348 4264 590 4321 nasterii
620 4264 701 4319 illi
731 4263 1026 4335 patefiant.
1061 4264 1221 4329 Quod
1252 4264 1301 4319 si
1326 4265 1527 4320 omnia
1548 4268 1679 4336 apte
1710 4267 2052 4337 susceperit,

351 4353 437 4409 sic
478 4352 653 4423 digne
699 4369 733 4407 a
782 4351 1057 4407 fratribus
1094 4353 1153 4407 in
1185 4351 1395 4408 cellula
1415 4353 1769 4423 suscipiatur
1798 4373 1812 4408 :
1845 4357 1972 4410 tum
2003 4356 2055 4411 si

352 4442 611 4512 aliquam
645 4440 705 4495 in
738 4439 1009 4496 cellulam
1039 4440 1279 4498 voluerit
1310 4440 1519 4497 inferre
1550 4442 1960 4513 substantiam,
1995 4445 2054 4500 in

353 4546 557 4587 mensa
582 4533 838 4603 ponatur
880 4546 1073 4587 coram
1120 4530 1395 4587 omnibus
1447 4531 1737 4602 fratribus,
1779 4533 1939 4589 velut
1969 4549 2056 4590 re-

2379 3729 2532 3785 CAP.
2568 3731 2661 3785 III.
2695 3760 2764 3770 -—
2788 3732 2862 3787 De
2886 3731 3212 3787 vestimentis
3238 3736 3663 3788 monachorum.

2236 3818 2606 3875 Vestimenta
2629 3836 2760 3877 vero
2783 3820 3064 3876 fratribus
3090 3822 3513 3877 necessariaita
3534 3822 3720 3877 abbas
3747 3839 3875 3879 om-

2164 3906 2338 3964 nibus
2364 3908 2632 3964 ordinare
2662 3910 2849 3977 debet,
2885 3927 3011 3981 qua
3043 3911 3340 3967 monachis
3361 3912 3609 3967 deceant
3642 3928 3763 3967 non
3796 3914 3882 3967 di-

2167 3999 2342 4053 versis
2375 3998 2666 4054 coloribus
2697 4000 2898 4068 tincta,
2932 4001 3184 4070 exceptis
3218 4002 3442 4057 cuculis
3472 4019 3601 4073 qua
3637 4019 3879 4074 compa-

2166 4092 2389 4156 rantur,
2439 4089 2485 4143 si
2524 4088 2734 4143 fuerint
2766 4090 2959 4161 nigrae,
3011 4091 3092 4145 uti
3125 4106 3223 4146 eas
3273 4092 3482 4147 debere
3531 4108 3879 4149 censemus.

2306 4186 2460 4243 CAP.
2496 4185 2590 4243 IV.
2624 4217 2686 4227 —
2722 4188 2785 4243 Ut
2816 4188 2973 4242 nulla
3003 4189 3203 4244 mulier
3231 4189 3299 4243 ad
3329 4193 3734 4246 monasterium

2510 4258 2594 4313 vel
2622 4276 2817 4329 agrum
2851 4261 3239 4316 monachorum
3279 4263 3517 4318 accedat.

2237 4346 2714 4403 Familiaritatem
2768 4349 3102 4417 mulierum,
3151 4355 3269 4405 tam
3318 4355 3656 4422 parentum,
3693 4368 3877 4423 quam

2165 4440 2571 4493 extranearum
2605 4455 2707 4509 pro
2755 4439 3135 4496 custodienda
3169 4442 3303 4507 vita,
3340 4441 3493 4498 248
3538 4442 3626 4497 vel
3663 4458 3881 4499 cavea-

2164 4525 2253 4581 dis
2271 4526 2497 4597 laqueis
2527 4528 2841 4594 diaboli,ab
2858 4529 3131 4586 omnibus
3161 4532 3529 4587 monasteriis
3559 4531 3650 4588 vel
3681 4532 3879 4588 cultu-

354 4621 486 4695 gula
528 4623 807 4679 continet.
860 4621 1021 4685 Quod
1071 4623 1120 4679 si
1153 4627 1459 4696 susceptus
1490 4623 1679 4693 fuerit,
1716 4639 1829 4680 non
1861 4625 2054 4681 solum
2166 4616 2246 4671 ris
2269 4617 2835 4687 monachorum;seu
2850 4619 3369 4691 frequentationem
3394 4622 3825 4677 monachorum
3849 4637 3881 4676 a

353 4713 425 4769 de
481 4712 812 4770 substantia
868 4728 1041 4785 quam
1092 4713 1313 4781 intulit,
1359 4715 1460 4771 sed
1508 4714 1682 4772 etiam
1733 4730 1837 4771 nec
1877 4715 1948 4771 de
1994 4731 2049 4772 se

2235 4708 2537 4764 onasteriis
2559 4709 2909 4781 puellarum,
2932 4710 3086 4765 sicut
3107 4711 3306 4782 regula
3328 4712 3515 4775 docet,
3534 4712 3877 4781 prohibere,

351 4802 479 4873 ipso
500 4803 571 4859 ab
604 4802 705 4859 illa
720 4802 1009 4874 judicabit
1041 4804 1200 4862 hora.
2167 4810 2495 4854 censemus.
2547 4798 2743 4869 Neque
2785 4797 2904 4854 ulla
2954 4798 3167 4856 mulier
3207 4802 3453 4857 interius
3486 4801 3712 4856 atrium
3754 4816 3880 4856 mo-

352 4894 505 4949 CAP.
549 4896 621 4951 ιι.
670 4924 742 4936 -
797 4896 863 4952 Ut
908 4895 1071 4952 abbas
1109 4896 1254 4951 nihil
1300 4898 1407 4953 sibi
1450 4901 1742 4969 proprium
1798 4896 2037 4953 vindicet
2169 4886 2408 4941 nasterii
2465 4886 2689 4959 ingredi
2746 4888 2976 4944 uideat-
3020 4891 3181 4957 ρυυά
3220 4891 3271 4945 εἰ
3319 4904 3450 4946 cum
3500 4889 3754 4946 consilio
3793 4888 3881 4945 vel

425 4983 636 5041 Abbati
682 5000 815 5041 νει-ο
881 4984 1027 5042 nulli
1078 4985 1246 5043 liceat
1284 4987 1397 5042 sibi
1458 4988 1779 5059 quidquam
1826 4986 2057 5058 ρι-ορι-ίθ
2167 4974 2463 5032 voluntate
2520 4977 2743 5034 abbatis
2799 4980 3217 5036 monasterium
3267 4979 3357 5035 vel
3402 4978 3643 5035 cellulas
3677 4995 3885 5036 mona-

352 5074 669 5143 vindicare,
720 5090 853 5130 cum
897 5075 1094 5131 omnia
1148 5075 1265 5132 Deo
1311 5077 1561 5149 propitio
1607 5078 1667 5132 in
1716 5077 1876 5133 illius
1930 5092 2059 5132 ma-
2091 5113 2135 5149 η
2169 5062 2411 5122 οδονιιῐη
2446 5067 2707 5137 quadam
2741 5068 2916 5125 fuerit
2948 5069 3231 5142 ἰοετθεεαι
3269 5070 3476 5125 merito
3510 5069 3657 5139 ίΡείι
3691 5070 3883 5125 abl)“

354 5171 532 5222 neant
580 5168 885 5237 potestate.
933 5163 994 5219 Si
1043 5164 1178 5237 quis
1209 5180 1361 5234 vero,
1413 5166 1567 5237 quod
1617 5166 1675 5220 in
1718 5166 1921 5237 regula
1954 5166 2056 5236 ju-

352 5254 618 5312 nioribus
650 5254 1006 5326 prohibetur,
1058 5254 1171 5310 sibi
1203 5254 1425 5325 aliquid
1458 5271 1528 5311 ex
1559 5256 1929 5312 successione
1960 5272 2061 5327 pa-

353 5350 608 5415 rentum,
642 5360 745 5402 seu
777 5345 1034 5417 quolibet
1064 5345 1277 5400 donato
1320 5344 1570 5400 retinere
1601 5345 2057 5418 praesumpserit,

353 5439 410 5491 et
464 5449 578 5489 non
628 5434 823 5490 omnia
868 5434 927 5489 in
968 5449 1279 5491 commune
1350 5434 1630 5504 posuerit,
1685 5451 1719 5490 a
1772 5435 2058 5492 fratribus

352 5527 647 5593 arguatur.
697 5525 753 5579 Si
800 5523 859 5579 in
907 5523 1044 5579 vitio
1077 5522 1417 5596 perstiterit,
1485 5522 1544 5579 in
1604 5524 1871 5582 notitiam
1920 5527 2042 5596 epi-

357 5614 516 5685 scopi
551 5614 835 5672 deferatur
869 5634 882 5672 :
916 5612 1015 5685 qui
1065 5616 1116 5671 si
1162 5618 1234 5674 ab
1283 5614 1553 5690 episeopo
1602 5622 1901 5690 correptus
1947 5632 2051 5674 nec

357 5705 441 5761 sic
471 5706 891 5777 emendaverit,
924 5708 1267 5778 deponatur.

2170 5160 2227 5212 et
2260 5173 2472 5213 nomen
2522 5159 2751 5216 abbatis
2800 5168 3061 5234 reponat,
3114 5166 3172 5218 et
3202 5161 3535 5217 inferiorem
3569 5177 3634 5218 se
3673 5162 3881 5218 omni-

2169 5245 2281 5303 bus
2312 5249 2665 5319 presbyteris
2697 5255 3064 5323 recognoscat
3107 5268 3121 5307 :
3153 5253 3291 5323 quia
3321 5250 3452 5308 talis
3476 5256 3685 5309 sancto
3718 5252 3879 5322 gregi

2170 5338 2429 5409 praeponi
2470 5339 2671 5409 debet,
2721 5342 2821 5412 qui
2871 5358 2970 5398 eos
3016 5342 3429 5399 immaculatos
3488 5342 3606 5399 Deo
3667 5343 3879 5399 oﬂ’ercs

2170 5431 2477 5497 procuret;
2524 5444 2639 5485 non
2679 5445 2781 5501 per
2827 5431 3118 5502 quaslibet
3163 5430 3591 5489 familiaritates
3642 5430 3876 5487 diabolo

2167 5517 2386 5574 sociare
2414 5518 2668 5579 festinet.

2164 5615 2320 5674 CAP.
2350 5616 2417 5673 V.
2466 5649 2536 5665 --
2583 5620 2661 5676 De
2715 5619 2947 5679 lectione
2995 5630 3047 5681 et
3091 5627 3404 5697 operatione
3445 5624 3869 5683 monachorum.

2240 5706 2525 5765 Matutino
2588 5709 2739 5767 dicto
2823 5712 3029 5770 fratres
3100 5712 3334 5773 lectioni
3403 5719 3611 5772 vacent
3680 5729 3870 5785 usque
