4100 6204
278 373 393 434 981

1561 378 1879 440 REGULA
1920 377 2024 437 AD
2067 379 2527 441 MONACHOS.

3690 378 3812 437 982

273 509 346 562 ad
379 507 580 564 horam
613 507 938 563 secundum
967 523 979 563 :
1016 507 1063 564 si
1095 514 1280 564 tamen
1351 509 1513 566 nulla
1556 527 1736 568 causa
1756 513 1990 568 exstite-
2020 513 2072 579 Α
2175 512 2331 568 CAP.
2360 513 2462 567 XI.
2490 543 2553 553 —
2584 513 2647 568 Ut
2680 511 2845 567 abbas
2875 527 2998 565 cum
3028 511 3302 578 fratribus
3335 509 3551 578 reﬁciat
3580 510 3732 564 omni

271 596 373 662 rit,
404 613 514 670 qua
547 611 786 653 necesse
835 598 904 654 sil
962 598 1137 655 etiam
1196 601 1582 672 praetermissa
1611 601 1856 658 lectione
1882 603 1986 657 ali-

273 686 417 758 quid
450 686 575 743 ﬁeri
607 686 666 742 in
699 703 1028 745 commune.
1064 691 1203 745 Post
1230 689 1437 746 horam
1461 691 1779 747 secundum
1805 709 1986 748 unus-

278 775 531 849 quisque
551 777 622 833 ad
672 794 818 849 opus
865 794 1033 835 suum
1081 783 1321 852 paratus
1354 779 1429 836 sit
1469 797 1649 852 usque
1679 782 1749 837 ad
1783 781 1986 837 horam

275 881 544 921 nonam:
613 867 768 938 quod
827 867 1158 938 iniunctum
1203 869 1393 940 fuerit,
1458 871 1588 926 Sine
1665 887 1984 926 murmura.

277 955 428 1012 tione
457 957 719 1029 perficiet
748 957 814 1014 ‘7.

277 1063 426 1119 CAP.
460 1064 556 1121 Vl.
591 1097 658 1106 —
688 1067 763 1123 De
794 1066 877 1123 his
905 1068 1008 1139 qui
1034 1067 1104 1124 ad
1140 1085 1273 1141 Opus
1329 1070 1428 1126 Dei
1458 1069 1622 1126 tarde
1669 1075 1981 1128 occurrunt.

343 1174 430 1228 Ad
494 1174 692 1231 horam
750 1191 881 1231 vere
947 1178 1228 1234 orationis
1277 1179 1412 1235 dato
1481 1179 1666 1251 signo,
1709 1180 1811 1251 qui
1868 1195 1983 1235 non

268 1262 468 1319 statim
519 1264 910 1335 praetermisso
969 1267 1128 1322 omni
1195 1283 1370 1339 opere
1438 1270 1590 1339 quod
1635 1269 1756 1341 agit
1823 1269 1984 1340 (quia

275 1351 422 1406 nihil
484 1353 726 1409 orationi
783 1356 1235 1426 praeponendum
1285 1359 1394 1429 est)
1425 1362 1660 1430 paratus
1695 1359 1883 1425 fuerit,
1913 1359 1984 1413 ab

273 1441 488 1498 abbate
510 1441 596 1498 vel
629 1443 940 1515 preposito
974 1446 1358 1517 corripiatur;
1390 1453 1448 1502 et
1500 1447 1615 1503 nisi
1685 1453 1982 1520 prostratu

269 1532 506 1587 veniam
538 1531 784 1602 petierit,
818 1535 1374 1590 excommunicetur.

554 1639 710 1694 CAP.
745 1639 863 1696 VIl.
895 1671 964 1680 —
996 1642 1068 1697 De
1095 1642 1314 1699 silentio
1340 1645 1409 1698 ad
1439 1661 1708 1701 mensam.

343 1727 429 1782 Ad
483 1744 743 1784 mensam
805 1735 1001 1786 autem
1061 1732 1390 1803 specialiter
1439 1734 1639 1791 nullus
1693 1735 1987 1808 loquatur,

270 1817 389 1873 nisi
422 1819 522 1889 qui
555 1828 776 1891 praeest,
807 1820 893 1876 vel
926 1821 1025 1893 qui
1057 1823 1441 1896 interrogatus
1475 1826 1665 1882 fuerit.

389 1927 537 1983 CAP.
571 1928 717 1984 VIII.
742 1960 810 1972 --
843 1932 905 2016 Ut
925 1932 997 1986 ad
1010 1936 1323 2016 necessaria
1354 1935 1654 2005 quzrenda
1686 1935 1803 1990 bini
1839 1935 1920 1991 vel

878 2008 1022 2061 terni
1054 2008 1370 2061 mittantur.

353 2089 440 2143 Ad
473 2090 799 2146 necessaria
828 2095 1141 2163 querenda
1202 2095 1260 2149 in
1289 2095 1516 2163 cellula,
1541 2095 1663 2152 bini
1684 2097 1994 2168 egredian-

283 2182 383 2233 tur
432 2178 516 2234 vel
573 2181 722 2236 terni
784 2182 1033 2238 fratres:
1068 2189 1124 2240 et
1180 2184 1258 2240 ita
1313 2184 1420 2254 illi,
1454 2186 1669 2258 quibus
1714 2187 1990 2254 creditur,

277 2284 396 2323 non
430 2268 528 2340 qui
562 2270 965 2328 verbositatem
995 2281 1093 2328 aut
1123 2274 1320 2346 gulam
1351 2280 1668 2332 sectantur.

394 2377 547 2433 CAP.
586 2381 677 2434 IX.
711 2413 780 2421 ——
814 2383 875 2439 Ut
904 2398 1177 2457 nusquam
1204 2385 1322 2438 sine
1349 2393 1620 2457 praecepto
1642 2388 1876 2442 senioris

952 2454 1327 2524 egrediantur.

355 2557 412 2612 Si
451 2558 585 2634 quis
630 2575 765 2616 vero
814 2563 976 2615 extra
1035 2559 1446 2616 conscientiam
1478 2562 1702 2617 abbatis
1732 2563 1818 2618 vel
1842 2580 1996 2634 prae-

289 2653 486 2724 positi,
535 2647 1004 2724 qualemcunque
1065 2650 1257 2706 locum
1335 2651 1657 2724 ingressus,
1703 2655 1850 2724 gulis
1908 2653 1998 2710 vel

289 2742 554 2801 ebrietati
612 2758 674 2798 se
731 2740 1072 2806 sociaverit;
1108 2744 1208 2795 aut
1251 2740 1298 2795 si
1358 2742 1416 2796 in
1487 2743 1752 2812 proximo
1812 2749 2002 2802 trans‘

289 2833 527 2901 missus,
554 2849 656 2904 pro
709 2849 812 2888 sua
847 2831 1080 2888 levitate
1122 2831 1209 2886 vel
1279 2832 1440 2904 gula,
1481 2850 1596 2889 non
1658 2837 1853 2891 statim
1915 2853 2000 2892 ex-

289 2923 483 2994 pedita
529 2920 873 2978 necessitate
929 2921 1000 2976 ad
1056 2920 1260 2977 cellam
1318 2921 1590 2987 redierit;
1644 2939 1779 2981 cum
1838 2924 1897 2980 in
1941 2925 1999 2980 id

288 3012 516 3069 facinus
546 3011 720 3067 fuerit
785 3010 1067 3077 detectus,
1102 3014 1165 3066 ut
1199 3026 1450 3067 canones
1509 3011 1738 3080 docent,
1767 3018 1868 3068 aut
1900 3014 2005 3068 tri-

2824 591 3082 654 tempore.

2172 672 2317 728 Illud
2360 690 2593 746 quoque
2639 673 2976 740 statuimus,
3029 678 3093 728 ut
3148 672 3388 728 abbates
3445 671 3605 729 omni
3661 675 3810 726 tem-

2095 779 2234 835 pore
2283 779 2416 818 cum
2469 765 2744 820 fratribus
2803 763 3117 820 reﬁciant:
3177 762 3317 834 quia
3381 777 3446 818 eo
3525 769 3807 831 tempore,

2096 867 2207 922 quo
2241 851 2445 906 fratres
2503 856 2605 906 aut
2645 869 2744 921 pro
2795 851 3150 923 negligentia
3198 866 3462 922 arguere,
3507 853 3608 904 aut
3638 848 3808 919 spiri-

2093 940 2238 995 tuali
2271 940 2482 996 debent
2529 957 2798 996 sermone
2854 943 3137 1009 imbuere,
3163 939 3384 1011 absque
3421 944 3576 994 certa
3607 952 3807 994 neces-

2096 1030 2265 1086 sitate
2295 1046 2356 1086 se
2390 1046 2680 1086 removere
2713 1047 2826 1087 non
2861 1031 3090 1086 debent.

2199 1139 2354 1195 CAP.
2388 1139 2508 1194 XII.
2541 1168 2610 1179 -—
2636 1139 2697 1195 Ut
2727 1139 2914 1193 nullus
2945 1137 3240 1193 monachus
3272 1139 3329 1192 in
3361 1137 3689 1205 inﬁrmitate

2346 1213 2554 1281 positus
2582 1215 2880 1281 parentum
2901 1209 3080 1264 studio
3111 1208 3542 1265 commendetur.

2166 1300 2225 1355 Id
2260 1299 2433 1356 etiam
2460 1316 2560 1367 pro
2592 1299 2970 1355 custodienda
3018 1299 3174 1352 fama
3220 1295 3553 1368 specialiter
3584 1295 3802 1350 statui-

2093 1406 2245 1457 mus,
2272 1395 2335 1445 ut
2365 1389 2562 1445 nullus
2596 1387 2916 1444 monachus
2967 1388 3028 1443 in
3076 1387 3419 1443 infirmitate
3467 1384 3695 1457 positus
3725 1400 3813 1440 re-

2095 1481 2231 1537 licto
2266 1479 2619 1535 monasterio
2652 1483 2955 1550 parentum
3012 1495 3253 1534 suorum
3289 1476 3486 1532 studio
3518 1490 3813 1531 commen-

2095 1570 2305 1626 detur:
2339 1571 2478 1641 quia
2510 1570 2697 1640 magis
2730 1584 2864 1624 eum
2932 1567 3299 1623 saecularium
3341 1565 3809 1638 spectaculorum

2094 1661 2220 1717 visu
2256 1666 2356 1716 aut
2386 1661 2584 1715 auditu
2649 1658 2827 1730 pollui
2884 1673 3208 1727 censemus,
3241 1674 3418 1729 quam
3470 1656 3542 1712 ab
3573 1654 3810 1726 aegritu-

2097 1752 2230 1808 dine
2264 1765 2430 1821 posse
2463 1749 2719 1820 purgari.

2313 1861 2468 1916 CAP.
2497 1861 2652 1916 XIII.
2685 1892 2754 1899 —
2785 1860 2858 1913 De
2889 1859 2972 1913 his
2993 1859 3088 1929 qui
3115 1860 3330 1925 furtum
3356 1855 3592 1926 faciunt.

2173 1951 2232 2006 Si
2265 1951 2388 2020 quis
2417 1966 2550 2006 vero
2586 1949 2904 2004 monachus
2935 1949 3154 2002 furtum
3177 1945 3394 2012 fecerit,
3428 1943 3581 2016 quod
3617 1943 3808 2013 potius

2102 2041 2468 2112 sacrilegium
2489 2040 2601 2094 dici
2635 2044 2845 2110 potest,
2878 2037 2936 2093 id
2990 2036 3328 2092 censuimus
3369 2031 3758 2088 ordinandum
3795 2048 3809 2099 ;

2104 2139 2164 2186 ut
2190 2129 2387 2201 junior
2417 2130 2596 2199 virgis
2629 2144 2811 2183 casus
2846 2127 2988 2182 tanti
3037 2123 3304 2180 criminis
3344 2139 3478 2178 reus
3509 2134 3810 2190 nunquam

2105 2221 2360 2277 ofﬁcium
2395 2218 2698 2275 clericatus
2738 2217 2988 2287 excipiat
3022 2233 3036 2284 ;
3067 2215 3116 2271 si
3148 2231 3280 2270 vero
3319 2214 3444 2284 jam
3478 2211 3721 2268 clericus
3751 2211 3810 2265 in

2104 2312 2160 2367 id
2185 2312 2405 2366 facinus
2454 2310 2622 2366 fuerit
2655 2308 3077 2380 deprehensus,
3109 2305 3365 2362 nominis
3396 2303 3584 2375 ipsius
3616 2300 3819 2373 digni—

2107 2404 2220 2456 tate
2247 2401 2498 2471 privetur
2539 2416 2552 2453 :
2588 2399 2680 2454 cui
2713 2399 2978 2454 sufficere
3011 2401 3198 2468 potest
3230 2412 3331 2465 pro
3364 2398 3527 2448 actus
3551 2391 3642 2447 sui
3684 2389 3821 2446 levi-

2106 2495 2248 2557 tate,
2273 2489 2513 2561 impleta
2545 2488 2894 2559 poenitentiae
2935 2485 3348 2550 satisfactione,
3388 2480 3742 2538 communio.

2107 2601 2259 2660 CAP.
2294 2599 2441 2656 XIV.
2472 2629 2542 2641 ——
2575 2600 2637 2655 Ut
2669 2598 2856 2652 nullus
2885 2594 3120 2652 alterius
3142 2591 3473 2649 monasterii
3498 2589 3826 2646 monachum

2500 2670 2623 2726 sine
2643 2672 2914 2738 permissu
2935 2667 3150 2723 abbatis
3182 2665 3467 2736 suscipiat.

2183 2763 2530 2821 Monachum
2583 2760 2697 2817 nisi
2757 2758 2985 2815 abbatis
3016 2757 3107 2814 sui
3155 2759 3256 2812 aut
3287 2754 3574 2827 permissu
3612 2756 3826 2808 autvo-

2111 2856 2333 2911 luntate
2362 2853 2436 2908 ad
2467 2851 2623 2907 aliud
2658 2851 3075 2906 monasterium
3107 2845 3606 2918 commigrentem,
3627 2840 3828 2898 nullus

2113 2946 2294 3001 abbas
2316 2947 2417 2998 aut
2447 2941 2740 3012 suscipere
2771 2944 2869 2995 aut
2917 2941 3162 2995 retinere
3209 2938 3540 3007 presumat.
3573 2929 3739 2996 Quod
3771 2929 3823 2985 si

2116 3034 2187 3090 ad
2209 3032 2627 3088 districtiorem
2659 3028 2921 3101 regulam
2955 3043 3070 3082 non
3122 3042 3222 3098 pro
3267 3034 3434 3080 actus
3464 3022 3553 3078 sui
3586 3020 3827 3076 levitate

286 3103 451 3174 ginta
496 3100 704 3156 diebus
751 3116 786 3155 a
832 3100 1244 3158 communione
1300 3106 1622 3173 separetur,
1674 3107 1775 3158 aut
1829 3103 1993 3177 virgis

2160 3123 2448 3178 ludentem
2508 3121 2686 3176 abbas
2733 3100 2876 3175 suus
2932 3116 3125 3186 ipsum
3161 3113 3232 3170 ad
3255 3114 3506 3168 alterum
3540 3113 3831 3166 monaste-

289 3207 476 3250 caesus
496 3192 854 3248 emendetur.

2119 3212 2272 3268 rium
2311 3210 2556 3266 transire
2586 3206 2932 3280 permiserit,
2955 3209 3021 3260 ut
3050 3203 3182 3259 inde
3214 3206 3413 3274 postea
3461 3200 3571 3256 sub
3632 3197 3827 3269 aliqua

415 3299 572 3357 CAP.
603 3301 678 3357 Χ.
708 3331 780 3341 -
800 3300 872 3356 De
892 3299 977 3356 his
1003 3303 1096 3372 qui
1121 3301 1186 3357 de
1213 3303 1547 3361 monasterio
1567 3305 1722 3361 exire
1747 3306 2004 3363 voluerit.
2042 3287 2094 3354 Ο
2123 3303 2425 3363 occasione
2454 3299 2687 3373 aggredi
2720 3299 3056 3372 praesumat,
3088 3292 3251 3350 nulla
3280 3292 3502 3348 ratione
3533 3288 3830 3363 permitti-

366 3391 532 3456 Quod
564 3391 614 3448 si
663 3407 804 3448 casu
863 3392 997 3462 quis
1054 3392 1225 3449 frater
1291 3394 1360 3450 de
1406 3393 1616 3451 cellula
1646 3412 1714 3452 ex
1746 3397 2009 3468 qualibet
2119 3410 2276 3450 mus.
2299 3397 2448 3449 Sane
2464 3392 2515 3448 si
2546 3393 2678 3462 quis
2710 3393 2840 3463 post
2867 3389 3020 3444 hanc
3040 3382 3552 3457 diligentissimam
3576 3378 3828 3438 sanctio-

293 3479 558 3539 scandali
626 3496 804 3538 causa
842 3481 998 3538 exire
1045 3482 1310 3551 voluerit,
1367 3483 1515 3540 nihil
1588 3486 1820 3558 penitus
1884 3486 2000 3543 nisi

293 3569 682 3642 nugalissimo
756 3571 866 3640 (27)
933 3570 1211 3628 induatur
1273 3574 1638 3645 vestimento,
1715 3580 1772 3633 et
1844 3579 2005 3634 extra

298 3659 775 3718 communionem
807 3660 1062 3719 inﬁdelis
1083 3662 1366 3721 discedat.

376 3833 420 3868 ⁸⁷
459 3831 708 3905 Philipp.
750 3849 812 3901 ιι,
856 3831 943 3889 14.

378 4009 494 4082 (27)
523 4008 905 4082 Nugalissimo.
956 4007 1017 4062 ld
1067 4009 1169 4082 est
1213 4007 1368 4082 quod
1424 4006 1604 4082 risum
1659 4012 1881 4082 moveat
1913 4022 2008 4062 oc-

292 4077 689 4150 currentibus,
740 4080 1075 4151 interprete.
1132 4077 1370 4150 Canglo,
1431 4079 1740 4151 quiihunc
1810 4078 2005 4151 ipsum

289 4156 502 4211 recitat
531 4154 591 4209 in
642 4150 990 4209 Glossar.’v.
1046 4150 1503 4222 Nugalissimus.
1555 4150 1766 4206 Eodem
1830 4150 2005 4206 sensu

288 4225 703 4300 accipiendum
731 4222 1144 4282 notatissimum
1193 4225 1598 4293 vestimentum,
1631 4223 1800 4294 cujus
1836 4237 2006 4279 men-

2112 3499 2246 3539 nem
2279 3498 2394 3539 non
2423 3482 2727 3537 observare
2755 3495 2882 3551 quas
2913 3480 3052 3534 sunt
3104 3470 3371 3544 superius
3409 3468 3830 3542 comprehensa

2116 3571 2575 3647 presumpserit,
2634 3587 2795 3628 reum
2853 3583 2916 3625 se
2960 3564 3288 3624 divinitatis
3345 3563 3562 3636 pariter
3611 3567 3667 3618 et
3713 3559 3831 3614 fra-

2118 3663 2410 3721 ternitatis
2437 3662 2661 3734 judicio
2693 3662 2955 3716 futurum
2988 3672 3118 3715 esse
3148 3658 3486 3728 cognoscat.

2117 4005 2198 4060 tio
2255 4004 2313 4059 in
2369 4001 2668 4073 superiore
2716 3998 2913 4069 regula
2973 4000 3030 4054 S.
3067 3998 3302 4054 Macarii
3353 4013 3480 4073 cap.
3540 3995 3632 4063 28,
3678 3997 3828 4073 quod

2117 4065 2462 4203 qustenius'
2500 4065 2940 4143 interpretatur,
2973 4073 3132 4142 parvi
3185 4065 3450 4126 momenti
3503 4083 3564 4122 ac
3619 4065 3833 4120 nullius

2116 4165 2184 4204 va
2209 4163 2337 4203 om.
