4100 6204
307 320 423 381 983

1636 322 1943 384 REGULA
1993 319 2492 383 ORIENTALIS.

3710 321 3851 380 984

1199 613 1853 772 BEGULA
1955 613 2939 771 ORIENTALIS

1082 868 1181 927 EX
1254 868 1578 929 PATRUM

1656 867 2169 929 ORIEN'I‘ALUM
2248 867 2575 928 REGULIS
2648 865 3051 926 COLLECTA

1461 1045 1515 1121 Λ
1600 1035 2045 1125 VIGILIO
2128 1035 2673 1123 DIACONO.

368 1416 517 1471 249
563 1418 600 1471 Ι.
636 1416 707 1470 Ut
740 1432 923 1487 neque
968 1417 1221 1472 seniores
1270 1417 1331 1471 in
1412 1418 1681 1485 regendis
1739 1416 2021 1471 fratribus
2052 1422 2100 1483 Α
2134 1416 2337 1472 fratres
2370 1416 2817 1487 intemperantia
2856 1414 3016 1470 illius
3056 1415 3336 1469 laborent.
3372 1413 3499 1469 Haec
3558 1415 3839 1470 observa-

300 1506 546 1560 inaniter
596 1505 880 1575 laborent,
932 1523 1115 1577 neque
1174 1506 1483 1577 disciplina
1543 1506 1850 1576 juniorum
1910 1523 2008 1559 va-

296 1594 471 1660 cillet,
505 1612 630 1667 quis
663 1597 894 1651 abbatis
944 1597 1380 1653 conversatione
1407 1596 1666 1651 stabilita
1700 1599 1869 1651 tirma
1910 1596 2004 1661 sit,

294 1690 517 1756 oportet
566 1687 836 1742 abbatem
896 1687 1465 1760 irreprehensibilem
1536 1704 1685 1757 esse,
1716 1702 2005 1752 severum,

291 1776 630 1847 patientem,
664 1778 952 1848 jejunum,
984 1780 1170 1851 pium,
1196 1779 1477 1834 humilem
1514 1796 1527 1835 :
1563 1790 1626 1834 ut
1666 1779 1920 1834 doctoris
1951 1780 2009 1831 et

290 1867 469 1936 patris
528 1868 719 1923 locum
775 1870 1035 1941 impleat,
1061 1888 1122 1926 se
1185 1871 1376 1941 ipsum
1436 1872 1683 1926 formam
1743 1870 2007 1940 praebens

288 1956 571 2013 bonorum
604 1975 846 2030 operum
879 1961 947 2015 ⁸⁸.
990 1962 1074 2016 Ad
1125 1960 1295 2031 cujus
1345 1962 1773 2017 ordinationem
1806 1977 2008 2015 omnes

290 2046 494 2103 fratres
544 2050 877 2121 respiciant,
911 2050 1055 2105 nihil
1126 2050 1252 2106 sine
1300 2052 1542 2107 consilio
1593 2050 2010 2107 etauctoritate

288 2135 475 2206 ipsius
534 2139 829 2195 facientes.
881 2141 986 2205 Qui
1031 2142 1331 2196 sustinens
1379 2141 1716 2197 monasterii
1757 2140 2007 2197 necessi-

290 2231 459 2295 tates,
511 2229 580 2285 de
624 2231 901 2286 omnibus
960 2249 1089 2301 quae
1140 2232 1197 2285 in
1258 2232 1612 2287 monasterio
1644 2236 1785 2286 sunt
1829 2231 2010 2286 libere

287 2316 612 2385 iudicabit;
654 2320 874 2375 nullius
906 2336 1213 2392 personam
1258 2322 1573 2392 accipiens,
1608 2338 1711 2376 nec
1744 2321 1845 2377 ulli
1874 2338 2007 2393 gra-

291 2404 428 2462 tiam
455 2412 777 2479 prrestans;
812 2411 909 2465 sed
971 2428 1455 2482 unumquemque
1505 2411 1826 2467 secundum
1886 2426 2009 2465 me-

286 2496 394 2551 rita
416 2498 768 2568 quotidianae
815 2501 1273 2557 conversationis
1324 2502 1383 2557 in
1432 2500 1669 2556 veritate
1709 2499 2007 2569 judicans,

287 2588 617 2658 admoneat,
650 2589 935 2661 hortetur,
981 2591 1242 2662 castiget,
1306 2592 1652 2645 condemnet
1687 2605 1699 2643 :
1735 2589 1823 2645 vel
1883 2604 2009 2643 sus-

290 2679 485 2749 cipiat,
520 2684 575 2735 et
620 2683 700 2736 ita
764 2681 905 2737 utile
959 2682 1207 2747 videtur,
1233 2682 1527 2737 venientes
1578 2681 1649 2735 ad
1718 2683 2007 2735 monaste-
2037 2697 2081 2761 Β

285 2769 476 2837 rium;
512 2770 595 2826 vel
646 2771 858 2841 ejiciat,
892 2772 941 2828 si
996 2772 1080 2828 ita
1138 2772 1445 2827 necessitas
1496 2771 1689 2837 fuerit,
1724 2770 1875 2825 male
1899 2769 1999 2824 ba-

286 2858 564 2916 bitantes.

360 3004 433 3061 II.
468 3005 529 3060 In
562 3006 934 3075 monasterio,
975 3007 1234 3063 seniores
1286 3007 1404 3062 sint
1463 3008 1599 3075 duo,
1634 3007 1702 3061 ad
1735 3022 1881 3076 quos
1912 3003 2000 3059 vel

289 3099 574 3163 praesente
631 3094 837 3151 abbate
885 3095 971 3150 vel
1039 3096 1279 3151 absente
1324 3096 1585 3150 omnium
1632 3096 1874 3148 fratrum
1909 3092 1997 3146 di-

286 3184 558 3256 sciplina,
592 3190 648 3240 et
677 3186 869 3242 omnis
920 3204 1061 3241 cura
1109 3186 1445 3242 monasterii
1490 3186 1774 3255 pertineat
1806 3201 1817 3239 :
1854 3183 1999 3238 dan-

285 3279 373 3329 tes
403 3275 511 3329 sibi
534 3275 688 3331 vices
722 3293 822 3346 per
853 3276 999 3344 dies,
1034 3280 1090 3331 et
1133 3276 1455 3330 dividentes
1496 3274 1649 3328 inter
1678 3289 1739 3328 se
1772 3274 1998 3343 pondus

287 3380 352 3420 ac
377 3366 778 3421 necessitatem
839 3366 1178 3421 monasterii
1213 3384 1227 3433 ;
1288 3380 1355 3418 ex
1413 3363 1631 3435 quibus
1672 3380 1823 3417 unus
1856 3367 1997 3417 tem-

286 3468 425 3522 pore
483 3471 587 3509 suo
638 3471 896 3524 praesens
947 3455 1006 3509 in
1066 3454 1419 3509 monasterio
1475 3469 1705 3525 semper
1762 3452 1887 3519 erit,
1924 3453 1993 3506 ad

285 3544 680 3609 praestandum
748 3545 946 3599 abbati
997 3544 1294 3611 solatium,
1319 3543 1406 3599 vel
1436 3543 1783 3614 obsequium
1818 3542 1998 3598 adve-

284 3630 579 3687 nientibus
614 3633 890 3689 fratribus
922 3649 935 3700 ;
969 3638 1025 3689 et
1055 3634 1128 3689 ad
1177 3635 1601 3705 procedendum
1646 3633 1743 3688 ubi
1796 3649 1996 3689 neces-

284 3721 428 3778 sitas
487 3726 816 3781 communis
867 3726 1135 3796 exegerit,
1187 3731 1360 3796 atque
1426 3725 1786 3797 diligentiam
1846 3725 1997 3780 circa

278 3812 472 3868 omnia
531 3830 657 3885 quas
710 3816 781 3870 ad
816 3816 1218 3887 quotidianam
1260 3816 1585 3870 custodiam
1608 3819 1664 3870 et
1692 3832 1996 3870 conversa-

284 3902 497 3961 tionem
530 3908 867 3963 monasterii
927 3910 1220 3979 pertinent
1279 3908 1672 3964 adhibendam
1707 3925 1719 3964 :
1758 3912 1822 3963 ut
1844 3924 1997 3978 quae-

2115 1506 2200 1559 bit
2230 1506 2422 1561 senior
2472 1505 2815 1560 monasterii
2852 1506 2950 1577 qui
3006 1503 3283 1559 fratribus
3316 1506 3665 1575 praepositus
3711 1509 3832 1573 est,

2116 1598 2371 1653 referens
2432 1596 2505 1651 ad
2554 1597 2821 1652 abbatem
2878 1596 3093 1662 omnia,
3127 1594 3217 1650 vel
3269 1594 3554 1667 praecipue
3575 1596 3675 1652 illa
3704 1613 3837 1668 quas

2116 1704 2214 1757 per
2244 1703 2305 1743 se
2337 1704 2452 1742 non
2484 1686 2727 1742 valuerit
2754 1686 3062 1757 explicare.

2191 1820 2282 1876 IV.
2305 1821 2779 1877 Commendatum
2820 1820 3055 1891 aliquod
3096 1818 3269 1875 etiam
3300 1837 3332 1875 a
3361 1836 3636 1891 germano
3665 1820 3844 1876 fratre

2117 1910 2313 1965 nullus
2340 1911 2586 1982 accipiat
2619 1928 2630 1965 :
2668 1909 2813 1965 nihil
2847 1910 2907 1965 in
2936 1908 3078 1965 cella
3128 1926 3234 1965 sua
3283 1910 3499 1981 absque
3532 1909 3835 1981 praepositi

2112 2000 2375 2071 jussione
2398 2000 2691 2071 quispiam
2716 1998 2946 2069 habeat,
2972 2015 3044 2053 ne
3068 2014 3240 2071 poma
3263 1998 3501 2071 quidem
3522 2000 3836 2067 vilissima,

2116 2096 2172 2147 et
2204 2099 2404 2146 caetera
2438 2090 2867 2161 hujuscemodi.

2188 2218 2257 2275 V.
2287 2219 2605 2287 Operantes
2627 2233 2758 2272 vero
2778 2218 2986 2272 fratres
3008 2216 3155 2271 nihil
3182 2216 3502 2288 loquantur
3517 2217 3839 2273 saeculare:

2117 2312 2218 2365 sed
2277 2314 2376 2364 aut
2428 2308 2777 2365 meditentur
2824 2324 2893 2365 ea
2940 2324 3067 2380 qua
3129 2313 3333 2365 sancta
3357 2312 3513 2377 sunt,
3545 2312 3643 2363 aut
3672 2314 3841 2365 certe

2119 2400 2401 2456 silebunt.

2188 2526 2279 2582 VI.
2316 2526 2423 2592 Qui
2448 2530 2641 2582 autem
2667 2527 2961 2599 coquinat,
2979 2529 3291 2598 antequam
3315 2526 3520 2582 fratres
3543 2526 3835 2593 reficiant,

2118 2633 2233 2671 non
2264 2616 2522 2687 gustabit
2555 2617 2900 2688 quidquam.

2185 2741 2305 2797 VII.
2338 2744 2517 2799 Nemo
2548 2743 2607 2799 in
2640 2744 2787 2800 cella
2830 2748 2930 2799 aut
2969 2744 3028 2799 in
3059 2744 3229 2801 domo
3264 2762 3373 2801 sua
3402 2744 3612 2801 habeat
3640 2744 3831 2816 quid-

2111 2850 2287 2905 quam
2330 2840 2536 2905 praater
2567 2851 2635 2891 ea
2672 2851 2796 2905 quas
2844 2835 2905 2891 in
2956 2836 3257 2892 communi
3305 2834 3647 2891 monasterii
3693 2834 3830 2906 lege

2114 2929 2403 2995 praecepta
2436 2928 2595 2982 sunt.

2179 3052 2328 3109 VIII.
2389 3053 2649 3124 Cumque
2706 3053 2776 3108 ad
2821 3054 3227 3110 dormiendum
3284 3070 3345 3111 se
3394 3053 3827 3123 collocaverint,

2106 3142 2250 3197 alter
2272 3142 2434 3197 alteri
2477 3160 2591 3198 non
2648 3142 2937 3213 loquatur.
2969 3144 3189 3200 Cellam
3226 3144 3489 3211 alterius,
3521 3145 3639 3200 nisi
3664 3145 3827 3216 prius

2103 3235 2173 3291 ad
2206 3235 2420 3289 ostium
2446 3234 2748 3304 percutiat,
2793 3234 3032 3290 introire
3063 3251 3178 3290 non
3211 3236 3440 3290 audeat.

2178 3360 2266 3414 IX.
2329 3359 2554 3415 Mutare
2611 3359 2682 3414 de
2744 3359 2833 3415 his
2882 3378 3009 3431 quae
3070 3377 3103 3415 a
3162 3360 3462 3432 praeposito
3529 3358 3823 3430 acceperit

2104 3464 2236 3502 cum
2295 3449 2474 3503 altero
2535 3465 2651 3503 non
2712 3449 2967 3504 audebit.
3022 3450 3137 3505 Nec
3186 3450 3441 3521 accipiut
3494 3447 3733 3514 melius,
3765 3452 3825 3503 et

2105 3537 2268 3593 dabit
2298 3538 2592 3605 deterius;
2628 3544 2731 3594 aut
2753 3556 2783 3595 e
2816 3540 3104 3595 contrario
3164 3540 3311 3595 dans
3370 3538 3582 3595 melius
3626 3542 3687 3593 et
3719 3539 3827 3592 de-

2104 3628 2287 3683 terius
2311 3629 2631 3699 acciptens.
2664 3630 2843 3685 Nemo
2876 3630 2948 3685 ab
2982 3630 3163 3685 altero
3206 3629 3455 3701 accipiat
3486 3627 3827 3700 quidpiam,

2104 3716 2217 3772 nisi
2253 3719 2598 3789 praepositus
2632 3718 2891 3789 jusserit.

2177 3842 2244 3898 Χ.
2276 3843 2485 3899 Clausa
2533 3844 2679 3899 cella
2727 3843 2925 3899 nullus
2982 3844 3279 3913 dormiat;
3339 3860 3443 3901 nec
3482 3844 3698 3900 habeat
3727 3860 3825 3897 cu-

2106 3930 2368 3988 biculum
2391 3934 2543 4005 quod
2569 3933 2759 3988 claudi
2790 3933 2977 4005 possit
3009 3950 3023 3989 :
3056 3934 3164 3991 nisi
3206 3936 3351 3991 forte
3382 3935 3537 3991 aetati
3569 3934 3826 4004 alicujus

280 4009 509 4069 cunque
541 4000 609 4053 ad
644 4001 993 4073 obsequium
1028 4017 1317 4075 usumque
1357 4003 1694 4060 monasterii
1731 4000 1992 4057 facienda

2180 4019 2195 4074 1
2228 4022 2555 4077 inﬁrmitati
2576 4023 2743 4077 Pater
2775 4023 3118 4079 monasterii
3148 4024 3460 4080 concessit.

280 4094 437 4154 sunt,
467 4088 592 4144 sine
624 4090 971 4161 negligentia
1002 4097 1059 4148 et
1106 4094 1342 4164 querela
1385 4095 1619 4149 faciant.
1664 4092 1827 4147 Alius
1858 4106 1991 4146 cum

281 4175 559 4233 fratribus
603 4181 733 4244 erit,
769 4186 1029 4253 tempore
1100 4200 1207 4239 suo
1246 4184 1504 4239 exiturus
1559 4200 1690 4239 cum
1733 4183 1879 4254 ipsis
1919 4183 1989 4237 ad

279 4266 477 4320 omnia
498 4284 673 4338 opera
704 4273 759 4324 et
809 4288 1042 4326 omnem
1097 4273 1526 4337 necessitatem,
1581 4274 1889 4343 providens
1921 4287 1992 4327 ne

279 4356 419 4426 quid
478 4362 680 4413 contra
725 4360 1099 4431 disciplinam
1160 4362 1393 4418 faciant.
1455 4364 1561 4426 Qui
1620 4363 1991 4419 considerans

277 4460 481 4501 omnes
556 4454 717 4503 actus
780 4449 1175 4521 singulorum,
1245 4452 1293 4506 si
1372 4468 1487 4522 qua
1553 4456 1753 4508 contra
1801 4454 1988 4508 ratio-

274 4550 409 4680 ne:
473 4536 624 4593 facta
680 4538 908 4608 viderit,
942 4539 1029 4595 vel
1070 4557 1173 4612 per
1231 4556 1292 4597 se
1349 4544 1636 4612 emendet,
1670 4542 1760 4601 vel
1793 4542 1988 4599 abbati

274 4640 332 4679 in
381 4624 510 4680 icet.

271 4624 510 4683 indicet.

342 4754 441 4809 III.
477 4754 575 4811 Ille
626 4771 759 4813 vero
805 4759 906 4829 qui
958 4762 1282 4818 secundum
1322 4762 1586 4818 ordinem
1666 4759 1985 4827 disciplina:

278 4844 643 4901 ordinatione
672 4847 902 4905 abbatis
928 4866 997 4905 ex
1026 4852 1270 4908 consilio
1309 4856 1365 4907 et
1392 4852 1690 4907 voluntate
1720 4850 1985 4905 omnium

271 4934 516 4989 fratrum
577 4936 852 4993 fratribus
917 4941 1265 5012 praepositus
1324 4944 1434 5007 est,
1494 4955 1727 4995 omnem
1794 4938 1864 4993 ad
1926 4955 1986 4994 se

265 5041 462 5082 curam
520 5026 589 5083 de
648 5028 959 5101 disciplina
1002 5033 1247 5086 fratrum
1300 5036 1357 5085 et
1386 5030 1747 5103 diligentiam
1782 5047 1985 5086 mona-

266 5117 423 5171 sterii
453 5117 773 5187 revocabit;
812 5118 1030 5174 habens
1063 5123 1407 5191 potestatem
1476 5121 1685 5176 abbate
1742 5122 1983 5176 absente

262 5202 731 5262 faciendiomnia
762 5223 887 5277 qum
930 5208 1110 5263 abbas
1162 5225 1420 5279 praesens
1456 5210 1614 5266 facit.
1651 5210 1751 5266 Ille
1782 5215 1976 5265 autem

264 5295 623 5363 patientiam,
674 5299 1206 5365 mansuetudinem,
1272 5299 1687 5369 humilitatem,
1732 5302 1985 5357 charita-

261 5382 401 5451 tem,
434 5387 782 5458 aequitatem,
809 5389 934 5445 sine
991 5404 1369 5461 personarum
1420 5393 1756 5463 acceptione
1779 5409 1975 5448 serva-

2180 4150 2278 4205 ΧΙ.
2313 4150 2492 4205 Nemo
2524 4168 2558 4206 a
2593 4154 2749 4207 terra
2778 4155 2965 4208 solvat
3024 4151 3352 4209 funiculum
3419 4152 3637 4222 absque
3693 4153 3833 4221 jus-

2106 4238 2269 4293 sione
2314 4242 2518 4311 patris.
2570 4240 2675 4304 Qui
2726 4241 2785 4297 in
2847 4242 3203 4297 monasterio
3240 4244 3485 4297 fratrum
3533 4241 3831 4297 invenerit

2106 4328 2449 4398 quidquam,
2475 4331 2817 4401 suspendat,
2844 4336 2905 4387 ut
2934 4331 3094 4387 tollat
3125 4332 3225 4404 qui
3257 4332 3603 4405 cognoverit.

2172 4454 2301 4508 XII.
2334 4455 2417 4509 Ad
2478 4454 2774 4513 collectam
2837 4462 2893 4515 et
2932 4459 3002 4513 ad
3054 4458 3423 4530 psallendum
3480 4458 3682 4514 nullus
3704 4459 3820 4515 sibi

2102 4545 2471 4601 occasionem
2533 4546 2813 4617 inveniat,
2874 4549 3088 4619 quibus
3146 4565 3205 4604 se
3264 4550 3418 4604 dicat
3465 4555 3822 4621 occupatum

2101 4634 2264 4706 quasi
2325 4634 2409 4691 ire
2470 4653 2585 4691 non
2636 4639 2836 4708 possit.
2871 4639 2939 4693 Et
2990 4638 3037 4693 si
3088 4638 3147 4693 in
3208 4639 3582 4705 monasterio,
3621 4640 3709 4694 vel
3760 4641 3824 4695 in

2100 4738 2258 4793 agro,
2319 4728 2421 4779 aut
2474 4723 2533 4778 in
2597 4722 2825 4792 itinere,
2886 4729 2986 4780 aut
3046 4726 3105 4781 in
3182 4726 3445 4797 quolibet
3491 4725 3825 4782 ministerio

2099 4813 2289 4878 fuerit,
2380 4813 2586 4869 orandi
2647 4819 2704 4870 et
2769 4815 3056 4886 psallendi
3127 4820 3361 4889 tempus
3414 4832 3530 4873 non
3581 4821 3824 4889 praeter-

2103 4903 2320 4958 mittat.

2165 5032 2320 5087 XIII.
2354 5033 2461 5096 Qui
2511 5033 2773 5090 minister
2831 5039 2935 5103 est,
2972 5036 3188 5093 habeat
3228 5038 3492 5094 studium
3560 5054 3632 5094 ne
3670 5038 3824 5111 quid

2096 5121 2287 5192 operis
2346 5126 2543 5192 pereat
2600 5122 2661 5177 in
2694 5126 3060 5182 monasterio.
3088 5127 3147 5182 In
3183 5127 3583 5200 qualicunque
3614 5128 3827 5184 omni—

2092 5228 2163 5266 no
2198 5218 2316 5266 arte
2376 5226 2501 5281 quae
2552 5218 2850 5269 exercetur
2880 5232 2913 5269 a
2955 5216 3259 5283 fratribus,
3295 5218 3339 5272 si
3373 5218 3511 5289 quid
3547 5218 3823 5289 perierit,

2094 5308 2148 5358 et
2206 5317 2305 5371 per
2350 5300 2756 5373 negligentiam
2835 5306 3010 5361 fuerit
3076 5307 3450 5378 dissipatum,
3484 5308 3827 5379 increpetur

2096 5410 2129 5446 a
2158 5391 2325 5445 Patre
2375 5392 2643 5446 minister
2702 5408 2938 5464 Operum
2974 5412 2987 5451 :
3021 5400 3079 5452 et
3128 5396 3249 5467 ipse
3312 5397 3518 5452 iterum
3548 5395 3821 5467 increpet

261 5470 477 5543 bit;ita
497 5490 693 5547 agens,
730 5483 795 5536 ut
851 5494 956 5536 nec
1013 5479 1205 5537 abbati
1264 5480 1506 5539 taedium
1565 5487 1819 5554 generet,
1873 5499 1977 5540 nec
2087 5480 2288 5551 alium,
2341 5480 2441 5552 qui
2488 5497 2633 5553 opus
2678 5485 3027 5555 perdiderit;
3062 5485 3348 5544 duntaxat
3399 5487 3569 5557 juxta
3599 5485 3826 5545 volun-

352 5654 398 5691 ⁸³
436 5652 551 5712 Tit.
594 5670 661 5729 ιι,
698 5655 753 5711 7.
