4076 6206
226 339 342 398 985

1561 327 1881 390 REGULA
1925 329 2415 391 ORIENTALIS.

3638 334 3757 396 986

226 473 405 528 tatem
439 470 498 525 et
527 462 955 538 praescientiam
1005 461 1304 533 principis,
1327 460 1546 533 absque
1576 476 1694 532 quo
1738 461 1942 518 nullus
1975 469 2024 534 Α
2055 479 2223 518 suam
2252 467 2485 533 propter
2524 459 2931 515 verecundiam
2965 478 2977 512 :
3005 476 3076 516 ne
3125 461 3397 532 respiciat
3428 431 3606 536 dapes
3636 465 3759 524 lau-

224 557 567 631 increpandi
597 557 833 612 fratrem
865 551 1102 608 habebit
1131 555 1491 624 potestatem.

296 687 448 742 XIV.
481 683 538 739 Si
596 683 865 738 inventus
924 679 1096 734 fuerit
1146 695 1299 735 unus
1402 693 1431 732 e
1528 677 1805 734 fratribus
1829 678 1933 734 ali-

221 776 368 849 quid
393 789 492 846 per
524 769 953 828 contentionem
1009 784 1208 838 agens,
1237 767 1324 823 vel
1369 765 1774 822 contradicens
1808 784 1931 822 ma-

214 864 368 936 joris
398 861 669 933 imperio,
694 856 1088 931 increpabitur
1129 858 1296 928 juxta
1356 873 1690 913 mensuram
1715 857 1934 929 peccati

222 953 341 1011 sui.

297 1077 424 1136 XV.
469 1077 578 1142 Qui
616 1073 914 1142 mentitur,
964 1076 1066 1130 aut
1123 1073 1256 1128 odio
1314 1089 1665 1145 quemquam
1725 1073 1938 1129 habere

223 1170 406 1228 fuerit
463 1167 890 1240 deprehensus,
923 1169 1026 1221 aut
1082 1163 1447 1230 inobediens,
1478 1171 1575 1219 aut
1635 1163 1768 1235 plus
1805 1165 1938 1234 joco

226 1277 408 1333 quam
448 1260 766 1316 honestum
802 1259 892 1312 est
947 1254 1200 1321 deditus,
1235 1260 1337 1310 aut
1385 1255 1628 1322 otiosus,
1665 1258 1767 1309 aut
1797 1255 1940 1308 dure

224 1349 616 1423 respondens,
659 1350 763 1403 aut
817 1343 1040 1401 habens
1099 1344 1586 1400 consuetudinem
1661 1344 1939 1399 fratribus

225 1437 592 1504 detrahendi,
626 1435 713 1492 vel
765 1435 860 1490 his
908 1435 1008 1506 qui
1041 1433 1180 1490 foris
1213 1445 1349 1489 sunt
1373 1450 1388 1502 ;
1412 1439 1470 1489 et
1492 1435 1730 1488 omnino
1762 1434 1941 1504 quid-

224 1528 371 1603 quid
425 1532 624 1584 contra
653 1524 912 1597 regulam
961 1523 1394 1596 Scripturarum
1447 1528 1532 1578 est
1562 1529 1619 1579 et
1647 1528 1938 1579 monasteo

224 1620 301 1675 rii
333 1617 734 1690 disciplinam,
767 1619 822 1670 et
880 1613 1130 1670 audierit
1189 1613 1356 1668 Pater
1413 1612 1776 1682 monasterii,
1808 1613 1939 1668 vin-

222 1709 632 1779 dicabitjuxta
657 1719 994 1762 mensuram
1025 1720 1290 1776 opusque
1321 1703 1563 1774 peccati.

302 1852 458 1909 250
482 1851 627 1908 XVI.
658 1849 714 1904 Si
743 1864 947 1905 omnes
998 1848 1206 1904 fratres
1254 1847 1508 1903 viderint
1558 1847 1934 1920 praepositum
1965 1846 2012 1913 B

222 1941 486 2000 nimium
515 1939 925 2012 negligentem,
959 1946 1057 1995 aut
1088 1940 1235 1995 dure
1279 1938 1671 2010 increpantem
1705 1940 1938 2008 fratres,

222 2039 289 2091 et
319 2047 652 2089 mensuram
701 2029 1043 2086 monasterii
1101 2030 1773 2098 excedentem,referant
1828 2027 1938 2084 hoc

224 2123 410 2192 Patri,
434 2127 490 2179 et
519 2123 590 2177 ab
641 2137 707 2177 eo
754 2120 1106 2191 increpetur.
1159 2121 1286 2191 Ipse
1345 2127 1533 2175 autem
1593 2121 1937 2192 praepositus

225 2213 378 2270 nihil
408 2213 605 2282 faciat,
639 2211 751 2267 nisi
783 2211 937 2282 quod
982 2210 1149 2266 Pater
1193 2211 1474 2280 jusserit;
1510 2211 1758 2266 maxime
1788 2211 1845 2266 in
1878 2227 1940 2267 re

225 2321 397 2362 nova.
469 2304 604 2367 Quae
659 2318 726 2358 ex
771 2317 930 2358 more
985 2302 1308 2372 descendit,
1366 2302 1617 2358 servabit
1680 2301 1939 2375 regulam

224 2393 593 2452 monasterii.

301 2538 468 2594 XVII.
504 2537 859 2608 Praspositus
917 2551 1049 2592 vero
1082 2553 1195 2591 non
1227 2536 1564 2603 inebrietur,
1602 2553 1704 2593 nec
1747 2537 1943 2594 sedeat

221 2630 291 2685 in
323 2628 741 2684 humilioribus
795 2625 958 2683 locis.
991 2626 1072 2681 Ne
1104 2630 1332 2696 rumpat
1361 2627 1592 2682 vincula
1623 2644 1747 2698 quae
1789 2627 1941 2682 Deus

223 2720 292 2776 in
353 2717 493 2775 caelo
551 2716 831 2784 condidit,
856 2724 915 2772 ut
971 2716 1350 2772 observentur
1417 2717 1472 2771 in
1521 2717 1709 2771 terris.
1746 2715 1826 2773 Ne
1855 2716 1944 2771 lu-

228 2816 365 2883 geat
418 2809 477 2864 in
528 2809 621 2864 die
680 2809 825 2865 festo
906 2808 1134 2863 Domini
1199 2809 1557 2864 Salvatoris:
1613 2808 1946 2864 dominetur

228 2900 396 2958 carni
429 2918 574 2965 suae,
626 2901 789 2971 juxta
845 2915 1178 2954 mensuram
1233 2909 1588 2956 sanctorum.
1620 2901 1744 2954 Non
1785 2900 1944 2954 inve-

229 2992 433 3048 niatur
463 2993 521 3044 in
554 2989 797 3044 excelsis
844 2988 1156 3053 cubilibus,
1189 2989 1422 3043 imitans
1476 3005 1693 3043 morem
1754 2987 1942 3058 genti-

229 3082 404 3137 lium.
436 3082 559 3135 Non
592 3079 666 3134 sit
697 3078 947 3149 duplicis
981 3079 1135 3134 fidei.
1159 3078 1283 3134 Non
1324 3084 1601 3149 sequatur
1632 3079 1823 3133 cordis
1854 3077 1944 3132 sui

225 3170 632 3244 cogitationes,
657 3169 757 3224 sed
796 3168 984 3240 legem
1020 3169 1132 3222 Dei.
1183 3168 1304 3224 Non
1357 3168 1591 3223 resistat
1648 3167 1943 3222 sublimio-

227 3263 400 3318 ribus
451 3257 694 3314 tumenti
743 3257 937 3312 animo
1003 3258 1408 3327 potestatibus.
1441 3258 1524 3313 Ne
1573 3258 1800 3326 fremat,
1836 3275 1941 3314 nec

227 3350 449 3408 hirriat
495 3349 676 3404 iratus
725 3364 900 3418 super
955 3347 1336 3414 humiliores;
1366 3363 1471 3402 nec
1501 3349 1811 3403 transferat
1840 3351 1949 3402 ter-

230 3443 436 3497 minos
466 3439 693 3510 regulae.
728 3441 851 3492 Non
909 3439 985 3492 sit
1032 3438 1460 3503 fraudulentus,
1513 3454 1700 3508 neque
1757 3439 1816 3492 in
1859 3455 1949 3492 co-

232 3529 619 3604 gitationibus
677 3531 864 3583 verset
921 3526 1131 3593 dolos;
1184 3544 1286 3582 nec
1345 3528 1599 3597 negligat
1649 3531 1946 3598 peccatum

232 3622 448 3677 anima
481 3637 638 3686 sum;
673 3635 778 3674 nec
824 3617 1091 3673 vincatur
1147 3618 1337 3673 carnis
1395 3619 1642 3673 luxuria.
1679 3623 1802 3674 Non
1831 3636 1949 3672 am-

237 3712 405 3766 bulet
459 3711 837 3783 negligenter.
872 3708 994 3762 Non
1045 3707 1316 3779 loquatur
1373 3710 1608 3764 verbum
1671 3709 1947 3763 otiosum.

235 3803 366 3857 Non
403 3805 581 3872 ponat
637 3797 978 3854 scandalum
1029 3807 1158 3852 ante
1218 3799 1390 3868 pedes
1411 3800 1563 3854 caeci.
1594 3799 1720 3854 Non
1751 3798 1952 3852 doceat

233 3891 596 3946 voluntatem
631 3889 886 3943 animam
919 3904 1111 3943 suam.
1144 3887 1266 3942 Non
1301 3887 1624 3943 resolvatur
1654 3889 1774 3942 risu
1809 3887 1954 3942 stul-

217 3986 426 4038 torum
475 3997 539 4035 ac
593 3978 743 4048 joco.
796 3977 922 4033 Non
985 3978 1245 4048 capiatur
1301 3994 1396 4032 cor
1427 3979 1554 4046 ejus
1597 3977 1668 4031 ab
1728 3977 1818 4031 his
1853 3977 1949 4047 qui

220 4073 432 4138 inepta
488 4069 807 4140 loquuntur
873 4072 928 4122 et
985 4067 1195 4122 dulcia.
1232 4066 1357 4123 Non
1390 4066 1655 4122 vincatur
1688 4067 1953 4122 muneri-

224 4165 384 4218 bus:
422 4177 533 4214 non
596 4158 970 4230 parvulorum
1020 4174 1292 4213 sermone
1339 4159 1607 4216 ducatur.
1648 4162 1770 4212 Non
1805 4158 1949 4211 defi-

220 4252 348 4308 ciat
370 4249 430 4304 in
455 4248 850 4304 tribulatione.
885 4253 1009 4304 Non
1054 4253 1303 4302 mortem
1339 4248 1559 4316 timeat,
1593 4249 1692 4303 sed
1725 4248 1908 4303 Deum
1936 4281 1948 4318 ε

222 4357 351 4398 non
387 4339 790 4412 praevaricator
810 4338 884 4394 sit
915 4342 1148 4409 propter
1196 4339 1599 4393 imminentem
1654 4341 1948 4394 timorem.

220 4429 361 4487 Non
413 4429 704 4499 relinquat
760 4444 963 4482 verum
1023 4427 1223 4483 lumen
1275 4432 1511 4500 propter
1561 4427 1818 4483 modicos
1875 4427 1954 4482 ci-

226 4523 361 4577 bos.
414 4520 537 4572 Non
596 4522 759 4572 nutet
801 4534 865 4572 ac
920 4518 1162 4573 ﬂuctuet
1216 4518 1273 4572 in
1333 4517 1602 4587 operibus
1645 4519 1788 4574 suis.
1823 4518 1948 4572 Non

232 4611 436 4665 mutet
467 4606 844 4673 sententiam,
879 4606 982 4661 sed
1013 4607 1218 4662 firmus
1257 4607 1334 4663 sit
1365 4607 1653 4678 solidique
1685 4607 1899 4662 decreti
1937 4623 1948 4660 :

222 4699 458 4770 justus,
493 4700 698 4751 cuncta
727 4697 1106 4752 considerans
1130 4715 1143 4753 :
1165 4698 1434 4766 judicans
1463 4697 1517 4750 in
1549 4698 1790 4752 veritate
1822 4697 1959 4751 abs—

235 4803 361 4859 que
394 4786 651 4858 appetitu
687 4785 922 4857 gloriae;
959 4788 1304 4843 manifestus
1336 4787 1452 4841 Deo
1480 4791 1536 4840 et
1594 4786 1954 4852 hominibus,

236 4882 304 4935 et
364 4893 397 4931 ει
453 4876 654 4931 fraude
712 4874 936 4946 procul.
998 4875 1112 4930 Nec
1172 4877 1399 4947 ignoret
1467 4878 1959 4931 conversationem

245 4982 519 5032 suorum,
554 4981 660 5021 nec
710 4970 777 5020 ad
837 4980 1039 5020 eorum
1099 4965 1401 5020 scientiam
1473 4981 1655 5021 caecus
1704 4968 1962 5021 exsistat.

247 5057 416 5115 Nulli
439 5062 641 5112 noceat
672 5071 774 5128 per
804 5055 1173 5126 superbiam;
1219 5072 1321 5111 nec
1361 5062 1645 5127 sequatur
1683 5057 1966 5127 concupi-

250 5147 512 5205 ecentias
559 5146 877 5202 oculorum.
911 5144 1224 5202 Veritatem
1274 5163 1574 5218 nunquam
1623 5151 1963 5218 praetereat:

252 5240 452 5295 oderit
501 5236 875 5307 injustitiam.
927 5235 1256 5291 Secundum
1307 5253 1606 5306 personam
1668 5253 1968 5306 nunquam

247 5329 476 5402 judicet
533 5343 637 5398 pro
696 5324 1061 5391 muneribus,
1093 5341 1198 5382 nec
1223 5327 1570 5382 condemnet
1601 5326 1856 5381 animam
1889 5326 1974 5380 in-

253 5421 568 5476 nocentem
602 5431 704 5488 per
753 5416 1106 5488 superbiam.
1144 5416 1269 5474 Non
1303 5417 1491 5473 rideat
1519 5417 1669 5472 inter
1714 5433 1925 5488 pueros
1957 5434 1970 5472 :

260 5525 385 5567 non
408 5508 640 5563 deserat
677 5505 977 5562 veritatem
1020 5506 1228 5563 timore
1270 5510 1587 5578 separatus.
1623 5507 1747 5562 Non
1780 5507 1976 5580 despi-

257 5599 382 5656 ciat
410 5613 510 5654 eos
539 5597 636 5669 qui
667 5595 938 5669 indigent
997 5596 1413 5654 misericordia.
1447 5597 1571 5654 Non
1629 5599 1857 5654 deserat
1881 5600 1982 5670 ju-

262 5688 497 5750 stitiam
555 5691 792 5761 propter
839 5688 1288 5761 lassitudinem;
1350 5705 1420 5747 ne
1471 5690 1675 5762 perdat
1721 5690 1980 5748 animam

2043 553 2208 608 tioris
2250 566 2513 605 mensae:
2573 566 2678 605 nec
2728 550 2974 622 pulchra
3029 552 3379 610 vestimenta
3427 555 3762 641 desideret;

2044 659 2148 698 nec
2182 657 2242 696 se
2292 639 2566 711 negligat,
2611 641 2711 694 sed
2770 657 3002 712 semper
3048 642 3324 712 dijudicet
3379 639 3759 715 cogitationes

2045 747 2197 786 suas.
2230 728 2356 784 Non
2402 727 2722 783 inebrietur
2769 729 2940 798 vino;
2976 730 3077 784 sed
3138 731 3458 788 humilitati
3489 735 3755 804 junctam

2043 821 2255 876 habeat
2312 817 2636 873 veritatem.
2671 818 2912 881 Quando
2958 819 3209 889 judicat,
3273 825 3554 892 sequatur
3608 841 3753 895 prae—

2045 915 2214 982 cepta
2247 909 2540 979 majorum
2572 915 2626 964 et
2654 907 2842 979 legem
2873 908 2996 979 Dei,
3030 926 3156 979 quae
3206 911 3265 966 in
3288 916 3405 968 toto
3440 914 3576 971 orbe
3609 932 3760 985 prae-

2045 1002 2242 1057 dicata
2263 1007 2369 1056 est.

2115 1126 2310 1182 XVIII.
2343 1124 2400 1180 Si
2449 1124 2851 1196 deprehensus
2909 1124 3083 1180 fuerit
3142 1126 3353 1198 aliquis
3403 1145 3432 1184 e
3483 1131 3762 1189 fratribus

2048 1216 2296 1272 libenter
2327 1232 2462 1272 eum
2494 1215 2690 1287 pueris
2711 1214 2899 1270 ridere
2930 1218 2986 1270 et
3021 1214 3241 1285 ludere,
3267 1221 3324 1271 et
3370 1216 3586 1277 habere
3615 1223 3765 1276 ami-

2047 1308 2216 1363 citias
2267 1307 2450 1362 aetatis
2510 1306 2777 1374 inﬁrmae,
2811 1306 2978 1361 tertio
3025 1312 3487 1380 commoneatur,
3520 1314 3584 1366 ut
3615 1328 3768 1368 rece-

2047 1399 2144 1452 dat
2166 1398 2238 1452 ab
2286 1413 2485 1452 eorum
2535 1395 2984 1456 necessitudine,
3019 1403 3073 1451 et
3121 1413 3346 1453 memor
3373 1399 3452 1453 sit
3499 1399 3766 1457 honesta-

2047 1487 2146 1554 tis,
2179 1491 2234 1541 et
2287 1486 2516 1540 timoris
2576 1484 2723 1539 Dei:
2757 1484 2802 1538 si
2862 1501 2977 1540 non
3028 1487 3354 1557 cessaverit,
3412 1488 3766 1562 corripiatur

2051 1581 2116 1632 ut
2146 1577 2355 1647 dignus
2385 1581 2472 1631 est
2504 1574 2865 1646 correptione
2887 1575 3280 1632 severissima.

2120 1703 2273 1759 XIX.
2300 1702 2407 1770 Qui
2467 1705 2853 1758 contemnunt
2908 1706 3194 1774 precepts
3243 1705 3536 1775 majorum
3578 1711 3635 1764 et
3665 1726 3758 1766 re-

2051 1793 2218 1865 gulas
2275 1791 2614 1848 monasterii
2639 1808 2760 1862 quae
2792 1790 2896 1846 Dei
2921 1801 3201 1864 praecepto
3249 1796 3576 1851 constitutae
3600 1806 3763 1868 sunt,

2044 1888 2100 1940 et
2129 1884 2554 1955 parvipendunt
2569 1882 2867 1938 seniorum
2893 1882 3158 1954 consilia,
3191 1885 3762 1961 corripianturjuxta

2047 1974 2307 2030 ordinem
2338 1972 2743 2041 constitutum,
2778 1974 2958 2028 donec
2990 1973 3378 2047 corrigantur.

2118 2100 2516 2171 XX.Majores
2549 2101 2645 2172 qui
2704 2117 2836 2156 cum
2889 2102 3166 2158 fratribus
3216 2104 3526 2161 mittuntur
3581 2107 3758 2180 foras,

2050 2193 2310 2262 quandiu
2343 2191 2420 2245 ibi
2456 2192 2687 2256 fuerint,
2727 2192 3019 2247 habebunt
3063 2195 3157 2262 jus
3218 2197 3664 2266 praepositorum
3700 2216 3755 2270 et

2049 2296 2250 2337 eorum
2299 2285 2507 2335 cuncta
2557 2286 2833 2352 regentur
2884 2282 3143 2338 arbitrio.
3195 2285 3491 2341 Docebunt
3552 2289 3756 2345 fratres

2049 2389 2152 2445 per
2202 2372 2548 2427 constitutos
2603 2373 2766 2438 dies;
2799 2375 2854 2427 et
2905 2372 2954 2428 si
3004 2373 3148 2429 forte
3204 2373 3355 2430 inter
3415 2392 3514 2432 eos
3563 2382 3756 2434 ortum

2051 2461 2228 2516 fuerit
2285 2461 2504 2531 aliquid
2566 2461 2904 2532 simultatis,
2939 2464 3175 2518 audient
3233 2465 3344 2536 ipsi
3405 2466 3673 2538 majores,
3707 2472 3764 2524 et

2052 2552 2458 2623 dijudicabunt
2480 2568 2742 2620 causam,
2775 2558 2830 2608 et
2855 2554 3094 2624 dignum
3127 2556 3298 2627 culpa
3345 2559 3760 2629 increpabunt;

2054 2651 2112 2696 ut
2163 2643 2234 2697 ad
2282 2643 2588 2714 imperium
2624 2659 2817 2699 eorum
2866 2645 3063 2701 statim
3111 2662 3307 2717 pacem
3368 2647 3537 2719 pleno
3597 2650 3764 2705 corde

2054 2733 2406 2789 consocient.

2122 2860 2261 2915 XXI.
2288 2860 2345 2914 Si
2402 2859 2532 2931 quis
2591 2860 2767 2915 frater
2808 2868 3008 2916 contra
3049 2865 3418 2935 praspositum
3451 2883 3626 2923 suum
3660 2869 3764 2924 ha-

2055 2951 2245 3005 buerit
2276 2949 2588 3013 tristitiam,
2625 2959 2720 3002 aut
2752 2951 2875 3020 ipse
2921 2954 3266 3022 praepositus
3296 2960 3494 3012 contra
3527 2958 3763 3013 fratrem

2055 3038 2304 3108 aliquam
2341 3037 2764 3108 querimoniam
2792 3053 2804 3102 ;
2835 3038 3084 3106 probatae
3133 3042 3336 3096 fratres
3366 3047 3763 3101 conversatio-

2056 3129 2147 3183 nis
2177 3133 2231 3183 et
2262 3128 2394 3182 fidei
2445 3143 2542 3182 eos
2569 3128 2774 3182 audire
2805 3127 3037 3195 debent,
3072 3133 3131 3184 et
3154 3130 3563 3199 dijudicabunt
3588 3136 3764 3190 inter-

1973 3230 2014 3295 ί]
2054 3236 2173 3276 eos.
2204 3219 2264 3274 Si
2315 3223 2507 3274 tamen
2565 3219 2774 3273 absens
2823 3223 2912 3274 est
2960 3218 3130 3275 Pater
3169 3223 3502 3278 monasterii
3536 3225 3622 3280 vel
3652 3226 3764 3280 ali-

2058 3310 2190 3366 cubi
2226 3310 2535 3380 profectus,
2571 3308 2826 3378 primum
2881 3309 3114 3380 quidem
3164 3315 3548 3383 expectabunt
3578 3331 3711 3370 eum
3749 3333 3761 3370 :

2058 3403 2148 3458 sin
2185 3405 2376 3455 autem
2417 3399 2641 3454 diutius
2680 3400 2870 3453 vident
2906 3400 3045 3455 foris
3104 3403 3409 3473 demorari,
3473 3411 3613 3461 tunc
3662 3423 3767 3460 au-

2059 3492 2219 3548 dient
2248 3492 2394 3546 inter
2428 3489 2800 3560 praepositum
2833 3496 2891 3544 et
2921 3491 3157 3547 fratrem
3185 3508 3200 3560 ;
3235 3510 3305 3548 ne
3355 3495 3453 3549 diu
3487 3511 3767 3566 suspenso

2054 3581 2276 3668 judicio
2327 3578 2564 3635 tristitia
2650 3581 2834 3649 major
2899 3581 3164 3650 oriatur;
3223 3589 3288 3638 ut
3380 3589 3436 3641 et
3502 3585 3600 3640 ille
3671 3587 3770 3656 qui

2061 3672 2404 3742 praepositus
2439 3676 2548 3737 est,
2583 3674 2641 3724 et
2699 3669 2796 3726 ille
2836 3672 2932 3741 qui
2984 3674 3285 3744 subjectus
3331 3679 3439 3743 est,
3465 3685 3518 3731 et
3561 3675 3770 3748 illiqui

2061 3763 2328 3829 audiunt,
2355 3763 2527 3830 juxta
2562 3761 2823 3816 timorem
2883 3761 2980 3816 Dei
3037 3770 3250 3820 cuncta
3295 3766 3532 3834 faciant,
3565 3772 3621 3822 et
3653 3785 3768 3822 non

2060 3853 2195 3907 dent
2226 3853 2284 3906 in
2309 3850 2428 3905 ullo
2461 3850 2824 3905 occasionem
2855 3851 3175 3908 discordiae.

2133 3975 2305 4030 XXII.
2339 3975 2550 4029 Nullus
2582 3975 2850 4029 mittatur
2884 3975 3038 4030 foras
3071 3978 3140 4032 ad
3187 3977 3421 4048 aliquod
3475 3981 3770 4052 negotium

2061 4064 2238 4120 solus.
2278 4063 2440 4118 Missi
2498 4080 2628 4120 vero
2679 4081 2794 4119 non
2845 4064 3082 4134 singuli,
3139 4068 3238 4122 sed
3299 4069 3421 4123 bini
3483 4069 3565 4123 vel
3626 4071 3775 4125 terni

2061 4153 2357 4210 ambulent
2386 4171 2400 4210 :
2435 4159 2501 4209 ut
2557 4155 2686 4208 dum
2743 4171 2805 4210 se
2837 4156 3082 4212 invicem
3115 4158 3454 4214 custodiunt
3483 4165 3539 4216 et
3568 4177 3776 4216 conso-

2061 4245 2274 4311 lantur,
2319 4248 2374 4299 et
2423 4245 2680 4300 seniores
2738 4261 2939 4300 eorum
2995 4248 3064 4302 de
3122 4248 3364 4304 honesta
3405 4266 3605 4306 eorum
3643 4267 3778 4305 con-

2059 4333 2384 4388 versatione
2441 4333 2627 4386 securi
2677 4333 2816 4399 sint,
2849 4339 2906 4389 et
2936 4334 3016 4389 illi
3049 4352 3161 4391 non
3201 4337 3612 4407 periclitentur.
3664 4340 3780 4394 Ob-

2065 4431 2365 4478 servantes
2416 4426 2608 4477 tamen
2659 4422 2790 4489 hoc,
2852 4428 2916 4478 ut
2983 4441 3098 4480 non
3140 4441 3202 4481 se
3258 4427 3506 4482 invicem
3568 4428 3779 4484 fabulis

2064 4511 2347 4567 inanibus
2379 4514 2704 4582 destruant,
2738 4528 2926 4584 neque
2980 4515 3346 4587 negligentiae
3416 4519 3554 4574 dent
3585 4517 3780 4574 locum

1986 4606 2030 4671 D
2063 4602 2518 4669 destructionis;
2553 4604 2650 4658 sed
2685 4605 3086 4677 unusquisque
3109 4607 3169 4662 in
3211 4613 3344 4664 actu
3374 4626 3477 4664 suo
3527 4613 3783 4664 attentus

2069 4691 2163 4760 sit,
2200 4695 2371 4762 prout
2405 4700 2630 4761 tempus
2665 4693 2855 4747 fuerit.

2141 4819 2350 4874 XXIII.
2381 4819 2618 4883 Quando
2679 4823 2872 4875 autem
2932 4822 3145 4876 reversi
3203 4823 3418 4879 fuerint
3473 4824 3532 4879 in
3584 4841 3786 4880 mona-

2072 4905 2336 4971 sterium,
2374 4911 2420 4965 si
2472 4915 2605 4964 ante
2664 4911 2874 4967 ostium
2926 4913 3172 4969 viderint
3211 4914 3466 4986 aliquem
3518 4933 3784 4987 quaeren-

2074 4999 2190 5056 tem
2250 5015 2490 5055 suorum
2547 4999 2808 5056 afﬁnium
2870 5001 2940 5056 de
2995 5001 3088 5058 his
3146 5004 3245 5074 qui
3301 5005 3360 5059 in
3432 5007 3787 5061 monasterio

2076 5095 2521 5157 commorantur,
2582 5107 2694 5145 non
2754 5090 3027 5147 valebunt
3083 5091 3164 5148 ire
3222 5095 3293 5149 ad
3351 5113 3508 5165 eum,
3542 5100 3599 5150 et
3639 5113 3787 5150 nun-

2079 5180 2244 5250 tiare,
2275 5179 2361 5235 vel
2393 5196 2649 5236 evocare.
2687 5185 2753 5236 Et
2810 5183 3048 5238 omnino
3116 5185 3398 5256 quidquid
3434 5187 3568 5242 foris
3599 5202 3789 5257 gesse-

2080 5271 2214 5338 rint,
2250 5270 2306 5324 in
2339 5271 2692 5326 monasterio
2727 5288 2960 5328 narrare
2983 5291 3096 5329 non
3129 5282 3502 5345 praesumant.

2153 5415 2348 5472 XXIV.
2383 5415 2667 5474 Omnibus
2718 5420 2823 5474 erit
2883 5422 3138 5491 potestas
3197 5421 3427 5495 legendi
3494 5439 3675 5496 usque
3721 5428 3791 5482 ad

2087 5507 2290 5563 horam
2348 5507 2630 5564 tertiam:
2692 5506 2741 5563 si
2800 5512 2996 5564 tamen
3058 5509 3219 5567 nulla
3274 5528 3451 5570 causa
3488 5513 3792 5582 exstiterit,

2088 5615 2205 5671 qua
2259 5612 2496 5654 necesse
2521 5599 2595 5655 sit
2624 5599 2800 5656 etiam
2820 5600 3044 5674 aliquid
3069 5601 3212 5659 fieri.
3247 5604 3383 5662 Post
3414 5605 3617 5663 horam
3664 5622 3795 5661 vero

2091 5689 2323 5749 tertiam
2383 5689 2433 5746 si
2491 5707 2615 5762 quae
2675 5695 2894 5750 statuta
2952 5702 3111 5766 sunt,
3143 5696 3292 5757 sicut
3345 5699 3629 5773 scriptum
3685 5702 3798 5766 est,

3667 5827 3695 5855 μ
