  <div class='ocr_page' id='page_1' title='image "/cluster/home/n/w/nwhite01/storage/ocr_20150623/34/hvd.32044073501835/503.png"; bbox 0 0 4076 6206; ppageno 0'>
   <div class='ocr_carea' id='block_1_1' title="bbox 383 363 500 422">
    <p class='ocr_par' dir='ltr' id='par_1_1' title="bbox 383 363 500 422">
     <span class='ocr_line' id='line_1_1' title="bbox 383 363 500 422; baseline -0.043 0"><span class='ocrx_word' id='word_1_1' title='bbox 383 363 500 422; x_wconf 82' lang='grc'>987</span> 
     </span>
    </p>
   </div>
   <div class='ocr_carea' id='block_1_2' title="bbox 1905 351 2380 414">
    <p class='ocr_par' dir='ltr' id='par_1_2' title="bbox 1905 351 2380 414">
     <span class='ocr_line' id='line_1_2' title="bbox 1905 351 2380 414; baseline -0.002 -2"><span class='ocrx_word' id='word_1_2' title='bbox 1905 352 2010 414; x_wconf 92' lang='lat' dir='ltr'>SS.</span> <span class='ocrx_word' id='word_1_3' title='bbox 2058 351 2380 413; x_wconf 79' lang='lat' dir='ltr'>PATRUM</span> 
     </span>
    </p>
   </div>
   <div class='ocr_carea' id='block_1_3' title="bbox 3774 357 3902 416">
    <p class='ocr_par' dir='ltr' id='par_1_3' title="bbox 3774 357 3902 416">
     <span class='ocr_line' id='line_1_3' title="bbox 3774 357 3902 416; baseline 0.016 -2"><span class='ocrx_word' id='word_1_4' title='bbox 3774 357 3902 416; x_wconf 85' lang='lat'>988</span> 
     </span>
    </p>
   </div>
   <div class='ocr_carea' id='block_1_4' title="bbox 380 485 3906 564">
    <p class='ocr_par' dir='ltr' id='par_1_4' title="bbox 380 485 3906 564">
     <span class='ocr_line' id='line_1_4' title="bbox 380 485 3906 564; baseline -0.001 -17"><span class='ocrx_word' id='word_1_5' title='bbox 380 509 482 564; x_wconf 86' lang='lat' dir='ltr'>per</span> <span class='ocrx_word' id='word_1_6' title='bbox 549 490 907 561; x_wconf 82' lang='lat' dir='ltr'>superbiam,</span> <span class='ocrx_word' id='word_1_7' title='bbox 976 488 1059 543; x_wconf 88' lang='lat' dir='ltr'>vel</span> <span class='ocrx_word' id='word_1_8' title='bbox 1115 486 1543 559; x_wconf 71' lang='lat' dir='ltr'>negligentiam,</span> <span class='ocrx_word' id='word_1_9' title='bbox 1612 485 1700 540; x_wconf 88' lang='lat' dir='ltr'>vel</span> <span class='ocrx_word' id='word_1_10' title='bbox 1771 485 2274 553; x_wconf 73' lang='lat' dir='ltr'>desidiam,Abit</span> <span class='ocrx_word' id='word_1_11' title='bbox 2330 493 2518 542; x_wconf 86' lang='lat' dir='ltr'>custos</span> <span class='ocrx_word' id='word_1_12' title='bbox 2569 486 2777 556; x_wconf 64' lang='lat' dir='ltr'>ianuae,</span> <span class='ocrx_word' id='word_1_13' title='bbox 2840 488 3091 541; x_wconf 80' lang='lat' dir='ltr'>referens</span> <span class='ocrx_word' id='word_1_14' title='bbox 3151 487 3367 554; x_wconf 83' lang='lat' dir='ltr'>omnia,</span> <span class='ocrx_word' id='word_1_15' title='bbox 3429 488 3574 542; x_wconf 92' lang='lat' dir='ltr'>sicut</span> <span class='ocrx_word' id='word_1_16' title='bbox 3634 489 3906 559; x_wconf 83' lang='lat' dir='ltr'>superius</span> 
     </span>
    </p>
   </div>
   <div class='ocr_carea' id='block_1_5' title="bbox 379 575 2086 645">
    <p class='ocr_par' dir='ltr' id='par_1_5' title="bbox 379 575 2086 645">
     <span class='ocr_line' id='line_1_5' title="bbox 379 575 2086 645; baseline -0.004 -9"><span class='ocrx_word' id='word_1_17' title='bbox 379 582 832 636; x_wconf 77' lang='lat' dir='ltr'>intercedentem</span> <span class='ocrx_word' id='word_1_18' title='bbox 902 595 1015 633; x_wconf 90' lang='lat' dir='ltr'>non</span> <span class='ocrx_word' id='word_1_19' title='bbox 1103 577 1457 645; x_wconf 87' lang='lat' dir='ltr'>custodierit,</span> <span class='ocrx_word' id='word_1_20' title='bbox 1491 577 1633 631; x_wconf 88' lang='lat' dir='ltr'>sciat</span> <span class='ocrx_word' id='word_1_21' title='bbox 1700 591 1756 630; x_wconf 91' lang='lat' dir='ltr'>se</span> <span class='ocrx_word' id='word_1_22' title='bbox 1824 592 1958 630; x_wconf 91' lang='lat' dir='ltr'>cum</span> <span class='ocrx_word' id='word_1_23' title='bbox 2027 575 2086 630; x_wconf 89' lang='lat' dir='ltr'>in</span> 
     </span>
    </p>
   </div>
   <div class='ocr_carea' id='block_1_6' title="bbox 380 664 2088 739">
    <p class='ocr_par' dir='ltr' id='par_1_6' title="bbox 380 664 2088 739">
     <span class='ocr_line' id='line_1_6' title="bbox 380 664 2088 739; baseline -0.004 -13"><span class='ocrx_word' id='word_1_24' title='bbox 380 673 486 727; x_wconf 92' lang='lat' dir='ltr'>hoc</span> <span class='ocrx_word' id='word_1_25' title='bbox 554 687 743 726; x_wconf 90' lang='lat' dir='ltr'>errore</span> <span class='ocrx_word' id='word_1_26' title='bbox 812 668 1207 739; x_wconf 87' lang='lat' dir='ltr'>deprehensus</span> <span class='ocrx_word' id='word_1_27' title='bbox 1287 667 1474 733; x_wconf 87' lang='lat' dir='ltr'>fuerit,</span> <span class='ocrx_word' id='word_1_28' title='bbox 1545 664 1887 735; x_wconf 89' lang='lat' dir='ltr'>culpabilem</span> <span class='ocrx_word' id='word_1_29' title='bbox 1933 666 2088 736; x_wconf 88' lang='lat' dir='ltr'>judi-</span> 
     </span>
    </p>
   </div>
   <div class='ocr_carea' id='block_1_7' title="bbox 378 756 2085 834">
    <p class='ocr_par' dir='ltr' id='par_1_7' title="bbox 378 756 2085 834">
     <span class='ocr_line' id='line_1_7' title="bbox 378 756 2085 834; baseline -0.004 -15"><span class='ocrx_word' id='word_1_30' title='bbox 378 765 626 820; x_wconf 90' lang='lat' dir='ltr'>candum</span> <span class='ocrx_word' id='word_1_31' title='bbox 655 780 666 829; x_wconf 93' lang='lat'>;</span> <span class='ocrx_word' id='word_1_32' title='bbox 704 777 839 834; x_wconf 83' lang='lat' dir='ltr'>quia</span> <span class='ocrx_word' id='word_1_33' title='bbox 872 777 969 830; x_wconf 89' lang='lat' dir='ltr'>per</span> <span class='ocrx_word' id='word_1_34' title='bbox 1027 775 1201 814; x_wconf 90' lang='lat' dir='ltr'>suum</span> <span class='ocrx_word' id='word_1_35' title='bbox 1251 774 1501 814; x_wconf 89' lang='lat' dir='ltr'>errorem</span> <span class='ocrx_word' id='word_1_36' title='bbox 1543 765 1595 812; x_wconf 91' lang='lat' dir='ltr'>et</span> <span class='ocrx_word' id='word_1_37' title='bbox 1627 756 1769 812; x_wconf 88' lang='lat' dir='ltr'>alios</span> <span class='ocrx_word' id='word_1_38' title='bbox 1798 757 1855 811; x_wconf 93' lang='lat' dir='ltr'>in</span> <span class='ocrx_word' id='word_1_39' title='bbox 1888 756 2085 812; x_wconf 86' lang='lat' dir='ltr'>vitium</span> 
     </span>
    </p>
   </div>
   <div class='ocr_carea' id='block_1_8' title="bbox 381 852 580 907">
    <p class='ocr_par' dir='ltr' id='par_1_8' title="bbox 381 852 580 907">
     <span class='ocr_line' id='line_1_8' title="bbox 381 852 580 907; baseline -0.01 -1"><span class='ocrx_word' id='word_1_40' title='bbox 381 852 580 907; x_wconf 88' lang='lat' dir='ltr'>mittit.</span> 
     </span>
    </p>
   </div>
   <div class='ocr_carea' id='block_1_9' title="bbox 450 989 2086 1058">
    <p class='ocr_par' dir='ltr' id='par_1_9' title="bbox 450 989 2086 1058">
     <span class='ocr_line' id='line_1_9' title="bbox 450 989 2086 1058; baseline -0.006 -6"><span class='ocrx_word' id='word_1_41' title='bbox 450 997 614 1052; x_wconf 81' lang='lat' dir='ltr'><strong>XXV.</strong></span> <span class='ocrx_word' id='word_1_42' title='bbox 676 995 902 1051; x_wconf 87' lang='lat' dir='ltr'>Cellarii</span> <span class='ocrx_word' id='word_1_43' title='bbox 960 1010 1094 1049; x_wconf 91' lang='lat' dir='ltr'>vero</span> <span class='ocrx_word' id='word_1_44' title='bbox 1172 1009 1311 1048; x_wconf 88' lang='lat' dir='ltr'>cura</span> <span class='ocrx_word' id='word_1_45' title='bbox 1406 991 1502 1058; x_wconf 89' lang='lat' dir='ltr'>sit,</span> <span class='ocrx_word' id='word_1_46' title='bbox 1537 993 1598 1044; x_wconf 90' lang='lat' dir='ltr'>ut</span> <span class='ocrx_word' id='word_1_47' title='bbox 1673 989 2086 1046; x_wconf 82' lang='lat' dir='ltr'>abstinentiam</span> 
     </span>
    </p>
   </div>
   <div class='ocr_carea' id='block_1_10' title="bbox 377 1079 2084 1145">
    <p class='ocr_par' dir='ltr' id='par_1_10' title="bbox 377 1079 2084 1145">
     <span class='ocr_line' id='line_1_10' title="bbox 377 1079 2084 1145; baseline -0.007 -1"><span class='ocrx_word' id='word_1_48' title='bbox 377 1091 432 1145; x_wconf 86' lang='lat' dir='ltr'>et</span> <span class='ocrx_word' id='word_1_49' title='bbox 490 1087 859 1142; x_wconf 80' lang='lat' dir='ltr'>sobrietatem</span> <span class='ocrx_word' id='word_1_50' title='bbox 894 1085 1160 1142; x_wconf 81' lang='lat' dir='ltr'>studens,</span> <span class='ocrx_word' id='word_1_51' title='bbox 1194 1081 1353 1135; x_wconf 87' lang='lat' dir='ltr'>illata</span> <span class='ocrx_word' id='word_1_52' title='bbox 1377 1081 1432 1134; x_wconf 92' lang='lat' dir='ltr'>in</span> <span class='ocrx_word' id='word_1_53' title='bbox 1454 1079 1805 1134; x_wconf 87' lang='lat' dir='ltr'>monasterio</span> <span class='ocrx_word' id='word_1_54' title='bbox 1831 1080 1900 1134; x_wconf 89' lang='lat' dir='ltr'>ad</span> <span class='ocrx_word' id='word_1_55' title='bbox 1922 1095 2084 1134; x_wconf 90' lang='lat' dir='ltr'>sum-</span> 
     </span>
    </p>
   </div>
   <div class='ocr_carea' id='block_1_11' title="bbox 382 1167 2086 1251">
    <p class='ocr_par' dir='ltr' id='par_1_11' title="bbox 382 1167 2086 1251">
     <span class='ocr_line' id='line_1_11' title="bbox 382 1167 2086 1251; baseline -0.006 -20"><span class='ocrx_word' id='word_1_56' title='bbox 382 1179 516 1251; x_wconf 88' lang='lat' dir='ltr'>plus</span> <span class='ocrx_word' id='word_1_57' title='bbox 575 1178 818 1230; x_wconf 80' lang='lat' dir='ltr'>fratrum</span> <span class='ocrx_word' id='word_1_58' title='bbox 873 1175 1176 1244; x_wconf 90' lang='lat' dir='ltr'>diligenter</span> <span class='ocrx_word' id='word_1_59' title='bbox 1234 1175 1289 1226; x_wconf 89' lang='lat' dir='ltr'>et</span> <span class='ocrx_word' id='word_1_60' title='bbox 1347 1169 1595 1225; x_wconf 82' lang='lat' dir='ltr'>fideliter</span> <span class='ocrx_word' id='word_1_61' title='bbox 1652 1173 1884 1225; x_wconf 86' lang='lat' dir='ltr'>servet:</span> <span class='ocrx_word' id='word_1_62' title='bbox 1943 1167 2086 1223; x_wconf 89' lang='lat' dir='ltr'>nihil</span> 
     </span>
    </p>
   </div>
   <div class='ocr_carea' id='block_1_12' title="bbox 378 1259 2089 1335">
    <p class='ocr_par' dir='ltr' id='par_1_12' title="bbox 378 1259 2089 1335">
     <span class='ocr_line' id='line_1_12' title="bbox 378 1259 2089 1335; baseline -0.005 -13"><span class='ocrx_word' id='word_1_63' title='bbox 378 1266 727 1335; x_wconf 87' lang='lat' dir='ltr'>suscipiens,</span> <span class='ocrx_word' id='word_1_64' title='bbox 763 1279 867 1320; x_wconf 90' lang='lat' dir='ltr'>nec</span> <span class='ocrx_word' id='word_1_65' title='bbox 918 1263 1226 1333; x_wconf 81' lang='lat' dir='ltr'>quidquam</span> <span class='ocrx_word' id='word_1_66' title='bbox 1280 1261 1511 1316; x_wconf 89' lang='lat' dir='ltr'>tradens</span> <span class='ocrx_word' id='word_1_67' title='bbox 1571 1260 1692 1314; x_wconf 88' lang='lat' dir='ltr'>sine</span> <span class='ocrx_word' id='word_1_68' title='bbox 1747 1259 2089 1314; x_wconf 82' lang='lat' dir='ltr'>auctoritate</span> 
     </span>
    </p>
   </div>
   <div class='ocr_carea' id='block_1_13' title="bbox 379 1348 2088 1419">
    <p class='ocr_par' dir='ltr' id='par_1_13' title="bbox 379 1348 2088 1419">
     <span class='ocr_line' id='line_1_13' title="bbox 379 1348 2088 1419; baseline -0.005 -8"><span class='ocrx_word' id='word_1_69' title='bbox 379 1355 465 1411; x_wconf 88' lang='lat' dir='ltr'>vel</span> <span class='ocrx_word' id='word_1_70' title='bbox 499 1355 794 1409; x_wconf 89' lang='lat' dir='ltr'>seniorum</span> <span class='ocrx_word' id='word_1_71' title='bbox 825 1352 1088 1407; x_wconf 89' lang='lat' dir='ltr'>consilio.</span> <span class='ocrx_word' id='word_1_72' title='bbox 1113 1350 1410 1416; x_wconf 88' lang='lat' dir='ltr'>Quietiam</span> <span class='ocrx_word' id='word_1_73' title='bbox 1440 1349 1636 1403; x_wconf 85' lang='lat' dir='ltr'>omnia</span> <span class='ocrx_word' id='word_1_74' title='bbox 1670 1348 1942 1403; x_wconf 86' lang='lat' dir='ltr'>utensilia</span> <span class='ocrx_word' id='word_1_75' title='bbox 1963 1362 2088 1419; x_wconf 77' lang='lat' dir='ltr'>quae</span> 
     </span>
    </p>
   </div>
   <div class='ocr_carea' id='block_1_14' title="bbox 379 1440 2087 1510">
    <p class='ocr_par' dir='ltr' id='par_1_14' title="bbox 379 1440 2087 1510">
     <span class='ocr_line' id='line_1_14' title="bbox 379 1440 2087 1510; baseline -0.006 -7"><span class='ocrx_word' id='word_1_76' title='bbox 379 1448 436 1503; x_wconf 90' lang='lat' dir='ltr'>in</span> <span class='ocrx_word' id='word_1_77' title='bbox 473 1445 853 1500; x_wconf 88' lang='lat' dir='ltr'>monasterito</span> <span class='ocrx_word' id='word_1_78' title='bbox 887 1448 1046 1510; x_wconf 88' lang='lat' dir='ltr'>sunt,</span> <span class='ocrx_word' id='word_1_79' title='bbox 1074 1443 1127 1496; x_wconf 94' lang='lat' dir='ltr'>id</span> <span class='ocrx_word' id='word_1_80' title='bbox 1187 1445 1294 1507; x_wconf 89' lang='lat' dir='ltr'>est,</span> <span class='ocrx_word' id='word_1_81' title='bbox 1329 1445 1564 1504; x_wconf 85' lang='lat' dir='ltr'>vestem,</span> <span class='ocrx_word' id='word_1_82' title='bbox 1599 1456 1717 1508; x_wconf 88' lang='lat' dir='ltr'>vas,</span> <span class='ocrx_word' id='word_1_83' title='bbox 1773 1440 2087 1493; x_wconf 90' lang='lat' dir='ltr'>ferramen-</span> 
     </span>
    </p>
   </div>
   <div class='ocr_carea' id='block_1_15' title="bbox 376 1529 2088 1605">
    <p class='ocr_par' dir='ltr' id='par_1_15' title="bbox 376 1529 2088 1605">
     <span class='ocr_line' id='line_1_15' title="bbox 376 1529 2088 1605; baseline -0.006 -14"><span class='ocrx_word' id='word_1_84' title='bbox 376 1540 526 1603; x_wconf 85' lang='lat' dir='ltr'>tum,</span> <span class='ocrx_word' id='word_1_85' title='bbox 561 1540 616 1590; x_wconf 87' lang='lat' dir='ltr'>et</span> <span class='ocrx_word' id='word_1_86' title='bbox 676 1533 959 1605; x_wconf 87' lang='lat' dir='ltr'>quidquid</span> <span class='ocrx_word' id='word_1_87' title='bbox 1017 1531 1222 1587; x_wconf 88' lang='lat' dir='ltr'>usibus</span> <span class='ocrx_word' id='word_1_88' title='bbox 1282 1529 1635 1601; x_wconf 89' lang='lat' dir='ltr'>quotidianis</span> <span class='ocrx_word' id='word_1_89' title='bbox 1695 1529 2088 1585; x_wconf 88' lang='lat' dir='ltr'>necessarium</span> 
     </span>
    </p>
   </div>
   <div class='ocr_carea' id='block_1_16' title="bbox 375 1619 2087 1692">
    <p class='ocr_par' dir='ltr' id='par_1_16' title="bbox 375 1619 2087 1692">
     <span class='ocr_line' id='line_1_16' title="bbox 375 1619 2087 1692; baseline -0.006 -9"><span class='ocrx_word' id='word_1_90' title='bbox 375 1631 482 1692; x_wconf 87' lang='lat' dir='ltr'>est,</span> <span class='ocrx_word' id='word_1_91' title='bbox 546 1624 871 1691; x_wconf 86' lang='lat' dir='ltr'>custodiat;</span> <span class='ocrx_word' id='word_1_92' title='bbox 934 1630 985 1677; x_wconf 89' lang='lat' dir='ltr'>et</span> <span class='ocrx_word' id='word_1_93' title='bbox 1032 1636 1506 1691; x_wconf 87' lang='lat' dir='ltr'>unamquamque</span> <span class='ocrx_word' id='word_1_94' title='bbox 1590 1636 1709 1675; x_wconf 91' lang='lat' dir='ltr'>rem</span> <span class='ocrx_word' id='word_1_95' title='bbox 1771 1619 2087 1690; x_wconf 91' lang='lat' dir='ltr'>proferens,</span> 
     </span>
    </p>
   </div>
   <div class='ocr_carea' id='block_1_17' title="bbox 377 1709 2087 1779">
    <p class='ocr_par' dir='ltr' id='par_1_17' title="bbox 377 1709 2087 1779">
     <span class='ocr_line' id='line_1_17' title="bbox 377 1709 2087 1779; baseline -0.005 -7"><span class='ocrx_word' id='word_1_96' title='bbox 377 1733 509 1772; x_wconf 90' lang='lat' dir='ltr'>cum</span> <span class='ocrx_word' id='word_1_97' title='bbox 547 1715 720 1770; x_wconf 89' lang='lat' dir='ltr'>fuerit</span> <span class='ocrx_word' id='word_1_98' title='bbox 750 1712 1169 1779; x_wconf 89' lang='lat' dir='ltr'>necessarium,</span> <span class='ocrx_word' id='word_1_99' title='bbox 1206 1712 1275 1765; x_wconf 88' lang='lat' dir='ltr'>ab</span> <span class='ocrx_word' id='word_1_100' title='bbox 1325 1726 1388 1765; x_wconf 92' lang='lat' dir='ltr'>eo</span> <span class='ocrx_word' id='word_1_101' title='bbox 1451 1711 1662 1764; x_wconf 89' lang='lat' dir='ltr'>iterum</span> <span class='ocrx_word' id='word_1_102' title='bbox 1710 1709 1776 1763; x_wconf 90' lang='lat' dir='ltr'>ad</span> <span class='ocrx_word' id='word_1_103' title='bbox 1816 1725 2087 1779; x_wconf 86' lang='lat' dir='ltr'>reponen-</span> 
     </span>
    </p>
   </div>
   <div class='ocr_carea' id='block_1_18' title="bbox 376 1799 2090 1872">
    <p class='ocr_par' dir='ltr' id='par_1_18' title="bbox 376 1799 2090 1872">
     <span class='ocr_line' id='line_1_18' title="bbox 376 1799 2090 1872; baseline -0.006 -9"><span class='ocrx_word' id='word_1_104' title='bbox 376 1810 516 1863; x_wconf 90' lang='lat' dir='ltr'>dum</span> <span class='ocrx_word' id='word_1_105' title='bbox 567 1807 658 1861; x_wconf 91' lang='lat' dir='ltr'>cui</span> <span class='ocrx_word' id='word_1_106' title='bbox 711 1805 928 1860; x_wconf 88' lang='lat' dir='ltr'>utendo</span> <span class='ocrx_word' id='word_1_107' title='bbox 988 1801 1412 1872; x_wconf 89' lang='lat' dir='ltr'>consignaverit</span> <span class='ocrx_word' id='word_1_108' title='bbox 1469 1804 1825 1869; x_wconf 85' lang='lat' dir='ltr'>recepturus.</span> <span class='ocrx_word' id='word_1_109' title='bbox 1887 1801 1971 1853; x_wconf 79' lang='lat' dir='ltr'>Ad</span> <span class='ocrx_word' id='word_1_110' title='bbox 2005 1799 2090 1853; x_wconf 85' lang='lat' dir='ltr'>vi-</span> 
     </span>
    </p>
   </div>
   <div class='ocr_carea' id='block_1_19' title="bbox 376 1867 2168 1962">
    <p class='ocr_par' dir='ltr' id='par_1_19' title="bbox 376 1867 2168 1962">
     <span class='ocr_line' id='line_1_19' title="bbox 376 1867 2168 1962; baseline -0.006 -8"><span class='ocrx_word' id='word_1_111' title='bbox 376 1902 532 1954; x_wconf 82' lang='lat' dir='ltr'>ctum</span> <span class='ocrx_word' id='word_1_112' title='bbox 566 1912 702 1950; x_wconf 89' lang='lat' dir='ltr'>vero</span> <span class='ocrx_word' id='word_1_113' title='bbox 737 1896 974 1949; x_wconf 80' lang='lat' dir='ltr'>fratrum</span> <span class='ocrx_word' id='word_1_114' title='bbox 1012 1892 1268 1962; x_wconf 89' lang='lat' dir='ltr'>proferat</span> <span class='ocrx_word' id='word_1_115' title='bbox 1298 1907 1363 1944; x_wconf 90' lang='lat' dir='ltr'>ac</span> <span class='ocrx_word' id='word_1_116' title='bbox 1395 1890 1587 1943; x_wconf 85' lang='lat' dir='ltr'>tradat</span> <span class='ocrx_word' id='word_1_117' title='bbox 1615 1889 2087 1961; x_wconf 85' lang='lat' dir='ltr'>septimanariis;</span> <span class='ocrx_word' id='word_1_118' title='bbox 2125 1867 2168 1931; x_wconf 81' lang='grc' dir='ltr'>Β</span> 
     </span>
    </p>
   </div>
   <div class='ocr_carea' id='block_1_20' title="bbox 375 1981 2089 2051">
    <p class='ocr_par' dir='ltr' id='par_1_20' title="bbox 375 1981 2089 2051">
     <span class='ocr_line' id='line_1_20' title="bbox 375 1981 2089 2051; baseline -0.005 -8"><span class='ocrx_word' id='word_1_119' title='bbox 375 1989 443 2043; x_wconf 89' lang='lat' dir='ltr'>ad</span> <span class='ocrx_word' id='word_1_120' title='bbox 487 1985 844 2042; x_wconf 87' lang='lat' dir='ltr'>condiendos</span> <span class='ocrx_word' id='word_1_121' title='bbox 876 1983 1036 2038; x_wconf 89' lang='lat' dir='ltr'>cibos</span> <span class='ocrx_word' id='word_1_122' title='bbox 1067 1983 1164 2035; x_wconf 90' lang='lat' dir='ltr'>det</span> <span class='ocrx_word' id='word_1_123' title='bbox 1223 1981 1550 2035; x_wconf 88' lang='lat' dir='ltr'>necessaria</span> <span class='ocrx_word' id='word_1_124' title='bbox 1581 1981 1902 2034; x_wconf 79' lang='lat' dir='ltr'>secundum</span> <span class='ocrx_word' id='word_1_125' title='bbox 1937 1996 2089 2051; x_wconf 89' lang='lat' dir='ltr'>quo-</span> 
     </span>
    </p>
   </div>
   <div class='ocr_carea' id='block_1_21' title="bbox 373 2071 2086 2144">
    <p class='ocr_par' dir='ltr' id='par_1_21' title="bbox 373 2071 2086 2144">
     <span class='ocr_line' id='line_1_21' title="bbox 373 2071 2086 2144; baseline -0.004 -13"><span class='ocrx_word' id='word_1_126' title='bbox 373 2078 608 2131; x_wconf 74' lang='lat' dir='ltr'>tidianae</span> <span class='ocrx_word' id='word_1_127' title='bbox 665 2090 926 2144; x_wconf 70' lang='lat' dir='ltr'>expensa:</span> <span class='ocrx_word' id='word_1_128' title='bbox 957 2071 1468 2139; x_wconf 85' lang='lat' dir='ltr'>consuetudinem,</span> <span class='ocrx_word' id='word_1_129' title='bbox 1503 2087 1689 2140; x_wconf 89' lang='lat' dir='ltr'>neque</span> <span class='ocrx_word' id='word_1_130' title='bbox 1722 2071 1957 2141; x_wconf 82' lang='lat' dir='ltr'>profuse</span> <span class='ocrx_word' id='word_1_131' title='bbox 1988 2087 2086 2126; x_wconf 90' lang='lat' dir='ltr'>ne-</span> 
     </span>
    </p>
   </div>
   <div class='ocr_carea' id='block_1_22' title="bbox 375 2160 2088 2240">
    <p class='ocr_par' dir='ltr' id='par_1_22' title="bbox 375 2160 2088 2240">
     <span class='ocr_line' id='line_1_22' title="bbox 375 2160 2088 2240; baseline -0.004 -18"><span class='ocrx_word' id='word_1_132' title='bbox 375 2185 487 2240; x_wconf 93' lang='lat' dir='ltr'>que</span> <span class='ocrx_word' id='word_1_133' title='bbox 520 2182 687 2222; x_wconf 88' lang='lat' dir='ltr'>avare</span> <span class='ocrx_word' id='word_1_134' title='bbox 716 2184 727 2232; x_wconf 93' lang='lat'>;</span> <span class='ocrx_word' id='word_1_135' title='bbox 765 2166 834 2220; x_wconf 90' lang='lat' dir='ltr'>de</span> <span class='ocrx_word' id='word_1_136' title='bbox 867 2163 997 2219; x_wconf 86' lang='lat' dir='ltr'>vitio</span> <span class='ocrx_word' id='word_1_137' title='bbox 1030 2164 1210 2234; x_wconf 79' lang='lat' dir='ltr'>ipsius</span> <span class='ocrx_word' id='word_1_138' title='bbox 1242 2160 1326 2215; x_wconf 90' lang='lat' dir='ltr'>vel</span> <span class='ocrx_word' id='word_1_139' title='bbox 1372 2161 1710 2216; x_wconf 85' lang='lat' dir='ltr'>monasterii</span> <span class='ocrx_word' id='word_1_140' title='bbox 1754 2161 2088 2217; x_wconf 86' lang='lat' dir='ltr'>substantia</span> 
     </span>
    </p>
   </div>
   <div class='ocr_carea' id='block_1_23' title="bbox 371 2249 2087 2329">
    <p class='ocr_par' dir='ltr' id='par_1_23' title="bbox 371 2249 2087 2329">
     <span class='ocr_line' id='line_1_23' title="bbox 371 2249 2087 2329; baseline -0.003 -18"><span class='ocrx_word' id='word_1_141' title='bbox 371 2262 663 2329; x_wconf 84' lang='lat' dir='ltr'>gravetur,</span> <span class='ocrx_word' id='word_1_142' title='bbox 696 2255 781 2310; x_wconf 82' lang='lat' dir='ltr'>vel</span> <span class='ocrx_word' id='word_1_143' title='bbox 833 2257 1040 2309; x_wconf 88' lang='lat' dir='ltr'>fratres</span> <span class='ocrx_word' id='word_1_144' title='bbox 1091 2254 1385 2325; x_wconf 89' lang='lat' dir='ltr'>patiantur</span> <span class='ocrx_word' id='word_1_145' title='bbox 1427 2249 1724 2321; x_wconf 85' lang='lat' dir='ltr'>injuriam.</span> <span class='ocrx_word' id='word_1_146' title='bbox 1761 2251 1869 2305; x_wconf 88' lang='lat' dir='ltr'>Sed</span> <span class='ocrx_word' id='word_1_147' title='bbox 1902 2258 1954 2304; x_wconf 85' lang='lat' dir='ltr'>et</span> <span class='ocrx_word' id='word_1_148' title='bbox 1986 2266 2087 2305; x_wconf 88' lang='lat' dir='ltr'>ne-</span> 
     </span>
    </p>
   </div>
   <div class='ocr_carea' id='block_1_24' title="bbox 375 2340 2089 2403">
    <p class='ocr_par' dir='ltr' id='par_1_24' title="bbox 375 2340 2089 2403">
     <span class='ocr_line' id='line_1_24' title="bbox 375 2340 2089 2403; baseline -0.005 0"><span class='ocrx_word' id='word_1_149' title='bbox 375 2348 703 2403; x_wconf 75' lang='lat' dir='ltr'>cessitatem</span> <span class='ocrx_word' id='word_1_150' title='bbox 740 2346 1102 2400; x_wconf 81' lang='lat' dir='ltr'>infirmorum</span> <span class='ocrx_word' id='word_1_151' title='bbox 1149 2344 1387 2397; x_wconf 85' lang='lat' dir='ltr'>fratrum</span> <span class='ocrx_word' id='word_1_152' title='bbox 1423 2358 1486 2394; x_wconf 89' lang='lat' dir='ltr'>ac</span> <span class='ocrx_word' id='word_1_153' title='bbox 1521 2341 1573 2394; x_wconf 90' lang='lat' dir='ltr'>la</span> <span class='ocrx_word' id='word_1_154' title='bbox 1597 2341 1793 2396; x_wconf 91' lang='lat' dir='ltr'>borem</span> <span class='ocrx_word' id='word_1_155' title='bbox 1827 2340 2089 2394; x_wconf 85' lang='lat' dir='ltr'>conside-</span> 
     </span>
    </p>
   </div>
   <div class='ocr_carea' id='block_1_25' title="bbox 367 2430 2087 2505">
    <p class='ocr_par' dir='ltr' id='par_1_25' title="bbox 367 2430 2087 2505">
     <span class='ocr_line' id='line_1_25' title="bbox 367 2430 2087 2505; baseline -0.005 -13"><span class='ocrx_word' id='word_1_156' title='bbox 367 2455 527 2502; x_wconf 86' lang='lat' dir='ltr'>rans,</span> <span class='ocrx_word' id='word_1_157' title='bbox 565 2437 703 2490; x_wconf 88' lang='lat' dir='ltr'>nihil</span> <span class='ocrx_word' id='word_1_158' title='bbox 740 2434 1150 2505; x_wconf 83' lang='lat' dir='ltr'>aegrotantium</span> <span class='ocrx_word' id='word_1_159' title='bbox 1184 2430 1488 2486; x_wconf 89' lang='lat' dir='ltr'>desideriis</span> <span class='ocrx_word' id='word_1_160' title='bbox 1541 2435 1712 2501; x_wconf 84' lang='lat' dir='ltr'>neget</span> <span class='ocrx_word' id='word_1_161' title='bbox 1743 2447 1809 2485; x_wconf 85' lang='lat' dir='ltr'>ex</span> <span class='ocrx_word' id='word_1_162' title='bbox 1844 2430 1930 2486; x_wconf 89' lang='lat' dir='ltr'>his</span> <span class='ocrx_word' id='word_1_163' title='bbox 1962 2445 2087 2501; x_wconf 72' lang='lat' dir='ltr'>quae</span> 
     </span>
    </p>
   </div>
   <div class='ocr_carea' id='block_1_26' title="bbox 373 2518 2093 2593">
    <p class='ocr_par' dir='ltr' id='par_1_26' title="bbox 373 2518 2093 2593">
     <span class='ocr_line' id='line_1_26' title="bbox 373 2518 2093 2593; baseline -0.006 -11"><span class='ocrx_word' id='word_1_164' title='bbox 373 2525 650 2590; x_wconf 82' lang='lat' dir='ltr'>habuerit,</span> <span class='ocrx_word' id='word_1_165' title='bbox 688 2529 976 2593; x_wconf 88' lang='lat' dir='ltr'>quantum</span> <span class='ocrx_word' id='word_1_166' title='bbox 1030 2521 1143 2575; x_wconf 91' lang='lat' dir='ltr'>illis</span> <span class='ocrx_word' id='word_1_167' title='bbox 1203 2534 1440 2574; x_wconf 89' lang='lat' dir='ltr'>necesse</span> <span class='ocrx_word' id='word_1_168' title='bbox 1501 2520 1693 2572; x_wconf 89' lang='lat' dir='ltr'>fuerit.</span> <span class='ocrx_word' id='word_1_169' title='bbox 1729 2518 2093 2573; x_wconf 82' lang='lat' dir='ltr'>Advenienti-</span> 
     </span>
    </p>
   </div>
   <div class='ocr_carea' id='block_1_27' title="bbox 373 2609 2086 2678">
    <p class='ocr_par' dir='ltr' id='par_1_27' title="bbox 373 2609 2086 2678">
     <span class='ocr_line' id='line_1_27' title="bbox 373 2609 2086 2678; baseline -0.005 -9"><span class='ocrx_word' id='word_1_170' title='bbox 373 2617 481 2670; x_wconf 86' lang='lat' dir='ltr'>bus</span> <span class='ocrx_word' id='word_1_171' title='bbox 516 2614 761 2668; x_wconf 89' lang='lat' dir='ltr'>diversis</span> <span class='ocrx_word' id='word_1_172' title='bbox 823 2611 1097 2666; x_wconf 80' lang='lat' dir='ltr'>fratribus</span> <span class='ocrx_word' id='word_1_173' title='bbox 1153 2625 1315 2663; x_wconf 88' lang='lat' dir='ltr'>escas</span> <span class='ocrx_word' id='word_1_174' title='bbox 1369 2609 1615 2678; x_wconf 89' lang='lat' dir='ltr'>parabit.</span> <span class='ocrx_word' id='word_1_175' title='bbox 1653 2609 1779 2661; x_wconf 68' lang='lat' dir='ltr'>Haec</span> <span class='ocrx_word' id='word_1_176' title='bbox 1811 2609 1917 2662; x_wconf 91' lang='lat' dir='ltr'>erit</span> <span class='ocrx_word' id='word_1_177' title='bbox 1949 2624 2086 2662; x_wconf 88' lang='lat' dir='ltr'>cura</span> 
     </span>
    </p>
   </div>
   <div class='ocr_carea' id='block_1_28' title="bbox 375 2696 2076 2766">
    <p class='ocr_par' dir='ltr' id='par_1_28' title="bbox 375 2696 2076 2766">
     <span class='ocr_line' id='line_1_28' title="bbox 375 2696 2076 2766; baseline -0.004 -8"><span class='ocrx_word' id='word_1_178' title='bbox 375 2702 631 2758; x_wconf 86' lang='lat' dir='ltr'>custodis</span> <span class='ocrx_word' id='word_1_179' title='bbox 677 2701 917 2764; x_wconf 86' lang='lat' dir='ltr'>cellarii,</span> <span class='ocrx_word' id='word_1_180' title='bbox 990 2714 1294 2753; x_wconf 89' lang='lat' dir='ltr'>recurrens</span> <span class='ocrx_word' id='word_1_181' title='bbox 1358 2712 1590 2766; x_wconf 87' lang='lat' dir='ltr'>semper</span> <span class='ocrx_word' id='word_1_182' title='bbox 1648 2698 1718 2750; x_wconf 88' lang='lat' dir='ltr'>ad</span> <span class='ocrx_word' id='word_1_183' title='bbox 1779 2696 2076 2751; x_wconf 91' lang='lat' dir='ltr'>seniorum</span> 
     </span>
    </p>
   </div>
   <div class='ocr_carea' id='block_1_29' title="bbox 376 2785 2090 2858">
    <p class='ocr_par' dir='ltr' id='par_1_29' title="bbox 376 2785 2090 2858">
     <span class='ocr_line' id='line_1_29' title="bbox 376 2785 2090 2858; baseline -0.004 -10"><span class='ocrx_word' id='word_1_184' title='bbox 376 2791 712 2858; x_wconf 89' lang='lat' dir='ltr'>consilium,</span> <span class='ocrx_word' id='word_1_185' title='bbox 745 2796 801 2845; x_wconf 90' lang='lat' dir='ltr'>et</span> <span class='ocrx_word' id='word_1_186' title='bbox 851 2788 1152 2858; x_wconf 85' lang='lat' dir='ltr'>requirens</span> <span class='ocrx_word' id='word_1_187' title='bbox 1212 2789 1281 2841; x_wconf 92' lang='lat' dir='ltr'>de</span> <span class='ocrx_word' id='word_1_188' title='bbox 1336 2787 1631 2853; x_wconf 89' lang='lat' dir='ltr'>omnibus,</span> <span class='ocrx_word' id='word_1_189' title='bbox 1669 2785 1752 2840; x_wconf 91' lang='lat' dir='ltr'>vel</span> <span class='ocrx_word' id='word_1_190' title='bbox 1806 2787 2090 2856; x_wconf 82' lang='lat' dir='ltr'>praecipue</span> 
     </span>
    </p>
   </div>
   <div class='ocr_carea' id='block_1_30' title="bbox 375 2877 2092 2953">
    <p class='ocr_par' dir='ltr' id='par_1_30' title="bbox 375 2877 2092 2953">
     <span class='ocr_line' id='line_1_30' title="bbox 375 2877 2092 2953; baseline -0.003 -15"><span class='ocrx_word' id='word_1_191' title='bbox 375 2885 445 2938; x_wconf 91' lang='lat' dir='ltr'>de</span> <span class='ocrx_word' id='word_1_192' title='bbox 503 2883 592 2938; x_wconf 89' lang='lat' dir='ltr'>his</span> <span class='ocrx_word' id='word_1_193' title='bbox 652 2898 778 2953; x_wconf 84' lang='lat' dir='ltr'>quae</span> <span class='ocrx_word' id='word_1_194' title='bbox 837 2880 1062 2952; x_wconf 86' lang='lat' dir='ltr'>preprio</span> <span class='ocrx_word' id='word_1_195' title='bbox 1121 2895 1228 2932; x_wconf 91' lang='lat' dir='ltr'>suo</span> <span class='ocrx_word' id='word_1_196' title='bbox 1288 2877 1586 2933; x_wconf 89' lang='lat' dir='ltr'>intellectu</span> <span class='ocrx_word' id='word_1_197' title='bbox 1654 2895 1767 2932; x_wconf 87' lang='lat' dir='ltr'>non</span> <span class='ocrx_word' id='word_1_198' title='bbox 1838 2879 2092 2949; x_wconf 90' lang='lat' dir='ltr'>potuerit</span> 
     </span>
    </p>
   </div>
   <div class='ocr_carea' id='block_1_31' title="bbox 375 2972 719 3044">
    <p class='ocr_par' dir='ltr' id='par_1_31' title="bbox 375 2972 719 3044">
     <span class='ocr_line' id='line_1_31' title="bbox 375 2972 719 3044; baseline -0.003 -17"><span class='ocrx_word' id='word_1_199' title='bbox 375 2972 719 3044; x_wconf 87' lang='lat' dir='ltr'>adimplere.</span> 
     </span>
    </p>
   </div>
   <div class='ocr_carea' id='block_1_32' title="bbox 449 3131 2090 3199">
    <p class='ocr_par' dir='ltr' id='par_1_32' title="bbox 449 3131 2090 3199">
     <span class='ocr_line' id='line_1_32' title="bbox 449 3131 2090 3199; baseline -0.003 -8"><span class='ocrx_word' id='word_1_200' title='bbox 449 3136 654 3192; x_wconf 83' lang='lat' dir='ltr'>XXVI.</span> <span class='ocrx_word' id='word_1_201' title='bbox 689 3133 923 3190; x_wconf 89' lang='lat' dir='ltr'>Ostiarii</span> <span class='ocrx_word' id='word_1_202' title='bbox 978 3149 1117 3191; x_wconf 90' lang='lat' dir='ltr'>cura</span> <span class='ocrx_word' id='word_1_203' title='bbox 1177 3133 1272 3199; x_wconf 86' lang='lat' dir='ltr'>sit,</span> <span class='ocrx_word' id='word_1_204' title='bbox 1332 3136 1396 3186; x_wconf 89' lang='lat' dir='ltr'>ut</span> <span class='ocrx_word' id='word_1_205' title='bbox 1455 3148 1657 3186; x_wconf 88' lang='lat' dir='ltr'>omnes</span> <span class='ocrx_word' id='word_1_206' title='bbox 1716 3131 2090 3186; x_wconf 86' lang='lat' dir='ltr'>advenientes</span> 
     </span>
    </p>
   </div>
   <div class='ocr_carea' id='block_1_33' title="bbox 379 3222 3047 3333">
    <p class='ocr_par' dir='ltr' id='par_1_33' title="bbox 379 3222 3047 3333">
     <span class='ocr_line' id='line_1_33' title="bbox 379 3222 3047 3333; baseline 0 0"><span class='ocrx_word' id='word_1_207' title='bbox 379 3222 2172 3333; x_wconf 31' lang='lat' dir='ltr'>199‘.“l“““fi‘??3§‘itfialmifisff’i‘fc’ti&quot;Tl‘f’fefiimU</span> <span class='ocrx_word' id='word_1_208' title='bbox 2204 3265 2446 3318; x_wconf 81' lang='lat' dir='ltr'>fratrum</span> <span class='ocrx_word' id='word_1_209' title='bbox 2496 3263 2814 3333; x_wconf 79' lang='lat' dir='ltr'>quidquam</span> <span class='ocrx_word' id='word_1_210' title='bbox 2873 3266 3047 3332; x_wconf 76' lang='lat' dir='ltr'>agat:</span> 
     </span>
    </p>
   </div>
   <div class='ocr_carea' id='block_1_34' title="bbox 377 3311 2080 3376">
    <p class='ocr_par' dir='ltr' id='par_1_34' title="bbox 377 3311 2080 3376">
     <span class='ocr_line' id='line_1_34' title="bbox 377 3311 2080 3376; baseline -0.004 -4"><span class='ocrx_word' id='word_1_211' title='bbox 377 3318 524 3372; x_wconf 77' lang='lat'>251</span> <span class='ocrx_word' id='word_1_212' title='bbox 562 3331 694 3370; x_wconf 92' lang='lat' dir='ltr'>cum</span> <span class='ocrx_word' id='word_1_213' title='bbox 730 3313 1061 3367; x_wconf 87' lang='lat' dir='ltr'>humilitate</span> <span class='ocrx_word' id='word_1_214' title='bbox 1119 3315 1175 3365; x_wconf 91' lang='lat' dir='ltr'>et</span> <span class='ocrx_word' id='word_1_215' title='bbox 1234 3312 1570 3376; x_wconf 87' lang='lat' dir='ltr'>reverentia,</span> <span class='ocrx_word' id='word_1_216' title='bbox 1606 3327 1671 3364; x_wconf 92' lang='lat' dir='ltr'>ac</span> <span class='ocrx_word' id='word_1_217' title='bbox 1705 3311 1902 3364; x_wconf 87' lang='lat' dir='ltr'>statim</span> <span class='ocrx_word' id='word_1_218' title='bbox 1937 3327 2080 3365; x_wconf 91' lang='lat' dir='ltr'>nun-</span> 
     </span>
    </p>
   </div>
   <div class='ocr_carea' id='block_1_35' title="bbox 372 3397 2077 3468">
    <p class='ocr_par' dir='ltr' id='par_1_35' title="bbox 372 3397 2077 3468">
     <span class='ocr_line' id='line_1_35' title="bbox 372 3397 2077 3468; baseline -0.002 -12"><span class='ocrx_word' id='word_1_219' title='bbox 372 3404 527 3458; x_wconf 88' lang='lat' dir='ltr'>tians</span> <span class='ocrx_word' id='word_1_220' title='bbox 557 3403 645 3457; x_wconf 89' lang='lat' dir='ltr'>vel</span> <span class='ocrx_word' id='word_1_221' title='bbox 678 3400 869 3456; x_wconf 83' lang='lat' dir='ltr'>abbati</span> <span class='ocrx_word' id='word_1_222' title='bbox 903 3399 987 3453; x_wconf 90' lang='lat' dir='ltr'>vel</span> <span class='ocrx_word' id='word_1_223' title='bbox 1029 3398 1382 3462; x_wconf 89' lang='lat' dir='ltr'>senioribus,</span> <span class='ocrx_word' id='word_1_224' title='bbox 1415 3397 1546 3467; x_wconf 91' lang='lat' dir='ltr'>quis</span> <span class='ocrx_word' id='word_1_225' title='bbox 1599 3399 1816 3453; x_wconf 87' lang='lat' dir='ltr'>venerit</span> <span class='ocrx_word' id='word_1_226' title='bbox 1847 3403 1903 3452; x_wconf 91' lang='lat' dir='ltr'>et</span> <span class='ocrx_word' id='word_1_227' title='bbox 1938 3399 2077 3468; x_wconf 91' lang='lat' dir='ltr'>quid</span> 
     </span>
    </p>
   </div>
   <div class='ocr_carea' id='block_1_36' title="bbox 369 3487 2074 3563">
    <p class='ocr_par' dir='ltr' id='par_1_36' title="bbox 369 3487 2074 3563">
     <span class='ocr_line' id='line_1_36' title="bbox 369 3487 2074 3563; baseline -0.002 -16"><span class='ocrx_word' id='word_1_228' title='bbox 369 3493 621 3563; x_wconf 89' lang='lat' dir='ltr'>petierit.</span> <span class='ocrx_word' id='word_1_229' title='bbox 657 3491 769 3544; x_wconf 85' lang='lat' dir='ltr'>Nec</span> <span class='ocrx_word' id='word_1_230' title='bbox 803 3488 958 3543; x_wconf 89' lang='lat' dir='ltr'>ullus</span> <span class='ocrx_word' id='word_1_231' title='bbox 990 3493 1397 3541; x_wconf 84' lang='lat' dir='ltr'>extraneorum</span> <span class='ocrx_word' id='word_1_232' title='bbox 1462 3487 1714 3556; x_wconf 89' lang='lat' dir='ltr'>patiatur</span> <span class='ocrx_word' id='word_1_233' title='bbox 1750 3487 2026 3557; x_wconf 89' lang='lat' dir='ltr'>injuriam</span> <span class='ocrx_word' id='word_1_234' title='bbox 2061 3504 2074 3543; x_wconf 93' lang='lat'>:</span> 
     </span>
    </p>
   </div>
   <div class='ocr_carea' id='block_1_37' title="bbox 370 3576 2079 3652">
    <p class='ocr_par' dir='ltr' id='par_1_37' title="bbox 370 3576 2079 3652">
     <span class='ocr_line' id='line_1_37' title="bbox 370 3576 2079 3652; baseline -0.002 -17"><span class='ocrx_word' id='word_1_235' title='bbox 370 3597 561 3652; x_wconf 90' lang='lat' dir='ltr'>neque</span> <span class='ocrx_word' id='word_1_236' title='bbox 591 3580 802 3633; x_wconf 88' lang='lat' dir='ltr'>habeat</span> <span class='ocrx_word' id='word_1_237' title='bbox 847 3593 980 3632; x_wconf 90' lang='lat' dir='ltr'>cum</span> <span class='ocrx_word' id='word_1_238' title='bbox 1031 3577 1225 3647; x_wconf 89' lang='lat' dir='ltr'>aliquo</span> <span class='ocrx_word' id='word_1_239' title='bbox 1258 3576 1327 3630; x_wconf 93' lang='lat' dir='ltr'>de</span> <span class='ocrx_word' id='word_1_240' title='bbox 1368 3577 1642 3631; x_wconf 86' lang='lat' dir='ltr'>fratribus</span> <span class='ocrx_word' id='word_1_241' title='bbox 1677 3578 2079 3633; x_wconf 88' lang='lat' dir='ltr'>necessitatem</span> 
     </span>
    </p>
   </div>
   <div class='ocr_carea' id='block_1_38' title="bbox 369 3666 2078 3736">
    <p class='ocr_par' dir='ltr' id='par_1_38' title="bbox 369 3666 2078 3736">
     <span class='ocr_line' id='line_1_38' title="bbox 369 3666 2078 3736; baseline -0.002 -12"><span class='ocrx_word' id='word_1_242' title='bbox 369 3686 434 3724; x_wconf 91' lang='lat' dir='ltr'>ac</span> <span class='ocrx_word' id='word_1_243' title='bbox 467 3668 802 3723; x_wconf 83' lang='lat' dir='ltr'>facultatem</span> <span class='ocrx_word' id='word_1_244' title='bbox 831 3666 1131 3736; x_wconf 89' lang='lat' dir='ltr'>loquendi,</span> <span class='ocrx_word' id='word_1_245' title='bbox 1176 3667 1400 3736; x_wconf 91' lang='lat' dir='ltr'>absque</span> <span class='ocrx_word' id='word_1_246' title='bbox 1455 3666 1810 3721; x_wconf 89' lang='lat' dir='ltr'>conscientia</span> <span class='ocrx_word' id='word_1_247' title='bbox 1850 3667 2078 3722; x_wconf 86' lang='lat' dir='ltr'>abbatis</span> 
     </span>
    </p>
   </div>
   <div class='ocr_carea' id='block_1_39' title="bbox 369 3755 2079 3827">
    <p class='ocr_par' dir='ltr' id='par_1_39' title="bbox 369 3755 2079 3827">
     <span class='ocr_line' id='line_1_39' title="bbox 369 3755 2079 3827; baseline -0.001 -13"><span class='ocrx_word' id='word_1_248' title='bbox 369 3759 455 3815; x_wconf 88' lang='lat' dir='ltr'>vel</span> <span class='ocrx_word' id='word_1_249' title='bbox 490 3758 786 3813; x_wconf 89' lang='lat' dir='ltr'>seniorum</span> <span class='ocrx_word' id='word_1_250' title='bbox 840 3757 1167 3827; x_wconf 61' lang='lat' dir='ltr'>praesentia.</span> <span class='ocrx_word' id='word_1_251' title='bbox 1201 3757 1259 3810; x_wconf 89' lang='lat' dir='ltr'>Si</span> <span class='ocrx_word' id='word_1_252' title='bbox 1315 3755 1451 3827; x_wconf 89' lang='lat' dir='ltr'>quid</span> <span class='ocrx_word' id='word_1_253' title='bbox 1492 3772 1622 3810; x_wconf 90' lang='lat' dir='ltr'>vero</span> <span class='ocrx_word' id='word_1_254' title='bbox 1655 3756 1981 3826; x_wconf 91' lang='lat' dir='ltr'>cuicunque</span> <span class='ocrx_word' id='word_1_255' title='bbox 2012 3759 2079 3812; x_wconf 91' lang='lat' dir='ltr'>de</span> 
     </span>
    </p>
   </div>
   <div class='ocr_carea' id='block_1_40' title="bbox 369 3845 2077 3916">
    <p class='ocr_par' dir='ltr' id='par_1_40' title="bbox 369 3845 2077 3916">
     <span class='ocr_line' id='line_1_40' title="bbox 369 3845 2077 3916; baseline -0.004 -11"><span class='ocrx_word' id='word_1_256' title='bbox 369 3848 649 3905; x_wconf 88' lang='lat' dir='ltr'>fratribus</span> <span class='ocrx_word' id='word_1_257' title='bbox 702 3847 946 3902; x_wconf 90' lang='lat' dir='ltr'>missum</span> <span class='ocrx_word' id='word_1_258' title='bbox 1021 3846 1484 3916; x_wconf 88' lang='lat' dir='ltr'>mandatumque</span> <span class='ocrx_word' id='word_1_259' title='bbox 1545 3845 1738 3910; x_wconf 89' lang='lat' dir='ltr'>fuerit,</span> <span class='ocrx_word' id='word_1_260' title='bbox 1801 3845 1947 3900; x_wconf 91' lang='lat' dir='ltr'>nihil</span> <span class='ocrx_word' id='word_1_261' title='bbox 2006 3847 2077 3900; x_wconf 89' lang='lat' dir='ltr'>ad</span> 
     </span>
    </p>
   </div>
   <div class='ocr_carea' id='block_1_41' title="bbox 366 3935 2079 4011">
    <p class='ocr_par' dir='ltr' id='par_1_41' title="bbox 366 3935 2079 4011">
     <span class='ocr_line' id='line_1_41' title="bbox 366 3935 2079 4011; baseline -0.002 -17"><span class='ocrx_word' id='word_1_262' title='bbox 366 3941 562 4011; x_wconf 91' lang='lat' dir='ltr'>ipsum</span> <span class='ocrx_word' id='word_1_263' title='bbox 624 3936 919 4010; x_wconf 87' lang='lat' dir='ltr'>perveniat</span> <span class='ocrx_word' id='word_1_264' title='bbox 986 3937 1329 4008; x_wconf 85' lang='lat' dir='ltr'>priusquam</span> <span class='ocrx_word' id='word_1_265' title='bbox 1390 3935 1582 3990; x_wconf 87' lang='lat' dir='ltr'>abbati</span> <span class='ocrx_word' id='word_1_266' title='bbox 1633 3936 1717 3990; x_wconf 93' lang='lat' dir='ltr'>vel</span> <span class='ocrx_word' id='word_1_267' title='bbox 1751 3937 2079 3991; x_wconf 90' lang='lat' dir='ltr'>senioribus</span> 
     </span>
    </p>
   </div>
   <div class='ocr_carea' id='block_1_42' title="bbox 365 4025 2075 4085">
    <p class='ocr_par' dir='ltr' id='par_1_42' title="bbox 365 4025 2075 4085">
     <span class='ocr_line' id='line_1_42' title="bbox 365 4025 2075 4085; baseline -0.003 0"><span class='ocrx_word' id='word_1_268' title='bbox 365 4030 677 4085; x_wconf 90' lang='lat' dir='ltr'>indicetur.</span> <span class='ocrx_word' id='word_1_269' title='bbox 710 4031 853 4082; x_wconf 87' lang='lat' dir='ltr'>Ante</span> <span class='ocrx_word' id='word_1_270' title='bbox 901 4027 1096 4082; x_wconf 86' lang='lat' dir='ltr'>omnia</span> <span class='ocrx_word' id='word_1_271' title='bbox 1144 4026 1421 4081; x_wconf 80' lang='lat' dir='ltr'>ostiarius</span> <span class='ocrx_word' id='word_1_272' title='bbox 1455 4025 1790 4080; x_wconf 88' lang='lat' dir='ltr'>monasterii</span> <span class='ocrx_word' id='word_1_273' title='bbox 1824 4026 1944 4080; x_wconf 73' lang='lat' dir='ltr'>haec</span> <span class='ocrx_word' id='word_1_274' title='bbox 1975 4027 2075 4081; x_wconf 89' lang='lat' dir='ltr'>ob-</span> 
     </span>
    </p>
   </div>
   <div class='ocr_carea' id='block_1_43' title="bbox 364 4115 2076 4187">
    <p class='ocr_par' dir='ltr' id='par_1_43' title="bbox 364 4115 2076 4187">
     <span class='ocr_line' id='line_1_43' title="bbox 364 4115 2076 4187; baseline -0.003 -12"><span class='ocrx_word' id='word_1_275' title='bbox 364 4121 634 4187; x_wconf 90' lang='lat' dir='ltr'>servabit,</span> <span class='ocrx_word' id='word_1_276' title='bbox 669 4132 739 4172; x_wconf 90' lang='lat' dir='ltr'>ne</span> <span class='ocrx_word' id='word_1_277' title='bbox 799 4131 1152 4187; x_wconf 89' lang='lat' dir='ltr'>quemquam</span> <span class='ocrx_word' id='word_1_278' title='bbox 1212 4116 1282 4169; x_wconf 94' lang='lat' dir='ltr'>de</span> <span class='ocrx_word' id='word_1_279' title='bbox 1339 4115 1617 4168; x_wconf 81' lang='lat' dir='ltr'>fratribus</span> <span class='ocrx_word' id='word_1_280' title='bbox 1647 4115 1787 4169; x_wconf 89' lang='lat' dir='ltr'>foris</span> <span class='ocrx_word' id='word_1_281' title='bbox 1835 4115 2076 4184; x_wconf 88' lang='lat' dir='ltr'>januam</span> 
     </span>
    </p>
   </div>
   <div class='ocr_carea' id='block_1_44' title="bbox 367 4207 867 4278">
    <p class='ocr_par' dir='ltr' id='par_1_44' title="bbox 367 4207 867 4278">
     <span class='ocr_line' id='line_1_44' title="bbox 367 4207 867 4278; baseline -0.01 -14"><span class='ocrx_word' id='word_1_282' title='bbox 367 4211 519 4265; x_wconf 82' lang='lat' dir='ltr'>exire</span> <span class='ocrx_word' id='word_1_283' title='bbox 552 4207 867 4278; x_wconf 91' lang='lat' dir='ltr'>permittat.</span> 
     </span>
    </p>
   </div>
   <div class='ocr_carea' id='block_1_45' title="bbox 439 4347 2078 4417">
    <p class='ocr_par' dir='ltr' id='par_1_45' title="bbox 439 4347 2078 4417">
     <span class='ocr_line' id='line_1_45' title="bbox 439 4347 2078 4417; baseline 0 -13"><span class='ocrx_word' id='word_1_284' title='bbox 439 4349 659 4404; x_wconf 85' lang='lat' dir='ltr'>XXVII.</span> <span class='ocrx_word' id='word_1_285' title='bbox 693 4348 749 4401; x_wconf 85' lang='lat' dir='ltr'>Si</span> <span class='ocrx_word' id='word_1_286' title='bbox 784 4347 916 4417; x_wconf 90' lang='lat' dir='ltr'>quis</span> <span class='ocrx_word' id='word_1_287' title='bbox 972 4347 1280 4402; x_wconf 88' lang='lat' dir='ltr'>accesserit</span> <span class='ocrx_word' id='word_1_288' title='bbox 1328 4347 1398 4402; x_wconf 89' lang='lat' dir='ltr'>ad</span> <span class='ocrx_word' id='word_1_289' title='bbox 1431 4347 1641 4403; x_wconf 91' lang='lat' dir='ltr'>ostium</span> <span class='ocrx_word' id='word_1_290' title='bbox 1675 4348 1873 4403; x_wconf 90' lang='lat' dir='ltr'>volens</span> <span class='ocrx_word' id='word_1_291' title='bbox 1907 4364 2078 4404; x_wconf 71' lang='lat' dir='ltr'>scecu.</span> 
     </span>
    </p>
   </div>
   <div class='ocr_carea' id='block_1_46' title="bbox 367 4436 2076 4510">
    <p class='ocr_par' dir='ltr' id='par_1_46' title="bbox 367 4436 2076 4510">
     <span class='ocr_line' id='line_1_46' title="bbox 367 4436 2076 4510; baseline -0.001 -15"><span class='ocrx_word' id='word_1_292' title='bbox 367 4441 421 4495; x_wconf 90' lang='lat' dir='ltr'>lo</span> <span class='ocrx_word' id='word_1_293' title='bbox 481 4436 838 4503; x_wconf 89' lang='lat' dir='ltr'>renuntiare,</span> <span class='ocrx_word' id='word_1_294' title='bbox 881 4440 936 4491; x_wconf 91' lang='lat' dir='ltr'>et</span> <span class='ocrx_word' id='word_1_295' title='bbox 995 4437 1238 4492; x_wconf 86' lang='lat' dir='ltr'>fratrum</span> <span class='ocrx_word' id='word_1_296' title='bbox 1281 4438 1572 4510; x_wconf 84' lang='lat' dir='ltr'>aggregari</span> <span class='ocrx_word' id='word_1_297' title='bbox 1635 4455 1898 4506; x_wconf 90' lang='lat' dir='ltr'>numero,</span> <span class='ocrx_word' id='word_1_298' title='bbox 1960 4456 2076 4495; x_wconf 92' lang='lat' dir='ltr'>non</span> 
     </span>
    </p>
   </div>
   <div class='ocr_carea' id='block_1_47' title="bbox 364 4526 2078 4598">
    <p class='ocr_par' dir='ltr' id='par_1_47' title="bbox 364 4526 2078 4598">
     <span class='ocr_line' id='line_1_47' title="bbox 364 4526 2078 4598; baseline 0.002 -16"><span class='ocrx_word' id='word_1_299' title='bbox 364 4529 572 4584; x_wconf 87' lang='lat' dir='ltr'>habeat</span> <span class='ocrx_word' id='word_1_300' title='bbox 597 4528 925 4582; x_wconf 87' lang='lat' dir='ltr'>libertatem</span> <span class='ocrx_word' id='word_1_301' title='bbox 959 4526 1212 4581; x_wconf 90' lang='lat' dir='ltr'>intrandi</span> <span class='ocrx_word' id='word_1_302' title='bbox 1247 4543 1259 4580; x_wconf 92' lang='lat'>:</span> <span class='ocrx_word' id='word_1_303' title='bbox 1298 4529 1396 4582; x_wconf 91' lang='lat' dir='ltr'>sed</span> <span class='ocrx_word' id='word_1_304' title='bbox 1450 4529 1609 4598; x_wconf 91' lang='lat' dir='ltr'>prius</span> <span class='ocrx_word' id='word_1_305' title='bbox 1643 4530 1944 4584; x_wconf 91' lang='lat' dir='ltr'>nuntietur</span> <span class='ocrx_word' id='word_1_306' title='bbox 1975 4529 2078 4585; x_wconf 89' lang='lat' dir='ltr'>Pa-</span> 
     </span>
    </p>
   </div>
   <div class='ocr_carea' id='block_1_48' title="bbox 363 4612 2147 4690">
    <p class='ocr_par' dir='ltr' id='par_1_48' title="bbox 363 4612 2147 4690">
     <span class='ocr_line' id='line_1_48' title="bbox 363 4612 2147 4690; baseline 0.001 -16"><span class='ocrx_word' id='word_1_307' title='bbox 363 4621 438 4674; x_wconf 85' lang='lat' dir='ltr'>tri</span> <span class='ocrx_word' id='word_1_308' title='bbox 475 4618 828 4687; x_wconf 87' lang='lat' dir='ltr'>monasterii,</span> <span class='ocrx_word' id='word_1_309' title='bbox 863 4622 918 4672; x_wconf 88' lang='lat' dir='ltr'>et</span> <span class='ocrx_word' id='word_1_310' title='bbox 978 4620 1236 4674; x_wconf 89' lang='lat' dir='ltr'>manebit</span> <span class='ocrx_word' id='word_1_311' title='bbox 1293 4621 1495 4690; x_wconf 87' lang='lat' dir='ltr'>paucis</span> <span class='ocrx_word' id='word_1_312' title='bbox 1527 4619 1733 4675; x_wconf 90' lang='lat' dir='ltr'>diebus</span> <span class='ocrx_word' id='word_1_313' title='bbox 1765 4621 1904 4676; x_wconf 89' lang='lat' dir='ltr'>foris</span> <span class='ocrx_word' id='word_1_314' title='bbox 1937 4626 2070 4677; x_wconf 87' lang='lat' dir='ltr'>ante</span> <span class='ocrx_word' id='word_1_315' title='bbox 2102 4612 2147 4675; x_wconf 84' lang='grc' dir='ltr'>Ι)</span> 
     </span>
    </p>
   </div>
   <div class='ocr_carea' id='block_1_49' title="bbox 360 4709 2069 4781">
    <p class='ocr_par' dir='ltr' id='par_1_49' title="bbox 360 4709 2069 4781">
     <span class='ocr_line' id='line_1_49' title="bbox 360 4709 2069 4781; baseline 0.001 -15"><span class='ocrx_word' id='word_1_316' title='bbox 360 4711 628 4781; x_wconf 89' lang='lat' dir='ltr'>januam,</span> <span class='ocrx_word' id='word_1_317' title='bbox 692 4726 754 4765; x_wconf 91' lang='lat' dir='ltr'>ac</span> <span class='ocrx_word' id='word_1_318' title='bbox 814 4709 1116 4765; x_wconf 90' lang='lat' dir='ltr'>docebitur</span> <span class='ocrx_word' id='word_1_319' title='bbox 1173 4709 1493 4766; x_wconf 89' lang='lat' dir='ltr'>orationem</span> <span class='ocrx_word' id='word_1_320' title='bbox 1573 4711 1955 4776; x_wconf 89' lang='lat' dir='ltr'>Dominicam,</span> <span class='ocrx_word' id='word_1_321' title='bbox 2017 4719 2069 4768; x_wconf 89' lang='lat' dir='ltr'>et</span> 
     </span>
    </p>
   </div>
   <div class='ocr_carea' id='block_1_50' title="bbox 365 4800 2069 4872">
    <p class='ocr_par' dir='ltr' id='par_1_50' title="bbox 365 4800 2069 4872">
     <span class='ocr_line' id='line_1_50' title="bbox 365 4800 2069 4872; baseline -0.001 -14"><span class='ocrx_word' id='word_1_322' title='bbox 365 4802 640 4872; x_wconf 86' lang='lat' dir='ltr'>psalmos,</span> <span class='ocrx_word' id='word_1_323' title='bbox 675 4805 929 4871; x_wconf 90' lang='lat' dir='ltr'>quantos</span> <span class='ocrx_word' id='word_1_324' title='bbox 979 4801 1231 4872; x_wconf 90' lang='lat' dir='ltr'>potuerit</span> <span class='ocrx_word' id='word_1_325' title='bbox 1263 4800 1515 4866; x_wconf 89' lang='lat' dir='ltr'>discere;</span> <span class='ocrx_word' id='word_1_326' title='bbox 1544 4803 1598 4854; x_wconf 93' lang='lat' dir='ltr'>et</span> <span class='ocrx_word' id='word_1_327' title='bbox 1647 4800 1953 4869; x_wconf 87' lang='lat' dir='ltr'>diligenter</span> <span class='ocrx_word' id='word_1_328' title='bbox 1983 4803 2069 4857; x_wconf 90' lang='lat' dir='ltr'>sui</span> 
     </span>
    </p>
   </div>
   <div class='ocr_carea' id='block_1_51' title="bbox 363 4889 2072 4962">
    <p class='ocr_par' dir='ltr' id='par_1_51' title="bbox 363 4889 2072 4962">
     <span class='ocr_line' id='line_1_51' title="bbox 363 4889 2072 4962; baseline 0 -16"><span class='ocrx_word' id='word_1_329' title='bbox 363 4891 828 4962; x_wconf 80' lang='lat' dir='ltr'>experimentum</span> <span class='ocrx_word' id='word_1_330' title='bbox 861 4891 1045 4958; x_wconf 88' lang='lat' dir='ltr'>dabit,</span> <span class='ocrx_word' id='word_1_331' title='bbox 1081 4907 1150 4945; x_wconf 92' lang='lat' dir='ltr'>ne</span> <span class='ocrx_word' id='word_1_332' title='bbox 1206 4891 1353 4945; x_wconf 88' lang='lat' dir='ltr'>forte</span> <span class='ocrx_word' id='word_1_333' title='bbox 1414 4889 1551 4944; x_wconf 89' lang='lat' dir='ltr'>mali</span> <span class='ocrx_word' id='word_1_334' title='bbox 1583 4889 1887 4960; x_wconf 87' lang='lat' dir='ltr'>quidpiam</span> <span class='ocrx_word' id='word_1_335' title='bbox 1921 4891 2072 4946; x_wconf 91' lang='lat' dir='ltr'>fece-</span> 
     </span>
    </p>
   </div>
   <div class='ocr_carea' id='block_1_52' title="bbox 361 4978 2070 5048">
    <p class='ocr_par' dir='ltr' id='par_1_52' title="bbox 361 4978 2070 5048">
     <span class='ocr_line' id='line_1_52' title="bbox 361 4978 2070 5048; baseline 0 -13"><span class='ocrx_word' id='word_1_336' title='bbox 361 4981 452 5047; x_wconf 89' lang='lat' dir='ltr'>rit,</span> <span class='ocrx_word' id='word_1_337' title='bbox 487 4985 550 5034; x_wconf 90' lang='lat' dir='ltr'>ut</span> <span class='ocrx_word' id='word_1_338' title='bbox 606 4979 877 5035; x_wconf 90' lang='lat' dir='ltr'>turbatus</span> <span class='ocrx_word' id='word_1_339' title='bbox 934 4979 1005 5035; x_wconf 87' lang='lat' dir='ltr'>ad</span> <span class='ocrx_word' id='word_1_340' title='bbox 1066 4980 1268 5034; x_wconf 89' lang='lat' dir='ltr'>horam</span> <span class='ocrx_word' id='word_1_341' title='bbox 1327 4980 1534 5034; x_wconf 88' lang='lat' dir='ltr'>timore</span> <span class='ocrx_word' id='word_1_342' title='bbox 1593 4978 1944 5048; x_wconf 89' lang='lat' dir='ltr'>discesserit,</span> <span class='ocrx_word' id='word_1_343' title='bbox 1968 4998 2070 5036; x_wconf 87' lang='lat' dir='ltr'>au-</span> 
     </span>
    </p>
   </div>
   <div class='ocr_carea' id='block_1_53' title="bbox 363 5069 2070 5141">
    <p class='ocr_par' dir='ltr' id='par_1_53' title="bbox 363 5069 2070 5141">
     <span class='ocr_line' id='line_1_53' title="bbox 363 5069 2070 5141; baseline 0 -14"><span class='ocrx_word' id='word_1_344' title='bbox 363 5070 470 5127; x_wconf 88' lang='lat' dir='ltr'>sub</span> <span class='ocrx_word' id='word_1_345' title='bbox 503 5069 701 5140; x_wconf 87' lang='lat' dir='ltr'>aliqua</span> <span class='ocrx_word' id='word_1_346' title='bbox 732 5072 1010 5141; x_wconf 88' lang='lat' dir='ltr'>potestate</span> <span class='ocrx_word' id='word_1_347' title='bbox 1041 5071 1156 5139; x_wconf 89' lang='lat' dir='ltr'>sit;</span> <span class='ocrx_word' id='word_1_348' title='bbox 1191 5074 1246 5125; x_wconf 89' lang='lat' dir='ltr'>et</span> <span class='ocrx_word' id='word_1_349' title='bbox 1280 5075 1472 5126; x_wconf 91' lang='lat' dir='ltr'>utrum</span> <span class='ocrx_word' id='word_1_350' title='bbox 1516 5071 1702 5141; x_wconf 88' lang='lat' dir='ltr'>possit</span> <span class='ocrx_word' id='word_1_351' title='bbox 1733 5071 2070 5128; x_wconf 88' lang='lat' dir='ltr'>renuntiare</span> 
     </span>
    </p>
   </div>
   <div class='ocr_carea' id='block_1_54' title="bbox 361 5160 2066 5233">
    <p class='ocr_par' dir='ltr' id='par_1_54' title="bbox 361 5160 2066 5233">
     <span class='ocr_line' id='line_1_54' title="bbox 361 5160 2066 5233; baseline 0.001 -16"><span class='ocrx_word' id='word_1_352' title='bbox 361 5161 700 5232; x_wconf 89' lang='lat' dir='ltr'>parentibus</span> <span class='ocrx_word' id='word_1_353' title='bbox 731 5160 876 5233; x_wconf 75' lang='lat' dir='ltr'>suis,</span> <span class='ocrx_word' id='word_1_354' title='bbox 909 5168 961 5216; x_wconf 88' lang='lat' dir='ltr'>et</span> <span class='ocrx_word' id='word_1_355' title='bbox 994 5161 1284 5233; x_wconf 89' lang='lat' dir='ltr'>propriam</span> <span class='ocrx_word' id='word_1_356' title='bbox 1316 5166 1686 5218; x_wconf 88' lang='lat' dir='ltr'>contemnere</span> <span class='ocrx_word' id='word_1_357' title='bbox 1733 5161 2066 5218; x_wconf 87' lang='lat' dir='ltr'>facultatem</span> 
     </span>
    </p>
   </div>
   <div class='ocr_carea' id='block_1_55' title="bbox 363 5250 2070 5323">
    <p class='ocr_par' dir='ltr' id='par_1_55' title="bbox 363 5250 2070 5323">
     <span class='ocr_line' id='line_1_55' title="bbox 363 5250 2070 5323; baseline 0.001 -17"><span class='ocrx_word' id='word_1_358' title='bbox 363 5252 418 5306; x_wconf 87' lang='lat' dir='ltr'>Si</span> <span class='ocrx_word' id='word_1_359' title='bbox 441 5268 573 5306; x_wconf 90' lang='lat' dir='ltr'>eum</span> <span class='ocrx_word' id='word_1_360' title='bbox 597 5250 848 5307; x_wconf 82' lang='lat' dir='ltr'>viderint.</span> <span class='ocrx_word' id='word_1_361' title='bbox 907 5255 1110 5323; x_wconf 91' lang='lat' dir='ltr'>aptum</span> <span class='ocrx_word' id='word_1_362' title='bbox 1163 5252 1234 5306; x_wconf 91' lang='lat' dir='ltr'>ad</span> <span class='ocrx_word' id='word_1_363' title='bbox 1294 5251 1513 5320; x_wconf 90' lang='lat' dir='ltr'>omnia,</span> <span class='ocrx_word' id='word_1_364' title='bbox 1570 5255 1709 5307; x_wconf 87' lang='lat' dir='ltr'>tunc</span> <span class='ocrx_word' id='word_1_365' title='bbox 1771 5252 2070 5308; x_wconf 88' lang='lat' dir='ltr'>docebitur</span> 
     </span>
    </p>
   </div>
   <div class='ocr_carea' id='block_1_56' title="bbox 360 5340 2071 5412">
    <p class='ocr_par' dir='ltr' id='par_1_56' title="bbox 360 5340 2071 5412">
     <span class='ocr_line' id='line_1_56' title="bbox 360 5340 2071 5412; baseline 0.003 -18"><span class='ocrx_word' id='word_1_366' title='bbox 360 5344 416 5394; x_wconf 91' lang='lat' dir='ltr'>et</span> <span class='ocrx_word' id='word_1_367' title='bbox 446 5340 703 5412; x_wconf 89' lang='lat' dir='ltr'>reliquas</span> <span class='ocrx_word' id='word_1_368' title='bbox 766 5340 1103 5395; x_wconf 87' lang='lat' dir='ltr'>monasterii</span> <span class='ocrx_word' id='word_1_369' title='bbox 1165 5340 1545 5410; x_wconf 87' lang='lat' dir='ltr'>disciplinas;</span> <span class='ocrx_word' id='word_1_370' title='bbox 1599 5357 1726 5410; x_wconf 76' lang='lat' dir='ltr'>quae</span> <span class='ocrx_word' id='word_1_371' title='bbox 1761 5342 1944 5398; x_wconf 85' lang='lat' dir='ltr'>facere</span> <span class='ocrx_word' id='word_1_372' title='bbox 1975 5343 2071 5399; x_wconf 85' lang='lat' dir='ltr'>de-</span> 
     </span>
    </p>
   </div>
   <div class='ocr_carea' id='block_1_57' title="bbox 364 5429 2066 5502">
    <p class='ocr_par' dir='ltr' id='par_1_57' title="bbox 364 5429 2066 5502">
     <span class='ocr_line' id='line_1_57' title="bbox 364 5429 2066 5502; baseline 0.004 -19"><span class='ocrx_word' id='word_1_373' title='bbox 364 5431 514 5497; x_wconf 86' lang='lat' dir='ltr'>beat,</span> <span class='ocrx_word' id='word_1_374' title='bbox 549 5431 880 5502; x_wconf 89' lang='lat' dir='ltr'>quibusque</span> <span class='ocrx_word' id='word_1_375' title='bbox 938 5431 1172 5499; x_wconf 89' lang='lat' dir='ltr'>servire,</span> <span class='ocrx_word' id='word_1_376' title='bbox 1207 5431 1328 5486; x_wconf 91' lang='lat' dir='ltr'>sive</span> <span class='ocrx_word' id='word_1_377' title='bbox 1389 5431 1445 5486; x_wconf 92' lang='lat' dir='ltr'>in</span> <span class='ocrx_word' id='word_1_378' title='bbox 1515 5429 1751 5487; x_wconf 87' lang='lat' dir='ltr'>collecta</span> <span class='ocrx_word' id='word_1_379' title='bbox 1802 5435 2066 5490; x_wconf 90' lang='lat' dir='ltr'>omnium</span> 
     </span>
    </p>
   </div>
   <div class='ocr_carea' id='block_1_58' title="bbox 363 5519 2067 5591">
    <p class='ocr_par' dir='ltr' id='par_1_58' title="bbox 363 5519 2067 5591">
     <span class='ocr_line' id='line_1_58' title="bbox 363 5519 2067 5591; baseline 0.004 -20"><span class='ocrx_word' id='word_1_380' title='bbox 363 5519 627 5586; x_wconf 87' lang='lat' dir='ltr'>fratrum,</span> <span class='ocrx_word' id='word_1_381' title='bbox 664 5520 782 5574; x_wconf 87' lang='lat' dir='ltr'>sive</span> <span class='ocrx_word' id='word_1_382' title='bbox 838 5520 899 5573; x_wconf 90' lang='lat' dir='ltr'>in</span> <span class='ocrx_word' id='word_1_383' title='bbox 958 5521 1128 5576; x_wconf 92' lang='lat' dir='ltr'>domo</span> <span class='ocrx_word' id='word_1_384' title='bbox 1187 5521 1280 5574; x_wconf 91' lang='lat' dir='ltr'>cui</span> <span class='ocrx_word' id='word_1_385' title='bbox 1340 5520 1660 5576; x_wconf 88' lang='lat' dir='ltr'>tradendus</span> <span class='ocrx_word' id='word_1_386' title='bbox 1717 5527 1827 5591; x_wconf 89' lang='lat' dir='ltr'>est,</span> <span class='ocrx_word' id='word_1_387' title='bbox 1860 5525 1978 5578; x_wconf 89' lang='lat' dir='ltr'>sive</span> <span class='ocrx_word' id='word_1_388' title='bbox 2008 5525 2067 5578; x_wconf 89' lang='lat' dir='ltr'>in</span> 
     </span>
    </p>
   </div>
   <div class='ocr_carea' id='block_1_59' title="bbox 363 5607 2066 5681">
    <p class='ocr_par' dir='ltr' id='par_1_59' title="bbox 363 5607 2066 5681">
     <span class='ocr_line' id='line_1_59' title="bbox 363 5607 2066 5681; baseline 0.005 -20"><span class='ocrx_word' id='word_1_389' title='bbox 363 5607 629 5661; x_wconf 84' lang='lat' dir='ltr'>vescendi</span> <span class='ocrx_word' id='word_1_390' title='bbox 688 5609 888 5664; x_wconf 89' lang='lat' dir='ltr'>ordine</span> <span class='ocrx_word' id='word_1_391' title='bbox 923 5626 935 5664; x_wconf 91' lang='lat'>:</span> <span class='ocrx_word' id='word_1_392' title='bbox 967 5615 1030 5664; x_wconf 89' lang='lat' dir='ltr'>ut</span> <span class='ocrx_word' id='word_1_393' title='bbox 1076 5610 1398 5666; x_wconf 85' lang='lat' dir='ltr'>instructus</span> <span class='ocrx_word' id='word_1_394' title='bbox 1440 5614 1616 5681; x_wconf 88' lang='lat' dir='ltr'>atque</span> <span class='ocrx_word' id='word_1_395' title='bbox 1675 5613 1963 5680; x_wconf 89' lang='lat' dir='ltr'>perfectus</span> <span class='ocrx_word' id='word_1_396' title='bbox 2008 5616 2066 5670; x_wconf 90' lang='lat' dir='ltr'>in</span> 
     </span>
    </p>
   </div>
   <div class='ocr_carea' id='block_1_60' title="bbox 366 5694 2069 5771">
    <p class='ocr_par' dir='ltr' id='par_1_60' title="bbox 366 5694 2069 5771">
     <span class='ocr_line' id='line_1_60' title="bbox 366 5694 2069 5771; baseline 0.006 -20"><span class='ocrx_word' id='word_1_397' title='bbox 366 5694 526 5751; x_wconf 90' lang='lat' dir='ltr'>omni</span> <span class='ocrx_word' id='word_1_398' title='bbox 558 5711 728 5765; x_wconf 84' lang='lat' dir='ltr'>opere</span> <span class='ocrx_word' id='word_1_399' title='bbox 759 5696 909 5755; x_wconf 87' lang='lat' dir='ltr'>bono</span> <span class='ocrx_word' id='word_1_400' title='bbox 941 5699 1217 5759; x_wconf 77' lang='lat' dir='ltr'>fratribus</span> <span class='ocrx_word' id='word_1_401' title='bbox 1267 5701 1594 5771; x_wconf 87' lang='lat' dir='ltr'>copuletur.</span> <span class='ocrx_word' id='word_1_402' title='bbox 1652 5702 1780 5758; x_wconf 63' lang='lat' dir='ltr'>Hac</span> <span class='ocrx_word' id='word_1_403' title='bbox 1801 5703 2069 5761; x_wconf 83' lang='lat' dir='ltr'>observa-</span> 
     </span>
    </p>
   </div>
   <div class='ocr_carea' id='block_1_61' title="bbox 2198 574 3460 645">
    <p class='ocr_par' dir='ltr' id='par_1_61' title="bbox 2198 574 3460 645">
     <span class='ocr_line' id='line_1_61' title="bbox 2198 574 3460 645; baseline 0.002 -17"><span class='ocrx_word' id='word_1_404' title='bbox 2198 574 2475 645; x_wconf 87' lang='lat' dir='ltr'>scriptum</span> <span class='ocrx_word' id='word_1_405' title='bbox 2507 579 2614 642; x_wconf 87' lang='lat' dir='ltr'>est,</span> <span class='ocrx_word' id='word_1_406' title='bbox 2641 583 2693 630; x_wconf 88' lang='lat' dir='ltr'>et</span> <span class='ocrx_word' id='word_1_407' title='bbox 2727 577 3082 632; x_wconf 85' lang='lat' dir='ltr'>annuntians</span> <span class='ocrx_word' id='word_1_408' title='bbox 3115 577 3460 633; x_wconf 89' lang='lat' dir='ltr'>senioribus.</span> 
     </span>
    </p>
   </div>
   <div class='ocr_carea' id='block_1_62' title="bbox 2268 719 3911 794">
    <p class='ocr_par' dir='ltr' id='par_1_62' title="bbox 2268 719 3911 794">
     <span class='ocr_line' id='line_1_62' title="bbox 2268 719 3911 794; baseline 0.003 -20"><span class='ocrx_word' id='word_1_409' title='bbox 2268 719 2512 774; x_wconf 81' lang='lat' dir='ltr'><strong>XXVIII.</strong></span> <span class='ocrx_word' id='word_1_410' title='bbox 2547 720 2954 791; x_wconf 89' lang='lat' dir='ltr'>Septimanarii</span> <span class='ocrx_word' id='word_1_411' title='bbox 2989 723 3059 776; x_wconf 87' lang='lat' dir='ltr'>ad</span> <span class='ocrx_word' id='word_1_412' title='bbox 3125 724 3284 778; x_wconf 90' lang='lat' dir='ltr'>cibos</span> <span class='ocrx_word' id='word_1_413' title='bbox 3342 724 3654 794; x_wconf 87' lang='lat' dir='ltr'>parandos,</span> <span class='ocrx_word' id='word_1_414' title='bbox 3689 723 3780 777; x_wconf 90' lang='lat' dir='ltr'>vel</span> <span class='ocrx_word' id='word_1_415' title='bbox 3843 725 3911 779; x_wconf 85' lang='lat' dir='ltr'>ad</span> 
     </span>
    </p>
   </div>
   <div class='ocr_carea' id='block_1_63' title="bbox 2195 809 3915 881">
    <p class='ocr_par' dir='ltr' id='par_1_63' title="bbox 2195 809 3915 881">
     <span class='ocr_line' id='line_1_63' title="bbox 2195 809 3915 881; baseline 0.003 -18"><span class='ocrx_word' id='word_1_416' title='bbox 2195 809 2510 866; x_wconf 89' lang='lat' dir='ltr'>luminaria</span> <span class='ocrx_word' id='word_1_417' title='bbox 2542 810 2966 879; x_wconf 90' lang='lat' dir='ltr'>concinnanda,</span> <span class='ocrx_word' id='word_1_418' title='bbox 3002 811 3087 864; x_wconf 91' lang='lat' dir='ltr'>vel</span> <span class='ocrx_word' id='word_1_419' title='bbox 3128 813 3197 866; x_wconf 91' lang='lat' dir='ltr'>ad</span> <span class='ocrx_word' id='word_1_420' title='bbox 3242 812 3455 867; x_wconf 89' lang='lat' dir='ltr'>nitores</span> <span class='ocrx_word' id='word_1_421' title='bbox 3489 813 3812 877; x_wconf 87' lang='lat' dir='ltr'>faciendos,</span> <span class='ocrx_word' id='word_1_422' title='bbox 3862 833 3915 881; x_wconf 51' lang='lat' dir='ltr'>et</span> 
     </span>
    </p>
   </div>
   <div class='ocr_carea' id='block_1_64' title="bbox 2196 895 3913 974">
    <p class='ocr_par' dir='ltr' id='par_1_64' title="bbox 2196 895 3913 974">
     <span class='ocr_line' id='line_1_64' title="bbox 2196 895 3913 974; baseline 0.005 -21"><span class='ocrx_word' id='word_1_423' title='bbox 2196 917 2318 970; x_wconf 73' lang='lat' dir='ltr'>qua:</span> <span class='ocrx_word' id='word_1_424' title='bbox 2385 900 2454 953; x_wconf 88' lang='lat' dir='ltr'>ad</span> <span class='ocrx_word' id='word_1_425' title='bbox 2487 900 2830 970; x_wconf 89' lang='lat' dir='ltr'>obsequium</span> <span class='ocrx_word' id='word_1_426' title='bbox 2883 895 3142 971; x_wconf 83' lang='lat' dir='ltr'>ususque</span> <span class='ocrx_word' id='word_1_427' title='bbox 3203 903 3539 956; x_wconf 87' lang='lat' dir='ltr'>monasterii</span> <span class='ocrx_word' id='word_1_428' title='bbox 3594 904 3913 974; x_wconf 80' lang='lat' dir='ltr'>pertinent.</span> 
     </span>
    </p>
   </div>
   <div class='ocr_carea' id='block_1_65' title="bbox 2197 990 3912 1061">
    <p class='ocr_par' dir='ltr' id='par_1_65' title="bbox 2197 990 3912 1061">
     <span class='ocr_line' id='line_1_65' title="bbox 2197 990 3912 1061; baseline 0.003 -17"><span class='ocrx_word' id='word_1_429' title='bbox 2197 1005 2426 1060; x_wconf 90' lang='lat' dir='ltr'>semper</span> <span class='ocrx_word' id='word_1_430' title='bbox 2457 990 2641 1061; x_wconf 89' lang='lat' dir='ltr'>parati</span> <span class='ocrx_word' id='word_1_431' title='bbox 2674 990 2811 1044; x_wconf 90' lang='lat' dir='ltr'>sint.</span> <span class='ocrx_word' id='word_1_432' title='bbox 2851 991 2958 1045; x_wconf 91' lang='lat' dir='ltr'>[los</span> <span class='ocrx_word' id='word_1_433' title='bbox 3001 991 3157 1045; x_wconf 92' lang='lat' dir='ltr'>nulla</span> <span class='ocrx_word' id='word_1_434' title='bbox 3218 991 3330 1046; x_wconf 89' lang='lat' dir='ltr'>alia</span> <span class='ocrx_word' id='word_1_435' title='bbox 3390 993 3714 1048; x_wconf 85' lang='lat' dir='ltr'>necessitas</span> <span class='ocrx_word' id='word_1_436' title='bbox 3746 1011 3912 1050; x_wconf 88' lang='lat' dir='ltr'>occu-</span> 
     </span>
    </p>
   </div>
   <div class='ocr_carea' id='block_1_66' title="bbox 2197 1079 3914 1151">
    <p class='ocr_par' dir='ltr' id='par_1_66' title="bbox 2197 1079 3914 1151">
     <span class='ocr_line' id='line_1_66' title="bbox 2197 1079 3914 1151; baseline 0.005 -19"><span class='ocrx_word' id='word_1_437' title='bbox 2197 1083 2312 1150; x_wconf 90' lang='lat' dir='ltr'>pet,</span> <span class='ocrx_word' id='word_1_438' title='bbox 2345 1081 2445 1133; x_wconf 89' lang='lat' dir='ltr'>sed</span> <span class='ocrx_word' id='word_1_439' title='bbox 2472 1081 2531 1134; x_wconf 92' lang='lat' dir='ltr'>in</span> <span class='ocrx_word' id='word_1_440' title='bbox 2593 1079 2699 1134; x_wconf 91' lang='lat' dir='ltr'>hoc</span> <span class='ocrx_word' id='word_1_441' title='bbox 2749 1080 3010 1134; x_wconf 89' lang='lat' dir='ltr'>studium</span> <span class='ocrx_word' id='word_1_442' title='bbox 3072 1081 3436 1151; x_wconf 87' lang='lat' dir='ltr'>impendant,</span> <span class='ocrx_word' id='word_1_443' title='bbox 3464 1086 3525 1136; x_wconf 83' lang='lat' dir='ltr'>ut</span> <span class='ocrx_word' id='word_1_444' title='bbox 3555 1099 3680 1137; x_wconf 90' lang='lat' dir='ltr'>rem</span> <span class='ocrx_word' id='word_1_445' title='bbox 3708 1100 3914 1139; x_wconf 88' lang='lat' dir='ltr'>susce-</span> 
     </span>
    </p>
   </div>
   <div class='ocr_carea' id='block_1_67' title="bbox 2198 1168 3915 1242">
    <p class='ocr_par' dir='ltr' id='par_1_67' title="bbox 2198 1168 3915 1242">
     <span class='ocr_line' id='line_1_67' title="bbox 2198 1168 3915 1242; baseline 0.004 -19"><span class='ocrx_word' id='word_1_446' title='bbox 2198 1175 2356 1240; x_wconf 86' lang='lat' dir='ltr'>ptam</span> <span class='ocrx_word' id='word_1_447' title='bbox 2389 1168 2608 1224; x_wconf 90' lang='lat' dir='ltr'>utiliter</span> <span class='ocrx_word' id='word_1_448' title='bbox 2641 1174 2694 1223; x_wconf 91' lang='lat' dir='ltr'>et</span> <span class='ocrx_word' id='word_1_449' title='bbox 2730 1169 3038 1240; x_wconf 88' lang='lat' dir='ltr'>diligenter</span> <span class='ocrx_word' id='word_1_450' title='bbox 3061 1169 3358 1240; x_wconf 87' lang='lat' dir='ltr'>impleant.</span> <span class='ocrx_word' id='word_1_451' title='bbox 3397 1172 3461 1225; x_wconf 89' lang='lat' dir='ltr'>Et</span> <span class='ocrx_word' id='word_1_452' title='bbox 3494 1172 3542 1226; x_wconf 91' lang='lat' dir='ltr'>si</span> <span class='ocrx_word' id='word_1_453' title='bbox 3575 1174 3720 1242; x_wconf 90' lang='lat' dir='ltr'>quid</span> <span class='ocrx_word' id='word_1_454' title='bbox 3775 1175 3915 1230; x_wconf 87' lang='lat' dir='ltr'>forte</span> 
     </span>
    </p>
   </div>
   <div class='ocr_carea' id='block_1_68' title="bbox 2197 1260 3913 1330">
    <p class='ocr_par' dir='ltr' id='par_1_68' title="bbox 2197 1260 3913 1330">
     <span class='ocr_line' id='line_1_68' title="bbox 2197 1260 3913 1330; baseline 0.005 -17"><span class='ocrx_word' id='word_1_455' title='bbox 2197 1260 2468 1314; x_wconf 90' lang='lat' dir='ltr'>nesciunt</span> <span class='ocrx_word' id='word_1_456' title='bbox 2499 1261 2566 1314; x_wconf 93' lang='lat' dir='ltr'>de</span> <span class='ocrx_word' id='word_1_457' title='bbox 2617 1260 2706 1314; x_wconf 89' lang='lat' dir='ltr'>bis</span> <span class='ocrx_word' id='word_1_458' title='bbox 2755 1277 2884 1330; x_wconf 81' lang='lat' dir='ltr'>quae</span> <span class='ocrx_word' id='word_1_459' title='bbox 2933 1276 3098 1330; x_wconf 85' lang='lat' dir='ltr'>agere</span> <span class='ocrx_word' id='word_1_460' title='bbox 3147 1261 3375 1326; x_wconf 90' lang='lat' dir='ltr'>debent,</span> <span class='ocrx_word' id='word_1_461' title='bbox 3409 1263 3534 1319; x_wconf 87' lang='lat' dir='ltr'>sine</span> <span class='ocrx_word' id='word_1_462' title='bbox 3565 1264 3913 1321; x_wconf 88' lang='lat' dir='ltr'>dissimula-</span> 
     </span>
    </p>
   </div>
   <div class='ocr_carea' id='block_1_69' title="bbox 2199 1351 3460 1424">
    <p class='ocr_par' dir='ltr' id='par_1_69' title="bbox 2199 1351 3460 1424">
     <span class='ocr_line' id='line_1_69' title="bbox 2199 1351 3460 1424; baseline 0 -18"><span class='ocrx_word' id='word_1_463' title='bbox 2199 1353 2354 1407; x_wconf 88' lang='lat' dir='ltr'>tione</span> <span class='ocrx_word' id='word_1_464' title='bbox 2385 1351 2634 1406; x_wconf 71' lang='lat' dir='ltr'>seniores</span> <span class='ocrx_word' id='word_1_465' title='bbox 2666 1368 2800 1406; x_wconf 92' lang='lat' dir='ltr'>suos</span> <span class='ocrx_word' id='word_1_466' title='bbox 2835 1367 3060 1421; x_wconf 88' lang='lat' dir='ltr'>semper</span> <span class='ocrx_word' id='word_1_467' title='bbox 3092 1351 3460 1424; x_wconf 87' lang='lat' dir='ltr'>interrogent.</span> 
     </span>
    </p>
   </div>
   <div class='ocr_carea' id='block_1_70' title="bbox 2270 1480 3917 1552">
    <p class='ocr_par' dir='ltr' id='par_1_70' title="bbox 2270 1480 3917 1552">
     <span class='ocr_line' id='line_1_70' title="bbox 2270 1480 3917 1552; baseline 0.002 -17"><span class='ocrx_word' id='word_1_468' title='bbox 2270 1480 2466 1536; x_wconf 84' lang='lat' dir='ltr'><strong>XXIX.</strong></span> <span class='ocrx_word' id='word_1_469' title='bbox 2503 1481 2566 1535; x_wconf 87' lang='lat' dir='ltr'>Hi</span> <span class='ocrx_word' id='word_1_470' title='bbox 2628 1482 2824 1552; x_wconf 87' lang='lat' dir='ltr'>itaque</span> <span class='ocrx_word' id='word_1_471' title='bbox 2875 1480 3089 1551; x_wconf 89' lang='lat' dir='ltr'>quibus</span> <span class='ocrx_word' id='word_1_472' title='bbox 3147 1481 3476 1552; x_wconf 91' lang='lat' dir='ltr'>disciplina,</span> <span class='ocrx_word' id='word_1_473' title='bbox 3508 1483 3598 1537; x_wconf 91' lang='lat' dir='ltr'>vel</span> <span class='ocrx_word' id='word_1_474' title='bbox 3663 1483 3917 1550; x_wconf 79' lang='lat' dir='ltr'>utilitas,</span> 
     </span>
    </p>
   </div>
   <div class='ocr_carea' id='block_1_71' title="bbox 2199 1570 3920 1642">
    <p class='ocr_par' dir='ltr' id='par_1_71' title="bbox 2199 1570 3920 1642">
     <span class='ocr_line' id='line_1_71' title="bbox 2199 1570 3920 1642; baseline 0.002 -18"><span class='ocrx_word' id='word_1_475' title='bbox 2199 1570 2285 1626; x_wconf 89' lang='lat' dir='ltr'>vel</span> <span class='ocrx_word' id='word_1_476' title='bbox 2319 1571 2537 1642; x_wconf 91' lang='lat' dir='ltr'>opinio,</span> <span class='ocrx_word' id='word_1_477' title='bbox 2570 1572 2650 1626; x_wconf 88' lang='lat' dir='ltr'>vel</span> <span class='ocrx_word' id='word_1_478' title='bbox 2705 1571 3051 1642; x_wconf 86' lang='lat' dir='ltr'>obsequium</span> <span class='ocrx_word' id='word_1_479' title='bbox 3110 1573 3441 1626; x_wconf 90' lang='lat' dir='ltr'>monasterii</span> <span class='ocrx_word' id='word_1_480' title='bbox 3497 1573 3788 1640; x_wconf 82' lang='lat' dir='ltr'>creditur,</span> <span class='ocrx_word' id='word_1_481' title='bbox 3836 1576 3920 1630; x_wconf 90' lang='lat' dir='ltr'>of-</span> 
     </span>
    </p>
   </div>
   <div class='ocr_carea' id='block_1_72' title="bbox 2201 1659 3916 1734">
    <p class='ocr_par' dir='ltr' id='par_1_72' title="bbox 2201 1659 3916 1734">
     <span class='ocr_line' id='line_1_72' title="bbox 2201 1659 3916 1734; baseline 0.003 -21"><span class='ocrx_word' id='word_1_482' title='bbox 2201 1660 2331 1715; x_wconf 85' lang='lat' dir='ltr'>ﬁcia</span> <span class='ocrx_word' id='word_1_483' title='bbox 2389 1661 2500 1714; x_wconf 90' lang='lat' dir='ltr'>sibi</span> <span class='ocrx_word' id='word_1_484' title='bbox 2561 1661 2824 1730; x_wconf 81' lang='lat' dir='ltr'>injuncta</span> <span class='ocrx_word' id='word_1_485' title='bbox 2884 1659 3128 1715; x_wconf 87' lang='lat' dir='ltr'>fideliter</span> <span class='ocrx_word' id='word_1_486' title='bbox 3159 1662 3490 1716; x_wconf 86' lang='lat' dir='ltr'>custodiant</span> <span class='ocrx_word' id='word_1_487' title='bbox 3515 1667 3574 1717; x_wconf 90' lang='lat' dir='ltr'>et</span> <span class='ocrx_word' id='word_1_488' title='bbox 3611 1663 3916 1734; x_wconf 84' lang='lat' dir='ltr'>impleant.</span> 
     </span>
    </p>
   </div>
   <div class='ocr_carea' id='block_1_73' title="bbox 2199 1750 3915 1820">
    <p class='ocr_par' dir='ltr' id='par_1_73' title="bbox 2199 1750 3915 1820">
     <span class='ocr_line' id='line_1_73' title="bbox 2199 1750 3915 1820; baseline 0.003 -18"><span class='ocrx_word' id='word_1_489' title='bbox 2199 1753 2314 1803; x_wconf 82' lang='lat' dir='ltr'>Hos</span> <span class='ocrx_word' id='word_1_490' title='bbox 2345 1750 2496 1803; x_wconf 83' lang='lat' dir='ltr'>enim</span> <span class='ocrx_word' id='word_1_491' title='bbox 2551 1765 2741 1804; x_wconf 89' lang='lat' dir='ltr'>errare</span> <span class='ocrx_word' id='word_1_492' title='bbox 2790 1767 2902 1803; x_wconf 91' lang='lat' dir='ltr'>non</span> <span class='ocrx_word' id='word_1_493' title='bbox 2961 1751 3144 1816; x_wconf 89' lang='lat' dir='ltr'>decet,</span> <span class='ocrx_word' id='word_1_494' title='bbox 3179 1751 3275 1820; x_wconf 87' lang='lat' dir='ltr'>qui</span> <span class='ocrx_word' id='word_1_495' title='bbox 3336 1751 3406 1806; x_wconf 90' lang='lat' dir='ltr'>ad</span> <span class='ocrx_word' id='word_1_496' title='bbox 3455 1768 3661 1807; x_wconf 89' lang='lat' dir='ltr'>omnes</span> <span class='ocrx_word' id='word_1_497' title='bbox 3695 1769 3915 1808; x_wconf 88' lang='lat' dir='ltr'>errores</span> 
     </span>
    </p>
   </div>
   <div class='ocr_carea' id='block_1_74' title="bbox 2201 1839 3911 1911">
    <p class='ocr_par' dir='ltr' id='par_1_74' title="bbox 2201 1839 3911 1911">
     <span class='ocr_line' id='line_1_74' title="bbox 2201 1839 3911 1911; baseline 0.002 -17"><span class='ocrx_word' id='word_1_498' title='bbox 2201 1840 2596 1896; x_wconf 89' lang='lat' dir='ltr'>emendandos</span> <span class='ocrx_word' id='word_1_499' title='bbox 2647 1839 2940 1909; x_wconf 69' lang='lat' dir='ltr'>praepositi</span> <span class='ocrx_word' id='word_1_500' title='bbox 2990 1847 3146 1894; x_wconf 88' lang='lat' dir='ltr'>sunt.</span> <span class='ocrx_word' id='word_1_501' title='bbox 3201 1839 3307 1902; x_wconf 89' lang='lat' dir='ltr'>Qui</span> <span class='ocrx_word' id='word_1_502' title='bbox 3359 1839 3406 1894; x_wconf 90' lang='lat' dir='ltr'>si</span> <span class='ocrx_word' id='word_1_503' title='bbox 3484 1841 3573 1897; x_wconf 90' lang='lat' dir='ltr'>vel</span> <span class='ocrx_word' id='word_1_504' title='bbox 3621 1843 3911 1911; x_wconf 83' lang='lat' dir='ltr'>superbia,</span> 
     </span>
    </p>
   </div>
   <div class='ocr_carea' id='block_1_75' title="bbox 2200 1929 3914 2003">
    <p class='ocr_par' dir='ltr' id='par_1_75' title="bbox 2200 1929 3914 2003">
     <span class='ocr_line' id='line_1_75' title="bbox 2200 1929 3914 2003; baseline 0.002 -18"><span class='ocrx_word' id='word_1_505' title='bbox 2200 1932 2286 1986; x_wconf 92' lang='lat' dir='ltr'>vel</span> <span class='ocrx_word' id='word_1_506' title='bbox 2319 1929 2686 2001; x_wconf 86' lang='lat' dir='ltr'>negligentia,</span> <span class='ocrx_word' id='word_1_507' title='bbox 2710 1929 2796 1984; x_wconf 90' lang='lat' dir='ltr'>vcl</span> <span class='ocrx_word' id='word_1_508' title='bbox 2858 1929 3077 1984; x_wconf 89' lang='lat' dir='ltr'>desidia</span> <span class='ocrx_word' id='word_1_509' title='bbox 3136 1929 3332 2001; x_wconf 89' lang='lat' dir='ltr'>aliqua</span> <span class='ocrx_word' id='word_1_510' title='bbox 3357 1946 3424 1984; x_wconf 80' lang='lat' dir='ltr'>ex</span> <span class='ocrx_word' id='word_1_511' title='bbox 3457 1931 3550 1986; x_wconf 92' lang='lat' dir='ltr'>his</span> <span class='ocrx_word' id='word_1_512' title='bbox 3591 1936 3914 2003; x_wconf 73' lang='lat' dir='ltr'>praetermi—</span> 
     </span>
    </p>
   </div>
   <div class='ocr_carea' id='block_1_76' title="bbox 2196 2017 3908 2091">
    <p class='ocr_par' dir='ltr' id='par_1_76' title="bbox 2196 2017 3908 2091">
     <span class='ocr_line' id='line_1_76' title="bbox 2196 2017 3908 2091; baseline 0.001 -16"><span class='ocrx_word' id='word_1_513' title='bbox 2196 2021 2374 2075; x_wconf 87' lang='lat' dir='ltr'>serint</span> <span class='ocrx_word' id='word_1_514' title='bbox 2408 2037 2535 2089; x_wconf 76' lang='lat' dir='ltr'>quae</span> <span class='ocrx_word' id='word_1_515' title='bbox 2567 2020 2624 2074; x_wconf 91' lang='lat' dir='ltr'>iu</span> <span class='ocrx_word' id='word_1_516' title='bbox 2685 2017 2888 2089; x_wconf 90' lang='lat' dir='ltr'>regula</span> <span class='ocrx_word' id='word_1_517' title='bbox 2946 2018 3333 2087; x_wconf 89' lang='lat' dir='ltr'>continentur,</span> <span class='ocrx_word' id='word_1_518' title='bbox 3372 2036 3469 2089; x_wconf 90' lang='lat' dir='ltr'>per</span> <span class='ocrx_word' id='word_1_519' title='bbox 3503 2021 3788 2091; x_wconf 89' lang='lat' dir='ltr'>ipsosque</span> <span class='ocrx_word' id='word_1_520' title='bbox 3821 2023 3908 2076; x_wconf 85' lang='lat' dir='ltr'>de-</span> 
     </span>
    </p>
   </div>
   <div class='ocr_carea' id='block_1_77' title="bbox 2197 2108 3911 2179">
    <p class='ocr_par' dir='ltr' id='par_1_77' title="bbox 2197 2108 3911 2179">
     <span class='ocr_line' id='line_1_77' title="bbox 2197 2108 3911 2179; baseline 0.001 -13"><span class='ocrx_word' id='word_1_521' title='bbox 2197 2110 2438 2167; x_wconf 92' lang='lat' dir='ltr'>structio</span> <span class='ocrx_word' id='word_1_522' title='bbox 2470 2126 2597 2164; x_wconf 91' lang='lat' dir='ltr'>esse</span> <span class='ocrx_word' id='word_1_523' title='bbox 2629 2109 2864 2179; x_wconf 80' lang='lat' dir='ltr'>coeperit</span> <span class='ocrx_word' id='word_1_524' title='bbox 2896 2125 2998 2178; x_wconf 89' lang='lat' dir='ltr'>per</span> <span class='ocrx_word' id='word_1_525' title='bbox 3043 2124 3190 2178; x_wconf 90' lang='lat' dir='ltr'>quos</span> <span class='ocrx_word' id='word_1_526' title='bbox 3222 2108 3392 2163; x_wconf 87' lang='lat' dir='ltr'>debet</span> <span class='ocrx_word' id='word_1_527' title='bbox 3438 2111 3758 2168; x_wconf 69' lang='lat' dir='ltr'>aediﬁcatio</span> <span class='ocrx_word' id='word_1_528' title='bbox 3791 2129 3911 2167; x_wconf 85' lang='lat' dir='ltr'>cre-</span> 
     </span>
    </p>
   </div>
   <div class='ocr_carea' id='block_1_78' title="bbox 2198 2199 3914 2272">
    <p class='ocr_par' dir='ltr' id='par_1_78' title="bbox 2198 2199 3914 2272">
     <span class='ocr_line' id='line_1_78' title="bbox 2198 2199 3914 2272; baseline 0 -15"><span class='ocrx_word' id='word_1_529' title='bbox 2198 2215 2377 2267; x_wconf 87' lang='lat' dir='ltr'>scere,</span> <span class='ocrx_word' id='word_1_530' title='bbox 2413 2200 2687 2255; x_wconf 90' lang='lat' dir='ltr'>omnibus</span> <span class='ocrx_word' id='word_1_531' title='bbox 2736 2199 3324 2255; x_wconf 88' lang='lat' dir='ltr'>condemnationihus</span> <span class='ocrx_word' id='word_1_532' title='bbox 3355 2215 3504 2271; x_wconf 89' lang='lat' dir='ltr'>quas</span> <span class='ocrx_word' id='word_1_533' title='bbox 3547 2202 3749 2272; x_wconf 88' lang='lat' dir='ltr'>regula</span> <span class='ocrx_word' id='word_1_534' title='bbox 3781 2219 3914 2258; x_wconf 89' lang='lat' dir='ltr'>con-</span> 
     </span>
    </p>
   </div>
   <div class='ocr_carea' id='block_1_79' title="bbox 2196 2289 2799 2360">
    <p class='ocr_par' dir='ltr' id='par_1_79' title="bbox 2196 2289 2799 2360">
     <span class='ocr_line' id='line_1_79' title="bbox 2196 2289 2799 2360; baseline -0.003 -14"><span class='ocrx_word' id='word_1_535' title='bbox 2196 2293 2361 2359; x_wconf 87' lang='lat' dir='ltr'>tinet,</span> <span class='ocrx_word' id='word_1_536' title='bbox 2393 2289 2799 2360; x_wconf 87' lang='lat' dir='ltr'>subjacebunt.</span> 
     </span>
    </p>
   </div>
   <div class='ocr_carea' id='block_1_80' title="bbox 2267 2413 3918 2484">
    <p class='ocr_par' dir='ltr' id='par_1_80' title="bbox 2267 2413 3918 2484">
     <span class='ocr_line' id='line_1_80' title="bbox 2267 2413 3918 2484; baseline 0.002 -14"><span class='ocrx_word' id='word_1_537' title='bbox 2267 2415 2438 2470; x_wconf 80' lang='lat' dir='ltr'><strong>XXX.</strong></span> <span class='ocrx_word' id='word_1_538' title='bbox 2482 2417 2638 2469; x_wconf 90' lang='lat' dir='ltr'>Inter</span> <span class='ocrx_word' id='word_1_539' title='bbox 2690 2429 2892 2468; x_wconf 91' lang='lat' dir='ltr'>omnes</span> <span class='ocrx_word' id='word_1_540' title='bbox 2949 2414 3152 2469; x_wconf 86' lang='lat' dir='ltr'>fratres</span> <span class='ocrx_word' id='word_1_541' title='bbox 3204 2413 3310 2470; x_wconf 90' lang='lat' dir='ltr'>hoc</span> <span class='ocrx_word' id='word_1_542' title='bbox 3367 2414 3801 2484; x_wconf 86' lang='lat' dir='ltr'>observabitur,</span> <span class='ocrx_word' id='word_1_543' title='bbox 3862 2429 3918 2474; x_wconf 89' lang='lat' dir='ltr'>ut</span> 
     </span>
    </p>
   </div>
   <div class='ocr_carea' id='block_1_81' title="bbox 2197 2503 3915 2571">
    <p class='ocr_par' dir='ltr' id='par_1_81' title="bbox 2197 2503 3915 2571">
     <span class='ocr_line' id='line_1_81' title="bbox 2197 2503 3915 2571; baseline 0.001 -10"><span class='ocrx_word' id='word_1_544' title='bbox 2197 2506 2533 2561; x_wconf 87' lang='lat' dir='ltr'>obedientes</span> <span class='ocrx_word' id='word_1_545' title='bbox 2583 2503 2910 2559; x_wconf 90' lang='lat' dir='ltr'>senioribus</span> <span class='ocrx_word' id='word_1_546' title='bbox 2959 2503 3100 2571; x_wconf 90' lang='lat' dir='ltr'>suis,</span> <span class='ocrx_word' id='word_1_547' title='bbox 3143 2509 3198 2559; x_wconf 90' lang='lat' dir='ltr'>et</span> <span class='ocrx_word' id='word_1_548' title='bbox 3247 2505 3569 2561; x_wconf 74' lang='lat' dir='ltr'>deterentes</span> <span class='ocrx_word' id='word_1_549' title='bbox 3623 2508 3739 2562; x_wconf 91' lang='lat' dir='ltr'>sibi</span> <span class='ocrx_word' id='word_1_550' title='bbox 3786 2510 3915 2565; x_wconf 83' lang='lat' dir='ltr'>invi-</span> 
     </span>
    </p>
   </div>
   <div class='ocr_carea' id='block_1_82' title="bbox 2198 2593 3919 2664">
    <p class='ocr_par' dir='ltr' id='par_1_82' title="bbox 2198 2593 3919 2664">
     <span class='ocr_line' id='line_1_82' title="bbox 2198 2593 3919 2664; baseline 0.002 -14"><span class='ocrx_word' id='word_1_551' title='bbox 2198 2611 2346 2662; x_wconf 89' lang='lat' dir='ltr'>cem,</span> <span class='ocrx_word' id='word_1_552' title='bbox 2381 2595 2628 2649; x_wconf 80' lang='lat' dir='ltr'>habeant</span> <span class='ocrx_word' id='word_1_553' title='bbox 2689 2593 3051 2664; x_wconf 87' lang='lat' dir='ltr'>patientiam,</span> <span class='ocrx_word' id='word_1_554' title='bbox 3106 2595 3589 2662; x_wconf 89' lang='lat' dir='ltr'>moderationem,</span> <span class='ocrx_word' id='word_1_555' title='bbox 3619 2597 3919 2655; x_wconf 82' lang='lat' dir='ltr'>humilita-</span> 
     </span>
    </p>
   </div>
   <div class='ocr_carea' id='block_1_83' title="bbox 2197 2683 3914 2757">
    <p class='ocr_par' dir='ltr' id='par_1_83' title="bbox 2197 2683 3914 2757">
     <span class='ocr_line' id='line_1_83' title="bbox 2197 2683 3914 2757; baseline 0.003 -18"><span class='ocrx_word' id='word_1_556' title='bbox 2197 2689 2313 2739; x_wconf 91' lang='lat' dir='ltr'>tem</span> <span class='ocrx_word' id='word_1_557' title='bbox 2339 2685 2699 2749; x_wconf 86' lang='lat' dir='ltr'>charitatem,</span> <span class='ocrx_word' id='word_1_558' title='bbox 2737 2698 2936 2752; x_wconf 89' lang='lat' dir='ltr'>pacem</span> <span class='ocrx_word' id='word_1_559' title='bbox 2971 2683 3096 2737; x_wconf 89' lang='lat' dir='ltr'>sine</span> <span class='ocrx_word' id='word_1_560' title='bbox 3147 2683 3420 2754; x_wconf 87' lang='lat' dir='ltr'>figmento</span> <span class='ocrx_word' id='word_1_561' title='bbox 3480 2689 3537 2739; x_wconf 87' lang='lat' dir='ltr'>et</span> <span class='ocrx_word' id='word_1_562' title='bbox 3587 2689 3914 2757; x_wconf 88' lang='lat' dir='ltr'>mendacio,</span> 
     </span>
    </p>
   </div>
   <div class='ocr_carea' id='block_1_84' title="bbox 2197 2773 3917 2844">
    <p class='ocr_par' dir='ltr' id='par_1_84' title="bbox 2197 2773 3917 2844">
     <span class='ocr_line' id='line_1_84' title="bbox 2197 2773 3917 2844; baseline 0.003 -15"><span class='ocrx_word' id='word_1_563' title='bbox 2197 2779 2249 2830; x_wconf 89' lang='lat' dir='ltr'>et</span> <span class='ocrx_word' id='word_1_564' title='bbox 2283 2774 2712 2841; x_wconf 87' lang='lat' dir='ltr'>maledictione,</span> <span class='ocrx_word' id='word_1_565' title='bbox 2773 2778 2830 2828; x_wconf 93' lang='lat' dir='ltr'>et</span> <span class='ocrx_word' id='word_1_566' title='bbox 2879 2773 3246 2839; x_wconf 89' lang='lat' dir='ltr'>verbositate,</span> <span class='ocrx_word' id='word_1_567' title='bbox 3281 2779 3336 2828; x_wconf 90' lang='lat' dir='ltr'>et</span> <span class='ocrx_word' id='word_1_568' title='bbox 3381 2775 3625 2844; x_wconf 89' lang='lat' dir='ltr'>jurandi</span> <span class='ocrx_word' id='word_1_569' title='bbox 3676 2796 3917 2835; x_wconf 87' lang='lat' dir='ltr'>consue-</span> 
     </span>
    </p>
   </div>
   <div class='ocr_carea' id='block_1_85' title="bbox 2200 2864 3911 2934">
    <p class='ocr_par' dir='ltr' id='par_1_85' title="bbox 2200 2864 3911 2934">
     <span class='ocr_line' id='line_1_85' title="bbox 2200 2864 3911 2934; baseline 0.002 -14"><span class='ocrx_word' id='word_1_570' title='bbox 2200 2866 2398 2920; x_wconf 91' lang='lat' dir='ltr'>tudine</span> <span class='ocrx_word' id='word_1_571' title='bbox 2433 2880 2445 2916; x_wconf 90' lang='lat'>:</span> <span class='ocrx_word' id='word_1_572' title='bbox 2480 2865 2558 2918; x_wconf 89' lang='lat' dir='ltr'>ita</span> <span class='ocrx_word' id='word_1_573' title='bbox 2589 2869 2652 2918; x_wconf 91' lang='lat' dir='ltr'>ut</span> <span class='ocrx_word' id='word_1_574' title='bbox 2708 2879 2877 2918; x_wconf 88' lang='lat' dir='ltr'>nemo</span> <span class='ocrx_word' id='word_1_575' title='bbox 2920 2880 3087 2918; x_wconf 82' lang='lat' dir='ltr'>suum</span> <span class='ocrx_word' id='word_1_576' title='bbox 3120 2864 3439 2934; x_wconf 87' lang='lat' dir='ltr'>quidquam</span> <span class='ocrx_word' id='word_1_577' title='bbox 3492 2867 3772 2933; x_wconf 84' lang='lat' dir='ltr'>vindicet,</span> <span class='ocrx_word' id='word_1_578' title='bbox 3805 2886 3911 2924; x_wconf 90' lang='lat' dir='ltr'>ne-</span> 
     </span>
    </p>
   </div>
   <div class='ocr_carea' id='block_1_86' title="bbox 2199 2954 3913 3027">
    <p class='ocr_par' dir='ltr' id='par_1_86' title="bbox 2199 2954 3913 3027">
     <span class='ocr_line' id='line_1_86' title="bbox 2199 2954 3913 3027; baseline 0.003 -17"><span class='ocrx_word' id='word_1_579' title='bbox 2199 2973 2307 3026; x_wconf 91' lang='lat' dir='ltr'>que</span> <span class='ocrx_word' id='word_1_580' title='bbox 2339 2954 2492 3010; x_wconf 90' lang='lat' dir='ltr'>ullus</span> <span class='ocrx_word' id='word_1_581' title='bbox 2527 2954 2746 3024; x_wconf 90' lang='lat' dir='ltr'>aliquid</span> <span class='ocrx_word' id='word_1_582' title='bbox 2790 2954 3158 3025; x_wconf 87' lang='lat' dir='ltr'>peculiariter</span> <span class='ocrx_word' id='word_1_583' title='bbox 3207 2961 3487 3027; x_wconf 83' lang='lat' dir='ltr'>usurpet;</span> <span class='ocrx_word' id='word_1_584' title='bbox 3522 2959 3625 3013; x_wconf 90' lang='lat' dir='ltr'>sed</span> <span class='ocrx_word' id='word_1_585' title='bbox 3659 2958 3913 3015; x_wconf 85' lang='lat' dir='ltr'>habeant</span> 
     </span>
    </p>
   </div>
   <div class='ocr_carea' id='block_1_87' title="bbox 2200 3044 2772 3102">
    <p class='ocr_par' dir='ltr' id='par_1_87' title="bbox 2200 3044 2772 3102">
     <span class='ocr_line' id='line_1_87' title="bbox 2200 3044 2772 3102; baseline -0.002 0"><span class='ocrx_word' id='word_1_586' title='bbox 2200 3045 2393 3102; x_wconf 87' lang='lat' dir='ltr'>omnia</span> <span class='ocrx_word' id='word_1_587' title='bbox 2415 3044 2772 3101; x_wconf 90' lang='lat' dir='ltr'>communia.</span> 
     </span>
    </p>
   </div>
   <div class='ocr_carea' id='block_1_88' title="bbox 2272 3174 3913 3236">
    <p class='ocr_par' dir='ltr' id='par_1_88' title="bbox 2272 3174 3913 3236">
     <span class='ocr_line' id='line_1_88' title="bbox 2272 3174 3913 3236; baseline 0.004 -6"><span class='ocrx_word' id='word_1_588' title='bbox 2272 3174 2459 3230; x_wconf 86' lang='lat' dir='ltr'><strong>XXXI.</strong></span> <span class='ocrx_word' id='word_1_589' title='bbox 2490 3175 2626 3230; x_wconf 91' lang='lat' dir='ltr'>Sine</span> <span class='ocrx_word' id='word_1_590' title='bbox 2658 3174 2952 3228; x_wconf 90' lang='lat' dir='ltr'>seniorum</span> <span class='ocrx_word' id='word_1_591' title='bbox 3003 3174 3175 3229; x_wconf 90' lang='lat' dir='ltr'>verbo</span> <span class='ocrx_word' id='word_1_592' title='bbox 3224 3179 3279 3229; x_wconf 92' lang='lat' dir='ltr'>et</span> <span class='ocrx_word' id='word_1_593' title='bbox 3325 3177 3670 3234; x_wconf 87' lang='lat' dir='ltr'>auctoritate</span> <span class='ocrx_word' id='word_1_594' title='bbox 3726 3180 3913 3236; x_wconf 88' lang='lat' dir='ltr'>nullus</span> 
     </span>
    </p>
   </div>
   <div class='ocr_carea' id='block_1_89' title="bbox 3107 3265 3913 3340">
    <p class='ocr_par' dir='ltr' id='par_1_89' title="bbox 3107 3265 3913 3340">
     <span class='ocr_line' id='line_1_89' title="bbox 3107 3265 3913 3340; baseline 0.009 -23"><span class='ocrx_word' id='word_1_595' title='bbox 3107 3280 3295 3334; x_wconf 90' lang='lat' dir='ltr'>neque</span> <span class='ocrx_word' id='word_1_596' title='bbox 3359 3265 3602 3333; x_wconf 81' lang='lat' dir='ltr'>accipiat</span> <span class='ocrx_word' id='word_1_597' title='bbox 3670 3269 3913 3340; x_wconf 86' lang='lat' dir='ltr'>aliquid,</span> 
     </span>
    </p>
   </div>
   <div class='ocr_carea' id='block_1_90' title="bbox 2191 3353 3628 3424">
    <p class='ocr_par' dir='ltr' id='par_1_90' title="bbox 2191 3353 3628 3424">
     <span class='ocr_line' id='line_1_90' title="bbox 2191 3353 3628 3424; baseline 0.002 -16"><span class='ocrx_word' id='word_1_598' title='bbox 2191 3369 2381 3424; x_wconf 90' lang='lat' dir='ltr'>neque</span> <span class='ocrx_word' id='word_1_599' title='bbox 2403 3353 2528 3418; x_wconf 86' lang='lat' dir='ltr'>det;</span> <span class='ocrx_word' id='word_1_600' title='bbox 2561 3368 2749 3422; x_wconf 89' lang='lat' dir='ltr'>neque</span> <span class='ocrx_word' id='word_1_601' title='bbox 2782 3368 3031 3423; x_wconf 90' lang='lat' dir='ltr'>usquam</span> <span class='ocrx_word' id='word_1_602' title='bbox 3066 3369 3303 3422; x_wconf 90' lang='lat' dir='ltr'>prorsus</span> <span class='ocrx_word' id='word_1_603' title='bbox 3334 3357 3628 3424; x_wconf 87' lang='lat' dir='ltr'>procedat.</span> 
     </span>
    </p>
   </div>
   <div class='ocr_carea' id='block_1_91' title="bbox 2260 3477 3914 3562">
    <p class='ocr_par' dir='ltr' id='par_1_91' title="bbox 2260 3477 3914 3562">
     <span class='ocr_line' id='line_1_91' title="bbox 2260 3477 3914 3562; baseline 0.007 -31"><span class='ocrx_word' id='word_1_604' title='bbox 2260 3477 2474 3532; x_wconf 85' lang='lat' dir='ltr'><strong>XXXII.</strong></span> <span class='ocrx_word' id='word_1_605' title='bbox 2511 3478 2648 3533; x_wconf 84' lang='lat' dir='ltr'>Cum</span> <span class='ocrx_word' id='word_1_606' title='bbox 2707 3493 2841 3532; x_wconf 91' lang='lat' dir='ltr'>vero</span> <span class='ocrx_word' id='word_1_607' title='bbox 2892 3477 3126 3533; x_wconf 90' lang='lat' dir='ltr'>inventa</span> <span class='ocrx_word' id='word_1_608' title='bbox 3175 3479 3345 3535; x_wconf 88' lang='lat' dir='ltr'>fuerit</span> <span class='ocrx_word' id='word_1_609' title='bbox 3410 3480 3601 3552; x_wconf 83' lang='lat' dir='ltr'>culpa,</span> <span class='ocrx_word' id='word_1_610' title='bbox 3665 3483 3772 3540; x_wconf 89' lang='lat' dir='ltr'>ille</span> <span class='ocrx_word' id='word_1_611' title='bbox 3826 3505 3914 3562; x_wconf 72' lang='lat' dir='ltr'>qui</span> 
     </span>
    </p>
   </div>
   <div class='ocr_carea' id='block_1_92' title="bbox 2190 3567 3910 3644">
    <p class='ocr_par' dir='ltr' id='par_1_92' title="bbox 2190 3567 3910 3644">
     <span class='ocr_line' id='line_1_92' title="bbox 2190 3567 3910 3644; baseline 0.003 -20"><span class='ocrx_word' id='word_1_612' title='bbox 2190 3568 2501 3639; x_wconf 89' lang='lat' dir='ltr'>culpabilis</span> <span class='ocrx_word' id='word_1_613' title='bbox 2534 3567 2850 3635; x_wconf 88' lang='lat' dir='ltr'>invenitur,</span> <span class='ocrx_word' id='word_1_614' title='bbox 2885 3568 3228 3640; x_wconf 88' lang='lat' dir='ltr'>corripiatur</span> <span class='ocrx_word' id='word_1_615' title='bbox 3268 3571 3339 3624; x_wconf 93' lang='lat' dir='ltr'>ab</span> <span class='ocrx_word' id='word_1_616' title='bbox 3372 3570 3581 3626; x_wconf 87' lang='lat' dir='ltr'>abbate</span> <span class='ocrx_word' id='word_1_617' title='bbox 3613 3579 3910 3644; x_wconf 52' lang='lat' dir='ltr'>secretius.</span> 
     </span>
    </p>
   </div>
   <div class='ocr_carea' id='block_1_93' title="bbox 2190 3657 3908 3735">
    <p class='ocr_par' dir='ltr' id='par_1_93' title="bbox 2190 3657 3908 3735">
     <span class='ocr_line' id='line_1_93' title="bbox 2190 3657 3908 3735; baseline 0.005 -23"><span class='ocrx_word' id='word_1_618' title='bbox 2190 3658 2351 3724; x_wconf 90' lang='lat' dir='ltr'>Quod</span> <span class='ocrx_word' id='word_1_619' title='bbox 2385 3658 2431 3712; x_wconf 92' lang='lat' dir='ltr'>si</span> <span class='ocrx_word' id='word_1_620' title='bbox 2486 3674 2599 3712; x_wconf 90' lang='lat' dir='ltr'>non</span> <span class='ocrx_word' id='word_1_621' title='bbox 2633 3657 2851 3711; x_wconf 82' lang='lat' dir='ltr'>sufficit</span> <span class='ocrx_word' id='word_1_622' title='bbox 2901 3659 2971 3712; x_wconf 91' lang='lat' dir='ltr'>ad</span> <span class='ocrx_word' id='word_1_623' title='bbox 3033 3660 3522 3725; x_wconf 84' lang='lat' dir='ltr'>emendationem,</span> <span class='ocrx_word' id='word_1_624' title='bbox 3553 3664 3908 3735; x_wconf 87' lang='lat' dir='ltr'>corripiatur</span> 
     </span>
    </p>
   </div>
   <div class='ocr_carea' id='block_1_94' title="bbox 2191 3747 3907 3818">
    <p class='ocr_par' dir='ltr' id='par_1_94' title="bbox 2191 3747 3907 3818">
     <span class='ocr_line' id='line_1_94' title="bbox 2191 3747 3907 3818; baseline 0.003 -16"><span class='ocrx_word' id='word_1_625' title='bbox 2191 3765 2222 3802; x_wconf 89' lang='lat' dir='ltr'>a</span> <span class='ocrx_word' id='word_1_626' title='bbox 2256 3747 2456 3817; x_wconf 90' lang='lat' dir='ltr'>paucie</span> <span class='ocrx_word' id='word_1_627' title='bbox 2516 3747 2862 3801; x_wconf 88' lang='lat' dir='ltr'>senioribus.</span> <span class='ocrx_word' id='word_1_628' title='bbox 2897 3748 3059 3812; x_wconf 89' lang='lat' dir='ltr'>Quod</span> <span class='ocrx_word' id='word_1_629' title='bbox 3120 3748 3168 3802; x_wconf 89' lang='lat' dir='ltr'>si</span> <span class='ocrx_word' id='word_1_630' title='bbox 3199 3764 3302 3803; x_wconf 89' lang='lat' dir='ltr'>nec</span> <span class='ocrx_word' id='word_1_631' title='bbox 3353 3750 3434 3803; x_wconf 89' lang='lat' dir='ltr'>sic</span> <span class='ocrx_word' id='word_1_632' title='bbox 3489 3753 3907 3818; x_wconf 86' lang='lat' dir='ltr'>emendaverit,</span> 
     </span>
    </p>
   </div>
   <div class='ocr_carea' id='block_1_95' title="bbox 2191 3837 3907 3910">
    <p class='ocr_par' dir='ltr' id='par_1_95' title="bbox 2191 3837 3907 3910">
     <span class='ocr_line' id='line_1_95' title="bbox 2191 3837 3907 3910; baseline 0.003 -17"><span class='ocrx_word' id='word_1_633' title='bbox 2191 3837 2758 3903; x_wconf 85' lang='lat' dir='ltr'>excommunicetur;</span> <span class='ocrx_word' id='word_1_634' title='bbox 2794 3843 2849 3892; x_wconf 90' lang='lat' dir='ltr'>et</span> <span class='ocrx_word' id='word_1_635' title='bbox 2894 3854 3006 3891; x_wconf 89' lang='lat' dir='ltr'>non</span> <span class='ocrx_word' id='word_1_636' title='bbox 3061 3839 3372 3894; x_wconf 88' lang='lat' dir='ltr'>manducet</span> <span class='ocrx_word' id='word_1_637' title='bbox 3419 3840 3773 3910; x_wconf 86' lang='lat' dir='ltr'>quidquam.</span> <span class='ocrx_word' id='word_1_638' title='bbox 3807 3846 3907 3900; x_wconf 87' lang='lat' dir='ltr'>Cui</span> 
     </span>
    </p>
   </div>
   <div class='ocr_carea' id='block_1_96' title="bbox 2191 3926 3904 3998">
    <p class='ocr_par' dir='ltr' id='par_1_96' title="bbox 2191 3926 3904 3998">
     <span class='ocr_line' id='line_1_96' title="bbox 2191 3926 3904 3998; baseline 0.003 -14"><span class='ocrx_word' id='word_1_639' title='bbox 2191 3930 2237 3984; x_wconf 88' lang='lat' dir='ltr'>si</span> <span class='ocrx_word' id='word_1_640' title='bbox 2272 3945 2342 3982; x_wconf 90' lang='lat' dir='ltr'>ne</span> <span class='ocrx_word' id='word_1_641' title='bbox 2406 3929 2511 3984; x_wconf 85' lang='lat' dir='ltr'>hoc</span> <span class='ocrx_word' id='word_1_642' title='bbox 2553 3926 2788 3997; x_wconf 90' lang='lat' dir='ltr'>quidem</span> <span class='ocrx_word' id='word_1_643' title='bbox 2841 3927 3141 3996; x_wconf 89' lang='lat' dir='ltr'>profuerit,</span> <span class='ocrx_word' id='word_1_644' title='bbox 3191 3928 3248 3982; x_wconf 88' lang='lat' dir='ltr'>in</span> <span class='ocrx_word' id='word_1_645' title='bbox 3303 3929 3558 3998; x_wconf 89' lang='lat' dir='ltr'>quolibet</span> <span class='ocrx_word' id='word_1_646' title='bbox 3602 3933 3731 3987; x_wconf 91' lang='lat' dir='ltr'>loco</span> <span class='ocrx_word' id='word_1_647' title='bbox 3785 3937 3904 3989; x_wconf 87' lang='lat' dir='ltr'>fue-</span> 
     </span>
    </p>
   </div>
   <div class='ocr_carea' id='block_1_97' title="bbox 2191 4016 3902 4095">
    <p class='ocr_par' dir='ltr' id='par_1_97' title="bbox 2191 4016 3902 4095">
     <span class='ocr_line' id='line_1_97' title="bbox 2191 4016 3902 4095; baseline 0.004 -23"><span class='ocrx_word' id='word_1_648' title='bbox 2191 4019 2283 4084; x_wconf 86' lang='lat' dir='ltr'>rit,</span> <span class='ocrx_word' id='word_1_649' title='bbox 2331 4022 2657 4087; x_wconf 90' lang='lat' dir='ltr'>postremus</span> <span class='ocrx_word' id='word_1_650' title='bbox 2710 4016 2857 4071; x_wconf 91' lang='lat' dir='ltr'>inter</span> <span class='ocrx_word' id='word_1_651' title='bbox 2889 4032 3090 4071; x_wconf 90' lang='lat' dir='ltr'>omnes</span> <span class='ocrx_word' id='word_1_652' title='bbox 3154 4017 3208 4071; x_wconf 92' lang='lat' dir='ltr'>in</span> <span class='ocrx_word' id='word_1_653' title='bbox 3246 4017 3530 4088; x_wconf 88' lang='lat' dir='ltr'>psallendi</span> <span class='ocrx_word' id='word_1_654' title='bbox 3564 4023 3778 4078; x_wconf 91' lang='lat' dir='ltr'>ordine</span> <span class='ocrx_word' id='word_1_655' title='bbox 3809 4039 3902 4095; x_wconf 85' lang='lat' dir='ltr'>po-</span> 
     </span>
    </p>
   </div>
   <div class='ocr_carea' id='block_1_98' title="bbox 2189 4105 3906 4176">
    <p class='ocr_par' dir='ltr' id='par_1_98' title="bbox 2189 4105 3906 4176">
     <span class='ocr_line' id='line_1_98' title="bbox 2189 4105 3906 4176; baseline 0.003 -14"><span class='ocrx_word' id='word_1_656' title='bbox 2189 4111 2375 4163; x_wconf 89' lang='lat' dir='ltr'>natur.</span> <span class='ocrx_word' id='word_1_657' title='bbox 2447 4107 2610 4171; x_wconf 90' lang='lat' dir='ltr'>Quod</span> <span class='ocrx_word' id='word_1_658' title='bbox 2674 4105 2721 4160; x_wconf 91' lang='lat' dir='ltr'>si</span> <span class='ocrx_word' id='word_1_659' title='bbox 2800 4105 2858 4158; x_wconf 92' lang='lat' dir='ltr'>in</span> <span class='ocrx_word' id='word_1_660' title='bbox 2946 4107 3225 4176; x_wconf 88' lang='lat' dir='ltr'>pravitate</span> <span class='ocrx_word' id='word_1_661' title='bbox 3312 4116 3663 4176; x_wconf 85' lang='lat' dir='ltr'>perseverat,</span> <span class='ocrx_word' id='word_1_662' title='bbox 3739 4114 3906 4167; x_wconf 79' lang='lat' dir='ltr'>etiam</span> 
     </span>
    </p>
   </div>
   <div class='ocr_carea' id='block_1_99' title="bbox 2190 4195 3905 4268">
    <p class='ocr_par' dir='ltr' id='par_1_99' title="bbox 2190 4195 3905 4268">
     <span class='ocr_line' id='line_1_99' title="bbox 2190 4195 3905 4268; baseline 0.002 -16"><span class='ocrx_word' id='word_1_663' title='bbox 2190 4197 2473 4268; x_wconf 90' lang='lat' dir='ltr'>psallendi</span> <span class='ocrx_word' id='word_1_664' title='bbox 2514 4197 2566 4251; x_wconf 92' lang='lat' dir='ltr'>ei</span> <span class='ocrx_word' id='word_1_665' title='bbox 2615 4195 2860 4251; x_wconf 87' lang='lat' dir='ltr'>facultas</span> <span class='ocrx_word' id='word_1_666' title='bbox 2915 4197 3236 4251; x_wconf 88' lang='lat' dir='ltr'>auferatur.</span> <span class='ocrx_word' id='word_1_667' title='bbox 3292 4198 3474 4262; x_wconf 90' lang='lat' dir='ltr'>Quem</span> <span class='ocrx_word' id='word_1_668' title='bbox 3525 4199 3577 4253; x_wconf 89' lang='lat' dir='ltr'>si</span> <span class='ocrx_word' id='word_1_669' title='bbox 3639 4201 3731 4256; x_wconf 87' lang='lat' dir='ltr'>vel</span> <span class='ocrx_word' id='word_1_670' title='bbox 3792 4202 3905 4257; x_wconf 67' lang='lat' dir='ltr'>haec</span> 
     </span>
    </p>
   </div>
   <div class='ocr_carea' id='block_1_100' title="bbox 2188 4287 3908 4353">
    <p class='ocr_par' dir='ltr' id='par_1_100' title="bbox 2188 4287 3908 4353">
     <span class='ocr_line' id='line_1_100' title="bbox 2188 4287 3908 4353; baseline 0.002 -9"><span class='ocrx_word' id='word_1_671' title='bbox 2188 4289 2452 4344; x_wconf 87' lang='lat' dir='ltr'>confusio</span> <span class='ocrx_word' id='word_1_672' title='bbox 2505 4304 2616 4342; x_wconf 89' lang='lat' dir='ltr'>non</span> <span class='ocrx_word' id='word_1_673' title='bbox 2670 4288 3068 4353; x_wconf 89' lang='lat' dir='ltr'>commoverit,</span> <span class='ocrx_word' id='word_1_674' title='bbox 3125 4287 3484 4343; x_wconf 86' lang='lat' dir='ltr'>abstineatur</span> <span class='ocrx_word' id='word_1_675' title='bbox 3540 4308 3571 4345; x_wconf 86' lang='lat' dir='ltr'>a</span> <span class='ocrx_word' id='word_1_676' title='bbox 3624 4300 3908 4348; x_wconf 85' lang='lat' dir='ltr'>conventu</span> 
     </span>
    </p>
   </div>
   <div class='ocr_carea' id='block_1_101' title="bbox 2190 4378 3911 4448">
    <p class='ocr_par' dir='ltr' id='par_1_101' title="bbox 2190 4378 3911 4448">
     <span class='ocr_line' id='line_1_101' title="bbox 2190 4378 3911 4448; baseline 0.004 -17"><span class='ocrx_word' id='word_1_677' title='bbox 2190 4378 2466 4446; x_wconf 88' lang='lat' dir='ltr'>fratrum;</span> <span class='ocrx_word' id='word_1_678' title='bbox 2503 4379 2580 4432; x_wconf 88' lang='lat' dir='ltr'>ita</span> <span class='ocrx_word' id='word_1_679' title='bbox 2614 4382 2671 4431; x_wconf 90' lang='lat' dir='ltr'>ut</span> <span class='ocrx_word' id='word_1_680' title='bbox 2703 4393 2807 4432; x_wconf 90' lang='lat' dir='ltr'>nec</span> <span class='ocrx_word' id='word_1_681' title='bbox 2854 4393 3084 4442; x_wconf 66' lang='lat' dir='ltr'>mensae,</span> <span class='ocrx_word' id='word_1_682' title='bbox 3121 4393 3225 4433; x_wconf 89' lang='lat' dir='ltr'>nec</span> <span class='ocrx_word' id='word_1_683' title='bbox 3273 4379 3461 4434; x_wconf 76' lang='lat' dir='ltr'>Missae</span> <span class='ocrx_word' id='word_1_684' title='bbox 3521 4379 3787 4448; x_wconf 87' lang='lat' dir='ltr'>intersit,</span> <span class='ocrx_word' id='word_1_685' title='bbox 3817 4399 3911 4438; x_wconf 82' lang='lat' dir='ltr'>ne-</span> 
     </span>
    </p>
   </div>
   <div class='ocr_carea' id='block_1_102' title="bbox 2189 4464 3908 4541">
    <p class='ocr_par' dir='ltr' id='par_1_102' title="bbox 2189 4464 3908 4541">
     <span class='ocr_line' id='line_1_102' title="bbox 2189 4464 3908 4541; baseline 0.001 -20"><span class='ocrx_word' id='word_1_686' title='bbox 2189 4483 2296 4536; x_wconf 88' lang='lat' dir='ltr'>que</span> <span class='ocrx_word' id='word_1_687' title='bbox 2319 4482 2452 4521; x_wconf 91' lang='lat' dir='ltr'>cum</span> <span class='ocrx_word' id='word_1_688' title='bbox 2486 4483 2550 4521; x_wconf 90' lang='lat' dir='ltr'>eo</span> <span class='ocrx_word' id='word_1_689' title='bbox 2586 4464 2740 4520; x_wconf 89' lang='lat' dir='ltr'>ullus</span> <span class='ocrx_word' id='word_1_690' title='bbox 2799 4467 2972 4520; x_wconf 86' lang='lat' dir='ltr'>frater</span> <span class='ocrx_word' id='word_1_691' title='bbox 3019 4466 3090 4520; x_wconf 90' lang='lat' dir='ltr'>de</span> <span class='ocrx_word' id='word_1_692' title='bbox 3141 4467 3476 4536; x_wconf 89' lang='lat' dir='ltr'>junioribus</span> <span class='ocrx_word' id='word_1_693' title='bbox 3523 4468 3908 4541; x_wconf 87' lang='lat' dir='ltr'>colloquatur.</span> 
     </span>
    </p>
   </div>
   <div class='ocr_carea' id='block_1_103' title="bbox 2190 4555 3907 4631">
    <p class='ocr_par' dir='ltr' id='par_1_103' title="bbox 2190 4555 3907 4631">
     <span class='ocr_line' id='line_1_103' title="bbox 2190 4555 3907 4631; baseline 0.002 -20"><span class='ocrx_word' id='word_1_694' title='bbox 2190 4555 2589 4611; x_wconf 89' lang='lat' dir='ltr'>Abstinebitur</span> <span class='ocrx_word' id='word_1_695' title='bbox 2614 4560 2806 4610; x_wconf 90' lang='lat' dir='ltr'>autem</span> <span class='ocrx_word' id='word_1_696' title='bbox 2867 4559 2984 4609; x_wconf 91' lang='lat' dir='ltr'>tam</span> <span class='ocrx_word' id='word_1_697' title='bbox 3017 4556 3139 4622; x_wconf 92' lang='lat' dir='ltr'>diu,</span> <span class='ocrx_word' id='word_1_698' title='bbox 3165 4572 3340 4627; x_wconf 86' lang='lat' dir='ltr'>quam</span> <span class='ocrx_word' id='word_1_699' title='bbox 3393 4557 3493 4611; x_wconf 92' lang='lat' dir='ltr'>diu</span> <span class='ocrx_word' id='word_1_700' title='bbox 3534 4560 3624 4613; x_wconf 88' lang='lat' dir='ltr'>vel</span> <span class='ocrx_word' id='word_1_701' title='bbox 3659 4562 3907 4631; x_wconf 81' lang='lat' dir='ltr'>qualitas</span> 
     </span>
    </p>
   </div>
   <div class='ocr_carea' id='block_1_104' title="bbox 2181 4645 3900 4718">
    <p class='ocr_par' dir='ltr' id='par_1_104' title="bbox 2181 4645 3900 4718">
     <span class='ocr_line' id='line_1_104' title="bbox 2181 4645 3900 4718; baseline 0 -15"><span class='ocrx_word' id='word_1_702' title='bbox 2181 4647 2364 4718; x_wconf 76' lang='lat' dir='ltr'>culpae</span> <span class='ocrx_word' id='word_1_703' title='bbox 2423 4645 2773 4717; x_wconf 90' lang='lat' dir='ltr'>poposcerit,</span> <span class='ocrx_word' id='word_1_704' title='bbox 2799 4646 3122 4700; x_wconf 89' lang='lat' dir='ltr'>secundum</span> <span class='ocrx_word' id='word_1_705' title='bbox 3184 4646 3409 4700; x_wconf 88' lang='lat' dir='ltr'>abbatis</span> <span class='ocrx_word' id='word_1_706' title='bbox 3469 4664 3533 4700; x_wconf 89' lang='lat' dir='ltr'>ac</span> <span class='ocrx_word' id='word_1_707' title='bbox 3603 4649 3900 4704; x_wconf 83' lang='lat' dir='ltr'>seniorum</span> 
     </span>
    </p>
   </div>
   <div class='ocr_carea' id='block_1_105' title="bbox 2180 4733 3901 4807">
    <p class='ocr_par' dir='ltr' id='par_1_105' title="bbox 2180 4733 3901 4807">
     <span class='ocr_line' id='line_1_105' title="bbox 2180 4733 3901 4807; baseline 0 -17"><span class='ocrx_word' id='word_1_708' title='bbox 2180 4734 2525 4801; x_wconf 91' lang='lat' dir='ltr'>arbitrium;</span> <span class='ocrx_word' id='word_1_709' title='bbox 2587 4733 2672 4788; x_wconf 90' lang='lat' dir='ltr'>vel</span> <span class='ocrx_word' id='word_1_710' title='bbox 2734 4750 2794 4787; x_wconf 91' lang='lat' dir='ltr'>se</span> <span class='ocrx_word' id='word_1_711' title='bbox 2861 4749 2928 4787; x_wconf 86' lang='lat' dir='ltr'>ex</span> <span class='ocrx_word' id='word_1_712' title='bbox 2987 4733 3158 4788; x_wconf 90' lang='lat' dir='ltr'>corde</span> <span class='ocrx_word' id='word_1_713' title='bbox 3215 4750 3316 4805; x_wconf 90' lang='lat' dir='ltr'>pro</span> <span class='ocrx_word' id='word_1_714' title='bbox 3387 4733 3557 4805; x_wconf 89' lang='lat' dir='ltr'>culpa</span> <span class='ocrx_word' id='word_1_715' title='bbox 3619 4738 3901 4807; x_wconf 72' lang='lat' dir='ltr'>paenitens</span> 
     </span>
    </p>
   </div>
   <div class='ocr_carea' id='block_1_106' title="bbox 2182 4824 3899 4900">
    <p class='ocr_par' dir='ltr' id='par_1_106' title="bbox 2182 4824 3899 4900">
     <span class='ocr_line' id='line_1_106' title="bbox 2182 4824 3899 4900; baseline 0.001 -19"><span class='ocrx_word' id='word_1_716' title='bbox 2182 4825 2598 4891; x_wconf 88' lang='lat' dir='ltr'>humiliaverit,</span> <span class='ocrx_word' id='word_1_717' title='bbox 2630 4829 2686 4880; x_wconf 89' lang='lat' dir='ltr'>et</span> <span class='ocrx_word' id='word_1_718' title='bbox 2742 4825 2967 4880; x_wconf 90' lang='lat' dir='ltr'>veniam</span> <span class='ocrx_word' id='word_1_719' title='bbox 3019 4825 3230 4879; x_wconf 89' lang='lat' dir='ltr'>erroris</span> <span class='ocrx_word' id='word_1_720' title='bbox 3283 4824 3374 4879; x_wconf 92' lang='lat' dir='ltr'>sui</span> <span class='ocrx_word' id='word_1_721' title='bbox 3425 4826 3710 4882; x_wconf 88' lang='lat' dir='ltr'>omnibus</span> <span class='ocrx_word' id='word_1_722' title='bbox 3763 4846 3899 4900; x_wconf 69' lang='lat' dir='ltr'>pra-</span> 
     </span>
    </p>
   </div>
   <div class='ocr_carea' id='block_1_107' title="bbox 2183 4913 3898 4988">
    <p class='ocr_par' dir='ltr' id='par_1_107' title="bbox 2183 4913 3898 4988">
     <span class='ocr_line' id='line_1_107' title="bbox 2183 4913 3898 4988; baseline -0.001 -16"><span class='ocrx_word' id='word_1_723' title='bbox 2183 4917 2446 4972; x_wconf 89' lang='lat' dir='ltr'>sentibus</span> <span class='ocrx_word' id='word_1_724' title='bbox 2512 4915 2761 4985; x_wconf 90' lang='lat' dir='ltr'>petierit.</span> <span class='ocrx_word' id='word_1_725' title='bbox 2831 4913 2993 4976; x_wconf 91' lang='lat' dir='ltr'>Quod</span> <span class='ocrx_word' id='word_1_726' title='bbox 3062 4914 3109 4968; x_wconf 91' lang='lat' dir='ltr'>si</span> <span class='ocrx_word' id='word_1_727' title='bbox 3175 4913 3232 4968; x_wconf 90' lang='lat' dir='ltr'>in</span> <span class='ocrx_word' id='word_1_728' title='bbox 3302 4915 3535 4970; x_wconf 86' lang='lat' dir='ltr'>fratrem</span> <span class='ocrx_word' id='word_1_729' title='bbox 3624 4919 3898 4988; x_wconf 80' lang='lat' dir='ltr'>peccavit,</span> 
     </span>
    </p>
   </div>
   <div class='ocr_carea' id='block_1_108' title="bbox 2182 5002 3898 5078">
    <p class='ocr_par' dir='ltr' id='par_1_108' title="bbox 2182 5002 3898 5078">
     <span class='ocr_line' id='line_1_108' title="bbox 2182 5002 3898 5078; baseline 0.001 -18"><span class='ocrx_word' id='word_1_730' title='bbox 2182 5005 2358 5060; x_wconf 90' lang='lat' dir='ltr'>etiam</span> <span class='ocrx_word' id='word_1_731' title='bbox 2426 5004 2497 5058; x_wconf 88' lang='lat' dir='ltr'>ab</span> <span class='ocrx_word' id='word_1_732' title='bbox 2529 5020 2594 5060; x_wconf 93' lang='lat' dir='ltr'>eo</span> <span class='ocrx_word' id='word_1_733' title='bbox 2664 5005 2839 5059; x_wconf 90' lang='lat' dir='ltr'>fratre</span> <span class='ocrx_word' id='word_1_734' title='bbox 2897 5002 3124 5058; x_wconf 88' lang='lat' dir='ltr'>veniam</span> <span class='ocrx_word' id='word_1_735' title='bbox 3193 5008 3368 5074; x_wconf 89' lang='lat' dir='ltr'>petat,</span> <span class='ocrx_word' id='word_1_736' title='bbox 3435 5006 3530 5061; x_wconf 91' lang='lat' dir='ltr'>cui</span> <span class='ocrx_word' id='word_1_737' title='bbox 3624 5007 3898 5078; x_wconf 83' lang='lat' dir='ltr'>injuriam</span> 
     </span>
    </p>
   </div>
   <div class='ocr_carea' id='block_1_109' title="bbox 2183 5095 2339 5150">
    <p class='ocr_par' dir='ltr' id='par_1_109' title="bbox 2183 5095 2339 5150">
     <span class='ocr_line' id='line_1_109' title="bbox 2183 5095 2339 5150; baseline -0.019 0"><span class='ocrx_word' id='word_1_738' title='bbox 2183 5095 2339 5150; x_wconf 86' lang='lat' dir='ltr'>fecit.</span> 
     </span>
    </p>
   </div>
   <div class='ocr_carea' id='block_1_110' title="bbox 2253 5219 3895 5292">
    <p class='ocr_par' dir='ltr' id='par_1_110' title="bbox 2253 5219 3895 5292">
     <span class='ocr_line' id='line_1_110' title="bbox 2253 5219 3895 5292; baseline 0.002 -18"><span class='ocrx_word' id='word_1_739' title='bbox 2253 5219 2501 5276; x_wconf 85' lang='lat' dir='ltr'><strong>XXXIII.</strong></span> <span class='ocrx_word' id='word_1_740' title='bbox 2535 5220 2594 5275; x_wconf 90' lang='lat' dir='ltr'>Si</span> <span class='ocrx_word' id='word_1_741' title='bbox 2655 5221 2787 5292; x_wconf 90' lang='lat' dir='ltr'>quis</span> <span class='ocrx_word' id='word_1_742' title='bbox 2850 5220 3024 5276; x_wconf 90' lang='lat' dir='ltr'>errori</span> <span class='ocrx_word' id='word_1_743' title='bbox 3076 5221 3203 5290; x_wconf 89' lang='lat' dir='ltr'>ejus</span> <span class='ocrx_word' id='word_1_744' title='bbox 3264 5221 3647 5287; x_wconf 86' lang='lat' dir='ltr'>consenserit,</span> <span class='ocrx_word' id='word_1_745' title='bbox 3707 5228 3766 5278; x_wconf 88' lang='lat' dir='ltr'>et</span> <span class='ocrx_word' id='word_1_746' title='bbox 3812 5239 3895 5278; x_wconf 81' lang='lat' dir='ltr'>se-</span> 
     </span>
    </p>
   </div>
   <div class='ocr_carea' id='block_1_111' title="bbox 2180 5309 3891 5383">
    <p class='ocr_par' dir='ltr' id='par_1_111' title="bbox 2180 5309 3891 5383">
     <span class='ocr_line' id='line_1_111' title="bbox 2180 5309 3891 5383; baseline 0 -17"><span class='ocrx_word' id='word_1_747' title='bbox 2180 5311 2435 5367; x_wconf 90' lang='lat' dir='ltr'>cundum</span> <span class='ocrx_word' id='word_1_748' title='bbox 2497 5310 2768 5365; x_wconf 89' lang='lat' dir='ltr'>duritiam</span> <span class='ocrx_word' id='word_1_749' title='bbox 2829 5310 2989 5365; x_wconf 93' lang='lat' dir='ltr'>illius</span> <span class='ocrx_word' id='word_1_750' title='bbox 3050 5312 3233 5383; x_wconf 89' lang='lat' dir='ltr'>magis</span> <span class='ocrx_word' id='word_1_751' title='bbox 3292 5309 3605 5366; x_wconf 90' lang='lat' dir='ltr'>consilium</span> <span class='ocrx_word' id='word_1_752' title='bbox 3652 5313 3891 5374; x_wconf 82' lang='lat' dir='ltr'>dederit,</span> 
     </span>
    </p>
   </div>
   <div class='ocr_carea' id='block_1_112' title="bbox 2182 5401 3888 5466">
    <p class='ocr_par' dir='ltr' id='par_1_112' title="bbox 2182 5401 3888 5466">
     <span class='ocr_line' id='line_1_112' title="bbox 2182 5401 3888 5466; baseline 0.001 -11"><span class='ocrx_word' id='word_1_753' title='bbox 2182 5407 2241 5455; x_wconf 87' lang='lat' dir='ltr'>ut</span> <span class='ocrx_word' id='word_1_754' title='bbox 2273 5416 2333 5456; x_wconf 91' lang='lat' dir='ltr'>se</span> <span class='ocrx_word' id='word_1_755' title='bbox 2367 5401 2589 5456; x_wconf 88' lang='lat' dir='ltr'>tardius</span> <span class='ocrx_word' id='word_1_756' title='bbox 2623 5401 2918 5466; x_wconf 89' lang='lat' dir='ltr'>humiliet,</span> <span class='ocrx_word' id='word_1_757' title='bbox 2953 5401 3099 5456; x_wconf 88' lang='lat' dir='ltr'>sciat</span> <span class='ocrx_word' id='word_1_758' title='bbox 3147 5418 3208 5458; x_wconf 89' lang='lat' dir='ltr'>se</span> <span class='ocrx_word' id='word_1_759' title='bbox 3255 5418 3388 5457; x_wconf 87' lang='lat' dir='ltr'>cum</span> <span class='ocrx_word' id='word_1_760' title='bbox 3447 5403 3506 5457; x_wconf 93' lang='lat' dir='ltr'>in</span> <span class='ocrx_word' id='word_1_761' title='bbox 3564 5402 3676 5458; x_wconf 89' lang='lat' dir='ltr'>hoc</span> <span class='ocrx_word' id='word_1_762' title='bbox 3703 5419 3888 5460; x_wconf 85' lang='lat' dir='ltr'>errore</span> 
     </span>
    </p>
   </div>
   <div class='ocr_carea' id='block_1_113' title="bbox 2180 5489 3886 5561">
    <p class='ocr_par' dir='ltr' id='par_1_113' title="bbox 2180 5489 3886 5561">
     <span class='ocr_line' id='line_1_113' title="bbox 2180 5489 3886 5561; baseline 0 -17"><span class='ocrx_word' id='word_1_763' title='bbox 2180 5491 2355 5545; x_wconf 90' lang='lat' dir='ltr'>fuerit</span> <span class='ocrx_word' id='word_1_764' title='bbox 2408 5490 2831 5561; x_wconf 89' lang='lat' dir='ltr'>deprehensus,</span> <span class='ocrx_word' id='word_1_765' title='bbox 2865 5489 3044 5546; x_wconf 88' lang='lat' dir='ltr'>simili</span> <span class='ocrx_word' id='word_1_766' title='bbox 3102 5491 3268 5548; x_wconf 91' lang='lat' dir='ltr'>modo</span> <span class='ocrx_word' id='word_1_767' title='bbox 3329 5491 3683 5561; x_wconf 89' lang='lat' dir='ltr'>culpabilem</span> <span class='ocrx_word' id='word_1_768' title='bbox 3742 5493 3886 5558; x_wconf 81' lang='lat' dir='ltr'>iudi-</span> 
     </span>
    </p>
   </div>
   <div class='ocr_carea' id='block_1_114' title="bbox 2180 5582 2452 5637">
    <p class='ocr_par' dir='ltr' id='par_1_114' title="bbox 2180 5582 2452 5637">
     <span class='ocr_line' id='line_1_114' title="bbox 2180 5582 2452 5637; baseline -0.007 -1"><span class='ocrx_word' id='word_1_769' title='bbox 2180 5582 2452 5637; x_wconf 90' lang='lat' dir='ltr'>candum.</span> 
     </span>
    </p>
   </div>
   <div class='ocr_carea' id='block_1_115' title="bbox 2250 5707 3896 5787">
    <p class='ocr_par' dir='ltr' id='par_1_115' title="bbox 2250 5707 3896 5787">
     <span class='ocr_line' id='line_1_115' title="bbox 2250 5707 3896 5787; baseline -0.001 -24"><span class='ocrx_word' id='word_1_770' title='bbox 2250 5707 2502 5768; x_wconf 80' lang='lat' dir='ltr'><strong>XXXIV.</strong></span> <span class='ocrx_word' id='word_1_771' title='bbox 2539 5710 2653 5765; x_wconf 91' lang='lat' dir='ltr'>Hoc</span> <span class='ocrx_word' id='word_1_772' title='bbox 2699 5709 2871 5766; x_wconf 89' lang='lat' dir='ltr'>etiam</span> <span class='ocrx_word' id='word_1_773' title='bbox 2932 5709 3262 5765; x_wconf 89' lang='lat' dir='ltr'>addendum</span> <span class='ocrx_word' id='word_1_774' title='bbox 3313 5709 3456 5775; x_wconf 89' lang='lat' dir='ltr'>fuit;</span> <span class='ocrx_word' id='word_1_775' title='bbox 3494 5715 3555 5764; x_wconf 91' lang='lat' dir='ltr'>ut</span> <span class='ocrx_word' id='word_1_776' title='bbox 3587 5709 3766 5765; x_wconf 76' lang='lat' dir='ltr'>frater</span> <span class='ocrx_word' id='word_1_777' title='bbox 3795 5725 3896 5787; x_wconf 84' lang='lat' dir='ltr'>qu-l</span> 
     </span>
    </p>
   </div>
  </div>
