4100 6204
352 296 463 352 991
1610 295 1713 354 AD
1757 291 2123 354 PALLADII
2168 288 2611 351 LAUSIACAM
3748 304 3878 365 993

1280 485 1555 492 ..πμ-..η

351 496 1517 509 ρΜᾠυ--μη-π-

1468 611 1486 621 ’
1552 680 2663 883 PALLADII

1264 1006 2333 1123 HELENOPOLITANI
2411 1006 2942 1122 EPISCOPI

1044 1243 2019 1411 HISTORIA.
2132 1244 3182 1422 LAUSIACA.

1217 1720 1829 1810 ΡΗΔΞΙΤᾹΤΙΟ
1890 1720 2423 1809 GENTIANI
2484 1721 3018 1809 HERVETI-

446 2100 539 2163 De
555 2094 1095 2163 monachorum
1110 2090 1284 2167 vita,
1306 2089 1629 2157 moribus
1644 2089 1708 2157 et
1723 2085 2101 2159 institutis,
2122 2105 2291 2152 cum
2312 2106 2379 2151 m
2395 2083 2522 2152 ulti
2544 2084 2775 2153 multa
2789 2084 3103 2173 sparsim
3121 2084 3574 2175 scripserint.
3596 2091 3885 2157 Lausus

354 2204 779 2291 praepositus
866 2200 1117 2269 utilem
1180 2198 1565 2266 historiam
1628 2218 1642 2260 :
1702 2194 2090 2263 Cassianus
2150 2192 2574 2261 collationes
2611 2215 2625 2258 :
2661 2192 3120 2282 Sophronius
3157 2194 3874 2286 Hierosolymitanus

354 2313 688 2399 paratum
723 2313 792 2377 et
824 2330 1090 2376 novum
1129 2306 1551 2394 paradisum
1588 2302 1796 2372 titulo
1830 2301 2173 2369 ediderit:
2212 2301 2702 2389 Hieronymus
2742 2300 3152 2389 aliquorum
3178 2302 3407 2370 vitas:
3446 2302 3755 2370 Basilius
3788 2305 3872 2369 in

352 2417 664 2485 ascetico
698 2416 1029 2501 regulas:
1069 2414 1467 2482 Damianus
1492 2415 1561 2479 et
1592 2410 1741 2477 Odo
1776 2431 1888 2477 res
1920 2412 2201 2495 gestas:
2238 2408 2379 2474 duo
2404 2410 2652 2475 tamen
2675 2408 3133 2477 celeberrimi
3163 2415 3229 2476 et
3266 2410 3519 2497 magni
3542 2412 3878 2479 nominis

351 2529 706 2603 auctores,
747 2522 1111 2588 Palladius
1145 2518 1749 2598 et'l‘heodoretus,
1774 2516 2288 2584 ealitterarum
2319 2515 2794 2582 monimentis
2820 2514 3387 2598 mandaverunt,
3410 2538 3572 2605 quas
3602 2519 3803 2605 (cum
3828 2519 3877 2585 ii

353 2633 438 2700 de
472 2632 735 2719 quibus
768 2630 1122 2710 scribunt,
1161 2628 1452 2717 Sytiolae
1496 2631 1563 2692 et
1592 2624 2039 2693 Tabensiotae
2074 2622 2438 2700 videlicet,
2485 2623 2599 2691 vel
2640 2624 2932 2693 illorum
2979 2626 3452 2712 temporibus,
3490 2626 3605 2694 vel
3654 2628 3874 2717 paulo

353 2743 521 2807 ante
554 2760 806 2806 eorum
840 2740 1169 2824 tempora
1202 2734 1541 2818 vixerint)
1572 2736 1698 2799 aut
1730 2753 1770 2798 a
1801 2731 1979 2797 viris
2015 2730 2153 2797 ﬁde
2184 2730 2429 2817 dignis
2472 2731 2596 2819 qui
2628 2752 2712 2798 ea
2742 2732 3106 2814 viderant,
3140 2754 3511 2823 accepere,
3549 2740 3675 2802 aut
3728 2736 3869 2823 ipsi

352 2847 503 2913 suis
534 2845 764 2913 oculis
798 2846 1191 2933 praesentes
1234 2861 1685 2931 perspexere.
1723 2841 2042 2917 Quorum
2089 2838 2269 2905 alter
2299 2838 2622 2927 quidem,
2653 2860 2916 2928 nempe
2945 2840 3337 2923 Palladius,
3377 2846 3590 2911 antea
3614 2844 3871 2913 Latine

350 2974 629 3033 versus,
676 2952 808 3020 sub
845 2949 1244 3017 Heraclidis
1277 2947 1579 3015 nomine
1622 2946 1695 3011 in
1731 2944 1970 3012 lucem
2024 2944 2219 3027 exiit,
2278 2945 2399 3011 sed
2446 2967 2594 3012 non
2652 2946 2958 3033 integer,
2995 2968 3163 3014 cum
3199 2948 3275 3014 in
3318 2970 3400 3015 eo
3433 2948 3595 3037 plus
3635 2971 3867 3038 quam

348 3061 651 3147 triginta
691 3060 857 3127 vitae
892 3058 1418 3125 desiderentur.
1456 3059 1704 3142 Itaque
1728 3073 1872 3120 non
1908 3053 2081 3119 satis
2114 3051 2333 3119 habui
2376 3052 2445 3119 id
2499 3054 2687 3141 quod
2722 3054 2784 3120 ei
2818 3053 3086 3131 deerat,
3120 3054 3478 3143 supplere,
3515 3056 3659 3123 nisi
3694 3078 3866 3125 eum

346 3168 585 3235 denuo
619 3187 659 3234 a
699 3165 937 3255 capite
980 3168 1361 3231 verterem.
1415 3165 1561 3229 Hoc
1595 3165 1839 3227 autem
1875 3180 2029 3225 esse
2080 3178 2260 3246 Opus
2315 3158 2646 3241 Palladii,
2700 3181 2917 3227 nemo
2975 3161 3415 3231 dubitaverit
3446 3164 3571 3252 qui
3604 3163 3871 3251 legerit

345 3278 567 3362 caput
594 3277 704 3348 44,
743 3274 864 3340 lib.
901 3293 950 3339 II
982 3273 1463 3339 ecclesiasticae
1506 3270 1829 3335 Historiae
1879 3265 2311 3353 Nicephori:
2372 3266 2768 3351 Palladius,
2806 3267 3068 3356 inquit.
3106 3273 3405 3356 Evagrii
3441 3272 3861 3360 discipulus,

346 3386 519 3449 vitas
551 3390 949 3447 sanctorum
982 3383 1238 3462 optime
1280 3378 1626 3460 exposuit.
1667 3376 1823 3439 Non
1876 3372 2316 3439 dubitaverit
2366 3372 2585 3439 etiam
2640 3374 2763 3462 qui
2799 3374 3056 3462 legerit
3094 3398 3257 3465 cap.
3296 3377 3462 3445 libri
3503 3398 3655 3446 VIII.
3708 3383 3869 3449 Hist

351 3490 537 3573 Trip.
574 3492 767 3553 Cass.
813 3492 882 3552 et
910 3490 997 3553 23
1058 3484 1379 3551 Socratis
1430 3481 1854 3549 scholastici
1901 3502 1914 3547 :
1980 3480 2103 3569 qui
2160 3480 2463 3568 loquens
2514 3482 2599 3549 de
2652 3485 2928 3551 sanctis
2978 3485 3063 3553 de
3115 3487 3381 3574 quibus
3427 3489 3641 3576 paulo
3693 3496 3867 3559 ante

344 3580 763 3681 scripserat,
800 3592 951 3659 haec
985 3591 1163 3657 dicit
1200 3616 1211 3653 :
1251 3594 1327 3659 Si
1365 3594 1521 3678 quis
1561 3602 1793 3656 autem
1831 3589 1989 3655 velit
2018 3590 2193 3655 scire
2252 3608 2329 3654 ea
2362 3610 2511 3676 cute
2542 3590 2681 3676 ipsi
2708 3594 2979 3677 egerint
3011 3604 3074 3661 et
3102 3597 3430 3679 fecerint,
3466 3609 3529 3663 et
3570 3619 3723 3685 quae
3772 3601 3873 3666 ad

340 3721 579 3769 eorum
636 3703 763 3788 qui
818 3701 1221 3781 audierunt,
1278 3700 1495 3765 locuti
1539 3700 1685 3764 sint
1725 3696 2126 3776 utilitatem,
2181 3705 2246 3763 et
2293 3700 2881 3783 quemadmodum
2930 3703 3027 3767 eis
3075 3701 3431 3770 abet/irent
3477 3708 3707 3772 vestias
3745 3732 3770 3782 ,-
3823 3729 3866 3773 α

338 3809 667 3875 Palladio
710 3810 1049 3875 monac/t0
1106 3808 1409 3891 scriptus
1462 3813 1561 3871 est
1610 3802 1782 3870 liber
1832 3824 2042 3881 unus,
2097 3802 2221 3889 qui
2265 3805 2566 3888 Evagrii
2611 3807 2893 3891 quidem
2946 3816 3093 3874 erat
3144 3810 3533 3894 discipulus
3581 3833 3605 3876 :
3638 3812 3723 3878 de
3775 3814 3867 3879 iis

335 3926 569 3984 autem
594 3917 828 3984 omnia
853 3924 1185 3983 accurate
1202 3913 1657 4000 pertractavit
1683 3936 1703 3978 :
1724 3914 1797 3978 in
1823 3931 1957 3999 quo
1980 3912 2191 3977 etiam
2214 3913 2535 3977 meminit
2557 3915 2931 3980 mulierum
2954 3936 3105 4003 quae
3122 3936 3258 4001 par
3282 3919 3430 3984 vitae
3453 3918 3862 3986 institutum

336 4045 492 4091 cum
527 4026 695 4091 viris
722 4026 927 4109 prius
952 4024 1156 4090 dictis
1188 4032 1651 4107 susceperunt.
1692 4018 1888 4097 Quod
1926 4021 2167 4085 autem
2204 4017 2326 4085 hic
2358 4017 2538 4085 liber
2560 4018 2876 4106 scriptus
2910 4021 3002 4087 sit
3023 4022 3114 4088 ad
3144 4027 3231 4089 La
3246 4044 3479 4099 usum,
3510 4024 3862 4112 probatur

334 4130 751 4199 testimonio
772 4130 1079 4195 Joannis
1103 4128 1539 4194 Damasceni
1572 4128 1645 4192 in
1671 4126 1852 4193 libro
1879 4125 2003 4213 qui
2030 4124 2497 4193 inscribitur:
2536 4132 2629 4193 De
2653 4128 2739 4193 iis
2763 4130 3137 4215 quiin/ide
3162 4133 3616 4201 dormierunt.
3652 4134 3861 4212 Quod

333 4237 392 4304 si
424 4237 585 4323 quis
626 4236 910 4314 dixerit,
960 4234 1033 4301 id
1083 4233 1273 4322 quod
1337 4233 1657 4299 Macario
1718 4232 1807 4299 ab
1858 4252 1939 4297 eo
1981 4231 2398 4312 ascribitur,
2456 4253 2601 4299 non
2646 4233 2964 4302 inveniri
3007 4235 3081 4302 in
3124 4236 3263 4304 hoc
3300 4243 3541 4307 nostro
3576 4242 3857 4328 Opere:

332 4343 646 4409 duorum
681 4341 994 4408 alterum
1040 4361 1336 4407 necesse
1378 4344 1506 4421 est,
1545 4338 1656 4405 vel
1692 4338 1762 4404 id
1808 4338 2023 4404 fuisse
2078 4337 2155 4403 in
2203 4338 2339 4404 hoc
2391 4360 2603 4426 opere
2651 4347 2975 4429 tempore
3028 4346 3491 4429 Damasceni,
3527 4351 3595 4414 et
3626 4348 3858 4417 fuisse

332 4454 580 4540 postea
595 4451 683 4520 ab
702 4450 1045 4518 haeretico
1072 4448 1315 4537 aliquo
1340 4448 1697 4515 malitiose
1722 4445 2094 4515 sublatum
2128 4470 2140 4513 :
2170 4446 2281 4515 vel
2308 4468 2475 4514 eum
2499 4448 2765 4516 librum
2792 4451 2916 4540 qui
2938 4451 3399 4521 inscribitur:
3427 4462 3521 4523 De
3544 4458 3867 4525 doctrina

330 4564 647 4642 Patrum,
704 4558 927 4625 fuisse
961 4558 1180 4625 etiam
1215 4555 1538 4623 Palladio
1581 4554 2125 4643 conscriptum:
2179 4575 2398 4642 quem
2442 4560 2729 4624 constat
2759 4557 2977 4626 fuisse
3012 4581 3047 4625 e
3081 4563 3333 4629 Graeco
3366 4584 3817 4632 conversum
3849 4589 3862 4643 ;

334 4686 533 4747 cum,
561 4666 649 4733 de
668 4665 907 4754 capite
925 4664 1218 4747 mortui,
1248 4663 1687 4733 miraculum
1708 4665 1894 4752 quod
1915 4662 2234 4729 Macario
2255 4662 2556 4730 ascribit
2580 4668 2981 4733 Damascen
2997 4688 3103 4743 us,
3131 4669 3389 4736 iisdem
3415 4670 3656 4739 verbis
3682 4672 3758 4738 in
3776 4696 3864 4743 eo

333 4797 547 4865 opere
580 4775 957 4852 referatur,
994 4775 1177 4844 libro
1211 4781 1495 4863 quarto,
1542 4773 1781 4861 capite
1822 4772 1910 4838 de
1959 4770 2311 4857 exemplis
2362 4774 2429 4837 et
2480 4772 2833 4840 doctrinis
2866 4775 3032 4843 vitm
3076 4777 3504 4864 spiritualis.
3552 4782 3711 4846 Non
3746 4789 3867 4851 est

338 4890 579 4953 autem
616 4885 804 4975 quod
848 4906 889 4953 a
922 4884 1242 4953 Palladio
1286 4887 1533 4950 nostro
1568 4879 2045 4948 Ciceroniana
2077 4883 2534 4967 exspectetur
2564 4882 3001 4971 eloquentia.
3040 4888 3225 4953 Nam
3250 4908 3419 4955 cum
3458 4889 3609 4978 ipse
3643 4890 3861 4959 nullo

332 4992 654 5061 adhibito
696 4991 1043 5061 orationis
1075 4993 1535 5071 ornamento,
1574 4986 1986 5074 humilique
2016 5007 2101 5054 ac
2134 4986 2349 5075 plane
2376 4987 2653 5075 plebeio
2687 4990 2868 5079 style
2906 5013 2920 5071 ;
2957 4992 3159 5060 visus
3191 5014 3353 5063 sum
3394 4996 3581 5063 mihi
3615 4996 3862 5067 fidelis

333 5102 749 5191 interpretis
785 5121 932 5167 non
955 5100 1338 5167 functurus
1362 5095 1622 5173 ofﬁcio,
1654 5094 1710 5161 si
1728 5093 1939 5162 aliter
1959 5094 2334 5162 vertissem
2363 5116 2584 5183 quam
2612 5098 3047 5187 scripsisset.
3082 5102 3264 5188 Lege
3288 5124 3462 5192 ergo
3485 5126 3634 5173 non
3669 5109 3749 5174 ut
3772 5128 3863 5175 ex

333 5213 489 5300 ejus
524 5209 839 5279 lectione
875 5207 973 5275 sis
1013 5204 1491 5295 eloquentior,
1528 5203 1649 5273 sed
1685 5207 1761 5271 ut
1796 5202 2079 5285 melior,
2134 5206 2203 5269 et
2242 5201 2319 5268 in
2362 5202 2453 5271 iis
2502 5225 2665 5293 quae
2720 5207 2807 5274 ad
2852 5206 3193 5295 pietatem
3228 5215 3298 5277 et
3330 5212 3863 5300 pulcherrimae

341 5322 663 5390 historize
724 5317 1226 5407 cognitionem
1276 5315 1669 5404 pertinent,
1730 5312 2103 5394 eruditior,
2139 5312 2469 5380 imitatus
2501 5313 2843 5383 videlicet
2871 5316 3099 5386 vitam
3135 5320 3553 5407 angelicam
3599 5344 3861 5392 eorum

328 5428 683 5505 virorum,
720 5426 843 5517 qui
878 5426 953 5493 in
977 5445 1199 5492 carne
1232 5423 1476 5491 minus
1499 5420 1871 5489 carnalem
1898 5421 2152 5503 vitam,
2182 5419 2305 5488 sed
2330 5420 2751 5509 angelicam
2776 5422 3135 5511 degerunt
3160 5447 3173 5493 :
3198 5426 3407 5516 juxta
3430 5431 3858 5519 exemplum

331 5534 523 5624 quod
558 5537 627 5601 et
666 5533 795 5601 tibi
830 5532 1205 5622 proposuit
1224 5528 1662 5597 Theodosius
1694 5529 2037 5617 princeps
2068 5528 2412 5617 optimus,
2442 5531 2567 5619 qui
2602 5535 2857 5619 quarto
2882 5534 3210 5622 cujusvis
3233 5535 3719 5606 hebdomadis
3740 5539 3857 5608 die

321 5641 415 5733 jej
431 5638 1051 5729 unabat,hymnos
1068 5640 1208 5705 Deo
1223 5656 1393 5705 cum
1410 5635 1776 5705 sororibus
1792 5635 2018 5703 altern
2033 5634 2090 5701 is
2106 5634 2438 5714 canebat,
2460 5640 2526 5705 et
2543 5658 2631 5707 ne
2651 5638 2741 5707 ab
2754 5640 3105 5709 asceterio
3123 5643 3665 5715 monachorum
3682 5645 3853 5715 aula
