4076 6206
301 375 421 434 993
1451 368 1824 429 GENTIANI
1867 368 1911 429 Η

2207 422 2208 425 η
2252 367 2698 430 ΡΗΕΕΑΤΙΟ.
3701 371 3817 433 994

312 502 802 586 suadii‘i‘erret,
819 498 1347 589 spiritusverba
1369 521 1516 567 sem
1531 500 1739 587 perin
1757 522 1877 568 ore
1892 496 2174 581 habuit,
2195 518 2362 565 cum
2382 498 2742 589 episcopis
2760 499 3813 591 etsacerdotibuscongressus,

309 611 662 679 obscuros
687 609 907 694 locos,
940 612 1208 694 τρῑῳ,θι
1240 607 1466 676 nodos
1489 608 1640 675 Scri
1656 612 1774 695 ptu
1788 627 2062 683 rarum,
2080 604 2274 674 haud
2293 606 2506 676 aliter
2525 629 2743 696 quam
2763 609 2820 676 si
2840 611 3071 677 sacris
3091 609 3812 699 ipseinitiatusesset,

310 718 689 807 explicuit,
714 724 931 785 noclu
962 715 1166 784 libris
1199 716 1524 803 legendis
1546 724 1853 797 αὐτόματον
1880 710 1920 781 Ιι

2205 735 2254 781 n
2291 717 2754 804 excogitavit,
2779 716 3097 793 ἀοργησίαν,
3125 717 3190 784 id
3218 726 3349 804 est,
3376 719 3637 810 injuria
3656 741 3815 789 rum

306 827 853 902 remissionem,
875 825 1174 893 invexit.
1203 825 1628 893 Sacerdotes
1643 827 2109 911 adeodilexit,
2140 834 2215 897 ut
2235 824 3105 917 episcopiChebronensis
3126 826 3290 894 defu
3306 829 3450 895 ncti
3472 826 3814 916 sagulum

186 940 195 949 ³
299 935 437 1004 sub
468 934 839 1024 imperiali
867 933 1259 1023 chlamyde
1277 935 1673 1022 gestaverit
1698 958 1713 1003 :
1752 939 1927 1005 tanti
1952 938 2121 1007 fecit
2146 934 2579 1010 monachos,
2606 937 2738 1002 uta
2760 934 3075 1023 quodam
3102 936 3812 1015 excommunicatus,

304 1045 428 1114 cui
460 1042 839 1133 quidpiam
874 1043 1386 1132 denegaverat,
1423 1064 1567 1111 non
1605 1046 1806 1133 prius
1836 1047 2080 1116 cibum
2116 1044 2515 1136 sumpserit
2543 1064 2762 1133 quam
2797 1041 2887 1111 ab
2919 1043 3172 1113 eodem
3201 1045 3326 1113 diu
3354 1046 3815 1137 multumque

306 1155 641 1245 quaesito,
674 1152 993 1222 vinculis
1022 1153 1302 1220 solutus
1332 1156 1541 1220 esset.
1576 1154 1770 1223 Vixit
1798 1162 2039 1224 autem
2089 1155 2459 1224 Palladius
2490 1153 2897 1242 imperante
2926 1152 3348 1223 Theodosio.
3389 1153 3592 1223 Vale.

399 1264 488 1330 Ut
515 1260 732 1350 probe
768 1280 1053 1345 noscas,
1112 1258 1362 1344 lector,
1416 1260 1757 1349 quisnam
1804 1262 2175 1332 Palladius
2220 1261 2459 1344 fuerit,
2511 1259 2765 1350 accipe
2814 1258 3095 1347 judicia
3145 1263 3446 1328 Patrum
3503 1261 3591 1329 de
3631 1262 3811 1351 ipso.

303 1372 619 1439 Sanctus
653 1367 1167 1457 Hieronymus,
1202 1368 1414 1456 cujus
1448 1366 1523 1435 in
1559 1367 1701 1437 hac
1743 1369 2201 1459 rejudicium
2244 1368 2503 1459 probat
2531 1372 2832 1437 sanctus
2864 1365 3191 1435 Gelasius
3215 1369 3268 1443 Ι,
3297 1367 3719 1457 praefatione
3740 1368 3817 1437 in

302 1477 490 1547 libro
522 1475 873 1546 adversus
895 1474 1353 1565 Pelagianos,
1399 1477 1500 1545 ait
1526 1496 1540 1541 :
1567 1478 1941 1547 Palladius
1964 1481 2235 1548 servilis
2255 1476 2912 1567 nequitiaehaeresim
2932 1477 3398 1564 Pelagianam
3419 1480 3819 1546 instaurare

303 1596 594 1658 conatus
618 1597 741 1655 est.
766 1589 1080 1654 Sanctus
1102 1585 1557 1674 Epiphanius
1588 1586 1794 1676 epist.
1823 1588 1911 1655 ad
1933 1591 2290 1656 Joannem
2316 1584 2953 1675 Hierosolymitan,
2980 1584 3083 1652 sic
3101 1582 3343 1673 inquit
3367 1604 3382 1652 :
3409 1588 3816 1655 Palladium

303 1716 463 1765 vero
497 1696 849 1779 Galalam,
882 1695 1014 1783 qui
1039 1694 1414 1783 quamdam
1443 1696 1643 1762 nobis
1666 1696 1916 1763 charus
1943 1697 2113 1783 fuit,
2149 1705 2214 1763 et
2233 1715 2428 1763 nunc
2455 1694 2938 1762 misericordia
2970 1695 3101 1760 Dei
3120 1694 3408 1780 indigel,
3442 1715 3628 1773 cave,
3652 1698 3821 1785 quia

308 1805 633 1891 Origenis
662 1806 976 1872 haeresim
1004 1803 1343 1889 praedicat
1379 1811 1445 1870 et
1481 1804 1699 1883 docel,
1734 1808 2022 1891 nefarie
2052 1805 2323 1895 aliquos
2344 1806 2430 1872 de
2453 1803 2716 1891 populo
2744 1803 2878 1871 tibi
2895 1803 3153 1871 credito
3182 1803 3279 1871 ad
3296 1806 3820 1895 perversitatem

303 1917 427 1983 sui
448 1914 731 1981 inducat
760 1914 1040 1980 erroris.
1069 1912 1241 1980 Haec
1272 1916 1573 1979 sanctus
1607 1912 2079 2001 Epiphanius.
2113 1919 2202 1982 At
2226 1935 2336 1981 res
2368 1911 2669 1981 Palladii
2693 1916 2959 1999 gestas,
2993 1910 3353 1981 vafritiem
3380 1918 3450 1981 et
3468 1914 3719 1982 odium
3743 1914 3820 1984 in

306 2025 646 2090 sanctum
673 2019 1199 2108 Hieronymum
1226 2017 1554 2106 pluribus
1576 2020 2221 2109 exponuntAnnal.
2247 2019 2740 2089 Ecclesiastici
2761 2025 2928 2087 tom.
2957 2019 3042 2089 V.
3071 2021 3171 2088 Ex
3197 2019 3457 2109 quibus
3478 2020 3823 2089 omnibus

304 2127 569 2204 disces,
595 2146 755 2215 qua:
783 2125 959 2193 ﬁdes
984 2124 1395 2193 adhibenda
1415 2127 1507 2194 sit
1530 2126 1868 2196 baeretico
1887 2128 2164 2195 homini
2191 2126 2620 2217 Origenislm
2637 2131 2706 2194 et
2733 2126 3152 2215 Pelagiano,
3180 2127 3250 2193 in
3281 2128 3393 2196 his
3418 2129 3823 2218 praesertim

303 2254 468 2325 quae
500 2235 588 2302 de
620 2234 1054 2323 quibusdam
1079 2233 1188 2300 sui
1215 2233 1581 2301 similibus
1609 2237 1993 2304 monachis
2016 2234 2268 2303 eadem
2297 2232 2610 2321 fuligine
2636 2234 2887 2302 tinctis
2919 2236 2993 2302 in
3024 2235 3159 2303 hoc
3193 2256 3405 2324 Opere
3431 2235 3705 2324 prodit:
3733 2256 3821 2306 ac

309 2341 632 2409 maxime
651 2340 1048 2410 verendum
1079 2361 1166 2406 ne
1191 2339 1473 2428 aliquos
1498 2362 1624 2429 pro
1648 2342 1926 2409 sanctis
1948 2344 2292 2424 venditat,
2319 2342 2444 2430 qui
2472 2344 2764 2410 fuerunt
2784 2342 3244 2428 Origenislae.
3278 2343 3385 2411 vel
3416 2341 3816 2430 Pelagiani.

304 2452 569 2537 Sagaci
593 2447 1180 2537 conjecturasuis
1201 2446 1471 2515 locisin
1498 2469 1712 2537 opere
1736 2450 2085 2540 quosdam
2114 2450 2320 2517 istius
2345 2451 2530 2516 furfu
2545 2449 2640 2515 ris
2663 2449 3184 2518 indicabimus.
3215 2454 3301 2519 Ut
3326 2450 3815 2537 magisautem

297 2561 566 2629 faciem
616 2563 686 2627 et
735 2559 999 2626 intima
1038 2557 1339 2625 Palladii
1374 2559 1868 2645 introspicias,
1914 2561 2096 2628 scito
2148 2559 2391 2647 ipsum
2443 2558 2664 2626 fuisse
2702 2558 3145 2648 discipulum
3186 2560 3470 2648 Evagrii
3506 2560 3816 2638 Pontici,

299 2669 738 2757 Origenislaa
773 2667 1100 2738 haeretici
1128 2667 1337 2737 toties
1366 2666 1457 2736 ab
1487 2667 1805 2736 Ecclesia
1826 2667 2184 2752 damnati,
2211 2667 2300 2736 de
2332 2689 2473 2757 quo
2501 2666 2706 2756 plura
2731 2688 2823 2735 an
2839 2668 3254 2736 notavimus
3278 2671 3473 2736 tomo
3494 2670 3579 2745 V,
3610 2667 3820 2737 initio

292 2776 460 2846 libri
507 2777 821 2866 Evagrii.
870 2779 1019 2845 Hoc
1051 2774 1140 2843 de
1172 2796 1247 2843 se
1283 2779 1586 2844 testatur
1621 2776 1987 2844 Palladius
2029 2776 2104 2843 in
2142 2774 2283 2842 hac
2320 2775 2693 2859 Lausiaca,
2728 2796 2896 2842 cum
2933 2775 3070 2843 ait:
3118 2774 3488 2865 Respondi
3517 2796 3634 2845 me
3664 2796 3819 2844 esse

295 2885 799 2974 peregrinum,
816 2884 990 2952 etde
1013 2882 1310 2952 Galatiae
1330 2883 1654 2971 partibus
1669 2884 1944 2964 venire,
1962 2886 2278 2950 etunum
2301 2903 2385 2950 ex
2408 2881 2695 2968 Evagrii
2713 2882 3052 2951 fratribus
3066 2883 3611 2952 esseconfessus
3626 2903 3813 2952 sum.

296 2993 498 3063 Idem
532 2992 1354 3060 affirmaruntSocrates
1386 2988 1507 3057 lib.
1546 3010 1643 3067 IV,
1679 3009 1839 3079 cap.
1884 2994 1996 3073 18,
2029 2994 2100 3057 et
2129 2988 2583 3075 Nicephorus
2612 2986 2736 3054 lib.
2771 3006 2850 3063 II,
2892 3008 3057 3075 cap.
3082 2993 3191 3067 44,
3228 2989 3514 3057 utnihil
3543 2988 3809 3057 mirum

292 3100 419 3184 sit,
462 3100 521 3168 si
554 3099 806 3169 eodem
841 3099 988 3167 luto
1029 3118 1386 3173 errorum,
1415 3116 1556 3186 quo
1602 3098 1969 3185 magister,
2008 3095 2281 3164 tinctus
2305 3092 2676 3162 Palladius
2698 3091 2935 3161 fuerit.
2973 3094 3334 3171 Quocirca
3369 3098 3446 3162 ut
3478 3093 3614 3162 hoc
3634 3114 3815 3183 opus

290 3207 600 3277 laudant
638 3210 972 3276 Socrates
1001 3203 1575 3294 etNicephorus,
1611 3210 1690 3272 ut
1720 3225 1868 3272 non
1910 3203 2104 3272 imus
2145 3199 2439 3270 inficias
2474 3198 2704 3267 multa
2736 3197 2843 3266 illi
2877 3199 3115 3268 inesse
3140 3199 3347 3269 utilia
3370 3204 3441 3268 et
3464 3202 3687 3277 recta,
3716 3198 3815 3267 ita

296 3318 591 3385 certum
631 3316 744 3384 est
774 3314 959 3401 illos,
998 3312 1234 3404 qualis
1267 3311 1635 3381 Palladius
1663 3309 1903 3395 fuerit,
1939 3332 2084 3382 non
2118 3309 2410 3400 penitus
2440 3311 2904 3398 perspectum
2936 3307 3303 3378 habuisse.

631 5746 905 5805 Pusam.
953 5738 1063 5801 Ga.
1107 5732 1377 5797 XXXIV.
3428 5720 3507 5781 Βῆ
