4076 6206
293 385 414 445 997
1830 391 2311 456 PROOEMIUM.
3687 425 3806 486 993

833 616 3116 650 MM

1005 986 1135 1076 PA
1154 987 1526 1077 LLADII
1613 988 2101 1082 EPISCOPI
2205 993 3120 1092 HELENOPOLEOS

1110 1296 1922 1422 HISTORIA
1982 1302 2211 1425 AD
2288 1303 2986 1502 LAUSUM

1056 1627 1584 1691 CONTINENS
1668 1631 1940 1693 VITAS
2000 1635 2552 1700 SANCTORUM
2631 1640 3027 1705 PATRUM.

1701 1939 2405 2032 PROOEMIUM.

364 2243 428 2299 In
463 2241 573 2298 hoc
608 2241 756 2298 libro
801 2241 1021 2316 scripta
1051 2251 1157 2306 est.
1190 2260 1300 2315 qua
1332 2243 1387 2298 in
1421 2243 1629 2300 virtute
1662 2245 1995 2314 utebantur,
2027 2249 2358 2304 exercitatio
2389 2257 2443 2304 et
2476 2249 2844 2308 admirabilis
2867 2253 2993 2308 vitae
3015 2255 3249 2324 agenda»
3272 2257 3412 2312 ratio
3435 2257 3736 2316 beatorum
3758 2267 3814 2317 et

302 2339 644 2389 sanctorum
680 2331 913 2388 Patrum
966 2333 1065 2405 qui
1113 2334 1398 2405 degebant
1429 2336 1483 2388 in
1532 2334 1884 2402 solitudine;
1912 2343 1973 2391 ut
2013 2353 2110 2393 eos
2141 2339 2490 2394 zernulentur
2514 2341 2907 2398 acimitentur
2929 2344 3028 2415 qui
3062 2345 3352 2402 caelestem
3387 2347 3589 2404 volunt
3635 2352 3810 2406 vitam

298 2438 496 2495 agere,
545 2431 597 2476 et
648 2439 771 2490 quas
823 2423 893 2478 ad
939 2439 1174 2492 regnum
1217 2423 1491 2479 caelorum
1535 2425 1791 2489 deducit,
1831 2426 1981 2480 viam
2027 2427 2289 2498 ingredi;
2324 2446 2664 2501 annumque
2708 2432 3019 2489 mulierum
3056 2435 3354 2506 memoria,
3385 2443 3441 2493 et
3472 2438 3812 2512 inclytarum

296 2525 556 2567 matrum
591 2530 623 2566 a
658 2513 767 2567 Deo
791 2512 1226 2584 inspiratarum,
1249 2530 1374 2584 quae
1399 2529 1608 2585 magno
1631 2521 1686 2568 et
1709 2514 1837 2568 forti
1861 2516 2055 2571 animo
2076 2519 2308 2573 virtutis
2330 2520 2762 2577 exercitationis
2788 2540 3048 2594 peregere
3072 2526 3406 2595 certamina,
3437 2537 3492 2582 ut
3515 2531 3814 2601 exemplar

292 2609 678 2674 proponatur,
703 2609 755 2657 et
779 2618 941 2656 amor
962 2604 1241 2658 excitetur
1260 2604 1332 2656 iis
1351 2619 1476 2674 quae
1501 2603 1869 2658 continentiae
1889 2623 1952 2660 ac
1975 2606 2257 2661 castitatis
2283 2607 2477 2662 volunt
2502 2625 2712 2664 corona
2735 2611 3016 2680 redimiri,
3047 2630 3112 2668 ex
3137 2617 3423 2670 sententia
3444 2625 3500 2672 et
3521 2619 3813 2674 voluntate

294 2692 431 2757 viii,
464 2692 560 2762 qui
594 2699 682 2747 est
705 2693 862 2746 varia
893 2708 958 2747 ac
991 2692 1301 2764 multiplici
1333 2694 1596 2748 doctrina
1624 2696 1917 2764 praeditus,
1955 2696 2215 2751 moribus
2238 2697 2533 2766 pacificus,
2555 2705 2610 2752 et
2632 2702 2802 2756 corde
2826 2703 2972 2770 pius,
2999 2711 3308 2776 menteque
3327 2706 3652 2775 religiosus,
3679 2709 3810 2764 etin

292 2781 363 2836 iis
393 2799 522 2854 quae
555 2789 689 2836 sunt
711 2800 857 2852 opus
889 2783 1195 2854 egentibus
1228 2783 1728 2838 communicandis
1759 2783 2036 2852 liberalis,
2060 2790 2117 2839 et
2152 2792 2386 2857 prepter
2416 2805 2642 2843 morum
2670 2789 2977 2846 bonitatem
3007 2795 3209 2849 multis
3233 2795 3369 2850 viris
3391 2797 3619 2853 eximiis
3638 2801 3727 2853 est
3750 2798 3810 2852 in

291 2873 548 2929 summis
581 2871 898 2928 honoribus
931 2873 1298 2942 praapositus,
1329 2879 1386 2928 et
1414 2874 1653 2928 omnino
1684 2875 2010 2929 custoditur
2033 2877 2243 2930 virtute
2274 2877 2453 2931 divini
2477 2877 2746 2947 Spiritus.
2781 2880 2886 2944 Qui
2915 2883 3149 2952 quidem
3181 2883 3573 2956 nobisjussit,
3605 2888 3714 2954 vel,
3759 2888 3809 2942 si

291 2981 489 3019 verum
517 2965 708 3034 potius
739 2964 929 3018 dicere
962 2970 1245 3034 oporteat,
1275 2965 1342 3018 ad
1377 2980 1577 3019 eorum
1613 2980 1738 3035 quae
1771 2971 1907 3018 sunt
1935 2965 2177 3019 meliora
2203 2967 2751 3038 contemplationem
2788 2970 2963 3025 hebes
2995 2978 3261 3029 nostrum
3284 2981 3341 3030 et
3361 2978 3636 3032 obtusum
3657 2980 3808 3033 exci-

282 3054 427 3108 tavit
461 3053 786 3122 ingenium,
818 3059 884 3106 ut
913 3054 981 3107 ad
1019 3054 1452 3124 proponendam
1486 3055 1554 3107 ad
1581 3053 1930 3108 imitandum
1965 3055 2243 3108 virtutum
2277 3056 2708 3112 exercitationis
2739 3059 3190 3116 decertationem
3235 3070 3566 3120 sanctorum
3599 3072 3656 3122 et
3692 3069 3805 3123 im-

283 3143 624 3200 mortalium
651 3147 708 3197 et
732 3143 1082 3214 spiritalium
1110 3148 1332 3213 patrum
1360 3149 1714 3211 nostrorum,
1745 3144 1866 3214 qui,
1893 3149 1956 3198 ut
1980 3143 2094 3199 Deo
2119 3145 2428 3214 placerent,
2450 3146 2507 3199 in
2527 3145 2676 3201 dura
2699 3152 2754 3202 et
2776 3164 2982 3219 aspera
3003 3152 3347 3208 tractatione
3364 3158 3623 3225 corporis
3636 3157 3809 3212 vitam

282 3237 555 3306 egerunt,
589 3232 993 3304 praeclarorum
1029 3233 1376 3289 athletarum
1409 3235 1587 3288 vitam
1623 3250 1655 3288 a
1685 3234 1855 3289 nobis
1887 3234 2234 3305 descriptam
2269 3235 2338 3289 ad
2373 3251 2504 3289 eum
2541 3237 2928 3306 mitteremus,
2965 3239 3434 3313 uniuscujusque
3473 3261 3541 3299 ex
3574 3247 3804 3317 magnis

282 3330 557 3380 strenuae
592 3324 956 3395 praedicando
984 3329 1241 3378 Virtutes.
1268 3322 1457 3378 Divini
1488 3330 1681 3378 autem
1717 3322 1894 3393 hujus
1925 3330 1980 3378 et
2008 3324 2286 3394 spiritalis
2318 3323 2592 3380 desiderii
2616 3331 2846 3382 amator
2867 3337 2952 3383 est
2985 3327 3233 3399 Lausus,
3267 3332 3356 3388 cui
3391 3338 3521 3402 post
3559 3332 3812 3392 divinum

281 3414 568 3470 auxilium
607 3415 882 3469 mandata
914 3423 998 3468 est
1038 3413 1296 3469 custodia
1327 3413 1608 3468 divinitus
1639 3412 1817 3468 alﬂati
1851 3423 1901 3470 et
1935 3414 2203 3484 religiosi-
2225 3414 2472 3484 imperii.

361 3503 479 3575 Ego
509 3503 684 3567 igitur
714 3504 811 3576 qui
841 3513 890 3558 et
915 3503 1116 3575 lingua
1146 3520 1274 3558 sum
1308 3503 1658 3573 ineruditus,
1689 3509 1744 3557 et
1765 3502 2080 3573 spiritalem
2111 3505 2498 3573 cognitionem
2534 3507 2786 3561 summis
2823 3507 3252 3578 quodammodo
3290 3510 3471 3568 labris
3514 3513 3704 3586 attigi,
3752 3521 3809 3571 et

282 3594 574 3666 indignus
607 3610 737 3648 sum
775 3593 875 3664 qui
898 3609 1226 3648 recenseam
1253 3592 1571 3665 catalogum
1597 3593 1916 3664 spiritalem
1941 3594 2112 3648 vitam
2139 3594 2435 3664 agentium
2462 3603 2804 3652 sanctorum
2831 3601 3089 3666 Patrum,
3116 3604 3171 3655 et
3193 3600 3241 3654 si
3269 3601 3639 3659 reformidem
3665 3621 3810 3676 prae-

287 3685 440 3755 cepti
476 3683 943 3755 magnitudinem
976 3684 1130 3754 quod
1159 3699 1317 3739 meas
1338 3685 1488 3738 vires
1508 3688 1762 3753 superat,
1788 3685 2087 3752 etjussnm
2107 3700 2254 3754 azgre
2281 3685 2484 3752 feram,
2510 3689 2660 3755 quod
2685 3696 2737 3740 et
2762 3703 3030 3757 magnam
3057 3696 3345 3746 externam
3368 3693 3811 3765 sapientiam,et

287 3774 615 3846 spiritalem
651 3774 892 3846 requirit
923 3772 1392 3844 intelligentiam;
1429 3774 1704 3828 reveritus
1734 3778 1927 3827 tamen
1962 3773 2215 3844 primum
2257 3779 2312 3828 et
2337 3775 2461 3843 ejus
2494 3773 2595 3843 qui
2638 3776 2706 3829 ad
2753 3774 2861 3830 hoc
2902 3781 3339 3849 exsequendum
3392 3798 3498 3837 nos
3537 3784 3805 3839 excitavit

284 3865 592 3928 virtutem,
626 3874 678 3919 et
715 3875 988 3934 reputans
1020 3880 1219 3918 eorum
1254 3865 1352 3934 qui
1390 3865 1508 3917 haec
1541 3864 1725 3931 legent
1759 3863 2089 3926 utilitatem,
2120 3868 2174 3916 et
2205 3863 2586 3916 extimescens
2617 3863 2938 3932 periculum
2979 3867 3131 3935 quod
3162 3884 3349 3923 essem
3394 3871 3680 3941 aditurus,
3712 3877 3804 3927 et-

280 3957 330 4011 si
360 3957 494 4025 jure
528 3971 723 4026 parere
755 3971 1100 4017 recusarem,
1132 3970 1260 4007 cum
1295 3954 1589 4024 egregium
1627 3951 1878 4022 primum
1905 3952 2138 4021 jussum
2171 3952 2378 4005 divinze
2412 3951 2812 4022 ascripsissem
2848 3954 3248 4022 Providentiae,
3293 3973 3613 4028 magnaque
3653 3975 3797 4016 usus

279 4061 477 4100 essem
509 4044 835 4117 diligentia,
869 4050 1201 4099 sanctorum
1236 4042 1469 4098 Patrum
1513 4041 1922 4096 intercessione
1953 4046 2197 4106 erectus,
2231 4039 2300 4094 ad
2332 4056 2399 4094 ea
2430 4055 2561 4094 sum
2594 4056 2927 4112 aggressus,
2962 4043 3133 4097 veluti
3168 4046 3415 4112 quodam
3459 4049 3800 4117 compendio

279 4133 703 4206 praeclarorum
739 4133 1087 4188 athletarum
1122 4140 1180 4187 et
1214 4148 1554 4203 rnagnorum
1591 4131 1846 4186 virorum
1881 4145 2111 4184 summa
2141 4127 2330 4183 solum
2365 4132 2686 4184 certamina
2723 4139 2775 4184 et
2807 4132 2976 4202 signa
3005 4131 3360 4189 describens.

350 4222 466 4278 Nec
521 4223 894 4278 solummodo
953 4223 1240 4278 clarorum
1303 4224 1578 4282 virorum.
1640 4221 1738 4291 qui
1799 4218 2072 4290 optimam
2124 4233 2191 4274 ac
2244 4218 2789 4290 praestantissimam
2847 4237 2919 4277 ex
2974 4223 3184 4278 virtute
3241 4225 3418 4280 vitam
3470 4240 3660 4298 egere,
3689 4229 3790 4283 sed

279 4313 459 4369 etiam
497 4313 800 4368 beatarum
850 4313 1163 4367 mulierum
1199 4329 1326 4384 quae
1357 4311 1416 4366 in
1457 4309 1954 4367 excellentissima:
1984 4310 2110 4363 vitae
2140 4323 2348 4379 genere
2379 4325 2442 4364 se
2473 4308 2715 4364 honeste
2745 4326 3068 4368 exercuere.
3101 4313 3166 4368 Et
3199 4315 3530 4385 aliquorum
3565 4317 3798 4388 quidem

275 4419 351 4458 ex
380 4403 452 4458 iis
490 4419 683 4458 sacros
715 4402 909 4457 vultus
940 4410 1004 4458 ut
1025 4404 1149 4474 ipse
1171 4419 1364 4458 coram
1390 4402 1638 4457 viderem
1665 4416 1796 4455 sum
1820 4401 2110 4470 dignatus,
2136 4397 2233 4469 qui
2253 4399 2374 4467 jam
2398 4403 2532 4454 ante
2548 4404 2685 4453 sunt
2704 4401 3090 4457 consummati
3112 4403 3171 4457 in
3194 4410 3513 4460 certamine
3536 4405 3796 4476 pietatis;

274 4492 616 4566 aliquorum
652 4504 844 4550 autem
874 4492 1169 4549 ccelestem
1203 4500 1330 4547 Vitae
1358 4493 1787 4548 institutionem
1819 4489 1994 4544 didici
2027 4506 2057 4543 a
2080 4489 2293 4544 divinis
2326 4487 2578 4545 athletis.
2610 4489 2822 4546 Multas
2851 4498 3043 4549 autem
3078 4495 3274 4560 urbes,
3298 4502 3355 4551 et
3376 4495 3590 4552 multos
3618 4496 3797 4565 vicos,

275 4589 337 4640 et
367 4583 695 4655 speluncas,
729 4591 787 4640 et
825 4584 1025 4638 omnia
1057 4584 1434 4639 tabernacula
1464 4581 1674 4638 deserti
1705 4578 2126 4636 monachorum
2160 4579 2409 4648 pedestri
2440 4577 2644 4635 itinere
2674 4581 2900 4645 obiens,
2940 4582 3409 4654 diligentissimo
3433 4585 3793 4645 consideravi

275 4690 480 4731 eorum
517 4675 787 4746 pietatem
816 4692 880 4730 ac
913 4675 1276 4747 religionem.
1303 4678 1488 4746 Atque
1518 4689 1650 4728 eum
1694 4688 1817 4742 quis
1851 4668 2060 4742 partim
2103 4668 2339 4740 quidem
2370 4667 2497 4738 ipse
2536 4669 2654 4724 vidi
2689 4670 3083 4741 scripsissem,
3118 4676 3328 4743 partim
3365 4680 3562 4730 autem
3599 4692 3728 4747 qua.-
3761 4691 3795 4731 a

273 4764 495 4820 sanctis
529 4763 796 4819 Patribus
827 4763 1044 4833 audivi,
1078 4780 1420 4837 magnorum
1452 4765 1705 4818 virorum
1738 4759 2080 4828 certamina,
2113 4762 2170 4813 et
2198 4757 2534 4823 mulierum,
2567 4775 2694 4831 quas
2724 4771 2957 4832 prepter
2985 4778 3150 4832 spem
3187 4763 3246 4817 in
3279 4763 3574 4818 Christum
3605 4770 3792 4820 erant

271 4854 542 4910 fortiores
573 4871 750 4925 quam
783 4871 982 4910 earum
1011 4857 1230 4910 ferebat
1253 4863 1480 4915 natura,
1514 4853 1692 4919 huius
1725 4849 1857 4905 libri
1889 4850 2122 4920 scriptis
2153 4850 2551 4916 mandassem,
2587 4850 2718 4905 misi
2739 4852 2808 4904 ad
2833 4859 2960 4904 tuas
2985 4867 3155 4906 aures
3189 4852 3409 4908 amicas
3450 4853 3780 4910 divinorum

271 4943 668 5015 eloquiorum,
699 4947 1054 5016 optimorum
1088 4946 1334 5000 virorum
1356 4952 1408 4999 et
1441 4942 1841 5010 religiosorum
1876 4938 2073 5004 decus,
2109 4937 2552 5010 fidelissimique
2582 4947 2639 4993 et
2661 4939 2915 5010 religiosi
2949 4939 3173 5010 imperii
3199 4939 3492 5010 splendor,
3523 4957 3796 5014 germane

271 5039 329 5088 et
357 5032 570 5089 Christi
593 5034 780 5089 amice
811 5051 973 5091 serve
1008 5035 1110 5090 Dei
1147 5038 1345 5099 Lause,
1381 5051 1480 5105 pro
1511 5049 1576 5088 ea
1610 5050 1736 5105 qum
1772 5031 1914 5086 mihi
1948 5031 2102 5085 inest
2131 5028 2466 5097 exiguitate,
2511 5027 2970 5101 uniuscujusque
3018 5045 3087 5084 ex
3128 5028 3340 5085 Christi
3387 5031 3626 5087 athletis
3674 5037 3794 5088 tam

273 5123 560 5180 masculis
591 5141 764 5194 quam
799 5125 1030 5181 feminis
1062 5127 1288 5198 insigne
1319 5142 1550 5190 nomen,
1577 5124 1928 5196 exprimens,
1955 5125 2013 5175 et
2034 5135 2101 5174 ex
2128 5117 2328 5173 multis
2354 5123 2410 5172 et
2432 5119 2658 5190 magnis
2682 5119 3146 5192 uniuscuiusque
3171 5122 3592 5178 certaminibus
3615 5136 3799 5192 pauca

277 5214 533 5269 breviter
559 5230 886 5283 exponens;
921 5215 1297 5287 plurimorum
1330 5233 1554 5286 quoque
1583 5231 1767 5285 genus
1796 5215 1966 5267 etiam
2002 5209 2301 5279 adjiciens,
2334 5213 2390 5264 et
2417 5210 2642 5276 urbem,
2676 5216 2732 5265 et
2764 5210 2951 5265 locum
2987 5210 3331 5269 mansionis.

350 5303 722 5359 Meminimus
754 5312 947 5359 autem
981 5305 1228 5361 virorum
1261 5314 1315 5361 et
1349 5307 1679 5366 mulierum,
1713 5303 1810 5373 qui
1845 5317 1913 5355 ex
1950 5299 2160 5354 virtute
2191 5299 2424 5369 quidem
2457 5299 2632 5354 vitam
2669 5300 2916 5370 perfecte
2949 5300 3350 5371 instituerunt,
3383 5306 3615 5374 propter
3635 5318 3792 5358 arro-

270 5397 488 5464 gantia;
521 5400 713 5449 autem
746 5402 987 5450 matrem
1025 5398 1254 5450 inanem
1289 5413 1416 5465 quae
1448 5401 1684 5449 vocatur
1704 5392 1972 5462 gloriam,
2012 5389 2067 5442 in
2098 5389 2367 5441 infimum
2403 5388 2718 5444 inferorum
2755 5390 3120 5457 barathrum,
3151 5404 3206 5445 et
3237 5392 3485 5446 fundum
3531 5393 3791 5462 precipi-

271 5485 378 5538 tati
413 5489 662 5550 fuerant,
694 5494 752 5539 et
783 5503 912 5556 qnae
945 5487 1115 5555 longo
1150 5493 1406 5553 tempore
1430 5493 1484 5539 et
1521 5485 1768 5555 plurimo
1797 5480 1991 5534 libere
2021 5477 2130 5532 sibi
2173 5490 2535 5548 pepererant,
2560 5479 2990 5550 amplectenda,
3021 5487 3079 5534 et
3103 5483 3386 5536 acerrimo
3410 5482 3603 5536 studio
3635 5497 3800 5537 com-

270 5575 538 5648 paranda
569 5577 1050 5631 exercitatitionis
1077 5578 1397 5640 benefacta,
1431 5592 1546 5629 uno
1579 5574 1855 5643 temporis
1889 5574 2181 5624 momento
2219 5570 2544 5638 arrogantia
2574 5576 2631 5624 et
2661 5587 2802 5624 vana
2852 5572 2922 5626 de
2953 5588 3014 5625 se
3049 5573 3426 5641 persuasione
3454 5572 3794 5629 amiserant.

272 5663 474 5720 Gratia
505 5672 696 5720 autem
734 5667 915 5722 nostri
954 5667 1298 5736 Servatoris,
1331 5683 1386 5722 ei.
1421 5675 1755 5721 sanctorum
1816 5663 2050 5718 Patrum
2087 5659 2467 5730 providentia,
2511 5665 2568 5716 et
2594 5664 2882 5716 visceru'n
2917 5665 3310 5727 miseratione,
3364 5665 3545 5737 erepti
3596 5668 3734 5720 sunt
3764 5679 3798 5717 a

274 5755 640 5829 spiritalibus
671 5758 891 5815 diaboli
934 5758 1182 5831 laqueis,
1213 5762 1270 5816 et
1300 5762 1632 5816 sanctorum
1665 5754 1933 5828 precibus
1965 5755 2456 5823 recuperaverant
2487 5751 2736 5823 priorem
2768 5753 2945 5809 vitam
2979 5769 3157 5825 quam
3189 5757 3442 5828 agebant
3462 5769 3532 5811 ex
3562 5753 3793 5808 virtute.
