4100 6204
314 366 430 427 999
1895 356 1933 413 P

2210 354 2262 413 lI
2990 434 2999 437 Α
3666 350 3829 408 ιοοο

309 492 3810 523 ww,—

867 596 1309 658 EXEMPLAR
1348 594 1755 656 EPISTOLE
1800 590 2153 654 SClthTIE
2194 589 2297 649 AD
2344 586 2661 649 LAUSUM
2708 585 3262 659 PRIEPOSITUM,

1425 710 1502 754 ΑΒ
1545 708 1879 754 BERACLIDE
1926 705 2203 751 EPISCOPO
2246 697 2271 723 ⁸
2313 702 2712 748 ΟΑΡΡΛΒΟΕῙΕ.

382 827 577 883 Laudo
610 838 961 897 magnopere
991 826 1159 876 tuum
1193 820 1549 876 institutum.
1587 818 1695 874 Par
1725 820 1814 872 est
1842 817 1997 871 enim
2032 822 2088 871 ut
2120 812 2363 884 incipiat
2393 811 2639 882 epistola
2661 827 2694 865 a
2715 810 3075 865 laudatione:
3100 810 3253 881 quod
3278 825 3410 864 cum
3434 826 3637 866 omnes
3658 813 3835 868 vanis

309 916 479 971 rebus
504 915 748 980 inhient,
781 918 838 967 et
867 912 1088 983 lapides
1114 909 1420 979 mdiﬁcent,
1453 925 1519 965 ex
1550 907 1766 981 quibus
1799 906 2017 961 nullam
2051 903 2278 973 capient
2310 901 2639 968 utilitatem,
2664 899 2842 955 libros
2865 900 3138 967 aediﬁces,
3161 905 3220 954 et
3248 898 3386 954 velis
3403 900 3618 954 doceri.
3644 900 3830 958 Solus

306 1006 461 1063 enim
493 1014 579 1062 est
610 1004 1012 1062 universorum
1046 1001 1198 1057 Deus
1221 1000 1319 1072 qui
1349 999 1546 1069 nequit
1584 998 1796 1063 doceri,
1827 994 2294 1068 quandoquidem
2328 998 2385 1047 et
2417 992 2538 1062 ipse
2570 1006 2668 1060 per
2697 1007 2759 1044 se
2786 996 2897 1057 est,
2931 996 2987 1044 et
3012 996 3148 1045 ante
3178 1004 3240 1044 se
3267 1006 3378 1044 non
3415 989 3589 1044 habet
3612 989 3829 1050 alium.

305 1094 434 1151 Alia
465 1102 655 1150 autem
688 1092 879 1150 omnia
912 1090 1102 1147 doceri
1136 1098 1399 1161 possunt,
1433 1090 1709 1159 quoniam
1753 1092 1885 1141 sunt
1926 1092 1983 1140 et
2016 1085 2163 1140 facta
2195 1092 2248 1138 et
2278 1089 2489 1137 creata.
2523 1082 2709 1152 Atque
2741 1080 2906 1149 primi
2940 1079 3173 1171 quidem
3207 1079 3439 1171 ordines
3472 1080 3826 1151 magistram

312 1182 529 1239 habent
567 1198 868 1239 summam.
893 1181 1260 1245 Trinitatem,
1285 1178 1522 1234 secundi
1557 1182 1749 1232 autem
1784 1175 2014 1230 discunt
2047 1192 2080 1229 a
2123 1174 2345 1245 primis,
2370 1169 2520 1225 tertii
2543 1177 2734 1224 autem
2756 1187 2787 1222 a
2810 1168 3112 1235 secundis;
3138 1176 3189 1223 et
3214 1170 3297 1224 sic
3320 1168 3613 1239 deinceps,
3635 1176 3696 1225 et
3722 1188 3834 1241 per

305 1274 593 1338 ordinem,
629 1287 812 1343 usque
844 1271 913 1325 ad
946 1277 1255 1325 extremos.
1278 1266 1383 1332 Qui
1415 1267 1568 1323 enim
1603 1271 1741 1321 sunt
1772 1266 2197 1337 praestantiores
2228 1262 2443 1316 honore
2473 1266 2531 1314 et
2562 1258 2786 1324 virtute,
2820 1261 3027 1313 docent
3054 1274 3153 1313 eos
3197 1259 3295 1330 qui
3336 1266 3478 1312 sunt
3520 1258 3831 1317 inferiores

304 1362 652 1435 cognitione.
685 1360 792 1428 Qui
824 1375 958 1431 ergo
989 1359 1323 1415 existimant
1352 1374 1412 1411 se
1444 1373 1558 1412 non
1590 1371 1755 1427 egere
1788 1353 2106 1425 magistris,
2136 1357 2235 1407 aut
2269 1367 2379 1406 non
2417 1354 2619 1421 parent
2652 1349 2721 1402 iis
2754 1348 2855 1420 qui
2886 1349 3094 1403 docent
3125 1351 3182 1402 in
3215 1348 3521 1416 charitate,
3557 1348 3832 1407 laborant

305 1450 510 1507 morbo
540 1449 940 1519 ignorationie,
975 1465 1103 1519 quae
1131 1454 1219 1503 est
1249 1456 1435 1503 mater
1462 1445 1823 1518 arrogantiae.
1860 1444 2015 1499 inter
2044 1459 2192 1514 quos
2219 1440 2434 1512 primas
2459 1450 2648 1512 partes
2666 1441 2949 1494 tenentad
2978 1438 3303 1505 interitum,
3326 1439 3425 1510 qui
3451 1442 3648 1495 eodem
3679 1441 3824 1497 vitio

304 1541 643 1596 exciderunt
671 1556 704 1593 a
734 1538 945 1593 caelesti
975 1536 1332 1593 habitatione
1362 1536 1422 1590 in
1455 1550 1586 1590 aere
1617 1535 1875 1589 volantes
1908 1532 2224 1597 daemones,
2261 1535 2323 1584 ut
2345 1530 2444 1600 qui
2476 1528 2805 1598 aufugerim
2837 1529 2910 1583 ab
2943 1527 3015 1582 iis
3036 1526 3137 1599 qui
3168 1538 3332 1582 erant
3365 1528 3421 1582 in
3454 1528 3596 1583 creto
3624 1530 3829 1600 magi-

304 1628 461 1686 stris.
493 1628 618 1685 Non
650 1628 806 1684 enim
838 1628 1123 1683 dictiones
1154 1632 1256 1682 aut
1285 1625 1539 1694 syllabas,
1564 1631 1705 1680 sunt
1735 1622 2010 1678 doctrinae
2034 1638 2182 1693 quas
2211 1635 2630 1690 nonnunquam
2667 1617 2885 1673 habent
2914 1619 3090 1673 etiam
3124 1618 3223 1689 qui
3257 1622 3397 1672 sunt
3418 1618 3686 1688 pessimi;
3714 1620 3821 1675 sed

302 1730 494 1774 mores
525 1723 674 1774 recte
703 1718 1028 1785 compositi,
1058 1721 1113 1771 ct
1145 1715 1420 1770 molestia
1450 1725 1503 1769 et
1531 1714 1789 1777 terroris,
1824 1717 2009 1768 metus
2040 1717 2097 1766 et
2128 1710 2221 1764 iraa
2254 1712 2536 1774 vacuitas,
2559 1717 2613 1762 et
2642 1706 2701 1761 in
2725 1708 2898 1761 rebus
2922 1707 3196 1762 omnibus
3231 1705 3445 1761 ﬁducia
3479 1722 3545 1761 ac
3585 1707 3825 1763 dicendi

303 1809 563 1874 libertas,
595 1812 654 1863 et
683 1823 808 1878 quae
841 1822 1137 1863 sermones
1170 1822 1283 1861 non
1308 1820 1475 1861 secus
1504 1804 1691 1875 gignit
1720 1819 1897 1874 quam
1932 1802 2081 1873 ignis
2111 1799 2433 1866 ﬂammam,
2476 1799 2884 1853 mansuetudo.
2929 1801 3077 1852 Nam
3108 1796 3158 1851 si
3206 1797 3288 1851 ita
3311 1813 3423 1852 non
3475 1805 3642 1867 esset,
3699 1814 3822 1854 non

300 1897 517 1955 diceret
542 1913 776 1968 magnus
810 1898 1082 1969 magister
1102 1896 1229 1952 suis
1259 1894 1598 1965 discipulis:
1632 1892 1843 1949 Discite
1876 1909 1910 1949 a
1942 1907 2056 1959 me,
2082 1890 2355 1963 quoniam
2384 1889 2537 1943 mitis
2570 1904 2697 1943 sum
2731 1893 2787 1941 et
2818 1886 3063 1943 humilis
3095 1888 3267 1943 corde
3293 1888 3501 1957 (Matth.
3540 1888 3645 1959 xi).
3700 1905 3821 1944 non

301 1989 607 2045 verborum
639 1994 845 2043 ornatu
876 1987 1185 2042 instituens
1207 1990 1264 2041 et
1297 1984 1555 2056 dirigens
1581 1982 1898 2055 apostolos,
1933 1982 2035 2037 sed
2075 1996 2302 2035 morum
2347 1980 2598 2034 bonitate
2630 1977 2925 2033 neminem
2973 1976 3241 2033 molestia
3271 1977 3556 2046 afﬁciens,
3606 1984 3823 2048 praeter

300 2094 398 2135 eos
427 2076 525 2149 qui
550 2078 787 2133 verbum
816 2075 1034 2132 habent
1062 2074 1216 2143 odio,
1248 2083 1303 2130 et
1332 2074 1580 2131 oderunt
1611 2073 1939 2144 magistros.
1974 2070 2211 2141 Oportet
2236 2068 2390 2124 enim
2432 2070 2711 2136 animam,
2744 2082 2869 2138 quas
2921 2066 3153 2122 Christo
3203 2068 3610 2123 convenienter
3651 2083 3825 2123 exer-

300 2172 484 2233 cetur,
536 2165 621 2222 vel
666 2165 909 2221 ﬁdeliter
957 2166 1176 2221 discere
1214 2181 1282 2220 ea
1329 2179 1453 2234 quas
1503 2180 1618 2219 non
1666 2164 1843 2229 novit,
1897 2161 1979 2217 vel
2031 2164 2227 2231 aperte
2271 2159 2478 2214 docere
2524 2174 2589 2213 ea
2618 2174 2739 2227 quas
2772 2161 2902 2213 scit.
2938 2157 2996 2212 Si
3029 2156 3186 2212 enim
3216 2155 3562 2213 alterutrum
3604 2157 3825 2213 horum

300 2256 462 2323 nolit,
495 2254 722 2311 laborat
751 2254 998 2311 insania.
1046 2254 1395 2310 Detectionis
1443 2254 1598 2309 enim
1650 2250 2002 2323 principium
2055 2249 2440 2305 estdoctrints
2464 2248 2727 2314 satietas,
2759 2252 2816 2301 et
2856 2246 3010 2301 verbi
3040 2246 3364 2311 fastidium,
3399 2247 3551 2319 quod
3585 2263 3825 2318 semper

300 2343 484 2402 esurit
513 2345 711 2400 anima
741 2344 868 2415 ejus
900 2344 1000 2416 qui
1033 2345 1212 2400 Deum
1247 2342 1455 2415 diligit.
1489 2341 1627 2398 Vale
1657 2358 1815 2413 ergo,
1848 2346 1907 2398 et
1938 2341 2017 2397 sis
2039 2355 2214 2396 sanus
2237 2344 2294 2393 et
2315 2337 2500 2406 fortis,
2524 2342 2580 2393 et
2602 2336 2777 2408 (quod
2805 2351 3078 2406 magnum
3104 2336 3217 2401 est)
3244 2336 3345 2390 tibi
3368 2335 3513 2391 Deus
3537 2340 3826 2393 concedat

301 2431 692 2507 cognitionem
724 2432 963 2489 Christi.

867 2594 1294 2683 EXEMPLAR
1337 2621 1734 2682 EPISTOL/E
1778 2621 2131 2682 SCilIPT/E
2172 2622 2268 2679 AD
2319 2618 2635 2680 LAUSUM
2682 2616 3242 2690 Pli/EPOSITUM,

1471 2737 1509 2779 Δ
1555 2736 1854 2780 ΡΑιιΑυιο
1899 2734 2176 2780 EPISCOPO
2220 2734 2636 2777 CAPPADOCIE.

377 2835 518 2889 Cum
550 2833 719 2889 multi
755 2835 935 2891 multa
966 2839 1023 2889 et
1053 2834 1211 2889 varia
1241 2834 1480 2889 diversis
1515 2834 1873 2904 temporibus
1906 2836 2124 2903 scripta
2163 2832 2298 2887 huic
2338 2832 2547 2886 saeculo
2593 2831 2955 2903 reliquerint,
2997 2848 3247 2902 quorum
3293 2832 3407 2889 alia
3448 2833 3703 2904 quidem,
3744 2851 3824 2890 ex

305 2922 404 2977 Dei
437 2940 696 2996 supernas
727 2925 925 2994 gratim
958 2924 1359 2989 insniratione,
1394 2934 1527 2978 sunt
1560 2930 1626 2978 ad
1660 2924 2093 2977 adiﬁcationem
2128 2928 2184 2976 et
2214 2924 2581 2976 securitatem
2614 2937 2810 2975 earum
2839 2923 2934 2992 qui
2968 2922 3117 2976 ﬁdeli
3156 2925 3449 2993 proposito
3490 2931 3829 2993 sequuntur

304 3012 575 3083 dogmata
607 3014 954 3080 Servatoris;
989 3015 1101 3068 alia
1132 3021 1351 3078 autem,
1376 3030 1439 3068 ex
1478 3021 1753 3083 corrupto
1784 3012 2010 3083 etquod
2034 3013 2371 3066 hominibus
2407 3014 2627 3079 placere
2660 3013 2815 3079 cupit
2850 3012 3160 3081 preposito,
3199 3014 3491 3067 luxuriant
3517 3014 3587 3067 ad
3619 3030 3827 3068 eorum

305 3102 760 3158 consolationem
794 3105 893 3174 qui
924 3104 1119 3159 inanis
1149 3105 1341 3171 glorias
1377 3105 1575 3158 morbo
1607 3105 1900 3169 laborant;
1935 3102 2047 3157 alia
2078 3114 2295 3171 autem,
2327 3118 2393 3156 ex
2414 3102 2747 3168 importuna
2769 3102 3015 3170 quadam
3043 3102 3290 3166 insania,
3314 3103 3701 3171 etdemonis,
3725 3106 3828 3174 qui

308 3209 433 3262 quas
465 3200 601 3248 sunt
630 3193 875 3249 honesta
906 3194 1079 3248 habet
1103 3194 1255 3257 odio,
1289 3193 1659 3262 impulsione,
1693 3194 1763 3246 ad
1796 3192 2008 3246 levium
2041 3190 2345 3247 hominum
2383 3190 2717 3261 perniciem,
2751 3197 2809 3245 et
2840 3193 3192 3245 intemerata:
3224 3191 3523 3247 catholica:
3566 3191 3829 3249 Ecclesia

308 3281 518 3350 labem,
563 3283 645 3337 ira
674 3289 732 3338 et
762 3284 1104 3352 arrogantiae
1139 3285 1473 3352 irruperunt
1496 3282 1551 3335 in
1586 3287 1809 3337 mentes
1841 3283 2177 3348 stultorum,
2200 3287 2262 3334 ut
2283 3282 2456 3335 vitam
2484 3278 2787 3334 honestam
2811 3290 2861 3334 et
2888 3296 3089 3351 puram
3113 3281 3535 3347 obscurarent;
3564 3284 3755 3337 visum
3772 3293 3830 3338 et

306 3369 447 3423 mihi
490 3387 721 3441 quoque
753 3372 957 3425 humili
996 3378 1232 3442 propter
1262 3386 1421 3439 spem
1457 3371 1513 3423 in
1547 3369 1866 3437 Christum,
1908 3376 1965 3423 et
2016 3370 2457 3441 magniﬁcentia
2492 3378 2598 3424 tuae
2639 3369 2874 3439 jussum
2916 3371 3220 3437 reverenti,
3267 3371 3350 3425 vir
3389 3357 3826 3428 studiosissime

303 3460 557 3527 primum
591 3459 854 3514 omnium
892 3476 1122 3515 narrare
1151 3476 1217 3513 ea
1249 3461 1444 3514 omnia
1477 3475 1600 3529 quae
1632 3459 1706 3513 ad
1738 3459 2049 3529 pertinent,
2083 3465 2139 3514 et
2166 3464 2389 3514 aetatem
2422 3465 2479 3514 et
2508 3459 2721 3514 mentis
2754 3475 2896 3515 mete
2935 3462 3001 3515 ad
3046 3462 3310 3516 virtutem
3357 3461 3415 3515 in
3462 3461 3645 3516 Deum
3690 3479 3825 3533 pro-

312 3547 544 3613 fectum,
580 3546 911 3617 incipiendo
943 3565 971 3603 a
999 3548 1244 3614 juvenili
1278 3555 1462 3602 astate.

382 3636 522 3691 Cum
557 3636 924 3706 trigesimum
959 3637 1191 3707 quidem
1224 3644 1281 3693 et
1313 3638 1546 3692 tertium
1581 3654 1799 3692 annum
1835 3654 2059 3707 agerem
2093 3639 2147 3692 in
2184 3638 2611 3693 conversatione
2643 3654 2776 3694 cum
2811 3639 3078 3694 fratribus
3108 3644 3162 3695 et
3193 3640 3305 3695 vita
3337 3640 3622 3707 solitaria,
3656 3641 3823 3713 vige-

297 3724 513 3779 simum
546 3729 740 3780 autem
772 3726 1163 3797 episcopatus,
1197 3728 1375 3781 totius
1395 3732 1586 3782 autem
1622 3733 1751 3781 vitm
1784 3743 1917 3781 mea:
1950 3729 2090 3799 quin
2124 3728 2529 3798 quugesimum
2560 3730 2820 3795 tertium,
2856 3731 3249 3785 necessarium
3273 3729 3622 3795 existimavi,
3647 3731 3825 3802 spiri-

296 3813 429 3867 talis
453 3813 719 3868 utilitatis
751 3815 955 3884 gratia,
991 3817 1091 3870 tibi
1123 3817 1377 3885 cupienti
1410 3816 1469 3871 in
1502 3817 1734 3888 scriptis
1770 3834 1999 3871 narrare
2031 3832 2155 3887 quae
2189 3834 2221 3870 a
2252 3817 2472 3872 sanctis
2506 3818 2766 3873 Palribus
2810 3824 2962 3873 recte
2993 3824 3050 3873 et
3087 3834 3155 3873 ex
3194 3818 3407 3872 virtute
3444 3824 3608 3889 gesta
3652 3824 3820 3886 sunt,

295 3909 412 3957 tam
449 3904 723 3960 masculis
755 3920 927 3976 quam
964 3905 1214 3973 feminis,
1250 3924 1396 3978 quos
1427 3916 1480 3960 et
1505 3907 1628 3975 ipse
1654 3905 1793 3969 vidi,
1816 3914 1870 3960 et
1892 3907 1961 3961 de
1984 3908 2192 3976 quibus
2214 3906 2400 3961 audivi
2428 3906 2497 3961 ab
2520 3909 2732 3961 animis
2756 3907 3136 3975 ﬁdelissimis,
3164 3924 3293 3962 cum
3316 3908 3527 3978 quibus
3553 3916 3819 3965 versatus

293 4008 423 4046 sum
455 3992 513 4046 in
547 3992 773 4065 Egypti
808 3994 1145 4063 solitudine,
1176 4002 1232 4050 et
1263 3998 1318 4049 in
1354 3995 1550 4068 Libya,
1585 4001 1642 4050 et
1673 3995 1989 4063 Thebaide,
2021 4004 2073 4050 et
2102 3995 2310 4066 Syene,
2343 4000 2450 4049 sub
2483 4012 2595 4066 qua
2627 4006 2760 4050 sunt
2802 3997 2975 4052 etiam
3018 3996 3119 4067 qui
3160 3997 3438 4051 dicuntur
3493 3997 3813 4054 Tabenne-

292 4080 483 4147 siotaa;
518 4083 726 4137 deinde
766 4083 823 4137 in
857 4085 1287 4155 MesOpotamia,
1322 4085 1646 4149 Palaestina,
1678 4091 1734 4138 et
1762 4085 1945 4155 Syria,
1978 4090 2033 4140 et
2066 4086 2119 4138 in
2156 4085 2418 4155 partibus
2456 4084 2807 4149 Occidentis,
2841 4091 2896 4140 et
2938 4086 3153 4153 Romae,
3187 4092 3243 4142 et
3281 4087 3338 4142 in
3377 4088 3723 4159 Campania,
3761 4097 3817 4143 et

287 4170 345 4223 in
382 4172 449 4223 iis
480 4186 605 4240 quas
631 4177 771 4227 sunt
801 4173 955 4227 circa
984 4190 1081 4227 eas
1114 4175 1402 4242 partibus;
1437 4178 1501 4228 ut
1531 4173 1632 4228 tibi
1666 4175 1735 4226 ab
1772 4173 1934 4228 initio
1964 4174 2429 4229 accurratissime
2460 4176 2516 4230 in
2552 4174 2658 4231 hoc
2688 4174 2832 4230 libro
2874 4191 3156 4243 exponam
3190 4177 3375 4232 instar
3421 4178 3815 4245 narrationis;

290 4264 348 4313 ut
373 4275 505 4313 cum
539 4258 751 4314 habeas
784 4260 1087 4316 honestum
1122 4268 1179 4317 et
1207 4262 1414 4316 animae
1448 4263 1589 4317 utile
1624 4273 2087 4329 monumentum,
2122 4270 2459 4333 perpetuum
2490 4271 2548 4319 et
2580 4281 2695 4320 non
2730 4266 3228 4321 intermittendum
3258 4268 3486 4337 pietatis
3504 4279 3560 4323 et
3584 4269 3813 4339 religio-

290 4348 380 4403 nis
414 4347 925 4417 medicamentum,
956 4367 1184 4407 omnem
1218 4352 1453 4422 quidem
1488 4352 1799 4407 oblivionis
1838 4354 2334 4423 dormitationem,
2367 4371 2493 4425 qua
2525 4372 2591 4409 ex
2631 4356 2950 4427 cupiditate
2980 4356 3222 4411 rationis
3243 4364 3476 4428 experte
3507 4357 3567 4411 in
3605 4358 3808 4414 anima

287 4438 682 4507 ingeneratur,
716 4454 944 4494 omnem
970 4446 1162 4497 autem
1197 4442 1254 4496 in
1289 4442 1401 4497 ﬁde
1430 4442 1877 4509 dubitationem,
1912 4459 2231 4514 omnesque
2265 4444 2321 4498 in
2355 4461 2548 4500 rerum
2594 4462 2702 4501 usu
2730 4448 2924 4501 sordes
2956 4452 3012 4502 et
3052 4448 3415 4518 parcitatem,
3450 4464 3802 4520 omnemque

283 4526 705 4583 dubitationem
743 4528 1051 4600 pusillique
1082 4536 1137 4584 et
1160 4532 1368 4602 abjecti
1414 4531 1594 4587 animi
1626 4533 1849 4599 vitium,
1898 4541 1951 4588 et
2000 4533 2241 4588 nimiam
2276 4534 2346 4589 ad
2398 4535 2543 4590 iram
2588 4536 3056 4607 propensionem,
3088 4539 3721 4610 perturbationemque,
3746 4544 3801 4595 et

284 4614 682 4686 mgritudinem
715 4617 954 4674 rationis
984 4628 1302 4691 expertem,
1333 4628 1391 4678 et
1423 4623 1894 4695 intempestivum
1927 4623 2199 4679 timorem
2235 4641 2335 4693 per
2363 4624 2420 4679 id
2453 4625 2742 4696 expellas;
2780 4637 2827 4681 et
2865 4643 2935 4682 ne
2967 4629 3279 4698 acorrupti
3306 4629 3509 4683 mundi
3532 4645 3680 4685 vana
3702 4646 3802 4700 spe

282 4708 558 4778 pendeas,
590 4708 864 4777 effugias;
902 4717 1176 4782 perpetuo
1204 4718 1395 4769 autem
1429 4715 1712 4770 desiderio
1745 4714 1805 4769 in
1836 4731 1935 4783 spe
1966 4716 2033 4769 ad
2066 4713 2247 4770 Deum
2285 4716 2572 4785 proﬁcias,
2601 4725 2653 4771 et
2685 4716 2740 4771 in
2776 4718 3073 4788 proposito
3117 4718 3354 4788 pietatis
3382 4738 3396 4785 ;
3424 4718 3504 4773 sis
3537 4723 3596 4773 et
3630 4719 3691 4774 in
3714 4719 3803 4775 via

281 4796 400 4852 dux
430 4802 588 4861 tuus.
620 4804 677 4853 et
707 4815 904 4855 eorum
940 4801 1036 4871 qui
1056 4807 1247 4859 tecum
1275 4810 1434 4872 sunt,
1457 4813 1730 4859 eteorum
1754 4802 1850 4871 qui
1877 4804 1977 4857 tibi
1998 4804 2413 4873 subjiciuntur,
2441 4812 2498 4860 et
2528 4806 2773 4861 maxime
2796 4808 3025 4876 piorum
3050 4808 3487 4877 imperatorum.
3516 4810 3627 4864 Per
3674 4825 3805 4881 quae

279 4885 515 4954 quidem
551 4886 695 4943 bene
726 4888 877 4945 facta
906 4907 1109 4946 omnes
1140 4893 1239 4963 qui
1270 4893 1563 4949 Christum
1594 4892 1861 4959 diligunt,
1896 4892 2008 4947 Deo
2042 4894 2194 4947 uniri
2229 4906 2554 4964 properant,
2586 4901 2988 4967 exspectantes
3019 4897 3238 4952 scilicet
3269 4896 3526 4967 quotidie
3571 4899 3809 4955 resolu-

278 4973 490 5030 tionem
515 4976 720 5031 animos
752 4995 786 5033 a
814 4993 1068 5050 corpore,
1105 4989 1270 5048 prout
1301 4983 1582 5052 scriptum
1616 4987 1702 5036 est
1730 4997 1742 5035 :
1776 4981 2065 5048 Cosrctor,
2100 4985 2343 5054 cupiens
2375 4985 2610 5040 dissolvi
2642 4992 2699 5040 et
2728 5002 2852 5041 esse
2874 5002 3006 5041 cum
3035 4986 3289 5051 Christo;
3312 4992 3401 5041 est
3422 4986 3581 5043 enim
3611 4991 3806 5044 multo

278 5066 483 5122 melius
513 5066 745 5137 (Philip.
781 5070 839 5138 ι).
874 5070 940 5125 Et
971 5071 1112 5126 illud
1142 5089 1154 5126 :
1192 5072 1332 5126 Para
1364 5072 1419 5127 in
1451 5072 1674 5126 exitum
1706 5088 1879 5143 opera
1911 5078 2028 5141 tua,
2063 5084 2108 5127 et
2136 5089 2393 5143 prrepara
2415 5080 2470 5129 te
2492 5075 2548 5130 in
2573 5093 2775 5145 agrum
2810 5080 2995 5145 (Prov.
3023 5078 3194 5147 xxiv).
3228 5076 3337 5142 Qui
3368 5078 3525 5131 enim
3559 5093 3806 5150 semper

277 5157 477 5211 mortis
510 5156 794 5224 meminit,
830 5176 953 5228 quas
986 5161 1308 5216 necessario
1338 5160 1574 5217 omnino
1605 5163 1815 5230 veniet,
1850 5167 2042 5218 etnon
2077 5164 2346 5233 tardabit,
2376 5165 2435 5219 in
2471 5168 2697 5236 magnis
2730 5183 2841 5221 non
2875 5166 3146 5235 otl‘endet,
3179 5168 3332 5221 sicut
3362 5166 3650 5236 scriptum
3682 5174 3803 5223 est:

274 5245 334 5297 lu
368 5247 645 5302 omnibus
676 5251 953 5319 operibus
985 5252 1095 5305 tuis
1128 5262 1416 5307 memento
1452 5253 1787 5312 novissima,
1819 5263 1868 5307 et
1904 5256 1961 5306 in
1987 5257 2267 5308 aeternum
2304 5272 2414 5309 non
2452 5258 2718 5325 peccabis
2744 5258 2966 5327 (Eccles.
3001 5258 3119 5327 vn).
3163 5254 3358 5328 Neque
3404 5274 3539 5312 vero
3580 5266 3800 5329 praeter

271 5332 384 5386 alia
416 5338 613 5390 omnia
648 5338 764 5391 haec
798 5344 852 5393 te
896 5340 1053 5394 fallat
1098 5341 1289 5395 brevis
1339 5342 1657 5397 admonitio
1713 5345 2139 5409 narrationum;
2189 5362 2376 5415 neque
2431 5363 2673 5416 respuas
2728 5349 2929 5402 rudem
2965 5353 3023 5402 et
3068 5348 3389 5402 inornatam
3444 5347 3795 5405 dictionem.

274 5418 395 5475 Non
420 5429 507 5476 est
538 5426 691 5479 enim
726 5428 934 5482 divinae
960 5432 1249 5498 doctrinis,
1282 5439 1487 5486 ornata
1511 5442 1562 5487 et
1592 5433 1659 5486 ad
1694 5434 2112 5487 ostendendam
2150 5435 2500 5504 sapientiam
2535 5437 2856 5505 composita
2891 5438 2972 5491 uti
3006 5438 3285 5505 oratione,
3318 5436 3418 5491 sed
3455 5439 3637 5492 menti
3679 5456 3809 5509 per-

268 5509 511 5564 suadere
543 5529 643 5582 per
671 5514 1120 5589 intelligentiam
1156 5519 1433 5583 veritatis,
1472 5528 1535 5576 ut
1566 5522 1841 5593 scriptum
1874 5530 2003 5577 est:
2036 5524 2207 5593 Aperi
2241 5541 2305 5579 os
2330 5532 2494 5581 tuum
2525 5530 2694 5582 verbo
2732 5529 2847 5595 Dei,
2883 5534 2939 5583 et
2964 5527 3162 5597 judica
3191 5526 3391 5583 omnia
3420 5542 3565 5582 sane
3601 5527 3793 5597 (Pron.

268 5599 443 5690 xxxi).
476 5599 545 5655 Et
575 5618 819 5661 rursus:
851 5608 931 5664 Ne
961 5607 1215 5667 declines
1246 5629 1279 5667 a
1310 5612 1639 5668 narratione
1670 5628 1878 5668 senum
1904 5630 1920 5681 ;
1951 5611 2065 5683 ipsi
2096 5612 2252 5670 enim
2282 5615 2610 5674 didicerunt
2631 5634 2664 5674 a
2696 5619 2960 5690 patribus
2990 5634 3189 5676 eorum
3221 5616 3452 5689 (Eccles.
3484 5619 3641 5687 vin).

336 5702 356 5723 ³
381 5689 580 5749 Grasse
607 5697 717 5763 est,
748 5695 894 5774 napi
921 5695 1242 5755 Παλλαδίου
1274 5698 1596 5774 ﬁniendum»,
1631 5718 1666 5760 a
1696 5700 1952 5761 Palladio
1977 5702 2276 5777 episcopo.

1629 5982 1695 6030 ς
