4076 6206
321 335 468 399 1001
1562 329 1931 401 EPISTULA

2145 337 2460 405 LAUSUM
2475 385 2489 402 .
3581 357 3735 420 1002

1993 494 3712 526 __._.________________________

683 637 1118 691 ΑΝΤῙΓΡΔΦΟΝ
1161 638 1557 694 ΕΠΙΣΤΟΛΗΣ
1598 641 2000 695 ΓΡΑΦΕΙΣΗΣ
2044 644 2273 717 ΛΑΥΣῼ
2314 645 2728 722 ΠΡΔΙΠΟΣΙΤῼ
2770 651 2949 704 ΠΔΡΔ
2994 651 3387 708 ΠΑΛΛΑΔΙΟΥ

1824 733 2240 786 ΕΠΙΣΚΟΠΟΥ.

392 879 691 955 Μακαρίζω
726 901 821 936 σου
860 880 960 949 τήν
993 881 1313 956 προαίρεσιν
1345 898 1359 913 ·
1410 880 1558 952 ἄξιος
1601 881 1705 955 γάρ
1757 881 1863 936 ἀπὸ
1916 885 2264 956 μακαρισμοῦ
2311 880 2565 957 ἄρξασθαι
2607 889 2708 950 τῆς
2755 885 3053 958 ἐπιπολῆς
3086 909 3100 925 ο
3153 891 3237 946 ὅτι
3283 892 3500 950 πάντων
3551 893 3629 957 εἰς
3670 896 3738 952 τὰ

327 971 534 1046 μάταια
563 969 902 1046 κεχηνότων,
935 969 986 1041 ἐξ
1038 971 1111 1026 ὧν
1147 971 1248 1026 οὐκ
1291 970 1774 1048 ὠφεληθήσονται,
1807 969 1966 1032 αὐτὸς
2015 969 2217 1049 λόγους
2251 970 2586 1045 οἰκοδομεῖς,
2632 975 2721 1029 καὶ
2772 971 3116 1033 διδάσκεσθαι
3170 979 3367 1043 θέλεις.
3417 981 3739 1047 Ἀδίδακτος

317 1062 426 1136 γὰρ
459 1059 627 1136 μόνος
659 1059 797 1114 ἐστίν
830 1062 858 1116 ὁ
888 1065 996 1116 τῶν
1041 1060 1188 1116 ὅλων
1222 1063 1352 1125 Θεός
1383 1080 1397 1094 ⁶
1449 1059 1638 1128 ἐπειδὴ
1669 1059 1759 1114 καί
1786 1059 2086 1137 αὐτοφυής,
2119 1060 2208 1116 καὶ
2257 1061 2363 1135 πρὸ
2408 1061 2572 1117 αὐτοῦ
2611 1062 2784 1119 ἄλλον
2835 1066 2936 1120 οὐκ
2966 1064 3110 1143 ἔχων
3143 1087 3158 1101 ⁶
3198 1070 3264 1124 τὰ
3294 1067 3340 1126 δ’
3389 1070 3534 1127 ἄλλα
3563 1075 3738 1130 πάντα

323 1150 466 1207 ἐστὶν
528 1147 796 1205 διδακτά⁶
857 1147 1044 1219 ἐπειδὴ
1100 1150 1305 1220 ποιητά
1362 1151 1451 1205 καὶ
1504 1150 1692 1204 κτιστά
1724 1170 1738 1184 ο
1796 1149 1884 1204 καί
1939 1152 2005 1205 τὰ
2057 1151 2153 1222 μὶν
2211 1155 2402 1226 πρῶτα
2457 1153 2705 1229 τάγματα
2760 1151 3087 1211 διδάσκαλον
3146 1154 3262 1232 ἔχει
3315 1160 3414 1228 τήν
3477 1161 3736 1219 ἀνωτάτω

323 1237 527 1315 Τριάδα
559 1259 573 1272 ο
617 1239 684 1294 τὰ
733 1237 792 1294 δὶ
822 1236 1065 1314 δεύτερα,
1097 1241 1244 1315 παρά
1294 1245 1401 1295 τῶν
1443 1240 1673 1314 πρώτων
1728 1240 1978 1312 μανθάνει
2013 1259 2026 1272 °
2056 1241 2124 1295 τὰ
2173 1237 2230 1296 δέ
2259 1241 2438 1315 τρίτα,
2463 1244 2608 1318 παρά
2653 1247 2761 1299 τῶν
2788 1241 3048 1312 δευτέρων
3086 1264 3101 1279 ’
3151 1247 3237 1301 καί
3270 1246 3416 1304 οὕτω
3463 1252 3581 1305 καθ’
3611 1253 3733 1322 έξῆς

318 1329 459 1385 κατὰ
504 1330 677 1399 τάξιν,
713 1327 880 1404 μέχρι
931 1330 1021 1384 καὶ
1067 1334 1174 1386 τῶν
1221 1327 1482 1406 ἐσχάτων.
1517 1329 1580 1383 Οἱ
1627 1329 1729 1404 γάρ
1773 1327 2052 1403 κρείττους
2098 1328 2150 1384 ἐν
2191 1331 2390 1406 γνώμῃ
2439 1332 2530 1387 καὶ
2581 1333 2744 1408 ἀρετῇ
2793 1334 2921 1398 τοὺς
2967 1333 3393 1407 ἠλαττωμένους
3441 1337 3493 1394 έν
3536 1339 3734 1415 γνώσει

325 1416 698 1476 διδάσκουσιν.
733 1419 796 1473 Οἳ
840 1418 1023 1474 τοίνυν
1074 1419 1318 1492 οἰόμενοι
1367 1415 1706 1474 διδασκάλων
1756 1419 1832 1492 μή
1884 1418 2135 1494 χρῄζειν,
2185 1418 2401 1492 ἄγνοιαν
2442 1425 2714 1488 νοσοῦσιν,
2758 1423 2856 1491 τὴν
2907 1425 3116 1500 μητέρα
3160 1433 3262 1496 τῆς
3311 1427 3731 1505 ύπερηιρανείας,

322 1511 372 1565 οἱ
411 1511 486 1582 μή
539 1505 846 1582 ρειθόμενοι
892 1515 1010 1572 τοῖς
1047 1508 1099 1564 ἐν
1151 1510 1332 1585 ἀγάπῃ
1386 1505 1751 1565 διδάσκουσιν.
1784 1511 1877 1563 Ὠν
1930 1507 2300 1582 πρωτεύουσιν
2354 1509 2429 1572 εἷς
2477 1509 2776 1579 ἀπώλειαν,
2811 1513 2863 1568 οἱ
2911 1517 2990 1585 τω
3036 1514 3181 1586 αὐτῷ
3228 1517 3387 1571 πάθει
3424 1524 3524 1585 τῆς
3574 1518 3734 1594 οὐρα-

314 1599 437 1654 νίου
479 1595 763 1676 διαγωγῆς
813 1596 1147 1667 ἐκπεσόντες,
1180 1598 1236 1652 οἳ
1283 1597 1338 1653 ἐν
1371 1599 1484 1670 ἀέρι
1531 1597 1822 1669 πετόμενοι
1872 1595 2146 1670 δαίμονες,
2181 1602 2291 1653 τῶν
2340 1596 2392 1652 ἐν
2433 1605 2548 1662 τοῖς
2598 1601 2852 1674 οὐρανοῖς
2911 1601 3310 1677 ἀποδράσαντες
3359 1603 3724 1664 διδασκάλων.

317 1689 392 1744 Οὐ
425 1687 529 1763 γάρ
559 1687 616 1742 αἱ
648 1685 820 1758 λέξεις
858 1685 894 1754 ἢ
930 1689 984 1742 αἱ
1043 1685 1316 1744 συλλαϐαί
1348 1687 1482 1743 εἰσιν
1515 1685 1882 1757 διδασκαλίαι,
1916 1687 1979 1749 ἃς
2036 1685 2259 1762 ἔχουσιν
2290 1685 2464 1742 ἐνίοτε
2490 1688 2580 1742 καὶ
2639 1690 2691 1743 οἱ
2723 1689 2811 1744 ἐπὶ
2842 1689 3101 1746 πλεῖστον
3159 1693 3358 1771 φαῦλοι
3393 1713 3406 1728 ο
3449 1693 3598 1749 ἀλλά
3625 1700 3727 1750 τοῦ

319 1774 490 1846 ἤθους
521 1776 588 1832 τὰ
617 1777 1039 1852 κατορθώματα,
1072 1776 1107 1847 ἤ
1139 1799 1196 1832 τε
1233 1776 1458 1848 ἀλυπία,
1491 1776 1581 1848 καὶ
1621 1779 1915 1846 ἀπτοησία,
1947 1775 2036 1832 καὶ
2075 1779 2110 1846 ἠ
2165 1773 2403 1848 ἀδειλία,
2443 1777 2534 1832 καὶ
2591 1778 2654 1832 τὸ
2694 1778 2993 1857 ἀόργητον,
3023 1781 3114 1836 καὶ
3145 1783 3179 1852 ἡ
3235 1782 3322 1838 ἐπὶ
3354 1783 3565 1839 πάντων
3597 1784 3732 1862 παῤ-

319 1867 504 1943 ῥησία,
532 1867 625 1920 καὶ
681 1866 812 1930 τοὺς
865 1866 1062 1943 λόγους
1091 1867 1166 1928 ὡς
1197 1867 1368 1940 πυρὸς
1425 1865 1604 1946 φλόγα
1659 1871 1908 1940 γεννῶσα.
1942 1865 2001 1922 El
2038 1867 2142 1942 γὰρ
2204 1867 2280 1938 μή
2311 1866 2378 1936 ἦν
2415 1871 2597 1936 τοῦτο,
2631 1869 2740 1924 οὐκ
2797 1868 3071 1946 ἀνέλεγεν
3128 1872 3156 1926 ὁ
3191 1872 3353 1947 μέγας
3401 1871 3730 1935 διδάσκαλος

318 1962 438 2018 τοῖς
469 1957 658 2012 ἐαυτοῦ
717 1957 993 2029 μαθηταῖς
1029 1976 1042 1990 ⁸
1074 1956 1282 2013 Μάθετε
1339 1956 1430 2010 ἀπ’
1457 1955 1594 2030 ἐμοῦ
1622 1954 1708 2012 ὅτι
1760 1955 1934 2030 πρᾶός
1965 1954 2079 2028 είμι
2136 1956 2226 2011 καὶ
2258 1977 2510 2020 ταπεινος
2539 1960 2608 2030 τῇ
2665 1955 2865 2033 καρδίᾳ
2897 1977 2911 1994 ο
2972 1960 3034 2014 οὐ
3064 1965 3132 2035 τῇ
3193 1960 3408 2034 εὐλεξίᾳ
3451 1963 3731 2037 ῥυθμίζων

318 2045 450 2110 τοίας
489 2046 853 2116 ἀποστόλους,
884 2045 1034 2102 ἀλλά
1087 2050 1154 2120 τῇ
1197 2042 1445 2118 εὐσεϐείᾳ
1473 2043 1568 2100 τοῦ
1598 2046 1790 2114 ἤθους,
1828 2043 2035 2118 μηδένα
2082 2044 2272 2102 λυπῶν
2302 2044 2449 2114 πλῆν
2479 2052 2587 2101 τῶν
2637 2047 2948 2122 μισολόγων
2980 2049 3069 2104 καὶ
3120 2047 3462 2106 διδασκάλων
3504 2073 3732 2127 μισουν-

316 2157 448 2192 των.
511 2141 602 2193 Δεῖ
638 2135 819 2191 τοίνυν
853 2137 952 2205 τὴν
993 2136 1130 2192 κατά
1188 2139 1416 2211 Χριστὸν
1448 2135 1790 2207 ἀσκουμένην
1825 2135 2036 2214 ψυχὴν,
2067 2134 2103 2203 ἢ
2165 2137 2451 2208 μανθάνειν
2485 2156 2694 2196 πιστως
2725 2135 2759 2191 ἃ
2815 2138 2918 2193 οὐκ
2947 2135 3111 2207 οἶδεν,
3151 2141 3187 2210 ἢ
3247 2137 3517 2197 διδάσκειν
3547 2147 3731 2213 σαφῶς

316 2225 353 2282 ἃ
406 2225 631 2302 ἐπέγνω.
696 2225 757 2284 Εἰ
796 2226 900 2302 γάρ
960 2227 1222 2300 ὁπότερον
1264 2227 1341 2298 μή
1403 2225 1694 2300 βούληται,
1746 2224 1934 2298 μανίαν
1993 2229 2160 2281 νοσεῖ.
2217 2226 2396 2300 ’Δρχή
2454 2226 2554 2301 γὰρ
2614 2224 2966 2296 ἀποστασίας,
3027 2224 3379 2291 διδασκαλίας
3432 2229 3601 2305 κόρος
3639 2231 3730 2286 καὶ

314 2315 563 2392 ἀνορεξία
618 2313 812 2393 λόγου,
843 2315 901 2372 ὃν
937 2315 1020 2372 ἀεὶ
1078 2319 1235 2386 πεινᾷ
1263 2317 1298 2386 ἡ
1331 2317 1486 2391 ψυχή
1533 2318 1630 2370 τοῦ
1679 2312 1960 2392 φιλοθέου.
2001 2313 2187 2370 Ἴσχυε
2242 2311 2356 2382 οῦν,
2387 2315 2477 2369 καὶ
2536 2314 2763 2390 ὑγίαινε,
2796 2315 2887 2370 καὶ
2945 2337 3008 2372 το
3065 2319 3198 2394 μέγα
3239 2318 3533 2394 χαρίσηταί
3585 2340 3668 2376 σοι
3701 2321 3730 2375 ὁ

322 2407 480 2476 Θεὸς,
506 2407 607 2476 τὴν
637 2411 841 2482 γνῶσιν
877 2410 976 2462 τοῦ
1008 2409 1269 2480 Χριστοῦ.

1285 2739 1614 2792 ΔΙΗΓΗΣΙΣ
1649 2739 1774 2792 ΤΟΥ
1812 2738 1965 2790 ΒῐΟΥ
2000 2740 2130 2790 ΤΩΝ
2169 2739 2377 2792 APION
2416 2739 2756 2793 ΠΔΤΕΡΩΝ.

385 2895 625 2954 Πολλῶν
657 2895 846 2953 πολλά
900 2898 992 2954 καὶ
1021 2896 1252 2954 ποικίλα
1304 2897 1442 2952 κατά
1479 2894 1772 2972 διαφόρους
1824 2897 2048 2969 καιροὺς
2096 2897 2504 2971 συγγράμματα
2561 2901 2641 2970 τῷ
2675 2896 2779 2972 βίῳ
2833 2897 3342 2971 καταλελοιπότων,
3370 2905 3479 2956 τῶν
3543 2902 3638 2975 μὶν
3676 2900 3731 2972 ἐξ

315 2987 560 3045 ἐπινοίας
588 2994 688 3057 τῆς
746 2989 949 3043 ἄνωθεν
980 2987 1071 3043 καὶ
1123 2989 1354 3063 χάριτος
1379 2983 1638 3043 θεοδότου
1695 2985 1774 3047 εἷς
1804 2982 2109 3058 οἰκοδομὴν
2160 2987 2247 3040 καὶ
2307 2984 2606 3062 ἀσφάλειαν
2635 2991 2746 3042 τῶν
2805 2991 2974 3060 πιστῇ
3009 2989 3261 3063 προθέσει
3308 2987 3586 3064 ἑπομένων
3615 2995 3734 3055 τοῖς

314 3077 552 3152 δόγμασι
579 3082 680 3134 τοῦ
738 3084 1002 3150 Σωτῆρος
1033 3094 1048 3110 ·
1106 3081 1214 3133 τῶν
1271 3075 1328 3132 δέ
1358 3077 1406 3148 ἐξ
1440 3075 1896 3151 ἀνθρωπαρέσκου
1955 3075 2046 3129 καὶ
2096 3071 2493 3154 διεφθαρμένης
2531 3077 2840 3150 προθέσεως
2902 3076 3368 3149 ὑλομανησάντων
3426 3078 3505 3142 είς
3559 3100 3734 3154 παρα-

319 3168 512 3238 μυθίαν
549 3166 655 3224 τῶν
709 3167 1020 3239 κενοδοξίαν
1049 3168 1359 3224 κισσώντων
1389 3185 1402 3200 ο
1463 3167 1658 3240 έτέρων
1719 3163 1778 3220 δὶ
1806 3162 1866 3221 ἐκ
1921 3185 2066 3226 τινος
2115 3165 2309 3237 μανίας
2365 3164 2595 3240 ἀκαίρου
2623 3165 2714 3220 καὶ
2774 3165 3042 3243 ἐνεργείας
3099 3171 3196 3222 τοῦ
3255 3166 3562 3240 μισοκάλου
3619 3167 3732 3224 δαί-

324 3278 490 3332 μονος
515 3259 668 3335 τύφῳ
716 3259 809 3314 καὶ
868 3256 1185 3333 μήνιδιέπὶ
1243 3255 1396 3332 λύμῃ
1435 3261 1544 3312 τῶν
1590 3256 1999 3326 εὖεξαπατήτων
2059 3255 2377 3327 ἀνθρώπων,
2409 3255 2500 3310 καὶ
2557 3253 2742 3328 σπίλῳ
2796 3262 2897 3325 τῆς
2951 3255 3228 3330 ἀχράντου
3278 3256 3370 3312 καὶ
3427 3257 3728 3327 κατολικῆς

320 3345 674 3417 Ἐκκλησίας,
715 3346 1192 3427 ἐπεισφρησάντων
1249 3353 1368 3408 ταῖς
1402 3345 1666 3408 διανοίαις
1700 3349 1809 3401 τῶν
1868 3345 2145 3414 ἀνονήτων
2177 3343 2264 3398 ἐπὶ
2321 3343 2529 3417 έγκότῳ
2553 3351 2656 3414 τῆς
2715 3353 2920 3418 σεμνῆς
2945 3347 3035 3400 καὶ
3097 3348 3335 3420 καθαρᾶς
3391 3346 3674 3410 πολιτείας
3707 3366 3722 3381 ·

318 3435 470 3511 ἔδοξε
497 3437 664 3511 κάμοὶ
723 3443 804 3510 τῷ
849 3443 1084 3510 ταπεινῷ
1141 3435 1230 3494 διὰ
1284 3439 1384 3506 τὴν
1444 3437 1520 3499 εἰς
1559 3436 1788 3511 Χριστὸν
1837 3433 2032 3490 ἐλπίδα
2084 3431 2397 3489 αἰδεσθέντα
2455 3436 2650 3507 μετῆν
2706 3433 2968 3511 ἐπιταγήν
3016 3441 3118 3504 τῆς
3175 3442 3274 3504 σῆς
3337 3437 3724 3513 μεγαλονοίας,

320 3525 755 3606 φιλομαθέστατε
782 3532 890 3583 τῶν
948 3525 1181 3604 ἀνδρῶν,
1212 3533 1428 3602 πρῶτον
1483 3526 1656 3584 πάντα
1701 3526 1771 3582 τά
1807 3526 1924 3580 κατ’
1980 3523 2216 3598 ἐμαυτὸν
2276 3521 2636 3599 διηγήσασθαι
2671 3543 2686 3558 ⁶
2725 3526 2793 3580 τά
2828 3545 2887 3580 τε
2940 3532 3042 3595 τῆς
3100 3524 3341 3597 ἡλικίας,
3372 3529 3464 3582 καὶ
3518 3527 3586 3584 τά
3637 3529 3724 3585 ἐπὶ

316 3621 387 3692 τῇ
420 3622 674 3692 προκοπῇ
703 3625 805 3688 τῆς
838 3618 1074 3674 διανοίας
1105 3625 1204 3687 τῆς
1237 3617 1313 3676 εἷς
1345 3618 1474 3675 Θεὸν
1507 3619 1702 3691 ἀρετῆς
1735 3613 1795 3670 ἐκ
1821 3619 2010 3688 νεαρᾶς
2050 3615 2274 3683 ἡλικίας
2302 3613 2623 3689 ἀρξάμενον.

387 3709 713 3778 Τριακοστὸν
740 3708 830 3762 καὶ
876 3707 1059 3783 τρίτον
1090 3701 1210 3768 ἔτος
1235 3705 1421 3782 ἄγοντί
1467 3728 1564 3778 μοι
1594 3704 1645 3761 ἒν
1687 3709 1756 3780 τῇ
1802 3702 2048 3780 ἀδελφῶν
2097 3701 2352 3773 πολιτείᾳ
2384 3700 2542 3768 δῆθεν
2592 3703 2683 3758 καὶ
2720 3707 2800 3769 τῷ
2833 3705 3062 3778 μονήρει
3116 3706 3222 3781 βίῳ
3255 3725 3270 3739 ⁸
3313 3705 3484 3763 εἷ’κοσι
3533 3705 3592 3764 δὶ
3619 3714 3720 3779 τῆς

317 3797 644 3868 ἐπισκοπῆς,
686 3800 1022 3868 πεντήκοντα
1077 3795 1136 3853 δι
1163 3797 1256 3852 καὶ
1284 3797 1409 3872 τρία
1462 3803 1564 3866 τῆς
1601 3795 1778 3864 πάσης
1819 3795 1962 3863 ζωῆς
2025 3813 2156 3865 μου,
2189 3790 2474 3867 ἀναγκαῖον
2519 3793 2819 3866 ἡγησάμην
2865 3792 3121 3849 ποθοῦντί
3160 3815 3246 3850 σοι
3291 3797 3360 3852 τά
3403 3803 3512 3853 τῶν
3552 3797 3722 3871 ἁγίων

320 3889 576 3963 Πατέρων
621 3889 1022 3961 κατορθώματα
1059 3885 1329 3968 ὠφελείας
1382 3886 1545 3964 χάριν
1588 3887 1960 3956 πνευματικῆς
2017 3879 2068 3934 ἐν
2128 3884 2311 3958 γραφῇ
2371 3878 2744 3956 διηγήσασθαί
2801 3902 2886 3935 σοι
2946 3881 3181 3955 ἀρῥένων
3220 3905 3278 3940 τε
3315 3885 3404 3939 καὶ
3461 3883 3718 3954 θηλειῶν,

315 3979 394 4032 ὢν
441 3999 498 4034 τε
545 3977 707 4040 αὐτὸς
767 3977 1011 4051 ἐώμακα,
1043 3977 1132 4032 καὶ
1190 3977 1313 4052 περὶ
1345 3977 1419 4032 ὧν
1451 3975 1660 4044 ἀκήκοα
1715 3972 1861 4046 παρά
1907 3971 2247 4025 πιστοτάτων
2287 3973 2502 4045 ψυχῶν,
2537 3971 2625 4032 οἷς
2665 3989 2722 4023 τε
2771 3971 3203 4048 συνανεστράφην
3245 3970 3298 4026 ἐν
3345 3975 3415 4044 τῇ
3465 3975 3579 4028 κατ’
3622 3971 3720 4030 Δί’-

313 4087 521 4143 γυπτον
554 4065 770 4142 ἐρήμῳ,
801 4067 891 4121 καὶ
940 4061 1142 4141 Λιϐύῃ,
1171 4067 1257 4120 καὶ
1308 4059 1567 4134 Θηϐαΐδι,
1594 4061 1684 4117 καὶ
1745 4061 1950 4132 Συήνῃ,
1983 4057 2070 4135 ὑφ’
2096 4059 2157 4127 ἣν
2188 4056 2279 4112 καὶ
2334 4059 2385 4112 οἱ
2419 4057 2709 4132 λεγόμενοι
2765 4052 3200 4128 Ταϐεννησιῶται
3230 4078 3244 4093 ⁶
3300 4056 3484 4116 ἔπειτα
3539 4067 3719 4118 Μεσο-

314 4156 585 4227 ποταμίᾳ,
619 4155 952 4232 Παλαιστίνῃ
984 4175 1043 4210 τε
1070 4155 1160 4210 καὶ
1215 4155 1405 4228 Συρίᾳ,
1436 4152 1527 4207 καί
1555 4155 1670 4212 τοῖς
1729 4149 1912 4220 πέρεσι
1939 4150 2039 4232 τῆς
2072 4144 2309 4214 Δύσεως,
2344 4145 2534 4232 Ῥώμῃ
2587 4166 2646 4202 τε
2675 4145 2764 4200 καὶ
2799 4145 3112 4232 Καμπανίᾳ,
3153 4148 3241 4203 καὶ
3290 4152 3408 4212 τοῖς
3435 4150 3560 4224 περὶ
3587 4149 3718 4206 ταύ-

309 4265 408 4308 τας
441 4245 680 4321 μέρεσιν,
727 4228 1087 4311 ἀκριϐέστατα
1137 4243 1228 4298 ἀπ’
1277 4244 1456 4317 ἀρχῆς
1505 4239 1747 4296 ἐκθέσθαι
1782 4257 1868 4292 σοι
1907 4235 1960 4292 έν
2011 4231 2362 4311 διηγήματος
2402 4230 2535 4289 εἷ’δει
2584 4232 2636 4289 ἐν
2689 4237 2768 4305 τῷ
2815 4228 3020 4309 βιϐλίῳ
3055 4233 3235 4306 τούτῳ
3267 4254 3282 4268 ⁸
3333 4235 3484 4301 ὅπως
3523 4239 3718 4312 σεμνὸν

308 4333 402 4388 καὶ
440 4331 770 4413 ψυχωφελὶς
827 4333 1236 4406 ὑπομνηστικὸν
1281 4326 1426 4408 ἔχων
1485 4327 1836 4384 ἀδιάλειπτον
1884 4325 2168 4413 φάρμακον
2203 4321 2512 4413 ἀληθείας,
2569 4322 2742 4413 πάντα
2801 4324 2897 4396 μὶν
2925 4325 3258 4413 νυσταγμὸν
3303 4324 3483 4397 λήθης
3533 4327 3626 4383 τὸν
3663 4325 3716 4401 ἐξ

309 4407 866 4497 ἀλόγουγνὶπιθυμίας
922 4422 1272 4498 ἐγγινόμενον
1332 4424 1400 4494 τῇ
1454 4421 1632 4492 ψυγῇ,
1689 4420 1862 4472 πᾶσαν
1919 4410 1978 4468 δέ
2017 4410 2278 4488 διψυχίαν
2331 4413 2432 4480 τήν
2474 4411 2526 4466 ἐν
2585 4410 2790 4480 πίστει,
2847 4412 2938 4467 καὶ
2994 4407 3280 4487 κιμϐικίαν
3333 4416 3433 4483 τήν
3489 4415 3542 4474 ἐν
3594 4421 3715 4479 ταῖς

307 4511 545 4586 χρείαις,
575 4511 750 4568 πάντα
785 4532 846 4567 τε
901 4510 1057 4566 ὄκνον
1097 4511 1186 4565 καί
1246 4507 1618 4585 μικροψυχίαν
1674 4507 1774 4575 τήν
1828 4502 1881 4560 ἐν
1939 4506 2020 4575 τῷ
2072 4502 2216 4571 ἤθει,
2249 4501 2544 4574 όξυθυμίαν
2601 4522 2660 4558 τε
2710 4501 2800 4556 καί
2854 4502 3098 4579 τάραχον
3154 4502 3379 4581 ἄλογον,
3410 4507 3499 4560 καὶ
3546 4503 3716 4585 φόϐον

305 4600 530 4675 ἄκαιρον
570 4596 662 4655 διά
716 4600 914 4656 τούτου
955 4599 1480 4672 ἀποσκευαζόμενος,
1511 4595 1602 4652 καὶ
1661 4594 1752 4650 τὸν
1813 4593 2039 4666 μάταιον
2099 4588 2472 4663 μετεωρισμὸν
2527 4593 2624 4645 τοῦ
2683 4588 3078 4670 διεφθαρμένου
3117 4594 3330 4664 κόσμου
3368 4594 3713 4672 ἀποφεύγων,

308 4687 648 4762 ἀδιαλείπτῳ
677 4689 840 4768 πόφῳ
898 4688 1232 4764 προκόπτοις
1288 4686 1342 4743 ἐν
1373 4690 1441 4760 τῇ
1473 4686 1610 4760 πρὸς
1670 4683 1764 4738 τὸν
1821 4682 1950 4768 Θεὸν
1987 4675 2194 4750 ἐλπίδι,
2221 4681 2290 4768 τῇ
2349 4679 2602 4754 προθέσει
2639 4683 2739 4768 τῆς
2799 4676 3068 4742 εὐσεϐείας
3126 4679 3334 4756 ὁδηγὸς
3367 4683 3456 4738 καί
3512 4691 3710 4742 σαυτοῦ

304 4779 534 4835 καὶτῶν
571 4779 705 4850 μετά
745 4764 863 4844 σοῦ,
913 4777 1138 4833 καὶτῶν
1171 4776 1277 4831 ὐπὸ
1332 4777 1410 4844 σὶ,
1443 4773 1532 4828 καὶ
1561 4778 1670 4828 τῶν
1730 4764 2124 4826 εὐσεϐεστάτων
2166 4767 2452 4841 γινόμενος
2516 4766 2807 4842 βασιλέων.
2843 4769 2921 4822 Δι’
2953 4769 3027 4823 ὢν
3081 4771 3522 4842 κατορθωμάτων
3577 4773 3711 4826 πάν-

304 4889 395 4933 τες
425 4870 478 4923 οἱ
510 4866 866 4945 φιλόχριστοι
898 4869 1168 4936 ένωθῆναι
1209 4870 1326 4937 Θεῷ
1370 4865 1700 4936 ἐπείγονται,
1730 4856 2182 4933 συνεκδεχόμενοι
2210 4857 2301 4912 καὶ
2356 4859 2456 4926 τήν
2489 4856 2744 4912 ἀνάλυσιν
2793 4863 2892 4945 τῆς
2922 4859 3110 4936 ψυχῆς
3154 4858 3259 4913 ἀπὸ
3289 4862 3386 4912 τοῦ
3435 4859 3711 4931 σώματος,

305 4944 571 5027 δηλονότι
600 4958 664 5013 τὸ
720 4959 840 5014 καθ’
870 4958 1103 5029 ἡμέραν,
1132 4956 1270 5011 κατά
1325 4955 1388 5010 τὸ
1411 4950 1787 5028 γεγραμμένον
1821 4971 1836 4986 ο
1896 4948 2207 5022 Συνέχομαι
2257 4946 2462 5019 ἀγαθὴν
2504 4946 2793 5019 ἐπιθυμίαν
2843 4944 2990 5021 ἔχων
3019 4951 3118 5002 τοῦ
3164 4946 3448 5014 ἀναλῦσαι,
3481 4949 3572 5004 καὶ
3617 4951 3710 5004 σῦν

303 5053 524 5122 Χριστῷ
553 5049 733 5104 εἶναι’
776 5047 976 5120 πολλῷ
1033 5046 1250 5120 μᾶλλον
1305 5050 1577 5119 κρεῖσσον.
1610 5043 1706 5099 Καὶ
1767 5039 1854 5108 τὸ,
1886 5036 2174 5108 Ἑτοίμαζε
2226 5035 2301 5096 εἷς
2329 5036 2427 5102 τὴν
2487 5031 2671 5105 ἔξοδον
2702 5037 2770 5091 τά
2826 5033 2978 5110 ἔργα,
3019 5037 3108 5090 καὶ
3175 5038 3578 5110 παρασκευάζου
3637 5039 3714 5100 είς

301 5139 396 5194 τὸν
455 5138 645 5216 ἀγρόν,
687 5139 745 5195 Ὀ
775 5138 876 5209 γάρ
921 5138 1276 5211 μνημονεύων
1332 5135 1414 5191 ἀεὶ
1445 5138 1541 5190 τοῦ
1598 5130 1825 5186 θανάτου
1856 5129 1930 5189 ὡς
1980 5124 2031 5199 ἐξ
2091 5125 2328 5199 ἀνάγκης
2373 5122 2507 5194 ἥξει.
2530 5126 2768 5193 πάντως,
2800 5124 2888 5180 καὶ
2948 5123 3010 5180 οὐ
3055 5123 3344 5197 μελλήσει,
3381 5125 3443 5182 οὐ
3500 5126 3708 5182 πταίσει

307 5212 524 5303 μεγάλά
554 5246 570 5262 ο
629 5227 766 5283 κατὰ
789 5228 852 5284 τὸ
909 5226 1285 5304 γιγραμμένον
1320 5243 1334 5257 ο
1392 5225 1479 5282 Ἐν
1527 5227 1657 5277 πᾶσι
1704 5224 1819 5280 τοῖς
1878 5215 2068 5288 λόγοις
2129 5234 2224 5268 σου
2268 5215 2584 5284 μιμνήσκου
2639 5215 2706 5268 τά
2757 5212 2978 5288 ἔσχατα,
3020 5214 3112 5268 καὶ
3142 5214 3198 5274 ἐς
3253 5215 3347 5269 τὸν
3405 5215 3573 5270 αίῶνα
3601 5216 3713 5291 οὐχ

305 5301 664 5390 ἁμαρτήσεις,
706 5319 806 5375 Καὶ
864 5301 1000 5394 πρδέ
1058 5321 1178 5378 τοῖς
1236 5314 1433 5372 ἄλλοις
1471 5316 1624 5380 πᾶσι,
1689 5309 1765 5380 μὴ
1822 5303 2338 5394 παραλογιζόμενος
2373 5305 2513 5394 *ἡμῖν
2571 5304 2670 5394 την
2729 5305 2992 5394 βραχεῖαν
3043 5301 3546 5394 ταύτηνᾷὑπόθεσιν
3604 5309 3713 5394 τῷν

303 5388 643 5484 ἐξηγήσεων,
688 5409 830 5481 μήτε
885 5388 1158 5462 διαπτύων
1187 5407 1288 5473 τήν
1347 5400 1621 5458 ἱδιωτείαν
1652 5397 1741 5453 καὶ
1798 5396 1861 5450 τὸ
1891 5392 2126 5455 ἀκαλλὲς
2179 5396 2286 5446 τῶν
2327 5391 2545 5465 λέξεων.
2579 5393 2652 5448 Οὐ
2711 5392 2814 5470 γάρ
2842 5393 2988 5448 τοῦτ’
3043 5388 3200 5469 ἔργον
3261 5392 3376 5450 έστὶ
3415 5395 3597 5462 θεϊκῆς
3629 5393 3712 5450 δι-

303 5481 606 5559 δασκαλίας
661 5497 727 5552 κδ
784 5496 1186 5569 σεσοφισμένως
1247 5493 1488 5572 φράζειν,
1545 5488 1693 5546 ἀλλά
1745 5483 1945 5542 πείθειν
1985 5484 2084 5551 τήν
2409 5484 2680 5554 νοήμασιν
2739 5481 3000 5572 ἀληθείας
3054 5483 3192 5538 κατά
3245 5483 3308 5539 τὸ
3370 5482 3709 5558 εἰρημένονο

303 5587 532 5660 Ἀνοιγ.
561 5587 653 5644 σδν
710 5587 882 5660 στόμα
913 5568 1066 5662 λόγῳ
1122 5568 1399 5654 ego-3;”?
1431 5579 1580 5656 κρίνε
1635 5577 1809 5633 πάντα
1849 5575 2034 5651 ὑγιῶς.
2080 5571 2178 5632 Καὶ
2232 5569 2398 5629 πάλιν
2433 5589 2447 5604 ο
2481 5573 2570 5640 Μὴ
2625 5571 2852 5646 ἀστόχει
2883 5568 3234 5646 διηγήματος
3281 5573 3576 5647 γερόντων.
3610 5573 3710 5633 Καὶ

305 5677 414 5751 γὰρ
445 5676 598 5734 αὐτοὶ
629 5674 829 5752 ἔμαθον
863 5677 1007 5752 παρὰ
1038 5681 1145 5732 τῶν
1177 5673 1422 5749 πατέρων
1453 5671 1648 5727 αὐτῶν.
