4076 6206
289 324 441 388 1005
1592 319 1968 384 EPISTULA
2009 322 2113 384 AD
2158 321 2498 387 LAUSUM.
3644 320 3799 382 1006

354 458 479 532 Ego
539 456 756 531 itaque,
787 456 875 514 vir
901 455 1251 529 cognitionis
1279 455 1382 515 Dei
1413 455 1862 527 studiosissime,
1894 457 2091 531 aliqua
2113 474 2182 514 ex
2216 460 2376 530 parte
2405 471 2658 529 sequens
2686 456 2798 515 hoc
2828 456 3072 527 dictum,
3113 456 3329 514 multos
3380 452 3623 512 conveni
3653 469 3793 509 san-

284 554 439 607 ctus.
473 548 676 621 Neque
696 564 829 604 vero
864 564 929 604 ea
962 547 1236 621 cogitatio
1270 548 1411 602 mihi
1443 546 1597 602 aliud
1633 549 1825 620 agenti
1858 553 1913 604 in
1945 553 2197 604 mentem
2231 548 2407 617 venit,
2438 549 2535 603 sed
2580 564 2712 604 cum
2750 548 2987 621 triginta
3017 551 3191 622 atque
3230 548 3373 603 adeo
3416 545 3507 601 bis
3552 543 3799 600 totidem

287 639 515 695 dierum
549 639 701 694 viam
734 637 1140 706 confecissem,
1172 644 1230 693 et
1259 636 1357 693 Dei
1390 637 1578 709 gratia
1601 638 1850 709 pedestri
1874 640 2096 707 itinere,
2129 654 2359 693 omnem
2394 638 2784 695 Romanorum
2802 639 3088 708 regionem
3117 638 3526 709 pervasissem,
3547 637 3652 691 vite
3684 650 3806 690 mo-

286 727 518 786 lestiam
556 728 724 784 nihili
756 727 862 782 feci
894 726 943 782 si
974 728 1282 782 convenire
1315 743 1543 798 possem
1579 728 1765 782 virum
1802 729 1956 800 pium
1984 745 2050 784 ac
2084 727 2177 784 Dei
2201 728 2478 794 amicum,
2506 734 2567 783 ut
2623 728 3023 786 lucrifacerem
3056 729 3209 800 quod
3244 745 3356 784 non
3408 727 3714 782 habebam.
3745 723 3804 778 Si

290 820 448 877 enim
486 819 585 891 qui
622 834 714 873 me
744 823 833 874 est
862 818 1030 889 longe
1058 818 1445 889 prestantior,
1486 825 1662 889 atque
1692 821 1830 873 adeo
1863 819 2006 874 forte
2044 818 2216 874 etiam
2282 822 2550 873 universo
2603 820 2847 887 mundo,
2884 821 3215 892 multosque
3262 817 3562 888 superavit
3590 820 3647 871 et
3674 815 3803 870 vitas

290 911 532 983 agenda
568 911 813 973 ratione,
845 908 1199 979 cognitione,
1231 916 1284 963 et
1316 905 1566 979 spiritali
1598 907 1997 977 intelligentia,
2022 915 2079 963 et
2110 908 2221 964 fide
2250 908 2310 963 in
2366 908 2682 973 Christum,
2727 910 2929 965 beatus
2984 908 3284 980 apostolus
3332 907 3571 977 Paulus,
3623 907 3802 962 Tarso

290 1000 354 1057 in
382 1000 650 1056 Judaaam
688 998 979 1071 profectus
1012 1003 1120 1061 est.
1154 1005 1217 1053 ut
1248 1000 1579 1052 conveniret
1610 1001 1838 1053 Petrum
1873 1005 1931 1054 et
1968 999 2248 1054 Joannem
2280 1003 2337 1054 et
2364 998 2639 1055 Jscubum
2669 1016 2682 1066 ;
2715 1010 2768 1054 et
2817 999 2943 1056 ideo
2975 1000 3150 1055 veluti
3184 999 3441 1070 glorians
3473 1000 3527 1053 id
3587 1000 3802 1063 narrat,

293 1091 553 1147 referens
575 1106 716 1145 suos
748 1088 997 1157 labores,
1031 1090 1101 1144 ad
1136 1105 1235 1145 eos
1267 1088 1596 1143 incitandos
1619 1087 1718 1160 qui
1746 1088 1801 1142 in
1830 1089 2088 1144 socordia
2120 1096 2177 1144 et
2206 1090 2321 1144 otio
2352 1089 2527 1144 vitam
2571 1088 2925 1160 transigunt,
2959 1088 3203 1143 dicendo
3235 1105 3248 1143 :
3283 1086 3533 1144 Ascendi
3562 1086 3799 1143 Jerusa-

289 1179 403 1237 lem
439 1186 500 1237 ut
526 1180 779 1235 viderem
812 1178 1087 1250 Cepham,
1123 1194 1235 1235 non
1269 1183 1576 1233 contentus
1610 1179 1733 1234 sola
1757 1179 1905 1233 fama
1934 1178 2093 1234 illius
2116 1180 2367 1246 virtutis,
2400 1179 2499 1233 sed
2532 1178 2869 1234 desiderans
2916 1180 3044 1249 ejus
3074 1193 3306 1250 quoque
3345 1177 3554 1231 intueri
3598 1177 3800 1231 faciem

290 1269 447 1342 (Gal.
471 1270 575 1341 tt);
608 1274 825 1341 quanto
859 1271 1041 1341 magis
1071 1285 1175 1340 ego
1207 1269 1300 1340 qui
1335 1285 1463 1324 sum
1499 1267 2006 1323 innumerabilium
2038 1268 2379 1324 talentorum
2440 1268 2684 1335 debitor,
2716 1267 2887 1323 debui
2922 1267 3030 1323 huc
3081 1269 3285 1331 facere,
3332 1282 3444 1321 non
3489 1264 3621 1319 illos
3671 1280 3798 1319 san-

290 1366 419 1416 ctos
450 1360 732 1414 beneflcio
763 1360 1050 1428 atticiens,
1084 1360 1182 1414 sed
1219 1359 1358 1413 mihi
1393 1359 1676 1430 peccaturi
1711 1357 2019 1413 utilitatem
2046 1360 2314 1415 efferens.
2346 1358 2486 1413 Nam
2521 1358 2560 1413 ii
2595 1375 2827 1431 quoque
2850 1357 2951 1431 qui
2982 1359 3219 1414 Patrum
3251 1357 3417 1412 Vitas
3448 1353 3805 1423 conscripse-

292 1457 453 1516 runt,
485 1449 751 1518 Abrahe,
787 1453 843 1505 et
873 1451 1055 1518 Isaac,
1087 1456 1139 1504 et
1168 1448 1368 1516 Jacob,
1402 1454 1458 1503 et
1488 1451 1723 1520 Moysis,
1753 1453 1810 1503 et
1852 1448 2007 1515 Elite,
2030 1454 2089 1505 et
2123 1448 2391 1513 Joannis,
2420 1453 2477 1503 et
2508 1465 2701 1505 eorum
2738 1449 2837 1520 qui
2868 1449 3139 1521 deinceps
3197 1450 3657 1518 consequuntur,
3691 1458 3805 1500 non

293 1544 612 1596 narrarunt
636 1543 704 1595 ut
732 1554 929 1595 eorum
959 1537 1353 1595 illustraretur
1379 1537 1581 1611 gloria,
1614 1539 1715 1594 sed
1747 1542 1811 1594 ut
1840 1538 2180 1611 prodessent
2209 1537 2282 1595 iis
2313 1539 2415 1612 qui
2450 1554 2546 1596 eas
2576 1538 2852 1610 legerent.

360 1676 496 1733 Haec
527 1691 663 1749 ergo
688 1690 821 1731 cum
848 1675 1022 1743 scias,
1054 1674 1398 1732 ﬁdelissime
1428 1680 1483 1732 et
1506 1675 1771 1748 inprimis
1802 1677 2128 1733 venerande
2165 1676 2378 1733 Christi
2413 1694 2574 1734 serve
2592 1678 2791 1745 Lause,
2814 1678 3069 1750 teipsum
3102 1691 3252 1749 sepe
3282 1677 3628 1739 admonens,
3652 1673 3805 1729 feras

290 1769 583 1841 patienter
615 1771 848 1821 nostras
868 1764 1135 1835 ineptias,
1168 1770 1232 1820 ut
1264 1765 1417 1835 piam
1445 1770 1604 1821 tuam
1642 1771 1895 1822 mentem
1929 1768 2244 1829 custodias,
2279 1767 2592 1823 cuinatura
2621 1773 2711 1824 est
2732 1769 2972 1824 insitum
3006 1776 3067 1822 ut
3096 1768 3338 1823 diversis
3362 1761 3800 1838 vitiis,quaasub

292 1864 594 1927 aspectum
632 1854 852 1911 cadunt
883 1860 940 1910 et
974 1870 1098 1927 quas
1132 1872 1243 1910 non
1277 1856 1516 1921 cadunt,
1542 1861 1817 1926 tanquam
1856 1858 2028 1912 uudis
2052 1858 2327 1928 agitetur,
2362 1862 2545 1927 potest
2576 1865 2766 1914 autem
2798 1859 2990 1913 sedari
3018 1856 3140 1913 sola
3172 1862 3446 1928 perpetua
3466 1856 3727 1911 oratione
3748 1854 3807 1906 et

294 1946 529 2020 propria
569 1946 654 2001 tui
685 1946 873 2017 ipsius
896 1961 1056 2000 cura.
1099 1944 1264 2000 Multi
1298 1945 1451 1999 enim
1475 1944 1647 2000 etiam
1682 1962 1750 2001 ex
1783 1948 2061 2002 fratribus
2090 1948 2259 2018 paulo
2282 1946 2759 2015 religiosioribus,
2792 1950 2890 2019 qui
2923 1954 2980 2003 et
3009 1950 3082 2002 de
3112 1944 3543 2002 exercitationis
3575 1949 3631 1998 et
3659 1941 3809 1998 else-

292 2051 548 2108 musynm
580 2035 881 2091 laboribus
915 2035 1025 2090 sibi
1061 2034 1389 2107 placebant.
1411 2040 1469 2090 et
1491 2036 1560 2089 de
1590 2035 1862 2091 cmlihatu
1898 2038 2257 2108 perfectaque
2299 2043 2356 2092 et
2384 2038 2654 2093 absoluta
2687 2038 3019 2108 virginitate
3049 2053 3110 2092 se
3137 2036 3451 2107 iactabant,
3483 2040 3540 2089 et
3569 2034 3628 2088 in
3658 2031 3805 2087 divi-

292 2141 504 2183 norum
536 2124 901 2197 eloquiorum
936 2126 1314 2180 meditatione
1334 2126 1593 2180 animum
1627 2129 1997 2182 vehementer
2023 2129 2423 2189 intendebant.
2458 2140 2509 2184 et
2544 2144 2735 2184 rerum
2772 2129 3051 2184 bonarum
3084 2126 3394 2198 disciplina
3426 2125 3553 2180 freti
3618 2127 3806 2193 erant,

293 2216 643 2271 aberrarunt
672 2214 745 2270 ab
776 2213 1208 2285 impatibulitate
1234 2215 1427 2286 (Caute
1457 2215 1615 2287 lege),
1650 2222 1965 2272 temerarias
1996 2233 2117 2273 suae
2146 2218 2448 2273 sententiis
2477 2220 2838 2287 servientes;
2875 2223 2937 2273 ut
2967 2219 3063 2287 qui
3105 2218 3350 2289 alicujus
3380 2215 3600 2270 scilicet
3632 2215 3808 2286 pieta-

290 2308 367 2363 tis
398 2316 674 2378 praatexm
709 2306 923 2378 negotii
957 2305 1196 2377 gerendi
1217 2304 1537 2374 cupiditate
1569 2306 1916 2377 laborarent,
1940 2324 2008 2363 ex
2031 2324 2144 2381 qua
2166 2307 2435 2363 oriuntur
2463 2316 2519 2364 et
2550 2309 2786 2380 gerendi
2818 2308 3029 2377 negotii
3058 2308 3249 2362 nimias
3280 2305 3727 2370 sollicitudines,
3750 2307 3809 2359 et

290 2397 362 2453 ad
398 2397 553 2452 mala
573 2397 803 2469 negotia
825 2396 1004 2451 animi
1020 2394 1464 2467 applicationoe,
1487 2413 1629 2468 quas.
1646 2404 2084 2469 consequuntur
2105 2415 2253 2454 curae
2272 2398 2595 2454 alienorum
2621 2398 2985 2471 negotiorum
3001 2414 3127 2471 quas
3148 2397 3529 2454 honestorum
3550 2393 3806 2467 negotio-

292 2502 422 2544 rum
456 2502 659 2542 curam
692 2486 949 2543 evellunt
979 2485 1283 2553 radicitus,
1318 2502 1443 2557 quae
1464 2491 1553 2542 est
1585 2494 1766 2542 mater
1796 2488 2038 2559 proprias
2061 2488 2151 2543 sui
2184 2489 2370 2560 ipsius
2403 2505 2576 2546 curat.

368 2626 507 2683 Esto
536 2640 696 2699 ergo,
730 2640 867 2698 rogo
898 2628 975 2690 te,
1011 2623 1172 2680 fortis
1202 2623 1259 2679 in
1290 2624 1450 2679 omni
1484 2623 1889 2696 intelligentia,
1922 2642 2036 2680 non
2066 2625 2309 2697 pingues
2335 2626 2618 2683 etnitidas
2648 2627 2908 2683 efficiens
2939 2625 3191 2693 divitias,
3214 2624 3373 2697 quod
3402 2622 3635 2694 quidem
3658 2623 3813 2676 certe

292 2714 509 2784 fecisti,
540 2732 638 2772 eas
670 2716 814 2772 satis
836 2715 1129 2781 minuens,
1162 2714 1547 2786 impertiendo
1578 2715 1650 2771 iis
1672 2718 1771 2785 qui
1802 2715 2105 2785 indigent:
2141 2733 2339 2787 eaeque
2359 2718 2429 2772 ad
2462 2718 2839 2773 exercendam
2871 2716 3141 2771 virtutem
3167 2714 3269 2769 tibi
3291 2715 3448 2768 fuere
3468 2709 3814 2776 ministerio,

292 2823 429 2863 cum
465 2822 570 2863 neu
600 2807 817 2876 impetu
847 2804 1066 2876 aliquo,
1097 2820 1204 2861 nec
1237 2804 1354 2860 ulla
1384 2821 1505 2876 qum
1537 2806 1757 2860 ratione
1777 2810 1996 2862 careret
2024 2805 2461 2877 anticipatione,
2496 2822 2683 2878 neque
2716 2805 2833 2861 ullo
2867 2810 3140 2874 prmtextu
3199 2819 3309 2875 quo
3343 2802 3602 2875 placeres
3625 2798 3813 2855 homi-

289 2895 889 2966 nibus.jurejurando
911 2894 1232 2965 obligasses
1261 2898 1419 2948 tuam
1452 2892 1694 2949 liberam
1725 2894 1975 2965 eligendi
2004 2894 2375 2961 voluntatem,
2404 2896 2557 2951 sicut
2588 2896 2786 2951 multis
2812 2895 3003 2951 evenit
3028 2893 3504 2964 buminibus,qui
3536 2906 3671 2947 cum
3697 2905 3813 2945 non

292 2983 622 3042 comedenti
653 2985 737 3040 vel
773 2984 1005 3039 bibendi
1040 2984 1418 3039 contentiosa:
1443 3000 1599 3037 vana
1630 2984 1827 3055 gloriae
1846 2984 2061 3040 servire
2093 2986 2372 3041 fecissent
2400 2985 2646 3039 liberum
2674 2986 3003 3047 arbitrium,
3036 2983 3380 3039 necessitate
3402 2978 3812 3051 jurisjurandi,

290 3077 344 3134 ei
376 3092 587 3132 rursus
616 3073 1029 3130 miserabiliter
1058 3073 1516 3141 succubuerunt,
1538 3072 1624 3128 vel
1658 3076 1783 3128 vitas
1814 3089 2010 3128 amore
2038 3079 2095 3129 et
2114 3073 2365 3145 ignavia,
2388 3073 2475 3129 vel
2509 3073 2908 3129 imbecillitate
2936 3076 3221 3143 corporis,
3252 3072 3338 3126 vel
3367 3070 3685 3141 cupiditate
3714 3066 3813 3120 ali-

295 3169 466 3236 cujus
500 3164 817 3238 voluptatis
847 3164 1165 3236 perjurium
1200 3164 1503 3233 patientes.
1533 3162 1588 3216 Si
1609 3178 1744 3234 ergo
1791 3168 1850 3218 et
1898 3162 2115 3218 ratione
2176 3162 2509 3233 participes,
2572 3169 2631 3218 et
2676 3161 2895 3218 ratione
2944 3161 3261 3228 abstineas,
3320 3174 3619 3227 nunquam
3678 3172 3813 3226 pec-

292 3257 478 3313 cabis.
516 3256 718 3312 Divina
747 3259 835 3310 est
890 3253 1044 3311 enim
1078 3253 1137 3308 in
1189 3252 1359 3308 nobis
1404 3254 1571 3316 ratio,
1604 3268 1733 3322 quis
1771 3253 1843 3308 ab
1885 3252 1957 3308 iis
1989 3269 2114 3323 quia
2145 3258 2282 3307 sunt
2338 3252 2397 3308 in
2458 3252 2626 3308 nobis
2691 3252 3114 3307 monitionibus
3172 3248 3519 3305 exterminat
3573 3246 3810 3317 quidem

294 3363 360 3404 ea
392 3363 518 3415 qua
550 3352 689 3400 sunt
712 3343 903 3407 noxia,
936 3342 1188 3398 assumit
1223 3347 1413 3399 autem
1447 3358 1515 3398 ea
1534 3358 1662 3414 quas
1693 3342 2040 3398 suntutilia.
2063 3343 2223 3398 Justo
2239 3341 2418 3405 enim,
2444 3341 2655 3413 inquit,
2691 3343 2779 3397 lex
2811 3357 2925 3396 non
2947 3350 3029 3396 est
3064 3339 3250 3409 posita
3282 3338 3328 3410 (ι
3358 3337 3491 3393 Tim.
3515 3338 3580 3408 ι).
3604 3334 3813 3390 Melius

300 3442 392 3493 est
416 3452 552 3505 ergo
580 3434 782 3489 vinum
816 3433 1011 3488 bibere
1044 3448 1173 3487 cum
1209 3434 1451 3494 ratione,
1484 3448 1647 3501 quam
1692 3448 1903 3504 aquam
1959 3448 2092 3487 cum
2132 3433 2285 3487 fastu
2340 3442 2392 3488 et
2430 3430 2724 3504 superbia.
2758 3436 2948 3503 Atque
2992 3429 3133 3486 mihi
3167 3428 3395 3499 quidem
3453 3426 3670 3499 aspice,
3701 3440 3801 3480 eos

294 3525 400 3599 qui
432 3540 567 3582 cum
603 3523 823 3579 ratione
856 3522 1085 3595 pietatis
1143 3537 1207 3576 ac
1240 3521 1539 3591 religionis
1587 3521 1788 3577 vinum
1848 3520 2060 3577 bibunt
2110 3537 2238 3578 esse
2268 3522 2421 3579 viros
2480 3528 2752 3590 sanctus;
2786 3537 2885 3577 eos
2923 3527 3115 3577 autem
3149 3518 3246 3589 qui
3294 3517 3721 3574 inconsiderate
3748 3518 3807 3569 et

294 3617 437 3673 citra
468 3616 752 3671 rationem
784 3629 915 3669 cum
948 3612 1281 3684 arrogantia
1308 3628 1516 3680 aquam
1541 3610 1832 3678 biberunt,
1865 3627 1995 3668 esse
2024 3610 2292 3668 homines
2326 3617 2594 3683 profanos
2622 3616 2679 3667 et
2699 3616 3023 3679 corruptos.
3057 3610 3124 3666 Et
3156 3625 3261 3666 nec
3292 3607 3546 3681 amplius
3581 3605 3809 3676 vitupe-

297 3722 392 3763 res
424 3710 527 3762 aut
549 3705 751 3761 laudes
783 3703 1085 3759 materiam
1119 3702 1228 3757 cibi
1262 3707 1362 3757 aut
1389 3706 1583 3773 potus,
1616 3703 1714 3756 sed
1751 3701 1979 3757 beatam
2012 3701 2098 3757 vel
2132 3703 2408 3757 miseram
2436 3703 2667 3772 judices
2700 3707 2953 3757 mentum
2977 3716 3176 3757 eorum
3210 3698 3311 3773 qui
3344 3709 3495 3756 recte
3545 3694 3633 3753 vel
3666 3693 3818 3751 male

296 3801 553 3854 utuntur
582 3792 843 3850 materia.
875 3792 1029 3849 Bibit
1057 3790 1370 3863 aliquando
1395 3790 1613 3860 Joeeph
1644 3790 1844 3845 vinum
1873 3791 2023 3860 apud
2058 3792 2375 3860 Egyptios,
2410 3794 2503 3847 sed
2538 3808 2653 3847 non
2686 3791 2791 3846 fuit
2823 3797 3015 3846 mente
3055 3790 3264 3857 laesus;
3298 3794 3419 3843 erat
3447 3787 3600 3843 enim
3625 3785 3817 3841 animo

301 3887 588 3943 munitus.
622 3886 847 3958 Aquam
882 3890 1076 3938 autem
1111 3881 1384 3937 biberunt
1424 3879 1778 3952 Pythagoras
1808 3883 1864 3933 et
1911 3879 2197 3951 Diogenes
2246 3885 2303 3936 et
2330 3881 2512 3949 Plato,
2563 3880 2709 3935 inter
2738 3896 2887 3952 quos
2921 3879 3092 3933 etiam
3125 3876 3427 3934 Manicbzei
3467 3881 3525 3931 et
3556 3875 3813 3942 reliquus

298 3983 487 4034 ccetus
519 3973 913 4039 theologorum
944 3969 1449 4044 philosophorum.
1483 3974 1539 4024 et
1569 3985 1634 4023 eu
1663 3984 1825 4024 vanis
1856 3984 1954 4024 eos
1986 3969 2253 4039 perduxit
2282 3968 2574 4040 opinionis
2605 3968 3071 4039 intemperantia,
3106 3972 3169 4022 ut
3215 3967 3407 4038 ipsum
3440 3966 3624 4021 Deum
3673 3962 3813 4017 uni-

297 4080 607 4123 versorum
638 4063 964 4118 etl'ectorem
997 4062 1351 4132 ignorarent,
1382 4058 1720 4113 etinanima
1748 4057 2060 4113 simulacra
2091 4059 2416 4115 adorarent.
2454 4062 2633 4115 Usum
2655 4059 2771 4113 vini
2803 4058 3121 4129 tetigerunt
3166 4056 3205 4111 ii
3237 4070 3490 4129 quoque,
3541 4052 3642 4125 qui
3675 4067 3811 4108 cum

304 4156 477 4212 beato
500 4154 669 4211 Petro
702 4151 969 4225 apostolo
999 4156 1167 4207 erant
1195 4148 1494 4221 discipuli,
1524 4147 1667 4203 adeo
1699 4157 1756 4202 ut
1788 4148 1896 4219 ipsi
1931 4147 2176 4204 Domino
2203 4153 2476 4205 eteorum
2532 4150 2831 4221 magistro,
2890 4148 3157 4204 omnium
3215 4151 3409 4202 autem
3441 4142 3723 4201 Servaturi
3756 4141 3817 4197 id

303 4245 518 4319 probro
551 4244 785 4300 daretur
808 4241 1040 4313 (Matth.
1084 4241 1189 4311 xx).
1223 4241 1294 4296 ob
1332 4237 1838 4310 participationem
1872 4238 2304 4309 increpantibus
2334 4239 2577 4307 Judasis,
2600 4237 3000 4295 etdicentibus
3033 4252 3047 4293 :
3081 4241 3269 4304 Quare
3298 4234 3570 4304 discipuli
3591 4233 3676 4289 tui
3700 4249 3815 4288 non

293 4336 592 4409 jejuuant,
626 4333 780 4389 sicut
806 4332 1051 4389 Joannis
1081 4328 1353 4402 discipuli
1384 4329 1564 4400 (πιανέ.
1601 4327 1707 4398 tt)?
1738 4328 1801 4384 Et
1832 4344 2033 4384 rursus
2065 4328 2430 4385 insultabant
2459 4327 2784 4398 discipulis,
2815 4333 2872 4383 et
2892 4326 3309 4398 eaprobrantes
3341 4324 3612 4380 dicebant
3630 4322 3816 4378 incre-

301 4424 428 4482 duli
463 4440 478 4480 :
514 4424 783 4494 Magister
814 4429 1004 4479 vester
1031 4438 1162 4477 cum
1198 4420 1531 4493 publicanis
1555 4424 1611 4474 et
1639 4418 2037 4488 peccatoribus
2067 4420 2317 4475 comedit
2346 4425 2403 4475 et
2424 4418 2570 4475 bibit
2602 4420 2778 4489 (Lucae
2806 4419 2879 4491 v).
2920 4420 2997 4475 De
3029 4434 3176 4489 pane
3204 4422 3395 4472 autem
3427 4424 3481 4472 et
3511 4431 3665 4486 aqua
3699 4430 3814 4470 non

301 4513 846 4586 reprehendissent,
879 4511 992 4569 nisi
1022 4512 1094 4567 de
1113 4510 1354 4568 obsonio
1385 4516 1443 4566 et
1467 4509 1601 4565 vino
1633 4508 1873 4576 scilicet,
1907 4509 1945 4564 ii
1978 4510 2077 4580 qui
2100 4509 2216 4565 vini
2251 4509 2482 4578 quidem
2517 4511 2807 4582 potionem
2841 4509 3191 4577 vituperant,
3216 4496 3379 4579 aqua
3410 4521 3543 4563 vero
3575 4503 3816 4560 laudant

299 4609 363 4662 et
390 4604 775 4661 admirantur.
796 4602 1120 4674 Respondet
1150 4606 1345 4657 autem
1378 4600 1648 4656 Servatur
1671 4600 1929 4669 pulchre,
1963 4599 2164 4654 dicens
2197 4614 2211 4654 :
2248 4598 2419 4655 Venit
2463 4600 2718 4656 Joannes
2752 4600 2809 4653 in
2850 4599 2940 4655 via
2961 4598 3228 4670 justitim,
3263 4610 3453 4666 neque
3482 4595 3819 4657 comedens,

302 4710 412 4752 nec
442 4693 667 4763 bibens,
699 4707 934 4749 carnem
968 4690 1191 4748 scilicet
1217 4696 1275 4746 et
1302 4691 1527 4751 vinum,
1563 4703 1696 4742 nam
1730 4690 1953 4758 absque
1982 4687 2114 4744 aliis
2147 4705 2260 4745 non
2294 4689 2580 4761 potuisset
2611 4688 2818 4756 vivere,
2848 4695 2904 4745 et
2952 4688 3155 4743 dicunt
3185 4703 3199 4743 :
3234 4686 3594 4742 flamonium
3626 4684 3817 4744 habet.

300 4782 477 4842 Venit
506 4782 689 4839 Filius
722 4782 977 4839 hominis
1006 4780 1320 4837 comedens
1349 4783 1407 4836 et
1439 4778 1661 4845 bibens,
1695 4782 1753 4832 et
1782 4776 1985 4833 dicunt
2018 4794 2031 4833 :
2067 4782 2206 4833 Ecce
2238 4779 2411 4835 homo
2441 4796 2613 4835 vorax
2646 4787 2699 4835 et
2730 4779 2848 4834 vini
2882 4782 3069 4849 potor,
3103 4776 3329 4832 amicus
3380 4773 3819 4846 publicanorum

303 4878 366 4932 et
396 4877 764 4947 peccatorum
796 4871 1000 4944 (Matth.
1033 4871 1137 4942 ιι),
1164 4876 1466 4941 propterea
1496 4867 1647 4938 quod
1681 4866 1945 4922 comedat
1974 4875 2029 4922 et
2061 4867 2237 4925 bibat.
2284 4867 2431 4936 Quid
2467 4885 2570 4925 nos
2611 4884 2748 4941 ergo
2801 4865 3123 4924 faciemus?
3172 4865 3285 4922 Nec
3314 4879 3413 4921 eos
3460 4862 3558 4933 qui
3592 4862 3823 4933 vitupe-

301 4973 430 5020 rant
453 4978 794 5034 sequamnr,
826 4977 929 5016 nec
958 4976 1057 5016 eas
1088 4960 1185 5033 qui
1215 4958 1477 5014 laudant.
1513 4955 1623 5012 Sed
1662 4955 1747 5011 vel
1775 4972 1909 5011 cum
1938 4957 2158 5012 Joanne
2192 4958 2412 5013 ratione
2434 4959 2798 5028 jejunemus,
2832 4959 3006 5013 etiam
3040 4956 3084 5010 si
3115 4955 3287 5011 nobis
3351 4954 3548 5009 dicant
3586 4951 3769 5009 Judaei
3810 4969 3822 5007 :

299 5053 668 5111 Damonium
704 5051 928 5107 habetis
954 5093 968 5119 ,
1000 5049 1086 5106 vel
1121 5066 1255 5106 cum
1286 5048 1425 5106 Jesu
1458 5047 1753 5111 sapienter
1772 5048 1969 5101 vinum
1999 5046 2286 5113 bibamus,
2318 5048 2366 5102 si
2399 5064 2612 5117 corpus
2671 5048 2941 5119 indigeat,
2975 5047 3151 5102 etiam
3210 5044 3259 5101 si
3292 5044 3459 5099 nobis
3523 5042 3772 5100 dixerint
3803 5057 3817 5097 :

305 5143 454 5201 Ecce
483 5141 753 5199 homines
783 5157 1018 5197 voraces
1050 5145 1106 5195 et
1135 5140 1249 5195 vini
1288 5145 1536 5203 potores.
1572 5140 1773 5208 Neque
1803 5135 1957 5190 enim
1993 5151 2184 5190 revera
2214 5153 2343 5191 esca
2392 5143 2480 5192 est
2524 5137 2769 5211 aliquid,
2819 5154 2924 5193 nec
2960 5146 3149 5209 putus,
3209 5135 3305 5190 sed
3369 5135 3512 5190 fides
3568 5149 3691 5204 quae
3725 5148 3823 5203 per

304 5233 655 5289 charitatem
687 5230 1018 5288 extenditur
1048 5231 1342 5301 operibus.
1378 5228 1521 5284 Cum
1556 5228 1713 5282 enim
1746 5241 1982 5281 omnem
2007 5226 2289 5282 actionem
2326 5226 2467 5282 fides
2491 5229 2659 5284 fuerit
2690 5234 3021 5291 consecuta,
3056 5226 3435 5283 condemnari
3480 5241 3592 5281 non
3642 5226 3825 5293 potest

300 5324 405 5397 qui
432 5322 689 5380 comedit
715 5330 773 5377 et
803 5322 969 5389 bibit,
1005 5332 1233 5390 prapter
1260 5319 1458 5375 tidem.
1490 5315 1782 5388 Quidquid
1816 5312 1971 5370 enim
2009 5332 2119 5370 non
2143 5321 2329 5373 estex
2361 5317 2492 5381 fide,
2530 5324 2828 5388 peccatum
2862 5318 3308 5389 est(Rom.xv1).
3342 5316 3447 5373 Sed
3472 5312 3825 5389 quandoali-

302 5414 442 5487 quis
467 5431 537 5472 ex
559 5412 959 5484 voluptuariis,
1003 5411 1086 5467 vel
1114 5427 1181 5466 ex
1214 5410 1284 5464 iis
1316 5408 1416 5480 qui
1448 5406 1749 5480 quudtzbet
1778 5403 1934 5459 aliud
1971 5411 2229 5475 peccant,
2263 5405 2430 5463 dicit:
2466 5407 2601 5462 Fide
2634 5407 2935 5479 participo,
2968 5407 3056 5463 vel
3087 5406 3307 5480 aliquid
3330 5405 3488 5461 aliud
3521 5420 3644 5471 ago.
3669 5419 3703 5459 a
3732 5420 3820 5460 ra-

300 5504 466 5560 tione
490 5502 682 5561 aliena
711 5502 1049 5575 cupiditate,
1084 5499 1167 5555 vel
1202 5502 1480 5569 corrupta
1528 5494 1888 5551 conscientia
1916 5492 2178 5550 innitens
2210 5496 2362 5565 fidei,
2423 5496 2654 5553 labitur.
2690 5498 2962 5555 Servatur
2992 5497 3147 5554 enim
3171 5496 3460 5566 distinxit,
3492 5494 3693 5551 dicens
3726 5509 3739 5548 :
3782 5495 3828 5548 Α

300 5593 597 5650 fructibus
636 5594 898 5666 ipsorum
930 5589 1292 5663 cognoscetis
1324 5604 1422 5644 eos
1455 5586 1666 5658 (.lfatth.
1699 5588 1823 5653 vn).
1862 5584 2024 5650 Quod
2059 5595 2251 5642 autem
2303 5586 2524 5645 fructus
2550 5604 2752 5645 eorum
2804 5588 2903 5660 qui
2963 5587 3157 5644 divina
3206 5589 3424 5644 ratione
3455 5586 3628 5641 vitam
3662 5581 3825 5638 insti-

307 5687 462 5742 nunt
485 5688 541 5741 et
570 5683 822 5758 spiritali
846 5679 1249 5754 intelligentia,
1282 5677 1380 5746 sit,
1411 5693 1479 5737 ex
1508 5676 1687 5735 divini
1718 5674 1977 5748 Apostoli
2027 5676 2340 5749 sententia,
2373 5678 2649 5751 charitas,
2696 5683 2754 5738 et
2784 5678 3083 5751 gaudium,
3112 5682 3170 5735 et
3199 5694 3333 5750 pax,
3382 5686 3441 5737 et
3479 5668 3847 5779 longaqu-
