4100 6204
312 250 469 328 1007
1891 267 2257 331 PALLADII
3668 271 3833 333 toos

307 401 420 466 tas,
452 397 808 471 benignitas,
841 399 1090 467 bonitas,
1126 400 1714 471 ﬂdes,mansuetudo,
1747 402 2383 469 continentia,castitas
2414 400 2565 473 (Gal.
2598 403 2676 473 v),
2710 405 2798 457 est
2826 404 2987 457 extra
3016 401 3493 460 controversiam.
3518 404 3647 475 Ipse
3662 406 3827 464 enim

303 487 448 543 dixit
474 488 680 543 beatus
716 489 969 545 Paulus:
1009 491 1253 546 Fructus
1279 504 1471 548 autem
1504 496 1755 563 Spiritus
1784 499 1873 548 est
1904 493 2011 548 hoc
2043 498 2098 546 et
2132 492 2259 548 hoc.
2293 493 2452 556 Quod
2488 499 2682 547 autem
2726 492 2824 562 qui
2880 492 3078 546 studet
3134 490 3281 546 tales
3314 493 3525 548 habere
3586 495 3836 562 fructus,

306 579 451 633 citra
481 581 763 634 rationem
804 587 905 634 aut
935 581 1381 647 inconsiderate,
1415 596 1511 636 aut
1542 584 1939 647 intempestive
1976 599 2087 636 non
2121 582 2384 636 comedet
2428 598 2653 649 carnes,
2689 598 2795 636 nec
2824 581 2981 636 hibet
3040 584 3262 645 vinum,
3295 598 3484 650 neque
3540 600 3672 639 cum
3709 585 3833 641 ulla

306 668 1217 726 malacohabitabitconscientia.
1244 671 1466 727 Rursus
1483 674 1789 728 dixitidem
1810 674 2010 727 beatus
2044 672 2504 727 Paulus:0mnis
2525 672 2623 742 qui
2650 678 2827 725 certat
2856 672 3213 725 aliomnibus
3236 672 3487 726 abstinet
3511 675 3558 743 (I
3586 674 3707 728 Cor.
3731 677 3836 743 ix).

304 759 440 814 Cum
475 776 615 813 sana
647 761 882 830 quidem
915 766 1003 815 est
1033 777 1187 827 caro,
1224 761 1527 817 obstinens
1557 764 1628 816 ab
1661 764 1731 818 iis
1773 780 1898 833 quae
1934 762 2404 833 pinguel‘aciunt;
2443 763 2590 829 quod
2629 761 2676 814 si
2710 762 2785 814 sit
2814 779 2965 832 aegra
2996 762 3083 815 vel
3120 778 3363 816 maerore
3411 766 3690 831 confecta,
3738 764 3836 820 vel

306 851 500 923 aliquo
530 868 669 905 casu
693 851 929 914 alﬂicta,
962 857 1101 907 tunc
1126 859 1322 906 utetur
1347 853 1578 923 quidem
1604 853 1688 907 vel
1722 854 1848 908 cibo
1885 852 1970 922 pel
2002 854 2229 923 potione
2265 859 2360 907 tan
2384 869 2538 916 tuam
2572 852 3015 916 medicamento,
3044 852 3110 906 ad
3135 868 3200 903 ea
3246 851 3498 907 curanda
3523 870 3647 915 quas
3697 871 3841 909 rno-

309 940 536 995 lestiam
572 940 841 995 aﬂ‘erunt.
876 942 1203 996 Abstinebit
1233 947 1425 997 autem
1459 943 1530 996 ab
1558 943 1630 998 iis
1661 960 1780 1013 quae
1814 948 1951 997 sunt
1973 943 2179 998 animae
2206 942 2395 1009 noxia,
2430 942 2514 996 ira
2543 948 2601 997 et
2640 941 2876 1007 invidia,
2911 958 3054 997 vana
3102 941 3307 1012 gloria,
3370 944 3609 999 tristitia
3638 950 3697 1000 et
3728 950 3836 1000 deo

316 1030 616 1097 tractione,
651 1032 919 1100 superbia
950 1035 1006 1084 et
1035 1032 1302 1098 elatione,
1344 1033 1452 1086 Deo
1482 1049 1661 1103 agens
1694 1033 1930 1103 gratias.

379 1120 521 1174 Cum
555 1120 626 1173 de
660 1120 749 1173 his
779 1119 972 1188 itaque
1004 1119 1141 1173 satis
1173 1119 1576 1182 disseruerim,
1610 1127 1719 1174 tuas
1752 1138 1954 1175 rursus
1983 1120 2261 1174 docilitati
2311 1120 2486 1174 aliam
2521 1121 2694 1175 affero
2728 1119 3213 1175 adhortationem.
3252 1120 3413 1192 Fuge
3449 1138 3549 1191 pro
3602 1123 3839 1180 viribus

303 1223 503 1263 eorum
538 1207 793 1261 virorum
826 1210 1269 1277 congressiones
1301 1209 1395 1277 qui
1432 1208 1653 1263 nullam
1692 1210 1908 1263 habent
1967 1210 2300 1270 utilitatem,
2352 1214 2407 1263 et
2469 1210 2676 1280 pellem
2722 1215 3007 1264 exornant
3067 1209 3233 1263 aliter
3290 1226 3467 1281 quam
3511 1213 3831 1268 conveniat

300 1296 524 1351 etiamsi
557 1297 675 1351 sint
706 1295 1026 1364 orthodoxi,
1061 1314 1174 1351 non
1210 1296 1401 1351 solum
1430 1297 1700 1366 haaretici,
1732 1304 1785 1353 et
1820 1298 2039 1353 laedunt
2072 1298 2382 1370 hypocrisi,
2418 1299 2648 1354 etiamsi
2680 1315 2823 1353 cano
2857 1301 3043 1370 capite
3075 1308 3127 1352 et
3159 1307 3461 1369 corrugata
3486 1301 3674 1356 fronte
3708 1320 3821 1371 prae

300 1401 359 1441 se
390 1385 580 1440 ferant
610 1384 1034 1456 longitudinem
1069 1386 1525 1455 temporis.Nam
1561 1393 1624 1441 ut
1657 1393 1889 1458 propter
1922 1404 2109 1442 mores
2143 1404 2455 1459 generosos
2488 1390 2557 1442 ab
2592 1389 2671 1444 eis
2704 1388 2849 1443 nihil
2880 1388 3130 1456 laedaris,
3156 1388 3209 1442 id
3227 1397 3382 1445 certe
3411 1392 3560 1460 quod
3599 1391 3831 1448 videtur

301 1491 427 1531 esse
458 1475 767 1529 minimum
800 1481 854 1529 te
872 1474 1172 1529 sauciabit.
1212 1476 1473 1531 Insolens
1505 1477 1660 1531 enim
1695 1478 1977 1543 redditus,
2010 1482 2204 1533 animo
2234 1477 2508 1543 ell'ereris,
2544 1495 2640 1533 eos
2682 1478 2950 1533 irridens.
3014 1478 3172 1541 Quod
3208 1479 3448 1549 quidem
3500 1480 3605 1535 tibi
3638 1482 3829 1536 detri-

303 1570 566 1620 mentum
600 1566 816 1633 atl‘eret,
851 1564 1033 1635 utqui
1064 1565 1119 1617 in
1155 1566 1491 1636 superbiam
1549 1566 1843 1621 incideris.
1903 1568 2087 1638 Super
2120 1568 2373 1622 lucidam
2435 1573 2628 1623 autem
2692 1569 3000 1623 fenestram
3037 1585 3387 1640 persequere
3445 1576 3501 1625 et
3558 1571 3821 1628 virorum

301 1661 357 1710 et
386 1654 699 1710 mulierum
732 1658 966 1709 sanctas
994 1654 1463 1725 congressiones,
1496 1661 1560 1710 ut
1591 1674 1689 1725 per
1721 1672 1921 1713 eorum
1952 1658 2126 1712 veluti
2160 1657 2449 1712 subtiliter
2480 1659 2759 1729 scriptum
2796 1658 3012 1713 librum
3049 1661 3238 1727 possis
3270 1669 3439 1715 tuum
3472 1677 3568 1716 cor
3624 1667 3822 1731 aperte

297 1745 508 1812 videre,
530 1749 587 1798 et
610 1760 709 1816 per
737 1743 1103 1800 collationem
1138 1746 1380 1815 probare
1409 1745 1738 1801 socordiam
1772 1752 1931 1802 tuam
1951 1746 2036 1802 vel
2068 1747 2455 1817 diligentiam.
2496 1747 2679 1802 Multa
2708 1747 2865 1802 enim
2894 1753 3029 1804 sunt
3067 1765 3198 1819 quae
3231 1749 3499 1817 probitati
3528 1751 3722 1806 ferunt
3747 1758 3828 1807 te-

297 1835 640 1890 stimonium
675 1850 689 1889 :
724 1832 882 1888 color
912 1833 1105 1889 vultus
1137 1834 1237 1905 qui
1268 1834 1327 1889 in
1359 1851 1421 1888 ea
1452 1836 1567 1891 vita
1596 1851 1726 1905 qua:
1757 1836 1989 1906 degitur
2018 1836 2351 1904 efﬂorescit,
2402 1842 2461 1890 et
2493 1846 2739 1892 vestium
2774 1849 3035 1902 ornatus,
3090 1846 3143 1891 et
3177 1854 3365 1893 mores
3398 1841 3734 1910 compositi,
3765 1847 3827 1896 et

297 1923 582 1979 modestia
611 1924 910 1993 orationis,
940 1932 993 1978 et
1022 1925 1198 1977 verba
1230 1939 1342 1978 non
1402 1925 1692 1993 exquisita
1722 1925 2062 1991 etaffeciata,
2113 1928 2344 1989 elegans
2376 1926 2686 1987 sententia,
2723 1928 2966 1995 cogitata
3026 1942 3308 1998 sensaque
3360 1929 3671 1997 sapientia.
3709 1929 3824 1984 Do-

295 2013 487 2068 minus
516 2018 708 2067 autem
741 2015 895 2067 vires
925 2012 1085 2067 dabit
1115 2019 1225 2066 ture
1256 2014 1711 2076 mansuetudini,
1744 2024 1795 2068 et
1828 2014 2093 2069 erunibus
2122 2015 2219 2085 qui
2253 2025 2580 2084 sequuntur
2611 2031 2855 2084 scopum
2904 2015 3156 2085 pietatis,
3190 2016 3418 2070 etiamsi
3467 2016 3553 2070 vel
3590 2019 3820 2074 desidia

292 2102 378 2158 vel
411 2119 545 2157 casu
578 2101 797 2167 aliquid
832 2101 1124 2157 acciderit.
1160 2102 1427 2156 Amictus
1456 2102 1631 2167 enim,
1652 2108 1710 2157 et
1736 2118 1973 2174 gressus
2005 2103 2189 2173 pedis,
2220 2110 2277 2157 et
2308 2106 2461 2158 risus
2493 2106 2756 2160 dentium
2790 2105 3169 2159 annuntiabit
3198 2108 3267 2158 de
3297 2105 3441 2173 ipso,
3481 2112 3544 2161 ut
3575 2108 3653 2162 ait
3688 2109 3828 2163 Pro-

293 2194 489 2248 verbiu
503 2210 555 2248 tn
587 2192 803 2264 (Eccles.
844 2193 929 2264 ι).

368 2283 657 2355 Incipiens
684 2283 883 2355 itaque
926 2283 1027 2337 tibi
1061 2299 1295 2339 narrare
1318 2283 1493 2337 vitam
1527 2285 1829 2337 santorum
1874 2283 2126 2351 Patrum,
2164 2300 2349 2353 neque
2400 2300 2497 2339 eos
2544 2284 2642 2355 qui
2670 2289 2804 2339 sunt
2836 2284 2891 2339 in
2925 2284 3187 2350 urbibus,
3213 2282 3298 2338 vel
3334 2285 3498 2353 vicis,
3533 2285 3620 2340 vel
3676 2304 3821 2357 spe-

299 2373 505 2433 luncis,
538 2371 623 2428 vel
654 2371 1069 2427 solitudinibus
1102 2372 1198 2427 tibi
1231 2372 1433 2440 ignoti,
1468 2370 1897 2440 pratermittam
1932 2374 2217 2438 oratione;
2250 2372 2527 2441 adiiciens
2549 2389 2649 2428 eos
2680 2380 2852 2429 etiam
2887 2374 2983 2445 qui
3018 2380 3157 2427 sunt
3189 2374 3245 2428 in
3278 2375 3571 2429 cmuobiis.
3606 2375 3828 2447 Neque

294 2461 447 2518 enim
479 2462 640 2519 locus
663 2456 943 2533 q‘reritur
971 2460 1028 2516 in
1060 2477 1175 2532 quo
1205 2477 1266 2516 se
1290 2467 1441 2517 recte
1469 2465 1527 2514 et
1554 2476 1621 2516 ex
1651 2461 1865 2517 virtute
1894 2469 2217 2532 gesserunt,
2248 2462 2351 2517 sed
2386 2462 2591 2517 modus
2622 2469 2788 2519 recte
2822 2477 3025 2518 eorum
3058 2463 3475 2532 institutionis,
3500 2479 3600 2535 por
3630 2480 3821 2535 quam

298 2549 512 2606 Christi
544 2550 757 2607 auxilio
786 2550 963 2606 vitam
993 2554 1238 2621 egerunt
1268 2549 1616 2620 angelicam.

858 3175 1093 3236 CAPUT
1114 3176 1423 3234 PRIMUM.

522 3305 647 3359 Vita
675 3303 880 3360 [sideri
907 3303 982 3375 (1)
1024 3302 1329 3375 presbyteri
1363 3305 1413 3358 et
1440 3303 1757 3359 xenodochi.

359 3450 497 3504 Cum
531 3464 666 3519 ergo
700 3448 951 3515 primum
983 3447 1258 3502 venissem
1295 3448 1349 3501 in
1387 3447 1827 3503 Alexandrinam
1861 3447 1991 3502 civi-

290 3542 489 3602 tatem,
522 3538 779 3591 secundo
811 3534 1439 3592 consulatuTheodusii
1463 3539 1652 3602 magni
1679 3541 1987 3606 imperato-

289 3626 388 3693 ris,
412 3630 511 3695 qui
547 3635 777 3695 pr0pter
798 3642 958 3679 suam
988 3639 1196 3681 rectam
1229 3626 1284 3679 in
1320 3626 1613 3681 Christum
1644 3627 1808 3681 ﬁdem
1838 3645 1990 3681 nunc

283 3723 372 3770 est
410 3732 541 3768 cum
568 3715 812 3785 angelis,
849 3730 901 3768 lu
940 3719 1065 3785 ipsa
1104 3717 1340 3771 ciVItate
1378 3716 1553 3770 incidi
1583 3717 1639 3771 in
1664 3717 1981 3787 quemdam

285 3806 472 3859 virum
506 3804 940 3873 admirandum,
974 3810 1031 3859 et
1061 3807 1217 3860 omni
1251 3822 1320 3860 ex
1362 3810 1518 3875 parte
1548 3813 1840 3868 ornatum,
1864 3824 1990 3862 ser-

286 3910 459 3947 mone
502 3895 784 3955 moribus,
819 3903 871 3948 et
929 3894 1194 3963 scientia,
1256 3911 1463 3965 nempe
1521 3895 1823 3957 Isidorum.
1887 3898 1988 3968 qui

284 3991 403 4039 erat
432 3989 487 4039 et
522 3984 817 4056 presbyter
874 3989 929 4039 et
963 3984 1328 4040 xenodochus
1368 3983 1772 4039 Alexandrinas
1804 3988 1988 4041 eccle—

287 4075 405 4128 sie.
442 4074 491 4130 Is
522 4076 822 4130 dicebatur
854 4075 1040 4145 prima
1071 4076 1306 4144 quidem
1335 4076 1640 4143 juventute
1674 4093 1905 4131 versans
1931 4080 1983 4131 in

287 4165 621 4232 solitudine,
659 4166 949 4237 peregisse
980 4166 1299 4219 certamina
1331 4165 1777 4222 exercitationis.
1811 4170 1988 4235 Cujus

288 4256 458 4311 etiam
483 4255 685 4309 cellam
713 4256 826 4308 vidi
850 4272 953 4325 ego
987 4257 1041 4308 in
1071 4263 1264 4310 monte
1291 4254 1484 4312 Nitriae
1520 4257 1768 4311 :oil‘endi
1796 4271 1985 4311 awem

289 4363 419 4402 eum
455 4361 642 4400 senem
676 4346 1043 4412 septuaginta
1091 4362 1275 4400 annos
1308 4354 1548 4414 natum;
1583 4348 1682 4418 qui
1724 4364 1850 4401 cum
1906 4348 1988 4402 vi-

288 4436 468 4492 xisset
496 4436 636 4489 alios
668 4434 999 4505 quindecim
1036 4452 1240 4501 annos,
1273 4437 1328 4489 in
1366 4453 1503 4503 pace
1530 4439 1689 4491 obiit.
1728 4439 1826 4491 Hic
1854 4455 1988 4491 san-

2021 3178 2072 3244 Α
2107 3179 2353 3241 metum,
2384 3179 2450 3233 ut
2478 3177 2652 3232 etiam
2684 3177 2743 3233 in
2769 3178 2897 3248 ipso
2927 3176 3185 3235 convivio
3202 3178 3342 3234 hora
3375 3178 3545 3235 solita
3566 3179 3822 3235 refectio-

2103 3266 2193 3320 nis
2218 3267 2459 3321 fratrum
2477 3267 2657 3321 sancti
2675 3266 2855 3334 huius
2872 3267 3033 3323 fieret
3049 3270 3260 3324 mentis
3280 3284 3577 3333 excessus,
3596 3277 3826 3323 mutus-

2102 3370 2213 3425 que
2244 3358 2509 3410 evaderet
2539 3357 2661 3425 ipse
2692 3362 2745 3412 et
2767 3360 3234 3428 obstupesceret;
3269 3365 3476 3413 etcum
3504 3367 3812 3429 rogaretur

2102 3450 2164 3499 ut
2189 3449 2386 3517 quaein
2419 3465 2653 3502 excessu
2688 3454 2994 3502 evenerant
3028 3458 3302 3515 narraret,
3330 3450 3581 3503 diceret:
3620 3450 3811 3504 Mente

2101 3553 2226 3591 sum
2260 3540 2653 3611 peregrinatus
2684 3540 2757 3593 ab
2789 3538 2987 3611 aliqua
3046 3549 3246 3610 raptus
3280 3540 3803 3607 contemplatione.

2100 3626 2227 3681 Scio
2267 3644 2371 3697 ego
2402 3644 2528 3681 eum
2550 3645 2699 3697 saepe
2730 3629 2787 3682 in
2825 3645 3023 3681 mensa
3056 3628 3237 3682 ΐυεεεθ
3292 3628 3680 3700 lacrymatum
3709 3647 3723 3693 ;
3748 3635 3811 3684 et

2100 3734 2229 3773 cum
2269 3724 2569 3788 rogaretur
2599 3736 2831 3772 causam
2866 3734 2969 3772 cur
3000 3724 3145 3773 esset
3198 3719 3571 3791 lacrymatus,
3606 3721 3807 3773 audivi

2098 3824 2231 3863 eum
2265 3808 2547 3861 dicentem
2584 3824 2598 3861 :
2627 3810 2809 3861 Pudet
2862 3824 2953 3861 me
2986 3808 3135 3861 vesci
3169 3809 3296 3862 cibo
3327 3825 3360 3860 a
3392 3807 3615 3863 ratione
3666 3808 3808 3861 alie-

2101 3912 2193 3963 no,
2241 3912 2369 3950 cum
2402 3896 2509 3950 sim
2552 3896 2770 3950 ratione
2806 3897 3098 3967 praeditus,
3151 3901 3205 3951 et
3258 3897 3477 3950 versari
3526 3897 3802 3951 deberem

2096 3986 2153 4040 in
2190 3986 2458 4054 paradiso
2516 3985 2879 4048 deliciarum,
2910 3985 3221 4051 replendus
3254 3987 3562 4041 ambrosiae
3616 3986 3806 4040 nutri-

2100 4080 2313 4139 mento,
2346 4081 2573 4143 propter
2602 4091 2727 4128 eam
2764 4092 2889 4145 qua:
2915 4076 3081 4129 nobis
3115 4075 3407 4130 aDomino
3428 4074 3556 4129 data
3582 4081 3674 4128 est
3707 4091 3805 4142 ρο-

2097 4168 2384 4218 tcstatem.
2425 4166 2475 4219 Is
2496 4172 2619 4218 erat
2654 4165 2845 4220 Romae
2879 4172 3052 4219 notus
3079 4174 3286 4220 cuncto
3318 4167 3541 4219 senatui
3575 4170 3631 4219 et
3665 4180 3808 4232 pro-

2098 4270 2294 4308 cerum
2330 4255 2627 4319 uxoribus,
2660 4271 2772 4323 quo
2819 4262 3075 4325 tempore
3114 4272 3246 4309 cum
3281 4256 3446 4309 beato
3480 4254 3805 4310 Athanasio

2098 4344 2367 4412 episcopo
2403 4343 2559 4411 prius
2591 4353 2922 4410 recesserat,
2956 4344 3163 4399 deinde
3194 4362 3325 4398 cum
3360 4352 3560 4399 sancto
3588 4350 3809 4398 Deme-

2099 4432 2211 4485 trio
2234 4432 2523 4501 episcopo.
2563 4433 2612 4486 is
2658 4449 2788 4486 cum
2832 4433 3152 4487 abundaret
3183 4433 3411 4499 apibus,
3443 4438 3501 4487 et
3550 4434 3621 4485 iis
3669 4449 3801 4503 qua

290 4527 690 4595 ctususquead
720 4524 1285 4578 boramobitusnihil
1316 4526 1530 4579 lineum
1551 4526 1795 4592 gestavit
1825 4534 1986 4581 extra
2019 4537 2063 4602 Β
2099 4528 2234 4576 sunt
2264 4522 2331 4575 ad
2369 4539 2539 4575 usum
2585 4526 2928 4589 necessaria,
2962 4539 3077 4578 non
3110 4523 3347 4592 scripsit
3379 4529 3802 4576 testamentum

289 4616 486 4669 vittam
511 4613 611 4685 (2),
645 4630 755 4668 non
817 4611 1019 4668 balneo
1052 4620 1137 4668 cst
1195 4631 1359 4680 usus,
1393 4633 1504 4670 non
1541 4617 1731 4687 tetigit
1761 4634 1985 4684 carnes,

291 4720 366 4759 nu
410 4722 579 4775 quam
600 4721 631 4758 a
650 4720 851 4759 mensa
876 4706 1108 4759 recessit
1126 4707 1379 4776 repletus
1402 4707 1469 4759 ad
1492 4706 1835 4761 satietatem.
1857 4710 1990 4762 Erat

292 4801 485 4851 autem
518 4812 757 4865 corpore
787 4813 821 4847 a
851 4794 948 4851 Dei
972 4795 1153 4865 gratia
1185 4803 1295 4851 tam
1329 4797 1467 4852 bene
1518 4802 1987 4866 comtemperato,

293 4891 355 4940 ut
385 4902 586 4939 omnes
618 4886 715 4956 qui
742 4885 1085 4953 ignorabant
1116 4886 1243 4955 ejus
1287 4888 1469 4941 victus
1519 4886 1823 4947 rationem,
1859 4903 1991 4951 per-

292 4993 533 5031 suasum
567 4975 847 5031 haberent
877 4992 1007 5029 eum
1051 4975 1203 5030 laute
1234 4976 1421 5029 vivere
1448 4980 1503 5029 et
1532 4974 1784 5044 opipare.
1805 4976 1989 5046 Hujus

290 5068 531 5121 virtutes
553 5066 759 5121 anima:
783 5066 828 5120 si
862 5065 1031 5119 velim
1049 5066 1345 5135 sigillatim
1372 5081 1622 5130 narrare,
1654 5071 1987 5121 narrantem

291 5174 381 5211 me
412 5161 643 5225 tempus
674 5155 922 5211 deficiet.
972 5155 1076 5220 Qui
1109 5158 1230 5207 erat
1260 5156 1400 5207 adeo
1460 5154 1639 5221 mitis,
1679 5156 1990 5225 benignus,

292 5251 346 5299 rt
380 5246 677 5315 pacificus.
713 5250 774 5298 ut
803 5245 975 5297 etiam
1012 5242 1275 5297 inﬁdeles
1309 5244 1433 5312 eius
1480 5244 1723 5309 inimici,
1761 5258 2017 5323 propter,

294 5346 501 5390 rectam
538 5338 593 5389 in
626 5335 917 5389 Christum
957 5334 1259 5398 ﬁdem,vel
1294 5335 1419 5403 ejus
1468 5336 1729 5389 umbram
1767 5351 1992 5389 revere—

291 5431 514 5483 rentur.
547 5430 617 5478 oh
646 5425 937 5495 insignem
987 5426 1092 5479 viri
1150 5425 1484 5480 bonitatem.
1518 5424 1759 5479 Tantam
1796 5432 1989 5481 autem

292 5514 499 5570 habuit
523 5517 843 5586 spiritalem
878 5518 1115 5589 gratiam
1150 5524 1205 5571 et
1237 5515 1624 5585 cognitionem
1660 5522 1987 5570 sanctarum

292 5604 748 5677 Seripturarum,
771 5616 824 5663 et
854 5606 1431 5679 comprehensionem
1481 5606 1809 5663 divinorum
1841 5608 1990 5680 dog-

2099 4612 2405 4677 dccedens,
2442 4627 2553 4665 non
2590 4614 2890 4680 pecuniam
2911 4613 3288 4684 r.:liquit,non
3316 4628 3434 4666 rem
3468 4613 3647 4665 ullam
3672 4612 3803 4665 suis

2097 4702 2391 4755 sororibus
2423 4718 2548 4773 quas
2578 4711 2741 4757 erant
2775 4704 3045 4773 virgines,
3088 4704 3184 4757 sed
3220 4719 3317 4757 eas
3350 4702 3580 4758 Christo
3630 4718 3808 4758 com-

2099 4792 2415 4855 mendavit,
2448 4792 2646 4845 dicens
2680 4808 2693 4846 :
2724 4793 2876 4848 Deus
2908 4794 3006 4863 qui
3037 4810 3137 4847 vos
3167 4794 3401 4857 creavit,
3434 4794 3598 4848 vobis
3646 4810 3807 4865 quo-

2099 4898 2211 4951 que
2244 4880 2455 4935 victum
2488 4883 2805 4952 providebit
2836 4883 2981 4937 sicut
3002 4882 3273 4937 estmihi.
3302 4883 3431 4937 Erat
3459 4890 3654 4937 autem
3671 4899 3818 4939 con-

2097 4975 2303 5025 ventus
2326 4972 2614 5039 virginum
2650 4989 2776 5041 quas
2826 4979 2991 5027 erant
3023 4990 3153 5027 cum
3191 4974 3492 5027 sororibus
3521 4974 3674 5041 ejus,
3708 4989 3811 5027 se-

2100 5063 2423 5129 ptuaginta.
2466 5061 2540 5128 ls,
2574 5078 2704 5117 cum
2736 5066 2803 5117 ad
2837 5081 2968 5119 eum
3010 5064 3299 5118 venissem
3352 5066 3715 5126 adolescens.
3744 5069 3807 5120 et

2099 5167 2355 5219 rogarem
2386 5157 2449 5203 ut
2488 5153 2555 5207 ad
2608 5154 2779 5207 vitam
2857 5160 3154 5221 coaptarer
3210 5156 3616 5219 monasticam,
3679 5170 3813 5209 mea

2099 5241 2290 5295 adhuc
2321 5248 2486 5295 aetate
2516 5242 2871 5307 lasciviente,
2905 5249 2960 5298 et
2993 5262 3103 5299 non
3134 5261 3280 5314 opus
3315 5244 3561 5297 habente.
3585 5260 3809 5298 sermo-

2101 5330 2296 5393 nibus.
2322 5333 2417 5385 sed
2454 5332 2747 5386 laboribus
2781 5336 2878 5404 qui
2902 5351 3130 5391 carnem
3154 5334 3513 5403 subigerent,
3538 5334 3808 5404 duraque

2101 5428 2155 5475 et
2183 5438 2385 5490 aspera
2417 5422 2638 5475 vivendi
2683 5422 2902 5477 ratione
2936 5442 3061 5496 quae
3120 5440 3328 5493 corpus
3368 5432 3803 5493 compesceret:

2101 5510 2171 5572 is,
2234 5510 2494 5580 inquam,
2568 5518 2846 5582 tanquam
2912 5517 3096 5569 bonus
3171 5514 3421 5569 domitor
3479 5512 3809 5584 pullorum,

2102 5600 2265 5658 duxit
2322 5618 2415 5659 me
2480 5613 2641 5659 extra
2698 5604 2990 5663 civitatem
3052 5606 3121 5663 ad
3169 5620 3268 5660 eas
3324 5618 3452 5676 quas
3520 5604 3809 5660 dicuntur
