4076 6206
374 354 524 419 1011

1017 488 1276 540 ΚΕΦΛΛ.
1320 481 1394 540 Β’.

973 628 1106 702 ,Περὶ
1148 624 1452 701 Δωροθέου.

453 754 554 815 Καὶ
594 749 931 829 παραδίδωσί
977 774 1042 815 με
1080 753 1344 827 Δωροθέῳ
1391 753 1496 808 τινὶ
1537 754 1747 828 ἀσκητῇ
1798 747 2022 825 Θηϐαίῳ

381 843 673 918 ἰξηκοστὸν
721 841 906 917 ἄγοντι
956 840 1073 904 ἔτος
1133 841 1186 897 ἐν
1225 847 1303 915 τῷ
1349 841 1629 915 σπηλαίῳ,
1679 844 1766 900 καὶ
1812 840 2020 898 κελεύει

388 957 455 1009 με
494 935 787 1005 πληρῶσαι
836 937 961 1007 παρ’
1012 933 1178 988 αὑτοῦ
1222 933 1346 1008 τρία
1405 929 1500 1004 ἔτη
1552 933 1686 1008 πρὸς
1736 930 2021 1006 δαμασμόν

383 1029 488 1078 τῶν
522 1023 704 1077 παθῶν
735 1042 747 1055 ο
781 1020 1172 1097 ἠπίστατογὰρ
1196 1025 1284 1077 τὸν
1315 1024 1544 1099 γέροντα
1579 1022 1787 1097 μεγάλῃ
1817 1022 2026 1094 σκληρ-

385 1113 602 1190 αγωγίᾳ
663 1116 927 1181 συζῶντα.
980 1113 1080 1167 Καὶ
1146 1113 1279 1185 μετά
1349 1113 1409 1167 τὸ
1466 1112 1759 1189 πληρῶσαι
1821 1135 1886 1187 με
1931 1114 2022 1169 τὸν

385 1203 612 1277 ἀριθμὸν
645 1205 751 1256 τῶν
794 1201 946 1269 ἐτῶν,
988 1201 1150 1257 πάλιν
1201 1203 1337 1275 πρὸς
1388 1203 1547 1258 αὐτὸν
1593 1203 2026 1278 ἐπανακάμπτειν

389 1313 454 1364 με
498 1289 895 1364 ἐντειλάμενος,
945 1291 1148 1361 λοιπῆς
1190 1290 1540 1355 διδασκαλίας
1578 1293 1748 1348 ἕνεκεν
1790 1315 2024 1367 πνευμα-

387 1388 563 1449 τικῆς.
601 1380 697 1436 Καὶ
735 1382 810 1452 μὴ
846 1379 1092 1452 δυνηθεὶς
1125 1388 1235 1438 τῶν
1265 1387 1430 1457 τριῶν
1474 1381 1609 1438 ἑτῶν
1653 1384 1740 1438 τὸν
1794 1384 2022 1458 ἀριθμὸν

386 1469 513 1544 παρ’
569 1468 716 1541 αὑτῷ
774 1467 1152 1544 ἐκπληρῶσαι,
1213 1467 1299 1527 διὰ
1365 1471 1426 1528 τὸ
1474 1477 1702 1545 κραταιᾷ
1757 1471 2028 1548 ἀρρωστίᾳ

387 1564 692 1634 περιπεσεῖν
737 1579 822 1631 με,
855 1558 1026 1621 οὕτως
1057 1561 1233 1634 ἤρθην
1267 1562 1357 1616 ἀπ’
1388 1561 1557 1617 αὑτοῦ
1597 1563 1702 1637 πρὸ
1740 1565 1837 1616 τοῦ
1885 1561 2028 1636 χρό-

385 1669 479 1704 νου
533 1655 631 1718 τῆς
689 1649 1041 1723 προθεσμίας.
1093 1653 1191 1707 Ἠν
1242 1651 1345 1727 γὰρ
1392 1654 1558 1707 αὐτοῦ
1588 1656 1622 1722 ἡ
1668 1651 1848 1708 δίαιτα
1894 1650 2027 1706 πάνυ

389 1739 764 1814 σκληροτάτη,
794 1737 1106 1818 αὐχμώδης
1140 1738 1282 1810 λίαν,
1321 1743 1411 1797 καὶ
1444 1743 1736 1814 ξηροτάτη.
1782 1745 1880 1798 Διά
1925 1743 2028 1798 πά-

388 1849 488 1898 σης
525 1829 618 1902 μὲν
651 1829 754 1906 γὰρ
792 1833 894 1894 τῆς
939 1831 1174 1905 ἡμέρας,
1222 1833 1312 1886 καὶ
1363 1831 1413 1887 ἐν
1468 1833 1615 1905 αύτῷ
1663 1838 1742 1907 τῷ
1790 1832 2029 1907 καύματι

388 1924 488 1986 τῆς
551 1913 918 1992 μεσημϐρίας,
967 1917 1018 1974 ἐν
1076 1923 1144 1992 τῇ
1194 1918 1385 1994 ἐρήμῳ
1435 1920 1504 1995 τῇ
1562 1922 1698 1977 κατὰ
1759 1923 2029 1978 θάλασσαν

391 2012 615 2080 συνῆγεν
659 2005 868 2068 λίθους·
903 2007 993 2061 καὶ
1025 2008 1248 2070 τούτους
1277 2006 1358 2062 ἀεὶ
1409 2007 1739 2084 οἰκοδομῶν,
1770 2011 1859 2065 καὶ
1901 2009 2032 2067 κέλ-

391 2091 493 2158 λας
525 2100 717 2163 ποιῶν,
749 2095 1062 2171 παρεχώρει
1100 2103 1216 2159 τοῖς
1261 2100 1336 2170 μὴ
1371 2095 1686 2170 δυναμένοις
1735 2097 2032 2173 οἷκοδομῆ-

389 2206 501 2253 σαι,
527 2187 642 2239 κατ’
692 2183 808 2248 ἔτος
855 2184 1057 2241 κέλ).αν
1106 2187 1391 2247 τελίσκων.
1448 2193 1622 2261 Ἐμοῦ
1671 2187 1726 2245 δέ
1772 2210 1905 2246 ποτε
1951 2195 2029 2264 τῷ

391 2274 533 2348 ἁγίῳ
588 2274 766 2348 τούτῳ
815 2275 1124 2350 εἰρηκότος.
1174 2277 1242 2335 Τί
1289 2284 1486 2350 ποιεῖς,
1533 2279 1729 2354 Πάτερ,
1785 2277 1837 2334 ἐν
1872 2280 2030 2354 γήρει

391 2363 626 2435 τοιούτῳ
657 2363 985 2420 ἀποκτείνων
1016 2387 1110 2420 σου
1139 2367 1201 2422 τὸ
1250 2368 1528 2442 σωμάτιον
1572 2368 1622 2423 ἒν
1669 2373 1748 2441 τῷ
1795 2368 2032 2442 καύματι

386 2457 504 2515 τοῖς
566 2453 884 2528 χαλεποῖςς
944 2454 1270 2531 ἀπεκρίνατό
1334 2479 1469 2532 μοι,
1541 2457 1714 2534 λέγων
1748 2480 1761 2494 ο
1820 2461 2032 2524 Ἐκεῖνοι

385 2538 691 2596 ἀποκτείνει
751 2563 840 2616 με,
897 2543 1178 2599 ἀποκτενῶ
1235 2546 1368 2602 αὖτό
1424 2547 1596 2621 κάγώ.
1653 2549 1872 2604 ’Ήσθιεν
1933 2549 2026 2621 μὶν

388 2630 490 2704 γὰρ
549 2629 768 2702 ούγκίας
821 2631 875 2701 ’ἐξ
939 2630 1102 2706 ἄρτου
1160 2636 1279 2688 καθ’
1333 2635 1563 2706 εκάστην
1636 2639 1865 2712 ἡμέραν,
1941 2635 2030 2692 καί

392 2715 826 2796 λεπτολαχάνιυν
857 2717 1011 2790 δέμα·
1047 2719 1219 2776 ἔπινεν
1261 2719 1316 2777 δὲ
1354 2721 1547 2785 ὕδατος
1592 2724 1654 2779 τὸ
1701 2725 1854 2784 ὅσον.
1909 2725 2029 2783 Ἐπὶ

389 2809 523 2860 Θεοῦ
557 2807 854 2882 μάρτυρος,
904 2807 1003 2863 οὐκ
1041 2803 1211 2882 ἔγνων
1251 2809 1441 2867 τοῦτον
1485 2809 1811 2868 ἀπλώσαντα
1857 2812 2028 2878 πόδας

388 2895 449 2950 οὐ
506 2895 911 2967 καθευδήσαντα
969 2899 1274 2972 ἐξεπίτηδες
1332 2903 1367 2973 ἢ
1427 2902 1514 2960 ἒπὶ
1575 2905 1795 2979 ψιαθίου
1853 2907 1888 2975 ἤ
1939 2905 2024 2964 ἐπὶ

385 2983 576 3055 κλίνης
611 3005 622 3017 ·
655 2985 801 3042 ἀλλά
849 2986 937 3043 διὰ
984 2990 1163 3061 πάσης
1216 2993 1407 3054 νυκτὸς
1453 2996 1759 3065 καθήμενος
1804 2991 2025 3052 ἔπλεκεν

386 3075 564 3149 σεῖρὰν
601 3075 698 3143 τὴν
745 3075 805 3132 ἐκ
851 3075 1070 3134 θαλλῶν
1121 3081 1381 3154 φοινίκων
1437 3081 1514 3144 εἰς
1571 3082 1742 3162 λόγον
1797 3094 2025 3164 τροφῆς.

383 3166 718 3235 Ὑπονοήσας
751 3164 808 3221 δὲ
839 3166 920 3221 ὅτι
965 3167 1051 3224 ἐπὶ
1083 3168 1221 3244 ἐμοῦ
1275 3171 1444 3243 μόνου
1491 3174 1725 3250 τοσαύτῃ
1766 3175 2026 3248 ἀκρότητι

383 3250 666 3322 ἀσκήσεως
711 3254 1006 3330 κέχρηται,
1053 3256 1488 3334 ὲφιλοπεύστησα
1566 3263 1711 3336 τιαρά
1758 3261 2026 3320 πλειόνων

381 3340 548 3396 αὑτοῦ
583 3344 844 3415 μαθητῶν
876 3343 1139 3421 ἀκριϐῶς,
1183 3348 1228 3404 εἰ
1276 3350 1477 3419 ταύτην
1516 3345 1640 3426 ἔχοι
1693 3349 1782 3407 διὰ
1829 3356 2028 3416 παντὸς

380 3434 477 3485 τοῦ
531 3429 651 3505 βίου
699 3434 799 3502 τήν
847 3433 1098 3507 ἄσκησιν·
1151 3435 1354 3503 οἵτινες
1411 3439 1603 3495 λοιπὸν
1654 3439 1866 3513 ἔμεινον
1911 3445 2028 3499 κατ’

385 3515 548 3588 ἰδίαν,
599 3522 691 3576 καὶ
734 3523 896 3579 αὐτοὶ
951 3525 1051 3594 την
1110 3526 1308 3602 ἀρετὴν
1370 3528 1561 3584 λοιπὸν
1618 3533 2025 3604 κατορθοῦντες⁶

383 3607 538 3700 αύτοί
582 3631 676 3700 μοι
711 3607 924 3690 ἔλεγον,
961 3615 1042 3669 ὅτι
1071 3613 1132 3670 ἐκ
1158 3621 1350 3691 νεαρᾶς
1379 3617 1600 3688 ἡλικίας
1629 3618 1827 3691 ταύτην
1867 3614 2026 3700 ἔσχεν

384 3698 483 3766 τήν
523 3699 823 3772 πολιτείαν,
878 3700 1020 3776 μηδέ
1067 3725 1204 3761 ποτε
1250 3709 1541 3780 κοιμηθεὶς
1601 3698 2029 3782 ἐξεπίτηδες-εἷ

389 3788 464 3860 μή
506 3809 559 3843 τι
618 3789 668 3844 ἐν
727 3795 807 3863 τῷ
852 3789 1164 3866 ἐργάζεσθαι
1223 3796 1258 3865 ἤ
1317 3795 1510 3852 ἐσθίειν
1561 3799 1872 3874 ἑκάμμυσέν
1924 3822 2029 3856 που

384 3877 477 3932 τὸν
517 3877 798 3956 ὀφθαλμὸν
845 3885 1212 3959 κατενεχθεὶς,
1271 3885 1409 3942 ὥστε
1463 3886 1739 3953 πολλάκις
1794 3891 1886 3947 καὶ
1940 3892 2047 3948 τὸν·

387 3967 584 4039 ψωμὸν
643 3967 923 4026 ἐκπίπτειν
979 3976 1076 4028 τοῦ
1134 3977 1405 4048 στόματος
1464 3978 1630 4036 αὐτοῦ
1663 4023 1679 4050 ,
1744 3981 1884 4036 κατά
1937 3981 2029 4036 τὸν

389 4056 575 4131 καιρὸν
635 4062 736 4114 τοῦ
785 4065 1001 4136 φαγεῖν,
1056 4059 1338 4139 ὑπερϐολῇ
1384 4073 1720 4143 νυσταγμοῦ,
1774 4071 2034 4144 Ἀναγκάο

392 4150 574 4216 ζοντος
607 4145 662 4203 δε
695 4150 802 4222 μού
833 4171 966 4205 ποτε
991 4156 1182 4208 τοῦτον
1222 4155 1313 4208 τὸν
1355 4155 1504 4230 ἅγιον
1552 4159 1747 4230 μικρὸν
1795 4157 1881 4213 ἐπὶ
1929 4165 2032 4228 τῆς

387 4235 585 4307 ψιάθου
638 4243 844 4303 πεσεῖν,
903 4237 1352 4315 ὑπολυπούμενος
1409 4242 1568 4306 οὗτός
1651 4242 1834 4319 ἔλεγέν
1897 4265 2030 4320 μοι’

391 4325 514 4381 Ἐὰν
547 4325 736 4400 πείσῃς
766 4325 892 4388 τοὺς
940 4328 1205 4402 ἀγγέλους
1253 4333 1592 4406 κοιμηθῆναί
1640 4355 1790 4403 ποτε,
1831 4337 2034 4402 πείσεις

391 4413 442 4469 ἐν
471 4413 650 4487 τούτῳ
678 4415 769 4470 καὶ
798 4415 891 4471 τὸν
917 4416 1234 4476 σπουδαῖον.

467 4506 578 4574 Μιᾷ
615 4503 674 4561 δὶ
721 4510 826 4595 τῶν
877 4507 1100 4581 ἡμερῶν
1147 4509 1457 4570 ἀπέστειλέν
1507 4536 1582 4588 με.
1620 4515 1674 4572 ἐν
1722 4521 1801 4590 τῷ
1847 4520 2036 4595 φρέατι

391 4591 556 4648 αὐτοῦ
613 4594 735 4670 περὶ
787 4593 932 4668 ὥραν
983 4596 1210 4670 ἐννάτην
1257 4601 1551 4677 πληρῶσαι
1605 4607 1698 4663 τὸν
1753 4591 1915 4667 κάδον
1966 4609 2118 4680 είςι)

394 4681 560 4776 λόγον
614 4688 714 4749 τῆς
775 4687 1161 4776 μεταλήψεως,
1223 4689 1489 4764 ἐνστάσης
1553 4698 1653 4765 τῆς
1705 4697 1802 4754 τοῦ
1854 4705 2043 4776 φαγεῖν

393 4774 560 4849 ὥρας.
594 4776 821 4850 Ἔτυχεν
874 4773 932 4832 δέ
992 4799 1060 4851 με
1115 4779 1440 4852 ἀπελθόντα,
1499 4783 1700 4841 ἀσπίδα
1751 4773 2037 4844 θεάσασθαι

396 4861 448 4918 ἐν
486 4869 565 4936 τῷ
619 4866 805 4942 φρέατι
853 4865 1022 4939 κάτω,
1073 4869 1162 4923 καὶ
1210 4871 1403 4942 μηκέτι
1453 4870 1612 4951 φόϐῳ
1657 4873 1922 4944 ἀντλῆσαι
1977 4876 2039 4931 τὸ

393 4949 562 5028 ὕδωρ,
611 4953 756 5010 ἄλλα
805 4955 1108 5013 ἀπελθόντα
1158 4957 1423 5034 δρομαῖον
1467 4949 1813 5040 ἀπαγγεῖλαι
1867 4966 2038 5038 αύτῷ,

393 5040 477 5098 ὅτι
536 5043 922 5118 Ἀπεθάνομεν,
974 5043 1142 5106 ἀϐϐἆ,
1201 5048 1430 5108 Ἀσπίδα
1482 5054 1585 5128 γάρ
1655 5051 1800 5110 εἶδον
1856 5053 1911 5111 ἓν
1961 5060 2040 5128 τῷ

393 5132 579 5212 φρέατι
652 5134 821 5196 κάτω.
897 5136 1316 5209 ’Υπομειδιάσας
1384 5138 1441 5196 δὲ
1524 5142 1727 5207 ἐκεῖνος
1792 5147 1986 5219 σεμνὸν
2025 5193 2040 5217 ,

389 5221 478 5279 ἐπὶ
510 5222 654 5280 πολύ
689 5246 784 5299 μοι
834 5229 1144 5302 προσέχων,
1194 5229 1284 5284 καὶ
1334 5229 1491 5286 σείων
1540 5233 1786 5311 κεφαλήν
1812 5233 1996 5307 ἔλεγεν
2023 5257 2036 5271 ο

393 5311 514 5400 ξΕᾶιν
575 5310 704 5388 δόξῃ
771 5320 852 5388 τῷ
911 5312 1156 5391 διαϐόλῳ
1216 5318 1354 5374 κατά
1409 5326 1510 5375 πᾶν
1582 5310 1750 5400 φρέαρ
1808 5324 2038 5390 ἀσπίδας

391 5395 676 5472 ἐμϐαλεῖν,
723 5404 758 5473 ἢ
805 5404 956 5482 ὄφεις
1001 5406 1035 5476 ἢ
1083 5403 1239 5481 ἕτερα
1288 5403 1487 5465 ίοϐόλα
1537 5395 1694 5487 θηρία
1720 5395 1815 5478 ἐἰς
1863 5418 2038 5481 πάσας

392 5487 485 5578 τὰς
518 5492 699 5578 πηγὰς
745 5498 853 5550 τῶν
896 5492 1129 5566 ὑδάτων,
1171 5496 1235 5554 σὺ
1279 5497 1458 5570 μένεις
1510 5497 1788 5572 μηδέποτε
1833 5507 2038 5578 πίνων,

389 5576 480 5672 καὶ
528 5575 758 5672 ἐξελ-θὼν
808 5591 908 5672 τῆς
944 5584 1154 5658 κέλλης
1200 5587 1386 5656 αὑτοῦ,
1439 5590 1531 5646 καὶ
1589 5587 1660 5647 δι’
1715 5594 1912 5652 ἑαυτοῦ
1957 5575 2041 5672 γεζ

393 5665 556 5739 μίσας
605 5668 694 5723 τὸν
754 5671 936 5743 κάδον,
988 5681 1176 5746 νῆστις
1221 5682 1441 5753 πρῶτος
1480 5679 1642 5744 αὐτὸς
1691 5687 1785 5738 τοῦ
1841 5665 2038 5748 ὕδατος

1891 342 2260 408 PALLADII

2051 483 2105 548 Α
2137 472 2534 551 ἀπεβρόφησεν,
2585 463 2977 543 ἐπισφραγίσας
3035 460 3100 518 τό
3147 457 3316 551 ὕδωρ,
3367 455 3553 528 εἰπὼν,
3605 456 3786 512 Ὅπου

3624 318 3776 378 1012

2137 549 2368 641 σταυρὸς
2399 561 2676 642 ἐπιφοιτᾷ,
2710 557 2812 614 οὐκ
2841 554 3022 635 ἰσχύει
3051 549 3213 608 κακία
3241 552 3336 605 τοῦ
3369 551 3600 603 Σατανᾶ.

2772 670 3026 722 ΚΕΦΔΛ.
3069 663 3148 720 Γ’.

2676 772 2806 849 Περὶ
2846 769 3242 845 Ποταμιαίνης.

2205 890 2261 941 '0
2320 883 2584 960 μακάριος
2631 879 2906 955 Ἰσίδωρος
2939 880 2968 936 6
3013 875 3306 952 ξενοδόχος
3357 873 3785 949 συντετυχηκὼς

2133 975 2407 1048 Ἀντωνίῳ
2462 973 2541 1048 τῷ
2590 973 2730 1048 ἁγίῳ
2773 971 2863 1026 καὶ
2915 969 3181 1042 μεκαρίῳ,
3237 969 3449 1047 γραφῆς
3499 961 3648 1038 ἄξιον
3704 959 3788 1018 ὀι-

2134 1069 2383 1144 ηγήσατο
2413 1069 2642 1141 πρᾶγμα
2669 1061 2924 1132 ἀκηκοὼς
2955 1061 3080 1134 παρ’
3111 1056 3300 1116 αὑτοῦ.

2203 1159 2322 1212 Ὅτι
2366 1152 2704 1225 Ποταμιαίνα
2759 1171 2844 1213 τις
2903 1148 3214 1223 ὡραιοτάτη
3274 1145 3412 1216 κύρη
3472 1145 3592 1217 (12)
3645 1144 3790 1198 κατά

2132 1248 2224 1303 τὸν
2273 1245 2456 1312 καιρὸν
2514 1244 2818 1316 Μαξιμίνου
2865 1244 2964 1295 τοῦ
3013 1237 3270 1307 διώκτου,
3311 1233 3573 1304 παιδίσκη
3633 1235 3791 1293 τινὸς

2135 1335 2442 1392 ἀκολάστου
2479 1334 2748 1408 ὑπῆρχεν.
2789 1334 2892 1386 ’Ήν
2945 1327 3130 1384 πολλά
3176 1327 3488 1401 λιπαρήσας
3519 1325 3549 1379 6
3577 1323 3790 1391 ταύτης

2137 1424 2407 1496 δεσπότης
2465 1423 2789 1499 ὑποσχέσεσι
2847 1417 3126 1496 διαφόροις
3160 1461 3174 1484 ,
3239 1415 3513 1484 ἀπατῆσαι
3576 1412 3788 1483 ταύτην

2138 1519 2240 1574 οὐκ
2288 1515 2528 1592 ἴσχυσεν.
2574 1515 2662 1570 Ἐν
2710 1515 2792 1574 οἷς
2841 1511 2904 1566 τὸ
2952 1507 3264 1565 τελευταῖον
3318 1505 3500 1579 μανεὶς
3547 1500 3791 1576 παραδί-

2140 1605 2271 1663 δωσι
2338 1605 2539 1676 ταύτην
2608 1604 2688 1675 τῷ
2744 1600 2862 1656 κατ’
2919 1599 3091 1654 ἐκεῖνο
3149 1598 3341 1670 καιροῦ
3397 1594 3630 1668 ἐπάρχῳ
3684 1600 3787 1661 τῆς

2140 1694 2570 1770 Ἀλεξανδρείας,
2623 1687 2842 1748 ἔκδοτον
2887 1687 3052 1758 αὐτὴν
3101 1684 3353 1747 δεδωκὼς
3405 1683 3480 1744 ὡς
3523 1685 3790 1757 Χριστια-

2139 1787 2261 1857 νὴν,
2309 1785 2399 1840 καὶ
2455 1782 2885 1857 βλασφημοῦσαν
2935 1776 3024 1832 καὶ
3071 1774 3199 1837 τοὺς
3250 1775 3473 1847 καιροὺς
3518 1772 3610 1827 καὶ
3658 1771 3792 1833 τοὺς

2064 1861 2386 1953 Ββασιλεῖς
2451 1871 2541 1928 ἐπὶ
2606 1876 2722 1932 τοῖς
2790 1866 3059 1942 διωγμοῖς
3094 1911 3108 1937 ,
3188 1864 3570 1940 ὑποσχύμενος
3638 1861 3794 1933 αὐτῷ

2137 1949 2404 2042 χρήματα
2459 1961 2616 2016 ἱκανά
2664 1958 2750 2015 ἐπὶ
2793 1961 2862 2032 τῇ
2915 1955 3115 2025 ταύτης
3166 1956 3438 2032 συμφορᾷ,
3491 1952 3619 2008 Ἐὰν
3670 1949 3794 2006 πεί.

2139 2077 2236 2131 σῃς
2300 2051 2548 2122 ταύτην,
2608 2052 2829 2128 φήσας,
2891 2047 3169 2101 συνθέσθαι
3237 2064 3343 2116 μου
3399 2046 3481 2113 τῷ
3546 2045 3791 2112 σκοπῷ,

2139 2128 2377 2221 φύλαξον
2424 2139 2590 2209 αὐτὴν
2634 2138 3014 2211 ἀτιμώρητον.
3064 2135 3190 2190 Ἐὰν
3241 2128 3299 2187 δὶ
3338 2130 3567 2205 ἐμμείνῃ
3616 2133 3687 2202 τῇ

2135 2218 2318 2307 ἀρχῆς
2376 2228 2545 2298 αὑτῆς
2599 2227 2917 2301 αύστηρίᾳ,
3012 2221 3374 2294 παρεκάλεσεν
3431 2218 3794 2293 τιμωρουμέ-

2133 2342 2231 2392 νην
2299 2319 2464 2390 αύτήν
2510 2318 2816 2374 ἀποθανεῖν’
2863 2317 2978 2372 Ἵνα
3028 2314 3105 2386 μή
3161 2317 3322 2382 ζῶσα,
3374 2309 3579 2384 λέγων,
3625 2329 3792 2363 κατα-

2135 2410 2344 2488 γελάσῃ
2401 2429 2506 2482 μου
2564 2413 2663 2475 τῆς
2719 2404 2974 2468 ἀσωτίας.
3027 2403 3378 2481 Προαχθεῖσα
3426 2397 3486 2455 δὲ
3532 2399 3634 2472 πρὸ
3682 2401 3786 2454 τοῦ

2140 2501 2392 2576 βήματος
2451 2499 2487 2567 ἠ
2546 2493 2786 2568 ἀνδρεία,
2833 2489 3120 2570 διαφόροις
3167 2489 3423 2566 ὀργάνοις
3470 2507 3786 2576 τιμωρητιο

2135 2575 2252 2652 κοῖς
2280 2588 2342 2643 τὸ
2382 2591 2544 2659 σῶμα
2586 2580 2947 2653 ἐϐασανίζετο.
2997 2581 3094 2636 Καὶ
3142 2580 3279 2655 πρὸς
3327 2576 3575 2638 πολλοὺς
3627 2575 3786 2653 λογι-

2135 2678 2307 2752 σμοὺς
2354 2675 2444 2732 καὶ
2497 2672 2793 2754 διαφόρους
2841 2671 3221 2746 ἐπυργομᾶχει
3267 2671 3336 2741 τῇ
3362 2669 3579 2754 γνώμῃ,
3612 2664 3666 2722 ἐν
3701 2666 3784 2729 οἷς

2135 2766 2389 2844 ὀργάνοις
2435 2767 2544 2818 τῶν
2591 2753 2879 2836 τιμωριῶν
2929 2758 3209 2832 ὡμότερός
3270 2777 3354 2819 τις
3397 2753 3786 2830 κολαστηρίων

2140 2842 2370 2932 βάσανος
2400 2853 2546 2925 παρὰ
2593 2855 2690 2907 τοῦ
2732 2849 2856 2905 τότε
2904 2846 3217 2917 δικάζοντος
3263 2845 3508 2921 εὕρηται.
3559 2842 3784 2900 Κελεύει

2139 2940 2345 3015 λέϐητα
2405 2943 2568 3017 μέγαν
2616 2940 2782 3014 πίσσῃ
2844 2933 3156 3008 πλησθέντα
3197 2935 3545 2992 ὑποκαίεσθαι
3590 2939 3789 2989 τοῦτον

2138 3033 2514 3108 λαμπροτάτῳ
2561 3029 2712 3103 πυρί.
2766 3025 3077 3100 Βραζούσης
3126 3023 3218 3080 οῦν
3267 3031 3366 3093 τῆς
3422 3025 3647 3094 πίσσης,
3697 3022 3789 3077 καὶ

2139 3122 2346 3202 σφόδρα
2401 3120 2756 3193 ἐκκαιομένης
2783 3161 2796 3188 ,
2846 3117 3151 3193 προέτεινεν
3197 3116 3225 3170 6
3273 3115 3552 3189 ἀνήμερος
3596 3113 3790 3189 ἄρχων

2057 3237 2108 3304 C
2134 3214 2205 3284 τῇ
2237 3209 2475 3287 μακαρίᾳ
2504 3207 2704 3304 ἐκείνῃ,
2726 3206 2926 3304 λέγων,
2958 3204 3043 3261 ὅτι
3084 3207 3152 3304 ἸΞ
3202 3203 3449 3304 ἅιπελθε,“
3477 3204 3793 3304 ὑποτάγηθι

2135 3309 2252 3366 τοῖς
2309 3302 2582 3373 θελήμασι
2639 3297 2906 3355 δεσπότου
2952 3315 3087 3352 σουσ
3119 3293 3179 3364 ἢ,
3225 3291 3321 3348 ’ίνα
3371 3289 3564 3349 εἰδέναι
3612 3291 3796 3369 ἔχοις,

2138 3393 2189 3449 ἐν
2237 3396 2314 3464 τῷ
2363 3387 2559 3459 λέϐητί
2619 3409 2677 3444 σε
2718 3387 3149 3462 καταγγισθῆναι
3197 3382 3426 3442 κελεύω.
3477 3383 3539 3438 Ἠ
3591 3379 3649 3438 δὲ
3697 3381 3796 3436 ἀπ-

2139 3480 2380 3556 εκρίνατο
2449 3479 2682 3554 λέγουσα
2715 3497 2728 3512 ·
2802 3477 2891 3546 Μὴ
2964 3477 3174 3550 γένοιτο
3237 3477 3493 3535 τοιοῦτος
3570 3473 3800 3527 πώποτε

2137 3572 2326 3636 ἄδικος
2358 3569 2641 3641 δικαστής,
2673 3571 2701 3627 6
2729 3566 2971 3625 κελεύων
3021 3565 3407 3624 ὑποτάττεσθαί
3440 3586 3510 3638 με
3558 3565 3796 3634 ἀσωτίᾳ.

2137 3665 2471 3736 Ἀπομανεὶς
2528 3661 2620 3718 οῦν
2675 3661 2877 3722 ἐκεῖνος
2910 3705 2923 3730 ,
2986 3656 3197 3715 κελεύει
3253 3658 3424 3728 αὐτὴν
3483 3654 3798 3712 ἐκδοθεῖσαν

2137 3751 2489 3830 ἑμϐληθῇναι
2544 3756 2622 3822 τῷ
2667 3747 2887 3820 λέϐητι.
2951 3753 3015 3806 Ἦ
3076 3746 3134 3804 δὶ
3189 3747 3376 3825 ἀφίησι
3433 3748 3647 3827 φωνὴν,
3715 3745 3802 3802 de

2139 3850 2337 3904 ποῦσα.
2366 3843 2474 3912 Τὴν
2506 3840 2749 3918 κεφαλὴν
2798 3844 2897 3895 τοῦ
2944 3835 3213 3914 βασιλέως
3247 3857 3364 3906 σου,
3415 3837 3474 3891 ὃν
3523 3838 3586 3892 σὺ
3627 3831 3800 3910 φοϐῇ,

2140 3933 2190 3991 εἴ
2247 3931 2492 4010 κέκριταί
2549 3952 2635 3986 σοι
2703 3931 2766 3986 τὸ
2835 3927 3009 3992 οὕτως
3067 3948 3133 4000 με
3181 3928 3602 4001 τιμωρήσασται
3636 3970 3652 3993 ,
3723 3926 3800 3996 μή

2139 4023 2404 4098 κελεύσῃς
2473 4042 2541 4097 με
2615 4017 2906 4089 ἔκδυθῆναι
2958 4062 2973 4086 ,
3050 4015 3199 4073 ἀλλά
3271 4018 3387 4072 κατ’
3463 4016 3657 4091 ὀλίγον
3740 4035 3806 4090 μι

2141 4114 2449 4188 πρόσταξον
2508 4109 2559 4168 ἐν
2626 4115 2696 4185 τῇ
2770 4106 3046 4184 βραζούσῃ
3121 4108 3294 4182 πίσσῃ
3347 4107 3807 4183 υταχαλᾶσθαι,

2136 4200 2230 4258 ’ίνα
2298 4200 2420 4278 ἴδῃς
2469 4201 2646 4269 πόσην
2697 4199 2977 4272 ὑπομονήν
3032 4217 3128 4269 μοι
3181 4193 3478 4276 ἐχαρίσατο
3511 4197 3539 4250 6
3570 4195 3807 4268 Χριστὸς

2142 4293 2203 4348 ὃν
2233 4290 2296 4348 σὺ
2334 4291 2572 4366 ἀγνοεῖς.
2620 4289 2723 4347 Καὶ
2773 4287 3117 4366 χαλασθεῖσα
3164 4287 3300 4340 κατὰ
3340 4287 3560 4357 μικρὸν,
3593 4285 3669 4346 ὡς
3717 4282 3803 4339 ixi

2144 4380 2439 4457 παρατάσει
2498 4377 2655 4451 ὡρῶν
2713 4382 2880 4451 τριῶν
2911 4422 2928 4448 ,
2988 4375 3173 4438 οὕτως
3237 4375 3477 4450 ἐξέψυξεν
3521 4375 3806 4454 φθασάσης

2145 4478 2247 4542 τῆς
2279 4471 2480 4542 πίσσης
2511 4467 2634 4544 περὶ
2666 4467 2755 4523 τὸν
2786 4465 3091 4542 τράχηλον.
3119 4505 3125 4534 ,

2788 4581 3048 4633 ΚΕΦΑΑ.
3091 4576 3163 4634 Δ’.

2754 4665 2887 4741 Περὶ
2928 4662 3190 4739 Διδύμου.

2220 4778 2484 4836 Πλεῖστον
2546 4777 2640 4850 μὶν
2698 4773 2794 4831 οῦν
2853 4776 3106 4848 σύστημα
3166 4793 3340 4851 χορου
3386 4771 3546 4850 ἁγίου
3598 4771 3802 4847 ἂνδρῶν

2145 4890 2208 4926 τε
2253 4867 2341 4922 καὶ
2394 4869 2660 4939 γυναικῶν
2711 4863 3108 4936 ἐτελειώθησαν
3157 4865 3280 4919 τότε
3329 4862 3381 4919 ἐν
3432 4867 3502 4938 τῇ
3555 4862 3805 4934 Ἀλεξαν-

2149 4956 2316 5033 δρέων
2387 4953 2723 5024 Ἐκκλησίᾳ,
2779 4953 2920 5024 ἄξιοι
2995 4952 3296 5027 εὑρεθέντες
3367 4958 3468 5022 τῆς
3544 4959 3650 5028 γῆς
3699 4957 3805 5007 τῶν

2145 5048 2380 5119 πραέων.
2425 5046 2514 5102 ’Ev
2563 5045 2656 5106 οἷς
2698 5041 3006 5098 τελειοῦται
3048 5042 3137 5098 καὶ
3179 5043 3207 5098 6
3241 5042 3507 5117 μακάριος
3560 5039 3799 5112 Δίδυμος

2147 5141 2176 5194 ὁ
2233 5131 2570 5214 συγγραφεὺς
2625 5133 2654 5188 ὁ
2711 5131 2819 5189 ἀπὸ
2873 5131 3140 5206 ὀμμάτων
3197 5133 3508 5208 γενόμενος.
3582 5133 3646 5186 οὗ
3711 5130 3801 5184 καὶ

2145 5225 2434 5300 συντυχίας
2489 5218 2705 5299 ἔσχηκα
2749 5221 3029 5298 τέσσαρας,
3073 5221 3134 5278 ἐκ
3170 5219 3586 5296 διαλειμμάτων
3633 5221 3799 5292 ἀπερ-

2146 5316 2384 5393 χόμενος
2442 5313 2578 5388 πρὸς
2636 5311 2795 5368 αὐτὸν
2855 5310 2948 5368 ἐπὶ
3004 5309 3130 5368 δέκα
3184 5307 3302 5383 ἔτη.
3369 5311 3682 5370 Τελειοῦται
3743 5307 3802 5366 δὶ

2145 5407 2323 5471 οὗτος,
2373 5403 2510 5460 ἐτῶν
2542 5399 2885 5478 ὀγδοήκοντα
2934 5401 3112 5458 πέντε.
3163 5402 3331 5464 οὗτος
3386 5401 3480 5456 ἀπ’
3528 5399 3796 5475 ὀμμάτων

2145 5498 2415 5572 ὑπῆρχεν,
2465 5492 2541 5554 ὡς
2598 5489 2765 5555 αὑτός
2827 5512 2922 5565 μοι
2987 5488 3316 5566 διηγήσατο,
3372 5491 3664 5566 τετραέτης
3701 5490 3799 5550 τὰς

2143 5586 2296 5661 ὄψεις
2358 5576 2653 5638 ἀποϐαλὼν
2687 5625 2702 5648 ,
2805 5583 2948 5656 μήτε
3010 5581 3348 5658 γραμμάτων
3416 5582 3754 5654 μιμθηκῶς
3787 5618 3802 5643 ,

2146 5678 2288 5754 μήτε
2315 5673 2462 5749 παρά
2516 5670 2875 5740 διδασκάλοις
2905 5675 3171 5752 φοιτήσας
3191 5691 3204 5705 ·
3238 5671 3356 5752 εἶχε
3535 5672 3627 5726 τὸν
3670 5669 3804 5727 κατά
