4076 6206
290 353 446 417 1013

1643 349 2010 413 HISTORIA
2052 348 2464 412 LAUSIACA.

3659 353 3814 420 1014

284 487 454 545 Cella
509 483 835 555 eremiticaa,
895 482 1122 540 circiter
1178 481 1385 554 quinto
1443 481 1515 538 ab
1571 481 1714 538 urbe
1777 481 1990 554 lapide.
2025 487 2072 550 Α
2105 485 2163 536 tu
2190 477 2454 536 manebis
2495 493 2789 549 nunquam
2842 479 3096 536 bibens?
3153 481 3283 551 Ipse
3329 486 3523 540 autem
3582 500 3615 540 e
3669 487 3814 545 cella

962 604 1198 663 CAPUT
1247 608 1318 663 II.

774 715 1069 773 Dorotheus
1091 716 1168 788 (3)
1205 714 1501 772 Thebanus.

353 846 424 903 Et
458 861 551 899 me
574 843 752 898 tradit
806 843 961 900 enim
1009 841 1290 898 Dorotbeo
1347 840 1712 896 exercitatori
1771 840 1994 897 Theba-

278 953 356 992 no
388 935 816 1006 sexagesimum
850 950 1072 989 annum
1105 933 1294 1005 agenti
1335 931 1393 987 in
1425 931 1722 1002 spelunca,
1745 937 1801 985 et
1824 932 1994 1000 jubet

279 1043 374 1084 me
403 1025 647 1096 implere
678 1028 828 1095 apud
863 1026 1052 1093 ipsum
1081 1030 1200 1079 tres
1223 1023 1489 1079 annosad
1521 1021 1842 1076 domandus
1864 1021 1994 1076 ani-

281 1117 360 1171 mi
396 1115 858 1186 perturbationes
891 1114 1137 1185 (sciebat
1177 1115 1332 1168 enim
1384 1128 1579 1167 senem
1613 1127 1784 1182 agere
1813 1112 1990 1167 vitam

276 1207 592 1263 admodum
626 1208 834 1260 duram
867 1210 923 1260 et
943 1204 1255 1275 asperam),
1281 1209 1337 1258 et
1369 1208 1670 1272 postquam
1704 1217 1991 1256 annorum

277 1294 954 1366 numerumimplessem,
981 1310 1186 1349 rursus
1214 1294 1282 1348 ad
1303 1308 1434 1346 eum
1457 1296 1791 1357 reverterer,
1819 1307 1994 1345 man-

280 1387 520 1442 davitob
545 1385 827 1456 reliquam
874 1384 1204 1440 doctrinam
1241 1383 1585 1452 spiritalem.
1619 1383 1760 1437 Cum
1796 1386 1989 1436 autem

274 1493 388 1534 non
423 1476 744 1548 potuissem
776 1476 928 1544 apud
975 1491 1107 1530 eum
1156 1473 1398 1545 implere
1447 1487 1748 1527 numerum
1816 1471 1989 1526 trium

272 1582 579 1632 annorum,
647 1581 714 1621 eo
789 1565 944 1635 quod
1021 1563 1081 1618 in
1151 1565 1420 1619 morbum
1485 1562 1822 1617 incidissem
1889 1577 1994 1616 ve-

271 1657 624 1722 hementem,
684 1655 756 1710 ab
797 1671 862 1711 eo
913 1654 1120 1710 recessi
1145 1659 1281 1708 ante
1311 1659 1544 1725 tempus
1577 1654 1990 1724 praestitutum.

277 1748 407 1802 Erat
439 1749 594 1802 enim
629 1749 753 1813 ejus
787 1747 915 1800 vitae
963 1745 1108 1801 ratio
1150 1744 1320 1815 longe
1350 1746 1692 1816 asperrima,
1723 1743 1994 1815 squalida

2101 585 2392 640 egressus,
2419 584 2549 622 cum
2586 585 2686 638 per
2733 586 2796 625 se
2845 570 3159 634 hausisset.
3192 572 3340 628 bibit
3385 576 3650 643 jejunus,
3677 593 3811 632 cum

2101 659 2265 731 prius
2315 658 2614 721 signaculo
2666 658 2856 714 crucis
2910 661 3238 729 muniisset,
3273 666 3331 717 et
3387 663 3671 719 dixisset:
3709 666 3813 723 Ubi

2102 764 2243 803 crux
2273 746 2437 802 adest
2467 748 2565 817 (7),
2596 747 2714 802 illic
2745 749 2966 804 viribus
3008 757 3164 806 caret
3199 752 3411 808 diaboli
3446 753 3810 825 improbitas.

2777 839 3007 896 CAPUT
3049 841 3145 898 lll.

2396 927 2529 982 Acta
2554 933 2603 980 et
2623 929 2985 997 temperantia
3018 932 3376 989 Potamiamas
3407 933 3510 1004 (8).

2175 1016 2384 1071 Beatus
2411 1031 2548 1087 ergo
2583 1017 2836 1071 Isidorus
2868 1021 3261 1085 xenodocbus,
3297 1025 3396 1091 qui
3433 1026 3666 1079 beatum
3699 1025 3813 1080 An-
3901 1029 3908 1036 ‘

2102 1105 2327 1162 tonium
2369 1111 2733 1170 convenerat,
2769 1109 3019 1162 narravit
3066 1109 3227 1172 mihi,
3261 1126 3322 1166 se
3353 1111 3424 1165 ab
3454 1128 3520 1168 eo
3550 1114 3814 1170 audivisr

2102 1211 2165 1251 se
2197 1211 2317 1250 rem
2350 1195 2585 1263 dignam
2620 1212 2748 1267 quas
2783 1198 3090 1252 mandetur
3122 1197 3354 1255 litteris.

2175 1285 2529 1341 Potamimna
2553 1286 2816 1356 quaedam
2865 1287 3050 1354 puella
3085 1289 3524 1357 formosissima,
3558 1295 3818 1362 tempore

2102 1375 2400 1432 Maximini
2427 1378 2804 1446 persecutoris
2834 1377 2946 1431 fuit
2973 1377 3186 1433 ancilla
3216 1379 3520 1448 cujusdam
3544 1381 3819 1452 intempe-

2102 1464 2286 1520 rantis
2316 1470 2374 1520 et
2428 1463 2748 1522 libidinosi.
2780 1468 2923 1530 Qam
2973 1483 3106 1523 cum
3149 1466 3400 1523 multum
3451 1479 3727 1542 rogasset,
3760 1476 3818 1527 et

2102 1553 2152 1608 ei
2184 1553 2340 1607 varia
2376 1552 2741 1623 promisisset
2764 1554 2890 1622 ejus
2911 1555 3211 1624 dominus,
3236 1572 3363 1612 eam
3390 1573 3503 1613 non
3522 1559 3818 1628 potuitde-

2102 1643 2315 1715 oipere.
2347 1645 2470 1706 Quo
2503 1644 2718 1698 factum
2751 1649 2840 1699 est
2871 1650 2935 1699 ut
2964 1645 3013 1699 is
3045 1644 3282 1701 tandem
3316 1647 3506 1704 furore
3538 1650 3815 1720 percitus,

2103 1750 2228 1792 eam
2333 1735 2584 1791 traderet
2673 1735 2938 1805 praefecto
3029 1737 3417 1793 Alexandrino
3519 1739 3617 1809 (9),
3716 1741 3814 1810 qui

283 1837 544 1908 etplane
573 1837 754 1890 arida.
788 1836 930 1892 Toto
990 1835 1144 1890 enim
1200 1835 1314 1898 die,
1346 1845 1517 1904 atque
1573 1834 1715 1889 adeo
1763 1833 1820 1887 in
1864 1833 1992 1904 ipso
2029 1859 2071 1923 Β
2103 1828 2226 1880 erat
2269 1841 2336 1880 eo
2392 1829 2674 1895 tempore.
2727 1830 3010 1896 tanquam
3080 1824 3498 1895 Christianam,
3566 1832 3624 1884 et
3688 1847 3814 1901 quae

277 1930 425 1980 aestu
488 1924 764 1992 meridiei,
798 1926 854 1979 in
888 1923 1200 1979 solitudine
1248 1939 1378 1994 quas
1433 1932 1517 1978 cst
1559 1932 1783 1991 prepter
1816 1938 1992 1990 mare,

269 2014 580 2086 colligebat
610 2014 850 2085 lapides,
883 2020 942 2070 et
966 2031 1032 2068 ex
1067 2013 1148 2069 eis
1177 2028 1410 2082 semper
1451 2011 1763 2080 aedilicius,
1787 2017 1841 2066 et
1872 2011 1990 2066 cel-

276 2105 366 2162 las
401 2107 638 2168 faciens,
671 2121 770 2160 eos
818 2104 1056 2160 cedebat
1090 2103 1160 2157 iis
1217 2103 1314 2172 qui
1347 2118 1462 2156 non
1514 2109 1776 2172 poterant
1804 2101 1993 2156 adifi-

268 2211 426 2260 care,
459 2193 705 2258 singulis
728 2193 895 2248 annis
944 2193 1145 2248 cellam
1202 2192 1435 2246 faciens.
1470 2190 1608 2245 Cum
1655 2197 1847 2246 autem
1881 2207 1986 2261 ego

271 2283 592 2357 aliquando
645 2283 778 2339 huic
836 2288 1042 2338 sancto
1085 2281 1362 2337 dixissem
1393 2297 1406 2338 :
1441 2279 1585 2344 Quid
1620 2281 1762 2347 agis,
1798 2280 1985 2345 Pater,

267 2373 327 2428 in
361 2377 524 2426 tanta
555 2379 848 2426 senectute
877 2369 1287 2440 corpusculum
1321 2374 1488 2422 tuum
1535 2367 1803 2422 occidens
1825 2369 1987 2421 calo-

271 2462 434 2517 ribus
457 2459 962 2515 intolerabilibus.’
993 2458 1314 2529 Respondit
1364 2457 1528 2523 mibi,
1561 2457 1800 2513 dicens:
1832 2457 1980 2512 Illud

263 2566 361 2606 me
394 2551 622 2619 occidit,
653 2566 756 2620 ego
789 2564 1024 2621 quoque
1083 2549 1276 2616 ipsum
1308 2548 1592 2602 occidam.
1636 2547 1984 2602 Comedebat

261 2644 463 2696 autem
490 2639 960 2712 singulisdiebus
982 2653 1080 2693 sex
1109 2640 1309 2692 uncias
1342 2638 1529 2708 panis,
1549 2645 1600 2691 et
1625 2635 1980 2690 minutorum

260 2730 486 2786 olerum
550 2728 892 2784 fasciculum
925 2730 1006 2800 (4)
1031 2747 1044 2795 ;
1071 2743 1236 2798 aqua;
1295 2733 1486 2781 autem
1521 2727 1756 2780 bibebat
1789 2726 1980 2780 modi-

261 2834 399 2874 cum
431 2817 592 2890 quid.
628 2817 811 2874 Deum
872 2825 1065 2872 autem
1117 2823 1298 2871 testor
1356 2831 1447 2870 me
1502 2830 1803 2886 nunquam
1848 2829 1978 2869 eum

261 2910 602 2975 cognmiisse
653 2911 823 2978 pedes
880 2907 1230 2969 extendisse,
1257 2922 1369 2960 non
1421 2906 1614 2959 dedita
1644 2921 1818 2972 Opera
1848 2905 1980 2958 dor-

259 3000 460 3055 miisse
492 2999 548 3053 in
584 3005 730 3062 toro,
761 3004 863 3053 aut
884 3014 1060 3069 super
1089 2996 1302 3052 lectum
1332 3013 1346 3063 ;
1380 2997 1478 3050 sed
1529 3012 1628 3065 per
1657 3000 1834 3048 totam
1871 3011 1978 3048 no-

257 3095 412 3143 ctem
447 3088 656 3142 sedens
701 3088 1044 3142 contexebat
1099 3087 1294 3141 funem
1347 3101 1416 3140 ex
1449 3084 1624 3138 ramis
1653 3083 1732 3155 (5)
1768 3086 1979 3151 palma-

257 3193 417 3241 rum,
440 3183 498 3232 ut
527 3193 596 3232 ex
624 3193 691 3232 eo
719 3178 828 3232 sibi
867 3178 1080 3230 victum
1109 3181 1352 3240 pararet.
1377 3175 1522 3229 Cum
1569 3182 1754 3227 autem
1776 3174 1969 3243 suspi-

257 3283 423 3322 carer
462 3283 617 3334 eum,
652 3283 782 3321 cum
819 3266 1083 3322 adessem
1135 3265 1520 3331 solummodo,
1554 3268 1671 3317 tam
1713 3269 1972 3318 extrema

258 3372 432 3410 usum
463 3373 590 3411 esse
618 3356 1046 3418 exercitatione,
1080 3355 1420 3408 sciscitatus
1453 3369 1580 3406 sum
1618 3357 1681 3406 ut
1701 3368 1907 3406 scirem
1942 3370 1973 3405 a

254 3446 1258 3519 compluribusejusdiscipulis,aut
1277 3450 1552 3516 perpetuo
1578 3449 1972 3498 utereturtum

253 3542 529 3594 accurata
576 3545 881 3608 exactaque
934 3535 1180 3591 exercita
1200 3540 1354 3590 tiens
1389 3533 1530 3605 :qui
1579 3533 1819 3605 quidem
1854 3549 1973 3588 ma-

253 3627 480 3684 nebant
501 3627 614 3698 ipsi
673 3643 905 3698 quoque
926 3627 1199 3696 deinceps
1231 3641 1515 3692 seorsum,
1548 3640 1610 3679 se
1643 3632 1794 3681 recte
1823 3633 1874 3680 et
1907 3640 1976 3680 ex

255 3717 475 3772 virtute
504 3722 785 3785 gerentes.
830 3717 894 3773 Hi
941 3717 1084 3772 mihi
1123 3717 1392 3771 dixerunt
1420 3717 1575 3786 quod
1610 3733 1643 3770 a
1666 3716 1974 3786 juventute

254 3805 438 3860 vitam
472 3821 638 3860 suam
672 3806 752 3860 ita
781 3806 1054 3874 instituit,
1090 3821 1390 3876 nunquam
1425 3804 1621 3858 dedita
1651 3819 1827 3874 opera
1849 3805 1975 3857 dor-

254 3895 450 3951 miens
483 3895 591 3950 nisi
625 3896 776 3968 quod
805 3897 952 3952 inter
979 3896 1340 3968 operandam
1397 3893 1484 3948 vel
1545 3892 1967 3948 comedendum

252 3982 574 4055 aliquando
605 3985 942 4041 convivebat
988 3985 1171 4040 oculis
1219 3984 1462 4053 dejectis
1499 4001 1514 4051 ;
1550 3981 1692 4036 adeo
1734 3986 1799 4034 ut
1827 3995 1973 4050 saepe

253 4075 427 4146 panis
458 4090 687 4146 quoque
711 4075 789 4146 (6)
826 4091 894 4129 ex
931 4075 1058 4145 ejus
1087 4089 1186 4128 ore
1214 4071 1504 4127 excideret
1550 4087 1687 4126 esus
1716 4076 1974 4138 tempore

250 4175 494 4234 prOpIer
532 4166 773 4218 nimiam
805 4163 1297 4219 dormitalionem.
1332 4161 1471 4215 Cum
1501 4165 1694 4216 autem
1728 4177 1834 4229 ego
1864 4161 1972 4216 ali-

249 4253 491 4325 quando
522 4269 784 4325 cogerem
827 4253 984 4308 bunc
1013 4268 1274 4309 sanctum
1320 4249 1620 4322 paululum
1647 4251 1841 4320 jacere
1870 4267 1973 4306 su-

248 4359 356 4414 per
387 4351 659 4409 etoream,
682 4360 833 4416 aegre
865 4345 1054 4400 ferens
1089 4343 1230 4397 mihi
1251 4342 1397 4396 dixit
1429 4358 1442 4398 :
1473 4341 1529 4395 Si
1578 4340 1812 4412 quando
1846 4357 1970 4408 per-

244 4435 514 4495 suaseris
545 4436 768 4504 angelis
803 4440 867 4488 ut
911 4434 1206 4489 dormiant
1261 4439 1383 4486 tum
1441 4431 1669 4486 virtutis
1705 4428 1971 4487 studioso

242 4537 486 4594 quoque
517 4525 901 4595 persuaseris.

320 4612 585 4677 Quodam
615 4619 808 4670 autem
839 4614 932 4668 die
961 4613 1030 4668 ad
1069 4615 1303 4681 puteum
1330 4625 1500 4664 suum
1526 4624 1618 4664 me
1651 4607 1807 4665 misit
1860 4608 1968 4664 oir-
1997 4597 2044 4662 D

241 4714 316 4756 ca
346 4699 550 4757 horam
577 4719 813 4766 nonam,
846 4709 910 4757 ut
941 4703 1244 4773 implerem
1282 4699 1518 4765 cadum,
1545 4713 1664 4769 quo
1703 4713 1768 4752 eo
1801 4698 1860 4752 in
1892 4714 1976 4753 re-

241 4787 500 4846 fectione
554 4799 810 4847 uteretur
868 4808 1001 4848 cum
1063 4790 1310 4846 instaret
1367 4787 1506 4842 hora
1569 4785 1680 4840 cibi
1732 4787 1972 4857 capien-

237 4880 326 4936 di.
391 4881 617 4936 Accidit
690 4887 886 4936 autem
957 4884 1024 4936 ut
1090 4895 1221 4935 cum
1281 4875 1684 4942 accessissem,
1720 4876 1871 4932 infra
1909 4879 1965 4934 in

238 4971 418 5041 puteo
475 4970 726 5024 viderem
785 4970 1069 5040 aspidem,
1103 4973 1160 5024 et
1219 4983 1330 5037 pra
1391 4971 1552 5021 metu
1611 4982 1824 5038 aquam
1859 4966 1967 5022 mi-

236 5057 406 5114 nime
461 5058 775 5127 baurirem,
806 5063 903 5116 sed
955 5057 1240 5115 currendo
1304 5073 1570 5112 reversus
1628 5058 1677 5111 ei
1731 5059 1968 5112 nuntia-

238 5164 393 5212 rem,
427 5149 628 5205 dicens
661 5169 675 5206 :
712 5151 1014 5216 Periimus,
1047 5151 1216 5212 abba,
1249 5149 1366 5202 vidi
1417 5148 1573 5204 enim
1610 5148 1857 5217 aspidem
1884 5148 1968 5202 in-

236 5237 427 5292 ferius
458 5238 516 5292 in
562 5250 752 5309 puteo.
786 5239 886 5294 Ille
935 5246 1125 5293 autem
1177 5239 1410 5291 honeste
1457 5237 1786 5304 subridens,
1819 5254 1962 5306 quo-

233 5326 402 5384 niam
437 5331 546 5384 mei
584 5346 856 5400 magnam
891 5330 1137 5385 habebat
1191 5329 1496 5391 rationem,
1533 5333 1590 5379 et
1621 5332 1795 5396 caput
1825 5343 1964 5398 qua-

229 5418 412 5488 tiens,
439 5420 584 5476 dixit
623 5420 724 5477 :St
750 5421 938 5476 visum
1003 5419 1176 5477 fuerit
1225 5417 1458 5474 diabolo
1503 5416 1562 5471 in
1595 5433 1828 5472 omnem
1865 5435 1964 5487 pu-

227 5515 396 5564 teum
450 5510 688 5580 injicere
744 5518 1066 5584 serpentes,
1098 5517 1156 5566 et
1186 5509 1442 5579 aspidas,
1475 5506 1561 5560 vel
1622 5507 1958 5576 testudines,

221 5604 340 5659 aut
368 5598 1163 5668 aliaveuenataanimalia,in
1195 5614 1400 5654 omnes
1436 5598 1626 5652 fontes
1650 5613 1960 5668 aquarum,

2105 1921 2366 1983 tempora
2431 1919 2488 1968 et
2551 1913 2934 1984 imperatores
3021 1914 3403 1971 insectaretur
3499 1917 3816 1975 maledictis

2104 2010 2339 2075 prepter
2403 2003 2869 2072 persecutiones;
2916 2003 3211 2075 pollicitus
3297 2021 3360 2060 se
3431 2006 3479 2060 ei
3540 2023 3816 2078 magnam

2104 2094 2360 2166 pecuniis
2400 2095 2513 2149 vim
2546 2094 2821 2150 daturum
2843 2095 2916 2149 ob
2953 2097 3082 2165 ejus
3117 2095 3531 2166 calamitatem,
3564 2098 3764 2154 dicens
3797 2116 3812 2157 :

2099 2185 2152 2240 Si
2176 2186 2225 2240 ei
2263 2186 2616 2254 persuaseris
2649 2193 2712 2240 ut
2745 2202 2871 2240 meo
2917 2187 3208 2242 desiderio
3263 2190 3636 2256 assentiatur,
3688 2204 3816 2247 eam

2096 2274 2505 2331 custodinullo
2547 2274 2809 2331 affectam
2861 2276 3168 2346 supplicio.
3201 2277 3365 2344 Quod
3409 2277 3457 2332 si
3504 2279 3816 2336 mansisset

2095 2365 2155 2420 in
2188 2383 2256 2421 ea
2286 2382 2458 2438 quam
2491 2367 2563 2420 ab
2594 2366 2760 2421 initio
2822 2369 3152 2422 ostenderat
3209 2369 3565 2435 austeritate,
3591 2372 3817 2443 rogavit

2097 2460 2163 2510 ut
2183 2471 2252 2511 ea
2302 2455 2590 2526 supplicio
2647 2456 2854 2512 affecta
2905 2468 3247 2522 moreretur,
3291 2473 3386 2523 ne,
3418 2459 3642 2524 dicens,
3684 2461 3814 2517 viva

2096 2561 2285 2601 meam
2319 2545 3102 2618 irrideatintemperantiam.
3135 2548 3422 2604 Producta
3450 2555 3646 2605 autem
3669 2555 3807 2606 ante

2091 2636 2349 2692 tribunal
2407 2638 2566 2702 virgo
2608 2637 2791 2707 fortis,
2823 2637 3068 2693 divorsis
3123 2639 3193 2693 ad
3243 2654 3444 2709 poenas
3489 2641 3807 2697 sumendas

2092 2727 2441 2795 comparatis
2473 2725 2909 2794 instrumentis,
2941 2743 3183 2800 corpore
3228 2727 3342 2782 fuit
3369 2730 3718 2797 excruciata,
3750 2737 3804 2788 et

2090 2818 2372 2872 adversus
2406 2814 2619 2870 multas
2649 2834 2716 2872 ac
2739 2818 2925 2874 varias
2983 2818 3241 2873 rationes
3295 2825 3488 2874 mente
3517 2834 3799 2892 tanquam

2087 2911 2268 2962 turris
2299 2908 2464 2964 ﬁrma
2497 2927 2563 2964 ac
2611 2908 2833 2963 stabilis
2875 2910 3198 2964 resistebat.
3235 2913 3392 2964 lnter
3420 2909 3807 2969 instrumenta

2086 3006 2282 3052 autem
2315 2997 2758 3067 suppliciorum,
2787 2996 3078 3051 crudelius
3111 2999 3406 3067 quoddam
3433 2999 3653 3055 caeteris
3687 3006 3807 3055 tor-

2085 3091 2347 3139 mentum
2382 3087 2452 3140 ab
2484 3103 2549 3140 eo
2571 3085 2668 3157 qui
2695 3092 2832 3140 tunc
2853 3087 3171 3155 eratjudex
3200 3086 3501 3142 inventum
3547 3094 3656 3146 est.
3691 3090 3798 3145 Ju-

2084 3175 2182 3230 bet
2201 3176 2355 3231 enim
2382 3193 2652 3246 magnum
2676 3175 2917 3231 lebetem
2957 3176 3079 3243 pice
3103 3176 3384 3244 repletum
3413 3177 3802 3234 vehementis-

2084 3264 2233 3318 simo
2257 3267 2389 3334 igne
2409 3265 2668 3320 accendi.
2702 3263 2841 3319 Cum
2877 3263 3109 3320 bulliret
3139 3281 3276 3336 ergo
3310 3265 3403 3336 pix
3433 3273 3490 3322 et
3516 3266 3681 3322 valde
3702 3285 3801 3325 ar-

2083 3354 2263 3423 deret,
2295 3370 2602 3409 conversus
2634 3355 2703 3409 ad
2739 3352 2895 3408 illam
2933 3356 3155 3407 beatam
3207 3370 3396 3409 savus
3431 3371 3665 3424 praeses,
3700 3357 3789 3409 di-

2083 3446 2166 3500 xit
2195 3461 2208 3499 :
2235 3447 2361 3511 Abi,
2415 3461 2548 3514 pare
2595 3444 2874 3499 voluntati
2924 3443 3146 3499 domini
3187 3444 3313 3512 tui;
3349 3445 3590 3517 alioqui,
3623 3453 3687 3501 ut
3717 3446 3804 3503 in'

2082 3536 2334 3608 telligas.
2364 3537 2536 3601 jubeo
2567 3540 2622 3590 te
2653 3534 2945 3589 devolviin
2981 3535 3244 3591 lebetem.
3267 3537 3370 3592 llla
3402 3552 3536 3592 vero
3569 3552 3800 3607 respon-

2084 3628 2189 3695 dit,
2224 3628 2464 3682 dicens:
2496 3626 2664 3681 Absit
2695 3625 2856 3679 utsit
2887 3625 3061 3695 iudex
3119 3629 3262 3682 adeo
3311 3626 3553 3697 iniquus
3578 3626 3672 3697 qui
3709 3642 3799 3682 me

2079 3719 2282 3790 jubeat
2315 3733 2514 3786 parere
2545 3715 2770 3770 libidini
2801 3716 3685 3789 etintemperantimJlleitaque
3706 3719 3796 3773 lu-

2086 3824 2212 3864 rore
2260 3807 2530 3876 percitus.
2572 3807 2742 3875 jubet
2795 3821 2921 3861 eam
2979 3808 3139 3871 exui,
3167 3815 3221 3862 et
3251 3808 3310 3862 in
3342 3807 3587 3863 lebetem
3615 3808 3793 3876 injici.

2085 3899 2190 3954 Illa
2219 3915 2352 3953 vero
2381 3913 2576 3952 vocem
2625 3898 2856 3960 emittit,
2889 3897 3130 3952 dieene:
3162 3903 3268 3951 Per
3315 3906 3488 3965 caput
3538 3897 3795 3966 impera-

2081 3987 2228 4044 toris
2257 3987 2370 4058 (10)
2401 4002 2576 4058 quem
2609 3990 2669 4040 tu
2703 3987 2892 4050 times,
2927 3983 2976 4039 si
3007 3985 3257 4039 statuisti
3284 3985 3369 4040 sic
3393 4001 3481 4040 me
3511 3983 3795 4053 supplicio

2083 4077 2330 4138 afficere,
2366 4094 2435 4131 ne
2459 4075 2710 4144 jusseris
2741 4089 2832 4129 me
2862 4074 3026 4140 exui;
3061 4075 3157 4129 sed
3185 4074 3327 4144 jube
3371 4089 3461 4129 me
3519 4073 3794 4143 paulatim

2080 4168 2140 4223 in
2176 4168 2356 4238 picem
2387 4166 2696 4221 ferventem
2731 4165 2975 4231 demitti,
3002 4173 3060 4218 ut
3091 4164 3290 4219 videas
3338 4168 3621 4236 quantam
3647 4165 3790 4220 mihi

2081 4256 2322 4327 largitus
2377 4262 2467 4310 est
2517 4255 2856 4323 patientiam
2906 4253 3174 4309 Christus
3234 4268 3407 4326 quem
3441 4257 3500 4306 tu
3536 4253 3788 4321 ignoras.

2079 4348 2216 4413 Quae
2246 4348 2327 4402 sic
2387 4346 2666 4418 paulatim
2714 4345 2969 4400 demissa
3025 4343 3213 4414 spatio
3271 4343 3451 4399 trium
3484 4342 3785 4412 horarum,

2079 4438 2272 4494 emisit
2299 4437 2566 4510 spiritum
2599 4451 2733 4491 cum
2766 4435 2860 4504 pix
2892 4438 3245 4501 pervenisset
3280 4434 3351 4490 ad
3404 4434 3534 4506 ejus
3554 4432 3790 4490 collum.

2742 4522 2976 4581 CAPUT
3020 4523 3112 4581 IV.

2576 4617 2692 4671 vua
2725 4617 2743 4652 ι
2778 4613 3126 4687 migrauit)
3156 4613 3300 4669 orbi.

2153 4705 2448 4764 Plurimus
2477 4721 2610 4775 ergo
2633 4709 2816 4762 castus
2856 4717 3189 4759 sanctorum
3218 4703 3468 4758 virorum
3501 4705 3557 4756 et
3587 4701 3790 4757 mulie-

2080 4812 2209 4851 rum
2243 4801 2380 4852 tunc
2412 4796 2520 4851 fuit
2549 4797 2998 4851 consummatus
3019 4791 3076 4847 in
3101 4791 3343 4847 ecclesia
3372 4789 3782 4856 Alexandrina,

2080 4887 2179 4960 qui
2212 4891 2350 4942 sunt
2378 4885 2593 4942 inventi
2625 4884 2784 4957 digni
2817 4891 2967 4938 terra
2992 4881 3241 4937 mitium.
3276 4881 3430 4936 Inter
3459 4895 3609 4950 quos
3640 4895 3786 4934 con-

2077 4982 2412 5034 summatur
2475 4977 2646 5032 etiam
2718 4977 2917 5028 beatus
3005 4971 3250 5042 scriptor
3332 4969 3606 5041 Didymus
3686 4971 3783 5039 qui

2077 5067 2186 5122 fuit
2215 5071 2394 5122 orbus
2422 5067 2556 5138 (t2).
2577 5065 2718 5121 Cum
2746 5081 2861 5136 quo
2885 5061 2991 5116 luit
3021 5062 3162 5117 mihi
3195 5065 3402 5130 quater
3422 5059 3778 5131 congressio,

2074 5171 2207 5212 cum
2243 5159 2438 5212 decem
2499 5171 2784 5211 annorum
2825 5153 3121 5222 interjecto
3165 5151 3472 5206 intervallo
3530 5151 3601 5205 ad
3644 5164 3778 5204 eum

2077 5246 2491 5317 proficiscerer.
2527 5249 2580 5302 ls
2633 5253 2826 5301 autem
2881 5247 3329 5299 consummatur
3378 5250 3549 5295 natus
3591 5255 3778 5294 annos

2072 5335 2364 5406 octoginta
2397 5341 2672 5409 quinque.
2711 5336 2838 5392 Fuit
2861 5343 3052 5390 autem
3103 5334 3148 5389 is
3181 5335 3374 5394 orbus,
3410 5329 3601 5402 utqui
3641 5343 3775 5384 cum

2071 5431 2225 5480 esset
2255 5429 2503 5496 quatuor
2530 5442 2714 5482 annos
2755 5437 2946 5490 natus,
2977 5423 3174 5479 oculos
3226 5421 3504 5488 amiserit,
3537 5426 3599 5474 ut
3653 5417 3779 5489 ipse

2071 5514 2214 5569 mibi
2241 5518 2522 5586 narravit;
2555 5523 2610 5573 et
2634 5533 2820 5589 neque
2842 5514 3067 5570 litteras
3087 5512 3308 5580 didicit,
3326 5525 3513 5582 neque
3534 5509 3777 5564 ventita-

2067 5605 2150 5661 vit
2168 5607 2236 5662 ad
2275 5615 2672 5681 praeceptores.
2701 5609 2959 5667 Habebat
2977 5607 3132 5666 enim
3155 5605 3474 5664 secundum
3508 5609 3774 5662 naturam

312 5690 327 5726 ¹
360 5687 467 5745 Hic
492 5691 775 5763 Didymus
807 5692 975 5748 initio
1007 5689 1320 5748 sanctitate
1342 5695 1403 5744 .et
1434 5685 1706 5744 doctrina
1734 5687 1950 5760 clarus,
1983 5694 2052 5749 ad
2087 5703 2435 5766 extremum,
2467 5699 2818 5772 Origenista.
