4100 6204
368 312 523 372 1015

1945 305 2306 370 PALLADII

3734 307 3901 369 1016

358 443 697 513 magistram
748 444 975 503 ﬁrmam
1027 464 1092 504 ac
1115 448 1387 511 validam,
1432 444 1724 517 propriam
1766 443 2066 500 conscien-
2102 448 2152 512 Α
2188 459 2352 499 mens
2384 444 2566 503 linum
2597 461 2611 511 ;
2638 440 2884 512 reliquis
2916 446 3108 496 autem
3150 440 3313 497 horis
3346 444 3534 497 mente
3555 441 3782 498 revolvo
3812 442 3905 497 vi-

352 532 919 591 tiam.Tantaautem
942 536 1227 605 Spiritalis
1255 535 1603 603 cognitionis
1671 534 1784 588 fuit
1842 550 2076 589 exorna-

354 628 452 679 tus
512 628 720 697 gratis,
751 631 811 681 ut
872 644 1065 681 revera
1100 627 1532 699 implereturin
1601 642 1666 680 eo
1723 628 1877 696 quod
1934 624 2075 677 scri-

355 719 517 785 ptum
579 725 661 769 est
706 732 718 769 :
770 715 1046 770 Dominus
1107 716 1404 771 illuminat
1470 715 1584 784 (13)
1649 731 1828 769 caecos
1892 714 2071 787 (Paul.

356 806 539 873 CXLV).
575 803 753 859 Vetus
784 804 934 859 enim
969 812 1025 859 et
1058 823 1267 861 novum
1321 807 1758 861 Testamentum
1792 804 2071 870 interpre-

356 896 592 949 tabatur
641 896 712 948 ad
780 896 1017 949 verbum
1057 911 1069 949 :
1103 897 1383 966 dogmata
1440 901 1632 949 autem
1694 893 1988 948 subtiliter
2017 894 2071 948 el

352 991 466 1038 tam
498 989 729 1038 strenue
760 987 1108 1055 exponebat,
1144 994 1203 1041 ut
1227 1002 1431 1041 omnes
1464 999 1681 1041 veteres
1714 987 1953 1038 scientia
1978 1000 2073 1037 su-

362 1074 595 1145 perarit.

426 1167 477 1219 Is
509 1180 635 1218 cum
678 1163 989 1235 aliquando
1025 1182 1115 1221 me
1157 1171 1385 1237 cogeret
1443 1166 1501 1220 in
1560 1164 1703 1220 cella
1747 1165 1927 1220 facere
1948 1181 2072 1219 ora-

355 1254 591 1319 tionem,
625 1270 731 1324 ego
779 1262 971 1309 autem
1011 1256 1249 1324 nollem,
1284 1256 1424 1310 mihi
1470 1256 1614 1310 dixit
1647 1270 1930 1309 narrans:
1962 1254 2070 1308 Ter

351 1343 410 1399 in
439 1343 589 1397 hanc
620 1343 827 1399 cellam
862 1345 1163 1416 ingressus
1197 1352 1286 1401 est
1321 1347 1528 1401 beatus
1550 1346 1853 1413 Antonius,
1879 1350 1939 1398 ut
1980 1359 2069 1399 me

354 1433 599 1500 viseret;
637 1433 736 1504 qui
768 1451 799 1487 ει
833 1450 921 1489 me
952 1445 1189 1507 rogatus
1220 1442 1285 1490 ut
1329 1436 1540 1491 faceret
1571 1434 1916 1500 orationem,
1946 1440 2068 1488 sta-

350 1522 455 1578 tim
488 1540 637 1594 genu
674 1524 827 1579 ﬂexit
860 1525 919 1580 in
951 1526 1059 1582 hac
1090 1526 1254 1595 cella,
1288 1543 1475 1599 neque
1495 1526 1787 1581 commisit
1820 1531 1883 1581 ut
1912 1526 2065 1596 quod

353 1613 606 1670 dixeram
658 1615 868 1669 iterutu
921 1621 1267 1685 repeterem,
1301 1633 1363 1670 re
1408 1617 1535 1687 ipsa
1581 1615 1817 1686 quidem
1850 1615 2066 1671 docens

350 1704 410 1758 in
442 1704 791 1759 obetlientia.
826 1707 1012 1770 Quare
1043 1707 1088 1761 si
1121 1713 1178 1761 tu
1230 1722 1458 1777 quoque
1504 1707 1632 1773 ejus
1665 1708 1787 1759 vitae
1820 1705 2065 1775 vestigia

2188 540 2305 589 tam
2339 544 2673 590 sanctorum
2708 536 2969 597 Patrum,
3003 536 3059 585 et
3105 530 3583 602 patriarcharum,
3616 542 3668 588 et
3708 538 3903 589 certa-

2187 626 2345 680 mina
2404 626 2702 681 beatorum
2765 626 3184 693 apostolorum,
3235 628 3294 676 et
3348 622 3787 693 prephetarum,
3847 630 3903 680 et

2188 722 2528 786 martyrum.
2566 716 2875 784 Postquam
2910 718 3104 765 autem
3127 713 3450 766 adventant
3482 728 3743 783 vespera,
3765 729 3899 769 cum

2190 806 2497 860 Dominum
2552 820 2749 858 meum
2783 803 3202 873 glortlicavero,
3255 802 3449 856 cibum
3502 802 3669 871 panis
3713 806 3904 873 capio,

2184 894 2473 967 plurimas
2506 894 2678 949 horas
2730 892 2915 948 noctis
2975 908 3347 962 perseverans
3404 892 3463 945 in
3529 894 3816 961 oratione,
3850 900 3904 950 et

2182 985 2358 1039 linem
2414 991 2780 1054 exspectans,
2817 983 3049 1053 quando
3108 982 3244 1036 hinc
3288 981 3577 1037 dissolvar
3618 998 3757 1036 cum
3802 999 3901 1054 spe

2185 1074 2358 1142 bona,
2389 1084 2434 1128 et
2473 1074 2765 1145 apparebo
2797 1079 2930 1126 ante
2962 1071 3163 1125 faciem
3199 1071 3413 1126 Christi
3447 1072 3567 1126 Dei.

2248 1166 2370 1221 Non
2402 1164 2841 1234 praetermittam
2903 1175 3095 1217 amem
3155 1163 3209 1217 in
3256 1165 3591 1219 narratione
3624 1178 3725 1219 eos
3758 1181 3899 1237 quo-

2179 1270 2292 1327 que
2322 1253 2419 1325 qui
2451 1255 2525 1308 ita
2556 1254 2844 1316 vixerunt,
2880 1258 2942 1307 ut
2972 1251 3224 1323 speciem
3276 1253 3509 1323 quidem
3558 1270 3671 1323 pm
3697 1270 3761 1308 se
3796 1254 3901 1308 fer-

2179 1350 2308 1399 rent
2354 1343 2576 1414 pietalis
2615 1358 2680 1398 ac
2739 1342 3207 1413 religionis;sed
3256 1358 3379 1397 eam
3439 1348 3899 1408 contemnerent,

2174 1435 2243 1489 ad
2279 1432 2508 1489 laudem
2568 1434 2806 1504 quidem
2860 1450 3061 1487 eorum
3097 1434 3200 1504 qui
3234 1438 3387 1488 recte
3416 1438 3472 1488 ct
3503 1450 3572 1489 ex
3594 1434 3812 1489 virtute
3844 1450 3901 1490 se

2175 1530 2402 1595 gerunt,
2444 1528 2501 1578 et
2540 1530 2605 1578 ut
2636 1523 2785 1580 cauti
2819 1524 2938 1577 sint
2966 1528 3022 1577 et
3052 1523 3254 1577 attenti
3287 1523 3388 1594 qui
3420 1523 3645 1595 legunt.

2904 1612 3087 1667 APUT
3135 1612 3222 1667 VI.

2904 1621 2937 1666 Α
3183 1612 3222 1667 Ι.

2211 1706 2283 1759 De
2311 1703 2543 1775 quadam
2581 1703 2800 1772 Virgine
2827 1612 3266 1774 ᾳῗεεῗὲἷονῖὺαι
3289 1718 3485 1759 amore
3508 1703 3867 1760 divitiarum.

351 1792 720 1864 sequeris,ut
759 1796 858 1865 qui
891 1796 973 1851 sis
1008 1796 1327 1851 monachus
1352 1803 1407 1852 et
1431 1796 1645 1866 hospes
1666 1796 1737 1851 ob
1770 1794 2063 1863 virtutem,
2099 1825 2143 1890 Β
2248 1795 2384 1850 Erat
2416 1796 2675 1867 quaedam
2736 1795 3094 1890 Alexandriae
3126 1796 3317 1890 -virgo
3384 1794 3576 1890 solum
3644 1798 3900 1861 nomine,

350 1899 581 1941 omnem
614 1885 840 1954 depone
870 1888 1329 1942 contentionem.

419 1974 525 2029 Hic
560 1975 682 2044 ispe
710 1975 814 2029 hoc
847 1994 1076 2047 quoque
1111 1978 1248 2032 mihi
1298 1978 1593 2032 narravit:
1637 1978 1775 2031 Cum
1805 1978 2059 2046 quodam

349 2064 463 2130 die,
499 2064 706 2128 aiebat,
740 2065 809 2119 de
832 2065 948 2120 \ita
981 2065 1177 2121 miseri
1199 2066 1416 2122 Juliani
1440 2066 1829 2137 imperatoris,
1866 2072 2062 2132 utpote

354 2153 768 2223 persecutoris,
819 2172 1005 2210 essem
1068 2156 1378 2224 sollicitus,
1444 2167 1497 2211 et
1552 2157 1743 2210 omino
1800 2172 2062 2225 angerer,

350 2244 557 2299 accidit
587 2250 647 2299 ut
682 2255 911 2315 propter
958 2246 1109 2302 hanc
1157 2247 1609 2303 sollicitudinem
1653 2249 1722 2302 ad
1765 2265 2063 2315 vesperam

349 2348 532 2403 usque
563 2349 749 2389 seram
788 2334 932 2390 nihil
964 2338 1328 2392 comederem
1353 2355 1368 2406 ;
1394 2344 1450 2392 et
1478 2354 1610 2393 cum
1658 2338 1716 2391 in
1772 2336 1936 2392 sedili
1970 2353 2066 2390 se-

349 2423 572 2491 derem,
606 2440 697 2478 me
729 2441 969 2481 somnus
1019 2427 1394 2497 Opprimeret,
1428 2434 1483 2483 et
1510 2428 1766 2482 viderem
1801 2428 1859 2482 in
1884 2425 2066 2482 extasi

350 2528 533 2586 equos
556 2514 719 2570 albos
766 2532 902 2572 cum
962 2518 1351 2574 insessoribus
1402 2524 1824 2589 percurrentes,
1865 2523 1921 2573 et
1958 2534 2066 2572 ao-

349 2603 720 2660 nuntiantes:
752 2605 938 2663 Dicite
970 2607 1233 2680 Didymo,
1267 2609 1438 2665 hodie
1466 2610 1610 2665 hora
1640 2610 1885 2678 septima
1911 2623 2069 2662 mor-

350 2695 489 2748 tuus
520 2698 611 2749 est
654 2694 1161 2768 Julianus;surge
1218 2714 1353 2769 ergo
1410 2702 1467 2753 et
1509 2701 1746 2753 comede
1778 2714 1791 2764 ;
1824 2702 1882 2753 et
1910 2697 2065 2769 quod

350 2786 414 2837 tu
445 2781 582 2849 scis,
615 2784 856 2839 domum
892 2786 1056 2842 mitte
1085 2787 1157 2842 ad
1206 2787 1545 2859 episcopum
1568 2786 1970 2851 Athanasium,
2005 2788 2070 2841 ut

350 2869 447 2925 ille
479 2886 710 2943 quoque
740 2871 849 2928 hoc
902 2873 1067 2930 sciat.
1128 2873 1332 2931 Notavi
1389 2882 1607 2944 autem,
1640 2876 1843 2945 inquit,
1874 2880 1932 2931 et
1961 2876 2067 2931 ho-

352 2975 500 3027 ram,
524 2966 582 3018 et
630 2961 809 3031 diem,
842 2966 898 3019 et
956 2963 1403 3034 hebdomadam,
1435 2970 1492 3021 et
1549 2981 1831 3032 mensem,
1864 2969 1921 3020 et
1985 2964 2069 3021 sic

355 3050 571 3109 inveni.

1052 3146 1283 3204 CAPUT
1321 3147 1389 3202 V.

951 3235 1284 3290 Alexandra!
1330 3237 1467 3293 Vita.

427 3319 693 3377 Narravit
724 3326 919 3378 autem
956 3324 1093 3378 mihi
1127 3340 1352 3394 quoque
1377 3324 1470 3379 hic
1502 3326 1707 3379 beatus
1729 3325 1799 3380 de
1822 3326 2077 3396 quadam

355 3408 579 3476 ancilla,
633 3411 867 3465 nomine
916 3413 1259 3480 Alex'mdrn,
1311 3430 1435 3481 quia
1493 3415 1691 3467 relicta
1749 3416 1983 3469 civitate
2021 3416 2078 3469 in

364 3500 727 3554 monimento
759 3516 818 3553 se
869 3501 1126 3569 inclusit,
1165 3519 1265 3573 per
1316 3503 1571 3558 foramen
1631 3504 1920 3571 accipiens
1950 3522 2079 3575 quas

356 3592 528 3641 erant
563 3589 910 3655 necessaria,
944 3605 1133 3660 neque
1166 3593 1223 3645 in
1255 3592 1510 3647 virorum
1566 3610 1755 3664 neque
1786 3595 1841 3649 in
1878 3594 2085 3650 mulie-

360 3690 489 3730 rum
553 3682 932 3747 conspectum
991 3681 1226 3735 veniens
1282 3683 1470 3752 spatio
1522 3683 1723 3737 decem
1768 3700 2081 3740 annorum.

358 3766 601 3821 Decimo
633 3774 825 3824 autem
879 3786 1032 3825 anno
1089 3771 1254 3826 aiunt
1313 3777 1560 3841 beatam,
1591 3791 1721 3829 cum
1747 3775 2081 3841 dormisset,

366 3856 655 3924 secipsam
689 3860 1107 3926 composuisse,
1125 3863 1267 3917 adeo
1288 3868 1353 3918 ut
1379 3881 1501 3929 quae
1524 3865 1694 3919 solita
1714 3877 1831 3921 erat
1863 3868 1929 3921 ad
1953 3883 2080 3922 eam

370 3947 586 4015 venire,
622 3963 753 4002 cum
788 3948 872 4003 illi
905 3966 1020 4005 non
1067 3953 1479 4022 respondisset,
1516 3954 1685 4010 nobis
1716 3957 2085 4013 renuntiave-

372 4033 465 4090 rit.
536 4040 675 4091 Cum
745 4054 849 4093 nos
897 4055 1033 4110 ergo
1091 4044 1561 4107 accessissemus,
1628 4049 1685 4098 et
1742 4045 2085 4100 monimenti

370 4124 582 4180 ostium
626 4128 1071 4197 amovissemus,
1105 4130 1356 4201 ingressi
1409 4149 1617 4189 sumus
1662 4138 1718 4188 et
1756 4134 2085 4190 invenimus

367 4227 492 4268 eam
525 4216 909 4274 obdormisse.

445 4302 519 4356 [)e
551 4318 617 4358 ea
650 4310 845 4360 autem
874 4304 1100 4360 dicebat
1129 4306 1303 4362 etiam
1340 4308 1677 4364 beatissima
1700 4310 1940 4365 Melania
1964 4310 2081 4366 Ro-

370 4392 762 4459 mana,cujus
802 4394 977 4447 vitam
1022 4395 1267 4449 narrabo
1326 4402 1579 4467 tempore
1617 4404 1673 4453 et
1723 4400 1844 4453 loco
1874 4415 2085 4455 conve-

370 4477 547 4531 nienti
600 4481 935 4549 tIn/ra,hic,
995 4486 1308 4555 01:12.1”).
1368 4485 1574 4555 Hujus,
1635 4487 1843 4560 inquit,
1905 4489 2084 4545 beatae

2177 1885 2381 1941 habitu
2406 1885 2643 1957 quidem
2677 1884 2938 1949 humilis,
2961 1883 3141 1938 animi
3174 1891 3364 1939 autem
3401 1885 3673 1940 instituto
3710 1902 3899 1957 parca,

2176 1977 2430 2045 superba
2459 1982 2515 2029 et
2547 1974 2828 2039 insolens,
2862 1981 2917 2027 et
2947 1973 3221 2029 laborans
3244 1975 3507 2037 avaritia.
3539 1976 3668 2031 auri
3706 1976 3898 2047 potius

2175 2080 2350 2135 quam
2385 2064 2597 2120 Christi
2642 2078 2885 2118 amans:
2918 2079 2985 2117 ex
3047 2066 3218 2119 rebus
3267 2062 3383 2120 suis
3435 2065 3580 2119 nulli
3638 2082 3903 2138 unquam

2175 2154 2478 2218 exhibens,
2515 2170 2628 2210 non
2677 2154 2915 2223 hospiti,
2944 2169 3057 2207 non
3108 2156 3344 2225 pauperi
3378 2160 3480 2209 aut
3510 2155 3757 2219 alﬂicto,
3790 2173 3902 2212 non

2178 2245 2485 2311 monacho,
2546 2260 2659 2300 non
2730 2243 2960 2314 virgini,
3031 2259 3143 2299 non
3213 2244 3468 2301 ecclesias
3534 2244 3624 2300 vel
3664 2247 3901 2301 obuium

2178 2350 2381 2390 unum.
2411 2333 2485 2389 Ea
2520 2331 2721 2387 multis
2753 2338 3085 2387 sanctorum
3120 2333 3349 2388 Patrum
3392 2334 3905 2391 admonitionibus

2175 2424 2438 2487 incitata,
2490 2439 2602 2478 non
2656 2425 2946 2492 repelebat
3002 2437 3180 2493 grave
3241 2425 3469 2495 pondus
3526 2424 3899 2483 divitiarum.

2178 2519 2309 2570 Erat
2335 2520 2528 2570 autem
2553 2515 2603 2569 ei
2638 2529 2872 2585 quoque
2902 2530 3108 2585 genus,
3145 2530 3213 2569 eu
3244 2530 3359 2586 quo
3406 2517 3624 2570 sororis
3674 2532 3801 2571 sum
3834 2517 3904 2572 fi-

2177 2605 2315 2660 liam
2348 2605 2407 2659 in
2442 2602 2621 2658 filiam
2658 2604 3051 2674 adoptaverat.
3080 2604 3185 2660 Cui
3219 2610 3395 2660 noctu
3425 2614 3477 2659 et
3502 2605 3600 2660 diu
3632 2622 3741 2662 sua
3773 2605 3903 2677 pol-

2177 2693 2482 2759 licebatur,
2516 2708 2654 2749 cum
2688 2693 2818 2764 ipsa
2846 2692 3157 2749 excidisset
3178 2694 3252 2749 ab
3293 2694 3507 2765 apibus
3543 2694 3903 2752 ccelestibus.

2175 2784 2321 2839 Nam
2353 2782 2473 2838 hinc
2503 2797 2734 2855 quoque
2762 2786 2855 2838 est
2875 2798 2992 2837 una
3021 2783 3245 2853 species
3275 2783 3499 2839 fraudis
3531 2784 3772 2852 diaboli,
3798 2784 3907 2857 qui

2176 2877 2455 2945 praetextu
2515 2870 2731 2927 amoris
2790 2871 2849 2926 in
2910 2878 3208 2943 cognatos,
3256 2871 3435 2929 efﬁcit
3498 2878 3561 2928 ut
3620 2882 3912 2933 nascatur

2180 2962 2445 3019 avaritia.
2478 2965 2623 3017 Nam
2665 2962 2821 3031 quod
2848 2962 2902 3019 ei
2940 2961 3103 3017 nulla
3141 2962 3219 3017 sit
3255 2978 3397 3017 cura
3456 2962 3715 3035 generis,
3766 2964 3908 3021 hinc

2182 3056 2360 3125 patet.
2409 3050 2539 3121 Ipse
2594 3049 2751 3106 enim
2791 3052 2986 3106 docuit
3039 3056 3097 3107 et
3146 3051 3400 3117 fratrem,
3441 3061 3496 3108 et
3533 3057 3807 3123 matrem,
3850 3059 3909 3110 et

2188 3147 2406 3216 patrem
2466 3140 2745 3198 occidere.
2782 3140 2963 3212 [dque
3036 3149 3122 3198 est
3197 3157 3267 3198 ex
3342 3143 3667 3213 Scripturis
3745 3149 3907 3200 extra

2191 3234 2667 3291 controversiam.
2703 3233 2809 3287 Sed
2842 3233 2949 3288 etsi
3006 3234 3274 3290 videatur
3346 3233 3647 3291 nonnullis
3700 3250 3904 3292 curam

2190 3330 2575 3395 cognatorum
2636 3324 2892 3380 inserere
2948 3324 3129 3395 (Deut.
3161 3326 3286 3395 xu),
3320 3342 3433 3381 non
3461 3327 3566 3380 hoc
3589 3326 3730 3381 facit
3751 3328 3900 3395 quod

2190 3415 2307 3470 illis
2342 3418 2482 3468 bene
2504 3413 2659 3480 velit,
2695 3417 2793 3469 sed
2828 3422 2891 3469 ut
2920 3431 3119 3471 eorum
3164 3417 3258 3484 qui
3300 3417 3349 3470 ei
3409 3422 3613 3486 parent
3643 3420 3899 3475 animam

2189 3514 2383 3574 aperte
2414 3511 2672 3560 exerceat
2706 3507 2772 3560 ad
2810 3506 3184 3575 injustitiam,
3216 3523 3345 3562 cum
3382 3507 3508 3577 ipse
3552 3508 3701 3564 sciat
3724 3509 3900 3566 latam

2190 3598 2565 3660 sententiam,
2608 3612 2731 3664 quae
2780 3596 2966 3652 dicit:
3027 3598 3237 3665 Injusti
3306 3614 3544 3669 regnum
3616 3598 3714 3653 Dei
3787 3616 3900 3655 non

2192 3684 2574 3756 possidebunt
2603 3687 2650 3749 (Ι
2680 3686 2804 3742 Cor.
2838 3688 2932 3755 v1).
2971 3688 3154 3743 Potest
3185 3693 3376 3744 autem
3432 3690 3663 3760 aliquis,
3694 3696 3753 3747 et
3784 3690 3905 3760 spi-

2192 3775 2343 3830 ritali
2379 3783 2571 3831 motus
2601 3777 3004 3848 intelligentia,
3036 3787 3093 3833 et
3134 3778 3328 3834 divino
3354 3781 3673 3851 ,‘desiderio.
3708 3797 3900 3854 neque

2194 3882 2361 3920 suam
2387 3866 2679 3937 negligere
2710 3868 2990 3935 animam,
3026 3873 3083 3923 et
3138 3870 3402 3940 cognatis
3464 3886 3632 3942 opem
3669 3872 3837 3938 ferre,
3869 3872 3917 3926 si

2194 3957 2335 4029 quid
2365 3956 2448 4011 eis
2481 3957 2745 4012 defuerit.
2769 3958 3008 4022 Quando
3041 3963 3235 4015 autem
3266 3962 3396 4031 quis
3420 3960 3500 4015 ita
3528 3966 3709 4017 totam
3736 3978 3909 4018 suam

2196 4045 2458 4100 instituit
2489 4046 2773 4113 animam,
2799 4054 2947 4102 utea
2979 4047 3336 4118 despiciatur
3364 4057 3421 4105 et
3476 4050 3768 4106 obruatur
3799 4067 3911 4123 pra:

2197 4150 2343 4190 cura
2372 4142 2745 4200 cognatorum
2799 4137 2937 4208 (14),
2968 4137 3019 4193 is
3077 4139 3281 4194 incidit
3329 4139 3387 4195 in
3447 4138 3657 4210 legem,
3692 4149 3757 4195 ut
3816 4144 3915 4212 qui

2195 4240 2363 4279 suam
2401 4241 2501 4294 pro
2538 4241 2679 4280 vano
2710 4228 2958 4282 aestimet
3006 4228 3284 4283 animam.
3311 4230 3476 4285 Canit
3506 4236 3701 4284 autem
3734 4230 3915 4286 David

2195 4329 2423 4385 quoque
2450 4331 2614 4370 sacer
2645 4316 3134 4389 psalmographus
3154 4319 3226 4373 de
3257 4319 3326 4373 iis
3355 4320 3450 4387 qui
3482 4318 3690 4374 animae
3706 4335 3911 4375 curam

2196 4409 2428 4474 gerunt.
2472 4404 2530 4460 in
2558 4405 2767 4462 timore
2796 4405 2892 4462 Dei
2917 4408 3117 4463 dicens
3150 4424 3163 4462 :
3197 4407 3337 4471 Quis
3358 4409 3628 4464 ascendet
3659 4408 3719 4463 in
3743 4425 3915 4465 mon-

2194 4496 2308 4547 tem
2343 4492 2571 4549 Domini
2594 4498 2742 4567 ?pro
2773 4513 2838 4552 eo
2870 4498 3019 4569 quod
3053 4502 3161 4564 est,
3204 4514 3385 4554 rarus.
3426 4501 3540 4554 Aut
3566 4498 3706 4571 quis
3734 4497 3913 4554 stabit

368 4566 572 4621 faciem
610 4586 723 4623 non
760 4572 916 4642 potui
949 4572 1163 4630 intueri
1203 4586 1398 4630 :slans
1427 4586 1617 4631 autem
1652 4594 1787 4650 ergo
1818 4580 1969 4633 circa
2003 4580 2077 4634 fo-
2110 4570 2151 4635 Ι)
2179 4582 2239 4637 in
2274 4584 2400 4640 loco
2458 4566 2660 4642 sancto
2712 4590 2842 4656 ejus
2957 4588 3237 4644 Innocens
3271 4590 3559 4656 manibus,
3592 4599 3649 4647 et
3685 4589 3910 4649 mundo

366 4672 586 4726 ramen,
614 4675 738 4715 eam
780 4662 972 4729 rogavi
1006 4669 1070 4718 ut
1138 4664 1279 4720 mihi
1329 4668 1538 4722 diceret
1570 4684 1804 4724 causam
1841 4674 2073 4741 propter

368 4763 541 4817 quam
576 4752 817 4805 secessit
847 4754 1080 4824 quidem
1117 4773 1145 4806 ει
1175 4755 1426 4819 civitate,
1460 4757 1708 4828 seipsam
1751 4766 1945 4813 autem
1980 4760 2073 4812 in-

366 4836 536 4891 clusit
578 4840 957 4896 monimento.
992 4842 1101 4897 illa
1140 4844 1593 4915 autem.inquit,
1654 4862 1755 4915 per
1813 4846 2073 4901 foramen

365 4939 457 4978 me
508 4932 597 4981 est
646 4928 915 4998 allocuta,
962 4933 1210 4988 dicens:
1251 4934 1522 4999 Quidam,
1583 4935 1795 5004 inquit,
1865 4935 2072 4991 insano

362 5015 476 5069 mei
506 5032 705 5072 amore
748 5020 1076 5085 tenebatur,
1110 5028 1167 5075 et
1220 5039 1292 5077 ne
1338 5038 1470 5076 eum
1528 5022 1753 5079 viderer
1810 5026 2075 5080 molestia

360 5104 610 5165 afﬁcere.
644 5106 729 5163 vel
763 5107 820 5163 in
854 5110 1131 5164 invidiam
1190 5127 1416 5180 vocare,
1463 5111 1643 5166 malui
1679 5128 1769 5168 me
1803 5114 1988 5169 vivam
2012 5115 2068 5170 in

358 5194 466 5251 hoc
501 5199 925 5255 monimentum
969 5201 1199 5268 inferre,
1233 5218 1411 5274 quam
1461 5204 1753 5261 offendere
1804 5206 2061 5263 animam

358 5304 482 5359 quae
517 5290 658 5345 facta
690 5296 777 5345 est
807 5294 876 5344 ad
914 5291 1009 5346 Dei
1068 5294 1405 5364 imaginem.
1439 5295 1581 5349 Cum
1637 5305 1831 5350 autem
1886 5313 1991 5366 ego
2013 5296 2060 5351 ei

358 5377 635 5433 dixissem
671 5397 684 5433 :
721 5381 1021 5443 Quomodo
1083 5384 1229 5437 ferre
1265 5390 1441 5454 potes.
1475 5401 1636 5440 serva
1682 5387 1893 5442 Christi
1950 5386 2070 5453 Dei,

356 5478 489 5518 cum
537 5467 696 5523 nullo
751 5470 989 5525 omnino
1040 5472 1313 5544 colloqui,
1344 5475 1437 5527 sed
1487 5473 1614 5528 sola
1647 5492 1903 5545 pugnare
1934 5492 2069 5531 cum

368 5552 591 5609 desidia
644 5562 701 5610 et
750 5560 1198 5629 cogitationibus
1224 5561 1251 5617 ‘2
1283 5562 1423 5617 mihi
1475 5566 1792 5636 respuudit,
1826 5567 2025 5621 dicens
2062 5579 2075 5617 :

355 5646 401 5697 Α
440 5658 608 5699 mane
659 5660 846 5715 usque
898 5650 967 5703 ad
1028 5649 1230 5705 horam
1286 5668 1496 5708 nonam
1554 5670 1675 5721 oro,
1709 5670 1809 5723 per
1867 5654 2066 5710 horam

2180 4675 2370 4741 corde,
2405 4676 2503 4745 qui
2538 4693 2649 4731 non
2681 4679 2901 4749 accepit
2930 4679 2987 4733 in
3022 4696 3168 4735 vano
3225 4680 3482 4736 animam
3524 4698 3695 4738 suam
3721 4684 3906 4751 (Psal.

2181 4766 2374 4834 χχιιι).
2410 4766 2497 4819 llli
2555 4767 2709 4821 enim
2765 4768 3025 4823 animam
3083 4786 3250 4825 suam
3304 4770 3362 4824 in
3401 4787 3550 4826 vano
3578 4774 3901 4844 accipiunt,

2183 4854 2286 4924 qui
2312 4854 2645 4908 existimant
2671 4870 2796 4909 eam
2821 4855 3056 4911 dissolvi
3099 4874 3213 4912 una
3247 4874 3379 4913 cum
3419 4858 3527 4916 hac
3558 4862 3903 4930 caruncula,

2184 4942 2285 5011 qui
2319 4943 2557 4997 virtutes
2589 4945 2878 5012 spiritales
2911 4945 3233 5017 negligunt.

2256 5030 2395 5085 Huic
2428 5031 2649 5099 virgini,
2684 5050 2813 5103 quas
2846 5034 2967 5089 solo
3027 5036 3262 5092 nomine
3310 5036 3422 5091 sibi
3471 5045 3777 5107 paraverat
3806 5058 3907 5114 ap-

2185 5119 2575 5191 pellationem,
2608 5125 2868 5178 moribus
2896 5130 3083 5179 autem
3130 5130 3254 5182 erat
3302 5127 3493 5182 aliena
3522 5129 3595 5183 ab
3618 5132 3902 5187 exercita-

2185 5210 2363 5271 tione,
2395 5227 2525 5265 cum
2560 5228 2786 5281 venam,
2821 5219 2882 5267 ut
2935 5213 3170 5280 dicitur,
3204 5216 3377 5271 vellet
3422 5216 3677 5273 incidere
3710 5220 3787 5275 ad
3819 5220 3905 5275 le-

2184 5299 2430 5354 vandam
2465 5304 2792 5369 avaritiam,
2825 5304 3234 5359 sanctissimus
3286 5306 3573 5362 Macarius
3597 5308 3713 5379 (15)
3749 5326 3906 5380 pres-

2185 5388 2351 5457 byter
2379 5395 2437 5443 et
2496 5391 2799 5460 praefectus
2860 5393 3279 5463 ptochotmphii
3338 5412 3541 5454 eorum
3601 5397 3703 5465 qui
3765 5401 3903 5453 sunt

2185 5494 2422 5548 corpore
2490 5481 2764 5545 mutilati,
2789 5482 2961 5538 talem
3022 5490 3217 5539 actum
3276 5486 3514 5557 cogitat.
3574 5487 3715 5542 Erat
3743 5488 3897 5544 enim

2185 5568 2234 5623 is
2266 5568 2627 5639 ajuventute
2669 5571 2987 5639 lapidarius
3028 5574 3161 5640 (16).
3197 5574 3284 5631 Ad
3332 5590 3460 5632 eam
3505 5586 3706 5634 autem
3741 5594 3898 5635 acce-

2186 5662 2354 5727 dens,
2412 5659 2600 5715 dicit:
2662 5660 2727 5717 In
2799 5678 2893 5719 me
2946 5663 3280 5720 inciderunt
3317 5665 3573 5737 pulchris
3626 5684 3895 5740 gemma,
