  <div class='ocr_page' id='page_1' title='image "/cluster/home/n/w/nwhite01/storage/ocr_20150623/34/hvd.32044073501835/520.png"; bbox 0 0 4100 6204; ppageno 0'>
   <div class='ocr_carea' id='block_1_1' title="bbox 256 331 403 393">
    <p class='ocr_par' dir='ltr' id='par_1_1' title="bbox 256 331 403 393">
     <span class='ocr_line' id='line_1_1' title="bbox 256 331 403 393; baseline -0.007 0"><span class='ocrx_word' id='word_1_1' title='bbox 256 331 403 393; x_wconf 65' lang='grc'><strong>1021</strong></span> 
     </span>
    </p>
   </div>
   <div class='ocr_carea' id='block_1_2' title="bbox 1603 330 2428 398">
    <p class='ocr_par' dir='ltr' id='par_1_2' title="bbox 1603 330 2428 398">
     <span class='ocr_line' id='line_1_2' title="bbox 1603 330 2428 398; baseline 0.008 -7"><span class='ocrx_word' id='word_1_2' title='bbox 1603 330 1968 394; x_wconf 77' lang='lat' dir='ltr'><strong>HISTORIA</strong></span> <span class='ocrx_word' id='word_1_3' title='bbox 2010 335 2115 395; x_wconf 81' lang='lat' dir='ltr'><strong>LA</strong></span> <span class='ocrx_word' id='word_1_4' title='bbox 2126 334 2428 398; x_wconf 80' lang='lat' dir='ltr'><strong>USIACA.</strong></span> 
     </span>
    </p>
   </div>
   <div class='ocr_carea' id='block_1_3' title="bbox 3622 348 3776 408">
    <p class='ocr_par' dir='ltr' id='par_1_3' title="bbox 3622 348 3776 408">
     <span class='ocr_line' id='line_1_3' title="bbox 3622 348 3776 408; baseline 0.013 -2"><span class='ocrx_word' id='word_1_5' title='bbox 3622 348 3776 408; x_wconf 64' lang='lat'><strong>1022</strong></span> 
     </span>
    </p>
   </div>
   <div class='ocr_carea' id='block_1_4' title="bbox 246 460 3767 554">
    <p class='ocr_par' dir='ltr' id='par_1_4' title="bbox 246 460 3767 554">
     <span class='ocr_line' id='line_1_4' title="bbox 246 460 3767 554; baseline 0.004 -31"><span class='ocrx_word' id='word_1_6' title='bbox 246 462 543 537; x_wconf 85' lang='lat' dir='ltr'><strong>smaragdi</strong></span> <span class='ocrx_word' id='word_1_7' title='bbox 600 466 657 519; x_wconf 90' lang='lat' dir='ltr'><strong>et</strong></span> <span class='ocrx_word' id='word_1_8' title='bbox 711 460 1030 554; x_wconf 75' lang='lat' dir='ltr'><strong>hyacinthi,</strong></span> <span class='ocrx_word' id='word_1_9' title='bbox 1092 478 1200 521; x_wconf 89' lang='lat' dir='ltr'><strong>nec</strong></span> <span class='ocrx_word' id='word_1_10' title='bbox 1231 463 1348 520; x_wconf 86' lang='lat' dir='ltr'><strong>scio</strong></span> <span class='ocrx_word' id='word_1_11' title='bbox 1379 479 1453 521; x_wconf 89' lang='lat' dir='ltr'><strong>an</strong></span> <span class='ocrx_word' id='word_1_12' title='bbox 1484 465 1601 520; x_wconf 78' lang='lat' dir='ltr'><strong>sint</strong></span> <span class='ocrx_word' id='word_1_13' title='bbox 1627 464 1843 535; x_wconf 81' lang='lat' dir='ltr'><strong>furtivi,</strong></span> <span class='ocrx_word' id='word_1_14' title='bbox 1876 482 1950 522; x_wconf 89' lang='lat' dir='ltr'><strong>an</strong></span> <span class='ocrx_word' id='word_1_15' title='bbox 1980 474 2027 537; x_wconf 80' lang='grc' dir='ltr'><strong>Α</strong></span> <span class='ocrx_word' id='word_1_16' title='bbox 2064 466 2217 524; x_wconf 89' lang='lat' dir='ltr'><strong>diem</strong></span> <span class='ocrx_word' id='word_1_17' title='bbox 2254 485 2432 525; x_wconf 92' lang='lat' dir='ltr'><strong>unum</strong></span> <span class='ocrx_word' id='word_1_18' title='bbox 2466 476 2522 527; x_wconf 91' lang='lat' dir='ltr'><strong>et</strong></span> <span class='ocrx_word' id='word_1_19' title='bbox 2552 472 2863 531; x_wconf 89' lang='lat' dir='ltr'><strong>dimidium</strong></span> <span class='ocrx_word' id='word_1_20' title='bbox 2897 476 3027 533; x_wconf 90' lang='lat' dir='ltr'><strong>veni</strong></span> <span class='ocrx_word' id='word_1_21' title='bbox 3053 477 3112 533; x_wconf 90' lang='lat' dir='ltr'><strong>in</strong></span> <span class='ocrx_word' id='word_1_22' title='bbox 3148 482 3402 535; x_wconf 85' lang='lat' dir='ltr'><strong>montem</strong></span> <span class='ocrx_word' id='word_1_23' title='bbox 3434 481 3505 536; x_wconf 88' lang='lat' dir='ltr'><strong>ad</strong></span> <span class='ocrx_word' id='word_1_24' title='bbox 3539 486 3767 554; x_wconf 89' lang='lat' dir='ltr'><strong>partem</strong></span> 
     </span>
    </p>
   </div>
   <div class='ocr_carea' id='block_1_5' title="bbox 246 550 3764 641">
    <p class='ocr_par' dir='ltr' id='par_1_5' title="bbox 246 550 3764 641">
     <span class='ocr_line' id='line_1_5' title="bbox 246 550 3764 641; baseline 0.005 -29"><span class='ocrx_word' id='word_1_25' title='bbox 246 555 496 627; x_wconf 85' lang='lat' dir='ltr'><strong>alicuius</strong></span> <span class='ocrx_word' id='word_1_26' title='bbox 534 554 894 612; x_wconf 89' lang='lat' dir='ltr'><strong>mercatoris.</strong></span> <span class='ocrx_word' id='word_1_27' title='bbox 935 550 1061 611; x_wconf 84' lang='lat' dir='ltr'><strong>Non</strong></span> <span class='ocrx_word' id='word_1_28' title='bbox 1094 554 1474 611; x_wconf 88' lang='lat' dir='ltr'><strong>constituitur</strong></span> <span class='ocrx_word' id='word_1_29' title='bbox 1516 555 1671 611; x_wconf 90' lang='lat' dir='ltr'><strong>enim</strong></span> <span class='ocrx_word' id='word_1_30' title='bbox 1705 556 1791 612; x_wconf 87' lang='lat' dir='ltr'><strong>eis</strong></span> <span class='ocrx_word' id='word_1_31' title='bbox 1822 573 1960 628; x_wconf 90' lang='lat' dir='ltr'><strong>pre-</strong></span> <span class='ocrx_word' id='word_1_32' title='bbox 2066 558 2527 616; x_wconf 81' lang='lat' dir='ltr'><strong>meridionalem.</strong></span> <span class='ocrx_word' id='word_1_33' title='bbox 2563 562 2629 619; x_wconf 88' lang='lat' dir='ltr'><strong>In</strong></span> <span class='ocrx_word' id='word_1_34' title='bbox 2660 581 2774 635; x_wconf 91' lang='lat' dir='ltr'><strong>quo</strong></span> <span class='ocrx_word' id='word_1_35' title='bbox 2799 571 2994 622; x_wconf 91' lang='lat' dir='ltr'><strong>monte</strong></span> <span class='ocrx_word' id='word_1_36' title='bbox 3018 566 3132 623; x_wconf 90' lang='lat' dir='ltr'><strong>sita</strong></span> <span class='ocrx_word' id='word_1_37' title='bbox 3153 574 3238 625; x_wconf 91' lang='lat' dir='ltr'><strong>est</strong></span> <span class='ocrx_word' id='word_1_38' title='bbox 3260 570 3467 641; x_wconf 89' lang='lat' dir='ltr'><strong>ingens</strong></span> <span class='ocrx_word' id='word_1_39' title='bbox 3490 550 3764 641; x_wconf 80' lang='lat' dir='ltr'><strong>solitudo,</strong></span> 
     </span>
    </p>
   </div>
   <div class='ocr_carea' id='block_1_6' title="bbox 246 643 1952 717">
    <p class='ocr_par' dir='ltr' id='par_1_6' title="bbox 246 643 1952 717">
     <span class='ocr_line' id='line_1_6' title="bbox 246 643 1952 717; baseline 0 -16"><span class='ocrx_word' id='word_1_40' title='bbox 246 646 418 710; x_wconf 89' lang='lat' dir='ltr'><strong>tium,</strong></span> <span class='ocrx_word' id='word_1_41' title='bbox 452 661 582 702; x_wconf 90' lang='lat' dir='ltr'><strong>cum</strong></span> <span class='ocrx_word' id='word_1_42' title='bbox 604 643 1046 701; x_wconf 66' lang='lat' dir='ltr'><strong>aestimationem</strong></span> <span class='ocrx_word' id='word_1_43' title='bbox 1073 650 1350 717; x_wconf 86' lang='lat' dir='ltr'><strong>superent</strong></span> <span class='ocrx_word' id='word_1_44' title='bbox 1374 660 1389 711; x_wconf 90' lang='lat'><strong>;</strong></span> <span class='ocrx_word' id='word_1_45' title='bbox 1418 644 1515 717; x_wconf 91' lang='lat' dir='ltr'><strong>qui</strong></span> <span class='ocrx_word' id='word_1_46' title='bbox 1539 645 1715 701; x_wconf 89' lang='lat' dir='ltr'><strong>habet</strong></span> <span class='ocrx_word' id='word_1_47' title='bbox 1735 650 1952 707; x_wconf 85' lang='lat' dir='ltr'><strong>autem,</strong></span> 
     </span>
    </p>
   </div>
   <div class='ocr_carea' id='block_1_7' title="bbox 242 732 1951 808">
    <p class='ocr_par' dir='ltr' id='par_1_7' title="bbox 242 732 1951 808">
     <span class='ocr_line' id='line_1_7' title="bbox 242 732 1951 808; baseline -0.001 -16"><span class='ocrx_word' id='word_1_48' title='bbox 242 736 443 792; x_wconf 80' lang='lat' dir='ltr'><strong>vendit</strong></span> <span class='ocrx_word' id='word_1_49' title='bbox 472 751 567 791; x_wconf 90' lang='lat' dir='ltr'><strong>eas</strong></span> <span class='ocrx_word' id='word_1_50' title='bbox 590 734 929 808; x_wconf 88' lang='lat' dir='ltr'><strong>quingentis</strong></span> <span class='ocrx_word' id='word_1_51' title='bbox 959 732 1186 790; x_wconf 85' lang='lat' dir='ltr'><strong>solidis.</strong></span> <span class='ocrx_word' id='word_1_52' title='bbox 1217 733 1278 790; x_wconf 91' lang='lat' dir='ltr'><strong>Si</strong></span> <span class='ocrx_word' id='word_1_53' title='bbox 1311 750 1447 806; x_wconf 87' lang='lat' dir='ltr'><strong>ergo</strong></span> <span class='ocrx_word' id='word_1_54' title='bbox 1477 733 1582 790; x_wconf 91' lang='lat' dir='ltr'><strong>tibi</strong></span> <span class='ocrx_word' id='word_1_55' title='bbox 1612 735 1797 790; x_wconf 89' lang='lat' dir='ltr'><strong>visum</strong></span> <span class='ocrx_word' id='word_1_56' title='bbox 1831 735 1951 791; x_wconf 89' lang='lat' dir='ltr'><strong>fue-</strong></span> 
     </span>
    </p>
   </div>
   <div class='ocr_carea' id='block_1_8' title="bbox 240 823 1953 896">
    <p class='ocr_par' dir='ltr' id='par_1_8' title="bbox 240 823 1953 896">
     <span class='ocr_line' id='line_1_8' title="bbox 240 823 1953 896; baseline -0.001 -14"><span class='ocrx_word' id='word_1_57' title='bbox 240 824 321 883; x_wconf 85' lang='lat' dir='ltr'><strong>rit</strong></span> <span class='ocrx_word' id='word_1_58' title='bbox 344 842 447 883; x_wconf 84' lang='lat' dir='ltr'><strong>eas</strong></span> <span class='ocrx_word' id='word_1_59' title='bbox 475 825 757 896; x_wconf 85' lang='lat' dir='ltr'><strong>accipere,</strong></span> <span class='ocrx_word' id='word_1_60' title='bbox 788 824 864 881; x_wconf 90' lang='lat' dir='ltr'><strong>da</strong></span> <span class='ocrx_word' id='word_1_61' title='bbox 894 824 1245 896; x_wconf 89' lang='lat' dir='ltr'><strong>quingentos</strong></span> <span class='ocrx_word' id='word_1_62' title='bbox 1276 823 1515 891; x_wconf 89' lang='lat' dir='ltr'><strong>solidos,</strong></span> <span class='ocrx_word' id='word_1_63' title='bbox 1542 830 1706 896; x_wconf 89' lang='lat' dir='ltr'><strong>potes</strong></span> <span class='ocrx_word' id='word_1_64' title='bbox 1736 840 1805 880; x_wconf 85' lang='lat' dir='ltr'><strong>ex</strong></span> <span class='ocrx_word' id='word_1_65' title='bbox 1838 842 1953 881; x_wconf 89' lang='lat' dir='ltr'><strong>una</strong></span> 
     </span>
    </p>
   </div>
   <div class='ocr_carea' id='block_1_9' title="bbox 241 912 1951 987">
    <p class='ocr_par' dir='ltr' id='par_1_9' title="bbox 241 912 1951 987">
     <span class='ocr_line' id='line_1_9' title="bbox 241 912 1951 987; baseline -0.001 -17"><span class='ocrx_word' id='word_1_66' title='bbox 241 930 474 987; x_wconf 87' lang='lat' dir='ltr'><strong>gemma</strong></span> <span class='ocrx_word' id='word_1_67' title='bbox 496 913 754 985; x_wconf 89' lang='lat' dir='ltr'><strong>accipere</strong></span> <span class='ocrx_word' id='word_1_68' title='bbox 802 912 1177 985; x_wconf 90' lang='lat' dir='ltr'><strong>quingentos,</strong></span> <span class='ocrx_word' id='word_1_69' title='bbox 1228 912 1472 985; x_wconf 91' lang='lat' dir='ltr'><strong>reliquis</strong></span> <span class='ocrx_word' id='word_1_70' title='bbox 1519 919 1713 969; x_wconf 89' lang='lat' dir='ltr'><strong>autem</strong></span> <span class='ocrx_word' id='word_1_71' title='bbox 1764 913 1848 967; x_wconf 89' lang='lat' dir='ltr'><strong>uti</strong></span> <span class='ocrx_word' id='word_1_72' title='bbox 1878 912 1951 968; x_wconf 90' lang='lat' dir='ltr'><strong>ad</strong></span> 
     </span>
    </p>
   </div>
   <div class='ocr_carea' id='block_1_10' title="bbox 245 1000 1949 1060">
    <p class='ocr_par' dir='ltr' id='par_1_10' title="bbox 245 1000 1949 1060">
     <span class='ocr_line' id='line_1_10' title="bbox 245 1000 1949 1060; baseline -0.001 -3"><span class='ocrx_word' id='word_1_73' title='bbox 245 1002 585 1060; x_wconf 82' lang='lat' dir='ltr'><strong>variandum</strong></span> <span class='ocrx_word' id='word_1_74' title='bbox 630 1007 917 1058; x_wconf 90' lang='lat' dir='ltr'><strong>mundum</strong></span> <span class='ocrx_word' id='word_1_75' title='bbox 966 1001 1097 1057; x_wconf 67' lang='lat' dir='ltr'><strong>tilia</strong></span> <span class='ocrx_word' id='word_1_76' title='bbox 1144 1006 1256 1056; x_wconf 67' lang='lat' dir='ltr'><strong>tuse</strong></span> <span class='ocrx_word' id='word_1_77' title='bbox 1304 1002 1540 1058; x_wconf 87' lang='lat' dir='ltr'><strong>sororis.</strong></span> <span class='ocrx_word' id='word_1_78' title='bbox 1579 1000 1724 1057; x_wconf 87' lang='lat' dir='ltr'><strong>Cum</strong></span> <span class='ocrx_word' id='word_1_79' title='bbox 1757 1010 1949 1057; x_wconf 89' lang='lat' dir='ltr'><strong>autem</strong></span> 
     </span>
    </p>
   </div>
   <div class='ocr_carea' id='block_1_11' title="bbox 243 1092 1953 1165">
    <p class='ocr_par' dir='ltr' id='par_1_11' title="bbox 243 1092 1953 1165">
     <span class='ocr_line' id='line_1_11' title="bbox 243 1092 1953 1165; baseline 0 -16"><span class='ocrx_word' id='word_1_80' title='bbox 243 1109 370 1165; x_wconf 69' lang='lat' dir='ltr'><strong>qua</strong></span> <span class='ocrx_word' id='word_1_81' title='bbox 400 1092 707 1149; x_wconf 81' lang='lat' dir='ltr'><strong>dicebatur</strong></span> <span class='ocrx_word' id='word_1_82' title='bbox 735 1092 895 1164; x_wconf 89' lang='lat' dir='ltr'><strong>virgo</strong></span> <span class='ocrx_word' id='word_1_83' title='bbox 937 1096 1060 1147; x_wconf 87' lang='lat' dir='ltr'><strong>tota</strong></span> <span class='ocrx_word' id='word_1_84' title='bbox 1093 1093 1371 1163; x_wconf 76' lang='lat' dir='ltr'><strong>penderet</strong></span> <span class='ocrx_word' id='word_1_85' title='bbox 1419 1109 1453 1147; x_wconf 87' lang='lat' dir='ltr'><strong>a</strong></span> <span class='ocrx_word' id='word_1_86' title='bbox 1485 1092 1698 1164; x_wconf 87' lang='lat' dir='ltr'><strong>puella,</strong></span> <span class='ocrx_word' id='word_1_87' title='bbox 1730 1093 1953 1149; x_wconf 86' lang='lat' dir='ltr'><strong>inesca-</strong></span> 
     </span>
    </p>
   </div>
   <div class='ocr_carea' id='block_1_12' title="bbox 237 1182 1953 1255">
    <p class='ocr_par' dir='ltr' id='par_1_12' title="bbox 237 1182 1953 1255">
     <span class='ocr_line' id='line_1_12' title="bbox 237 1182 1953 1255; baseline -0.001 -15"><span class='ocrx_word' id='word_1_88' title='bbox 237 1187 338 1240; x_wconf 89' lang='lat' dir='ltr'><strong>tur</strong></span> <span class='ocrx_word' id='word_1_89' title='bbox 364 1183 491 1255; x_wconf 84' lang='lat' dir='ltr'><strong>ejus</strong></span> <span class='ocrx_word' id='word_1_90' title='bbox 520 1183 795 1239; x_wconf 65' lang='lat' dir='ltr'><strong>ornanda</strong></span> <span class='ocrx_word' id='word_1_91' title='bbox 824 1183 1145 1255; x_wconf 79' lang='lat' dir='ltr'><strong>cupiditate</strong></span> <span class='ocrx_word' id='word_1_92' title='bbox 1172 1206 1187 1250; x_wconf 88' lang='lat'><strong>;</strong></span> <span class='ocrx_word' id='word_1_93' title='bbox 1218 1188 1275 1238; x_wconf 92' lang='lat' dir='ltr'><strong>et</strong></span> <span class='ocrx_word' id='word_1_94' title='bbox 1305 1182 1554 1253; x_wconf 88' lang='lat' dir='ltr'><strong>procidit</strong></span> <span class='ocrx_word' id='word_1_95' title='bbox 1584 1182 1652 1237; x_wconf 90' lang='lat' dir='ltr'><strong>ad</strong></span> <span class='ocrx_word' id='word_1_96' title='bbox 1686 1185 1813 1253; x_wconf 85' lang='lat' dir='ltr'><strong>ejus</strong></span> <span class='ocrx_word' id='word_1_97' title='bbox 1847 1198 1953 1253; x_wconf 89' lang='lat' dir='ltr'><strong>pe-</strong></span> 
     </span>
    </p>
   </div>
   <div class='ocr_carea' id='block_1_13' title="bbox 235 1271 1949 1346">
    <p class='ocr_par' dir='ltr' id='par_1_13' title="bbox 235 1271 1949 1346">
     <span class='ocr_line' id='line_1_13' title="bbox 235 1271 1949 1346; baseline -0.002 -16"><span class='ocrx_word' id='word_1_98' title='bbox 235 1274 361 1343; x_wconf 89' lang='lat' dir='ltr'><strong>des,</strong></span> <span class='ocrx_word' id='word_1_99' title='bbox 384 1279 444 1330; x_wconf 90' lang='lat' dir='ltr'><strong>et</strong></span> <span class='ocrx_word' id='word_1_100' title='bbox 471 1272 618 1329; x_wconf 81' lang='lat' dir='ltr'><strong>dixit</strong></span> <span class='ocrx_word' id='word_1_101' title='bbox 644 1289 659 1329; x_wconf 91' lang='lat'><strong>:</strong></span> <span class='ocrx_word' id='word_1_102' title='bbox 696 1273 852 1343; x_wconf 75' lang='lat' dir='ltr'><strong>Rogo</strong></span> <span class='ocrx_word' id='word_1_103' title='bbox 882 1280 937 1330; x_wconf 91' lang='lat' dir='ltr'><strong>te</strong></span> <span class='ocrx_word' id='word_1_104' title='bbox 962 1288 1033 1329; x_wconf 89' lang='lat' dir='ltr'><strong>ne</strong></span> <span class='ocrx_word' id='word_1_105' title='bbox 1054 1272 1188 1346; x_wconf 91' lang='lat' dir='ltr'><strong>quis</strong></span> <span class='ocrx_word' id='word_1_106' title='bbox 1218 1273 1371 1329; x_wconf 88' lang='lat' dir='ltr'><strong>alius</strong></span> <span class='ocrx_word' id='word_1_107' title='bbox 1402 1288 1498 1328; x_wconf 90' lang='lat' dir='ltr'><strong>eas</strong></span> <span class='ocrx_word' id='word_1_108' title='bbox 1519 1272 1785 1343; x_wconf 88' lang='lat' dir='ltr'><strong>accipiat.</strong></span> <span class='ocrx_word' id='word_1_109' title='bbox 1811 1271 1949 1327; x_wconf 88' lang='lat' dir='ltr'><strong>Eam</strong></span> 
     </span>
    </p>
   </div>
   <div class='ocr_carea' id='block_1_14' title="bbox 236 1361 1949 1437">
    <p class='ocr_par' dir='ltr' id='par_1_14' title="bbox 236 1361 1949 1437">
     <span class='ocr_line' id='line_1_14' title="bbox 236 1361 1949 1437; baseline -0.002 -17"><span class='ocrx_word' id='word_1_110' title='bbox 236 1379 375 1437; x_wconf 90' lang='lat' dir='ltr'><strong>ergo</strong></span> <span class='ocrx_word' id='word_1_111' title='bbox 406 1363 749 1419; x_wconf 88' lang='lat' dir='ltr'><strong>adhortatur</strong></span> <span class='ocrx_word' id='word_1_112' title='bbox 780 1372 1034 1430; x_wconf 83' lang='lat' dir='ltr'><strong>sanctus,</strong></span> <span class='ocrx_word' id='word_1_113' title='bbox 1075 1362 1312 1418; x_wconf 89' lang='lat' dir='ltr'><strong>dicens:</strong></span> <span class='ocrx_word' id='word_1_114' title='bbox 1354 1361 1497 1419; x_wconf 87' lang='lat' dir='ltr'><strong>Veni</strong></span> <span class='ocrx_word' id='word_1_115' title='bbox 1529 1377 1712 1433; x_wconf 91' lang='lat' dir='ltr'><strong>usque</strong></span> <span class='ocrx_word' id='word_1_116' title='bbox 1742 1362 1811 1416; x_wconf 92' lang='lat' dir='ltr'><strong>ad</strong></span> <span class='ocrx_word' id='word_1_117' title='bbox 1843 1361 1949 1417; x_wconf 90' lang='lat' dir='ltr'><strong>do-</strong></span> 
     </span>
    </p>
   </div>
   <div class='ocr_carea' id='block_1_15' title="bbox 233 1449 1950 1530">
    <p class='ocr_par' dir='ltr' id='par_1_15' title="bbox 233 1449 1950 1530">
     <span class='ocr_line' id='line_1_15' title="bbox 233 1449 1950 1530; baseline -0.002 -21"><span class='ocrx_word' id='word_1_118' title='bbox 233 1469 405 1530; x_wconf 60' lang='lat' dir='ltr'><strong>gnum</strong></span> <span class='ocrx_word' id='word_1_119' title='bbox 440 1469 652 1521; x_wconf 87' lang='lat' dir='ltr'><strong>meam,</strong></span> <span class='ocrx_word' id='word_1_120' title='bbox 674 1457 733 1511; x_wconf 87' lang='lat' dir='ltr'><strong>el.</strong></span> <span class='ocrx_word' id='word_1_121' title='bbox 764 1468 863 1510; x_wconf 89' lang='lat' dir='ltr'><strong>eas</strong></span> <span class='ocrx_word' id='word_1_122' title='bbox 895 1454 1109 1526; x_wconf 89' lang='lat' dir='ltr'><strong>aspice.</strong></span> <span class='ocrx_word' id='word_1_123' title='bbox 1144 1452 1250 1508; x_wconf 86' lang='lat' dir='ltr'><strong>Illa</strong></span> <span class='ocrx_word' id='word_1_124' title='bbox 1280 1461 1473 1510; x_wconf 89' lang='lat' dir='ltr'><strong>autem</strong></span> <span class='ocrx_word' id='word_1_125' title='bbox 1510 1452 1735 1519; x_wconf 88' lang='lat' dir='ltr'><strong>noluit;</strong></span> <span class='ocrx_word' id='word_1_126' title='bbox 1767 1452 1867 1509; x_wconf 89' lang='lat' dir='ltr'><strong>sed</strong></span> <span class='ocrx_word' id='word_1_127' title='bbox 1899 1449 1950 1507; x_wconf 92' lang='lat' dir='ltr'><strong>ei</strong></span> 
     </span>
    </p>
   </div>
   <div class='ocr_carea' id='block_1_16' title="bbox 238 1543 1951 1617">
    <p class='ocr_par' dir='ltr' id='par_1_16' title="bbox 238 1543 1951 1617">
     <span class='ocr_line' id='line_1_16' title="bbox 238 1543 1951 1617; baseline -0.001 -17"><span class='ocrx_word' id='word_1_128' title='bbox 238 1544 463 1617; x_wconf 78' lang='lat' dir='ltr'><strong>praebet</strong></span> <span class='ocrx_word' id='word_1_129' title='bbox 508 1544 861 1617; x_wconf 87' lang='lat' dir='ltr'><strong>quingentos</strong></span> <span class='ocrx_word' id='word_1_130' title='bbox 908 1543 1144 1613; x_wconf 90' lang='lat' dir='ltr'><strong>solidos,</strong></span> <span class='ocrx_word' id='word_1_131' title='bbox 1203 1544 1442 1600; x_wconf 87' lang='lat' dir='ltr'><strong>dicens:</strong></span> <span class='ocrx_word' id='word_1_132' title='bbox 1490 1547 1646 1615; x_wconf 83' lang='lat' dir='ltr'><strong>Rogo</strong></span> <span class='ocrx_word' id='word_1_133' title='bbox 1700 1548 1777 1610; x_wconf 90' lang='lat' dir='ltr'><strong>te,</strong></span> <span class='ocrx_word' id='word_1_134' title='bbox 1827 1543 1951 1615; x_wconf 90' lang='lat' dir='ltr'><strong>ipse</strong></span> 
     </span>
    </p>
   </div>
   <div class='ocr_carea' id='block_1_17' title="bbox 240 1631 1947 1707">
    <p class='ocr_par' dir='ltr' id='par_1_17' title="bbox 240 1631 1947 1707">
     <span class='ocr_line' id='line_1_17' title="bbox 240 1631 1947 1707; baseline -0.002 -17"><span class='ocrx_word' id='word_1_135' title='bbox 240 1649 344 1690; x_wconf 82' lang='lat' dir='ltr'><strong>eas</strong></span> <span class='ocrx_word' id='word_1_136' title='bbox 372 1637 439 1689; x_wconf 90' lang='lat' dir='ltr'><strong>ut</strong></span> <span class='ocrx_word' id='word_1_137' title='bbox 465 1633 556 1690; x_wconf 89' lang='lat' dir='ltr'><strong>vis</strong></span> <span class='ocrx_word' id='word_1_138' title='bbox 589 1649 731 1707; x_wconf 89' lang='lat' dir='ltr'><strong>cape</strong></span> <span class='ocrx_word' id='word_1_139' title='bbox 763 1651 778 1701; x_wconf 87' lang='lat'><strong>;</strong></span> <span class='ocrx_word' id='word_1_140' title='bbox 822 1631 955 1690; x_wconf 90' lang='lat' dir='ltr'><strong>nolo</strong></span> <span class='ocrx_word' id='word_1_141' title='bbox 985 1633 1144 1689; x_wconf 90' lang='lat' dir='ltr'><strong>enim</strong></span> <span class='ocrx_word' id='word_1_142' title='bbox 1174 1633 1367 1690; x_wconf 90' lang='lat' dir='ltr'><strong>videre</strong></span> <span class='ocrx_word' id='word_1_143' title='bbox 1398 1632 1691 1690; x_wconf 88' lang='lat' dir='ltr'><strong>hominem</strong></span> <span class='ocrx_word' id='word_1_144' title='bbox 1723 1633 1821 1704; x_wconf 89' lang='lat' dir='ltr'><strong>qui</strong></span> <span class='ocrx_word' id='word_1_145' title='bbox 1850 1648 1947 1689; x_wconf 89' lang='lat' dir='ltr'><strong>eas</strong></span> 
     </span>
    </p>
   </div>
   <div class='ocr_carea' id='block_1_18' title="bbox 235 1722 1949 1795">
    <p class='ocr_par' dir='ltr' id='par_1_18' title="bbox 235 1722 1949 1795">
     <span class='ocr_line' id='line_1_18' title="bbox 235 1722 1949 1795; baseline 0 -16"><span class='ocrx_word' id='word_1_146' title='bbox 235 1722 460 1780; x_wconf 83' lang='lat' dir='ltr'><strong>vendit.</strong></span> <span class='ocrx_word' id='word_1_147' title='bbox 492 1723 638 1781; x_wconf 86' lang='lat' dir='ltr'><strong>Cum</strong></span> <span class='ocrx_word' id='word_1_148' title='bbox 688 1727 883 1779; x_wconf 88' lang='lat' dir='ltr'><strong>autem</strong></span> <span class='ocrx_word' id='word_1_149' title='bbox 932 1723 1284 1795; x_wconf 88' lang='lat' dir='ltr'><strong>quingentos</strong></span> <span class='ocrx_word' id='word_1_150' title='bbox 1328 1723 1545 1779; x_wconf 89' lang='lat' dir='ltr'><strong>solidos</strong></span> <span class='ocrx_word' id='word_1_151' title='bbox 1594 1723 1666 1779; x_wconf 90' lang='lat' dir='ltr'><strong>ab</strong></span> <span class='ocrx_word' id='word_1_152' title='bbox 1698 1738 1765 1777; x_wconf 91' lang='lat' dir='ltr'><strong>ea</strong></span> <span class='ocrx_word' id='word_1_153' title='bbox 1793 1738 1949 1779; x_wconf 86' lang='lat' dir='ltr'><strong>acce-</strong></span> 
     </span>
    </p>
   </div>
   <div class='ocr_carea' id='block_1_19' title="bbox 251 1813 2026 1903">
    <p class='ocr_par' dir='ltr' id='par_1_19' title="bbox 251 1813 2026 1903">
     <span class='ocr_line' id='line_1_19' title="bbox 251 1813 2026 1903; baseline -0.001 -34"><span class='ocrx_word' id='word_1_154' title='bbox 251 1815 437 1886; x_wconf 89' lang='lat' dir='ltr'><strong>pisset</strong></span> <span class='ocrx_word' id='word_1_155' title='bbox 466 1818 707 1870; x_wconf 88' lang='lat' dir='ltr'><strong>sanctus</strong></span> <span class='ocrx_word' id='word_1_156' title='bbox 734 1813 1042 1882; x_wconf 85' lang='lat' dir='ltr'><strong>Macarius,</strong></span> <span class='ocrx_word' id='word_1_157' title='bbox 1072 1813 1172 1869; x_wconf 90' lang='lat' dir='ltr'><strong>dat</strong></span> <span class='ocrx_word' id='word_1_158' title='bbox 1186 1829 1285 1869; x_wconf 90' lang='lat' dir='ltr'><strong>eos</strong></span> <span class='ocrx_word' id='word_1_159' title='bbox 1306 1813 1379 1869; x_wconf 88' lang='lat' dir='ltr'><strong>ad</strong></span> <span class='ocrx_word' id='word_1_160' title='bbox 1406 1828 1575 1869; x_wconf 89' lang='lat' dir='ltr'><strong>usum</strong></span> <span class='ocrx_word' id='word_1_161' title='bbox 1612 1813 1946 1884; x_wconf 89' lang='lat' dir='ltr'><strong>ptochotro-</strong></span> <span class='ocrx_word' id='word_1_162' title='bbox 1980 1839 2026 1903; x_wconf 75' lang='grc' dir='ltr'>Β</span> 
     </span>
    </p>
   </div>
   <div class='ocr_carea' id='block_1_20' title="bbox 240 1904 1947 1980">
    <p class='ocr_par' dir='ltr' id='par_1_20' title="bbox 240 1904 1947 1980">
     <span class='ocr_line' id='line_1_20' title="bbox 240 1904 1947 1980; baseline -0.001 -17"><span class='ocrx_word' id='word_1_163' title='bbox 240 1907 390 1980; x_wconf 91' lang='lat' dir='ltr'><strong>phii.</strong></span> <span class='ocrx_word' id='word_1_164' title='bbox 416 1906 565 1963; x_wconf 84' lang='lat' dir='ltr'><strong>Cum</strong></span> <span class='ocrx_word' id='word_1_165' title='bbox 596 1911 789 1962; x_wconf 89' lang='lat' dir='ltr'><strong>autem</strong></span> <span class='ocrx_word' id='word_1_166' title='bbox 822 1906 1070 1962; x_wconf 89' lang='lat' dir='ltr'><strong>multum</strong></span> <span class='ocrx_word' id='word_1_167' title='bbox 1103 1914 1334 1978; x_wconf 83' lang='lat' dir='ltr'><strong>tempus</strong></span> <span class='ocrx_word' id='word_1_168' title='bbox 1368 1904 1762 1978; x_wconf 66' lang='lat' dir='ltr'><strong>praeteriisset,</strong></span> <span class='ocrx_word' id='word_1_169' title='bbox 1803 1920 1947 1974; x_wconf 87' lang='lat' dir='ltr'><strong>quo-</strong></span> 
     </span>
    </p>
   </div>
   <div class='ocr_carea' id='block_1_21' title="bbox 240 1992 1949 2067">
    <p class='ocr_par' dir='ltr' id='par_1_21' title="bbox 240 1992 1949 2067">
     <span class='ocr_line' id='line_1_21' title="bbox 240 1992 1949 2067; baseline -0.001 -15"><span class='ocrx_word' id='word_1_170' title='bbox 240 1995 409 2052; x_wconf 80' lang='lat' dir='ltr'><strong>niam</strong></span> <span class='ocrx_word' id='word_1_171' title='bbox 436 2010 646 2067; x_wconf 90' lang='lat' dir='ltr'><strong>magna</strong></span> <span class='ocrx_word' id='word_1_172' title='bbox 690 2003 809 2051; x_wconf 90' lang='lat' dir='ltr'><strong>erat</strong></span> <span class='ocrx_word' id='word_1_173' title='bbox 857 1995 1285 2051; x_wconf 79' lang='lat' dir='ltr'><strong>existimatione</strong></span> <span class='ocrx_word' id='word_1_174' title='bbox 1329 1995 1478 2065; x_wconf 85' lang='lat' dir='ltr'><strong>apud</strong></span> <span class='ocrx_word' id='word_1_175' title='bbox 1526 1992 1949 2050; x_wconf 84' lang='lat' dir='ltr'><strong>Alexandrinos</strong></span> 
     </span>
    </p>
   </div>
   <div class='ocr_carea' id='block_1_22' title="bbox 238 2082 1947 2156">
    <p class='ocr_par' dir='ltr' id='par_1_22' title="bbox 238 2082 1947 2156">
     <span class='ocr_line' id='line_1_22' title="bbox 238 2082 1947 2156; baseline -0.001 -16"><span class='ocrx_word' id='word_1_176' title='bbox 238 2083 330 2140; x_wconf 89' lang='lat' dir='ltr'><strong>vir</strong></span> <span class='ocrx_word' id='word_1_177' title='bbox 360 2082 479 2148; x_wconf 89' lang='lat' dir='ltr'><strong>ille,</strong></span> <span class='ocrx_word' id='word_1_178' title='bbox 516 2089 714 2155; x_wconf 88' lang='lat' dir='ltr'><strong>utpote</strong></span> <span class='ocrx_word' id='word_1_179' title='bbox 745 2100 974 2140; x_wconf 91' lang='lat' dir='ltr'><strong>summe</strong></span> <span class='ocrx_word' id='word_1_180' title='bbox 1012 2085 1142 2156; x_wconf 88' lang='lat' dir='ltr'><strong>pius</strong></span> <span class='ocrx_word' id='word_1_181' title='bbox 1190 2101 1255 2140; x_wconf 87' lang='lat' dir='ltr'><strong>ac</strong></span> <span class='ocrx_word' id='word_1_182' title='bbox 1288 2082 1619 2139; x_wconf 85' lang='lat' dir='ltr'><strong>misericors</strong></span> <span class='ocrx_word' id='word_1_183' title='bbox 1652 2083 1815 2153; x_wconf 82' lang='lat' dir='ltr'><strong>(vixit</strong></span> <span class='ocrx_word' id='word_1_184' title='bbox 1844 2100 1947 2139; x_wconf 87' lang='lat' dir='ltr'><strong>au-</strong></span> 
     </span>
    </p>
   </div>
   <div class='ocr_carea' id='block_1_23' title="bbox 241 2173 1947 2246">
    <p class='ocr_par' dir='ltr' id='par_1_23' title="bbox 241 2173 1947 2246">
     <span class='ocr_line' id='line_1_23' title="bbox 241 2173 1947 2246; baseline 0.001 -17"><span class='ocrx_word' id='word_1_185' title='bbox 241 2178 364 2229; x_wconf 84' lang='lat' dir='ltr'><strong>tem</strong></span> <span class='ocrx_word' id='word_1_186' title='bbox 389 2173 459 2229; x_wconf 88' lang='lat' dir='ltr'><strong>ad</strong></span> <span class='ocrx_word' id='word_1_187' title='bbox 488 2179 721 2229; x_wconf 90' lang='lat' dir='ltr'><strong>centum</strong></span> <span class='ocrx_word' id='word_1_188' title='bbox 754 2191 940 2245; x_wconf 88' lang='lat' dir='ltr'><strong>usque</strong></span> <span class='ocrx_word' id='word_1_189' title='bbox 969 2191 1173 2237; x_wconf 87' lang='lat' dir='ltr'><strong>annos.</strong></span> <span class='ocrx_word' id='word_1_190' title='bbox 1205 2174 1375 2245; x_wconf 87' lang='lat' dir='ltr'><strong>cujus</strong></span> <span class='ocrx_word' id='word_1_191' title='bbox 1396 2179 1657 2242; x_wconf 88' lang='lat' dir='ltr'><strong>tempore</strong></span> <span class='ocrx_word' id='word_1_192' title='bbox 1689 2191 1793 2230; x_wconf 89' lang='lat' dir='ltr'><strong>nos</strong></span> <span class='ocrx_word' id='word_1_193' title='bbox 1813 2190 1947 2246; x_wconf 87' lang='lat' dir='ltr'><strong>quo-</strong></span> 
     </span>
    </p>
   </div>
   <div class='ocr_carea' id='block_1_24' title="bbox 243 2262 1944 2335">
    <p class='ocr_par' dir='ltr' id='par_1_24' title="bbox 243 2262 1944 2335">
     <span class='ocr_line' id='line_1_24' title="bbox 243 2262 1944 2335; baseline 0.002 -19"><span class='ocrx_word' id='word_1_194' title='bbox 243 2278 355 2335; x_wconf 91' lang='lat' dir='ltr'><strong>que</strong></span> <span class='ocrx_word' id='word_1_195' title='bbox 390 2263 655 2335; x_wconf 80' lang='lat' dir='ltr'><strong>fuimus),</strong></span> <span class='ocrx_word' id='word_1_196' title='bbox 688 2265 986 2319; x_wconf 83' lang='lat' dir='ltr'><strong>verebatur</strong></span> <span class='ocrx_word' id='word_1_197' title='bbox 1002 2280 1134 2319; x_wconf 90' lang='lat' dir='ltr'><strong>eum</strong></span> <span class='ocrx_word' id='word_1_198' title='bbox 1167 2265 1497 2319; x_wconf 89' lang='lat' dir='ltr'><strong>admonere.</strong></span> <span class='ocrx_word' id='word_1_199' title='bbox 1529 2262 1791 2318; x_wconf 87' lang='lat' dir='ltr'><strong>Tandem</strong></span> <span class='ocrx_word' id='word_1_200' title='bbox 1814 2280 1944 2320; x_wconf 90' lang='lat' dir='ltr'><strong>cum</strong></span> 
     </span>
    </p>
   </div>
   <div class='ocr_carea' id='block_1_25' title="bbox 240 2352 1948 2426">
    <p class='ocr_par' dir='ltr' id='par_1_25' title="bbox 240 2352 1948 2426">
     <span class='ocr_line' id='line_1_25' title="bbox 240 2352 1948 2426; baseline 0.001 -18"><span class='ocrx_word' id='word_1_201' title='bbox 240 2368 377 2408; x_wconf 90' lang='lat' dir='ltr'><strong>eum</strong></span> <span class='ocrx_word' id='word_1_202' title='bbox 418 2352 735 2409; x_wconf 80' lang='lat' dir='ltr'><strong>invenisset</strong></span> <span class='ocrx_word' id='word_1_203' title='bbox 782 2354 840 2408; x_wconf 93' lang='lat' dir='ltr'><strong>in</strong></span> <span class='ocrx_word' id='word_1_204' title='bbox 881 2355 1143 2421; x_wconf 86' lang='lat' dir='ltr'><strong>ecclesia,</strong></span> <span class='ocrx_word' id='word_1_205' title='bbox 1198 2354 1339 2409; x_wconf 76' lang='lat' dir='ltr'><strong>dicit</strong></span> <span class='ocrx_word' id='word_1_206' title='bbox 1370 2354 1421 2409; x_wconf 91' lang='lat' dir='ltr'><strong>ei</strong></span> <span class='ocrx_word' id='word_1_207' title='bbox 1462 2357 1664 2426; x_wconf 81' lang='lat' dir='ltr'><strong>:Rogo</strong></span> <span class='ocrx_word' id='word_1_208' title='bbox 1698 2362 1772 2421; x_wconf 90' lang='lat' dir='ltr'><strong>te,</strong></span> <span class='ocrx_word' id='word_1_209' title='bbox 1808 2354 1948 2424; x_wconf 91' lang='lat' dir='ltr'><strong>quid</strong></span> 
     </span>
    </p>
   </div>
   <div class='ocr_carea' id='block_1_26' title="bbox 232 2442 1948 2517">
    <p class='ocr_par' dir='ltr' id='par_1_26' title="bbox 232 2442 1948 2517">
     <span class='ocr_line' id='line_1_26' title="bbox 232 2442 1948 2517; baseline 0.001 -19"><span class='ocrx_word' id='word_1_210' title='bbox 232 2443 407 2514; x_wconf 88' lang='lat' dir='ltr'><strong>jubes</strong></span> <span class='ocrx_word' id='word_1_211' title='bbox 436 2444 505 2499; x_wconf 90' lang='lat' dir='ltr'><strong>de</strong></span> <span class='ocrx_word' id='word_1_212' title='bbox 534 2442 842 2513; x_wconf 77' lang='lat' dir='ltr'><strong>lapidibus,</strong></span> <span class='ocrx_word' id='word_1_213' title='bbox 872 2461 973 2514; x_wconf 91' lang='lat' dir='ltr'><strong>pro</strong></span> <span class='ocrx_word' id='word_1_214' title='bbox 1004 2445 1220 2517; x_wconf 89' lang='lat' dir='ltr'><strong>quibus</strong></span> <span class='ocrx_word' id='word_1_215' title='bbox 1250 2445 1520 2500; x_wconf 88' lang='lat' dir='ltr'><strong>dedimus</strong></span> <span class='ocrx_word' id='word_1_216' title='bbox 1541 2445 1760 2499; x_wconf 90' lang='lat' dir='ltr'><strong>solidos</strong></span> <span class='ocrx_word' id='word_1_217' title='bbox 1782 2444 1948 2517; x_wconf 84' lang='lat' dir='ltr'><strong>quin-</strong></span> 
     </span>
    </p>
   </div>
   <div class='ocr_carea' id='block_1_27' title="bbox 240 2531 1947 2605">
    <p class='ocr_par' dir='ltr' id='par_1_27' title="bbox 240 2531 1947 2605">
     <span class='ocr_line' id='line_1_27' title="bbox 240 2531 1947 2605; baseline 0.002 -17"><span class='ocrx_word' id='word_1_218' title='bbox 240 2531 494 2600; x_wconf 74' lang='lat' dir='ltr'><strong>gentos?</strong></span> <span class='ocrx_word' id='word_1_219' title='bbox 524 2532 621 2588; x_wconf 87' lang='lat' dir='ltr'><strong>Ille</strong></span> <span class='ocrx_word' id='word_1_220' title='bbox 649 2533 700 2588; x_wconf 91' lang='lat' dir='ltr'><strong>ei</strong></span> <span class='ocrx_word' id='word_1_221' title='bbox 733 2535 1049 2605; x_wconf 79' lang='lat' dir='ltr'><strong>respondit,</strong></span> <span class='ocrx_word' id='word_1_222' title='bbox 1084 2532 1281 2589; x_wconf 89' lang='lat' dir='ltr'><strong>dicens</strong></span> <span class='ocrx_word' id='word_1_223' title='bbox 1306 2551 1320 2589; x_wconf 86' lang='lat'><strong>:</strong></span> <span class='ocrx_word' id='word_1_224' title='bbox 1345 2536 1389 2588; x_wconf 87' lang='lat' dir='ltr'><strong>A</strong></span> <span class='ocrx_word' id='word_1_225' title='bbox 1412 2551 1522 2605; x_wconf 90' lang='lat' dir='ltr'><strong>quo</strong></span> <span class='ocrx_word' id='word_1_226' title='bbox 1554 2534 1647 2590; x_wconf 91' lang='lat' dir='ltr'><strong>die</strong></span> <span class='ocrx_word' id='word_1_227' title='bbox 1680 2534 1821 2589; x_wconf 88' lang='lat' dir='ltr'><strong>mihi</strong></span> <span class='ocrx_word' id='word_1_228' title='bbox 1852 2536 1947 2591; x_wconf 87' lang='lat' dir='ltr'><strong>de-</strong></span> 
     </span>
    </p>
   </div>
   <div class='ocr_carea' id='block_1_28' title="bbox 240 2622 1947 2695">
    <p class='ocr_par' dir='ltr' id='par_1_28' title="bbox 240 2622 1947 2695">
     <span class='ocr_line' id='line_1_28' title="bbox 240 2622 1947 2695; baseline 0.002 -19"><span class='ocrx_word' id='word_1_229' title='bbox 240 2622 380 2676; x_wconf 90' lang='lat' dir='ltr'><strong>disti</strong></span> <span class='ocrx_word' id='word_1_230' title='bbox 404 2639 634 2689; x_wconf 89' lang='lat' dir='ltr'><strong>aurum,</strong></span> <span class='ocrx_word' id='word_1_231' title='bbox 666 2638 765 2678; x_wconf 91' lang='lat' dir='ltr'><strong>eos</strong></span> <span class='ocrx_word' id='word_1_232' title='bbox 800 2623 1056 2692; x_wconf 89' lang='lat' dir='ltr'><strong>impendi</strong></span> <span class='ocrx_word' id='word_1_233' title='bbox 1088 2624 1146 2678; x_wconf 91' lang='lat' dir='ltr'><strong>in</strong></span> <span class='ocrx_word' id='word_1_234' title='bbox 1181 2623 1426 2693; x_wconf 82' lang='lat' dir='ltr'><strong>pretium</strong></span> <span class='ocrx_word' id='word_1_235' title='bbox 1461 2639 1854 2695; x_wconf 88' lang='lat' dir='ltr'><strong>gemmarum,</strong></span> <span class='ocrx_word' id='word_1_236' title='bbox 1888 2629 1947 2680; x_wconf 90' lang='lat' dir='ltr'><strong>et</strong></span> 
     </span>
    </p>
   </div>
   <div class='ocr_carea' id='block_1_29' title="bbox 240 2711 1947 2785">
    <p class='ocr_par' dir='ltr' id='par_1_29' title="bbox 240 2711 1947 2785">
     <span class='ocr_line' id='line_1_29' title="bbox 240 2711 1947 2785; baseline 0.001 -19"><span class='ocrx_word' id='word_1_237' title='bbox 240 2711 290 2766; x_wconf 92' lang='lat' dir='ltr'><strong>si</strong></span> <span class='ocrx_word' id='word_1_238' title='bbox 323 2712 469 2767; x_wconf 86' lang='lat' dir='ltr'><strong>velis</strong></span> <span class='ocrx_word' id='word_1_239' title='bbox 511 2728 609 2767; x_wconf 90' lang='lat' dir='ltr'><strong>eas</strong></span> <span class='ocrx_word' id='word_1_240' title='bbox 650 2712 867 2779; x_wconf 87' lang='lat' dir='ltr'><strong>videre,</strong></span> <span class='ocrx_word' id='word_1_241' title='bbox 910 2712 1039 2769; x_wconf 88' lang='lat' dir='ltr'><strong>veni</strong></span> <span class='ocrx_word' id='word_1_242' title='bbox 1089 2712 1146 2768; x_wconf 91' lang='lat' dir='ltr'><strong>in</strong></span> <span class='ocrx_word' id='word_1_243' title='bbox 1198 2712 1519 2785; x_wconf 83' lang='lat' dir='ltr'><strong>hospitium</strong></span> <span class='ocrx_word' id='word_1_244' title='bbox 1574 2730 1789 2768; x_wconf 91' lang='lat' dir='ltr'><strong>meum.</strong></span> <span class='ocrx_word' id='word_1_245' title='bbox 1824 2713 1947 2770; x_wconf 90' lang='lat' dir='ltr'><strong>Illic</strong></span> 
     </span>
    </p>
   </div>
   <div class='ocr_carea' id='block_1_30' title="bbox 240 2802 1944 2875">
    <p class='ocr_par' dir='ltr' id='par_1_30' title="bbox 240 2802 1944 2875">
     <span class='ocr_line' id='line_1_30' title="bbox 240 2802 1944 2875; baseline 0.001 -18"><span class='ocrx_word' id='word_1_246' title='bbox 240 2802 395 2857; x_wconf 86' lang='lat' dir='ltr'><strong>enim</strong></span> <span class='ocrx_word' id='word_1_247' title='bbox 447 2803 573 2858; x_wconf 70' lang='lat' dir='ltr'><strong>sitae</strong></span> <span class='ocrx_word' id='word_1_248' title='bbox 615 2813 744 2857; x_wconf 81' lang='lat' dir='ltr'><strong>sunt</strong></span> <span class='ocrx_word' id='word_1_249' title='bbox 784 2819 1048 2875; x_wconf 67' lang='lat' dir='ltr'><strong>gemmae,</strong></span> <span class='ocrx_word' id='word_1_250' title='bbox 1081 2809 1139 2858; x_wconf 88' lang='lat' dir='ltr'><strong>et</strong></span> <span class='ocrx_word' id='word_1_251' title='bbox 1187 2803 1351 2868; x_wconf 83' lang='lat' dir='ltr'><strong>vide;</strong></span> <span class='ocrx_word' id='word_1_252' title='bbox 1405 2804 1557 2874; x_wconf 90' lang='lat' dir='ltr'><strong>quod</strong></span> <span class='ocrx_word' id='word_1_253' title='bbox 1614 2807 1660 2859; x_wconf 88' lang='lat' dir='ltr'><strong>si</strong></span> <span class='ocrx_word' id='word_1_254' title='bbox 1693 2804 1796 2857; x_wconf 90' lang='lat' dir='ltr'><strong>tibi</strong></span> <span class='ocrx_word' id='word_1_255' title='bbox 1831 2820 1944 2859; x_wconf 90' lang='lat' dir='ltr'><strong>non</strong></span> 
     </span>
    </p>
   </div>
   <div class='ocr_carea' id='block_1_31' title="bbox 240 2890 1948 2960">
    <p class='ocr_par' dir='ltr' id='par_1_31' title="bbox 240 2890 1948 2960">
     <span class='ocr_line' id='line_1_31' title="bbox 240 2890 1948 2960; baseline 0.004 -19"><span class='ocrx_word' id='word_1_256' title='bbox 240 2891 529 2960; x_wconf 85' lang='lat' dir='ltr'><strong>placeant,</strong></span> <span class='ocrx_word' id='word_1_257' title='bbox 559 2891 698 2947; x_wconf 91' lang='lat' dir='ltr'><strong>tolle</strong></span> <span class='ocrx_word' id='word_1_258' title='bbox 728 2906 935 2946; x_wconf 90' lang='lat' dir='ltr'><strong>aurum</strong></span> <span class='ocrx_word' id='word_1_259' title='bbox 968 2898 1160 2946; x_wconf 88' lang='lat' dir='ltr'><strong>tuum.</strong></span> <span class='ocrx_word' id='word_1_260' title='bbox 1198 2893 1356 2946; x_wconf 88' lang='lat' dir='ltr'><strong>Venit</strong></span> <span class='ocrx_word' id='word_1_261' title='bbox 1388 2897 1579 2947; x_wconf 86' lang='lat' dir='ltr'><strong>autem</strong></span> <span class='ocrx_word' id='word_1_262' title='bbox 1612 2890 1710 2945; x_wconf 92' lang='lat' dir='ltr'><strong>illa</strong></span> <span class='ocrx_word' id='word_1_263' title='bbox 1744 2892 1948 2947; x_wconf 90' lang='lat' dir='ltr'><strong>luben-</strong></span> 
     </span>
    </p>
   </div>
   <div class='ocr_carea' id='block_1_32' title="bbox 237 2979 1945 3051">
    <p class='ocr_par' dir='ltr' id='par_1_32' title="bbox 237 2979 1945 3051">
     <span class='ocr_line' id='line_1_32' title="bbox 237 2979 1945 3051; baseline 0 -17"><span class='ocrx_word' id='word_1_264' title='bbox 237 2979 489 3035; x_wconf 83' lang='lat' dir='ltr'><strong>tissime.</strong></span> <span class='ocrx_word' id='word_1_265' title='bbox 521 2980 783 3036; x_wconf 75' lang='lat' dir='ltr'><strong>Habebat</strong></span> <span class='ocrx_word' id='word_1_266' title='bbox 809 2987 1002 3037; x_wconf 89' lang='lat' dir='ltr'><strong>autem</strong></span> <span class='ocrx_word' id='word_1_267' title='bbox 1031 2980 1531 3050; x_wconf 82' lang='lat' dir='ltr'><strong>ptochotrOphium</strong></span> <span class='ocrx_word' id='word_1_268' title='bbox 1567 2980 1624 3034; x_wconf 89' lang='lat' dir='ltr'><strong>in</strong></span> <span class='ocrx_word' id='word_1_269' title='bbox 1658 2980 1945 3051; x_wconf 90' lang='lat' dir='ltr'><strong>superiori</strong></span> 
     </span>
    </p>
   </div>
   <div class='ocr_carea' id='block_1_33' title="bbox 238 3069 1943 3143">
    <p class='ocr_par' dir='ltr' id='par_1_33' title="bbox 238 3069 1943 3143">
     <span class='ocr_line' id='line_1_33' title="bbox 238 3069 1943 3143; baseline 0.001 -19"><span class='ocrx_word' id='word_1_270' title='bbox 238 3069 477 3143; x_wconf 84' lang='lat' dir='ltr'><strong>quidem</strong></span> <span class='ocrx_word' id='word_1_271' title='bbox 503 3076 662 3142; x_wconf 90' lang='lat' dir='ltr'><strong>parte</strong></span> <span class='ocrx_word' id='word_1_272' title='bbox 685 3072 980 3135; x_wconf 87' lang='lat' dir='ltr'><strong>mulieres,</strong></span> <span class='ocrx_word' id='word_1_273' title='bbox 1012 3071 1069 3126; x_wconf 90' lang='lat' dir='ltr'><strong>in</strong></span> <span class='ocrx_word' id='word_1_274' title='bbox 1094 3071 1352 3126; x_wconf 78' lang='lat' dir='ltr'><strong>interiori</strong></span> <span class='ocrx_word' id='word_1_275' title='bbox 1376 3076 1568 3125; x_wconf 91' lang='lat' dir='ltr'><strong>autem</strong></span> <span class='ocrx_word' id='word_1_276' title='bbox 1596 3071 1770 3125; x_wconf 89' lang='lat' dir='ltr'><strong>viros.</strong></span> <span class='ocrx_word' id='word_1_277' title='bbox 1800 3072 1943 3126; x_wconf 91' lang='lat' dir='ltr'><strong>Cum</strong></span> 
     </span>
    </p>
   </div>
   <div class='ocr_carea' id='block_1_34' title="bbox 237 3160 1946 3229">
    <p class='ocr_par' dir='ltr' id='par_1_34' title="bbox 237 3160 1946 3229">
     <span class='ocr_line' id='line_1_34' title="bbox 237 3160 1946 3229; baseline -0.001 -13"><span class='ocrx_word' id='word_1_278' title='bbox 237 3176 305 3216; x_wconf 89' lang='lat' dir='ltr'><strong>ea</strong></span> <span class='ocrx_word' id='word_1_279' title='bbox 336 3166 532 3216; x_wconf 88' lang='lat' dir='ltr'><strong>autem</strong></span> <span class='ocrx_word' id='word_1_280' title='bbox 550 3161 901 3229; x_wconf 84' lang='lat' dir='ltr'><strong>accessisset,</strong></span> <span class='ocrx_word' id='word_1_281' title='bbox 921 3161 1237 3216; x_wconf 90' lang='lat' dir='ltr'><strong>introducit</strong></span> <span class='ocrx_word' id='word_1_282' title='bbox 1254 3177 1382 3216; x_wconf 90' lang='lat' dir='ltr'><strong>eam</strong></span> <span class='ocrx_word' id='word_1_283' title='bbox 1408 3160 1463 3213; x_wconf 93' lang='lat' dir='ltr'><strong>in</strong></span> <span class='ocrx_word' id='word_1_284' title='bbox 1487 3160 1863 3227; x_wconf 84' lang='lat' dir='ltr'><strong>vestibulum,</strong></span> <span class='ocrx_word' id='word_1_285' title='bbox 1887 3164 1946 3215; x_wconf 85' lang='lat' dir='ltr'><strong>et</strong></span> 
     </span>
    </p>
   </div>
   <div class='ocr_carea' id='block_1_35' title="bbox 237 3249 1940 3319">
    <p class='ocr_par' dir='ltr' id='par_1_35' title="bbox 237 3249 1940 3319">
     <span class='ocr_line' id='line_1_35' title="bbox 237 3249 1940 3319; baseline 0 -14"><span class='ocrx_word' id='word_1_286' title='bbox 237 3249 375 3306; x_wconf 90' lang='lat' dir='ltr'><strong>dicit</strong></span> <span class='ocrx_word' id='word_1_287' title='bbox 406 3250 458 3305; x_wconf 91' lang='lat' dir='ltr'><strong>ei</strong></span> <span class='ocrx_word' id='word_1_288' title='bbox 507 3256 740 3305; x_wconf 86' lang='lat' dir='ltr'><strong>sanctus</strong></span> <span class='ocrx_word' id='word_1_289' title='bbox 772 3249 1059 3305; x_wconf 90' lang='lat' dir='ltr'><strong>Macarius</strong></span> <span class='ocrx_word' id='word_1_290' title='bbox 1092 3265 1105 3303; x_wconf 89' lang='lat'><strong><em>:</em></strong></span> <span class='ocrx_word' id='word_1_291' title='bbox 1139 3250 1284 3313; x_wconf 89' lang='lat' dir='ltr'><strong>Quid</strong></span> <span class='ocrx_word' id='word_1_292' title='bbox 1322 3251 1407 3304; x_wconf 89' lang='lat' dir='ltr'><strong>vis</strong></span> <span class='ocrx_word' id='word_1_293' title='bbox 1442 3249 1693 3319; x_wconf 89' lang='lat' dir='ltr'><strong>primum</strong></span> <span class='ocrx_word' id='word_1_294' title='bbox 1727 3249 1940 3318; x_wconf 89' lang='lat' dir='ltr'><strong>videre,</strong></span> 
     </span>
    </p>
   </div>
   <div class='ocr_carea' id='block_1_36' title="bbox 240 3338 1944 3413">
    <p class='ocr_par' dir='ltr' id='par_1_36' title="bbox 240 3338 1944 3413">
     <span class='ocr_line' id='line_1_36' title="bbox 240 3338 1944 3413; baseline 0.001 -19"><span class='ocrx_word' id='word_1_295' title='bbox 240 3339 607 3412; x_wconf 84' lang='lat' dir='ltr'><strong>hyacinthos,</strong></span> <span class='ocrx_word' id='word_1_296' title='bbox 640 3357 713 3395; x_wconf 90' lang='lat' dir='ltr'><strong>an</strong></span> <span class='ocrx_word' id='word_1_297' title='bbox 745 3343 1090 3413; x_wconf 79' lang='lat' dir='ltr'><strong>smaragdos</strong></span> <span class='ocrx_word' id='word_1_298' title='bbox 1112 3338 1139 3393; x_wconf 82' lang='lat'><strong>‘?</strong></span> <span class='ocrx_word' id='word_1_299' title='bbox 1172 3340 1248 3394; x_wconf 81' lang='lat' dir='ltr'><strong>Ea</strong></span> <span class='ocrx_word' id='word_1_300' title='bbox 1282 3356 1410 3395; x_wconf 86' lang='lat' dir='ltr'><strong>vero</strong></span> <span class='ocrx_word' id='word_1_301' title='bbox 1443 3339 1526 3393; x_wconf 90' lang='lat' dir='ltr'><strong>illi</strong></span> <span class='ocrx_word' id='word_1_302' title='bbox 1561 3340 1702 3394; x_wconf 88' lang='lat' dir='ltr'><strong>dicit</strong></span> <span class='ocrx_word' id='word_1_303' title='bbox 1733 3355 1746 3394; x_wconf 92' lang='lat'><strong>:</strong></span> <span class='ocrx_word' id='word_1_304' title='bbox 1779 3339 1944 3403; x_wconf 88' lang='lat' dir='ltr'><strong>Quod</strong></span> 
     </span>
    </p>
   </div>
   <div class='ocr_carea' id='block_1_37' title="bbox 233 3428 1942 3499">
    <p class='ocr_par' dir='ltr' id='par_1_37' title="bbox 233 3428 1942 3499">
     <span class='ocr_line' id='line_1_37' title="bbox 233 3428 1942 3499; baseline 0 -14"><span class='ocrx_word' id='word_1_305' title='bbox 233 3429 341 3485; x_wconf 92' lang='lat' dir='ltr'><strong>tibi</strong></span> <span class='ocrx_word' id='word_1_306' title='bbox 362 3429 605 3484; x_wconf 90' lang='lat' dir='ltr'><strong>videtur.</strong></span> <span class='ocrx_word' id='word_1_307' title='bbox 630 3430 729 3485; x_wconf 88' lang='lat' dir='ltr'><strong>Ille</strong></span> <span class='ocrx_word' id='word_1_308' title='bbox 750 3445 880 3485; x_wconf 89' lang='lat' dir='ltr'><strong>vero</strong></span> <span class='ocrx_word' id='word_1_309' title='bbox 897 3445 1021 3484; x_wconf 91' lang='lat' dir='ltr'><strong>eam</strong></span> <span class='ocrx_word' id='word_1_310' title='bbox 1048 3428 1209 3484; x_wconf 88' lang='lat' dir='ltr'><strong>ducit</strong></span> <span class='ocrx_word' id='word_1_311' title='bbox 1245 3430 1300 3483; x_wconf 92' lang='lat' dir='ltr'><strong>in</strong></span> <span class='ocrx_word' id='word_1_312' title='bbox 1325 3435 1542 3498; x_wconf 90' lang='lat' dir='ltr'><strong>partem</strong></span> <span class='ocrx_word' id='word_1_313' title='bbox 1565 3430 1942 3499; x_wconf 84' lang='lat' dir='ltr'><strong>superiorem,</strong></span> 
     </span>
    </p>
   </div>
   <div class='ocr_carea' id='block_1_38' title="bbox 239 3517 1946 3583">
    <p class='ocr_par' dir='ltr' id='par_1_38' title="bbox 239 3517 1946 3583">
     <span class='ocr_line' id='line_1_38' title="bbox 239 3517 1946 3583; baseline -0.002 -8"><span class='ocrx_word' id='word_1_314' title='bbox 239 3523 296 3575; x_wconf 89' lang='lat' dir='ltr'><strong>et</strong></span> <span class='ocrx_word' id='word_1_315' title='bbox 324 3519 582 3574; x_wconf 86' lang='lat' dir='ltr'><strong>ostendit</strong></span> <span class='ocrx_word' id='word_1_316' title='bbox 618 3518 669 3573; x_wconf 91' lang='lat' dir='ltr'><strong>ei</strong></span> <span class='ocrx_word' id='word_1_317' title='bbox 700 3518 1015 3575; x_wconf 90' lang='lat' dir='ltr'><strong>conscissis</strong></span> <span class='ocrx_word' id='word_1_318' title='bbox 1066 3518 1311 3573; x_wconf 87' lang='lat' dir='ltr'><strong>feminas</strong></span> <span class='ocrx_word' id='word_1_319' title='bbox 1343 3517 1645 3583; x_wconf 88' lang='lat' dir='ltr'><strong>membris,</strong></span> <span class='ocrx_word' id='word_1_320' title='bbox 1676 3530 1730 3574; x_wconf 90' lang='lat' dir='ltr'><strong>et</strong></span> <span class='ocrx_word' id='word_1_321' title='bbox 1760 3520 1946 3573; x_wconf 91' lang='lat' dir='ltr'><strong>vulti-</strong></span> 
     </span>
    </p>
   </div>
   <div class='ocr_carea' id='block_1_39' title="bbox 238 3607 1941 3675">
    <p class='ocr_par' dir='ltr' id='par_1_39' title="bbox 238 3607 1941 3675">
     <span class='ocr_line' id='line_1_39' title="bbox 238 3607 1941 3675; baseline -0.001 -13"><span class='ocrx_word' id='word_1_322' title='bbox 238 3608 350 3663; x_wconf 90' lang='lat' dir='ltr'><strong>bus</strong></span> <span class='ocrx_word' id='word_1_323' title='bbox 393 3607 534 3661; x_wconf 90' lang='lat' dir='ltr'><strong>totis</strong></span> <span class='ocrx_word' id='word_1_324' title='bbox 583 3609 738 3662; x_wconf 88' lang='lat' dir='ltr'><strong>varia</strong></span> <span class='ocrx_word' id='word_1_325' title='bbox 789 3608 1170 3663; x_wconf 89' lang='lat' dir='ltr'><strong>morbositate</strong></span> <span class='ocrx_word' id='word_1_326' title='bbox 1220 3607 1500 3675; x_wconf 70' lang='lat' dir='ltr'><strong>laceratis,</strong></span> <span class='ocrx_word' id='word_1_327' title='bbox 1555 3614 1612 3662; x_wconf 91' lang='lat' dir='ltr'><strong>et</strong></span> <span class='ocrx_word' id='word_1_328' title='bbox 1661 3607 1803 3662; x_wconf 88' lang='lat' dir='ltr'><strong>dicit</strong></span> <span class='ocrx_word' id='word_1_329' title='bbox 1851 3607 1941 3663; x_wconf 89' lang='lat' dir='ltr'><strong>ei:</strong></span> 
     </span>
    </p>
   </div>
   <div class='ocr_carea' id='block_1_40' title="bbox 239 3695 1944 3769">
    <p class='ocr_par' dir='ltr' id='par_1_40' title="bbox 239 3695 1944 3769">
     <span class='ocr_line' id='line_1_40' title="bbox 239 3695 1944 3769; baseline -0.001 -17"><span class='ocrx_word' id='word_1_330' title='bbox 239 3700 380 3752; x_wconf 80' lang='lat' dir='ltr'><strong>Ecce</strong></span> <span class='ocrx_word' id='word_1_331' title='bbox 406 3697 722 3769; x_wconf 81' lang='lat' dir='ltr'><strong>hyacinthi.</strong></span> <span class='ocrx_word' id='word_1_332' title='bbox 757 3695 976 3754; x_wconf 86' lang='lat' dir='ltr'><strong>Deinde</strong></span> <span class='ocrx_word' id='word_1_333' title='bbox 1017 3697 1251 3753; x_wconf 89' lang='lat' dir='ltr'><strong>deducit</strong></span> <span class='ocrx_word' id='word_1_334' title='bbox 1296 3713 1419 3752; x_wconf 81' lang='lat' dir='ltr'><strong>eam</strong></span> <span class='ocrx_word' id='word_1_335' title='bbox 1454 3701 1511 3751; x_wconf 91' lang='lat' dir='ltr'><strong>in</strong></span> <span class='ocrx_word' id='word_1_336' title='bbox 1547 3703 1764 3768; x_wconf 90' lang='lat' dir='ltr'><strong>partem</strong></span> <span class='ocrx_word' id='word_1_337' title='bbox 1795 3698 1944 3752; x_wconf 85' lang='lat' dir='ltr'><strong>infe-</strong></span> 
     </span>
    </p>
   </div>
   <div class='ocr_carea' id='block_1_41' title="bbox 238 3786 1941 3857">
    <p class='ocr_par' dir='ltr' id='par_1_41' title="bbox 238 3786 1941 3857">
     <span class='ocr_line' id='line_1_41' title="bbox 238 3786 1941 3857; baseline -0.002 -14"><span class='ocrx_word' id='word_1_338' title='bbox 238 3786 473 3850; x_wconf 86' lang='lat' dir='ltr'><strong>riorem,</strong></span> <span class='ocrx_word' id='word_1_339' title='bbox 506 3791 563 3842; x_wconf 89' lang='lat' dir='ltr'><strong>et</strong></span> <span class='ocrx_word' id='word_1_340' title='bbox 591 3787 845 3842; x_wconf 87' lang='lat' dir='ltr'><strong>ostendit</strong></span> <span class='ocrx_word' id='word_1_341' title='bbox 875 3786 925 3842; x_wconf 91' lang='lat' dir='ltr'><strong>ei</strong></span> <span class='ocrx_word' id='word_1_342' title='bbox 950 3786 1123 3854; x_wconf 85' lang='lat' dir='ltr'><strong>viros,</strong></span> <span class='ocrx_word' id='word_1_343' title='bbox 1159 3788 1360 3842; x_wconf 88' lang='lat' dir='ltr'><strong>dicens</strong></span> <span class='ocrx_word' id='word_1_344' title='bbox 1389 3802 1401 3840; x_wconf 92' lang='lat'>:</span> <span class='ocrx_word' id='word_1_345' title='bbox 1436 3786 1579 3841; x_wconf 89' lang='lat' dir='ltr'><strong>Ecce</strong></span> <span class='ocrx_word' id='word_1_346' title='bbox 1610 3788 1896 3857; x_wconf 73' lang='lat' dir='ltr'><strong>smaragdi</strong></span> <span class='ocrx_word' id='word_1_347' title='bbox 1927 3802 1941 3854; x_wconf 90' lang='lat'><strong>;</strong></span> 
     </span>
    </p>
   </div>
   <div class='ocr_carea' id='block_1_42' title="bbox 236 3874 1944 3946">
    <p class='ocr_par' dir='ltr' id='par_1_42' title="bbox 236 3874 1944 3946">
     <span class='ocr_line' id='line_1_42' title="bbox 236 3874 1944 3946; baseline -0.002 -15"><span class='ocrx_word' id='word_1_348' title='bbox 236 3885 290 3931; x_wconf 89' lang='lat' dir='ltr'><strong>et</strong></span> <span class='ocrx_word' id='word_1_349' title='bbox 332 3874 603 3931; x_wconf 80' lang='lat' dir='ltr'><strong>existimo</strong></span> <span class='ocrx_word' id='word_1_350' title='bbox 647 3891 761 3931; x_wconf 89' lang='lat' dir='ltr'><strong>non</strong></span> <span class='ocrx_word' id='word_1_351' title='bbox 803 3875 1047 3931; x_wconf 89' lang='lat' dir='ltr'><strong>inveniri</strong></span> <span class='ocrx_word' id='word_1_352' title='bbox 1100 3876 1191 3931; x_wconf 89' lang='lat' dir='ltr'><strong>his</strong></span> <span class='ocrx_word' id='word_1_353' title='bbox 1243 3875 1652 3946; x_wconf 89' lang='lat' dir='ltr'><strong>pretiosiores;</strong></span> <span class='ocrx_word' id='word_1_354' title='bbox 1705 3875 1856 3946; x_wconf 87' lang='lat' dir='ltr'><strong>quod</strong></span> <span class='ocrx_word' id='word_1_355' title='bbox 1894 3874 1944 3929; x_wconf 91' lang='lat' dir='ltr'><strong>si</strong></span> 
     </span>
    </p>
   </div>
   <div class='ocr_carea' id='block_1_43' title="bbox 239 3963 1946 4035">
    <p class='ocr_par' dir='ltr' id='par_1_43' title="bbox 239 3963 1946 4035">
     <span class='ocr_line' id='line_1_43' title="bbox 239 3963 1946 4035; baseline 0 -16"><span class='ocrx_word' id='word_1_356' title='bbox 239 3964 348 4019; x_wconf 92' lang='lat' dir='ltr'><strong>tibi</strong></span> <span class='ocrx_word' id='word_1_357' title='bbox 382 3980 493 4019; x_wconf 92' lang='lat' dir='ltr'><strong>non</strong></span> <span class='ocrx_word' id='word_1_358' title='bbox 538 3964 824 4035; x_wconf 89' lang='lat' dir='ltr'><strong>placeant,</strong></span> <span class='ocrx_word' id='word_1_359' title='bbox 858 3964 1051 4035; x_wconf 90' lang='lat' dir='ltr'><strong>accipe</strong></span> <span class='ocrx_word' id='word_1_360' title='bbox 1099 3980 1308 4018; x_wconf 88' lang='lat' dir='ltr'><strong>aurum</strong></span> <span class='ocrx_word' id='word_1_361' title='bbox 1341 3968 1531 4018; x_wconf 89' lang='lat' dir='ltr'><strong>tuum.</strong></span> <span class='ocrx_word' id='word_1_362' title='bbox 1566 3963 1664 4017; x_wconf 83' lang='lat' dir='ltr'><strong>His</strong></span> <span class='ocrx_word' id='word_1_363' title='bbox 1693 3979 1829 4034; x_wconf 91' lang='lat' dir='ltr'><strong>ergo</strong></span> <span class='ocrx_word' id='word_1_364' title='bbox 1862 3963 1946 4019; x_wconf 91' lang='lat' dir='ltr'><strong>sic</strong></span> 
     </span>
    </p>
   </div>
   <div class='ocr_carea' id='block_1_44' title="bbox 238 4055 1948 4128">
    <p class='ocr_par' dir='ltr' id='par_1_44' title="bbox 238 4055 1948 4128">
     <span class='ocr_line' id='line_1_44' title="bbox 238 4055 1948 4128; baseline 0.001 -18"><span class='ocrx_word' id='word_1_365' title='bbox 238 4056 441 4127; x_wconf 86' lang='lat' dir='ltr'><strong>gestis,</strong></span> <span class='ocrx_word' id='word_1_366' title='bbox 477 4056 697 4128; x_wconf 89' lang='lat' dir='ltr'><strong>pudore</strong></span> <span class='ocrx_word' id='word_1_367' title='bbox 727 4055 931 4111; x_wconf 72' lang='lat' dir='ltr'><strong>uirecta</strong></span> <span class='ocrx_word' id='word_1_368' title='bbox 978 4056 1135 4128; x_wconf 90' lang='lat' dir='ltr'><strong>virgo</strong></span> <span class='ocrx_word' id='word_1_369' title='bbox 1159 4056 1319 4122; x_wconf 85' lang='lat' dir='ltr'><strong>exiit,</strong></span> <span class='ocrx_word' id='word_1_370' title='bbox 1350 4062 1405 4111; x_wconf 90' lang='lat' dir='ltr'><strong>et</strong></span> <span class='ocrx_word' id='word_1_371' title='bbox 1436 4056 1675 4111; x_wconf 86' lang='lat' dir='ltr'><strong>domum</strong></span> <span class='ocrx_word' id='word_1_372' title='bbox 1719 4072 1948 4111; x_wconf 86' lang='lat' dir='ltr'><strong>reversa</strong></span> 
     </span>
    </p>
   </div>
   <div class='ocr_carea' id='block_1_45' title="bbox 240 4144 1943 4217">
    <p class='ocr_par' dir='ltr' id='par_1_45' title="bbox 240 4144 1943 4217">
     <span class='ocr_line' id='line_1_45' title="bbox 240 4144 1943 4217; baseline 0 -17"><span class='ocrx_word' id='word_1_373' title='bbox 240 4161 520 4217; x_wconf 88' lang='lat' dir='ltr'><strong>magnum</strong></span> <span class='ocrx_word' id='word_1_374' title='bbox 570 4145 794 4216; x_wconf 89' lang='lat' dir='ltr'><strong>accepit</strong></span> <span class='ocrx_word' id='word_1_375' title='bbox 845 4146 1128 4211; x_wconf 90' lang='lat' dir='ltr'><strong>dolorem,</strong></span> <span class='ocrx_word' id='word_1_376' title='bbox 1178 4146 1331 4216; x_wconf 91' lang='lat' dir='ltr'><strong>quod</strong></span> <span class='ocrx_word' id='word_1_377' title='bbox 1383 4145 1533 4200; x_wconf 89' lang='lat' dir='ltr'><strong>hanc</strong></span> <span class='ocrx_word' id='word_1_378' title='bbox 1574 4161 1691 4200; x_wconf 86' lang='lat' dir='ltr'><strong>rem</strong></span> <span class='ocrx_word' id='word_1_379' title='bbox 1726 4160 1792 4200; x_wconf 86' lang='lat' dir='ltr'><strong>ex</strong></span> <span class='ocrx_word' id='word_1_380' title='bbox 1824 4144 1943 4200; x_wconf 90' lang='lat' dir='ltr'><strong>Deo</strong></span> 
     </span>
    </p>
   </div>
   <div class='ocr_carea' id='block_1_46' title="bbox 234 4233 1943 4301">
    <p class='ocr_par' dir='ltr' id='par_1_46' title="bbox 234 4233 1943 4301">
     <span class='ocr_line' id='line_1_46' title="bbox 234 4233 1943 4301; baseline -0.001 -10"><span class='ocrx_word' id='word_1_381' title='bbox 234 4251 351 4291; x_wconf 91' lang='lat' dir='ltr'><strong>non</strong></span> <span class='ocrx_word' id='word_1_382' title='bbox 387 4233 631 4301; x_wconf 83' lang='lat' dir='ltr'><strong>fecisset,</strong></span> <span class='ocrx_word' id='word_1_383' title='bbox 666 4237 763 4289; x_wconf 89' lang='lat' dir='ltr'><strong>sed</strong></span> <span class='ocrx_word' id='word_1_384' title='bbox 798 4233 1047 4290; x_wconf 82' lang='lat' dir='ltr'><strong>adducta</strong></span> <span class='ocrx_word' id='word_1_385' title='bbox 1096 4236 1463 4291; x_wconf 73' lang='lat' dir='ltr'><strong>necessitate.</strong></span> <span class='ocrx_word' id='word_1_386' title='bbox 1509 4234 1706 4290; x_wconf 84' lang='lat' dir='ltr'><strong>Postea</strong></span> <span class='ocrx_word' id='word_1_387' title='bbox 1744 4240 1943 4290; x_wconf 89' lang='lat' dir='ltr'><strong>autem</strong></span> 
     </span>
    </p>
   </div>
   <div class='ocr_carea' id='block_1_47' title="bbox 237 4325 1941 4398">
    <p class='ocr_par' dir='ltr' id='par_1_47' title="bbox 237 4325 1941 4398">
     <span class='ocr_line' id='line_1_47' title="bbox 237 4325 1941 4398; baseline 0.001 -18"><span class='ocrx_word' id='word_1_388' title='bbox 237 4325 458 4398; x_wconf 85' lang='lat' dir='ltr'><strong>gratias</strong></span> <span class='ocrx_word' id='word_1_389' title='bbox 496 4327 615 4396; x_wconf 85' lang='lat' dir='ltr'><strong>egit</strong></span> <span class='ocrx_word' id='word_1_390' title='bbox 646 4326 999 4396; x_wconf 78' lang='lat' dir='ltr'><strong>presbytero,</strong></span> <span class='ocrx_word' id='word_1_391' title='bbox 1033 4341 1164 4380; x_wconf 89' lang='lat' dir='ltr'><strong>cum</strong></span> <span class='ocrx_word' id='word_1_392' title='bbox 1201 4325 1393 4396; x_wconf 87' lang='lat' dir='ltr'><strong>puella</strong></span> <span class='ocrx_word' id='word_1_393' title='bbox 1424 4326 1588 4396; x_wconf 87' lang='lat' dir='ltr'><strong>cujus</strong></span> <span class='ocrx_word' id='word_1_394' title='bbox 1618 4340 1817 4382; x_wconf 88' lang='lat' dir='ltr'><strong>curam</strong></span> <span class='ocrx_word' id='word_1_395' title='bbox 1850 4341 1941 4396; x_wconf 88' lang='lat' dir='ltr'><strong>ge-</strong></span> 
     </span>
    </p>
   </div>
   <div class='ocr_carea' id='block_1_48' title="bbox 233 4414 1941 4487">
    <p class='ocr_par' dir='ltr' id='par_1_48' title="bbox 233 4414 1941 4487">
     <span class='ocr_line' id='line_1_48' title="bbox 233 4414 1941 4487; baseline -0.001 -15"><span class='ocrx_word' id='word_1_396' title='bbox 233 4416 421 4480; x_wconf 88' lang='lat' dir='ltr'><strong>rebat,</strong></span> <span class='ocrx_word' id='word_1_397' title='bbox 457 4419 585 4487; x_wconf 92' lang='lat' dir='ltr'><strong>post</strong></span> <span class='ocrx_word' id='word_1_398' title='bbox 613 4414 845 4483; x_wconf 85' lang='lat' dir='ltr'><strong>nuptias</strong></span> <span class='ocrx_word' id='word_1_399' title='bbox 892 4422 1122 4470; x_wconf 87' lang='lat' dir='ltr'><strong>mortua</strong></span> <span class='ocrx_word' id='word_1_400' title='bbox 1169 4420 1322 4470; x_wconf 88' lang='lat' dir='ltr'><strong>esset</strong></span> <span class='ocrx_word' id='word_1_401' title='bbox 1368 4417 1497 4470; x_wconf 88' lang='lat' dir='ltr'><strong>sine</strong></span> <span class='ocrx_word' id='word_1_402' title='bbox 1528 4415 1749 4482; x_wconf 90' lang='lat' dir='ltr'><strong>liberis,</strong></span> <span class='ocrx_word' id='word_1_403' title='bbox 1784 4416 1941 4487; x_wconf 87' lang='lat' dir='ltr'><strong>ipsa-</strong></span> 
     </span>
    </p>
   </div>
   <div class='ocr_carea' id='block_1_49' title="bbox 234 4504 1945 4576">
    <p class='ocr_par' dir='ltr' id='par_1_49' title="bbox 234 4504 1945 4576">
     <span class='ocr_line' id='line_1_49' title="bbox 234 4504 1945 4576; baseline 0 -16"><span class='ocrx_word' id='word_1_404' title='bbox 234 4520 350 4576; x_wconf 89' lang='lat' dir='ltr'><strong>que</strong></span> <span class='ocrx_word' id='word_1_405' title='bbox 402 4504 674 4576; x_wconf 88' lang='lat' dir='ltr'><strong>deinceps</strong></span> <span class='ocrx_word' id='word_1_406' title='bbox 723 4504 1027 4560; x_wconf 86' lang='lat' dir='ltr'><strong>facultates</strong></span> <span class='ocrx_word' id='word_1_407' title='bbox 1086 4521 1221 4560; x_wconf 90' lang='lat' dir='ltr'><strong>suas</strong></span> <span class='ocrx_word' id='word_1_408' title='bbox 1284 4504 1341 4559; x_wconf 89' lang='lat' dir='ltr'><strong>in</strong></span> <span class='ocrx_word' id='word_1_409' title='bbox 1402 4511 1590 4560; x_wconf 88' lang='lat' dir='ltr'><strong>rectos</strong></span> <span class='ocrx_word' id='word_1_410' title='bbox 1651 4521 1792 4560; x_wconf 81' lang='lat' dir='ltr'><strong>usus</strong></span> <span class='ocrx_word' id='word_1_411' title='bbox 1848 4521 1945 4560; x_wconf 85' lang='lat' dir='ltr'><strong>ex-</strong></span> 
     </span>
    </p>
   </div>
   <div class='ocr_carea' id='block_1_50' title="bbox 236 4593 462 4666">
    <p class='ocr_par' dir='ltr' id='par_1_50' title="bbox 236 4593 462 4666">
     <span class='ocr_line' id='line_1_50' title="bbox 236 4593 462 4666; baseline -0.022 -15"><span class='ocrx_word' id='word_1_412' title='bbox 236 4593 462 4666; x_wconf 86' lang='lat' dir='ltr'><strong>pendit.</strong></span> 
     </span>
    </p>
   </div>
   <div class='ocr_carea' id='block_1_51' title="bbox 896 4720 1283 4779">
    <p class='ocr_par' dir='ltr' id='par_1_51' title="bbox 896 4720 1283 4779">
     <span class='ocr_line' id='line_1_51' title="bbox 896 4720 1283 4779; baseline 0.005 -3"><span class='ocrx_word' id='word_1_413' title='bbox 896 4720 1128 4779; x_wconf 86' lang='lat' dir='ltr'><strong>CAPUT</strong></span> <span class='ocrx_word' id='word_1_414' title='bbox 1165 4722 1283 4778; x_wconf 89' lang='lat' dir='ltr'><strong>VII.</strong></span> 
     </span>
    </p>
   </div>
   <div class='ocr_carea' id='block_1_52' title="bbox 239 4848 1944 4922">
    <p class='ocr_par' dir='ltr' id='par_1_52' title="bbox 239 4848 1944 4922">
     <span class='ocr_line' id='line_1_52' title="bbox 239 4848 1944 4922; baseline -0.001 -15"><span class='ocrx_word' id='word_1_415' title='bbox 239 4850 359 4907; x_wconf 74' lang='lat' dir='ltr'><strong>Vita</strong></span> <span class='ocrx_word' id='word_1_416' title='bbox 407 4848 619 4906; x_wconf 72' lang='lat' dir='ltr'><strong>abbatis</strong></span> <span class='ocrx_word' id='word_1_417' title='bbox 674 4850 873 4905; x_wconf 71' lang='lat' dir='ltr'><strong>Arrisii</strong></span> <span class='ocrx_word' id='word_1_418' title='bbox 913 4848 1025 4919; x_wconf 90' lang='lat' dir='ltr'><strong>(t7)</strong></span> <span class='ocrx_word' id='word_1_419' title='bbox 1054 4856 1105 4905; x_wconf 80' lang='lat' dir='ltr'><strong>et</strong></span> <span class='ocrx_word' id='word_1_420' title='bbox 1152 4864 1345 4904; x_wconf 73' lang='lat' dir='ltr'><strong>eorum</strong></span> <span class='ocrx_word' id='word_1_421' title='bbox 1393 4849 1489 4922; x_wconf 79' lang='lat' dir='ltr'><strong>qui</strong></span> <span class='ocrx_word' id='word_1_422' title='bbox 1537 4864 1663 4905; x_wconf 83' lang='lat' dir='ltr'><strong>cum</strong></span> <span class='ocrx_word' id='word_1_423' title='bbox 1691 4864 1751 4905; x_wconf 81' lang='lat' dir='ltr'><strong>eo</strong></span> <span class='ocrx_word' id='word_1_424' title='bbox 1781 4854 1944 4905; x_wconf 81' lang='lat' dir='ltr'><strong>erant</strong></span> 
     </span>
    </p>
   </div>
   <div class='ocr_carea' id='block_1_53' title="bbox 820 4924 1346 4978">
    <p class='ocr_par' dir='ltr' id='par_1_53' title="bbox 820 4924 1346 4978">
     <span class='ocr_line' id='line_1_53' title="bbox 820 4924 1346 4978; baseline 0.004 -2"><span class='ocrx_word' id='word_1_425' title='bbox 820 4924 879 4976; x_wconf 80' lang='lat' dir='ltr'><strong>in</strong></span> <span class='ocrx_word' id='word_1_426' title='bbox 914 4931 1093 4977; x_wconf 70' lang='lat' dir='ltr'><strong>monte</strong></span> <span class='ocrx_word' id='word_1_427' title='bbox 1121 4924 1346 4978; x_wconf 66' lang='lat' dir='ltr'><strong>Nitriae.</strong></span> 
     </span>
    </p>
   </div>
   <div class='ocr_carea' id='block_1_54' title="bbox 306 5049 1946 5121">
    <p class='ocr_par' dir='ltr' id='par_1_54' title="bbox 306 5049 1946 5121">
     <span class='ocr_line' id='line_1_54' title="bbox 306 5049 1946 5121; baseline -0.001 -15"><span class='ocrx_word' id='word_1_428' title='bbox 306 5049 451 5106; x_wconf 85' lang='lat' dir='ltr'><strong>Cum</strong></span> <span class='ocrx_word' id='word_1_429' title='bbox 483 5065 587 5119; x_wconf 84' lang='lat' dir='ltr'><strong>ego</strong></span> <span class='ocrx_word' id='word_1_430' title='bbox 617 5066 749 5106; x_wconf 91' lang='lat' dir='ltr'><strong>cum</strong></span> <span class='ocrx_word' id='word_1_431' title='bbox 784 5049 987 5106; x_wconf 89' lang='lat' dir='ltr'><strong>multis</strong></span> <span class='ocrx_word' id='word_1_432' title='bbox 1017 5050 1239 5106; x_wconf 88' lang='lat' dir='ltr'><strong>sanctis</strong></span> <span class='ocrx_word' id='word_1_433' title='bbox 1268 5065 1455 5105; x_wconf 90' lang='lat' dir='ltr'><strong>essem</strong></span> <span class='ocrx_word' id='word_1_434' title='bbox 1489 5065 1866 5121; x_wconf 88' lang='lat' dir='ltr'><strong>congressus,</strong></span> <span class='ocrx_word' id='word_1_435' title='bbox 1888 5054 1946 5106; x_wconf 92' lang='lat' dir='ltr'><strong>et</strong></span> 
     </span>
    </p>
   </div>
   <div class='ocr_carea' id='block_1_55' title="bbox 232 5140 1946 5211">
    <p class='ocr_par' dir='ltr' id='par_1_55' title="bbox 232 5140 1946 5211">
     <span class='ocr_line' id='line_1_55' title="bbox 232 5140 1946 5211; baseline 0.001 -17"><span class='ocrx_word' id='word_1_436' title='bbox 232 5148 497 5197; x_wconf 88' lang='lat' dir='ltr'><strong>versatus</strong></span> <span class='ocrx_word' id='word_1_437' title='bbox 546 5148 664 5198; x_wconf 87' lang='lat' dir='ltr'><strong>tres</strong></span> <span class='ocrx_word' id='word_1_438' title='bbox 712 5158 897 5197; x_wconf 90' lang='lat' dir='ltr'><strong>annos</strong></span> <span class='ocrx_word' id='word_1_439' title='bbox 947 5142 1005 5197; x_wconf 90' lang='lat' dir='ltr'><strong>in</strong></span> <span class='ocrx_word' id='word_1_440' title='bbox 1050 5140 1415 5195; x_wconf 86' lang='lat' dir='ltr'><strong>monasteriis</strong></span> <span class='ocrx_word' id='word_1_441' title='bbox 1463 5156 1587 5211; x_wconf 64' lang='lat' dir='ltr'><strong>qua</strong></span> <span class='ocrx_word' id='word_1_442' title='bbox 1628 5148 1763 5196; x_wconf 86' lang='lat' dir='ltr'><strong>sunt</strong></span> <span class='ocrx_word' id='word_1_443' title='bbox 1794 5142 1946 5196; x_wconf 86' lang='lat' dir='ltr'><strong>circa</strong></span> 
     </span>
    </p>
   </div>
   <div class='ocr_carea' id='block_1_56' title="bbox 230 5230 1946 5300">
    <p class='ocr_par' dir='ltr' id='par_1_56' title="bbox 230 5230 1946 5300">
     <span class='ocr_line' id='line_1_56' title="bbox 230 5230 1946 5300; baseline -0.002 -13"><span class='ocrx_word' id='word_1_444' title='bbox 230 5230 665 5297; x_wconf 79' lang='lat' dir='ltr'><strong>Alexandriam,</strong></span> <span class='ocrx_word' id='word_1_445' title='bbox 698 5237 753 5287; x_wconf 91' lang='lat' dir='ltr'><strong>et</strong></span> <span class='ocrx_word' id='word_1_446' title='bbox 783 5234 1123 5287; x_wconf 79' lang='lat' dir='ltr'><strong>mansissem</strong></span> <span class='ocrx_word' id='word_1_447' title='bbox 1159 5246 1291 5285; x_wconf 88' lang='lat' dir='ltr'><strong>cum</strong></span> <span class='ocrx_word' id='word_1_448' title='bbox 1329 5230 1552 5300; x_wconf 87' lang='lat' dir='ltr'><strong>magnis</strong></span> <span class='ocrx_word' id='word_1_449' title='bbox 1585 5231 1946 5285; x_wconf 85' lang='lat' dir='ltr'><strong>studiosissi-</strong></span> 
     </span>
    </p>
   </div>
   <div class='ocr_carea' id='block_1_57' title="bbox 233 5319 1945 5393">
    <p class='ocr_par' dir='ltr' id='par_1_57' title="bbox 233 5319 1945 5393">
     <span class='ocr_line' id='line_1_57' title="bbox 233 5319 1945 5393; baseline -0.003 -16"><span class='ocrx_word' id='word_1_450' title='bbox 233 5322 463 5393; x_wconf 88' lang='lat' dir='ltr'><strong>misque</strong></span> <span class='ocrx_word' id='word_1_451' title='bbox 494 5327 551 5377; x_wconf 91' lang='lat' dir='ltr'><strong>et</strong></span> <span class='ocrx_word' id='word_1_452' title='bbox 579 5321 815 5391; x_wconf 86' lang='lat' dir='ltr'><strong>nptimis</strong></span> <span class='ocrx_word' id='word_1_453' title='bbox 848 5321 987 5375; x_wconf 83' lang='lat' dir='ltr'><strong>viris</strong></span> <span class='ocrx_word' id='word_1_454' title='bbox 1039 5321 1271 5377; x_wconf 88' lang='lat' dir='ltr'><strong>circiter</strong></span> <span class='ocrx_word' id='word_1_455' title='bbox 1302 5322 1391 5376; x_wconf 86' lang='lat' dir='ltr'><strong>bis</strong></span> <span class='ocrx_word' id='word_1_456' title='bbox 1428 5320 1609 5384; x_wconf 89' lang='lat' dir='ltr'><strong>mille,</strong></span> <span class='ocrx_word' id='word_1_457' title='bbox 1642 5320 1801 5374; x_wconf 92' lang='lat' dir='ltr'><strong>omni</strong></span> <span class='ocrx_word' id='word_1_458' title='bbox 1836 5319 1945 5374; x_wconf 82' lang='lat' dir='ltr'><strong>vir-</strong></span> 
     </span>
    </p>
   </div>
   <div class='ocr_carea' id='block_1_58' title="bbox 229 5405 1944 5476">
    <p class='ocr_par' dir='ltr' id='par_1_58' title="bbox 229 5405 1944 5476">
     <span class='ocr_line' id='line_1_58' title="bbox 229 5405 1944 5476; baseline -0.003 -9"><span class='ocrx_word' id='word_1_459' title='bbox 229 5416 351 5467; x_wconf 88' lang='lat' dir='ltr'><strong>tute</strong></span> <span class='ocrx_word' id='word_1_460' title='bbox 381 5412 623 5476; x_wconf 89' lang='lat' dir='ltr'><strong>ornatis,</strong></span> <span class='ocrx_word' id='word_1_461' title='bbox 658 5408 816 5463; x_wconf 88' lang='lat' dir='ltr'><strong>illinc</strong></span> <span class='ocrx_word' id='word_1_462' title='bbox 849 5410 1125 5464; x_wconf 83' lang='lat' dir='ltr'><strong>recedens</strong></span> <span class='ocrx_word' id='word_1_463' title='bbox 1158 5408 1287 5464; x_wconf 89' lang='lat' dir='ltr'><strong>veni</strong></span> <span class='ocrx_word' id='word_1_464' title='bbox 1321 5409 1378 5461; x_wconf 91' lang='lat' dir='ltr'><strong>in</strong></span> <span class='ocrx_word' id='word_1_465' title='bbox 1436 5415 1689 5461; x_wconf 89' lang='lat' dir='ltr'><strong>montem</strong></span> <span class='ocrx_word' id='word_1_466' title='bbox 1725 5405 1944 5461; x_wconf 60' lang='lat' dir='ltr'><strong>Nitriae.</strong></span> 
     </span>
    </p>
   </div>
   <div class='ocr_carea' id='block_1_59' title="bbox 230 5495 1945 5564">
    <p class='ocr_par' dir='ltr' id='par_1_59' title="bbox 230 5495 1945 5564">
     <span class='ocr_line' id='line_1_59' title="bbox 230 5495 1945 5564; baseline -0.003 -8"><span class='ocrx_word' id='word_1_467' title='bbox 230 5502 391 5556; x_wconf 85' lang='lat' dir='ltr'><strong>Inter</strong></span> <span class='ocrx_word' id='word_1_468' title='bbox 421 5500 580 5555; x_wconf 90' lang='lat' dir='ltr'><strong>hunc</strong></span> <span class='ocrx_word' id='word_1_469' title='bbox 619 5509 872 5555; x_wconf 90' lang='lat' dir='ltr'><strong>montem</strong></span> <span class='ocrx_word' id='word_1_470' title='bbox 922 5504 1121 5554; x_wconf 89' lang='lat' dir='ltr'><strong>autem</strong></span> <span class='ocrx_word' id='word_1_471' title='bbox 1171 5504 1228 5553; x_wconf 92' lang='lat' dir='ltr'><strong>et</strong></span> <span class='ocrx_word' id='word_1_472' title='bbox 1259 5496 1670 5552; x_wconf 82' lang='lat' dir='ltr'><strong>Alexandriam</strong></span> <span class='ocrx_word' id='word_1_473' title='bbox 1725 5495 1945 5564; x_wconf 82' lang='lat' dir='ltr'><strong>positus</strong></span> 
     </span>
    </p>
   </div>
   <div class='ocr_carea' id='block_1_60' title="bbox 229 5582 1947 5659">
    <p class='ocr_par' dir='ltr' id='par_1_60' title="bbox 229 5582 1947 5659">
     <span class='ocr_line' id='line_1_60' title="bbox 229 5582 1947 5659; baseline -0.002 -16"><span class='ocrx_word' id='word_1_474' title='bbox 229 5597 321 5644; x_wconf 85' lang='lat' dir='ltr'><strong>est</strong></span> <span class='ocrx_word' id='word_1_475' title='bbox 352 5590 537 5659; x_wconf 90' lang='lat' dir='ltr'><strong>lacus,</strong></span> <span class='ocrx_word' id='word_1_476' title='bbox 588 5588 689 5659; x_wconf 88' lang='lat' dir='ltr'><strong>qui</strong></span> <span class='ocrx_word' id='word_1_477' title='bbox 740 5587 957 5643; x_wconf 90' lang='lat' dir='ltr'><strong>dicitur</strong></span> <span class='ocrx_word' id='word_1_478' title='bbox 986 5586 1173 5642; x_wconf 88' lang='lat' dir='ltr'><strong>Maria</strong></span> <span class='ocrx_word' id='word_1_479' title='bbox 1210 5601 1224 5641; x_wconf 93' lang='lat'><strong>:</strong></span> <span class='ocrx_word' id='word_1_480' title='bbox 1267 5585 1319 5640; x_wconf 87' lang='lat' dir='ltr'><strong>is</strong></span> <span class='ocrx_word' id='word_1_481' title='bbox 1358 5594 1553 5640; x_wconf 85' lang='lat' dir='ltr'><strong>autem</strong></span> <span class='ocrx_word' id='word_1_482' title='bbox 1587 5583 1843 5639; x_wconf 89' lang='lat' dir='ltr'><strong>continet</strong></span> <span class='ocrx_word' id='word_1_483' title='bbox 1874 5582 1947 5639; x_wconf 89' lang='lat' dir='ltr'><strong>ad</strong></span> 
     </span>
    </p>
   </div>
   <div class='ocr_carea' id='block_1_61' title="bbox 234 5675 1951 5752">
    <p class='ocr_par' dir='ltr' id='par_1_61' title="bbox 234 5675 1951 5752">
     <span class='ocr_line' id='line_1_61' title="bbox 234 5675 1951 5752; baseline -0.002 -17"><span class='ocrx_word' id='word_1_484' title='bbox 234 5676 423 5735; x_wconf 88' lang='lat' dir='ltr'><strong>millia</strong></span> <span class='ocrx_word' id='word_1_485' title='bbox 454 5677 848 5752; x_wconf 86' lang='lat' dir='ltr'><strong>septuaginta.</strong></span> <span class='ocrx_word' id='word_1_486' title='bbox 901 5675 1084 5741; x_wconf 84' lang='lat' dir='ltr'><strong>Quem</strong></span> <span class='ocrx_word' id='word_1_487' title='bbox 1134 5689 1270 5733; x_wconf 88' lang='lat' dir='ltr'><strong>cum</strong></span> <span class='ocrx_word' id='word_1_488' title='bbox 1322 5675 1809 5742; x_wconf 83' lang='lat' dir='ltr'><strong>transmisissem,</strong></span> <span class='ocrx_word' id='word_1_489' title='bbox 1851 5688 1951 5746; x_wconf 89' lang='lat' dir='ltr'><strong>per</strong></span> 
     </span>
    </p>
   </div>
   <div class='ocr_carea' id='block_1_62' title="bbox 2064 650 3769 729">
    <p class='ocr_par' dir='ltr' id='par_1_62' title="bbox 2064 650 3769 729">
     <span class='ocr_line' id='line_1_62' title="bbox 2064 650 3769 729; baseline 0.01 -28"><span class='ocrx_word' id='word_1_490' title='bbox 2064 664 2189 716; x_wconf 67' lang='lat' dir='ltr'><strong>quas</strong></span> <span class='ocrx_word' id='word_1_491' title='bbox 2233 650 2480 719; x_wconf 87' lang='lat' dir='ltr'><strong>pertinet</strong></span> <span class='ocrx_word' id='word_1_492' title='bbox 2525 669 2710 726; x_wconf 90' lang='lat' dir='ltr'><strong>usque</strong></span> <span class='ocrx_word' id='word_1_493' title='bbox 2761 656 2831 710; x_wconf 83' lang='lat' dir='ltr'><strong>ad</strong></span> <span class='ocrx_word' id='word_1_494' title='bbox 2881 655 3255 728; x_wconf 66' lang='lat' dir='ltr'><strong>Ethiopiam,</strong></span> <span class='ocrx_word' id='word_1_495' title='bbox 3302 666 3356 715; x_wconf 87' lang='lat' dir='ltr'><strong>el</strong></span> <span class='ocrx_word' id='word_1_496' title='bbox 3390 659 3661 729; x_wconf 88' lang='lat' dir='ltr'><strong>Mazicos,</strong></span> <span class='ocrx_word' id='word_1_497' title='bbox 3710 667 3769 718; x_wconf 86' lang='lat' dir='ltr'><strong>et.</strong></span> 
     </span>
    </p>
   </div>
   <div class='ocr_carea' id='block_1_63' title="bbox 2061 738 3773 822">
    <p class='ocr_par' dir='ltr' id='par_1_63' title="bbox 2061 738 3773 822">
     <span class='ocr_line' id='line_1_63' title="bbox 2061 738 3773 822; baseline 0.009 -31"><span class='ocrx_word' id='word_1_498' title='bbox 2061 738 2483 797; x_wconf 81' lang='lat' dir='ltr'><strong>Mauritaniam.</strong></span> <span class='ocrx_word' id='word_1_499' title='bbox 2516 742 2578 799; x_wconf 92' lang='lat' dir='ltr'><strong>In</strong></span> <span class='ocrx_word' id='word_1_500' title='bbox 2610 761 2677 799; x_wconf 90' lang='lat' dir='ltr'><strong>eo</strong></span> <span class='ocrx_word' id='word_1_501' title='bbox 2708 750 2900 801; x_wconf 91' lang='lat' dir='ltr'><strong>autem</strong></span> <span class='ocrx_word' id='word_1_502' title='bbox 2934 747 3203 803; x_wconf 90' lang='lat' dir='ltr'><strong>habitant</strong></span> <span class='ocrx_word' id='word_1_503' title='bbox 3243 750 3312 803; x_wconf 89' lang='lat' dir='ltr'><strong>ad</strong></span> <span class='ocrx_word' id='word_1_504' title='bbox 3347 749 3604 822; x_wconf 90' lang='lat' dir='ltr'><strong>quinque</strong></span> <span class='ocrx_word' id='word_1_505' title='bbox 3633 750 3773 807; x_wconf 87' lang='lat' dir='ltr'><strong>mil—</strong></span> 
     </span>
    </p>
   </div>
   <div class='ocr_carea' id='block_1_64' title="bbox 2061 825 3766 912">
    <p class='ocr_par' dir='ltr' id='par_1_64' title="bbox 2061 825 3766 912">
     <span class='ocr_line' id='line_1_64' title="bbox 2061 825 3766 912; baseline 0.011 -33"><span class='ocrx_word' id='word_1_506' title='bbox 2061 825 2141 881; x_wconf 91' lang='lat' dir='ltr'><strong>lia</strong></span> <span class='ocrx_word' id='word_1_507' title='bbox 2196 830 2447 886; x_wconf 87' lang='lat' dir='ltr'><strong>virorum</strong></span> <span class='ocrx_word' id='word_1_508' title='bbox 2497 832 2626 903; x_wconf 77' lang='lat'><strong>(18),</strong></span> <span class='ocrx_word' id='word_1_509' title='bbox 2678 834 2776 904; x_wconf 91' lang='lat' dir='ltr'><strong>qui</strong></span> <span class='ocrx_word' id='word_1_510' title='bbox 2833 842 3076 892; x_wconf 88' lang='lat' dir='ltr'><strong>utuntur</strong></span> <span class='ocrx_word' id='word_1_511' title='bbox 3134 837 3289 894; x_wconf 88' lang='lat' dir='ltr'><strong>vario</strong></span> <span class='ocrx_word' id='word_1_512' title='bbox 3345 840 3472 894; x_wconf 71' lang='lat' dir='ltr'><strong>vita:</strong></span> <span class='ocrx_word' id='word_1_513' title='bbox 3531 855 3766 912; x_wconf 87' lang='lat' dir='ltr'><strong>genere,</strong></span> 
     </span>
    </p>
   </div>
   <div class='ocr_carea' id='block_1_65' title="bbox 2064 917 3767 993">
    <p class='ocr_par' dir='ltr' id='par_1_65' title="bbox 2064 917 3767 993">
     <span class='ocr_line' id='line_1_65' title="bbox 2064 917 3767 993; baseline 0.009 -23"><span class='ocrx_word' id='word_1_514' title='bbox 2064 917 2469 990; x_wconf 89' lang='lat' dir='ltr'><strong>unusquisque</strong></span> <span class='ocrx_word' id='word_1_515' title='bbox 2509 930 2567 975; x_wconf 90' lang='lat' dir='ltr'><strong>ut</strong></span> <span class='ocrx_word' id='word_1_516' title='bbox 2598 926 2789 992; x_wconf 88' lang='lat' dir='ltr'><strong>potest</strong></span> <span class='ocrx_word' id='word_1_517' title='bbox 2833 929 2888 979; x_wconf 89' lang='lat' dir='ltr'><strong>et</strong></span> <span class='ocrx_word' id='word_1_518' title='bbox 2929 926 3074 993; x_wconf 89' lang='lat' dir='ltr'><strong>vult,</strong></span> <span class='ocrx_word' id='word_1_519' title='bbox 3106 928 3248 983; x_wconf 87' lang='lat' dir='ltr'><strong>adeo</strong></span> <span class='ocrx_word' id='word_1_520' title='bbox 3280 932 3347 983; x_wconf 91' lang='lat' dir='ltr'><strong>ut</strong></span> <span class='ocrx_word' id='word_1_521' title='bbox 3385 927 3553 985; x_wconf 83' lang='lat' dir='ltr'><strong>liceat</strong></span> <span class='ocrx_word' id='word_1_522' title='bbox 3585 933 3644 984; x_wconf 86' lang='lat' dir='ltr'><strong>et</strong></span> <span class='ocrx_word' id='word_1_523' title='bbox 3674 945 3767 985; x_wconf 85' lang='lat' dir='ltr'><strong>so-</strong></span> 
     </span>
    </p>
   </div>
   <div class='ocr_carea' id='block_1_66' title="bbox 2060 1002 3767 1089">
    <p class='ocr_par' dir='ltr' id='par_1_66' title="bbox 2060 1002 3767 1089">
     <span class='ocr_line' id='line_1_66' title="bbox 2060 1002 3767 1089; baseline 0.009 -32"><span class='ocrx_word' id='word_1_524' title='bbox 2060 1002 2183 1058; x_wconf 91' lang='lat' dir='ltr'><strong>lum</strong></span> <span class='ocrx_word' id='word_1_525' title='bbox 2217 1021 2472 1074; x_wconf 89' lang='lat' dir='ltr'><strong>manere,</strong></span> <span class='ocrx_word' id='word_1_526' title='bbox 2507 1015 2724 1064; x_wconf 88' lang='lat' dir='ltr'><strong>etcum</strong></span> <span class='ocrx_word' id='word_1_527' title='bbox 2768 1009 3019 1081; x_wconf 88' lang='lat' dir='ltr'><strong>duobus,</strong></span> <span class='ocrx_word' id='word_1_528' title='bbox 3069 1018 3125 1069; x_wconf 88' lang='lat' dir='ltr'><strong>et</strong></span> <span class='ocrx_word' id='word_1_529' title='bbox 3164 1015 3372 1083; x_wconf 85' lang='lat' dir='ltr'><strong>tribus,</strong></span> <span class='ocrx_word' id='word_1_530' title='bbox 3406 1026 3460 1071; x_wconf 85' lang='lat' dir='ltr'><strong>et</strong></span> <span class='ocrx_word' id='word_1_531' title='bbox 3491 1032 3624 1072; x_wconf 89' lang='lat' dir='ltr'><strong>cum</strong></span> <span class='ocrx_word' id='word_1_532' title='bbox 3652 1033 3767 1089; x_wconf 90' lang='lat' dir='ltr'><strong>quo</strong></span> 
     </span>
    </p>
   </div>
   <div class='ocr_carea' id='block_1_67' title="bbox 2058 1093 3765 1175">
    <p class='ocr_par' dir='ltr' id='par_1_67' title="bbox 2058 1093 3765 1175">
     <span class='ocr_line' id='line_1_67' title="bbox 2058 1093 3765 1175; baseline 0.009 -27"><span class='ocrx_word' id='word_1_533' title='bbox 2058 1093 2197 1149; x_wconf 85' lang='lat' dir='ltr'><strong>velit</strong></span> <span class='ocrx_word' id='word_1_534' title='bbox 2227 1113 2490 1153; x_wconf 90' lang='lat' dir='ltr'><strong>numero.</strong></span> <span class='ocrx_word' id='word_1_535' title='bbox 2541 1099 2604 1153; x_wconf 91' lang='lat' dir='ltr'><strong>In</strong></span> <span class='ocrx_word' id='word_1_536' title='bbox 2648 1100 2756 1155; x_wconf 88' lang='lat' dir='ltr'><strong>hoc</strong></span> <span class='ocrx_word' id='word_1_537' title='bbox 2802 1106 2999 1155; x_wconf 89' lang='lat' dir='ltr'><strong>monte</strong></span> <span class='ocrx_word' id='word_1_538' title='bbox 3050 1111 3183 1158; x_wconf 89' lang='lat' dir='ltr'><strong>sunt</strong></span> <span class='ocrx_word' id='word_1_539' title='bbox 3230 1110 3451 1174; x_wconf 85' lang='lat' dir='ltr'><strong>septem</strong></span> <span class='ocrx_word' id='word_1_540' title='bbox 3486 1107 3765 1175; x_wconf 63' lang='lat' dir='ltr'><strong>pistrina,</strong></span> 
     </span>
    </p>
   </div>
   <div class='ocr_carea' id='block_1_68' title="bbox 2060 1186 3768 1263">
    <p class='ocr_par' dir='ltr' id='par_1_68' title="bbox 2060 1186 3768 1263">
     <span class='ocr_line' id='line_1_68' title="bbox 2060 1186 3768 1263; baseline 0.008 -25"><span class='ocrx_word' id='word_1_541' title='bbox 2060 1198 2184 1252; x_wconf 66' lang='lat' dir='ltr'><strong>quae</strong></span> <span class='ocrx_word' id='word_1_542' title='bbox 2215 1191 2271 1241; x_wconf 91' lang='lat' dir='ltr'><strong>et</strong></span> <span class='ocrx_word' id='word_1_543' title='bbox 2301 1186 2416 1243; x_wconf 91' lang='lat' dir='ltr'><strong>illis</strong></span> <span class='ocrx_word' id='word_1_544' title='bbox 2449 1190 2726 1258; x_wconf 87' lang='lat' dir='ltr'><strong>serviunt,</strong></span> <span class='ocrx_word' id='word_1_545' title='bbox 2760 1194 2816 1245; x_wconf 91' lang='lat' dir='ltr'><strong>et</strong></span> <span class='ocrx_word' id='word_1_546' title='bbox 2838 1190 3204 1247; x_wconf 87' lang='lat' dir='ltr'><strong>anachoretis</strong></span> <span class='ocrx_word' id='word_1_547' title='bbox 3225 1193 3322 1263; x_wconf 92' lang='lat' dir='ltr'><strong>qui</strong></span> <span class='ocrx_word' id='word_1_548' title='bbox 3356 1200 3497 1249; x_wconf 86' lang='lat' dir='ltr'><strong>sunt</strong></span> <span class='ocrx_word' id='word_1_549' title='bbox 3526 1195 3584 1249; x_wconf 88' lang='lat' dir='ltr'><strong>in</strong></span> <span class='ocrx_word' id='word_1_550' title='bbox 3604 1202 3768 1252; x_wconf 87' lang='lat' dir='ltr'><strong>vasta</strong></span> 
     </span>
    </p>
   </div>
   <div class='ocr_carea' id='block_1_69' title="bbox 2059 1277 3767 1350">
    <p class='ocr_par' dir='ltr' id='par_1_69' title="bbox 2059 1277 3767 1350">
     <span class='ocr_line' id='line_1_69' title="bbox 2059 1277 3767 1350; baseline 0.002 -15"><span class='ocrx_word' id='word_1_551' title='bbox 2059 1278 2394 1346; x_wconf 86' lang='lat' dir='ltr'><strong>solitudine,</strong></span> <span class='ocrx_word' id='word_1_552' title='bbox 2447 1277 2585 1333; x_wconf 91' lang='lat' dir='ltr'><strong>viris</strong></span> <span class='ocrx_word' id='word_1_553' title='bbox 2638 1279 2929 1350; x_wconf 90' lang='lat' dir='ltr'><strong>perfectis,</strong></span> <span class='ocrx_word' id='word_1_554' title='bbox 2980 1296 3219 1336; x_wconf 91' lang='lat' dir='ltr'><strong>numero</strong></span> <span class='ocrx_word' id='word_1_555' title='bbox 3263 1282 3570 1337; x_wconf 81' lang='lat' dir='ltr'><strong>sexcentis.</strong></span> <span class='ocrx_word' id='word_1_556' title='bbox 3622 1283 3767 1339; x_wconf 88' lang='lat' dir='ltr'><strong>Cum</strong></span> 
     </span>
    </p>
   </div>
   <div class='ocr_carea' id='block_1_70' title="bbox 2059 1368 3768 1442">
    <p class='ocr_par' dir='ltr' id='par_1_70' title="bbox 2059 1368 3768 1442">
     <span class='ocr_line' id='line_1_70' title="bbox 2059 1368 3768 1442; baseline 0.002 -18"><span class='ocrx_word' id='word_1_557' title='bbox 2059 1384 2194 1440; x_wconf 90' lang='lat' dir='ltr'><strong>ergo</strong></span> <span class='ocrx_word' id='word_1_558' title='bbox 2221 1373 2341 1423; x_wconf 89' lang='lat' dir='ltr'><strong>toto</strong></span> <span class='ocrx_word' id='word_1_559' title='bbox 2371 1384 2523 1423; x_wconf 88' lang='lat' dir='ltr'><strong>anno</strong></span> <span class='ocrx_word' id='word_1_560' title='bbox 2553 1368 2613 1423; x_wconf 91' lang='lat' dir='ltr'><strong>in</strong></span> <span class='ocrx_word' id='word_1_561' title='bbox 2646 1374 2845 1425; x_wconf 90' lang='lat' dir='ltr'><strong>monte</strong></span> <span class='ocrx_word' id='word_1_562' title='bbox 2877 1369 3228 1426; x_wconf 87' lang='lat' dir='ltr'><strong>habitassem</strong></span> <span class='ocrx_word' id='word_1_563' title='bbox 3262 1371 3414 1442; x_wconf 90' lang='lat' dir='ltr'><strong>apud</strong></span> <span class='ocrx_word' id='word_1_564' title='bbox 3464 1371 3663 1427; x_wconf 90' lang='lat' dir='ltr'><strong>beatos</strong></span> <span class='ocrx_word' id='word_1_565' title='bbox 3711 1375 3768 1427; x_wconf 90' lang='lat' dir='ltr'><strong>et</strong></span> 
     </span>
    </p>
   </div>
   <div class='ocr_carea' id='block_1_71' title="bbox 2060 1458 3766 1533">
    <p class='ocr_par' dir='ltr' id='par_1_71' title="bbox 2060 1458 3766 1533">
     <span class='ocr_line' id='line_1_71' title="bbox 2060 1458 3766 1533; baseline 0.002 -20"><span class='ocrx_word' id='word_1_566' title='bbox 2060 1462 2293 1513; x_wconf 91' lang='lat' dir='ltr'><strong>sanctos</strong></span> <span class='ocrx_word' id='word_1_567' title='bbox 2360 1458 2579 1524; x_wconf 88' lang='lat' dir='ltr'><strong>Patres,</strong></span> <span class='ocrx_word' id='word_1_568' title='bbox 2651 1473 2931 1524; x_wconf 83' lang='lat' dir='ltr'><strong>magnum</strong></span> <span class='ocrx_word' id='word_1_569' title='bbox 2998 1460 3289 1515; x_wconf 88' lang='lat' dir='ltr'><strong>Arsisium</strong></span> <span class='ocrx_word' id='word_1_570' title='bbox 3353 1464 3409 1515; x_wconf 91' lang='lat' dir='ltr'><strong>et</strong></span> <span class='ocrx_word' id='word_1_571' title='bbox 3465 1460 3766 1533; x_wconf 83' lang='lat' dir='ltr'><strong>Putuphs-</strong></span> 
     </span>
    </p>
   </div>
   <div class='ocr_carea' id='block_1_72' title="bbox 2059 1546 3764 1620">
    <p class='ocr_par' dir='ltr' id='par_1_72' title="bbox 2059 1546 3764 1620">
     <span class='ocr_line' id='line_1_72' title="bbox 2059 1546 3764 1620; baseline 0.003 -19"><span class='ocrx_word' id='word_1_572' title='bbox 2059 1551 2237 1613; x_wconf 89' lang='lat' dir='ltr'><strong>stum,</strong></span> <span class='ocrx_word' id='word_1_573' title='bbox 2272 1552 2329 1602; x_wconf 89' lang='lat' dir='ltr'><strong>et</strong></span> <span class='ocrx_word' id='word_1_574' title='bbox 2360 1546 2677 1617; x_wconf 82' lang='lat' dir='ltr'><strong>Hegionem</strong></span> <span class='ocrx_word' id='word_1_575' title='bbox 2709 1547 2845 1619; x_wconf 85' lang='grc'><strong>(19),</strong></span> <span class='ocrx_word' id='word_1_576' title='bbox 2869 1552 2925 1602; x_wconf 87' lang='lat' dir='ltr'><strong>et</strong></span> <span class='ocrx_word' id='word_1_577' title='bbox 2954 1547 3251 1616; x_wconf 90' lang='lat' dir='ltr'><strong>Cronium,</strong></span> <span class='ocrx_word' id='word_1_578' title='bbox 3284 1554 3341 1604; x_wconf 91' lang='lat' dir='ltr'><strong>et</strong></span> <span class='ocrx_word' id='word_1_579' title='bbox 3369 1551 3764 1620; x_wconf 87' lang='lat' dir='ltr'><strong>Serapionem,</strong></span> 
     </span>
    </p>
   </div>
   <div class='ocr_carea' id='block_1_73' title="bbox 2057 1636 3761 1708">
    <p class='ocr_par' dir='ltr' id='par_1_73' title="bbox 2057 1636 3761 1708">
     <span class='ocr_line' id='line_1_73' title="bbox 2057 1636 3761 1708; baseline 0.002 -17"><span class='ocrx_word' id='word_1_580' title='bbox 2057 1642 2109 1691; x_wconf 89' lang='lat' dir='ltr'><strong>et</strong></span> <span class='ocrx_word' id='word_1_581' title='bbox 2140 1636 2341 1691; x_wconf 87' lang='lat' dir='ltr'><strong>multis</strong></span> <span class='ocrx_word' id='word_1_582' title='bbox 2375 1636 2771 1707; x_wconf 88' lang='lat' dir='ltr'><strong>antiquiorum</strong></span> <span class='ocrx_word' id='word_1_583' title='bbox 2821 1638 3057 1692; x_wconf 89' lang='lat' dir='ltr'><strong>Patrum</strong></span> <span class='ocrx_word' id='word_1_584' title='bbox 3084 1636 3448 1708; x_wconf 87' lang='lat' dir='ltr'><strong>spiritalibus</strong></span> <span class='ocrx_word' id='word_1_585' title='bbox 3480 1641 3761 1695; x_wconf 87' lang='lat' dir='ltr'><strong>narratio-</strong></span> 
     </span>
    </p>
   </div>
   <div class='ocr_carea' id='block_1_74' title="bbox 2059 1724 3755 1794">
    <p class='ocr_par' dir='ltr' id='par_1_74' title="bbox 2059 1724 3755 1794">
     <span class='ocr_line' id='line_1_74' title="bbox 2059 1724 3755 1794; baseline 0.002 -14"><span class='ocrx_word' id='word_1_586' title='bbox 2059 1724 2254 1784; x_wconf 88' lang='lat' dir='ltr'><strong>nibus,</strong></span> <span class='ocrx_word' id='word_1_587' title='bbox 2283 1725 2355 1780; x_wconf 91' lang='lat' dir='ltr'><strong>ab</strong></span> <span class='ocrx_word' id='word_1_588' title='bbox 2389 1724 2528 1794; x_wconf 88' lang='lat' dir='ltr'><strong>ipsis</strong></span> <span class='ocrx_word' id='word_1_589' title='bbox 2559 1741 2749 1781; x_wconf 90' lang='lat' dir='ltr'><strong>essem</strong></span> <span class='ocrx_word' id='word_1_590' title='bbox 2781 1725 3137 1792; x_wconf 88' lang='lat' dir='ltr'><strong>stimulatus,</strong></span> <span class='ocrx_word' id='word_1_591' title='bbox 3186 1726 3317 1782; x_wconf 85' lang='lat' dir='ltr'><strong>veni</strong></span> <span class='ocrx_word' id='word_1_592' title='bbox 3370 1727 3428 1782; x_wconf 93' lang='lat' dir='ltr'><strong>in</strong></span> <span class='ocrx_word' id='word_1_593' title='bbox 3484 1728 3755 1784; x_wconf 85' lang='lat' dir='ltr'><strong>intimam</strong></span> 
     </span>
    </p>
   </div>
   <div class='ocr_carea' id='block_1_75' title="bbox 2059 1813 3765 1875">
    <p class='ocr_par' dir='ltr' id='par_1_75' title="bbox 2059 1813 3765 1875">
     <span class='ocr_line' id='line_1_75' title="bbox 2059 1813 3765 1875; baseline 0.002 -6"><span class='ocrx_word' id='word_1_594' title='bbox 2059 1814 2455 1869; x_wconf 88' lang='lat' dir='ltr'><strong>solitudinem.</strong></span> <span class='ocrx_word' id='word_1_595' title='bbox 2506 1815 2569 1868; x_wconf 85' lang='lat' dir='ltr'><strong>In</strong></span> <span class='ocrx_word' id='word_1_596' title='bbox 2603 1813 2710 1870; x_wconf 89' lang='lat' dir='ltr'><strong>hoc</strong></span> <span class='ocrx_word' id='word_1_597' title='bbox 2762 1819 2953 1870; x_wconf 89' lang='lat' dir='ltr'><strong>monte</strong></span> <span class='ocrx_word' id='word_1_598' title='bbox 3001 1815 3188 1870; x_wconf 78' lang='lat' dir='ltr'><strong>Nitriae</strong></span> <span class='ocrx_word' id='word_1_599' title='bbox 3235 1832 3354 1871; x_wconf 87' lang='lat' dir='ltr'><strong>una</strong></span> <span class='ocrx_word' id='word_1_600' title='bbox 3391 1821 3480 1872; x_wconf 90' lang='lat' dir='ltr'><strong>est</strong></span> <span class='ocrx_word' id='word_1_601' title='bbox 3507 1818 3765 1875; x_wconf 85' lang='lat' dir='ltr'><strong>maxima</strong></span> 
     </span>
    </p>
   </div>
   <div class='ocr_carea' id='block_1_76' title="bbox 2057 1903 3764 1978">
    <p class='ocr_par' dir='ltr' id='par_1_76' title="bbox 2057 1903 3764 1978">
     <span class='ocr_line' id='line_1_76' title="bbox 2057 1903 3764 1978; baseline 0.002 -20"><span class='ocrx_word' id='word_1_602' title='bbox 2057 1903 2325 1969; x_wconf 90' lang='lat' dir='ltr'><strong>ecclesia,</strong></span> <span class='ocrx_word' id='word_1_603' title='bbox 2354 1908 2411 1957; x_wconf 90' lang='lat' dir='ltr'><strong>et</strong></span> <span class='ocrx_word' id='word_1_604' title='bbox 2440 1905 2501 1958; x_wconf 90' lang='lat' dir='ltr'><strong>in</strong></span> <span class='ocrx_word' id='word_1_605' title='bbox 2532 1903 2659 1973; x_wconf 89' lang='lat' dir='ltr'><strong>ipsa</strong></span> <span class='ocrx_word' id='word_1_606' title='bbox 2688 1903 2936 1959; x_wconf 88' lang='lat' dir='ltr'><strong>ecclesia</strong></span> <span class='ocrx_word' id='word_1_607' title='bbox 2964 1910 3102 1959; x_wconf 91' lang='lat' dir='ltr'><strong>sunt</strong></span> <span class='ocrx_word' id='word_1_608' title='bbox 3131 1910 3244 1959; x_wconf 84' lang='lat' dir='ltr'><strong>tres</strong></span> <span class='ocrx_word' id='word_1_609' title='bbox 3277 1905 3503 1976; x_wconf 77' lang='lat' dir='ltr'><strong>palmae,</strong></span> <span class='ocrx_word' id='word_1_610' title='bbox 3537 1921 3604 1961; x_wconf 86' lang='lat' dir='ltr'><strong>ex</strong></span> <span class='ocrx_word' id='word_1_611' title='bbox 3636 1907 3764 1978; x_wconf 90' lang='lat' dir='ltr'><strong>qui-</strong></span> 
     </span>
    </p>
   </div>
   <div class='ocr_carea' id='block_1_77' title="bbox 2058 1992 3761 2066">
    <p class='ocr_par' dir='ltr' id='par_1_77' title="bbox 2058 1992 3761 2066">
     <span class='ocr_line' id='line_1_77' title="bbox 2058 1992 3761 2066; baseline 0.003 -19"><span class='ocrx_word' id='word_1_612' title='bbox 2058 1992 2169 2047; x_wconf 86' lang='lat' dir='ltr'><strong>bus</strong></span> <span class='ocrx_word' id='word_1_613' title='bbox 2202 2009 2563 2066; x_wconf 68' lang='lat' dir='ltr'><strong>nnaquaaque</strong></span> <span class='ocrx_word' id='word_1_614' title='bbox 2596 1994 2767 2049; x_wconf 86' lang='lat' dir='ltr'><strong>habet</strong></span> <span class='ocrx_word' id='word_1_615' title='bbox 2814 1993 3109 2062; x_wconf 79' lang='lat' dir='ltr'><strong>ﬂagellum</strong></span> <span class='ocrx_word' id='word_1_616' title='bbox 3145 1994 3257 2066; x_wconf 75' lang='lat'><strong>(‘20)</strong></span> <span class='ocrx_word' id='word_1_617' title='bbox 3285 2010 3658 2065; x_wconf 89' lang='lat' dir='ltr'><strong>suspensum.</strong></span> <span class='ocrx_word' id='word_1_618' title='bbox 3693 1996 3761 2052; x_wconf 85' lang='lat' dir='ltr'><strong>Et</strong></span> 
     </span>
    </p>
   </div>
   <div class='ocr_carea' id='block_1_78' title="bbox 2057 2084 3755 2156">
    <p class='ocr_par' dir='ltr' id='par_1_78' title="bbox 2057 2084 3755 2156">
     <span class='ocr_line' id='line_1_78' title="bbox 2057 2084 3755 2156; baseline 0.001 -18"><span class='ocrx_word' id='word_1_619' title='bbox 2057 2089 2145 2139; x_wconf 89' lang='lat' dir='ltr'><strong>est</strong></span> <span class='ocrx_word' id='word_1_620' title='bbox 2176 2098 2359 2138; x_wconf 90' lang='lat' dir='ltr'><strong>unum</strong></span> <span class='ocrx_word' id='word_1_621' title='bbox 2393 2086 2628 2155; x_wconf 86' lang='lat' dir='ltr'><strong>quidem</strong></span> <span class='ocrx_word' id='word_1_622' title='bbox 2661 2084 2732 2138; x_wconf 91' lang='lat' dir='ltr'><strong>ad</strong></span> <span class='ocrx_word' id='word_1_623' title='bbox 2778 2084 3146 2154; x_wconf 87' lang='lat' dir='ltr'><strong>castigandos</strong></span> <span class='ocrx_word' id='word_1_624' title='bbox 3188 2086 3499 2139; x_wconf 89' lang='lat' dir='ltr'><strong>monachos</strong></span> <span class='ocrx_word' id='word_1_625' title='bbox 3527 2086 3627 2156; x_wconf 87' lang='lat' dir='ltr'><strong>qui</strong></span> <span class='ocrx_word' id='word_1_626' title='bbox 3655 2086 3755 2141; x_wconf 81' lang='lat' dir='ltr'><strong>de-</strong></span> 
     </span>
    </p>
   </div>
   <div class='ocr_carea' id='block_1_79' title="bbox 2057 2171 3759 2245">
    <p class='ocr_par' dir='ltr' id='par_1_79' title="bbox 2057 2171 3759 2245">
     <span class='ocr_line' id='line_1_79' title="bbox 2057 2171 3759 2245; baseline 0.003 -18"><span class='ocrx_word' id='word_1_627' title='bbox 2057 2171 2382 2245; x_wconf 87' lang='lat' dir='ltr'><strong>linquunt;</strong></span> <span class='ocrx_word' id='word_1_628' title='bbox 2434 2174 2684 2229; x_wconf 86' lang='lat' dir='ltr'><strong>alterum</strong></span> <span class='ocrx_word' id='word_1_629' title='bbox 2733 2191 2866 2229; x_wconf 90' lang='lat' dir='ltr'><strong>vero</strong></span> <span class='ocrx_word' id='word_1_630' title='bbox 2914 2174 2984 2229; x_wconf 88' lang='lat' dir='ltr'><strong>ad</strong></span> <span class='ocrx_word' id='word_1_631' title='bbox 3036 2174 3360 2244; x_wconf 90' lang='lat' dir='ltr'><strong>puniendos</strong></span> <span class='ocrx_word' id='word_1_632' title='bbox 3397 2174 3672 2243; x_wconf 76' lang='lat' dir='ltr'><strong>latrones,</strong></span> <span class='ocrx_word' id='word_1_633' title='bbox 3705 2176 3759 2232; x_wconf 83' lang='lat' dir='ltr'><strong>si</strong></span> 
     </span>
    </p>
   </div>
   <div class='ocr_carea' id='block_1_80' title="bbox 2058 2263 3761 2337">
    <p class='ocr_par' dir='ltr' id='par_1_80' title="bbox 2058 2263 3761 2337">
     <span class='ocr_line' id='line_1_80' title="bbox 2058 2263 3761 2337; baseline 0.002 -20"><span class='ocrx_word' id='word_1_634' title='bbox 2058 2264 2293 2334; x_wconf 89' lang='lat' dir='ltr'><strong>quando</strong></span> <span class='ocrx_word' id='word_1_635' title='bbox 2323 2263 2627 2319; x_wconf 86' lang='lat' dir='ltr'><strong>inciderint</strong></span> <span class='ocrx_word' id='word_1_636' title='bbox 2658 2282 2673 2331; x_wconf 90' lang='lat'><strong>;</strong></span> <span class='ocrx_word' id='word_1_637' title='bbox 2724 2263 2957 2319; x_wconf 87' lang='lat' dir='ltr'><strong>tertium</strong></span> <span class='ocrx_word' id='word_1_638' title='bbox 3010 2280 3136 2319; x_wconf 87' lang='lat' dir='ltr'><strong>vero</strong></span> <span class='ocrx_word' id='word_1_639' title='bbox 3163 2264 3233 2319; x_wconf 91' lang='lat' dir='ltr'><strong>ad</strong></span> <span class='ocrx_word' id='word_1_640' title='bbox 3266 2266 3635 2337; x_wconf 87' lang='lat' dir='ltr'><strong>corrigendos</strong></span> <span class='ocrx_word' id='word_1_641' title='bbox 3662 2282 3761 2321; x_wconf 87' lang='lat' dir='ltr'><strong>eos</strong></span> 
     </span>
    </p>
   </div>
   <div class='ocr_carea' id='block_1_81' title="bbox 2059 2353 3762 2425">
    <p class='ocr_par' dir='ltr' id='par_1_81' title="bbox 2059 2353 3762 2425">
     <span class='ocr_line' id='line_1_81' title="bbox 2059 2353 3762 2425; baseline 0.003 -19"><span class='ocrx_word' id='word_1_642' title='bbox 2059 2353 2157 2424; x_wconf 85' lang='lat' dir='ltr'><strong>qui</strong></span> <span class='ocrx_word' id='word_1_643' title='bbox 2193 2353 2335 2407; x_wconf 83' lang='lat' dir='ltr'><strong>forte</strong></span> <span class='ocrx_word' id='word_1_644' title='bbox 2360 2353 2615 2421; x_wconf 82' lang='lat' dir='ltr'><strong>veniunt,</strong></span> <span class='ocrx_word' id='word_1_645' title='bbox 2648 2363 2703 2409; x_wconf 89' lang='lat' dir='ltr'><strong>et</strong></span> <span class='ocrx_word' id='word_1_646' title='bbox 2734 2354 2791 2409; x_wconf 92' lang='lat' dir='ltr'><strong>in</strong></span> <span class='ocrx_word' id='word_1_647' title='bbox 2815 2356 3012 2425; x_wconf 88' lang='lat' dir='ltr'><strong>aliqua</strong></span> <span class='ocrx_word' id='word_1_648' title='bbox 3042 2354 3253 2410; x_wconf 87' lang='lat' dir='ltr'><strong>delicta</strong></span> <span class='ocrx_word' id='word_1_649' title='bbox 3284 2354 3584 2424; x_wconf 82' lang='lat' dir='ltr'><strong>incidunt;</strong></span> <span class='ocrx_word' id='word_1_650' title='bbox 3620 2356 3762 2411; x_wconf 82' lang='lat' dir='ltr'><strong>adeo</strong></span> 
     </span>
    </p>
   </div>
   <div class='ocr_carea' id='block_1_82' title="bbox 2059 2442 3766 2514">
    <p class='ocr_par' dir='ltr' id='par_1_82' title="bbox 2059 2442 3766 2514">
     <span class='ocr_line' id='line_1_82' title="bbox 2059 2442 3766 2514; baseline 0.002 -19"><span class='ocrx_word' id='word_1_651' title='bbox 2059 2448 2124 2495; x_wconf 90' lang='lat' dir='ltr'><strong>ut</strong></span> <span class='ocrx_word' id='word_1_652' title='bbox 2144 2443 2477 2513; x_wconf 86' lang='lat' dir='ltr'><strong>quicunque</strong></span> <span class='ocrx_word' id='word_1_653' title='bbox 2494 2442 2869 2514; x_wconf 74' lang='lat' dir='ltr'><strong>delinquunt.</strong></span> <span class='ocrx_word' id='word_1_654' title='bbox 2887 2455 2937 2498; x_wconf 87' lang='lat' dir='ltr'><strong>et</strong></span> <span class='ocrx_word' id='word_1_655' title='bbox 2956 2443 3382 2498; x_wconf 86' lang='lat' dir='ltr'><strong>convincuntur</strong></span> <span class='ocrx_word' id='word_1_656' title='bbox 3402 2445 3678 2500; x_wconf 78' lang='lat' dir='ltr'><strong>meruisse</strong></span> <span class='ocrx_word' id='word_1_657' title='bbox 3702 2449 3766 2499; x_wconf 86' lang='lat' dir='ltr'><strong>ut</strong></span> 
     </span>
    </p>
   </div>
   <div class='ocr_carea' id='block_1_83' title="bbox 2059 2531 3766 2604">
    <p class='ocr_par' dir='ltr' id='par_1_83' title="bbox 2059 2531 3766 2604">
     <span class='ocr_line' id='line_1_83' title="bbox 2059 2531 3766 2604; baseline 0.001 -17"><span class='ocrx_word' id='word_1_658' title='bbox 2059 2532 2198 2587; x_wconf 90' lang='lat' dir='ltr'><strong>dent</strong></span> <span class='ocrx_word' id='word_1_659' title='bbox 2232 2546 2447 2597; x_wconf 74' lang='lat' dir='ltr'><strong>pmnas,</strong></span> <span class='ocrx_word' id='word_1_660' title='bbox 2493 2531 2745 2602; x_wconf 84' lang='lat' dir='ltr'><strong>palmam</strong></span> <span class='ocrx_word' id='word_1_661' title='bbox 2791 2531 3236 2602; x_wconf 82' lang='lat' dir='ltr'><strong>amplectantur,</strong></span> <span class='ocrx_word' id='word_1_662' title='bbox 3288 2539 3344 2587; x_wconf 89' lang='lat' dir='ltr'><strong>et</strong></span> <span class='ocrx_word' id='word_1_663' title='bbox 3376 2541 3535 2603; x_wconf 87' lang='lat' dir='ltr'><strong>tergo</strong></span> <span class='ocrx_word' id='word_1_664' title='bbox 3571 2535 3766 2604; x_wconf 82' lang='lat' dir='ltr'><strong>plagas</strong></span> 
     </span>
    </p>
   </div>
   <div class='ocr_carea' id='block_1_84' title="bbox 2066 2620 3765 2693">
    <p class='ocr_par' dir='ltr' id='par_1_84' title="bbox 2066 2620 3765 2693">
     <span class='ocr_line' id='line_1_84' title="bbox 2066 2620 3765 2693; baseline 0.003 -20"><span class='ocrx_word' id='word_1_665' title='bbox 2066 2620 2381 2693; x_wconf 72' lang='lat' dir='ltr'><strong>praefinitas</strong></span> <span class='ocrx_word' id='word_1_666' title='bbox 2414 2622 2726 2692; x_wconf 78' lang='lat' dir='ltr'><strong>accipiant,</strong></span> <span class='ocrx_word' id='word_1_667' title='bbox 2758 2627 2815 2676; x_wconf 91' lang='lat' dir='ltr'><strong>et</strong></span> <span class='ocrx_word' id='word_1_668' title='bbox 2844 2621 2929 2676; x_wconf 89' lang='lat' dir='ltr'><strong>sic</strong></span> <span class='ocrx_word' id='word_1_669' title='bbox 2960 2622 3336 2675; x_wconf 88' lang='lat' dir='ltr'><strong>dimittantur.</strong></span> <span class='ocrx_word' id='word_1_670' title='bbox 3371 2622 3553 2692; x_wconf 86' lang='lat' dir='ltr'><strong>Prope</strong></span> <span class='ocrx_word' id='word_1_671' title='bbox 3583 2622 3765 2678; x_wconf 91' lang='lat' dir='ltr'><strong>eccle-</strong></span> 
     </span>
    </p>
   </div>
   <div class='ocr_carea' id='block_1_85' title="bbox 2055 2711 3764 2782">
    <p class='ocr_par' dir='ltr' id='par_1_85' title="bbox 2055 2711 3764 2782">
     <span class='ocr_line' id='line_1_85' title="bbox 2055 2711 3764 2782; baseline 0.001 -16"><span class='ocrx_word' id='word_1_672' title='bbox 2055 2711 2202 2767; x_wconf 90' lang='lat' dir='ltr'><strong>siam</strong></span> <span class='ocrx_word' id='word_1_673' title='bbox 2221 2717 2415 2764; x_wconf 88' lang='lat' dir='ltr'><strong>autsm</strong></span> <span class='ocrx_word' id='word_1_674' title='bbox 2443 2712 2697 2780; x_wconf 88' lang='lat' dir='ltr'><strong>positum</strong></span> <span class='ocrx_word' id='word_1_675' title='bbox 2720 2717 2809 2765; x_wconf 90' lang='lat' dir='ltr'><strong>est</strong></span> <span class='ocrx_word' id='word_1_676' title='bbox 2829 2713 3271 2779; x_wconf 78' lang='lat' dir='ltr'><strong>xenodochium,</strong></span> <span class='ocrx_word' id='word_1_677' title='bbox 3307 2712 3363 2765; x_wconf 92' lang='lat' dir='ltr'><strong>in</strong></span> <span class='ocrx_word' id='word_1_678' title='bbox 3396 2726 3510 2782; x_wconf 88' lang='lat' dir='ltr'><strong>quo</strong></span> <span class='ocrx_word' id='word_1_679' title='bbox 3534 2711 3764 2768; x_wconf 86' lang='lat' dir='ltr'><strong>venien-</strong></span> 
     </span>
    </p>
   </div>
   <div class='ocr_carea' id='block_1_86' title="bbox 2054 2799 3769 2870">
    <p class='ocr_par' dir='ltr' id='par_1_86' title="bbox 2054 2799 3769 2870">
     <span class='ocr_line' id='line_1_86' title="bbox 2054 2799 3769 2870; baseline 0.001 -15"><span class='ocrx_word' id='word_1_680' title='bbox 2054 2807 2172 2855; x_wconf 87' lang='lat' dir='ltr'><strong>tem</strong></span> <span class='ocrx_word' id='word_1_681' title='bbox 2206 2799 2496 2869; x_wconf 88' lang='lat' dir='ltr'><strong>hospitem</strong></span> <span class='ocrx_word' id='word_1_682' title='bbox 2529 2807 2645 2854; x_wconf 90' lang='lat' dir='ltr'><strong>toto</strong></span> <span class='ocrx_word' id='word_1_683' title='bbox 2684 2806 2941 2860; x_wconf 86' lang='lat' dir='ltr'><strong>tempore</strong></span> <span class='ocrx_word' id='word_1_684' title='bbox 2973 2801 3284 2870; x_wconf 87' lang='lat' dir='ltr'><strong>accipiunt,</strong></span> <span class='ocrx_word' id='word_1_685' title='bbox 3315 2800 3490 2856; x_wconf 87' lang='lat' dir='ltr'><strong>etiam</strong></span> <span class='ocrx_word' id='word_1_686' title='bbox 3522 2801 3569 2856; x_wconf 91' lang='lat' dir='ltr'><strong>si</strong></span> <span class='ocrx_word' id='word_1_687' title='bbox 3600 2800 3769 2856; x_wconf 88' lang='lat' dir='ltr'><strong>bien-</strong></span> 
     </span>
    </p>
   </div>
   <div class='ocr_carea' id='block_1_87' title="bbox 2056 2888 3766 2953">
    <p class='ocr_par' dir='ltr' id='par_1_87' title="bbox 2056 2888 3766 2953">
     <span class='ocr_line' id='line_1_87' title="bbox 2056 2888 3766 2953; baseline 0.001 -9"><span class='ocrx_word' id='word_1_688' title='bbox 2056 2894 2220 2944; x_wconf 87' lang='lat' dir='ltr'><strong>nium</strong></span> <span class='ocrx_word' id='word_1_689' title='bbox 2252 2895 2351 2943; x_wconf 90' lang='lat' dir='ltr'><strong>aut</strong></span> <span class='ocrx_word' id='word_1_690' title='bbox 2380 2889 2697 2943; x_wconf 87' lang='lat' dir='ltr'><strong>triennium</strong></span> <span class='ocrx_word' id='word_1_691' title='bbox 2728 2888 2975 2944; x_wconf 88' lang='lat' dir='ltr'><strong>voluerit</strong></span> <span class='ocrx_word' id='word_1_692' title='bbox 3005 2905 3254 2953; x_wconf 70' lang='lat' dir='ltr'><strong>manere,</strong></span> <span class='ocrx_word' id='word_1_693' title='bbox 3280 2891 3461 2945; x_wconf 90' lang='lat' dir='ltr'><strong>donec</strong></span> <span class='ocrx_word' id='word_1_694' title='bbox 3493 2890 3628 2946; x_wconf 80' lang='lat' dir='ltr'><strong>velit</strong></span> <span class='ocrx_word' id='word_1_695' title='bbox 3657 2908 3766 2946; x_wconf 88' lang='lat' dir='ltr'><strong>sua</strong></span> 
     </span>
    </p>
   </div>
   <div class='ocr_carea' id='block_1_88' title="bbox 2056 2978 3766 3049">
    <p class='ocr_par' dir='ltr' id='par_1_88' title="bbox 2056 2978 3766 3049">
     <span class='ocr_line' id='line_1_88' title="bbox 2056 2978 3766 3049; baseline 0.001 -15"><span class='ocrx_word' id='word_1_696' title='bbox 2056 2984 2265 3049; x_wconf 80' lang='lat' dir='ltr'><strong>Sponte</strong></span> <span class='ocrx_word' id='word_1_697' title='bbox 2296 2981 2583 3043; x_wconf 88' lang='lat' dir='ltr'><strong>recedere,</strong></span> <span class='ocrx_word' id='word_1_698' title='bbox 2610 2980 3005 3046; x_wconf 86' lang='lat' dir='ltr'><strong>permittentes</strong></span> <span class='ocrx_word' id='word_1_699' title='bbox 3037 2978 3087 3033; x_wconf 91' lang='lat' dir='ltr'><strong>ei</strong></span> <span class='ocrx_word' id='word_1_700' title='bbox 3114 2996 3227 3032; x_wconf 87' lang='lat' dir='ltr'><strong>una</strong></span> <span class='ocrx_word' id='word_1_701' title='bbox 3261 2980 3624 3035; x_wconf 77' lang='lat' dir='ltr'><strong>hebdomade</strong></span> <span class='ocrx_word' id='word_1_702' title='bbox 3653 2997 3766 3036; x_wconf 86' lang='lat' dir='ltr'><strong>ma-</strong></span> 
     </span>
    </p>
   </div>
   <div class='ocr_carea' id='block_1_89' title="bbox 2058 3066 3766 3137">
    <p class='ocr_par' dir='ltr' id='par_1_89' title="bbox 2058 3066 3766 3137">
     <span class='ocr_line' id='line_1_89' title="bbox 2058 3066 3766 3137; baseline 0.001 -15"><span class='ocrx_word' id='word_1_703' title='bbox 2058 3085 2190 3124; x_wconf 83' lang='lat' dir='ltr'><strong>nere</strong></span> <span class='ocrx_word' id='word_1_704' title='bbox 2216 3068 2275 3122; x_wconf 89' lang='lat' dir='ltr'><strong>in</strong></span> <span class='ocrx_word' id='word_1_705' title='bbox 2307 3068 2441 3122; x_wconf 92' lang='lat' dir='ltr'><strong>otio.</strong></span> <span class='ocrx_word' id='word_1_706' title='bbox 2474 3068 2622 3121; x_wconf 83' lang='lat' dir='ltr'><strong>Aliis</strong></span> <span class='ocrx_word' id='word_1_707' title='bbox 2672 3071 2868 3121; x_wconf 88' lang='lat' dir='ltr'><strong>autem</strong></span> <span class='ocrx_word' id='word_1_708' title='bbox 2902 3067 3109 3121; x_wconf 89' lang='lat' dir='ltr'><strong>diebus</strong></span> <span class='ocrx_word' id='word_1_709' title='bbox 3160 3066 3432 3136; x_wconf 86' lang='lat' dir='ltr'><strong>deinceps</strong></span> <span class='ocrx_word' id='word_1_710' title='bbox 3481 3074 3766 3137; x_wconf 88' lang='lat' dir='ltr'><strong>occupant</strong></span> 
     </span>
    </p>
   </div>
   <div class='ocr_carea' id='block_1_90' title="bbox 2056 3155 3763 3227">
    <p class='ocr_par' dir='ltr' id='par_1_90' title="bbox 2056 3155 3763 3227">
     <span class='ocr_line' id='line_1_90' title="bbox 2056 3155 3763 3227; baseline 0 -15"><span class='ocrx_word' id='word_1_711' title='bbox 2056 3173 2190 3213; x_wconf 87' lang='lat' dir='ltr'><strong>eum</strong></span> <span class='ocrx_word' id='word_1_712' title='bbox 2220 3158 2276 3211; x_wconf 89' lang='lat' dir='ltr'><strong>in</strong></span> <span class='ocrx_word' id='word_1_713' title='bbox 2308 3158 2604 3227; x_wconf 89' lang='lat' dir='ltr'><strong>operibus,</strong></span> <span class='ocrx_word' id='word_1_714' title='bbox 2636 3155 2819 3211; x_wconf 90' lang='lat' dir='ltr'><strong>autin</strong></span> <span class='ocrx_word' id='word_1_715' title='bbox 2847 3155 3034 3222; x_wconf 89' lang='lat' dir='ltr'><strong>horto,</strong></span> <span class='ocrx_word' id='word_1_716' title='bbox 3066 3162 3166 3210; x_wconf 91' lang='lat' dir='ltr'><strong>aut</strong></span> <span class='ocrx_word' id='word_1_717' title='bbox 3199 3156 3254 3209; x_wconf 91' lang='lat' dir='ltr'><strong>in</strong></span> <span class='ocrx_word' id='word_1_718' title='bbox 3282 3157 3550 3224; x_wconf 85' lang='lat' dir='ltr'><strong>pistrino,</strong></span> <span class='ocrx_word' id='word_1_719' title='bbox 3582 3164 3683 3212; x_wconf 88' lang='lat' dir='ltr'><strong>aut</strong></span> <span class='ocrx_word' id='word_1_720' title='bbox 3706 3158 3763 3213; x_wconf 88' lang='lat' dir='ltr'><strong>in</strong></span> 
     </span>
    </p>
   </div>
   <div class='ocr_carea' id='block_1_91' title="bbox 2056 3244 3765 3318">
    <p class='ocr_par' dir='ltr' id='par_1_91' title="bbox 2056 3244 3765 3318">
     <span class='ocr_line' id='line_1_91' title="bbox 2056 3244 3765 3318; baseline 0.001 -16"><span class='ocrx_word' id='word_1_721' title='bbox 2056 3246 2325 3318; x_wconf 89' lang='lat' dir='ltr'><strong>coquina.</strong></span> <span class='ocrx_word' id='word_1_722' title='bbox 2358 3245 2519 3309; x_wconf 90' lang='lat' dir='ltr'><strong>Quod</strong></span> <span class='ocrx_word' id='word_1_723' title='bbox 2552 3246 2601 3300; x_wconf 90' lang='lat' dir='ltr'><strong>si</strong></span> <span class='ocrx_word' id='word_1_724' title='bbox 2646 3246 2816 3300; x_wconf 86' lang='lat' dir='ltr'><strong>fuerit</strong></span> <span class='ocrx_word' id='word_1_725' title='bbox 2864 3245 3157 3316; x_wconf 87' lang='lat' dir='ltr'><strong>quispiam</strong></span> <span class='ocrx_word' id='word_1_726' title='bbox 3190 3246 3359 3314; x_wconf 88' lang='lat' dir='ltr'><strong>cujus</strong></span> <span class='ocrx_word' id='word_1_727' title='bbox 3390 3244 3466 3299; x_wconf 83' lang='lat' dir='ltr'><strong>sit</strong></span> <span class='ocrx_word' id='word_1_728' title='bbox 3497 3245 3765 3303; x_wconf 86' lang='lat' dir='ltr'><strong>habenda</strong></span> 
     </span>
    </p>
   </div>
   <div class='ocr_carea' id='block_1_92' title="bbox 2056 3334 3759 3405">
    <p class='ocr_par' dir='ltr' id='par_1_92' title="bbox 2056 3334 3759 3405">
     <span class='ocr_line' id='line_1_92' title="bbox 2056 3334 3759 3405; baseline 0 -14"><span class='ocrx_word' id='word_1_729' title='bbox 2056 3336 2224 3402; x_wconf 86' lang='lat' dir='ltr'><strong>ratio,</strong></span> <span class='ocrx_word' id='word_1_730' title='bbox 2257 3336 2401 3391; x_wconf 88' lang='lat' dir='ltr'><strong>dant</strong></span> <span class='ocrx_word' id='word_1_731' title='bbox 2429 3334 2479 3390; x_wconf 91' lang='lat' dir='ltr'><strong>ei</strong></span> <span class='ocrx_word' id='word_1_732' title='bbox 2513 3335 2724 3389; x_wconf 92' lang='lat' dir='ltr'><strong>librum</strong></span> <span class='ocrx_word' id='word_1_733' title='bbox 2769 3335 3093 3405; x_wconf 81' lang='lat' dir='ltr'><strong>legendum,</strong></span> <span class='ocrx_word' id='word_1_734' title='bbox 3130 3351 3242 3389; x_wconf 86' lang='lat' dir='ltr'><strong>non</strong></span> <span class='ocrx_word' id='word_1_735' title='bbox 3276 3336 3677 3405; x_wconf 85' lang='lat' dir='ltr'><strong>permittentes</strong></span> <span class='ocrx_word' id='word_1_736' title='bbox 3708 3336 3759 3391; x_wconf 90' lang='lat' dir='ltr'><strong>ei</strong></span> 
     </span>
    </p>
   </div>
   <div class='ocr_carea' id='block_1_93' title="bbox 2056 3423 3764 3496">
    <p class='ocr_par' dir='ltr' id='par_1_93' title="bbox 2056 3423 3764 3496">
     <span class='ocr_line' id='line_1_93' title="bbox 2056 3423 3764 3496; baseline 0.001 -16"><span class='ocrx_word' id='word_1_737' title='bbox 2056 3431 2121 3481; x_wconf 88' lang='lat' dir='ltr'><strong>ut</strong></span> <span class='ocrx_word' id='word_1_738' title='bbox 2150 3441 2278 3481; x_wconf 92' lang='lat' dir='ltr'><strong>cum</strong></span> <span class='ocrx_word' id='word_1_739' title='bbox 2315 3425 2432 3481; x_wconf 91' lang='lat' dir='ltr'><strong>ullo</strong></span> <span class='ocrx_word' id='word_1_740' title='bbox 2464 3424 2832 3496; x_wconf 87' lang='lat' dir='ltr'><strong>colloquatur</strong></span> <span class='ocrx_word' id='word_1_741' title='bbox 2862 3439 3047 3495; x_wconf 90' lang='lat' dir='ltr'><strong>usque</strong></span> <span class='ocrx_word' id='word_1_742' title='bbox 3078 3424 3147 3478; x_wconf 90' lang='lat' dir='ltr'><strong>ad</strong></span> <span class='ocrx_word' id='word_1_743' title='bbox 3183 3423 3385 3479; x_wconf 89' lang='lat' dir='ltr'><strong>horam</strong></span> <span class='ocrx_word' id='word_1_744' title='bbox 3418 3430 3661 3481; x_wconf 84' lang='lat' dir='ltr'><strong>sextam.</strong></span> <span class='ocrx_word' id='word_1_745' title='bbox 3699 3427 3764 3481; x_wconf 88' lang='lat' dir='ltr'><strong>In</strong></span> 
     </span>
    </p>
   </div>
   <div class='ocr_carea' id='block_1_94' title="bbox 2056 3510 3766 3585">
    <p class='ocr_par' dir='ltr' id='par_1_94' title="bbox 2056 3510 3766 3585">
     <span class='ocr_line' id='line_1_94' title="bbox 2056 3510 3766 3585; baseline -0.001 -16"><span class='ocrx_word' id='word_1_746' title='bbox 2056 3514 2165 3570; x_wconf 89' lang='lat' dir='ltr'><strong>hoc</strong></span> <span class='ocrx_word' id='word_1_747' title='bbox 2198 3521 2395 3570; x_wconf 90' lang='lat' dir='ltr'><strong>monte</strong></span> <span class='ocrx_word' id='word_1_748' title='bbox 2426 3514 2643 3585; x_wconf 89' lang='lat' dir='ltr'><strong>degunt</strong></span> <span class='ocrx_word' id='word_1_749' title='bbox 2672 3513 2848 3568; x_wconf 84' lang='lat' dir='ltr'><strong>etiam</strong></span> <span class='ocrx_word' id='word_1_750' title='bbox 2878 3512 3085 3566; x_wconf 87' lang='lat' dir='ltr'><strong>medici</strong></span> <span class='ocrx_word' id='word_1_751' title='bbox 3108 3518 3165 3568; x_wconf 92' lang='lat' dir='ltr'><strong>et</strong></span> <span class='ocrx_word' id='word_1_752' title='bbox 3195 3512 3550 3583; x_wconf 87' lang='lat' dir='ltr'><strong>placenlarii.</strong></span> <span class='ocrx_word' id='word_1_753' title='bbox 3586 3510 3766 3567; x_wconf 88' lang='lat' dir='ltr'><strong>Utun-</strong></span> 
     </span>
    </p>
   </div>
   <div class='ocr_carea' id='block_1_95' title="bbox 2058 3601 3763 3671">
    <p class='ocr_par' dir='ltr' id='par_1_95' title="bbox 2058 3601 3763 3671">
     <span class='ocr_line' id='line_1_95' title="bbox 2058 3601 3763 3671; baseline -0.001 -12"><span class='ocrx_word' id='word_1_754' title='bbox 2058 3608 2153 3659; x_wconf 90' lang='lat' dir='ltr'><strong>tur</strong></span> <span class='ocrx_word' id='word_1_755' title='bbox 2182 3606 2356 3660; x_wconf 88' lang='lat' dir='ltr'><strong>etiam</strong></span> <span class='ocrx_word' id='word_1_756' title='bbox 2406 3605 2555 3671; x_wconf 88' lang='lat' dir='ltr'><strong>vino,</strong></span> <span class='ocrx_word' id='word_1_757' title='bbox 2590 3608 2647 3658; x_wconf 90' lang='lat' dir='ltr'><strong>et</strong></span> <span class='ocrx_word' id='word_1_758' title='bbox 2694 3603 2895 3657; x_wconf 86' lang='lat' dir='ltr'><strong>vinum</strong></span> <span class='ocrx_word' id='word_1_759' title='bbox 2947 3601 3066 3657; x_wconf 92' lang='lat' dir='ltr'><strong>illic</strong></span> <span class='ocrx_word' id='word_1_760' title='bbox 3116 3603 3396 3657; x_wconf 88' lang='lat' dir='ltr'><strong>venditur.</strong></span> <span class='ocrx_word' id='word_1_761' title='bbox 3456 3602 3519 3657; x_wconf 88' lang='lat' dir='ltr'><strong>Ili</strong></span> <span class='ocrx_word' id='word_1_762' title='bbox 3572 3608 3763 3657; x_wconf 89' lang='lat' dir='ltr'><strong>autem</strong></span> 
     </span>
    </p>
   </div>
   <div class='ocr_carea' id='block_1_96' title="bbox 2054 3692 3758 3757">
    <p class='ocr_par' dir='ltr' id='par_1_96' title="bbox 2054 3692 3758 3757">
     <span class='ocr_line' id='line_1_96' title="bbox 2054 3692 3758 3757; baseline -0.002 -8"><span class='ocrx_word' id='word_1_763' title='bbox 2054 3709 2257 3749; x_wconf 87' lang='lat' dir='ltr'><strong>omnes</strong></span> <span class='ocrx_word' id='word_1_764' title='bbox 2280 3694 2403 3749; x_wconf 89' lang='lat' dir='ltr'><strong>suis</strong></span> <span class='ocrx_word' id='word_1_765' title='bbox 2439 3692 2706 3747; x_wconf 84' lang='lat' dir='ltr'><strong>manibus</strong></span> <span class='ocrx_word' id='word_1_766' title='bbox 2739 3692 2960 3747; x_wconf 88' lang='lat' dir='ltr'><strong>faciunt</strong></span> <span class='ocrx_word' id='word_1_767' title='bbox 3000 3697 3213 3747; x_wconf 87' lang='lat' dir='ltr'><strong>vestem</strong></span> <span class='ocrx_word' id='word_1_768' title='bbox 3250 3692 3483 3757; x_wconf 87' lang='lat' dir='ltr'><strong>lineam,</strong></span> <span class='ocrx_word' id='word_1_769' title='bbox 3517 3693 3661 3747; x_wconf 87' lang='lat' dir='ltr'><strong>adeo</strong></span> <span class='ocrx_word' id='word_1_770' title='bbox 3693 3695 3758 3746; x_wconf 90' lang='lat' dir='ltr'><strong>ut</strong></span> 
     </span>
    </p>
   </div>
   <div class='ocr_carea' id='block_1_97' title="bbox 2054 3781 3759 3853">
    <p class='ocr_par' dir='ltr' id='par_1_97' title="bbox 2054 3781 3759 3853">
     <span class='ocr_line' id='line_1_97' title="bbox 2054 3781 3759 3853; baseline -0.001 -16"><span class='ocrx_word' id='word_1_771' title='bbox 2054 3782 2165 3838; x_wconf 88' lang='lat' dir='ltr'><strong>sint</strong></span> <span class='ocrx_word' id='word_1_772' title='bbox 2197 3799 2401 3839; x_wconf 90' lang='lat' dir='ltr'><strong>omnes</strong></span> <span class='ocrx_word' id='word_1_773' title='bbox 2434 3781 2675 3837; x_wconf 88' lang='lat' dir='ltr'><strong>nimime</strong></span> <span class='ocrx_word' id='word_1_774' title='bbox 2704 3788 2953 3853; x_wconf 85' lang='lat' dir='ltr'><strong>egentes.</strong></span> <span class='ocrx_word' id='word_1_775' title='bbox 3001 3781 3166 3837; x_wconf 83' lang='lat' dir='ltr'><strong>Circa</strong></span> <span class='ocrx_word' id='word_1_776' title='bbox 3197 3782 3397 3837; x_wconf 86' lang='lat' dir='ltr'><strong>horam</strong></span> <span class='ocrx_word' id='word_1_777' title='bbox 3430 3789 3626 3837; x_wconf 87' lang='lat' dir='ltr'><strong>autem</strong></span> <span class='ocrx_word' id='word_1_778' title='bbox 3660 3798 3759 3836; x_wconf 90' lang='lat' dir='ltr'><strong>no-</strong></span> 
     </span>
    </p>
   </div>
   <div class='ocr_carea' id='block_1_98' title="bbox 2056 3870 3761 3941">
    <p class='ocr_par' dir='ltr' id='par_1_98' title="bbox 2056 3870 3761 3941">
     <span class='ocr_line' id='line_1_98' title="bbox 2056 3870 3761 3941; baseline -0.001 -14"><span class='ocrx_word' id='word_1_779' title='bbox 2056 3888 2190 3927; x_wconf 86' lang='lat' dir='ltr'><strong>nam</strong></span> <span class='ocrx_word' id='word_1_780' title='bbox 2226 3874 2357 3927; x_wconf 89' lang='lat' dir='ltr'><strong>licet</strong></span> <span class='ocrx_word' id='word_1_781' title='bbox 2386 3881 2557 3937; x_wconf 86' lang='lat' dir='ltr'><strong>stare,</strong></span> <span class='ocrx_word' id='word_1_782' title='bbox 2584 3875 2640 3925; x_wconf 91' lang='lat' dir='ltr'><strong>et</strong></span> <span class='ocrx_word' id='word_1_783' title='bbox 2670 3872 2868 3925; x_wconf 82' lang='lat' dir='ltr'><strong>audire</strong></span> <span class='ocrx_word' id='word_1_784' title='bbox 2918 3870 2976 3924; x_wconf 91' lang='lat' dir='ltr'><strong>in</strong></span> <span class='ocrx_word' id='word_1_785' title='bbox 3011 3886 3361 3941; x_wconf 83' lang='lat' dir='ltr'><strong>unoquoque</strong></span> <span class='ocrx_word' id='word_1_786' title='bbox 3414 3872 3761 3927; x_wconf 88' lang='lat' dir='ltr'><strong>monasterio</strong></span> 
     </span>
    </p>
   </div>
   <div class='ocr_carea' id='block_1_99' title="bbox 2054 3958 3763 4033">
    <p class='ocr_par' dir='ltr' id='par_1_99' title="bbox 2054 3958 3763 4033">
     <span class='ocr_line' id='line_1_99' title="bbox 2054 3958 3763 4033; baseline 0 -18"><span class='ocrx_word' id='word_1_787' title='bbox 2054 3961 2305 4033; x_wconf 83' lang='lat' dir='ltr'><strong>hymnos</strong></span> <span class='ocrx_word' id='word_1_788' title='bbox 2353 3964 2412 4015; x_wconf 91' lang='lat' dir='ltr'><strong>et</strong></span> <span class='ocrx_word' id='word_1_789' title='bbox 2464 3960 2714 4031; x_wconf 88' lang='lat' dir='ltr'><strong>psalmos</strong></span> <span class='ocrx_word' id='word_1_790' title='bbox 2760 3958 2991 4013; x_wconf 88' lang='lat' dir='ltr'><strong>Christo</strong></span> <span class='ocrx_word' id='word_1_791' title='bbox 3032 3967 3324 4027; x_wconf 86' lang='lat' dir='ltr'><strong>canentes,</strong></span> <span class='ocrx_word' id='word_1_792' title='bbox 3367 3966 3422 4014; x_wconf 91' lang='lat' dir='ltr'><strong>et</strong></span> <span class='ocrx_word' id='word_1_793' title='bbox 3464 3976 3659 4029; x_wconf 88' lang='lat' dir='ltr'><strong>preces</strong></span> <span class='ocrx_word' id='word_1_794' title='bbox 3691 3961 3763 4015; x_wconf 89' lang='lat' dir='ltr'><strong>ad</strong></span> 
     </span>
    </p>
   </div>
   <div class='ocr_carea' id='block_1_100' title="bbox 2057 4047 3761 4122">
    <p class='ocr_par' dir='ltr' id='par_1_100' title="bbox 2057 4047 3761 4122">
     <span class='ocr_line' id='line_1_100' title="bbox 2057 4047 3761 4122; baseline 0.001 -18"><span class='ocrx_word' id='word_1_795' title='bbox 2057 4050 2305 4122; x_wconf 80' lang='lat' dir='ltr'><strong>hymnos</strong></span> <span class='ocrx_word' id='word_1_796' title='bbox 2333 4049 2677 4115; x_wconf 88' lang='lat' dir='ltr'><strong>emittentes,</strong></span> <span class='ocrx_word' id='word_1_797' title='bbox 2736 4048 2878 4102; x_wconf 88' lang='lat' dir='ltr'><strong>adeo</strong></span> <span class='ocrx_word' id='word_1_798' title='bbox 2921 4054 2980 4102; x_wconf 88' lang='lat' dir='ltr'><strong>ut</strong></span> <span class='ocrx_word' id='word_1_799' title='bbox 3031 4047 3324 4102; x_wconf 85' lang='lat' dir='ltr'><strong>existimet</strong></span> <span class='ocrx_word' id='word_1_800' title='bbox 3371 4049 3669 4120; x_wconf 86' lang='lat' dir='ltr'><strong>quispiam</strong></span> <span class='ocrx_word' id='word_1_801' title='bbox 3700 4067 3761 4105; x_wconf 89' lang='lat' dir='ltr'><strong>se</strong></span> 
     </span>
    </p>
   </div>
   <div class='ocr_carea' id='block_1_101' title="bbox 2054 4138 3764 4209">
    <p class='ocr_par' dir='ltr' id='par_1_101' title="bbox 2054 4138 3764 4209">
     <span class='ocr_line' id='line_1_101' title="bbox 2054 4138 3764 4209; baseline -0.001 -13"><span class='ocrx_word' id='word_1_802' title='bbox 2054 4139 2307 4196; x_wconf 89' lang='lat' dir='ltr'><strong>sublime</strong></span> <span class='ocrx_word' id='word_1_803' title='bbox 2337 4139 2547 4195; x_wconf 84' lang='lat' dir='ltr'><strong>elatum</strong></span> <span class='ocrx_word' id='word_1_804' title='bbox 2580 4138 3021 4208; x_wconf 86' lang='lat' dir='ltr'><strong>transmigrasse</strong></span> <span class='ocrx_word' id='word_1_805' title='bbox 3070 4138 3127 4191; x_wconf 90' lang='lat' dir='ltr'><strong>in</strong></span> <span class='ocrx_word' id='word_1_806' title='bbox 3165 4138 3494 4209; x_wconf 87' lang='lat' dir='ltr'><strong>paradisum</strong></span> <span class='ocrx_word' id='word_1_807' title='bbox 3528 4139 3764 4195; x_wconf 85' lang='lat' dir='ltr'><strong>delicia-</strong></span> 
     </span>
    </p>
   </div>
   <div class='ocr_carea' id='block_1_102' title="bbox 2056 4227 3769 4297">
    <p class='ocr_par' dir='ltr' id='par_1_102' title="bbox 2056 4227 3769 4297">
     <span class='ocr_line' id='line_1_102' title="bbox 2056 4227 3769 4297; baseline 0 -12"><span class='ocrx_word' id='word_1_808' title='bbox 2056 4247 2183 4286; x_wconf 91' lang='lat' dir='ltr'><strong>rum</strong></span> <span class='ocrx_word' id='word_1_809' title='bbox 2212 4246 2225 4297; x_wconf 91' lang='lat'><strong>;</strong></span> <span class='ocrx_word' id='word_1_810' title='bbox 2260 4230 2499 4286; x_wconf 89' lang='lat' dir='ltr'><strong>veniunt</strong></span> <span class='ocrx_word' id='word_1_811' title='bbox 2528 4234 2722 4284; x_wconf 89' lang='lat' dir='ltr'><strong>autem</strong></span> <span class='ocrx_word' id='word_1_812' title='bbox 2755 4229 2824 4282; x_wconf 85' lang='lat' dir='ltr'><strong>ad</strong></span> <span class='ocrx_word' id='word_1_813' title='bbox 2874 4227 3177 4284; x_wconf 87' lang='lat' dir='ltr'><strong>ecclesiam</strong></span> <span class='ocrx_word' id='word_1_814' title='bbox 3211 4228 3459 4285; x_wconf 79' lang='lat' dir='ltr'><strong>Sabbato</strong></span> <span class='ocrx_word' id='word_1_815' title='bbox 3490 4229 3678 4285; x_wconf 91' lang='lat' dir='ltr'><strong>solum</strong></span> <span class='ocrx_word' id='word_1_816' title='bbox 3711 4233 3769 4285; x_wconf 89' lang='lat' dir='ltr'><strong>et</strong></span> 
     </span>
    </p>
   </div>
   <div class='ocr_carea' id='block_1_103' title="bbox 2056 4317 3768 4390">
    <p class='ocr_par' dir='ltr' id='par_1_103' title="bbox 2056 4317 3768 4390">
     <span class='ocr_line' id='line_1_103' title="bbox 2056 4317 3768 4390; baseline 0 -16"><span class='ocrx_word' id='word_1_817' title='bbox 2056 4320 2376 4375; x_wconf 85' lang='lat' dir='ltr'><strong>Dominico.</strong></span> <span class='ocrx_word' id='word_1_818' title='bbox 2410 4319 2562 4374; x_wconf 90' lang='lat' dir='ltr'><strong>Sunt</strong></span> <span class='ocrx_word' id='word_1_819' title='bbox 2604 4324 2799 4373; x_wconf 83' lang='lat' dir='ltr'><strong>autem</strong></span> <span class='ocrx_word' id='word_1_820' title='bbox 2834 4322 2966 4373; x_wconf 91' lang='lat' dir='ltr'><strong>octo</strong></span> <span class='ocrx_word' id='word_1_821' title='bbox 3019 4319 3338 4390; x_wconf 85' lang='lat' dir='ltr'><strong>presbyteri</strong></span> <span class='ocrx_word' id='word_1_822' title='bbox 3375 4317 3472 4388; x_wconf 86' lang='lat' dir='ltr'><strong>qui</strong></span> <span class='ocrx_word' id='word_1_823' title='bbox 3507 4323 3768 4388; x_wconf 78' lang='lat' dir='ltr'><strong>praesunt</strong></span> 
     </span>
    </p>
   </div>
   <div class='ocr_carea' id='block_1_104' title="bbox 2055 4407 3769 4481">
    <p class='ocr_par' dir='ltr' id='par_1_104' title="bbox 2055 4407 3769 4481">
     <span class='ocr_line' id='line_1_104' title="bbox 2055 4407 3769 4481; baseline -0.001 -16"><span class='ocrx_word' id='word_1_824' title='bbox 2055 4409 2192 4467; x_wconf 91' lang='lat' dir='ltr'><strong>huic</strong></span> <span class='ocrx_word' id='word_1_825' title='bbox 2222 4408 2476 4466; x_wconf 66' lang='lat' dir='ltr'><strong>ecclesia:</strong></span> <span class='ocrx_word' id='word_1_826' title='bbox 2506 4408 2565 4463; x_wconf 93' lang='lat' dir='ltr'><strong>in</strong></span> <span class='ocrx_word' id='word_1_827' title='bbox 2613 4424 2729 4479; x_wconf 90' lang='lat' dir='ltr'><strong>qua</strong></span> <span class='ocrx_word' id='word_1_828' title='bbox 2760 4407 3018 4479; x_wconf 89' lang='lat' dir='ltr'><strong>quandiu</strong></span> <span class='ocrx_word' id='word_1_829' title='bbox 3052 4407 3188 4462; x_wconf 86' lang='lat' dir='ltr'><strong>vivit</strong></span> <span class='ocrx_word' id='word_1_830' title='bbox 3219 4408 3443 4479; x_wconf 89' lang='lat' dir='ltr'><strong>primus</strong></span> <span class='ocrx_word' id='word_1_831' title='bbox 3474 4410 3769 4481; x_wconf 86' lang='lat' dir='ltr'><strong>presbyter</strong></span> 
     </span>
    </p>
   </div>
   <div class='ocr_carea' id='block_1_105' title="bbox 2057 4497 3770 4570">
    <p class='ocr_par' dir='ltr' id='par_1_105' title="bbox 2057 4497 3770 4570">
     <span class='ocr_line' id='line_1_105' title="bbox 2057 4497 3770 4570; baseline -0.001 -15"><span class='ocrx_word' id='word_1_832' title='bbox 2057 4500 2235 4570; x_wconf 86' lang='lat' dir='ltr'><strong>hujus</strong></span> <span class='ocrx_word' id='word_1_833' title='bbox 2264 4498 2543 4562; x_wconf 73' lang='lat' dir='ltr'><strong>ecclesiae,</strong></span> <span class='ocrx_word' id='word_1_834' title='bbox 2576 4497 2775 4553; x_wconf 90' lang='lat' dir='ltr'><strong>nullus</strong></span> <span class='ocrx_word' id='word_1_835' title='bbox 2829 4498 2983 4554; x_wconf 89' lang='lat' dir='ltr'><strong>alius</strong></span> <span class='ocrx_word' id='word_1_836' title='bbox 3030 4498 3217 4565; x_wconf 75' lang='lat' dir='ltr'><strong>offert,</strong></span> <span class='ocrx_word' id='word_1_837' title='bbox 3252 4514 3355 4553; x_wconf 90' lang='lat' dir='ltr'><strong>nec</strong></span> <span class='ocrx_word' id='word_1_838' title='bbox 3384 4498 3627 4567; x_wconf 89' lang='lat' dir='ltr'><strong>judicat,</strong></span> <span class='ocrx_word' id='word_1_839' title='bbox 3664 4513 3770 4554; x_wconf 91' lang='lat' dir='ltr'><strong>nec</strong></span> 
     </span>
    </p>
   </div>
   <div class='ocr_carea' id='block_1_106' title="bbox 1977 4587 3770 4659">
    <p class='ocr_par' dir='ltr' id='par_1_106' title="bbox 1977 4587 3770 4659">
     <span class='ocr_line' id='line_1_106' title="bbox 1977 4587 3770 4659; baseline -0.003 -12"><span class='ocrx_word' id='word_1_840' title='bbox 1977 4591 2231 4658; x_wconf 83' lang='lat' dir='ltr'><strong>Dhabet</strong></span> <span class='ocrx_word' id='word_1_841' title='bbox 2287 4605 2645 4659; x_wconf 89' lang='lat' dir='ltr'><strong>sermonem,</strong></span> <span class='ocrx_word' id='word_1_842' title='bbox 2705 4589 2805 4644; x_wconf 82' lang='lat' dir='ltr'><strong>sed</strong></span> <span class='ocrx_word' id='word_1_843' title='bbox 2879 4588 3053 4643; x_wconf 90' lang='lat' dir='ltr'><strong>tacite</strong></span> <span class='ocrx_word' id='word_1_844' title='bbox 3109 4587 3295 4643; x_wconf 90' lang='lat' dir='ltr'><strong>solum</strong></span> <span class='ocrx_word' id='word_1_845' title='bbox 3356 4602 3486 4642; x_wconf 92' lang='lat' dir='ltr'><strong>cum</strong></span> <span class='ocrx_word' id='word_1_846' title='bbox 3548 4603 3612 4643; x_wconf 90' lang='lat' dir='ltr'><strong>eo</strong></span> <span class='ocrx_word' id='word_1_847' title='bbox 3671 4603 3770 4643; x_wconf 86' lang='lat' dir='ltr'><strong>se-</strong></span> 
     </span>
    </p>
   </div>
   <div class='ocr_carea' id='block_1_107' title="bbox 2062 4681 2222 4737">
    <p class='ocr_par' dir='ltr' id='par_1_107' title="bbox 2062 4681 2222 4737">
     <span class='ocr_line' id='line_1_107' title="bbox 2062 4681 2222 4737; baseline 0.013 -2"><span class='ocrx_word' id='word_1_848' title='bbox 2062 4681 2222 4737; x_wconf 90' lang='lat' dir='ltr'><strong>dent.</strong></span> 
     </span>
    </p>
   </div>
   <div class='ocr_carea' id='block_1_108' title="bbox 2130 4762 3768 4841">
    <p class='ocr_par' dir='ltr' id='par_1_108' title="bbox 2130 4762 3768 4841">
     <span class='ocr_line' id='line_1_108' title="bbox 2130 4762 3768 4841; baseline -0.005 -15"><span class='ocrx_word' id='word_1_849' title='bbox 2130 4769 2233 4826; x_wconf 80' lang='lat' dir='ltr'><strong>Hic</strong></span> <span class='ocrx_word' id='word_1_850' title='bbox 2263 4783 2506 4841; x_wconf 85' lang='lat' dir='ltr'><strong>magnus</strong></span> <span class='ocrx_word' id='word_1_851' title='bbox 2545 4765 2815 4829; x_wconf 85' lang='lat' dir='ltr'><strong>Arsisius,</strong></span> <span class='ocrx_word' id='word_1_852' title='bbox 2848 4768 2904 4820; x_wconf 89' lang='lat' dir='ltr'><strong>et</strong></span> <span class='ocrx_word' id='word_1_853' title='bbox 2934 4764 3031 4818; x_wconf 89' lang='lat' dir='ltr'><strong>alii</strong></span> <span class='ocrx_word' id='word_1_854' title='bbox 3075 4762 3242 4818; x_wconf 88' lang='lat' dir='ltr'><strong>multi</strong></span> <span class='ocrx_word' id='word_1_855' title='bbox 3294 4777 3428 4817; x_wconf 86' lang='lat' dir='ltr'><strong>cum</strong></span> <span class='ocrx_word' id='word_1_856' title='bbox 3480 4776 3545 4816; x_wconf 90' lang='lat' dir='ltr'><strong>eo</strong></span> <span class='ocrx_word' id='word_1_857' title='bbox 3576 4777 3768 4831; x_wconf 86' lang='lat' dir='ltr'><strong>senes,</strong></span> 
     </span>
    </p>
   </div>
   <div class='ocr_carea' id='block_1_109' title="bbox 2059 4841 3767 4931">
    <p class='ocr_par' dir='ltr' id='par_1_109' title="bbox 2059 4841 3767 4931">
     <span class='ocr_line' id='line_1_109' title="bbox 2059 4841 3767 4931; baseline -0.005 -16"><span class='ocrx_word' id='word_1_858' title='bbox 2059 4876 2205 4931; x_wconf 88' lang='lat' dir='ltr'><strong>quos</strong></span> <span class='ocrx_word' id='word_1_859' title='bbox 2238 4877 2343 4916; x_wconf 90' lang='lat' dir='ltr'><strong>nos</strong></span> <span class='ocrx_word' id='word_1_860' title='bbox 2373 4858 2646 4925; x_wconf 86' lang='lat' dir='ltr'><strong>vidimus,</strong></span> <span class='ocrx_word' id='word_1_861' title='bbox 2701 4859 2933 4911; x_wconf 85' lang='lat' dir='ltr'><strong>fuerunt</strong></span> <span class='ocrx_word' id='word_1_862' title='bbox 2961 4841 3213 4926; x_wconf 79' lang='lat' dir='ltr'><strong>aequales</strong></span> <span class='ocrx_word' id='word_1_863' title='bbox 3263 4858 3523 4924; x_wconf 93' lang='lat' dir='ltr'><strong>tempore</strong></span> <span class='ocrx_word' id='word_1_864' title='bbox 3555 4868 3767 4923; x_wconf 89' lang='lat' dir='ltr'><strong>magno</strong></span> 
     </span>
    </p>
   </div>
   <div class='ocr_carea' id='block_1_110' title="bbox 2058 4942 3768 5019">
    <p class='ocr_par' dir='ltr' id='par_1_110' title="bbox 2058 4942 3768 5019">
     <span class='ocr_line' id='line_1_110' title="bbox 2058 4942 3768 5019; baseline -0.003 -15"><span class='ocrx_word' id='word_1_865' title='bbox 2058 4950 2330 5007; x_wconf 88' lang='lat' dir='ltr'><strong>Antonio.</strong></span> <span class='ocrx_word' id='word_1_866' title='bbox 2367 4954 2549 5019; x_wconf 76' lang='lat' dir='ltr'><strong>Atque</strong></span> <span class='ocrx_word' id='word_1_867' title='bbox 2597 4945 2741 5002; x_wconf 90' lang='lat' dir='ltr'><strong>mihi</strong></span> <span class='ocrx_word' id='word_1_868' title='bbox 2788 4944 3024 5016; x_wconf 87' lang='lat' dir='ltr'><strong>quidem</strong></span> <span class='ocrx_word' id='word_1_869' title='bbox 3080 4944 3333 4998; x_wconf 90' lang='lat' dir='ltr'><strong>narravit</strong></span> <span class='ocrx_word' id='word_1_870' title='bbox 3382 4942 3475 4997; x_wconf 88' lang='lat' dir='ltr'><strong>hic</strong></span> <span class='ocrx_word' id='word_1_871' title='bbox 3512 4959 3768 5011; x_wconf 73' lang='lat' dir='ltr'><strong>magnus</strong></span> 
     </span>
    </p>
   </div>
   <div class='ocr_carea' id='block_1_111' title="bbox 2058 5031 3769 5106">
    <p class='ocr_par' dir='ltr' id='par_1_111' title="bbox 2058 5031 3769 5106">
     <span class='ocr_line' id='line_1_111' title="bbox 2058 5031 3769 5106; baseline -0.006 -9"><span class='ocrx_word' id='word_1_872' title='bbox 2058 5040 2315 5097; x_wconf 83' lang='lat' dir='ltr'><strong>Arsisius</strong></span> <span class='ocrx_word' id='word_1_873' title='bbox 2347 5053 2406 5092; x_wconf 85' lang='lat' dir='ltr'><strong>se</strong></span> <span class='ocrx_word' id='word_1_874' title='bbox 2451 5041 2639 5091; x_wconf 78' lang='lat' dir='ltr'><strong>Amen</strong></span> <span class='ocrx_word' id='word_1_875' title='bbox 2688 5050 2921 5106; x_wconf 89' lang='lat' dir='ltr'><strong>quoque</strong></span> <span class='ocrx_word' id='word_1_876' title='bbox 2968 5032 3185 5090; x_wconf 88' lang='lat' dir='ltr'><strong>vidisse</strong></span> <span class='ocrx_word' id='word_1_877' title='bbox 3232 5031 3562 5101; x_wconf 90' lang='lat' dir='ltr'><strong>Nitriotem,</strong></span> <span class='ocrx_word' id='word_1_878' title='bbox 3595 5032 3769 5102; x_wconf 89' lang='lat' dir='ltr'><strong>cujus</strong></span> 
     </span>
    </p>
   </div>
   <div class='ocr_carea' id='block_1_112' title="bbox 2060 5121 3769 5193">
    <p class='ocr_par' dir='ltr' id='par_1_112' title="bbox 2060 5121 3769 5193">
     <span class='ocr_line' id='line_1_112' title="bbox 2060 5121 3769 5193; baseline -0.005 -8"><span class='ocrx_word' id='word_1_879' title='bbox 2060 5130 2317 5187; x_wconf 84' lang='lat' dir='ltr'><strong>animam</strong></span> <span class='ocrx_word' id='word_1_880' title='bbox 2345 5126 2480 5180; x_wconf 85' lang='lat' dir='ltr'><strong>vidit</strong></span> <span class='ocrx_word' id='word_1_881' title='bbox 2512 5124 2733 5179; x_wconf 88' lang='lat' dir='ltr'><strong>assumi</strong></span> <span class='ocrx_word' id='word_1_882' title='bbox 2768 5123 3052 5179; x_wconf 83' lang='lat' dir='ltr'><strong>Antonius</strong></span> <span class='ocrx_word' id='word_1_883' title='bbox 3092 5121 3166 5178; x_wconf 87' lang='lat' dir='ltr'><strong>ab</strong></span> <span class='ocrx_word' id='word_1_884' title='bbox 3196 5122 3443 5193; x_wconf 84' lang='lat' dir='ltr'><strong>angelis,</strong></span> <span class='ocrx_word' id='word_1_885' title='bbox 3475 5128 3532 5178; x_wconf 94' lang='lat' dir='ltr'><strong>et</strong></span> <span class='ocrx_word' id='word_1_886' title='bbox 3561 5121 3619 5175; x_wconf 88' lang='lat' dir='ltr'><strong>in</strong></span> <span class='ocrx_word' id='word_1_887' title='bbox 3652 5138 3769 5177; x_wconf 87' lang='lat' dir='ltr'><strong>coe-</strong></span> 
     </span>
    </p>
   </div>
   <div class='ocr_carea' id='block_1_113' title="bbox 2058 5210 3767 5285">
    <p class='ocr_par' dir='ltr' id='par_1_113' title="bbox 2058 5210 3767 5285">
     <span class='ocr_line' id='line_1_113' title="bbox 2058 5210 3767 5285; baseline -0.006 -10"><span class='ocrx_word' id='word_1_888' title='bbox 2058 5220 2183 5275; x_wconf 92' lang='lat' dir='ltr'><strong>lum</strong></span> <span class='ocrx_word' id='word_1_889' title='bbox 2212 5217 2416 5272; x_wconf 78' lang='lat' dir='ltr'><strong>deduci</strong></span> <span class='ocrx_word' id='word_1_890' title='bbox 2464 5214 2604 5285; x_wconf 81' lang='lat' dir='ltr'><strong>(Vita</strong></span> <span class='ocrx_word' id='word_1_891' title='bbox 2656 5213 2900 5279; x_wconf 74' lang='lat' dir='ltr'><strong>Antonii,</strong></span> <span class='ocrx_word' id='word_1_892' title='bbox 2934 5230 2979 5269; x_wconf 85' lang='lat' dir='ltr'><strong>c.</strong></span> <span class='ocrx_word' id='word_1_893' title='bbox 3012 5214 3121 5280; x_wconf 82' lang='lat'><strong>32;</strong></span> <span class='ocrx_word' id='word_1_894' title='bbox 3168 5212 3335 5284; x_wconf 69' lang='lat' dir='ltr'><strong>[iu/7.,</strong></span> <span class='ocrx_word' id='word_1_895' title='bbox 3386 5212 3424 5267; x_wconf 89' lang='grc' dir='ltr'><strong>ι.</strong></span> <span class='ocrx_word' id='word_1_896' title='bbox 3481 5226 3540 5280; x_wconf 85' lang='grc' dir='ltr'>ιι,</span> <span class='ocrx_word' id='word_1_897' title='bbox 3575 5226 3621 5266; x_wconf 88' lang='lat' dir='ltr'><strong>c.</strong></span> <span class='ocrx_word' id='word_1_898' title='bbox 3653 5210 3767 5283; x_wconf 89' lang='lat'><strong>30).</strong></span> 
     </span>
    </p>
   </div>
   <div class='ocr_carea' id='block_1_114' title="bbox 2060 5301 3770 5366">
    <p class='ocr_par' dir='ltr' id='par_1_114' title="bbox 2060 5301 3770 5366">
     <span class='ocr_line' id='line_1_114' title="bbox 2060 5301 3770 5366; baseline -0.005 -1"><span class='ocrx_word' id='word_1_899' title='bbox 2060 5312 2115 5366; x_wconf 82' lang='lat' dir='ltr'><strong>Is</strong></span> <span class='ocrx_word' id='word_1_900' title='bbox 2146 5307 2376 5363; x_wconf 70' lang='lat' dir='ltr'><strong>dicebat</strong></span> <span class='ocrx_word' id='word_1_901' title='bbox 2407 5321 2469 5360; x_wconf 93' lang='lat' dir='ltr'><strong>se</strong></span> <span class='ocrx_word' id='word_1_902' title='bbox 2501 5305 2674 5360; x_wconf 89' lang='lat' dir='ltr'><strong>etiam</strong></span> <span class='ocrx_word' id='word_1_903' title='bbox 2710 5303 3090 5359; x_wconf 83' lang='lat' dir='ltr'><strong>Pachomium</strong></span> <span class='ocrx_word' id='word_1_904' title='bbox 3126 5303 3344 5357; x_wconf 88' lang='lat' dir='ltr'><strong>vidisse</strong></span> <span class='ocrx_word' id='word_1_905' title='bbox 3375 5301 3770 5357; x_wconf 84' lang='lat' dir='ltr'><strong>Tabennesio-</strong></span> 
     </span>
    </p>
   </div>
   <div class='ocr_carea' id='block_1_115' title="bbox 2061 5390 3773 5467">
    <p class='ocr_par' dir='ltr' id='par_1_115' title="bbox 2061 5390 3773 5467">
     <span class='ocr_line' id='line_1_115' title="bbox 2061 5390 3773 5467; baseline -0.003 -13"><span class='ocrx_word' id='word_1_906' title='bbox 2061 5407 2200 5467; x_wconf 90' lang='lat' dir='ltr'><strong>tem,</strong></span> <span class='ocrx_word' id='word_1_907' title='bbox 2235 5398 2422 5451; x_wconf 85' lang='lat' dir='ltr'><strong>virum</strong></span> <span class='ocrx_word' id='word_1_908' title='bbox 2458 5393 2793 5465; x_wconf 85' lang='lat' dir='ltr'><strong>prephetica</strong></span> <span class='ocrx_word' id='word_1_909' title='bbox 2823 5395 3013 5465; x_wconf 85' lang='lat' dir='ltr'><strong>gratia.</strong></span> <span class='ocrx_word' id='word_1_910' title='bbox 3038 5393 3282 5456; x_wconf 86' lang='lat' dir='ltr'><strong>clarum,</strong></span> <span class='ocrx_word' id='word_1_911' title='bbox 3314 5396 3402 5446; x_wconf 89' lang='lat' dir='ltr'><strong>ter</strong></span> <span class='ocrx_word' id='word_1_912' title='bbox 3436 5390 3594 5446; x_wconf 89' lang='lat' dir='ltr'><strong>mille</strong></span> <span class='ocrx_word' id='word_1_913' title='bbox 3622 5393 3773 5449; x_wconf 86' lang='lat' dir='ltr'><strong>viro-</strong></span> 
     </span>
    </p>
   </div>
   <div class='ocr_carea' id='block_1_116' title="bbox 2061 5480 3773 5554">
    <p class='ocr_par' dir='ltr' id='par_1_116' title="bbox 2061 5480 3773 5554">
     <span class='ocr_line' id='line_1_116' title="bbox 2061 5480 3773 5554; baseline -0.002 -9"><span class='ocrx_word' id='word_1_914' title='bbox 2061 5504 2189 5545; x_wconf 89' lang='lat' dir='ltr'><strong>rum</strong></span> <span class='ocrx_word' id='word_1_915' title='bbox 2224 5482 2785 5551; x_wconf 83' lang='lat' dir='ltr'><strong>archimandritam;</strong></span> <span class='ocrx_word' id='word_1_916' title='bbox 2821 5483 2993 5554; x_wconf 84' lang='lat' dir='ltr'><strong>cujus</strong></span> <span class='ocrx_word' id='word_1_917' title='bbox 3019 5482 3265 5537; x_wconf 88' lang='lat' dir='ltr'><strong>narrabo</strong></span> <span class='ocrx_word' id='word_1_918' title='bbox 3297 5486 3499 5552; x_wconf 85' lang='lat' dir='ltr'><strong>postea</strong></span> <span class='ocrx_word' id='word_1_919' title='bbox 3528 5480 3773 5541; x_wconf 79' lang='lat' dir='ltr'><strong>virtutes</strong></span> 
     </span>
    </p>
   </div>
   <div class='ocr_carea' id='block_1_117' title="bbox 2060 5574 2491 5652">
    <p class='ocr_par' dir='ltr' id='par_1_117' title="bbox 2060 5574 2491 5652">
     <span class='ocr_line' id='line_1_117' title="bbox 2060 5574 2491 5652; baseline -0.012 -17"><span class='ocrx_word' id='word_1_920' title='bbox 2060 5579 2264 5652; x_wconf 82' lang='lat' dir='ltr'><strong>(lnfra,</strong></span> <span class='ocrx_word' id='word_1_921' title='bbox 2297 5592 2343 5633; x_wconf 79' lang='grc' dir='ltr'><strong>ε.</strong></span> <span class='ocrx_word' id='word_1_922' title='bbox 2376 5574 2491 5646; x_wconf 84' lang='grc'><strong>38).</strong></span> 
     </span>
    </p>
   </div>
  </div>
