4076 6206
387 342 540 401 1023

1017 465 1247 522 CAPUT
1304 463 1451 519 VIli.

660 597 734 652 De
763 598 949 651 sancto
980 596 1150 650 Aman
1183 591 1295 664 (21)
1326 600 1378 646 et
1410 590 1523 659 eius
1551 589 1807 663 conjuge.

454 740 695 797 Dicebat
725 744 913 793 autem
943 740 1120 791 Amori
1145 736 1253 790 hoc
1284 735 1452 789 modo
1472 733 1696 789 vixisse.
1730 732 1873 787 Cum
1905 736 2082 800 esset,

380 830 601 901 inquit,
644 827 980 898 parentibus
998 827 1237 880 orbatus
1255 824 1593 877 adolescens
1620 823 1849 876 circiter
1877 821 2082 891 viginti

384 921 536 975 duos
569 934 753 973 annos
786 925 980 983 natus,
1027 917 1078 969 vi
1128 931 1161 969 a
1208 929 1313 968 suo
1349 920 1553 981 patruo
1586 912 1814 965 mulieri
1838 911 2083 981 junctus

385 1018 473 1065 est
505 1009 873 1064 matrimonio
899 1024 913 1067 :
948 1012 1149 1060 etcum
1184 1020 1295 1057 non
1323 1010 1519 1071 posset
1542 1003 1811 1055 resistere
1841 1001 2083 1055 necessi-

379 1101 485 1156 tati
522 1117 697 1171 quam
732 1099 785 1153 ei
833 1098 1109 1150 afferebat
1155 1102 1415 1163 patruus,
1458 1094 1642 1146 visum
1676 1099 1765 1147 est
1796 1092 1867 1155 ei,
1899 1099 1954 1147 et
1984 1108 2079 1147 cn-

379 1206 519 1244 rona
551 1189 806 1243 redimiri
856 1188 998 1255 (22),
1050 1189 1104 1238 et
1135 1186 1335 1239 sedere
1376 1182 1434 1237 in
1487 1182 1762 1246 thalamo,
1796 1188 1851 1237 et
1882 1181 2081 1237 omnia

377 1278 665 1332 sustinere
699 1292 825 1345 qua:
859 1275 999 1327 liunt
1034 1274 1086 1326 in
1118 1272 1504 1327 matrimonio.
1542 1272 1851 1343 Postquam
1883 1278 2077 1326 autem

374 1383 577 1421 omnes
610 1371 803 1421 essent
833 1363 1073 1434 egressi,
1107 1364 1205 1432 qui
1238 1363 1295 1417 in
1323 1362 1581 1416 thalamo
1612 1369 1667 1415 et
1688 1360 1831 1415 lecto
1863 1360 2078 1415 dormi-

374 1461 536 1509 turos
568 1454 1017 1519 collocaverunt,
1067 1451 1251 1522 surgit
1298 1450 1504 1504 beatus
1535 1453 1742 1515 Amori,
1776 1455 1831 1504 et
1862 1449 2081 1505 claudit

373 1546 523 1600 fores
554 1562 566 1613 ;
601 1549 657 1599 et
700 1546 907 1598 sedens
939 1546 1104 1596 vocat
1156 1542 1383 1595 beatam
1436 1546 1492 1594 et
1539 1555 1873 1608 germanam
1906 1556 2074 1594 suam

372 1636 701 1706 conjugem,
725 1641 780 1689 et
804 1634 855 1689 ei
882 1634 1051 1688 dicit:
1079 1633 1397 1696 Adesdum,
1422 1631 1657 1685 domina
1678 1638 1733 1685 et
1756 1647 1917 1685 soror
1943 1632 2075 1702 ('23),

370 1726 578 1780 deinde
608 1742 722 1780 rem
757 1725 858 1779 tibi
905 1724 1173 1778 narrabo.
1229 1726 1346 1776 Hoc
1387 1738 1501 1792 quo
1533 1722 1831 1789 conjuncti
1865 1737 2073 1775 sumus

370 1815 830 1875 matrimonium.
877 1815 1022 1869 nihil
1073 1814 1245 1867 habet
1289 1812 1589 1867 eximium.
1625 1812 1791 1865 Recte
1826 1826 1955 1880 ergo
1992 1811 2073 1863 fa-
2107 1833 2151 1896 Î’

368 1908 606 1973 ciemus,
644 1904 691 1959 si
716 1905 927 1960 abhinc
952 1903 1359 1973 unusquisque
1380 1906 1641 1955 nostrum
1668 1916 1928 1954 seorsum
1948 1899 2073 1953 dor-

368 1996 579 2057 mierit,
613 2000 676 2049 ut
708 1994 932 2049 Christo
968 1992 1317 2062 placeamus,
1342 1991 1616 2045 intactam
1653 1994 1903 2044 nostram
1940 1990 2071 2044 red-

367 2086 571 2140 dentea
623 2084 1040 2153 virginitatem.
1092 2082 1162 2135 Et
1210 2097 1342 2135 cum
1394 2096 1423 2135 e
1473 2080 1603 2135 sinu
1667 2096 1770 2133 suo
1826 2094 2068 2149 parvum

370 2174 627 2230 libellum
666 2174 1019 2244 protulisset.
1054 2180 1335 2241 tanquam
1368 2187 1431 2225 ex
1455 2186 1697 2240 persona
1731 2168 1986 2239 Apostoli
2015 2176 2069 2223 et

368 2263 704 2326 Servatoris.
731 2262 959 2333 legebat
1010 2259 1234 2331 puellas,
1285 2275 1408 2329 quae
1439 2265 1564 2312 erat
1613 2258 1816 2327 ignara
1845 2256 2070 2311 littera-

363 2370 516 2421 rum,
573 2351 879 2424 plurimam
931 2350 1197 2405 lectionis
1250 2354 1495 2419 partem,
1542 2348 1824 2414 adjiciens
1863 2362 1931 2400 ex
1961 2362 2069 2400 sua

361 2443 645 2497 divinitus
676 2441 960 2509 inspirata
990 2439 1276 2503 doctrina,
1310 2442 1366 2491 et
1405 2442 1461 2491 in
1486 2437 1623 2494 vita.
1647 2438 1703 2491 in
1737 2435 2068 2504 virginitate

362 2537 419 2586 et
450 2535 708 2586 castitate
742 2528 1005 2601 degenda
1044 2545 1169 2582 eam
1206 2526 1540 2580 instituens.
1575 2527 1697 2590 Quo
1732 2526 1944 2577 factum
1978 2528 2067 2578 est

366 2625 430 2675 ut
461 2621 558 2674 illa
590 2620 803 2676 Christi
856 2620 1044 2689 gratia
1086 2616 1324 2687 repleta,
1373 2616 1630 2669 diceret:
1669 2613 1778 2679 Ego
1810 2629 2062 2683 quoque,

361 2709 594 2763 domine
629 2708 727 2775 ini,
764 2721 1105 2774 persuasum
1158 2704 1341 2758 hatieo
1391 2706 1507 2757 fore
1542 2709 1605 2756 ut
1634 2708 1852 2755 castam
1886 2703 2063 2755 vitam

361 2798 610 2853 libenter
639 2814 805 2867 agam
834 2810 849 2861 ;
880 2802 937 2849 et
956 2796 1000 2850 si
1026 2797 1160 2865 quid
1191 2794 1384 2862 jiibes,
1410 2792 1513 2845 hoc
1536 2794 1808 2860 deinceps
1835 2792 2061 2845 iaciam.

360 2887 460 2943 Ille
490 2904 642 2955 vero,
679 2887 815 2957 Ego,
848 2886 1057 2954 inquit,
1085 2884 1263 2953 jubeo
1303 2890 1360 2936 et
1397 2899 1535 2951 rogo
1568 2887 1628 2934 ut
1660 2882 2064 2950 unusquisque

361 2984 624 3031 nostrum
659 2991 920 3030 seorsum
958 2979 1211 3027 maneat.
1245 2972 1318 3026 Ea
1350 2988 1479 3025 vero
1514 2971 1620 3024 hoc
1653 2986 1767 3024 non
1798 2972 1951 3031 tulit,
1975 2970 2062 3023 di-

356 3082 537 3122 cens:
588 3068 920 3121 Maneamus
967 3064 1026 3118 in
1078 3064 1281 3118 eadem
1331 3062 1523 3128 donio,
1574 3061 1674 3115 sed
1727 3063 1782 3113 in
1817 3059 2061 3115 diversis

360 3156 541 3212 lectis.
577 3157 783 3210 Vivens
814 3170 952 3225 ergo
1005 3169 1133 3207 cum
1164 3168 1232 3207 ea
1280 3153 1477 3206 decem
1530 3155 1587 3204 et
1617 3157 1745 3203 octo
1778 3166 1962 3203 annos
2002 3150 2060 3203 in

356 3248 557 3301 iisdem
592 3247 839 3311 aedibus,
874 3251 993 3299 toto
1024 3246 1117 3298 die
1156 3244 1401 3296 vacabat
1434 3241 1599 3295 h0rto
1630 3245 1687 3293 et
1718 3238 2057 3293 balsameto.

354 3336 712 3406 Operabatur
741 3337 897 3389 enim
949 3332 1321 3399 balsamum;
1373 3346 1498 3399 quae
1544 3327 1845 3382 balsamus
1884 3330 2067 3382 instar

351 3424 489 3480 vitis
521 3424 837 3495 plantatur,
872 3426 935 3475 ut
958 3423 1013 3474 in
1048 3437 1163 3490 qua
1189 3418 1433 3474 colenda
1457 3423 1512 3472 et
1535 3417 1789 3486 putanda
1822 3416 2065 3471 multum

350 3514 566 3568 laboris
598 3518 871 3583 ponatur.
908 3510 1162 3580 Vespere
1194 3525 1330 3580 ergo
1360 3511 1602 3565 domum
1632 3508 1985 3579 ingrediens.
2009 3513 2064 3565 et

351 3602 571 3656 faciens
603 3601 916 3666 orationes,
949 3615 1083 3654 cum
1116 3616 1184 3655 ea
1233 3598 1583 3655 comedebat.
1626 3598 1694 3653 Et
1726 3614 1927 3653 rursus
1958 3614 2065 3653 no-

351 3696 593 3748 cturnas
616 3706 817 3762 preces
842 3691 1111 3758 fundens,
1136 3696 1191 3745 et
1214 3689 1477 3761 synaxim
1506 3704 1802 3759 peragens,
1826 3704 2059 3745 summo

354 3795 524 3836 mane
557 3782 680 3837 ibat
709 3780 768 3835 in
798 3780 1050 3836 hortum.
1088 3778 1232 3835 Cum
1269 3778 1390 3834 haec
1413 3779 1496 3834 sic
1519 3778 1741 3846 tierent,
1773 3783 1831 3833 et
1864 3794 2060 3849 perve-

354 3872 541 3927 nisset
572 3877 819 3943 uterque
842 3872 913 3927 ad
939 3869 1431 3943 impatibilitatem
1460 3869 1657 3940 (Cauta
1685 3869 1843 3939 lege),
1866 3868 1980 3923 vim
2002 3872 2058 3924 et

354 3962 671 4017 elficaciam
707 3962 968 4017 habuere
1000 3977 1196 4031 preces
1242 3959 1504 4015 Amonis.
1538 3959 1833 4015 Postremo
1859 3966 2055 4014 autem

350 4052 400 4106 ei
436 4052 574 4107 dicit
605 4050 705 4106 illa
735 4051 903 4106 beata
938 4065 951 4106 :
985 4050 1083 4106 Est
1129 4050 1346 4120 aliquid
1380 4050 1531 4121 quod
1566 4049 1673 4103 tibi
1704 4048 1915 4118 dicam,
1949 4050 2057 4104 do-

352 4140 508 4195 mine
551 4140 655 4205 mi,
709 4147 767 4194 ut
815 4141 859 4193 si
911 4154 1002 4194 me
1050 4137 1328 4206 audieris,
1360 4138 1506 4191 mihi
1557 4136 1726 4208 plane
1764 4137 2057 4192 constabit

348 4229 501 4300 quod
534 4243 662 4283 vere
692 4244 759 4283 ex
790 4226 905 4281 Deo
955 4242 1047 4281 me
1090 4226 1322 4297 diligas.
1374 4224 1433 4281 is
1480 4241 1612 4279 vero
1664 4226 1711 4280 ei
1746 4225 1919 4280 dicit:
1955 4224 2056 4280 Dic

351 4316 505 4386 quod
538 4316 700 4370 velis.
739 4315 816 4369 Ea
848 4330 982 4368 vero
1015 4314 1155 4370 dicit
1186 4315 1268 4369 illi
1306 4330 1319 4369 :
1352 4318 1603 4385 Equum
1637 4323 1721 4369 est
1754 4324 1813 4369 ut
1861 4320 1921 4369 tu
1955 4317 2056 4387 qui

346 4422 407 4460 es
442 4405 524 4458 vir
556 4405 684 4475 pius
716 4408 772 4457 et
806 4402 1132 4471 religiosus,
1168 4408 1224 4457 et
1254 4418 1480 4458 exerces
1505 4405 1824 4472 justitiam.
1882 4410 1939 4459 et
1967 4406 2054 4460 si-

1959 328 2319 390 PALLADII

2112 465 2164 530 Î‘
2198 458 2376 515 tionis
2408 459 2679 513 virtutem
2731 455 3104 522 exercuisset,
3148 455 3207 509 in
3240 454 3355 508 vita
3385 454 3531 508 obiit
3562 454 3896 522 monastica,

3741 325 3897 385 1024

2198 550 2286 605 vel
2323 551 2515 622 potius
2546 547 2860 602 translatus
2893 552 2982 602 est
3020 554 3257 600 sanctus
3294 547 3502 607 Amon,
3538 556 3708 599 natus
3741 561 3895 600 sen-

2197 642 2361 710 ginta
2393 642 2537 694 duos
2587 654 2793 701 annos,
2837 638 2925 691 bis
2977 636 3033 690 in
3067 653 3219 691 anno
3268 635 3470 689 videns
3511 636 3740 689 beatam
3775 637 3894 690 vite

2196 748 2313 785 suae
2344 736 2689 785 consortem.

2266 822 2405 875 Cum
2442 821 2488 873 is
2520 836 2656 889 ergo
2688 817 2849 872 solus
2890 824 3043 870 esset
3086 816 3140 869 in
3175 814 3397 877 Nitriis,
3440 816 3631 870 ferunt
3662 816 3730 869 ad
3764 832 3893 870 cum

2195 926 2437 981 puerum
2492 908 2651 962 ratiie
2712 913 3090 973 exagitatuni,
3140 905 3399 960 vinctum
3452 905 3689 959 catenis.
3732 903 3895 959 Canis

2192 1000 2342 1053 enim
2378 1000 2641 1053 rabiosus
2667 998 2980 1051 mordendo
3006 996 3085 1049 illi
3112 995 3325 1050 rabiem
3351 995 3600 1048 dederat.
3634 994 3891 1061 Scipsum

2191 1106 2325 1157 ergo
2355 1094 2541 1142 totum
2596 1086 2875 1149 laniabat,
2919 1090 2982 1138 ut
3029 1084 3128 1156 qui
3174 1083 3594 1138 intolerabilem
3630 1083 3890 1137 morbum

2191 1177 2336 1232 ferre
2368 1195 2480 1232 nou
2515 1183 2728 1247 posset.
2762 1175 3070 1244 Postquam
3113 1190 3243 1237 ergo
3279 1174 3418 1227 vidit
3449 1173 3578 1244 ejus
3612 1182 3891 1242 parentes,

2190 1271 2257 1322 ad
2294 1267 2742 1338 supplicandum
2764 1267 3179 1334 procedentes:
3209 1264 3352 1329 Quid
3382 1263 3542 1327 mihi,
3582 1262 3793 1332 inquit,
3822 1261 3894 1316 la-

2189 1358 2359 1413 bores
2416 1354 2719 1420 exhibeiis,
2750 1370 2782 1409 o
2831 1353 3119 1417 homines,
3166 1368 3232 1406 ea
3278 1357 3541 1421 petentes
3589 1368 3717 1421 quae
3768 1369 3893 1407 mea

2188 1449 2393 1503 merita
2423 1450 2726 1516 superant,
2762 1461 2892 1498 cum
2930 1445 2985 1498 in
3029 1442 3233 1497 vestris
3268 1442 3544 1497 manibus
3579 1450 3789 1512 praesto
3821 1443 3893 1497 sit

2187 1536 2463 1592 auxilium
2484 1534 2510 1587 â€˜?
2526 1533 2930 1589 Redditeenim
2949 1532 3348 1587 viduaabovem
3368 1548 3538 1602 quem
3559 1531 3887 1587 clanculum

2186 1624 2500 1692 occidistis,
2524 1632 2580 1679 ct
2607 1640 2787 1679 sanus
2812 1623 3086 1677 reddetur
3106 1622 3265 1675 vobis
3290 1637 3439 1691 puer.
3476 1620 3560 1673 illi
3593 1637 3726 1674 vero
3757 1636 3886 1675 cum

2186 1715 2425 1770 convicti
2458 1722 2674 1780 essent,
2726 1716 2839 1768 laeti
2894 1715 3151 1768 iecerunt
3194 1730 3321 1783 quae
3356 1714 3522 1782 jussa
3556 1712 3802 1781 fuerant,
3835 1717 3890 1767 et

2185 1818 2250 1857 eo
2277 1812 2474 1859 orante
2508 1820 2649 1873 puer
2678 1820 2855 1857 sanus
2888 1802 3089 1857 evasit.

2252 1894 2631 1947 Accesserunt
2655 1898 2845 1945 autem
2868 1891 2963 1945 alii
3002 1891 3128 1961 ejus
3153 1891 3369 1945 visendi
3394 1890 3601 1961 gratia.
3634 1889 3720 1943 Ad
3745 1905 3887 1960 quos

2182 1984 2325 2038 dixit
2356 1986 2437 2036 vir
2469 1990 2732 2045 sanctus,
2766 1982 3025 2036 tentandi
3076 1997 3277 2035 eorum
3320 1981 3495 2035 animi
3529 1981 3758 2051 gratia:
3793 1982 3885 2034 Af-

2188 2072 2329 2126 ferte
2359 2074 2428 2126 ad
2462 2087 2551 2125 me
2581 2072 2803 2124 dolium
2839 2086 3041 2137 unum,
3077 2077 3139 2124 ut
3171 2069 3411 2124 habeam
3449 2073 3592 2123 satis
3624 2086 3783 2138 aquaâ€˜
3818 2068 3886 2123 ad

2185 2178 2284 2217 eos
2314 2162 2416 2232 qui
2448 2162 2683 2216 veniunt
2722 2161 3117 2229 excipiendos.
3170 2159 3209 2213 li
3259 2170 3447 2213 autem
3492 2162 3888 2231 promiserunt

2181 2254 2401 2321 aeipsos
2452 2254 2753 2305 allaturos.
2788 2249 2929 2304 Cum
2972 2258 3165 2304 autem
3208 2248 3452 2303 alterum
3505 2249 3886 2317 Î¹Î¹Î±ÎµÎ¹Î¹á½¶á½·Ï…á½·Ï‚ÎµÎ¸Î¹,

2179 2341 2275 2395 ubi
2305 2340 2362 2394 in
2398 2341 2581 2395 vicum
2614 2340 2892 2401 venisset,
2926 2340 3068 2393 dicit
3101 2338 3263 2392 alteri
3298 2353 3311 2391 :
3348 2337 3489 2393 Nolo
3510 2338 3777 2392 occidere
3800 2354 3889 2391 ca-

2179 2430 2421 2493 melum,
2458 2446 2642 2500 neque
2670 2430 2717 2483 ci
2754 2429 2975 2482 dolium
3001 2428 3321 2497 imponere,
3356 2444 3425 2482 ne
3458 2430 3756 2482 moriatur.
3788 2427 3888 2483 His

2178 2522 2421 2587 auditis,
2445 2522 2597 2575 alius
2628 2521 2985 2587 suisjunctis
3011 2518 3191 2573 asinis
3216 2535 3420 2589 magno
3445 2518 3642 2572 labore
3663 2519 3886 2574 dolium

2178 2629 2409 2667 sursum
2448 2612 2711 2682 portavit.
2755 2610 3114 2664 Prievenicns
3159 2615 3355 2663 autem
3400 2612 3586 2663 Amon
3621 2610 3670 2663 ei
3705 2610 3885 2664 dixit:

2176 2704 2550 2773 Quid?quod
2604 2702 2741 2757 socii
2785 2703 2865 2755 tui
2913 2703 3170 2757 cainelus
3214 2706 3304 2755 est
3335 2707 3604 2755 mortuus
3651 2701 3885 2757 interim

2176 2796 2314 2849 dum
2352 2796 2464 2849 huc
2498 2794 2705 2848 venisti
2737 2793 2764 2848 ?
2799 2793 2851 2849 ls
2882 2801 3072 2848 autem
3137 2810 3403 2848 reversus
3434 2794 3657 2847 invenit
3690 2810 3826 2848 eum
3861 2811 3892 2848 a

2176 2882 2330 2951 lupis
2361 2886 2697 2938 devoratum
2762 2882 2942 2936 Multa
2973 2898 3205 2953 quoque
3234 2883 3347 2934 alia
3377 2883 3470 2935 hic
3497 2883 3585 2934 vir
3618 2885 3771 2936 fecit.

2249 2974 2364 3028 lloc
2394 2978 2587 3028 autem
2624 2972 2968 3027 miraculum
3005 2973 3255 3025 narravit
3300 2974 3502 3025 beatus
3538 2972 3889 3028 Athanasius

2175 3064 2535 3118 Alexandriae
2561 3064 2893 3133 episcopus,
2928 3063 3188 3116 scribens
3220 3063 3277 3114 in
3302 3060 3432 3115 Vita
3450 3064 3709 3126 Antonii,
3737 3063 3889 3133 quod

2174 3168 2306 3208 cum
2353 3154 2667 3223 aliquando
2717 3151 2987 3205 monachi
3030 3151 3099 3205 ad
3144 3150 3337 3221 ipsum
3391 3150 3561 3205 missi
3593 3161 3789 3206 essent
3814 3152 3884 3205 ab

2175 3244 2419 3297 Antonio
2447 3242 2593 3311 (erat
2621 3241 2776 3295 enim
2814 3242 2870 3295 in
2904 3240 3174 3295 interiore
3204 3240 3513 3295 solitudine
3544 3243 3883 3311 Antonius),

2174 3346 2308 3387 cum
2343 3333 2411 3387 ad
2446 3334 2637 3403 ipsum
2672 3330 2985 3395 venissent,
3023 3330 3279 3385 surrexit
3299 3347 3491 3397 senex,
3520 3336 3581 3385 et
3609 3332 3884 3387 ambula-

2175 3422 2271 3477 bat
2293 3438 2425 3477 cum
2451 3422 2552 3479 eis.
2586 3421 2810 3476 Etcum
2835 3424 2991 3475 esset
3011 3421 3364 3476 transiturus
3388 3420 3608 3491 Lycum
3631 3418 3880 3476 ï¬‚uvium

2171 3527 2303 3567 cum
2337 3512 2467 3579 ejus
2498 3511 2789 3581 discipulo
2822 3510 3146 3575 Theodoro,
3177 3511 3480 3566 verebatur
3497 3511 3658 3578 exui,
3692 3528 3763 3567 ne
3794 3527 3881 3567 se-

2171 3601 2361 3671 ipsum
2385 3602 2604 3657 videret
2633 3600 2949 3672 aliquando
3003 3601 3225 3656 nudum
3262 3616 3275 3655 :
3308 3606 3363 3656 et
3391 3601 3610 3657 interea
3638 3604 3778 3657 dum
3811 3602 3881 3657 de

2168 3708 2235 3747 ea
2266 3707 2325 3747 re
2356 3692 2687 3757 dissereret,
2740 3692 3013 3747 inventus
3054 3695 3145 3746 est
3174 3698 3333 3747 trans
3364 3690 3634 3759 ï¬‚uvium,
3670 3698 3735 3747 ut
3781 3693 3879 3763 qui

2166 3780 2382 3851 absque
2411 3782 2615 3853 cymba
2644 3780 2702 3835 in
2739 3782 2922 3836 extasi
2957 3780 3297 3851 trajecisset,
3326 3779 3648 3837 translatus
3678 3782 3749 3836 ab
3779 3798 3877 3837 an-

2168 3870 2294 3942 gelo
2322 3886 2337 3924 :
2372 3870 2577 3925 fratres
2607 3875 2796 3924 autem
2830 3873 3025 3924 natatu
3057 3868 3527 3924 transmiserunt.
3558 3868 3875 3939 Postquam

2166 3965 2359 4016 autem
2394 3960 2637 4015 accessit
2667 3960 2738 4014 ad
2791 3957 3138 4025 Antonium,
3183 3958 3407 4027 primus
3438 3957 3491 4013 ei
3523 3959 3668 4013 dixit
3694 3962 3873 4014 Anto-

2164 4050 2297 4105 nius
2324 4066 2337 4105 :
2368 4051 2511 4106 Cum
2544 4048 2699 4105 Deus
2717 4048 2857 4104 mihi
2884 4048 3062 4103 multa
3086 4047 3155 4103 de
3182 4054 3236 4104 te
3266 4048 3595 4114 revelasset,
3625 4054 3684 4103 et
3715 4059 3875 4105 tuam

2164 4138 2601 4195 translationem
2637 4138 2777 4193 mihi
2830 4138 3233 4207 signiï¬casset,
3285 4142 3339 4193 te
3369 4136 3443 4192 ad
3474 4153 3565 4193 me
3592 4139 3874 4194 accersivi

2163 4229 2509 4299 necessario,
2542 4236 2603 4284 ut
2650 4245 2781 4284 cum
2817 4227 2985 4284 nobis
3016 4228 3265 4283 invicem
3308 4227 3419 4283 frui
3452 4227 3736 4295 licuisset,
3771 4243 3874 4301 pro

2162 4318 2331 4374 nobis
2356 4320 2600 4374 invicem
2634 4317 3151 4373 intercederemus.
3183 4316 3325 4372 Cum
3357 4322 3550 4373 autem
3581 4334 3722 4373 eum
3754 4316 3871 4373 colo

2162 4409 2405 4464 locasset
2436 4409 2493 4463 in
2526 4410 2781 4479 quodam
2817 4408 2939 4463 loco
2972 4407 3143 4477 longe
3166 4414 3454 4477 separato,
3486 4406 3757 4463 hortatus
3789 4412 3876 4464 est

349 4492 569 4548 militer
598 4509 702 4564 ego
735 4493 832 4563 qui
866 4493 1131 4548 eamdem
1172 4493 1321 4547 viam
1371 4492 1621 4548 instituti
1668 4508 1796 4549 sum
1830 4502 2049 4565 secuta,
2086 4543 2127 4607 Î’
2161 4514 2234 4553 ne
2270 4498 2566 4554 recederet
2612 4502 2745 4553 ante
2795 4496 3259 4553 translationem.
3310 4496 3455 4551 Cum
3497 4502 3699 4552 autem
3745 4498 3875 4569 ipse

349 4596 603 4607 ..-Î‘--.-Î¼
629 4598 969 4607 ...Î·-Î¹Î¹-......
1022 4586 1069 4607 ,Î¹
1099 4582 1262 4607 ..Î¹-..Î¹Î¹Î¹
1290 4597 1354 4607 Î‘..
1375 4582 1685 4607 Î‘Î›--..2-..Î”
1720 4583 2020 4607 --a:l:a,.a-_..
2164 4604 2283 4607 _-_..
2380 4605 2413 4607 Î·
2458 4588 2589 4607 n.4,.
2613 4593 2654 4607 ,Î¹
2712 4604 2939 4607 A_n,.,.-,
2959 4605 3003 4607 Î¼-
3056 4592 3149 4607 Î¹Î¹--
3225 4586 3364 4607 -,Î¾.Î¹ÎµÎ¹
3431 4587 3709 4607 Î”Î¼Î¹-á¾¼ÎžÎ¼Î‘Îº
3752 4589 3819 4607 ,2-
3850 4604 3870 4607 _

346 4596 606 4639 seorsum
629 4598 995 4650 maneamus,
1018 4586 1075 4637 et
1098 4582 1264 4637 multi
1288 4597 1439 4637 exeo
1456 4582 1689 4653 capiant
1720 4583 2048 4641 utilitatem.

346 4673 466 4729 Non
500 4690 602 4745 par
630 4677 715 4729 est
744 4672 897 4728 enim
935 4678 996 4728 ut
1030 4676 1268 4744 propter
1298 4688 1387 4728 me
1418 4678 1579 4729 tanta
1608 4678 1666 4728 et
1692 4674 1825 4729 talis
1857 4675 2050 4731 occul-

344 4768 500 4821 tetur
554 4768 652 4819 tua
703 4763 886 4818 virtus
936 4763 1337 4835 philosOpbiaa,
1389 4763 1488 4834 qui
1547 4779 1771 4820 mecum
1818 4771 2049 4836 propter

343 4853 635 4911 Christum
677 4852 979 4909 cohabitas
1008 4854 1065 4909 in
1098 4853 1382 4908 castitate.
1418 4853 1470 4908 Is
1502 4868 1632 4909 vero
1671 4869 1805 4909 cum
1840 4854 1889 4908 ei
1922 4871 2048 4921 gra-

344 4942 453 4998 tias
483 4942 714 5014 egisset,
748 4946 803 4997 et
834 4942 1080 5012 gloriam
1129 4946 1239 4998 Deo
1270 4940 1543 5008 dedisset,
1575 4943 1625 4998 ei
1659 4942 1837 4997 dicit:
1877 4942 2044 5000 Recte

343 5034 446 5089 tibi
479 5034 666 5087 visum
696 5040 802 5096 est,
827 5032 1060 5088 domina
1081 5036 1137 5086 et
1157 5046 1355 5099 soror;
1389 5037 1447 5087 et
1476 5033 1525 5087 si
1558 5032 1666 5088 hoc
1697 5032 1804 5087 tibi
1833 5031 2040 5103 placet,

342 5131 397 5178 tu
467 5122 676 5178 habeto
744 5121 894 5177 hanc
966 5123 1273 5187 domum;
1344 5137 1448 5192 ego
1522 5137 1655 5177 vero
1731 5122 1924 5189 abibo,
1985 5128 2043 5180 et

336 5212 512 5268 aliam
560 5212 707 5267 mihi
756 5212 991 5267 domum
1048 5212 1274 5266 faciam.
1311 5211 1413 5276 Qui
1465 5226 1597 5265 cum
1651 5211 1721 5266 ab
1770 5228 1836 5267 ea
1892 5218 2041 5270 esset

338 5316 630 5372 egressus,
662 5303 965 5373 ingressus
998 5307 1083 5355 est
1123 5301 1180 5355 in
1233 5302 1507 5355 interiora
1557 5302 1769 5357 montis
1799 5301 1995 5357 Nitriae
2023 5321 2037 5372 ;

338 5393 599 5447 nondum
632 5392 782 5447 enim
818 5398 955 5445 tunc
986 5390 1103 5445 illic
1132 5395 1298 5445 erant
1322 5390 1644 5459 frequentia
1668 5392 2036 5462 monasteria,

338 5482 395 5533 et
425 5480 535 5533 sibi
570 5482 703 5535 fecit
735 5483 879 5535 duos
925 5479 1204 5535 cellarum
1257 5478 1470 5535 tholos.
1526 5478 1589 5533 Et
1640 5496 1771 5535 cum
1806 5483 2039 5538 vixisset

337 5566 481 5624 alios
508 5570 701 5639 viginti
736 5569 878 5625 duos
909 5586 1116 5637 annos,
1148 5575 1204 5625 et
1240 5576 1394 5627 recte
1425 5586 1713 5625 summam
1748 5574 2033 5629 exercita-

410 5658 425 5695 Â¹
459 5655 561 5716 Hic
590 5656 669 5714 Or
699 5660 805 5715 fuit
834 5658 1180 5731 Origenista.

2158 4604 2421 4644 seorsum
2457 4588 2659 4644 fuisset
2702 4592 3172 4651 consummatus,
3224 4586 3370 4644 vidit
3419 4587 3713 4643 Antonius
3741 4589 3873 4659 ejus

2154 4682 2409 4735 animam
2433 4679 2492 4735 in
2516 4681 2723 4735 omium
2749 4684 3108 4751 assumptam
3128 4679 3200 4734 ab
3225 4677 3465 4749 angelis.
3489 4678 3598 4735 Hic
3617 4684 3872 4751 estergo

2152 4770 2359 4836 Amon,
2394 4770 2492 4840 qui
2518 4770 2602 4824 sic
2625 4768 2785 4837 vixit,
2816 4773 2873 4824 et
2896 4769 2979 4823 sic
3001 4768 3165 4825 obiit.
3190 4766 3357 4824 Hunc
3375 4767 3590 4840 Lycum
3623 4769 3869 4824 ï¬‚uvium

2153 4874 2257 4931 ego
2277 4876 2406 4913 cum
2427 4864 2581 4914 metu
2608 4864 2857 4929 pontone
2877 4858 3192 4927 aliquando
3224 4857 3525 4914 transmisi
3550 4876 3566 4927 ;
3591 4865 3686 4915 est
3706 4858 3868 4915 enim

2154 4947 2305 5003 fossa
2335 4952 2390 5002 et
2420 4947 2700 5004 derivatio
2733 4946 2926 5019 magni
2956 4945 3094 5003 Nili.

2813 5070 3048 5127 CAPUT
3093 5071 3187 5127 XI.

2660 5181 2778 5236 lâ€™ita
2807 5180 3025 5236 abbatis
3060 5183 3073 5216 Â¹
3107 5179 3183 5235 0r
3211 5182 3347 5254 (24).

2222 5310 2283 5363 In
2319 5307 2426 5362 hoc
2458 5312 2653 5362 monte
2685 5305 2881 5363 Nitriae
2917 5307 3125 5363 iuitvir
3156 5306 3521 5361 admirabilis
3552 5308 3765 5373 abbas,
3786 5308 3866 5364 0r

2150 5396 2406 5460 nomine,
2432 5396 2652 5451 habens
2672 5398 3025 5451 monasteria
3050 5396 3206 5451 mille
3231 5396 3495 5465 fratrum,
3529 5396 3737 5453 habitu
3759 5414 3865 5453 an-

2147 5486 2330 5557 gelico
2361 5488 2639 5557 praeditus
2686 5485 2885 5560 (Î·Ï…Ï€Î·
2919 5486 2957 5542 Î¹.
3001 5504 3062 5553 Î¹Î¹,
3093 5504 3140 5543 c.
3173 5490 3268 5554 2);
3301 5496 3361 5541 ut
3402 5487 3506 5558 qui
3538 5504 3678 5543 cum
3708 5494 3863 5543 esset

2148 5576 2469 5647 nonaginta
2500 5593 2685 5635 annos
2716 5582 2911 5645 natus,
2968 5576 3115 5633 nihil
3161 5576 3453 5634 amisisset
3484 5577 3557 5633 de
3591 5593 3856 5653 corpore.
