4100 6204
357 298 509 358 102⁸7

1875 285 2236 351 PALLADII

3600 281 3758 342 1028

354 427 433 499 τῷ
462 426 761 500 προσώπῳ,
794 426 866 487 ὡς
908 425 995 480 καὶ
1051 424 1325 499 ὁρώμενον
1363 422 1552 496 μόνον⁸
1602 421 1996 496 δυσωπήσιμον
2029 430 2080 495 Α
2112 417 2296 486 αὐτὸν,
2327 417 2514 474 καὶτὰ
2563 414 2758 490 ἱμάτια
2804 412 2970 471 15105
3015 410 3489 487 ἀποκρυψάμενον,
3536 410 3767 488 ἐλέγξας

355 519 494 571 εἶναι
526 517 617 572 τὸν
652 513 815 589 ἄνδρα
839 561 853 574 .
885 516 1056 576 Οὗτος
1099 512 1285 570 πολλά
1335 515 1597 589 πρότερον
1646 513 1763 568 καθ’
1816 513 2001 568 ἐαυτὸν

356 609 594 677 ἀσκήσας
633 605 682 660 ἐν
728 610 797 678 τῇ
839 605 1033 680 ἐρήμῳ
1079 610 1148 679 τῇ
1194 601 1533 679 πορῥωτέρᾳ,
1585 603 1802 676 ὕστερον
1843 603 1894 658 ἐν
1931 605 2000 676 τῇ

358 695 590 767 πλησίον
653 695 846 768 ἐρήμῳ
900 698 965 747 τά
1027 696 1366 768 μοναστήρια
1422 692 1828 767 συνεκρότησεν,
1875 689 2002 754 ἓλος

358 787 615 866 ιροτεύσας
673 785 861 859 χερσὶν
923 783 1165 853 οἰκείαις,
1242 781 1416 853 ξύλων
1462 781 1559 838 οὐκ
1610 779 1775 838 ὄντων
1834 780 1886 836 ἐν
1928 784 2004 853 τῷ

359 875 533 948 τόπῳ,
590 873 664 934 ὡς
724 873 863 942 ὕλην
923 872 1050 926 εἶναί
1087 893 1204 927 τινα
1265 871 1317 927 ἐν
1386 875 1453 945 τῇ
1515 871 1706 946 ἐρήμῳ
1777 873 2005 940 πυκνήν.

358 963 585 1038 Ἔλεγον
616 963 716 1037 γὰρ
767 965 902 1035 ἡμῖν
955 963 1006 1017 οἱ
1054 964 1177 1036 περὶ
1227 963 1390 1016 αὐτὸν
1441 962 1694 1036 Πατέρες,
1743 961 1824 1015 ὅτι
1877 957 2006 1015 οὐδὲ

361 1041 598 1130 βλαστὸς
629 1052 694 1120 ἦν
729 1049 835 1106 ῶδέ
866 1072 1020 1121 ποτε,
1055 1051 1145 1106 ὅτε
1183 1050 1308 1126 πρὶν
1340 1052 1367 1106 6
1401 1051 1538 1125 ἀνὴρ
1571 1051 1628 1106 ἐκ
1654 1053 1753 1120 τῆς
1794 1048 2005 1126 ἐρήμου

359 1143 680 1217 παρεγένετο
715 1162 728 1173 ·
791 1139 1073 1213 ἐφύτευσεν
1135 1137 1192 1194 δὲ
1249 1140 1404 1211 αὐτὸ,
1458 1137 1551 1194 ’ίνα
1607 1142 1682 1212 μή
1745 1137 1834 1194 διά
1887 1160 2009 1195 τινα

360 1232 550 1306 χρείαν
585 1233 636 1285 οἱ
678 1232 1071 1308 συνερχόμενοι
1121 1230 1257 1305 πρὸς
1298 1229 1458 1284 αὐτὸν
1501 1227 1726 1306 ἀδελφοὶ
1781 1231 2007 1304 ἀναγκα-

363 1323 565 1375 σθῶσεν
643 1321 968 1393 περιάγεινο
1037 1317 1183 1374 ἀλλά
1256 1325 1427 1372 πᾶσαν
1502 1319 1761 1394 πρόνοιαν
1828 1319 2007 1373 αὐτῶν

363 1410 622 1478 ἐποιεῖτο,
655 1409 957 1482 εὐχόμενος
989 1412 1068 1480 τῷ
1100 1406 1235 1480 Θεῷ,
1269 1408 1355 1462 καὶ
1413 1407 1545 1482 ὑπὲρ
1590 1415 1689 1478 τῆς
1737 1409 2010 1482 σωτηρίας

363 1501 539 1556 αύτωι
586 1498 1013 1575 ἀγωνιζόμενος,
1058 1495 1149 1551 ’ίνα
1203 1495 1254 1551 ἐν
1319 1494 1509 1570 μηδενὶ
1553 1495 1850 1554 λείπωνται
1897 1501 2004 1552 τῶν

362 1589 686 1664 ἀνάγκαίων,
718 1588 807 1641 καὶ
863 1589 937 1660 μή
982 1585 1249 1661 πρόφασις
1302 1587 1484 1648 αὐτοῖς
1535 1587 1800 1660 ῥᾳθυμίας
1849 1587 2010 1663 γένη-

361 1679 447 1735 ταί
475 1700 580 1741 τις.
614 1675 782 1741 0510:
821 1676 873 1731 ἐν
923 1682 992 1751 τῇ
1044 1675 1238 1749 ἐρήμῳ
1281 1681 1498 1752 πρῶτον
1553 1673 1780 1750 διάγων,
1823 1678 2006 1748 ἢσθιεν

365 1772 459 1844 μὲν
496 1766 725 1844 βοτάνας
763 1767 851 1822 καὶ
902 1765 1051 1842 ῥίζας
1099 1763 1380 1840 γλυκείας,
1430 1761 1602 1821 ἔπινεν
1637 1762 1693 1821 δὲ
1723 1765 1812 1821 καὶ
1862 1764 2011 1841 ὕδωρ

360 1861 446 1915 ὅτε
480 1858 753 1933 ηὕρισκεν,
806 1854 858 1910 ἔν
902 1855 1094 1930 εὐχαῖς
1141 1855 1230 1908 καὶ
1280 1854 1472 1927 ὕμνοις
1524 1853 1787 1911 διατελῶν
1832 1856 2006 1911 πάντα

359 1951 451 2006 τὸν
483 1948 706 2024 χρόνον.
767 1949 853 2008 Ὧς
899 1942 955 1999 δὲ
1006 1944 1197 1999 λοιπὸν
1247 1945 1348 2012 τήν
1393 1944 1602 2000 τελείαν
1666 1948 1764 2000 τοῦ
1815 1945 2004 2020 γήρως

358 2039 580 2116 ἔφθασεν
631 2035 876 2106 ἡλικίαν,
923 2031 1149 2109 ἅγγελος
1207 2034 1357 2106 αῦτῷ
1413 2035 1654 2114 φαίνεται
1713 2035 1830 2090 κατ’
1877 2035 2002 2109 δναρ

359 2129 409 2183 ἐν
440 2132 508 2201 τῇ
553 2126 766 2201 ἐρήμῳ,
809 2124 1007 2199 λέγων,
1057 2125 1140 2182 ὅτι
1187 2126 1322 2199 Ἐσῃ
1375 2125 1450 2187 είς
1505 2122 1656 2188 ἔθνος
1711 2123 1865 2199 μέγα,
1911 2123 2002 2178 καὶ

357 2219 531 2274 πολὺν
565 2218 696 2273 λαὸν
725 2216 1082 2289 πιστευθήσῃ,
1116 2212 1325 2270 ἔσονται
1369 2211 1426 2269 δὲ
1458 2215 1508 2269 οἱ
1561 2215 1863 2288 σωζόμενοι
1918 2212 2005 2270 διὰ

362 2313 455 2363 σοῦ
507 2303 755 2383 χιλιάδες
816 2305 943 2360 δέκα
995 2324 1006 2336 '
1043 2303 1239 2376 οὕσπερ
1295 2303 1381 2359 ἐὰν
1429 2302 1658 2360 ἐνταῦθα
1707 2303 2004 2380 κερδήσῃς,

357 2400 629 2454 τοσούτων
663 2397 826 2468 ἀρξης
862 2393 912 2449 ἐν
946 2398 1024 2465 τῷ
1055 2394 1207 2448 αἰῶνι
1239 2398 1320 2465 τῷ
1354 2391 1611 2465 μέλλοντι
1641 2437 1652 2448 .
1688 2395 1782 2449 Καὶ
1835 2393 2003 2467 μηδὲν

361 2485 651 2548 διστάσεις,
685 2484 845 2560 φησὶν
876 2486 903 2538 ὁ
935 2483 1169 2557 ἄγγελος
1198 2483 1332 2557 πρὸς
1363 2483 1527 2538 αὐτόν
1555 2527 1568 2540 .
1603 2481 1874 2538 Ούδέποτε
1903 2484 2006 2558 γάρ

361 2599 445 2632 σοι
473 2578 648 2649 λείψει
677 2581 783 2629 τῶν
830 2575 965 2648 πρὸς
1003 2575 1100 2639 τήν
1156 2573 1370 2648 χρείαν,
1418 2571 1549 2648 ἄχρι
1600 2582 1700 2640 τῆς
1746 2573 2006 2643 τελευτῆς

361 2687 477 2734 σου,
529 2664 712 2724 ὁσόκις
772 2662 830 2716 ἀν
890 2661 1182 2734 ἐπικαλέσῃ
1241 2664 1332 2716 τὸν
1366 2662 1494 2716 Θεόν
1533 2703 1546 2717 .
1611 2665 1783 2716 Ταῦτα
1839 2661 2006 2717 ἀκού-

361 2752 592 2818 σος,ἐπί
633 2753 732 2820 τήν
792 2748 1027 2820 πλησίον
1084 2744 1289 2822 ἔρημον
1348 2748 1631 2824 ὥρμησεν,
1695 2752 2006 2823 καταμόνας

356 2846 576 2918 πρῶτον
619 2837 823 2915 διάγων
849 2859 861 2870 ·
897 2832 1160 2893 καλύὸιον
1214 2839 1315 2913 γὰρ
1367 2838 1560 2913 μικρόν
1609 2861 1667 2894 τε
1706 2839 1884 2911 ἑαυτῷ
1917 2862 2012 2896 κα-

355 2931 706 3000 τασκευάσας,
761 2927 1024 3003 λαχάνοις
1083 2927 1356 2991 συνθέτοις
1417 2928 1579 3001 μόνον
1622 2929 1963 3004 ἀρκούμενος
1998 2977 2014 3004 ,

355 3019 625 3082 πολλάκις
659 3017 716 3073 δὲ
745 3018 834 3072 καὶ
866 3014 937 3071 δι’
968 3014 1273 3090 ἑϐδομάδος
1325 3017 1500 3090 μόνης
1549 3014 2012 3092 μεταλαμϐάνων,

361 3102 376 3121 θ
481 3111 492 3129 Ι
810 3107 825 3126 ἱ
936 3104 960 3126 ’λ
1095 3107 1107 3123 \
1260 3113 1285 3124 κ
1630 3109 1642 3126 \
1956 3112 1980 3125 ν

353 3123 718 3190 αγραμματος
771 3129 864 3181 μεν
923 3129 999 3160 ων
1057 3129 1117 3162 10
1176 3128 1415 3182 πρωτον,
1465 3105 1650 3177 ἐπειδη
1703 3107 1757 3164 δὲ
1804 3108 1862 3164 ἐκ
1911 3132 2008 3179 της

361 3177 572 3276 ἐρήμου
604 3199 680 3262 εἰς
708 3177 806 3266 τήν
841 3196 1170 3270 οἰκουμένην
1204 3177 1432 3272 ἀζρχετο,
1465 3199 1629 3272 χάρις
1651 3198 1797 3270 αὐτῷ
1830 3177 2010 3256 θεόθεν
2040 3177 2082 3242 C

363 3287 597 3358 δίδοται,
631 3287 719 3342 καὶ
749 3286 844 3346 τὰς
877 3285 1090 3361 Γρατιάς
1118 3281 1310 3354 ἔξωθεν
1341 3287 1694 3356 ἀπεστήθιζεν
1731 3331 1744 3344 .
1793 3287 2013 3345 Ἐπιδο-

362 3379 545 3438 θέντος
585 3376 689 3452 γὰρ
721 3375 867 3445 αὐτῷ
902 3369 1123 3447 βιϐλίου
1155 3375 1298 3447 παρά
1327 3380 1436 3428 τῶν
1487 3372 1760 3452 ἀδελφῶν,
1793 3378 1865 3439 ὡς
1911 3376 2018 3452 ἔμ-

363 3487 548 3540 πειρος
585 3469 694 3519 τῶν
740 3461 1102 3538 γραμμάτων,
1167 3461 1339 3526 οὕτως
1387 3461 1583 3518 λοιπὸν
1637 3467 2014 3542 ἀνεγίνωσκεν.

365 3556 600 3627 Εἰλήφει
659 3550 714 3606 δὲ
763 3551 852 3605 καὶ
910 3551 1094 3625 ἑτέραν
1152 3551 1334 3626 χάριν,
1394 3555 1494 3622 την
1547 3554 1684 3609 κατά
1742 3551 2018 3629 δαιμόνων

365 3641 582 3698 ἐλασίαν
609 3661 621 3673 ·
657 3641 730 3702 ὡς
762 3637 1008 3700 πολλοὺς
1038 3644 1145 3695 τῶν
1179 3641 1509 3716 πασχόντων
1540 3642 1630 3696 καὶ
1680 3643 1758 3718 μή
1812 3645 2016 3719 βουλο-

369 3729 563 3802 μένους
615 3727 806 3790 αὐτοὺς
854 3733 1114 3800 πααιστᾷν
1171 3730 1417 3804 βοῶντας
1472 3730 1637 3787 αὐτοῦ
1693 3734 1793 3802 τήν
1849 3733 2016 3790 πολι·

362 3820 507 3875 τείαν
541 3840 553 3852 ’
617 3818 783 3879 ἰάσεις
829 3839 886 3873 τε
932 3820 1028 3880 τὰς
1078 3817 1254 3883 ἄλλας
1301 3817 1563 3875 ἐπιτελῶν
1613 3821 1711 3876 οὐκ
1766 3822 2016 3896 ἐπαύετο,

366 3910 440 3970 ὡς
474 3910 806 3984 συναχθῆναι
840 3909 973 3982 πρὸς
1005 3907 1165 3963 αὐτὸν
1203 3910 1478 3984 μοναχοὺς
1513 3916 1659 3984 τρεῖς
1709 3910 1970 3986 χιλιάδας
2000 3957 2014 3972 .

367 3991 514 4058 Ἰδὼν
573 3997 619 4055 δ’
677 4001 826 4072 ἡμᾶς
888 4001 916 4054 6
971 4000 1128 4073 ἀνὴρ,
1187 3999 1277 4054 καί
1339 4003 1646 4076 περιχαρὴς
1701 4003 2016 4078 γενόμενος,

362 4090 641 4160 ἠσπάσατο
689 4089 779 4144 καὶ
828 4090 1240 4160 περιεπτύξατο.
1312 4092 1486 4162 Νίψας
1538 4088 1593 4145 δὲ
1666 4093 1794 4155 τοῦς
1845 4092 2015 4154 πόδας

362 4181 522 4248 ἡμῶν
582 4177 771 4252 χερσὶν
830 4177 1076 4243 οἰκείαις,
1129 4179 1265 4250 πρὸς
1319 4176 1670 4233 διδασκαλίαν
1723 4181 2014 4250 ἐτρέπετο.

362 4269 662 4339 Ἐμπειρος
691 4267 791 4339 γὰρ
825 4267 887 4334 ἦν
934 4263 1051 4319 λίαν
1085 4269 1191 4318 τῶν
1226 4271 1473 4336 Γραφῶν,
1507 4267 1684 4322 θεόθεν
1711 4271 1810 4339 τήν
1852 4272 2013 4345 χάριν

359 4355 560 4423 ταύτην
616 4351 942 4424 δεξάμενος.
1007 4353 1200 4408 Πολλά
1257 4351 1312 4408 δέ
1375 4359 1482 4410 τῶν
1539 4361 1766 4435 Γραφῶν
1846 4357 2015 4422 λύσας

359 4445 492 4512 ἡμῖν
526 4440 814 4521 κειρὲίλαια,
846 4441 930 4495 καὶ
982 4444 1080 4510 τὴν
1133 4439 1420 4516 ὀρθόδοξον
1470 4443 1649 4500 πίστιν
1701 4445 2002 4522 παραδοὺς,

2111 511 2268 565 αὐτὸν
2317 507 2406 564 ἐπὶ
2453 508 2692 577 πάντων,
2743 504 2820 568 εἰς
2873 504 3034 579 μέσον
3067 504 3133 559 15:
3177 500 3296 574 εἴδη
3349 504 3763 578 προσήνεγκενο

2113 600 2251 655 ὥστε
2285 598 2479 672 μηκέτι
2525 597 2740 670 τολμᾷν
2778 617 2898 651 τινα
2934 593 3022 650 ἐπὶ
3070 593 3236 649 αὐτοῦ
3285 589 3593 667 ψεύδεσθαι,
3625 611 3767 647 100-

2113 689 2282 758 αύτην
2309 689 2472 763 χάριν
2519 687 2717 761 ἀρετῆς
2748 682 2993 761 ἔχοντος.
3034 685 3101 752 ἢν
3135 681 3224 737 διὰ
3254 688 3354 751 τῆς
3402 679 3623 750 πολλῆς
3677 681 3771 736 καὶ

2112 777 2290 848 καλῆς
2331 777 2610 839 πολιτείας
2657 775 2804 848 αύτῷ
2851 773 3162 847 συνελέξατο
3191 817 3204 830 .
3259 776 3360 829 Ἦν
3410 768 3467 827 δὲ
3515 769 3647 826 ἰδεῖν
3703 769 3771 826 τό

2113 866 2328 936 πλῆθος
2357 873 2464 922 τῶν
2514 867 2604 922 σὺν
2656 865 2805 937 αύτῷ
2853 868 3110 940 μοναχῶν
3165 862 3240 917 ἐν’
3267 865 3336 936 τῇ
3368 858 3656 933 ἐκκλησίᾳ,
3692 861 3774 924 ὡς

2114 957 2360 1035 ἀγγέλων
2392 957 2598 1038 χοροὺς
2630 954 2944 1029 ὑμνούντων
2973 955 3062 1010 τὸν
3096 952 3248 1010 Θεόν.

2189 1051 2254 1126 ᾫ
2311 1046 2529 1117 πολλὴν
2584 1044 3017 1125 προσεμαρτύρει
3093 1043 3290 1118 ἀρετὴν
3371 1047 3514 1098 πᾶσα
3576 1043 3676 1117 μὶν
3735 1042 3776 1112 ἡ

2116 1134 2446 1216 ἀδελφότης,
2495 1135 2775 1210 ἐξαιρέτως
2820 1133 2876 1190 δὲ
2906 1137 2940 1204 ἡ
2997 1133 3282 1209 ἄνθρωπος
3331 1136 3430 1187 τοῦ
3478 1135 3613 1188 Θεοῦ
3647 1137 3776 1187 Με-

2118 1224 2280 1296 λάνη,
2312 1227 2416 1300 πρὸ
2449 1223 2584 1299 ἐμοῦ
2612 1223 2928 1280 εἰσελθοῦσα
2966 1222 3043 1287 εἰς
3089 1225 3250 1279 10510
3299 1222 3360 1276 15
3392 1217 3519 1297 ὅρος
3548 1263 3564 1281 .
3625 1219 3773 1297 Ἐγὼ

2115 1317 2220 1392 γὰρ
2252 1315 2412 1371 αὐτὸν
2447 1317 2506 1370 05
2555 1314 2861 1389 κατείληνρα
2911 1317 3085 1384 ζῶντα
3113 1356 3124 1368 .
3175 1314 3355 1370 Ταῦτα
3403 1309 3460 1366 δὲ
3499 1306 3685 1388 ἔλεγεν
3716 1309 3776 1365 ἐν

2113 1412 2237 1468 τοῖς
2270 1403 2602 1482 διηγήμασιν
2637 1402 3087 1480 ἀνδραγαθήματα
3115 1406 3211 1458 105
3243 1399 3459 1476 ἀνδρὸς,
3510 1401 3594 1456 ὅτι
3650 1398 3780 1456 οὔτε

2119 1496 2377 1571 ἐψεύσατό
2427 1516 2578 1567 ποτε,
2611 1492 2733 1550 οὔτε
2783 1492 3015 1568 ὤμοσεν,
3065 1491 3188 1548 οὔτε
3235 1491 3579 1565 κατηράσατό
3633 1511 3776 1560 τινα,

2118 1582 2241 1641 οὔτε
2271 1583 2424 1647 ἐκτὸς
2457 1584 2646 1661 χρείας
2671 1582 2938 1654 ἐλάλησέν
2969 1581 3023 1638 τί
3053 1603 3185 1638 ποτε
3222 1627 3233 1639 .

2742 1715 2982 1767 ΚΕΦΑΛ
3007 1752 3018 1764 .
3063 1713 3101 1765 l'
3130 1754 3144 1768 .

2734 1819 2865 1892 Περὶ
2914 1811 3127 1892 Παμϐώ
3155 1862 3169 1877 .

2181 1943 2390 2001 Τούτου
2438 1948 2538 1998 τοῦ
2597 1945 2757 2014 ὅρους
2813 1942 3024 2020 ἐγένετο
3083 1940 3349 2018 πάροικος
3409 1943 3439 1996 ὁ
3495 1942 3781 2018 μακάριος

2114 2027 2347 2104 Παμϐὼ,
2389 2029 2715 2096 διδάσκαλος
2774 2032 3072 2108 Διοσκόρου
3128 2035 3225 2088 τοῦ
3285 2031 3611 2102 ἐπισκόπου,
3678 2032 3781 2088 καὶ

2112 2122 2464 2196 Ἀμμωνίου,
2509 2125 2596 2178 καί
2640 2117 2919 2193 Εύσεϐίου,
2963 2122 3054 2177 καὶ
3106 2121 3386 2196 Εύθυμίου
3441 2125 3551 2177 τῶν
3603 2119 3785 2178 ἀδελ-

2115 2218 2252 2291 φῶν,
2309 2213 2396 2270 καὶ
2449 2213 2756 2291 Ὦριγένους
2803 2217 2898 2268 105
2949 2209 3244 2291 ἀδελφιδοῦ
3288 2211 3618 2286 Δρακοντίου
3673 2212 3784 2268 ἀν-

2117 2302 2242 2378 δρὸς
2288 2301 2504 2374 ἐνδόξου
2535 2305 2625 2359 καὶ
2657 2305 3000 2376 θαυμαστοῦ.
3052 2303 3222 2365 Οὗτος
3253 2303 3278 2357 ὁ
3314 2298 3530 2375 Παμόὼ
3580 2300 3783 2358 πολλαὶ

2121 2394 2213 2466 μὲν
2272 2393 2363 2447 καί
2422 2391 2632 2467 μεγαλα
2688 2393 2831 2468 εἶχεν
2892 2389 3354 2468 ἀνδραγαθήματα
3423 2392 3513 2446 καί
3577 2411 3784 2468 προτε-

2119 2483 2337 2556 ρήματα
2353 2481 2581 2536 πλεῖστα
2603 2481 2692 2536 καὶ
2718 2479 2949 2561 διάφορα
2975 2499 2988 2512 ⁶
3023 2479 3074 2537 ἐν
3108 2483 3194 2543 οἷς
3217 2481 3302 2536 καί
3326 2485 3488 2537 τοῦτο
3517 2479 3684 2536 αὑτοῦ
3710 2481 3780 2552 ἦν

2117 2569 2500 2643 πλεονέκτημα
2530 2570 2581 2626 ἐν
2609 2577 2725 2634 τοῖς
2779 2572 3040 2646 μεγάλοις
3091 2569 3262 2626 αὐτοῦ
3310 2569 3734 2645 κατορθώμασιν
3765 2615 3780 2627 .

2119 2663 2374 2715 τοσοῦτον
2407 2661 2473 2729 ἧν
2514 2661 2822 2736 ὑπερόπτης
2873 2660 3104 2740 χρυσίου
3154 2661 3244 2716 καὶ
3297 2660 3584 2736 ἀργυρίου,
3645 2661 3780 2717 ὅσον

2119 2747 2316 2820 ἀπῄτει
2348 2748 2374 2802 ὁ
2408 2749 2736 2811 Δεσποτικὸς
2779 2749 2944 2824 λόγος
2973 2792 2986 2809 .
3033 2750 3119 2805 Ἐν
3171 2750 3257 2811 οἷς
3302 2746 3553 2826 διηγεῖτό
3600 2770 3701 2823 μοι
3739 2753 3776 2819 ἡ

2125 2838 2365 2912 μακαρία
2421 2837 2664 2910 Μελάνη,
2727 2840 2810 2894 6'1:
2862 2845 2943 2894 Ἐν
2995 2838 3196 2913 ἀρχαῖς
3241 2839 3640 2914 παραγινομένη
3692 2839 3778 2903 εἰς

2119 2927 2222 2995 τήι
2267 2925 2671 3002 Ἀλεξάνδρειαν
2727 2929 2831 2984 ἀπὸ
2886 2935 2986 2998 τῆς
3047 2929 3288 3003 Ῥώμης,
3347 2929 3437 2984 καὶ
3493 2929 3780 2988 ἀκούσασα

2121 3015 2247 3090 περί
2312 3022 2412 3086 τῆς
2467 3017 2665 3072 τούτου
2721 3019 2938 3093 ἀρετῆς,
3000 3023 3098 3074 105
3159 3018 3428 3094 μακαρίου
3484 3015 3780 3095 Ἰσιδώρου

2121 3108 2218 3159 105
2258 3101 2622 3180 πρεσϐυτέρου
2671 3107 2759 3162 καὶ
2809 3105 3102 3187 ξενοδόχου
3157 3107 3280 3183 περί
3330 3107 3496 3163 αὐτοῦ
3548 3128 3642 3182 μοι
3694 3105 3780 3163 διο

2123 3195 2498 3268 ηγησαμένου,
2549 3195 2638 3251 καὶ
2699 3193 3073 3272 ὁδηγήσαντος
3131 3198 3268 3272 πρὸς
3325 3197 3485 3253 αύτὸν
3542 3197 3621 3262 εἰς
3676 3200 3780 3269 τὴν

2125 3279 2349 3357 ἔρημον,
2401 3284 2482 3340 ὅτι
2538 3288 2884 3362 προσήνεγκα
2939 3285 3086 3359 αῦτῷ
3137 3288 3487 3363 ἀργενταρίαν
3546 3309 3786 3363 τριακο-

2127 3371 2254 3426 σίων
2314 3373 2514 3448 λιτρῶν
2574 3375 2836 3450 ἀργύρου,
2894 3377 3312 3451 παρακαλέσασα
3358 3378 3516 3432 αὐτὸν
3565 3377 3628 3434 ἐκ
3667 3382 3782 3433 τῶν

2125 3461 2454 3536 πραγμάτων
2497 3484 2601 3536 μου
2649 3471 2976 3539 μετασχεῖν.
3027 3467 3086 3523 Ὀ
3137 3462 3214 3536 δὲ,
3278 3466 3434 3544 φησί,
3479 3466 3788 3540 καθεζόμε-

2124 3568 2236 3617 νος,
2269 3549 2357 3603 καὶ
2388 3549 2604 3605 πλέκων
2655 3549 2914 3622 θαλλοὺς,
2957 3551 3265 3629 ηὖλόγησέν
3314 3575 3380 3629 με
3428 3558 3580 3632 ιρωνῇ
3629 3575 3773 3630 μονῃ

2128 3636 2291 3691 εἰπών
2317 3683 2329 3695 .
2362 3644 2415 3694 Ὁ
2457 3640 2584 3704 Θεὸς
2615 3636 2774 3696 δώσει
2824 3662 2908 3698 σοι
2937 3643 3028 3697 τὸν
3083 3643 3272 3716 μισθόν
3303 3687 3314 3700 .
3367 3644 3463 3698 Καὶ
3513 3641 3666 3721 λέγει
3697 3648 3786 3716 τῷ

2127 3725 2409 3802 οἰκονόμῳ
2465 3729 2628 3785 15105
2683 3731 2985 3807 Ὠριγένει·
3047 3733 3197 3803 Δέξαι
3255 3737 3347 3789 καί
3405 3731 3778 3807 οἰκονόμησον

2127 3817 2264 3871 0:515:
2292 3823 2420 3872 πᾶσι
2451 3825 2566 3882 τοῖς
2596 3820 2730 3875 κατά
2764 3816 2990 3892 Λιϐύην,
3035 3821 3124 3876 καί
3176 3828 3291 3885 τοῖς
3322 3821 3376 3878 ἐν
3420 3828 3540 3884 ταῖς
3584 3825 3783 3894 νήσοις

2128 3904 2425 3984 ἀδελφοῖς·
2475 3912 2640 3964 ταῦτα
2690 3911 2793 3988 γάρ
2840 3912 2907 3966 15:
2955 3914 3296 3984 μοναστήρια
3342 3914 3556 3969 πένεται
3598 3911 3783 3968 ’πλέον

2125 3996 2270 4070 11195:
2316 3999 2383 4051 τά
2439 3995 2618 4052 ἄλλα·
2680 3998 3048 4075 παραγγείλας
3103 4001 3254 4072 αὐτῷ
3314 3998 3505 4073 μηδενὶ
3554 4002 3664 4056 τῶν
3728 4001 3788 4058 ἐν

2124 4084 2389 4159 Αἰγύπτῳ
2417 4083 2600 4141 δοῦναι
2631 4087 2720 4142 ἀπ’
2751 4088 2954 4143 ἐκείνου
2984 4093 3081 4145 τοῦ
3113 4092 3422 4165 χρήματος,
3456 4087 3546 4144 διὰ
3585 4091 3651 4146 15
3681 4091 3785 4146 t5-

2123 4177 2436 4248 πορωτέραν
2467 4175 2594 4230 εἶναι
2634 4178 2733 4245 τὴν
2768 4178 2954 4252 χώραν
2983 4223 2996 4235 .
3029 4179 3171 4252 Ἐγὼ
3203 4177 3282 4247 δὲ,
3328 4181 3514 4256 φησὶν,
3561 4179 3782 4236 ἑστῶσα

2125 4259 2459 4339 ἐξεδεχόμην
2509 4265 2634 4340 παρ’
2683 4265 2847 4321 αὐτοῦ
2901 4264 3177 4340 εὔλογίαις
3219 4269 3540 4341 τιμηθῆναι,
3593 4270 3632 4339 ἤ
3675 4271 3779 4325 κᾶν

2128 4351 2280 4429 λόγῳ
2313 4350 2632 4424 δοξασθῆναι
2672 4353 2758 4409 ἐπὶ
2808 4359 2876 4430 τῇ
2925 4357 3162 4431 τοσαύτῃ
3215 4354 3398 4414 δόσει.
3452 4359 3551 4412 Καὶ
3597 4357 3780 4431 μηδὲν

2125 4441 2271 4506 ὅλως
2314 4443 2440 4516 παρ’
2468 4443 2631 4498 αὐτοῦ
2683 4444 2980 4510 ἀκούσασα,
3027 4445 3176 4502 εἶπον
3227 4447 3396 4519 αύτῷ,
3444 4445 3527 4502 ὅτι
3580 4447 3781 4523 Κύριε,

360 4529 446 4584 ἐπὶ
484 4531 580 4592 τὰς
613 4529 780 4605 εὗχάς
810 4528 1169 4606 προετρέπετο
1192 4573 1203 4586 .
1236 4533 1397 4595 Ἕθος
1426 4553 1529 4610 γαρ
1561 4539 1679 4600 τοῖς
1721 4536 2006 4615 μεγάλοις,
2041 4545 2087 4608 D
2112 4528 2202 4586 ’ίνα
2233 4529 2358 4606 ἴδῃς
2388 4530 2552 4586 πόσον
2581 4531 2743 4605 ἐστὶν,
2774 4537 3081 4609 τριακόσιαι
3115 4534 3296 4612 λίτραι
3329 4537 3565 4612 ἀργύρου
3591 4537 3730 4593 εἰσίν
3767 4582 3783 4597 .

361 4620 436 4692 μὴ
469 4617 752 4693 προΐεσθαί
792 4639 845 4674 τι
884 4625 983 4689 τῆς
1035 4619 1252 4694 σαρκὸς,
1300 4623 1426 4696 πρῖν
1475 4625 1573 4692 τήν
1625 4630 2000 4700 πνευματικὴν

353 4711 559 4788 τροφὴν
588 4713 656 4784 τῇ
689 4707 842 4784 ψυχῇ
872 4706 1200 4783 παραδοῦναι
1229 4730 1240 4742 ·
1275 4710 1411 4783 αῦτη
1447 4710 1502 4768 δέ
1545 4713 1685 4770 ἐστιν
1724 4721 1820 4771 105
1870 4723 2001 4792 Χρι-

354 4805 483 4855 στοῦ
521 4799 812 4854 κοινωνία.
856 4794 1267 4863 Μεταλαὸόντες
1316 4799 1406 4855 05v
1457 4804 1661 4874 ταύτης
1714 4805 1804 4858 καὶ
1833 4805 2001 4879 εὐχα-

355 4890 722 4964 ριστήσαντες,
780 4885 868 4942 ἐπὶ
924 4890 1022 4958 τήν
1081 4890 1348 4964 τράπεζαν
1408 4892 1770 4966 προετρέπετο
1850 4891 2000 4956 αὖθις

353 4981 523 5050 ἡμᾶς,
555 4978 717 5034 αὐτὸς
756 4977 835 5032 ἀεὶ
866 4981 974 5032 τῶν
1017 4976 1322 5034 σπουδαίων
1378 4980 1833 5052 ὑπομιμνήσκων,
1875 4985 2000 5038 καθ-

352 5070 556 5138 ήμενος
613 5067 704 5121 καί
762 5064 939 5140 λέγων
993 5069 1126 5138 ἡμῖν
1186 5068 1251 5122 15:
1308 5071 1442 5137 πρὸς
1524 5071 1796 5144 σωτηρίαν
1833 5116 1845 5129 .
1901 5076 2000 5130 Ἦν

351 5154 479 5231 γοῦν
517 5160 764 5218 τοιοῦτος
795 5156 822 5208 ὁ
864 5157 998 5227 ἀνὴρ
1033 5153 1276 5225 ἐπίδοξος
1317 5155 1368 5210 ἐν
1403 5156 1638 5222 πολλοῖς
1689 5162 1956 5236 Πατράσιν
1979 5181 1994 5196 ⁸

353 5247 427 5307 ὼς
460 5244 683 5300 πολλῶν
731 5248 989 5321 μοναχῶν
1025 5245 1158 5317 πρὸς
1193 5243 1350 5299 αύτὸν
1404 5245 1743 5325 ἐρχομένων,
1794 5253 1994 5315 πάντας

350 5335 475 5396 τοὺς
543 5335 806 5408 παρόντας
872 5330 1139 5410 ἀδελφοὺς
1223 5336 1707 5409 συγκαλούμενον,
1778 5339 1827 5394 ἐν
1901 5346 1998 5414 μιᾷ

352 5424 531 5496 ἡμέρᾳ
560 5428 624 5479 15:
654 5423 850 5479 κελλία
897 5423 1078 5486 αύτυῖς
1111 5431 1309 5496 ποιεῖν,
1358 5431 1454 5482 τοῦ
1507 5429 1601 5498 μὲν
1654 5429 1832 5501 πηλὸν
1885 5432 1996 5488 ἐπι⁸

353 5506 618 5579 διδόντος,
648 5517 743 5568 τοῦ
777 5510 833 5566 δὲ
862 5512 1110 5582 πλίνθον,
1151 5512 1324 5569 ἄλλου
1360 5511 1416 5569 δέ
1447 5513 1591 5590 ὕδωρ
1645 5518 1992 5592 ἀντλοῦντας,

353 5595 529 5653 ἄλλου
571 5597 626 5654 δὲ
690 5598 824 5669 ξύλα
871 5602 1192 5659 κόπτοντος.
1247 5602 1344 5657 Καὶ
1395 5602 1864 5672 ἀποτελεσθέντων
1900 5611 1992 5667 15-

351 5692 470 5750 τοῖς
514 5691 621 5743 τῶν
671 5686 931 5760 κελλίων,
991 5689 1150 5753 αὐτὸς
1207 5691 1302 5752 τὰς
1359 5693 1551 5768 χρείας
1604 5695 1828 5772 ἐπήρκει
1876 5706 1994 5762 τοῖς

354 5771 679 5856 ἐρχομένοις
712 5820 726 5838 .
776 5775 948 5843 Οὗτος
995 5775 1364 5860 ψευδάδελιρόν
1409 5804 1541 5842 ποτε
1590 5771 1817 5846 ἐλθόντα
1858 5790 1998 5867 πρὸς

2117 4623 2174 4675 '0
2207 4617 2263 4674 δὶ
2289 4619 2453 4675 πάλιν
2487 4621 2575 4675 καὶ
2607 4620 2694 4676 ἐπὶ
2725 4622 2905 4697 τούτῳ
2939 4622 3236 4697 μηδ’ὅλως
3269 4625 3577 4698 ἀνανεύσας,
3602 4628 3640 4698 ἢ
3665 4627 3783 4682 κᾶν

2108 4710 2396 4786 προσεχὼν
2425 4715 2502 4783 τῷ
2529 4712 2702 4767 σκεύει
2743 4719 2842 4782 τῆς
2898 4715 3088 4784 θήκης,
3137 4713 3466 4790 ἀπεκρίνατό
3519 4737 3656 4789 μοι.
3689 4720 3760 4796 ’ῼ

2106 4799 2371 4874 ἐνήνοχας
2413 4799 2562 4873 αύτὸ,
2593 4800 2796 4872 τέκνον,
2830 4803 2974 4876 παρὰ
3007 4808 3102 4858 σοῦ
3136 4805 3326 4876 μαθεῖν
3355 4807 3454 4874 τῆν
3481 4807 3780 4877 ποσότητα

2104 4892 2201 4944 τοῦ
2232 4891 2472 4963 σταθμοῦ
2513 4891 2700 4968 χρείαν
2729 4891 2831 4947 οὐκ
2861 4886 2977 4969 ἔχει
3003 4935 3015 4948 .
3049 4894 3110 4950 '0
3139 4895 3242 4970 γὰρ
3272 4893 3337 4949 τά
3369 4895 3471 4969 ὅρη
3523 4897 3780 4969 σταθμί-

2106 4997 2223 5046 σας,
2251 4980 2340 5034 καὶ
2378 4980 2472 5042 15:;
2500 4983 2669 5044 νάπας
2720 4984 2921 5054 στήσας
2964 4987 3128 5059 ζυγῷ,
3174 4982 3374 5057 πολλῷ
3424 4983 3592 5041 πλέον
3647 4983 3774 5042 ἐπί-

2106 5087 2292 5124 σταται
2322 5071 2420 5138 τὴν
2453 5071 2730 5142 ποσότητα
2759 5076 2854 5126 τοῦ
2902 5072 3147 5148 ἀργύρου
3172 5115 3185 5130 .
3229 5073 3291 5130 Εἰ
3326 5075 3420 5145 μὲν
3473 5074 3576 5149 γάρ
3631 5074 3770 5149 ἐμοὶ

2104 5156 2262 5211 αὐτὸν
2293 5154 2506 5226 ἐδίδως,
2538 5159 2722 5220 καλῶς
2755 5161 2813 5214 ἄν
2851 5181 2943 5233 μοι
2977 5160 3065 5214 καὶ
3094 5161 3184 5216 τὸν
3233 5163 3468 5235 σταθμὸν
3519 5156 3721 5241 ἔλεγες
3757 5181 3776 5198 ⁸

2104 5245 2150 5301 εἰ
2191 5245 2245 5302 δὲ
2274 5253 2353 5320 τῷ
2385 5255 2502 5322 Θεῷ
2531 5251 2664 5306 αύτά
2697 5253 3090 5327 προσήνεγκας,
3120 5257 3198 5325 τῷ
3213 5253 3304 5308 καὶ
3335 5255 3464 5316 τους
3502 5251 3597 5308 350
3629 5250 3770 5310 650-

2105 5335 2234 5399 105:
2271 5340 2345 5410 μή
2381 5337 2688 5414 παριδόντι,
2717 5339 2866 5396 ἀλλά
2889 5340 3053 5396 πλέον
3087 5343 3552 5405 πάντωντνύτους
3586 5349 3776 5416 τιμή-

2105 5447 2276 5497 σαντι,
2309 5429 2506 5498 σιώπα,
2528 5431 2799 5508 ἡσύχαζε·
2830 5430 3012 5494 Οὕτως
3038 5429 3130 5487 05v
3163 5431 3538 5506 ᾠκονομησεν,
3570 5455 3770 5507 φησιν,

2172 5520 2333 5592 χάρις
2363 5519 2458 5572 105
2510 5519 2707 5593 Κυρίου
2736 5519 2786 5574 ἐν
2819 5524 2899 5594 τῷ
2937 5519 3197 5576 εἴσελθεῖν
3248 5543 3315 5595 με
3357 5521 3435 5586 εἰς
3467 5525 3528 5578 τὸ
3578 5520 3711 5595 ὄρος
3756 5569 3773 5585 ,

2103 5609 2230 5662 Μετ’
2269 5608 2459 5684 ὀλίγου
2508 5611 2710 5685 χρόνον
2755 5612 3080 5685 κεκοίμηται
3113 5613 3140 5666 6
3171 5610 3457 5688 ἄνθρωπος
3508 5618 3646 5670 Θεοῦ
3680 5616 3762 5690 μὴ

2101 5701 2358 5771 νοσήσας,
2411 5702 2488 5774 μή
2539 5699 2784 5779 ἀλγήσας
2823 5724 2877 5760 τι
2926 5705 3035 5759 τῶν
3075 5707 3177 5759 τοῦ
3225 5704 3484 5778 σώματος
3545 5705 3772 5781 μελῶν,

2102 5786 2248 5844 ἀλλά
2275 5790 2375 5860 τὴν
2408 5787 2642 5866 σπυρίδα
2693 5791 3050 5869 καταράπτων
3099 5791 3483 5870 μιτιστιίλατό
3536 5815 3627 5871 με,
3671 5796 3765 5851 καὶ
