4100 6204
264 317 420 378 1029

1604 318 1974 381 HISTORIA
2019 316 2432 380 LAUSIACA.

3602 298 3775 394 1030

261 453 381 506 erat
408 448 564 506 enim
591 449 751 506 vultu
783 450 971 508 nitido
1002 455 1059 509 et
1088 451 1288 523 alacri,
1321 453 1464 511 adeo
1496 456 1560 510 ut
1587 469 1720 511 cum
1742 451 1829 510 vel
1862 468 1963 509 so-
1990 454 2050 521 Α
2082 466 2214 507 eum
2247 449 2559 521 aliquando
2594 455 2845 520 venerat,
2878 456 2935 511 et
2979 462 3163 513 vestes
3195 471 3331 514 suas
3367 458 3773 530 occultaverat,

257 539 381 595 lum
440 541 751 604 videretur,
794 541 882 597 vir
922 550 1075 598 esset
1117 547 1483 602 reverendus.
1528 543 1579 599 Is
1615 561 1743 600 cum
1797 542 1966 615 longe

263 643 395 686 ante
426 647 488 686 se
520 633 576 687 in
609 631 881 689 ulteriore
911 635 1261 691 exercuisset
1302 634 1636 703 solitudine,
1670 646 1867 707 postea
1905 633 1964 689 in

265 721 524 792 propiori
557 721 877 779 solitudine
931 728 1299 796 congregavit
1342 724 1712 789 monasteria,
1754 724 1965 793 palude

264 811 519 882 propriis
547 811 803 884 plantata
838 815 1133 885 manibus,
1165 830 1298 871 cum
1334 814 1490 887 ligna
1524 832 1639 871 non
1678 819 1875 869 essent
1903 811 1963 868 in

260 917 325 956 eo
360 902 508 971 loco,
543 904 684 959 adeo
719 908 781 959 ut
810 911 963 961 esset
990 907 1171 962 densa
1201 905 1347 963 silva
1368 906 1424 961 in
1448 904 1779 961 solitudine.
1808 904 1966 959 Dixe-

262 1000 397 1046 runt
431 993 584 1048 enim
618 993 787 1048 nobis
810 995 905 1066 qui
938 1011 1069 1050 eum
1104 1012 1168 1052 eo
1209 1000 1377 1051 erant
1426 1000 1638 1063 Patres,
1690 996 1839 1065 quod
1892 1008 1963 1049 ne

258 1095 498 1151 germen
533 1082 771 1154 quidem
812 1083 931 1141 illic
976 1094 1116 1156 erat,
1158 1084 1388 1158 quando
1429 1084 1514 1140 vir
1554 1083 1655 1139 ille
1702 1082 1858 1138 venit
1892 1097 1962 1137 ex

255 1170 589 1228 solitudine.
625 1173 818 1244 Ipsam
852 1178 1044 1231 autem
1076 1176 1375 1246 plantavit,
1410 1190 1479 1230 ne
1502 1178 1733 1246 propter
1763 1189 1851 1228 res
1872 1187 1962 1227 ne-

255 1262 563 1333 cessarias,
594 1264 689 1335 qui
722 1264 790 1319 ad
825 1265 1016 1337 ipsum
1060 1267 1476 1323 conveniebant
1518 1268 1744 1335 fratres,
1785 1280 1960 1336 coge-

255 1359 457 1409 rentur
485 1353 761 1423 circuire;
804 1356 901 1411 sed
935 1372 1132 1412 eorum
1166 1374 1401 1413 omnem
1450 1356 1681 1429 gerebat
1732 1369 1954 1420 curam,

250 1442 434 1499 Deum
468 1460 658 1511 orans,
693 1453 745 1499 et
778 1462 879 1517 pro
911 1462 1109 1502 eorum
1143 1447 1327 1503 salute
1359 1448 1682 1513 decertans,
1715 1449 1779 1500 ut
1810 1444 1954 1500 nihil

248 1533 334 1588 eis
366 1534 590 1589 deesset
623 1536 1039 1603 necessarium,
1075 1554 1179 1593 nec
1210 1543 1361 1593 esset
1383 1538 1467 1593 eis
1499 1536 1656 1592 ullus
1680 1532 1953 1591 socordia:

253 1628 589 1693 praetextus.
624 1625 678 1679 is
712 1625 963 1691 primum
998 1627 1233 1697 quidem
1266 1627 1480 1699 degens
1513 1626 1571 1681 in
1618 1624 1950 1693 solitudine,

239 1714 580 1769 vescebatur
615 1714 813 1772 herbis
866 1721 923 1772 et
946 1717 1216 1773 dulcibus
1238 1717 1559 1773 radicibus:
1587 1733 1792 1788 aquam
1818 1731 1952 1786 quo-

242 1818 357 1873 que
384 1801 613 1859 bibebat
637 1804 871 1875 quando
894 1804 1245 1875 inveniebat,
1266 1806 1324 1860 in
1350 1806 1616 1876 precibus
1639 1810 1694 1861 et
1717 1804 1949 1875 hymnis
1983 1828 2027 1893 Β

242 1896 365 1946 toto
399 1897 654 1964 tempore
684 1910 1076 1965 perseverans.
1112 1898 1430 1965 Postquam
1461 1900 1655 1949 autem
1688 1893 1951 1966 pervenit

242 1981 313 2036 ad
352 1983 661 2053 perfectam
694 1992 917 2039 aetatem
950 1987 1285 2053 senectutis,
1317 1983 1557 2056 angelus
1599 1983 1651 2039 ei
1682 1982 1951 2054 apparuit

246 2071 303 2125 in
339 2073 587 2140 somnis,
619 2071 818 2129 dicens
846 2073 906 2129 in
938 2073 1287 2129 solitudine:
1323 2073 1449 2130 Eris
1480 2076 1538 2130 in
1570 2082 1797 2147 gentem
1833 2088 1945 2128 ma-

245 2175 444 2233 gnam,
486 2169 537 2216 et
566 2177 809 2234 magnus
842 2168 951 2218 tum
977 2163 1105 2218 fidei
1130 2164 1399 2219 credetur
1422 2164 1690 2235 pepulus.
1715 2162 1819 2227 Qui
1848 2177 1949 2233 per

247 2256 300 2306 te
333 2257 529 2307 autem
562 2252 704 2308 salvi
738 2252 899 2322 fient,
935 2263 1104 2309 erunt
1134 2255 1325 2309 decies
1360 2253 1514 2308 mille
1550 2270 1562 2309 :
1597 2270 1741 2325 quos
1771 2253 1819 2307 si
1854 2252 1947 2309 hic

247 2337 617 2407 lucrifeeeris,
651 2342 888 2397 totidem
924 2342 1030 2397 tibi
1065 2343 1351 2414 parebunt
1379 2344 1435 2398 in
1482 2343 1672 2397 futuro
1712 2340 1945 2397 saeculo.

244 2428 443 2501 Neque
474 2431 794 2502 quidquam
829 2432 1209 2499 dubitaveris,
1252 2430 1331 2487 ait
1369 2432 1417 2487 ei
1452 2431 1706 2503 Angelus
1751 2447 1763 2486 :
1802 2430 1945 2485 nihil

242 2518 396 2574 enim
433 2520 534 2576 tibi
568 2521 795 2577 deﬁciet
825 2539 1021 2578 eorum
1056 2539 1183 2594 quas
1215 2527 1355 2578 sunt
1385 2522 1458 2578 ad
1491 2538 1656 2577 usum
1691 2536 1951 2576 necessa-

242 2610 346 2678 ria,
377 2626 560 2680 usque
593 2610 663 2665 ad
698 2616 943 2666 mortem
977 2618 1160 2674 tuam,
1190 2612 1417 2681 quoties
1450 2612 1624 2665 Deum
1651 2609 1948 2664 invocave-

242 2700 342 2754 ris.
379 2699 507 2755 Htec
538 2716 671 2755 cum
702 2700 981 2767 audisset,
1006 2702 1162 2756 venit
1184 2701 1252 2755 ad
1281 2702 1660 2772 prepinquam
1684 2698 1947 2756 solitudi-

245 2809 401 2857 nem,
461 2809 721 2849 seorsum
774 2795 1024 2864 primum
1073 2794 1312 2866 degens,
1360 2794 1469 2847 sibi
1504 2794 1741 2861 quodam
1774 2786 1943 2862 parvo

243 2890 579 2938 constructo
639 2884 949 2955 tuguriolo,
1004 2883 1191 2939 solum
1245 2882 1582 2953 compositis
1641 2885 1945 2936 contentus

241 2971 526 3039 oleribus;
561 2988 710 3044 saepe
740 2973 914 3028 etiam
947 2974 1125 3027 semel
1158 2971 1347 3027 solum
1381 2988 1615 3026 vescens
1645 2970 1703 3024 in
1737 2968 1947 3023 hebdo-

246 3062 437 3117 mada.
468 3063 659 3135 Atque
688 3066 811 3117 erat
842 3060 1071 3132 quidem
1108 3063 1360 3132 primum
1393 3059 1761 3125 illitteratus;
1796 3061 1947 3129 post-

244 3167 423 3222 quam
455 3158 649 3207 autem
682 3151 837 3207 venit
857 3167 925 3206 ex
952 3150 1266 3205 solitudine
1290 3152 1346 3205 in
1372 3159 1579 3205 terram
1608 3148 1943 3213 habitatum,

242 3242 291 3296 ei
326 3241 510 3313 gratia
549 3241 657 3298 fuit
686 3241 823 3296 data
863 3240 1166 3308 divinitus,
1196 3245 1253 3295 et
1283 3240 1613 3311 Scripturas
1644 3255 1946 3310 exprome-

247 3331 345 3387 bat
377 3331 734 3388 memoriter.
778 3330 841 3385 Ei
891 3333 1047 3386 enim
1094 3330 1239 3385 libro
1282 3332 1415 3385 dato
1449 3347 1481 3385 a
1521 3330 1818 3397 fratribus,
1869 3329 1949 3384 ita

249 3420 524 3491 deinceps
556 3422 783 3492 legebat
814 3430 1088 3491 tanquam
1128 3422 1350 3492 peritus
1382 3420 1728 3474 litterarum.
1761 3418 1946 3473 Aliam

250 3528 485 3583 quoque
564 3520 861 3583 acceperat
943 3513 1237 3584 gratiam,
1326 3528 1534 3583 nempe
1616 3512 1947 3566 daemonum

244 3599 744 3672 expellendorum,
777 3602 917 3655 adeo
950 3605 1011 3655 ut
1044 3599 1210 3655 multi
1241 3615 1307 3654 ex
1340 3598 1412 3655 iis
1445 3599 1541 3672 qui
1586 3598 1949 3665 laborabant,

242 3694 416 3747 etiam
452 3708 518 3748 eo
552 3691 807 3762 nolente,
842 3691 1162 3747 clamantes
1193 3693 1320 3763 ejus
1351 3695 1526 3747 vitam
1560 3694 1949 3748 ostenderent.

247 3780 409 3838 Alias
442 3798 674 3853 quoque
703 3781 1032 3838 curationes
1064 3798 1177 3837 non
1210 3782 1474 3837 cessabat
1506 3798 1795 3853 peragere.
1826 3780 1949 3844 Quo

247 3874 464 3928 iactum
500 3877 589 3927 est
624 3877 684 3926 ut
717 3870 790 3926 ad
821 3888 954 3927 eum
989 3872 1361 3927 convenirent
1390 3873 1502 3925 tria
1535 3870 1713 3925 millia
1746 3887 1952 3925 mona-

249 3963 515 4018 chorum.
549 3963 685 4017 Cum
718 3978 816 4017 eos
849 3969 1041 4017 autem
1071 3962 1150 4015 vir
1178 3959 1274 4015 ille
1300 3960 1557 4030 vidisset,
1582 3960 1778 4014 laetitia
1820 3960 1954 4014 affe-

246 4060 385 4109 ctus
417 4068 515 4107 eos
547 4050 839 4117 salutavit,
883 4056 939 4105 et
969 4049 1303 4122 complexus
1335 4055 1441 4105 est.
1472 4052 1614 4105 Cum
1651 4049 1823 4120 pedes
1863 4064 1953 4103 eo-

243 4157 374 4196 rum
446 4141 698 4212 propriis
755 4139 1005 4195 levasset
1055 4139 1347 4204 manibus,
1398 4155 1709 4193 conversus
1749 4143 1834 4192 est
1884 4136 1953 4193 ad

247 4232 612 4295 doctrinam;
672 4234 793 4285 erat
840 4231 993 4286 enim
1041 4228 1203 4284 valde
1246 4231 1461 4300 peritus
1503 4227 1844 4294 litterarum,
1892 4235 1951 4283 ut

246 4322 346 4395 qui
381 4320 531 4376 hanc
566 4320 807 4387 gratiam
857 4321 1173 4389 accepisset
1222 4318 1522 4373 divinitus.
1569 4317 1711 4373 Cum
1760 4324 1949 4372 autem

246 4408 675 4481 Scripturarum
720 4408 901 4463 multa
932 4409 1198 4463 solvisset
1228 4406 1437 4477 capita,
1471 4412 1526 4463 et
1568 4408 1734 4461 tidem
1770 4406 1952 4461 tradi-

246 4498 433 4553 disset
476 4496 882 4566 orthodoxam,
915 4498 1259 4553 adhortatus
1306 4502 1394 4552 est
1431 4497 1500 4551 ad
1548 4512 1764 4568 preces.
1800 4495 1953 4551 Viris

243 4586 402 4643 enim
429 4590 652 4658 magnis
685 4604 807 4643 mos
838 4594 945 4655 est,
979 4586 1123 4641 nihil
1155 4586 1349 4641 carnis
1377 4585 1703 4655 admittere,
1747 4585 1948 4657 prius-
1977 4576 2022 4641 Ι)

243 4694 421 4749 quam
456 4676 713 4749 spiritale
756 4678 1096 4732 alimentum
1140 4678 1351 4732 animae
1398 4676 1787 4743 tradiderint;
1831 4677 1949 4732 hree

242 4772 438 4823 autem
474 4774 560 4822 est
587 4765 797 4822 Christi
830 4766 1189 4822 communio.
1222 4766 1366 4821 Cum
1390 4766 1517 4835 ejus
1540 4781 1674 4836 ergo
1698 4765 1948 4820 fuissent

241 4857 577 4927 participes,
609 4864 663 4911 et
704 4857 957 4927 egissent
988 4857 1230 4927 gratias,
1270 4856 1531 4910 hortatus
1560 4858 1649 4910 est
1678 4856 1748 4909 ad
1786 4870 1951 4909 men-

241 4962 395 5012 sam,
429 4947 553 5015 ipse
583 4962 812 5017 semper
842 4944 993 5000 inter
1024 4942 1349 5000 sedendum
1381 4960 1479 4999 eos
1507 4944 1827 4999 admonens
1859 4958 1947 4999 eo-

240 5053 374 5092 rum
410 5052 535 5107 qua
568 5046 699 5091 sunt
734 5037 887 5089 bona
913 5044 965 5090 et
998 5034 1260 5103 honesta,
1294 5041 1350 5090 et
1380 5034 1579 5090 dicens
1610 5034 1694 5090 eis
1728 5050 1795 5089 ea
1824 5049 1946 5103 qua

239 5128 538 5201 pertinent
567 5126 637 5181 ad
685 5125 959 5181 salutem.
996 5126 1123 5181 Fuit
1152 5142 1288 5198 ergo
1336 5125 1430 5181 hic
1456 5127 1544 5180 vir
1574 5127 1767 5180 clarus
1801 5127 1951 5180 inter

240 5219 461 5273 multos
506 5217 722 5285 Patres,
767 5217 907 5272 adeo
943 5221 1004 5271 ut
1034 5232 1165 5271 cum
1203 5216 1370 5271 multi
1402 5217 1470 5269 ad
1507 5231 1638 5269 eum
1686 5215 1949 5269 venirent

237 5306 535 5366 monachi.
569 5322 771 5360 omnes
808 5310 1115 5376 praesentes
1146 5306 1349 5359 fratres
1381 5319 1727 5368 convocans,
1755 5303 1810 5355 in
1837 5318 1948 5356 uno

238 5396 335 5452 die
367 5398 451 5451 eis
500 5395 676 5451 cellas
724 5395 972 5449 faceret:
1022 5410 1138 5449 uno
1176 5394 1415 5464 quidem
1462 5392 1950 5447 subministrante

240 5486 460 5554 lutum,
508 5485 685 5541 altero
735 5502 866 5541 vero
917 5485 1175 5549 laterem,
1229 5483 1341 5538 alio
1391 5489 1582 5537 autem
1642 5479 1949 5537 hauriente

241 5590 482 5647 aquam.
517 5573 786 5629 Perfectis
817 5579 1007 5629 autem
1042 5572 1223 5639 cellis,
1257 5571 1381 5641 ipse
1413 5570 1702 5641 praebebat
1724 5569 1949 5625 venien-

238 5664 402 5723 tibus
427 5678 557 5737 quaa
585 5667 751 5720 erant
782 5662 1125 5719 necessaria.
1163 5661 1213 5719 ls
1245 5659 1456 5717 falsum
1479 5661 1732 5728 fratrem,
1756 5656 1854 5731 qui
1876 5660 1945 5717 ad

2074 557 2203 598 cum
2228 557 2421 597 coram
2455 542 2732 599 omnibus
2759 543 3072 616 arguisset,
3105 544 3163 603 in
3190 545 3449 606 medium
3482 550 3771 622 produxit.

2072 634 2194 699 Quo
2229 632 2441 689 factum
2475 642 2561 690 est
2593 638 2655 690 ut
2688 651 2858 692 nemo
2891 639 3128 695 auderet
3156 638 3430 713 deinceps
3462 641 3616 714 apud
3642 658 3775 702 eum

2072 722 2321 791 mentiri,
2354 738 2488 778 cum
2528 728 2749 779 tantam
2780 724 3017 783 haberet
3047 726 3303 799 gratiam,
3337 744 3516 802 quam
3548 745 3649 803 per
3676 729 3779 789 bo~

2068 815 2298 866 nestam
2337 826 2504 867 suam
2554 813 2730 869 vitam
2780 813 2893 869 sibi
2942 814 3269 890 collegerat.
3304 817 3542 876 Licebat
3580 828 3775 879 autem

2067 897 2264 954 videre
2293 899 2731 956 multitudinem
2765 917 2961 959 eorum
2997 904 3097 976 qui
3124 920 3250 962 cum
3285 905 3413 980 ipso
3443 916 3606 966 erant
3638 925 3770 967 mo-

2068 987 2388 1044 nachorum
2424 990 2485 1044 in
2542 989 2804 1059 ecclesia,
2857 996 3130 1064 tanquam
3180 997 3519 1069 angelorum
3569 998 3773 1058 choros

2065 1074 2247 1133 Deum
2272 1076 2663 1136 laudantium.

2139 1167 2412 1241 Magnam
2446 1169 2580 1226 huic
2610 1174 2838 1232 sancto,
2873 1187 2976 1227 suo
3013 1173 3337 1231 testimonio
3368 1176 3574 1234 tribuit
3602 1178 3773 1236 virtu-

2063 1260 2180 1312 tem
2218 1259 2484 1313 universa
2533 1259 2918 1317 fraternitas:
2972 1262 3259 1334 praecipue
3315 1270 3509 1321 autem
3560 1265 3773 1323 ancilla

2063 1347 2159 1401 Dei
2195 1346 2463 1417 Melania,
2500 1365 2625 1421 quae
2676 1349 2831 1405 hunc
2878 1356 3135 1407 montem
3186 1357 3321 1409 ante
3382 1370 3475 1410 me
3531 1360 3620 1411 est
3677 1355 3772 1411 in-

2060 1450 2280 1507 gressa.
2316 1442 2429 1510 Ego
2463 1440 2619 1495 enim
2653 1456 2785 1496 eum
2818 1456 2934 1495 non
2970 1441 3187 1497 oil‘eudi
3218 1445 3432 1499 vivum.
3486 1443 3616 1501 Haec
3664 1460 3773 1502 au-

2058 1532 2172 1583 tem
2209 1532 2478 1601 praeclara
2517 1531 2587 1586 de
2638 1531 2745 1587 hoc
2792 1532 2913 1587 viro
2963 1533 3260 1602 narrabat,
3307 1535 3461 1607 quod
3512 1552 3616 1594 nec
3658 1555 3771 1594 un-

2059 1640 2230 1696 quam
2266 1622 2342 1678 sit
2374 1625 2674 1690 mentitus,
2709 1639 2893 1692 neque
2919 1625 3226 1694 juraverit,
3261 1641 3450 1697 neque
3482 1624 3585 1683 ulli
3618 1627 3770 1685 male

2057 1716 2133 1771 sit
2166 1719 2457 1786 precatus,
2491 1729 2678 1785 neque
2709 1712 2942 1769 locutus
2974 1713 3051 1770 sit
3090 1713 3198 1771 nisi
3231 1732 3379 1789 opus
3406 1721 3574 1775 esset.

2741 1838 2975 1895 CAPUT
3013 1840 3081 1896 X.

2539 1945 2657 2002 Vita
2686 1945 2906 2001 abbatis
2938 1945 3139 2003 Pambo
3169 1948 3302 2019 (25).

2133 2071 2315 2142 Hujus
2347 2071 2563 2127 montis
2595 2072 2789 2128 accola
2825 2072 2932 2128 fuit
2963 2074 3140 2129 etiam
3176 2073 3357 2130 abbas
3388 2074 3628 2145 Pambo,
3671 2074 3764 2147 qui

2058 2163 2169 2218 fuit
2200 2163 2482 2234 magister
2521 2161 2786 2219 Dioscuri
2829 2164 3085 2235 episcopi
3126 2164 3416 2221 Ammonii
3448 2171 3505 2222 et
3535 2166 3762 2223 Eusebii

2056 2260 2111 2309 et
2154 2252 2445 2325 Euthymii
2496 2252 2763 2321 fratrum,
2816 2258 2872 2309 et
2921 2255 3194 2325 Origenis
3253 2254 3356 2311 ﬁlii
3406 2257 3521 2327 (26)
3572 2259 3765 2314 fratris

2054 2342 2345 2398 Dracontii
2402 2342 2505 2397 viri
2555 2343 2801 2399 illustris
2849 2347 2905 2399 et
2950 2344 3331 2401 abmirabilis.
3384 2346 3489 2405 llic
3545 2348 3763 2405 Pambo

2058 2434 2244 2488 multa
2275 2433 2509 2504 quidem
2544 2432 2796 2488 habebat
2824 2439 2879 2489 et
2910 2436 3067 2491 varia
3101 2435 3438 2507 privilegia:
3475 2438 3624 2494 inter
3651 2454 3762 2495 ca:-

2057 2530 2175 2577 tera
2206 2532 2398 2577 autem
2451 2540 2574 2593 qua:
2606 2528 2758 2579 recte
2789 2529 2843 2579 et
2887 2540 2954 2579 ex
3005 2524 3219 2582 virtute
3251 2528 3323 2582 ab
3362 2542 3427 2581 eo
3477 2527 3761 2598 gereban-

2054 2616 2172 2677 tur,
2208 2612 2314 2667 hoc
2348 2610 2602 2667 habebat
2637 2629 2751 2683 quo
2796 2618 2920 2667 erat
2976 2614 3218 2684 reliquis
3271 2616 3554 2686 superior,
3605 2619 3760 2691 quod

2055 2701 2273 2757 scilicet
2324 2718 2535 2757 aurum
2594 2706 2651 2758 et
2692 2707 2995 2775 argentum
3041 2703 3419 2775 despiciebat,
3475 2716 3762 2777 quantum

2054 2790 2317 2861 postulat
2350 2790 2497 2846 ratio
2540 2790 2855 2848 dominica.
2906 2790 3069 2848 Unde
3116 2793 3255 2848 mihi
3302 2798 3557 2851 narravit
3597 2794 3764 2852 beata

2057 2880 2305 2936 Melania
2334 2881 2488 2951 quod
2524 2897 2654 2936 cum
2688 2881 2759 2936 ab
2791 2881 2956 2937 initio
3000 2881 3185 2938 Roma
3227 2883 3473 2940 venisset
3516 2885 3761 2941 Alexan-

2055 2971 2267 3036 driam,
2300 2971 2451 3025 etde
2486 2971 2613 3039 ejus
2659 2970 2869 3025 virtute
2919 2972 3201 3027 audiisset
3239 2988 3273 3028 a
3319 2973 3488 3029 beato
3540 2972 3761 3030 lsidoro

2057 3059 2384 3132 presbytero
2415 3065 2471 3113 et
2500 3058 2851 3127 xenodocho,
2894 3060 2993 3130 qui
3025 3061 3093 3117 de
3118 3076 3184 3116 eo
3219 3060 3360 3117 mihi
3394 3063 3670 3131 narravit,
3704 3070 3761 3121 et

2057 3152 2129 3206 ad
2161 3151 2352 3223 ipsum
2397 3149 2638 3205 deduxit
2668 3150 2727 3205 in
2778 3149 3175 3207 solitudinem.
3216 3153 3299 3207 Ad
3349 3169 3506 3222 eum,
3550 3154 3757 3223 aiebat,

2058 3239 2226 3296 attuli
2276 3256 2413 3295 vasa
2458 3245 2729 3309 argentea
2775 3244 3163 3296 trecentarum
3198 3239 3477 3297 librarum
3506 3244 3757 3315 argenti,

2059 3348 2269 3403 rogans
2308 3348 2437 3387 eum
2482 3338 2542 3386 ut
2584 3346 2776 3385 rerum
2821 3346 3083 3387 mearum
3120 3336 3269 3387 esset
3306 3333 3619 3405 particeps.
3658 3334 3761 3392 Ille

2059 3427 2273 3489 autem,
2306 3420 2517 3493 inquit,
2550 3437 2822 3493 operans,
2855 3425 2911 3476 et
2942 3437 3135 3477 ramos
3166 3426 3366 3477 texens
3398 3422 3541 3478 mihi
3574 3422 3759 3481 bene-

2059 3512 2227 3577 dixit,
2267 3526 2404 3566 voce
2436 3526 2647 3582 magna
2678 3508 2917 3565 dicens:
2953 3510 3106 3567 Deus
3138 3513 3236 3567 det
3264 3511 3368 3567 tibi
3410 3513 3758 3571 mercedem.

2059 3600 2127 3656 Et
2159 3599 2304 3656 dixit
2336 3618 2443 3657 suo
2464 3616 2764 3656 mconomo
2795 3598 3027 3672 Origeni
3063 3598 3193 3673 [Αι.,
3239 3600 3559 3677 Theodoro]
3596 3619 3611 3659 :
3651 3606 3763 3662 Ac-

2060 3692 2210 3763 cipe,
2241 3698 2297 3747 et
2326 3706 2390 3747 ea
2426 3691 2701 3759 dispensa
2732 3692 3015 3747 universes
3050 3693 3393 3749 fraternitati
3424 3710 3551 3765 qum
3582 3700 3670 3752 est
3700 3695 3759 3752 in

2062 3781 2240 3853 Libya
2270 3784 2327 3835 et
2359 3780 2415 3835 in
2448 3778 2680 3835 insulis.
2714 3778 2843 3835 Hec
2866 3780 3022 3835 enim
3057 3782 3411 3839 monasteria
3450 3786 3639 3856 magis
3668 3784 3760 3842 in-

2060 3871 2263 3943 digent
2305 3884 2319 3923 :
2372 3868 2420 3924 ei
2471 3869 2816 3939 praecipiens
2863 3873 2927 3923 ut
2972 3885 3037 3924 ex
3068 3885 3135 3925 eo
3171 3870 3313 3924 nihil
3364 3871 3525 3927 daret
3553 3872 3626 3927 iis
3658 3875 3762 3945 qui

2060 3964 2227 4015 erant
2256 3959 2314 4012 in
2355 3956 2616 4029 Egypto,
2664 3961 2963 4027 prepterea
2994 3958 3149 4027 quod
3181 3957 3259 4013 sit
3298 3958 3455 4030 regio
3500 3960 3676 4016 ditior
3704 3967 3762 4017 et

2062 4046 2474 4105 abundantior.
2516 4050 2633 4118 Ego
2660 4052 2875 4112 autem,
2916 4045 3129 4117 inquit,
3162 4052 3324 4103 stans
3351 4049 3759 4121 exspectabam

2060 4144 2127 4195 ut
2161 4138 2247 4195 vel
2301 4134 2811 4193 benedictionibus
2854 4136 2926 4193 ab
2974 4152 3040 4192 eo
3092 4136 3419 4206 honorarer,
3470 4135 3557 4194 vel
3586 4138 3760 4195 verbo

2061 4232 2268 4285 saltem
2342 4227 2614 4282 laudarer
2641 4227 2715 4281 ob
2745 4234 2973 4282 tantum
3006 4228 3244 4282 donum.
3278 4228 3420 4283 Cum
3454 4244 3584 4285 vero
3616 4228 3761 4287 nihil

2060 4319 2297 4375 omnino
2338 4318 2407 4373 ab
2439 4333 2504 4374 eo
2546 4317 2887 4386 audiissem,
2932 4319 2983 4372 ei
3014 4317 3129 4373 dixi
3164 4333 3177 4372 :
3211 4315 3474 4387 Domine,
3508 4323 3571 4375 ut
3608 4319 3760 4377 scias

2062 4419 2349 4483 quantum
2385 4408 2484 4477 sit,
2516 4417 2653 4464 sunt
2683 4414 2958 4464 trecentm
2991 4406 3147 4463 libras
3190 4409 3435 4481 argenti.
3471 4413 3527 4467 ls
3567 4419 3760 4469 autem

2061 4516 2267 4555 rursus
2297 4515 2427 4553 cum
2455 4499 2526 4554 ad
2560 4498 2667 4553 hoc
2700 4514 2771 4554 ne
2800 4498 3039 4554 omnino
3070 4497 3309 4568 quidem
3342 4501 3664 4569 annuisset,
3706 4505 3763 4558 et

2058 4606 2160 4645 nec
2192 4589 2261 4644 ad
2297 4587 2452 4643 vasis
2483 4587 2721 4658 quidem
2753 4587 2981 4643 thecam
3019 4587 3389 4653 attendisset,
3421 4588 3721 4661 respondit
3748 4606 3759 4643 :

2058 4682 2112 4735 Is
2143 4680 2235 4734 cui
2263 4678 2385 4734 haec
2432 4675 2695 4743 attulisti,
2729 4692 2761 4732 ο
2795 4676 2938 4744 filia,
2991 4692 3107 4733 non
3155 4692 3301 4749 opus
3348 4676 3522 4732 habet
3562 4682 3625 4732 ut
3653 4696 3684 4731 a
3711 4685 3763 4733 te

2058 4769 2245 4824 discat
2276 4768 2659 4839 quantitatem
2706 4765 2999 4837 ponderis.
3050 4764 3158 4829 Qui
3189 4765 3347 4820 enim
3391 4770 3618 4822 montes
3654 4782 3765 4838 ap-

2058 4857 2254 4927 pendit
2292 4860 2349 4911 et
2398 4854 2585 4910 saltus
2634 4859 2849 4910 statera
2896 4852 3025 4922 (15a.
3057 4868 3147 4921 xL,
3184 4852 3296 4922 l2),
3351 4854 3536 4909 multo
3578 4853 3765 4926 magis

2058 4948 2167 5001 scit
2197 4945 2580 5016 quantitatem
2618 4941 2699 4997 tui
2753 4940 2997 5013 argenti.
3039 4939 3099 4996 Si
3141 4940 3298 4997 enim
3331 4940 3453 4997 haec
3485 4941 3631 4999 mihi
3660 4945 3759 5001 da-

2059 5051 2173 5103 res,
2208 5040 2359 5089 recte
2394 5032 2535 5087 mihi
2567 5033 2793 5104 pondus
2823 5032 3109 5100 dixisses;
3140 5031 3241 5087 sed
3274 5030 3319 5086 si
3351 5028 3468 5088 Deo
3498 5048 3567 5090 ea
3597 5033 3763 5090 obtu-

2059 5122 2203 5190 listi,
2246 5122 2341 5189 qui
2377 5137 2448 5177 ne
2479 5119 2623 5177 duos
2664 5120 2903 5192 quidem
2954 5118 3156 5176 obolos
3202 5118 3314 5193 (27)
3346 5120 3626 5191 despexit,
3660 5122 3761 5177 sed

2058 5226 2157 5266 eos
2218 5209 2347 5281 plus
2403 5226 2577 5282 quam
2638 5209 2836 5265 omnia
2894 5208 3195 5265 aestimavit
3250 5207 3462 5280 (Marci,
3496 5224 3601 5278 xu,
3646 5209 3761 5285 42).

2056 5306 2202 5357 tace.
2256 5300 2350 5356 Sic
2398 5316 2555 5372 ergo,
2608 5300 2816 5370 inquit,
2871 5298 3226 5371 dispensavit
3272 5300 3460 5372 gratia
3508 5299 3761 5371 Domini,

2058 5391 2195 5445 dum
2233 5388 2497 5460 ingressa
2528 5404 2657 5444 sum
2708 5388 2769 5444 in
2814 5387 2973 5443 hunc
3025 5392 3304 5444 montem.
3357 5387 3520 5446 Brevi
3572 5396 3765 5451 autem

2059 5486 2189 5553 post
2230 5486 2486 5547 tempore
2526 5477 2759 5534 dormiit
2791 5476 2965 5533 homo
3010 5477 3128 5546 Dei,
3172 5493 3277 5534 nec
3314 5483 3617 5553 egrotans,
3656 5478 3761 5541 nec

2056 5571 2118 5626 in
2152 5568 2265 5625 ulla
2299 5576 2457 5639 parte
2486 5568 2741 5640 corporis
2773 5565 3032 5625 dolorem
3064 5569 3345 5639 sentiens,
3379 5570 3480 5627 sed
3503 5576 3760 5646 sportam

2059 5663 2368 5717 contexens
2419 5674 2510 5716 me
2541 5658 2829 5727 accersiit,
2862 5660 3079 5714 etcum
3135 5655 3363 5717 adesset
3400 5660 3518 5732 jam
3568 5667 3759 5722 extre-
