4100 6204
327 350 475 412 1031

1906 350 2271 414 PALLADII

3684 344 3859 406 {033

325 502 453 567 mus
486 486 783 555 stimulus,
837 486 972 543 dicit
1009 488 1148 542 mihi
1184 505 1197 542 :
1254 488 1405 557 Cape
1460 486 1607 542 hanc
1667 493 1929 557 sportam
1992 505 2022 543 a
2060 493 2114 557 A
2149 506 2314 560 posse
2345 488 2536 561 egredi
2570 505 2599 545 e
2630 486 2961 545 solitudine.
3008 484 3115 542 Ubi
3154 489 3347 542 autem
3392 502 3505 541 non
3541 484 3859 555 cedebant,

324 577 468 633 meis
503 580 795 643 manibus,
831 584 893 633 ut
928 579 1033 633 mei
1069 578 1425 633 memineris.
1462 577 1616 633 Nihil
1650 581 1803 633 enim
1841 580 2023 635 habeo

324 662 481 721 aliud
517 668 667 738 quod
705 666 805 721 tibi
838 666 1185 738 relinquam.
1222 667 1281 721 Et
1317 684 1443 721 enm
1479 668 1586 721 hoc
1618 668 1876 731 dixisset,
1927 684 2020 722 ex-

326 753 481 836 cedit
532 756 657 810 sine
705 759 879 824 febre,
933 772 1059 811 cum
1113 763 1264 813 esset
1314 774 1599 812 annorum
1643 758 2022 827 septuaginta,

324 848 570 903 Domino
605 850 1021 903 commendans
1054 849 1344 918 spiritum.
1382 854 1559 915 Quem
1594 866 1727 903 cum
1777 866 1881 920 ego
1923 866 2027 904 cu—

323 934 543 993 rassem
592 937 725 1009 (23),
760 946 815 994 et
846 939 1039 993 linteis
1073 939 1256 993 sancti
1296 956 1506 1008 corpus
1550 939 1919 994 involvissem
1970 945 2027 995 et

324 1018 747 1097 deposuissem,
798 1029 1010 1083 recessi
1056 1046 1087 1082 a
1133 1026 1474 1093 solitudine,
1513 1042 1700 1100 usque
1752 1027 1822 1082 ad
1872 1030 2025 1084 diem

325 1115 529 1171 mortis
563 1132 789 1171 mecum
815 1117 1036 1171 habens
1085 1117 1244 1172 illam
1295 1127 1569 1188 sportam.
1622 1117 1721 1173 Hic
1768 1117 2024 1172 Pambon

324 1204 459 1261 eum
510 1211 659 1261 esset
713 1208 1054 1272 moriturus,
1090 1209 1143 1260 in
1178 1206 1305 1278 ipsa
1355 1207 1496 1263 hora
1548 1224 1840 1276 excessus,
1893 1224 2025 1263 eum

325 1296 838 1351 circumstantibus
857 1297 1103 1367 Origene
1128 1298 1461 1371 presbytero
1485 1314 1548 1354 ac
1570 1315 1870 1354 meonnmo
1886 1298 2026 1367 ('29),

325 1388 381 1438 et
413 1384 717 1439 Ammonio
750 1385 887 1439 viris
920 1385 1170 1455 inclytis,
1203 1392 1260 1440 et
1293 1386 1531 1457 reliquis
1562 1387 1853 1451 fratribus,
1892 1386 2031 1441 diei-

330 1482 421 1529 tur
451 1475 559 1530 ltoc
592 1477 803 1530 dixisse
840 1492 851 1528 :
886 1476 965 1529 Ex
999 1493 1111 1547 quo
1144 1478 1270 1531 veni
1306 1478 1363 1530 in
1397 1478 1549 1530 hunc
1580 1476 1769 1533 locum
1814 1476 2026 1532 solitu-

328 1567 501 1635 diuis,
553 1572 608 1623 et
659 1584 845 1622 meam
897 1568 1169 1622 aedilicrtvi
1218 1568 1445 1629 cellam,
1502 1574 1557 1623 et
1604 1568 1697 1623 hic
1748 1567 2028 1635 babitavi,

330 1656 529 1713 nullus
564 1657 669 1712 fuit
701 1656 823 1712 dies
853 1674 968 1729 quo
1002 1675 1114 1712 non
1150 1657 1368 1729 aliquid
1401 1658 1591 1730 operis
1626 1658 1856 1713 fecerim
1886 1657 2029 1712 meis

278 1744 285 1753 “
330 1746 651 1801 manibus:
696 1762 798 1800 nec
842 1745 1077 1801 memini
1123 1763 1213 1801 me
1245 1748 1313 1801 ab
1364 1746 1554 1815 aliquo
1598 1762 1804 1818 panem
1850 1746 2029 1817 gratis

2134 580 2276 649 ipsis
2307 580 2658 645 videntibus,
2694 583 2925 649 arrepto
2960 578 3155 632 forfice
3180 577 3479 631 sinistram
3504 592 3708 630 aurem
3738 574 3861 630 sibi

2135 673 2378 727 abscidit
2408 674 2475 727 ad
2510 672 2693 726 imum
2729 686 2929 741 usque,
2961 670 3046 724 eis
3077 670 3279 723 dicens
3310 683 3321 723 :
3348 667 3511 723 Nunc
3536 664 3859 736 intelligite

2137 763 2260 817 fieri
2293 778 2404 816 non
2443 777 2613 833 posse
2646 763 2708 815 ut
2738 776 2842 831 ego
2876 759 3007 813 [iam
3045 757 3193 830 quod
3232 773 3322 811 me
3349 755 3575 827 cogitis,
3600 771 3735 810 cum
3763 755 3859 809 lex

2135 852 2438 923 prohibeat
2474 868 2542 906 ne
2576 849 2643 904 ad
2679 850 3069 904 sacerdotium
3120 846 3470 918 provehatur
3499 846 3548 899 is
3578 844 3671 899 cui
3716 848 3859 899 sunt

2135 958 2304 996 aures
2335 946 2665 1011 amputatae.
2700 939 2841 995 Cum
2878 940 2960 993 sic
2990 953 3124 1009 ergo
3167 952 3298 992 eum
3334 935 3717 1003 dimisissent,
3761 951 3859 991 re-

2136 1037 2457 1098 cesserunt,
2490 1036 2546 1085 et
2576 1029 2646 1085 ad
2688 1030 3019 1100 episcopum
3056 1029 3350 1082 venientes
3396 1027 3509 1080 haec
3540 1025 3591 1081 ei
3628 1040 3855 1081 renun-

2134 1123 2376 1178 tiarunt.
2416 1124 2467 1176 ls
2501 1128 2695 1176 autem
2728 1120 2810 1176 eis
2839 1120 2977 1175 dicit
3008 1135 3021 1175 :
3058 1118 3185 1174 Haec
3224 1118 3313 1173 lex
3344 1117 3401 1172 in
3436 1134 3541 1172 usu
3575 1117 3651 1173 sit
3692 1117 3851 1189 apud

2135 1212 2384 1267 Judaeos.
2423 1211 2565 1267 Mihi
2598 1218 2792 1266 autem
2826 1210 2873 1265 si
2907 1210 2991 1265 vel
3025 1214 3359 1266 truncatum
3392 1209 3632 1264 naribus
3665 1209 3855 1263 addu-

2137 1300 2339 1357 xeritis
2383 1302 2481 1373 qui
2531 1300 2606 1356 sit
2655 1301 2820 1356 bonis
2865 1300 3146 1367 moribus,
3202 1315 3307 1371 ego
3360 1313 3493 1353 eum
3543 1298 3857 1354 ordinabo.

2140 1391 2359 1448 Euntes
2392 1408 2527 1464 ergo
2562 1408 2693 1448 eum
2730 1409 2932 1448 rursus
2961 1392 3265 1463 rogabant.
3310 1390 3455 1445 Cum
3493 1390 3616 1460 ipse
3646 1393 3853 1445 autem

2138 1498 2255 1537 non
2291 1490 2529 1553 pareret,
2580 1482 2837 1553 aggressi
2872 1486 3004 1536 sunt
3052 1496 3183 1537 eum
3217 1478 3305 1534 vel
3358 1480 3406 1533 vi
3448 1479 3761 1534 adducere.
3800 1478 3854 1534 Is

2140 1578 2332 1627 autem
2379 1572 2462 1629 eis
2499 1572 2741 1643 juravit,
2801 1572 3000 1627 dicens
3036 1588 3049 1626 :
3102 1570 3163 1626 Si
3198 1586 3285 1625 me
3316 1569 3639 1641 coegeritis,
3674 1568 3856 1623 etiam

2139 1664 2398 1736 linguam
2438 1682 2625 1720 meam
2673 1665 3031 1721 exscindam.
3087 1664 3166 1719 Eo
3200 1663 3395 1735 itaque
3444 1668 3576 1735 post
3607 1662 3734 1717 haec
3769 1663 3859 1716 di-

2142 1758 2339 1823 misso,
2374 1763 2755 1813 recesserunt.
2808 1758 2993 1827 Ilujus
3041 1755 3331 1812 Ammonii
3378 1755 3555 1810 fertur
3593 1753 3704 1809 hoc
3745 1752 3859 1808 mi-

330 1834 528 1887 (ἶδὶυῐη
562 1834 920 1899 comedisse;
955 1849 1060 1888 nec
1092 1850 1180 1888 me
1230 1834 1288 1887 ίῐι
1342 1832 1490 1888 hanc
1542 1836 1735 1889 horam
1790 1832 2027 1905 P09"th
2064 1848 2113 1913 Β
2147 1846 2430 1903 raculum.
2461 1845 2793 1919 Nunquam,
2818 1845 3114 1918 inquiunt,
3144 1845 3191 1901 si
3219 1846 3450 1918 quando
3476 1844 3663 1915 turpis
3691 1843 3859 1900 volu-

336 1923 484 1979 ἐἩϐ
525 1922 773 1994 alicujus
815 1922 1120 1991 sermonis,
1174 1939 1346 1994 quem
1399 1924 1641 1980 dixerim
1677 1942 1690 1989 ;
1744 1933 1795 1979 et
1842 1925 1925 1977 sic
1956 1923 2027 1977 ad

332 2015 511 2071 Deum
546 2016 767 2081 recedo,
804 2019 867 2070 ut
899 2014 996 2086 qui
1039 2030 1142 2070 nec
1184 2015 1315 2086 pius
1362 2015 1595 2085 quidem
1630 2030 1694 2069 ac
1728 2013 2031 2084 religiosus

333 2122 457 2161 esse.
488 2105 781 2175 cmperim.
828 2104 945 2158 Hoc
986 2121 1217 2177 quoque
1266 2106 1337 2160 de
1383 2121 1447 2160 eo
1482 2104 1739 2160 ferebant
1774 2105 2035 2159 testimo-

336 2194 499 2250 nium
532 2194 743 2249 Christi
776 2193 923 2248 servi
948 2191 1221 2263 Origenes
1245 2200 1300 2248 et
1324 2195 1691 2260 Ammonius,
1716 2194 1865 2264 quod
1891 2210 2039 2247 nun-

336 2301 504 2355 quam
538 2284 607 2339 do
638 2300 696 2339 re
728 2283 927 2354 aliqua
977 2284 1389 2357 interrogatus,
1441 2302 1569 2356 qua:
1619 2283 1705 2339 vel
1759 2282 1829 2338 ad
1880 2283 2036 2337 Scri-

335 2382 594 2447 pturam,
627 2376 713 2430 vel
748 2377 815 2430 ad
865 2374 1146 2430 actionem
1190 2378 1558 2447 negotiumve
1589 2375 1818 2446 aliquod
1858 2374 2033 2445 perti-

333 2476 511 2533 neret,
548 2467 741 2521 statim
778 2467 1156 2536 responderit,
1209 2469 1304 2521 sed
1342 2466 1551 2521 dixerit
1585 2483 1597 2520 :
1633 2466 1900 2520 Nondum
1944 2465 2033 2518 in-

331 2556 458 2609 veni
493 2556 649 2626 quod
674 2557 1055 2627 respondeam
1078 2575 1090 2625 ;
1111 2574 1259 2627 srepe
1284 2563 1474 2611 autem
1504 2556 1893 2625 prasterierant
1916 2560 2030 2609 tres

332 2662 585 2714 menses,
616 2657 668 2700 et
701 2664 813 2701 non
848 2648 1024 2701 dabat
1057 2664 1418 2716 responsum,
1466 2649 1665 2703 dicens
1704 2664 1715 2701 :
1759 2646 2031 2701 Nondum

333 2735 764 2807 comprehendi.
819 2736 956 2790 Tain
996 2737 1354 2791 considerate
1400 2737 1627 2807 quidem
1686 2753 1749 2791 ex
1785 2736 1896 2790 Deo
1929 2736 2034 2788 da-

330 2826 429 2881 bat
462 2841 755 2896 responsa,
788 2830 910 2879 uta
936 2826 1046 2881 De)
1071 2843 1198 2880 cum
1225 2828 1383 2881 omni
1412 2837 1564 2881 metu
1595 2843 1799 2881 omnes
1821 2825 2032 2895 accipe“

334 2924 480 2971 rent.
513 2914 821 2970 Dicebatur
850 2916 1004 2971 enim
1034 2915 1183 2971 hanc
1217 2918 1490 2971 virtutem
1523 2916 1685 2972 etiam
1711 2932 1889 2986 supra
1923 2930 2040 2967 ma-

334 3022 513 3078 gnum
547 3005 885 3074 Antonium,
919 3012 975 3061 et
1004 3024 1179 3077 super
1209 3023 1408 3062 omnes
1435 3016 1667 3062 sanctos
1690 3005 2035 3071 exercuisse,

334 3112 543 3166 nempe
577 3101 637 3151 ut
668 3100 818 3151 esset
865 3096 923 3151 in
967 3096 1257 3167 loquendo
1298 3102 1600 3151 accuratus
1634 3102 1689 3151 et
1729 3096 2035 3167 perfectus.

1008 3204 1239 3259 CAPUT
1272 3203 1360 3259 XI.

841 3312 972 3367 Vita
1006 3311 1216 3366 abbatis
1248 3311 1374 3365 Pior
1404 3312 1540 3383 (30).

414 3419 616 3475 Fertur
655 3422 848 3474 autem
883 3425 1089 3488 prmter
1120 3419 1231 3474 alia
1265 3420 1383 3473 hzec
1414 3435 1641 3490 quoque
1674 3418 1821 3474 actio
1854 3418 2041 3473 sancti

342 3510 622 3572 Pambon,
655 3509 809 3579 quod
844 3507 993 3572 Pior,
1028 3510 1126 3578 qui
1158 3526 1215 3562 se
1248 3510 1306 3563 in
1338 3509 1454 3563 vita
1493 3510 1793 3564 exercebat
1836 3526 2047 3563 mona-

342 3599 503 3663 stica,
536 3598 603 3650 ad
639 3601 765 3665 ejus
797 3596 1004 3651 cellam
1040 3598 1355 3667 aliquando
1402 3599 1705 3665 accedens,
1742 3601 2043 3669 proprium

343 3702 548 3758 panem
583 3685 807 3741 detulit.
856 3686 997 3741 Cum
1037 3703 1174 3741 eum
1210 3693 1401 3742 autem
1434 3688 1692 3742 Pambon
1738 3688 2043 3759 reprehen-

344 3780 540 3843 disset,
574 3776 813 3831 dicens:
851 3777 957 3831 Cor
999 3777 1101 3832 hoc
1135 3776 1365 3832 fecisti?
1405 3778 1701 3847 respondit
1741 3779 1871 3832 Pior
1906 3795 1917 3832 :
1966 3776 2047 3833 Ne

344 3874 398 3922 te
428 3882 744 3933 gravarem.
798 3866 1002 3937 Itaque
1042 3866 1253 3922 tacitus
1298 3884 1429 3922 eum
1480 3868 1729 3922 dimisit.
1777 3869 1908 3923 Post
1939 3867 2048 3922 ali-

344 3962 629 4028 quantum
662 3961 856 4011 autem
890 3956 1167 4026 temporis
1199 3958 1479 4012 accedens
1516 3973 1761 4027 magnus
1789 3956 2045 4011 Pambon

343 4046 417 4103 ad
464 4046 667 4101 cellam
721 4046 869 4110 Pior,
923 4063 1128 4116 panem
1181 4063 1353 4101 suum
1407 4062 1601 4101 secum
1658 4045 2048 4100 madefactum

345 4137 558 4194 attulit.
605 4137 691 4191 Ab
722 4152 787 4191 eo
831 4143 1023 4191 autem
1060 4149 1313 4207 rogatus,
1349 4154 1596 4208 quanam
1631 4137 1699 4191 de
1730 4154 1909 4193 eausa
1944 4154 2048 4207 pa-

345 4246 475 4283 nem
511 4228 805 4283 attulisset
836 4229 1248 4295 madefactum,
1275 4230 1575 4299 respondit
1603 4228 1888 4283 Pambon:
1918 4229 2048 4283 Ideo

344 4317 646 4383 madefeci,
685 4334 755 4371 ne
786 4332 890 4388 ego
924 4333 1154 4387 quoque
1189 4322 1241 4371 te
1273 4334 1595 4388 gravarem.

999 4441 1228 4497 CAPUT
1268 4442 1387 4498 XII.

348 4534 464 4589 l’ila
514 4530 723 4586 abbatis
783 4532 1057 4588 Ammonii
1121 4532 1245 4659 (31.1))
1297 4541 1349 4587 et
1396 4536 1647 4602 fratrum
1702 4532 1869 4590 simul
1925 4550 2046 4589 cum

1035 4620 1209 4659 soror:
1253 4621 1334 4659 us.

1035 4620 1334 4661 80)·οΓζοῖιὸ-

2145 1936 2318 2010 ptatis
2350 1936 2675 1992 carunculae
2707 1937 3049 1991 insurreetio
3075 1937 3199 2006 ejus
3231 1951 3441 2006 corpus
3472 1934 3710 2000 invasit,
3733 1950 3856 1988 cor-

2145 2026 2268 2098 pori
2311 2043 2416 2081 suo
2449 2025 2730 2098 pepercit;
2767 2026 2867 2081 sed
2903 2028 3115 2081 ferrum
3146 2025 3401 2080 candens
3424 2022 3547 2080 suis
3572 2020 3856 2078 membris

2144 2116 2495 2181 admovebat,
2529 2115 2671 2170 adeo
2705 2124 2761 2169 ut
2792 2120 2944 2169 esset
2973 2119 3129 2170 totus
3159 2114 3467 2170 ulceratus.
3502 2111 3640 2183 Ejus
3663 2119 3859 2168 autem

2145 2222 2351 2263 mensa
2385 2204 2515 2261 talis
2549 2205 2707 2260 fuita
2732 2205 3039 2275 juventute
3072 2221 3257 2277 usque
3289 2206 3355 2259 ad
3391 2210 3660 2271 mortem,
3701 2204 3852 2274 quod

2146 2298 2339 2352 crudis
2398 2296 2614 2351 scilicet
2658 2302 3019 2364 vesceretur;
3070 2295 3213 2351 nihil
3246 2294 3398 2351 enim
3451 2311 3715 2366 unquam
3754 2310 3859 2349 co-

2147 2384 2414 2442 madebat
2440 2389 2588 2457 quod
2624 2385 2744 2458 igni
2778 2386 2977 2440 fuisset
3010 2387 3333 2454 admotum,
3368 2391 3573 2457 praeter
3609 2400 3852 2456 panem.

2145 2475 2321 2531 Vetus
2369 2482 2559 2531 autem
2605 2481 2662 2530 et
2702 2480 2923 2530 Novum
2965 2475 3406 2531 Testamentum
3452 2473 3683 2530 dicebat
3722 2488 3853 2528 me-

2146 2564 2560 2635 moriter(32);
2613 2575 2665 2619 et
2698 2563 2754 2618 in
2810 2564 3113 2619 doctorum
3177 2564 3426 2619 virorum
3476 2561 3746 2635 Origenis
3792 2565 3852 2617 et

2148 2655 2395 2725 Didymi,
2443 2664 2496 2707 et
2544 2652 2711 2706 Pierii
2762 2659 2816 2708 et
2856 2652 3135 2724 Stephani
3177 2653 3405 2723 scriptis
3452 2651 3534 2706 ita
3564 2659 3693 2707 erat
3725 2666 3848 2706 ver-

2146 2754 2325 2810 satus,
2362 2748 2419 2798 ut
2456 2746 2717 2813 sexagies
2764 2749 3004 2797 centena
3051 2741 3235 2797 millia
3289 2758 3554 2796 versuum
3607 2757 3858 2811 percur-

2150 2835 2305 2897 rerit,
2343 2842 2403 2888 ut
2458 2833 2527 2887 de
2581 2849 2647 2887 eo
2692 2834 2879 2887 lerunt
2923 2833 3325 2887 testimonium
3380 2830 3568 2901 magni
3614 2846 3860 2901 quoque

2147 2925 2346 2977 Patres
2388 2922 2447 2977 in
2494 2922 2825 2977 solitudine.
2880 2922 3067 2991 Hujus
3115 2928 3309 2976 autem
3359 2920 3623 2976 feruntur
3670 2921 3860 2974 etiam

2148 3012 2484 3083 prephetias.
2538 3012 2787 3066 Tantum
2849 3017 3041 3065 autem
3088 3010 3316 3065 valebat
3366 3011 3425 3064 in
3476 3008 3863 3064 consolandis

2150 3101 2423 3157 fratribus
2475 3101 2575 3174 qui
2622 3106 2783 3156 erant
2839 3100 2899 3155 in
2950 3100 3291 3167 solitudine,
3335 3106 3625 3171 quantutn
3662 3097 3863 3154 nullus

2149 3193 2323 3247 alius.

2225 3281 2338 3337 ΙΙυο
2370 3280 2419 3336 ci
2451 3297 2555 3336 suo
2606 3280 2869 3351 sutl‘ragio
2900 3278 3189 3336 tribuebat
3238 3278 3537 3351 Evagrius,
3584 3279 3685 3351 qui
3740 3283 3865 3336 erat

2150 3371 2238 3426 vir
2267 3371 2639 3425 discernendi
2672 3370 2725 3423 vi
2759 3367 3055 3441 praeditus.
3089 3386 3151 3423 se
3183 3369 3409 3424 nullum
3442 3369 3751 3425 hominem
3788 3370 3865 3424 vi-

2153 3462 2305 3518 disse
2336 3462 2432 3532 qui
2482 3469 2631 3517 esset
2672 3460 2856 3531 magis
2889 3460 3231 3530 impatibilis
3255 3460 3390 3531 (33),
3424 3464 3481 3515 et
3512 3458 3746 3515 alienus
3790 3460 3862 3514 ab

2154 3552 2425 3607 omnibus
2460 3549 2638 3605 animi
2671 3549 3206 3621 perturbationibus
3240 3548 3429 3620 (Caute
3452 3550 3609 3622 lege).

2230 3641 2353 3714 [llic
2395 3643 2547 3699 idem
2599 3642 3010 3696 sanctissimus
3049 3656 3180 3695 cum
3227 3657 3261 3695 a
3303 3640 3535 3696 Rulfino
3585 3641 3865 3714 temporis

2157 3733 2315 3789 illius
2359 3734 2625 3804 prazlccto
2658 3730 2911 3802 prtetorii
2947 3729 3259 3800 multiplici
3293 3729 3725 3801 supplicatione
3772 3747 3866 3786 ro-

2158 3830 2328 3895 gatus
2380 3823 2604 3887 fuisset,
2656 3830 2720 3879 ut
2770 3840 2982 3895 magno
3034 3822 3130 3878 illo
3182 3823 3487 3879 Ammonio
3536 3822 3869 3877 Constanti-

2160 3913 2415 3984 nopolim
2460 3913 2530 3967 ob
2576 3916 2932 3969 necessarias
2971 3913 3147 3969 eremi
3200 3912 3457 3968 actiones
3498 3912 3865 3979 adveniente,

2159 4004 2284 4075 ipse
2312 4019 2541 4075 quoque
2573 4004 2910 4072 dignaretur
2953 4004 3168 4069 venire,
3216 4002 3588 4058 vehementer
3619 4001 3673 4055 id
3731 4018 3868 4073 pre-

2160 4094 2429 4148 cantibus
2462 4094 2680 4147 sanctis
2712 4093 3070 4148 diversarum
3100 4092 3522 4161 provinciarum
3547 4092 3868 4163 episc0pis,

2161 4182 2404 4252 allisque
2436 4198 2611 4253 quam
2637 4182 2902 4253 pluribus
2925 4183 3176 4237 eremitis
3202 4182 3327 4254 (qui
3348 4182 3420 4237 ad
3442 4181 3870 4237 dedicationem

2161 4273 2432 4341 basilicze,
2486 4290 2661 4344 quam
2698 4274 2818 4344 ipse
2858 4273 3215 4339 condiderat,
3258 4272 3690 4344 convenerant),
3750 4288 3871 4326 mc-

2162 4370 2454 4418 moratum
2490 4364 2785 4419 Bullinum
2831 4364 3079 4437 propriis
3110 4365 3381 4420 manibus
3409 4364 3665 4435 suscepit
3696 4379 3867 4419 sacro

2158 4455 2312 4509 fonte
2346 4457 2706 4510 muntlatum.
2752 4456 2934 4520 Quem
2982 4472 3099 4510 suae
3148 4455 3607 4511 conversationis
3658 4458 3870 4510 merito

2159 4546 2479 4615 plurimum
2519 4552 2827 4600 veneratus
2865 4551 2973 4612 est,
3026 4552 3229 4601 saneto
3269 4545 3572 4601 Ammonio
3620 4543 3869 4616 cupiens

2159 4636 2217 4689 in
2274 4634 2545 4691 omnibus
2592 4636 2877 4690 obedire:
2932 4635 3030 4707 qui
3081 4634 3254 4707 paulo
3300 4640 3431 4706 post
3481 4634 3754 4689 dormivit
3806 4634 3865 4688 in

413 4712 783 4781 AtnmoniUS,
831 4713 928 4785 qui
962 4713 1070 4769 fuit
1108 4716 1301 4786 magni
1333 4715 1549 4771 Pambo
1583 4715 1927 4788 discipulus.
1961 4714 2041 4771 εἰ·
2079 4708 2119 4773 Ῑ)
2154 4725 2417 4792 Domino,
2466 4724 2845 4795 sepultusque
2876 4729 2964 4780 est
2998 4724 3054 4779 in
3098 4724 3338 4780 basilica
3380 4740 3511 4795 qum
3536 4721 3872 4795 appellatur

344 4805 461 4861 mul
494 4821 626 4859 cum
661 4805 847 4859 tribus
880 4804 1155 4859 fratribus
1186 4809 1242 4859 et
1275 4805 1498 4860 duabus
1546 4805 1863 4871 sororibus,
1912 4820 2043 4859 cum

341 4892 737 4965 pervenissent
765 4895 833 4948 ad
869 4911 1167 4949 summum
1204 4894 1435 4966 pietatis
1472 4911 1537 4949 ac
1583 4893 1899 4963 religionis,
1950 4911 2047 4949 ve-

345 4970 558 5038 nerunt
608 4986 663 5038 in
694 4983 1093 5051 solitudinem,
1139 4989 1195 5039 et
1236 5000 1495 5039 seorsum
1531 4982 1781 5037 fecerunt
1817 4986 2045 5037 utrum-

343 5090 453 5146 que
490 5072 932 5137 monasterium,
967 5074 1219 5127 virorurn
1253 5073 1473 5127 scilicet
1504 5076 1560 5126 et
1606 5072 1943 5141 mulierum,
1970 5074 2048 5128 ita

343 5152 408 5218 ut
439 5164 583 5219 satis
618 5179 895 5234 magnum
930 5161 1313 5217 intercederet
1339 5161 1617 5232 spatium.
1644 5160 1928 5225 Quoniam
1954 5178 2046 5215 au-

341 5252 457 5309 tem
492 5256 801 5323 insigniter
829 5254 1036 5308 doctus
1066 5257 1188 5307 erat
1234 5252 1483 5306 virorum
1526 5254 1778 5319 Optimus
1812 5255 2050 5306 Ammo-

343 5344 499 5404 nius,
536 5346 800 5413 qumdam
837 5345 1039 5397 civitas
1073 5343 1570 5397 desideraviteum
1596 5342 1807 5397 habere
1830 5344 2049 5413 episco-

344 5450 501 5503 pum.
538 5434 642 5499 Qui
690 5449 821 5487 cum
872 5433 1249 5488 accessissent
1281 5434 1349 5487 ad
1405 5434 1631 5487 beatuin
1678 5434 2043 5488 Timotheum

313 5516 701 5591 ~episc0pum,
738 5532 1011 5593 rogarunt
1035 5540 1166 5577 eum
1195 5529 1255 5577 ut
1280 5522 1362 5577 eis
1387 5524 1721 5591 episcopum
1751 5524 2049 5576 ordinaret

337 5600 735 5666 Ammoniutn.
772 5611 869 5666 Ille
900 5625 1091 5668 autem
1120 5613 1305 5667 dicit:
1342 5613 1618 5667 Αάάιιρὲω
1651 5630 1778 5667 eum
1814 5614 1881 5666 ad
1933 5628 2042 5681 me,

324 5690 401 5759 ‘ef
422 5718 527 5773 ego
556 5717 689 5755 eum
716 5704 877 5756 vobis
900 5705 1202 5758 ordinaho.
1228 5706 1369 5758 Cum
1396 5720 1533 5775 ergo
1556 5721 1687 5759 cum
1715 5720 1926 5772 magno
1952 5722 2047 5759 au-

337 5794 473 5849 xilio
500 5792 741 5846 ivissent
766 5793 833 5846 ad
858 5810 982 5847 eum
1006 5796 1643 5865 comprehendendum,
1669 5796 1716 5851 is
1735 5810 2048 5851 conversus

338 5890 516 5947 estin
550 5890 768 5962 fugam.
813 5891 958 5948 Cum
990 5892 1228 5948 vidisset
1258 5902 1447 5950 autem
1482 5910 1544 5950 se
1567 5893 1690 5965 jam
1730 5908 1857 5949 esse
1887 5908 2046 5950 com-

343 5979 720 6048 nrehensum,
753 5988 915 6040 stans
946 5999 1043 6042 eos
1070 5984 1328 6057 rogabat.
1362 5985 1504 6041 Cum
1535 5983 1573 6039 ii
1597 5988 1787 6041 autem
1817 6000 1928 6041 non
1952 6000 2050 6057 pa-

426 6068 795 6141 'ent,juravit
842 6084 1015 6129 senex
1048 6087 1109 6132 se
1159 6086 1277 6129 rem
1326 6088 1439 6129 non
1492 6072 1807 6144 suscipere,
1860 6088 2047 6143 neque

2157 4816 2522 4883 Rufﬁniana;
2558 4812 2618 4869 in
2646 4816 2821 4886 cujus
2853 4815 3119 4887 sepulcro
3147 4815 3335 4871 curari
3369 4816 3635 4870 feruntur
3666 4812 3869 4870 cuncti

2151 4905 2401 4973 diversis
2440 4904 2699 4960 febribus
2731 4906 3079 4961 laborantes.
3137 4908 3224 4960 Ea:
3253 4904 3559 4972 Heraclide,
3607 4920 3733 4975 cap.
3784 4900 3866 4975 2.]

2796 4994 3028 5050 CAPUT
3066 4993 3219 5050 XIII.

2596 5084 2686 5141 Vit
2714 5083 2937 5140 abbatis
2971 5083 3263 5152 Beniamin
3297 5085 3424 5157 (3i).

2227 5175 2287 5231 In
2310 5176 2418 5231 hoc
2453 5180 2647 5229 monte
2685 5174 2883 5231 Nitriae
2932 5174 3039 5229 fuit
3084 5176 3169 5229 vir
3208 5174 3594 5242 admirabilis,
3630 5177 3733 5248 qui
3768 5191 3869 5231 vo-

2155 5268 2391 5321 cabatur
2425 5265 2748 5335 Benjamin,
2783 5264 2880 5336 qui
2917 5272 3067 5319 recte
3098 5270 3154 5319 et
3183 5280 3255 5319 ex
3285 5267 3493 5319 virtute
3534 5267 3716 5322 vitam
3750 5267 3869 5339 egit

2154 5356 2324 5409 annis
2356 5365 2665 5424 octoginta.
2701 5354 2804 5417 Qui
2839 5370 2973 5409 cum
3006 5370 3233 5409 summa
3261 5356 3533 5409 virtutem
3566 5357 3869 5411 exercuis-

2156 5451 2263 5511 set,
2296 5446 2567 5515 dignatus
2601 5444 2707 5497 fuit
2738 5444 2924 5511 gratia
2956 5445 3343 5506 curationum,
3377 5444 3519 5498 adeo
3540 5450 3601 5499 ut
3623 5446 3865 5501 cuicun-

2156 5552 2263 5603 que
2298 5552 2504 5589 manus
2543 5534 2939 5601 imposuisset,
2973 5541 3070 5589 aut
3093 5536 3244 5604 quod
3272 5532 3647 5589 benedixerat
3669 5535 3867 5590 oleum

2156 5624 2431 5693 dedisset,
2464 5624 2559 5694 qui
2591 5623 2891 5679 laborabat
2925 5625 3269 5679 liberaretur
3300 5624 3373 5678 ab
3422 5624 3582 5679 omni
3631 5624 3869 5697 egritu-

2157 5713 2312 5767 dine.
2348 5712 2447 5766 llic
2481 5712 2577 5783 qui
2615 5717 2774 5767 tanta
2803 5714 2992 5783 gratia
3013 5716 3224 5783 dignus
3247 5712 3433 5766 fuerat
3457 5712 3717 5779 habitus,
3740 5720 3870 5767 octo

2156 5801 2456 5857 mensibus
2487 5806 2619 5857 ante
2666 5802 2893 5856 obitum
2932 5802 3037 5855 fuit
3083 5800 3459 5873 hydropicus,
3491 5809 3545 5856 et
3577 5802 3711 5871 ejus
3741 5817 3873 5857 cor-

2155 5908 2266 5964 pus
2296 5908 2482 5964 usque
2512 5895 2651 5947 adeo
2683 5891 2986 5960 intumuit,
3020 5896 3082 5946 ut
3114 5896 3343 5963 prepter
3373 5889 3609 5947 dolores
3642 5890 3869 5949 inveni-

2154 5990 2308 6038 retur
2337 5981 2486 6037 alius
2530 5979 2640 6038 Job
2682 5981 2865 6038 nostri
2898 5979 3194 6054 temporis.
3226 5980 3371 6035 Cum
3404 5996 3512 6038 nos
3545 5986 3742 6038 autem
3774 5995 3875 6037 u-

2157 6071 2503 6144 sumpsisset
2536 6069 2844 6129 Dioscorus
2873 6070 3202 6144 episcopus,
3234 6068 3337 6144 qui
3373 6072 3519 6128 tunc
3548 6074 3679 6129 erat
3710 6084 3873 6145 pres-
