4076 6206
339 379 363 440 ί
374 381 490 441 037

1724 381 2096 444 HISTORIA
2141 381 2534 445 LAUSIACA

3716 389 3872 457 1038

322 514 490 587 byter
542 513 759 572 mentis
790 513 1005 585 Nitriae,
1041 531 1133 572 me
1188 514 1425 586 inquam
1485 519 1543 572 et
1607 516 1840 574 beatum
1889 519 2114 589 Εἶναι-«Α
2149 535 2305 589 ergo,
2341 519 2536 588 frater,
2568 520 2770 591 vitam,
2821 522 3233 594 aggrediamur
3281 525 3688 595 monasticam,
3725 535 3786 586 ut
3815 542 3872 593 et

321 607 539 677 grium,
592 604 734 660 dicit
827 605 1048 661 nobis:
1116 607 1348 674 Adeste,
1401 607 1587 662 videte
1664 623 1876 662 novum
1933 607 2042 662 Job

323 696 506 768 quiin
539 701 700 752 tanto
733 697 990 767 corporis
1024 700 1224 753 morbo
1257 703 1313 753 et
1357 705 1516 754 tanto
1545 708 1767 753 tumore
1798 698 2046 753 immen-

323 801 453 840 sam
487 785 664 840 habet
689 786 1032 856 patientiam
1064 803 1194 843 cum
1222 788 1547 859 gratiarum
1583 789 1830 843 actione.
1865 794 2041 843 Acce-

319 877 529 930 dentes
558 891 695 946 ergo
727 875 990 931 vidimus
1026 883 1244 932 tantam
1281 877 1490 933 molem
1523 879 1650 947 ejus
1681 877 2041 946 curporis,ut

320 980 564 1035 parvum
598 980 726 1031 eius
757 965 1008 1038 digitum
1045 982 1156 1022 non
1176 983 1484 1039 possemus
1506 968 1810 1037 complecti
1844 966 2042 1037 digitis

316 1058 566 1109 duarum
601 1069 904 1109 manuum.
938 1054 1082 1111 Cum
1117 1063 1308 1111 autem
1340 1055 1525 1110 morbi
1549 1056 1887 1128 gravitatem
1924 1071 2039 1110 non

317 1159 629 1214 possemus
661 1142 788 1198 ﬁxis
821 1143 1006 1200 oculis
1039 1145 1281 1211 intueri,
1319 1156 1545 1201 uoslres
1593 1147 1792 1200 oculos
1823 1151 2038 1200 averte-

319 1229 547 1286 bamus.
582 1230 745 1286 Tunc
815 1233 956 1287 dicit
1022 1232 1190 1288 nobis
1257 1234 1461 1289 beatus
1531 1232 1628 1290 ille
1693 1232 2036 1302 Beniamin;

315 1319 505 1391 Orate,
541 1321 669 1390 lilii,
702 1338 772 1378 ne
819 1337 989 1378 meus
1036 1323 1301 1378 internus
1349 1323 1522 1378 homo
1554 1326 1629 1379 sit
1659 1324 2034 1402 hydropicus;

317 1408 435 1466 Iloc
466 1411 619 1466 enim
655 1428 865 1484 corpus
924 1426 1110 1485 neque
1164 1427 1292 1468 cum
1344 1414 1489 1469 bene
1519 1431 1578 1468 se
1612 1414 1864 1482 haberet,
1895 1409 2036 1470 mih‘

319 1499 636 1571 quidquam
674 1501 911 1574 proluit,
945 1517 1133 1574 neque
1189 1517 1324 1557 cum
1396 1501 1563 1570 male,
1601 1504 1877 1560 melaesit.
1915 1503 2036 1560 Illis

313 1605 456 1662 ergo
486 1599 610 1646 octo
644 1593 947 1647 mensibus
983 1593 1135 1649 facta
1171 1600 1258 1647 est
1290 1592 1372 1649 illi
1405 1594 1550 1650 sella
1581 1594 1866 1650 latissima
1897 1595 2034 1671 (35),

313 1679 371 1734 in
405 1695 522 1750 qua
561 1680 799 1736 sedebat
856 1680 1115 1748 assidue,
1146 1687 1210 1738 ut
1267 1683 1366 1754 qui
1420 1700 1533 1739 non
1570 1689 1766 1757 posset
1794 1683 1852 1738 in
1888 1685 2032 1740 lecto

315 1773 680 1840 accumbere,
713 1778 953 1846 propter
981 1790 1048 1828 ea
1090 1790 1220 1845 quae
1261 1779 1398 1830 sunt
1427 1775 1651 1847 corpori
1685 1775 2029 1832 necessaria.

2153 609 2328 678 patris
2359 612 2541 666 nostri
2565 612 2866 668 tueremur
2898 617 3216 684 facultates,
3253 621 3308 673 et
3365 625 3597 675 nostras
3643 621 3868 678 animas

2153 715 2270 754 non
2306 703 2638 772 perdamus.
2673 702 2897 760 Placuit
2927 722 3062 777 ergo
3087 709 3351 778 utrisque
3381 725 3590 778 scepus
3620 713 3747 766 vitae
3780 730 3868 768 so-

2151 789 2371 857 litarite,
2404 793 2500 846 sed
2536 793 2752 848 inventi
2813 802 2951 850 sunt
3007 798 3156 852 alius
3207 800 3264 852 in
3296 800 3409 854 alio
3442 801 3862 872 discrepantes.

2149 877 2290 932 Cum
2326 879 2519 950 itaque
2577 883 2853 950 pecunias
2915 883 3273 953 divisissent),
3306 892 3361 941 et
3392 888 3621 959 reliqua
3645 891 3862 960 omnia,

2150 967 2304 1022 hunc
2336 970 2562 1039 quidem
2590 970 2696 1024 sibi
2726 987 2966 1041 scopum
3029 988 3472 1047 proposuerunt,
3509 990 3566 1034 ut
3598 985 3709 1037 Deo
3742 985 3864 1054 pla-

2149 1065 2362 1126 cerent,
2397 1061 2496 1113 sed
2531 1061 2753 1114 diverso
2786 1061 2912 1114 vitae
2964 1063 3249 1121 instituto.
3288 1066 3446 1122 Unus
3477 1071 3632 1126 enim
3665 1075 3863 1128 omnia

2150 1146 2508 1219 dispergens,
2540 1148 2698 1202 dedit
2731 1151 3122 1216 monasteriis,
3153 1160 3210 1208 et
3261 1156 3541 1224 ecclesiis,
3575 1167 3630 1215 et
3661 1167 3861 1217 custo-

2149 1236 2280 1304 diis,
2313 1246 2519 1292 etcum
2553 1246 2735 1293 artem
2770 1239 3090 1311 didicisset,
3125 1257 3192 1296 ex
3223 1259 3339 1312 qua
3369 1244 3482 1299 sibi
3515 1264 3723 1317 panem
3759 1269 3860 1318 pa-

2149 1331 2324 1393 raret,
2357 1329 2750 1382 exercitationi
2808 1344 3043 1399 Operam
3092 1331 3266 1386 dabat
3307 1340 3362 1388 et
3393 1337 3662 1391 orationi.
3695 1341 3862 1395 Alter

2147 1421 2338 1470 autem
2372 1417 2502 1486 ejus
2535 1416 2680 1471 nihil
2713 1417 3008 1488 dispersit,
3041 1420 3140 1473 sed
3175 1420 3320 1476 faeie
3351 1422 3460 1477 sibi
3485 1428 3857 1496 monasterio,

2145 1512 2201 1564 et
2233 1507 2434 1578 paucis
2482 1507 2804 1578 assumptis
2862 1508 3158 1579 fratribus,
3191 1512 3514 1582 quemlibet
3542 1517 3860 1587 excipiebat

2145 1595 2458 1666 hospitem,
2491 1595 2806 1666 quemlibet
2863 1599 3104 1653 curabat
3136 1605 3436 1670 aegrotum,
3467 1605 3734 1673 quamvis
3764 1621 3857 1661 se-

2143 1703 2276 1742 nem
2336 1685 2642 1753 retinebat,
2701 1685 2884 1740 cuivis
2951 1689 3190 1759 pauperi
3248 1689 3452 1757 dabat;
3496 1691 3744 1748 Sabbato
3802 1703 3856 1751 et

2143 1777 2459 1844 Dominica,
2493 1782 2608 1832 tres
2638 1780 2738 1831 aut
2769 1781 3017 1848 quatuor
3046 1795 3279 1835 mensas
3310 1785 3593 1851 statuens,
3626 1799 3721 1839 eos
3752 1785 3852 1856 qui

311 1863 456 1917 Cum
491 1869 679 1918 autem
710 1861 998 1918 laboraret
1041 1861 1147 1918 hoc
1191 1863 1389 1918 morbo
1425 1864 1859 1931 immedicabili,
1900 1880 2016 1919 me-
2055 1903 2099 1968 Β
2140 1872 2308 1922 erant
2335 1864 2505 1937 egeni
2539 1865 2882 1934 excipiebat.
2917 1865 3034 1921 Hoc
3079 1867 3252 1923 modo
3306 1868 3478 1924 vitam
3512 1886 3682 1926 suam
3714 1888 3853 1928 cen-

309 1952 560 2007 debatur
580 1951 707 2008 aliis
733 1951 831 2024 qui
853 1952 1199 2009 tenebantur
1220 1953 1516 2024 quibusvis
1547 1954 2016 2026 (egritudinibus.

309 2044 709 2100 Necessarium
733 2044 924 2114 itaque
940 2041 1130 2110 duxia,
1157 2043 1418 2098 morbum
1446 2043 1622 2114 hujus
1642 2045 1826 2100 sancti
1852 2061 2021 2116 expo-

306 2150 466 2200 nere,
501 2149 572 2190 ne
615 2133 781 2190 nobis
820 2134 1074 2190 alienum
1131 2135 1413 2200 videatur,
1443 2135 1490 2190 si
1539 2135 1881 2207 virisjustis
1914 2136 2018 2191 ali-

307 2223 440 2296 quis
473 2239 640 2280 casus
671 2223 913 2280 accidat.
947 2225 1188 2296 Egregie
1235 2241 1371 2297 ergo
1421 2225 1518 2280 illo
1578 2224 1696 2282 viro
1764 2232 2017 2293 mortuo,

304 2314 602 2372 sublatum
638 2319 724 2371 est
755 2313 934 2370 limen
967 2314 1098 2370 ostii
1131 2319 1189 2370 et
1236 2320 1450 2385 postes,
1482 2318 1548 2371 ut
1589 2325 1780 2387 posset
1807 2333 2016 2389 corpus

303 2404 492 2461 etl‘erri
524 2421 593 2460 ex
621 2403 786 2460 cella.
820 2406 998 2460 Tanta
1048 2408 1170 2459 erat
1231 2403 1410 2460 moles
1469 2404 1724 2476 corporis
1785 2405 1933 2462 beati
1963 2412 2019 2463 et

304 2493 508 2567 inclyti
539 2493 715 2567 patris
747 2492 1070 2566 Benjamin.

947 2619 1177 2678 CAPUT
1235 2620 1372 2676 XIV.

312 2732 447 2785 Vita
478 2727 758 2801 Apollonii
793 2729 908 2800 (36)
946 2732 1039 2800 qui
1077 2728 1571 2800 cognominabalur
1610 2729 1715 2783 ἀπὸ
1758 2750 2014 2805 πραγμκυ

655 2819 882 2885 τευτῶν,
916 2817 971 2872 id
1001 2823 1082 2873 est
1112 2834 1145 2873 α
1173 2819 1616 2888 negotiatoribus.

375 2943 620 3010 Quidam
679 2943 1019 3014 Apollonius
1079 2943 1315 2999 nomine
1375 2941 1482 2997 ἀπὸ
1556 2948 2006 3019 πραγματευτὼν,

299 3035 356 3089 id
392 3038 500 3103 est,
533 3050 566 3087 a
619 3033 1098 3105 negotiatoribus,
1132 3049 1262 3088 cum
1321 3033 1538 3088 mundo
1598 3039 2006 3101 renuntiasset,

295 3129 355 3180 et
389 3133 637 3179 montem
687 3123 883 3179 Nitrim
935 3122 1274 3190 habitasset,
1306 3127 1363 3178 et
1411 3138 1514 3178 nec
1545 3130 1725 3178 artem
1788 3124 2010 3179 discere

2132 1955 2408 2027 sumpsit.
2433 1953 2712 2010 Ambolus
2770 1962 2967 2010 autem
3007 1959 3280 2025 mortuis,
3314 1957 3550 2015 diversae
3601 1960 3850 2017 beatitu-

2131 2043 2300 2100 dines
2346 2045 2608 2114 utrisque
2644 2043 2934 2099 dabantur
2963 2061 2996 2099 a
3025 2046 3321 2115 fratribus,
3356 2053 3556 2120 utpote
3585 2051 3736 2121 quod
3754 2067 3850 2108 es-

2131 2139 2260 2190 sent
2316 2133 2536 2188 inventi
2595 2136 2767 2189 ambo
2820 2136 3030 2190 virtute
3062 2135 3334 2206 perfecti:
3367 2145 3420 2193 et
3445 2137 3578 2193 aliis
3610 2139 3846 2210 quidem

2131 2225 2386 2298 placebat
2444 2227 2560 2281 vita
2615 2226 2766 2296 ejus,
2799 2226 2898 2298 qui
2932 2229 3396 2298 renuntiaverat;
3432 2229 3563 2286 aliis
3622 2247 3752 2288 vero
3783 2248 3849 2288 ea

2129 2333 2256 2390 qua}
2314 2316 2775 2372 communicabat
2828 2317 3101 2373 omnibus
3157 2319 3484 2389 egentibus.
3518 2320 3659 2377 Cum
3709 2336 3846 2394 ergo

2128 2406 2282 2462 inter
2330 2408 2536 2461 fratres
2589 2405 2890 2461 incidisset
2970 2411 3288 2475 contentio,
3342 2415 3580 2482 propter
3633 2405 3842 2467 horum

2127 2496 2426 2552 beatorum
2487 2495 2783 2551 diversum
2849 2496 2974 2551 vitae
3043 2497 3400 2568 institutum,
3465 2504 3521 2555 et
3587 2501 3836 2556 maxime

2129 2591 2364 2659 propter
2393 2585 2594 2642 laudes
2626 2587 2907 2656 diversas,
2939 2589 3158 2644 vadunt
3214 2590 3287 2644 ad
3332 2591 3565 2645 beatum
3601 2591 3838 2657 Pambo,

2122 2679 2179 2730 et
2214 2675 2285 2730 ad
2352 2691 2485 2730 eum
2555 2674 2834 2743 referunt,
2904 2679 2967 2730 ut
3027 2676 3096 2731 de
3166 2675 3272 2732 hac
3340 2693 3401 2733 re
3467 2677 3844 2747 respondeat,

2121 2764 2384 2821 volentes
2409 2765 2553 2820 seire
2586 2769 2854 2819 utranam
2886 2765 2962 2819 sit
3020 2764 3226 2821 melior
3281 2767 3409 2821 vita
3451 2767 3618 2824 ratio.
3655 2768 3708 2824 Is
3738 2785 3845 2824 au-

2121 2859 2236 2909 tem
2257 2855 2342 2910 eis
2373 2853 2512 2908 dicit
2544 2870 2557 2910 :
2595 2853 2832 2924 Utrique
2871 2859 3008 2909 sunt
3047 2858 3296 2926 perfecti
3329 2858 3479 2926 apud
3515 2857 3716 2913 Deum.
3743 2857 3842 2912 Al-

2120 2948 2203 2998 ter
2233 2945 2464 3012 quidem
2501 2943 2731 2997 functus
2763 2948 2852 2997 est
2884 2960 3123 2999 munere
3195 2945 3458 3011 Abrahae,
3493 2948 3592 3018 qui
3643 2963 3843 3003 omnes

2117 3032 2468 3104 excipiebat;
2501 3031 2647 3084 alter
2677 3047 2806 3085 vero
2857 3033 3116 3100 suscepit
3186 3033 3593 3090 ﬁrmissimum
3625 3045 3679 3090 et
3709 3053 3843 3092 con-

2118 3121 2546 3177 stantissimum
2581 3122 2768 3173 zelum
2807 3119 2942 3174 Elia:
2996 3120 3399 3190 prophetae,ut
3435 3124 3545 3176 Deo
3568 3123 3840 3193 placeret-

299 3220 519 3289 posset,
555 3230 660 3270 nec
693 3213 936 3281 litteras,
970 3213 1123 3285 quod
1173 3219 1338 3268 aetate
1383 3218 1537 3268 esset
1569 3222 1888 3282 provectus,
1921 3213 2009 3268 vi-
2043 3254 2085 3321 C
2121 3211 2192 3266 Et
2222 3226 2353 3265 cum
2385 3209 2482 3264 alii
2517 3210 2745 3280 quidem
2792 3209 2842 3262 ei
2895 3209 3153 3264 dicerent
3186 3225 3200 3264 :
3234 3211 3532 3274 Quomodo
3579 3211 3700 3266 ﬁeri
3737 3227 3839 3282 po-

340 3305 352 3316 ·
405 3304 442 3321 ,⁸
481 3320 486 3321 ,
593 3303 632 3321 9,,
757 3303 880 3321 οιακ
919 3303 1052 3321 μὲηςμ
1092 3303 1138 3321 ενᾉ
1189 3310 1375 3321 _._,_.-
1437 3301 1581 3321 L-,__
1620 3300 1709 3321 L_I
1740 3304 1815 3321 ηε.
1863 3320 1870 3321 ,
1934 3320 1941 3321 κ
2125 3307 2232 3321 Α-,ι
2297 3302 2378 3321 ,13η
2438 3315 2768 3321 _-__4_..-_..---
2830 3299 2994 3321 --1.Σ-
3045 3301 3216 3321 --ρ-1,-
3252 3307 3379 3321 ιηᾼ-
3417 3302 3754 3321 ᾼιλξκμ-κ,ιξιγ
3793 3320 3798 3321 ,

297 3304 444 3378 εἰοιὶ
470 3303 644 3361 annis
675 3303 888 3374 quibus
918 3303 1058 3358 vixit
1091 3303 1148 3358 in
1188 3310 1403 3368 monte,
1437 3301 1587 3358 hanc
1619 3300 1822 3358 habuit
1851 3320 2012 3361 exer-

299 3392 656 3449 citationem.
691 3392 827 3448 Suis
877 3391 1136 3464 pecuniis
1193 3396 1251 3445 et
1307 3392 1429 3448 suis
1479 3392 1778 3449 laboribus
1812 3407 2014 3448 emens

298 3480 660 3538 Alexandria:
692 3497 831 3537 vasa
890 3480 1112 3537 medica
1158 3497 1326 3536 omne
1358 3497 1539 3552 genus
1569 3481 1704 3553 (37),
1737 3481 2012 3536 universa:

301 3557 649 3627 fraternitati
681 3587 743 3626 ea
777 3570 1191 3644 suppeditabat
1222 3573 1288 3624 ad
1339 3570 1566 3627 morbos
1610 3588 1623 3626 :
1679 3575 1735 3625 et
1800 3568 2011 3626 licebat

299 3678 432 3719 cum
465 3663 656 3718 videre
687 3679 720 3718 a
750 3661 938 3733 prima
969 3661 1094 3716 luce
1125 3677 1310 3732 usque
1331 3661 1400 3716 ad
1435 3661 1635 3716 heram
1671 3676 1880 3716 nonam
1922 3659 2009 3715 di-

299 3756 662 3806 scurrentem
712 3751 976 3805 obeundo
1037 3750 1402 3814 monasteria,
1460 3755 1518 3804 et
1573 3750 1784 3804 ostium
1818 3748 2014 3820 ingre-

297 3841 577 3908 dientem,
609 3845 665 3896 et
696 3841 972 3896 visentem
1009 3856 1147 3895 num
1173 3840 1304 3910 quis
1326 3838 1716 3895 decumberet.
1745 3838 2014 3894 Portabat

293 3939 490 3986 autem
524 3945 693 3985 uvam
747 3946 1004 4002 passam,
1033 3928 1188 3984 mala
1227 3929 1459 4000 punica,
1491 3944 1618 3993 ova,
1655 3942 1861 4000 panem
1887 3925 2009 3982 sili-

295 4025 558 4094 gineum,
593 4024 650 4075 et
679 4035 746 4075 ea
776 4020 991 4092 quibus
1030 4036 1176 4087 Opus
1210 4018 1423 4074 habent
1467 4017 1685 4088 aegroti.
1721 4016 1878 4071 Hanc
1901 4015 2012 4071 sibi

290 4109 686 4165 conferentem
721 4108 938 4164 invenit
967 4107 1094 4162 vitae
1124 4107 1401 4162 rationem
1457 4121 1636 4176 usque
1682 4105 1749 4160 ad
1781 4103 2010 4160 senium

289 4197 506 4255 Christi
541 4213 764 4254 servus.
797 4196 904 4262 Qui
945 4213 1076 4252 cum
1119 4201 1272 4252 esset
1312 4196 1650 4261 moriturus,
1683 4193 1850 4250 alteri
1893 4193 2013 4250 sibt

293 4287 480 4346 simili
513 4304 620 4344 sua
642 4288 874 4361 reliquit
905 4287 1126 4356 frivola,
1151 4304 1360 4360 rogans
1389 4303 1522 4342 curn
1562 4291 1625 4341 ut
1655 4288 1802 4342 idem
1827 4286 2013 4344 obiret

294 4378 718 4436 ministerium.
741 4378 889 4435 Nam
921 4395 1049 4434 cum
1090 4380 1344 4450 quinque
1376 4375 1562 4433 millia
1593 4375 2010 4434 monachorum

288 4469 462 4526 illum
497 4474 757 4526 montem
792 4469 1074 4534 habitent,
1109 4470 1210 4524 tali
1269 4485 1502 4541 quoque
1557 4485 1703 4540 opus
1735 4474 1822 4524 est
1854 4484 2013 4526 cura-

289 4560 473 4630 tione,
501 4562 646 4631 quod
681 4560 759 4616 sit
789 4560 948 4616 locus
986 4559 1272 4615 desertus.

824 4681 1055 4740 CAPUT
1077 4682 1174 4739 XV
1203 4682 1291 4738 ET
1320 4680 1470 4739 XVI.

761 4792 890 4848 Vita
915 4792 1116 4849 Paeesii
1142 4801 1193 4847 et
1223 4791 1387 4846 Isaia:
1417 4791 1546 4861 (38).

358 4917 469 4975 Alii
507 4919 763 4974 Pteesius
795 4928 848 4975 et
881 4920 1058 4975 Isaias
1092 4919 1328 4975 nomine
1368 4919 1604 4974 fuerunt
1653 4918 1872 4987 fratres,
1909 4936 2004 4991 pa-

287 5012 374 5064 tre
407 5012 729 5065 mercatore
755 5010 1065 5082 Hispanico
1098 5009 1232 5083 (39),
1265 5010 1358 5081 qui
1402 5009 1637 5080 quidem
1678 5025 1810 5065 cum
1845 5015 2008 5081 pater

287 5114 496 5156 eorum
531 5103 686 5156 esset
707 5105 998 5167 mortuus,
1031 5100 1354 5156 diviserunt
1393 5100 1695 5155 facultates
1727 5115 1867 5170 quas
1899 5100 2004 5154 ha-

285 5188 506 5245 bebant
561 5187 620 5243 in
681 5189 1036 5245 mobilibus:
1071 5189 1127 5244 in
1163 5191 1420 5245 nummis
1477 5189 1711 5260 quidem
1745 5188 2005 5260 quinque

285 5277 490 5344 millia,
523 5279 582 5335 in
607 5281 863 5337 vestibus
893 5289 1080 5338 autem
1130 5289 1182 5338 et
1239 5283 1420 5338 servis
1461 5296 1587 5352 quas
1619 5279 1848 5335 inventa
1885 5280 2006 5335 fue-

289 5373 446 5424 rant.
484 5368 526 5425 Ii
559 5370 711 5426 inter
767 5386 827 5427 se
885 5371 1303 5436 deliberarunl,
1337 5377 1394 5428 et
1447 5370 1556 5427 sibi
1609 5367 2004 5433 consulentes,

284 5457 566 5516 dicebant
595 5476 608 5515 :
643 5462 939 5527 Quodnam
973 5461 1102 5517 vitae
1134 5461 1238 5518 iter
1270 5459 1688 5532 ingrediemur,
1721 5475 1753 5514 ο
1787 5459 2006 5515 frater?

282 5548 346 5605 Si
382 5564 752 5605 exerceamus
783 5559 1164 5606 mercaturam
1213 5567 1385 5622 quam
1423 5553 1587 5619 pater
1620 5552 1815 5603 noster
1844 5563 2004 5604 exer-

282 5637 432 5703 cuit,
468 5654 570 5694 nos
602 5638 1000 5711 relinquemus
1033 5639 1163 5696 aliis
1215 5644 1444 5694 nostros
1498 5635 1747 5704 labores,
1779 5641 1836 5692 et
1860 5637 2003 5694 forte

279 5723 621 5784 incidemus
661 5726 720 5784 in
761 5725 1010 5803 pericula
1052 5725 1137 5784 vel
1204 5725 1495 5784 latronum
1530 5725 1617 5782 vel
1649 5723 1847 5782 maris.
1881 5725 2005 5799 Age

2124 3307 2255 3368 test,
2291 3302 2404 3369 die,
2434 3315 2792 3372 quaesumus,
2830 3299 2996 3354 nobis
3045 3301 3219 3371 pedes
3252 3307 3382 3357 tuos
3413 3302 3840 3373 attingentibus

2122 3392 2258 3462 (40),
2286 3399 2344 3444 ut
2375 3389 2433 3444 hi
2467 3390 2588 3444 sint
2619 3388 2895 3461 mquales.
2931 3388 3192 3460 Cumque
3242 3390 3342 3446 alii
3402 3391 3835 3448 cxercitatorem

2125 3482 2460 3553 praeferrent
2490 3485 2547 3534 et
2578 3479 2838 3535 dicerent
2870 3495 2884 3534 :
2920 3479 3275 3552 Praeceptum
3309 3480 3572 3552 implevit
3602 3496 3839 3552 evange-

2124 3570 2319 3636 liruin,
2345 3578 2402 3624 ut
2433 3569 2528 3641 qui
2561 3569 2759 3624 omnia
2789 3567 3188 3625 vendideritet
3211 3570 3434 3625 dederit
3463 3570 3837 3641 pauperibus,

2124 3665 2295 3715 noctu
2327 3664 2382 3713 et
2412 3659 2507 3713 diu
2546 3674 2919 3728 perseverans
2953 3658 3010 3713 in
3057 3657 3454 3724 orationibus,
3487 3675 3720 3716 crucem
3755 3659 3837 3714 fe-

2122 3765 2278 3809 rens,
2311 3757 2362 3802 et
2395 3763 2648 3818 sequens
2699 3747 3101 3815 Servatorem;
3147 3755 3346 3803 contra
3401 3753 3600 3803 autem
3635 3749 3737 3804 alii
3770 3747 3840 3802 de

2122 3840 2301 3895 altero
2349 3837 2783 3901 contenderent,
2844 3836 3146 3891 dicentes:
3185 3838 3308 3902 Hic,
3359 3838 3733 3893 obsecramus
3763 3845 3836 3902 te,

2123 3934 2202 3984 tot
2243 3933 2299 3982 et
2328 3926 2466 3982 talia
2505 3927 2725 3980 viscera
2775 3926 3025 3979 ostendit
3084 3925 3142 3979 in
3202 3942 3405 3981 omnes
3463 3931 3714 3994 egentes,
3776 3940 3832 3980 ut

2122 4016 2300 4073 exiret
2329 4021 2386 4071 et
2410 4015 2635 4070 sederet
2665 4014 2722 4067 in
2783 4014 2890 4068 viis
2935 4013 3128 4084 regiis,
3159 4020 3212 4069 et
3272 4014 3370 4084 qui
3431 4017 3598 4069 erant
3638 4015 3834 4070 afflicti

2123 4106 2432 4178 colligeret,
2477 4108 2534 4159 et
2597 4118 2760 4172 epem
2833 4103 3040 4170 ferret;
3115 4119 3296 4173 neque
3373 4101 3560 4158 solum
3665 4119 3830 4158 suam

2123 4196 2400 4253 recreavit
2448 4195 2727 4260 animam,
2758 4193 2862 4249 sed
2906 4193 3076 4249 etiam
3111 4193 3379 4263 aliernm,
3438 4197 3681 4266 egrotos
3722 4210 3833 4248 cu-

2123 4304 2279 4352 rans,
2314 4295 2367 4341 et
2396 4285 2479 4340 eis
2511 4285 2655 4338 dans
2685 4283 2987 4339 auxilium.
3026 4283 3089 4338 Et
3143 4284 3282 4338 dicit
3330 4283 3535 4338 beatus
3566 4283 3781 4339 Pambe
3816 4304 3829 4340 :

2124 4377 2344 4432 Rursus
2373 4374 2534 4431 vobis
2565 4375 2752 4429 dicam
2789 4390 2801 4429 :
2836 4373 3006 4428 ambo
3065 4377 3201 4428 sunt
3249 4389 3415 4444 pares
3447 4373 3599 4443 apud
3641 4373 3833 4429 Demi-

2122 4482 2287 4532 num,
2320 4463 2632 4533 unicuique
2663 4468 2857 4518 autem
2916 4470 3172 4517 vestrum
3234 4463 3305 4516 de
3346 4461 3419 4518 iis
3449 4462 3828 4518 satisfaciam.

2126 4557 2226 4613 Hic
2251 4557 2299 4612 si
2336 4572 2447 4610 non
2499 4571 2678 4625 usque
2715 4554 2858 4609 adeo
2917 4570 2978 4609 se
3030 4553 3405 4620 exercuisset,
3451 4570 3565 4608 non
3629 4553 3833 4608 fuisset

2033 4630 2082 4696 Ι)
2109 4648 2318 4718 dignus
2349 4655 2409 4701 ut
2443 4645 2605 4700 illum
2641 4643 2879 4698 bonitati
2913 4643 3076 4698 illius
3108 4657 3529 4713 compararem.
3565 4642 3668 4697 Ille
3702 4659 3831 4697 rur-

2113 4753 2215 4791 sus
2248 4734 2348 4806 qui
2410 4733 2698 4789 recreabat
2753 4749 2818 4786 ae
2871 4730 3167 4786 reﬁciebat
3227 4731 3506 4800 hospites,
3541 4734 3597 4783 et
3629 4730 3828 4800 egenis

2114 4824 2505 4890 ministrabat,
2539 4829 2810 4878 ostensus
2842 4825 2928 4874 est
2954 4818 3199 4874 Domino
3251 4835 3352 4888 pro
3386 4816 3605 4872 viribus
3635 4833 3827 4888 aequa-

2116 4915 2206 4971 lis.
2242 4914 2368 4983 Ipse
2388 4913 2544 4968 enim
2604 4910 2745 4964 dixit
2779 4926 2791 4962 :
2825 4913 2936 4979 Ege
2995 4924 3110 4962 non
3161 4907 3286 4961 veni
3350 4905 3694 4973 ministrari,
3727 4906 3824 4962 sed

2116 5004 2447 5062 ministrare
2479 4999 2689 5074 (illatua.
2724 5001 2838 5070 xx).
2865 4997 2968 5054 Hie
3018 5013 3151 5068 ergo
3211 4995 3475 5052 minister
3520 4995 3631 5052 etsi
3665 4997 3829 5051 vide-

2117 5094 2288 5148 batur
2318 5093 2529 5147 habere
2560 5107 2712 5145 onus
2742 5105 2807 5143 ex
2865 5087 3081 5153 labore,
3130 5091 3380 5141 attamen
3423 5103 3490 5140 ex
3521 5087 3648 5156 ipso
3681 5101 3827 5156 quo-

2115 5199 2228 5254 que
2259 5181 2462 5236 habuit
2522 5179 2957 5235 recreationem.
2990 5177 3332 5248 Exspectate
3379 5179 3568 5230 autem
3621 5174 3830 5244 paulu-

2115 5273 2256 5338 lum,
2278 5277 2341 5326 ut
2371 5290 2401 5326 a
2434 5270 2548 5326 Deo
2583 5285 2813 5341 quoque
2847 5269 2913 5322 de
2946 5267 3036 5322 his
3098 5266 3343 5321 habeam
3385 5263 3822 5329 revelationem,

2115 5371 2166 5418 et
2201 5368 2398 5434 postea
2425 5359 2620 5415 scietis
2653 5375 2782 5414 cum
2837 5355 3130 5412 veneritis.
3168 5353 3526 5411 Intermissis
3555 5369 3688 5426 ergo
3719 5353 3824 5409 ali-

2115 5457 2260 5524 quot
2289 5450 2478 5505 dietus
2509 5448 2910 5508 redierunt,de
2946 5446 3318 5511 bisMagnum
3343 5443 3508 5499 illum
3540 5442 3824 5512 rogantesi

2114 5541 2300 5597 Senex
2330 5549 2521 5593 autem
2557 5538 2853 5607 respondit
2884 5535 3019 5602 illis,
3053 5535 3282 5589 dicens:
3319 5539 3466 5588 Ante
3500 5536 3674 5586 Deum
3706 5531 3823 5600 (41)

2112 5631 2279 5686 vobis
2351 5628 2592 5700 loquor;
2624 5628 2738 5682 vidi
2782 5631 3062 5697 utrosque
3112 5623 3288 5679 simul
3358 5629 3578 5679 stantes
3620 5624 3676 5675 in
3719 5635 3823 5690 pa-

2114 5721 2328 5778 radiso.

3649 5801 3769 5895 "‘1'
