4076 6206
311 366 469 433 1039

940 482 1171 553 CAPUT
1199 490 1383 551 XVII.

774 602 893 661 Pila
911 601 1154 662 Macarii
1160 601 1404 674 junioris
1424 597 1560 671 (42).

369 706 623 785 Quidam
655 715 823 770 estate
852 710 1071 781 junior,
1105 706 1343 765 nomine
1394 702 1700 773 Macarius,
1729 702 1929 759 decem
1962 705 2020 759 et

306 810 437 865 octo
463 819 650 862 annos
680 807 873 870 natus,
897 815 1032 858 cum
1065 799 1289 854 luderet
1308 811 1442 853 cum
1466 794 1588 851 suis
1604 792 1921 861 aequalibus
1941 791 2013 847 ad

304 893 497 953 lacum
527 893 627 967 qui
660 890 873 950 dicitur
903 888 1104 957 Maria,
1130 902 1375 961 pascens
1399 900 1605 957 pecora
1633 883 1846 939 caedem
1884 883 2016 939 fecit

304 984 773 1042 involantariam.
808 985 863 1037 ls
887 996 1023 1037 cum
1064 977 1281 1035 nemini
1333 976 1439 1031 hoc
1464 974 1729 1036 dixisset,
1760 972 1917 1028 venit
1952 971 2013 1028 in

302 1074 783 1136 solitudinem,“
804 1086 869 1129 eo
902 1067 1183 1141 processit
1214 1071 1370 1123 metu
1396 1069 1454 1121 et
1488 1064 1583 1119 Dei
1606 1069 1662 1119 et
1692 1063 2015 1129 hominum,

302 1172 362 1223 ut
392 1180 504 1221 non
540 1162 789 1219 senserit
812 1177 889 1215 se
932 1158 1122 1214 tribus
1170 1156 1341 1212 annis
1391 1152 1680 1210 mansisse
1714 1153 1837 1209 sine
1866 1157 2014 1207 tecto

300 1255 360 1310 in
402 1250 756 1310 solitudine.
802 1250 901 1305 Est
965 1252 1160 1303 autem
1220 1245 1323 1300 illa
1396 1252 1545 1299 terra
1603 1242 1782 1309 arida,
1842 1242 2018 1313 idque

300 1341 497 1400 sciunt
540 1354 768 1408 omnes,
798 1343 916 1394 tam
960 1337 1058 1410 qui
1102 1334 1398 1393 auditione
1428 1337 1798 1404 acceperunt,
1832 1348 2007 1405 quam

300 1432 489 1506 quiex
513 1429 639 1503 ipsa
671 1432 887 1486 norunt
908 1426 1281 1499 experientia.
1305 1425 1404 1481 llic
1435 1423 1560 1496 ipse
1583 1422 1873 1478 Macarius
1896 1422 2007 1477 sibi

289 1524 498 1593 postea
526 1518 831 1575 cdiﬁcavit
860 1516 1128 1573 cellulam
1148 1523 1229 1583 ;et
1260 1530 1392 1570 cum
1424 1513 1483 1569 in
1515 1529 1585 1569 ea
1605 1512 1837 1569 vixisset
1866 1510 2011 1568 alios

297 1608 499 1681 viginti
529 1614 588 1666 at
617 1607 876 1683 quinque
907 1623 1115 1673 annos,
1139 1613 1299 1660 tanta
1318 1604 1507 1674 gratia
1531 1603 1747 1675 dignus
1778 1607 1862 1657 est
1910 1602 2009 1658 has

288 1699 480 1773 bitus,
515 1702 580 1755 ut
636 1696 953 1755 solitudine
1017 1696 1131 1767 (43)
1164 1694 1484 1750 delectatus
1540 1691 1867 1765 despiceret
1897 1692 2012 1747 dm-

284 1796 513 1846 .mones.
558 1789 675 1862 Ego
733 1804 865 1845 cum
930 1804 995 1843 eo
1043 1790 1305 1842 versatus
1335 1783 1504 1856 longo
1536 1787 1817 1853 tempore,
1842 1782 1913 1836 ab
1942 1796 2009 1838 eo

297 1877 473 1935 didici
502 1878 796 1951 quomodo
818 1877 1022 1933 ellacta
1072 1879 1229 1931 esset
1276 1874 1403 1943 ejus
1438 1874 1581 1929 ratio
1604 1873 1677 1928 ob
1704 1876 2004 1944 peccatum
2040 1875 2085 1940 Β

296 1969 486 2028 cedis.
522 1967 762 2027 Dicebat
788 1976 1006 2034 autem,
1039 1971 1271 2022 tantum
1313 1966 1515 2020 abesse
1573 1968 1637 2018 ut
1666 1961 1908 2021 doleret.
1942 1967 2009 2017 ut

294 2061 468 2118 etiam
527 2059 741 2133 gratias
799 2062 996 2129 ageret
1043 2058 1114 2113 de
1165 2054 1394 2111 crimine
1444 2055 1633 2110 credis.
1695 2052 1822 2106 Fuit
1852 2052 2007 2108 enim

293 2150 482 2208 caedes
502 2147 891 2207 involuntaria
916 2147 1054 2202 mihi
1081 2163 1255 2202 causa
1272 2145 1502 2201 salutis.
1532 2144 1766 2200 Dicebat
1784 2147 2000 2209 autem,

294 2252 364 2295 ex
419 2236 739 2310 Scripturis
796 2234 1044 2292 efferens
1102 2232 1509 2290 testimonium
1568 2231 1765 2299 credis,
1826 2246 2007 2301 quisa

294 2341 509 2399 magno
542 2324 638 2381 Dei
672 2339 834 2381 servo
883 2325 1075 2395 Moyse
1125 2323 1276 2377 facta
1325 2321 1435 2375 fuit
1461 2322 1518 2374 in
1549 2318 1813 2390 Egypto,
1850 2318 2002 2389 quod

293 2417 405 2475 nisi
436 2421 673 2491 propter
702 2415 933 2482 eadem,
956 2419 1013 2469 et
1035 2418 1252 2468 metunt
1290 2410 1625 2476 Pharaonis,
1650 2425 1762 2464 non
1793 2408 2005 2479 dignus

278 2506 526 2565 habitus
557 2504 1025 2576 fuissetiMoyses
1064 2502 1287 2557 visione
1345 2499 1597 2560 Domini,
1632 2504 1689 2554 et
1711 2504 1873 2554 tanto
1906 2497 2004 2553 do-

272 2614 384 2663 ,no,
415 2596 930 2667 etconscriptionc
961 2602 1291 2650 sanctorum
1324 2590 1690 2661 eloquiorum
1722 2588 2001 2657 Spiritus.

283 2686 431 2743 Nam
461 2701 598 2743 cum
622 2684 924 2755 ell’ugisset
956 2698 1024 2738 ex
1054 2683 1321 2753 Egypto,
1350 2679 1610 2749 pervenit
1649 2680 1708 2734 in
1742 2684 2002 2734 montem

264 2775 442 2833 ‘Sina.
476 2774 611 2832 Hec
630 2784 821 2829 autem
856 2770 984 2828 dico
1016 2788 1132 2827 non
1169 2769 1434 2825 muniens
1466 2769 1615 2823 viam
1668 2768 1739 2823 ad
1792 2768 2005 2823 caidem

284 2862 707 2936 aliquam;sed
741 2859 937 2933 potius
991 2860 1307 2917 ostendens
1350 2874 1477 2915 esse
1525 2857 1701 2913 etiam
1760 2857 2003 2912 virtutes

286 2969 417 3027 quae
472 2950 740 3008 oriuntur
795 2966 864 3007 ex
920 2965 1079 3017 casu,
1113 2949 1345 3022 quando
1388 2964 1501 3003 non
1532 2947 1659 3001 vult
1707 2946 1838 3017 quis
1896 2962 2005 3001 sua

281 3047 494 3115 sponte
523 3041 594 3098 ad
630 3043 845 3097 bonum
879 3039 1175 3099 accedere.
1204 3038 1284 3095 Ex
1326 3037 1641 3093 virtutibus
1688 3036 1844 3093 enim
1877 3036 2001 3090 aliis

284 3131 523 3206 quidem
580 3135 721 3188 sunt
785 3146 914 3204 qua
972 3144 1039 3185 ex
1086 3126 1374 3184 voluntate
1431 3132 1489 3183 et
1534 3143 1604 3182 ex
1653 3131 1847 3182 nostro
1878 3126 2005 3181 ani-

287 3222 368 3278 mi
415 3222 683 3277 instituto
726 3218 1372 3292 proﬂciscuntur;a|im
1416 3233 1547 3274 vero
1596 3233 1727 3289 qua:
1754 3233 1823 3273 ex
1856 3233 1991 3273 casu
2027 3212 2068 3278 C

286 3315 633 3368 nascuntur.

917 3412 1149 3470 CAPUT
1178 3411 1367 3469 XVIII.

786 3519 908 3575 Vita
937 3518 1147 3575 abbatis
1177 3518 1497 3575 Nathanael.

356 3618 744 3688 Exveterihus
803 3628 1024 3685 sanctis
1084 3628 1191 3682 fuit
1249 3627 1482 3698 quidam
1542 3625 1714 3695 alius,
1747 3626 2000 3698 optimus

284 3720 496 3778 Christi
555 3719 795 3785 athleta,
830 3718 1061 3774 nomine
1092 3716 1433 3774 Nathanael.
1470 3717 1607 3773 Eum
1649 3733 1750 3785 ego
1784 3733 1896 3771 non
1920 3717 1997 3771 of-

284 3810 443 3869 fendi
478 3811 535 3867 in
566 3827 769 3877 carne;
794 3811 1111 3865 dormierat
1134 3810 1287 3864 enim
1307 3808 1639 3880 quindecim
1674 3806 1843 3862 annis
1867 3812 2000 3863 ante

288 3918 482 3961 meum
518 3902 830 3957 adventum
864 3900 922 3955 in
958 3905 1237 3955 montem.
1271 3898 1374 3955 Cui
1421 3907 1611 3955 autem
1673 3898 1731 3953 in
1791 3914 1889 3953 eos
1914 3898 2000 3952 in-

284 3991 559 4049 cidissem
587 3990 684 4063 qui
712 4007 845 4045 cum
880 3989 986 4044 hoc
1018 3996 1221 4045 sancto
1262 4005 1325 4044 se
1368 3992 1766 4057 exercuerant,
1789 3991 1847 4043 et
1881 3987 1999 4041 fue-

285 4087 419 4138 rant
445 4082 496 4135 ei
521 4086 778 4153 tempore
808 4080 1081 4149 aequales,
1108 4080 1177 4134 de
1207 4078 1313 4132 viri
1348 4078 1555 4133 virtute
1583 4077 1846 4131 lubenter
1868 4092 1999 4131 sum

282 4187 383 4228 eos
413 4172 763 4227 sciscitatus.
789 4168 929 4223 Mihi
960 4176 1150 4222 autem
1175 4168 1298 4238 ejus
1322 4184 1549 4238 quoque
1570 4166 1771 4222 cellam
1807 4175 2002 4223 osten-

286 4262 519 4323 derunt,
544 4260 600 4311 in
635 4274 748 4329 qua
783 4256 980 4310 nullus
1031 4255 1221 4311 adhuc
1264 4256 1677 4326 habitat,quod
1732 4258 1799 4309 sit
1836 4262 2002 4310 terrm

289 4347 560 4405 habitatas
590 4343 981 4415 pr0pinquior.
1012 4344 1109 4399 Ille
1131 4344 1286 4399 enim
1326 4346 1527 4398 beatus
1566 4350 1704 4398 tunc
1726 4359 1852 4397 eam
1870 4361 2003 4399 con-

289 4434 688 4506 diditquando
722 4433 837 4487 rari
887 4436 1113 4488 fuerant
1169 4433 1554 4489 anachoreta.
1600 4432 1866 4488 Narravit
1897 4451 2003 4489 au-

288 4534 400 4582 tem
435 4523 577 4579 mihi
610 4524 901 4594 egregiam
924 4524 1051 4591 ejus
1082 4522 1545 4579 exercitationem
1574 4541 1587 4591 ;
1612 4539 1820 4594 nempe
1852 4525 2003 4595 quod

286 4619 515 4672 tantam
548 4587 816 4671 habuerit
848 4614 904 4669 in
952 4587 1112 4672 icella
1168 4587 1660 4680 tolerantiam,tut
1696 4587 2000 4688 nunquam
2038 4587 2081 4653 θ

290 4692 543 4767 dimotus
573 4703 649 4760 sit
677 4718 711 4758 a
743 4703 1059 4774 proposito.
1093 4702 1233 4759 Cum
1258 4701 1330 4759 ab
1363 4702 1531 4759 initio
1565 4703 1767 4760 fuisset
1792 4704 2003 4759 illusus

290 4812 326 4853 a
352 4779 637 4862 daimone,
668 4792 769 4864 qui
808 4808 1010 4850 omnes
1034 4791 1246 4853 illudit.
1272 4793 1370 4866 qui
1401 4809 1531 4849 eum
1567 4791 1681 4847 labi
1719 4794 1921 4847 fecerat
1944 4793 2001 4847 in

278 4885 618 4942 socordiam
648 4892 705 4940 et
734 4883 915 4939 animi
960 4900 1279 4951 mcerorem,
1304 4888 1361 4939 et
1410 4901 1537 4940 eum
1573 4900 1599 4937 ε»
1624 4883 1767 4939 cella
1799 4899 2001 4953 exege-

292 4973 583 5046 rat(visus
615 4978 700 5029 est
750 4973 903 5028 enim
952 4989 1081 5030 esse
1111 4974 1293 5029 tristis
1312 4979 1368 5027 et
1399 4975 1598 5029 animo
1622 4974 1753 5044 ungi
1789 4974 1843 5027 in
1882 4972 2004 5044 pri-

293 5081 389 5123 ma
428 5063 614 5135 cella),
647 5064 786 5119 illuc
815 5064 1012 5135 itaque
1045 5064 1341 5130 recedens,
1360 5064 1848 5120 aedificavitaliam
1872 5080 2003 5135 pro.

292 5154 663 5227 pinquiorem
694 5168 859 5225 pago.
898 5156 1212 5223 Postquam
1247 5168 1383 5225 ergo
1422 5152 1656 5225 perfecit
1687 5152 1914 5221 cellam,
1948 5158 2006 5210 et

292 5244 352 5301 in
383 5259 452 5301 ea
480 5242 763 5299 habitavit
786 5247 901 5298 tres
929 5241 1016 5297 vel
1042 5247 1291 5314 quatuor
1313 5257 1564 5306 menses,
1589 5242 1809 5298 accedit
1834 5248 2003 5299 noctu

293 5334 518 5390 damon
547 5338 806 5390 tauream
830 5338 1032 5388 tenens
1082 5333 1233 5388 sicut
1282 5332 1537 5397 lictores,
1573 5349 1688 5403 prae
1721 5350 1781 5388 se
1816 5335 2006 5389 ferens

294 5423 545 5494 speciem
582 5422 789 5479 militis
844 5422 1057 5495 pannis
1095 5422 1305 5489 induti,
1340 5425 1395 5476 et
1441 5426 1641 5477 taurea
1690 5423 1797 5491 (44)
1830 5424 2007 5479 edens

296 5511 594 5583 strepitus.
644 5513 747 5570 Cui
804 5528 1151 5578 succensus,
1191 5512 1340 5569 dixit
1390 5514 1591 5568 beatus
1632 5511 1999 5569 Nathanael:

298 5600 440 5675 Quis
468 5603 530 5657 tu
560 5617 625 5658 es
644 5602 742 5676 qui
782 5601 905 5659 haec
954 5602 1096 5660 facis
1151 5603 1210 5658 in
1269 5618 1399 5661 meo
1446 5600 1743 5673 hospitio?
1772 5602 2004 5659 Damon

300 5694 495 5749 autem
528 5692 856 5763 respondit:
888 5691 1006 5764 Ego
1040 5708 1171 5750 sum
1203 5694 1303 5766 qui
1333 5698 1387 5751 te
1420 5710 1485 5751 cx
1513 5696 1617 5750 tua
1646 5694 1837 5766 prima
1865 5693 2008 5751 cella

1904 352 2267 417 PALLADII

2055 487 2107 555 Α
2139 485 2324 557 exegi,
2357 489 2415 541 et
2452 501 2609 544 nunc
2638 484 2766 541 veni
2798 488 2865 542 ut
2899 488 2956 541 te
2976 500 3045 541 ex
3076 483 3182 541 hac
3201 501 3431 557 quoque
3461 486 3676 559 fugem.
3709 490 3848 543 Cum

3682 354 3848 414 1040

2132 591 2269 648 ergo
2301 578 2667 651 cognovisset
2694 577 2899 631 beatus
2928 575 3249 633 Nathanael
3281 592 3343 631 se
3374 578 3552 633 fuisse
3584 576 3847 647 illusum,

2134 682 2403 723 reversus
2444 672 2531 722 est
2585 666 2659 722 ad
2718 668 2964 736 primam
3025 664 3261 735 cellam;
3296 672 3349 721 et
3396 668 3581 737 spatio
3612 666 3849 737 triginta

2133 768 2350 828 Septem
2381 773 2667 813 annorum
2718 772 2829 811 non
2883 762 2972 812 est
3019 772 3287 822 egressus
3318 762 3476 811 extra
3508 757 3682 822 tores,
3716 773 3849 811 con-

2131 846 2374 901 tendens
2404 862 2533 901 cum
2568 848 2847 912 daemone,
2881 847 2978 915 qui
3012 850 3097 900 tot
3142 851 3199 899 et
3244 850 3399 899 tanta
3447 846 3496 900 ei
3532 844 3750 900 fecerat
3791 858 3852 907 ut

2116 950 2260 991 eum
2294 940 2519 1003 cogeret
2545 952 2611 991 ex
2644 936 2790 990 cella
2812 936 3026 1008 egredi,
3050 941 3116 991 ut
3147 952 3217 990 ne
3241 952 3308 991 ea
3339 952 3579 990 narrare
3608 936 3849 1007 quidem

2129 1023 2313 1079 liceat.
2347 1027 2533 1096 Atque
2564 1024 2711 1080 inter
2734 1037 2935 1081 caetera
2957 1025 3190 1098 quidem
3225 1024 3334 1079 hoc
3364 1023 3732 1080 machinatus
3766 1030 3852 1081 est

2130 1114 2740 1179 bonoruminimicus,
2767 1131 2976 1183 nempe
3040 1118 3103 1170 ut
3139 1131 3272 1171 eum
3321 1115 3527 1184 probro
3573 1130 3639 1169 ac
3680 1114 3848 1170 dede.

2128 1221 2258 1261 core
2288 1206 2564 1273 alliceret,
2589 1207 2657 1261 ad
2688 1206 2818 1276 ejus
2839 1206 3308 1276 abrumpendum
3343 1205 3707 1260 institutum.

2198 1293 2338 1350 Cum
2371 1301 2589 1365 septem
2639 1295 2827 1350 sancti
2877 1293 3129 1366 episcopi
3174 1300 3445 1349 sanctum
3489 1292 3845 1366 invisissent,

2127 1388 2226 1440 aut
2252 1400 2320 1440 ex
2351 1384 2451 1440 Dei
2483 1383 2866 1456 providentia.
2896 1387 2997 1439 aut
3047 1400 3111 1439 ex
3139 1383 3510 1455 suggestione
3532 1383 3691 1440 illius
3721 1390 3845 1440 ten-

2124 1474 2381 1544 tationis,
2415 1489 2549 1531 eum
2610 1474 3027 1545 propemodum
3083 1472 3415 1529 deturbavit
3455 1490 3486 1527 a
3522 1475 3842 1545 preposito.

2122 1561 2266 1620 Cum
2298 1565 2452 1619 enim
2483 1563 2739 1635 episc0pi
2773 1574 3080 1635 postquam
3118 1578 3254 1619 eum
3292 1562 3651 1630 invisissent,
3685 1581 3845 1620 oras-

2121 1659 2273 1719 sent,
2307 1658 2362 1708 et
2393 1659 2523 1725 post
2561 1653 2880 1709 orationem
2929 1654 3178 1721 exirent,
3214 1670 3284 1708 ne
3315 1669 3574 1722 gressum
3605 1653 3845 1723 quidem

2124 1758 2273 1796 unus
2307 1743 2469 1813 pedis
2498 1759 2597 1798 eos
2640 1743 2950 1797 comitatus
2982 1746 3074 1796 est
3117 1742 3207 1795 vir
3246 1742 3534 1813 egregius,
3579 1756 3651 1795 ne
3682 1745 3848 1797 daret

2124 1831 2309 1887 locum
2345 1831 2585 1887 inimico
2616 1832 2924 1887 honorum.
2972 1831 3029 1885 Ei
3057 1847 3193 1903 ergo
3224 1832 3431 1887 dicunt
3474 1832 3705 1887 diaconi
3727 1833 3849 1901 epi-

2121 1937 2428 1992 scoporum
2466 1937 2479 1975 :
2511 1924 2769 1993 Superbe
2802 1928 2857 1976 te
2885 1920 3065 1993 geris,
3107 1937 3139 1976 o
3170 1920 3485 1990 abhas,qui
3520 1938 3634 1976 non
3659 1922 3845 1977 dedu-

2118 2010 2201 2065 cis
2249 2012 2571 2082 episcopos.
2636 2012 2688 2066 ls
2746 2026 2875 2065 vero
2934 2008 3083 2064 dicit
3144 2009 3423 2081 eis:Ego
3480 2015 3537 2064 et
3567 2009 3844 2067 dominoII

2119 2116 2277 2155 meos
2298 2102 2598 2171 episcopos
2627 2100 2772 2169 colo,
2806 2105 2861 2156 et
2886 2116 3117 2156 omnem
3152 2098 3371 2156 clerum
3412 2100 3675 2168 honoro;
3707 2118 3839 2158 sum

2117 2205 2228 2260 que
2250 2206 2353 2262 ego
2388 2195 2656 2262 peccator
2697 2190 2957 2245 omnium
3003 2190 3306 2245 hominum
3343 2192 3713 2261 peripsema:
3748 2190 3840 2246 his

2117 2287 2313 2334 autem
2348 2278 2624 2335 omnibus
2656 2283 2712 2334 et
2741 2280 2842 2333 toti
2884 2278 3033 2345 vitae,
3068 2279 3219 2350 quod
3277 2280 3335 2333 in
3367 2296 3461 2334 me
3492 2284 3602 2344 est,
3627 2296 3836 2350 prapo-

2114 2368 2225 2424 sito
2286 2384 2416 2423 sum
2485 2372 2771 2423 mortuus.
2808 2368 2921 2439 Ego
2969 2367 3124 2424 enim
3192 2368 3373 2424 habeo
3430 2385 3677 2440 scopum
3739 2385 3843 2425 oc-

2114 2456 2550 2529 cultum,quem
2586 2458 2695 2514 scit
2720 2457 2999 2513 Dominus
3021 2457 3120 2527 qui
3153 2458 3309 2514 novit
3330 2457 3551 2514 occulta
3584 2459 3695 2515 mei
3715 2473 3841 2515 eor-

2125 2550 2234 2615 dis,
2267 2566 2371 2604 cur
2403 2566 2499 2605 eos
2531 2566 2646 2605 non
2674 2565 2805 2604 sum
2830 2549 3161 2605 comitatus.

2181 2640 2325 2697 Cum
2357 2656 2489 2714 ergo
2526 2639 2615 2695 hic
2674 2656 2906 2711 quoque
2965 2649 3128 2696 actus
3170 2656 3283 2697 non
3316 2640 3691 2697 successisset
3721 2642 3841 2698 da-

2112 2728 2291 2791 moni,
2316 2744 2520 2783 rursus
2554 2728 2723 2783 talem
2742 2727 3277 2800 suscipitliguram.
3300 2728 3517 2784 Novem
3535 2729 3843 2786 mensibus

2109 2822 2242 2873 ante
2274 2817 2682 2872 dormitionem
2707 2816 2941 2874 athleta
2983 2819 3446 2873 transformatus
3470 2823 3553 2874 est
3582 2818 3638 2871 in
3674 2835 3842 2888 pue-

2109 2922 2239 2959 rum
2278 2903 2585 2959 duodecim
2620 2921 2806 2959 annos
2840 2909 3063 2971 natum,
3099 2910 3379 2977 tanquam
3413 2914 3664 2977 agentem
3699 2907 3841 2962 asi-

2112 3010 2249 3051 num
2287 3010 2495 3065 panem
2530 2994 2589 3049 in
2640 2999 2833 3063 sporta
2868 2995 3160 3050 ferentem.
3204 2997 3311 3060 Qui
3354 3011 3497 3067 puer
3533 3012 3664 3051 cum
3699 3013 3839 3054 sero

2107 3100 2345 3155 vespere
2375 3090 2532 3140 esset
2563 3100 2737 3156 prope
2794 3083 3028 3150 cellam,
3060 3084 3369 3141 simulabat
3402 3085 3685 3142 cecidisse
3716 3088 3839 3143 asi-

2111 3191 2274 3240 num,
2309 3179 2365 3229 et
2395 3191 2458 3231 se
2487 3175 2768 3231 clamare:
2800 3176 2963 3230 Abba
2995 3175 3347 3245 Nathanael,
3374 3178 3655 3232 miserere
3692 3177 3833 3236 mei.

2109 3268 2166 3321 et
2197 3265 2418 3335 porrige
2443 3264 2579 3319 mihi
2616 3281 2875 3321 manum.
2911 3264 3011 3321 Ille
3040 3270 3235 3320 autem
3260 3267 3476 3322 audivit
3509 3266 3708 3339 utique
3734 3285 3842 3325 vo-

2110 3370 2233 3410 cem
2270 3355 2470 3425 pucri;
2505 3359 2559 3410 et
2592 3359 2792 3426 aperto
2817 3356 2960 3410 ostio
2993 3354 3173 3420 cellae,
3198 3362 3363 3411 stans
3404 3357 3561 3411 intus
3594 3357 3649 3413 ei
3678 3358 3841 3414 dice-

2108 3444 2207 3500 hat
2242 3461 2254 3499 :
2289 3445 2430 3511 Quis
2486 3460 2572 3508 es,
2610 3449 2666 3499 et
2710 3445 2847 3517 quid
2893 3446 2977 3500 vis
3037 3446 3142 3500 tibi
3212 3446 3462 3502 faciam?
3496 3447 3839 3519 Respondet

2108 3531 2334 3585 daemon
2363 3547 2376 3585 :
2402 3530 2515 3599 Ego
2546 3546 2676 3585 sum
2746 3531 2921 3600 hujus
2956 3532 3225 3588 monachi
3282 3532 3569 3603 minister,
3624 3541 3681 3590 et
3713 3536 3834 3592 fero

2109 3636 2307 3690 panes,
2341 3620 2615 3691 quoniam
2648 3626 2737 3676 est
2756 3638 2938 3693 agape
2972 3622 3051 3677 tui
3084 3623 3203 3678 noti
3237 3624 3467 3691 fratris;
3504 3632 3562 3679 et
3592 3641 3724 3681 cras
3759 3626 3835 3682 il-

2108 3710 2437 3766 lucescente
2469 3710 2721 3766 Sabbato
2743 3728 2887 3781 opus
2916 3720 3000 3768 est
3049 3712 3462 3769 oblationibus.
3498 3714 3661 3788 Rogo
3690 3734 3834 3789 ergo

2110 3804 2167 3855 te
2191 3816 2260 3855 ne
2290 3816 2379 3856 me
2412 3802 2716 3871 despicias,
2753 3818 2822 3858 ne
2852 3804 3084 3858 devorer
3110 3804 3182 3858 ab
3214 3803 3456 3876 hymnis.
3489 3806 3634 3859 Sunt
3667 3807 3832 3863 enim

2110 3890 2327 3963 hyaenae
2358 3891 2413 3945 in
2442 3891 2532 3945 his
2563 3890 2719 3951 locis.
2754 3898 2926 3949 Stans
2956 3910 3089 3967 ergo
3141 3903 3335 3950 mutus
3368 3895 3573 3951 beatus
3608 3897 3835 3951 Natha-

2114 3980 2263 4046 nael,
2302 3996 2414 4050 pra;
2448 3980 2664 4052 ingenti
2697 3982 2824 4051 ejus
2851 3981 3245 4039 misericordia
3279 3985 3564 4054 caligabat
3590 3994 3838 4042 conturv

2111 4071 2283 4125 batus
2317 4070 2653 4139 visceribus,
2676 4077 2733 4126 et
2792 4076 3097 4142 reputabat
3139 4075 3292 4145 apud
3326 4090 3386 4129 se
3417 4075 3555 4146 quid
3593 4077 3841 4145 faceret,

2113 4160 2313 4213 dicens
2350 4177 2361 4213 :
2398 4163 2509 4215 Aut
2540 4162 2798 4216 futurum
2835 4173 2921 4218 est
2954 4166 3431 4237 uttransgrediar
3463 4167 3838 4235 mandatum,

2114 4259 2211 4304 aut
2235 4268 2267 4305 a
2299 4252 2590 4321 preposito
2622 4255 2903 4309 excidam.
2938 4258 3136 4310 Postea
3168 4256 3259 4326 pia
3284 4256 3437 4326 apud
3461 4273 3521 4312 se
3553 4266 3844 4327 reputans

2115 4340 2464 4411 cognitione,
2490 4341 2662 4397 dixit:
2695 4342 2901 4398 Melius
2932 4351 3021 4400 est
3051 4362 3120 4400 ne
3154 4345 3495 4402 labefaetem
3543 4353 3628 4403 tot
3658 4366 3847 4404 anno-

2116 4446 2249 4484 rum
2285 4432 2642 4501 pr0positum
2666 4436 2735 4487 ad
2765 4434 3080 4501 ignominia
3112 4435 3487 4491 afficiendum
3512 4443 3565 4491 et
3590 4441 3844 4495 vincen-

2116 4520 2253 4575 dum
2287 4520 2603 4575 diabolum.
2631 4522 2773 4575 Cum
2808 4523 2999 4591 itaque
3023 4524 3333 4580 Dominum
3367 4533 3653 4597 rogasset,
3693 4528 3845 4583 dicit

2115 4626 2291 4680 puero
2315 4610 2413 4679 qui
2446 4627 2576 4665 cum
2605 4628 2669 4665 eo
2722 4612 3072 4683 loquebatur
3106 4632 3119 4671 :
3155 4614 3328 4683 Audi,
3378 4633 3539 4686 puer,
3563 4625 3665 4671 aut
3694 4620 3847 4689 qui-

2116 4716 2349 4772 cunque
2380 4705 2477 4755 sis.
2502 4703 2682 4757 Credo
2714 4702 2771 4757 in
2797 4704 2977 4759 Deum
2993 4723 3166 4777 quem
3200 4707 3347 4773 colo,
3370 4709 3468 4778 qui
3498 4708 3850 4765 dominatur

2116 4791 2298 4845 cuivis
2356 4790 2788 4863 spiritui,quod
2851 4795 2901 4850 si
2960 4796 3176 4851 auxilio
3233 4813 3426 4851 revera
3457 4813 3651 4868 egeas,
3687 4800 3851 4855 Deus

2117 4880 2221 4934 tibi
2246 4881 2436 4935 mittet
2466 4882 2777 4951 auxilium;
2813 4890 2870 4939 et
2903 4901 3089 4955 neque
3121 4886 3354 4957 hymnos,
3390 4903 3577 4958 neque
3610 4889 3846 4957 aliquid

2118 4966 2280 5022 aliud
2305 4969 2409 5023 tibi
2445 4969 2590 5024 male
2624 4970 2822 5038 faciet;
2852 4972 2943 5027 sin
2969 4979 3161 5027 autem
3197 4990 3259 5028 es
3282 4974 3677 5039 tentatio,hoc
3697 4994 3848 5048 quo-

2116 5072 2229 5128 que
2261 5056 2411 5112 Deus
2446 5058 2588 5113 mihi
2612 5061 2820 5115 exhinc
2844 5062 2967 5131 jam
3021 5062 3317 5129 revelabit,
3350 5073 3405 5117 et
3436 5065 3642 5119 clauso
3673 5064 3851 5120 cella

2116 5147 2264 5202 ostio
2316 5151 2406 5202 est
2461 5146 2785 5218 ingressus.
2823 5149 3041 5208 Pudore
3098 5157 3289 5208 autem
3333 5153 3573 5209 affectus
3607 5155 3845 5210 damon

2116 5238 2267 5311 quod
2300 5238 2382 5293 sic
2405 5255 2639 5311 quoque
2680 5246 2836 5297 esset
2879 5246 3086 5309 victus,
3116 5244 3409 5300 resolutus
3440 5249 3531 5300 est
3568 5244 3629 5299 in
3656 5246 3849 5300 turbi-

2117 5345 2270 5393 nem,
2296 5328 2642 5401 onagrisque
2672 5333 3101 5390 exsultantibus
3119 5350 3182 5389 ac
3214 5335 3573 5407 fugientibus
3606 5343 3658 5391 et
3690 5341 3849 5392 stre-

2117 5418 2299 5488 pitum
2334 5417 2639 5474 edentibus
2672 5422 3056 5489 assimilatus,
3088 5421 3171 5477 sic
3210 5423 3466 5477 evanuit.

2189 5506 2305 5561 Hoc
2340 5506 2446 5562 fuit
2474 5516 2768 5565 certamen
2800 5511 2951 5567 beati
2982 5512 3326 5579 Nathaoael,
3356 5520 3413 5567 et
3438 5512 3531 5568 hac
3561 5522 3707 5568 sunt
3730 5514 3848 5569 vir-

2116 5600 2270 5652 tutes
2302 5595 2427 5663 ejus
2456 5599 2900 5666 exercitationis,
2932 5607 2990 5657 et
3057 5618 3252 5674 pugna
3303 5602 3518 5657 invicta
3546 5603 3846 5662 adversus

2119 5686 2513 5744 adversarium
2544 5703 2559 5753 ;
2592 5695 2647 5744 et
2680 5688 2773 5746 hic
2808 5706 2937 5762 ejus
2967 5692 3211 5749 celebris
3243 5692 3374 5748 vitae
3408 5691 3563 5750 linis.
