4100 6204
429 339 583 403 1043

1004 478 1263 532 ΚΕΦΔΛ.
1300 474 1398 547 Ie’,
1434 474 1509 530 κ’.

785 554 915 630 Περί
949 555 1237 631 Μακαρίου
1266 560 1362 610 τοῦ
1396 554 1721 632 Αἰγυπτίου.

499 646 572 701 Τά
610 646 748 699 κατά
793 644 921 706 τοὺς
973 644 1165 719 ἁγίους
1216 643 1307 699 καὶ
1356 643 1653 707 ἀθανάτους
1690 644 1927 719 Πατέρας
1959 652 2085 702 Μα-

428 734 617 809 κάριον
675 734 767 788 τὸν
823 732 1140 808 Αἰγύπτιον,
1198 733 1289 787 καὶ
1349 734 1627 808 Μακάρων
1687 736 1776 789 τὸν
1838 733 2090 807 Ἀλεξαν-

431 813 581 891 δρέα,
640 816 767 877 τοῦς
845 814 1121 891 γενναίους
1208 811 1401 889 ἄνδρας
1467 815 1556 869 καὶ
1615 815 2089 892 ἀκαταγωνίστους

430 902 691 971 ἀθλητάς,
733 909 828 959 τοῦ
888 902 1136 977 ἐναρέτου
1202 904 1324 977 βίου
1386 900 1525 957 ἆθλα
1583 903 1768 959 πολλά
1816 900 1945 959 ὅντα
1998 907 2085 959 καὶ

433 992 664 1069 μεγάλα,
724 996 810 1047 καὶ
873 997 1071 1066 μικροῦ
1128 990 1238 1047 δεῖν
1304 990 1568 1047 δύσπιστα
1632 999 1750 1055 τοῖς
1818 993 2088 1057 ἀπίστοις,

432 1075 574 1130 ὀκνῶ
622 1072 1008 1148 διηγήσασθαι,
1051 1074 1138 1127 καὶ
1199 1078 1383 1149 γραφῇ
1432 1070 1787 1148 παραδοῦναι,
1840 1076 1917 1147 μὴ
1959 1096 2092 1131 ποτε

430 1163 520 1219 καὶ
566 1162 803 1237 ψεύστου
864 1160 1020 1232 δόξαν
1079 1162 1643 1235 ἀπενέγκωμαι.”οτι
1701 1161 1758 1217 δὲ
1820 1161 2089 1219 ἀπολλύει

433 1254 629 1325 Κύριος
688 1250 888 1313 πάνατς
938 1250 1065 1313 τοὺς
1139 1248 1443 1312 λαλοῦντας
1501 1251 1563 1305 τὸ
1629 1249 1853 1325 ψεῦδος,
1910 1257 2093 1329 σαφῶς

432 1340 575 1397 ἔστιν
613 1338 745 1396 ἰδεῖν
774 1340 1197 1418 ἀποφηνάμενον
1227 1340 1289 1394 τὸ
1322 1344 1541 1413 Πνεῦμα
1570 1341 1630 1395 τὸ
1662 1342 1834 1414 ἅγιον.

504 1425 679 1497 ,Εμοῦ
709 1421 887 1476 τοίνυν
939 1424 1013 1495 μή
1073 1420 1409 1495 ψευδομένου
1469 1419 1558 1476 διά
1611 1424 1711 1491 την
1776 1424 1939 1501 χάριν
1997 1429 2095 1479 τοῦ

435 1514 657 1586 Κυρίου,
714 1512 1004 1566 πιστότατε
1062 1516 1170 1565 τῶν
1228 1507 1434 1583 ἀνδρῶν
1505 1514 1701 1579 Λαῦσε,
1750 1511 1839 1566 καὶ
1930 1512 2094 1575 αὐτὸς

437 1595 512 1666 μὴ
546 1591 756 1646 ἀπίστει
787 1595 903 1652 τοῖς
951 1595 1058 1644 τῶν
1118 1588 1291 1663 ἁγίων
1355 1588 1617 1664 Πατέρων
1679 1589 1895 1661 ἄθλοις,
1955 1590 2102 1647 ἀλλά

437 1680 651 1753 μᾶλλον
711 1678 1138 1757 ἐγκαλλωπίζου
1202 1677 1408 1733 τούτων
1467 1683 1574 1733 τῶν
1640 1676 1945 1751 ἀοιδίμων,
2003 1682 2095 1735 καὶ

432 1770 603 1832 ὅντως
637 1770 944 1845 μακαρίων,
994 1773 1100 1824 τῶν
1150 1770 1260 1823 κατ’
1322 1768 1474 1837 ἀξίαν
1528 1771 1634 1822 τῶν
1693 1767 1855 1823 ὁσίων
1916 1768 2097 1826 ἄθλων

435 1862 611 1917 αὐτῶν
644 1867 742 1929 τῆς
778 1858 1060 1929 ἀσκήσεως
1092 1860 1181 1913 καὶ
1212 1856 1277 1912 τά
1307 1855 1546 1931 ὑνόματα
1574 1857 1945 1930 κεκτημένων.

506 1953 562 2005 '0
608 1950 701 2021 μὶν
760 1953 981 2017 πρῶτος
1041 1946 1289 2016 ἀθλητής
1347 1950 1443 2001 τοῦ
1493 1951 1754 2019 Χριστοῦ,
1814 1947 2093 2019 Μακάριος

434 2038 685 2111 ἀνόματι,
720 2036 1019 2111 Αἰγύπτιος
1074 2040 1154 2107 τῷ
1185 2037 1323 2109 γένει
1367 2035 1612 2111 ὑπῆρχεν
1648 2054 1662 2068 ο
1697 2036 1725 2090 6
1758 2034 1814 2090 δὲ
1847 2034 2095 2112 δεύτερος

433 2124 503 2194 τῇ
544 2119 761 2189 ἠλικιᾳ,
804 2122 1022 2192 πρῶτος
1066 2114 1124 2171 δὲ
1170 2122 1288 2181 τοῖς
1332 2119 1716 2191 προτερήμασι
1765 2122 1875 2172 τῶν
1927 2138 2094 2190 μοναο

435 2210 578 2281 χῶν,
627 2204 718 2260 καὶ
759 2204 921 2267 αὑτὸς
976 2206 1255 2278 Μακάριος
1308 2203 1646 2277 καλούμενοι
1694 2209 1774 2277 τῷ
1840 2204 2093 2278 ὀνόματι,

428 2293 834 2370 ,Ἀλεξανδρέων
864 2294 1102 2364 πολίτης
1134 2293 1375 2371 γέγονεν,
1396 2295 1722 2370 τραγήματα
1750 2295 2091 2370 πιπράσκων.

509 2384 612 2441 Καὶ
690 2383 757 2439 τά
825 2384 919 2456 μὶν
974 2389 1164 2458 πρῶτα
1240 2380 1581 2457 διηγήσομαι
1636 2388 1732 2439 τοῦ
1793 2385 2094 2461 Αἰγυπτίου

439 2473 719 2547 Μακαρίου
758 2474 853 2534 τάς
923 2471 1138 2547 ἀρετάς,
1190 2472 1247 2533 ’ὸς
1288 2470 1474 2541 ἔζησεν
1526 2472 1595 2527 τά
1654 2472 1941 2545 σύμπαντα
1996 2470 2087 2545 ἔτη

437 2560 781 2632 ἐνενήκοντα.
827 2562 961 2617 Ἀπὸ
1013 2561 1220 2615 τούτων
1288 2560 1340 2616 ἐν
1398 2564 1465 2633 τῇ
1535 2559 1728 2634 ἐρήμῳ
1794 2560 2090 2632 πεποίηκεν

439 2651 695 2721 ἑξήκοντα
734 2647 853 2720 ἔτη.
901 2651 1329 2724 Τριακονταετης
1387 2648 1624 2704 ἀνελθὼν
1684 2650 1944 2722 νεώτερος
2020 2657 2089 2727 τῇ

439 2740 631 2813 ἡλικίᾳ
696 2745 961 2818 σφριγῶν,
1026 2741 1262 2815 τοσαύτῃ
1324 2739 1480 2801 οὗτος
1524 2740 1798 2815 ἐχρήσατο
1836 2742 2094 2817 καρτερίᾳ

439 2829 615 2885 πόνων
645 2830 951 2898 ἀσκητικῶν
982 2827 1033 2883 ἐν
1075 2828 1229 2891 ὅλοις
1292 2826 1422 2885 δέκα
1479 2828 1671 2899 ἔτεσιν,
1732 2830 1808 2896 ὡς
1868 2829 2091 2900 πολλῆς

438 2921 527 2975 καὶ
575 2920 821 2997 μεγάλης
874 2918 1069 2976 τοῦτον
1137 2921 1435 2993 ἀξιωθῆναι
1505 2918 1827 2996 διακρίσεως
1871 2944 1885 2957 ·
1953 2923 2091 2979 ὥττε

436 3008 722 3066 καλεῖσθαι
794 3010 950 3065 αὑτὸν
1024 3008 1537 3088 παιδαριογὲροντα,
1620 3011 1806 3080 ἐπειδὴ
1901 3015 2090 3069 θάττον

437 3106 539 3169 τῆς
589 3099 814 3169 ἡλικίας
872 3100 1175 3175 προέκοψεν
1224 3105 1340 3162 ταῖς
1411 3100 1647 3175 ἀρεταῖς.
1726 3108 2087 3177 Τεσσαρακον-

435 3190 631 3258 ταετὴς
660 3191 762 3267 γάρ
808 3191 1099 3266 γενόμενος
1151 3189 1287 3244 κατά
1326 3191 1645 3263 πνευμάτων
1696 3186 1887 3245 ἔλαϐεν
1936 3194 2086 3265 ἔξου-

438 3282 718 3348 σιαστικὴν
786 3276 1035 3350 δύναμιν,
1104 3276 1191 3331 καὶ
1286 3277 1537 3351 χάρισμα
1631 3277 1902 3351 ἰαμάτων,
1996 3283 2084 3336 καὶ

436 3373 651 3439 πνεῦμα
693 3366 1075 3441 προρρήσεων.
1131 3365 1453 3434 Κατηξιώθη
1491 3363 1550 3419 δὲ
1587 3366 1675 3419 καὶ
1714 3374 1814 3436 τῆς
1862 3368 2083 3442 ἐντίμου

435 3456 756 3530 ἱερωσύνης,
786 3456 970 3525 Τούτῳ
1014 3457 1245 3518 συνῆσαν
1288 3450 1384 3506 δύο
1426 3455 1661 3524 μαθηταὶ
1695 3455 1769 3515 εἰς
1814 3457 1913 3524 τὴν
1954 3456 2080 3531 ἔρη.

438 3565 537 3617 μον
570 3547 670 3613 τήν
712 3542 1000 3618 ἐγδοτάτω,
1052 3546 1153 3614 τὴν
1206 3541 1554 3615 καλουμένην
1609 3546 1809 3615 Σκῆτιν
1848 3565 1860 3578 ⁶
1918 3550 1992 3603 ὧν
2054 3550 2082 3605 6

439 3634 534 3705 μὶν
564 3632 640 3696 εἷς
670 3632 842 3687 αὐτῶν
870 3634 937 3703 ἦν
984 3632 1130 3704 αὑτῷ
1163 3634 1459 3705 ὑπηρέτης,
1509 3633 1744 3704 πλησίυν
1778 3633 1942 3692 αὑτοῦ
1993 3636 2082 3693 διά

438 3724 637 3784 παντὸς
671 3722 1057 3798 εὑρισκόμενος
1092 3720 1181 3778 διά
1209 3727 1271 3778 τὸ
1299 3723 1428 3784 τοὺς
1460 3722 1881 3799 εἰσερχομένους
1929 3728 2083 3802 6190-

436 3813 686 3871 πεύεσθαι
720 3833 733 3847 ·
767 3815 795 3869 6
828 3813 884 3871 δὲ
914 3815 995 3877 εῖς
1027 3814 1297 3890 ἀνεχώρει
1326 3816 1443 3869 κατ’
1474 3812 1616 3870 ἰδίαν
1650 3815 1725 3879 εἰς
1758 3814 1982 3876 κὲλλαν.

508 3905 719 3980 Χρόνου
773 3901 831 3960 δὲ
882 3904 1262 3979 προκόψαντος
1321 3901 1616 3977 διορατικῷ
1674 3904 1884 3979 ὄμματι
1943 3926 2081 3981 προ-

438 3991 644 4070 ϐλεψας
677 3996 704 4050 6
758 3996 911 4071 ἅγιος
944 3994 1201 4070 λέγειτῷ
1249 3995 1606 4070 ὑπηρετοῦντι
1658 3997 1805 4068 αὐτῷ
1852 3997 2079 4071 ὀνόματι

435 4087 688 4160 Ἰωάννῃ,
747 4084 822 4147 εἰς
877 4083 1097 4159 ὕστερον
1160 4082 1215 4140 δὲ
1272 4088 1544 4159 γενομένῳ
1599 4081 1953 4160 πρεσϐυτέρῳ
2007 4087 2082 4150 εἰς

434 4177 529 4231 τὸν
583 4176 750 4230 τόπον
805 4177 902 4228 τοῦ
962 4173 1117 4249 ἁγίου
1177 4173 1457 4247 Μακαρίου
1507 4170 1920 4249 (πρεσϐυτερίου
1974 4177 2079 4254 γὰρ

436 4264 647 4335 ἠξιώθη
714 4264 742 4317 6
822 4261 985 4337 μέγας
1063 4261 1390 4334 Μακαρίος),
1450 4260 1532 4317 δτι
1609 4263 1869 4319 ’Δκουσόν
1951 4286 2079 4339 μου,

436 4349 637 4427 ἀδελφὶ
668 4351 917 4421 Ἰωάννη,
947 4350 1039 4405 καὶ
1089 4350 1333 4423 ἀνάσχου
1385 4372 1489 4423 μου
1516 4357 1617 4421 τῆς
1664 4352 1959 4423 νουθεσίας,
1990 4356 2081 4410 καὶ

438 4439 752 4515 συνενέγκαί
782 4460 868 4494 σοι
894 4437 1033 4517 ἔχει.
1069 4441 1307 4513 Πειράζῃ
1341 4440 1466 4515 γὰρ,
1515 4440 1669 4516 φησί,
1701 4443 1790 4496 καὶ
1838 4445 2080 4519 πειράζει

438 4550 497 4584 σε
552 4529 614 4583 τὸ
680 4532 893 4601 πνεῦμα
952 4530 1049 4597 τῆς
1125 4524 1512 4607 φιλαργυρίας.
1571 4529 1724 4587 Οὕτω
1794 4533 1897 4609 γὰρ
1974 4533 2079 4611 ἐγὼ

1946 340 2313 405 PALLADII

2110 483 2279 551 Αναι
2328 474 2659 556 ἀδηφαγίαν,
2710 477 2744 547 ἢ
2805 476 2950 547 παρά
2990 478 3107 537 τοῖς
3155 473 3302 530 οῦσιν
3362 475 3413 530 ἐν
3472 480 3587 539 τοῖς
3645 471 3834 538 τόποις

2122 1864 2173 1932 Β

3676 341 3831 403 1044

2196 564 2452 633 ἐκείνοις,
2482 567 2573 622 καὶ
2604 564 2696 622 διὰ
2720 567 2819 635 τήν
2854 566 3039 620 σπάνιν
3073 569 3181 620 τῶν
3226 569 3453 644 χρειῶν,
3485 566 3573 619 καὶ
3626 560 3718 619 διὰ
3744 565 3834 619 τὸν

2196 658 2331 712 κατά
2377 658 2506 714 Θεὸν
2557 655 2725 726 ζῆλον
2770 660 2877 712 τῶν
2932 654 3334 709 κατοικούντων
3390 655 3523 721 ἐκεῖ,
3569 653 3655 709 ἀεὶ
3708 655 3842 728 πρὸς

2202 745 2491 816 ἀλλήλους
2541 747 2780 801 ἑκάστων
2841 744 3297 823 φιλονεικούντων
3357 738 3695 819 ὑπερϐαίνειν
3753 744 3841 799 τὸν

2198 834 2437 907 πλησίον
2465 841 2584 897 ταῖς
2618 833 2901 913 διαφόροις
2932 834 3258 898 πολιτείαις.

2273 928 2401 999 Περί
2436 922 2493 980 δὲ
2540 932 2643 993 τῆς
2676 922 2857 994 ἄλλης
2904 926 3185 993 ἀσκήσεως
3230 922 3425 978 τούτου
3449 927 3546 979 τοῦ
3595 922 3843 998 οὐρανίου

2201 1012 2420 1088 ἀνδρὸς,
2453 1016 2740 1090 Μακαρίου
2774 1014 2938 1091 λέγω,
2972 1012 3191 1088 ἐλέγετο
3240 1013 3397 1074 οὗτος
3427 1014 3456 1068 6
3504 1014 3663 1089 ἅγιος
3699 1011 3847 1068 d610-

2205 1095 2464 1167 λείπτως,
2514 1094 2843 1166 ἐξίστασθαι,
2892 1095 2982 1150 καὶ
3031 1092 3245 1167 μᾶλλον
3276 1098 3355 1166 τῷ
3398 1093 3611 1149 πλείονι
3660 1095 3847 1170 χρόνῳ

2202 1182 2645 1262 προσδιατρίϐειν
2698 1184 2903 1258 Θεῷ,ἢ
2948 1191 3063 1245 τοῖς
3110 1184 3200 1239 ὑπ’
3230 1184 3459 1259 οὐρανὸν
3510 1182 3845 1259 πράγμασιν.

2208 1277 2281 1332 Οῦ
2311 1277 2401 1331 καὶ
2433 1273 2665 1356 διάφορα
2695 1275 2946 1353 φέρονται
2979 1273 3250 1348 θαύματα.

2277 1367 2439 1439 Ἀνήρ
2496 1386 2578 1424 τις
2635 1363 2933 1439 Αἰγύπτιος
3009 1363 3218 1427 ἄσωτος
3291 1360 3532 1437 ἑρασθεὶς
3598 1363 3846 1439 γυναικὸς

2206 1452 2489 1530 ἐλευθέρας
2526 1452 2823 1529 ὑπάνδρου,
2854 1454 2945 1508 καὶ
2997 1453 3074 1525 μὴ
3107 1450 3405 1526 δυνάμενος
3454 1451 3622 1521 αύτῆν
3671 1449 3850 1508 δελεάο

2208 1566 2318 1614 σαι,
2366 1542 2456 1599 διὰ
2510 1546 2611 1614 τῆν
2659 1542 3016 1623 σωφροσύνην
3066 1543 3267 1613 ταύτης
3325 1542 3462 1617 πρὸς
3505 1543 3598 1597 τὸν
3651 1544 3850 1617 παρθε-

2206 1636 2354 1689 νικὸν
2394 1634 2560 1703 αὑτῆς
2610 1631 2796 1707 ἄνδρα,
2823 1631 3249 1708 προσωμίλησεν
3304 1632 3467 1708 γόητι
3500 1633 3528 1686 6
3575 1632 3851 1708 κακόσχο-

2209 1723 2329 1793 λος,
2362 1724 2539 1800 λέγων
2590 1722 2757 1795 αὐτῷ,
2804 1725 2872 1779 Ἢ
2919 1720 3045 1779 ἕλον
3094 1724 3297 1794 ταύτην
3347 1721 3423 1784 εἴς
3466 1724 3529 1777 τὸ
3578 1721 3848 1796 ἀγαπῆσαί

2211 1835 2297 1888 με,
2346 1814 2382 1883 ἢ
2434 1810 2655 1889 ἔργασαί
2701 1835 2753 1869 τι
2800 1816 2869 1887 τῇ
2920 1811 3091 1893 τέχνῃ
3144 1834 3259 1876 σου,
3300 1810 3392 1867 ἵνα
3620 1812 3847 1879 αύτὴνὸ

2206 1902 2344 1979 ἁνήρ
2377 1904 2567 1972 αὑτῆς.
2601 1898 2798 1959 Λαϐὼν
2832 1900 2921 1958 οῦν
2962 1904 2989 1958 6
3019 1902 3155 1976 γόης
3185 1903 3248 1957 τὸ
3281 1900 3455 1957 ἰκανὸν
3488 1902 3618 1973 παρ’
3660 1901 3845 1973 αὑτοῦ,

2207 1985 2482 2061 ἐχρήσατο
2538 1989 2656 2046 ταῖς
2716 1984 2907 2039 ἑαυτοῦ
2983 1983 3264 2059 γοητείαις
3320 1983 3408 2038 καί
3484 1982 3845 2057 μαγγανείαις.

2206 2073 2306 2129 Καὶ
2358 2076 2434 2142 μή
2496 2068 2746 2142 δυνηθεὶς
2794 2070 2958 2140 αὐτῆς
3009 2069 3265 2140 ἐκστῆσαι
3325 2073 3415 2125 τὸν
3471 2073 3597 2124 νοῦν
3652 2068 3730 2132 εἰς
3788 2070 3846 2125 τὸ

2204 2162 2382 2235 τούτῳ
2435 2162 2737 2227 συνθεσθαι,
2794 2159 3186 2235 παρασκευάζει
3253 2159 3422 2229 αὐτὴν
3494 2160 3569 2220 ὡς
3638 2155 3848 2237 φοράδα

2204 2257 2435 2328 φανῆναι
2465 2255 2583 2313 τοῖς
2614 2248 2780 2320 αὐτὴν
2824 2246 3138 2322 θεωμένοις.
3172 2248 3402 2319 ’Ἐξωθεν
3442 2244 3624 2302 τοίνυν
3676 2245 3844 2302 ἐλθὼν

2204 2340 2232 2395 6
2265 2340 2399 2409 ἀνὴρ
2450 2338 2638 2409 αὑτῆς,
2673 2336 2725 2394 ἐν
2780 2340 3032 2414 σχήματι
3076 2335 3312 2416 φοράδος
3360 2337 3460 2406 τήν
3507 2337 3703 2393 ἑαυτοῦ
3750 2358 3845 2410 γυ-

2201 2434 2358 2484 ναῖκα
2389 2424 2613 2483 ἔϐλεπεν
2650 2447 2664 2463 ·
2713 2427 2802 2483 καὶ
2834 2426 2921 2482 ἐπὶ
2971 2434 3071 2497 τῆς
3104 2428 3296 2483 ἑαυτοῦ
3342 2424 3536 2496 κοίτης
3579 2423 3847 2481 κατακλι-

2204 2518 2337 2587 θεὶς,
2395 2516 2651 2589 ἐξενίζετο
2710 2518 2795 2573 ὅτι
2853 2516 2929 2579 εἰς
2983 2517 3074 2573 τὸν
3130 2512 3399 2591 κράϐατον
3450 2515 3614 2572 αὑτοῦ
3673 2516 3845 2593 φοράς

2201 2607 2457 2665 ἀνέκειτο.
2510 2606 2697 2664 Κλαίει
2758 2605 2846 2662 οῦν
2899 2609 2926 2662 6
2985 2607 3119 2681 ἀνὴρ
3176 2605 3365 2675 αὐτῆς,
3420 2605 3511 2659 καὶ
3568 2602 3845 2681 ὀδύρεται,

2206 2700 2282 2772 μή
2317 2698 2581 2772 εὑρίσκων
2612 2699 2674 2753 τὸ
2703 2702 2926 2771 πρᾶγμα
2959 2713 2973 2727 ⁸
3007 2696 3098 2751 καὶ
3130 2696 3206 2758 ὡς
3238 2694 3477 2769 νομίζων
3514 2696 3642 2768 ζώῳ
3674 2715 3844 2768 προσο

2201 2777 2438 2850 ομιλεῖν,
2516 2776 2853 2850 ἀποκρίσεως
2931 2775 3031 2831 0611
3110 2775 3421 2851 ἐτύγχανεν,
3486 2774 3850 2849 ὀργιζομένης

2198 2874 2297 2936 τῆς
2344 2867 2618 2945 γυναικός.
2654 2867 2796 2921 ἘπΞί
2841 2865 3056 2927 τούτοις
3105 2862 3483 2942 παρακαλέσας
3531 2868 3656 2925 τους
3702 2884 3844 2938 πρε-

2200 2953 2493 3030 σϐυτέρους
2547 2963 2646 3025 τῆς
2701 2956 2919 3028 κώμης,
2976 2960 3050 3016 εἰς
3105 2956 3196 3010 τὸν
3258 2954 3405 3010 οἰκον
3463 2954 3692 3030 εἳσάγει,
3752 2952 3845 3008 καὶ

2200 3044 2435 3103 δείκνυσι
2468 3046 2667 3118 ταύτην
2699 3048 2905 3109 αὑτοῖς.
2937 3047 2999 3101 Οἱ
3042 3044 3100 3101 δὶ
3129 3044 3242 3101 066'
3274 3046 3431 3102 αὐτοὶ
3484 3052 3715 3114 συνῆκαν
3744 3046 3846 3115 τήν

2198 3138 2479 3211 συμφοράν
2554 3139 2655 3207 τὴν
2730 3130 3141 3191 καταλαϐοῦσαν
3217 3135 3433 3197 αὐτούς.
3498 3136 3621 3191 Ἐπὶ
3696 3140 3841 3209 τρεῖς

2117 3237 2162 3302 C
2200 3202 2622 3290 τοίνὺνὴμέρας
2666 3214 2792 3273 οὔτε
2822 3217 3028 3296 χόρτου
3082 3214 3494 3290 μεταλάμϐανεν
3525 3217 3599 3277 ὡς
3647 3202 3839 3297 φοράς,

2200 3305 2323 3364 οὔτε
2379 3305 2544 3381 ἄρτου
2602 3307 2675 3369 ὡς
2737 3308 3039 3381 ἅντρωπος,
3102 3307 3422 3384 ἀμφοτέρων
3497 3305 3836 3378 ἐστερημένη

2192 3402 2298 3452 τῶν
2346 3402 2587 3470 τροφῶν.
2638 3393 2943 3463 Τέλος,’ίνα
2992 3393 3223 3471 δοξασθῃ
3276 3397 3304 3451 6
3353 3397 3501 3462 Θεὸς,
3552 3395 3641 3450 καὶ
3694 3399 3834 3472 φανῇ

2192 3488 2227 3555 ἡ
2260 3486 2423 3560 ἀρετή
2469 3489 2568 3540 τοῦ
2600 3484 2758 3561 ἁγίου
2806 3484 3107 3559 Μακαρίου,
3138 3479 3297 3556 ἂνὲϐη
3331 3482 3419 3540 ἐπὶ
3466 3486 3565 3553 τῆν
3612 3482 3835 3557 καρδίαν

2191 3578 2288 3629 τοῦ
2319 3572 2513 3648 ἀνδρὸς
2544 3572 2709 3642 αὐτῆς
2749 3574 2965 3651 ἀγαγεῖν
3002 3574 3169 3643 αὑτὴν
3200 3574 3277 3635 εἰς
3305 3576 3405 3644 τὴν
3459 3567 3669 3650 ἔρημον
3703 3574 3841 3647 πρὸς

2190 3657 2282 3711 τὸν
2343 3656 2489 3711 ὅσιον
2550 3653 2756 3727 ἄνδραο
2807 3657 2898 3711 καὶ
2953 3655 3243 3733 φορτιάσας
3288 3656 3458 3723 αυτ-ἡν
3514 3656 3589 3717 ὡς
3638 3652 3837 3725 ἵππον,

2192 3745 2366 3809 οὕτως
2400 3746 2570 3813 αὐτὴν
2602 3746 2807 3823 ἤγαγεν
2842 3746 2919 3809 εἰς
2963 3746 3061 3814 τήν
3092 3744 3297 3822 ἔρημον
3343 3743 3469 3801 ἔνθα
3496 3742 3626 3819 ᾤκει
3677 3745 3704 3801 6
3731 3748 3838 3800 τοῦ

2193 3835 2327 3895 Θεοῦ
2377 3834 2681 3911 ἄνθρωπος.
2736 3837 2820 3893 Ἐν
2868 3833 2925 3892 δὶ
2973 3840 3050 3908 τῷ
3098 3836 3305 3914 ἐγγίσαι
3364 3834 3588 3905 αὖτοὺσ,
3649 3835 3837 3906 εἱστή-

2189 3949 2370 3983 κεισαν
2401 3928 2452 3983 οἱ
2484 3924 2711 4003 ἀδελφοὶ
2742 3924 2981 3996 πλησίον
3013 3933 3113 3995 τῆς
3143 3925 3351 3996 κέλλης
3376 3930 3474 3982 τοῦ
3504 3924 3661 4000 άγίου
3711 3931 3837 3982 Μα-

2189 4017 2403 4089 καρίου,
2452 4016 2986 4096 ἀπομαχόμενοιτῷ
3014 4014 3169 4092 ἀνδρὶ
3217 4017 3406 4088 αὐτῆς,
3438 4017 3526 4072 καὶ
3572 4014 3843 4091 λέγοντες,

2191 4104 2251 4157 Τί
2308 4098 2507 4176 ἤγαγες
2568 4098 2674 4155 ὧδε
2724 4100 2825 4166 τὴν
2885 4099 3095 4175 φοράδα
3148 4100 3349 4171 ταύτην
3404 4100 3845 4175 ςἈποκρίνεται

2191 4190 2366 4266 λέγων
2399 4190 2583 4253 αὐτοῖς
2634 4189 2855 4255 ἐκεῖνος,
2895 4194 3011 4248 Ἵνα
3058 4188 3262 4266 ἐλεηθῇ
3292 4194 3361 4265 τῇ
3410 4193 3696 4266 προσευχῇ
3745 4194 3846 4245 τοῦ

2192 4277 2429 4336 δικαίου.
2464 4280 2527 4333 Οἰ
2560 4276 2615 4333 δὶ
2646 4280 2786 4353 πρὸς
2810 4278 2971 4334 αὑτόν
3005 4298 3019 4312 ·
3051 4280 3111 4334 Τί
3142 4281 3244 4354 γάρ
3278 4274 3397 4359 ἔχει
3441 4279 3645 4347 κακόνς
3681 4286 3847 4353 Λέγει

2192 4368 2379 4430 αὑτοῖς
2428 4368 2659 4434 ἐκεῖνος,
2689 4373 2785 4424 Ἦν
2836 4368 2997 4442 ὁρᾶτε
3026 4364 3235 4446 φοράδα
3282 4369 3501 4439 ταύτην,
3544 4371 3681 4443 γυνή
3738 4389 3847 4441 μου

2190 4450 2255 4519 ἦν
2289 4448 2475 4519 ἀθλία,
2507 4451 2598 4504 καὶ
2653 4446 2751 4504 οὑκ
2781 4447 2907 4504 οἰδα
2956 4445 3074 4512 πῶς
3127 4445 3443 4523 μετεϐλήθη
3498 4449 3575 4511 εἷς
3617 4447 3797 4506 ’ίππον
3829 4468 3844 4484 ⁸

2189 4538 2278 4594 καὶ
2318 4540 2557 4612 σήμερον
2607 4536 2721 4613 ἔχει
2772 4544 2918 4613 τρεῖς
2965 4538 3174 4612 ἡμέρας
3227 4535 3460 4612 μηδενός
3509 4540 3847 4614 γευσαμένη,

438 4618 672 4695 ἑώρακα.
706 4619 806 4676 Καὶ
855 4616 997 4691 οἴδα,
1052 4617 1134 4675 ὅτι
1181 4617 1269 4673 ἐάν
1321 4640 1431 4692 μου
1478 4618 1724 4696 ἀνάσχῃς
1771 4630 1869 4693 τῆς
1910 4645 2081 4701 παρα·
2117 4633 2163 4699 D
2194 4629 2257 4684 Οἱ
2318 4625 2376 4683 δὲ
2431 4627 2756 4692 ἀκούσαντες
2809 4633 2978 4684 ταῦτα
3030 4629 3351 4709 ἀναφέρουσι
3406 4633 3485 4701 τῷ
3551 4632 3849 4705 θεράποντι

438 4708 712 4783 κλήσεως,
762 4708 1102 4784 τελειωθήσῃ
1152 4708 1203 4763 ἐν
1252 4712 1331 4781 τῷ
1372 4707 1518 4786 ἔργῳ
1575 4716 1671 4766 τοῦ
1720 4715 1851 4768 Θεοῦ
1904 4712 1955 4769 ἐν
2004 4719 2082 4784 τῷ

437 4802 595 4874 τόπῳ
641 4802 843 4874 τούτῳ,
875 4801 963 4857 καὶ
1017 4798 1347 4877 δοξασθήσῃ,
1388 4803 1477 4857 καὶ
1530 4804 1721 4877 μάστιξ
1769 4803 1869 4858 οὑκ
1915 4804 2085 4880 ἐγγιεῖ

435 4889 515 4955 τῷ
560 4883 880 4957 σκηνώματί
938 4903 1056 4941 σου.
1107 4884 1231 4939 Ἐάν
1292 4880 1349 4937 δὲ
1410 4904 1519 4955 μου
1574 4884 1937 4957 παρακούσης,
1984 4891 2081 4941 τοῦ

440 4970 598 5032 Γιεζῆ
630 4961 748 5033 ἥξει
797 4964 886 5019 ἐπὶ
918 4965 975 5020 σὲ
1002 4964 1069 5019 τὰ
1115 4964 1271 5034 τὲλη,
1307 4965 1368 5018 οὗ
1399 4963 1489 5017 καὶ
1539 4965 1641 5030 τὴν
1678 4963 1833 5018 νόσον
1881 4973 2079 5030 νοσεῖς.

438 5038 646 5114 Συνέϐη
688 5039 747 5099 δὶ
796 5044 953 5099 αὐτὸν
1003 5046 1100 5098 τοῦ
1149 5045 1244 5115 μὲν
1293 5042 1450 5117 ἁγίου
1496 5043 1693 5097 τούτου
1743 5050 2081 5119 παρακοῦσαι

442 5133 578 5207 μετά
630 5134 731 5203 τήν
786 5132 1048 5205 κοίμησιν
1104 5136 1203 5187 τοῦ
1267 5131 1533 5186 ἀθανάτου
1612 5135 1915 5207 Μακαρίου,
1982 5136 2084 5192 ὑπ-

437 5220 665 5271 ακοῦσαι
698 5211 755 5269 δὲ
801 5214 965 5268 αὑτὸν
998 5216 1077 5285 τῷ
1123 5213 1214 5266 τὸν
1259 5208 1465 5267 Ἰούδαν
1514 5216 1581 5287 τῇ
1633 5212 1967 5292 φιλαργυρίᾳ

439 5304 653 5383 ἀγχόνῃ
685 5302 1024 5378 πρυσάψαντι
1057 5318 1071 5331 ·
1126 5302 1217 5356 καὶ
1253 5302 1389 5375 μετά
1438 5299 1583 5357 ἄλλα
1627 5300 1915 5361 δεκαπέντε
1965 5302 2085 5378 ἔτη,

435 5391 604 5469 ἤγουν
648 5392 843 5460 εἴκοσι,
896 5390 1069 5453 οὕτως
1124 5390 1283 5445 αὑτὸν
1338 5388 1715 5464 ὲλεφαντιάσαι
1759 5394 2089 5470 νοσφισάμε-

434 5502 525 5536 νον
557 5482 623 5536 τά
650 5486 759 5537 τῶν
794 5485 1063 5559 πτωχῶν,
1091 5480 1165 5541 ὡς
1199 5481 1276 5554 μὴ
1332 5479 1617 5554 εὑρεθῆναι
1648 5479 1699 5536 ἐν
1750 5487 1831 5554 τῷ
1877 5484 2092 5557 σώματι

431 5568 680 5643 ἀκέραιον
729 5569 897 5625 τόπον
933 5570 985 5624 ὲν
1035 5570 1082 5643 ᾧ
1121 5589 1206 5631 τις
1261 5567 1527 5625 δάκτυλον
1579 5570 1765 5641 πήεοι.
1800 5572 1898 5626 Καὶ
1947 5571 2082 5644 αῦτη

432 5657 614 5715 τοίνυν
646 5657 789 5715 ἐστὶν
823 5661 858 5728 ἡ
892 5659 1201 5740 προφητεία
1228 5662 1325 5714 τοῦ
1355 5657 1516 5736 ἁγίου
1550 5660 1858 5735 Μακαρίου.

511 5746 641 5824 Περὶ
684 5747 783 5822 μὶν
834 5748 926 5805 οῦν
976 5748 1236 5825 βρώσεως
1275 5748 1364 5804 καὶ
1411 5748 1622 5813 πόσεως
1671 5750 1923 5824 περιττόν
1978 5748 2093 5809 εστι

422 5838 517 5897 καὶ
564 5839 628 5898 τὸ
677 5834 1044 5915 διηγήσασθαι
1095 5836 1225 5902 περὶ
1278 5836 1507 5912 τούτων,
1558 5839 1725 5897 ὁπότε
1774 5838 1901 5897 οὐδὲ
1947 5844 2096 5919 παρὰ

427 5932 550 5996 Ιτοῖς
594 5928 991 6009 ῥᾳθυμοτίροις
1033 5932 1139 5988 τῶν
1193 5926 1296 6004 ἔξω
1348 5933 1612 6008 μοναχῶν
1660 5925 1802 5988 ἔστιν
1855 5930 2093 6009 εὑρεθη-

2190 4722 2291 4773 τοῦ
2340 4721 2574 4792 Χριστοῦ
2622 4718 2909 4793 Μακαρίῳ,
2952 4718 3076 4790 περὶ
3127 4719 3293 4789 αὐτῆς
3342 4714 3493 4775 ἔνδον
3539 4739 3851 4796 προσευχοο

2196 4812 2339 4884 μένῳ
2372 4828 2386 4844 ⁸
2440 4806 2793 4885 ἀπεκαλύφθη
2846 4807 2947 4883 γάρ
2982 4809 3127 4880 αὑτῷ
3171 4810 3277 4864 ἀπὸ
3322 4813 3479 4878 Θεοῦ,
3522 4809 3851 4885 ἀπερχομέ-

2191 4912 2298 4945 νων
2350 4888 2526 4944 αὑτῶν
2573 4889 2707 4961 πρὸς
2760 4887 2949 4946 αὑτόν.
3002 4888 3100 4945 Καὶ
3151 4886 3239 4943 διά
3277 4893 3439 4944 τοῦτο
3488 4890 3847 4965 προσηύχετο

2192 4970 2569 5047 φανερωθῆναι
2618 4967 2900 5039 αὐτῷτὴν
2950 4967 3124 5023 αἰτίαν
3165 4965 3235 5022 δι’
3278 4969 3337 5038 ἣν
3386 4973 3551 5024 τοῦτο
3605 4968 3847 5045 ἐγένετο,

2193 5056 2326 5131 ἅπερ
2375 5055 2465 5110 καὶ
2523 5056 2753 5124 ἤκουσεν
2800 5053 2851 5109 ἐν
2914 5060 2982 5129 τῇ
3042 5057 3331 5131 προσευχῇ
3384 5058 3561 5112 πάντα
3618 5056 3697 5118 ὡς
3754 5058 3847 5113 καὶ

2194 5145 2428 5222 ἐγένετο.
2492 5142 2848 5219 ’Δπεκρίνατο
2927 5142 2985 5199 δὲ
3061 5146 3090 5201 6
3146 5140 3303 5221 ἅγιος
3387 5146 3669 5222 Μακάριος
3726 5154 3849 5211 τοῖς

2192 5226 2583 5304 ἀπαγγείλασιν
2635 5225 2783 5297 αὐτῷ
2842 5224 3120 5304 ἀδελφοῖς,
3172 5227 3257 5283 ὅτι
3316 5224 3526 5308 φοράδα
3577 5229 3665 5291 τίς
3707 5248 3848 5285 ποτε

2193 5318 2413 5372 ἐνταῦθα
2462 5315 2689 5394 ἤγαγεν,
2738 5314 2912 5391 λὲγων
2964 5318 3159 5380 αὐτοῖς
3192 5336 3205 5349 ·
3257 5317 3444 5389 Ὑμεῖς
3498 5315 3667 5373 ’ίπποι
3728 5319 3849 5374 ἐστὶ

2195 5409 2247 5462 οἰ
2292 5411 2399 5461 τῶν
2444 5404 2631 5461 ’ίππων
2680 5402 2903 5481 ἔχοντες
2952 5407 3080 5469 τοὺς
3129 5404 3449 5485 ὀφθαλμούς
3483 5424 3499 5439 '
3552 5405 3735 5480 ἐκείνη
3792 5406 3849 5463 δὲ

2193 5490 2327 5564 γυνή
2397 5486 2562 5558 ἐστιν,
2639 5488 2713 5549 ὡς
2782 5486 2873 5541 καὶ
2949 5486 3193 5557 ἆκτίσθη,
3268 5488 3347 5559 μή
3422 5508 3849 5564 μετασχηματιο

2196 5579 2400 5647 σθεῖσα,
2434 5576 2579 5633 ἀλλά
2611 5577 2774 5652 μόνον
2822 5580 2982 5632 τοῦτο
3031 5577 3334 5650 φαινομξνη
3365 5582 3483 5640 τοῖς
3532 5580 3850 5658 ὀφθαλμοῖς

2196 5671 2303 5723 τῶν
2351 5666 2737 5740 ἠπατημένων.
2787 5665 2888 5726 Καὶ
2945 5666 3355 5743 προσαχθείσης
3411 5666 3563 5741 αὐτῷ
3618 5671 3848 5741 ταύτης,

2201 5757 2504 5835 εὐλογήσας
2557 5756 2728 5829 ὕδωρ,
2783 5758 2874 5814 καὶ
2942 5756 3053 5814 ἀπὸ
3126 5763 3371 5836 κορυφῆς
3429 5756 3631 5834 ἰκχέας
3709 5760 3849 5833 αὑτῇ

2202 5853 2409 5925 γυμνῇ,
2442 5849 2710 5925 ἐπηύξατο
2740 5852 2809 5922 τῇ
2841 5848 3044 5918 ταύτης
3084 5846 3318 5928 κεφαλῇ.
3351 5846 3450 5905 Καὶ
3497 5857 3855 5930 παραχρῆμα

2203 5936 2460 6014 ἃποίησεν
2506 5939 2673 6011 αὐτὴν
2724 5942 2855 5996 πᾶσι
2911 5942 3032 6007 τοῖς
3087 5940 3257 6015 ὁρῶσι
3311 5941 3545 6016 γυναῖκα
3596 5946 3856 6020 φανῆναι.
