4100 6204
350 378 505 442 10ιὸ

873 522 1133 582 CAPITA
1166 526 1289 585 XIX
1322 529 1409 585 ET
1440 531 1537 589 XX

344 659 471 717 Vita
514 662 737 720 abbatis
804 664 1034 723 Macarii
1058 672 1350 817 ἀίξῃμῖέὲἰὶ
1403 684 1455 731 ct
1519 677 1749 737 Macarii
1803 682 2049 739 Alexan-

1096 760 1204 797 rem
1350 785 1362 798 .

1096 760 1204 797 nm
1226 760 1362 798 14311.

411 880 754 939 Sanctorum
786 883 1283 945 etimmortalium
1307 894 1569 959 Patrum,
1612 896 1840 953 Macarii
1875 903 2044 977 IEgy-

335 969 443 1042 ptii
491 976 547 1027 et
607 972 837 1029 Macarii
916 976 1288 1034 Alexandrini
1324 983 1511 1055 (Ra/7.,
1545 986 1583 1041 ι.
1614 1003 1675 1053 ιι,
1708 1004 1753 1043 c.
1792 991 1883 1054 28,
1916 969 2037 1063 2W9),

335 1060 703 1133 egregiorum
735 1068 792 1117 et
820 1062 1165 1122 invictorum
1201 1070 1577 1142 athletarum,
1619 1075 1873 1134 honestas
1914 1060 2042 1138 vitas

336 1150 679 1214 certamina,
714 1168 840 1221 quas
889 1160 1027 1211 sunt
1060 1156 1241 1214 multa
1272 1168 1323 1215 et
1357 1178 1579 1236 magna,
1628 1178 1680 1222 et
1720 1166 2040 1229 incredulis

334 1254 513 1310 prope
537 1240 919 1311 incredibilia,
952 1251 1007 1300 et
1041 1263 1275 1305 narrare
1307 1266 1505 1307 vereor
1536 1259 1593 1308 et
1624 1256 1861 1329 scriptis
1886 1276 2042 1317 man-

335 1326 495 1394 dare,
528 1345 598 1385 ne
646 1329 791 1387 forte
843 1334 956 1411 mel
989 1339 1259 1408 tanquam
1321 1344 1612 1400 mendacis
1645 1326 1763 1401 {iatv
1803 1351 2039 1407 mentio.

338 1418 498 1484 Quod
528 1426 719 1475 autem
768 1422 920 1479 Deus
953 1426 1156 1497 perdat
1185 1445 1389 1486 omnes
1420 1433 1521 1504 qui
1547 1436 1868 1507 loquuntur
1885 1458 2042 1497 men-

336 1506 566 1564 decium
599 1509 773 1582 (Psal.
817 1515 894 1581 v),
929 1513 1065 1571 licet
1096 1522 1291 1588 aperte
1322 1521 1517 1578 videre
1568 1506 1769 1583 sancto
1818 1529 2037 1602 Spiritu

338 1600 776 1670 pronuntiante.

404 1714 547 1771 Cum
580 1731 686 1787 ego
715 1732 848 1788 ergo
881 1735 978 1789 per
1008 1722 1106 1776 Dei
1129 1725 1375 1795 gratiam
1410 1744 1525 1784 non
1560 1732 1828 1805 mentiar,
1854 1735 2038 1793 homi-

333 1819 476 1859 num
509 1803 1067 1876 ﬁdelissimeLause,
1093 1829 1164 1868 ne
1196 1815 1274 1869 sis
1308 1821 1675 1892 quoqueipse
1701 1803 2035 1885 incredulus

327 1895 402 1951 de
426 1896 660 1952 Patrum
683 1900 1131 1971 certaminibus;
1157 1907 1253 1961 sed
1280 1907 1529 1979 gloriare
1553 1914 1746 1984 potius
1765 1916 1821 1971 in
1848 1936 2030 1975 aamu-
2060 1930 2109 1993 Β

325 1984 544 2041 latione
574 1987 999 2046 exercitationis
1028 2007 1230 2050 eorum
1289 1998 1389 2070 qui
1420 2016 1550 2058 vere
1582 2010 1722 2060 sunt
1772 2005 2032 2075 Macarii,

326 2070 438 2129 hoc
469 2080 560 2131 est
584 2075 757 2132 beati.

393 2184 572 2252 Atque
605 2184 828 2253 primus
858 2188 1095 2259 quidem
1116 2190 1331 2249 Christi
1367 2195 1608 2266 athleta,
1642 2200 1878 2257 nomine
1908 2201 2031 2258 Ma-

327 2271 542 2334 carius,
565 2282 682 2327 erat
703 2289 914 2346 genere
941 2277 1246 2351 Egyptius
1277 2307 1291 2349 ;
1323 2285 1619 2342 secundus
1652 2293 1849 2345 autem
1892 2298 2031 2346 aeta-

318 2360 399 2423 te,
423 2359 524 2415 sed
547 2359 603 2414 in
629 2360 701 2416 iis
732 2380 863 2435 quas
892 2371 1462 2429 suntmonachorum
1483 2375 1783 2447 praecipua,
1817 2379 2031 2447 primas

316 2456 511 2518 partes
537 2449 824 2521 obtinens,
859 2455 956 2525 qui
990 2456 1113 2526 ipse
1127 2474 1357 2531 quoque
1373 2465 1684 2520 vocabatur
1710 2464 2026 2537 Macarius,

318 2542 443 2593 erat
468 2538 915 2606 Alexandrinus,
950 2547 1049 2617 qui
1082 2550 1364 2606 vendebat
1388 2552 1648 2611 bellaria.

382 2644 450 2700 Et
482 2645 734 2716 primum
767 2649 1003 2722 quidem
1029 2656 1277 2711 narrabo
1302 2656 1542 2715 virtutes
1590 2661 1825 2720 Macarii
1848 2671 2019 2740 Egy-

286 2726 449 2803 'ptii,
481 2735 583 2806 qui
614 2737 756 2792 vixit
815 2742 1133 2813 nonaginta
1160 2762 1342 2802 annos
1399 2748 1678 2824 integros.
1730 2754 1804 2810 Ex
1835 2726 2025 2814 hiswin

318 2821 634 2882 solitudine
663 2843 847 2884 annos
864 2832 1180 2904 sexaginta.
1209 2836 1350 2891 Cum
1380 2821 1617 2911 triginta
1646 2859 1829 2900 annos
1853 2850 2025 2903 natus

320 2916 696 2984 ascendisset,
746 2925 1018 2992 essetque
1062 2927 1230 2981 astate
1282 2928 1500 2997 junior,
1548 2934 1667 2987 tam
1711 2933 2026 2993 toleranter

320 3004 456 3060 tulit
484 3004 712 3064 labores
738 3011 1166 3069 exercitationis
1188 3019 1369 3072 totum
1403 3019 1770 3089 decennium,
1805 3030 1867 3078 ut
1901 3043 2023 3082 ma-

316 3109 430 3165 gna
458 3098 709 3167 quadam
741 3099 1027 3171 etinsigni
1064 3103 1279 3176 dignus
1310 3108 1623 3165 haberetur
1647 3112 2020 3181 discretione,

320 3184 460 3240 adeo
491 3190 555 3240 ut
610 3193 911 3244 vocaretur
960 3187 1421 3269 παιδαριυγὲρων,
1454 3197 1510 3252 id
1543 3204 1651 3268 est,
1712 3202 1771 3257 in
1815 3204 2021 3275 puerili

314 3276 483 3328 atate
512 3290 710 3343 senex,
745 3279 1021 3349 quoniam
1057 3284 1232 3339 citius
1274 3302 1447 3355 quam
1482 3304 1583 3359 pro
1631 3298 1797 3347 aetate
1832 3294 2019 3364 profe-
2059 3288 2101 3356 C

314 3372 467 3418 cerat
498 3365 828 3422 virtutibus.
864 3368 1005 3427 Cum
1038 3373 1194 3429 enim
1227 3390 1383 3431 esset
1424 3381 1818 3454 quadraginta
1839 3401 2028 3441 annos

319 3456 515 3514 natus,
559 3460 616 3510 et
654 3462 993 3527 potestatem
1026 3466 1252 3533 accepit
1281 3472 1488 3523 contra
1519 3469 1782 3540 spiritus,
1813 3478 1870 3528 et
1900 3489 2031 3546 gra-

314 3540 455 3597 tiam
472 3546 869 3611 curationum,
886 3554 941 3604 et
963 3550 1231 3621 spiritum
1249 3554 1575 3614 futurorum
1599 3562 2012 3634 praedictionis;

317 3629 533 3703 dignus
581 3649 808 3707 quoque
848 3643 937 3694 est
993 3639 1229 3698 habitus
1279 3629 1619 3703 honorando
1680 3629 2022 3709 sacerdotio.

316 3718 461 3776 Cum
493 3736 560 3777 eo
583 3720 921 3781 habitarunt
942 3727 1057 3783 duo
1075 3729 1348 3801 discipuli
1376 3734 1649 3792 inintima
1680 3739 2024 3808 solitudine,

311 3825 446 3882 que
481 3818 715 3870 vocatur
744 3815 908 3872 Scete
940 3834 955 3873 :
1001 3835 1071 3875 ex
1120 3821 1329 3893 quibus
1361 3840 1514 3881 unus
1546 3828 1779 3897 quidem
1814 3837 1939 3885 erat
1967 3831 2019 3887 ei

316 3901 604 3969 minister,
637 3904 979 3977 quisemper
1011 3910 1402 3983 propeipsum
1440 3916 1860 3987 inveniebatur,
1899 3938 2027 3992 pro-

314 3996 442 4063 pter
473 4008 573 4047 eos
622 3995 722 4066 qui
754 3998 1062 4053 veniebant
1103 4006 1169 4055 ut
1226 4009 1601 4071 curarentur;
1638 4006 1783 4062 alter
1826 4015 2017 4067 autem

312 4096 582 4138 seorsum
616 4084 853 4141 sedebat
883 4087 941 4143 in
973 4087 1139 4145 cella.

384 4199 737 4257 Procedente
768 4208 959 4260 autem
985 4210 1410 4277 tempore,cum
1441 4216 1677 4269 sanctus
1699 4216 2021 4289 perspicaci

308 4290 479 4347 oculo
514 4293 889 4364 prasvidisset,
924 4297 1184 4355 dicitsuo
1211 4300 1725 4371 ministro,Joanni
1761 4311 2016 4383 nomine,

308 4383 407 4454 qui
444 4391 643 4453 postea
668 4384 853 4441 factus
878 4393 964 4443 est
998 4391 1369 4463 presbyterio
1414 4394 1539 4450 loco
1574 4400 1758 4454 sancti
1786 4399 2019 4460 Macarii

302 4471 723 4544 (presbyteratu
757 4476 909 4532 enim
935 4479 1147 4550 dignus
1182 4483 1614 4543 fuerathabitus
1633 4505 1877 4562 magnus
1894 4493 2019 4550 Ma-

303 4562 512 4627 carius)
548 4579 563 4618 :
593 4562 735 4619 Audi
768 4581 880 4636 me,
904 4566 1078 4623 frater
1121 4570 1401 4640 Joannes,
1435 4580 1490 4630 et
1518 4576 1601 4631 fer
1629 4594 1790 4649 aequo
1816 4582 2015 4638 animo

1699 365 2068 467 ats'roatA
2114 405 2516 476 LAUSIACA.

2082 542 2133 609 Α
2169 554 2363 640 posset
2394 551 2566 623 figere
2594 554 2863 628 digitum.
2892 562 3020 618 Haec
3049 566 3139 621 est
3172 567 3472 640 prophetia
3516 572 3703 629 sancti
3738 574 3857 632 Ma-

3707 434 3861 497 1οι6

2147 654 2311 697 oartt.

2216 728 2292 781 Ac
2322 730 2392 785 de
2422 731 2547 787 cibo
2579 734 2814 804 quidem
2847 744 2903 795 et:
2946 744 3174 809 potione
3221 764 3719 819 supervacaneum
3756 757 3843 811 est

2147 816 2355 885 dicere,
2390 836 2522 876 cum
2558 840 2659 879 nec
2691 829 2844 896 apud
2874 847 2972 886 eos
3006 836 3371 895 socordiores
3407 842 3725 899 monachos
3757 845 3853 914 qui

2147 915 2279 961 sunt
2343 915 2505 965 extra
2569 913 2812 970 inveniri
2897 924 3078 990 possit
3169 925 3474 999 ingluvies,
3539 937 3639 987 aut
3735 934 3853 990 ulla

2146 994 2288 1051 citra
2321 997 2603 1057 delectum
2636 1009 2690 1059 et
2721 1006 3039 1068 discrimen
3091 1012 3323 1070 vivendi
3356 994 3502 1075 ratio
3534 1019 3645 1077 alia
3676 1022 3748 1078 ab
3781 1024 3850 1079 iis

2146 1085 2247 1156 qui
2278 1092 2414 1141 sunt
2444 1088 2499 1143 in
2558 1090 2675 1147 illis
2711 1094 2871 1163 locis,
2907 1114 3037 1153 cum
3085 1108 3318 1175 propter
3349 1107 3605 1180 inopiam
3654 1128 3848 1169 rerum

2146 1177 2624 1247 necessariarum,
2660 1186 2785 1239 tum
2825 1185 2999 1242 etiam
3038 1199 3271 1259 propter
3318 1177 3505 1252 zelum
3541 1198 3635 1267 qui
3668 1206 3757 1257 est
3790 1200 3847 1259 in

2144 1264 2345 1335 Deum,
2390 1284 2741 1343 unoquoque
2791 1278 3176 1334 contendente
3235 1281 3462 1339 vincere
3520 1288 3845 1356 proximum

2144 1356 2383 1414 diversis
2413 1359 2536 1416 vitae
2570 1362 2870 1421 institutis.

2211 1443 2290 1498 De
2322 1443 2434 1499 alia
2477 1454 2672 1503 autem
2722 1452 3134 1510 exercitatione
3175 1458 3423 1514 cmlestis
3485 1460 3658 1532 hujus
3715 1463 3845 1518 viri,

2142 1531 2371 1589 Macarii
2405 1533 2664 1607 inquam,
2700 1539 3005 1596 dicebatur
3036 1542 3131 1600 hic
3171 1551 3404 1603 sanctus
3455 1531 3583 1607 esse
3613 1550 3847 1607 assidue

2140 1622 2197 1677 in
2228 1624 2459 1689 exstasi,
2486 1629 2540 1679 et
2570 1627 2774 1697 majori
2808 1636 3066 1702 tempore
3096 1651 3228 1691 cum
3262 1636 3378 1693 Deo
3411 1639 3626 1694 versari
3666 1657 3841 1711 quam

2140 1713 2313 1784 hujus
2339 1715 2536 1770 mundi
2566 1717 2739 1773 rebus
2771 1722 3038 1793 occupari
3061 1724 3173 1795 (46)
3200 1741 3213 1792 ;
3242 1728 3404 1797 cujus
3435 1728 3609 1784 etiam
3644 1729 3847 1787 ferun-

2136 1807 2232 1858 tur
2249 1804 2471 1859 diversa
2497 1807 2795 1864 miracula.

2209 1894 2506 1965 Egyptius
2568 1897 2800 1966 quidam
2857 1898 3209 1959 libidinosus
3239 1904 3413 1977 (Ruﬁ.
3442 1904 3486 1961 ι.
3520 1922 3586 1972 ιι,
3626 1922 3674 1962 c.
3724 1909 3841 1980 28),

2144 1988 2348 2052 eaptus
2381 2000 2574 2040 amore
2593 1987 2899 2054 cujusdam
2935 1990 3196 2048 mulieris
3230 1993 3514 2064 ingenuei,
3543 2012 3672 2068 quia
3723 1998 3843 2053 viro

2146 2080 2441 2143 nupserat,
2465 2092 2595 2131 cum
2631 2093 2745 2133 non
2780 2088 2963 2147 posset
3016 2097 3139 2137 eam
3175 2084 3434 2141 inescare
3466 2093 3699 2157 propter
3730 2105 3847 2158 pu-

2143 2162 2402 2220 dicitiam
2437 2171 2492 2220 et
2522 2168 2843 2224 castitatem
2859 2187 2995 2241 erga
3016 2172 3324 2244 coojugem
3341 2174 3683 2248 virginitatis
3702 2178 3843 2249 (47),

2143 2256 2412 2309 convenit
2440 2254 2738 2325 improbus
2771 2262 3271 2331 praestigiatorem,
3301 2265 3502 2321 dicens
3540 2269 3695 2322 :Aut
3718 2284 3847 2326 eam

2143 2342 2319 2400 incita
2342 2350 2404 2400 ut
2435 2361 2525 2400 me
2555 2351 2728 2412 amet,
2762 2354 2862 2404 aut
2884 2356 3003 2405 arte
3036 2357 3135 2406 tua
3155 2353 3319 2408 eftlce
3346 2360 3406 2411 ut
3442 2356 3569 2426 ejus
3602 2356 3844 2416 maritus

2140 2449 2261 2491 eam
2286 2435 2560 2492 dimittat.
2594 2437 2735 2493 Cum
2769 2454 2902 2511 ergo
2922 2441 3302 2514 praestigiator
3333 2445 3477 2500 satis
3498 2445 3569 2501 ab
3603 2462 3669 2504 eo
3690 2463 3847 2503 acce-

2140 2526 2340 2598 pisset,
2378 2541 2518 2581 usus
2550 2533 2637 2582 est
2663 2529 2787 2584 suis
2812 2530 3119 2602 prmstigiis
3142 2540 3197 2587 et
3229 2533 3760 2604 incantationibus;
3789 2540 3846 2592 et

2137 2629 2269 2670 cum
2295 2631 2406 2671 non
2433 2621 2624 2686 posset
2654 2619 2778 2686 ejus
2808 2619 3069 2675 animum
3105 2638 3331 2679 movere
3356 2634 3415 2678 ut
3444 2625 3494 2681 ei
3527 2625 3843 2679 assentire-

2137 2705 2253 2769 tur,
2285 2701 2463 2758 efficit
2495 2709 2555 2758 ut
2579 2703 2871 2760 videretur
2900 2721 3050 2777 equa
3074 2707 3143 2762 iis
3170 2709 3265 2779 qui
3293 2725 3418 2765 eam
3444 2710 3842 2768 intuebantur.

2135 2791 2277 2846 Cum
2310 2808 2446 2864 ergo
2478 2793 2616 2848 furis
2640 2795 2893 2850 venisset
2922 2794 3048 2866 ejus
3083 2797 3586 2869 maritus,aspexit
3609 2816 3843 2856 uxorem

2133 2896 2295 2935 suam
2327 2880 2387 2936 in
2420 2883 2804 2955 formaequae;
2840 2901 3091 2958 cumque
3122 2887 3180 2943 in
3214 2905 3318 2944 suo
3344 2888 3487 2945 lecto
3517 2891 3850 2959 cubuisset,

2133 2968 2385 3024 alienum
2419 2969 2468 3024 ei
2500 2971 2803 3026 videbatur
2834 2975 2985 3044 quod
3009 2976 3184 3030 insuo
3215 2977 3392 3031 cubili
3424 2993 3573 3048 equa
3597 2978 3838 3047 jaceret.

2134 3057 2255 3112 Flet
2284 3074 2419 3130 ergo
2451 3060 2579 3130 ejus
2612 3061 2879 3128 maritus,
2912 3071 2964 3115 et
2993 3064 3347 3119 lamentatur
3377 3067 3527 3135 quod
3566 3083 3685 3122 rem
3722 3082 3837 3122 non

2134 3143 2420 3212 inveniat;
2453 3151 2509 3200 et
2540 3145 2690 3215 quod
2733 3146 3074 3203 existimans
3107 3165 3167 3203 se
3198 3150 3417 3220 alloqui
3449 3151 3713 3219 bestiam,
3750 3169 3840 3208 re-

2131 3249 2403 3305 sponsum
2438 3249 2551 3289 non
2582 3240 2949 3308 assequatur,
3013 3245 3391 3309 praeterquam
3426 3240 3580 3311 quod
3614 3240 3836 3297 solum-

2140 3323 2308 3379 modo
2366 3338 2490 3377 eam
2543 3323 2775 3379 videbat
2831 3324 3020 3380 irasci.
3066 3325 3229 3383 Unde
3284 3331 3470 3401 magis
3520 3329 3840 3403 angebatur

2135 3413 2349 3472 animo.
2382 3428 2515 3467 cum
2546 3412 2898 3486 intelligeret
2926 3430 3050 3471 eam
3086 3432 3213 3472 esse
3245 3434 3408 3474 suam
3442 3433 3696 3486 uxorem,
3730 3436 3836 3476 cu-

2135 3503 2306 3559 riosis
2354 3508 2551 3559 autem
2626 3504 2927 3560 hominum
2977 3506 3197 3563 artibus
3255 3525 3384 3565 esse
3435 3514 3714 3566 mutatam
3776 3511 3835 3567 in

2135 3610 2361 3665 equam.
2398 3593 2497 3649 His
2528 3594 2599 3649 de
2638 3595 2830 3651 causis
2888 3598 3133 3653 accersit
3188 3598 3295 3655 vici
3352 3600 3740 3673 presbyteros,
3782 3608 3837 3659 et

2135 3684 2375 3739 domum
2408 3684 2662 3748 adducit,
2692 3689 2749 3741 et
2778 3686 2860 3740 eis
2892 3702 3020 3743 eam
3072 3690 3364 3756 ostendit;
3397 3691 3495 3745 sed
3534 3707 3636 3745 nec
3668 3690 3704 3745 ii
3740 3706 3834 3746 co-

2134 3783 2450 3845 gnoverunt
2476 3773 2868 3830 calamitatem
2902 3792 3027 3847 quas
3048 3778 3098 3832 ei
3129 3779 3436 3835 acciderat.
3462 3780 3674 3835 Tribus
3698 3795 3833 3851 ergo

2134 3862 2336 3917 diebus
2368 3878 2551 3932 neque
2575 3864 2767 3919 fenum
2801 3865 3054 3920 comedit
3084 3873 3149 3920 ut
3192 3883 3360 3938 equa,
3398 3884 3587 3935 neque
3621 3883 3831 3938 panem

2134 3956 2197 4004 ut
2217 3949 2411 4017 homo,
2446 3954 2693 4020 utroque
2722 3950 2998 4009 alimento
3024 3954 3259 4024 privata.
3293 3956 3547 4009 Tandem
3581 3960 3643 4009 ut
3679 3958 3829 4010 Deus

2133 4038 2572 4112 gloriﬁcaretur,
2622 4045 2679 4095 et
2734 4039 3025 4097 videretur
3073 4042 3258 4097 virtus
3317 4044 3498 4098 sancti
3568 4043 3827 4109 Macarii,

2131 4130 2394 4185 ascendit
2421 4130 2476 4183 in
2493 4144 2589 4184 cor
2612 4130 2803 4185 mariti
2837 4132 2963 4201 ejus
2983 4132 3193 4187 ducere
3209 4148 3334 4188 eam
3363 4132 3421 4187 in
3450 4130 3829 4187 solitudinem

2132 4217 2203 4276 ad
2225 4223 2488 4275 sanctum
2538 4220 2724 4274 virum
2753 4244 2766 4286 ;
2799 4229 3006 4277 etcum
3039 4238 3168 4278 eam
3200 4222 3452 4293 capistro
3496 4221 3734 4293 ligasset
3764 4223 3832 4276 ut

2124 4324 2362 4382 equam,
2395 4309 2559 4363 duxit
2588 4309 2645 4364 in
2678 4310 3076 4369 solitudinem.
3113 4317 3259 4369 Dum
3293 4319 3486 4369 autem
3519 4312 3827 4384 appropin-

2128 4404 2425 4471 quassent,
2458 4402 2746 4454 steterunt
2776 4401 2977 4457 fratres
2999 4404 3393 4474 propecellam
3426 4402 3612 4459 sancti
3640 4402 3822 4457 Maca-

2125 4489 2193 4544 rii
2226 4505 2355 4545 cum
2386 4489 2514 4559 ejus
2548 4489 2754 4545 marito
2781 4493 3216 4561 contendentes,
3266 4499 3321 4549 et
3351 4492 3608 4549 dicentes
3639 4509 3654 4547 :
3710 4494 3825 4549 Cur

2126 4577 2238 4632 huc
2260 4579 2549 4633 adduxisti
2584 4578 2733 4635 hanc
2763 4596 2969 4653 equam
2992 4582 3020 4636 ‘P
3053 4584 3104 4638 Is
3127 4589 3321 4639 autem
3346 4582 3483 4637 dicit
3514 4582 3622 4639 :Ut
3652 4582 3825 4639 mise-

306 4665 496 4708 mcam
550 4655 1029 4723 admonitionem,
1063 4674 1239 4730 eaque
1278 4663 1383 4719 tibi
1443 4668 1715 4736 proderit.
1750 4670 2013 4729 Tentat-i3
2047 4665 2091 4729 D
2122 4666 2430 4722 ricordiam
2461 4674 2852 4740 consequatur
2892 4670 3076 4727 sancti
3110 4673 3391 4728 oratione.
3436 4669 3522 4726 Illi
3571 4686 3703 4725 vero
3735 4670 3823 4725 di-

304 4740 489 4810 enim,
523 4742 734 4815 inquit,
767 4749 823 4800 et
850 4751 905 4801 te
936 4751 1116 4803 tentat
1145 4751 1386 4822 spiritus
1409 4757 1682 4811 avaritiae.
1714 4758 1807 4813 Sic
1851 4762 2008 4819 enim

303 4831 423 4888 vidi
459 4848 473 4887 :
510 4838 567 4888 et
597 4835 883 4908 scioquod
900 4838 946 4891 si
972 4854 1156 4894 meam
1179 4858 1343 4913 inquo
1363 4845 1780 4903 animotuleris
1801 4851 2011 4907 adhor-

298 4920 605 4990 tationem,
635 4924 695 4980 in
732 4925 825 4981 Dei
872 4926 1075 4982 timore
1133 4935 1641 4991 consummaberis
1671 4942 1727 4992 et
1789 4939 1846 4994 in
1878 4941 2008 5011 ejus

296 5025 489 5081 opere,
532 5012 665 5067 etin
699 5012 807 5068 isto
843 5014 999 5080 loco,
1038 5022 1093 5071 et
1123 5016 1473 5089 laudaheris,
1506 5030 1563 5078 et
1594 5025 1665 5079 ad
1716 5031 1883 5083 tuum
1920 5035 2017 5085 ta—

296 5096 679 5155 bernaculum
713 5117 831 5157 non
863 5106 1358 5178 appropinquabit
1414 5111 1736 5182 flagellum.
1766 5115 1929 5178 Quod
1966 5117 2015 5172 si

301 5201 416 5243 non
474 5189 754 5257 audieris,
797 5193 853 5247 in
914 5198 969 5247 te
1030 5196 1219 5251 veniet
1278 5198 1408 5254 linis
1464 5200 1616 5256 Giezi
1654 5203 1744 5272 (IV
1775 5206 1899 5271 Reg.
1936 5207 2013 5276 v),

300 5278 472 5345 cujus
496 5279 629 5335 vitio
661 5279 910 5337 laboras.
933 5283 1399 5356 Contigitautem
1436 5296 1498 5345 ut
1540 5303 1745 5347 sancto
1776 5295 2013 5364 quidem

302 5381 419 5422 non
452 5368 734 5425 obedierit
769 5376 893 5441 post
922 5373 1050 5443 ejus
1084 5382 1349 5444 mortem,
1388 5379 1492 5434 sed
1519 5380 1799 5435 obedierit
1828 5381 1878 5436 ei
1912 5384 2014 5455 qui

305 5453 474 5511 Juda
523 5458 776 5530 alligavit
833 5461 1097 5530 laqueum
1133 5472 1362 5533 prepter
1414 5470 1737 5523 avaritiam.
1774 5472 1840 5526 Et
1890 5453 2018 5541 post

302 5544 449 5599 alios
480 5547 815 5618 quindecim
841 5556 942 5604 aut
972 5551 1174 5620 viginti
1209 5569 1418 5621 annos,
1451 5573 1578 5612 cum
1614 5560 1763 5614 bona
1796 5578 2015 5632 paupe-

302 5649 434 5690 rum
463 5635 574 5690 sibi
607 5644 959 5710 usurpaSset,
1010 5640 1087 5694 ita
1112 5641 1393 5698 laboravit
1421 5646 1767 5718 elephantia,
1807 5657 1870 5705 ut
1901 5670 2015 5711 non

298 5723 662 5783 inveniretur
684 5728 1081 5801 integerlocus
1113 5729 1172 5788 in
1198 5731 1326 5803 ejus
1352 5750 1611 5809 corpore,
1648 5739 1705 5796 in
1739 5756 1853 5814 quo
1877 5744 2016 5817 quis

2122 4762 2260 4813 cunt
2290 4758 2361 4812 ad
2395 4774 2567 4813 eum:
2602 4760 2747 4825 Quid
2783 4761 2916 4816 mali
2950 4761 3168 4816 habet?
3197 4761 3294 4816 llle
3312 4762 3396 4816 eis
3428 4759 3566 4815 dicit
3599 4760 3821 4824 :Quam

2119 4848 2328 4902 videtis
2350 4864 2577 4918 equam,
2610 4865 2676 4904 ea
2709 4851 2919 4906 misera
2959 4855 3081 4905 erat
3114 4867 3256 4905 uxor
3288 4866 3450 4917 mea;
3486 4862 3669 4919 neque
3702 4848 3820 4904 scio

2120 4936 2613 5008 quemadmodum
2640 4943 2861 4993 mutata
2893 4939 2969 4994 sit
2992 4941 3048 4994 in
3073 4956 3301 5011 equam,
3336 4939 3530 5009 etjam
3549 4943 3819 4994 sunttres

2125 5027 2249 5081 dies
2270 5043 2338 5081 ex
2367 5042 2479 5094 quo
2512 5027 2654 5081 nihil
2687 5030 2957 5084 comedit.
2984 5029 3024 5083 Il
3050 5040 3237 5084 autem
3271 5046 3404 5084 cum
3435 5029 3556 5084 hinc
3596 5025 3821 5082 audiis-

2122 5120 2271 5182 sent,
2294 5114 2553 5169 referunt
2582 5116 2651 5170 ad
2684 5132 2911 5172 servum
2951 5117 3045 5172 Dei
3075 5118 3383 5173 Macarium
3417 5134 3482 5172 eo
3508 5118 3632 5185 jam
3661 5115 3821 5171 intus

2122 5216 2223 5273 pro
2260 5200 2358 5254 illa
2380 5209 2578 5255 orante
2606 5221 2620 5269 ;
2650 5207 2706 5257 et
2740 5205 2895 5258 enim
2930 5204 3077 5260 Deus
3138 5205 3503 5270 revelaverat,
3553 5202 3699 5273 ipsis
3749 5201 3821 5256 ad

2122 5305 2253 5344 eum
2286 5289 2683 5358 venientibus;
2718 5299 2774 5347 et
2798 5294 2921 5348 ideo
2952 5296 3152 5349 orabat
3185 5301 3245 5349 ut
3275 5294 3388 5348 sibi
3438 5291 3829 5348 declararetur

2123 5396 2299 5434 causa
2331 5390 2560 5450 propter
2590 5400 2764 5453 quam
2800 5384 2905 5439 hoc
2943 5390 3229 5439 evenerat.
3273 5382 3597 5455 Respondit
3627 5392 3821 5438 autem

2124 5474 2355 5524 sanctus
2416 5471 2699 5527 Macarius
2760 5475 3033 5529 fratribus
3089 5475 3184 5543 qui
3231 5476 3278 5529 ei
3342 5476 3821 5530 renuntiaverunt

2124 5557 2431 5627 quemdam
2466 5559 2601 5614 illuc
2641 5578 2857 5632 equum
2891 5563 3227 5627 adduxisse,
3261 5562 3457 5619 dicens
3492 5563 3676 5636 :Equi
3728 5580 3825 5619 vos

2121 5645 2284 5713 estis,
2308 5646 2407 5717 qui
2444 5649 2662 5704 habetis
2691 5666 2976 5722 equorum
3017 5653 3378 5721 oculos;illa
3425 5655 3580 5713 enim
3614 5660 3704 5712 est
3746 5654 3829 5710 fe-

2125 5737 2285 5793 mina
2315 5737 2396 5793 ita
2417 5743 2483 5794 ut
2511 5746 2599 5796 est
2619 5748 2834 5810 creata,
2864 5758 2980 5800 non
3012 5746 3449 5818 transformata,
3490 5748 3589 5805 sed
3624 5748 3703 5804 sic
3739 5762 3829 5805 so-
