4100 6204
301 335 453 397 1047

1852 340 2211 404 PALLADII

3657 344 3816 406 {0&8

293 476 410 532 lum
465 492 754 548 apparens
786 476 970 533 oculis
1000 493 1198 532 eorum
1239 477 1336 548 qui
1388 481 1526 533 sunt
1582 478 1824 549 decepti.
1862 481 1994 544 Quas
2025 483 2081 548 Α
2183 478 2319 536 Dico
2350 481 2540 534 autem
2575 479 2839 535 sanctum
2875 476 3690 543 MacariumAlexandrinum,
3715 476 3824 548 qui

291 583 424 622 cum
449 573 600 621 esset
632 568 1237 638 adducta,aquamque
1263 568 1756 639 benedixisset,,’et
1786 570 1842 622 in
1873 572 1998 637 ejus

291 658 460 713 nudae
493 665 667 723 caput
698 657 1027 724 infudisset,
1061 661 1670 728 superejuscaputest
1694 666 1987 730 precatus;

293 748 602 818 statimque
633 748 819 801 effecit
877 756 938 800 ut
997 748 1269 800 omnibus
1325 748 1654 802 videntibus
1701 749 1996 803 videretur

294 839 534 892 femina.
559 837 700 891 Cum
733 837 1226 906 autrmjussissct
1275 838 1323 892 ei
1359 838 1552 891 cibum
1587 839 1799 904 afferri,
1863 840 1998 894 fecit

295 932 360 982 ut
392 929 737 991 comederet,
771 931 826 979 et
858 943 979 979 eam
1016 927 1099 979 sic
1147 933 1404 979 curatam
1457 927 1682 980 dimisit
1725 943 1856 982 cum
1891 945 1998 982 suo

295 1017 523 1082 marito,
558 1017 672 1072 Deo
695 1023 930 1087 agentes
962 1018 1199 1086 gratias.
1238 1017 1372 1070 Eam
1435 1023 1628 1070 autem
1697 1018 2000 1073 admonuit

293 1107 379 1162 vir
427 1107 546 1172 Dei,
597 1107 680 1160 sic
730 1106 971 1160 dicens:
1006 1107 1314 1177 Nunquam
1375 1107 1671 1161 ecclesiam
1743 1110 1995 1176 deseras,

293 1213 592 1268 nunquam
617 1196 912 1249 abstineas
946 1213 976 1248 a
998 1196 1410 1250 communione
1443 1196 1998 1253 Christisacramen-

295 1295 509 1342 torum.
550 1289 675 1339 llaec
707 1285 855 1340 enim
890 1285 991 1338 tibi
1027 1284 1383 1346 acciderunt.
1417 1287 1709 1355 quodjam
1736 1289 1996 1360 quinque

295 1375 671 1431 hebdomadis
704 1390 816 1428 non
849 1375 1144 1430 accessisti
1177 1377 1243 1430 ad
1269 1376 1609 1431 intemerata
1645 1379 1826 1434 nostri
1863 1378 1997 1434 Scr-

291 1465 504 1520 vatoris
537 1470 916 1519 sacramenta.

361 1553 482 1608 Alia
511 1557 600 1608 est
640 1554 786 1608 actio
837 1570 1056 1624 magna
1096 1557 1215 1624 ejus
1272 1555 1719 1612 exercitationis.
1788 1557 1995 1629 Magno

289 1644 415 1700 vitae
439 1661 558 1699 suae
583 1648 837 1715 tempore
867 1662 896 1698 a
927 1644 1071 1700 cella
1102 1662 1210 1700 sua
1243 1645 1298 1700 in
1333 1647 1640 1702 dimidium
1671 1665 1854 1720 usque
1885 1655 1998 1704 sta-

288 1734 449 1788 dium
475 1734 695 1788 fodiens
727 1734 1085 1798 cuniculum,
1111 1751 1404 1790 summam
1428 1736 1611 1791 effecit
1631 1738 1992 1806 speluncam;

2109 579 2224 624 erat
2261 571 2554 642 presbyter
2583 585 2782 623 earum
2820 586 2945 640 quas
2969 567 3564 623 dicunturCellarum.
3604 569 3664 622 In
3691 568 3824 638 qui-

2110 663 2218 716 bus
2251 660 2421 714 Cellis
2454 676 2590 730 ergo
2624 675 2826 714 novem
2854 675 3038 713 annos
3056 659 3346 724 habitans,
3371 675 3439 713 ex
3463 659 3682 727 quibus
3705 663 3824 714 tres

2111 767 2295 805 annos
2328 766 2553 804 mecum
2588 750 2726 803 vixit
2769 747 2865 802 ille
2902 748 3210 810 Macarius,
3249 749 3306 803 in
3348 748 3542 818 quiete
3575 749 3818 813 sedens,

2109 841 2233 910 ejus
2265 840 2496 910 quidem
2547 839 2782 909 optimae
2831 839 3053 893 vivendi
3102 839 3341 892 rationis
3410 837 3521 891 alia
3571 838 3818 908 quidem

2110 929 2220 982 vidi
2256 945 2428 997 opera
2457 927 2721 1000 etsigna,
2755 927 2865 982 alia
2925 944 3055 982 vero
3106 927 3280 982 didici
3313 928 3385 982 ab
3429 927 3500 982 iis
3527 928 3628 998 qui
3684 943 3824 983 cum

2110 1033 2176 1072 eo
2211 1017 2495 1070 vixerunt.

2179 1106 2232 1161 Is
2259 1123 2390 1161 cum
2424 1106 2575 1176 apud
2611 1121 2884 1176 magnum
2921 1105 3103 1160 virum
3137 1111 3193 1160 et
3236 1105 3462 1160 Patrem
3495 1107 3821 1162 Antonium

2108 1197 2319 1251 electos
2354 1195 2559 1267 palmae
2594 1211 2785 1251 ramos
2817 1196 3241 1266 vidisset,quos
3275 1200 3397 1266 ipse
3430 1198 3820 1260 laboraverat,

2109 1287 2272 1358 petiit
2304 1289 2650 1340 abeounum
2686 1286 3050 1356 manipulum
3079 1302 3370 1340 ramorum
3406 1286 3627 1357 palmas.
3661 1283 3822 1340 Dixit

2108 1381 2300 1431 autem
2334 1376 2384 1430 ei
2415 1375 2702 1430 Antonius
2737 1375 3066 1446 :Scriptum
3101 1383 3186 1430 est
3220 1393 3232 1430 :
3261 1374 3385 1431 Non
3437 1374 3820 1445 concupisces

2107 1482 2198 1522 res
2231 1467 2472 1538 proximi
2505 1467 2588 1520 tui
2621 1467 2802 1536 (Deut.
2837 1467 2959 1536 vn).
3008 1465 3074 1520 Et
3104 1481 3237 1521 cum
3272 1465 3324 1520 id
3385 1464 3574 1520 solum
3636 1465 3824 1520 dixis-

2105 1563 2213 1623 set,
2248 1557 2392 1612 rami
2424 1572 2628 1611 omnes
2661 1555 2858 1611 statim
2909 1561 3187 1627 tanquam
3244 1556 3315 1611 ab
3346 1556 3480 1628 igne
3515 1556 3816 1612 torrefacti

2106 1652 2265 1702 sunt.
2299 1646 2458 1710 Quod
2493 1645 2726 1718 quidem
2760 1663 2890 1700 cum
2927 1645 3164 1701 vidisset
3190 1647 3500 1714 Antonius,
3532 1646 3676 1699 dixit
3699 1648 3820 1700 Ma-

2107 1737 2309 1791 cario:
2369 1735 2512 1791 Ecce
2555 1723 2806 1806 Spiritus
2866 1742 3103 1790 sanctus
3164 1735 3444 1806 requievit
3500 1751 3673 1806 super
3733 1740 3811 1804 te,

289 1827 344 1878 et
373 1822 423 1879 si
464 1823 697 1893 quando
729 1825 1057 1895 complures
1091 1825 1139 1880 ei
1173 1831 1368 1880 essent
1403 1825 1649 1888 molesti,
1705 1829 1935 1883 occulte
1966 1844 1996 1883 ο
2023 1861 2079 1926 Β
2109 1827 2335 1894 erisque
2366 1827 2509 1880 mihi
2544 1827 2814 1896 deinceps
2845 1826 3026 1880 haeres
3059 1842 3322 1881 mearum
3354 1826 3661 1880 virtutum.

288 1931 396 1969 sua
425 1913 568 1968 cella
597 1916 920 1986 egrediens,
954 1915 1074 1969 ibat
1116 1916 1173 1970 in
1224 1916 1584 1984 speluncam,
1611 1933 1795 1988 neque
1828 1919 1988 1990 quis-

289 2019 458 2072 quam
485 2019 616 2057 eum
652 2002 994 2059 inveniebat.
1031 2003 1295 2060 Narravit
1319 2014 1511 2060 autem
1556 2007 1720 2062 nobis
1752 2008 1991 2078 quidam

290 2109 358 2149 ex
387 2093 663 2150 studiosis
696 2096 821 2163 ejus
850 2095 1178 2166 discipulis,
1203 2097 1354 2167 quod
1390 2098 1661 2153 recedens
1694 2115 1877 2171 usque
1920 2100 1991 2154 ad

290 2184 624 2255 speluncam
670 2201 770 2257 per
818 2188 1178 2256 cuniculum,
1213 2188 1440 2244 dicebat
1473 2189 1676 2261 viginti
1738 2197 1994 2262 quatuor

284 2272 612 2342 orationes;
647 2279 702 2330 et
733 2276 985 2340 rediens,
1013 2277 1275 2334 totidem.

357 2367 431 2418 De
457 2381 522 2419 eo
544 2365 681 2420 exiit
714 2365 885 2432 fama,
919 2367 1072 2436 quod
1110 2373 1409 2422 mortuum
1451 2367 1752 2424 suscitavit
1797 2370 1986 2441 (Ra/7.,

284 2453 321 2507 ι.
356 2470 419 2520 II,
451 2471 497 2509 c.
536 2455 662 2523 28);
701 2460 762 2509 ut
794 2458 1169 2525 persuaderet
1212 2457 1480 2513 haeretica
1521 2457 1618 2529 qui
1651 2477 1763 2513 non
1797 2461 1988 2516 confi-

283 2542 510 2597 tebatur
537 2560 663 2598 esse
697 2546 1180 2601 resurrectionem
1206 2563 1537 2618 corporum.
1602 2549 1670 2603 Et
1702 2548 1811 2604 fuit
1853 2566 1989 2604 con-

283 2637 446 2687 stans
480 2633 596 2688 haec
632 2634 783 2686 fama
806 2633 862 2686 in
896 2633 1230 2689 solitudine.

352 2722 436 2775 Ad
472 2720 624 2775 hunc
646 2729 912 2777 sanctum
942 2723 1225 2780 adductus
1256 2730 1341 2781 est
1382 2725 1691 2795 aliquando
1723 2745 1754 2782 a
1806 2732 1990 2784 matre

284 2812 518 2882 propria
545 2813 904 2867 lamentante
934 2814 1270 2870 adolescens
1306 2817 1400 2886 qui
1456 2817 1771 2872 vexabatur
1796 2837 1828 2875 a
1869 2821 1990 2873 da-

287 2918 477 2969 mone,
527 2920 557 2955 a
609 2900 836 2957 duobus
885 2903 1352 2960 adolescentibus
1411 2923 1477 2962 ex
1529 2919 1767 2980 utraque
1829 2919 1987 2980 parte

280 2991 651 3048 constrictus.
680 2991 843 3046 Hunc
873 2999 1067 3048 autem
1103 2994 1183 3049 ita
1213 2997 1458 3050 vexabat
1490 3000 1735 3055 daemon.
1787 2998 1984 3055 Trium

279 3081 609 3137 modiorum
645 3098 822 3150 panes
856 3091 1162 3152 postquam
1197 3085 1560 3152 comedisset,
1603 3094 1660 3142 et
1691 3089 1983 3159 amphoras

2180 1917 2326 1971 Hine
2358 1932 2563 1969 rursus
2614 1931 2745 1970 eum
2798 1915 3014 1969 invenit
3059 1913 3325 1970 diabolus
3364 1915 3420 1969 in
3473 1915 3816 1980 solitudine,

2105 2021 2344 2077 corpore
2381 2003 2546 2060 valde
2577 2005 2906 2074 defatigato,
2941 2013 2990 2059 et
3026 2003 3170 2060 dicit
3218 2005 3288 2059 ad
3321 2021 3453 2060 eum
3489 2022 3504 2061 :
3534 2005 3673 2060 Ecce
3706 2022 3812 2062 ac-

2103 2096 2305 2166 cepisti
2337 2097 2582 2166 gratiam
2625 2096 2894 2161 Antonii;
2929 2111 3036 2148 cur
3067 2111 3180 2149 non
3234 2095 3412 2150 uteris
3443 2097 3812 2164 auctoritate,

2101 2191 2158 2244 et
2191 2203 2224 2240 a
2255 2185 2368 2241 Deo
2402 2185 2544 2255 petis
2569 2186 2765 2239 cibum
2790 2197 2841 2238 et
2875 2185 3025 2239 vires
3057 2185 3126 2239 ad
3160 2185 3269 2240 iter
3314 2185 3764 2257 ingrediendum
3787 2187 3817 2241 ἱ)

2104 2278 2154 2332 Is
2185 2283 2379 2332 autem
2413 2275 2550 2331 dicit
2581 2274 2653 2330 ad
2683 2291 2817 2330 eum
2854 2291 2866 2328 :
2901 2273 3094 2329 Virtus
3128 2291 3256 2330 mea
3287 2281 3344 2330 et
3377 2277 3502 2330 laus
3537 2293 3666 2331 mea
3699 2275 3810 2332 Do-

2103 2367 2318 2432 minus,
2355 2371 2410 2420 tu
2465 2371 2660 2422 autem
2710 2382 2779 2421 ne
2830 2366 3139 2421 tentaveris
3180 2383 3413 2423 servum
3462 2370 3582 2423 Dei.
3646 2368 3806 2423 Facit

2099 2473 2233 2529 ergo
2292 2456 2559 2511 diabolus
2593 2456 2730 2512 utsi
2788 2455 3136 2526 phantasma
3201 2463 3492 2528 appareat,
3548 2458 3809 2513 camelos

2099 2564 2276 2603 onera
2310 2548 2576 2616 bajulans
2610 2551 2666 2601 et
2721 2563 2918 2601 errans
2979 2563 3079 2616 per
3137 2547 3536 2616 solitudinem,
3581 2549 3807 2604 habens

2099 2640 2297 2693 omnia
2319 2638 2389 2692 ad
2425 2654 2594 2692 usum
2637 2637 2980 2692 necessaria.
3016 2637 3122 2703 Qui
3159 2653 3292 2693 cum
3352 2639 3591 2694 vidisset
3623 2639 3812 2695 Maca-

2101 2728 2274 2797 rium,
2311 2744 2487 2799 prepe
2517 2743 2648 2782 eum
2685 2727 2922 2782 assedit.
2958 2729 3011 2783 Is
3060 2733 3258 2782 autem
3293 2729 3622 2798 suspicatus
3671 2747 3810 2786 esse

2101 2818 2469 2888 phantasma,
2504 2818 2652 2871 sicut
2683 2823 2818 2883 erat,
2855 2819 3115 2873 constitit
3146 2818 3550 2886 adorandum;
3586 2819 3632 2873 is
3661 2836 3805 2877 vero

2100 2909 2364 2981 protinus
2395 2925 2426 2960 a
2457 2914 2609 2962 terra
2642 2907 2752 2962 fuit
2782 2912 3115 2978 absorptus.

2167 2997 2493 3068 Aliquando
2518 3015 2720 3052 rursus
2755 2998 2909 3052 venit
2944 2997 3034 3053 hic
3067 2998 3351 3054 Macarius
3381 2999 3809 3058 Alexandrinus

2095 3089 2166 3143 ad
2201 3105 2475 3159 magnum
2507 3088 2815 3143 Macarium
2837 3091 2930 3162 qui
2951 3097 3074 3144 erat
3097 3092 3153 3144 in
3178 3091 3362 3146 Scete.
3390 3091 3455 3146 Et
3476 3109 3610 3148 cum
3630 3095 3805 3151 umbo

281 3169 453 3225 unius
505 3170 800 3225 Cilicensis
828 3171 940 3242 (48)
974 3189 1184 3244 aquam
1246 3174 1506 3240 bibisset,
1555 3183 1798 3248 utraque
1846 3195 1981 3233 eru—
2013 3215 2055 3283 Ο
2095 3186 2288 3236 essent
2320 3179 2510 3235 Nilum
2537 3179 2962 3244 tr-nsmissuri,
2998 3181 3206 3236 accidit
3241 3187 3302 3236 ut
3332 3181 3440 3253 ipsi
3468 3184 3789 3238 maximum

279 3266 464 3330 etans,
497 3262 656 3317 cibos
689 3265 1008 3320 resolvebat
1033 3267 1086 3318 in
1121 3281 1408 3334 vaporem.
1446 3268 1523 3319 Ab
1555 3283 1619 3321 eo
1652 3269 1828 3333 enim,
1865 3287 1980 3326 non

278 3367 445 3407 secus
478 3368 543 3407 ac
571 3355 701 3423 igne
735 3355 1235 3408 consumebantur
1261 3372 1387 3427 qua:
1450 3355 1769 3411 comederat
1803 3365 1860 3412 et
1890 3359 1986 3414 bi-

275 3443 454 3496 berat.
489 3441 590 3495 Est
621 3443 774 3497 enim
809 3444 948 3498 ordo
981 3460 1210 3515 quoque
1257 3445 1588 3500 diemonum
1623 3447 1722 3517 qui
1773 3448 1984 3503 dicitur

277 3529 502 3599 igneus.
537 3532 860 3584 Suntenim
895 3532 1228 3587 daemonum
1263 3535 1658 3606 quoquesicut
1683 3537 1981 3594 hominum

280 3617 636 3685 dilferentim,
674 3636 786 3674 non
844 3628 1065 3675 mutata
1105 3625 1376 3690 essentia,
1431 3641 1629 3679 verum
1689 3627 1984 3684 voluntate

280 3706 574 3762 distincta.
611 3707 710 3763 Hic
741 3725 875 3781 ergo
908 3710 1386 3769 adolesccnscum
1413 3714 1462 3768 ei
1489 3727 1666 3769 mater
1699 3734 1811 3772 non
1843 3735 1982 3790 sup-

279 3797 586 3868 peditaret,
617 3815 769 3869 saepe
799 3818 905 3854 sua
935 3802 1268 3858 comedebat
1291 3811 1747 3868 excrementa,et
1777 3807 1981 3863 lotium

278 3886 536 3944 bibebat.
570 3888 770 3946 Flente
820 3907 955 3964 ergo
988 3895 1110 3961 ejus
1144 3901 1350 3955 matre.
1383 3900 1440 3950 et
1478 3894 1725 3952 alienam
1759 3899 1842 3952 sui
1884 3897 1981 3954 lilii

281 3984 554 4034 mmrente
585 3980 999 4047 calamitatem,
1033 3987 1088 4037 et
1148 3991 1417 4040 sanctum
1449 3985 1612 4040 valite
1659 3987 1981 4044 obtestante

274 4074 328 4123 ct
361 4079 614 4141 rogante.
651 4071 814 4128 illum
868 4075 1156 4145 accipiens
1218 4076 1462 4132 invictus
1495 4078 1708 4132 Christi
1768 4079 1982 4134 athleta

277 4158 585 4222 Macarius,
619 4162 864 4232 supplex
887 4179 987 4233 pro
1019 4180 1084 4218 eo
1135 4163 1314 4219 Deum
1349 4168 1558 4221 oravit.
1610 4167 1744 4222 Post
1797 4185 1978 4224 unum

280 4253 472 4302 autem
503 4255 602 4302 aut
625 4251 869 4305 alterum
904 4253 1082 4320 diem,
1115 4254 1580 4311 remisitdzemon
1599 4259 1978 4316 vexationem.

277 4337 439 4392 Tunc
468 4354 600 4410 ergo
643 4341 780 4394 dicit
839 4343 1006 4396 matri
1062 4343 1449 4401 adolescentis
1509 4357 1748 4404 sanctus
1783 4349 1977 4407 Maca-

277 4426 430 4481 rius:
466 4429 758 4492 Quantum
789 4435 876 4484 vis
908 4436 968 4484 ut
1001 4431 1152 4486 filius
1174 4436 1587 4490 tuuscomedat
1609 4435 1635 4490 ?
1658 4437 1763 4493 Illa
1785 4445 1976 4496 autem

276 4515 596 4582 respondit,
629 4515 828 4571 dicens
864 4532 876 4570 :
913 4517 1067 4590 Rogo
1100 4525 1173 4583 te,
1201 4521 1344 4590 jube
1393 4538 1525 4578 eum
1557 4526 1745 4580 solum
1780 4543 1979 4585 come-

2096 3269 2912 3341 pontonemingrederentur;
2945 3270 3004 3326 in
3028 3287 3202 3342 quem
3236 3272 3480 3342 ingressi
3503 3279 3647 3329 sunt
3676 3275 3796 3330 duo

2095 3359 2312 3415 tribuni
2344 3375 2475 3413 cum
2522 3375 2730 3429 magno
2772 3360 2921 3414 fastu
2953 3368 3008 3414 et
3063 3367 3367 3432 apparatu,
3413 3368 3478 3417 ut
3507 3363 3606 3431 qui
3643 3363 3804 3420 intus

2095 3447 2374 3503 haberent
2399 3448 2639 3502 rbedam
2673 3453 2851 3504 totam
2904 3465 3145 3519 teneam,
3179 3457 3234 3507 et
3272 3468 3450 3523 equos
3490 3453 3671 3508 frenis
3702 3471 3806 3509 au-

2096 3538 2233 3602 reis,
2265 3542 2323 3592 et
2355 3537 2640 3607 quosdam
2673 3554 2772 3595 eos
2804 3539 3086 3610 stipantes
3121 3540 3356 3610 milites,
3417 3543 3714 3608 satellites,
3747 3547 3805 3599 et

2100 3642 2308 3695 pueros
2341 3627 2646 3698 torquibus
2678 3639 2730 3682 et
2783 3630 2975 3685 aureis
3002 3631 3162 3686 zonis
3202 3635 3454 3686 ornatos.
3484 3631 3798 3697 Postquam

2094 3731 2229 3786 ergo
2256 3715 2476 3770 tribuni
2513 3717 2786 3771 viderunt
2816 3719 2971 3788 ipsos
3001 3719 3292 3773 veteribus
3318 3722 3800 3792 pannisindutos,

2092 3811 2148 3861 et
2178 3806 2519 3860 sedentesin
2555 3807 2792 3879 angulo,
2839 3807 3114 3864 humilem
3162 3810 3321 3865 illam
3356 3815 3412 3865 et
3453 3821 3685 3869 tenuem
3719 3813 3803 3868 vi-

2094 3897 2264 3950 vendi
2303 3897 2584 3952 rationem
2632 3899 2862 3954 beatam
2889 3899 3273 3970 judicabant;
3320 3918 3471 3958 unus
3502 3909 3698 3958 autem
3731 3919 3799 3959 ex

2093 3986 2238 4058 ipsis
2269 3989 2759 4043 tribunisdixitad
2790 3991 2946 4060 ipsos
2981 4007 2993 4045 :
3031 3991 3178 4045 Beati
3205 3993 3346 4048 estis
3369 4010 3470 4048 vos
3501 3995 3600 4064 qui
3629 4011 3804 4049 mun-

2091 4077 2228 4132 dum
2253 4076 2520 4133 illuditis.
2558 4078 2932 4146 Respondens
2965 4085 3161 4137 autem
3205 4081 3514 4142 Macarius.
3550 4083 3647 4152 qui
3677 4087 3804 4138 erat

2091 4169 2372 4237 urbanus,
2405 4169 2547 4225 dixit
2577 4170 2660 4224 eis
2695 4185 2708 4224 :
2755 4169 2868 4226 Nos
2901 4171 3132 4242 quidem
3168 4175 3444 4228 mundum
3478 4173 3800 4240 illusimus,

2093 4271 2187 4312 vos
2217 4267 2407 4312 autem
2460 4257 2644 4312 illusit
2694 4260 2971 4316 mundus.
3005 4261 3167 4317 Scias
3209 4268 3404 4319 autem
3439 4268 3495 4317 te
3544 4279 3658 4318 non
3701 4269 3804 4318 tua

2089 4352 2292 4416 sponte
2316 4347 2422 4401 hoc
2453 4347 2802 4414 dixisse,sed
2837 4352 3209 4422 prophetice:
3243 4353 3416 4408 ambo
3436 4354 3586 4409 enim
3622 4369 3803 4408 voca-

2090 4452 2218 4492 mur
2248 4436 2501 4504 Macarii,
2536 4437 2643 4494 hoc
2674 4446 2779 4504 est,
2817 4439 2987 4496 beati.
3043 4443 3092 4497 Is
3123 4448 3317 4498 autem
3349 4443 3473 4516 ejus
3529 4459 3801 4499 sermone

2088 4539 2494 4598 compunctus,
2540 4545 2673 4584 cum
2711 4529 2945 4587 domum
2993 4534 3262 4601 venisset,
3324 4539 3513 4590 vestes
3551 4550 3797 4602 exuens,

274 4603 408 4657 dere
440 4604 638 4660 decem
669 4605 847 4660 libras
883 4609 1059 4676 panis.
1123 4611 1260 4665 Eam
1311 4618 1504 4668 autem
1541 4615 1870 4686 increpans,
1917 4624 1979 4674 ut
2012 4593 2055 4658 Ῑ)
2089 4593 2304 4692 delegit
2337 4593 2512 4675 vitam
2555 4637 2720 4692 agere
2769 4621 3115 4690 solitariam,
3152 4593 3364 4680 multas
3389 4625 3607 4681 faciens
3645 4593 3796 4682 clee;

273 4710 400 4766 quae
438 4694 684 4752 nimium
744 4698 985 4766 dixerat,
1021 4699 1208 4756 dixit:
1243 4701 1286 4757 Ο
1323 4703 1550 4774 mulier,
1597 4722 1702 4762 cur
1747 4707 1854 4764 hoc
1886 4710 1978 4764 di-

272 4783 403 4840 xisti
427 4787 732 4858 ?Cumque
763 4799 982 4859 septem
1017 4790 1139 4847 dies
1161 4805 1378 4849 orasset
1427 4812 1560 4851 cum
1595 4797 1844 4866 jejunio,
1876 4816 1973 4855 ex-

270 4874 435 4943 pulso
466 4877 535 4931 ab
569 4893 633 4932 eo
677 4879 996 4948 pernicioso
1029 4883 1290 4939 daemone
1323 4885 1614 4956 ingluviei,
1678 4889 1974 4945 constituit

267 4965 317 5020 ei
345 4967 612 5020 vescendi
647 4968 922 5024 rationem
953 4973 1024 5027 ad
1061 4978 1175 5028 tres
1202 4991 1381 5044 usque
1406 4976 1582 5029 libras
1616 4976 1804 5046 panis,
1828 4995 1973 5050 quas

268 5054 498 5110 deberet
529 5055 652 5127 ipse
674 5061 972 5116 comedere
1009 5061 1052 5116 si
1095 5070 1445 5133 opereratur.
1481 5064 1622 5118 Cum
1660 5065 1765 5120 hoc
1800 5069 1969 5125 modo

265 5143 365 5200 Dei
397 5145 583 5216 gratia
615 5162 857 5217 puerum
909 5152 1292 5218 emundasset,
1325 5169 1456 5206 eum
1493 5155 1661 5209 matri
1695 5157 1964 5216 reddidit.

335 5235 451 5292 Has
507 5253 597 5293 res
651 5238 1024 5295 admirabiles
1079 5247 1134 5296 et
1183 5246 1387 5314 praeter
1436 5245 1770 5315 opinionem
1834 5249 1968 5307 fecit

265 5323 413 5381 Deus
437 5344 533 5398 per
553 5335 822 5384 sanctum
856 5331 1187 5397 Macarium,
1223 5333 1388 5399 cujus
1406 5332 1746 5392 immortalis
1768 5341 1965 5396 anima

267 5431 421 5470 nunc
453 5422 539 5470 est
570 5433 699 5473 cum
734 5420 978 5490 angelis.
1012 5421 1155 5476 Eum
1189 5438 1293 5494 ego
1320 5439 1430 5477 non
1455 5427 1716 5494 conveni,
1740 5427 1962 5486 obierat

264 5506 418 5560 enim
452 5523 604 5562 anno
635 5513 943 5582 antequam
978 5528 1082 5582 ego
1118 5513 1522 5583 ingredererin
1556 5516 1956 5578 solitudinem.

261 5594 512 5651 Conveni
542 5607 731 5654 autem
765 5618 893 5656 eum
930 5605 1026 5675 qui
1070 5605 1340 5673 eratejus
1373 5605 1638 5662 sociusin
1662 5609 1795 5663 fidei
1828 5628 1959 5681 ope-

257 5684 450 5754 ribus,
477 5687 696 5746 etidem
729 5693 1058 5752 venerabile
1091 5709 1300 5750 nomen
1327 5695 1476 5766 quod
1513 5696 1633 5767 ipse
1687 5699 1951 5757 habebat.

2088 4727 2386 4782 mcsynas.

2159 4802 2383 4857 Rursus
2415 4818 2547 4857 cum
2581 4802 2896 4876 aliquando
2929 4805 3205 4878 cupiisset
3237 4807 3385 4863 vesci
3423 4811 3552 4866 uvis
3588 4830 3794 4870 recen-

2085 4890 2240 4944 tibus
2274 4891 2664 4963 perbellisque
2694 4895 2759 4947 ad
2785 4909 2846 4949 se
2880 4894 3097 4961 missis,
3132 4898 3448 4955 ostendens
3489 4903 3789 4961 continen-

2082 4982 2240 5047 tiam,
2269 4998 2367 5037 eas
2417 4983 2572 5038 misit
2601 4984 2669 5038 ad
2727 4985 2902 5040 alium
2967 4987 3202 5043 fratrem
3263 4987 3655 5060 laborantem,
3688 4997 3791 5068 qui

2079 5072 2201 5143 ipse
2233 5090 2465 5144 quoque
2499 5091 2639 5129 uvas
2671 5075 3058 5134 desiderabat.
3089 5079 3193 5145 Qui
3226 5096 3357 5135 cum
3392 5099 3492 5138 eas
3527 5087 3785 5159 accepis-

2076 5168 2182 5230 set,
2221 5169 2277 5217 et
2309 5163 2792 5234 magna‘affectus
2825 5171 2973 5222 esset
3005 5166 3223 5236 laetitia,
3250 5187 3419 5226 suam
3473 5172 3661 5231 celare
3688 5193 3786 5233 vo-

2075 5252 2200 5308 lens
2224 5254 2664 5320 continentiam,
2699 5270 2797 5310 eas
2821 5257 2983 5312 misit
3012 5257 3084 5314 ad
3106 5258 3286 5315 alium
3343 5261 3578 5319 fratrem
3618 5265 3785 5322 labo-

2075 5349 2320 5410 rantem,
2355 5344 2454 5415 qui
2482 5344 2601 5416 ipse
2628 5361 2861 5417 quoque
2895 5363 3027 5401 eum
3061 5349 3256 5404 cibum
3293 5359 3612 5420 appeteret.
3639 5355 3781 5412 Cum

2070 5433 2166 5489 ille
2197 5452 2429 5506 quoque
2452 5437 2788 5508 accepisset,
2825 5454 3025 5494 rursus
3083 5440 3192 5497 hoc
3222 5443 3416 5512 ipsum
3453 5445 3606 5509 fecit,
3667 5449 3778 5503 etsi

2069 5527 2192 5594 ipse
2226 5528 2389 5584 valde
2417 5530 2567 5584 vesci
2602 5538 2850 5600 cuperet.
2886 5530 3197 5604 Postquam
3231 5537 3512 5592 autemad
3555 5537 3774 5596 multos

2068 5617 2274 5672 fratres
2315 5619 2522 5674 deinde
2553 5626 2837 5676 venerunt
2897 5637 3036 5688 uvas,
3088 5639 3219 5679 cum
3281 5626 3482 5683 nullus
3513 5627 3565 5683 ei
3625 5628 3778 5686 vesci

2063 5705 2362 5775 voluisset,
2407 5717 2733 5778 postremus
2780 5709 2873 5780 qui
2925 5728 3024 5769 eas
3074 5721 3395 5786 acceperat,
3445 5733 3538 5772 eas
3569 5735 3773 5776 rursus
