4100 6204
317 287 466 377 1051

1827 283 2191 347 PALLADII

3573 278 3723 343 1052

317 414 523 488 λαϐὼν,
584 420 720 494 πρὸς
771 417 1047 495 Μακάρων
1094 416 1261 473 πάλιν
1312 415 1645 488 ἀπέστειλεν,
1697 419 1770 479 ὡς
1826 419 1961 493 μέγα
1990 424 2037 489 Α
2078 413 2391 493 ὑπερϐολὴν
2420 425 2521 488 τῆς
2577 417 2777 491 ἀτίμου
2822 420 3025 492 τέχνης
3068 418 3247 472 αύτῶν
3279 458 3295 473 .
3343 419 3512 470 Τοῦτο
3554 412 3616 469 δὶ
3666 415 3732 469 τὸ

319 504 493 581 δῶρον
528 509 676 581 αύτῷ
717 509 1108 585 χαριζόμενος.
1159 506 1446 583 Ἐπιγνοῦς
1493 504 1549 562 6‘5
1594 507 1759 570 αὐτὰς
1794 509 1821 562 6
1851 512 1967 563 Μα-

318 598 509 674 κάριος
538 599 628 653 καὶ
669 598 1231 674 πολυπραγμονήσας,
1283 596 1578 670 ἐθαύμασεν
1626 597 1963 673 εὐχαριστῶν

320 694 402 761 τῷ
459 689 648 763 Κυρίῳ
713 688 800 743 ἐπὶ
858 692 924 762 τῇ
984 688 1211 763 τοιαύτῃ
1270 686 1447 742 αὐτῶν
1504 686 1808 765 ἐγκρατείᾳ,
1873 686 1966 743 καὶ

323 775 452 834 οὐδὲ
482 779 644 841 αὐτὸς
679 779 856 834 αὐτῶν
888 777 1022 840 τέως
1058 777 1404 855 μετείληφεν.

394 870 455 925 Ἦ
514 868 608 942 μέν
662 868 750 921 οῦν
812 868 1037 937 ἄσκησις
1090 865 1186 921 τοῦ
1247 864 1495 942 μεγάλου
1550 866 1851 941 Μακαρίου,
1900 866 1966 935 ἢν

325 956 430 1029 ἐγὼ
479 956 567 1011 καὶ
615 954 821 1011 πολλοὶ
870 957 998 1029 παρ’
1046 956 1194 1027 αύτῷ
1239 951 1651 1029 ἧκριϐώσαμεν,
1694 955 1759 1025 ἦν
1808 953 1967 1025 αῦτη.

330 1044 395 1102 Εἴ
424 1067 476 1101 τι
509 1046 739 1117 ἀκήκοεν
780 1046 1001 1100 πώποτέ
1038 1065 1160 1099 τινα
1207 1045 1546 1114 πεποιηκότα
1592 1043 1746 1121 ἔργον
1800 1045 1971 1115 ἀσκή-

327 1156 481 1202 σεως,
517 1132 797 1208 διαπύρως
827 1134 1042 1195 πάντως
1070 1137 1231 1188 τοῦτο
1262 1131 1637 1207 κατώρθωσεν.

397 1223 661 1286 Ἀκούσας
722 1221 811 1277 οῦν
868 1224 1014 1297 παρά
1068 1244 1232 1278 τινων
1291 1223 1373 1277 ὅτι
1429 1224 1480 1278 οἱ
1537 1218 1969 1293 Ταϐεννησιῶται

330 1312 419 1368 διὰ
475 1313 653 1384 πάσης
711 1320 811 1382 τῆς
869 1320 1311 1387 Τεσσαρακοστῆς
1398 1312 1664 1367 ἐσθίουσιν
1742 1312 1969 1382 ἄπυρον,

328 1398 531 1477 ἔκρινεν
579 1402 738 1464 οὗτος
770 1403 797 1455 6
829 1403 984 1476 ἅγιος
1027 1403 1113 1457 ἐπὶ
1164 1402 1445 1457 ἑπταετίαν
1491 1400 1580 1456 διὰ
1608 1403 1779 1476 πυρὸς
1825 1398 1971 1475 διερ-

328 1493 565 1567 χόμενον
598 1491 674 1563 μή
708 1496 889 1564 φαγεῖν
916 1508 930 1522 ·
964 1490 1113 1558 πλήν
1144 1488 1400 1565 λαχάνων
1434 1492 1627 1563 ὠμῶν,
1660 1490 1713 1546 εἷ’
1756 1511 1887 1546 ποτε
1916 1488 1973 1546 δὲ

328 1580 417 1635 καὶ
447 1583 731 1655 παρεῦρεν,
774 1578 808 1649 ἢ
853 1577 1158 1649 ὀσπηιδίων
1203 1580 1464 1655 βρεκτῶν,
1516 1577 1751 1654 μηδενὸς
1798 1580 1972 1635 ἄλλου

329 1671 662 1747 γευσάμενος
696 1670 746 1725 ἐν
800 1669 1021 1732 ἐκείνοις
1073 1675 1189 1735 τοῖς
1233 1670 1367 1726 ἑπτὰ
1412 1665 1580 1726 ἔτεσιν
1609 1690 1622 1704 ·
1675 1672 1975 1746 Κατορθώ-

328 1782 423 1824 σας
485 1758 575 1815 οῦν
630 1762 791 1815 τοῦτο
850 1762 1174 1815 κατέπτυσεν
1234 1760 1434 1830 ταύτης
1488 1767 1587 1829 τῆς
1645 1758 1971 1824 πολιτείας.

328 1852 591 1906 Ἤκουσεν
641 1846 697 1903 δὲ
746 1847 870 1922 περί
927 1868 1076 1912 τινος
1127 1846 1304 1904 ἄλλου
1352 1849 1563 1911 οῦτοςὸ
1601 1847 1817 1925 ἄριστος
1866 1853 1972 1903 τῶν

332 1941 590 2013 μοναχῶν
623 1935 706 1991 ὅτι
753 1938 920 2012 ἄρτου
970 1936 1158 2012 λίτραν
1210 1937 1395 2006 ἐσθίει,
1428 1939 1514 1993 καὶ
1548 1940 1739 1993 τοῦτον
1792 1935 1973 2007 ζηλώ-

328 2048 445 2097 σας,
475 2026 678 2089 κλάσας
718 2027 779 2082 τὸ
833 2027 1222 2104 βουκελλάτον,
1256 2029 1283 2082 ’ὀ
1315 2028 1483 2104 εἶχεν,
1538 2030 1841 2103 κατήγαγεν
1893 2027 1971 2089 εἷς

327 2120 585 2194 κεράμια,
634 2116 819 2190 κρίνας
871 2120 1129 2172 τοσοῦτον
1180 2117 1341 2190 μόνον
1394 2116 1586 2176 ἐσθίειν
1643 2116 1766 2171 ὅσον
1818 2113 1877 2171 ἂν
1933 2118 1968 2186 ἡ

328 2208 452 2282 χεὶρ
484 2207 739 2282 ἀνενέγκῃ
769 2251 782 2264 .
818 2205 1041 2282 Μεγάλη
1076 2202 1133 2260 δὲ
1161 2206 1250 2261 καὶ
1291 2205 1425 2276 αῦτη
1474 2208 1727 2280 σώματος
1760 2204 1970 2279 σκληρ-

327 2296 540 2375 αγωγία
580 2341 596 2357 .
665 2300 919 2371 Διηγεῖτο
978 2296 1081 2371 γὰρ
1146 2298 1280 2370 ἡμῖν
1327 2297 1826 2372 χαριεντιζόμενος,
1885 2294 1968 2350 ὅτι

328 2383 807 2463 Περιεδρασσὸμην
862 2386 954 2457 μὶν
998 2385 1266 2441 πλειόνων
1319 2385 1674 2459 κλασμάτων,
1726 2385 1788 2440 06
1843 2406 1971 2439 συν-

327 2475 663 2553 εχωρούμην
696 2471 753 2528 δέ
795 2474 1082 2548 ἐξενεγκεῖν
1134 2474 1235 2528 ὑπὸ
1283 2478 1378 2528 τοῦ
1410 2479 1591 2529 στενοῦ
1638 2476 1735 2542 τῆς
1778 2475 1918 2542 ὁπῆς
1954 2513 1968 2529 .

326 2568 381 2618 ⁴Ο
409 2561 656 2632 τελώνης
688 2560 788 2636 γάρ
824 2582 928 2634 μου
961 2561 1026 2615 06
1074 2561 1393 2635 συνεχώρει,
1446 2562 1629 2640 φησὶν,
1671 2563 1733 2618 τὸ
1779 2581 1968 2616 παντε-

330 2653 443 2716 λῶς
476 2672 541 2725 με
573 2648 765 2706 ἐσθίειν
792 2693 804 2705 .
840 2649 961 2704 Ἐπὶ
995 2650 1097 2705 ὅλα
1130 2648 1219 2704 οῦν
1251 2650 1372 2725 τρία
1402 2648 1492 2721 ἔτη
1542 2650 1744 2720 ταύτην
1790 2651 1969 2720 £03173-

330 2762 413 2797 σεν
445 2743 544 2809 τὴν
578 2738 915 2815 ἐγκράτειαν,
945 2738 1204 2811 τέσσαρας
1235 2741 1269 2808 ἧ
1304 2740 1458 2794 πέντε
1490 2738 1706 2814 ούγκίας
1753 2738 1967 2807 ἐσθίων,

324 2832 414 2887 καὶ
451 2830 515 2886 τὸ
564 2826 889 2902 ἀντίρῥοπον
939 2828 1145 2883 τούτων
1196 2828 1360 2883 πίνων
1419 2826 1601 2903 ὕδωρ.
1653 2827 1864 2899 Ξέστην
1913 2825 1970 2883 δὲ

325 2921 515 2977 ἐλαίου
557 2920 633 2982 εἰς
664 2921 755 2975 τὸν
788 2917 1029 2975 ἐνιαυτὸν
1062 2918 1254 2990 άνήλω
1285 2919 1360 2983 εἰς
1391 2922 1601 2998 τροφήν
1624 2965 1638 2979 .

396 3005 577 3077 Ἄλλη
638 3004 865 3078 ἄσκησις
924 3010 1021 3061 τοῦ
1078 3005 1324 3076 ἀθλητοῦ
1358 3050 1371 3063 .
1429 3009 1675 3082 Ἕκρινεν
1736 3008 1894 3069 οὗτος
1940 3007 1967 3061 ὁ

324 3095 537 3170 ἀδάμας
596 3094 759 3151 1ἶίιπνον
807 3097 1216 3172 περιγενέσθαι.
1272 3097 1377 3152 Καὶ
1426 3101 1586 3151 τοῦτο
1638 3094 1967 3172 διηγήσατο,

324 3187 405 3241 ὅτι
440 3185 554 3244 Οὐκ
598 3185 853 3254 εἰσῆλθον
904 3186 1007 3240 ὑπὸ
1050 3185 1240 3260 στέγην
1284 3184 1333 3238 ἐν
1376 3183 1527 3247 ὅλοις
1581 3185 1746 3239 εἴκοσι
1800 3188 1971 3260 νυχθ-

323 3277 574 3352 ημέροις,
595 3272 691 3331 ’ίνα
721 3277 929 3344 νικήσω
961 3274 1125 3328 ῦπνον
1153 3290 1167 3303 ⁸
1198 3278 1312 3335 τοῖς
1364 3276 1456 3346 μὲν
1505 3274 1742 3347 καύμασι
1774 3273 1971 3350 φλεγό-

331 3384 487 3437 μενος
518 3366 616 3433 τήν
649 3362 885 3435 ἡμέραν,
917 3366 985 3435 τῇ
1028 3359 1085 3415 δὶ
1113 3364 1392 3435 νοκτερινῇ
1415 3363 1748 3435 στυφόμενος
1774 3365 1975 3437 ψυχρό-

325 3474 451 3522 τητι
475 3497 490 3511 .
528 3452 628 3507 Καὶ
660 3448 843 3523 ἔλεγεν
873 3449 1053 3516 οὗτος,
1079 3448 1161 3504 ὅτι
1205 3449 1267 3503 Εἰ
1304 3450 1378 3521 μὴ
1412 3450 1605 3525 τάχιον
1640 3451 1742 3505 ὑπὸ
1780 3450 1977 3527 στέγην

330 3539 617 3609 εἰσῆλθον,
644 3539 734 3594 καὶ
766 3537 1093 3613 ἐχρησάμην
1126 3540 1295 3612 ὕπνῳ,
1320 3540 1492 3601 οὕτως
1524 3540 1788 3613 ἐξηράνθη
1821 3562 1925 3615 μου
1948 3542 1976 3597 6

332 3627 655 3706 ἐγκέφαλος,
687 3628 761 3689 ὼς
791 3628 866 3691 είς
897 3624 1138 3683 ἕκοτασίν
1173 3648 1240 3702 με
1266 3626 1453 3685 ἐλάσαι
1504 3630 1697 3686 λοιπόν
1720 3675 1734 3687 .
1786 3631 1883 3685 Καὶ
1914 3632 1977 3686 τὸ

333 3720 457 3775 ὅσον
489 3719 539 3775 ἐν
564 3718 710 3794 ἐμοὶ,
734 3719 918 3794 φησὶν,
944 3717 1129 3774 ἐνίκων
1148 3719 1241 3774 τὸν
1264 3718 1426 3775 ὕπνον
1447 3739 1460 3753 ·
1492 3741 1555 3775 το
1574 3718 1629 3775 δὲ
1650 3720 1775 3775 ὅσον
1799 3719 1885 3777 ἐπὶ
1908 3724 1977 3795 τῇ

333 3811 485 3887 φύσει
515 3812 585 3883 τῇ
613 3806 801 3884 χρείαν
823 3807 1029 3882 ἐχούσῃ
1050 3811 1148 3862 τοῦ
1169 3807 1359 3877 ὕπνου,
1379 3809 1753 3885 παρεχώρησα
1773 3810 1938 3885 ταύτῃ
1964 3853 1977 3868 .

402 3903 508 3954 Τοῦ
574 3898 735 3977 ἁγίου
793 3900 989 3953 τούτου
1043 3897 1413 3971 καθεζομένου
1462 3899 1562 3953 ὑπὸ
1611 3897 1758 3973 πρωί
1803 3898 1854 3955 ἐν
1898 3904 1980 3974 τῷ

329 3988 567 4060 κελλίω,
600 3986 961 4062 κώνωψιστὰς
989 3984 1076 4041 ἐπὶ
1104 3990 1201 4042 106
1230 3984 1399 4049 ποδὸς
1435 3989 1598 4044 06106
1651 3988 1928 4060 ἐκέντησεν
1964 4033 1978 4047 .

333 4077 613 4154 Ἀλγήσας
663 4074 721 4132 δὲ
772 4076 1019 4147 κατέαξεν
1067 4079 1258 4131 τοῦτον
1298 4081 1367 4149 τῇ
1400 4080 1546 4152 χειρὶ
1597 4079 1728 4150 μετά
1780 4080 1841 4133 τὸ
1884 4099 1983 4133 κο·-

334 4170 589 4242 ρεσθῆναι
645 4171 741 4222 τοῦ
799 4163 1034 4237 α’ίματος
1067 4180 1082 4196 ο
1166 4167 1525 4240 Κατεγνωκὼς
1610 4166 1703 4223 οῦν
1760 4166 1977 4243 ὕστερον

335 4261 526 4313 ἑαυτοῦ
558 4258 634 4319 ὡς
684 4255 870 4311 ἑαυτὸν
921 4253 1327 4324 ἑκδικήσαντος,
1378 4253 1725 4326 καταδικάζει
1774 4258 1979 4329 ἑαυτὸν,

334 4345 471 4401 ὥστε
528 4346 603 4407 είς
649 4345 713 4399 τὸ
763 4341 887 4406 ἕλος
934 4350 1035 4412 τῆς
1092 4345 1371 4414 Σκήτεως,
1404 4345 1431 4398 '6
1462 4344 1601 4399 ἐστιν
1652 4344 1706 4400 ἐν
1748 4350 1816 4419 τῇ
1857 4367 1983 4401 παν-

338 4438 555 4509 ερήμῳ,
610 4432 936 4501 καθεσθῆναι
987 4431 1188 4507 γυμνὸν
1240 4432 1326 4487 ἐπὶ
1381 4433 1552 4506 μῆνας
1586 4431 1639 4505 ἕξ
1669 4476 1682 4490 .
1732 4437 1898 4492 Ἔνθα
1929 4437 1981 4491 οἱ

335 4526 592 4586 κώνωπες
648 4519 889 4577 δύνανται
938 4521 1027 4576 καὶ
1067 4520 1317 4597 συάγρων
1370 4520 1609 4598 δέρματα
1648 4529 1855 4600 τιτρᾷν,
1905 4526 1981 4588 ὡς

338 4621 539 4689 σφῆκες
586 4610 734 4674 ὅντες
788 4608 1037 4685 μεγάλοι.
1098 4611 1282 4674 Οὕτως
1335 4612 1464 4676 ὅλος
1501 4614 1587 4669 ὑπ’
1626 4614 1802 4671 αὐτῶν
1851 4636 1980 4672 κατ-

337 4704 571 4780 ετρώθη,
615 4702 689 4766 ὼς
742 4700 832 4757 καὶ
892 4698 1230 4764 σπονδύλους
1276 4700 1559 4778 ἐξενεγκεῖν
1608 4701 1676 4758 δι’
1723 4704 1855 4761 ὅλου
1884 4709 1981 4761 τοῦ

338 4798 613 4868 σώματος,
646 4790 720 4854 ὡς
750 4788 842 4845 καί
873 4810 1022 4852 τινας
1051 4789 1275 4864 νομίσαι
1334 4792 1418 4846 ὅτι
1462 4790 1747 4870 ἐλεφαντία
1802 4793 1940 4849 ἐστίν
1965 4839 1977 4852 .

334 4878 675 4937 Ἐπανελθὼν
730 4875 819 4933 οῦν
852 4877 927 4940 εἷς
970 4879 1032 4933 16
1080 4876 1301 4935 κελλίον
1350 4879 1540 4936 ἑαυτοῦ
1593 4883 1728 4955 μετά
1771 4881 1898 4944 τοὺς
1926 4882 1979 4956 ’ἐξ

341 4977 517 5044 μῆνας
574 4967 681 5022 ἀπὸ
730 4968 828 5037 τῆς
878 4973 1065 5044 φωνῆς
1112 4964 1432 5043 ἐγνωρίζετο
1486 4970 1652 5042 μόνον
1693 4969 1773 5025 ὅτι
1822 4970 1981 5033 αὐτός

339 5058 479 5116 ἐστιν
509 5057 537 5113 6
565 5056 753 5131 κύριος
784 5056 1080 5131 Μακάριος.

409 5149 778 5223 Ἐπεθύμησέν
825 5166 961 5201 ποτε
1007 5148 1166 5209 οὗτος
1219 5149 1247 5201 6
1297 5148 1475 5216 0616:,
1528 5151 1601 5211 ὡς
1649 5150 1808 5213 αὐτὸς
1847 5154 1982 5224 ἡμῖν

341 5238 662 5317 διηγήσατο,
716 5236 791 5298 εἷς
838 5236 901 5291 τὸ
949 5237 1287 5315 κηποτάφιον
1337 5236 1594 5293 εἰσελθεῖν
1639 5240 1734 5294 τοῦ
1785 5242 1981 5297 Ἰαννοῦ

340 5331 428 5384 καὶ
460 5322 724 5403 Ἰαμϐροῦ
751 5330 859 5381 τῶν
909 5326 1100 5400 μάγων
1145 5331 1256 5381 τῶν
1306 5326 1391 5382 ἐπὶ
1422 5332 1518 5381 τοῦ
1551 5329 1776 5404 Φαραὼ,
1822 5331 1983 5405 χάριν

340 5418 583 5490 ἱστορίας
611 5416 646 5485 ἢ
684 5415 772 5471 καὶ
805 5415 1095 5491 συντυχίας
1126 5420 1232 5470 τῶν
1266 5415 1436 5471 ἐκεῖσε
1467 5413 1763 5490 δαιμόνων.
1802 5421 1981 5475 Ἐλέι.

341 5524 465 5581 γετο
496 5505 599 5580 γάρ
640 5504 1007 5577 παμπόλλους
1038 5504 1127 5559 καὶ
1169 5504 1446 5580 χαλεποὺς
1493 5506 1982 5582 ἀποκεκληρῶσθαι

343 5595 470 5669 παρ’
508 5592 683 5649 αὐτῶν
737 5592 956 5650 ἐκείνων
1001 5593 1079 5669 τῷ
1133 5594 1288 5670 τόπῳ
1346 5594 1533 5669 ἐκείνῳ
1593 5594 1857 5673 δαίμονας
1914 5596 1983 5653 δι’

3276 504 3305 517 ν

2072 510 2419 585 κηποτάφιον
2488 506 2705 584 γέγονεν
2781 508 2908 580 παρ’
2966 505 3131 561 06106
3204 504 3305 561 106
3362 506 3567 561 Ἰαννοῦ
3636 502 3735 557 καὶ

2076 592 2339 671 Ἰαμϐροῦ
2370 600 2477 651 τῶν
2530 594 2803 673 ἀδελφῶν,
2855 592 2925 649 δι’
2977 587 3289 666 ὑπερϐολὴν
3335 599 3437 662 τῆς
3486 597 3731 667 μαγικῆς

2075 685 2278 761 τέχνης
2323 688 2390 741 τά
2429 690 2619 751 πρῶτα
2670 684 2906 760 ἐχόντων
2951 686 3069 738 κατ’
3115 680 3289 738 ἐκεῖνο
3337 685 3531 753 καιροῦ
3578 680 3733 755 παρὰ

2075 779 2153 848 τῷ
2197 776 2438 850 Φαραώ.
2498 779 2587 837 Ὠς
2637 775 2731 829 οῦν
2781 772 3000 843 πολλὴν
3041 770 3368 845 κεκτημένοι
3414 772 3516 839 τὴν
3570 767 3734 824 δυνα-

2074 864 2251 920 στείαν
2283 866 2381 933 τήν
2406 864 2459 919 ἐν
2490 864 2751 938 Αἰγύπτῳ
2774 865 2824 918 έν
2848 868 2925 935 τῷ
2954 870 3053 931 τῆς
3077 868 3221 931 ζωῆς
3245 860 3416 916 αὐτῶν
3440 859 3658 935 χρόνῳ,
3676 858 3741 913 ἐκ

2074 951 2417 1029 τετραπέδων
2468 952 2638 1009 λίθων
2688 948 2901 1009 ἔκτισαν
2944 952 3006 1007 16
3046 946 3202 1026 ἔργον
3254 949 3448 1019 ἐκεῖνο,
3492 947 3546 1004 ἐν
3578 948 3739 1021 αὐτῷ

2087 1051 2277 1117 μνῆμα
2306 1044 2690 1116 πεποιηκότες,
2741 1043 2829 1097 καὶ
2879 1042 3081 1118 χρυσὸν
3128 1038 3306 1096 πολὺν
3360 1039 3691 1111 ἀποθέμενοι
3719 1084 3735 1097 .

2083 1134 2405 1210 Ἐφότευσαν
2454 1132 2511 1188 δὶ
2556 1134 2645 1188 καὶ
2697 1130 2891 1207 δένδρα
2954 1136 3209 1201 παντοῖα,
3260 1131 3347 1185 καὶ
3391 1130 3558 1206 φρέαρ
3609 1126 3743 1183 660-

2083 1244 2174 1285 10:
2232 1223 2481 1299 μέγιστον
2533 1222 2741 1298 ὤρυξαν
2773 1242 2786 1255 ’
2832 1222 3069 1295 ὕπικμος
3114 1220 3215 1297 γάρ
3265 1218 3404 1275 ἐστιν
3447 1220 3473 1273 6
3518 1220 3693 1280 τόπος
3721 1263 3735 1275 .

2086 1317 2262 1368 Ταῦτα
2312 1310 2368 1368 δὲ
2410 1317 2582 1368 πάντα
2628 1312 2911 1384 ἐποίησαν,
2962 1310 3277 1381 ἐλπίζοντες
3331 1310 3463 1382 μετᾶ
3511 1310 3610 1377 τὴν
3660 1308 3743 1362 ἐν·

2081 1404 2264 1457 τεῦθεν
2292 1400 2464 1458 ἒκεῖσε
2493 1401 2663 1480 ἄφιξιν
2698 1402 2750 1457 ἐν
2775 1400 2955 1475 τούτῳ
3002 1406 3081 1474 τῷ
3125 1398 3436 1474 παραδείσῳ
3484 1402 3696 1475 τρυφᾷν
3722 1440 3738 1453 .

2082 1492 2250 1554 Τέλος
2283 1490 2377 1547 οῦν
2424 1492 2627 1569 ἀγνοῶν
2677 1500 2776 1562 την
2822 1487 2946 1547 ὁδὸν
2994 1488 3223 1566 ἄγουσαν
3270 1487 3358 1544 ἐπὶ
3406 1490 3597 1541 τοῦτον
3640 1488 3736 1541 τὸν

2082 1582 2249 1636 τόπον
2297 1582 2324 1636 6
2380 1585 2477 1637 106
2530 1584 2769 1657 Χριρτοῦ
2825 1577 3022 1642 δοῦλος
3080 1578 3377 1652 Μακάριος,
3428 1581 3739 1651 στοχασμῷ

2088 1672 2252 1745 μόνον
2303 1671 2597 1741 ἠκόλούθει
2643 1676 2760 1733 τοῖς
2811 1674 3027 1745 ἄστροις
3063 1689 3075 1701 ⁵
3128 1668 3367 1744 καθάπερ
3399 1668 3452 1722 0'1
3488 1666 3737 1721 ναυτικοὶ

2087 1756 2449 1823 διαϐαίνοντες
2519 1760 2586 1816 τά
2642 1760 2881 1836 πελάγη.
2929 1759 3113 1821 Οὕτως
3158 1759 3316 1821 οὗτος
3372 1757 3400 1811 6
3432 1758 3585 1833 ἅγιος
3631 1757 3737 1826 τήν

2010 1825 2051 1887 Β
2082 1848 2289 1923 ἔρημον
2321 1855 2493 1905 πᾶσαν
2546 1846 2851 1916 διώδευσεν,
2900 1849 2991 1905 καὶ
3036 1844 3221 1904 λαϐὼν
3269 1844 3394 1923 δέρα
3441 1844 3739 1919 καλάμων,

2077 1932 2168 1991 ’ένα
2208 1937 2343 1991 κατὰ
2406 1934 2591 2009 μίλιον
2643 1934 2773 1991 ἵστα
2810 1936 2972 2012 χάριν
3036 1935 3295 2009 σημείου,
3354 1930 3449 1987 ’ίνα
3481 1930 3612 2007 εὕρῃ
3669 1928 3743 1986 δι’

2080 2024 2251 2094 αὐτῆς
2303 2024 2659 2099 ὑποστρέψαι.
2737 2023 3029 2088 Διοδεύσας
3059 2024 3156 2078 οὖν
3205 2020 3415 2091 ἐκείνην
3460 2022 3563 2091 τὴν
3611 2016 3744 2093 ἔρη-

2085 2135 2183 2187 μον
2217 2118 2390 2169 πᾶσαν
2421 2114 2568 2177 ἐντὸς
2609 2117 2833 2188 ἡμερῶν
2880 2111 3049 2185 ἐννέα,
3093 2112 3181 2167 καὶ
3232 2113 3525 2187 γενόμενος
3574 2109 3736 2181 πλη-

2081 2202 2195 2258 σίον
2248 2207 2345 2259 τοῦ
2400 2205 2581 2275 κήπου
2637 2202 2861 2269 ἐκείνου,
2917 2196 3423 2270 ἐπικαταλαϐούσης
3466 2207 3573 2270 τῆς
3631 2222 3731 2255 νυ-

2078 2292 2206 2354 κτὸς
2242 2293 2434 2366 μικρὸν
2486 2289 2836 2362 ἐκαθεύδησεν
2868 2311 2879 2324 ο
2941 2295 2998 2347 Ὀ
3041 2289 3133 2347 οῦν
3186 2291 3375 2366 ἄγριος
3427 2288 3667 2361 δαίμων,
3700 2291 3731 2346 δ

2079 2380 2160 2436 ἀεὶ
2218 2387 2334 2442 τοὶς
2392 2380 2654 2451 ἀθληταῖς
2707 2385 2803 2435 τοῦ
2862 2382 3098 2454 Χριστοῦ
3148 2379 3543 2455 ἀντιπράττων,
3603 2400 3731 2433 σον-

2079 2469 2292 2546 αγαγὼν
2323 2468 2490 2531 ὅλους
2521 2469 2649 2531 τοῦς
2680 2468 2963 2542 καλάμους
2999 2470 3235 2531 ἐκείνους
3282 2473 3383 2524 τοῦ
3445 2470 3733 2545 Μακαρίου

2079 2557 2435 2622 καθεύδοντος
2476 2560 2548 2621 ὼς
2596 2558 2701 2613 άπὸ
2757 2559 2987 2631 σημείου
3047 2559 3160 2621 ἐνὸς
3219 2560 3315 2613 τοῦ
3381 2559 3734 2633 κηποταφίου

2078 2668 2216 2723 προς
2248 2652 2317 2722 τῇ
2350 2648 2560 2726 κεφαλῇ
2593 2647 2757 2703 016106
2785 2648 3038 2711 τεθεικὼς
3079 2647 3402 2724 ἀπηλλάγη.
3467 2650 3737 2711 Ἀναστὰς

2080 2738 2171 2795 οῦν
2239 2738 2384 2814 εὗρεν
2426 2740 2552 2801 τοὺς
2604 2738 2887 2813 καλάμους
2947 2736 3382 2810 συνδεδεμένους,
3428 2739 3517 2800 06:
3564 2738 3733 2802 αὐτὸς

2082 2829 2245 2903 χάριν
2296 2828 2527 2901 σημείου
2576 2829 2890 2901 κατέπηξεν.
2975 2829 3131 2905 Τάχα
3179 2824 3236 2883 δὲ
3284 2828 3373 2883 καὶ
3418 2832 3572 2883 τοῦτο
3619 2831 3724 2883 τοῦ

2080 2922 2213 2973 Θεοῦ
2262 2920 2723 2994 συγχωρήσαντος
2770 2917 2847 2980 είς
2904 2918 3126 2990 μείζονα
3163 2918 3361 2974 τούτου
3403 2916 3730 2991 γυμνασίαν,

2073 3006 2162 3062 ⁹ίνα
2208 3009 2284 3081 μή
2336 3007 2608 3080 καλάμοις
2664 3005 2930 3082 ἐπελπίζῃ
2994 3004 3255 3082 ὁδηγοῦσι
3314 3013 3530 3077 τοῦτον,
3580 3006 3731 3063 αλλὰ

2078 3100 2146 3170 τῇ
2181 3100 2368 3172 χάριτι
2399 3100 2497 3152 τοῦ
2531 3098 2668 3151 Θεοῦ
2709 3100 2804 3152 τοῦ
2851 3093 2940 3150 διὰ
2985 3096 3189 3151 στύλου
3236 3093 3469 3175 νεφέλης
3516 3093 3740 3170 ὁδηγή-

2004 3195 2046 3263 C
2087 3207 2275 3247 σαντος
2330 3188 2419 3242 τὸν
2482 3186 2705 3255 Ἰσραήλ
2756 3187 3152 3260 τεσσαράκοντα
3198 3181 3290 3255 ἔτη
3335 3184 3384 3241 ἐν
3416 3189 3486 3256 τῇ
3530 3180 3741 3260 φοϐερᾷ

2084 3274 2279 3350 ἐρήμῳ
2328 3276 2541 3350 ἐκείνῃ.
2593 3273 2814 3349 Ἔλεγεν
2865 3271 2919 3330 δὲ
2951 3275 3189 3349 ὂᾶίγιος,
3240 3275 3321 3329 611
3376 3276 3741 3351 Ἑγγίσαντὸς

2088 3385 2191 3438 μου
2237 3366 2400 3437 μόνον
2450 3368 2529 3437 τῷ
2585 3364 2930 3443 κηποταφίῳ,
2989 3364 3079 3419 ἀπ’
3145 3364 3309 3419 αὐτοῦ
3367 3364 3598 3434 ἐξῆλθον
3658 3364 3738 3426 εἴς

2086 3452 2398 3523 συνάντησίν
2471 3474 2575 3525 μου
2618 3449 3003 3527 ἐϐδομήκοντα
3052 3450 3313 3525 δαίμονες
3353 3453 3599 3526 παντοίῳ
3654 3460 3735 3527 τῷ

2087 3545 2354 3618 σχήματι,
2389 3545 2438 3598 0'1
2475 3544 2568 3615 μὲν
2624 3544 2877 3619 βοῶντες,
2909 3543 2958 3597 οἰ
2993 3541 3049 3598 δὲ
3088 3540 3391 3614 πηδῶντες,
3425 3545 3476 3598 οἱ
3509 3541 3566 3599 δέ
3599 3545 3738 3617 μετά

2090 3631 2335 3708 μεγάλου
2369 3634 2621 3708 βρυγμοῦ
2662 3636 2932 3709 τρίζοντες
2960 3634 3077 3688 κατ’
3117 3631 3254 3706 ἐμοῦ
3293 3635 3419 3694 τοὺς
3466 3632 3698 3697 ὀδόντας
3722 3677 3737 3691 .

2086 3723 2297 3796 ’Έτεροι
2331 3719 2387 3777 6'5
2433 3722 2508 3784 ὡς
2565 3721 2789 3797 κόρακες
2834 3723 3256 3795 πτερυσσόμενοι
3307 3721 3560 3797 ἐτόλμων
3602 3726 3743 3781 κατὰ

2087 3818 2187 3881 τῆς
2220 3811 2396 3885 ὅψεώς
2450 3832 2574 3886 μου,
2610 3810 2898 3886 λέγοντεςο
2960 3810 3024 3867 Τί
3070 3809 3267 3881 Θέλεις,
3318 3813 3581 3887 Μακάριε,
3615 3834 3737 3869 πει-

2091 3903 2264 3976 90091
2293 3905 2400 3956 τῶν
2451 3905 2709 3975 μοναχῶν
2739 3922 2753 3971 ;
2782 3900 2834 3955 τί
2884 3900 3018 3975 πρὸς
3071 3902 3218 3973 ἡμᾶς
3266 3904 3601 3977 παρεγένους
3658 3905 3737 3975 μή

2089 3992 2179 4045 καὶ
2226 3993 2388 4062 ἡμεῖς
2420 3990 2497 4051 εἴς
2552 4012 2699 4052 τινας
2738 3993 2844 4044 τῶν
2897 3993 3161 4065 μοναχῶν
3211 3990 3614 4069 ἐνεργήσαμεν;
3665 3993 3742 4048 Ti

2089 4081 2328 4155 ἡμέτερα
2379 4076 2523 4155 ἔχεις
2572 4078 2683 4134 ἐκεῖ
2727 4080 2861 4152 μετᾶ
2906 4084 3013 4135 τῶν
3050 4100 3134 4134 σοι
3184 4080 3415 4152 ὁμοίων,
3452 4083 3554 4149 τὴν
3600 4076 3736 4154 ἕρη-

2093 4160 2195 4243 μον
2230 4188 2244 4203 ’
2304 4170 2545 4224 κακεῖθεν
2611 4167 2739 4231 τοὺς
2804 4174 3081 4245 συγγενεῖς
3165 4172 3326 4241 ἡμῶν
3399 4167 3734 4242 ἐξεδιώξατε.

2090 4256 2253 4314 Οὐδὲν
2281 4260 2462 4313 κοινὸν
2496 4260 2658 4330 ἡμεῖς
2707 4257 2907 4334 ἔχομεν
2962 4262 3095 4333 μετά
3143 4264 3237 4314 σοῦ
3270 4302 3284 4316 .
3335 4260 3394 4315 Τί
3444 4255 3745 4324 ἐπιϐαίνεις

2090 4350 2249 4421 ἡμῶν
2301 4352 2415 4408 τοῖς
2472 4346 2701 4419 τόποις;
2762 4348 2837 4410 ὡς
2895 4349 3262 4425 ἀναχωρητὴς
3324 4349 3614 4425 ἆρκέσθητι
3671 4354 3744 4425 τῇ

2089 4434 2303 4511 ἐρήμῳ.
2354 4436 2517 4507 Ἡμῖν
2547 4440 2737 4491 τοῦτον
2767 4438 2856 4491 τὸν
2886 4439 3050 4494 τόπον
3081 4440 3132 4495 οἱ
3162 4439 3436 4500 κτίσαντες
3485 4438 3747 4510 ἀπεκλή-

2090 4547 2279 4601 ρωσαν.
2316 4524 2387 4581 06
2420 4522 2635 4580 δύνασαι
2667 4526 2827 4589 αὐτὸς
2861 4532 3036 4601 μεῖναι
3077 4526 3258 4583 ἐνθάδε
3282 4569 3297 4585 .
3327 4528 3387 4583 Τί
3419 4532 3602 4599 ζητεῖς
3628 4526 3741 4583 εἷσ-

2089 4615 2265 4671 ελθεῖν
2311 4614 2385 4677 εἷς
2432 4619 2595 4670 τοῦτο
2634 4617 2697 4671 16
2733 4620 2939 4689 κτῆμα,
2973 4616 3048 4680 εἷς
3080 4618 3109 4672 ’ὁ
3141 4616 3317 4679 οὐδεὶς
3362 4623 3468 4672 τῶν
3516 4618 3740 4692 ἀνθρώ-

2088 4726 2203 4760 πων
2230 4709 2337 4760 τῶν
2370 4705 2586 4775 ζώντων
2639 4704 2887 4776 εἰσῆλθεν
2944 4708 3034 4785 ἀφ’
3077 4708 3245 4781 οὗπερ
3305 4709 3356 4762 οἱ
3404 4711 3567 4763 τοῦτο
3616 4707 3739 4763 κτί-

2089 4814 2271 4857 σαντες
2322 4790 2549 4873 ἆδελιροί
2613 4794 2700 4872 ὑφ’
2756 4796 2918 4867 ἡμῶν
2976 4794 3163 4851 ἐνθάδε
3219 4792 3739 4867 κατεκηδεύθησαν;

2088 4879 2278 4939 καίέτι
2312 4881 2497 4939 πολλά
2543 4880 2958 4959 ταραττομένων
2989 4890 3096 4942 τῶν
3144 4886 3421 4959 δαιμόνων
3471 4885 3560 4941 καὶ
3618 4885 3748 4941 610-

2090 4971 2433 5050 φυρομένων,
2493 4973 2640 5028 εἷπον
2701 4971 2907 5043 αὐτοῖς,
2966 4976 3124 5054 φησὶν
3185 4976 3213 5029 6
3272 4975 3571 5051 Μακάριος,
3655 4976 3741 5031 δτι

2089 5062 2333 5120 Εἷσέλθω
2382 5062 2568 5134 μόνον,
2626 5064 2717 5117 καὶ
2774 5063 3072 5138 ἱστορήσω,
3130 5065 3220 5119 καὶ
3278 5063 3597 5143 ἀπέρχομαι
3656 5063 3743 5119 ἐν·

2088 5152 2266 5207 τεῦθεν
2299 5195 2311 5207 .
2340 5152 2402 5206 Οἱ
2445 5149 2501 5205 δὲ
2532 5149 2784 5225 δαίμονες
2811 5172 2825 5185 '
2858 5157 3025 5209 T0610
3051 5156 3187 5225 ἡμῖν
3235 5153 3587 5227 ὁμολόγησον
3642 5153 3732 5207 ἐπὶ

2090 5248 2188 5310 τῆς
2220 5247 2316 5310 σῆς
2348 5242 2705 5312 συνειδήσεώς
2739 5264 2834 5297 σου
2860 5289 2873 5302 .
2905 5244 2962 5298 Ὀ
2994 5240 3051 5299 δὲ
3080 5248 3179 5298 τοῦ
3217 5247 3462 5319 Χριστοῦ
3497 5241 3700 5307 δοῦλος
3721 5262 3736 5274 ’

2089 5334 2255 5386 T0610
2285 5333 2502 5401 ποιήσω
2527 5375 2539 5387 .
2572 5332 2634 5385 Οἱ
2667 5329 2722 5386 6‘5
2755 5329 3007 5404 δαίμονες
3048 5331 3273 5410 ἄφαντοι
3301 5335 3555 5409 γέγόνασι
3585 5378 3599 5390 .
3626 5338 3689 5360 ’⁵
3712 5338 3737 5363 '

2093 5418 2365 5477 Εἰσελθὼν
2400 5419 2511 5484 οὖν,
2540 5421 2725 5498 φησὶν,
2771 5420 3075 5496 ἐθεασάμην
3104 5423 3169 5479 τὰ
3199 5423 3392 5491 πάντα,
3441 5422 3493 5478 ἐν
3532 5424 3619 5486 οἷς
3650 5422 3741 5479 εὗ-

2094 5530 2182 5585 ρον
2227 5509 2316 5565 καὶ
2364 5508 2527 5566 κάδον
2586 5511 2829 5587 χαλκοῦν
2889 5513 3078 5569 ἁλύσει
3136 5510 3333 5587 σιδηρᾷ
3387 5515 3739 5589 κρεμάμενον

2089 5598 2224 5655 κατὰ
2253 5603 2351 5657 τοῦ
2382 5601 2608 5676 φρέατος
2637 5602 2835 5659 λοιπὸν
2856 5606 2935 5677 τῷ
2974 5601 3163 5681 χρόνῳ
3201 5602 3547 5661 ἀναλωθέντα
3581 5624 3594 5638 ·
3650 5605 3741 5661 καὶ
