4076 6206
189 307 344 368 1053

1538 302 1911 367 HISTORIA
1953 303 2330 366 LAUSIACA
2344 346 2357 360 .

3556 313 3712 372 1054

186 441 348 500 misit
377 441 448 498 ad
476 439 813 507 Macarium,
844 441 1123 512 tanquam
1149 453 1426 511 magnum
1475 438 1527 494 ei
1557 439 1773 495 donum
1798 438 1902 495 lar-
1928 450 1980 516 Α
2014 439 2166 511 apud
2204 437 2576 493 Pharaonem.
2605 431 2672 490 Ut
2706 433 2804 506 qui
2853 449 2984 506 ergo
3015 435 3112 493 illo
3143 439 3271 496 vitae
3303 456 3418 497 sum
3451 446 3712 517 tempore

185 534 376 606 giens.
404 531 510 596 Qui
543 545 673 586 cum
706 546 828 585 rem
878 530 1104 585 curiose
1144 527 1519 601 inquisiisset,
1555 527 1893 599 admiratus,

185 629 245 681 et
274 622 392 679 Deo
424 621 572 676 actis
601 620 807 691 gratiis
849 620 920 674 ob
964 624 1182 674 tantam
1226 634 1422 674 eorum
1457 618 1898 686 continentiam,

189 730 261 770 ne
293 712 419 786 ipse
450 710 684 783 quidem
720 726 786 765 ex
818 709 888 764 iis
920 711 1151 764 tandem
1185 708 1452 764 comedit.

260 809 450 874 Atque
481 807 602 856 haec
626 799 860 872 quidem
911 804 1000 855 est
1049 799 1245 870 magni
1279 796 1512 854 Macarii
1544 797 1897 865 exercitatio,

187 909 362 964 quam
397 908 502 964 ego
534 896 592 946 et
623 888 792 945 multi
832 895 1099 945 accurate
1146 888 1299 959 apud
1332 888 1525 958 ipsum
1559 886 1896 942 didicimus.

187 984 241 1038 Si
275 982 429 1054 quod
463 996 610 1052 opus
639 978 1070 1036 exercitationis
1121 977 1372 1048 aliquem
1403 991 1661 1049 unquam
1695 975 1901 1032 fecisse

191 1072 398 1136 audiit,
433 1069 670 1126 omnino
700 1068 757 1122 id
791 1067 1062 1123 ardenter
1092 1065 1311 1122 effecit.

261 1161 404 1218 Cum
435 1159 508 1215 ab
533 1157 829 1230 aliquibus
860 1155 1166 1225 audiisset,
1197 1151 1644 1211 Tabennesiotas
1679 1166 1780 1222 per
1809 1154 1903 1206 to-

193 1257 314 1308 tam
363 1247 878 1322 quadragesimam
927 1247 1089 1302 nulla
1121 1261 1180 1303 re
1227 1245 1378 1302 vesci
1429 1259 1559 1314 qua:
1601 1241 1716 1310 igni
1751 1245 1904 1296 esset

194 1343 448 1406 admota,
483 1340 685 1396 statuit
723 1338 817 1394 hic
865 1343 1106 1395 sanctus
1158 1343 1373 1408 septem
1418 1335 1586 1391 annis
1628 1332 1770 1389 nihil
1803 1348 1902 1388 co-

196 1433 424 1489 medere
453 1430 606 1502 quod
642 1447 740 1499 per
785 1428 983 1501 ignem
1034 1427 1365 1493 transisset,
1416 1430 1470 1481 et
1519 1429 1637 1480 toto
1671 1422 1772 1478 illo
1803 1437 1900 1477 se—

195 1521 433 1594 ptennio
460 1518 608 1576 nihil
638 1519 897 1591 gustavit
930 1522 1138 1589 prieter
1180 1517 1355 1572 cruda
1386 1515 1538 1570 olera
1569 1514 1654 1569 vel
1688 1512 1736 1568 si
1775 1527 1900 1584 quas

195 1612 342 1668 forte
371 1608 687 1666 invenisset
717 1607 1021 1679 legumina
1068 1606 1422 1661 humectato.
1456 1603 1598 1659 Cum
1633 1602 1739 1657 hoc
1767 1616 1904 1673 ergo

195 1703 349 1754 recte
377 1697 633 1763 vixisset,
663 1699 1017 1768 aspernatus
1050 1703 1139 1751 est
1161 1694 1312 1749 hanc
1333 1692 1560 1748 vivendi
1593 1691 1903 1746 rationem.

194 1787 396 1843 Audiit
427 1792 620 1842 autem
653 1786 726 1841 ab
769 1785 964 1856 aliquo
1009 1783 1120 1839 alio
1170 1783 1262 1838 hic
1296 1780 1713 1837 monachorum
1747 1778 1905 1848 epti-

195 1891 351 1941 mus,
385 1871 540 1946 quod
568 1871 805 1945 quidam
839 1872 1165 1927 monachus
1196 1870 1536 1926 comedebat
1562 1867 1770 1922 libram
1799 1883 1899 1938 pa-

198 1967 310 2022 nis.
344 1965 523 2031 Quem
555 1963 882 2031 aemulatus,
917 1961 1087 2034 fregit
1127 1961 1279 2034 quod
1334 1960 1573 2016 habebat
1607 1957 1900 2014 buccella-

195 2065 344 2124 tum,
387 2061 438 2111 et
479 2054 724 2110 immisit
768 2052 826 2109 in
878 2053 1165 2124 lagenam,
1217 2056 1481 2106 statuens
1529 2048 1899 2105 solummodo

193 2150 420 2202 tantum
453 2145 774 2210 comedere,
814 2153 1097 2216 quantum
1135 2158 1342 2198 manus
1373 2141 1502 2212 ejus
1526 2156 1763 2195 sursum
1797 2139 1904 2194 fer-

196 2241 303 2292 ret.
338 2235 546 2308 Magna
574 2240 662 2292 est
691 2243 880 2291 autem
906 2235 1028 2291 haec
1050 2234 1108 2289 in
1133 2233 1438 2289 tractando
1469 2245 1710 2303 corpore
1737 2244 1903 2300 aspe-

197 2328 358 2384 ritas.
393 2325 609 2382 Festive
648 2327 801 2381 enim
854 2325 1021 2381 nobis
1067 2324 1339 2379 narrabat
1380 2338 1393 2377 :
1447 2320 1618 2376 Plura
1669 2319 1904 2391 quidem

198 2417 383 2471 frusta
439 2413 992 2486 apprehendeham;
1086 2413 1187 2468 sed
1245 2427 1360 2467 non
1422 2411 1645 2466 sinebat
1703 2408 1906 2464 efferre

197 2510 273 2564 ob
306 2508 632 2578 angustiam
666 2506 994 2562 foraminis.
1025 2505 1372 2561 Publicanus
1395 2504 1550 2559 enim
1578 2519 1740 2558 meus
1764 2500 1906 2556 mihi

201 2615 318 2654 non
364 2597 738 2670 permittebat
775 2597 1014 2652 omnino
1045 2596 1220 2651 vesci.
1270 2595 1448 2651 Totos
1479 2610 1614 2666 ergo
1651 2597 1767 2648 tres
1797 2609 1908 2646 an-

201 2705 311 2744 nos
345 2687 491 2742 hanc
522 2687 775 2743 exercuit
805 2686 1245 2744 continentiam.
1267 2690 1517 2757 quatuor
1537 2681 1624 2738 vel
1659 2684 1909 2753 quinque

202 2775 407 2832 uncias
440 2777 762 2843 comedens,
815 2781 873 2830 et
922 2790 1135 2846 aquam
1183 2790 1310 2845 qua»
1359 2773 1444 2828 eis
1492 2772 1906 2842 responderet;

203 2867 319 2922 οἶεί
349 2871 539 2921 autem
575 2865 888 2921 sextarium
938 2870 1054 2920 toto
1102 2879 1252 2918 anno
1302 2863 1685 2918 consumebat
1711 2859 1768 2914 in
1803 2857 1912 2914 ali-

208 2962 502 3013 mentum.

278 3049 407 3104 Alia
431 3045 660 3102 athleta:
693 3045 1044 3102 exercitatio.
1099 3044 1306 3100 Statuit
1354 3041 1678 3098 indomitus
1711 3040 1800 3097 hic
1829 3040 1917 3094 vir

205 3151 506 3194 summum
538 3152 831 3206 superare.
867 3134 1090 3190 Etenim
1128 3133 1403 3189 utilitatis
1441 3133 1628 3203 gratia
1659 3131 1763 3186 hoc
1795 3130 1915 3201 ipse

208 3227 473 3282 narravit
515 3241 528 3280 :
561 3224 714 3280 Totis
761 3224 960 3295 viginti
992 3223 1192 3278 diebus
1243 3227 1298 3278 et
1329 3221 1596 3277 noctibus
1641 3236 1751 3277 non
1786 3234 1915 3274 sum

211 3320 432 3373 tectum
465 3315 788 3386 ingressus,
822 3318 886 3369 ut
933 3329 1203 3369 somnum
1239 3313 1552 3378 vincerem,
1586 3327 1716 3365 cum
1750 3310 1922 3363 inter-

209 3404 312 3458 diu
348 3402 580 3474 quidem
612 3407 756 3458 aastu
808 3402 1090 3468 arderem,
1138 3409 1306 3455 noctu
1362 3416 1491 3455 vero
1547 3400 1739 3470 algore
1772 3397 1919 3468 rige-

212 3508 357 3550 rem.
392 3490 550 3556 Quod
585 3491 718 3560 nisi,
751 3491 1071 3562 inquiebat,
1124 3494 1341 3545 tectum
1373 3505 1558 3544 essem
1596 3489 1916 3556 ingressus,

211 3590 268 3638 et
304 3598 511 3638 somno
545 3598 687 3638 usus
718 3597 924 3642 essem,
977 3582 1053 3636 ita
1084 3580 1226 3634 mihi
1261 3587 1378 3635 erat
1411 3579 1724 3634 arefactum
1760 3593 1922 3633 cere-

221 3672 416 3739 brum,
470 3674 532 3725 ut
579 3669 853 3741 deinceps
901 3675 1096 3740 ageret
1141 3669 1196 3724 in
1230 3667 1503 3724 cxstasim
1534 3685 1546 3735 ;
1581 3671 1634 3723 et
1665 3665 1818 3738 quod
1852 3663 1926 3720 ad

215 3779 312 3816 me
343 3761 580 3832 quidem
623 3758 858 3826 attinet,
910 3759 1015 3814 vici
1067 3775 1380 3826 somnum;
1415 3757 1570 3829 quod
1622 3765 1813 3811 autem
1851 3754 1920 3810 ad

220 3857 490 3907 naturam
527 3866 672 3922 Opus
703 3849 1040 3915 habentem,
1072 3848 1121 3904 ei
1153 3848 1304 3904 cessi
1337 3847 1376 3904 ‘.

291 3941 354 3994 Ei
372 3938 686 4011 aliquando
712 3937 1037 3994 molestiam
1063 3935 1577 4006 exliihnitspiritus
1598 3932 1928 3989 fornicatio-

217 4030 314 4085 nis
339 4028 492 4099 (49);
524 4032 580 4082 et
609 4033 746 4082 tunc
769 4026 1175 4082 condemnavit
1199 4026 1456 4096 seipsum
1483 4020 1680 4078 sedere
1707 4022 1929 4074 nudum

219 4137 326 4178 sex
358 4137 590 4176 menses
622 4119 678 4174 in
711 4117 922 4190 palude.
951 4119 1170 4185 Scetes,
1205 4131 1328 4188 quae
1361 4120 1450 4169 est
1499 4115 1554 4168 in
1607 4119 1768 4167 vasta
1795 4109 1932 4166 soli-

220 4210 447 4278 tudine,
490 4211 547 4264 in
600 4225 712 4280 qua
763 4214 1008 4280 possunt
1056 4207 1270 4262 culices
1317 4204 1400 4260 vel
1451 4201 1711 4259 sauciare
1754 4199 1933 4271 pelles

218 4314 524 4372 aprorum,
557 4299 750 4370 utqui
785 4299 904 4352 sint
933 4313 1092 4370 asque
1138 4296 1328 4368 magni
1366 4299 1428 4349 ut
1459 4310 1667 4366 vespae,
1701 4289 1840 4347 adeo
1876 4293 1938 4345 ut

222 4392 285 4447 in
322 4396 441 4446 toto
473 4391 599 4460 ejus
629 4405 868 4460 corpore
901 4389 1194 4443 infixerznt
1243 4386 1474 4442 aculeos
1517 4405 1532 4454 ;
1570 4390 1630 4440 ut
1661 4381 1938 4439 nonnulli

221 4479 688 4537 existimaverint
717 4494 851 4535 eum
883 4494 1010 4535 esse
1042 4479 1357 4549 leprosum.
1394 4475 1676 4531 Reversus
1707 4489 1841 4544 ergo
1875 4472 1933 4526 in

2012 527 2325 582 maximam
2360 525 2415 579 in
2450 524 2688 597 [Egypto
2725 524 3002 581 haberent
3031 533 3402 599 potestatem,
3436 540 3712 590 constru-

2009 623 2221 674 xerunt
2278 615 2421 670 illud
2471 631 2616 687 opus
2661 631 2728 671 ex
2777 616 3071 685 lapidibus
3119 621 3419 691 quadratis
3466 624 3603 694 (50),
3655 630 3713 680 et

2009 724 2174 764 suum
2206 705 2325 760 illic
2358 706 3062 764 feceruntmonimentum
3089 728 3104 778 ;
3131 719 3338 766 etcum
3375 713 3572 769 multis
3598 712 3710 771 illic

2010 794 2136 851 auri
2167 795 2597 864 deposuissent,
2647 804 2703 848 et
2750 811 2922 851 omne
2969 813 3153 869 genus
3184 800 3419 857 arbores
3452 801 3712 870 plantas-

2011 890 2157 953 sent,
2195 884 2511 939 maximum
2546 901 2770 954 quoque
2803 892 3038 955 puteum
3081 905 3243 960 aqua:
3285 891 3590 960 foderunt;
3623 896 3712 946 est

2010 974 2163 1028 enim
2211 972 2374 1029 locus
2423 971 2688 1027 humidus
2737 974 2872 1045 (51).
2912 975 3040 1030 Haec
3085 988 3279 1033 autem
3330 981 3525 1035 omnia
3567 981 3711 1036 fece-

2012 1070 2167 1128 runt,
2201 1068 2499 1132 sperantes
2534 1069 2661 1133 post
2688 1079 2860 1117 suum
2908 1062 3038 1122 hinc
3069 1067 3394 1123 discessum
3427 1070 3538 1124 frui
3570 1069 3714 1126 deli-

2012 1151 2114 1206 ciis
2143 1151 2203 1206 in
2233 1150 2332 1206 illo
2356 1152 2644 1223 paradiso.
2670 1152 2928 1208 Tandem
2954 1169 3088 1225 ergo
3112 1155 3387 1225 quoniam
3423 1158 3715 1214 nesciebat

2011 1240 2162 1296 viam
2183 1256 2304 1312 quae
2329 1241 2394 1295 ad
2429 1257 2562 1297 eum
2587 1241 2742 1297 ducit
2773 1241 3030 1308 hortum,
3058 1243 3157 1299 Dei
3177 1259 3375 1300 servus
3400 1245 3714 1316 Macarius,

2012 1333 2342 1402 conjectura
2382 1334 2630 1404 quadam
2665 1337 3018 1404 sequebatur
3045 1338 3221 1403 astra,
3256 1340 3312 1390 et
3347 1335 3498 1391 sicut
3530 1342 3716 1392 nautre
3777 1376 3780 1378 η

2015 1422 2110 1492 qui
2142 1423 2546 1477 transmittunt
2579 1424 2779 1486 maria,
2813 1428 2990 1478 totam
3025 1425 3276 1496 pervasit
3308 1434 3546 1482 sanctus
3568 1425 3718 1482 soli-

2015 1513 2314 1580 tudinem;
2347 1522 2558 1569 etcum
2584 1514 2806 1584 aliquot
2827 1514 2998 1569 etiam
3021 1517 3339 1586 accepisset
3371 1518 3715 1585 arundines,

2015 1618 2190 1658 unam
2233 1605 2430 1658 statuit
2461 1605 2518 1658 in
2552 1620 2895 1676 unoquoque
2929 1604 3186 1673 milliari,
3221 1613 3288 1662 ut
3318 1624 3420 1679 per
3449 1624 3517 1663 ea
3551 1606 3717 1678 signa

2015 1700 2317 1749 remearet.
2350 1694 2494 1750 Cum
2544 1711 2680 1768 ergo
2729 1695 2874 1750 intra
2929 1713 3133 1752 novem
3174 1699 3296 1753 dies
3343 1704 3522 1754 totam
3555 1697 3714 1753 illam

1935 1831 1982 1896 Β
2019 1783 2364 1853 permisisset
2385 1782 2783 1853 solitudinem,
2813 1789 2868 1840 et
2899 1801 3023 1841 esse
3067 1803 3242 1858 prope
3266 1786 3432 1843 illum
3459 1787 3718 1854 hortum,

2014 1877 2357 1896 .-_-_--,-_.-
2391 1879 2553 1896 η-.-
2592 1891 2789 1896 μωημ
2848 1875 3068 1896 Δ,..-εε.
3130 1875 3246 1896 πμ
3616 1880 3662 1896 .-

2012 1877 2360 1929 succedente
2391 1879 2557 1929 nocte
2591 1891 2793 1945 parum
2843 1875 3095 1931 dormiit.
3130 1875 3409 1932 Immanis
3440 1893 3572 1933 vero
3604 1880 3720 1933 da:—

2011 1980 2146 2019 mon
2197 1965 2294 2035 qui
2347 1981 2576 2038 semper
2623 1967 2966 2021 adversatur
3014 1966 3230 2024 Christi
3278 1967 3534 2036 athletis,
3587 1984 3718 2026 cum

2010 2053 2338 2125 collegisset
2382 2071 2582 2111 omnes
2629 2054 2759 2110 illas
2809 2058 3148 2125 arundines,
3209 2059 3540 2116 dormiente
3598 2057 3724 2114 Ma-

2011 2142 2186 2208 cario,
2237 2148 2293 2198 et
2333 2142 2563 2200 circiter
2607 2145 2677 2199 ad
2729 2161 2914 2202 unum
2965 2144 3220 2217 lapidem
3281 2163 3315 2202 a
3367 2147 3722 2202 monimento

2012 2235 2083 2290 ad
2135 2234 2262 2305 ejus
2307 2239 2482 2305 caput
2532 2234 2844 2305 posuisset,
2901 2237 3182 2307 recessit;
3231 2242 3538 2310 postquam
3588 2253 3723 2309 ergo

2014 2324 2286 2387 surrexit,
2347 2325 2565 2380 invenit
2639 2325 2939 2398 colligatas
3015 2327 3334 2384 arundines
3401 2345 3544 2399 quas
3601 2332 3725 2398 ipse

2014 2413 2216 2469 fixerat
2247 2414 2400 2484 signi
2431 2430 2625 2469 causa.
2661 2418 2924 2471 Fortasse
2968 2423 3161 2472 autem
3214 2417 3323 2473 hoc
3355 2432 3582 2488 quoque
3615 2415 3730 2472 fuit

2017 2501 2116 2559 Dei
2152 2502 2461 2575 permissio
2502 2504 2572 2559 ad
2623 2506 2902 2572 maiorem
2953 2507 3081 2575 ejus
3133 2506 3628 2572 exercitationem,
3665 2508 3732 2561 ut

2019 2609 2134 2650 non
2168 2599 2426 2664 speraret
2459 2593 2514 2648 in
2548 2594 2960 2662 arundinibus,
3003 2596 3104 2650 sed
3136 2595 3191 2651 in
3230 2596 3326 2651 Dei
3362 2596 3570 2667 gratia,
3605 2611 3732 2667 quae

2019 2698 2120 2754 per
2147 2682 2476 2738 columnam
2513 2683 2685 2739 nubis
2717 2683 2959 2739 deduxit
2997 2685 3174 2740 Israel
3207 2685 3596 2758 quadraginta
3628 2701 3732 2740 an-

2020 2772 2112 2828 nis
2143 2771 2200 2827 in
2233 2772 2475 2827 terribili
2526 2772 2625 2828 illa
2667 2773 3001 2830 solitudine.
3054 2775 3293 2832 Dicebat
3323 2782 3517 2832 autem
3550 2775 3734 2832 Maca-

2021 2862 2182 2918 rius:
2217 2863 2362 2917 Cum
2397 2863 2631 2933 propius
2654 2864 2872 2919 accessi
2905 2865 2974 2919 ad
3007 2864 3152 2920 illud
3189 2865 3636 2932 monimentum,
3666 2880 3734 2922 ex

2022 2970 2088 3009 eo
2111 2951 2330 3024 egressi
2365 2950 2505 3006 mihi
2535 2959 2909 3008 occurrerunt
2939 2954 3007 3008 ad
3043 2955 3408 3026 septuaginta
3442 2954 3736 3011 daemones

2023 3041 2198 3097 variis
2247 3040 2450 3095 formis
2500 3039 2723 3111 praediti
2769 3059 2782 3109 ;
2837 3042 2933 3096 alii
2977 3043 3210 3113 quidem
3263 3043 3607 3112 clamantes,
3641 3042 3738 3098 alii

2028 3147 2158 3186 vero
2190 3128 2536 3196 exsilientes,
2571 3127 2667 3184 alii
2698 3145 2830 3185 vero
2875 3147 3006 3186 cum
3044 3148 3254 3204 magno
3288 3132 3522 3188 fremitu
3558 3133 3616 3188 in
3649 3147 3738 3188 me

2031 3221 2346 3278 stridentes
2384 3220 2676 3288 dentibus,
2729 3219 2825 3276 alii
2867 3237 2997 3276 vero
3031 3227 3302 3294 tanquam
3349 3222 3502 3279 corvi
3534 3221 3736 3277 volan-

2025 3319 2129 3377 tes,
2163 3309 2456 3365 audebant
2489 3324 2615 3365 ineo
2665 3309 2844 3365 vultui
2894 3311 3194 3378 insultare,
3247 3312 3544 3368 dicentes:
3578 3309 3733 3376 Quid

2024 3399 2137 3467 vis,
2173 3399 2402 3467 Macari,
2435 3399 2678 3455 tentatio
2713 3402 3124 3458 monachorum
3155 3400 3182 3455 τ
3214 3402 3354 3473 quid
3387 3402 3457 3457 ad
3500 3417 3608 3456 nos
3643 3416 3740 3456 ac-

2028 3489 2397 3546 cessisti?an
2445 3505 2558 3545 non
2601 3507 2706 3546 nos
2755 3509 2979 3564 quoque
3029 3492 3290 3565 aliquem
3332 3509 3401 3549 ex
3435 3489 3743 3548 monachis

2026 3579 2404 3636 vex'ivimus?
2432 3579 2566 3643 Quae
2592 3585 2793 3636 nostra
2823 3587 2980 3648 sunt,
3017 3587 3078 3638 tu
3124 3599 3261 3638 cum
3293 3582 3416 3638 tuis
3446 3579 3745 3636 similibus

2035 3665 2150 3723 illic
2185 3669 2383 3737 habes,
2419 3684 2624 3741 nempe
2667 3668 3063 3731 solitudinem,
3108 3683 3159 3726 et
3191 3671 3350 3728 illinc
3389 3675 3620 3726 nostros
3652 3684 3746 3724 co-

2034 3763 2246 3828 gnatos
2282 3759 2594 3830 fugavistis.
2643 3759 2798 3815 Nihil
2849 3766 2937 3816 est
2971 3761 3138 3817 nobis
3185 3770 3373 3817 tecum
3407 3774 3742 3816 commune.

2035 3848 2185 3916 Quid
2215 3847 2340 3902 loca
2370 3857 2565 3903 nostra
2590 3848 2814 3903 invadis
2837 3849 2864 3903 ?
2883 3850 3187 3921 Tanquam
3213 3849 3581 3912 anachoreta,
3605 3861 3748 3901 con-

2036 3945 2229 3994 tentus
2256 3944 2372 3992 esto
2404 3935 2732 3992 solita-line.
2775 3938 2879 4002 Qui
2927 3937 3083 3993 hunc
3137 3938 3326 3994 locum
3362 3938 3746 4001 aedificarunt,

2038 4044 2168 4082 cum
2206 4027 2374 4082 nobis
2406 4027 2782 4098 assignarunt
2807 4045 2820 4096 ;
2843 4045 2956 4084 non
2992 4033 3159 4100 potes
3187 4029 3276 4083 hic
3310 4042 3563 4082 manere.
3593 4022 3744 4089 Quid

2042 4116 2498 4190 qumrisingredi
2531 4117 2588 4172 in
2616 4118 2764 4174 hanc
2790 4119 3233 4189 possessionem,
3258 4118 3317 4172 in
3347 4131 3520 4188 quam
3545 4113 3746 4170 nullus

2039 4224 2106 4263 ex
2140 4207 2286 4263 vivis
2334 4207 2673 4263 horninibus
2721 4214 2810 4264 est
2855 4209 3175 4281 ingressus,
3228 4225 3295 4264 ex
3323 4224 3437 4279 quo
3471 4206 3747 4262 fratribus

2041 4297 2136 4368 qui
2174 4298 2278 4354 hoc
2311 4298 2692 4353 condiderunt
2715 4304 2906 4354 sunta
2931 4301 3096 4355 nobis
3123 4299 3211 4354 hic
3245 4300 3404 4354 factae
3435 4294 3744 4366 exsequias.

2045 4395 2109 4444 Et
2143 4406 2275 4447 cum
2309 4389 2493 4445 multa
2523 4391 2712 4446 adhuc
2747 4391 3044 4448 turbarent
3065 4396 3120 4447 et
3151 4391 3502 4446 insultarent
3533 4389 3751 4443 daemo-

2047 4497 2172 4550 nes,
2204 4479 2452 4536 dixiteis
2483 4487 2723 4538 sanctus
2746 4481 3028 4538 Macarius
3053 4499 3065 4538 :
3093 4480 3392 4554 Ingrediar
3414 4483 3664 4544 tantum,
3694 4479 3752 4532 et

222 4585 391 4626 suam
424 4568 694 4625 cellulam
731 4573 858 4640 post
898 4584 996 4624 sex
1045 4583 1294 4635 menses,
1346 4581 1412 4622 ex
1465 4580 1599 4621 voce
1639 4564 1934 4635 cognitum
1976 4555 2016 4619 D
2051 4571 2278 4639 videbo,
2308 4576 2364 4626 et
2395 4569 2530 4625 hinc
2563 4572 2843 4628 recedam.
2881 4572 3157 4628 Dixerunt
3189 4575 3383 4627 autem
3414 4570 3711 4624 daemones
3741 4583 3754 4619 :

224 4664 319 4716 est
347 4675 480 4715 eum
512 4674 633 4714 esse
665 4656 966 4714 dominum
1002 4657 1340 4713 Macarium.

301 4751 358 4806 Is
389 4750 570 4820 cupiit
607 4749 942 4820 aliquando,
995 4757 1052 4804 ut
1103 4748 1226 4819 ipse
1268 4745 1434 4802 nobis
1469 4744 1744 4811 narravit,
1779 4742 1939 4815 quod

226 4841 288 4898 in
344 4839 527 4894 hortis
575 4848 715 4906 erat,
767 4837 991 4910 ingredi
1040 4837 1486 4904 monimentum,
1539 4835 1693 4906 quod
1726 4833 1940 4888 dicitur

225 4926 571 5007 κηποτάφιον
617 4928 802 4985 Janne
848 4934 906 4984 et
946 4927 1226 4992 Mambre,
1279 4940 1580 4998 magorum
1631 4925 1728 4996 qui
1779 4929 1942 4978 erant

227 5026 496 5092 tempore
529 5019 868 5087 Pharaonis,
901 5025 966 5074 ut
997 5020 1051 5074 id
1095 5018 1334 5086 videret,
1385 5015 1471 5071 vel
1505 5015 1674 5070 etiam
1709 5020 1770 5069 ut
1801 5029 1941 5069 con-

228 5111 460 5166 veniret
487 5125 585 5164 eos
623 5110 718 5180 qui
761 5110 879 5164 illic
927 5115 1062 5164 sunt
1090 5109 1401 5163 daemones.
1446 5105 1753 5160 Dicebatur
1783 5103 1938 5158 enim

231 5197 544 5270 plurimos,
585 5215 797 5271 eosque
849 5199 1256 5265 ferocissimos,
1311 5198 1368 5252 in
1413 5213 1478 5252 eo
1525 5197 1647 5250 loco
1699 5197 1769 5249 ab
1826 5192 1942 5248 illis

233 5287 552 5344 collocatos
600 5305 728 5343 esse
786 5289 1072 5343 daemones
1124 5305 1220 5359 per
1266 5285 1503 5342 infamis
1549 5282 1690 5338 artis
1738 5297 1938 5337 eorum

233 5377 660 5435 excellentiam.
695 5381 813 5434 Hoc
853 5386 1046 5434 autem
1083 5378 1507 5434 monimentum
1544 5375 1754 5428 factum
1788 5374 1876 5426 est
1907 5385 1941 5425 a

233 5465 429 5526 Janne
459 5473 515 5522 et
546 5466 803 5524 Mambre
829 5468 1122 5530 fratribus,
1146 5468 1245 5539 qui
1281 5472 1510 5538 propter
1543 5462 1772 5534 magicae
1801 5461 1944 5515 artis

237 5556 643 5616 excellentiam
693 5557 909 5628 primas
960 5562 1150 5630 partes
1199 5557 1491 5611 habebant
1547 5551 1642 5609 illo
1691 5555 1951 5622 tempore

2054 4663 2172 4714 Hoc
2205 4658 2370 4713 nobis
2417 4659 2692 4730 promitte
2725 4659 2784 4714 in
2824 4667 2924 4715 tua
2973 4660 3346 4715 conscientia.
3383 4655 3532 4711 Dicit
3562 4657 3754 4710 autem

2051 4747 2267 4804 Christi
2315 4764 2536 4814 servus,
2579 4748 2694 4804 Hoc
2745 4749 2969 4805 faciam.
3022 4751 3320 4804 Daemones
3369 4753 3567 4800 autem
3622 4757 3755 4798 eva-

2055 4841 2322 4892 nuerunt.
2359 4836 2722 4909 Ingrediente
2763 4844 2957 4893 autem
2996 4853 3060 4892 eo
3091 4836 3149 4891 in
3185 4832 3546 4907 paradisum,
3576 4828 3625 4886 ei
3660 4843 3762 4884 oc-

2053 4927 2236 4985 currit
2265 4925 2529 4983 diabolus
2559 4943 2694 4983 cum
2737 4929 2940 4983 stricta
2981 4925 3339 4998 rhomphaaa,
3371 4922 3422 4978 ei
3456 4919 3759 4976 minitans.

2054 5017 2136 5072 Ad
2169 5033 2339 5088 quem
2374 5015 2521 5070 hanc
2561 5032 2756 5071 vocem
2791 5016 3092 5087 respondit
3135 5019 3374 5069 sanctus
3423 5008 3761 5066 Macarius:

2055 5105 2136 5160 Tu
2169 5105 2329 5160 venis
2361 5104 2430 5158 ad
2464 5121 2554 5160 me
2584 5104 2642 5159 in
2675 5105 2880 5160 stricta
2923 5103 3261 5174 rhomphtea
3293 5118 3306 5156 :
3341 5104 3398 5155 et
3426 5115 3527 5165 ego
3562 5099 3763 5151 contra

2057 5197 2110 5249 te
2142 5191 2436 5263 ingrediar
2467 5194 2525 5249 in
2560 5193 2795 5249 nomine
2826 5193 3053 5249 Domini
3103 5191 3367 5255 sabaoth,
3398 5188 3458 5242 in
3508 5184 3629 5240 acie
3658 5180 3762 5238 Dei

2057 5282 2251 5340 Israel.
2277 5283 2577 5356 ingressus
2601 5291 2820 5349 autem,
2844 5282 3269 5354 contemplatus
3290 5295 3419 5336 sum
3452 5274 3673 5340 omnia.
3703 5271 3760 5327 in

2059 5375 2275 5445 quibus
2325 5373 2515 5430 inveni
2571 5375 2743 5430 etiam
2791 5375 3001 5430 cadum
3052 5386 3279 5428 teneam
3330 5375 3536 5424 catena
3580 5363 3767 5419 ferrea

2062 5462 2410 5534 pendentem
2443 5479 2507 5519 ex
2545 5469 2738 5537 puteo,
2781 5463 2908 5534 jam
2943 5469 3202 5533 tempore
3233 5466 3681 5530 consumptum,
3711 5455 3772 5508 et

2063 5552 2312 5607 fructum
2340 5553 2630 5610 malorum
2663 5553 3015 5626 punicorum
3047 5568 3170 5624 quae
3213 5547 3357 5607 nihil
3409 5548 3566 5604 intus
3599 5541 3777 5600 habe-

319 5647 338 5686 ι
374 5645 474 5702 Hic
505 5647 901 5720 paragraphus
931 5647 1113 5704 variat
1142 5645 1198 5701 in
1231 5644 1446 5702 Graeco.
1483 5642 1581 5698 Est
1612 5646 1675 5698 ut
1702 5640 1760 5697 in
1794 5637 2124 5712 Heraclide,
2159 5657 2286 5716 cap.
2323 5642 2378 5699 6.
