4076 6206
337 355 487 417 1055

1907 347 2276 417 PALLADII

3686 323 3851 385 {056

333 495 495 564 bant,
531 495 754 552 fuerant
787 494 941 552 enim
978 497 1228 553 arefacta
1259 514 1290 553 a
1321 495 1462 566 sole,
1496 501 1553 553 et
1584 496 1837 569 plurima
1869 510 2036 551 aurea
2068 493 2128 557 A
2159 474 2686 560 quadringentiViri
2712 487 2894 545 ιιετιυα
2916 460 3860 569 inghofllerfwffld‘eé-“$78391?”

338 585 591 642 donaria.
678 586 824 642 Cum
909 596 1139 643 sanctus
1236 604 1371 659 ergo
1458 587 1621 642 illinc
1709 586 2042 643 recessisset.

337 676 557 748 absque
588 675 841 731 tumultu
875 680 930 731 et
977 676 1122 731 citra
1171 676 1352 732 ullam
1404 676 1921 748 perturbationem,
1953 691 2039 730 re-

339 783 540 822 versus
571 771 659 822 est
687 783 786 838 per
816 766 1017 830 viginti
1050 766 1171 822 dies
1201 767 1259 821 in
1293 784 1460 822 suam
1495 766 1721 822 cellam.

410 857 551 913 Cum
568 862 763 910 autem
782 855 1125 912 defecissent
1141 873 1319 927 panes
1333 862 1551 927 etaqua
1564 872 1738 927 quam
1756 855 2039 926 portabat,

340 949 399 1003 in
434 962 646 1016 magna
675 952 791 1000 erat
824 944 1156 1001 afﬂictione.
1191 944 1405 1017 Viginti
1439 946 1593 1001 enim
1628 945 1834 1000 diebus
1857 944 2044 1015 ingre-

339 1036 505 1091 diens
534 1051 636 1107 per
665 1033 1062 1104 solitudinem,
1098 1040 1161 1089 ut
1189 1034 1481 1105 existimo,
1514 1034 1657 1089 nihil
1680 1034 1917 1089 omnino
1949 1048 2044 1105 gu-

339 1126 536 1194 stavit,
562 1130 626 1180 ut
655 1124 830 1179 etiam
887 1140 975 1179 res
1026 1125 1296 1179 ostendit.
1331 1123 1593 1179 Fortasse
1630 1130 1824 1180 autem
1857 1127 2043 1177 tanta-

341 1216 517 1271 batur
535 1230 767 1285 quoque
786 1212 1174 1270 intolerantia.
1194 1214 1407 1269 Etcum
1436 1216 1558 1283 jam
1596 1229 1795 1285 parum
1820 1213 2047 1267 abesset

342 1307 483 1378 quin
518 1303 916 1373 collaberetur,
951 1305 1069 1360 visa
1090 1310 1181 1360 est
1200 1305 1249 1360 ei
1274 1303 1537 1377 quaedam
1562 1304 1767 1377 puella:
1794 1302 2045 1375 speciem

343 1412 463 1467 prm
492 1410 553 1450 se
588 1394 799 1460 ferens,
834 1398 894 1449 ut
934 1394 1060 1465 ipse
1109 1394 1405 1460 narrabat,
1460 1394 1680 1448 munda
1712 1393 1862 1448 linea
1892 1395 2048 1447 veste

342 1483 546 1540 induta
576 1488 633 1538 et
665 1488 868 1537 tenens
900 1499 1107 1537 urnam
1130 1500 1279 1554 aqua
1304 1482 1658 1538 stillantem:
1686 1498 1861 1552 qnam
1893 1478 2047 1535 dice-

342 1576 435 1630 bat
465 1572 752 1628 Macarius
785 1572 1040 1627 abfuisse
1068 1572 1137 1626 ab
1169 1587 1235 1627 eo
1279 1571 1505 1626 circiter
1558 1587 1736 1626 unum
1771 1569 2045 1626 stadium.

343 1662 448 1727 Qui
484 1671 597 1716 tres
631 1659 753 1715 dies
780 1661 1070 1732 ingressus
1089 1664 1179 1716 est
1198 1676 1323 1716 eam
1351 1661 1554 1716 videns
1586 1675 1720 1716 eum
1756 1676 1897 1714 urna
1918 1666 2050 1715 tan-

344 1768 521 1827 quam
554 1755 831 1818 stantem,
867 1755 924 1805 et
954 1767 1087 1805 eum
1137 1758 1570 1823 provocantem,
1605 1768 1717 1807 non
1764 1750 2045 1806 valentem

344 1857 471 1897 eam
503 1842 733 1910 assequi
763 1854 776 1893 ε
811 1856 913 1911 spe
934 1846 1123 1894 autem
1160 1839 1416 1895 bibendi.
1443 1841 1615 1895 trium
1647 1840 1871 1895 dierum
1897 1840 2053 1896 labo-
2084 1856 2132 1924 Β

345 1945 467 1985 rem
501 1929 718 1984 fortiter
751 1930 1050 1984 sustinuit.
1087 1930 1399 2000 Postquam
1435 1930 1704 2001 apparuit
1736 1929 2049 1985 multitudo

349 2021 718 2086 bubalarum,
751 2034 819 2073 ex
849 2019 1061 2089 quibus
1097 2036 1212 2074 una
1243 2021 1403 2074 stetit
1434 2037 1500 2075 ex
1529 2021 1766 2075 adverso
1791 2022 1918 2090 ejus
1950 2021 2050 2076 ha-

351 2108 497 2165 bens
529 2108 813 2177 vitulum;
850 2114 988 2164 sunt
1018 2110 1171 2164 enim
1226 2108 1425 2163 multa:
1460 2109 1515 2163 in
1551 2108 1667 2164 illis
1702 2108 1861 2164 locis.
1899 2110 1964 2164 Et
1990 2114 2055 2165 ut

354 2200 584 2255 dicebat
635 2198 801 2254 nobis
847 2198 1151 2266 Macarius,
1205 2199 1345 2253 uber
1391 2201 1513 2269 ejus
1562 2197 1703 2255 lacte
1735 2198 1967 2266 ﬂuebat,
2001 2204 2057 2254 et

356 2295 603 2364 desuper
633 2291 831 2347 sonuit
863 2307 965 2345 vox
994 2290 1044 2344 ei
1073 2290 1312 2346 dicens:
1349 2289 1581 2361 Maeari,
1614 2292 1818 2346 accede
1849 2290 1921 2344 ad
1952 2292 2057 2345 bu-

358 2380 571 2447 balam,
604 2386 660 2436 et
687 2380 920 2437 lactare.
972 2381 1114 2436 Cum
1160 2396 1315 2451 ergo,
1364 2381 1567 2452 inquit,
1601 2383 1670 2435 ad
1707 2397 1832 2436 eam
1864 2397 2060 2436 acces-

358 2472 568 2526 sissem
618 2474 674 2525 et
724 2470 970 2525 Iactatus
1020 2486 1234 2537 essem,
1266 2470 1407 2523 mihi
1456 2470 1704 2525 suffecit.
1757 2467 1829 2524 Ut
1862 2475 2058 2524 autem

360 2561 639 2629 majorem
672 2559 918 2629 gratiam
944 2564 1272 2614 ostenderet
1299 2559 1598 2622 Dominus,
1632 2560 1847 2613 docens
1872 2576 2058 2614 meam

359 2647 905 2718 parvitatem,jubet
928 2648 1201 2702 bubalam
1228 2663 1319 2702 me
1342 2647 1507 2719 sequi
1534 2663 1714 2718 usque
1736 2649 1803 2701 ad
1830 2648 2056 2702 eellam.

358 2734 463 2793 Illa
494 2752 624 2791 vero
667 2752 876 2806 parens
917 2736 1112 2806 jussui
1167 2745 1365 2791 secuta
1404 2743 1510 2805 est,
1546 2753 1637 2792 me
1678 2736 1911 2807 quidem
1946 2736 2061 2793 Iac-

357 2830 510 2891 tans,
545 2841 717 2880 suum
746 2835 938 2881 autem
987 2843 1097 2881 non
1133 2825 1447 2881 admittens
1481 2826 1751 2882 vitulum.

429 2913 757 2985 Aliquando
791 2929 995 2970 rursus
1026 2930 1155 2969 cum
1192 2918 1424 2983 puteum
1459 2915 1679 2969 foderet
1712 2916 1800 2970 hic
1834 2914 1915 2969 vir
1946 2914 2065 2970 vir-

360 3009 480 3060 tute
522 3007 818 3075 praeditus,
867 3006 933 3059 ad
986 3004 1329 3061 recreandos
1385 3006 1699 3060 monachos
1746 3005 1820 3077 (is
1870 3011 2061 3060 autem

361 3099 485 3149 erat
512 3109 687 3164 prope
720 3094 854 3148 folia
884 3099 942 3149 et
973 3100 1266 3149 sarmenta
1314 3092 1432 3150 illic
1466 3095 1676 3166 posita)
1720 3111 1948 3149 morsus
1979 3097 2066 3149 est

362 3186 432 3240 ab
464 3184 665 3255 aspide
704 3182 815 3255 (est
857 3191 1053 3238 autem
1104 3188 1452 3240 venenatum
1495 3189 1548 3238 et
1596 3185 1903 3238 exitiosum
1939 3183 2067 3239 ani-

363 3272 525 3343 mal),
576 3274 780 3327 ambas
829 3272 1027 3327 fauces
1075 3273 1292 3341 aspidis
1337 3272 1778 3342 apprehendens
1837 3278 2069 3327 sanctus

366 3363 647 3417 ambabus
698 3362 992 3427 manibus,
1027 3377 1153 3415 eam
1206 3360 1535 3430 discerpsit,
1570 3360 1808 3416 dicetis:
1841 3365 1980 3415 Cum
2020 3370 2070 3417 te

367 3468 480 3505 non
524 3449 788 3505 misisset
817 3448 1099 3503 Dominus
1126 3465 1311 3516 meus,
1345 3450 1633 3519 quomodo
1666 3450 1736 3505 ad
1772 3466 1859 3506 me
1890 3467 2038 3508 ausu

373 3555 435 3594 es
464 3538 733 3593 accedere
754 3536 781 3591 ?

433 3626 576 3681 Cum
611 3626 733 3698 ipse
764 3642 966 3682 rursus
999 3642 1246 3700 magnus
1278 3629 1559 3684 audiisset
1595 3628 1886 3685 Macarius
1917 3629 2070 3701 quod

364 3716 647 3773 haberent
680 3718 1023 3789 praclarum
1074 3719 1203 3774 vita
1254 3718 1583 3775 institutum
1612 3721 2072 3789 Tabennesiotaa,

364 3810 520 3863 veste
551 3811 797 3875 mutata,
827 3811 885 3863 et
906 3813 1214 3879 assumpto
1248 3810 1541 3865 mundano
1570 3808 1768 3864 habitu
1799 3808 2070 3879 operarii,

360 3895 548 3967 spatio
590 3896 925 3968 quindecim
976 3897 1205 3952 dierum
1257 3899 1512 3969 pervenit
1562 3898 1943 3968 Thebaidem,
1978 3898 2073 3953 in.

359 4002 595 4055 gressus
624 4002 722 4055 per
742 3985 1145 4042 solitudinem.
1175 3985 1385 4042 Etcum
1408 3987 1663 4043 venisset
1693 3987 1749 4042 in
1787 3993 2075 4043 monaste-

362 4078 515 4132 rium
545 4078 1138 4143 Tabennesiotarum,
1160 4078 1387 4148 quaesiit
1416 4093 1613 4133 eorum
1640 4077 2069 4133 archimandri-

366 4172 513 4236 tam,
541 4168 778 4223 nomine
802 4167 1201 4232 Pacbomium,
1234 4170 1422 4223 virum
1458 4169 1948 4239 probatissimum,
1972 4168 2072 4240 qui

373 4262 429 4310 et
476 4257 718 4326 gratiam
770 4256 1019 4311 habebat
1074 4256 1472 4328 propheticum
1506 4260 1601 4327 (De
1628 4274 1686 4314 eo
1728 4259 1903 4329 infra,
1952 4275 2068 4329 cap.

368 4342 482 4413 38),
534 4343 627 4397 cui
670 4342 906 4414 quidem
958 4350 1157 4399 sancto
1202 4351 1342 4400 tunc
1393 4348 1677 4401 revelatus
1728 4364 1838 4401 non
1890 4348 2075 4403 fuerat

373 4446 619 4501 magnus
653 4430 957 4485 Macarius.
991 4432 1135 4487 Cum
1169 4450 1305 4505 ergo
1345 4449 1478 4488 eum
1513 4438 1900 4504 convenisset,
1932 4436 2074 4491 dicit

369 4518 420 4572 ei
454 4518 737 4574 Macarius
782 4535 794 4574 :
845 4518 955 4575 Oro
1004 4524 1080 4588 te,
1128 4522 1358 4593 suscipe
1410 4539 1522 4584 me,
1564 4542 1777 4595 quaeso,
1812 4526 1867 4580 in
1904 4532 2071 4582 tuum

2149 555 2237 636 est
2267 590 2423 645 ergo.
2456 570 2597 625 Cum
2630 571 2824 620 autem
2852 557 3217 645 praeteriisset
3237 555 3619 645 aliquantum.
3638 556 3858 645 tempe.

2151 669 2252 737 ris,
2284 639 2517 721 advenit
2546 651 2988 730 quadragesima
3026 666 3041 717 ;
3087 652 3145 703 et
3174 644 3316 699 vidit
3358 658 3531 698 senex
3564 639 3862 737 Macarius

2153 730 2629 825 unumquemque
2660 742 2981 812 suscepisse
3014 738 3271 793 diversas
3302 732 3527 788 vivendi
3562 730 3821 785 rationes
3847 743 3859 781 :

2152 845 2337 902 alium
2368 823 2622 913 quidem
2675 834 2975 891 comedere
3026 841 3293 913 vespere,
3331 823 3508 878 alium
3553 836 3690 877 vero
3735 824 3867 890 post

2154 937 2302 991 duos
2330 931 2476 997 dies,
2509 927 2686 983 alium
2721 927 2850 995 post
2898 919 3157 991 quinque
3190 931 3204 982 ;
3248 912 3425 969 alium
3456 917 3614 967 stare
3649 925 3751 981 per
3781 916 3865 965 to-

2153 1031 2269 1082 tam
2305 1026 2558 1083 noctem,
2590 1013 2842 1071 interdiu
2884 1025 3013 1064 vero
3061 1007 3258 1061 sedere
3287 1003 3357 1058 ad
3391 1017 3559 1072 opus.
3592 998 3729 1070 Ipse
3759 1015 3869 1053 au-

2154 1118 2267 1169 tem
2300 1127 2433 1166 cum
2468 1105 2693 1178 aliquot
2724 1101 2922 1174 palmas
2956 1111 3147 1152 ramos
3171 1094 3279 1149 sibi
3304 1088 3736 1153 madefecisset,
3762 1092 3871 1178 stes

2155 1203 2224 1258 tit
2268 1202 2326 1256 in
2360 1215 2470 1254 uno
2502 1176 2738 1267 angulo,
2773 1196 2827 1247 et
2858 1189 3039 1244 donec
3071 1180 3455 1257 quadraginta
3484 1180 3610 1234 dies
3644 1176 3870 1247 impleti

2155 1296 2371 1357 essent,
2422 1293 2477 1343 et
2531 1283 2861 1341 advenisset
2892 1277 3132 1340 Pascha,
3184 1289 3299 1328 non
3343 1270 3597 1341 sumpsit
3631 1284 3873 1339 panem,

2156 1398 2271 1439 non
2302 1394 2537 1453 aquam,
2558 1391 2671 1431 non
2704 1389 2852 1445 genu
2879 1368 3056 1437 flexit,
3083 1381 3196 1421 non
3219 1362 3389 1428 sedit,
3423 1378 3539 1415 non
3571 1358 3872 1453 accubuit,

2159 1470 2303 1528 nihil
2334 1447 2486 1524 aliud
2519 1463 2776 1536 gustavit
2806 1464 3013 1533 praeter
3053 1469 3239 1528 pauca
3269 1450 3448 1507 cruda
3479 1448 3757 1504 crambes
3791 1447 3876 1502 fo-

2156 1564 2254 1632 lia,
2287 1576 2409 1631 quae
2433 1555 2702 1613 sumebat
2728 1552 2819 1605 die
2842 1546 3165 1605 Dominico,
3190 1548 3254 1598 ut
3273 1542 3564 1597 videretur
3590 1536 3877 1632 comede-

2159 1627 2249 1721 re,
2275 1627 2332 1707 et
2365 1665 2477 1704 non
2511 1644 2787 1701 incideret
2820 1638 2877 1693 in
2930 1644 3289 1707 arrogantem
3320 1633 3391 1686 de
3429 1645 3492 1686 se
3526 1627 3873 1700 persuasio-

2159 1719 2333 1808 nem;
2368 1735 2498 1792 etsi
2533 1731 2768 1805 quando
2812 1726 3217 1799 egrediebatur
3255 1721 3323 1775 ad
3356 1719 3574 1790 aliquid
3610 1733 3878 1773 necessa-

2166 1833 2337 1893 rium,
2370 1827 2483 1881 cito
2511 1838 2709 1879 rursus
2740 1814 3094 1887 ingrediens,
3132 1812 3323 1867 stabat
3353 1809 3423 1864 ad
3456 1824 3630 1879 opus,
3665 1823 3731 1862 os
3763 1822 3874 1861 non

2165 1919 2453 1991 aperiens,
2490 1914 2587 1969 sed
2630 1920 2791 1967 stans
2824 1905 3075 1969 silentio,
3110 1899 3256 1957 nihil
3287 1899 3442 1955 aliud
3488 1899 3716 1991 faciens
3738 1913 3871 1968 pre-

2167 1988 2432 2081 terquam
2464 2003 2763 2059 silentium
2797 1997 2856 2052 in
2888 1995 3056 2050 corde
3086 2005 3379 2057 exercens,
3411 1994 3469 2042 et
3502 1988 3724 2042 faciens
3752 2003 3872 2041 ora-

2167 2077 2407 2163 tionem,
2440 2102 2496 2150 et
2535 2107 2727 2147 ramos
2779 2086 2983 2158 palmae
3034 2097 3281 2153 Operans
3330 2095 3481 2150 quos
3530 2077 3872 2132 habebatin

2168 2189 2461 2245 manibus.
2496 2183 2635 2239 Cum
2669 2184 2863 2233 autem
2898 2176 3018 2230 haec
3059 2172 3337 2226 vidissent
3366 2184 3567 2224 omnes
3597 2167 3877 2222 exercita-

2168 2285 2324 2335 tores
2352 2275 2507 2329 illius
2537 2265 2901 2331 monasterii,
2937 2264 3277 2319 seditionem
3309 2259 3640 2312 excitarunt
3672 2256 3872 2310 adver-

2168 2385 2267 2425 sus
2300 2380 2468 2421 suum
2495 2362 2855 2433 praefectum:
2883 2352 3184 2409 Undenam
3209 2349 3373 2403 nobis
3397 2347 3697 2402 adduxisti
3724 2346 3873 2399 hunc

2170 2459 2466 2514 hominem
2499 2453 2623 2508 sine
2655 2464 2824 2506 carne
2858 2446 2926 2501 ad
2954 2444 3135 2499 nostri
3158 2439 3705 2495 condemnationem
3725 2436 3755 2490 ?
3776 2440 3875 2491 Aut

2171 2564 2303 2604 cum
2339 2548 2473 2600 hinc
2505 2542 2668 2614 ejice,
2701 2542 2823 2605 aut,
2861 2541 2927 2591 ut
2965 2534 3138 2595 scias,
3173 2546 3279 2585 nos
3311 2543 3513 2583 omnes
3545 2527 3688 2581 hinc
3720 2541 3870 2581 rece-

2172 2638 2385 2694 dimus.
2411 2638 2549 2689 Cum
2587 2632 2701 2686 haec
2734 2633 2929 2683 autem
2962 2642 2994 2680 a
3017 2622 3291 2678 fratribus
3314 2619 3595 2674 audiisset
3630 2632 3876 2689 magnus

2174 2727 2543 2787 Pacbomius,
2577 2723 2646 2776 de
2673 2737 2738 2776 eo
2770 2723 2859 2774 est
2909 2714 3263 2771 sciscitatus.
3319 2709 3383 2765 Et
3412 2725 3543 2763 cum
3581 2708 3880 2762 didicisset

2173 2819 2299 2889 ejus
2331 2818 2459 2871 vitae
2492 2812 2722 2886 agenda:
2772 2807 3073 2874 rationem,
3126 2801 3310 2857 Deum
3360 2798 3579 2871 rogavit
3608 2806 3669 2853 ut
3700 2798 3751 2852 ei
3796 2814 3881 2851 rc-

2173 2888 2461 2962 velaretu‘r
2491 2904 2754 2972 quisnam
2790 2897 2885 2952 sit.
2930 2893 3261 2949 Revelatum
3312 2895 3400 2945 est
3436 2899 3625 2944 autem
3660 2888 3712 2941 ei
3744 2903 3877 2942 eum

2175 3012 2303 3053 esse
2336 2992 2653 3050 Macarium
2687 2986 3059 3043 monachum.
3111 2981 3276 3036 Tunc
3315 2981 3443 3051 ejus
3473 2994 3717 3033 manum
3754 2995 3881 3049 pre-

2178 3087 2381 3142 hendit
2413 3097 2661 3154 magnus
2714 3076 3080 3140 Pacbomius,
3122 3078 3179 3128 et
3208 3087 3337 3126 eum
3375 3070 3527 3124 foras
3564 3068 3795 3134 educit;
3828 3074 3879 3123 ct

2179 3194 2311 3233 cum
2365 3175 2697 3231 deduxisset
2742 3169 2797 3223 in
2861 3167 3099 3222 domum
3160 3161 3392 3218 oratorii
3454 3160 3552 3214 ubi
3612 3165 3703 3214 est
3761 3175 3877 3223 ara,

2179 3273 2235 3323 et
2265 3272 2419 3322 esset
2466 3261 2789 3333 amplexus,
2843 3256 2893 3312 ei
2940 3254 3078 3310 dicit
3122 3271 3134 3307 :
3185 3252 3501 3319 Adesdum,
3555 3248 3880 3305 venerande

2176 3373 2368 3414 senex.
2400 3353 2484 3408 Tu
2519 3368 2579 3407 cs
2605 3348 2912 3414 Macarius,
2945 3353 2996 3401 et
3021 3360 3109 3399 me
3131 3343 3182 3397 id
3204 3341 3422 3397 celasti.
3449 3340 3647 3395 Multis
3671 3339 3880 3394 abhinc

2176 3445 2346 3502 annis
2380 3441 2537 3513 cupii
2574 3446 2626 3495 te
2659 3438 2853 3491 videre
2903 3449 3036 3490 cum
3070 3431 3141 3487 de
3186 3436 3242 3486 te
3288 3428 3571 3484 audirem.
3624 3430 3747 3498 Ago
3780 3427 3877 3483 tibi

2177 3535 2417 3607 gratias,
2452 3528 2605 3602 quod
2642 3527 2789 3581 filios
2823 3540 2979 3580 meos
3029 3519 3354 3588 subegeris,
3386 3533 3455 3573 ne
3485 3533 3549 3573 se
3573 3518 3797 3586 jactent
3826 3520 3881 3570 et

2179 3606 2485 3694 mzignitiee
2517 3614 2990 3687 circumspiciant
3040 3615 3271 3682 prepter
3318 3623 3484 3662 suam
3518 3606 3883 3662 exercitatio-

2179 3730 2332 3769 nem.
2362 3711 2517 3782 Rogo
2549 3724 2683 3779 ergo
2717 3712 2789 3771 te,
2825 3705 3026 3760 recede
3059 3702 3115 3755 in
3148 3700 3340 3778 locum
3374 3704 3561 3761 tuum,
3587 3713 3696 3752 nos
3725 3694 3879 3752 enim

2178 3804 2322 3859 satis
2350 3798 2663 3863 aediticasti,
2694 3801 2752 3851 et
2781 3811 2877 3849 ora
2907 3808 3006 3864 pro
3048 3789 3231 3845 nobis.
3260 3789 3424 3844 Tunc
3456 3790 3532 3841 ab
3562 3787 3689 3858 ipso
3722 3802 3884 3858 roga-

2180 3903 2290 3961 tus,
2324 3900 2377 3947 et
2405 3905 2535 3945 eum
2568 3885 2842 3942 omnibus
2869 3881 3144 3937 fratribus
3165 3878 3491 3941 orantibus,
3516 3877 3599 3931 sic
3624 3877 3887 3931 recessit.

2252 3979 2577 4052 Aliquando
2645 3990 2847 4029 rursus
2924 3970 3181 4026 narravit
3252 3968 3420 4022 nobis
3490 3966 3585 4020 hic
3639 3965 3726 4019 vir
3779 3966 3887 4020 im-

2182 4072 2474 4145 patihilis:
2504 4066 2745 4132 Quando
2787 4072 2936 4118 recte
2982 4060 3292 4133 gessissem
3347 4072 3576 4112 omnem
3611 4055 3740 4145 vita:
3776 4070 3891 4111 mo-

2181 4144 2418 4217 nasticae
2450 4157 2687 4229 agendae
2720 4152 3027 4215 rationem,
3082 4156 3223 4204 tunc
3255 4147 3383 4204 veni
3414 4147 3487 4201 ad
3518 4144 3680 4201 aliud
3712 4145 3889 4215 spiri-

2182 4251 2293 4307 tale
2342 4247 2715 4305 desiderium.
2770 4240 2957 4299 Statui
3006 4240 3160 4296 enim
3212 4236 3471 4309 quinque
3521 4237 3645 4290 dies
3689 4236 3884 4290 solum

2182 4347 2433 4397 mentem
2482 4353 2670 4393 meam
2721 4334 2801 4389 ita
2850 4346 3211 4404 componere,
3249 4337 3308 4384 ut
3349 4346 3381 4382 a
3416 4332 3524 4383 Deo
3573 4325 3738 4381 avelli
3777 4342 3890 4379 non

2183 4433 2398 4503 posset,
2448 4432 2505 4482 et
2546 4423 2692 4481 nihil
2742 4421 2898 4477 aliud
2950 4420 3190 4475 omnino
3222 4417 3515 4484 cogitaret.
3570 4416 3803 4503 Etcum
3835 4413 3893 4467 id

2180 4502 2330 4591 apud
2394 4533 2481 4572 me
2512 4513 2867 4575 statuissem,
2904 4508 3085 4565 clausi
3123 4524 3306 4562 meam
3343 4504 3544 4560 cellam
3582 4509 3641 4558 et
3690 4502 3891 4558 aulam

373 4608 813 4676 monasterium,
850 4615 912 4662 ut
942 4608 1077 4665 llam
1127 4611 1467 4668 monachus.
1520 4614 1671 4670 Dicit
1719 4616 1766 4670 ei
1819 4631 2069 4687 magnus
2105 4612 2148 4678 D
2186 4610 2567 4673 extrinsecus,
2602 4608 2664 4657 ut
2696 4601 2839 4658 nulli
2889 4601 3084 4655 darem
3137 4594 3605 4687 responsumsEt
3636 4597 3771 4649 steti
3806 4594 3893 4687 in:

368 4697 757 4754 Pachomius:
792 4698 914 4754 Non
951 4706 1109 4771 potes
1156 4702 1428 4774 deinceps
1462 4704 1583 4760 fieri
1618 4705 1943 4763 monachus
1975 4707 2072 4778 qui

368 4788 450 4844 sis
481 4793 596 4844 tam
631 4794 937 4861 provectus
971 4796 1155 4857 aetate,
1181 4809 1295 4848 non
1330 4802 1487 4864 poles
1519 4801 1574 4851 te
1604 4812 1902 4851 exercere:
1937 4800 2075 4852 sunt

375 4879 580 4933 fratres
613 4879 706 4949 qui
740 4895 801 4935 se
829 4886 1097 4937 exercent
1138 4898 1170 4937 a
1200 4882 1526 4953 juventule,
1560 4890 1615 4940 et
1646 4886 1898 4940 laborem
1934 4884 2071 4940 tole-

370 4971 516 5021 rant.
551 4966 635 5021 Tu
677 4972 864 5023 autem
902 4970 957 5023 in
994 4971 1098 5026 hac
1146 4976 1307 5027 tet-ate
1342 4989 1452 5027 non
1488 4979 1653 5045 potes
1686 4975 1832 5030 ferre
1882 4979 2072 5029 tenta-

369 5057 557 5112 tiones
607 5060 1051 5117 exercitationis.
1103 5060 1444 5130 Otfenderis,
1489 5078 1540 5121 et
1571 5066 1777 5135 exibis,
1820 5072 1878 5122 et
1908 5066 2072 5124 nobis

366 5145 699 5204 maledices.
734 5152 928 5218 Neque
957 5165 1089 5205 eum
1109 5153 1328 5222 accepit
1359 5167 1462 5206 nec
1486 5154 1671 5222 primo
1703 5155 1815 5223 die,
1850 5172 1954 5212 nee
1984 5174 2069 5212 se-

370 5237 561 5293 cundo
592 5254 778 5309 usque
807 5240 876 5293 ad
910 5245 1127 5309 septem
1162 5242 1300 5295 dies.
1336 5241 1441 5296 Ille
1472 5258 1604 5298 vero
1637 5244 1742 5299 fuit
1773 5252 2070 5319 constans,

371 5330 613 5381 manens
636 5328 896 5397 jejunus.
951 5329 1153 5384 Postea
1191 5338 1383 5383 autem
1434 5333 1570 5386 dicit
1602 5332 1651 5387 ei
1685 5351 1857 5390 senex
1890 5335 2071 5392 Maca-

372 5410 532 5467 rius:
566 5414 806 5487 Suscipe
839 5434 950 5483 me,
985 5418 1153 5484 abba,
1205 5423 1261 5472 et
1293 5416 1401 5472 nisi
1425 5418 1767 5489 jejunavero
1800 5432 1855 5478 et
1889 5426 2071 5483 fecero

368 5512 436 5552 ea
466 5515 594 5568 quas
625 5506 732 5572 ipsi
768 5506 1122 5575 opera,jube
1152 5522 1242 5561 me
1273 5507 1405 5575 ejici
1436 5523 1504 5561 ex
1537 5512 1908 5567 monasterio.
1944 5514 2072 5569 Pcr-

368 5588 576 5642 suadet
607 5591 881 5648 fratribus
924 5610 1172 5664 magnus
1221 5595 1567 5653 Pachomius
1599 5604 1662 5653 ut
1693 5616 1822 5656 eum
1858 5603 2069 5659 admit-

372 5680 514 5732 tant.
550 5675 648 5734 Est
686 5685 873 5736 autem
924 5684 1097 5739 unius
1145 5688 1480 5743 monasterii
1531 5697 1872 5759 conventus,
1911 5693 2070 5750 mille

2188 4698 2464 4770 cipiensa
2513 4694 2791 4753 secunda,
2845 4695 2899 4746 et
2942 4688 3118 4744 menti
3164 4702 3304 4742 mete
3354 4684 3721 4756 pramipiens,
3752 4689 3815 4739 et
3844 4684 3893 4737 ei

2186 4790 2423 4846 dicens:
2463 4785 2600 4841 Vide
2633 4801 2703 4839 ne
2743 4782 3063 4837 descendas
3094 4780 3165 4834 de
3194 4777 3374 4833 caelis.
3408 4776 3595 4831 Habes
3627 4773 3893 4847 angelos,

2184 4876 2581 4949 archangelos,
2616 4889 2819 4930 omnes
2850 4885 3126 4941 supernas
3150 4872 3480 4940 potestates,
3507 4865 3817 4921 cherubim
3841 4869 3896 4919 et

2186 4968 2501 5040 serapbim,
2560 4964 2741 5020 Deum
2794 4962 3001 5017 borum
3054 4960 3316 5015 omnium
3358 4957 3713 5012 effectorem.
3778 4954 3898 5009 Illic

2180 5073 2430 5122 versare,
2474 5071 2542 5109 ne
2584 5054 2694 5109 sub
2738 5052 2911 5107 ccelos
2965 5046 3353 5113 descenderis,
3402 5062 3473 5100 ne
3523 5044 3807 5099 incideris
3840 5046 3897 5099 in

2185 5148 2513 5204 mundanas
2537 5142 2932 5216 cogitationes.
2958 5138 3097 5193 Cum
3115 5138 3258 5193 duos
3280 5144 3500 5202 autem,
3525 5136 3743 5207 inquit,
3766 5134 3898 5190 dies

2180 5244 2237 5294 et
2267 5240 2410 5292 duas
2445 5240 2640 5291 noctes
2682 5244 3155 5306 perseverassem,
3191 5228 3267 5281 ita
3298 5225 3514 5281 irritavi
3540 5230 3897 5289 daemonem,

2183 5334 2245 5384 ut
2274 5329 2393 5399 ipse
2416 5328 2577 5382 ﬁeret
2606 5325 2845 5379 ﬂamma
2868 5320 3039 5393 ignis,
3064 5325 3120 5374 et
3151 5318 3515 5373 combureret
3542 5321 3743 5372 omnia
3764 5331 3897 5388 qua

2181 5418 2466 5473 habebam
2500 5418 2555 5471 in
2587 5415 2756 5482 cella,
2789 5414 2928 5467 adeo
2962 5415 3025 5465 ut
3055 5409 3227 5464 etiam
3255 5412 3465 5473 stores,
3497 5423 3683 5478 supra
3718 5420 3893 5479 quam

2180 5509 2428 5577 stabam,
2474 5506 2607 5577 igne
2657 5507 2904 5564 arderet,
2956 5506 3011 5555 et
3049 5499 3131 5555 sic
3182 5514 3270 5554 me
3318 5513 3547 5569 quoque
3597 5499 3895 5553 existima-

2179 5615 2299 5653 rem
2333 5604 2508 5652 totum
2543 5594 2912 5665 conﬂagrare.
2939 5590 3199 5647 Tandem
3225 5590 3432 5643 timore
3458 5588 3711 5645 affectus
3732 5588 3892 5644 tertio

2178 5687 2272 5745 die
2300 5686 2492 5744 destiti
2526 5688 2596 5743 ab
2649 5686 2755 5743 boe
2796 5680 3108 5757 proposito,
3159 5695 3285 5735 cum
3338 5694 3450 5737 non
3498 5696 3741 5753 possem
3775 5696 3889 5735 am-
