4076 6206
249 409 406 474 1061

1595 412 1972 476 HISTORIA
2013 405 2420 469 LAUSIACA.

3623 416 3780 480 {062

245 544 402 616 plius
424 545 677 598 mentem
704 557 891 596 meam
923 543 1118 596 tenere
1166 540 1537 612 indivulsam,
1570 547 1667 600 sed
1690 546 1963 603 descendi
1993 545 2047 611 Α
2077 557 2211 597 cum
2247 539 2512 596 unxisset
2567 541 2689 598 oleo
2747 550 2944 601 sancto
2974 548 3032 601 et
3063 563 3187 602 cum
3220 564 3427 620 aquam
3476 549 3789 609 infudisset

251 636 323 691 ad
362 636 537 703 hujus
569 633 774 687 mundi
801 631 1343 702 contemplationem
1379 652 1390 702 ;
1429 636 1539 690 Deo
1573 636 1811 693 fortasse
1835 654 1958 708 per-

243 728 535 789 mittente,
570 739 641 776 ne
670 721 779 777 hoc
815 721 953 775 mihi
991 727 1356 791 reputaretur
1380 724 1437 779 in
1472 727 1830 795 superbiam.

316 815 436 884 Ego
469 813 537 867 ad
573 828 704 867 eum
739 811 955 867 accessi
988 812 1321 883 aliquando,
1345 819 1400 868 et
1431 814 1625 870 inveni
1655 821 1814 871 extra
1836 819 1961 887 ejus

241 902 447 958 cellam
479 903 769 969 iacentem
806 904 1116 973 quemdam
1149 903 1456 971 cujusdam
1509 905 1615 958 vici
1659 908 1960 977 presbyte—

242 1008 397 1058 rum,
439 991 606 1061 cujus
639 997 816 1058 caput.
840 991 918 1046 ita
942 997 1062 1045 erat
1085 1007 1316 1045 exesum
1345 1010 1377 1046 a
1403 995 1601 1047 morbo
1625 995 1723 1066 qui
1749 996 1962 1051 dicitur

245 1098 474 1145 cancer,
508 1089 566 1135 ut
600 1081 771 1134 etiam
822 1081 1010 1150 ipsum
1047 1097 1110 1135 os
1172 1087 1356 1136 totum
1417 1092 1719 1154 appareret
1752 1087 1806 1140 in
1840 1103 1963 1140 ver-

239 1171 375 1227 tice.
413 1172 466 1226 Is
491 1171 732 1225 accessit
763 1171 832 1224 ad
870 1172 1063 1241 ipsum
1100 1175 1163 1224 ut
1206 1179 1530 1240 curaretur,
1562 1191 1666 1229 nec
1688 1192 1818 1230 cum
1854 1176 1958 1230 ad-

241 1261 509 1316 mittebat
539 1262 605 1314 ad
641 1259 1022 1329 colloquium.
1049 1261 1262 1329 Rogavi
1296 1268 1494 1316 autem
1529 1279 1687 1330 eum,
1720 1265 1955 1334 dicens;

238 1349 509 1406 Miserere
557 1349 728 1419 hujus
781 1349 1000 1412 miseri,
1036 1354 1092 1404 et
1142 1349 1345 1404 saltem
1388 1353 1460 1406 da
1504 1352 1554 1407 ei
1587 1371 1956 1424 responsum.

245 1443 302 1496 Is
331 1455 464 1494 vero
517 1437 660 1493 mihi
723 1438 1043 1506 respondit,
1073 1439 1312 1494 dicens:
1373 1441 1473 1495 Est
1537 1442 1808 1504 indignus
1860 1446 1957 1515 qui

242 1534 502 1594 curetur,
525 1529 696 1584 missa
721 1536 803 1583 est
837 1528 988 1582 enim
1024 1529 1094 1582 ad
1129 1546 1262 1583 eum
1298 1529 1417 1584 haec
1452 1548 1484 1585 a
1518 1535 1758 1588 Domino
1783 1533 1956 1590 disci-

238 1619 415 1692 plina.
458 1619 616 1683 Quod
651 1617 699 1672 si
733 1617 874 1671 velis
905 1633 1036 1672 eum
1069 1619 1276 1681 curari,
1306 1621 1586 1684 persuade
1608 1621 1657 1674 ei
1691 1629 1754 1676 ut
1784 1624 1956 1677 dein-

236 1725 373 1780 ceps
406 1710 745 1765 abstineata
796 1708 1112 1763 ministerio
1163 1714 1499 1764 sanctorum
1555 1721 1955 1769 sacramento-

235 1817 386 1856 rum.
423 1799 532 1860 Ego
593 1805 789 1854 autem
850 1802 898 1853 ei
959 1800 1128 1853 dico:
1163 1801 1569 1865 Quamobrem,
1624 1819 1822 1871 quaeso
1858 1804 1875 1851 β
1909 1806 1956 1858 ls

2073 631 2341 702 praecepit
2374 648 2442 684 ne
2474 635 2858 705 quadraginta
2891 637 3097 692 diebus
3129 655 3331 694 carnes
3363 647 3646 712 gustaret,
3681 659 3787 700 nec

2068 721 2305 787 vinum;
2341 729 2396 777 et
2419 723 2502 777 sic
2535 740 2667 778 eum
2701 727 2943 782 curavit.

2141 815 2284 865 Eum
2317 813 2630 883 aliquando
2651 816 2957 872 subierunt
2978 820 3360 890 cogitationes
3387 839 3545 877 vana?
3562 823 3782 894 gloria,

2072 918 2196 972 quis
2230 918 2363 956 eum
2384 916 2413 954 e
2446 902 2590 956 cella
2622 904 3020 971 ejiciebant,et
3050 912 3433 976 suggerebant
3455 918 3516 967 ut
3540 913 3782 968 honesto

2069 991 2312 1048 consilio
2337 996 2394 1045 et
2419 992 2577 1059 justa
2606 993 2676 1047 de
2705 1008 2882 1048 causa
2937 996 3179 1054 Romam
3236 1011 3513 1072 pergeret,
3547 1020 3649 1074 pro
3680 1004 3780 1059 be-

2070 1082 2274 1136 neﬁcio
2305 1097 2504 1135 eorum
2540 1084 2635 1151 qui
2698 1088 3097 1153 argrotabant;
3132 1088 3293 1144 valde
3351 1093 3504 1145 enim
3552 1094 3611 1147 in
3644 1110 3778 1149 eum

2069 1171 2418 1241 operabatur
2453 1171 2640 1241 gratia
2663 1172 2937 1227 adversus
2961 1175 3216 1244 spiritus.
3242 1177 3552 1250 Postquam
3581 1189 3777 1238 autem

2069 1257 2241 1330 longo
2273 1264 2531 1329 tempore
2563 1276 2671 1314 non
2705 1260 2948 1327 obediit,
2983 1262 3140 1318 valde
3171 1264 3520 1334 agitabatur.
3552 1271 3780 1326 Cadens

2067 1365 2199 1403 vero
2232 1349 2291 1404 in
2324 1348 2526 1404 limine
2585 1349 2758 1418 cellas,
2799 1351 2952 1406 foras
3009 1354 3185 1422 pedes
3247 1355 3462 1426 emisit,
3495 1361 3552 1412 et
3592 1357 3730 1414 dicit
3765 1376 3778 1416 :

2069 1438 2304 1493 Trahite
2335 1445 2388 1492 et
2419 1439 2628 1503 vellite,
2663 1457 2693 1494 ο
2725 1439 3040 1509 daemones,
3072 1442 3121 1497 si
3173 1447 3432 1514 potestis.
3472 1446 3591 1518 Ego
3621 1451 3777 1505 enim

2069 1545 2184 1582 non
2218 1529 2358 1582 abeo
2393 1529 2537 1584 meis
2574 1529 2833 1600 Pedibus,
2859 1533 3068 1599 jurans
3113 1535 3230 1589 fore
3283 1543 3342 1589 ut
3371 1537 3562 1605 jaceat
3595 1554 3780 1609 usque

2069 1619 2138 1672 ad
2174 1635 2496 1685 vesperam,
2529 1621 2579 1673 ei
2643 1620 2749 1674 nisi
2807 1638 2939 1675 eum
2991 1623 3281 1679 excutiant
3315 1643 3426 1680 non
3461 1643 3590 1681 esse
3620 1628 3781 1683 audi-

2066 1711 2286 1762 turum.
2321 1713 2460 1762 Cum
2494 1717 2681 1763 autem
2730 1712 2824 1764 diu
2873 1714 3296 1780 procubuisset,
3331 1718 3612 1783 surrexit;
3644 1735 3778 1774 cum

2070 1813 2178 1851 nox
2195 1804 2384 1853 autem
2403 1799 2794 1867 adventasset,
2819 1801 2868 1854 ei
2893 1819 3094 1855 rursus
3117 1804 3424 1860 exhibui-re
3454 1809 3774 1875 negotium.

230 1908 369 1947 vero
402 1891 535 1946 dicit
569 1906 583 1945 :
624 1890 937 1944 Fornicans
977 1907 1206 1944 Sacrum
1264 1893 1484 1960 peregit
1533 1893 1950 1961 ministerium,
1985 1906 2030 1969 Β
2071 1888 2135 1939 Εἰ
2166 1904 2294 1938 cum
2331 1889 2576 1942 ἀιιοτυω
2606 1889 2927 1944 "mdiorum
2963 1899 3220 1959 SPONNI1
3254 1894 3552 1962 implesset
3579 1915 3774 1963 θιύῐιαν

229 1985 288 2037 et
323 1981 450 2034 ideo
473 1981 802 2050 castigatur.
840 1979 1006 2035 Nunc
1038 1995 1173 2050 ergo
1213 1981 1260 2034 si
1316 1987 1468 2036 metu
1503 1984 1745 2038 desistat
1779 1985 1848 2038 ab
1881 2001 1946 2038 eo

229 2070 384 2141 quod
411 2085 590 2124 ausus
631 2073 719 2122 est
753 2069 937 2123 facere
972 2085 1070 2139 per
1111 2075 1530 2136 contemptum,
1560 2072 1710 2126 Deus
1752 2073 1945 2140 ipsum

227 2159 474 2216 curabit.
513 2159 823 2230 Postham
857 2175 992 2229 ergo
1041 2158 1156 2213 dixi
1206 2160 1256 2214 ei
1308 2161 1406 2230 qui
1441 2162 1816 2232 affigebatur,
1841 2164 1944 2232 ju-

229 2250 543 2319 rejurando
593 2254 683 2303 est
742 2248 1040 2320 pollicitus
1099 2263 1160 2303 se
1203 2265 1316 2303 non
1352 2250 1605 2320 amplius
1632 2252 1946 2306 sacerdotis

228 2346 426 2412 partes
493 2339 814 2394 obiturum.
851 2343 1008 2392 Tunc
1058 2353 1193 2393 eum
1262 2343 1505 2411 accepit,
1540 2347 1596 2394 et
1662 2342 1806 2396 dixit
1848 2342 1943 2397 ei:

222 2428 501 2483 Credisne
555 2443 683 2483 esse
737 2426 920 2481 Deum
971 2443 1144 2496 quem
1188 2428 1330 2482 nihil
1384 2427 1580 2482 latet?
1618 2430 1948 2500 Respondet

224 2517 370 2572 ille:
415 2517 680 2583 Maxime,
707 2532 844 2586 rogo
904 2521 979 2570 te.
1032 2515 1250 2570 Deinde
1304 2517 1355 2571 ei
1399 2517 1539 2572 dicit
1597 2519 1886 2575 Macarius
1927 2539 1940 2573 :

223 2606 348 2663 Non
384 2607 619 2679 potuisti
653 2606 763 2661 Deo
795 2606 1040 2661 illudere
1063 2605 1090 2658 ?
1122 2606 1269 2661 Dicit
1301 2607 1434 2663 ille:
1469 2609 1590 2662 Non
1619 2611 1803 2679 potui,
1835 2611 1944 2664 do-

225 2697 385 2752 mine
423 2698 523 2750 mi.
558 2695 708 2750 Dicit
738 2697 785 2749 ei
812 2695 1098 2750 Macarius
1128 2711 1140 2749 :
1174 2696 1228 2750 Si
1262 2699 1530 2766 agnoscis
1560 2704 1719 2753 tuum
1755 2715 1947 2771 pecca-

227 2789 378 2856 tum,
411 2791 468 2841 et
506 2785 601 2840 Dei
636 2784 1008 2856 disciplinam
1053 2791 1290 2856 pr0pter
1319 2803 1494 2857 quam
1541 2787 1660 2842 haec
1693 2789 1946 2856 subiisti,

225 2876 538 2945 corrigitur
569 2876 626 2930 in
661 2887 982 2946 posterum.
1019 2875 1127 2940 Qui
1163 2877 1466 2932 confessus
1497 2883 1585 2933 est
1622 2884 1942 2948 peccatum,

224 2970 284 3021 et
315 2963 629 3035 spopondit
667 2979 728 3018 se
759 2980 873 3018 non
924 2965 1178 3035 amplius
1229 2972 1625 3036 peccaturum,
1661 2983 1846 3038 neque
1869 2968 1948 3023 al-

224 3054 340 3111 tari
373 3053 867 3120 ministraturum,
901 3055 999 3109 sed
1024 3061 1243 3112 sortem
1277 3054 1482 3112 laicam
1517 3056 1942 3127 amplexurum.

223 3143 446 3200 Deinde
479 3143 562 3199 sic
591 3147 831 3198 sanctus
865 3143 920 3197 ei
952 3160 1161 3198 manus
1185 3145 1490 3214 imposuit,
1513 3150 1568 3199 et
1593 3145 1790 3216 paucis
1823 3148 1946 3202 die-

223 3234 336 3290 bus
366 3232 476 3289 fuit
507 3243 766 3296 curatus.
800 3233 1114 3306 capillique
1144 3234 1195 3288 ei
1227 3239 1532 3290 creverunt
1553 3241 1609 3290 et
1631 3253 1813 3293 sanus
1844 3239 1947 3292 do-

223 3340 386 3380 mum
447 3323 622 3378 rediit
652 3325 833 3378 Deum
886 3323 1256 3394 gloriﬁcans;
1309 3326 1427 3397 egit
1481 3331 1672 3380 autem
1735 3344 1946 3400 magno

225 3429 461 3486 quoque
491 3412 738 3468 Macario
767 3415 1005 3484 gratias.

295 3502 401 3558 Hic
432 3506 671 3558 sanctus
707 3502 959 3558 habebat
987 3503 1246 3560 diversas
1271 3505 1478 3574 cellas;
1503 3525 1678 3562 unam
1711 3508 1943 3580 quidem

224 3595 285 3652 in
322 3594 506 3659 Scete,
547 3609 669 3664 quae
710 3597 802 3648 est
834 3593 1076 3650 interior
1125 3595 1184 3650 in
1216 3596 1556 3664 solitudine,
1590 3603 1647 3655 et
1676 3616 1849 3654 unam
1884 3601 1941 3654 in

226 3685 428 3756 Libya,
461 3687 518 3738 et
548 3700 724 3738 unam
759 3683 817 3738 in
849 3683 1064 3751 Celliis,
1099 3689 1155 3740 et
1187 3701 1358 3742 unam
1392 3687 1450 3742 in
1500 3694 1693 3744 monte
1724 3690 1939 3744 Nitriae.

221 3775 294 3830 Et
325 3776 452 3828 alia?
486 3773 722 3845 quidem
769 3773 1044 3829 carebant
1085 3774 1256 3840 ostio,
1289 3775 1347 3830 in
1399 3777 1612 3846 quibus
1643 3779 1942 3834 dicebatur

222 3864 426 3920 sedere
463 3863 521 3918 in
557 3862 1000 3932 quadragesima
1028 3862 1088 3918 in
1129 3865 1409 3932 tenebris,
1448 3866 1561 3922 alia
1593 3872 1787 3922 autem
1823 3873 1944 3924 erat

221 3951 549 4025 angustior,
584 3953 640 4008 in
676 3969 792 4023 qua
823 3969 936 4008 non
970 3957 1196 4024 poterat
1227 3955 1430 4024 pedem
1453 3956 1798 4023 extendere;
1833 3956 1942 4012 alia

219 4050 418 4098 autem
477 4041 669 4107 latior,
704 4041 761 4096 in
823 4058 942 4114 qua
969 4043 1349 4098 conveniebat
1379 4060 1477 4100 eos
1511 4045 1606 4116 qui
1639 4045 1710 4099 ad
1746 4045 1938 4116 ipsum

216 4131 606 4187 ventitabant.

292 4221 396 4276 Hic
429 4220 652 4276 curavit
681 4224 905 4276 tantam
941 4220 1376 4278 multitudinem
1410 4239 1608 4279 eorum
1645 4223 1742 4296 qui
1775 4240 1940 4280 vexa-

219 4311 436 4368 bantur
468 4328 501 4366 a
531 4311 922 4377 daemonibus,
958 4320 1014 4368 ut
1063 4329 1130 4369 ea
1186 4329 1301 4368 non
1335 4314 1579 4370 cadatin
1613 4331 1937 4370 numerum.

215 4400 364 4457 Cum
400 4417 506 4456 nos
539 4405 738 4456 autem
780 4401 898 4456 illic
933 4417 1220 4471 essemus,
1250 4403 1413 4474 virgo
1456 4403 1666 4459 nobilis
1699 4413 1751 4459 et
1784 4405 1942 4460 dives

213 4489 465 4546 deducta
495 4495 577 4544 est
611 4490 680 4543 ad
713 4505 846 4544 eum
872 4491 1332 4548 aThessalonica
1354 4493 1410 4547 in
1446 4492 1660 4547 ﬁnibus
1690 4493 1937 4571 Achaiae,

216 4597 348 4654 quae
381 4579 578 4635 multis
610 4581 780 4634 annis
815 4580 1104 4636 laboraret
1152 4583 1431 4654 paralysi.
1471 4587 1625 4639 lianc
1658 4589 1790 4640 ante
1830 4584 1938 4640 cel-

2059 1975 2506 2044 etimposuisset
2523 1978 2802 2039 humeris,
2823 1983 3158 2047 pervadebat
3180 1990 3354 2037 lotam
3372 1984 3773 2044 solitudinem.

2056 2064 2200 2119 Huic
2257 2067 2506 2118 occurrit
2565 2065 2926 2122 Theosebius
2984 2071 3301 2135 Cosmetor,
3334 2089 3544 2142 genere
3572 2077 3778 2131 Antio-

2056 2153 2294 2219 cheuus,
2342 2156 2398 2208 et
2425 2154 2474 2208 ei
2526 2154 2668 2208 dicit
2702 2153 2887 2216 :Quid
2943 2162 3159 2224 portas,
3195 2160 3339 2209 abba
3364 2161 3391 2210 Ῥ
3420 2164 3567 2218 Cede
3627 2165 3773 2219 mihi

2057 2259 2225 2307 onus,
2260 2253 2316 2298 et
2348 2259 2421 2298 ne
2454 2243 2694 2300 vexeris.
2721 2245 2820 2299 Ille
2852 2250 3043 2299 autem
3080 2245 3223 2300 dixit
3255 2262 3270 2300 :
3314 2249 3469 2300 Vexo
3510 2262 3637 2302 eum
3673 2256 3774 2318 qui

2056 2349 2148 2386 me
2203 2338 2420 2400 vexat;
2482 2351 2614 2388 nam
2673 2351 2804 2388 cum
2866 2335 2978 2389 sim
3029 2335 3309 2390 remissus
3385 2341 3439 2390 et
3507 2337 3771 2406 ignavus,

2055 2425 2314 2493 suggerit
2346 2423 2482 2480 mihi
2545 2425 3062 2495 peregrinationes.
3097 2427 3239 2482 Cum
3293 2431 3486 2482 autem
3520 2427 3616 2482 diu
3653 2444 3773 2498 pro-

2055 2518 2343 2579 movisset,
2379 2516 2678 2584 ingressus
2710 2519 2800 2568 est
2828 2514 3031 2569 cellam
3065 2517 3311 2571 contrito
3341 2533 3600 2587 corpore.

2129 2604 2447 2658 ‘Narravit
2502 2609 2695 2658 autem
2757 2603 2925 2658 nobis
2977 2605 3090 2674 (52)
3124 2606 3221 2658 Dei
3288 2621 3521 2677 quoque
3565 2622 3770 2662 servus

2055 2693 2445 2764 Paphnutius,
2482 2693 2739 2763 praeclari
2794 2693 2963 2763 hujus
3003 2694 3188 2748 sancti
3233 2696 3581 2766 discipulus,
3615 2696 3766 2764 quod

2055 2800 2188 2838 cum
2221 2783 2474 2854 quodam
2507 2782 2599 2837 die
2630 2782 2856 2838 sederet
2886 2783 2945 2837 in
3004 2783 3137 2839 aula
3193 2793 3430 2841 sanctus
3461 2785 3765 2854 Macarius,

2053 2879 2108 2930 et
2149 2874 2329 2929 Deum
2373 2873 2777 2944 alloqueretur,
2811 2873 3016 2942 hyaena
3058 2880 3360 2947 acceptum
3411 2893 3587 2932 suum
3617 2882 3770 2933 catu-

2054 2964 2202 3028 lum,
2235 2964 2334 3034 qui
2366 2969 2489 3018 erat
2521 2979 2728 3030 caicus,
2762 2963 2958 3019 attulit
2995 2964 3068 3020 ad
3115 2971 3375 3022 sanctum
3408 2967 3765 3036 Macarium;

2053 3061 2111 3113 et
2140 3071 2275 3110 cum
2325 3052 2514 3125 capite
2571 3053 2864 3124 pulsasset
2921 3056 3130 3110 ostium
3159 3054 3326 3123 aulae,
3359 3056 3631 3126 ingressa
3659 3062 3768 3126 est,

2053 3162 2119 3201 eo
2150 3143 2342 3200 adhuc
2401 3143 2652 3208 sedente,
2680 3147 2737 3196 et
2770 3143 3010 3213 projecit
3034 3145 3297 3199 catulum
3328 3147 3395 3200 ad
3420 3147 3546 3216 ejus
3566 3147 3766 3217 pedes.

2059 3235 2202 3290 Cum
2234 3238 2428 3288 autem
2461 3231 2780 3303 accepisset
2810 3231 3066 3287 catulum
3110 3238 3350 3289 sanctus
3383 3235 3686 3304 Macarius,
3717 3241 3774 3292 et

2060 3324 2322 3396 spuisset
2356 3321 2414 3376 in
2475 3323 2603 3392 ejus
2659 3320 2880 3387 oculos,
2910 3322 3111 3390 oravit,
3145 3328 3202 3378 et
3267 3324 3466 3379 statim
3506 3324 3671 3381 vidit.
3705 3326 3773 3380 Et

2057 3431 2188 3472 cum
2247 3417 2430 3470 mater
2486 3428 2618 3468 eum
2671 3411 2938 3469 lactasset
2993 3418 3051 3469 et
3098 3415 3436 3486 accepisset,
3469 3415 3552 3471 ita
3607 3415 3768 3471 exiit.

2055 3506 2156 3562 Die
2187 3509 2380 3561 autem
2435 3505 2699 3576 sequenti
2758 3504 2967 3575 pellem
3026 3520 3244 3578 magnis
3300 3505 3426 3562 ovis
3469 3506 3668 3562 attulit
3695 3507 3768 3562 ad

2055 3602 2322 3650 sanctum
2359 3594 2710 3661 Macarium;
2743 3599 2800 3649 et
2830 3610 2960 3650 cum
2993 3599 3235 3650 sanctus
3264 3595 3504 3651 vidisset
3533 3595 3766 3666 pellem,

2055 3686 2175 3741 haec
2205 3686 2348 3740 dixit
2401 3684 2612 3755 hyaena:
2648 3701 2661 3740 :
2696 3683 3001 3739 Undenam
3051 3685 3200 3738 hanc
3266 3684 3592 3750 habuisses,
3653 3685 3766 3740 nisi

2055 3791 2213 3832 ovem
2267 3774 2514 3845 alicujus
2568 3773 2950 3828 devorasses?
2993 3774 3156 3838 Quod
3189 3788 3324 3845 ergo
3382 3773 3769 3844 proficiscitur

2055 3866 2126 3919 ab
2157 3864 2390 3935 injuria,
2424 3879 2525 3931 ego
2558 3879 2590 3916 a
2622 3866 2675 3916 te
2699 3877 2813 3916 non
2833 3861 3072 3931 accipio.
3108 3861 3340 3932 Hyasna,
3367 3867 3563 3916 autem
3597 3862 3764 3917 humi

2053 3954 2328 4010 inclinato
2360 3951 2569 4022 capite,
2611 3965 2765 4021 genu
2814 3949 3085 4004 ﬂectebat
3127 3949 3200 4003 ad
3251 3951 3427 4018 pedes
3462 3951 3671 4014 sancti,
3709 3956 3767 4006 et

2053 4044 2304 4115 ponebat
2336 4040 2566 4113 pellem.
2592 4042 2719 4110 Ipse
2749 4042 2946 4095 autem
2999 4038 3048 4093 ei
3081 4038 3301 4094 dicebat
3333 4039 3492 4092 :Dixi
3529 4053 3620 4092 me
3653 4055 3765 4094 non

2053 4134 2446 4202 accepturum,
2477 4130 2589 4185 nisi
2630 4129 2920 4201 juraveris
2965 4134 3018 4184 te
3073 4144 3187 4184 non
3221 4127 3475 4199 amplius
3507 4126 3766 4184 otl'ensu-

2053 4239 2174 4281 ram
2209 4237 2511 4294 pauperes,
2545 4219 2902 4277 comedendo
2937 4235 3136 4276 eorum
3192 4235 3345 4276 oves.
3383 4218 3481 4275 Illa
3529 4233 3661 4275 vero
3691 4219 3762 4275 ad

2052 4313 2161 4368 hoc
2194 4327 2428 4384 quoque
2457 4310 2645 4383 eapite
2673 4326 2780 4366 suo
2811 4309 3039 4377 annuit,
3076 4317 3135 4366 ut
3166 4326 3295 4382 quae
3327 4313 3527 4366 sancto
3559 4325 3763 4366 assen-

2051 4403 2260 4458 tiretur
2317 4402 2586 4458 Macario.
2618 4402 2780 4456 Tunc
2837 4402 3060 4473 accepit
3133 4400 3338 4471 pellem
3399 4400 3470 4456 ab
3537 4400 3761 4472 hyena.

2051 4492 2226 4547 Beata
2279 4496 2473 4547 autem
2505 4490 2715 4546 Christi
2764 4489 2974 4545 ancilla
3022 4489 3271 4546 Melania
3326 4488 3474 4545 dixit
3506 4489 3670 4558 mihi,
3704 4505 3762 4546 se

2052 4582 2206 4638 illam
2244 4581 2450 4654 pellem
2487 4582 2781 4652 accepisse
2811 4598 2844 4636 a
2872 4581 3116 4637 Macario
3158 4581 3277 4650 illo,
3314 4582 3467 4652 quod
3501 4580 3756 4651 appella-

214 4670 338 4726 lam
370 4684 538 4724 suam
573 4669 1330 4740 projectam,misericordia
1361 4678 1708 4739 commotus,
1738 4674 1936 4743 viginti
1972 4663 2017 4724 D
2049 4675 2219 4729 batur
2251 4689 2466 4728 munus
2499 4672 2736 4744 hyaenae.
2770 4671 2913 4736 Quid
2947 4688 3080 4726 vero
3097 4671 3309 4726 mirum
3325 4675 3413 4726 est
3433 4669 3590 4740 apud
3607 4670 3757 4724 viros

211 4761 430 4816 diebus
459 4775 683 4830 ungens
715 4759 838 4816 oleo
883 4767 1079 4818 sancto
1138 4763 1265 4819 suis
1326 4763 1618 4833 manibus,
1649 4768 1705 4818 et
1737 4779 1933 4829 orans,

210 4866 423 4906 sanam
457 4850 679 4904 remisit
712 4851 768 4904 in
803 4866 970 4906 suam
1008 4852 1316 4908 civitatem.
1342 4856 1476 4920 Quae
1523 4870 1655 4910 cum
1692 4855 1936 4926 pedibus

209 4939 341 4995 suis
358 4939 804 5005 recessisset,ad
824 4945 1056 4998 sanctos
1081 4942 1374 5011 copiosam
1394 4943 1931 5002 misitoblationem.

285 5029 376 5083 Me
408 5032 601 5086 autem
635 5034 922 5100 praesente
951 5031 1237 5088 adductus
1271 5036 1356 5088 est
1387 5033 1459 5088 ad
1492 5050 1626 5089 eum
1659 5051 1802 5107 puer
1834 5037 1932 5107 qui

206 5117 536 5174 vexabatur
565 5134 597 5172 a
627 5118 859 5188 spiritu.
893 5120 955 5173 Ei
998 5124 1193 5176 autem
1255 5138 1496 5178 manum
1538 5123 1843 5194 imponens
1874 5125 1932 5182 in

207 5209 426 5280 capite,
459 5213 515 5263 et
561 5208 857 5265 sinistram
908 5227 1086 5282 supra
1117 5228 1232 5278 cor,
1266 5214 1471 5268 tandiu
1526 5216 1708 5270 oravit
1751 5216 1933 5272 donec

207 5298 449 5354 fecisset
484 5297 673 5368 ipsum
705 5300 952 5368 pendere
1018 5301 1076 5356 in
1111 5317 1258 5358 aere.
1292 5303 1594 5374 Tanquam
1640 5309 1766 5360 uter
1797 5321 1931 5376 ergo

210 5403 364 5461 puer
394 5386 655 5455 inﬂatus,
691 5390 831 5444 adeo
873 5389 1170 5461 intumuit,
1192 5397 1254 5448 ut
1273 5401 1426 5449 esset
1457 5393 1694 5448 maximi
1719 5395 1934 5466 ponde-

206 5480 316 5536 ris.
355 5477 582 5532 Etcum
615 5484 850 5549 repente
899 5481 1302 5552 exclamasset,
1338 5499 1438 5556 per
1477 5499 1680 5540 omnes
1720 5501 1930 5542 sensus

206 5583 429 5640 aquam
463 5565 696 5636 emisit;
729 5573 784 5624 et
817 5585 948 5626 cum
973 5589 1175 5628 rursus
1198 5573 1479 5642 desiisset,
1507 5573 1677 5629 rediit
1708 5574 1779 5629 ad
1801 5589 1927 5631 eam

234 5675 273 5715 n
311 5672 430 5729 qua
458 5656 620 5727 prius
651 5668 768 5714 erat
827 5677 1185 5720 mensuram.
1233 5666 1298 5721 Et
1327 5665 1562 5723 tradidit
1593 5680 1723 5722 eum
1759 5666 1928 5737 patri,

283 5758 300 5792 ¹
339 5741 672 5814 Heraclides
703 5756 823 5815 hinc
855 5760 922 5817 de
955 5761 1168 5820 Marco.

2049 4764 2269 4818 mundo
2303 4762 2630 4826 cruciﬁxos,
2663 4762 2710 4815 si
2747 4761 2945 4832 hywna
2977 4759 3256 4814 beneﬁcio
3291 4758 3514 4819 allecto,
3545 4757 3613 4810 ad
3656 4757 3759 4810 Dei

2047 4853 2315 4925 gloriam,
2345 4855 2398 4908 et
2440 4851 2717 4907 honorem
2773 4865 3068 4904 servorum
3097 4848 3248 4916 ejus,
3274 4845 3328 4899 id
3391 4843 3651 4900 sentiens
3687 4845 3753 4899 ad

2047 4958 2179 4998 eum
2217 4959 2459 4999 munera
2500 4940 2798 4996 attulerit?
2830 4955 2957 4994 nam
2989 4937 3088 5006 qui
3121 4937 3178 4990 in
3209 4935 3444 4991 Daniele
3475 4935 3755 5008 prOpheta

2048 5033 2426 5088 mansuetecit
2456 5032 2674 5099 leones,
2710 5029 2842 5085 huic
2900 5043 3128 5098 quoque
3159 5026 3370 5096 hyaenae
3403 5024 3646 5096 largitus
3668 5029 3755 5079 est

2043 5121 2513 5194 intelligentiam.

2114 5213 2195 5267 De
2225 5228 2291 5266 eo
2321 5217 2516 5267 autem
2551 5211 2768 5264 dictum
2803 5213 2888 5264 est
2923 5207 3074 5278 quod
3109 5223 3176 5262 ex
3223 5221 3338 5276 quo
3361 5205 3465 5259 fuit
3498 5203 3752 5273 baptiza-

2043 5308 2157 5372 tus,
2195 5303 2349 5357 humi
2383 5317 2494 5356 non
2529 5301 2768 5372 spuerit,
2795 5315 2926 5355 cum
2961 5301 3154 5353 essent
3186 5295 3486 5368 sexaginta
3516 5294 3652 5348 anni
3684 5310 3752 5350 ex

2043 5409 2157 5465 quo
2195 5393 2378 5446 fuerat
2409 5390 2958 5461 baptizatus.Annos
2991 5387 3142 5442 enim
3169 5391 3341 5441 natus
3364 5383 3751 5455 quadraginta

2043 5484 2396 5553 baptismum
2429 5486 2783 5554 susceperat.

2113 5573 2321 5629 Forma
2351 5579 2542 5630 autem
2582 5573 2707 5643 ejus
2751 5574 2872 5626 erat
2925 5566 3298 5639 hujusmodi:
3334 5569 3564 5639 oportet
3593 5565 3748 5620 enim

2043 5679 2134 5720 me
2167 5678 2395 5735 quoque
2420 5661 2521 5720 tibi
2554 5662 2661 5719 hoc
2693 5660 3042 5733 signiﬁcare.
3075 5656 3293 5713 Christi
3339 5671 3520 5725 serve,
3559 5657 3619 5708 ut
3650 5653 3748 5722 qui
