4100 6204
372 350 530 412 1063

1953 333 2317 398 PALLADII

3732 334 3889 393 1064

368 483 477 540 hoc
507 481 687 539 sciam
720 479 954 552 optime,
987 493 1119 534 cum
1168 493 1295 533 mea
1342 475 1593 547 parvitas
1633 474 1685 529 ei
1726 473 1897 528 fuerit
1924 476 2077 528 tem-
2104 473 2163 539 Α
2195 471 2281 523 sto
2340 469 2397 523 et
2450 466 2713 522 vindicta
2780 464 2988 537 cupido
3038 464 3234 521 animo
3289 467 3414 520 erat
3468 464 3530 520 in
3580 469 3887 537 pastorem,

368 589 501 643 pore
533 570 794 643 aequalis.
834 569 964 623 Erat
992 575 1180 622 autem
1218 567 1345 635 ejus
1389 567 1570 619 l‘orma
1604 564 1747 618 satis
1774 563 1995 616 minuta
2018 578 2084 615 ac

368 662 573 719 mutila
611 671 664 715 et
698 678 844 725 rara,
883 661 1027 729 pilos
1088 658 1272 711 solum
1329 658 1547 710 habens
1598 656 1653 708 in
1689 655 1866 707 labro.
1902 654 2082 717 Quin-

363 755 535 809 etiam
574 753 628 805 in
664 766 937 817 suprema
972 756 1127 813 parte
1185 746 1439 800 habebat
1495 760 1732 815 paucos.
1774 741 1917 796 Nam
1955 754 2085 812 pro‘

363 850 486 913 pter
518 843 786 911 ingentes
836 841 1062 892 labores
1101 835 1555 899 exercitationis,
1598 850 1667 888 ne
1700 833 1801 904 pili
1846 831 2079 903 quidem

364 934 539 987 menti
576 931 769 985 barbae
799 928 847 983 ei
881 928 1033 981 enati
1067 934 1219 978 sunt.

430 1023 514 1076 Ad
550 1022 705 1075 hunc
737 1027 1005 1073 sanctum
1038 1015 1347 1069 Macarium
1383 1029 1513 1067 cum
1568 1014 1821 1084 quodam
1857 1012 1949 1065 die
1972 1028 2076 1065 ve-

359 1109 595 1176 nissem,
634 1116 695 1162 ut
723 1123 910 1162 essem
944 1107 1141 1158 animo
1174 1102 1335 1156 valde
1368 1102 1597 1167 anxius,
1621 1102 1748 1155 dico
1779 1100 1861 1153 illi
1884 1100 2078 1154 :Abba

358 1199 590 1263 Macari,
620 1198 758 1267 quid
798 1195 1324 1261 faciam,quoniam
1361 1208 1451 1245 me
1485 1190 1746 1259 aiﬂigunt
1779 1191 2078 1261 cogitatio-

356 1304 481 1347 nes.
519 1287 658 1341 mihi
717 1287 1014 1339 dicentes:
1049 1281 1203 1337 Nihil
1264 1284 1428 1349 facis,
1482 1283 1683 1335 recede
1752 1280 1906 1336 hinc.
1959 1280 2077 1333 Re—

356 1378 599 1446 spondet
633 1375 771 1429 mihi
801 1376 998 1429 dicens
1030 1378 1270 1426 sanctus
1306 1373 1468 1427 Pater
1501 1370 1783 1425 Macarius
1821 1371 1958 1425 :Dic
2009 1377 2070 1424 tu

354 1466 470 1520 tuis
501 1464 947 1533 cogitationibus
986 1479 997 1516 :
1035 1464 1273 1533 Propter
1328 1460 1625 1516 Christum
1676 1461 1939 1515 custodio
1973 1478 2071 1533 pa-

355 1556 543 1610 rietes.

424 1644 574 1710 llasc,
608 1660 640 1699 ο
665 1644 918 1699 studiose
977 1648 1035 1699 et
1088 1643 1491 1698 amantissime
1548 1640 1760 1696 Christi
1788 1655 1968 1705 serve,
2002 1656 2070 1697 ex

352 1735 549 1789 multis
581 1739 637 1788 et
694 1734 921 1797 magnis
970 1734 1155 1805 signis
1213 1740 1271 1787 et
1327 1732 1747 1787 certaminibus
1778 1729 1981 1802 inclyti
2012 1737 2070 1786 et

350 1828 563 1881 virtute
592 1826 812 1896 praediti
850 1826 1083 1880 Macarii
1116 1824 1457 1895 signiﬁcavi.

417 1917 519 1971 Hic
553 1916 839 1971 Macarius
871 1916 1037 1971 nobis
1066 1914 1318 1969 narravit
1373 1911 1516 1979 (erat
1546 1909 1699 1965 enim
1737 1907 2063 1981 presbyter)

347 2022 411 2062 se
440 2007 778 2061 observasse
828 2014 1086 2075 tempore
1143 2002 1571 2058 communionis
1627 1999 1837 2054 Christi
1870 2016 2055 2054 sacra-

349 2101 703 2163 mentorum,
736 2111 795 2149 se
855 2095 1044 2145 Marco
1090 2091 1451 2144 exercitatori
1498 2105 1787 2161 nunquam
1832 2091 2061 2145 dedisse

344 2185 719 2245 oblationem,
753 2182 849 2233 sed
900 2180 952 2234 ei
1002 2179 1273 2251 angelum
1324 2180 1553 2234 dedisse
1582 2196 1650 2233 ex
1702 2196 1831 2244 ara;
1867 2180 2059 2236 solum

346 2278 535 2325 autem
577 2284 638 2324 se
668 2268 884 2324 vidisse
916 2270 1165 2340 digitum
1195 2286 1402 2323 manus
1433 2271 1562 2341 ejus
1594 2271 1691 2341 qui
1723 2269 1915 2324 dabat.

1000 2375 1229 2433 CAPUT
1267 2377 1415 2433 XXI.

844 2476 957 2529 Vita
979 2476 1191 2530 abbatis
1222 2477 1387 2531 Marci
1413 2477 1549 2547 (53).

411 2583 553 2637 Cum
579 2588 734 2637 esset
766 2588 957 2637 autem
1005 2582 1097 2636 hic
1149 2582 1377 2637 Marcus
1415 2584 1637 2651 junior,
1672 2585 1900 2640 dicebat
1934 2603 2050 2642 me-

340 2672 575 2727 moriter
604 2670 780 2726 Vetus
796 2678 850 2725 et
880 2670 1100 2726 Novum
1126 2672 1593 2739 Testamentum,
1618 2679 1859 2742 eratque
1911 2676 2055 2730 insi-

339 2766 527 2831 gniter
560 2759 718 2815 mitis
749 2766 805 2814 et
836 2776 1060 2815 summe
1088 2766 1439 2829 temperans.
1488 2762 1744 2825 Quodam
1795 2781 1932 2832 ergo
1966 2768 2057 2821 die

338 2866 468 2904 cum
503 2849 645 2905 satis
668 2850 765 2904 otii
796 2850 1065 2906 haberem
1093 2851 1149 2905 in
1204 2849 1349 2906 cella
1386 2868 1531 2907 mea.
1567 2853 1623 2907 in
1650 2862 1907 2909 extrema
1929 2858 2052 2925 jam

337 2943 462 3008 ejus
511 2950 804 2996 senectute
854 2942 924 2996 ad
977 2957 1109 2997 eum
1161 2941 1346 3009 venio,
1382 2949 1439 2996 et
1496 2945 1646 2998 ostio
1706 2946 1834 3015 ejus
1894 2948 2052 3003 cella

336 3029 581 3085 assideo.
614 3030 793 3093 Quem
834 3047 959 3101 ego,
995 3036 1193 3101 utpote
1243 3032 1341 3101 qui
1392 3048 1577 3087 essem
1640 3035 1830 3090 adhuc
1864 3038 2048 3103 rudis,

334 3121 734 3174 existimabam
767 3136 894 3175 esse
923 3138 1100 3191 supra
1133 3121 1451 3186 hominem,
1478 3124 1628 3178 sicut
1676 3133 1834 3188 erat;
1869 3134 1925 3181 et
1949 3146 2053 3183 au-

336 3208 659 3264 scultabam
679 3211 960 3280 quidnam
995 3212 1213 3264 diceret
1260 3211 1345 3264 vel
1391 3212 1618 3266 faceret.
1656 3214 1707 3267 Is
1732 3226 1917 3270 autem
1955 3222 2048 3271 in-
2080 3224 2122 3291 ο

336 3307 429 3353 tus
461 3300 641 3365 solus,
674 3315 805 3352 cum
858 3300 981 3369 jam
1030 3307 1263 3353 centum
1317 3317 1502 3355 annos
1562 3305 1962 3374 transegisset,
1997 3317 2053 3361 et

334 3389 533 3443 dentes
564 3390 1099 3447 amisisset.secum
1164 3388 1455 3458 pugnabat
1499 3396 1551 3443 et
1604 3407 1731 3445 cum
1794 3395 2045 3463 diabolo,

334 3483 389 3529 et
418 3478 686 3530 diccbat:
721 3476 865 3539 Quid
902 3476 985 3529 vis
1017 3478 1311 3545 deinceps,
1345 3475 1639 3552 κακόγηρε,
1676 3482 1725 3534 id
1770 3488 1875 3549 est,
1902 3485 2049 3539 male

331 3566 553 3623 senex?
591 3568 875 3635 Eccejam
906 3568 1172 3621 etvinum
1202 3568 1423 3635 bibisti,
1458 3577 1512 3624 et
1554 3572 1744 3627 oleum
1782 3575 2046 3645 tetigisti.

333 3658 479 3722 Quid
514 3658 602 3711 vis
634 3658 904 3725 deinceps
938 3653 1266 3734 πολιόφαγε,
1305 3660 1356 3713 td
1392 3669 1500 3728 est,
1524 3678 1695 3717 vorax
1720 3664 1775 3718 in
1815 3668 2046 3734 canitie,

332 3754 390 3804 et
417 3741 790 3814 κοιλιόδουλε,
826 3748 879 3801 id
925 3754 1033 3813 est,
1068 3752 1250 3803 ventri
1286 3753 1560 3819 serviens,
1597 3756 1805 3823 probro
1836 3762 1891 3810 et
1918 3775 2050 3813 con-

334 3837 581 3894 tumelia
613 3848 666 3890 te
699 3841 887 3906 ipsum
919 3836 1304 3893 afficiens?b‘t
1335 3840 1563 3896 diabolo
1588 3844 1810 3899 dicens:
1832 3846 2049 3903 Recede

337 3944 369 3982 a
402 3943 512 3993 me,
546 3926 794 3995 diabole,
829 3927 1181 3981 consenuisti
1220 3945 1443 3984 mecum
1480 3932 1535 3985 in
1561 3932 2047 4008 dissensionibus,

335 4016 585 4085 injecisti
623 4018 762 4070 mihi
814 4017 1268 4072 imbecillitatem
1311 4021 1587 4088 corporis,
1626 4024 1804 4078 fecisti
1842 4044 1931 4081 me
1965 4030 2051 4081 bi-

335 4105 469 4161 bere
500 4108 720 4166 vinum.
750 4112 807 4159 et
853 4123 1084 4160 sumere
1132 4108 1344 4173 oleum,
1385 4125 1470 4163 me
1517 4114 1760 4167 reddens
1792 4116 2045 4185 volupta-

336 4212 507 4249 rium.
546 4195 824 4248 Adbucne
882 4198 985 4248 tibi
1036 4196 1256 4266 aliquid
1320 4199 1745 4270 debeo?Apud
1790 4220 1882 4257 me
1906 4208 2049 4262 nihil

334 4284 560 4336 invenis
584 4284 737 4352 quod
774 4280 911 4335 velis
966 4283 1234 4352 diripere.
1272 4287 1492 4341 Recede
1534 4305 1567 4342 a
1616 4305 1703 4343 me
1753 4292 2046 4363 deinceps,

335 4370 568 4425 inimice
600 4371 926 4427 hominum.
963 4379 1042 4429 Ac
1066 4372 1237 4427 veluti
1264 4391 1323 4428 se
1351 4393 1666 4439 provocans
1699 4387 1754 4434 et
1787 4381 2047 4451 irritans,

337 4476 532 4515 secum
594 4461 955 4531 loquebatur,
1018 4464 1257 4519 diccnlo
1293 4482 1305 4518 :
1344 4467 1656 4537 Abesdum,
1689 4488 1720 4526 ο
1779 4482 2047 4545 nugator,

335 4549 392 4604 in
426 4549 637 4604 canitie
668 4557 915 4619 vorator,
951 4558 1007 4607 et
1065 4553 1259 4609 helluo
1320 4556 1380 4611 in
1423 4564 1742 4617 senectute.
1777 4563 2044 4628 Quandiu

336 4655 433 4696 ero
456 4646 646 4697 tecum
672 4642 699 4695 ?

957 4744 1191 4801 CAPUT
1244 4746 1413 4803 XXII.

482 4835 599 4888 Vita
622 4834 831 4889 abbatis
858 4835 1201 4908 Moysz's(3/i),
1226 4841 1321 4909 qui
1348 4840 1461 4911 fuit
1484 4856 1552 4896 ex
1583 4842 1902 4901 latronibus.

410 4940 541 4997 Fuit
571 4943 807 5013 quidam
844 4944 1066 5016 Moyses
1099 4950 1352 5015 nomine,
1389 4949 1646 5023 [Ethiops
1697 4968 1925 5024 genere,
1960 4957 2048 5011 ni-

337 5049 457 5106 ger,
476 5036 1002 5103 servuscujusdam
1022 5037 1120 5108 qui
1138 5038 1370 5105 gerebat
1394 5042 1810 5111 rempublicam
1836 5062 1850 5111 ;
1876 5063 2047 5117 quem

337 5135 569 5196 propter
613 5142 841 5180 morum
893 5126 1319 5195 improbitatem
1372 5135 1427 5183 et
1484 5130 1771 5188 latrocinii
1828 5137 2048 5193 crimen

338 5214 577 5283 projecit
603 5216 730 5283 ejus
764 5214 1057 5270 dominus.
1093 5215 1402 5271 Dicebatur
1458 5220 1603 5273 enim
1667 5224 1837 5278 etiam
1868 5242 2049 5287 usque

338 5304 407 5357 ad
460 5306 663 5370 credes,
700 5308 1001 5377 progredi;
1036 5323 1211 5377 cogor
1267 5308 1421 5362 enim
1475 5310 1661 5367 dicere
1720 5315 1870 5371 facta
1924 5319 2049 5387 ejus

338 5390 740 5459 improbitatis,
776 5399 837 5448 ut
886 5400 1077 5463 postea
1136 5396 1439 5451 ostendam
1475 5400 1743 5455 virtutem
1778 5404 1906 5473 ejus
1938 5424 2049 5475 pea-

341 5481 619 5535 nitentiss.
665 5482 987 5539 Narrarunt
1043 5501 1175 5556 ergo
1234 5485 1413 5558 aliqui
1474 5503 1604 5543 eum
1642 5491 1816 5547 fuisse
1850 5497 2048 5565 praefe-

343 5578 496 5626 ctum
550 5586 770 5641 magnas
820 5580 1064 5633 catervae
1107 5576 1412 5635 latronum.
1438 5578 1618 5651 Cujus
1666 5582 1813 5640 inter
1844 5592 2047 5644 cetera

343 5660 710 5720 atrooinandi
762 5679 935 5735 opera
987 5667 1097 5725 hoc
1155 5684 1385 5741 quoque
1435 5669 1634 5742 fertur,
1691 5678 1845 5744 quod
1894 5676 2044 5734 inis-

2190 560 2285 630 qui
2320 561 2388 614 ad
2416 576 2532 613 rem
2552 558 2808 629 aliquam
2832 558 3165 626 patrandum
3190 555 3347 610 eunti
3388 555 3499 610 sibi
3533 556 3722 611 fuerat
3762 574 3887 614 cum

2187 650 2431 706 Canibus
2490 650 2614 703 suis
2664 648 3103 719 impedimento.
3145 647 3326 712 Quem
3385 660 3519 698 cum
3551 645 3717 700 vellet
3750 649 3892 704 occl-

2189 739 2343 805 dere,
2376 740 2565 795 obibat
2597 738 2789 792 locum
2825 737 2883 791 in
2928 753 3043 806 quo
3084 740 3213 804 ejus
3271 751 3405 790 oves
3446 734 3739 789 habebant
3779 744 3892 793 sta-

2187 833 2424 896 tionem,
2456 829 2505 883 ei
2550 834 2744 882 autem
2791 828 3188 898 significatum
3221 834 3306 880 est
3356 827 3542 895 ipsum
3576 842 3703 881 esse
3736 832 3893 884 trans

2189 922 2403 977 Nilum.
2440 922 2505 974 Et
2536 936 2668 973 cum
2702 918 2910 973 ﬂuvius
2941 917 3036 972 illo
3069 923 3329 985 tempore
3357 916 3686 986 inuaderet,
3720 924 3777 971 et
3818 919 3887 973 ad

2187 1013 2346 1066 mille
2380 1026 2590 1081 passus
2622 1015 2841 1080 pateret
2874 1007 3405 1069 latituiline,ensem
3437 1014 3647 1061 tenens
3678 1007 3891 1062 mordi-

2185 1117 2304 1167 cus,
2340 1106 2394 1154 et
2423 1101 2681 1154 tunicam
2717 1115 2833 1170 qua
2862 1103 2985 1152 erat
3031 1096 3270 1150 indutus
3311 1096 3619 1164 imponens
3662 1113 3771 1151 suo
3804 1113 3889 1152 ca-

2185 1192 2309 1261 piti,
2346 1190 2593 1245 natando
2654 1190 2736 1243 sic
2793 1187 3119 1242 transmisit
3174 1186 3435 1239 ﬂuvium.
3484 1185 3633 1240 Dum
3692 1193 3888 1242 autem

2181 1285 2593 1345 transnataret,
2612 1279 2791 1349 potuit
2828 1284 3021 1347 pastor
3052 1294 3114 1331 se
3138 1278 3491 1331 abscondere
3512 1276 3727 1332 alicubi
3753 1279 3890 1332 info-

2181 1372 2367 1425 diens.
2402 1371 2544 1425 Cum
2591 1386 2726 1441 ergo
2760 1371 2931 1440 Moysi
2963 1373 3213 1438 cmptum
3248 1383 3361 1421 non
3385 1371 3891 1434 successisset,OC-

2180 1460 2316 1514 cisis
2347 1467 2599 1531 quatuor
2652 1458 2896 1529 egregiis
2954 1458 3253 1521 arietibus,
3285 1462 3343 1511 et
3392 1456 3525 1511 l‘une
3579 1456 3885 1527 colligatis,

2179 1548 2372 1603 Nilum
2408 1566 2609 1603 rursus
2642 1550 2885 1603 tranavit
2917 1572 2930 1612 ;
2962 1554 3019 1602 et
3051 1564 3182 1601 cum
3216 1547 3274 1600 in
3306 1562 3536 1617 parvam
3572 1548 3886 1617 quamdam

2178 1640 2375 1693 villam
2406 1639 2682 1703 venisset,
2707 1636 3017 1692 excoriavit
3047 1636 3292 1703 arietes;
3318 1642 3374 1689 et
3403 1652 3534 1690 cum
3568 1652 3697 1707 quas
3724 1643 3889 1692 erant

2175 1731 2365 1784 carnis
2387 1732 2605 1799 optima
2634 1728 3004 1791 comedisset,
3037 1733 3093 1781 et
3134 1725 3309 1796 pelles
3371 1742 3471 1796 pro
3514 1726 3645 1780 vino
3676 1726 3883 1781 vendi-

2095 1820 2375 1917 Bdisset,
2427 1834 2560 1872 cum
2621 1818 2828 1872 saltem
2893 1816 3221 1871 Italicorum
3291 1815 3523 1871 circiter
3566 1816 3883 1871 octodecim

2173 1910 2283 1983 (55)
2322 1907 2801 1976 ehibisset,il|inc
2858 1908 2926 1960 ad
2988 1905 3413 1977 quinquaginta
3471 1903 3748 1960 milliaria
3802 1912 3884 1962 est

2174 1999 2491 2069 profectus,
2522 1997 2617 2052 ubi
2652 1996 2905 2051 habebat
2928 1996 3264 2066 collegium.

2243 2087 2344 2143 Hic
2379 2088 2643 2158 princeps
2703 2087 2993 2140 latronum
3047 2101 3174 2139 sero
3229 2084 3463 2139 tandem
3517 2100 3657 2139 casu
3688 2085 3884 2157 aliquo

2169 2179 2267 2249 qui
2300 2182 2348 2233 ei
2398 2178 2684 2233 acciderat
2736 2180 3143 2245 compunctus,
3186 2173 3427 2229 tradidit
3474 2175 3734 2245 seipsum
3768 2193 3884 2231 mo-

2169 2268 2463 2335 nasterio;
2499 2272 2555 2321 et
2577 2268 2644 2319 ad
2676 2272 2890 2319 tantum
2930 2264 3211 2335 processit
3246 2265 3666 2333 paenitentiam,
3700 2282 3882 2337 quan-

2168 2364 2285 2412 tam
2323 2374 2407 2411 res
2441 2358 2581 2426 ipsa}
2612 2356 2967 2409 indicarunt.
2996 2354 3149 2408 Inter
3178 2362 3383 2408 catera
3423 2360 3618 2409 autem
3646 2356 3879 2423 dicitur,

2172 2446 2328 2518 quod
2359 2463 2490 2501 cum
2515 2446 3037 2517 quatuorlatrones
3068 2444 3128 2498 in
3159 2460 3293 2497 eum
3326 2443 3382 2497 in
3417 2444 3564 2498 cella
3584 2448 3882 2505 sedentem

2172 2536 2502 2599 irruissent,
2565 2536 2893 2603 ignorantes
2974 2549 3106 2587 eum
3166 2549 3295 2588 esse
3343 2532 3618 2602 Moysem,
3681 2535 3882 2596 beatus

2167 2631 2387 2699 Moyses
2420 2642 2518 2681 eos
2538 2632 2813 2696 tanquam
2839 2639 3071 2680 saccum
3100 2624 3271 2695 paleae
3295 2625 3594 2688 ligatos,et
3623 2626 3882 2686 humeris

2166 2718 2465 2786 imposuit,
2490 2728 2541 2772 et
2601 2719 2669 2770 ad
2732 2720 2975 2771 fratrum
3014 2717 3255 2783 portavit
3286 2718 3609 2777 ecclesiam.
3644 2719 3879 2776 dicens:

2165 2808 2447 2871 Quoniam
2476 2824 2588 2861 non
2623 2806 2757 2860 licet
2792 2806 2935 2859 mihi
2993 2806 3161 2861 alicui
3225 2809 3411 2861 facere
3465 2808 3756 2876 injuriam,
3786 2811 3883 2865 in-

2168 2899 2517 2951 venientem
2562 2913 2658 2950 eos
2694 2912 2785 2951 me
2844 2913 3178 2967 aggressus,
3212 2898 3350 2968 quid
3403 2898 3467 2950 de
3523 2897 3593 2950 iis
3645 2899 3881 2965 jubetis

2165 2988 2286 3042 ﬁeri
2312 2987 2338 3041 ?
2368 2987 2482 3041 Hoc
2513 2988 2680 3040 modo
2714 2993 2906 3040 autem
2942 2986 3340 3054 comprehensi
3373 3004 3401 3039 a
3425 2994 3623 3040 sancto
3657 2986 3876 3059 Moyse,

2166 3083 2278 3131 Deo
2348 3075 2596 3129 confessi
2655 3082 2812 3129 sunt.
2848 3074 2917 3128 Et
2946 3090 3074 3128 cum
3126 3078 3533 3145 cognovissent
3580 3092 3714 3130 eum
3749 3092 3880 3130 esse

2166 3169 2414 3237 Moysem
2442 3165 2538 3237 qui
2576 3164 2682 3219 fuit
2713 3164 3023 3234 aliquando
3072 3164 3315 3236 insignis
3368 3164 3637 3235 princeps
3696 3165 3876 3219 latro-

2161 3272 2321 3321 num,
2352 3254 2639 3308 Christum
2675 3270 2740 3307 eo
2790 3253 3022 3308 nomine
3063 3254 3470 3325 gloriﬁcantes,
3506 3254 3588 3307 illi
3647 3271 3879 3327 quoque

2162 3346 2377 3398 mundo
2422 3343 2823 3398 renuntiarunt
2882 3350 3110 3414 propter
3169 3346 3296 3412 ejus
3364 3344 3788 3414 paenitentiam,
3822 3351 3879 3400 et

2160 3439 2473 3490 evaserunt
2522 3434 2789 3488 monachi
2854 3433 3271 3504 probatissimi,
3298 3435 3381 3489 sic
3412 3437 3735 3501 cogitantes
3771 3454 3783 3491 :
3817 3436 3877 3489 Si

2160 3525 2252 3580 hic
2277 3526 2375 3595 qui
2410 3531 2638 3578 tantum
2671 3523 2894 3579 valebat
2950 3522 3192 3577 virtibus
3249 3524 3549 3578 latrocinia
3588 3528 3749 3596 parvi
3784 3527 3879 3579 fa-

2159 3616 2342 3679 ciens,
2376 3617 2459 3668 sic
2493 3617 2667 3667 Deum
2701 3617 2867 3669 timet
2901 3614 3076 3685 ;quid
3119 3630 3227 3668 nos
3260 3612 3448 3669 adhuc
3478 3628 3739 3669 nostram
3781 3632 3875 3670 sa-

2161 3703 2335 3758 lutem
2361 3703 2735 3759 differimus?

2234 3798 2470 3847 Beatum
2506 3800 2698 3847 autem
2736 3793 2986 3864 Moysem
3044 3793 3149 3863 (sic
3170 3793 3325 3847 enim
3356 3800 3582 3863 oportet
3611 3811 3745 3849 eum
3780 3812 3877 3851 vo-

2160 3891 2314 3948 care)
2346 3884 2615 3952 deinceps
2644 3883 2832 3937 adorti
2863 3890 3003 3937 sunt
3031 3884 3343 3952 daemones,
3379 3887 3449 3938 ad
3486 3884 3881 3942 fornicatorim

2163 3973 2621 4041 intemperantiae
2653 3972 3015 4039 impellentes
3047 3988 3177 4026 cum
3223 3976 3702 4029 consuetudinem
3732 3993 3745 4041 ;
3774 3977 3881 4048 qui

2162 4076 2351 4132 usque
2383 4066 2521 4115 adeo
2552 4065 2622 4114 ab
2655 4061 2795 4131 ipsis
2830 4061 2938 4115 fuit
2968 4067 3243 4130 tentatus,
3275 4065 3420 4117 sicut
3456 4068 3576 4133 ipse
3594 4068 3882 4131 narravit,

2164 4156 2226 4205 ut
2261 4167 2395 4217 μαι-υ
2416 4166 2461 4203 :n
2494 4150 2741 4203 abfuerit
2769 4152 2908 4220 quin
2942 4168 3070 4206 eum
3098 4154 3169 4205 ab
3199 4153 3466 4207 instituto
3488 4153 3882 4213 dimoverent.

2160 4240 2302 4294 Cum
2336 4246 2529 4293 autem
2590 4242 2931 4295 accessisset
2987 4243 3055 4293 ad
3120 4258 3397 4312 magnum
3432 4243 3745 4311 Isidorum,
3777 4246 3884 4315 qui

2160 4332 2397 4385 sedebat
2430 4333 2481 4384 in
2509 4330 2692 4397 Scete,
2728 4333 2896 4386 tertio
2929 4331 3002 4386 ad
3032 4348 3163 4387 eum
3217 4333 3414 4387 retulit
3445 4335 3516 4388 de
3570 4334 3723 4389 bello
3762 4338 3885 4391 for-

2162 4417 2480 4473 nicationis.
2532 4418 2632 4473 Cui
2692 4420 2986 4488 respondit
3035 4429 3308 4476 sanctus:
3344 4421 3424 4476 Ne
3481 4425 3886 4491 conturberis,

2162 4526 2194 4563 o
2230 4514 2436 4576 l‘rater;
2471 4514 2609 4562 sunt
2656 4508 2958 4579 principia,
2992 4516 3047 4564 et
3097 4509 3225 4566 ideo
3274 4517 3329 4564 te
3350 4511 3755 4569 vehementius
3788 4518 3887 4569 in-

2079 4604 2125 4668 D
2159 4606 2452 4667 vaserunt,
2487 4601 2735 4670 priorem
2770 4603 3141 4674 requirentes
3187 4603 3689 4659 consuetudinem.
3714 4606 3892 4661 Sicut

2160 4690 2310 4744 enim
2345 4689 2505 4743 canis
2530 4705 2660 4743 cum
2695 4691 3007 4745 assueverit
3039 4690 3095 4745 in
3140 4692 3380 4747 macello
3415 4710 3624 4765 pernae
3650 4696 3887 4763 rodere,

2160 4796 2274 4834 non
2308 4780 2523 4834 recedit
2554 4796 2587 4834 a
2627 4780 3085 4849 consuetudine;
3120 4784 3215 4836 sed
3277 4781 3327 4836 si
3382 4784 3556 4837 fuerit
3605 4786 3888 4842 clausum

2160 4868 2494 4938 macellum,
2528 4877 2573 4923 et
2642 4886 2813 4925 nemo
2868 4872 2918 4926 ei
2976 4871 3221 4940 dederit,
3264 4872 3410 4927 fame
3468 4880 3713 4930 enectus
3765 4893 3891 4932 non

2159 4959 2413 5028 amplius
2445 4959 2707 5027 accedit;
2741 4961 2825 5015 sic
2866 4968 2919 5014 tu
2982 4978 3230 5032 quoque,
3268 4963 3315 5017 si
3364 4965 3761 5035 permanseris
3824 4966 3887 5020 in

2158 5054 2272 5104 tum
2328 5049 2696 5105 continentiae
2746 5051 3173 5117 exercitatione,
3210 5054 3567 5109 mortiﬁcans
3612 5056 3893 5112 membra

2158 5142 2260 5193 tua
2290 5156 2411 5208 qua:
2471 5148 2606 5194 sunt
2664 5155 2840 5210 supra
2888 5145 3098 5195 terram
3158 5141 3383 5211 (Coloss.
3415 5145 3524 5215 nt),
3556 5148 3612 5199 et
3672 5147 3893 5200 exclu-

2158 5231 2301 5284 dens
2332 5229 2402 5282 ab
2434 5230 2691 5296 ingressu
2753 5229 3068 5299 ingluviem
3102 5247 3224 5301 quae
3268 5236 3417 5303 patri
3477 5233 3891 5305 intemperan-

2159 5319 2321 5382 tiam,
2355 5334 2504 5389 aegre
2547 5320 2734 5373 ferens
2766 5318 3011 5387 daemon,
3038 5325 3100 5375 ut
3150 5321 3249 5391 qui
3312 5321 3471 5377 cibos
3512 5338 3629 5378 non
3663 5324 3893 5381 habeat

2158 5408 2258 5477 qui
2285 5408 2685 5474 accendant,a
2728 5412 2783 5461 te
2835 5409 3079 5464 recedet.
3140 5413 3283 5466 Cum
3341 5426 3476 5482 ergo
3527 5415 3893 5471 secessisset

2156 5498 2367 5554 Christi
2428 5514 2631 5553 servus
2654 5496 2897 5569 Moyses,
2928 5499 3087 5553 etab
3140 5499 3240 5555 illa
3301 5500 3441 5556 hora
3498 5504 3759 5574 seipsum
3793 5504 3891 5558 in-

2157 5589 2426 5645 clusisset
2465 5588 2523 5645 in
2582 5586 2744 5657 cella,
2780 5587 3034 5645 maxima
3090 5588 3151 5643 in
3183 5591 3459 5646 omnibus
3489 5595 3888 5651 exercebatur

2156 5679 2484 5749 tolerantia,
2530 5678 2783 5737 maxime
2831 5682 3027 5737 autem
3078 5679 3139 5739 in
3196 5680 3552 5739 abstinentia
3611 5700 3645 5740 ι
3703 5684 3882 5750 cibis,
