4100 6204
387 260 546 323 1067
1915 259 2015 320 PA

2130 258 2276 321 ADlI
3644 262 3811 323 1068

384 396 491 449 ἀπὸ
534 394 867 470 βρωμάτων,
938 392 1158 455 οὐδενὸς
1201 391 1372 449 ἄλλον
1417 390 1849 467 μεταλαμϐάνων
1886 390 2033 461 πλὴν
2065 397 2118 463 Α
2146 389 2638 463 κατεδυναστεύθης
2660 392 2801 468 πρὸς
2840 389 2902 447 τό
2943 411 3025 446 σοι
3076 389 3373 467 συμφέρον,
3415 389 3510 447 ⁴ίνα
3563 394 3640 465 μὴ
3699 396 3812 449 ὑπὸ

382 471 550 549 ἄρτου
571 473 738 548 ξηροῦ
760 474 811 529 ὲν
847 474 1096 549 οὐγκίαις
1119 471 1244 529 δέκα
1257 470 1373 529 δύο·
1398 472 1652 529 πλεῖστον
1678 473 2038 548 ἐργαζόμενος
2145 472 2420 548 ἐπάρσεως
2452 472 2756 547 καταπέσῃς
2781 513 2795 528 .
2838 476 3015 528 Ταῦτα
3063 470 3296 536 ἀκούσας
3341 470 3587 542 ἀπῆλθεν
3637 473 3817 531 πάλιν

384 552 568 630 ἔργον,
588 556 677 611 καὶ
700 556 1032 626 πεντήκοντα
1054 553 1289 611 ἐκτελῶν
1318 554 1627 631 προσευχὰς
1658 556 1756 631 τήν
1784 554 1993 631 ἡμέραν
2020 598 2034 612 .

460 628 770 709 Κατατήξας
828 634 919 691 οὖν
993 636 1186 691 ἑαυτοῦ
1242 636 1304 690 τὸ
1361 628 1635 709 σωμάτιον
1712 628 1897 708 ἔμενεν
1956 629 2034 689 ἔτι

382 717 745 795 πυρούμενος,
786 716 890 795 ,καὶ
921 713 1256 795 ,ἀδιαφόρως
1305 715 1757 795 ἐνυπνιαζόμενος
1792 758 1805 773 .
1860 715 2032 795 Πάλιν

385 793 540 857 οὗτος
571 790 873 869 παρέϐαλεν
911 790 1211 867 ἄλλῳπινὶ
1260 794 1486 869 μονάχῷ
1530 799 1641 849 τῶν
1675 795 1846 870 ἁγίων
1890 794 2032 848 πάνυ

385 867 765 949 δοκίμῳλκαὶ
823 874 968 950 λέγει
1019 874 1165 946 αὐτῷ
1197 893 1210 908 ·
1264 867 1330 928 Τί
1386 867 1625 944 ποιήσω,
1693 867 1881 943 ἀϐϐἆ,
1949 871 2033 927 ὅτι

383 954 690 1025 σκοτίζουσί
723 976 826 1029 μου
867 955 957 1011 τὸν
1008 954 1274 1030 λογισμὸν
1323 954 1392 1009 τὰ
1446 954 1664 1009 ἐνύπνια
1711 956 1810 1019 τῆς
1840 956 2030 1029 ψυχῆς

380 1036 517 1093 κατά
560 1039 659 1107 τήν
710 1037 944 1113 ἀρχαίαν
1002 1037 1285 1106 συνήθειαν
1373 1033 1744 1109 συνηδομένης
1803 1033 2032 1099 αὑτοῖςῖ

383 1119 535 1192 Λέγει
578 1118 721 1190 αὐτῷ
760 1117 961 1179 ἐκεῖνος
1022 1118 1049 1170 6
1100 1118 1271 1192 ἅγιος,
1331 1116 1414 1172 ὅτι
1475 1114 1699 1185 Ἐπειδὴ
1758 1116 1848 1170 τὸν
1905 1121 2030 1172 νοῦν

381 1221 477 1255 σου
509 1199 607 1254 οὐκ
637 1199 943 1270 ἀπέστησας
971 1202 1079 1254 τῶν
1128 1200 1251 1272 περὶ
1307 1203 1473 1253 ταῦτα
1533 1199 1864 1277 φαντασιῶν,
1911 1199 2035 1265 τού·

378 1301 475 1334 του
507 1281 669 1357 χάριν
702 1282 800 1349 τήν
833 1279 1073 1354 μυσαράν
1125 1278 1325 1349 ταύτην
1371 1279 1652 1356 ὑφίστασαι
1704 1279 1989 1353 ἐπιθυμίαν
2013 1325 2028 1339 .

381 1360 619 1431 Ποίησον
652 1361 742 1416 οῦν
775 1361 805 1416 6'
837 1382 922 1416 σοι
972 1359 1116 1434 λέγω
1141 1380 1155 1394 ·
1210 1359 1301 1422 δὸς
1343 1362 1560 1414 σεαυτὸν
1603 1359 1679 1423 εἰς
1725 1359 2026 1435 ἀγρυπνίαν

378 1440 512 1495 κατᾶ
565 1444 778 1514 μικρὸν,
836 1442 925 1495 καὶ
971 1439 1281 1515 προσεύχου
1328 1440 1632 1515 νηφόντως,
1683 1440 1774 1494 καὶ
1821 1438 2031 1495 έλευθε-

379 1522 602 1594 ρωθήσῃ
637 1522 743 1575 ἀπὸ
772 1522 979 1576 τούτων
1014 1521 1231 1595 ταχέως
1256 1562 1268 1575 .
1323 1521 1589 1581 Ἀκούσας
1641 1517 1698 1574 δὲ
1729 1521 1757 1574 6
1783 1525 2026 1595 γενναῖος

375 1602 465 1655 καὶ
496 1600 696 1671 ταύτης
726 1605 825 1666 τῆς
864 1602 1150 1671 ὑποθήκης
1201 1600 1283 1679 ὡς
1313 1599 1459 1673 παρὰ
1504 1599 1758 1679 τεχνίτου
1799 1599 1867 1673 τῇ
1913 1602 2028 1656 πεί-

378 1701 463 1756 ρᾳ,
495 1680 745 1737 ἀπελθὼν
791 1680 843 1737 ἐν
879 1686 948 1756 τῇ
998 1680 1196 1756 κέλλῃ,
1243 1678 1439 1737 ἔδωκεν
1484 1678 1650 1757 λόγον
1699 1687 1779 1753 τῷ
1831 1678 2022 1738 ἑαυτοῦ

2147 553 2222 616 εἰς
2261 556 2358 623 τήν
2409 553 2637 625 κέλλαν,
2685 552 2884 610 λοιπὸν
2945 551 3239 629 προσέχων
3275 554 3410 628 ⁶μεθ’
3454 555 3697 631 ἡσυχίας
3736 560 3816 630 τῇ

2142 640 2242 703 τῆς
2292 635 2572 705 ἀσκήσεως
2629 633 2887 705 πολιτείᾳ
2938 633 2990 689 έν
3045 634 3268 709 μέτρῳ.
3317 634 3471 690 Μετά
3517 632 3578 691 δὲ
3626 644 3817 709 μῆνας

2145 713 2241 769 δύο
2272 716 2307 785 ἢ
2334 719 2483 794 τρεῖς
2515 714 2812 789 ἐρωτηθεὶς
2857 714 3004 789 παρά
3052 718 3150 769 τοῦ
3201 714 3471 791 μακαρίου
3514 714 3815 794 Ἰσιδώρου

2143 799 2243 875 τοῦ,
2278 791 2645 872 πρεσϐυτέρου
2695 797 2723 851 6
2775 796 3021 866 ἀσκητὴς
3072 802 3336 868 Μωῦσῆς,
3392 798 3468 870 μὴ
3522 795 3601 853 ἔτι
3651 791 3815 875 αύτῷ

2143 874 2400 951 ὢχλησεν
2446 875 2615 932 έκεῖνο
2666 877 2728 933 τὸ
2775 881 3011 951 πνεῦμα,
3062 876 3229 948 εἶπεν,
3289 878 3373 932 ὅτι
3422 880 3541 933 ’Δπ’
3589 874 3816 951 ἐκείνης

2140 962 2241 1025 τῆς
2272 954 2439 1031 ὥρας,
2472 959 2538 1025 ἧς
2567 956 2786 1028 έπηύξω
2823 978 2939 1032 μοι,
2972 957 2999 1011 6
3029 960 3126 1013 τοῦ
3157 960 3294 1013 Θεοῦ
3325 954 3548 1027 δοῦλος,
3580 960 3686 1015 οὐκ
3725 960 3810 1017 ἔτι

2143 1033 2296 1092 οὐδέν
2334 1058 2426 1109 μοι
2457 1042 2707 1093 τοιοῦτον
2741 1033 3083 1112 συμϐέϐηκεν
3110 1082 3127 1097 .
3160 1038 3484 1110 Κατηξιώθη
3525 1035 3584 1094 δὲ
3633 1041 3810 1105 οὗτος

2143 1117 2170 1170 6
2203 1118 2358 1193 ἅγιος
2393 1117 2731 1193 χαρίσματος
2761 1116 2897 1174 κατά
2929 1115 3202 1191 δαιμόνων
3234 1138 3246 1151 ·
3282 1116 3478 1191 οὕτως,
3510 1118 3585 1181 ὡς
3639 1123 3809 1194 ἡμεῖς

2138 1201 2245 1252 τῶν
2283 1202 2457 1270 μυιῶν
2489 1197 2539 1253 έν
2590 1203 2670 1266 τῷ
2727 1203 2967 1274 χειμῶνι
3017 1201 3488 1275 καταφρονοῦμεν,
3537 1205 3806 1257 τοσοῦτον

2139 1275 2229 1331 καὶ
2264 1275 2475 1349 μᾶλλον
2539 1278 2703 1341 οὗτος
2753 1279 2781 1333 6
2831 1277 2995 1353 μέγας
3045 1284 3289 1347 Μωϋσῆς
3333 1276 3642 1349 παλαιστής
3690 1285 3806 1336 τῶν

2141 1354 2413 1430 δαιμόνων
2456 1401 2470 1414 .
2500 1357 2649 1429 Αὕτη
2682 1361 2718 1427 ἡ
2751 1353 2931 1421 ἔνθεος
2967 1364 3069 1428 τῆς
3096 1359 3377 1430 ἀσκήσεως
3416 1358 3674 1415 πολιτεία
3701 1366 3807 1417 τοῦ

2136 1437 2578 1514 ἀκαταγωνίστου
2622 1437 2869 1509 ἀθλητοῦ
2919 1436 3193 1502 Μωῦσέως
3237 1444 3336 1495 τοῦ
3381 1443 3462 1511 τῷ
3507 1440 3648 1516 γένει
3701 1444 3806 1499 Αἱ.

2141 1519 2355 1587 θίοπος,
2385 1521 2486 1589 τὴν
2520 1516 2576 1574 δὲ
2616 1520 2803 1594 ψυχὴν
2836 1518 3115 1581 έθίσαντος
3146 1521 3268 1591 θείᾳ
3295 1519 3519 1594 χάριτι.
3569 1524 3667 1585 Ὃς
3704 1523 3802 1578 καί

2134 1598 2297 1660 αὐτὸς
2326 1601 2390 1667 ἦν
2450 1599 2501 1654 ἐν
2557 1604 2674 1660 τοῖς
2725 1599 2991 1674 μεγάλοις
3036 1603 3145 1654 τῶν
3201 1599 3454 1675 Πατέρων
3503 1604 3798 1675 κατορθώ-

2136 1698 2298 1751 μασιν
2326 1677 2768 1753 ἀριθμούμενος.
2802 1676 3042 1751 Τελευτᾷ
3072 1675 3130 1734 δὶ
3161 1678 3320 1742 οὗτσς
3350 1674 3494 1735 ira»:
3546 1674 3799 1754 ἕϐδομή-

375 1754 643 1818 συνειδότι
699 1763 773 1835 μή
826 1754 1158 1836 κοιμηθῆναι
1192 1758 1280 1815 διὰ
1320 1761 1498 1831 πάσης
1550 1754 1649 1831 τῆς
1698 1761 1910 1831 νυκτὸς,
1946 1766 2022 1835 μὴ
2056 1766 2103 1831 Β
2132 1780 2294 1839 κοντα
2343 1760 2501 1815 πέντε
2548 1757 2599 1814 έν
2647 1759 2716 1834 τῇ
2771 1761 2993 1839 Σκήτει,
3057 1758 3352 1835 γενόμενος
3399 1754 3791 1839 πρεσϐύτερος,

371 1840 557 1898 κλῖναι
614 1834 739 1920 γόνυ
794 1843 871 1906 ὡς
925 1834 1024 1898 γέπὶ
1082 1842 1350 1919 προφάσει
1408 1848 1742 1919 προσευχῆς,
1800 1841 1887 1898 ἐπὶ
1948 1834 2026 1917 τῷ
2134 1837 2454 1895 καταλιπὼν
2493 1841 2735 1913 μαθητὰς
2768 1834 3152 1912 ἑϐδομήκοντα
3184 1883 3199 1897 .

372 1928 554 2004 φυγεῖν
584 1925 681 1994 τὴν
712 1920 996 2000 τυραννίδα
1024 1927 1120 1979 τοῦ
1150 1922 1315 1978 ὕπνου
1342 1967 1355 1981 .

440 2012 639 2076 Μείνας
671 2012 760 2070 οῦν
793 2012 882 2069 ἔπὶ
910 2017 990 2086 τῷ
1020 2011 1230 2086 κελλίῳ
1261 2008 1355 2085 ἔτη
1386 2013 1461 2085 ἓξ,
1503 2014 1598 2075 τὰς
1626 2012 1821 2077 νύκτας
1852 2012 2023 2080 πάσας

374 2096 536 2170 μέσον
566 2100 667 2164 τῆς
697 2094 903 2166 κέλλης
934 2095 1243 2168 ἱστάμενος,
1284 2096 1371 2149 καὶ
1406 2091 1770 2156 ἀδιαλείπτως
1799 2099 1879 2167 τῷ
1908 2100 2025 2169 Θεῷ

367 2175 835 2251 προσευχόμενος,
875 2176 967 2229 καὶ
1003 2176 1077 2248 μή
1112 2173 1472 2247 έπικαμμύων
1503 2175 1628 2236 τοὺς
1661 2173 1983 2249 ὀφθαλμούς
2005 2187 2021 2203 ⁸

370 2254 464 2312 λαὶ
505 2260 674 2312 ταῦτα
704 2259 876 2311 ποιῶν
905 2258 1002 2310 τοῦ
1030 2257 1357 2331 πράγματος
1386 2261 1487 2323 τῆς
1510 2253 1815 2310 ἀκολάστου
1846 2255 2023 2311 ἐπιθυο

372 2337 498 2412 μίας
527 2338 903 2414 περιγενέσθαι
934 2336 1032 2391 οὐκ
1062 2334 1311 2406 ἠδυνήθη
1348 2380 1362 2395 .
1394 2340 1480 2414 Τῷ
1511 2336 1627 2389 ὅντι
1660 2337 1762 2412 γάρ
1797 2337 2021 2407 ἀληθῶς

367 2417 668 2479 ἀκόλαστος
701 2416 961 2489 ἐπιθυμία
994 2461 1009 2475 .
1041 2416 1264 2472 Ἑαυτὸν
1291 2415 1393 2492 γὰρ
1426 2413 1651 2485 ἐκτήεας
1677 2420 1796 2479 τοῖς
1833 2417 2017 2479 πόνοις

368 2499 540 2554 ἐκεῖνο
572 2499 634 2553 τὸ
666 2496 892 2572 αἰσχρὸν
926 2497 1095 2559 πάθος
1129 2497 1389 2565 ὑποτάξαι
1421 2494 1520 2551 οὑκ
1548 2498 1770 2575 ἴσχυσεν
1797 2542 1812 2557 .

437 2588 585 2643 Μετὰ
633 2587 804 2641 ταῦτα
850 2588 1020 2641 πάντα
1068 2586 1242 2657 ἑαυτῷ
1298 2584 1463 2641 πάλιν
1512 2583 1690 2655 ἀλλην
1738 2585 2018 2641 πολιτείαν

375 2664 794 2741 σκληραγωγίας
828 2665 1053 2720 ὑπέθετο
1081 2709 1095 2721 .
1129 2665 1518 2740 Ἐξερχόμενος
1558 2665 1713 2728 οὗτος
1749 2667 1779 2721 6
1807 2664 2017 2738 πύκτης

370 2751 469 2802 τοῦ
520 2752 732 2801 Σατανᾶ
780 2743 1077 2823 (διαφόρως
1127 2747 1233 2821 γὰρ
1288 2748 1465 2819 τούτῳ
1522 2744 1862 2821 έπύκτευσεν)
1919 2749 2014 2811 τὰς

366 2829 560 2890 νόκτας
587 2827 752 2903 ἀπῄει
792 2828 868 2889 είς
912 2828 1006 2889 τὰς
1049 2824 1250 2890 κέλλας
1286 2833 1393 2883 τῶν
1423 2833 1540 2892 τοῖς
1583 2828 1771 2891 πόνοις
1820 2849 2015 2905 συγγε-

366 2918 687 2992 γηρακότων
718 2921 787 2992 τῇ
819 2918 1046 2988 ἀσκήσει
1097 2936 1378 2993 μοναχων,
1426 2917 1516 2972 καὶ
1564 2916 1760 2973 λοιπὸν
1795 2920 1871 2991 μὴ
1915 2915 2017 2973 δυ..

365 3002 607 3072 ναμένων
638 3002 736 3069 τήν
768 3003 864 3054 τοῦ
913 2996 1108 3062 ὕδατος
1139 3001 1327 3074 χρείαν
1376 2996 1447 3054 δι’
1477 3000 1680 3054 ἑαυτῶν
1729 3000 1974 3073 κομίζειν
1994 3042 2011 3059 .

364 3090 456 3145 καὶ
487 3086 781 3164 λαμϐάνων
808 3090 903 3150 τὰς
937 3087 1123 3166 ὑδρίας
1155 3089 1351 3153 αὐτῶν,
1402 3088 1743 3164 ἀγνοούντων
1798 3087 2011 3146 ἐκείνων

366 3169 614 3246 ἐπλήρου
665 3175 763 3226 τοῦ
811 3167 1004 3232 ὕδατος
1034 3214 1050 3230 .
1102 3170 1233 3226 Ἀπὸ
1285 3172 1497 3242 μήκους
1541 3170 1642 3243 γὰρ
1687 3167 1906 3244 ἔχουσιν
1961 3170 2016 3225 ἐν

369 3260 598 3320 ἐκείνοις
642 3266 763 3322 τοῖς
794 3258 983 3320 τόποις
1025 3260 1088 3314 τὸ
1137 3257 1305 3331 ὕδωρ,
1356 3258 1406 3311 οἳ
1460 3259 1552 3331 μὶν
1583 3258 1688 3312 ἀπὸ
1720 3256 1836 3323 δύο,
1871 3260 1923 3313 οἱ
1954 3256 2011 3314 δὲ

366 3341 473 3396 ὰπὸ
532 3342 687 3396 πέντε
734 3340 1000 3412 σημείων,
1060 3339 1111 3393 οἱ
1143 3336 1201 3392 δὲ
1230 3337 1337 3393 ἀπὸ
1389 3340 1637 3410 ἡμίσεως
1670 3380 1682 3393 .
1732 3343 1870 3401 Μιᾶς
1916 3338 2008 3393 οὖν

364 3435 472 3485 τῶν
503 3434 713 3484 νυκτῶν
745 3428 795 3483 έν
830 3429 876 3499 ᾧ
904 3432 1067 3481 τοῦτο
1098 3426 1290 3497 ἐποίει,
1347 3425 1684 3501 ἐπιτηρήσας
1718 3427 1746 3481 6
1777 3424 2007 3498 δαίμων,

364 3510 452 3563 καὶ
488 3510 683 3580 μηκέτι
715 3510 892 3585 φέρων
923 3512 1022 3561 τοῦ
1064 3506 1306 3576 ἀθλητοῦ
1351 3508 1452 3576 τὴν
1502 3506 1808 3580 καρτερίαν,
1853 3507 2012 3583 ἐγκύ-

366 3590 525 3659 ψαντι
558 3587 706 3657 αὐτῷ
737 3586 812 3647 εἰς
843 3587 903 3641 τὸ
934 3585 1102 3665 φρέαρ
1135 3586 1221 3641 ἐπὶ
1262 3591 1341 3659 τῷ
1392 3589 1491 3657 τὴν
1538 3585 1723 3661 ὑδρίαν
1778 3587 2009 3660 πληρῶ-

369 3676 456 3729 σαί
486 3696 633 3738 τινος
694 3680 961 3750 μοναχοῦ,
1012 3672 1241 3731 δέδωκεν
1297 3677 1446 3748 αὐτῷ
1500 3678 1635 3732 κατὰ
1691 3681 1796 3732 τῶν
1856 3680 2006 3751 ψυῶν

368 3763 600 3839 ῥοπάλῳ
628 3764 753 3835 τινὶ,
793 3766 884 3820 καὶ
915 3765 1119 3841 ἀφῆκεν
1154 3766 1314 3821 αὑτὸν
1364 3770 1444 3838 τῷ
1479 3765 1632 3839 τόπῳ
1677 3768 1884 3822 κεῖσθαι
1925 3786 2010 3821 νε-

362 3856 511 3927 κρὸν,
547 3853 678 3929 μηδ’
708 3855 855 3918 ὅλως
885 3854 1269 3930 αἰσθανόμενον
1324 3858 1463 3931 μήτε
1495 3858 1524 3911 ’ὀ
1556 3856 1835 3928 πέπονθεν,
1870 3859 2009 3931 μήτε

361 3947 507 4016 παρὰ
552 3947 701 4008 τίνος
747 3948 908 4002 τοῦτο
958 3943 1160 4017 ῦπέστη
1198 3989 1210 4002 .
1261 3948 1367 4013 Τὴν
1423 3944 1515 4001 οῦν
1565 3945 1742 4015 ἀλλην
1801 3947 2009 4019 ἡμέραν

362 4025 534 4081 ἐλθών
575 4049 658 4089 τις
686 4032 796 4082 τῶν
849 4033 1110 4106 μοναχῶν
1155 4026 1441 4096 ἀντλῆσαι.
1494 4029 1643 4101 εὗρεν
1692 4029 1851 4083 αὑτὸν
1900 4030 2011 4083 ἐκεῖ

361 4116 608 4189 κείμενον
639 4117 729 4171 καὶ
771 4117 1226 4192 ψυχορραγοῦντα
1262 4159 1274 4172 .
1328 4122 1424 4173 Καὶ
1461 4117 1633 4172 ἐλθὼν
1689 4116 2029 4194 ἀνήγγειλενκ

360 4209 438 4274 τῷ
471 4203 700 4278 μεγαλῳ
730 4203 995 4278 Ἰσιδώρῳ
1041 4209 1118 4275 τῷ
1160 4201 1509 4279 πρεσϐυτέρῳ
1556 4212 1655 4274 τῆς
1708 4208 1964 4274 Σκήτεως
1993 4250 2005 4263 .

362 4290 641 4347 ’Δπελθὼν
676 4289 733 4345 δὲ
767 4312 901 4364 μετα
924 4313 1086 4346 τινων
1133 4289 1319 4348 λαϐὼν
1377 4294 1536 4349 αὑτὸν
1585 4294 1810 4368 ἤνεγκεν
1845 4294 1896 4348 έν
1937 4300 2007 4370 τῇ

361 4378 685 4451 Ἐκκλησία,
716 4380 805 4433 καὶ
856 4379 944 4435 ἐπὶ
995 4380 1234 4435 ἐνιαυτὸν
1286 4381 1476 4457 πλήρη
1529 4383 1685 4445 οὗτος
1735 4383 2005 4454 ἐνόσησεν,

361 4469 435 4527 ὡς
469 4468 633 4540 μόλις
661 4467 905 4543 γενέσθαι
933 4470 997 4524 τὸ
1028 4474 1188 4543 σῶμα
1239 4470 1405 4525 αὐτοῦ
1442 4471 1532 4526 καὶ
1575 4474 1673 4540 τήν
1718 4474 1903 4548 ψυχὴν
1951 4471 2004 4527 ἐν

362 4556 520 4634 ἰσχύϊ
550 4600 564 4614 .
597 4557 733 4615 Τότε
764 4554 911 4634 λέγει
940 4559 1089 4631 αὐτῷ
1119 4560 1147 4613 6
1191 4561 1358 4637 μέγας
1407 4560 1581 4635 ἱερεὺς
1629 4565 1725 4616 τοῦ
1774 4566 2008 4633 Χριστοῦ

361 4637 639 4715 Ἰσίδωρος
676 4658 690 4673 ³
726 4643 932 4696 Παῦσαι
976 4639 1171 4696 λοιπὸν
1217 4647 1335 4705 τοῖς
1379 4640 1601 4716 δαίμοσι
1654 4641 2004 4720 φιλονεικῶν,

358 4726 580 4808 ἀδελφέ,
621 4730 711 4787 καὶ
765 4733 841 4805 μή
888 4732 1072 4795 αὐτοῖς
1122 4728 1415 4806 έπέμϐαινε
1447 4778 1459 4791 .
1514 4733 1699 4809 Μέτρα
1748 4734 1853 4809 γάρ
1901 4733 2003 4789 είσι

355 4822 447 4876 καὶ
495 4828 594 4890 τῆς
644 4822 925 4891 ἀσκήσεως
982 4830 1082 4892 τῆς
1139 4823 1274 4898 πρὸς
1330 4825 1456 4885 τοὺς
1510 4821 1769 4896 δαίμονας
1825 4823 1878 4877 ὲν
1931 4825 1999 4896 τῇ

357 4910 579 4980 ἀσκήσει
615 4954 629 4969 .
663 4913 720 4966 '0
752 4908 809 4965 δὲ
840 4909 1146 4984 ἀδάμαστος
1196 4919 1293 4969 τοῦ
1344 4918 1582 4990 Χριστοῦ
1634 4919 1870 4983 Μωυσῆς
1904 4911 2004 4967 λέ-

356 5021 441 5077 γει
470 5020 550 5073 τῳ
586 4998 814 5073 μεγάλῳ
840 5022 852 5035 ’
888 4999 960 5056 Ού
996 5003 1070 5074 μή
1104 5002 1398 5077 παύσωμαι
1430 5008 1525 5059 τοῦ
1573 5004 1839 5079 μάχεσθαι
1889 5000 2005 5074 μετ’

356 5085 555 5150 αυτῶν,
584 5079 687 5143 ἓως
718 5079 779 5134 ἄν
812 5081 1083 5151 παύσηταί
1109 5104 1213 5156 μου
1236 5086 1270 5152 ἡ
1292 5084 1553 5161 φαντασία
1582 5088 1690 5139 τῶν
1716 5082 2000 5140 ἐνυπνίων.

355 5172 485 5226 Τότε
512 5168 664 5247 λέγει
721 5172 873 5242 αὐτῷ
916 5171 944 5225 6
992 5175 1089 5227 τοῦ
1131 5176 1369 5247 Χριστοῦ
1416 5169 1614 5237 δοῦλος
1661 5170 1940 5247 Ἰσίδωρος
1974 5174 2001 5228 6

354 5246 718 5327 πρεσϐύτερος
752 5270 766 5284 ·
811 5254 896 5307 Ἐν
947 5256 1028 5324 τῷ
1079 5246 1307 5327 ὀνόματι
1365 5254 1545 5324 Ἰησοῦ
1592 5246 1855 5327 Χριστοῦ,
1896 5253 2002 5309 ἀπὸ

354 5343 453 5393 τοῦ
502 5339 594 5394 νῦν
642 5340 908 5396 πέπαυται
959 5361 1053 5397 σου
1100 5343 1169 5397 :6:
1214 5343 1427 5415 ἀπρεπῆ
1476 5341 1698 5397 ἐνύπνια
1729 5388 1744 5404 ,
1795 5344 2000 5398 Λοιπὸν

358 5429 495 5499 μετὰ
550 5428 855 5505 παρρησίας
912 5435 1035 5496 τοῖς
1086 5431 1404 5505 μυστηρίοις
1457 5434 1786 5503 κοινώνησον
1824 5477 1837 5491 .
1888 5434 2002 5489 Ἵνα

355 5505 460 5583 γὰρ
494 5508 570 5579 μὴ
621 5513 903 5586 καυχήσῃ,
953 5511 1028 5575 ὡς
1080 5515 1149 5586 τῇ
1199 5515 1267 5586 σῇ
1317 5510 1540 5582 ἀσκήσει
1588 5515 1999 5589 περιγενόμενος

353 5592 551 5654 τούτου
597 5601 695 5656 τοῦ
742 5600 967 5675 πάθους,
1020 5597 1110 5658 διὰ
1163 5604 1324 5659 τοῦτο
1390 5598 1640 5681 σφοδρῶς
1691 5604 1777 5660 ὑπ’
1836 5604 1999 5666 αὐτοῦ

2733 1934 2966 1985 ΚΕΦΔΛ
2992 1970 3006 1985 .
3049 1931 3146 1984 Kl"
3172 1972 3185 1986 .

2484 2012 2612 2086 Περὶ
2650 2009 2869 2066 Παύλου
2898 2013 2995 2065 τοῦ
3024 2008 3076 2065 ἐν
3104 2015 3172 2085 τῇ
3203 2012 3396 2088 Φέρμῃ
3418 2054 3434 2069 .

2204 2093 2373 2164 ’Όρος
2403 2090 2453 2145 ἐν
2481 2096 2552 2166 τῇ
2584 2093 2843 2169 Αἰγύπτῳ
2873 2090 3017 2147 ἐστὶν
3048 2093 3251 2169 ἄπάγον
3282 2091 3373 2148 ἰπὶ
3421 2094 3523 2163 τὴν
3576 2101 3785 2165 Σκῆτιν

2230 2114 2373 2164 υρος
2403 2114 2453 2145 εν
2481 2114 2552 2166 τῃ
2584 2114 2650 2149 A:
2691 2114 2843 2165 υπτῳ
2873 2114 3017 2147 εστιν
3048 2114 3251 2169 απαγον
3282 2114 3373 2148 επι
3421 2114 3523 2163 την
3576 2114 3785 2165 δκητιν

2130 2172 2229 2241 τήν
2270 2169 2499 2246 ἔρημον,
2531 2172 2560 2226 ὸ
2589 2114 2841 2227 καλεῖται
2893 2170 3088 2246 Φέρμη
3127 2216 3141 2231 .
3196 2172 3283 2227 Ἐν
3329 2172 3512 2247 τούτῳ
3554 2180 3635 2248 τῷ
3667 2173 3786 2245 ὄρει

2131 2251 2445 2321 καθέζονται
2495 2252 2570 2314 ὡς
2628 2252 2971 2308 πεντακόσιοι
3021 2249 3209 2327 ἄνδρες
3255 2252 3586 2327 ἀσκούμενοι
3617 2299 3634 2313 .
3689 2257 3781 2312 Ἐν

2131 2334 2213 2394 οἷς
2252 2334 2337 2387 καὶ
2377 2332 2593 2395 Παῦλός
2622 2354 2705 2396 τις
2732 2334 2976 2409 μοναχὸς
3000 2334 3144 2388 οὕτω
3165 2331 3508 2407 καλούμενος
3535 2333 3779 2410 ἄριστος,

2129 2413 2188 2475 ὃς
2222 2411 2276 2468 ἐν
2307 2414 2468 2469 παντὶ
2492 2418 2576 2491 ,τῷ
2616 2415 2800 2489 χρόνῳ
2825 2414 2988 2469 αὑτοῦ
3032 2415 3233 2486 ταύτην
3282 2415 3426 2491 εἶχεν
3460 2417 3559 2485 τήν
3609 2417 3783 2475 πολι-

2127 2491 2269 2547 τείαν
2296 2536 2309 2569 ,
2345 2492 2459 2569 Ούκ
2486 2490 2648 2568 ἔργου
2678 2494 2851 2567 ἣψατό
2881 2514 3033 2563 ποτε,
3079 2493 3141 2548 06
3185 2490 3560 2569 πραγματείας
3604 2498 3779 2560 τινὸς,

2127 2572 2227 2628 οὐκ
2275 2568 2468 2628 ἔλαϐόν
2518 2593 2570 2628 τι
2619 2578 2767 2648 παρά
2810 2595 2959 2639 τινος
3004 2576 3270 2650 παρεκτὸς
3308 2568 3393 2631 ίοὺ
3438 2570 3672 2649 ἔμελλεν
3721 2580 3777 2634 ἐν

2127 2651 2263 2727 αὐτῇ
2286 2658 2354 2727 τῇ
2386 2654 2570 2728 ἡμέρᾳ
2599 2653 2790 2709 έσθίειν
2819 2696 2834 2710 .
2864 2656 3065 2731 Ἔργον
3097 2654 3155 2710 δὲ
3183 2655 3333 2728 αὐτῷ
3361 2663 3461 2726 τῆς
3490 2658 3779 2727 ἀσαήσεως

2125 2734 2363 2813 γέγονεν,
2392 2736 2456 2789 τὸ
2494 2730 2859 2798 ἀδιαλείπτως
2906 2736 3302 2811 προσεύχεσθαι
3334 2778 3347 2792 .
3398 2737 3566 2799 Οὗτος
3610 2758 3775 2794 τετυ-

2123 2815 2383 2888 πωμένας
2414 2815 2559 2890 εἶχεν
2608 2816 2702 2877 τὰς
2743 2815 2911 2889 εὐχὰς
2956 2816 3295 2891 τριακοσίας,
3344 2815 3599 2879 τοσαύτας
3650 2820 3779 2892 ψή-

2122 2918 2256 2976 φους
2291 2896 2561 2971 συνάγων,
2593 2896 2682 2950 καὶ
2714 2896 2767 2952 έν
2798 2901 2878 2968 τῷ
2909 2896 3103 2971 κόλπῳ
3131 2897 3405 2973 κατέχων,
3435 2898 3522 2952 καὶ
3565 2898 3779 2972 ῥίπτων

2121 2981 2243 3036 καθ’
2274 2980 2502 3050 ἑκάστην
2538 2980 2710 3054 εὐχὴν
2745 2977 2804 3034 ἐκ
2831 2984 2929 3034 τοῦ
2977 2979 3191 3058 κόλπου
3225 2983 3405 3058 ψῆφον
3461 2980 3586 3053 μίαν
3626 3024 3640 3038 .
3672 2982 3788 3039 Οὗ-

2124 3082 2219 3123 τος
2261 3061 2289 3115 6
2320 3058 2497 3121 ἔνθεος
2543 3059 2827 3134 ἄνθρωπος
2877 3054 3212 3135 παραϐαλὼν
3261 3054 3551 3137 συντυχίας
3600 3059 3783 3119 ἕνεκεν

2050 3138 2094 3205 C
2130 3142 2219 3197 καὶ
2252 3140 2518 3218 ὠφελείας
2548 3148 2922 3214 πνευματικῆς
2964 3146 3043 3213 τῷ
3084 3142 3227 3216 ἀγίῳ
3277 3144 3543 3217 Μακαρίῳ
3573 3149 3655 3215 τῷ
3686 3143 3780 3200 λε-

2119 3222 2339 3299 γομένῳ
2368 3221 2664 3294 πολιτικῷ,
2700 3221 2842 3298 λέγει
2876 3222 3054 3294 αὐτῷ·
3089 3218 3242 3278 Αϐϐἆ
3272 3225 3538 3298 Μακάριε,
3585 3220 3780 3281 θλίϐο-

2126 3326 2222 3377 μαι
2253 3304 2460 3377 σφόδρα
2484 3346 2496 3358 .
2534 3304 2860 3379 Ἠνάγκασεν
2894 3300 2984 3358 οῦν
3020 3302 3180 3358 αὐτὸν
3212 3304 3240 3359 6
3271 3308 3367 3359 τοῦ
3386 3308 3628 3378 Χριστοῦ
3647 3303 3780 3362 δοῦ-

2123 3384 2221 3447 λος
2253 3382 2421 3439 εἰπεῖν
2452 3385 2550 3453 τήν
2577 3384 2752 3438 αἰτίαν
2778 3380 2846 3437 δι’
2868 3383 2935 3454 ἢν
2954 3383 3204 3441 λυπεῖται
3232 3405 3245 3418 ·
3280 3386 3308 3440 6
3341 3382 3397 3440 δὲ
3421 3383 3573 3462 λέγει
3595 3386 3777 3461 αὐτῷ·

2720 3479 2955 3529 ΚΕΦΔΛ
2979 3517 2992 3531 .
3037 3476 3131 3529 ΚΔ⁹
3158 3517 3175 3532 .

2257 3555 2379 3629 Πιρί
2414 3552 2682 3628 παρθένου
2723 3553 3044 3618 ἑπτακοσίας
3085 3554 3253 3631 εὐχὰς
3291 3557 3604 3629 ποιησάσης
3639 3604 3655 3617 ,

2195 3645 2279 3699 Ἐν
2332 3645 2496 3718 κώμῃ
2553 3644 2655 3697 τινὶ
2708 3640 2971 3717 παρθένος
3016 3665 3100 3706 τις
3147 3651 3391 3700 κατοικεῖ
3447 3647 3775 3721 τριακοστὸν

2123 3724 2241 3794 ἔτος
2271 3728 2380 3800 ἤδη
2413 3728 2617 3806 ἔχουσα
2646 3731 2955 3805 ἀσκουμένη
2993 3753 3004 3765 ·
3038 3733 3161 3808 περὶ
3192 3737 3257 3801 ἧς
3289 3733 3494 3791 πολλοί
3548 3758 3643 3809 μοι
3697 3736 3782 3793 δι-

2124 3822 2417 3895 ηγήσαντο,
2452 3820 2535 3876 ὅτι
2583 3822 2848 3895 παρεκτὸς
2901 3817 3189 3879 Σαϐϐάτου
3219 3824 3254 3894 ἤ
3289 3829 3561 3900 Κυριακῆς
3609 3824 3779 3883 οὐδέ-

2122 3930 2254 3965 ποτε
2280 3910 2492 3987 γεύεται
2524 3908 2704 3980 ἄλλην
2738 3913 2972 3985 ἡμέραν,
3006 3910 3150 3967 ἀλλᾶ
3189 3914 3281 3969 τὸν
3315 3913 3602 3988 σύμπαντα
3630 3916 3780 3993 χρό-

2120 4021 2207 4056 νον
2267 3999 2501 4055 ἕλκουσα
2555 4001 2648 4062 τάς
2702 3995 3030 4073 ἑϐδομάδας,
3072 4004 3161 4057 καὶ
3222 4002 3293 4059 δι’
3335 4006 3559 4079 ἡμερῶν
3615 4005 3779 4062 πέντε

2121 4088 2390 4157 ἐσθίουσα,
2440 4096 2590 4145 ποιεῖ
2636 4090 2802 4165 εὐχὰς
2852 4090 3174 4154 ἑπτακοσίας
3209 4137 3222 4150 .
3275 4093 3375 4149 Καὶ
3423 4093 3780 4168 ἆπευδόκησα

2119 4179 2230 4254 ἐγὼ
2274 4180 2529 4253 ἐμαυτοῦ,
2584 4183 2748 4236 τοῦτο
2820 4180 3031 4254 μαθὼν,
3099 4182 3187 4236 καὶ
3238 4179 3625 4257 λογισάμενος.
3690 4186 3779 4241 ὅτι

2119 4268 2255 4342 ἀνήρ
2302 4270 2421 4323 κατ’
2468 4268 2677 4339 ἐκείνην
2723 4274 2792 4343 τῇ
2844 4268 3007 4346 ῥώμῃ
3055 4275 3152 4325 τοῦ
3201 4270 3457 4345 σώματος
3497 4271 3778 4350 δημιουρ-

2119 4357 2309 4433 γηθείς
2343 4356 2478 4431 ῦπὶρ
2509 4358 2605 4418 τάς
2655 4359 2967 4432 τριακοσίας
3000 4358 3169 4439 εὐχὰς
3206 4368 3436 4432 ποιῆσαι
3487 4361 3586 4417 ούκ
3633 4361 3779 4433 ἡδυ-

2116 4449 2288 4518 νηθην
2316 4489 2329 4503 .
2365 4446 2746 4522 Ἀποκρίνεται
2778 4447 2925 4518 αύτῷ
2955 4450 2982 4504 6
3017 4448 3175 4527 ἅγιος
3205 4450 3511 4528 Μακάριος,
3546 4450 3725 4527 λέγων
3757 4470 3773 4484 ’

2041 4514 2086 4579 D
2119 4536 2261 4608 Ἐγὼ
2294 4536 2581 4607 ἑξηκοστὸν
2615 4536 2733 4601 ἔτος
2780 4533 2895 4614 ἔχω
2939 4540 3028 4616 ἀφ’
3085 4538 3146 4594 οὗ
3196 4540 3384 4597 ἑκατὸν
3434 4540 3774 4615 τεταγμένας

2119 4624 2281 4688 εύκάς
2318 4631 2461 4681 ποιῶ
2509 4628 2599 4682 καὶ
2647 4629 2714 4682 τά
2763 4628 2900 4702 πρὸς
2954 4630 3160 4708 τροφὴν
3221 4628 3588 4707 ἐργαζόμενος
3646 4637 3771 4696 ταῖς

2116 4714 2328 4796 χερσὶν,
2350 4716 2440 4770 καὶ
2470 4721 2589 4778 τοῖς
2618 4713 2879 4792 ἀδελφοῖς
2917 4718 3016 4785 τήν
3047 4716 3278 4796 ἀφειλήν
3329 4727 3430 4789 τῆς
3471 4721 3776 4796 συντυχίας

2113 4794 2411 4858 ἀποδιδούς
2446 4796 2578 4851 ’καὶ
2630 4797 2693 4852 o6
2742 4797 2914 4872 κρίνει
2966 4818 3032 4871 με
3062 4794 3389 4876 ὁήλογισμὸς
3436 4801 3511 4863 ὡς
3560 4794 3774 4873 ἀμελήο

2112 4906 2307 4943 σαντα.
2350 4885 2410 4942 Εἰ
2461 4883 2517 4941 δὲ
2566 4886 2628 4941 σὺ
2659 4886 2970 4962 τριακοσίας
3018 4888 3183 4965 εύχᾶς
3233 4896 3407 4947 ποιῶν
3456 4893 3615 4968 κρίνῃ
3661 4893 3772 4949 ὑπὸ

2110 4979 2207 5031 τοῦ
2238 4972 2566 5047 συνειδότος,
2600 4973 2772 5047 δῆλος
2794 4978 2841 5033 εί
2860 4979 3110 5053 καθαρῶς
3138 4980 3306 5044 αὑτὰς
3332 4982 3408 5054 μὴ
3435 4981 3743 5058 εὐχόμενος
3750 5027 3771 5054 ,

2110 5066 2145 5136 ἢ
2180 5062 2471 5139 δυνάμενος
2502 5066 2757 5130 πλείονας
2791 5065 3043 5144 εὔχεσθαι
3073 5069 3164 5126 καὶ
3197 5072 3275 5145 μὴ
3309 5071 3617 5150 εὐχόμενος
3644 5116 3659 5131 .

2714 5164 2946 5216 ΚΕΦΔΛ
2971 5203 2985 5216 .
3030 5162 3129 5217 ΚΕ¹
3154 5204 3167 5219 .

2360 5240 2487 5313 Περὶ
2523 5237 2793 5316 Εύλογίου
2832 5240 2922 5296 καὶ
2952 5244 3049 5295 τοῦ
3080 5238 3480 5317 λελωϐημένου
3510 5291 3521 5303 ,

2186 5326 2412 5406 Κρόνιός
2445 5350 2539 5402 μοι
2591 5322 2897 5404 διηγήσατο
2947 5325 3313 5407 πρεσϐύτερος
3371 5338 3474 5402 τῆς
3519 5333 3774 5409 Νιτρίας,

2111 5419 2194 5474 δτι
2242 5420 2504 5493 νεώτερος
2562 5413 2636 5473 ὥν
2666 5418 2728 5474 τὸ
2775 5420 2894 5473 κατ’
2940 5418 3138 5497 ἀρχὰς,
3183 5419 3275 5476 καὶ
3325 5418 3552 5492 ἀκηδίας
3605 5422 3775 5500 χάριν

2110 5506 2290 5587 φυγὼν
2324 5507 2383 5564 έκ
2412 5512 2509 5576 τῆς
2544 5514 2719 5583 μονῆς
2759 5511 2857 5564 τοῦ
2888 5506 3328 5584 ἀρχιμανδρίτου
3379 5531 3485 5585 μου
3537 5509 3774 5586 ἀλώμε-

2108 5619 2198 5663 νος
2227 5595 2429 5683 ἔφθασα
2454 5594 2561 5664 έως
2589 5603 2687 5657 τοῦ
2718 5598 2878 5677 ὅρους
2908 5602 3007 5656 τοῦ
3035 5597 3201 5678 ἁγίου
3228 5599 3546 5677 ’Δντωνίου,
3581 5603 3777 5663 Ἐκαθ-
