4100 6204
415 350 565 412 1071

1992 339 2362 400 PALLADII

3789 340 3948 401 1072

416 500 692 563 angorem
744 488 800 539 et
851 482 1150 538 tristitiam
1194 481 1450 552 fugerem
1500 493 1568 534 ex
1624 474 1976 530 monasterio
2010 474 2121 529 mei
2159 485 2203 545 Α
2241 476 2514 544 praetextu
2548 472 2690 528 bene
2751 471 2996 528 faciendi
3035 489 3127 528 me
3156 475 3444 544 acceperis
3479 475 3536 530 in
3597 479 3764 529 tuum
3827 477 3954 532 hos-

413 573 911 637 archimandritaa,
961 589 1162 627 errans
1210 569 1439 640 perveni
1496 567 1566 621 ad
1619 572 1872 620 montem
1934 563 2119 618 sancti

415 664 677 720 Antonii.
712 663 957 717 Sedebat
985 668 1177 715 autem
1212 661 1416 714 beatus
1447 656 1738 711 Antonius
1761 653 1911 708 inter
1937 653 2120 723 Baby-

414 754 605 810 lonem
640 752 755 822 (ὀο)
793 758 848 805 et
882 752 1214 806 Heracleam
1270 749 1328 802 in
1392 752 1556 801 vasta
1617 743 1949 809 solitudine,
1993 759 2120 812 qua:

424 844 534 899 fert
564 843 631 897 ad
661 857 817 896 mare
850 841 1132 906 Rubrum,
1165 838 1392 894 circiter
1433 834 1672 905 triginta
1703 833 2052 887 milliaribus
2093 847 2124 886 a

403 933 614 988 ﬂuvio.
651 931 790 986 Cum
825 947 958 998 ergo
979 931 1261 984 venissem
1287 928 1358 982 ad
1380 927 1502 995 ejus
1526 923 1942 979 monasterium
1967 921 2122 993 quod

417 1029 501 1078 est
534 1039 710 1093 prope
759 1021 1020 1084 ﬂuvium,
1081 1021 1136 1073 in
1197 1036 1311 1089 quo
1355 1017 1635 1071 sedebant
1665 1015 1791 1083 ejus
1851 1011 2124 1084 discipuli

419 1111 706 1167 Macarius
737 1119 791 1165 et
833 1116 1067 1165 Amatas
1098 1111 1150 1163 in
1176 1126 1240 1164 eo
1273 1108 1370 1178 qui
1393 1107 1590 1174 Pisper
1621 1105 1946 1175 appellatur
1978 1103 2124 1169 loco,

419 1205 515 1271 qui
552 1219 679 1257 eum
715 1202 887 1255 etiam
925 1217 1053 1256 cum
1087 1200 1419 1254 dormiisset
1469 1199 1840 1266 sepelierunt,
1887 1209 2125 1263 exspec-

415 1296 526 1348 tavi
554 1294 811 1362 quinque
843 1294 988 1356 dies,
1025 1299 1086 1344 ut
1116 1289 1482 1344 convenirem
1513 1287 2120 1342 sanetuinAntonium.

421 1387 726 1441 Dicebatur
748 1391 942 1437 autem
979 1383 1251 1437 accedere
1283 1382 1350 1434 ad
1402 1379 1508 1432 hoc
1543 1375 1985 1442 monasterium,
2019 1375 2125 1429 ali-

419 1477 652 1546 quando
683 1476 911 1544 quidem
933 1479 1056 1544 post
1109 1474 1307 1527 decem
1342 1472 1487 1539 dies,
1521 1469 1979 1540 aliquandovero
2006 1473 2126 1537 post

417 1567 639 1636 viginti,
667 1566 977 1636 aliquando
1012 1580 1142 1617 vero
1176 1570 1304 1630 post
1336 1563 1615 1632 quinque,
1652 1564 1821 1630 prout
1849 1557 2125 1628 expedie-

417 1657 516 1710 bat
550 1672 650 1726 pro
685 1655 961 1708 beneficio
1010 1669 1208 1707 eorum
1241 1651 1340 1722 qui
1379 1652 1683 1706 veniebant
1728 1649 1798 1703 ad
1835 1652 2129 1701 monaste-

419 1747 596 1799 rium.
631 1745 1093 1799 Conveneramus
1124 1759 1258 1813 ergo
1291 1741 1499 1795 diversi
1534 1741 1732 1794 fratres
1766 1738 2010 1792 diversis
2057 1737 2127 1790 de

2233 564 2520 635 pitiolum,
2552 575 2605 618 et
2637 569 2869 634 propter
2894 580 2981 618 me
3014 566 3100 618 vis
3133 581 3261 620 esse
3302 565 3518 620 salvus.
3554 565 3838 636 Eulogius
3855 584 3952 620 au-

2232 659 2344 706 tem
2380 669 2479 708 cor
2499 657 2628 721 ejus
2675 653 2944 714 leniebat,
2980 656 3183 712 dicens
3223 671 3235 709 :
3271 654 3372 720 Ne,
3407 655 3663 721 domine,
3701 672 3776 711 ne
3837 658 3950 710 hec

2233 744 2486 810 dixeris;
2521 746 2616 799 sed
2651 745 2812 799 dicas
2844 762 3099 816 quanam
3134 746 3194 801 in
3239 763 3297 801 re
3357 746 3456 800 tibi
3493 747 3698 800 fuerim
3735 749 3956 803 moles-

2233 838 2350 900 tus,
2375 840 2438 900 et.
2461 850 2586 888 eam
2642 834 2952 905 corrigam.
2985 839 3225 891 Mancus
3256 841 3453 890 autem
3503 838 3732 891 dicebat
3785 853 3952 893 arro-

2233 933 2437 996 ganter
2471 927 2630 982 :Non
2667 928 2783 983 fero
2819 929 2922 982 has
2951 930 3408 995 assentationes;
3441 931 3602 984 aufer
3652 946 3743 984 me
3787 931 3952 998 hinc,

2233 1020 2289 1070 et
2322 1017 2535 1086 projice
2568 1017 2624 1072 in
2661 1018 2803 1085 foro,
2838 1034 3035 1074 recuso
3081 1025 3240 1072 tuam
3275 1021 3661 1076 curationem.
3724 1019 3951 1076 Dicebit

2234 1113 2428 1160 autem
2466 1107 2734 1174 Eulogius
2768 1125 2780 1162 :
2820 1107 2976 1180 Rogo
3013 1121 3085 1175 te,
3122 1115 3316 1179 patere
3363 1111 3439 1163 tui
3476 1126 3678 1164 curam
3714 1111 3866 1182 geri,
3900 1118 3952 1166 et

2241 1195 2334 1249 dic
2368 1194 2416 1247 si
2450 1197 2587 1264 qnid
2623 1196 2823 1250 sittibi
2856 1213 3050 1267 grave,
3098 1195 3331 1256 domine
3358 1199 3454 1252 mi.
3510 1199 3813 1253 Mutilatus
3848 1216 3954 1253 au-

2237 1289 2348 1339 tcm
2378 1290 2560 1356 magis
2594 1285 2888 1352 incensus,
2942 1289 2991 1342 ei
3054 1289 3280 1344 dicebat
3315 1289 3477 1343 :Non
3536 1307 3776 1358 possum
3841 1307 3955 1344 am-

2238 1375 2391 1441 plius
2416 1375 2560 1430 ferre
2601 1387 2754 1430 tuam
2785 1376 3094 1432 subdolam
3127 1389 3180 1433 et
3209 1381 3488 1434 ironicam
3521 1380 3950 1436 adulationem.

2237 1463 2360 1518 Non
2395 1467 2580 1535 placet
2613 1467 2751 1520 mihi
2786 1467 2904 1522 haec
2937 1468 3054 1522 vita
3087 1485 3259 1537 parca
3289 1475 3344 1524 et
3376 1469 3634 1535 sordida,
3667 1487 3773 1542 ego
3826 1472 3950 1525 volo

2238 1555 2388 1608 vesci
2423 1557 2717 1611 carnibus.
2755 1558 2986 1612 Patiens
3029 1565 3223 1613 autem
3284 1560 3561 1631 Eulogius
3619 1577 3833 1615 carnes
3884 1561 3948 1616 ad

2237 1659 2368 1698 eum
2399 1646 2620 1699 attulit.
2652 1650 2798 1700 Cum
2831 1663 2926 1701 eas
2949 1654 3140 1701 autem
3167 1649 3739 1719 vidissetimpatiens
3780 1666 3796 1703 :
3829 1649 3948 1704 Non

2237 1735 2380 1788 satis
2410 1740 2496 1788 est
2529 1735 2694 1799 mihi,
2721 1736 2932 1806 inquit,
2968 1744 3160 1792 tecum
3193 1755 3321 1793 esse
3342 1740 3556 1806 solum,
3591 1741 3791 1794 turbas
3827 1743 3950 1795 volo

420 1837 614 1890 causis
647 1850 660 1888 :
700 1838 849 1888 inter
877 1851 1020 1904 quos
1056 1833 1357 1888 fuitetiam
1394 1831 1672 1900 Eulogius
1701 1827 2125 1882 Alexandrinus
2165 1854 2209 1919 Β
2240 1838 2494 1878 cernere.
2524 1824 2591 1878 Et
2641 1831 2834 1879 autem
2886 1828 3028 1880 dicit
3061 1828 3336 1897 Eulogius
3370 1843 3384 1882 :
3441 1829 3554 1895 Ego
3588 1831 3659 1884 ad
3722 1837 3776 1884 te
3828 1830 3950 1900 jam

420 1926 764 1990 monachus,
799 1935 850 1978 et
901 1941 1027 1979 cum
1087 1940 1152 1978 eo
1205 1923 1356 1976 alius
1402 1920 1680 1974 membris
1725 1934 1988 1984 mancus,
2032 1920 2132 1986 qui

421 2018 651 2087 quidem
678 2013 1108 2087 propter_talem
1145 2028 1381 2067 causam
1417 2014 1814 2066 accesserunt.

1041 2137 1271 2195 CAPUT
1304 2139 1506 2194 XXVI.

422 2276 493 2332 De
523 2269 752 2344 Eulogio
803 2270 913 2340 (61)
946 2269 1321 2324 Alexandrino
1371 2272 1423 2320 et
1471 2281 1530 2321 eo
1579 2266 1824 2336 quierat
1876 2262 2134 2318 membris

1163 2355 1403 2395 mancus.

535 2473 634 2528 Hic
731 2468 1006 2535 Eulogius
1093 2468 1202 2521 fuit
1296 2465 1744 2536 disciplinarum
1801 2463 2132 2517 liberalium

423 2561 815 2617 scholasticus
849 2558 1067 2624 (Pasch.
1103 2572 1148 2609 c.
1189 2556 1270 2618 19,
1325 2571 1380 2608 n.
1425 2555 1499 2623 3),
1561 2556 1656 2623 qui
1692 2554 1887 2607 divino
1937 2570 2133 2608 amore

424 2651 741 2716 sauciatus,
778 2653 1010 2717 propter
1042 2645 1393 2699 desiderium
1429 2643 1890 2697 immortalitatis
1922 2659 2135 2697 renun-

422 2741 586 2794 tiavit
616 2737 970 2791 tumultibus
1007 2743 1101 2801 ;et
1153 2750 1284 2788 cum
1332 2749 1532 2788 omnes
1583 2749 1718 2786 suas
1759 2731 2136 2802 dispersisset

425 2828 749 2892 facultates,
784 2825 892 2879 sibi
925 2823 1163 2894 reliquit
1198 2839 1413 2892 paucos
1473 2838 1765 2887 nummos,
1819 2837 1952 2876 cum
2016 2839 2130 2877 non

425 2924 622 2991 posset
653 2915 899 2987 operari.
932 2919 1079 2971 Cum
1114 2931 1253 2985 ergo
1287 2930 1388 2984 per
1422 2931 1482 2969 se
1515 2917 1825 2984 angeretur
1851 2913 2045 2966 animo
2076 2919 2132 2967 et

425 3015 580 3065 esset
611 3008 806 3073 tristis,
843 3010 899 3062 et
932 3020 1119 3078 neque
1153 3003 1322 3060 vellet
1352 3019 1485 3060 cum
1535 3003 1666 3059 aliis
1699 3002 1993 3073 congredi,
2028 3019 2134 3056 ne-

425 3116 534 3171 que
568 3097 810 3153 utsolus
869 3101 1020 3152 esset
1089 3096 1233 3150 satis
1289 3096 1401 3149 sibi
1463 3096 1857 3166 persuaderet,
1916 3092 2134 3148 invenit

425 3190 738 3260 quemdam
774 3203 1042 3242 mancum
1069 3202 1134 3240 ac
1169 3185 1499 3239 mutilatum
1532 3184 1590 3238 in
1625 3184 1746 3239 foro
1781 3184 2125 3253 projectum,

425 3281 522 3351 qui
557 3296 659 3334 nec
692 3295 902 3333 manus
927 3277 1173 3330 habebat
1207 3293 1305 3329 nec
1341 3281 1510 3344 pedes
1546 3291 1558 3329 :
1592 3274 1642 3328 ei
1676 3274 1866 3329 solum
1931 3273 2130 3336 lingua

423 3373 785 3425 remanserat
814 3368 1038 3436 integra
1071 3365 1143 3418 ad
1175 3365 1591 3434 alloquendum
1650 3380 1751 3418 eos
1782 3363 1878 3432 qui
1914 3361 2128 3416 incide-

427 3460 586 3514 bant.
613 3457 888 3525 Eulogius
918 3461 1114 3509 autem
1150 3461 1334 3518 stans,
1369 3469 1501 3506 eum
1536 3452 1661 3507 fixis
1711 3457 1969 3506 intuetur
1998 3468 2134 3506 ocu-

429 3548 524 3614 lis,
558 3552 614 3601 et
644 3545 828 3600 Deum
862 3548 1046 3614 rogat,
1072 3550 1281 3597 etcum
1317 3541 1432 3596 Deo
1455 3541 1561 3595 hoc
1595 3542 1764 3596 modo
1799 3541 2127 3609 paciscitur,

429 3637 630 3690 dicens
663 3650 677 3688 :
712 3633 976 3697 Domine,
1010 3637 1241 3702 propter
1280 3645 1491 3686 nomen
1526 3636 1694 3685 tuum
1729 3630 1946 3699 accipio
1979 3629 2134 3684 hunc

429 3721 787 3789 mutilatum,
821 3725 877 3775 et
910 3737 1044 3776 eum
1077 3736 1167 3774 me
1225 3724 1618 3776 recreaturum
1667 3735 1732 3775 ac
1782 3721 2133 3775 reiecturum

426 3813 680 3886 spondeo
711 3827 891 3882 usque
931 3813 1001 3866 ad
1035 3812 1235 3866 horam
1263 3810 1470 3865 mortis
1509 3811 1655 3880 ejus,
1683 3819 1744 3863 ut
1776 3826 1880 3880 ego
1905 3825 2139 3880 quoque

429 3921 531 3976 per
559 3918 694 3960 eum
727 3901 923 3958 salvus
945 3902 1103 3957 ﬁam.
1131 3901 1361 3972 Largire
1391 3915 1524 3971 ergo
1561 3899 1722 3965 mihi,
1749 3899 1998 3967 Chrite,
2034 3915 2142 3969 pa-

431 3994 718 4061 tientiam,
755 3997 818 4047 ut
847 3992 896 4048 ei
927 3991 1268 4046 inserviam.
1305 3991 1370 4045 Et
1403 3990 1474 4046 ad
1506 4007 1638 4046 eum
1673 3991 1975 4056 accedens,
2001 3989 2141 4043 dicit

431 4083 482 4139 ei
517 4101 529 4138 :
563 4083 662 4138 Vis
693 4097 799 4152 ego
831 4085 887 4137 te
917 4081 1092 4135 domo
1144 4079 1450 4149 accipiam,
1491 4084 1544 4134 et
1575 4085 1631 4135 te
1679 4095 1926 4136 recreem
1961 4095 2025 4134 ac
2053 4095 2140 4133 re-

433 4173 622 4228 ﬁciam
645 4170 672 4223 ?
693 4169 793 4225 Ille
822 4169 1036 4224 eidicit
1070 4185 1084 4222 :
1116 4167 1343 4222 Utinam
1375 4167 1718 4237 dignareris,
1753 4169 1851 4223 sed
1885 4183 1989 4238 ego
2011 4183 2141 4222 sum

435 4260 736 4329 indignus.
762 4256 920 4312 Vado
953 4273 1110 4327 ergo.
1146 4256 1359 4324 inquit,
1392 4260 1448 4311 et
1479 4257 1769 4310 adducam
1802 4256 2054 4317 asinum,
2090 4262 2144 4311 et

435 4355 492 4403 te
523 4348 656 4401 hinc
679 4345 962 4400 auferam.
995 4346 1138 4400 Cum
1175 4359 1382 4414 magno
1418 4348 1613 4399 autem
1644 4344 1858 4414 gaudio
1917 4352 2001 4399 est
2043 4362 2144 4400 as-

436 4452 647 4492 sensus
679 4434 727 4489 is
760 4433 857 4504 qui
903 4437 1024 4488 erat
1082 4431 1403 4492 mutilatas.
1455 4433 1600 4487 Eum
1634 4448 1768 4504 ergo
1822 4434 2058 4489 sustulit
2089 4440 2146 4490 et

437 4524 688 4596 portavit
720 4523 778 4578 in
807 4539 977 4578 suum
1016 4521 1413 4593 hospitiolum,
1445 4524 1686 4594 ejusque
1729 4540 1928 4579 curam
1961 4525 2138 4596 gessit

2245 1914 2533 1967 adducam
2596 1916 3011 1970 monachorum
3075 1918 3528 1974 multitudinem.
3588 1918 3688 1974 ille
3760 1929 3954 1974 autem

2246 2019 2450 2056 rursus
2479 2019 2624 2074 aegre
2658 2006 2867 2069 ferens,
2919 2005 3102 2062 dicit:
3155 2006 3248 2061 Vae
3302 2009 3440 2062 mihi
3479 2009 3693 2064 misero
3729 2025 3745 2064 :
3789 2018 3953 2064 tuum

2244 2100 2540 2158 aspectum
2569 2096 2713 2148 ferre
2747 2113 2858 2150 non
2893 2113 3168 2164 possum;
3204 2103 3260 2152 et
3291 2104 3348 2152 tu
3381 2100 3450 2152 ad
3486 2117 3579 2154 me
3606 2101 3850 2154 adducis
3875 2101 3953 2154 tui

2244 2183 2482 2249 similes,
2519 2185 2616 2253 qui
2648 2202 2778 2240 cum
2813 2189 2932 2242 sint
2962 2189 3155 2253 Otiosi,
3188 2190 3522 2244 comedunt.
3580 2189 3650 2244 Et
3682 2191 3956 2246 insolenti

2243 2294 2382 2334 voce
2414 2283 2665 2349 seipsum
2731 2280 2984 2348 lanians,
3017 2281 3462 2347 vociferahatur,
3503 2282 3707 2336 dicens
3739 2296 3752 2335 :
3788 2282 3950 2348 Nolo,

2245 2370 2414 2433 nolo;
2448 2370 2505 2423 in
2544 2375 2728 2424 torum
2763 2371 2969 2424 deduci
3005 2371 3151 2425 volo.
3188 2372 3232 2424 Ο
3269 2370 3578 2425 violentia!
3613 2373 3794 2440 abjica
3859 2388 3953 2428 me

2251 2459 2347 2512 ubi
2375 2459 2660 2514 invenisti.
2698 2459 2834 2514 Dico
2883 2462 3034 2529 quod
3063 2461 3111 2514 si
3147 2461 3451 2514 habuisset
3484 2477 3715 2528 manus,
3748 2463 3806 2515 in
3822 2462 3954 2516 ani-

2245 2565 2404 2602 mum
2435 2550 2759 2604 induxisset
2792 2553 2874 2603 vel
2911 2567 2974 2603 se
2995 2553 3301 2618 sutl'ucare,
3326 2551 3408 2605 vel
3471 2552 3581 2605 sibi
3631 2567 3770 2606 ense
3827 2568 3958 2608 ma-

2252 2656 2362 2693 nus
2395 2638 2627 2693 inferre.
2662 2639 2804 2693 Cum
2839 2640 3065 2695 damon
3099 2641 3185 2694 sic
3217 2656 3349 2694 eum
3389 2640 3704 2706 etferasset,
3754 2648 3962 2710 postea

2253 2745 2315 2783 se
2340 2732 2560 2784 confert
2588 2731 2864 2800 Eulogius
2887 2732 2954 2785 ad
2982 2731 3340 2802 propinquos
3365 2731 3694 2799 monachos,
3730 2737 3790 2787 et
3819 2733 3965 2788 dicit

2249 2821 2380 2876 eis:
2424 2821 2568 2884 Quid
2615 2822 2858 2876 faciam?
2917 2824 2984 2876 ad
3047 2823 3494 2891 desperationem
3556 2837 3642 2876 me
3701 2823 3961 2878 deduxit

2249 2911 2572 2965 mutilatas.
2600 2911 2808 2966 Dicunt
2840 2912 2930 2967 ei:
2966 2913 3354 2977 Quamobrem
3377 2912 3516 2966 ?Ille
3545 2917 3743 2967 autem
3781 2927 3798 2966 :
3839 2912 3957 2977 Me,

2245 3001 2460 3071 inquit,
2493 3003 2742 3072 graviter
2773 3002 2991 3070 afficit;
3047 3018 3150 3058 nec
3183 3004 3302 3058 scio
3343 3004 3473 3074 quid
3517 3003 3744 3058 faciam.
3786 3002 3960 3072 Abji-

2243 3094 2390 3148 ciam
2423 3092 2662 3163 ipsum?
2701 3094 2797 3148 sed
2831 3093 2943 3147 Deo
2975 3092 3105 3148 dedi
3129 3096 3444 3163 dexteram,
3468 3098 3524 3149 et
3554 3094 3751 3149 timeo.
3821 3093 3949 3148 Non

2241 3182 2557 3252 abjiciam?
2587 3183 2685 3237 sed
2723 3199 2810 3238 me
2839 3184 2964 3237 dies
2996 3189 3308 3254 noctesque
3342 3184 3492 3238 male
3507 3184 3703 3239 habet.
3733 3182 3955 3238 Nescio

2241 3274 2378 3343 quid
2415 3273 2644 3328 faciam.
2693 3273 2756 3328 Ei
2797 3274 3002 3328 dicunt
3062 3273 3160 3330 illi’
3201 3273 3465 3329 absolute
3499 3293 3514 3330 ι
3583 3273 3777 3329 Adhuc
3811 3273 3953 3327 vivit

2244 3377 2491 3433 magnus
2524 3361 2620 3418 ille
2651 3363 2758 3432 (sic
2791 3364 2943 3418 enim
2976 3366 3256 3419 vocabant
3286 3370 3552 3419 sanctum
3579 3363 3948 3432 Antonium),

2244 3453 2493 3508 ascende
2517 3455 2586 3508 ad
2611 3453 2823 3523 ipsum,
2847 3455 3187 3509 mutilatum
3211 3456 3520 3526 imponens
3543 3455 3601 3508 in
3629 3453 3946 3525 navigium;

2243 3547 2298 3597 et
2329 3543 2486 3598 defer
2515 3559 2648 3598 eum
2680 3543 2738 3597 in
2769 3545 3204 3611 monasterium,
3237 3550 3292 3599 et
3314 3549 3580 3615 exspecta
3609 3544 3791 3598 donec
3828 3559 3950 3598 ma-

2245 3645 2394 3700 gnus
2427 3631 2647 3688 venerit
2676 3648 2705 3686 e
2737 3633 3037 3704 spelunca,
3062 3638 3119 3688 et
3140 3633 3207 3688 ad
3240 3649 3374 3688 eum
3397 3633 3875 3704 referjudicium,
3900 3637 3956 3686 et

2247 3722 2402 3791 quod
2445 3721 2549 3775 tibi
2602 3721 2832 3790 dixerit,
2877 3727 2970 3778 sta
3027 3722 3188 3778 illius
3238 3722 3555 3777 sententias.
3612 3722 3763 3777 Deus
3796 3724 3953 3777 enim

2250 3810 2353 3864 tibi
2385 3811 2541 3867 dicet
2579 3827 2680 3881 per
2711 3812 2929 3882 ipsum.
2981 3813 3187 3868 Verbis
3225 3828 3431 3867 eorum
3493 3827 3710 3868 morem
3769 3813 3960 3882 gessit

2252 3900 2546 3972 Eulogius,
2581 3905 2635 3955 et
2653 3901 2924 3957 mutilato
2950 3902 3275 3967 blandiens,
3297 3918 3430 3957 cum
3455 3918 3584 3958 eum
3608 3902 3962 3958 immisisset

2253 3989 2310 4045 in
2344 3990 2612 4062 cymbam
2655 3990 3018 4061 pastoralem,
3053 4000 3220 4046 noctu
3273 4007 3543 4064 egressus
3574 3995 3660 4046 est
3690 4007 3757 4046 ex
3791 3992 3960 4058 urbe,

2252 4087 2308 4137 et
2333 4081 2467 4136 tulit
2489 4097 2620 4135 eum
2644 4081 2700 4135 in
2734 4082 3152 4137 monasterium
3187 4083 3609 4153 discipulorum
3626 4082 3826 4152 magni
3850 4085 3968 4136 An-

2255 4171 2418 4227 tonii.
2452 4171 2679 4226 Accidit
2709 4178 2904 4227 autem
2930 4177 2993 4227 ut
3021 4172 3135 4228 alio
3168 4171 3263 4228 die
3289 4172 3508 4228 veniret
3551 4187 3807 4242 magnus
3839 4188 3968 4228 sero

2253 4277 2510 4332 vespere,
2546 4266 2609 4316 ut
2640 4263 2892 4317 narravit
2921 4263 3183 4332 Cronius,
3219 4265 3470 4318 amictus
3502 4262 3805 4334 chlamyde
3838 4262 3968 4333 pel-

2255 4350 2420 4405 licea.
2455 4352 2756 4420 Ingressus
2788 4360 2872 4407 est
2902 4369 3038 4423 ergo
3068 4353 3127 4407 in
3159 4369 3334 4409 suum
3367 4352 3808 4418 monasterium,
3844 4359 3971 4407 erat

2255 4449 2451 4499 autem
2489 4443 2605 4499 haec
2635 4444 2763 4513 ejus
2795 4444 3176 4511 consuetudo,
3234 4448 3299 4499 ut
3329 4443 3727 4515 alloqueretur
3765 4442 3969 4498 Maca-

2256 4534 2426 4600 rium,
2453 4540 2504 4589 et
2526 4549 2656 4587 eum
2689 4533 3068 4606 interrogaret
3100 4550 3112 4588 :
3147 4533 3344 4589 Frater
3389 4533 3618 4602 Macari,
3648 4535 3968 4588 venerunt-

438 4618 499 4671 in
530 4613 807 4670 omnibus
838 4611 1050 4682 quibus
1070 4627 1214 4682 opus
1247 4611 1463 4667 habuit.
1490 4612 1788 4682 Perpetuis
1815 4631 1948 4685 ergo
1967 4617 2139 4686 quin-
2171 4610 2214 4674 D
2250 4639 2320 4678 ne
2351 4621 2463 4677 huc
2501 4621 2729 4692 aliqui?
2788 4621 3198 4695 Respondebat
3245 4621 3534 4679 Macarius
3570 4637 3584 4678 :
3635 4621 3959 4678 Venerunt.

438 4706 623 4762 decim
675 4703 864 4764 annis,
899 4702 947 4758 is
981 4702 1076 4773 qui
1125 4705 1248 4758 erat
1278 4702 1583 4758 mutilatas
1643 4703 1916 4760 benevole
1957 4707 2028 4761 ab
2078 4721 2143 4761 eo

439 4796 750 4852 curabatur
770 4799 1050 4864 tanquam
1086 4795 1264 4864 pater,
1299 4796 1364 4847 ut
1411 4793 1508 4862 qui
1569 4795 1876 4861 lavaretur,
1909 4811 2146 4866 ungere-

439 4895 554 4952 tur,
616 4887 924 4954 foveretur,
967 4887 1022 4939 et
1072 4887 1398 4953 portaretur
1459 4882 1731 4938 manibus
1795 4883 2039 4955 Eulogii,
2090 4891 2146 4942 et

439 4992 616 5048 supra
647 4990 813 5030 suam
848 4973 1186 5044 dignitatem
1221 4973 1454 5043 quidem
1505 4973 1913 5039 custodiretur,
1948 4976 2145 5031 morbo

441 5069 637 5124 autem
671 5062 1071 5120 convenienter
1105 5064 1455 5120 reficeretur.
1490 5064 1629 5118 Post
1669 5063 2002 5134 quindecim
2038 5083 2147 5121 au-

442 5170 553 5216 tem
588 5173 770 5214 annos
812 5156 1019 5211 invasit
1068 5156 1293 5210 daemon
1343 5171 1475 5209 eum
1515 5155 1614 5224 qui
1670 5161 1790 5211 erat
1822 5157 2142 5226 mutilatas,

440 5251 641 5305 volens
675 5245 898 5318 privare
946 5244 1248 5314 Eulogium
1300 5243 1572 5297 mandato
1632 5249 1688 5300 et
1744 5247 2060 5317 proposito,
2093 5253 2149 5303 et

445 5340 777 5395 mutilatum
813 5353 845 5392 a
893 5336 1222 5401 refectione,
1274 5336 1328 5389 et
1377 5333 1475 5386 Dei
1523 5335 1841 5404 gratiarum
1901 5337 2146 5405 actione,

446 5428 901 5496 seditionemque
942 5424 1151 5480 excitat
1187 5423 1243 5479 in
1280 5421 1627 5493 Eulogium;
1666 5422 1981 5496 multisque
2013 5443 2146 5483 eum

445 5515 673 5585 probris
705 5515 875 5586 ccepit
904 5513 1148 5583 insequi,
1193 5513 1334 5567 adeo
1370 5515 1433 5566 ut
1481 5527 1615 5566 eum
1647 5511 1821 5568 etiam
1856 5520 2150 5586 appeteret

447 5603 797 5673 maledictis,
829 5603 1027 5660 dicens
1075 5602 1345 5672 deinceps
1383 5617 1396 5655 :
1429 5601 1532 5656 Abi
1565 5600 1719 5669 hinc,
1755 5603 2030 5660 scelerate
2061 5606 2149 5661 fu-

449 5692 780 5767 gitivet6‘2).
823 5692 1148 5748 Sult‘uratus
1199 5707 1259 5745 es
1303 5690 1520 5745 alienas
1552 5690 1850 5761 pecunias,
1883 5698 1939 5747 et
1969 5694 2150 5750 domi-

453 5800 592 5847 num
625 5783 917 5856 spoliasti;
949 5789 1002 5840 et
1050 5796 1178 5838 meo
1219 5785 1492 5852 praetextu
1552 5783 1637 5838 vis
1699 5783 1895 5852 latere,
1930 5788 1993 5841 ut
2048 5788 2148 5858 qui

2259 4711 2489 4768 Dicebat
2520 4715 2712 4765 autem
2749 4726 2996 4782 magnus
3030 4728 3043 4767 :
3076 4713 3300 4767 Suntne
3330 4711 3601 4783 Egyptii,
3625 4725 3698 4766 an
3729 4710 3974 4767 Jeroso-

2257 4801 2525 4875 lymitani
2547 4802 2574 4856 ‘?
2605 4801 3058 4857 Dederatautem
3088 4818 3338 4874 magnus
3368 4801 3421 4857 ei
3453 4802 3712 4873 signum,
3737 4801 3969 4858 dicens:

2257 4893 2402 4947 Cum
2426 4891 2635 4947 videris
2656 4893 2886 4948 venisse
2909 4891 3136 4963 aliquos
3161 4892 3371 4963 quibus
3392 4895 3482 4947 est
3514 4891 3713 4947 minus
3729 4893 3969 4962 negotii,

2257 4982 2349 5036 dic
2382 4982 2648 5036 :Adsunt
2683 4980 2952 5052 .Egyptii.
2985 4980 3226 5044 Quando
3266 4984 3459 5034 autem
3493 4979 3703 5035 videris
3734 4981 3970 5034 venisse

2257 5072 2487 5143 aliquos
2528 5071 2917 5142 religiosiores
2957 5075 3011 5124 et
3041 5069 3215 5140 paulo
3264 5069 3769 5138 consideratiores,
3829 5070 3966 5125 die:

2256 5161 2404 5216 Sunt
2428 5161 2913 5234 Jerosolymitani.
2938 5159 3196 5231 Rogabat
3219 5173 3355 5230 ergo
3385 5175 3631 5230 magnus
3654 5173 3757 5231 pro
3783 5173 3966 5220 more.

2259 5250 2454 5304 dicens
2486 5251 2645 5304 fratri
2683 5247 2924 5304 Macario
2960 5265 2973 5303 :
3003 5248 3153 5303 Sunt
3180 5247 3432 5320 {Egyptii
3457 5249 3685 5312 fratres,
3706 5263 3780 5302 an
3806 5251 3971 5304 Jero-

2259 5340 2585 5412 solymitani
2608 5340 2634 5394 ?
2679 5340 3005 5410 Respondet
3066 5339 3374 5405 Macarius,
3408 5339 3607 5394 dicens
3637 5355 3651 5394 :
3684 5338 3793 5393 Est
3828 5339 3968 5394 mix-

2259 5436 2408 5488 tura.
2445 5431 2686 5496 Quando
2719 5446 2853 5502 ergo
2887 5431 3118 5487 dicebat
3139 5430 3429 5486 Macarius
3464 5447 3479 5485 ;
3515 5429 3664 5485 Sunt
3693 5428 3966 5501 Egyptii,

2261 5521 2488 5576 dicebat
2513 5522 2563 5576 ei
2597 5536 2844 5592 magnus
2878 5536 2891 5576 :
2926 5520 3068 5576 Para
3096 5519 3180 5575 eis
3211 5518 3449 5590 lentem,
3482 5523 3539 5575 et
3597 5520 3666 5573 da
3700 5517 3783 5574 eis
3820 5517 3969 5588 quod

2261 5613 2586 5667 comedent.
2638 5611 2701 5665 Et
2764 5611 3006 5666 faciebat
3063 5610 3146 5665 eis
3217 5625 3397 5664 unam
3483 5608 3834 5667 orationem.
3918 5611 3972 5660 et

2260 5700 2586 5757 dimittebat
2614 5718 2732 5758 eos.
2757 5701 2995 5766 Quando
3009 5703 3202 5754 autem
3235 5699 3495 5755 dicebat;
3523 5697 3978 5766 SuntJerosoly-

2263 5791 2492 5862 mitani,
2525 5793 2762 5853 sedebat
2795 5808 2895 5865 per
2919 5795 3100 5851 totam
3125 5795 3378 5857 noctem,
3411 5797 3468 5847 et
3526 5789 3612 5848 eis
3651 5788 3888 5847 dicebat
3907 5803 3974 5843 ea
