4100 6204
438 364 596 428 1073

1715 371 2092 434 HISTORIA
2143 375 2553 440 LAUSIACA.

3660 353 3664 361 “
3685 375 3840 436 1074

438 499 585 569 έζετο
635 495 692 555 δὲ
748 499 776 554 6
828 500 1094 574 μακάριος
1150 501 1307 566 οὗτος
1365 500 1560 574 μεταξὺ
1621 499 1946 568 Βαϐυλῶνος
1986 507 2072 561 καὶ
2109 510 2161 577 Α
2197 510 2272 580 μή
2309 508 2433 584 λέγε
2461 512 2703 566 τοιαῦτα.
2737 505 2890 564 Ἀλλ’
2926 505 3041 562 εἶπέ
3069 506 3119 562 τί
3153 527 3210 562 σε
3258 504 3528 578 ἐλύπησα,
3559 507 3651 561 καὶ
3692 505 3837 582 διορ-

435 586 759 662 Ἦρακλείας
815 590 891 651 εἰς
947 592 1047 660 τήν
1101 592 1417 666 πανέρημὸν
1471 593 1570 661 τήν
1627 594 1891 672 φέρουσαν
1947 598 2084 652 κατά

434 678 534 747 τὴν
581 679 843 752 Ἐρύθραν
895 677 1165 735 θάλασσαν
1218 681 1293 744 ὡς
1348 682 1454 736 ἀπὸ
1501 683 1793 756 τριάκοντα
1842 684 2084 758 σημείων

435 769 531 821 τοῦ
562 771 834 839 ποταμοῦ.
870 768 1156 834 Ἐλθόντος
1181 767 1272 825 οὖν
1303 770 1470 826 αὐτοῦ
1501 771 1577 834 εἷς
1605 771 1670 827 τὸ
1722 772 2083 849 μοναστῆριον

435 857 497 911 τὸ
528 857 673 932 παρά
701 857 792 912 τὸν
843 858 1119 932 ποταμὸν,
1151 852 1269 914 ἔνθα
1314 859 1366 914 οἱ
1397 862 1592 915 τούτου
1645 864 1883 935 μαθηταὶ
1923 861 2081 918 ἕκαθ-

437 945 621 1016 έζοντο
653 945 729 1011 είς
767 947 829 1002 τὸ
877 945 1171 1023 λεγόμενον
1209 948 1432 1024 Πίσπιρ,
1465 949 1744 1025 Μακάριος
1788 952 1878 1007 καὶ
1910 953 2081 1025 Ἀμά-

434 1056 552 1102 τας,
600 1035 651 1090 οἳ
697 1036 784 1090 καὶ
838 1037 1040 1112 ἔθαψαν
1087 1039 1177 1093 τὸν
1227 1039 1493 1112 μακάριον
1545 1041 1830 1096 ’Λντώνιον
1871 1063 2079 1116 κοιμη-

437 1125 613 1193 θέντα,
664 1123 984 1200 ἐξεδεξάμην
1045 1128 1257 1202 ἡμέρας
1318 1124 1495 1194 πέντε,
1537 1126 1631 1184 ἵνα
1690 1129 1943 1207 συντύχω
1998 1136 2078 1204 τῷ

435 1213 577 1291 ἁγίῳ
627 1215 921 1289 Ἀντωνίῳ.
970 1215 1222 1293 Ἐλέγετο
1274 1214 1329 1274 δὲ
1372 1215 1747 1292 παραϐάλλειν
1799 1221 1960 1276 αὐτὸν
2000 1225 2080 1293 τῷ

438 1307 786 1380 μοναστηρίῳ
828 1307 1030 1379 τούτῳ,
1074 1308 1206 1363 ποτέ
1241 1309 1333 1380 μὲν
1387 1306 1475 1363 διὰ
1523 1307 1670 1375 δέκα,
1704 1311 1835 1365 ποτὲ
1883 1309 1942 1366 δὲ
1991 1308 2080 1366 διὰ

435 1391 624 1462 εἷ’κοσι,
672 1397 806 1452 ποτὲ
864 1394 920 1451 δὲ
971 1394 1060 1451 διὰ
1107 1398 1265 1453 πέντε
1313 1400 1557 1472 ἡμερῶν,
1607 1400 1786 1464 καθὼς
1830 1400 1990 1455 αὐτὸν
2051 1404 2079 1455 ὁ

435 1485 562 1546 Θεὸς
591 1485 722 1560 ἦγεν
757 1484 843 1541 ἐπὶ
890 1487 1166 1562 εὐεργεσίᾳ
1193 1491 1301 1542 τῶν
1351 1491 1882 1564 παρατυγχανόντων
1917 1489 1969 1544 ἐν
2000 1495 2078 1564 τῷ

438 1573 810 1676 μοναστηρίῳ.
845 1576 1108 1656 Διάφοροι
1157 1573 1250 1676 ούν
1301 1578 1651 1652 συνηχθημεν
1691 1575 1917 1656 ἀδελφοὶ
1959 1576 2078 1634 δια-

435 1658 642 1735 φόρους
669 1658 892 1735 ἔχοντες
939 1661 1152 1736 χρείας,
1186 1659 1237 1716 ἐν
1269 1663 1351 1717 οἷς
1382 1663 1472 1716 καὶ
1522 1661 1787 1739 Εύλόγιός
1817 1683 1898 1724 τις
1931 1663 2080 1718 ’Δλεο

435 1742 687 1820 ξανδρεὺς
740 1749 1004 1820 μονάζων,
1039 1749 1129 1805 καὶ
1183 1751 1297 1823 μετ’
1328 1751 1496 1807 αὐτοῦ
1545 1749 1717 1814 ἄλλος
1760 1747 2079 1826 λελωϐημέ·

435 1855 526 1898 νος
561 1853 574 1867 ⁸
609 1830 810 1900 ο⁹ίτινες
834 1840 1188 1914 παρεγένοντο
1221 1837 1291 1894 δι’
1320 1838 1496 1895 αἰτίαν
1527 1837 1762 1898 τοιάνδε.

1033 1932 1282 1984 ΚΕΦΔΛ.
1328 1927 1471 2004 κζ’.

677 2013 806 2089 Περῖ
837 2015 1130 2093 Εὐλογίου,
1159 2019 1247 2073 καὶ
1281 2023 1376 2073 τοῦ
1408 2013 1832 2093 λελωϐημένου.

508 2100 675 2164 Οὗτος
712 2105 741 2157 6
799 2103 1070 2178 Εύλόγιος
1127 2106 1494 2182 σχολαστικὸς
1553 2109 1799 2184 ὑπῆρχεν
1861 2108 1919 2164 ἐκ
1971 2112 2080 2164 τῶν

437 2189 735 2268 έγκυκλίων
783 2191 1192 2268 παιδευμάτων,
1222 2197 1282 2261 ὃς
1329 2196 1493 2272 ἔρωτι
1523 2199 1651 2272 θείῳ
1698 2198 1929 2273 πληγεὶς
1960 2197 2082 2253 ἔπι-

434 2279 602 2354 θυμία
631 2280 924 2348 ἀθανασίας
965 2285 1263 2360 ἀπετάξατο
1305 2291 1413 2343 τῶν
1460 2283 1728 2362 θορύϐων.
1764 2288 1864 2344 Καὶ
1908 2288 2082 2343 πάντα

437 2366 825 2446 διασκορπίσας
853 2376 920 2429 τά
971 2375 1288 2453 ὑπάρχοντα
1334 2374 1619 2434 κατέλιπεν
1653 2378 1830 2450 ἑαυτῷ
1872 2377 2080 2452 βραχέα

435 2463 768 2536 νομίσματα,
821 2463 1133 2540 ἐργάζεσθαι
1184 2469 1260 2540 μή
1312 2464 1630 2540 δυνάμενος.
1682 2465 1952 2538 Ἀκηδιων
1991 2465 2081 2522 οὖν

437 2553 556 2608 καθ’
588 2553 796 2624 ὶαυτὸν,
827 2556 916 2610 καὶ
952 2559 1092 2629 μήτε
1121 2556 1197 2620 είς
1227 2555 1472 2613 συνοδίαν
1519 2558 1854 2635 βουλόμενος
1907 2558 2079 2614 εἰσελ-

440 2644 573 2712 θεῖν,
627 2646 764 2716 μήτε
821 2642 877 2700 δὲ
937 2645 1102 2719 μόνος
1160 2645 1712 2723 πληροφορούμενος,
1762 2649 1908 2723 εὖρέν
1963 2669 2083 2704 τινα

443 2731 544 2786 ἀνά
600 2733 697 2802 τὴν
743 2733 943 2810 ἀγορὰν
990 2733 1317 2812 ἐρριμμένον
1377 2733 1796 2812 λελωϐημένον,
1845 2739 1904 2800 ’ὀς
1961 2736 2084 2794 οὕτε

442 2826 636 2896 χεῖρας
690 2823 857 2898 εἶχεν,
907 2823 1030 2880 οὔτε
1085 2824 1280 2888 πόδας,
1329 2826 1518 2900 Τούτῳ
1579 2826 1718 2901 μόνη
1779 2830 1815 2897 ἡ
1864 2825 2086 2902 γλῶττα

445 2910 693 2987 ὑπῆρχεν
725 2913 1122 2987 ἀκατάτριπτος
1151 2915 1286 2992 πρὸς
1319 2918 1601 2996 συμφορὰν
1649 2921 1756 2972 τῶν
1805 2937 2086 2993 παρατυγ-

446 3001 742 3076 χανόντων.
777 3008 834 3059 '0
866 3001 923 3058 δέ
973 3003 1242 3078 Εύλόγιος
1285 3006 1413 3068 στάς
1461 3003 1749 3076 ἐνατενίζει
1795 3007 1962 3078 αὐτῷ,
1995 3006 2084 3061 καὶ

443 3090 804 3166 προσεύχεται
835 3097 913 3165 τῷ
951 3095 1087 3166 Θεῷ,
1121 3096 1210 3149 καὶ
1253 3095 1455 3150 τίθεται
1489 3092 1755 3167 διαθήκην
1809 3095 1945 3169 μετὰ
1989 3099 2085 3151 τοῦ

443 3184 596 3245 Θεοῦ,
630 3180 819 3251 εἲπὼν,
852 3181 934 3237 6'1:
992 3184 1175 3259 Κύριε,
1200 3182 1285 3240 ἐπὶ
1321 3189 1401 3257 τῷ
1430 3189 1508 3256 σῷ
1539 3183 1763 3257 ὀνόματι
1813 3179 2082 3258 λαμϐάνω

441 3269 630 3326 τοῦτον
678 3273 769 3326 τὸν
819 3268 1232 3346 λελωϐημένον,
1264 3274 1354 3329 καὶ
1405 3271 1719 3328 διαναπαύω
1769 3274 1932 3329 αὐτὸν
1977 3272 2082 3336 ἕως

443 3360 654 3434 ἡμέρας
684 3362 909 3416 θανάτου
960 3362 1150 3431 αὐτοῦ,
1177 3360 1272 3418 τίνα
1317 3364 1471 3437 κὶγὼ
1522 3360 1612 3418 διὰ
1657 3361 1848 3418 τούτον
1901 3365 2082 3418 σωθῶ.

445 3450 680 3524 Χάρισαί
713 3473 806 3525 μοι
834 3451 946 3520 οὖν,
980 3455 1196 3530 Χριστέ,
1229 3455 1330 3523 τὴν
1364 3454 1653 3528 ὑπομονὴν
1684 3459 1785 3523 τῆς
1813 3453 1893 3509 είσ
1921 3453 2082 3508 αὐτὸν

449 3537 760 3615 ὑπηρεσίας.
814 3543 908 3597 Καὶ
968 3541 1286 3617 προσελθὼν
1343 3544 1422 3616 τῷ
1482 3538 1883 3617 λελωϐημένφ,
1937 3541 2086 3618 λέγει

446 3628 594 3704 αὐτῷ
623 3651 634 3664 ⁸
688 3630 898 3704 Θέλεις,
930 3633 958 3688 6
1006 3635 1192 3709 μέγας,
1226 3629 1495 3709 λαμϐάνω
1545 3656 1604 3690 σε
1643 3632 1718 3696 εἰς
1765 3635 1864 3703 τήν
1913 3633 2088 3689 οὶκίαν

446 3719 538 3773 καὶ
567 3719 861 3792 ἀναπαύω;
911 3722 1070 3798 Λέγει
1111 3722 1259 3796 αὐτῷ
1311 3722 1514 3786 ἐκεῖνος
1545 3743 1560 3758 ⁸
1611 3722 1741 3782 Εἴθε
1786 3722 2088 3794 κατηξίοις,

449 3805 577 3864 ἀλλ’
625 3807 729 3884 ἐγὼ
780 3810 993 3884 ἀνάξιός
1043 3812 1179 3886 εἶμι.
1225 3815 1387 3888 Λέγει
1433 3813 1461 3867 6
1512 3811 1776 3886 Εύλόγιος
1807 3829 1822 3844 ⁸
1883 3812 2085 3866 Οὐκοῦν

449 3897 790 3974 ἀπέρχομαι,
823 3901 969 3975 φέρω
1018 3897 1167 3967 ὄνον,
1196 3901 1287 3956 καὶ
1338 3896 1608 3972 λαμϐάνω
1648 3921 1706 3955 σε
1754 3895 1915 3956 ἔνθεν.
1949 3906 2089 3954 Συν-

449 3987 602 4042 έθετο
634 3989 662 4041 6
707 3983 1102 4061 λελωϐημένος
1139 3987 1274 4062 μετά
1321 3985 1543 4057 πολλῆς
1588 3991 1785 4063 χαρᾶς.
1819 3988 2089 4062 Ἐνεγκὼν

451 4075 545 4131 οὖν
575 4074 698 4131 ὄνον
729 4075 954 4144 ἐκεῖνος,
985 4077 1181 4152 ἐπῆρεν
1223 4078 1408 4146 αὐτὸν,
1439 4076 1529 4131 καὶ
1579 4076 1878 4152 ἀπήνεγκεν
1927 4079 2003 4138 είς
2031 4078 2092 4132 τὸ

446 4163 591 4222 *ίδιον
621 4163 869 4239 ξενίδιον.
907 4174 1005 4223 Και
1035 4167 1101 4236 ἧν
1148 4165 1314 4222 αὐτοῦ
1345 4163 1782 4240 ἐπιμελούμενος
1829 4166 1966 4222 κατά
1995 4171 2094 4222 πᾶα

456 4277 550 4311 σαν
577 4256 742 4314 αὐτοῦ
787 4258 1000 4334 χρείαν.
1032 4256 1323 4332 Διαρκέσας
1372 4257 1467 4312 οὖν
1499 4258 1526 4314 6
1580 4251 1975 4331 λελωϐημένος
2005 4255 2092 4312 ἒπὶ

456 4342 548 4418 ἔτη
600 4344 905 4421 δεκαπέντε,
952 4349 1336 4424 ένοσοκομεῖτο
1381 4349 1506 4423 παρ’
1553 4346 1719 4405 αὐτοῦ
1769 4347 1845 4410 ὡς
1891 4349 2093 4423 πατὴρ,

459 4435 825 4518 φιλοφρόνως,
877 4437 1203 4514 λουόμενος,
1250 4438 1634 4519 ἀλειφόμενος,
1669 4436 1721 4494 ἐν
1772 4443 1902 4494 πᾶσι
1951 4439 2098 4513 θερα-

458 4527 781 4601 πευόμενος,
809 4529 899 4585 καὶ
950 4525 1438 4604 διαϐασταζόμενὸς
1483 4534 1600 4591 ταῖς
1641 4529 1798 4604 χερσὶ
1839 4532 1936 4583 τοῦ
1980 4528 2092 4585 E6-

2197 598 2419 671 θοῦμαι.
2452 599 2508 654 '0
2558 597 2613 654 δὲ
2657 598 2786 661 ὅλος
2837 592 3231 667 λελωϐημένος
3282 591 3461 671 ἔλεγεν
3513 590 3784 672 ἐμϐριθῶς
3819 617 3834 630 ⁸

2195 685 2267 741 06
2301 688 2445 743 θέλω
2480 710 2574 744 σου
2604 689 2799 751 ταύτας
2847 689 2941 750 τὰς
2973 685 3264 748 κολακείας
3295 706 3308 719 ⁸
3361 685 3642 761 ἀπένεγκε,
3675 689 3834 761 ῥίψον

2198 797 2265 848 με
2295 773 2349 831 έν
2399 781 2466 850 τῇ
2519 778 2687 854 ἀγορᾷ
2716 779 2861 853 παρά
2908 780 3008 848 τὴν
3062 778 3202 850 ἒμήν
3252 777 3473 850 πρώτην
3520 775 3832 834 ἀνάπαυσιν.

2194 867 2250 918 '0
2281 865 2338 921 δὲ
2372 867 2656 943 Εὐλόγιος·
2692 868 2999 937 Παρακαλῶ
3032 866 3630 942 σε,θεραπεύθητι,εἷ¹τι
3663 865 3832 939 λυπῇ,

2191 961 2312 1030 κῦρι
2363 958 2390 1011 6
2443 957 2626 1030 μέγας.
2671 958 2728 1012 Ὀ
2777 954 2835 1012 δὲ
2882 953 3280 1030 λελωϐημένος
3327 956 3622 1032 ἀγρεαίνων
3675 956 3832 1028 θυμῷ

2192 1047 2329 1120 πρὸς
2361 1046 2521 1100 αὐτὸν
2555 1043 2732 1120 ἔλεγεν
2761 1065 2775 1078 ⁸
2809 1045 2999 1101 Οὐκέτι
3030 1043 3298 1120 ἀνέχομαι
3328 1053 3427 1114 τῆς
3461 1043 3705 1101 ὑπούλου
3738 1065 3832 1098 σου

2191 1135 2279 1200 καὶ
2338 1135 2626 1206 εἷρωνικῆς
2684 1132 2998 1197 κολακείας.
3061 1133 3170 1190 Οὐκ
3228 1135 3526 1208 ἀρέσκομαι
3579 1139 3650 1208 τῇ
3717 1136 3830 1206 ζωῇ

2188 1246 2355 1299 ταυτῃ
2397 1229 2465 1297 τῇ
2522 1224 2953 1300 τεταριχευμένῃ
3013 1224 3102 1277 καὶ
3163 1221 3438 1300 φειδωλῷ.
3499 1225 3647 1299 Ἐγὼ
3703 1224 3834 1297 κρέα

2192 1314 2337 1369 θέλω
2394 1313 2609 1370 ἐσθίειν.
2652 1319 2709 1370 '0
2768 1311 2823 1368 δὲ
2884 1310 3236 1387 μακρόθύμος
3298 1311 3564 1387 Εύλόγιος
3618 1310 3833 1384 ἤνεγκεν

2190 1402 2336 1476 αύτῴ
2366 1403 2516 1476 κρέα.
2550 1401 2698 1458 Ἰδὼν
2736 1402 2793 1458 δὲ
2839 1402 2972 1458 αὐτὰ
3019 1400 3207 1472 πάλιν,
3239 1401 3524 1476 ἀνακράζει
3557 1401 3585 1454 6
3630 1397 3832 1454 δυσπα-

2189 1493 2309 1561 θής⁸
2344 1493 2417 1548 Οὐ
2449 1492 2912 1570 πληροφοροῦμαι
2945 1491 3080 1546 εἶναι
3117 1491 3253 1565 μετά
3282 1495 3377 1544 σοῦ
3412 1485 3832 1565 μόνου,ὅχλους

2190 1580 2334 1636 θέλω
2396 1581 2639 1658 βλέπειν.
2693 1583 2853 1658 Λέγει
2912 1583 3060 1654 αὐτῷ
3109 1582 3137 1635 6
3189 1579 3452 1656 Εύλόγιος
3485 1597 3499 1612 ⁸
3555 1581 3698 1655 Ἐγώ
3747 1603 3833 1636 σοι

2191 1669 2336 1749 φέρω
2375 1669 2496 1743 ἄρτι
2546 1671 2756 1738 πλῆθος
2806 1667 3053 1748 ἀδελφῶν
3112 1673 3168 1724 ‘0
3221 1665 3276 1722 δὲ
3319 1666 3484 1722 πάλιν
3533 1666 3833 1723 ἀποδυσπε-

2187 1765 2296 1814 τῶν
2327 1757 2477 1833 λέγει
2511 1780 2523 1792 ·
2556 1760 2692 1815 Οὐαί
2727 1779 2822 1832 μοι
2852 1759 2931 1832 τῷ
2962 1758 3320 1831 ταλαιπώρῳ,
3350 1758 3450 1826 τήν
3484 1759 3582 1827 σήν
3616 1753 3740 1830 ὄψιν
3770 1757 3832 1812 ού

2108 1881 2155 1948 Β
2191 1847 2336 1904 θέλω
2367 1847 2518 1920 ἰδεῖν,
2551 1849 2640 1905 καὶ
2688 1848 2835 1923 ἄγεις
2873 1870 2968 1922 μοι
2995 1847 3123 1908 τοὺς
3171 1848 3402 1921 ὁμοίους
3443 1867 3539 1901 σου
3587 1845 3830 1923 ἀργοφά-

2184 1961 2357 2016 γουςς
2410 1939 2508 1995 Καὶ
2559 1940 2832 2012 σπαράξας
2881 1937 3090 2008 ἑαυτὸν,
3143 1936 3359 2009 ἀτάκτῳ
3408 1937 3566 2010 φωνῇ
3611 1933 3830 2010 ἀνέκρα-

2185 2031 2292 2099 ξεν,
2324 2026 2524 2104 λέγων’
2557 2029 2634 2084 Οὐ
2671 2026 2834 2090 θέλω,
2871 2028 2934 2082 οὐ
2980 2025 3148 2094 θέλω,
3179 2025 3255 2087 είς
3284 2028 3383 2095 τὴν
3431 2024 3627 2102 ἀγορὰν
3663 2023 3827 2084 θέλω,

2188 2119 2263 2178 Ὠ
2295 2119 2428 2195 βίαι
2465 2118 2622 2194 ῥίψον
2677 2139 2744 2191 με
2773 2117 2911 2172 ὅπου
2964 2138 3030 2190 με
3059 2117 3232 2190 εὗρες.
3265 2115 3422 2190 Λέγω
3472 2116 3556 2171 6'1:
3589 2115 3635 2171 εἰ
3684 2115 3830 2190 εἶχεν

2190 2215 2402 2289 χεῖρας,
2437 2208 2498 2263 οὐ
2530 2211 2826 2283 παρῃτεῖτο
2860 2206 2951 2261 καὶ
3000 2205 3210 2282 ἀγχόνῃ
3241 2205 3573 2281 χρήσασθαι,
3604 2206 3639 2275 ἢ
3691 2203 3829 2283 ξίφει

2189 2299 2376 2356 ἑαυτὸν
2455 2297 2815 2377 χειρίσασθαι.
2894 2295 3078 2356 Οὕτως
3155 2295 3317 2350 αὐτὸν
3394 2297 3490 2349 τοῦ
3566 2292 3829 2366 δαίμονος

2190 2388 2637 2465 έξαγριώσαντος,
2701 2387 2836 2461 μετά
2892 2384 3058 2441 ταῦτα
3117 2384 3414 2461 ἀπέρχεται
3474 2384 3503 2439 6
3562 2383 3830 2458 Εὐλόγιος

2191 2480 2327 2554 πρὸς
2357 2478 2482 2540 τοὺς
2511 2477 2570 2533 ἐκ
2615 2474 2873 2548 γειτόνων
2905 2476 3070 2532 αὐτοῦ
3116 2475 3377 2546 ἀσκητάς,
3406 2474 3496 2529 καὶ
3547 2473 3690 2550 λέγει
3733 2473 3828 2528 αύ-

2189 2578 2305 2634 τοῖς
2340 2590 2355 2605 ⁸
2405 2569 2462 2626 Τί
2522 2571 2763 2640 ποιήσω,
2795 2568 2878 2623 6'1:
2933 2567 3008 2630 εἷς
3060 2565 3403 2639 ἀπελπισμὸν
3453 2565 3653 2641 ἤγαγέν
3695 2585 3762 2636 με
3802 2561 3829 2618 6

2193 2656 2588 2732 λελωϐημένος
2614 2658 2772 2720 οὗτος
2801 2678 2816 2728 ;
2847 2657 3115 2731 Λέγουσιν
3147 2656 3296 2727 αύτῷ
3331 2673 3343 2684 ⁸
3378 2654 3482 2716 Διά
3512 2653 3602 2721 τί;
3634 2655 3690 2709 Ὀ
3723 2651 3780 2707 δέ
3814 2670 3827 2683 ⁸

2193 2749 2349 2806 Δεινά
2381 2770 2474 2823 μοι
2523 2744 2840 2816 διατίθεται,
2866 2747 2957 2801 καὶ
2986 2746 3038 2800 τί
3082 2749 3298 2816 ποιήσω
3339 2745 3436 2800 ούκ
3483 2741 3627 2802 οἶδα.
3661 2742 3830 2816 Ῥίψω

2193 2840 2377 2902 αὐτὸν,
2411 2835 2556 2892 ἀλλά
2584 2841 2661 2908 τῷ
2691 2840 2805 2906 Θεῷ
2836 2833 3009 2905 δεξιὰς
3041 2829 3238 2904 ἔδωκα,
3267 2837 3358 2890 καὶ
3407 2828 3704 2914 φοϐοῦμαι.
3738 2833 3827 2900 Μὴ

2194 2929 2336 3004 ῥίψω
2366 2927 2525 2982 αὐτόν
2557 2943 2570 2957 ⁸
2622 2923 2769 2980 ἀλλὰ
2796 2924 2963 2986 κακὰς
3012 2924 3224 3000 ἡμέρας
3260 2946 3358 2998 μοι
3399 2924 3488 2979 καὶ
3518 2922 3710 2984 νύκτας
3740 2917 3830 2975 δί-

2196 3011 2378 3069 δωσιν.
2420 3012 2529 3067 Ούκ
2586 3009 2705 3065 σῖδα
2759 3010 2810 3064 τί
2863 3010 3013 3081 αὐτῷ
3067 3011 3306 3079 ποιήσω.
3366 3008 3624 3084 Λέγουσιν
3689 3005 3834 3078 αὐτῷ

2195 3099 2413 3168 έκεῖνοι,
2445 3101 2520 3164 ὡς
2567 3093 2644 3154 ἔτι
2693 3101 2760 3171 ζῇ
2811 3099 2839 3152 6
2893 3095 3061 3172 μέγας
3113 3097 3280 3170 (οὕτω
3330 3098 3432 3173 γάρ
3478 3095 3708 3151 ἐκάλουν
3740 3096 3832 3149 τὸν

2195 3189 2344 3266 ἅγιον
2377 3189 2714 3260 Ἀντώνιον),
2748 3185 2937 3242 ἄνελθε
2984 3188 3119 3260 πρὸς
3152 3186 3335 3254 αὐτον,
3372 3185 3556 3261 βαλὼν
3600 3185 3692 3240 τὸν
3741 3182 3834 3238 λε-

2195 3275 2528 3353 λωϐημένον
2562 3276 2637 3340 εἷς
2665 3275 2886 3346 πλοῖον,
2918 3276 3004 3330 καὶ
3038 3272 3283 3352 ἀνένεγκε
3312 3275 3472 3330 αὐ·-.ὸν
3512 3273 3587 3336 εἷς
3626 3273 3690 3330 τὸ
3725 3294 3834 3346 μο-

2192 3371 2505 3444 ναστηριον,
2537 3367 2627 3423 καὶ
2675 3363 2879 3436 ἕκδεξαι
2907 3363 3013 3426 ἓως
3063 3365 3125 3420 οὗ
3154 3363 3343 3440 έξελθῃ
3380 3366 3407 3420 6
3443 3365 3606 3441 μέγας
3655 3361 3715 3419 έκ
3741 3367 3837 3418 τοῦ

2197 3458 2495 3529 σπηλαίου,
2541 3457 2634 3512 καὶ
2681 3456 2924 3531 ἀνένεγκε
2971 3453 3118 3527 αύτῴ
3164 3455 3226 3509 τὸ
3269 3460 3442 3527 κρῖμα
3472 3471 3486 3488 ⁸
3533 3453 3623 3509 καὶ
3673 3454 3702 3509 '6
3753 3451 3839 3507 έάν

2196 3569 2282 3604 σοι
2339 3547 2464 3622 εἷ’πῃ
2519 3546 2702 3616 αὐτὸς,
2759 3544 3056 3620 στοίχησον
3113 3543 3279 3598 αὐτοῦ
3326 3546 3395 3616 τῇ
3453 3541 3741 3618 ἐπικρίσει.
3782 3542 3838 3596 ⁸0

2196 3639 2300 3714 γὰρ
2331 3638 2460 3700 Θεός
2510 3657 2594 3690 σοι
2644 3633 2793 3709 λέγει
2845 3631 2917 3688 δι’
2943 3631 3128 3690 αὐτοῦ.
3161 3636 3218 3686 '0
3263 3630 3319 3687 δὲ
3363 3631 3613 3702 εὐπειθὴς
3663 3628 3842 3686 Εὐλό-

2197 3746 2317 3802 γιος
2347 3724 2612 3796 ἠνέσχετο
2644 3723 2844 3792 αὐτῶν,
2875 3723 2964 3777 καὶ
3011 3720 3344 3783 κολακεύσας
3391 3721 3482 3776 τὸν
3514 3715 3840 3792 λελωϐημέ-

2195 3837 2284 3872 νον
2335 3810 2594 3889 έμϐαλὼν
2641 3813 2802 3868 αὐτὸν
2843 3812 2918 3874 εἷς
2970 3814 3171 3888 σκάφος
3223 3810 3569 3886 βουκολικὸν,
3619 3808 3838 3882 ἐξῆλθεν

2196 3913 2296 3975 τῆς
2328 3903 2546 3965 πόλεως
2576 3900 2806 3970 έννυκτὶ,
2837 3900 2926 3955 καὶ
2957 3900 3249 3974 ἀνήνεγκεν
3279 3899 3437 3955 αὐτὸν
3473 3900 3547 3961 είς
3576 3901 3640 3954 τὸ
3673 3918 3842 3971 μονα-

2202 3996 2426 4065 στήριον
2481 3993 2580 4047 τοῦ
2637 3989 2881 4066 μεγάλου
2956 3987 3268 4044 Ἀντωνίου.
3327 3983 3536 4056 Συνέϐη
3614 3983 3671 4041 δὲ
3741 3986 3843 4054 τὴν

2201 4078 2378 4150 ἄλλην
2412 4077 2622 4153 ἡμέραν
2665 4074 2841 4132 ἐλθεῖν
2872 4075 2964 4130 τὸν
3017 4078 3178 4150 μέγαν
3209 4073 3434 4148 ἑσπέρας
3489 4073 3729 4148 βαθείας,
3767 4073 3842 4135 ὡς

2202 4170 2432 4246 Κρόνιος
2467 4166 2790 4244 διηγήσατο,
2821 4162 3311 4246 ἐμπεφιϐλωμένον
3345 4163 3608 4242 χλαμύδα
3634 4163 3844 4240 δερμα-

2201 4262 2372 4331 τίνην.
2433 4259 2764 4333 Ἐρχόμενος
2821 4255 2915 4312 οὖν
2974 4257 3050 4320 εἷς
3108 4257 3170 4312 τὸ
3227 4257 3590 4331 μοναστήριον
3650 4255 3843 4312 έαυτοῦ

2204 4349 2515 4424 εἰσήρχετο.
2551 4347 2651 4402 Καὶ
2683 4345 2883 4417 ταύτην
2916 4346 3034 4424 εἶχε
3068 4347 3169 4415 τὴν
3204 4346 3484 4417 συνήθειαν
3533 4343 3723 4400 καλεῖν
3754 4344 3845 4399 τὸν

2204 4437 2507 4515 Μακάριον,
2561 4436 2651 4491 καὶ
2726 4433 2929 4511 ἔρωτᾷν
2990 4435 3150 4491 αὐτόν
3183 4452 3198 4468 ⁸
3276 4433 3503 4514 ’Δδελφὲ
3577 4435 3841 4509 Μακάριε,

2204 4528 2372 4598 ἦλθόν
2427 4548 2566 4590 τινες
2617 4523 2844 4601 ἀδελφοί
2905 4523 3126 4596 ἐνθάδε;
3178 4523 3530 4600 ’Δπεκρίνατο
3581 4525 3608 4580 6
3657 4526 3844 4582 Μακάο

461 4615 675 4693 λογίου,
727 4619 816 4674 καὶ
850 4618 983 4694 ὑπὲρ
1027 4618 1173 4692 ἀξίαν
1209 4619 1306 4694 μὲν
1355 4617 1560 4674 ἐκείνου
1605 4614 2099 4696 δορυφορούμενος,
2133 4623 2178 4687 D
2211 4639 2327 4696 ριος
2361 4636 2374 4651 ⁸
2409 4616 2633 4675 Ἦλθον.
2668 4615 2767 4670 Καὶ
2799 4616 2827 4670 6
2862 4614 3027 4689 μέγας
3062 4635 3075 4648 ⁸
3119 4615 3410 4692 Αἰγύπτιοί
3455 4614 3586 4671 εἰσιν
3611 4613 3645 4683 ἢ
3677 4616 3847 4689 Ἱερο-

458 4705 828 4779 καταλλήλως
878 4704 936 4763 δὲ
992 4715 1092 4778 τῆς
1149 4708 1310 4764 νόσου
1359 4706 1791 4781 ἀναπαυόμενος.
1843 4708 1993 4762 Μετὰ
2043 4704 2100 4763 δὲ

461 4794 838 4854 πεντεκαίδεκα
866 4793 960 4870 ἔτη
1004 4799 1031 4853 6
1064 4794 1274 4872 δαίμων
1324 4796 1612 4872 ἐνέσκηψεν
1655 4796 1734 4868 τῷ
1767 4791 2096 4870 λελωϐημέ-

458 4909 559 4962 νῳ,
583 4886 753 4944 θέλων
785 4887 929 4963 τάχα
959 4888 1048 4942 καὶ
1077 4888 1168 4942 τὸν
1192 4885 1460 4962 Εύλόγιον
1490 4889 1589 4952 τῆς
1622 4885 1848 4956 ἐντολῆς
1875 4884 1966 4940 καὶ
2003 4892 2102 4956 τῆς

462 4977 767 5050 προθέσεως
815 4983 1091 5053 στερῆσαι,
1124 4976 1214 5032 καὶ
1263 4978 1354 5032 τὸν
1396 4970 1792 5048 λελωϐημένον
1826 4978 1925 5040 τῆς
1971 4975 2103 5029 ἀνα-

463 5064 709 5130 παύσεως
741 5067 832 5122 καὶ
876 5073 977 5137 τῆς
1032 5065 1380 5144 εὐχαριστίας
1430 5066 1652 5143 Κυρίου.
1705 5064 1805 5120 Καὶ
1857 5065 2102 5120 ἀποστα-

466 5158 636 5228 σιάζει
683 5158 838 5220 οὗτος
888 5157 1023 5233 πρὸς
1066 5159 1157 5214 τὸν
1210 5157 1504 5233 Εύλόγιον,
1535 5157 1625 5212 καὶ
1672 5154 1876 5229 ἤρξατο
1927 5152 2107 5230 λέγειν

464 5249 580 5303 κατ’
610 5245 775 5303 αὐτοῦ
827 5244 1106 5326 δύσφημα,
1140 5248 1216 5314 ὡς
1258 5249 1347 5304 καὶ
1379 5244 1688 5321 λοιδορίαις
1739 5244 1934 5300 λοιπὸν
1971 5242 2108 5301 πλύ-

465 5357 574 5392 νειν
605 5339 698 5392 τὸν
745 5334 932 5411 ἄνδρα,
978 5337 1248 5412 ἐπιλέγων
1288 5337 1436 5408 αὐτῷ
1471 5355 1484 5369 ·
1540 5335 1748 5412 Σχάτα,
1799 5332 2107 5410 γλούττων,

467 5428 757 5504 φυγοκύρι,
816 5425 1084 5504 ἀλλότρια
1159 5429 1425 5504 χρήματα
1477 5419 1728 5497 ἔκλεψας.
1793 5423 1890 5478 Καὶ
1968 5424 2112 5498 τάχα

470 5513 668 5580 δοῦλος
712 5513 974 5591 ὑπάρχων
1021 5516 1113 5571 τὸν
1145 5514 1286 5571 ἴδιον
1339 5511 1606 5584 δεσπότην
1657 5509 1924 5583 ἐσύλησας
1955 5529 1970 5545 ⁸
2019 5512 2109 5567 καὶ

472 5608 541 5680 τῇ
600 5606 707 5680 ἐμῇ
753 5605 1016 5684 προφάσει
1069 5601 1257 5680 βούλει
1321 5603 1530 5672 λαθεῖν,
1579 5602 1657 5663 ὡς
1706 5599 1794 5656 ἐπὶ
1844 5602 2111 5679 προφάσει

476 5692 632 5766 δῆθεν
663 5695 907 5758 εὐποιίας
937 5695 1012 5760 εἷς
1043 5694 1108 5750 τὸ
1155 5691 1380 5766 ξενίδιόν
1416 5713 1515 5748 σου
1565 5690 1751 5747 λαοών
1786 5713 1874 5766 με,
1904 5693 1995 5748 καὶ
2045 5690 2116 5749 δι’

476 5786 613 5859 ἐμοῦ
647 5785 839 5861 βούλει
869 5787 1132 5858 σωθῆναι.
1156 5787 1213 5841 Ὀ
1237 5782 1293 5840 δὲ
1325 5782 1594 5861 Εὐλόγιος
1613 5781 1907 5861 παρεκάλει
1931 5781 2115 5860 αὐτὸν,

477 5874 790 5953 θεραπεύων
836 5874 1000 5932 αὐτοῦ
1054 5877 1154 5948 τήν
1209 5872 1458 5952 καρδίαν,
1507 5872 1686 5954 λέγων
1715 5889 1730 5909 ⁸
1781 5875 1900 5945 Μὴ,
1945 5873 2121 5953 κύριε,

2210 4706 2524 4782 σολυμῖται.
2560 4703 2845 4762 Ἐδεδώκει
2895 4702 2952 4760 δὲ
2991 4704 3137 4776 αύτῷ
3182 4708 3408 4777 σημεῖον
3457 4705 3484 4758 6
3537 4705 3729 4777 μέγας,
3758 4702 3850 4758 λέ-

2209 4820 2320 4875 γων
2352 4817 2364 4831 ·
2407 4801 2570 4856 ’Όταν
2621 4793 3162 4873 ἀπραγμονεστέρους
3210 4793 3355 4855 τινὰς
3401 4789 3528 4864 ἴδῃς
3570 4790 3845 4860 ἐλθόντας,

2211 4888 2334 4964 λέγε
2365 4887 2446 4942 6'1:
2499 4883 2799 4963 Αἰγύπτιοί
2849 4883 2981 4940 εἴσιν
3015 4899 3029 4914 ⁸
3083 4882 3206 4938 ὅταν
3241 4880 3298 4937 δέ
3345 4901 3496 4943 τινας
3527 4876 3853 4936 εὐλαϐεστέ-

2215 4999 2341 5054 ρους
2371 4979 2458 5033 καὶ
2506 4975 2897 5052 λογιωνέρους,
2929 4973 3056 5048 λέγε
3102 4972 3185 5029 6'1:
3219 4968 3655 5048 Ἰεροσολυμῖταί
3695 4971 3852 5030 εἰσιν.

2215 5065 2434 5140 Ἠρώτα
2463 5063 2554 5120 οὖν
2603 5065 2739 5120 κατά
2765 5065 2826 5118 16
2875 5063 3064 5124 εἰωθὸς
3096 5062 3123 5117 6
3181 5063 3366 5137 μέγας,
3407 5058 3586 5136 λέγων
3631 5065 3709 5132 τῷ
3758 5079 3857 5132 μα-

2217 5158 2356 5228 θητῇ
2389 5154 2654 5228 Μακαρίῳ
2688 5172 2700 5185 ·
2748 5152 3035 5231 Αἰγύπτιοί
3066 5151 3198 5208 εἰσιν
3247 5153 3297 5207 0':
3337 5148 3586 5224 ἀδελφοὶ,
3619 5149 3654 5218 ἢ
3683 5148 3857 5225 Ἱερο-

2218 5243 2513 5319 σολυμῖταί
2572 5243 2722 5314 είσι;
2780 5244 3142 5319 ’Ἀπεκρίνατο
3221 5244 3248 5299 6
3306 5240 3608 5316 Μακάριος,
3681 5238 3858 5316 λέγων

2221 5333 2385 5406 αὐτῷ,
2419 5331 2502 5388 ὅτι
2553 5332 2746 5408 Μίγμα
2778 5332 2935 5392 εἰσίν.
2965 5335 3127 5389 Ὅταν
3177 5333 3268 5388 οὖν
3299 5333 3446 5387 εἶπεν
3478 5331 3506 5385 6
3556 5328 3858 5406 Μακάριος,

2222 5424 2306 5480 δτι
2339 5423 2630 5501 Αἰγύπτιοί
2676 5423 2832 5492 εἰσιν,
2864 5423 3044 5502 ἔλεγεν
3090 5425 3238 5496 αὖτῷ
3269 5425 3298 5480 6
3349 5421 3518 5501 μέγας
3554 5441 3567 5454 ⁸
3620 5419 3860 5494 Ποίησον

2224 5515 2406 5577 αὐτοῖς
2437 5516 2628 5592 φακὸν,
2659 5515 2750 5572 καὶ
2801 5512 2894 5577 δὸς
2925 5515 3110 5577 αὐτοῖς
3160 5519 3348 5594 φαγεῖν
3381 5533 3394 5547 ·
3425 5513 3517 5570 καὶ
3566 5513 3739 5570 ἐποίει
3780 5513 3869 5570 αὐ-

2223 5609 2338 5668 τοῖς
2370 5603 2540 5679 εὐχὴν
2585 5605 2736 5678 μίαν,
2765 5603 2854 5658 καὶ
2903 5600 3135 5658 ἀπέλυεν
3184 5601 3398 5663 αὐτούς.
3431 5605 3592 5659 Ὅταν
3640 5598 3697 5656 δὲ
3743 5598 3867 5658 ἕλε-

2223 5714 2334 5772 γεν,
2369 5693 2454 5750 6'1:
2501 5691 2957 5770 Ἱεροσολυμῖται,
2991 5691 3267 5764 έκατέζετο
3320 5689 3411 5748 διά
3446 5693 3625 5762 πάσης
3653 5690 3863 5757 νυκτὸς,

2227 5785 2318 5841 καὶ
2348 5781 2534 5842 έλάλει
2564 5785 2745 5846 αὐτοῖς
2775 5782 2842 5839 τά
2883 5785 3234 5859 προσήκοντα
3263 5783 3402 5858 πρὸς
3448 5779 3747 5854 σωτηρίαν.
3778 5779 3867 5836 Ἐν

2229 5873 2408 5950 ἰκείνῃ
2439 5873 2530 5931 οὖν
2573 5876 2644 5948 τῇ
2695 5871 2892 5947 ὶσπέρᾳ
2936 5871 3233 5946 καθεσθεὶς,
3273 5869 3429 5950 φησὶ,
3477 5863 3872 5940 προσκαλεῖται
