4100 6204
287 265 443 326 1075

1799 257 2169 319 PALLADII

3531 257 3689 316 1076

287 395 486 454 πάντας
545 393 572 446 6
636 389 821 466 μέγας,
882 389 970 444 καὶ
1035 386 1266 462 μηδενὸς
1327 387 1470 460 αὐτῷ
1531 389 1816 462 εἰρηκότος
1872 389 1932 443 τὸ
1968 393 2014 457 Α
2053 391 2234 460 μένος,
2266 389 2364 457 τὴν
2405 385 2460 443 δὲ
2504 387 2688 462 ψυχὴν
2741 385 3071 463 ἐρῥωμίνος,
3101 387 3192 442 καὶ
3240 384 3400 447 αὐτὸς
3450 386 3696 461 παραθέ-

290 487 446 537 ποῖον
482 479 656 553 ὄνομα
701 477 815 556 ἔχει
849 480 876 534 6
929 477 1314 556 σγολαστικὸς,
1357 477 1584 550 ἑσπέρας
1629 477 1795 549 οὔσης
1848 479 1940 546 βα-

290 570 435 633 θείας
465 570 626 626 καλεῖ
655 571 842 640 αὐτὸν,
874 567 1074 647 λέγων·
1107 567 1370 643 Εύλόγιε,
1405 566 1658 644 Εύλόγιε,
1687 567 1938 645 Εύλόγιε,

292 662 352 717 ἐκ
379 661 565 736 τρίτου
597 664 758 716 τοῦτο
791 659 1045 733 εἰρηκώς.
1082 662 1138 714 Ὀ
1170 655 1228 713 δὲ
1260 657 1631 737 σχολαστικὸς
1668 657 1941 734 Εύλόγιος

293 751 391 806 οὐκ
439 749 788 823 ἀπεκρίνατο,
837 748 1090 820 οἰόμενος
1141 746 1313 804 ἄλλον
1359 749 1480 803 τινὰ
1530 747 1809 802 καλεῖσθαι
1860 751 1938 818 τῷ

293 840 518 913 ὀνόματι
549 839 748 911 τούτῳ.
785 838 943 912 Λέγει
995 837 1139 908 αύτῷ
1171 837 1230 892 ἐκ
1275 835 1528 910 δευτέρου
1577 835 1742 892 πάλιν
1779 857 1790 868 ·
1842 836 1938 890 Σοὶ

293 929 459 1005 λέγω,
495 928 745 1003 Εύλόγιε,
795 932 874 999 τῷ
921 927 1028 981 ἀπὸ
1079 923 1484 999 Ἀλεξανδρείας
1535 925 1772 983 ἐλθόντι.
1808 925 1939 981 Τότε

294 1017 439 1092 λέγει
491 1015 638 1088 αὐτῷ
687 1019 714 1071 6
763 1014 1024 1090 Εὑλόγιος
1059 1037 1072 1049 ο
1124 1015 1183 1070 Τί
1232 1014 1496 1082 κελεύεις,
1549 1014 1740 1087 δέομαί
1801 1033 1934 1083 σου;

294 1110 447 1181 Λέγει
479 1107 628 1177 αύτῷ
661 1106 688 1158 6
741 1105 903 1180 μέγας
941 1123 954 1137 ο
987 1104 1046 1159 Τί
1096 1104 1263 1174 ἦλθες
1313 1104 1535 1175 ἐνθάδες
1580 1105 1937 1180 Ἀπεκρίνατο

294 1198 321 1251 6
357 1195 643 1269 Εὖλόγιος,
678 1193 854 1269 λέγων
883 1194 1050 1266 αὐτῷ’
1076 1198 1136 1251 '0
1167 1193 1524 1268 ἀποκαλύψας
1557 1215 1639 1249 σοι
1671 1195 1732 1248 τὸ
1763 1193 1940 1266 ὄνομά

297 1306 422 1358 μου,
464 1283 552 1339 καί
603 1286 663 1338 τὸ
709 1284 932 1357 πρᾶγμά
977 1278 1074 1338 ’σοι
1126 1283 1469 1356 ἀποκαλύψει
1529 1281 1598 1338 δι’
1655 1285 1684 1338 ’ὸ
1744 1283 1934 1353 ἦλθον.

296 1376 456 1448 Λέγει
493 1374 650 1444 αὐτῷ
681 1375 708 1427 6
742 1368 895 1447 ἅγιος
926 1373 1210 1435 ’Λντώνιος
1245 1392 1258 1404 ·
1291 1376 1531 1446 ’Έματον
1573 1370 1643 1427 δι’
1673 1374 1702 1429 ’ὁ
1745 1373 1935 1441 ἦλθες.

295 1461 454 1520 Ἀλλ’
487 1463 571 1517 ἐπὶ
623 1465 835 1518 πάντων
877 1467 983 1516 τῶν
1030 1460 1280 1540 ἀδελφῶν
1334 1463 1470 1532 εἰπὲ,
1501 1461 1595 1516 είνα
1641 1463 1730 1517 καὶ
1780 1463 1937 1517 αὐτοὶ

297 1551 618 1607 ἀκούσωσιν.
675 1551 990 1612 Κελευσθεὶς
1041 1551 1131 1605 οῦν
1177 1553 1278 1606 ὑπὸ
1319 1550 1415 1606 τοῦ
1469 1550 1716 1627 μεγάλου
1765 1552 1792 1607 6
1841 1556 1936 1608 τοῦ

297 1645 539 1714 Χριστοῦ
572 1638 770 1702 δοῦλος
804 1639 1090 1715 Εύλόγιος,
1125 1641 1267 1696 εἶπεν
1302 1641 1389 1695 ἐπὶ
1419 1641 1636 1697 πάντων
1672 1661 1684 1676 ’

2054 500 2206 553 μενος
2238 480 2312 541 εἰς
2342 481 2436 534 τὰς
2467 483 2658 557 χεῖρας
2690 482 2788 535 τοῦ
2821 483 2955 533 Θεοῦ
2985 477 3048 533 τὸ
3078 482 3296 548 πνεῦμα
3326 476 3511 532 αὐτοῦ.

2120 563 2563 643 Χρονοτριϐήσας
2595 567 2774 624 τοίνυν
2826 569 2854 622 6
2889 569 3115 643 Κρόνιος
3147 566 3222 628 είς
3265 569 3390 628 τοὺς
3422 569 3548 641 περὶ
3579 574 3703 635 Θη-

2049 655 2209 713 ϐαίδα
2250 659 2452 721 τόπους
2499 658 2770 722 κατῆλθεν
2817 656 2894 718 εἷς
2942 658 3006 712 τὰ
3059 658 3403 732 μοναστήρια
3445 654 3704 725 Ἀλεξαν-

2050 745 2246 821 δρείας.
2297 749 2396 802 Καὶ
2447 741 2638 816 συνέϐη
2689 750 2786 800 τοῦ
2839 747 2933 819 μὶν
2985 746 3252 822 μακαρίου
3314 744 3584 820 Εύλογίου
3629 748 3702 798 τα

2045 840 2445 915 τεσσαρακοστά
2489 837 2876 905 ἐπιτελεῖσθαι,
2925 843 3022 893 τοῦ
3075 836 3130 893 δὲ
3181 832 3580 908 λελωϐημένου
3631 838 3698 890 τὸ

2046 935 2204 1002 σῶμα
2242 930 2308 985 τά
2355 929 2510 1004 τρίτα
2557 931 2700 1004 παρὰ
2747 937 2846 998 τῆς
2894 927 3290 1006 ἀδελφότητος.
3346 927 3703 1001 Μεμαθηκῶς

2047 1017 2137 1074 οῦν
2169 1023 2332 1075 τοῦτο
2374 1019 2400 1074 6
2446 1019 2676 1092 Κρόνιος
2727 1017 2934 1088 ἐξέστη,
2985 1018 3074 1074 καὶ
3125 1013 3310 1074 λαϐὼν
3363 1015 3707 1091 Εὐαγγέλιον

2047 1109 2122 1170 εἷς
2153 1109 2330 1164 πίστιν
2362 1113 2470 1163 τῶν
2504 1108 2808 1163 ἀκουόντων
2838 1107 3069 1164 τέθεικεν
3103 1105 3155 1163 ἒν
3193 1107 3340 1181 μέσῳ
3371 1113 3481 1162 τῶν
3527 1103 3699 1160 ἀδελ-

2048 1197 2287 1273 φῶν,καὶ
2321 1195 2636 1271 διωμόσατο
2667 1197 2851 1262 αὐτοῖς
2875 1200 3303 1277 ἀφηγησάμενος
3323 1198 3420 1265 τὴν
3445 1197 3704 1271 πρόγνω-

2047 1291 2130 1343 σίν
2161 1293 2256 1342 τοῦ
2291 1288 2530 1363 μεγάλου
2563 1289 2852 1344 Ἀντωνίου
2883 1287 3009 1362 περὶ
3059 1288 3255 1350 αὐτῶν,
3288 1287 3376 1341 καὶ
3409 1287 3531 1358 περὲ
3566 1287 3708 1338 πάν-

2044 1401 2152 1436 των
2184 1383 2289 1433 τῶν
2325 1373 2773 1454 συμϐεϐηκρτων,
2808 1378 2892 1433 6'1:
2942 1376 3155 1432 Τούτων
3187 1381 3294 1432 τῶν
3333 1375 3480 1432 ὅλων
3513 1375 3703 1451 λόγων

2045 1469 2100 1542 ὲρ
2113 1490 2315 1542 μηνευς
2346 1468 2507 1529 αὑτὸς
2531 1469 2748 1543 γέγονα,
2769 1471 2866 1522 τοῦ
2893 1465 3162 1540 μακαρίου
3184 1465 3474 1523 Ἀντωνίου
3506 1463 3711 1534 Ἐλλη-

2044 1559 2184 1612 νιστὶ
2220 1559 2294 1630 μὴ
2327 1555 2559 1619 εἰδότος.
2594 1558 2730 1630 Ἐγὼ
2768 1559 2867 1630 γάρ
2901 1556 3222 1626 ἠπιστάμην
3247 1554 3570 1634 ἀμφοτέρων
3602 1553 3706 1616 τὰς

2044 1646 2411 1721 γλώσσας,γαὶ
2440 1647 2743 1720 ὲρμήνευσα
2765 1645 2949 1705 αὐτοῖς
2974 1665 2985 1675 ·
3010 1650 3125 1706 τοῖς
3153 1645 3248 1716 μὲν
3275 1643 3561 1718 μακαρίοις
3581 1644 3707 1697 λοι-

366 1739 562 1791 Τοῦτον
581 1735 672 1788 τὸν
695 1729 918 1804 λελωὸη
931 1732 1090 1805 μένον
1115 1733 1268 1804 εὗρον
1295 1731 1404 1807 ἐγὼ
1425 1732 1474 1786 έν
1499 1737 1567 1804 τῇ
1592 1732 1760 1808 ἀγορᾷ
1790 1731 1933 1807 ἐῤῥι-
1966 1771 2012 1836 Β
2044 1736 2144 1790 πὸν
2176 1733 2264 1790 διὰ
2284 1738 2384 1805 τὴν
2405 1740 2502 1790 τοῦ
2533 1737 2768 1810 Χριστοῦ
2792 1736 2976 1810 χάριν,
3010 1734 3268 1810 Εὐλογίῳ
3296 1741 3384 1788 καί
3413 1738 3494 1803 τῷ
3532 1732 3707 1788 λελω-

302 1825 505 1901 μμένον
536 1825 626 1879 καὶ
654 1823 1050 1896 ἀμελούμενον.
1087 1821 1426 1892 Κατελεήσας
1458 1820 1515 1876 δὲ
1544 1822 1703 1877 αὐτὸν
1735 1824 1824 1877 καὶ
1856 1827 1935 1895 τῷ

299 1923 416 1990 Θεῷ
468 1916 900 1991 προσευξάμενος
932 1911 1157 1983 δοθῆναί
1209 1934 1300 1983 μοι
1333 1913 1496 1990 χάριν
1544 1913 1827 1985 ὑπομονῆς
1863 1913 1938 1973 εἰς

298 2009 482 2076 αὐτὸν,
529 2001 795 2061 ἀνέλαϐον
847 2004 1006 2058 αὐτόν
1045 2023 1057 2036 ·
1105 2000 1384 2057 έδεδώκειν
1434 2000 1490 2057 δὲ
1537 2004 1626 2058 καὶ
1657 2002 1832 2078 γεξιάς
1862 2007 1942 2073 τῷ

309 2101 548 2172 Χριστῷ,
577 2094 668 2150 ἵνα
697 2094 855 2150 αὑτὸν
884 2095 1273 2164 νοσοκομῆσω,
1307 2091 1457 2154 ὅπως
1497 2092 1651 2168 κάγὼ
1683 2094 1841 2146 σωθῶ
1875 2089 1944 2146 δι’

305 2187 490 2254 αὑτοῦ,
523 2188 612 2241 καὶ
644 2185 804 2247 αὐτὸς
821 2185 1098 2251 ἀναπαυθῆ
1125 2181 1194 2237 δι’
1226 2182 1479 2255 έμοῦ.Ἐξ
1502 2183 1563 2236 οὗ
1595 2179 1650 2236 δέ
1673 2181 1830 2252 ἐσμεν
1858 2181 1943 2236 ἐπὶ

299 2278 360 2332 τὸ
393 2277 523 2332 αὐτὸ
548 2274 640 2346 ἔτη
676 2276 780 2330 εἷ’σί
805 2273 1114 2342 δεκαπέντε,
1141 2272 1322 2346 ὥσπερ
1347 2274 1439 2327 καὶ
1470 2277 1538 2345 τῇ
1569 2277 1637 2347 σῇ
1672 2273 1946 2348 άγιωσύνῃ

301 2366 658 2438 ἀπεκαλύφθη
691 2367 880 2421 πάντα.
907 2363 1066 2422 Ἀλλ’
1095 2365 1197 2419 οὐκ
1221 2361 1342 2418 οἶδα
1370 2365 1423 2417 τί
1457 2360 1632 2417 δεινον
1663 2363 1946 2422 πεπονθὼς

300 2459 426 2530 παρ’
456 2456 590 2527 ἐμοῦ
626 2459 759 2530 μετά
778 2460 1012 2511 τοσαῦτα
1041 2449 1133 2524 ἔτη
1160 2454 1234 2516 είς
1266 2453 1427 2527 ἄκρον
1464 2475 1530 2526 με
1559 2458 1646 2508 νῦν
1667 2457 1943 2531 χειμάζει.

299 2547 673 2617 Ἐνεθυμήθην
707 2546 866 2600 αὐτὸν
897 2545 1071 2618 ῥίψαι,
1105 2545 1275 2599 αὐτοῦ
1315 2544 1510 2598 τούτου
1543 2543 1618 2604 εἷς
1665 2543 1828 2597 τοῦτό
1881 2564 1947 2615 με

299 2636 817 2707 καταναγκάζοντος.
863 2634 1068 2687 Τούτου
1117 2633 1277 2706 χάριν
1320 2631 1491 2700 ἦλθον
1535 2633 1670 2704 πρὸς
1702 2633 1802 2699 τήν
1849 2633 1946 2700 σὴν

299 2716 626 2789 ἁγιωσύνην,
656 2715 750 2771 ’ίνα
785 2737 879 2789 μοι
911 2713 1323 2790 συμϐουλεύσῃς
1355 2715 1407 2770 τί
1441 2715 1649 2793 ὀφείλω
1695 2723 1945 2786 ποιῆσαι,

299 2807 389 2860 καὶ
415 2806 670 2881 κροσεύξῃ
706 2807 827 2879 περὶ
861 2805 1017 2878 ἐμοῦ.
1052 2809 1247 2868 Δεινῶς
1276 2806 1378 2880 γάρ
1411 2809 1662 2879 χειμάζει
1699 2827 1782 2878 με.

375 2896 531 2972 Λέγει
563 2896 708 2968 αὐτῷ
754 2897 782 2949 6
836 2891 1003 2970 μέγας
1047 2897 1361 2964 Ἀντώνιος,
1416 2891 1808 2971 ἐμϐριθεστάτῃ
1856 2898 1945 2950 καὶ

303 2987 546 3060 αὐστηρᾷ
574 2990 641 3059 τῇ
695 2990 846 3064 φωνῇ
883 3006 894 3018 ·
943 2985 1176 3048 Ῥίπτεις
1207 2985 1387 3048 αὐτὸν,
1436 2985 1708 3060 Εύλόγιε;
1758 2983 1887 3039 ἀλλ’
1919 2987 1945 3039 6

300 3076 533 3145 ποιήσας
564 3075 724 3130 αὑτὸν
757 3076 819 3130 ού
848 3075 1022 3150 ῥίπτει
1053 3074 1237 3131 αὑτόν.
1268 3075 1342 3129 Συ
1375 3076 1535 3130 αὐτὸν
1568 3074 1943 3149 ἀπορρίπτεις,

2052 1822 2278 1900 ϐημένῳ
2318 1828 2396 1899 τῷ
2447 1828 2680 1895 σώματι,
2717 1824 3051 1896 Ἑλληνιστὶ,
3094 1826 3238 1899 παρά
3287 1827 3386 1879 τοῦ
3456 1822 3708 1899 μεγάλου

2051 1917 2346 1992 εἰρημένα·
2380 1920 2460 1988 τῷ
2491 1913 2549 1970 δὲ
2592 1914 2841 1992 παναγίῳ
2883 1916 2972 1970 καὶ
3027 1915 3278 1990 μακαρίῳ
3327 1914 3416 1967 καὶ
3477 1912 3712 1987 μεγάλῳ

2054 2007 2350 2077 Ἀντωνίῳ,
2375 2004 2716 2080 Αἰγυπτιστὶ,
2751 2004 2894 2069 παρά
2924 2008 3032 2058 τῶν
3065 2002 3389 2083 ἀμφότέρων
3419 2001 3710 2076 εἰρημένα.

2677 2099 2935 2151 ΚΕΦΑΛ.
2978 2096 3093 2150 ΚΖ’.

2340 2185 2606 2259 Διήγησις
2655 2187 2752 2238 τοῦ
2798 2181 3064 2256 μακαρίου
3098 2183 3419 2238 Ἀντωνίου.

2128 2275 2226 2328 Καὶ
2256 2277 2416 2329 τοῦτο
2449 2272 2505 2328 δὲ
2554 2271 2801 2347 διηγεῖτο
2852 2274 2880 2326 6
2933 2272 3182 2342 Κρόνιος,
3235 2273 3316 2324 ὅτι
3359 2269 3412 2325 ἐν
3557 2272 3714 2325 νυκτὶ

2056 2363 2370 2434 είρηνεύοας
2399 2361 2524 2424 τοὺς
2573 2364 2694 2436 περὶ
2735 2363 2826 2416 τὸν
2877 2361 3139 2434 μακάριον
3188 2359 3452 2437 Εύλόγιον
3507 2361 3716 2415 ἀπέλυ-

2057 2474 2162 2515 σεν,
2189 2449 2430 2526 διηγεῖτο
2464 2454 2602 2524 ἡμῖν
2634 2452 2662 2505 6
2699 2452 2887 2524 μέγας,
2939 2452 3024 2506 6'1:
3078 2451 3352 2504 Ἐνιαυτὸν
3396 2447 3713 2521 ὁλόκληρον

2058 2541 2307 2615 ηὐξάμην
2339 2541 2789 2619 ἀποκαλυφθῆναί
2829 2561 2922 2612 μοι
2971 2540 3063 2594 τὸν
3113 2541 3280 2594 τόπον
3326 2543 3433 2593 τῶν
3486 2536 3714 2594 δικαίων

2055 2632 2282 2686 καὶτῶν
2334 2629 2701 2704 ἁμαρτωλῶν.
2747 2629 2843 2684 Καὶ
2883 2627 3186 2702 ἐθεασάμην
3241 2628 3444 2701 μακρὸν
3483 2629 3715 2704 γίγαντα

2062 2719 2264 2794 μέλανα
2324 2719 2628 2793 ὑψούμενον
2673 2717 2840 2792 μέχρι
2888 2722 2995 2773 τῶν
3046 2717 3310 2797 νεφελῶν,
3359 2718 3453 2780 τάς
3511 2722 3707 2789 χεῖρας

2057 2808 2407 2882 ἐκτεταμένας
2437 2806 2634 2883 ἔχοντα
2665 2809 2740 2868 εἷς
2778 2807 2868 2862 τδν
2900 2807 3145 2882 οὐρανόν.
3199 2807 3296 2860 Καὶ
3337 2807 3399 2875 ἦν
3444 2805 3700 2859 ὑποκάτω

2058 2899 2223 2954 αὐτοῦ
2283 2896 2455 2971 λιμνη
2513 2895 2791 2967 θαλάσσης
2849 2892 3051 2971 ἔχουσα
3107 2898 3322 2971 μέτρυν,
3379 2895 3462 2949 καὶ
3508 2895 3701 2966 ἑώρων

2059 2987 2239 3062 ψυχὰς
2273 2987 2640 3052 ἀνιπταμένας
2679 2986 2752 3048 ὡς
2805 2982 2980 3059 ὄρνεα.
3018 2985 3114 3039 Καὶ
3161 2985 3281 3039 ὅσαι
3335 2985 3427 3057 μὲν
3475 2981 3710 3055 ὑπερὶπ-

2059 3096 2217 3130 ταντο
2250 3075 2416 3130 αὐτοῦ
2447 3079 2552 3128 τῶν
2587 3078 2790 3148 χειρῶν
2820 3075 2908 3128 καὶ
2939 3081 3038 3139 τῆς
3080 3073 3346 3150 κεφαλῆς,
3380 3069 3709 3140 διεσώζοντο

301 3165 497 3241 ἐγείρει
544 3167 571 3220 6
622 3167 749 3227 Θεὸς
797 3165 887 3220 τὸν
939 3165 1153 3220 καλλίω
1199 3187 1316 3233 σου,
1364 3165 1453 3219 καὶ
1505 3165 1714 3240 συνάγει
1758 3164 1939 3220 αὐτόν.
1977 3143 2018 3206 C
2062 3166 2165 3219 ὑπὺ
2201 3164 2470 3240 ἀγγέλων.
2511 3167 2670 3218 Ὅσαι
2703 3162 2758 3217 δὲ
2789 3162 2935 3237 παρά
2964 3168 3072 3216 τῶν
3102 3169 3306 3241 χειρῶν
3339 3164 3506 3217 αὐτοῦ
3555 3161 3708 3215 ἒκοσ-

301 3256 401 3310 Καὶ
433 3255 787 3332 ἀφησυχάσας
821 3257 849 3309 6
883 3256 1149 3327 Εύλόγιος
1201 3254 1527 3323 κατέπτηξεν
1559 3259 1726 3308 ταῦτα
1777 3255 1937 3308 ἀκού-

301 3366 415 3406 σας.
454 3345 790 3417 Καταλείψας
826 3341 880 3397 δε
911 3345 1002 3398 τὸν
1053 3341 1318 3417 Εύλόγιον
1354 3344 1380 3396 ὁ
1430 3343 1596 3418 μέγας
1630 3343 1940 3410 Ἀντώνιος,

301 3436 526 3511 ἄρχεται
557 3438 625 3507 τῇ
676 3431 902 3507 γλώσσῃ
939 3433 1217 3504 μαστίζειν
1265 3433 1359 3487 τὸν
1412 3426 1819 3503 λελωϐημένον,
1850 3431 1939 3486 καὶ

299 3518 539 3591 ἁποϐοᾷν
571 3522 704 3592 πρὸς
757 3521 915 3575 αὐτόν
953 3541 964 3553 ³
1018 3516 1406 3592 Λελωϐημένε,
1440 3519 1828 3593 πεπηλωμένε,
1859 3522 1942 3575 ἀν-

301 3612 412 3680 άξιε
441 3611 531 3664 καὶ
561 3617 661 3678 τῆς
687 3617 787 3685 γῆς
819 3610 909 3664 καὶ
938 3615 1035 3666 τοῦ
1069 3610 1319 3685 ούρανοῦ,
1353 3611 1417 3664 ού
1448 3610 1593 3684 παύῃ
1628 3613 1941 3685 θεομαχῶν,

300 3700 644 3774 παροργίζων
696 3700 785 3753 τὸν
833 3698 1109 3780 ἀδελφόν;
1169 3701 1268 3755 οὐκ
1315 3698 1467 3762 οἶδας
1518 3701 1600 3756 ὅτι
1651 3702 1678 3755 ὁ
1718 3701 1943 3775 Χριστός

311 3789 450 3845 ἐστιν
476 3791 503 3844 6
538 3790 819 3864 ὑπηρετῶν
853 3799 937 3846 σοι
965 3818 979 3861 ;
1012 3795 1127 3852 πῶς
1155 3789 1366 3864 τολμᾷς
1397 3792 1531 3845 κατά
1559 3795 1655 3844 τοῦ
1707 3795 1944 3859 Χριστοῦ

310 3884 530 3935 τοιαῦτα
588 3881 948 3958 φθέγγεσθαις
1012 3882 1072 3936 ού
1137 3877 1227 3935 διά
1283 3881 1372 3935 τὸν
1453 3881 1680 3950 Χριστὸν
1759 3881 1942 3935 ἑαυτὸν

310 3968 616 4028 ἐδούλωσεν
650 3971 726 4034 είς
773 3973 872 4039 τήν
914 3973 1009 4040 σὴν
1065 3969 1393 4045 ὑπηρεσίανς
1448 3970 1664 4045 Στύψας
1714 3970 1804 4026 οὖν
1855 3971 1946 4026 καὶ

309 4066 498 4118 τοῦτον
530 4068 648 4125 τοῖς
698 4061 1059 4131 ἐπιπλήκτοις
1102 4061 1287 4134 λόγοις
1339 4060 1528 4136 ἀφίησι
1577 4061 1823 4126 τούτους,
1859 4061 1943 4115 καὶ

219 4147 224 4152 ’
311 4147 620 4224 διαλεχθεὶς
674 4156 789 4211 τοῖς
835 4147 1094 4222 ἀδελφοῖς
1142 4152 1271 4201 πᾶσι
1310 4150 1376 4201 τὰ
1423 4149 1558 4221 πρὸς
1609 4149 1707 4216 τήν
1757 4147 1944 4222 χρείαν

310 4237 541 4309 ἑκάστῳ,
571 4233 1020 4309 ἀπολαμϐάνεται
1071 4236 1235 4289 πάλιν
1269 4236 1362 4289 τὸν
1410 4235 1680 4310 Εύλόγιον
1735 4236 1944 4290 καὶτὸν

311 4322 704 4399 λελωϐημένον
736 4327 763 4379 6
810 4326 966 4398 ἅγιος
1017 4325 1198 4390 οὗτος,
1231 4323 1320 4378 καὶ
1370 4323 1518 4396 λέγει
1567 4323 1749 4385 αὐτοῖς
1785 4341 1799 4354 ·
1857 4327 1946 4394 Μὴ

308 4423 728 4492 περιστραφῆτε,
759 4416 920 4470 τέκνα
971 4413 1308 4486 μηδαμόθεν,
1357 4412 1482 4468 ἀλλ’
1523 4411 1783 4469 ἀπέλθετε
1834 4417 1950 4488 μετ’

310 4506 554 4579 εἰρήνης,
611 4504 700 4558 καὶ
759 4506 835 4575 μὴ
893 4505 1205 4590 χωρισθῆτε
1270 4499 1560 4590 ἀλλήλων,
1620 4499 1946 4574 ἀποθέμενοι
1983 4526 2024 4590 D

308 4598 477 4648 πᾶσαν
529 4592 706 4664 λύπην
748 4594 809 4663 ἣν
860 4594 887 4647 6
939 4589 1146 4664 δαίμων
1201 4591 1326 4665 ὑμῖν
1377 4588 1645 4658 ἐνέϐαλεν,
1677 4591 1764 4646 καὶ
1817 4594 1950 4664 μετά

308 4687 542 4760 καθαρᾶς
575 4687 787 4760 ἀγάπης
835 4682 1208 4758 ὑποστρέψατε
1239 4683 1315 4745 εἰς
1367 4683 1464 4750 τήν
1515 4682 1718 4738 κέλλαν
1764 4683 1838 4745 εἰς
1885 4685 1946 4752 ἢν

307 4776 395 4830 καὶ
423 4772 915 4853 ἐχρονίσατε.Ἧδη
947 4774 1050 4848 γὰρ
1079 4771 1407 4828 ἀποστέλλει
1445 4774 1472 4826 6
1505 4774 1636 4833 Θεὸς
1669 4771 1748 4849 ἐφ’
1785 4773 1945 4845 ὑμᾶς.

305 4868 361 4921 Ὀ
420 4868 716 4939 πειρασμὸς
774 4866 875 4942 γὰρ
936 4864 1094 4924 οὗτος
1159 4862 1435 4932 ἐπεσείσθη
1497 4863 1623 4935 ὑμῖν
1687 4861 1792 4916 ἀπὸ
1848 4867 1945 4915 τοῦ

309 4959 544 5024 Σατανᾶ,
595 4953 782 5023 ἐπειδή
836 4952 944 5009 ἴδεν
998 4954 1080 5008 ὅτι
1127 4954 1427 5028 ἀμφότεροι
1478 4953 1614 5026 πρὸς
1671 4952 1733 5008 τὸ
1787 4951 1946 5013 τέλος

306 5043 481 5122 ἔχετε,
537 5043 627 5100 καὶ
687 5044 957 5121 στεφάνων
1012 5043 1243 5117 μέλλετε
1301 5043 1574 5112 ἀξιοῦσθαι
1636 5046 1779 5116 παρά
1849 5044 1945 5096 τοῦ

305 5141 543 5212 Χριστοῦ
575 5153 588 5168 ·
640 5133 729 5189 καὶ
779 5133 940 5196 αύτός
992 5129 1080 5187 διά
1133 5136 1250 5202 σοῦ,
1282 5133 1371 5186 καὶ
1421 5133 1483 5185 σὺ
1535 5129 1600 5185 δι’
1635 5131 1819 5187 αὐτοῦ.
1854 5131 1941 5199 Μὴ

306 5224 395 5281 οῦν
425 5225 566 5282 ἄλλο
596 5247 648 5280 τι
681 5225 1005 5302 φρονήσητε.
1040 5223 1140 5279 Καὶ
1172 5221 1343 5276 ἐλθὼν
1374 5221 1402 5274 6
1435 5219 1666 5294 ἅγγελος
1702 5221 1777 5291 μὴ
1813 5219 1940 5293 εὕρῃ

309 5315 446 5386 ὑμᾶς
474 5314 561 5369 ἐπὶ
590 5315 652 5370 τὸ
684 5312 816 5368 αύτὸ
850 5313 900 5367 ἐν
940 5317 1019 5384 τῷ
1068 5310 1212 5381 αὐτῷ
1240 5310 1418 5381 τόπῳ,
1448 5309 1538 5362 καὶ
1592 5308 1822 5381 μέλλετε
1851 5310 1940 5362 τὸν

307 5404 561 5480 στέφανον
607 5404 930 5478 στερεῖσθαι.
983 5401 1312 5459 Σπεύσαντες
1373 5397 1464 5453 οὖν
1523 5400 1712 5454 θᾶττον
1769 5395 1944 5453 ὥδευ-

306 5511 420 5559 σαν,
451 5491 542 5545 καὶ
573 5489 746 5559 ἦλθον
780 5491 855 5553 εἷς
882 5492 981 5561 τὴν
1015 5487 1218 5544 κέλλαν
1250 5489 1453 5543 ἑαυτῶν
1503 5484 1554 5541 ἐν
1583 5485 1764 5559 τελείᾳ
1813 5487 1941 5561 ἀγά-

303 5601 397 5654 πῃ.
441 5579 538 5634 Καὶ
589 5579 735 5643 ἐντὸς
782 5580 1176 5654 τεσσαράκοντα
1224 5580 1446 5652 ἡμερῶν
1490 5575 1712 5647 τελευτᾷ
1760 5578 1786 5630 6
1840 5597 1941 5650 μα-

301 5669 490 5746 κάριος
540 5665 806 5744 Εὒλόγιος
853 5668 1120 5729 ἀναλύσας
1148 5667 1286 5739 πρὸς
1329 5666 1422 5721 τὸν
1456 5665 1670 5739 Κύριον.
1705 5667 1803 5720 Καὶ
1853 5664 1942 5719 ἐν-

301 5764 394 5827 τὸς
425 5758 611 5818 ἄλλων
642 5765 807 5835 τριῶν
835 5762 1056 5835 ἡμερῶν
1087 5755 1311 5827 τελευτᾷ
1339 5757 1366 5810 6
1397 5757 1457 5811 16
1491 5759 1648 5831 σῶμα
1684 5750 1942 5826 λελωϐη-

2054 3257 2290 3324 σίζοντο,
2324 3254 2603 3308 ἐνέπιπτον
2638 3255 2712 3314 είς
2754 3255 2855 3322 τὴς
2916 3250 3141 3324 λίμνην.
3185 3250 3385 3308 Ἦλθεν
3434 3249 3527 3306 οὗν
3579 3271 3699 3323 μοι,

2053 3346 2206 3424 φησὶ,
2240 3345 2393 3423 φωνὴ
2445 3343 2678 3416 λέγουσα
2710 3361 2722 3375 ·
2777 3342 2986 3403 Ταύτας
3031 3342 3092 3405 ἃς
3140 3341 3358 3417 βλέπεις
3401 3342 3700 3415 ὑπεριπτα-

2057 3433 2216 3507 μένας
2247 3440 2348 3500 τῆς
2377 3436 2474 3486 τοῦ
2503 3433 2754 3505 γίγαντος
2783 3433 3029 3507 κεφαλῆς
3076 3432 3166 3486 καὶ
3194 3435 3301 3485 τῶν
3339 3430 3538 3486 τούτου
3587 3452 3704 3506 χει-

2056 3529 2163 3598 ρῶν
2196 3523 2400 3596 ψυχάς,
2442 3521 2596 3576 αυταί
2627 3522 2760 3575 εῗσιν
2793 3522 2847 3575 αἱ
2879 3523 3052 3600 ψυχαὶ
3082 3522 3188 3576 τῶν
3225 3519 3470 3589 δικαίων,
3504 3519 3704 3582 α’ἷτινες

2056 3614 2318 3680 σώζονται
2354 3610 2454 3664 ὑπὸ
2487 3615 2591 3665 τῶν
2625 3610 2871 3688 ἀγγέλῶν
2911 3611 2984 3673 εἰς
3019 3613 3109 3666 τὸν
3157 3608 3505 3685 παράδεισον.
3538 3612 3604 3666 Αἱ
3645 3599 3728 3664 δὲ’

2053 3700 2427 3774 πλτισσόμεναι
2462 3701 2565 3754 ὑπὸ
2595 3705 2699 3755 τῶν
2748 3705 2846 3756 τοῦ
2890 3700 3123 3774 μέλανος
3167 3705 3370 3776 χειρῶν
3410 3701 3568 3755 αὗται
3624 3699 3705 3760 εἷς

2054 3793 2147 3846 τὸν
2180 3786 2313 3861 ᾅδην
2349 3792 2860 3862 καταποντίζονται,
2893 3791 2946 3845 αἱ
3000 3793 3345 3864 ὑποσνδρεῖσαι
3385 3796 3500 3852 τοῖς
3533 3789 3705 3860 θελή-

2059 3901 2188 3953 μασι
2217 3887 2316 3950 τῆς
2348 3882 2543 3957 σαρκὸς
2571 3881 2660 3936 καὶ
2709 3883 2777 3952 τῇ
2820 3881 3147 3953 μνησικακίᾳ
3180 3879 3702 3950 έξακολουθήσασαι.

2661 3973 2924 4027 ΚΕΦΑΛ.
2961 3975 3092 4030 KH'.

2509 4063 2634 4134 Περί
2672 4059 2891 4116 Παύλου
2921 4063 3016 4114 τοῦ
3047 4059 3245 4115 ἁπλοῦ.

2129 4157 2382 4227 Διτιγεῖτο
2442 4148 2498 4205 δὲ
2556 4153 2582 4206 6
2634 4153 2784 4225 ἅγιος
2827 4155 2924 4205 τοῦ
2980 4154 3214 4225 Χριστοῦ
3265 4148 3461 4211 δοῦλος
3511 4150 3701 4224 Ἰέραξ,

2128 4240 2140 4258 \
2630 4239 2659 4254 ν
2908 4237 2922 4257 \
3007 4236 3031 4257 υ
3396 4239 3408 4259 ι
3632 4243 3656 4252 -

2057 4257 2142 4292 και
2207 4239 2426 4310 Κρόνιος
2484 4238 2541 4292 δὲ
2598 4259 2778 4306 ουτος,
2836 4260 2924 4293 και
3011 4258 3186 4314 ετεροι
3279 4240 3527 4299 πλειονες
3592 4259 3701 4292 των

2057 4324 2329 4404 ἀδελφῶν,
2379 4327 2501 4402 περὶ
2562 4328 2633 4382 ὧν
2698 4327 2889 4401 μέλλω
2961 4330 3160 4401 λέγειν,
3205 4327 3287 4382 ὅτι
3357 4327 3567 4389 Παῦλός
3623 4346 3706 4389 τις

2055 4411 2308 4489 ἄγροικος
2393 4417 2658 4492 γεωργὸς,
2741 4418 2857 4470 καθ’
2947 4412 3256 4490 ὑπερϐολὴν
3331 4415 3530 4476 ἄκακος
3609 4416 3706 4470 καὶ

2057 4504 2264 4564 ἁπλοῦς
2303 4504 2393 4558 τὸν
2445 4505 2665 4578 τρόπον,
2715 4506 3019 4580 ὡραιοτάτῃ
3090 4507 3422 4580 συνεζεύχθη
3489 4504 3706 4580 γυναικὶ

2059 4593 2383 4666 κακοτρόπῳ
2438 4594 2535 4662 τὴν
2587 4595 2813 4669 γνώμην
2866 4610 2880 4625 ⁶
2932 4595 3052 4664 ἥτις
3095 4598 3288 4648 τοῦτον
3364 4591 3702 4648 διελάνθανεν

2060 4683 2445 4757 ἁμαρτάνουσα
2493 4683 2577 4738 ἐπὶ
2643 4687 2906 4756 μήκιστον
2937 4684 3164 4759 χρόνον.
3198 4681 3459 4756 Ἐξελθὼν
3513 4681 3603 4736 οὖν
3651 4681 3706 4752 ἐξ

2057 4769 2228 4845 ἀγροῦ
2269 4770 2534 4851 αἰφνίδιον
2577 4772 2651 4832 εἰς
2671 4773 2762 4826 τὸν
2792 4773 2941 4827 οἶκον
2974 4773 3120 4848 εὗρεν
3153 4771 3347 4833 αὐτοὺς
3370 4770 3711 4848 αἰσχροπρα-

2059 4865 2311 4936 γοῦντας,
2342 4868 2440 4929 τῆς
2472 4862 2728 4931 προνοίας
2769 4861 2846 4925 εἷς
2883 4864 2944 4916 τὸ
2976 4861 3251 4940 συμφέρον
3273 4858 3582 4936 ὁδηγούσης
3612 4861 3706 4914 τὸν

2061 4950 2291 5005 Παῦλον.
2326 4951 2420 5004 Καὶ
2472 4952 2800 5024 θεασάμενος
2849 4950 3048 5022 ταύτην
3099 4952 3232 5022 μετά
3280 4954 3377 5005 τοῦ
3436 4951 3704 5019 συνήθους

2057 5039 2218 5113 αὐτῇ,
2294 5038 2526 5115 γελάσας
2599 5042 2816 5114 σεμνὸν,
2876 5040 3134 5116 ἐπιφωνεῖ
3207 5039 3413 5109 αὐτοῖς,
3501 5037 3703 5115 λέγων,

2058 5126 2275 5196 Καλῶς,
2305 5127 2490 5192 καλῶς
2533 5149 2545 5162 ·
2579 5129 2802 5199 ἀληθῶς
2834 5133 2898 5185 ού
2936 5129 3085 5202 μέλει
3139 5149 3257 5203 μοι.
3308 5131 3399 5185 Μὰ
3445 5129 3534 5184 τὸν
3582 5131 3701 5198 Ἰη-

2055 5223 2202 5280 σοῦν.
2237 5217 2343 5294 ἐγὼ
2383 5217 2549 5287 αύτήν
2603 5218 2780 5274 οὑκέτι
2830 5218 2989 5294 αἶ’ρω.
3048 5221 3275 5294 Ὕπαγε,
3318 5213 3466 5294 ἔχεις
3531 5219 3699 5285 αὐτὴν

2053 5308 2237 5363 καὶτὰ
2275 5307 2463 5364 παιδία
2514 5307 2678 5378 αὐτῆς
2711 5325 2725 5340 ⁶
2786 5306 2892 5385 ἐγὼ
2941 5309 3043 5383 γάρ
3097 5309 3307 5384 ὑπάγω,
3339 5306 3428 5362 καὶ
3476 5308 3703 5382 γίνομαι

2057 5399 2321 5473 μοναχὸς.
2369 5397 2467 5454 Καὶ
2522 5395 2714 5472 μηδενῖ
2766 5395 2937 5472 μηδὲν
2994 5397 3230 5472 εἰρηκὼς
3279 5398 3566 5472 ἀνατρέχει
3605 5397 3705 5458 τάς

2054 5488 2197 5542 ὀκτὼ
2257 5489 2442 5561 μονὰς,
2505 5488 2590 5546 καὶ
2683 5486 2978 5563 ἀπέρχεται
3055 5489 3190 5561 πρὸς
3264 5487 3354 5542 τὸν
3436 5488 3703 5559 μακάριον

2052 5578 2360 5647 Ἀντώνιον,
2390 5578 2479 5633 καὶ
2509 5578 2690 5653 κρούει
2720 5579 2820 5647 τὴν
2850 5577 3033 5652 θύραν.
3060 5575 3322 5647 Ἐξελθὼν
3351 5577 3443 5631 οῦν
3477 5579 3504 5630 6
3531 5577 3707 5649 μακά-

2055 5687 2168 5742 ριος
2201 5669 2490 5730 Ἀντώνιος
2524 5667 2698 5742 ἐρωτᾷ
2728 5666 2889 5723 αὐτόν
2925 5685 2938 5700 ⁸
2961 5669 3022 5722 Τί
3053 5667 3227 5728 θέλεις
3261 5684 3278 5736 ;
3309 5664 3471 5741 Λέγει
3501 5665 3651 5737 αύτῷ
3673 5667 3700 5721 ὁ

2052 5757 2268 5823 Παῦλος
2315 5778 2328 5793 ’
2391 5758 2646 5835 Μοναχὸς
2727 5754 2870 5813 θέλω
2964 5756 3224 5834 γενέσθαι.
3312 5755 3702 5834 ’Δποκρίνεται
