4100 6204
289 319 446 378 1077

1636 323 2008 386 HISTORIA
2049 321 2430 385 LAUSIACA
2443 365 2455 380 .

3640 301 3795 366 1078

284 467 414 523 qua:
445 451 741 523 pertinent
768 453 838 508 ad
871 451 1142 509 salutem.
1184 454 1403 510 Sedens
1440 470 1574 524 ergo
1614 455 1710 512 illo
1751 475 1987 530 vespere
2016 459 2070 526 Α
2101 473 2332 531 quoque
2362 456 2417 509 in
2454 469 2661 508 manus
2704 450 2806 506 Dei
2836 464 3008 505 suum
3040 443 3472 503 commendavit
3501 441 3791 512 spiritum.

283 557 489 597 omnes
521 542 765 598 accersit
813 558 1081 614 magnus.
1132 543 1394 614 Cumque
1423 543 1622 601 nullus
1666 547 1718 601 ei
1745 547 1986 604 dixisset

283 632 438 704 quod
480 649 692 688 nomen
724 632 962 688 haberet
1011 632 1416 700 scholasticus,
1467 651 1601 691 cum
1643 652 1806 693 serus
1836 643 1986 694 esset

280 734 508 790 vesper,
541 725 710 776 vocat
739 737 870 777 eum
895 721 1130 777 dicens:
1157 721 1380 806 Eulogi,
1412 723 1637 796 Eulogi,
1658 723 1863 797 Eulogi
1891 729 1986 794 ;et

282 824 415 864 cum
449 813 539 866 ter
569 810 1010 880 proclamasset,
1043 815 1100 866 et
1139 811 1528 869 scholasticus
1560 812 1837 886 Eulogius
1868 831 1983 871 non

281 899 697 969 respondisset,
730 903 944 972 putans
983 901 1239 971 aliquem
1288 901 1467 957 alium
1511 903 1701 958 vocari
1736 903 1842 958 hoc
1873 920 1984 959 no-

280 986 462 1054 mine,
494 988 636 1044 dicit
655 988 707 1044 ei
739 1005 986 1061 magnus
1011 1007 1024 1045 :
1049 990 1174 1045 Tibi
1207 990 1357 1057 dico,
1389 991 1615 1064 Eulogi,
1649 996 1750 1064 qui
1773 991 1981 1048 venisti

278 1075 350 1132 ab
377 1078 742 1136 Alexandria.
775 1079 936 1136 Tunc
966 1080 1015 1136 ei
1047 1081 1190 1137 dicit
1228 1081 1508 1155 Eulogius
1554 1100 1568 1139 :
1601 1083 1749 1148 Quid
1783 1083 1980 1156 jubes,

277 1181 473 1238 quaeso
499 1166 526 1220 ?
555 1167 703 1224 Dicit
728 1169 778 1224 ei
801 1185 1052 1242 magnus
1076 1185 1088 1222 :
1115 1172 1261 1236 Quid
1294 1172 1404 1226 huc
1436 1173 1686 1229 venisti?
1717 1173 1978 1244 Respon-

276 1255 364 1312 dit
409 1257 460 1311 ei
503 1257 792 1330 Eulogius.
841 1257 1041 1315 dicens
1084 1276 1097 1316 :
1153 1260 1261 1326 Qui
1311 1261 1414 1316 tibi
1459 1262 1730 1318 revelavit
1769 1279 1979 1318 nomen

276 1357 494 1410 meum,
537 1360 655 1400 rem
702 1360 935 1417 quoque
985 1352 1220 1417 propter
1270 1364 1448 1418 quam
1497 1349 1626 1403 veni
1679 1350 1976 1404 revelavit.

274 1431 426 1488 Dicit
455 1433 507 1490 ei
537 1439 770 1489 sanctus
799 1436 1085 1491 Antonius
1120 1452 1133 1492 :
1169 1437 1352 1493 Didici
1385 1454 1564 1508 quare
1594 1438 1801 1493 venisti
1829 1456 1842 1506 ;
1876 1439 1977 1494 sed

275 1521 369 1577 dic
398 1539 593 1580 coram
647 1524 948 1592 fratribus,
983 1529 1043 1581 ut
1092 1525 1204 1597 ipsi
1248 1543 1477 1599 quoque
1524 1528 1786 1583 audiant.
1838 1528 1979 1583 Jus-

277 1626 380 1755 su:
437 1618 633 1670 autem
691 1631 726 1669 a
774 1630 987 1686 magno
1047 1614 1345 1689 Eulogius,
1399 1617 1544 1673 dixit
1585 1633 1796 1695 coram
1846 1633 1979 1674 om-

277 1715 336 1755 ni
383 1718 492 1755 us:

275 1715 452 1757 ωῡιιε
477 1719 492 1759 ἶ

347 1835 517 1892 Hunc
548 1836 884 1893 mutilatum
929 1838 1120 1896 inveni
1172 1856 1277 1913 ego
1327 1841 1388 1897 in
1425 1841 1544 1897 foro
1576 1844 1895 1914 projectum
1928 1846 1986 1899 et
2014 1829 2061 1896 Β

268 1923 563 1996 neglectui
594 1925 881 1983 habitum.
918 1928 1053 2000 Ejus
1085 1935 1278 1986 autem
1312 1931 1608 1999 misertus,
1640 1933 1820 1988 Deum
1854 1949 1984 1989 sum

272 2019 545 2084 precatus
575 2021 641 2070 ut
671 2017 835 2072 daret
864 2018 1006 2073 mihi
1047 2020 1292 2090 gratiam
1324 2021 1381 2075 in
1417 2022 1611 2091 ipsum
1644 2022 1984 2092 tolerantiae,

277 2107 335 2157 et
364 2101 531 2171 illum
563 2106 880 2176 assumpsi.
917 2108 1214 2164 Dexteram
1249 2125 1483 2182 quoque
1505 2111 1636 2166 dedi
1671 2110 1807 2181 Deo,
1830 2113 1983 2184 quod

280 2191 338 2247 in
373 2193 575 2249 morbo
605 2195 735 2265 ejus
783 2212 980 2253 curam
1013 2214 1235 2270 geram,
1283 2204 1344 2256 ut
1386 2209 1441 2256 et
1489 2217 1592 2274 ego
1644 2218 1744 2274 per
1792 2204 1983 2274 ipsum

281 2283 478 2338 salvus
499 2284 655 2350 tiam,
683 2291 740 2340 et
760 2286 884 2358 ipse
907 2305 940 2343 a
973 2305 1064 2345 me
1085 2296 1392 2346 recreetur.
1418 2292 1561 2348 Sunt
1591 2299 1785 2348 autem
1810 2296 1985 2364 quin-

281 2370 466 2429 decim
498 2376 637 2430 anni
667 2392 737 2432 ex
777 2394 890 2449 quo
921 2379 1096 2434 simul
1139 2398 1462 2448 versamur,
1494 2383 1646 2438 sicut
1674 2383 1844 2439 etiam
1873 2388 1985 2440 tute

281 2463 576 2519 sanctitati
607 2465 853 2523 revelata
898 2473 1035 2524 sunt
1064 2471 1278 2526 omnia.
1313 2471 1423 2527 Sed
1477 2473 1672 2527 nescio
1703 2475 1984 2544 quidnam

281 2551 419 2608 mali
451 2570 485 2608 a
516 2570 606 2610 me
639 2572 866 2627 passus,
900 2564 1030 2628 post
1077 2564 1161 2615 tot
1194 2576 1375 2616 annos
1407 2577 1500 2617 me
1538 2576 1768 2617 summe
1797 2566 1983 2630 vexat,

279 2651 332 2698 et
363 2643 422 2698 in
456 2644 648 2701 animo
679 2646 856 2702 habui
880 2649 1070 2720 ipsum
1103 2650 1332 2720 ejicere,
1366 2650 1493 2722 ipso
1527 2667 1617 2706 me
1648 2653 1716 2707 ad
1742 2652 1850 2708 hoc
1889 2670 1982 2708 co-

278 2737 470 2803 gente.
505 2737 582 2789 Ea
598 2734 667 2790 de
693 2752 872 2792 causa
897 2739 1025 2793 veni
1056 2739 1125 2794 ad
1153 2751 1308 2794 tuam
1333 2740 1728 2806 sanctitatem,
1754 2747 1818 2796 ut
1839 2739 1983 2796 mihi

277 2819 548 2920 consulas
579 2823 857 2892 quidnam
905 2826 1148 2883 debeam
1198 2828 1403 2898 facere,
1454 2832 1510 2884 et
1553 2845 1682 2886 ores
1713 2845 1817 2900 pro
1851 2844 1980 2896 me;

277 2923 368 2965 me
398 2915 554 2966 enim
584 2922 749 2967 vexat
779 2915 1048 2985 graviter.

344 3045 494 3102 Dicit
509 3048 559 3103 ei
585 3065 832 3121 magnus
851 3052 1134 3108 Antonius
1151 3055 1304 3120 gravi
1329 3060 1385 3108 et
1402 3058 1632 3108 austera
1652 3068 1788 3110 voce
1807 3071 1819 3108 :
1835 3053 1982 3119 ΑΙ),ἱὶ-

273 3135 392 3190 cias
422 3141 486 3192 tu
503 3140 918 3212 eum,Bulogi?
947 3143 1117 3212 atqui
1141 3159 1273 3197 eum
1299 3143 1514 3198 creavit
1539 3159 1649 3198 non
1674 3143 1894 3213 abjicit.
1917 3142 1975 3198 Si

271 3227 332 3280 tu
366 3243 498 3282 eum
530 3229 756 3297 abjicis,
794 3232 940 3286 Deus
963 3233 1012 3287 ei
1036 3231 1296 3287 excitabit
1324 3237 1379 3287 te
1403 3231 1694 3288 meliorem
1726 3233 1822 3301 qui
1846 3249 1980 3288 eum

275 3314 525 3384 colligat.
575 3316 860 3374 Conticuit
909 3320 1207 3392 Eulogius,
1263 3327 1319 3376 et
1365 3321 1632 3375 extimuit
1677 3338 1810 3376 cum
1857 3321 1980 3380 hec

271 3405 570 3460 audiisset.
613 3407 828 3462 Relicto
860 3415 1056 3464 autem
1109 3408 1368 3480 Eulogio,
1417 3426 1666 3482 magnus
1695 3413 1982 3468 Antonius

272 3492 483 3561 incipit
512 3495 706 3566 lingua
737 3496 1024 3564 flagellare
1055 3501 1404 3568 mutilatum,
1437 3505 1494 3554 et
1535 3501 1606 3554 ad
1638 3517 1770 3556 eum
1793 3502 1982 3556 excla-

276 3599 475 3640 mare:
511 3584 793 3655 Mutilate,
825 3589 1106 3645 maculate
1129 3589 1264 3660 (63),
1299 3599 1448 3646 terra
1477 3594 1535 3644 et
1565 3589 1979 3660 cmloindigne,

277 3691 390 3728 non
424 3690 618 3731 cessas
650 3693 780 3732 cum
815 3677 931 3734 Deo
965 3695 1247 3750 pugnare,
1281 3685 1337 3734 et
1375 3685 1539 3734 tuum
1572 3681 1805 3735 fratrem
1841 3681 1979 3734 irri-

275 3767 397 3819 tare
419 3765 447 3819 ‘i
475 3765 678 3822 Nescis
708 3785 834 3823 esse
864 3769 1155 3824 Christum
1193 3769 1286 3840 qui
1317 3770 1420 3824 tibi
1455 3769 1797 3824 ministrat?
1827 3770 1980 3833 Quo-

276 3856 448 3910 modo
476 3858 659 3911 audes
684 3857 804 3912 haec
837 3859 989 3928 loqui
1013 3862 1292 3913 adversus
1323 3858 1619 3914 Christum
1644 3858 1670 3912 ?
1700 3857 1825 3912 Non
1849 3875 1981 3928 pro-

274 3955 400 4016 pter
426 3946 721 4000 Christum
755 3963 817 4001 se
848 3953 947 4002 tuo
981 3947 1334 4018 mancipavit
1364 3947 1598 4002 servitio
1621 3945 1648 4000 ἲ
1679 3946 1823 4002 Cum
1845 3964 1980 4020 ergo

271 4051 404 4091 eum
463 4052 700 4107 quoque
746 4037 938 4092 verbis
984 4038 1332 4093 coercuisset
1371 4036 1834 4107 increpantibus.
1885 4053 1982 4093 eos

272 4124 554 4192 dimittit;
607 4132 666 4180 et
695 4142 829 4181 cum
879 4127 1262 4182 disseruisset
1309 4143 1441 4182 cum
1488 4127 1764 4181 fratribus
1810 4127 1882 4182 de
1910 4127 1982 4182 iis

270 4231 401 4286 quas
432 4220 600 4271 erant
648 4217 966 4288 unicuique
1015 4217 1364 4282 necessaria,
1416 4233 1617 4271 rursus
1663 4215 1883 4271 accedit
1910 4215 1983 4271 ad

269 4305 573 4377 Eulogium
607 4312 664 4361 et
698 4308 1058 4373 mutilatum,
1091 4312 1147 4362 et
1177 4306 1317 4361 dicit
1346 4307 1430 4362 eis
1453 4323 1465 4360 :
1491 4305 1572 4360 Ne
1605 4322 1851 4377 usquam
1878 4308 1985 4361 im-

271 4395 606 4474 moremini,
640 4412 672 4450 ο
694 4397 917 4464 fratres,
951 4396 1053 4452 sed
1086 4395 1318 4451 abitein
1356 4411 1514 4463 pace,
1544 4402 1598 4450 et
1629 4412 1700 4449 ne
1731 4395 1982 4451 invicem

273 4485 650 4557 separemini,
683 4486 948 4557 deposita
969 4487 1127 4541 omni
1155 4485 1422 4540 molestia
1453 4502 1624 4555 quam
1654 4485 1819 4540 vobis
1843 4486 1986 4555 inje-

2169 527 2308 602 Cuim
2349 559 2484 616 ergo
2525 541 2824 614 aliquanto
2878 543 3138 610 tempore
3179 541 3448 593 versatus
3480 535 3630 588 esset
3658 527 3794 582 Cro-

2093 636 2227 692 nius
2256 635 2410 690 circa
2441 631 2564 688 loca
2593 629 2925 695 Thebaidis,
2949 627 3251 683 descendit
3280 627 3339 680 in
3375 620 3794 679 monasterium

2091 724 2468 786 AleXandriae,
2499 726 2556 777 et
2583 720 2793 776 accidit
2828 726 2888 772 ut
2928 717 3082 772 beati
3133 716 3368 788 quidem
3416 708 3640 781 Eulogii
3674 709 3796 763 obi-

2091 819 2186 870 tus
2217 830 2250 868 a
2288 811 2646 868 fraternitate
2690 809 3079 864 celebraretur
3127 803 3615 876 quadragesimus
3648 799 3792 865 dies,

2095 902 2287 958 manci
2315 904 2510 955 autem
2553 897 2777 953 tertius.
2819 898 2962 950 Cum
3015 895 3120 949 hoc
3167 909 3303 964 ergo
3336 889 3629 945 didicisset
3661 887 3795 942 Cro-

2093 992 2249 1058 nius,
2283 990 2582 1058 obstupuit
2613 1004 2627 1053 ;
2672 990 2728 1040 et
2757 993 3050 1055 acceptum
3098 981 3495 1052 Evangelium,
3531 985 3588 1033 ut
3623 976 3795 1031 tidem

2093 1081 2372 1136 haberent
2402 1077 2728 1140 audientes,
2764 1072 2958 1143 posuit
2989 1071 3047 1125 in
3094 1071 3286 1125 medio
3318 1069 3593 1135 fratrum;
3628 1071 3684 1121 et
3713 1065 3797 1120 eis

2085 1169 2321 1241 juravit,
2352 1182 2592 1223 narrans
2615 1162 2808 1234 magni
2842 1159 3078 1214 Antonii
3111 1160 3181 1214 de
3213 1158 3304 1212 his
3354 1155 3795 1228 praescientiam,

2090 1265 2147 1317 et
2194 1261 2263 1315 de
2306 1258 2579 1314 omnibus
2621 1271 2742 1324 quae
2801 1251 3160 1314 acciderunt,
3197 1252 3251 1302 et
3283 1247 3518 1301 dicens:
3575 1244 3793 1298 Horum

2090 1367 2224 1422 ergo
2253 1351 2560 1406 verborum
2609 1345 2687 1400 fui
2728 1343 3036 1413 interpres,
3083 1354 3218 1395 cum
3260 1337 3465 1391 beatus
3516 1331 3797 1387 Antonius

2090 1442 2278 1496 Graece
2302 1440 2587 1503 nesciret;
2613 1451 2717 1503 ego
2742 1449 2876 1487 vero
2902 1431 3158 1486 sciebam
3180 1437 3481 1495 utramque
3511 1422 3796 1492 linguam,

2089 1539 2142 1586 et
2174 1531 2254 1585 eis
2286 1544 2416 1584 sum
2451 1527 2879 1595 interpretatus,
2915 1521 3098 1574 beatis
3130 1518 3366 1583 quidem
3399 1513 3668 1582 deinceps
3700 1525 3799 1581 per

2088 1617 2306 1675 Christi
2339 1615 2622 1687 gratiam:
2657 1610 2894 1675 Eulogio
2926 1616 2978 1663 et
3011 1621 3246 1676 corpore
3282 1601 3549 1658 mutilato
3581 1599 3795 1665 Graece,

2089 1723 2218 1778 quis
2244 1723 2276 1761 a
2298 1720 2506 1776 magno
2530 1702 2683 1756 dicta
2723 1703 2862 1754 sunt
2884 1717 2898 1766 ;
2924 1697 3036 1769 ipsi
3064 1701 3258 1750 autern
3296 1696 3498 1748 sancto
3534 1694 3592 1743 et
3632 1689 3796 1742 beato

2089 1775 2416 1867 magnoque
2468 1789 2718 1847 Antonio
2768 1786 3117 1860 Egyptiace,
3165 1799 3294 1854 quae
3341 1781 3498 1836 dicta
3544 1780 3682 1833 sunt
3726 1775 3796 1830 ab

2095 1894 2367 1958 utroque.

2697 1967 2929 2026 CAPUT
2981 1963 3193 2022 XXVII.

2228 2066 2302 2120 De
2327 2061 2777 2133 contemplatione
2805 2075 2977 2130 quam
3002 2055 3149 2112 vidit
3177 2053 3347 2109 abbas
3378 2049 3658 2107 Antonius.

2169 2155 2286 2211 Hoc
2315 2168 2548 2225 quoque
2595 2152 2847 2204 narravit
2895 2147 3140 2202 Cronius
3171 2144 3268 2198 illa
3321 2146 3488 2197 nocte
3519 2150 3795 2209 magnum

2097 2244 2180 2300 eis
2229 2257 2498 2298 narrasse
2537 2237 2854 2294 Antonium
2899 2252 2912 2290 :
2957 2236 3094 2306 Ego,
3142 2233 3352 2301 aiebat,
3386 2246 3537 2286 anno
3570 2229 3795 2296 integro

2095 2349 2393 2390 oraveram
2419 2336 2483 2385 ut
2516 2329 2862 2385 revelaretur
2897 2327 3036 2380 mihi
3069 2324 3543 2392 locusjustorum
3577 2322 3633 2372 et
3665 2330 3794 2387 pec-

2096 2430 2354 2482 catorum
2389 2423 2594 2491 (Supra
2623 2421 2660 2475 ι.
2686 2436 2725 2487 1,
2757 2421 2816 2473 in
2853 2418 2971 2473 Vita
2991 2416 3049 2471 S.
3083 2416 3332 2484 Antonii,
3363 2428 3410 2467 ο.
3443 2410 3549 2475 38;
3575 2403 3792 2470 Parch.,

2094 2531 2142 2570 ο.
2179 2513 2264 2581 19,
2286 2532 2344 2568 η.
2365 2513 2440 2584 4).
2473 2510 2597 2565 Vidi
2626 2522 2817 2564 autem
2841 2507 3131 2578 gigantem
3159 2505 3390 2575 nigrum
3415 2499 3795 2562 altissimum,

2095 2603 2188 2674 qui
2220 2604 2290 2658 ad
2325 2602 2508 2656 nubes
2541 2615 2724 2670 usque
2758 2597 3135 2667 pertingebat,
3167 2593 3419 2648 habebat
3451 2594 3644 2642 autem
3672 2599 3794 2638 ma-

2096 2710 2204 2747 nus
2252 2692 2322 2746 ad
2364 2689 2572 2746 coelum
2625 2701 2806 2758 usque
2854 2693 3117 2739 extensus
3158 2700 3173 2750 ;
3226 2684 3377 2735 infra
3421 2681 3618 2732 autem
3678 2679 3799 2726 erat

2091 2779 2254 2837 lacus
2294 2781 2392 2851 qui
2427 2795 2584 2833 mare
2617 2776 2884 2847 aequabat
2935 2770 3354 2843 magnitudine.
3409 2765 3533 2820 Vidi
3569 2775 3798 2832 quoque

2092 2873 2319 2928 animas
2349 2875 2622 2938 tanquam
2656 2882 2788 2920 aves
2836 2878 3074 2918 sursum
3109 2858 3402 2924 volantes;
3437 2862 3492 2911 et
3517 2867 3798 2925 quiscun-

2094 2978 2206 3032 que
2228 2959 2460 3030 quidem
2493 2959 2615 3026 ejus
2649 2971 2858 3010 manus
2888 2958 2944 3007 ct
2973 2957 3148 3022 caput
3178 2948 3650 3020 supervolabant,
3675 2958 3793 2996 ser-

2092 3051 2380 3105 vabantur
2427 3047 2498 3101 ab
2547 3044 2766 3113 angelis
2809 3061 2824 3110 ;
2873 3058 2997 3111 quae
3048 3049 3245 3094 autem
3291 3054 3324 3090 a
3359 3035 3630 3089 manibus
3665 3033 3790 3098 ejus

2091 3139 2566 3201 verberabantur,
2615 3131 2950 3187 incidebant
2994 3129 3052 3183 in
3103 3129 3314 3182 lacum.
3347 3124 3429 3178 Ad
3477 3138 3566 3176 me
3600 3122 3792 3187 itaque

2091 3246 2197 3284 vox
2230 3225 2505 3298 pervenit,
2535 3240 2666 3296 quae
2709 3221 2934 3276 dicebat
2977 3235 2990 3272 :
3042 3219 3194 3283 Quas
3235 3215 3392 3268 vides
3434 3211 3664 3266 animas
3695 3225 3793 3262 su-

2093 3319 2415 3390 pervolaSse
2463 3320 2640 3384 caput
2686 3311 2939 3382 gigantis
2978 3313 3036 3364 et
3092 3310 3219 3377 ejus
3267 3319 3498 3365 manus,
3529 3316 3605 3354 ea)
3655 3301 3795 3352 sunt

2091 3405 2644 3475 animaajustorum,
2676 3417 2802 3470 quae
2854 3397 3088 3470 quidem
3137 3396 3206 3448 ab
3240 3391 3463 3463 angelis
3494 3397 3796 3444 servantur

2089 3496 2150 3552 in
2186 3495 2495 3566 paradiso:
2532 3508 2656 3562 quae
2691 3495 2883 3546 autem
2909 3505 2943 3541 a
2976 3485 3246 3540 manibus
3280 3482 3425 3552 nigri
3464 3481 3793 3550 percutiun-

2088 3589 2204 3652 tur,
2237 3601 2315 3640 eaa
2348 3585 2404 3639 in
2449 3584 2675 3637 interno
2705 3582 3148 3648 demerguntur.
3183 3573 3315 3638 Quae
3345 3569 3580 3640 quidem
3615 3571 3790 3619 attra-

2090 3681 2192 3730 σιω
2225 3676 2511 3727 fuerunta
2545 3671 2843 3723 voluntate
2874 3660 3368 3729 carnis,etodtum
3403 3663 3611 3714 secutae
3631 3657 3791 3720 sunt,

2091 3771 2148 3821 et
2184 3764 2495 3818 referendas
2529 3758 2754 3828 injurias
2786 3755 3187 3826 cupiditatem.

2687 3844 2919 3901 CAPUT
2956 3841 3199 3898 XXVIII.

2416 3938 2546 3994 Vita
2574 3936 2791 3990 abbatis
2825 3933 2989 3988 Pauli
3020 3927 3306 3999 Simplici:
3339 3927 3474 3998 (65).

2162 4029 2430 4086 Narravit
2477 4032 2671 4082 autem
2703 4027 2940 4078 sanctus
2983 4018 3194 4076 Christi
3239 4033 3435 4073 servus
3483 4016 3707 4082 Hierax,
3737 4018 3792 4070 et

2092 4121 2358 4187 Cronius,
2383 4126 2439 4172 et
2470 4117 2662 4187 plures
2691 4114 2786 4170 alii
2811 4131 2880 4168 ex
2903 4111 3176 4166 fratribus
3207 4125 3272 4164 ea
3301 4125 3429 4179 quae
3450 4121 3579 4162 sum
3611 4107 3790 4160 dictu-

2093 4228 2194 4266 rus
2253 4209 2444 4280 (Buff,
2515 4207 2552 4262 ι.
2612 4223 2674 4274 ιι,
2740 4220 2788 4259 c.
2847 4204 2958 4276 31).
3042 4201 3195 4271 quod
3273 4200 3512 4271 quidam
3575 4196 3788 4251 Paulus

2093 4301 2336 4373 agrestis
2364 4294 2635 4369 agricola,
2661 4291 2964 4359 insigniter
2985 4291 3268 4346 innocens
3289 4297 3346 4344 et
3369 4289 3630 4344 moribus
3653 4287 3795 4342 sim-

2093 4388 2243 4458 plex,
2304 4401 2537 4441 uxorem
2600 4385 2841 4437 duxerat
2909 4378 3206 4434 mulierem
3278 4375 3792 4442 formosissimam,

2093 4479 2192 4532 sed
2245 4476 2505 4532 moribus
2556 4473 2905 4544 improbam,
2962 4486 3090 4541 quae
3139 4468 3484 4540 longissimo
3531 4473 3793 4536 tempore

274 4555 355 4630 cit
382 4576 607 4629 daemon
649 4594 663 4642 ;
705 4555 773 4630 et
809 4592 942 4631 cum
986 4577 1136 4631 bona
1183 4574 1488 4631 dilectione
1534 4574 1890 4630 revertimini
1921 4576 1977 4630 in
2014 4575 2058 4638 D
2091 4583 2333 4638 peccans
2366 4581 2500 4620 eum
2547 4563 2736 4618 Ῑειῑυίιο
2779 4561 3103 4632 Αιὶᾳυιιωιο
3143 4569 3336 4614 autem
3371 4558 3441 4611 d0
3478 4555 3791 4626 ἰωρτονίθο

276 4661 484 4717 cellam
510 4664 568 4718 in
600 4679 714 4734 qua
744 4662 911 4732 longo
947 4675 1198 4734 tempore
1227 4664 1438 4719 versati
1469 4663 1611 4718 estis
1637 4679 1652 4728 ς
1677 4663 1798 4732 jam
1821 4663 1980 4719 enim

274 4751 430 4807 Deus
464 4754 652 4808 mittet
681 4753 750 4808 ad
777 4770 896 4810 vos.
948 4753 1076 4809 Haec
1124 4755 1281 4809 enim
1315 4753 1552 4809 tcntatio
1602 4753 1660 4806 in
1697 4769 1796 4808 vos
1828 4753 1982 4808 exci-

274 4846 394 4898 tata
423 4847 510 4898 est
553 4860 586 4898 a
633 4841 869 4912 Satana,
902 4844 1178 4914 quoniam
1230 4844 1343 4898 scit
1391 4859 1491 4896 vos
1525 4843 1650 4911 jam
1699 4842 1768 4896 ad
1803 4842 1977 4896 ﬁnem

273 4932 632 5004 pervenisse,
666 4939 721 4988 et
747 4933 1006 4988 futurum
1035 4949 1162 4990 esse
1195 4938 1258 4987 ut
1289 4948 1532 4988 coronas
1560 4947 1592 4986 a
1623 4930 1850 4986 Christo
1882 4947 1981 4986 ac-

272 5019 523 5092 cipiatis,
547 5022 740 5093 ipsum
777 5038 875 5094 per
900 5029 975 5088 te,
997 5028 1054 5077 et
1084 5027 1138 5078 te
1164 5039 1265 5095 per
1295 5039 1446 5077 eum.
1479 5019 1635 5075 Nihil
1666 5036 1799 5090 ergo
1823 5019 1979 5076 aliud

270 5113 687 5184 cogitaveritis.
721 5113 884 5177 Quod
917 5114 966 5170 si
990 5113 1225 5170 veniens
1272 5111 1516 5186 angelus
1546 5126 1662 5167 non
1695 5109 1982 5166 invenerit

269 5219 373 5260 vos
403 5204 461 5257 in
491 5203 694 5259 eodem
725 5201 872 5270 loco,
908 5204 1164 5260 futurum
1185 5208 1273 5260 est
1303 5207 1368 5259 ut
1398 5200 1628 5258 coronis
1653 5200 1977 5270 privemini.

272 5292 394 5347 Cito
442 5308 578 5364 ergo
625 5292 970 5349 festinantes
1008 5293 1246 5362 ingreesi
1295 5300 1453 5356 sunt,
1506 5296 1562 5347 et
1605 5295 1886 5344 venerunt
1921 5289 1981 5343 in

273 5399 443 5438 suam
483 5382 688 5438 cellam
739 5383 1024 5439 charitate
1069 5383 1183 5453 (64)
1233 5383 1504 5454 perfecta.
1556 5381 1625 5434 Et
1650 5379 1806 5433 intra
1836 5394 1980 5447 qua-

272 5473 544 5542 draginta
574 5475 718 5541 dies,
752 5475 872 5530 obit
904 5475 1106 5530 beatus
1139 5473 1418 5544 Eulogius
1460 5471 1720 5542 migrans
1753 5469 1825 5524 ad
1865 5469 1979 5524 Do-

276 5562 527 5630 minum,
562 5568 620 5618 et
663 5563 818 5618 intra
867 5568 982 5618 tres
1014 5562 1158 5618 alios
1210 5562 1346 5616 obit°
1375 5559 1426 5615 is
1461 5559 1557 5631 qui
1591 5562 1715 5613 erat
1743 5572 1982 5629 corpore

278 5649 602 5720 mutilatos,
634 5650 739 5708 sed
785 5651 984 5708 anima
1013 5650 1210 5707 firmus
1255 5663 1322 5706 ac
1365 5649 1659 5716 robustus,
1709 5646 1809 5718 qui
1857 5645 1982 5718 ipse

2093 4671 2384 4727 regressus
2415 4670 2483 4708 ex
2510 4669 2672 4722 agro,
2716 4658 2773 4706 et
2806 4651 3106 4720 ingressus
3138 4648 3375 4702 domum
3408 4661 3596 4708 suam,
3630 4645 3788 4696 inve-

2092 4746 2180 4802 nit
2217 4763 2315 4802 eos
2348 4744 2540 4814 turpia
2573 4747 2988 4814 perpetrantes,
3024 4737 3343 4791 deducente
3377 4734 3618 4787 Paulum
3654 4749 3792 4799 pro-

2093 4835 2348 4891 videntia
2375 4836 2443 4890 ad
2479 4833 2534 4887 id
2576 4831 2729 4902 quod
2769 4834 2893 4884 erat
2939 4825 3051 4881 sibi
3103 4821 3484 4879 conducibile.
3536 4820 3792 4889 Eamque

2091 4942 2223 4982 cum
2255 4925 2519 4990 vidisset,
2554 4936 2688 4976 cum
2722 4934 2786 4974 eo
2835 4933 2966 4973 cum
3009 4931 3124 4985 quo
3166 4913 3410 4968 habebat
3438 4911 3627 4981 stupri
3659 4924 3790 4964 con-

2091 5016 2480 5081 suetudinem,
2513 5011 2756 5065 boneste
2786 5023 2851 5062 ac
2881 5005 3083 5060 decore
3116 5001 3264 5067 risit,
3305 5006 3362 5056 et
3393 4999 3474 5056 eis
3503 4997 3794 5054 exclama-

2091 5103 2194 5169 vit,
2227 5103 2425 5158 dicens
2459 5117 2472 5156 ε
2511 5099 2662 5154 Bene
2692 5101 2800 5166 est,
2836 5094 2978 5150 bene
3007 5098 3118 5160 est,
3153 5108 3350 5147 revera
3383 5106 3496 5144 non
3529 5094 3617 5144 est
3649 5085 3790 5140 mihi

2091 5209 2259 5249 curae.
2297 5191 2396 5246 Per
2434 5189 2660 5255 Jesum,
2713 5203 2814 5254 ego
2862 5199 2989 5240 eam
3023 5198 3136 5236 non
3187 5180 3465 5252 accipiam
3517 5173 3791 5246 amplius,

2092 5282 2206 5350 abi,
2237 5295 2366 5336 eam
2392 5277 2495 5334 tibi
2523 5277 2670 5333 habe
2699 5281 2756 5333 et
2807 5277 2935 5346 ejus
2966 5272 3116 5328 filios
3163 5291 3175 5332 ;
3224 5287 3329 5341 ego
3378 5269 3531 5324 enim
3566 5267 3791 5336 recedo,

2093 5377 2150 5428 et
2175 5370 2396 5426 afficior
2427 5367 2768 5424 monachus.
2818 5366 2961 5420 Cum
3013 5361 3157 5417 nulli
3188 5367 3381 5415 autem
3413 5356 3658 5413 dixisset
3687 5355 3794 5411 ali-

2094 5459 2259 5533 quid,
2293 5455 2607 5529 pertransit
2636 5461 2764 5512 octo
2799 5452 3130 5510 mansiones
3151 5450 3285 5522 (66).
3330 5452 3386 5504 et
3416 5448 3530 5503 abit
3566 5446 3636 5501 ad
3665 5463 3796 5502 san-

2093 5560 2246 5608 ctum
2275 5549 2616 5618 Antonium,
2657 5550 2714 5603 et
2761 5544 2954 5617 pulsat
3001 5542 3238 5598 ostium.
3291 5545 3567 5612 Egressus
3598 5546 3794 5595 autem

2093 5643 2328 5699 sanctus
2356 5637 2660 5707 Antonius,
2683 5651 2817 5694 eum
2845 5635 3197 5705 interrogat:
3223 5630 3368 5697 Quid
3392 5631 3475 5688 vis
3497 5627 3526 5685 τ
3557 5629 3624 5687 Et
3656 5629 3796 5686 dicit
