4076 6206
317 290 472 379 ima

1891 343 2258 409 PALLADII

314 452 533 548 Paulus
558 454 729 510 :Volo
746 454 868 513 fieri
892 460 1236 518 monachus.
1262 463 1595 535 Respondet
1613 469 1663 524 ei
1686 471 2010 532 Antonius:
2044 480 2091 546 Α
2130 498 2311 538 unum
2345 479 2667 548 madefecit,
2711 478 2878 535 erant
2912 476 3063 533 enim
3110 474 3293 543 sicci;
3336 474 3420 529 illi
3461 478 3657 529 autem
3690 476 3835 527 tres.

316 542 499 598 Senex
534 548 949 615 sexagenarius
983 567 1097 605 non
1133 557 1320 622 potest
1369 554 1462 610 hic
1496 557 1612 612 fieri
1650 563 1973 620 monachus
2003 584 2016 634 ;

316 634 414 689 sed
453 635 644 704 potius
688 638 779 691 abi
814 638 869 693 in
904 641 1116 709 vicum,
1151 648 1207 698 et
1255 661 1515 715 cperare,
1564 658 1614 705 et
1665 651 1843 708 vitam
1876 656 2019 725 dege

316 726 660 796 Operariam,
695 726 812 783 Deo
835 746 1007 795 agens
1041 734 1281 802 gratias.
1316 740 1436 791 Non
1474 744 1636 807 potes
1659 742 1811 797 enim
1848 724 2021 801 susti-

320 831 455 871 nere
486 816 831 875 afﬂictiones
863 821 1215 880 solitudinis.
1254 827 1583 898 Respondet
1616 850 1812 899 senex,
1845 846 1897 889 et
1928 838 2021 891 di-

317 905 431 962 cit:
465 906 523 961 Si
556 908 693 978 quid
731 926 819 963 me
850 912 1135 979 docueris,
1187 915 1328 971 illud
1383 918 1609 975 faciam.
1647 923 1793 978 Dicit
1822 927 1870 980 ei
1904 929 2023 981 An-

317 995 553 1050 tonius:
589 996 710 1052 Dixi
744 998 849 1054 tibi
884 1009 934 1055 te
965 1018 1091 1057 esse
1120 1020 1342 1068 senem,
1393 1016 1449 1062 et
1493 1026 1607 1065 non
1661 1029 1832 1082 posse
1863 1033 2019 1072 esse-

317 1087 709 1155 monachum;
744 1091 859 1147 abi.
894 1092 947 1146 Si
982 1095 1134 1148 enim
1170 1097 1257 1151 vis
1287 1115 1414 1154 esse
1447 1104 1789 1173 monachus,
1820 1107 2020 1179 ingre-

314 1176 449 1231 dere
478 1179 803 1234 casnobium
836 1181 933 1235 ubi
967 1189 1107 1238 sunt
1144 1188 1474 1255 complures
1508 1192 1713 1250 fratres
1745 1197 1844 1262 qui
1881 1176 2019 1266 pos—

314 1270 454 1319 sunt
484 1271 641 1320 tuam
687 1268 833 1323 ferre
882 1270 1355 1331 imbecillitatem.
1389 1279 1506 1349 Ego
1554 1282 1705 1338 enim
1739 1284 1896 1340 solus
1928 1287 2019 1343 hic

315 1356 789 1447 sedeo,quinque
820 1359 1043 1417 dierum
1095 1367 1284 1434 spatio
1334 1369 1634 1439 interjecto
1685 1378 2017 1447 comedens,

316 1444 492 1515 idque
522 1447 804 1503 esuriens.
849 1449 945 1504 His
994 1467 1130 1523 ergo
1172 1457 1367 1511 verbis
1420 1459 1665 1517 Paulum
1724 1444 2017 1532 abigebat.

315 1532 632 1602 Postquam
666 1541 858 1591 autem
893 1555 1024 1592 eum
1062 1558 1174 1596 non
1208 1545 1461 1614 admisit,
1498 1548 1697 1606 clauso
1730 1554 1878 1609 ostio
1909 1560 2019 1609 An-

313 1622 509 1675 tonius
541 1623 726 1677 tribus
758 1626 963 1681 diebus
998 1628 1153 1684 foras
1188 1648 1300 1687 non
1337 1639 1425 1688 est
1456 1652 1751 1711 egressus,
1787 1648 2019 1710 propter

312 1708 529 1780 ipsum,
564 1728 634 1766 ne
666 1714 895 1783 quidem
929 1718 1003 1772 ad
1036 1720 1406 1778 necessitates
1431 1743 1587 1782 suas.
1622 1708 1805 1786 Senex
1823 1708 2016 1788 autem

312 1800 631 1869 permansit
662 1818 773 1856 non
827 1807 1119 1864 recedens.
1173 1812 1388 1873 Quarto
1420 1832 1549 1871 vero
1582 1819 1673 1875 die
1721 1836 1854 1876 cum
1882 1838 2014 1879 eum

314 1894 601 1959 premeret
646 1893 986 1962 necessitas,
1036 1909 1228 1966 aperto
1278 1903 1427 1957 ostio
1475 1922 1748 1977 egressus
1794 1915 1898 1967 est.
1948 1913 2018 1969 Et

311 1991 445 2032 cum
479 1995 685 2034 rursus
716 1983 959 2039 vidisset
988 1984 1253 2052 Paulum.
1290 1993 1338 2046 ei
1389 1993 1569 2052 dicit:
1601 1999 1707 2053 Abi
1739 1999 1895 2070 hinc,
1929 2019 2017 2058 se-

310 2083 440 2122 nex.
476 2067 624 2134 Quid
658 2071 798 2125 mihi
832 2089 893 2128 es
923 2076 1254 2133 molestus?
1286 2098 1398 2137 non
1433 2089 1594 2154 potes
1628 2086 1724 2143 hic
1756 2067 2013 2147 manere.

312 2154 464 2249 Dicit
492 2159 541 2214 ei
577 2159 788 2217 Paulus
824 2179 837 2218 :
874 2163 1019 2220 Fieri
1053 2184 1166 2223 non
1201 2166 1392 2241 potest
1438 2184 1495 2229 ut
1540 2194 1645 2246 ego
1674 2178 1808 2234 alibi
1842 2199 2015 2249 quam

310 2244 408 2303 hic
438 2250 674 2305 moriar.
707 2251 848 2307 Cum
900 2256 1219 2325 aspexisset
1268 2268 1460 2319 autem
1512 2244 1814 2337 Antonius,
1847 2244 1898 2325 et
1927 2271 2019 2324 vi—

308 2336 490 2393 disset
520 2356 651 2395 eum
679 2359 789 2397 non
819 2344 965 2401 ferre
984 2362 1049 2400 ea
1068 2365 1194 2419 quas
1228 2358 1367 2407 sunt
1393 2354 1461 2409 ad
1496 2356 1711 2413 victum
1751 2377 2017 2418 necessa-

309 2427 418 2517 ria,
451 2444 565 2483 non
603 2446 834 2499 panem,
882 2450 995 2489 non
1041 2453 1277 2507 aquam,
1332 2459 1444 2497 non
1496 2444 1716 2517 aliquid
1748 2449 1929 2516 aliud,
1962 2454 2019 2505 et

300 2514 422 2585 jam
459 2524 733 2587 quartum
769 2521 920 2577 diem
976 2541 1377 2593 perseverasse
1421 2514 1718 2605 jejunum,
1752 2514 2018 2606 cogitavit

309 2606 459 2673 apud
482 2622 580 2661 se:
607 2606 688 2662 Ne
713 2610 853 2663 forte
878 2613 1179 2677 moriatur,
1206 2621 1384 2689 utqui
1412 2637 1522 2675 non
1541 2626 1616 2679 sit
1638 2629 2018 2693 assuetusje-

304 2693 534 2784 junare,
554 2701 610 2749 et
629 2712 808 2752 meam
837 2702 1083 2755 maculet
1108 2706 1390 2762 animam.
1419 2709 1557 2766 Eum
1583 2729 1717 2784 ergo
1741 2716 2015 2771 admittit.

307 2779 470 2835 Tunc
502 2783 551 2837 ei
584 2784 727 2839 dicit
757 2789 1082 2847 Antonius:
1119 2796 1287 2850 Potes
1335 2813 1459 2853 esse
1492 2779 1686 2857 salvus
1719 2806 1764 2859 si
1799 2806 2018 2863 habeas

310 2870 726 2943 obedientiam,
760 2881 815 2931 et
847 2880 1002 2950 quod
1035 2899 1066 2937 a
1100 2901 1190 2939 me
1213 2888 1470 2945 audieris
1493 2891 1603 2948 hoc
1628 2894 1851 2954 feceris.
1878 2896 2020 2952 Pau-

308 2959 404 3059 lus
444 2969 649 3059 auten:
690 2973 1066 3059 respondens,
1120 2975 1264 3030 dixit
1316 2995 1330 3032 :
1381 2978 1606 3037 Faciam
1654 3002 2018 3059 quaecunque

300 3050 568 3120 jusseris.
602 3053 924 3128 Talemque
954 3058 1084 3115 vitas
1126 3079 1339 3132 asperas
1373 3070 1609 3137 agenda:
1642 3050 1937 3130 rationem.
1962 3079 2021 3130 et

306 3138 423 3233 illis
453 3141 659 3233 diebus
690 3148 946 3216 suscepit
995 3151 1305 3219 Antonius,
1351 3157 1583 3226 qualem
1635 3164 1867 3233 quando
1898 3168 2020 3219 erat

2128 569 2421 627 Psalmum
2476 571 2669 641 psallit
2719 567 3004 623 Antonius
3049 582 3217 637 quem
3272 572 3556 631 noverat;
3610 568 3665 619 et
3699 578 3833 617 cum

2125 675 2254 714 eum
2289 660 2603 715 duodecies
2632 658 2959 721 cecinisset,
2992 655 3299 712 duodecies
3323 655 3507 709 oravit
3540 662 3595 708 ut
3633 653 3694 707 in
3729 654 3841 707 hoc

2129 765 2356 819 quoque
2390 749 2627 804 Paulum
2668 747 2953 818 probaret.
2984 747 3169 802 Senex
3199 751 3391 799 autem
3430 743 3605 798 simul
3644 759 3843 810 preca-

2127 843 2224 894 tus
2254 846 2344 895 est
2373 840 2495 909 ipso
2530 855 2741 909 magno
2794 837 3043 893 Antonio
3092 834 3416 907 promptius
3468 839 3523 887 et
3559 833 3839 887 alacrius.

2129 927 2379 983 Malebat
2407 929 2587 998 enim,
2619 933 2684 983 ut
2732 927 3005 993 arbitror,
3060 941 3294 996 pascere
3329 923 3605 989 scorpios,
3656 936 3839 991 quam

2130 1034 2247 1072 una
2277 1019 2465 1073 vivere
2495 1034 2629 1072 cum
2662 1015 2941 1071 adultera.
2977 1014 3113 1069 Post
3142 1012 3447 1069 duodecim
3484 1017 3679 1066 autem
3714 1028 3841 1064 ors-

2128 1108 2337 1173 tiones,
2373 1106 2547 1161 Paulo
2578 1106 2717 1161 dicit
2758 1120 3003 1175 magnus
3048 1103 3337 1157 Antonius
3371 1118 3384 1155 :
3419 1101 3586 1169 Sede,
3620 1099 3840 1171 inquit,

2129 1200 2185 1250 et
2215 1213 2285 1251 ne
2316 1197 2585 1251 comedas
2607 1211 2791 1266 usque
2812 1194 2879 1248 ad
2906 1208 3241 1261 vesperam;
3272 1193 3368 1247 sed
3393 1191 3583 1245 solum
3602 1190 3841 1245 attende

2128 1284 2463 1339 esculentis.
2509 1286 2648 1337 Cum
2705 1286 2898 1337 autem
2951 1280 3154 1335 fuisset
3194 1295 3456 1351 vespera,
3507 1283 3564 1333 et
3616 1277 3839 1333 Paulus

2130 1390 2241 1429 non
2287 1372 2650 1439 comedisset,
2698 1373 2842 1426 dixit
2880 1371 2931 1426 ei
2979 1368 3265 1425 Antonius
3305 1385 3318 1423 :
3370 1368 3571 1439 Surge,
3623 1384 3746 1431 ora,
3782 1371 3842 1421 et

2130 1463 2339 1517 dormi.
2383 1461 2484 1517 Ille
2514 1466 2709 1516 autem
2749 1477 2946 1515 mensa
2981 1458 3182 1514 relicta
3213 1458 3295 1513 sic
3329 1458 3478 1513 fecit.
3512 1458 3699 1511 Media
3730 1473 3835 1511 au-

2130 1555 2245 1607 tem
2281 1556 2448 1606 nocte
2479 1552 2752 1606 excitavit
2781 1566 2911 1605 eum
2961 1550 3029 1603 ad
3083 1547 3427 1611 orationem,
3461 1552 3517 1600 et
3551 1562 3737 1615 usque
3767 1547 3837 1600 ad

2128 1641 2327 1697 horam
2363 1658 2573 1697 nonam
2613 1640 2884 1711 produxit
2914 1639 3228 1694 orationes.
3250 1637 3451 1693 Mensa
3478 1642 3677 1692 autem
3704 1654 3839 1690 rur-

2130 1748 2231 1787 sus
2284 1732 2547 1802 apposita
2587 1746 2721 1787 cum
2769 1735 2826 1785 et
2875 1745 3073 1783 rursus
3123 1728 3429 1782 cecinisset
3478 1731 3536 1781 et
3583 1732 3839 1791 orasset,

2128 1804 2257 1879 sero
2308 1838 2545 1893 vespere
2589 1822 2867 1877 sederunt
2917 1819 2991 1875 ad
3039 1819 3484 1875 comedendum.
3518 1818 3663 1873 Cum
3698 1833 3837 1887 ergo

2126 1912 2475 1968 comedisset
2498 1927 2748 1981 magnus
2772 1908 3247 1966 Antoniusunum
3265 1914 3652 1978 paxamatem,
3677 1906 3837 1962 aliud

2129 2019 2241 2059 non
2278 2002 2484 2068 tetigit.
2529 2000 2714 2056 Senex
2754 2005 2944 2055 autem
2997 1999 3309 2054 comedens
3358 1996 3609 2061 tardius,
3643 1994 3839 2053 adhuc

2126 2092 2352 2149 tenebat
2385 2092 2778 2164 paxamidium
2811 2091 2964 2162 quod
3000 2095 3249 2161 ceperat.
3285 2087 3671 2159 Bx~pectabat
3699 2103 3839 2158 ergo

2127 2180 2418 2237 Antonius
2446 2182 2629 2237 donec
2662 2181 3011 2251 perfecisset,
3042 2185 3101 2235 et
3135 2179 3273 2234 dicit
3300 2178 3389 2233 ei:
3425 2177 3697 2239 Comede.
3730 2192 3839 2247 pa-

2126 2270 2364 2333 tercule,
2399 2271 2569 2326 etiam
2595 2286 2774 2325 unum
2809 2269 2965 2324 aliud
2992 2268 3405 2340 paxamidium.
3440 2266 3589 2321 Dicit
3610 2266 3662 2322 ei
3692 2265 3841 2321 Pau-

2127 2361 2268 2417 lus:
2327 2361 2384 2417 Si
2444 2365 2504 2416 tu
2572 2361 2860 2422 comedas.
2919 2375 3027 2431 ego
3083 2375 3309 2430 quoque
3358 2354 3665 2413 comedam
3717 2375 3733 2423 ;
3784 2362 3841 2411 te

2131 2456 2325 2505 autem
2362 2467 2477 2505 non
2511 2451 2871 2517 comedente,
2908 2464 3011 2504 nec
3063 2464 3168 2520 ego
3218 2448 3545 2504 comedam.
3599 2444 3751 2501 Dicit
3781 2445 3833 2499 ei

2128 2536 2415 2591 Antonius
2477 2552 2489 2591 :
2551 2535 2692 2590 Mihi
2750 2535 2993 2601 sufﬁcit,
3063 2550 3191 2588 sum
3252 2535 3405 2589 enim
3484 2532 3835 2588 monachus.

2128 2626 2193 2679 Et
2225 2624 2361 2679 ille:
2395 2625 2464 2679 Et
2495 2624 2638 2679 mihi
2672 2625 2891 2679 sufficit
2925 2643 2940 2690 ;
2975 2639 3110 2678 nam
3145 2639 3249 2691 ego
3282 2639 3515 2694 quoque
3543 2623 3675 2676 volo
3712 2622 3843 2677 fieri

2129 2712 2474 2768 monachus.
2529 2713 2726 2783 Surgit
2759 2728 2981 2779 rursus,
3015 2718 3071 2766 et
3102 2711 3237 2766 facit
3287 2709 3591 2766 duodecim
3621 2710 3842 2765 oratio-

2130 2819 2250 2869 nes,
2281 2808 2338 2857 et
2370 2802 2564 2872 psallit
2613 2802 2914 2857 duodecim
2951 2800 3222 2872 psalmos.
3272 2805 3339 2854 Et
3372 2808 3496 2869 post
3540 2800 3842 2854 orationes

2129 2892 2297 2962 primi
2324 2891 2513 2945 somni
2539 2907 2741 2962 parum
2767 2891 3068 2945 dormiunt
3092 2908 3108 2959 ;
3132 2896 3188 2944 et
3209 2889 3842 2961 rursusexpergiscun-

2126 2985 2224 3035 tur
2253 2981 2323 3035 ad
2360 2980 2724 3051 psallendum
2754 2997 2787 3035 a
2820 2981 3008 3034 media
3038 2985 3205 3034 nocte
3236 2982 3302 3033 ad
3335 2980 3483 3034 diem
3520 2995 3728 3051 usque.

2200 3069 2415 3125 Deinde
2451 3069 2603 3124 misit
2637 3086 2766 3124 eum
2811 3069 2877 3124 ad
2931 3070 3259 3124 obeundum
3310 3069 3712 3137 solitudinem,
3745 3071 3841 3123 di-

2129 3176 2266 3215 cens
2297 3160 2346 3215 ei
2387 3175 2400 3214 :
2449 3159 2588 3213 Veni
2624 3159 2736 3213 huc
2788 3166 2918 3229 post
2964 3166 3080 3213 tres
3130 3160 3271 3215 dies.
3306 3160 3444 3214 Cum
3497 3159 3611 3215 hoc
3642 3167 3836 3215 autem

308 3230 366 3285 in
402 3231 681 3304 principio
721 3237 1071 3305 juventutis.
1123 3240 1262 3311 Ejus
1310 3262 1445 3316 ergo
1481 3230 1730 3306 mentem
1768 3254 2019 3321 probans
2050 3234 2100 3301 Ο
2130 3248 2351 3304 factum
2384 3254 2553 3313 esset,
2586 3253 2641 3303 et
2684 3247 2918 3320 quidam
2972 3250 3176 3303 fratres
3224 3249 3292 3303 ad
3344 3264 3475 3304 eum
3510 3249 3837 3315 venissent,

308 3322 619 3389 Antonius,
653 3324 701 3378 ei
744 3326 887 3381 dixit
937 3343 951 3381 :
1001 3329 1123 3392 Sta,
1172 3341 1225 3386 et
1274 3350 1376 3389 ora
1426 3335 1483 3391 in
1537 3338 1645 3395 hoc
1676 3339 1801 3396 loco
1834 3342 2016 3398 donec

312 3408 622 3481 ingrediar,
657 3416 714 3466 et
760 3414 998 3470 afferam
1050 3417 1155 3472 tibi
1188 3422 1345 3491 quod
1396 3430 1673 3495 opereris.
1706 3430 2014 3501 Ingressus

312 3506 503 3554 autem
536 3501 902 3570 speluncam,
936 3521 1036 3575 per
1076 3506 1389 3567 fenestram
1443 3516 1853 3576 animadvertit
1882 3538 2014 3577 eum

312 3587 370 3641 in
406 3604 469 3642 eo
496 3590 617 3643 loco
653 3595 825 3645 totam
872 3593 1294 3655 hebdomadam
1347 3619 1581 3661 manere
1631 3608 2013 3678 immobilem,

316 3691 446 3769 cum
481 3677 553 3732 ab
578 3685 719 3733 aestu
745 3685 1060 3739 torreretur
1104 3686 1386 3758 Egressus
1416 3701 1611 3752 autem
1647 3706 1778 3769 post
1799 3699 2019 3756 hebdo-

316 3768 569 3839 madam,
602 3786 736 3826 cum
766 3789 831 3828 ex
863 3773 1070 3843 palmis
1093 3795 1284 3836 ramos
1310 3786 1730 3855 madefecisset,
1756 3790 1807 3845 ei
1830 3791 1971 3846 dicit
1999 3807 2013 3848 :

318 3858 551 3930 Accipe,
600 3864 656 3915 et
704 3868 942 3919 contexo
989 3866 1188 3924 funem
1232 3876 1293 3925 ut
1327 3889 1419 3931 me
1448 3876 1626 3932 vides.
1658 3880 1819 3934 Texit
1849 3898 2020 3937 senex

317 3947 389 4041 ad
421 3946 620 4041 horam
657 3966 841 4019 usque
875 3970 1085 4011 nonam
1120 3960 1446 4030 quindecim
1491 3965 1661 4022 ulnas
1694 3985 1906 4041 magno
1937 3969 2021 4027 la-

318 4034 474 4091 bore.
520 4038 659 4092 Cum
710 4043 905 4096 autem
961 4042 1196 4103 vidisset
1241 4051 1534 4107 Antonius
1582 4054 1636 4109 id
1689 4034 1836 4125 quod
1872 4074 2019 4113 con-

316 4128 601 4193 texuerat,
633 4128 689 4182 id
742 4130 985 4187 minime
1034 4135 1085 4189 ei
1137 4138 1372 4207 placuit,
1413 4147 1469 4197 et
1516 4142 1626 4213 ipsi
1660 4144 1841 4200 dicit:
1877 4146 2023 4205 Male

317 4215 683 4284 contexuisti,
741 4223 953 4288 retexe,
1011 4227 1068 4276 et
1120 4225 1312 4281 denuo
1369 4238 1606 4286 contexe
1657 4249 1674 4299 ;
1722 4251 1855 4288 cum
1894 4236 2021 4305 jam

318 4303 577 4394 septimo
607 4304 699 4358 die
717 4306 960 4376 jejunus
986 4318 1195 4381 ageret,
1235 4314 1410 4387 idque
1442 4335 1573 4374 cum
1606 4327 1755 4376 esset
1785 4303 2023 4394 grandis

317 4391 787 4481 astate.rTantum
822 4400 1015 4454 autem
1065 4417 1199 4458 eum
1233 4403 1342 4459 hac
1375 4405 1446 4462 de
1478 4423 1657 4465 causa
1689 4391 1921 4481 afflixit,
1958 4418 2024 4471 ut

318 4494 470 4549 mgre
502 4480 693 4537 ferens
724 4499 899 4539 senex
930 4485 1147 4558 fugeret
1178 4494 1517 4565 Antonium,
1551 4502 1607 4553 et
1636 4499 1809 4556 vitam
1836 4518 2023 4558 mona-

2127 3338 2471 3394 observabat
2496 3337 2711 3393 Paulus
2740 3337 3056 3393 Antonium
3084 3338 3358 3409 quidnam
3390 3338 3562 3393 vellet
3591 3355 3728 3393 eum
3755 3340 3840 3392 fa-

2126 3444 2272 3483 cere.
2310 3428 2362 3482 Is
2394 3432 2587 3481 autem
2631 3426 2775 3481 dixit
2823 3427 2911 3481 ei:
2945 3426 3166 3482 Tacens
3212 3427 3483 3483 ministra
3518 3429 3836 3495 fratribus;

2126 3534 2313 3587 neque
2345 3516 2559 3587 aliquid
2582 3515 2904 3586 gustaveris
2926 3517 3110 3572 donec
3135 3519 3337 3573 fratres
3368 3518 3589 3573 fuerint
3622 3520 3731 3573 iter
3753 3521 3836 3573 in-

2125 3606 2325 3678 gressi.
2363 3606 2673 3676 Postquam
2699 3610 2889 3661 autem
2923 3606 3230 3677 tertiajam
3256 3607 3491 3678 impleta
3513 3615 3671 3663 esset
3700 3609 3837 3663 heb-

2125 3697 2374 3752 domada
2403 3712 2471 3751 ex
2502 3713 2616 3767 quo
2652 3714 2763 3752 non
2812 3698 3135 3752 comederat
3184 3697 3419 3762 Paulus,
3454 3701 3665 3753 fratres
3696 3714 3832 3754 eum

2126 3786 2445 3857 rogabant:
2479 3786 2603 3849 Qua
2633 3788 2700 3840 de
2721 3802 2897 3840 causa
2928 3791 3081 3841 taces
3103 3784 3131 3841 τ
3157 3785 3417 3859 Cumque
3448 3787 3549 3843 ille
3577 3805 3693 3844 non
3720 3804 3838 3844 res-

2126 3877 2424 3947 ponderet,
2456 3876 2593 3931 dicit
2623 3875 2671 3930 ei
2699 3875 2984 3930 Antonius
3012 3892 3025 3930 :
3058 3877 3202 3942 Quid
3258 3884 3411 3932 taces
3440 3877 3469 3931 ?
3496 3879 3835 3950 colloquare

2128 3983 2257 4022 cum
2310 3966 2609 4021 fratribus.
2665 3964 2760 4020 llle
2818 3982 2949 4021 vero
3006 3975 3092 4022 est
3150 3966 3492 4023 collocutus.
3540 3972 3684 4023 Cum
3729 3969 3836 4022 ali-

2130 4055 2357 4125 quando
2389 4055 2438 4110 ei
2474 4055 2678 4110 fuisset
2727 4054 2903 4110 allata
2947 4072 3093 4110 urna
3139 4056 3351 4125 mellis,
3398 4057 3538 4112 dixit
3570 4059 3622 4113 ei
3653 4060 3840 4113 Anto-

2131 4145 2301 4199 nius:
2339 4143 2558 4214 Frange
2588 4159 2711 4207 vas,
2749 4148 2805 4198 et
2854 4144 2962 4199 mel
3012 4144 3366 4201 eti'undatur.
3401 4146 3491 4201 Sic
3522 4155 3718 4202 autem
3759 4148 3843 4203 fe-

2132 4234 2228 4289 cit.
2262 4233 2331 4289 Et
2361 4233 2413 4288 ei
2466 4250 2668 4289 rursus
2716 4233 2857 4288 dicit
2900 4250 2915 4287 :
2963 4233 3177 4306 Collige
3205 4254 3407 4292 rursus
3441 4238 3553 4293 mel
3587 4239 3838 4306 concha,

2132 4339 2204 4377 ne
2262 4324 2459 4376 sordes
2514 4321 2741 4393 aliquas
2798 4323 3027 4378 inferas.
3088 4324 3154 4379 Et
3209 4342 3411 4381 rursus
3462 4328 3643 4396 jussit
3698 4344 3842 4383 eum

2133 4429 2345 4484 aquam
2379 4413 2608 4468 haurire
2641 4420 2759 4469 toto
2789 4415 2901 4471 die.
2936 4416 3003 4471 Et
3051 4433 3253 4473 rursus
3283 4435 3415 4474 cum
3449 4424 3664 4473 vestem
3700 4422 3843 4489 ejus

2135 4501 2511 4567 dissolvisset,
2534 4504 2717 4573 jussit
2742 4521 3042 4563 censuere.
3074 4507 3320 4563 Tantam
3347 4509 3596 4579 denique
3630 4509 3721 4563 hic
3756 4511 3843 4564 vir

317 4568 669 4672 chorumels
700 4579 891 4672 autem
935 4578 1168 4635 eosdem
1203 4598 1395 4639 ramos
1444 4591 1500 4641 et
1546 4589 1806 4657 retexuit,
1841 4596 1897 4646 et
1925 4593 2018 4648 ile-
2054 4610 2102 4672 ι)
2134 4593 2388 4665 possedit
2419 4568 2827 4663 obedientiam,
2880 4606 2936 4650 ut
2968 4596 3020 4651 ei
3044 4596 3215 4651 etiam
3247 4597 3381 4652 data
3413 4568 3716 4671 sit-gratia
3747 4601 3841 4653 di-

312 4673 444 4749 rum
473 4664 768 4719 contexuit
786 4679 917 4721 cum
943 4683 1155 4740 magno
1180 4671 1393 4742 labore,
1418 4678 1566 4747 quod
1592 4695 1656 4733 ex
1683 4686 2021 4738 contextura

312 4748 787 4843 primaqfuissent
825 4760 1134 4829 corrugati.
1165 4758 1308 4817 Cum
1338 4778 1473 4836 ergo
1503 4766 1743 4824 vidisset
1774 4787 2018 4843 magnus

314 4840 602 4897 Antonius
624 4859 758 4899 eum
788 4861 890 4900 nec
922 4864 1342 4920 murmurasse,
1364 4871 1552 4927 neque
1574 4858 1834 4915 animum
1858 4840 2017 4931 obje-

314 4930 485 4999 cisse,
506 4948 692 5003 neque
715 4935 931 4993 vultum
961 4955 1129 4996 suum
1155 4945 1395 5000 omnino
1418 4949 1716 5015 avertisse,
1751 4956 1806 5005 et
1831 4930 2016 5023 neque

312 5021 397 5077 vel
432 5021 725 5079 tantillum
758 5029 1179 5100 succensuisse,
1205 5040 1438 5105 propter
1466 5053 1596 5094 eum
1630 5045 1718 5095 est
1739 5021 2015 5112 compun-

311 5121 459 5170 ctus.
482 5113 551 5169 Et
581 5115 697 5170 sole
726 5118 1027 5176 occidente
1058 5125 1105 5178 si
1141 5125 1315 5180 dicit:
1350 5126 1670 5197 Patercule,
1698 5133 1785 5187 vis
1821 5149 2016 5188 come-

309 5204 520 5261 damus
553 5206 943 5277 fragmentum
997 5212 1210 5281 panis?
1260 5216 1405 5269 Dicit
1430 5220 1479 5271 ei
1519 5219 1773 5276 Paulus:
1809 5221 1875 5277 Ut
1908 5223 2013 5277 tibi

309 5294 562 5360 videtur,
594 5296 760 5351 abba.
788 5299 904 5355 Hoc
935 5316 1169 5372 quoque
1196 5320 1399 5359 rursus
1427 5306 1649 5364 inﬂexit
1669 5311 2009 5381 Antonium,

312 5384 463 5451 quod
496 5400 611 5440 non
644 5388 711 5440 ad
747 5388 859 5442 cibi
908 5390 1183 5446 nuntium
1232 5394 1493 5463 protinus
1540 5402 1873 5471 accurrerit,
1908 5403 2009 5457 sed

311 5468 360 5562 ei
388 5475 725 5562 potestatem
753 5480 1095 5546 permiserit.
1122 5481 1266 5537 Para
1287 5498 1445 5553 ergo,
1470 5486 1682 5557 inquit,
1711 5468 2010 5562 mensam;

313 5561 371 5612 et
402 5558 633 5614 obediit.
673 5563 793 5617 Fert
828 5584 1003 5637 panes
1052 5572 1362 5641 Antonius,
1413 5583 1467 5629 et
1512 5574 1760 5647 imponit
1800 5558 2014 5637 mensas

310 5655 556 5719 quatuor
586 5665 939 5725 paxamates,
973 5675 1074 5716 sex
1122 5664 1429 5722 unciarum
1461 5684 1475 5735 ;
1508 5670 1566 5723 et
1613 5668 1725 5726 sibi
1775 5674 2011 5743 quidem

2129 4682 2368 4747 vinitus,
2395 4698 2605 4755 nempe
2637 4692 2695 4738 ut
2735 4686 2962 4754 ejicerel
3004 4688 3315 4743 daemones.
3346 4691 3662 4759 Postquam
3695 4705 3841 4761 ergo

2128 4772 2270 4829 vidit
2299 4787 2493 4828 senem
2529 4789 2773 4843 magnus
2798 4776 3103 4842 Antonius,
3150 4784 3411 4848 prompte
3439 4795 3570 4834 eum
3606 4795 3734 4833 esse
3766 4781 3842 4835 ad

2127 4862 2325 4920 omnia
2352 4869 2618 4919 secutum
2650 4864 2707 4919 in
2741 4865 2870 4922 vitas
2913 4870 3246 4924 exercendas
3280 4870 3525 4930 ratione.
3559 4870 3611 4925 ei
3643 4872 3792 4926 dicit
3826 4888 3842 4926 :

2126 4952 2290 5019 Vide,
2325 4953 2516 5021 frater,
2550 4956 2599 5010 si
2631 4955 2714 5010 sic
2745 4956 2801 5011 in
2836 4957 2959 5013 dies
2993 4963 3174 5030 potes,
3212 4977 3379 5017 mane
3406 4975 3655 5016 mecum.
3689 4961 3843 5017 Dicit

2126 5042 2178 5098 ei
2213 5040 2423 5096 Paulus
2470 5059 2483 5097 :
2517 5045 2600 5097 An
2634 5044 2772 5114 quid
2823 5046 2963 5101 mihi
3015 5050 3203 5117 possis
3228 5049 3481 5121 amplius
3505 5052 3840 5113 ostendere,

2125 5132 2341 5187 nescio.
2374 5130 2519 5186 Nam
2553 5148 2621 5187 ea
2662 5149 2783 5203 quae
2816 5136 2926 5190 vidi
2961 5154 2995 5192 a
3027 5143 3082 5193 te
3117 5138 3258 5205 fieri,
3287 5154 3390 5208 ego
3422 5155 3655 5210 quoque
3688 5141 3840 5197 facio

2125 5222 2289 5278 facile
2320 5229 2378 5277 et
2408 5224 2547 5277 citra
2577 5224 2853 5297 laborem,
2888 5232 2999 5283 Deo
3032 5228 3175 5284 mihi
3198 5246 3364 5300 opem
3401 5231 3639 5285 ferente.
3665 5230 3839 5288 Tunc

2123 5314 2171 5369 ei
2206 5312 2346 5368 dicit
2374 5315 2662 5371 Antonius
2694 5315 2803 5372 alio
2835 5318 2964 5375 die:
3004 5318 3065 5375 In
3099 5320 3334 5377 nomine
3361 5322 3519 5389 Iesu,
3550 5338 3682 5377 ecce
3719 5322 3843 5379 fac-

2122 5409 2217 5459 tus
2247 5420 2307 5459 es
2329 5404 2673 5461 monachus.
2699 5412 2841 5464 Cum
2866 5416 3061 5465 autem
3084 5412 3227 5468 satis
3244 5429 3535 5485 superque
3564 5430 3840 5484 comper-

2122 5496 2249 5548 tum
2283 5493 2523 5550 haberet
2546 5495 2601 5550 in
2625 5499 2896 5555 omnibus
2921 5516 3170 5572 magnus
3200 5509 3258 5557 et
3283 5503 3487 5558 beatus
3517 5505 3833 5571 Antonius,

2123 5600 2251 5640 esse
2273 5583 2587 5641 admodum
2614 5588 2925 5659 perfectam
2958 5593 3216 5647 animam
3240 5592 3447 5648 Christi
3482 5609 3743 5661 servum,
3770 5600 3835 5649 ut

2124 5674 2226 5747 qui
2258 5680 2411 5732 esset
2462 5676 2781 5736 admodum
2831 5681 3128 5755 simplex;
3178 5687 3310 5754 post
3356 5692 3545 5742 certos
3572 5699 3828 5755 menses,
