4100 6204
357 356 381 415 Ι
393 355 509 416 083

1871 348 2241 410 PALLADII

3606 357 3765 418 ιοει

355 489 383 545 6
435 490 698 564 μακάριος
755 487 847 543 καὶ
909 487 1072 562 μέγας
1119 483 1434 545 Ἀντώνιος,
1486 477 1569 537 ὅτι
1616 478 1825 541 τέλειός
1883 479 1995 536 ἐστι
2029 482 2073 550 Α
2108 481 2354 536 ταπεινὸν
2412 480 2498 536 καὶ
2541 478 2748 537 ἁπλοῦν
2771 479 3004 538 ’Παύλου
3047 482 3258 541 ἐλαύνει
3314 507 3379 559 με
3433 484 3767 564 φυγαδεῦον,

353 578 488 633 πάνυ
520 583 707 654 ψυχῆς
740 580 767 632 6
792 581 888 632 τοῦ
920 579 1155 650 Χριστοῦ
1186 572 1384 635 δοῦλος
1421 571 1634 632 Παῦλος
1667 573 1695 626 6
1727 568 2000 633 ἄπλαστος

354 665 476 720 λίαν
512 667 719 729 άπλοῦς
765 665 858 730 ὥν,
914 667 1048 736 μετά
1101 673 1274 736 μῆνας
1326 663 1523 736 ῥητοὺς
1575 668 1672 728 τῆς
1722 665 1818 714 τοῦ
1864 663 1998 715 Θεοῦ

352 749 580 823 χάριτος
636 747 994 821 συνεργούσης
1072 745 1348 816 Ἀντωνίῳ
1398 748 1477 812 τῷ
1529 740 1778 815 μακαρίῳ
1853 746 2000 795 ποιεῖ

353 837 500 909 αύτῷ
533 835 736 892 κέλλαν
771 837 965 891 λοιπὸν
997 836 1070 895 ὡς
1102 835 1208 889 ἀπὸ
1254 832 1496 903 σημείων
1543 835 1708 906 τριῶν
1809 832 1995 884 τεσσά-

354 908 591 990 ρωνντῆς
623 919 814 973 ἑαυτοῦ
844 917 1052 984 κέλλης
1077 960 1088 972 .
1141 916 1237 972 Καὶ
1277 915 1419 987 λέγει
1471 913 1620 983 αὐτῷ
1644 956 1657 970 .
1705 908 1868 978 Ἰδοὺ,
1901 918 1999 979 τῆς

354 1008 636 1083 δυνάμεως
664 1014 759 1064 τοῦ
817 1011 1049 1080 Χριστοῦ
1103 1004 1462 1080 συνεργούσης
1496 1025 1578 1059 σοι
1631 1003 1854 1083 γέγονας
1892 1024 1996 1083 μο-

351 1079 519 1171 ναχός
548 1136 560 1148 .
597 1093 730 1148 Μένε
767 1079 884 1144 κατ’
919 1088 1053 1143 ἰδίαν
1088 1087 1306 1154 λοιπὸν,
1335 1085 1426 1140 ’ίνσ
1458 1087 1547 1140 καὶ
1579 1090 1767 1155 πεῖραν
1820 1079 1996 1158 λάϐῃς

351 1181 626 1254 δαιμόνων
652 1225 664 1236 .
709 1180 946 1249 Οἶκήσας
979 1178 1071 1232 οὖν
1100 1179 1219 1231 καθ’
1248 1178 1432 1254 ἑαυτὸν
1486 1174 1700 1236 Παῦλος
1731 1175 1758 1228 6
1793 1174 1999 1236 ἁπλοῦς

353 1259 469 1322 ἔτος
501 1259 578 1326 ἓν,
611 1262 956 1335 χαρίσματος
991 1259 1199 1329 ἠξιώθη
1233 1258 1367 1310 κατὰ
1401 1253 1676 1327 δαιμόνων
1708 1255 1799 1308 καὶ
1832 1274 1998 1322 νοση-

357 1351 538 1422 μάτων
599 1347 976 1416 παντοδαπῶν,
1025 1347 1370 1422 κατορθώσας
1423 1344 1498 1406 εἷς
1549 1343 1710 1418 ἄκρον
1756 1344 1854 1412 τήν
1895 1349 1996 1412 τῆς

349 1433 630 1500 ἀσκήσεως
659 1430 853 1504 ἀρετήν
881 1473 891 1483 .

420 1525 531 1588 Μιᾷ
576 1519 749 1573 τοίνυν
801 1522 905 1570 τῶν
956 1520 1176 1590 ἡμερῶν
1232 1517 1351 1569 καθ’
1402 1512 1713 1588 ὑπερϐολὴν
1760 1511 1990 1568 δεινοτά-

347 1621 455 1660 τως
500 1596 796 1670 δαιμονιῶν
857 1597 1007 1671 ἤχθη
1059 1596 1332 1657 νεανίσκος
1381 1594 1648 1666 Ἀντωνίῳ
1690 1599 1769 1664 τῷ
1821 1615 1994 1665 μακα-

349 1689 449 1759 ρίῳ
480 1687 708 1766 ἀρχικὸν
739 1681 883 1760 ἔχων
922 1684 1318 1760 χάλεπώτατον
1373 1683 1624 1756 δαίμονα,
1666 1684 1724 1744 ὃς
1773 1683 1861 1737 καί
1896 1684 1991 1737 αύ-

346 1778 436 1831 τὸν
501 1777 591 1828 τὸν
661 1775 892 1847 ούρανὸν
950 1771 1297 1850 έδυσιρήμει.
1359 1770 1762 1845 ΙἸροσεσχηκὼς
1826 1770 1916 1824 οῦν
1965 1773 1992 1826 ὁ

351 1857 518 1932 μέγας
587 1855 871 1914 Ἀντώνιος
926 1857 1003 1924 τῷ
1061 1849 1336 1924 νεανίσκῳ,
1399 1851 1540 1925 λέγει
1593 1857 1710 1912 τοῖς
1765 1849 1988 1922 ἄγουσιν
2024 1849 2069 1913 Β

346 1945 505 2000 αὐτόν
543 1962 557 1975 ·
609 1944 724 2001 Ούκ
772 1942 880 1997 ἔστι
921 1947 1081 1996 τοῦτο
1131 1942 1259 2012 ἐμὸν
1320 1943 1382 1996 τὸ
1433 1940 1589 2014 ἔργον
1625 1983 1637 1994 .
1695 1940 1841 1996 Κατά
1895 1942 1995 2014 γάρ

342 2028 537 2082 τούτου
587 2030 683 2080 τοῦ
741 2027 1018 2098 τάγματος
1087 2027 1195 2078 τῶν
1265 2023 1543 2096 δαιμόνων
1596 2026 1693 2076 τοῦ
1760 2022 1996 2098 ἀρχικοῦ

346 2115 499 2172 οὔπω
530 2116 768 2184 ἠξιώθην
817 2115 1183 2188 χαρίσματος,
1228 2110 1373 2165 ἀλλά
1423 2110 1585 2166 τοῦτό
1636 2109 1744 2165 ἐστι
1792 2112 1854 2164 τὸ
1892 2111 1991 2184 χά.

347 2199 519 2270 ρισμά
551 2193 768 2250 Παύλου
807 2193 902 2248 τοῦ
936 2195 1118 2248 ἀπὶ-,οῦ
1145 2235 1158 2259 ,
1208 2190 1488 2248 Ἀπελθὼν
1544 2190 1633 2246 οὖν
1665 2192 1692 2245 6
1727 2191 1994 2265 μακάριος

340 2287 631 2347 ’Λντώνιος
681 2283 818 2359 πρὸς
874 2285 964 2338 τὸν
1026 2282 1253 2354 δόκιμον
1315 2279 1528 2336 Παῦλον
1573 2281 1849 2353 ἀπήγαγεν
1903 2281 1992 2334 καὶ

340 2367 556 2435 αὐτοὺς,
591 2366 679 2420 καὶ
726 2357 882 2442 λέγει
931 2364 1112 2436 αύτῷ·
1165 2359 1337 2419 ’Δϐϐἆ
1396 2361 1596 2426 Παῦλε,
1650 2357 1846 2417 ἔκϐαλε
1905 2363 1994 2417 τὸν

341 2454 574 2526 δαίμονα
632 2459 825 2510 τοῦτον
880 2453 985 2508 ἀπὸ
1051 2457 1147 2508 τοῦ
1205 2451 1514 2523 ἀνθρώπου,
1571 2449 1665 2506 ’ίνα
1743 2453 1991 2524 ὑγιαίνων

340 2536 546 2608 ἀπέλθῃ
587 2537 662 2596 είς
712 2537 776 2590 τὰ
824 2532 957 2601 ἴδια,
1007 2534 1097 2588 καὶ
1148 2531 1343 2607 δοξάζῃ
1395 2535 1485 2586 τὸν
1541 2533 1736 2606 Κύριον
1767 2576 1778 2588 .
1829 2535 1988 2608 Λέγει

339 2627 486 2697 αύτῷ
517 2627 544 2680 6
579 2623 794 2685 Παῦλος
821 2644 833 2655 ·
872 2624 945 2678 Σὺ
976 2625 1077 2696 γάρ
1109 2623 1160 2676 τί
1188 2641 1200 2690 ;
1237 2623 1392 2697 Λέγει
1426 2620 1570 2692 αύτῷ
1603 2622 1630 2675 6
1662 2621 1944 2683 Ἀντώνιος
1971 2641 1983 2654 ·

339 2707 409 2764 Οὐ
441 2706 702 2782 σχολάζω
733 2704 858 2777 έγὼ,
911 2703 1051 2759 ἀλλο
1099 2701 1214 2776 ἔχω
1263 2700 1458 2777 ἔργον.
1513 2703 1608 2755 Καὶ
1659 2700 1987 2774 καταλείψας

338 2800 448 2855 ἐκεῖ
473 2800 566 2854 τὸν
599 2793 763 2853 παῖδα
795 2797 822 2850 ὁ
867 2796 1035 2869 μέγας
1085 2794 1394 2854 Ἀντώνιος.
1450 2793 1774 2866 ὑπέστρεψεν
1821 2793 1985 2847 πάλιν

366 2881 412 2914 λι
487 2882 499 2896 ‘
573 2877 648 2934 ἰδ’
813 2876 900 2931 ιλ)
1063 2877 1126 2932 Ἀ
1277 2875 1289 2890 “
1405 2873 1432 2891 ”
1505 2872 1590 2891 ”’
1664 2896 1674 2904 ·
1738 2873 1846 2927 ’έ

336 2901 410 2943 ει,
441 2902 538 2948 την
636 2900 712 2932 ιαν
773 2898 832 2931 κε
898 2897 1015 2932 καν.
1131 2896 1329 2937 ναστας
1374 2894 1984 2947 ουνοακακοςγρων,

333 2971 421 3024 καὶ
490 2967 918 3042 προσευξάμενος
986 2965 1172 3039 ἐνεργῆ
1245 2965 1610 3042 προσευχὴν,
1678 2963 1986 3042 προσκαλε-

337 3039 562 3123 σάμενος
620 3049 711 3104 τὸν
777 3046 1162 3119 δαιμονιῶντα,
1214 3044 1410 3118 λέγει·
1456 3039 1694 3117 Εῗρηκεν
1737 3044 1764 3097 6
1814 3039 1985 3104 ἀϐϐἆς

331 3140 646 3200 Ἀντώνιος,
680 3138 763 3192 6'1:
794 3135 1018 3206 Ἔξελθε
1060 3135 1164 3190 ἀπὸ
1195 3138 1292 3189 τοῦ
1330 3133 1640 3205 ἀνθρώπου.
1667 3131 1753 3184 *ίνα
1785 3129 1980 3204 δοξάζῃ

2108 571 2196 625 καί
2235 575 2360 642 ποῦ..
2387 571 2608 626 ἀπέλθω
2641 573 2746 627 οὐκ
2796 569 2936 628 οἶδα.
2981 573 3084 628 Καὶ
3131 582 3475 650 παραχρῆμα
3531 576 3765 646 ἐξῆλθεν

2108 661 2170 714 τὸ
2226 663 2432 731 πνεῦμα
2481 665 2578 715 τοῦ
2631 658 2908 733 δαίμονος,
2951 663 3040 717 καὶ
3103 660 3415 735 μετεϐλήθη
3488 666 3565 728 ε“ς
3634 665 3776 732 δρά-

2108 760 2271 796 κοντα
2301 739 2546 815 μέγιστον
2600 743 2728 797 ὼσεὶ
2776 748 2976 817 πηχῶν
3017 739 3424 818 ἐϐδομήκοντα.
3460 746 3560 802 Καὶ
3595 747 3766 822 ἀπῄει

2109 833 2410 903 συρόμενος
2475 830 2550 894 είς
2615 834 2715 901 τὴν
2797 831 3067 886 θάλασσαν
3127 834 3227 901 τὴν
3291 835 3546 909 Ἐρυθράν
3602 856 3612 865 ’
3673 836 3772 891 τίνα

2108 910 2380 984 πληρωθῇ
2412 912 2474 967 τὸ
2507 913 2670 986 ῥηθὲν
2701 912 2804 967 ὑπὸ
2835 917 2931 968 τοῦ
2981 913 3134 986 ἀγίου
3187 915 3498 988 Πνεύματος
3535 935 3548 948 ⁸
3601 918 3768 974 Ἐπι-

2109 999 2458 1072 δεικνυμένην
2502 1001 2679 1056 πίστιν
2733 1002 3030 1079 ἀναγγελεῖ
3078 1001 3311 1066 δίκαιος.
3366 1007 3463 1060 Καὶ
3507 1006 3678 1063 πᾶλιν
3713 1007 3768 1062 ἐν

2107 1083 2315 1156 ἑτέρῳ·
2377 1082 2496 1137 Ἐπὶ
2556 1081 2674 1137 τίνα
2731 1079 3034 1156 ἐπιϐλέψω,
3095 1085 3256 1163 φησὶν
3315 1087 3342 1140 ὁ
3402 1087 3628 1161 Κύριος,
3675 1088 3769 1142 ἐπὶ

2107 1173 2198 1226 τὸν
2255 1173 2502 1227 ταπεινὸν
2551 1173 2640 1225 καὶ
2698 1173 2955 1247 ἡσύχιον,
3019 1173 3108 1226 καὶ
3156 1173 3426 1247 τρέμοντά
3469 1197 3575 1246 μου
3632 1176 3771 1239 τοὺς

2108 1252 2325 1327 λόγους.
2381 1253 2555 1309 Εῗωθε
2623 1253 2730 1328 γὰρ
2785 1257 2850 1307 τὰ
2907 1255 3259 1326 ταπεινότερα
3307 1260 3414 1310 τῶν
3477 1253 3764 1328 δαιμόνων

2109 1345 2213 1398 ὑπὸ
2258 1348 2365 1397 τῶν
2420 1343 2663 1417 ἀρχικῶν
2705 1343 3005 1415 ἀνθρώπων
3041 1343 3092 1398 ἐν
3141 1349 3210 1417 τῇ
3260 1343 3438 1398 πίστει
3487 1341 3761 1401 ἐκϐάλλει

2106 1435 2225 1487 σθαι
2261 1449 2272 1462 ⁶
2305 1434 2430 1492 τοὺς
2463 1429 2519 1486 δὲ
2549 1431 2814 1506 ἀρχικοὺς
2842 1431 3010 1486 πάλιν
3033 1429 3290 1503 δαίμονας
3315 1433 3418 1488 ὑπὸ
3441 1439 3545 1488 τῶν
3569 1457 3766 1490 ταπει-

2101 1517 2203 1566 νῶν
2229 1510 2632 1590 φυγαδεύεσθαι.
2664 1513 2836 1569 Ταῦτά
2867 1511 2978 1566 ἐστι
3008 1512 3254 1585 θαύματα
3301 1518 3396 1568 τοῦ
3440 1513 3619 1569 άπλοῦ
3663 1517 3756 1570 καὶ

2100 1603 2540 1677 ταπεινόφρονος,
2573 1602 2660 1656 καί
2693 1600 2839 1656 ἄλλα
2884 1600 3109 1655 πλείονα
3137 1603 3227 1655 καὶ
3264 1601 3480 1672 μείζονα
3520 1604 3756 1662 τούτων.

2103 1685 2196 1743 "Oc
2238 1681 2522 1751 ἀπεκλήθη
2555 1680 2792 1742 Ἀπλοῦς
2824 1681 2965 1754 παρά
2994 1683 3171 1748 πάσης
3222 1689 3323 1751 τῆς
3354 1681 3754 1760 ἀδελφότητος.

2280 1762 2285 1769 ’
2707 1775 3142 1829 KE¢AA.K61

2733 1853 2860 1924 Περί
2899 1854 3123 1924 Παχών.

2177 1945 2376 2015 Παχών
2426 1962 2508 2002 τις
2554 1939 2782 2014 ὀνόματι
2834 1941 2956 2015 περὶ
3005 1943 3071 1995 τά
3127 1936 3506 2013 ἑϐδομήκοντα
3555 1943 3760 2006 ἐλάσας

2102 2021 2194 2092 ἔτη
2253 2022 2529 2092 ἐκαθέζετο
2579 2021 2631 2076 ἐν
2682 2026 2749 2094 τῇ
2814 2024 3034 2092 Σκήτει.
3087 2018 3294 2093 Συνέϐη
3338 2022 3385 2078 δ’
3424 2023 3522 2096 ἐμὲ
3573 2025 3760 2101 ὀχλη-

2103 2114 2256 2169 θέντα
2317 2115 2418 2168 ὑπὸ
2472 2117 2568 2168 τοῦ
2619 2111 2875 2186 δαίμονος
2917 2113 3286 2188 συνεχόμενον
3339 2113 3600 2188 ἐπιθυμίᾳ
3652 2141 3751 2194 γυ·

2100 2194 2306 2266 ναικείᾳ
2337 2192 2620 2268 δυσφορεῖν
2647 2195 2737 2248 καὶ
2771 2194 2906 2268 πρὸς
2950 2194 3078 2254 τοὺς
3127 2193 3435 2271 λογισμοὺς
3474 2199 3564 2252 καὶ
3613 2192 3752 2272 πρὸς

2100 2283 2194 2345 τάς
2227 2283 2518 2359 φαντασίας
2561 2284 2654 2344 τάς
2705 2283 3035 2356 νυκτερινάς.
3087 2285 3186 2337 Καὶ
3244 2284 3406 2361 ἐγγὺς
3454 2287 3751 2360 γενόμενος

2102 2367 2202 2422 ὑπὸ
2257 2365 2453 2420 τούτου
2511 2368 2605 2418 τοῦ
2660 2367 2964 2437 πειρασμοῦ
3022 2362 3249 2434 ἐξελθεῖν
3327 2367 3428 2434 τῆς
3511 2365 3746 2440 ἐρήμου,

2096 2455 2414 2516 ἐλαύνοντός
2451 2475 2516 2528 με
2549 2449 2931 2530 σφοδροτάτως
2960 2458 3056 2508 τοῦ
3088 2454 3288 2516 πάθους
3339 2458 3479 2526 (τοῖς
3516 2455 3611 2528 μὲν
3644 2458 3748 2530 γὰρ

2095 2538 2297 2611 γείτοσι
2328 2541 2438 2591 τῶν
2473 2538 2723 2608 Πατέρων
2755 2537 2855 2589 ούκ
2902 2534 3168 2606 ἀνεθέμην
3213 2535 3274 2589 τὸ
3321 2542 3568 2611 πρᾶγμα,
3618 2534 3748 2591 ἀλλ’

2095 2628 2218 2683 οὔτε
2257 2633 2336 2699 τῷ
2394 2624 2704 2698 διδασκάλῳ
2753 2647 2858 2698 μου
2917 2625 3187 2702 Εύαγρίῳ)
3234 2645 3246 2658 ·
3308 2625 3630 2695 λεληθότως
3690 2625 3746 2682 δὲ

2092 2703 2424 2783 παραϐαλὼν
2483 2705 2556 2766 εἷς
2633 2707 2730 2775 τήν
2796 2705 3132 2778 πανέρημον,
3199 2707 3590 2781 συνετύγχανον
3648 2706 3739 2760 ἐπὶ

2092 2799 2301 2869 ἡμέρας
2351 2793 2636 2850 δεκαπέντε
2701 2800 2822 2855 τοῖς
2880 2797 3016 2849 κατὰ
3071 2796 3170 2863 τήν
3237 2801 3428 2864 Σκῆτιν
3460 2796 3738 2870 Πατράσιν

2092 2879 2392 2956 γηράσασιν
2448 2877 2498 2930 ἐν
2548 2879 2617 2948 τῇ
2668 2873 2882 2949 ἐρήμῳ.
2936 2877 3018 2931 Ἐν
3068 2877 3150 2938 οἷς
3185 2872 3252 2943 δὴ
3300 2877 3610 2950 περιέτυχον
3640 2876 3738 2931 καὶ

2089 2972 2168 3038 τῷ
2229 2966 2453 3039 Παχών.
2514 2965 2698 3036 Εὑρὼν
2766 2962 2854 3018 οῦν
2944 2963 3102 3018 αὐτὸν
3189 2964 3562 3038 ἆκεραιότερον
3647 2965 3741 3019 καὶ

2091 3049 2545 3119 ἀσκητικώτερον,
2604 3045 2874 3120 ἐθάρσησα
2940 3045 3088 3117 αὐτῷ
3148 3047 3436 3102 ἀναθέσθαι
3499 3069 3606 3120 μου
3675 3050 3745 3105 τά

2091 3145 2190 3206 τῆς
2247 3135 2502 3198 διανοίας.
2563 3136 2659 3190 Καὶ
2701 3135 2846 3210 λέγει
2898 3156 2989 3207 μοι
3041 3136 3068 3190 6
3101 3137 3251 3210 ἅγιος
3285 3136 3441 3199 οὗτος
3477 3154 3490 3166 ·
3534 3139 3624 3206 Μὴ
3657 3143 3740 3212 ξε-

334 3222 424 3275 τὸν
479 3220 679 3292 Κύριον
743 3220 904 3293 ὑγιής
933 3260 944 3272 .
1004 3221 1065 3272 Ὁ
1115 3213 1171 3268 6‘s
1220 3212 1427 3284 δαίμων
1475 3213 1609 3283 μετὰ
1667 3209 1978 3287 δυσφημίας
2012 3220 2214 3302 Ονίσῃ
2256 3239 2314 3271 σε
2355 3217 2415 3271 τὸ
2460 3221 2702 3291 πρᾶγμα,
2753 3209 2826 3271 οὐ
2873 3215 2974 3291 γὰρ
3023 3209 3157 3270 αὐτὸ
3206 3215 3439 3292 πάσχεις
3485 3219 3592 3273 ἀπὸ
3643 3209 3737 3294 ῥ’ᾳ,

333 3309 608 3382 ἀνέκραξεν
637 3327 650 3340 ο
703 3305 812 3360 Οὐκ
859 3305 1172 3378 ἐξέρχομαι,
1206 3303 1510 3382 φαγόγηρε,
1562 3301 1736 3382 λῆρε,
1785 3296 1976 3382 (λαϐὼν

335 3390 424 3442 οὗν
455 3379 553 3454 τήν
599 3386 866 3458 μηλωτήν
906 3387 1072 3437 αύτοῦ
1120 3383 1255 3436 κατά
1301 3386 1398 3434 τοῦ
1447 3381 1623 3434 νώτου
1677 3379 1834 3434 αὐτὸν
1869 3379 1983 3435 ἔτυ-

332 3493 481 3538 πτεν,
517 3470 693 3545 λέγων
727 3489 739 3501 ·
792 3469 1005 3540 Ἐξλθε,
1039 3467 1250 3539 εἴρηκεν
1289 3467 1316 3519 6
1361 3461 1531 3526 ἀϐϐἆς
1563 3467 1890 3545 δΑντώνιος.
1924 3467 1980 3521 Ὀ

335 3549 390 3605 δὲ
423 3549 637 3619 δαίμων
680 3545 948 3622 ἐλοιδόρει
1002 3547 1091 3602 καὶ
1124 3548 1416 3602 Ἀντώνιον
1449 3544 1809 3622 σφοδρότερον
1846 3549 1978 3620 μετά

329 3643 426 3694 τοῦ
455 3635 697 3703 Παύλου,
721 3636 894 3710 λέγων
923 3656 935 3669 ·
972 3637 1032 3690 0':
1056 3634 1408 3710 πολιοσάγοι,
1430 3636 1603 3700 οὗτοι,
1629 3636 1680 3689 οἱ
1713 3635 1979 3711 λεληθαρ-

329 3720 586 3796 γημένοι,
621 3719 671 3774 οἱ
705 3718 998 3788 ἄπληστοι.
1043 3721 1092 3772 0':
1128 3715 1404 3791 μηδέποτε
1429 3723 1544 3772 τοῖς
1586 3713 1746 3780 ἰδίοις
1779 3716 1980 3793 ἀρκού-

333 3830 505 3882 μενοι,
556 3808 606 3864 τί
656 3808 834 3864 κοινὸν
884 3805 1039 3887 ἔχετε
1093 3808 1207 3880 μεθ’
1265 3809 1474 3887 1,06“;
1521 3807 1572 3861 τί
1604 3809 1750 3887 ἡμᾶς
1783 3828 1977 3883 τυραν-

327 3901 505 3963 νεῖτε;
555 3891 721 3955 Τέλος
768 3883 1115 3965 λέγειναὺτῷ
1156 3889 1183 3943 6
1223 3886 1443 3950 Παῦλος
1487 3907 1500 3920 ⁸
1568 3883 1886 3958 Ἐκϐαίνεις,
1937 3889 1972 3957 ἢ

334 3985 553 4058 ὑπάγων
587 3980 732 4053 λέγω
757 3985 836 4052 τῷ
876 3981 1149 4051 Χριστῷς
1200 3978 1274 4049 μά
1320 3977 1409 4032 τὸν
1459 3979 1693 4047 Ἰησοῦν,
1737 3976 1826 4032 ἐάν
1880 3978 1978 4033 οὐκ

328 4062 600 4140 ἐκϐαίνῃς,
634 4063 744 4137 ἐγὼ
773 4060 890 4136 ἄρτι
927 4062 1138 4134 ὑπάγω,
1174 4058 1320 4134 λέγω
1349 4063 1428 4130 τῷ
1472 4059 1710 4130 Χριστῷ,
1733 4059 1821 4114 καὶ
1854 4061 1972 4114 οὐαί

330 4169 416 4210 σοι
447 4150 565 4227 ἔχει
613 4159 861 4218 ποιῆσαι.
905 4145 1436 4222 Προσεδυσφήμησεν
1476 4147 1566 4201 καὶ
1613 4149 1706 4203 τὸν
1760 4151 1974 4218 Ἰησοῦν

328 4236 356 4288 6
387 4225 656 4304 ἀνήμερος
682 4228 918 4301 δαίμων,
949 4229 1181 4300 κράζων,
1216 4225 1324 4280 Οὐκ
1355 4225 1669 4302 ἐξέρχομαι,
1706 4229 1828 4284 Ἐπὶ
1856 4229 1972 4284 τού.

321 4343 400 4394 τῳ
432 4319 694 4398 χολώσας
726 4319 752 4370 6
779 4318 934 4398 67:04
956 4313 1462 4398 [10610010167106
1493 4313 1972 4398 6a€p0vocﬁﬁﬁlea

320 4395 642 4471 τῆς-ἑαυτοῦ
683 4395 854 4467 ξενίας
909 4397 1026 4450 κατ’
1077 4395 1245 4464 αὐτὴν
1293 4397 1392 4464 τὴν
1449 4396 1702 4469 σταθεράν
1755 4415 1966 4472 μεσημ-

324 4486 502 4564 ϐρίαν.
535 4491 650 4542 Τῶν
685 4483 742 4541 δὲ
771 4485 1081 4561 Αἰγυπτίων
1113 4486 1174 4540 τὸ
1206 4483 1387 4557 καῦμα
1420 4485 1655 4558 μάλιστα
1676 4488 1736 4540 τὸ
1769 4485 1820 4542 ἐν
1853 4495 1967 4550 τοῖς

2085 3309 2304 3380 θυμίας.
2338 3312 2616 3381 Μαρτυρεῖ
2638 3305 2742 3380 γάρ
2771 3327 2854 3360 σοι
2903 3306 2993 3360 καὶ
3043 3307 3070 3360 6
3118 3306 3283 3368 τόπος
3332 3309 3422 3362 καὶ
3473 3311 3507 3377 ἡ
3552 3309 3743 3372 σπάνις

2083 3394 2189 3444 τῶν
2251 3392 2472 3463 χρειῶν,
2533 3386 2624 3440 καὶ
2680 3387 2744 3440 τὸ
2817 3389 2892 3458 μή
2951 3385 3082 3441 εἶναι
3143 3388 3436 3463 συντυχίας
3505 3389 3739 3455 θηλειῶν

2084 3475 2286 3536 ἐνθάδε,
2320 3474 2496 3533 Ἀλλά
2534 3474 2744 3548 μᾶλλον
2797 3477 2900 3530 ἀπὸ
2935 3475 3176 3546 σπουδῆς
3214 3484 3314 3546 τῆς
3363 3485 3480 3533 κατ’
3541 3477 3740 3553 ἀρετὴν

2084 3554 2365 3631 συμϐοίνει
2425 3577 2508 3610 σοι
2549 3561 2712 3610 τοῦτο
2772 3557 2915 3630 παρὰ
2974 3561 3071 3610 τοῦ
3133 3556 3402 3614 ἐναντίου.
3453 3559 3739 3631 Τριπλοῦς

2083 3650 2184 3722 γάρ
2243 3646 2381 3702 ἐστιν
2434 3648 2462 3700 6
2525 3643 2772 3718 πολεμος
2824 3647 2851 3700 6
2899 3647 3177 3718 πορνικός.
3224 3647 3362 3702 Ποτὲ
3415 3648 3509 3719 μὶν
3558 3649 3664 3722 γὰρ
3701 3653 3736 3718 ἡ

2085 3729 2208 3796 σάρξ
2250 3729 2384 3798 ἡμῖν
2419 3725 2712 3780 ἐπιτίθεται
2743 3723 2799 3780 εὖ
2844 3727 3089 3780 παθοῦσα
3125 3746 3131 3753 ·
3181 3726 3314 3782 ποτὲ
3363 3723 3421 3781 δὲ
3474 3726 3541 3781 τὰ
3590 3729 3734 3796 πάθη

2083 3819 2217 3888 ἡμῖν
2248 3816 2622 3872 ἐπανίστανται
2667 3812 2756 3869 διά
2797 3820 2902 3869 τῶν
2952 3814 3241 3892 λογισμῶν
3278 3835 3290 3848 ο
3341 3817 3473 3870 ποτὲ
3531 3813 3588 3871 δέ
3645 3819 3732 3872 καὶ

2081 3898 2244 3959 αὐτὸς
2277 3898 2304 3952 6
2355 3894 2564 3969 δαίμων
2618 3899 2868 3968 τυραννεῖ
2905 3897 3053 3968 ἡμᾶς
3121 3893 3209 3950 διὰ
3266 3902 3366 3964 τῆς
3420 3897 3734 3970 βασκανίας.

2083 3987 2221 4062 Ἐγὼ
2268 3986 2373 4062 γάρ
2420 3983 2606 4040 πολλά
2645 3986 3036 4058 παρατηρήσας
3082 3984 3286 4058 εὕρηκα
3331 3988 3511 4042 τοῦτο,
3569 3983 3733 4058 Ἰδοὺ,

2079 4067 2153 4127 ὠς
2197 4069 2326 4140 ὁρᾶς
2376 4085 2464 4138 με,
2513 4065 2739 4141 γέροντα
2780 4064 3101 4140 ἄνθρωπον·
3151 4067 3580 4140 τεσσαρακοστὸν
3613 4065 3733 4129 ἔτος

2080 4149 2195 4230 ἔχω
2227 4154 2278 4211 ἐν
2316 4158 2382 4228 τῇ
2413 4150 2588 4229 κὲλλῃ
2616 4154 2785 4221 ταύτη
2819 4156 3121 4232 φροντίζων
3151 4162 3254 4224 τῆς
3288 4155 3526 4228 ἐμαυτοῦ
3558 4177 3735 4226 σωτη-

2079 4239 2198 4313 ρίας
2234 4260 2240 4266 '
2277 4237 2366 4291 καὶ
2397 4236 2596 4306 ταύτην
2631 4233 2774 4312 ἄγων
2801 4238 2898 4306 τήν
2941 4236 3162 4306 ἡλικίαν
3199 4237 3398 4312 μέχρις
3443 4235 3563 4310 ἄρτι
3611 4258 3733 4293 πει-

2079 4329 2335 4402 ράζομαι.
2387 4329 2484 4383 Καὶ
2528 4323 2747 4400 ὥμνυτο
2815 4327 3126 4403 λέγων,ὅτι
3158 4325 3377 4384 Δώδεκα
3432 4327 3548 4400 ἔτη,
3599 4330 3735 4402 μετά

2074 4407 2136 4462 τὸ
2188 4408 2553 4477 πεντηκοστόν
2600 4429 2664 4480 με
2711 4404 2832 4469 ἔτος
2855 4406 3022 4484 ἄγειν,
3056 4407 3116 4464 οὐ
3158 4409 3326 4463 νύκτα
3360 4430 3452 4482 μοι
3486 4410 3732 4484 συνεχώ-

2076 4517 2257 4570 ρησεν,
2312 4496 2417 4572 οὐχ
2475 4499 2688 4571 ἡμέραν
2767 4497 3139 4572 ἐπιτιθέμενός
3207 4520 3322 4572 μοι.
3402 4502 3734 4570 Ὑπονοήσας

321 4572 510 4632 τόποις
544 4567 766 4631 ἐκείνοις
823 4566 1073 4643 συγγενές
1112 4566 1224 4622 ἐστι
1274 4568 1418 4642 τάχα
1474 4575 1572 4637 τῆς
1617 4564 1968 4631 Βαϐυλωνίας
2002 4606 2046 4669 D
2076 4564 2171 4650 οῄν
2207 4564 2528 4648 ὅτιάπέστη
2555 4564 2661 4650 μόυ
2685 4578 2712 4632 ὁ
2744 4578 2896 4648 Θεὸς,
2930 4564 3014 4633 δίὸ
3057 4579 3146 4634 καὶ
3197 4564 3733 4653 καταδυναστεύόμαι

319 4659 576 4735 καμίνου.
605 4657 738 4720 Στάς
763 4657 854 4712 οὖν
880 4657 955 4719 ὡς
981 4655 1177 4720 στύλος
1202 4657 1229 4712 6
1255 4661 1351 4712 τοῦ
1384 4655 1614 4731 ούρανοῦ
1644 4656 1840 4720 στύλος
1879 4657 1966 4713 ἐπὶ

445 4743 642 4814 πέτρας
699 4738 751 4794 ἐν
802 4743 880 4810 τῷ
933 4734 1047 4810 ὄρει
1098 4737 1484 4813 προσεύχεται,
1519 4738 1691 4810 λέγων
1744 4738 1916 4799 οὕτως
1951 4760 1962 4772 ·

324 4833 396 4884 Σὺ
441 4829 680 4904 βλέπεις,
717 4831 900 4897 Ἰησοῦ
932 4828 1151 4899 Χριστέ,
1185 4828 1212 4881 6
1244 4828 1573 4902 παυρωθεὶς
1603 4826 1690 4880 ἐπὶ
1736 4828 1965 4882 Ποντίου

323 4907 583 4979 Πιλάτου,
618 4908 801 4963 δτι.οὐ
842 4905 1062 4962 καταϐῶ
1111 4907 1216 4960 ἀπὸ
1264 4913 1363 4976 τῆς
1413 4905 1635 4976 πέτρας,
1669 4906 1731 4961 ού
1783 4907 1964 4982 φάγω,

323 5001 385 5057 οὐ
415 4999 547 5068 πίω,
573 4997 677 5063 ἕως
707 4999 769 5053 οὗ
802 4997 1053 5053 ἀποθάνω
1089 5016 1101 5029 '
1133 4998 1224 5052 ἐὰν
1275 4999 1350 5070 μὴ
1402 4995 1523 5074 ἄρτι
1580 4998 1816 5073 ἀκούσῃς
1875 5000 1963 5053 καὶ

319 5078 552 5156 ἐκϐάλῃς
598 5079 788 5137 τοῦτον
831 5082 920 5136 τὸν
971 5077 1199 5153 δαίμονα
1246 5079 1350 5134 ἀπὸ
1393 5084 1488 5135 τοῦ
1524 5082 1833 5157 ἀνθρώπου,
1875 5081 1962 5135 καὶ

316 5172 596 5246 ἐλεύθερον
621 5170 779 5225 αὑτὸν
813 5171 1053 5244 ποιήσῃς
1103 5169 1209 5224 ἀπὸ
1257 5169 1452 5224 τούτου
1510 5175 1606 5224 τοῦ
1653 5170 1963 5242 πνεύματος

313 5258 410 5308 τοῦ
459 5253 781 5328 ἀκαθάρτου.
832 5253 950 5306 Ἔτι
1005 5249 1303 5315 λαλοῦντος
1347 5255 1444 5305 τοῦ
1496 5249 1674 5306 ἁπλοῦ
1722 5252 1811 5306 καὶ
1868 5273 1959 5306 τα-

317 5344 671 5419 πεινόφρονος
716 5340 938 5397 Παύλου
987 5345 1066 5412 τῷ
1114 5342 1315 5409 Ἰησοῦ,
1348 5341 1454 5413 πρὸ
1505 5345 1602 5394 τοῦ
1645 5339 1960 5410 τελεσθῆναι

316 5420 441 5482 τοὺς
509 5421 710 5496 λόγους
785 5427 882 5478 τοῦ
954 5421 1222 5494 στόματος
1296 5420 1460 5475 αὐτοῦ
1536 5424 1632 5474 τοῦ
1697 5424 1958 5497 καθαροῦ,

315 5511 590 5582 ἀνέκραξεν
622 5511 770 5566 κάτω
820 5515 954 5587 πρὸς
987 5514 1086 5581 τὴν
1136 5509 1337 5566 κέλλαν
1369 5511 1397 5564 6
1447 5506 1671 5581 δαίμων¹
1719 5513 1959 5586 Ὑπάγω,

317 5590 529 5663 ὑπάγω,
609 5589 923 5666 ἐξέρχομαι,
1014 5593 1105 5666 βίᾳ
1188 5591 1278 5646 καὶ
1363 5587 1634 5660 τυραννίδι
1730 5590 1957 5647 έλαύνο-

319 5702 435 5757 μαι,
497 5680 770 5755 ἀναχωρῶ
843 5686 938 5737 τοῦ
1010 5681 1316 5755 ἀνθρώπου,
1366 5679 1548 5734 οὐκέτι
1610 5680 1822 5754 ἐγγίζω.
1886 5683 1957 5737 Τὸ

2079 4665 2253 4728 οὕτως
2285 4685 2296 4699 ·
2334 4667 2630 4740 ᾑρησάμην
2661 4668 2942 4722 ἀποθανεῖν
2977 4666 3189 4740 μᾶλλον
3230 4667 3474 4743 ἀλόγως,
3506 4669 3542 4738 ἢ
3575 4671 3732 4725 πάθει

2078 4745 2332 4820 σώματος
2392 4748 2783 4822 ἀσχημονῆσαι
2842 4747 3112 4824 αἰσχρῶς.
3175 4748 3275 4804 Καὶ
3332 4747 3560 4819 ἐξελθών
3626 4771 3731 4822 μου

2075 4838 2173 4903 τῆς
2205 4834 2432 4906 κέλλης,
2463 4837 2550 4890 καὶ
2584 4839 2808 4910 περιιὼν
2849 4838 2948 4906 τὴν
2995 4837 3222 4911 ἔρημον,
3266 4835 3540 4909 σπήλαιον
3574 4838 3730 4915 εὖρον

2076 4915 2261 4986 ὑαίνης
2314 4935 2326 4947 ·
2377 4916 2454 4977 εἷς
2507 4917 2534 4971 6
2586 4918 2855 4988 σπήλαιον
2913 4914 3080 4989 ἔθηκα
3131 4919 3366 4991 ἐμαυτὸν
3430 4920 3482 4975 ἐν
3549 4914 3733 4995 ἡμέρα

2074 5008 2277 5082 γυμνόν
2323 5024 2336 5038 ’
2382 5005 2472 5062 ’ίνα
2518 5005 2800 5081 ἐξελθόντα
2861 5029 2926 5081 με
2976 5008 3117 5084 φάγῃ
3164 5010 3231 5064 τὰ
3285 5011 3474 5083 θηρία.
3504 5011 3594 5072 Ὠς
3635 5008 3730 5064 οῦν

2076 5086 2278 5160 ἐγένετο
2337 5089 2555 5162 ἑσπέρα,
2615 5089 2751 5144 κατά
2818 5090 2879 5143 τὸ
2961 5088 3363 5165 γεγραμμένον,
3423 5094 3479 5146 Ὁ
3564 5089 3730 5160 ἥλιος

2074 5173 2363 5252 ἕγνωπῄν
2427 5174 2572 5231 δύσιν
2633 5178 2823 5234 αὐτοῦ.
2903 5180 3070 5234 ’Ἑθου
3114 5179 3327 5248 σκότος,
3380 5181 3471 5234 καὶ
3517 5177 3726 5255 ἐγένετο

2072 5257 2189 5326 νύξ.
2262 5258 2348 5312 Ἐν
2409 5256 2546 5330 αὐτῇ
2609 5255 2977 5314 διελεύσονται
3036 5260 3206 5314 πάντα
3263 5259 3328 5314 τά
3392 5259 3555 5335 θηρία
3631 5265 3730 5315 τοῦ

2076 5343 2307 5420 δρυμοῦ.
2380 5347 2446 5402 Οἱ
2517 5346 2750 5420 σκύμνοι
2817 5348 3128 5422 ὠρυόμενοι
3183 5353 3282 5404 τοῦ
3340 5351 3578 5424 ἁρπάσαι
3635 5350 3728 5405 καὶ

2075 5430 2308 5495 ζητῆσαι
2368 5428 2513 5500 παρά
2566 5432 2647 5499 τῷ
2705 5433 2819 5498 Θεῴ
2881 5431 3084 5503 βρῶσιν
3132 5428 3336 5494 αὑτοῖς.
3383 5429 3728 5499 Ἐξελθόντες

2073 5512 2164 5568 οὖν
2215 5516 2270 5568 0':
2323 5517 2486 5589 θῆρες
2534 5514 2586 5570 ἐν
2636 5514 2813 5591 ἐκείνῃ
2864 5521 2931 5590 τῇ
2983 5516 3098 5594 ὥρᾳ
3145 5520 3174 5574 6
3221 5540 3278 5574 τε
3327 5520 3497 5594 ἅρσην
3558 5521 3648 5574 καὶ
3691 5523 3724 5587 ἡ

2072 5593 2266 5665 θήλεια
2325 5595 2716 5674 ὡσφράνθησάν
2777 5619 2865 5670 με,
2927 5599 3031 5653 ἀπὸ
3087 5596 3270 5655 ποδῶν
3323 5598 3426 5662 ἓως
3475 5599 3725 5673 κεφαλῆς

2069 5683 2464 5760 περιλείξαντές
2487 5707 2572 5761 με.
2622 5687 2724 5746 Καὶ
2756 5687 2833 5752 ὡς
2880 5685 3100 5744 ἐδόκουν
3157 5689 3458 5764 βρωθῆναι,
3504 5688 3724 5764 ἀνεχώ-
