4100 6204
323 373 478 438 1085

1667 372 2036 436 HISTORIA
2081 376 2479 440 LAUSIACA.

3675 391 3830 452 1086

320 514 418 571 1)θὶ
453 512 638 585 gratia
667 528 833 583 opem
868 512 1086 568 ferente
1117 511 1287 566 beato
1316 508 1588 568 Antonio,
1622 509 1759 565 facit
1788 511 1837 566 ei
1869 513 2026 567 dein-
2053 519 2106 584 Α
2133 517 2326 583 justus
2357 515 2728 571 annuntiabit
2755 518 2941 588 (Prov.
2974 519 3092 592 xu).
3129 523 3194 574 Et
3223 535 3425 577 rursus
3454 521 3588 579 alibi
3611 541 3625 580 :
3647 530 3830 597 Super

319 621 454 674 ceps
486 603 690 657 cellam
731 603 800 656 ad
843 607 958 656 tres
987 600 1072 656 vel
1108 605 1360 672 quatuor
1390 598 1614 669 lapides
1641 617 1673 652 a
1704 617 1810 655 sua
1849 603 2012 655 cella.

319 696 385 749 Et
419 692 559 747 dicit
587 695 635 746 ei
663 709 676 746 :
711 693 856 748 Ecce
885 691 1101 746 Christi
1135 691 1347 744 virtute
1377 705 1547 757 opem
1593 690 1810 743 ferente
1840 696 1898 744 tu
1936 691 2012 745 fa-

317 789 446 838 ctus
477 799 536 837 es
565 782 902 846 monachus,
936 797 1107 835 mane
1138 779 1412 850 deinceps
1443 795 1726 846 seorsum,
1752 784 1814 832 ut
1835 779 2012 833 etiam

318 872 498 927 faeias
549 872 870 941 periculum
921 870 1276 925 daemonum.
1327 868 1464 923 Cum
1516 884 1647 936 ergo
1697 884 1848 922 anno
1901 885 2014 922 uno

316 961 464 1030 apud
501 976 563 1015 se
595 959 914 1014 habitasset
949 958 1160 1013 Paulus
1191 956 1702 1028 Simplicissimus,
1733 961 1789 1012 et
1828 958 2014 1028 gratia

313 1052 586 1122 dignatus
615 1058 700 1105 est
746 1051 1022 1104 adversus
1070 1049 1360 1104 daemones
1413 1054 1469 1102 et
1512 1048 1790 1102 adversus
1841 1065 2014 1103 omne

309 1157 497 1212 genus
526 1139 777 1204 morbos,
812 1154 870 1194 se
902 1139 1150 1210 perfecte
1179 1153 1387 1208 gerens
1419 1137 1476 1192 in
1501 1138 1708 1194 virtute
1739 1140 2012 1195 exercita-

311 1233 512 1288 tionis.

381 1320 642 1386 Ouodam
674 1335 807 1385 ergo
838 1319 931 1372 die
960 1317 1428 1373 adolescentulus
1449 1316 1545 1385 qui
1568 1333 1747 1388 supra
1769 1320 2008 1374 modum

309 1411 560 1482 graviter
590 1409 904 1464 vexabatur
933 1424 967 1463 a
997 1408 1279 1466 daemone.
1312 1405 1522 1460 allatus
1553 1412 1640 1461 est
1669 1407 1742 1461 ad
1783 1408 2009 1464 beatum

303 1501 641 1567 Antonium,
677 1499 897 1552 habens
943 1496 1317 1567 principalem
1364 1496 1754 1552 saevissimum
1791 1498 2011 1552 daemo-

308 1606 438 1647 nem
473 1589 616 1659 (67),
649 1589 747 1658 qui
777 1589 956 1641 etiam
991 1586 1185 1658 ipsum
1217 1585 1428 1641 cmlum
1455 1585 1781 1640 maledictis
1803 1592 1860 1641 et
1883 1605 2010 1656 pro-

305 1679 426 1735 bris
466 1679 902 1750 insequebatur.
936 1677 1077 1731 Cum
1125 1677 1297 1746 igitur
1335 1678 1755 1732 adolescentem
1803 1680 2010 1732 obser-

300 1775 500 1825 vasset
533 1783 786 1838 magnus
807 1767 1118 1832 Antonius,
1141 1766 1282 1821 dicit
1309 1765 1380 1820 iis
1405 1769 1504 1837 qui
1526 1783 1660 1821 eum
1684 1767 2003 1823 ducebant:

2122 621 2295 674 quem
2331 605 2659 676 respiciam,
2684 607 2876 678 inquit
2901 613 3200 677 Dominus,
3227 614 3338 666 nisi
3360 629 3537 683 super
3562 631 3826 671 mansue-

2120 697 2246 746 tum
2281 699 2337 747 et
2376 695 2651 750 humilem
2685 703 2742 750 et
2775 708 3107 752 trementem
3145 703 3318 756 verba
3343 719 3470 757 mea
3495 705 3618 766 (Iw.
3645 706 3832 776 LXVI)?

2125 781 2322 837 Solent
2353 785 2511 838 enim
2549 785 2888 842 humiliores
2921 789 3214 845 daemones
3247 792 3377 861 ejici
3401 795 3470 846 ab
3489 793 3832 848 hominibus

2121 870 2232 926 fide
2310 873 2755 943 principalibus,
2837 878 3190 946 principales
3262 897 3468 936 rursus
3537 883 3830 938 daemones

2121 961 2302 1026 fugari
2335 965 2405 1017 ab
2441 965 2784 1018 humilibus.
2822 966 2947 1019 Haec
2981 972 3120 1020 sunt
3147 970 3425 1024 miracula
3451 975 3635 1026 sancti
3665 974 3827 1028 Pauli

2120 1050 2416 1118 Simplicis
2449 1059 2505 1106 et
2552 1053 2818 1118 humilis,
2867 1053 3096 1125 aliaque
3145 1057 3307 1123 plura
3350 1065 3407 1113 et
3454 1061 3540 1114 his
3585 1064 3822 1131 majora.

2124 1140 2221 1194 llic
2252 1154 2492 1199 vocatus
2523 1151 2611 1199 est
2640 1143 2896 1214 Simplex
2928 1159 2962 1197 a
2992 1152 3109 1198 tota
3142 1148 3522 1203 fraternitate.

2738 1285 2969 1341 CAPUT
3008 1285 3195 1343 XXIX.

2591 1430 2707 1484 Vita
2728 1429 2939 1484 abbatis
2972 1430 3194 1487 Ραεὴοη
3226 1434 3361 1504 (70).

2190 1589 2432 1655 Quidam
2474 1588 2702 1644 Paclion
2745 1591 3001 1659 nomine,
3035 1608 3168 1646 cum
3210 1595 3572 1663 pervenisset
3602 1598 3676 1654 ad
3717 1615 3825 1654 an-

2116 1695 2257 1734 num
2293 1677 2813 1750 septuagesimum,
2860 1681 3095 1734 sedebat
3138 1682 3194 1735 in
3237 1683 3424 1738 Scete.
3457 1687 3685 1740 Accidit
3715 1705 3825 1742 au-

2111 1775 2228 1824 tem
2266 1775 2328 1823 ut
2357 1785 2462 1840 ego
2495 1776 2730 1823 vexatus
2763 1771 2835 1824 ab
2857 1769 3158 1825 affectione
3185 1774 3440 1828 feminea:
3462 1777 3822 1847 cupiditatis,

303 1861 430 1916 Non
463 1868 546 1912 est
575 1859 680 1912 hoc
714 1871 908 1910 meum
941 1871 1123 1926 opus;
1159 1873 1294 1910 nam
1327 1862 1523 1910 contra
1556 1855 1711 1910 hunc
1744 1856 2008 1911 ordinem
2043 1868 2086 1930 Β
2119 1859 2684 1930 cogitationibusque
2713 1865 2771 1914 et
2798 1860 2936 1914 visis
2970 1864 3296 1932 nocturnis,
3331 1866 3532 1920 ferrem
3568 1867 3822 1920 ditﬁcili-

303 1949 660 2011 daemonum,
698 1960 905 2014 nempe
939 1946 1341 2014 principalem,
1376 1945 1634 1998 nondum
1667 1961 1794 1999 sum
1826 1947 2010 1999 dona-

297 2041 395 2090 tus
427 2037 628 2108 gratia,
662 2035 759 2088 sed
799 2036 918 2088 haec
948 2045 1029 2088 est
1056 2034 1215 2087 Pauli
1239 2033 1428 2104 gratia
1450 2033 1765 2104 Simplicis.
1790 2035 2008 2089 Abiens

301 2142 435 2195 ergo
481 2140 728 2195 magnus
771 2124 1056 2178 Antonius
1097 2123 1167 2177 ad
1211 2123 1693 2192 probatissimum
1739 2123 2004 2188 Paulum,

303 2215 464 2285 ipsos
495 2230 727 2284 quoque
757 2213 1015 2280 deduxit,
1048 2219 1105 2267 et
1144 2212 1284 2267 dicit
1315 2213 1402 2267 ei:
1449 2214 1606 2268 Abba
1639 2213 1832 2281 Paule,
1865 2214 2008 2281 ejice

306 2305 462 2360 hunc
493 2305 816 2358 daemonem
851 2309 924 2356 ab
957 2303 1065 2357 hoc
1097 2303 1350 2368 homine,
1386 2307 1446 2355 ut
1476 2319 1652 2356 sanus
1685 2303 1753 2356 ad
1788 2320 1896 2357 sua
1929 2320 2006 2358 re-

306 2398 456 2460 deat,
491 2402 546 2449 et
576 2393 884 2449 Dominum
908 2393 1213 2462 gloriﬁcet.
1242 2393 1385 2446 Dicit
1416 2394 1462 2447 ei
1489 2392 1736 2447 Paulus:
1764 2394 1846 2448 Tu
1874 2410 2006 2448 vero

307 2487 442 2554 quid
468 2485 496 2538 ?
531 2485 674 2539 Dicit
701 2484 752 2537 ei
793 2483 1080 2536 Antonius
1115 2499 1128 2536 :
1175 2481 1302 2536 Non
1334 2490 1419 2536 est
1471 2482 1614 2537 mihi
1661 2482 1868 2549 otium,
1918 2487 2007 2537 est

305 2575 462 2629 aliud
500 2575 650 2644 quod
683 2589 873 2641 agam.
911 2572 976 2626 Et
1009 2573 1206 2626 relicto
1239 2572 1354 2624 illic
1390 2587 1585 2641 puero,
1620 2588 1885 2627 reversus
1917 2576 2006 2626 est

309 2680 556 2730 magnus
587 2663 873 2718 Antonius
905 2663 962 2715 in
996 2677 1161 2715 suam
1193 2661 1424 2715 cellam.
1458 2663 1599 2717 Cum
1639 2678 1776 2732 ergo
1807 2678 2002 2717 surre-

298 2753 483 2809 xisset
513 2752 792 2807 innocens
836 2767 1029 2815 senex,
1061 2755 1118 2804 et
1151 2750 1444 2804 efficacem
1493 2752 1738 2806 fudisset
1781 2753 2000 2806 oratio-

301 2859 456 2906 nem,
488 2839 630 2894 dicit
662 2855 980 2909 provocans
1011 2839 1468 2893 daamoniacum:
1512 2839 1655 2892 Dixit
1687 2839 1866 2893 abbas
1889 2841 2003 2893 An-

296 2933 516 2997 tonius,
551 2928 831 3000 Egredere
854 2929 924 2981 ab
961 2929 1214 2982 homine.
1242 2928 1475 2982 Daemon
1501 2935 1694 2982 autem
1719 2944 1850 2982 cum
1880 2944 2003 2998 pro-

297 3020 418 3076 bris
450 3036 514 3074 ac
548 3018 872 3073 maledictis
902 3019 1286 3081 exclamabat,
1319 3021 1542 3072 dicens:
1574 3016 1694 3072 Non
1721 3016 2000 3088 egrediar,

297 3109 516 3173 helluo,
558 3125 731 3163 senex
763 3108 872 3176 (68)
908 3114 1175 3177 nugator.
1209 3111 1456 3174 Accepta
1487 3109 1681 3177 itaque
1714 3106 1862 3176 pelle
1894 3123 2001 3161 sua

298 3199 494 3265 ovilla,
526 3198 866 3252 verberabat
895 3213 1028 3250 eum
1062 3195 1119 3249 in
1171 3201 1352 3266 tergo.
1397 3197 1596 3250 dicens
1630 3211 1642 3250 :
1692 3195 1993 3265 Egredere,

296 3288 446 3344 dixit
472 3290 648 3344 abbas
677 3287 984 3342 Antonius.
1018 3285 1252 3341 Daemon
1277 3291 1468 3339 autem
1503 3285 1825 3340 maledictis
1847 3285 1999 3340 inse-

298 3380 585 3450 quebatur
617 3377 860 3432 Paulum
892 3381 948 3430 et
978 3376 1317 3431 Antonium.
1352 3374 1662 3430 Helluones
1687 3375 1780 3429 isti
1813 3376 1870 3429 in
1906 3391 1998 3430 se-

297 3472 534 3524 nectute
597 3468 730 3536 (69),
789 3467 1096 3534 veternosi,
1152 3464 1540 3535 insatiabiles,
1593 3465 1692 3536 qui
1752 3464 1998 3536 propriis

299 3573 602 3628 nunquam
635 3561 775 3610 sunt
803 3557 1078 3622 contenti,
1111 3554 1243 3623 quid
1277 3561 1366 3610 est
1388 3555 1547 3610 vobis
1568 3571 1878 3610 commune
1903 3571 1996 3608 no-

300 3649 528 3706 biscum
553 3648 580 3702 ?
609 3647 751 3719 quid
783 3648 838 3703 in
863 3664 969 3702 nos
990 3645 1270 3702 exercetis
1299 3647 1668 3718 tyrannidem
1691 3647 1719 3700 ?
1741 3647 2001 3701 Tandem

303 3741 446 3795 dicit
473 3738 522 3794 ei
564 3737 780 3794 Paulus
817 3755 832 3792 :
883 3739 991 3792 Aut
1040 3735 1244 3802 exibis,
1291 3741 1393 3790 aut
1441 3737 1583 3790 abeo
1615 3740 1679 3790 ut
1716 3734 1775 3789 id
1807 3735 1998 3790 dicam

298 3829 549 3894 Christo,
585 3829 748 3898 isque
785 3826 956 3881 faciet
985 3836 1042 3880 ut
1069 3826 1145 3878 sit
1174 3825 1281 3879 tibi
1314 3841 1413 3879 vas.
1447 3824 1736 3879 AtJesum
1771 3841 2000 3894 quoque

297 3918 526 3992 probris
571 3923 629 3970 et
669 3915 996 3969 malelictis
1053 3915 1447 3968 insectabatur
1486 3913 1732 3967 immitis
1757 3913 1852 3966 ille
1884 3914 2000 3967 ἀω-

298 4026 457 4073 mon,
489 4005 746 4060 clamans
790 4020 802 4058 :
835 4004 960 4058 Non
1001 4003 1188 4057 exibo.
1234 4003 1313 4057 Ea
1342 4005 1410 4058 de
1450 4018 1627 4057 causa
1666 4002 2001 4073 indignatus

294 4097 510 4155 Paulus
542 4098 820 4150 adversus
851 4094 1189 4158 daemonem,
1223 4107 1494 4162 egressus
1536 4097 1625 4146 est
1657 4108 1687 4147 e
1729 4108 1835 4146 suo
1866 4091 2003 4147 hos-

298 4187 444 4260 pitio
477 4185 535 4239 in
566 4183 694 4255 ipso
727 4188 940 4254 puncto
973 4181 1231 4236 meridiei
1259 4197 1272 4247 ;
1305 4180 1472 4235 astui
1507 4190 1697 4236 autem
1720 4180 2004 4253 zEgyptio-

301 4293 436 4333 rum
495 4275 805 4330 intercedit
861 4273 1132 4345 cognatio
1191 4288 1321 4327 cum
1375 4273 1608 4327 fornace
1665 4271 2000 4344 Babylonia.

301 4367 475 4421 Stans
506 4380 638 4432 ergo
686 4369 925 4418 sanctus
959 4377 1132 4416 senex
1177 4369 1453 4432 tanquam
1508 4361 1780 4416 columna
1826 4377 2004 4431 super

300 4463 544 4526 petram,
572 4453 656 4508 sic
695 4461 818 4507 orat
859 4451 1176 4511 Christum.
1229 4452 1429 4506 dicens
1463 4468 1476 4506 :
1521 4451 1608 4505 Tu
1654 4451 1830 4519 vides,
1861 4451 2001 4507 Jesu

298 4543 547 4610 Christe,
581 4543 680 4613 qui
711 4541 875 4597 fuisti
905 4541 1215 4596 crucifixus
1247 4541 1353 4595 sub
1408 4540 1611 4595 Pontio
1659 4540 1862 4610 Pilato,
1911 4559 2002 4598 me

2119 1955 2224 2004 ter.
2258 1953 2518 2019 Cumque
2557 1966 2760 2019 parum
2795 1950 3026 2004 abesset
3050 1953 3195 2021 quin
3241 1962 3478 2024 prepter
3511 1955 3656 2010 hanc
3693 1966 3822 2010 ten-

2119 2041 2396 2094 tationem
2448 2041 2659 2095 exirem
2711 2057 2742 2095 e
2775 2041 3109 2108 solitudine,
3162 2046 3314 2113 quod
3368 2061 3456 2099 me
3488 2045 3608 2099 haec
3641 2045 3823 2102 animi

2120 2130 2471 2199 perturbatio
2517 2135 2711 2202 ageret
2753 2132 3284 2196 vehementissime,
3331 2135 3530 2188 vicinis
3581 2137 3820 2206 quidem

2119 2221 2266 2274 meis
2299 2235 2413 2274 rem
2451 2237 2562 2274 non
2595 2221 2832 2288 exposui
2857 2238 2872 2287 ;
2897 2223 2995 2275 sed
3024 2238 3206 2292 neque
3233 2239 3358 2278 meo
3382 2225 3659 2292 magistro
3688 2225 3826 2280 Eva-

2117 2308 2241 2378 grio
2275 2306 2403 2380 [Αι.,
2442 2308 2701 2382 Ευιοείιι]
2739 2324 2752 2363 :
2785 2312 2882 2363 sed
2920 2310 3164 2365 latenter
3189 2312 3428 2367 veniens
3461 2314 3515 2366 in
3549 2313 3822 2368 solitudi-

2119 2414 2249 2451 nem
2284 2398 2618 2468 quindecim
2663 2400 2869 2453 diebus
2913 2407 3172 2455 versatus
3214 2419 3345 2456 sum
3389 2418 3518 2457 cum
3555 2404 3820 2473 patribus

2119 2487 2554 2540 senescentibus
2577 2489 2630 2539 in
2665 2486 3001 2554 solitudine,
3026 2490 3124 2560 qui
3160 2495 3322 2543 crant
3357 2491 3412 2543 in
3446 2495 3630 2546 Scete.
3667 2490 3821 2546 Inter

2118 2590 2263 2647 quos
2293 2575 2468 2628 incidi
2500 2576 2668 2629 etiam
2703 2575 2760 2628 in
2795 2584 3063 2630 sanctum
3089 2579 3276 2633 virum
3299 2579 3648 2634 Pachonem.
3676 2580 3818 2635 Cum

2117 2679 2252 2734 ergo
2283 2663 2640 2720 invenissem
2673 2681 2804 2720 eum
2840 2665 3214 2721 sinceriorem
3242 2674 3292 2720 et
3320 2670 3506 2739 magis
3530 2679 3819 2724 versatum

2115 2753 2170 2807 in
2196 2755 2818 2821 exercitatione,ausus
2837 2772 2967 2810 sum
2993 2755 3042 2811 ei
3071 2772 3261 2811 meum
3290 2759 3547 2811 animum
3575 2760 3820 2827 aperire.

2114 2840 2270 2896 Dixit
2308 2851 2500 2897 autem
2547 2844 2688 2898 mihi
2729 2844 2826 2898 ille
2871 2851 3153 2900 sanctus:
3188 2845 3268 2900 Ne
3303 2847 3402 2900 tibi
3439 2846 3701 2901 videatur
3733 2863 3822 2902 res

2115 2930 2262 2984 mira
2291 2937 2347 2985 et
2373 2933 2601 2999 aliena;
2639 2933 2744 2986 hoc
2779 2933 2933 2987 enim
2970 2950 3083 2988 non
3111 2936 3209 2986 tibi
3236 2936 3438 2990 accidit
3465 2937 3538 2990 ob
3561 2937 3819 3005 delicias,

2114 3021 2416 3091 otiumque
2446 3027 2500 3075 et
2533 3021 2963 3092 negligentiam.
2997 3023 3143 3077 Nam
3176 3029 3231 3078 et
3268 3040 3456 3078 mores
3489 3025 3594 3078 tibi
3629 3029 3817 3080 ferunt.

2111 3109 2540 3176 testimonium,
2572 3117 2628 3165 et
2659 3111 2900 3180 penuria
2931 3127 3130 3166 eorum
3165 3127 3289 3183 quas
3313 3120 3451 3167 sunt
3474 3116 3814 3180 necessaria,

2110 3202 2165 3253 et
2195 3199 2344 3267 quod
2386 3197 2542 3253 nulla
2586 3201 2662 3252 sit
2705 3199 2793 3254 hic
2832 3199 2936 3253 tibi
2982 3202 3335 3256 consuetudo
3376 3217 3511 3256 cum
3553 3203 3812 3270 feminis;

2111 3287 2211 3341 sed
2247 3288 2442 3357 potius
2475 3288 2582 3342 hoc
2614 3289 2718 3341 tibi
2750 3289 2960 3342 accidit
2987 3290 3058 3342 ab
3089 3290 3417 3345 adversario
3449 3293 3519 3345 ob
3550 3291 3810 3347 studium

2107 3381 2362 3436 virtutis.
2396 3379 2494 3433 Est
2532 3379 2685 3433 enim
2719 3377 2929 3449 triplex
2957 3379 3137 3433 hostis
3171 3381 3272 3450 qui
3305 3379 3553 3448 impellit
3590 3382 3661 3435 ad
3697 3383 3812 3436 for-

2110 3467 2484 3523 nicationem.
2516 3466 2840 3536 Aliquando
2880 3466 3034 3520 enim
3073 3483 3178 3522 nos
3221 3483 3351 3522 caro
3384 3467 3603 3522 invadit
3633 3466 3812 3524 luxu-

2110 3557 2292 3622 rians,
2326 3561 2384 3611 et
2412 3572 2542 3626 quas
2574 3555 2750 3611 nimis
2782 3555 2934 3610 laute
2963 3560 3020 3610 et
3048 3555 3283 3612 delicate
3312 3562 3400 3611 est
3429 3562 3669 3625 curata;
3713 3557 3814 3612 ali-

2109 3645 2341 3717 quando
2373 3653 2567 3700 autem
2600 3645 2657 3698 in
2693 3661 2796 3699 nos
2822 3646 3135 3716 insurgunt
3159 3652 3351 3701 motus
3377 3647 3555 3701 animi
3581 3653 3816 3718 propter

2111 3736 2524 3806 cogitationes;
2564 3733 2875 3804 aliquando
2923 3743 3116 3790 autem
3162 3735 3283 3804 ipse
3325 3753 3555 3807 quoque
3588 3739 3813 3793 daemon

2110 3825 2168 3879 in
2209 3842 2312 3880 nos
2353 3829 2577 3878 exercet
2620 3824 2986 3894 tyrannidem
3031 3835 3261 3894 prepter
3301 3826 3619 3893 invidiam;
3680 3844 3814 3882 nam

2111 3929 2216 3984 ego
2249 3928 2477 3982 quoque
2513 3910 2690 3965 multa
2719 3913 3055 3976 observans,
3107 3912 3216 3966 hoc
3260 3912 3473 3966 inveni.
3521 3913 3660 3968 Ecce
3701 3931 3813 3984 me,

2113 4007 2178 4056 ut
2209 4001 2386 4069 vides,
2418 4000 2714 4056 hominem
2739 4016 2974 4068 senem;
3001 4003 3273 4070 cumjam
3297 4001 3811 4072 quadragesimum

2114 4107 2330 4146 annum
2364 4091 2570 4161 degam
2601 4090 2657 4144 in
2693 4091 2797 4144 hac
2827 4091 2992 4154 cella,
3024 4106 3226 4146 curam
3259 4106 3467 4162 gerens
3503 4107 3638 4146 mets
3663 4094 3816 4147 salu-

2112 4180 2212 4247 tis,
2245 4185 2303 4234 et
2336 4180 2404 4234 ad
2441 4180 2587 4234 hanc
2619 4184 2845 4234 aetatem
2888 4179 3271 4250 pervenerim,
3302 4184 3494 4236 tentor
3527 4196 3710 4252 usque
3755 4181 3812 4237 in

2113 4270 2462 4327 hodiernum
2494 4269 2668 4323 diem.
2703 4269 3006 4338 Etjuravit
3035 4270 3232 4325 dicens
3267 4289 3278 4324 :
3329 4274 3458 4327 Jam
3507 4271 3813 4328 duodecim

2113 4361 2284 4417 annis
2335 4365 2637 4431 postquam
2675 4358 2932 4430 transegi
2971 4376 3190 4415 annum
3229 4360 3809 4434 quinquagesimum,

2114 4449 2336 4507 nullam
2369 4449 2520 4505 diem
2546 4464 2648 4503 nec
2673 4455 2898 4504 noctem
2921 4449 3240 4506 intermisit
3261 4467 3377 4522 qua
3402 4467 3493 4507 me
3519 4469 3628 4506 non
3653 4453 3814 4508 inva-

2113 4539 2269 4595 serii.
2304 4537 2447 4594 Cum
2479 4538 2674 4610 itaque
2705 4539 3037 4610 suspicatus
3068 4556 3257 4595 essem
3302 4540 3485 4596 Deum
3520 4557 3553 4595 a
3585 4558 3677 4597 me
3718 4558 3815 4596 re-

299 4651 416 4691 non
450 4633 869 4688 descensurum
901 4647 970 4686 ex
1002 4631 1104 4686 hac
1141 4636 1325 4702 petra,
1376 4647 1563 4701 neque
1611 4647 1848 4686 esurum
1895 4647 2001 4688 nec
2036 4621 2080 4685 D
2113 4628 2381 4691 cessisse,
2415 4627 2884 4698 quandoquidem
2909 4632 3065 4682 tanta
3088 4628 3146 4682 in
3172 4645 3263 4683 me
3283 4629 3513 4683 daemon
3553 4635 3815 4686 uteretur

297 4724 624 4778 bibiturum
658 4721 840 4776 donec
874 4721 1110 4788 moriar,
1144 4719 1254 4775 nisi
1293 4736 1379 4773 me
1413 4736 1567 4774 nunc
1616 4720 1889 4787 audieris,
1947 4725 2004 4776 et

297 4812 460 4869 hunc
491 4811 814 4866 daemonem
845 4809 916 4863 ab
949 4808 1184 4864 homine
1214 4809 1468 4878 ejeceris,
1501 4813 1556 4862 et
1585 4826 1616 4863 a
1645 4809 1854 4880 spiritu
1889 4810 1998 4866 im-

298 4903 524 4959 mundo
555 4902 742 4970 ipsum
777 4900 1128 4956 liberaveris.
1164 4898 1368 4954 Adhuc
1399 4915 1532 4954 cum
1565 4899 1702 4955 Jesu
1727 4899 2003 4971 loquente

295 4993 404 5050 sim
417 4990 549 5063 plici
563 4991 833 5046 ethumili
852 4988 1394 5060 Paulo,priusquam
1411 4990 1533 5061 ipse
1549 5007 1745 5062 preces
1761 4991 2002 5060 perfecis

296 5091 405 5152 set,
420 5081 1020 5148 exclamavitdaamon,
1037 5079 1235 5135 dicens
1252 5097 1263 5135 ξ
1283 5083 1522 5145 Recedo,
1541 5081 1761 5148 recedo,
1779 5079 1829 5133 vi
1844 5095 2002 5150 egre-

297 5173 446 5238 dior,
481 5177 539 5225 et
560 5187 660 5242 per
679 5168 1046 5241 tyrannidem
1075 5169 1330 5238 expellor
1351 5187 1366 5237 ;
1389 5169 1622 5224 discedo
1645 5171 1716 5224 ab
1740 5169 1998 5234 homine,

296 5277 416 5318 non
448 5258 702 5331 amplius
734 5261 802 5315 ad
834 5275 965 5315 eum
997 5259 1226 5314 accedo.
1260 5259 1426 5313 Pauli
1460 5257 1805 5328 simplicitas
1826 5268 1877 5314 et
1902 5258 2002 5314 hu-

297 5351 520 5408 militas
553 5366 644 5405 me
670 5348 923 5420 expellit,
956 5365 1142 5420 neque
1170 5348 1288 5404 scio
1321 5365 1435 5420 quo
1461 5349 1684 5402 abeam.
1709 5347 2001 5403 Protinus-

298 5455 412 5512 que
443 5440 584 5494 exiit
612 5441 864 5506 dzemon,
895 5443 948 5494 et
989 5442 1246 5492 mutatus
1285 5441 1376 5492 est
1414 5436 1472 5490 in
1517 5436 1839 5491 maximum
1873 5435 2006 5493 dra-

297 5545 502 5587 conem
527 5529 752 5584 circiter
781 5527 1138 5598 septuaginta
1155 5526 1348 5580 cubito
1380 5541 1527 5594 rum,
1553 5525 1885 5596 receditque
1915 5543 2000 5582 re-

298 5623 473 5692 ptans
503 5618 562 5673 in
595 5633 750 5673 mare
791 5617 1054 5673 Rubrum
1099 5621 1161 5670 ut
1205 5615 1544 5686 impleretur
1586 5615 1738 5688 quod
1786 5616 2001 5674 dictum

295 5714 386 5766 est
417 5725 520 5780 per
549 5716 809 5763 sanctum
845 5706 1150 5778 Spiritum:
1185 5706 1374 5762 Fidem
1407 5723 1537 5778 quas
1558 5707 2004 5765 demonstratur

2114 4724 2418 4790 potestate,
2453 4718 2649 4790 potius
2688 4718 2875 4788 delegi
2923 4719 3066 4773 mori
3106 4718 3326 4787 absque
3361 4718 3602 4785 ratione,
3636 4735 3812 4788 quam

2111 4809 2250 4864 vitio
2319 4809 2738 4878 atl‘ectioneque
2809 4807 3086 4878 corporis,
3149 4823 3240 4862 me
3295 4811 3535 4879 turpiter
3593 4824 3810 4880 gerere.

2113 4899 2506 4971 Egressusque
2536 4915 2569 4952 a
2600 4897 2746 4952 cella
2779 4913 2926 4963 mea,
2961 4901 3018 4952 et
3046 4896 3250 4952 obiens
3282 4896 3684 4965 solitudinem,
3725 4897 3816 4953 in-

2113 4989 2238 5044 veni
2271 4987 2610 5058 speluncam
2643 4986 2876 5056 hyaenae.
2912 4990 2974 5040 In
3007 5001 3182 5056 quam
3215 4985 3559 5057 speluncam
3582 5004 3675 5042 me
3707 5003 3815 5042 uu-

2113 5079 2254 5132 dum
2289 5075 2509 5130 immisi
2533 5080 2652 5130 toto
2676 5075 2786 5138 die,
2813 5080 2876 5130 ut
2900 5076 3034 5130 ferae
3057 5090 3300 5146 egressa
3330 5092 3422 5131 me
3451 5077 3809 5132 devorarent.

2112 5164 2425 5233 Postquam
2466 5167 2660 5216 autem
2707 5163 2810 5216 fuit
2854 5177 3107 5232 vespera,
3153 5167 3325 5234 prout
3373 5162 3657 5232 scriptum
3702 5166 3811 5230 est,

2112 5253 2207 5309 Sol
2240 5251 2508 5324 cognovit
2539 5267 2829 5306 occasum.
2865 5251 3118 5308 Posuisti
3148 5253 3440 5320 tenebras,
3470 5256 3528 5308 et
3559 5251 3710 5308 facta
3727 5263 3816 5308 est

2114 5360 2244 5399 nox.
2278 5343 2343 5398 In
2375 5343 2503 5414 ipsa
2552 5340 2886 5397 transibunt
2931 5358 3131 5398 omnes
3169 5342 3366 5397 bestias
3416 5340 3590 5397 silva.
3625 5342 3811 5400 Catuli

2113 5433 2346 5489 leonum
2378 5432 2675 5505 rugientes
2706 5442 2766 5488 ut
2797 5432 3025 5504 rapiant
3053 5439 3112 5489 et
3139 5437 3402 5506 quierant
3431 5433 3593 5491 aDeo
3614 5451 3809 5493 escam

2113 5523 2225 5581 sibi
2274 5523 2444 5594 (Psol.
2485 5525 2631 5596 cur).
2677 5525 2935 5596 Egressus
2965 5539 3101 5596 ergo
3151 5523 3280 5580 fere
3320 5523 3380 5580 in
3429 5523 3529 5580 illa
3567 5523 3728 5595 hora,
3759 5531 3817 5582 et

2114 5613 2409 5670 masculus
2438 5619 2496 5669 et
2534 5614 2771 5680 femina,
2807 5628 2898 5668 me
2938 5630 2972 5668 a
3012 5613 3254 5686 pedibus
3293 5612 3368 5672 ad
3405 5620 3582 5689 caput
3629 5631 3810 5688 usque

2112 5705 2510 5770 odoratisunt,
2543 5703 3069 5774 circumlingentes.
3114 5705 3376 5777 Cumque
3417 5709 3811 5775 exspectarem
