4076 6206
271 265 426 326 1087

1846 251 2202 315 PALLADII

3626 261 3774 322 1088

266 398 383 454 fore
412 402 468 450 ut
499 395 821 460 devorarer,
870 408 903 446 a
928 407 1022 445 me
1063 392 1446 445 recesserunt.
1494 390 1634 444 Cum
1679 404 1813 460 ergo
1847 387 1968 442 illic
2000 391 2050 455 Α
2085 383 2570 449 rescinderentur,
2607 398 2720 437 non
2753 396 2924 438 secus
2952 400 3014 438 ac
3038 385 3085 439 si
3111 392 3304 442 essent
3324 387 3421 458 pili
3445 389 3775 460 insensites,

267 491 386 541 tota
427 490 593 540 nocte
628 485 651 552 j
676 483 966 548 -cuissem,
995 497 1106 535 non
1150 479 1227 533 fui
1261 480 1582 533 devoratus.
1621 478 1966 532 Existimans

267 592 403 646 ergo
429 580 612 631 Deum
645 573 884 629 omnino
917 571 1060 625 mihi
1098 569 1442 640 pepercisse,
1476 570 1717 623 surrexi.
1743 567 1965 622 Rursus

265 683 397 721 vero
429 667 486 720 in
527 664 735 720 cellam
782 661 944 717 redii.
989 663 1134 717 Cum
1177 665 1371 715 autem
1419 676 1481 714 se
1514 659 1715 729 paucis
1759 659 1965 714 diebus

265 754 646 811 continuisset
698 752 946 816 daemon,
1001 766 1094 804 me
1135 753 1224 804 est
1281 749 1519 803 adortus
1566 748 1966 802 vehementius

264 862 437 916 quam
473 849 661 908 antea,
696 847 761 895 ut
794 857 997 910 parum
1024 839 1271 893 abfuerit
1296 837 1436 909 quin
1475 836 1960 906 blasphemarem.

261 934 729 990 Transiormatus
761 931 917 986 enim
951 946 1081 984 cum
1115 928 1346 983 essetin
1373 927 1624 997 puellam
1648 927 1965 998 Ethiopia-

262 1043 410 1090 sam,
445 1040 614 1094 quam
657 1023 715 1078 in
761 1036 887 1077 mea
921 1021 1217 1088 iuventute
1259 1018 1510 1072 videram
1548 1022 1745 1072 aestate
1777 1019 1964 1088 spicas

260 1115 566 1184 legentem,
611 1128 678 1166 ea
727 1111 870 1164 mihi
921 1109 1041 1161 visa
1084 1112 1172 1162 est
1203 1109 1348 1161 meis
1391 1106 1642 1161 insidere
1681 1107 1959 1177 genibus;

262 1217 470 1272 meque
502 1215 686 1268 usque
717 1200 859 1253 adeo
891 1197 1206 1252 commovit
1239 1203 1299 1250 ut
1332 1201 1594 1265 putarem
1631 1212 1722 1250 me
1744 1212 1875 1250 cum
1900 1211 1964 1250 ea

258 1293 520 1348 coivisse.
553 1293 759 1343 Furore
791 1304 923 1356 ergo
966 1288 1222 1357 percitus
1254 1285 1467 1355 impegi
1510 1284 1560 1338 ei
1602 1284 1915 1354 colaphum
1945 1302 1958 1352 ;

256 1398 436 1450 eaque
467 1381 549 1433 sic
579 1379 830 1432 evanuit.
887 1377 1000 1429 lloc
1041 1381 1230 1427 autem
1284 1373 1426 1427 mihi
1474 1374 1640 1427 crede
1695 1374 1907 1427 dicenti
1944 1391 1956 1430 :

258 1471 488 1526 biennio
521 1485 630 1522 non
668 1475 923 1537 poteram
961 1468 1106 1520 ferre
1132 1480 1339 1517 manus
1366 1479 1503 1517 meae
1530 1464 1789 1517 fetorem.
1815 1462 1956 1519 Cum

254 1577 389 1630 ergo
422 1560 526 1613 hac
553 1558 624 1613 de
653 1573 829 1612 causa
863 1553 1053 1624 pusilli
1082 1561 1138 1608 et
1168 1553 1376 1621 alijecti
1412 1553 1592 1607 animi
1623 1552 1958 1620 evasissem,

256 1657 312 1706 et
341 1649 410 1704 de
443 1664 534 1702 me
553 1662 784 1701 omnem
813 1660 970 1708 spem
1002 1643 1368 1712 abjecissem,
1399 1657 1665 1708 egressus
1689 1658 1818 1696 sum
1845 1658 1959 1711 per.

2074 476 2156 531 ita
2189 471 2828 536 mansitimmutabilis,
2866 481 2980 528 tam
3022 473 3328 547 insigniter
3357 483 3415 532 et
3456 481 3779 536 admirabi-

2075 563 2207 620 liter
2235 567 2358 619 erat
2388 580 2420 616 a
2450 561 2565 616 Deo
2605 561 2952 618 instructus.
2998 564 3142 620 Cum
3175 581 3283 623 nos
3313 573 3533 634 autem,
3566 571 3776 642 inquit,

2075 655 2289 726 partim
2344 667 2704 720 angeremur,
2756 654 2962 722 partim
3011 670 3144 711 vero
3203 660 3572 728 terreremur,
3625 664 3771 732 quod

2074 743 2218 798 tanti
2249 740 2356 795 viri
2387 739 2526 794 talis
2558 741 2677 796 vita
2707 740 2766 794 in
2801 745 3029 798 tantum
3065 743 3333 799 morbum
3366 746 3690 816 incidisset,
3727 760 3776 806 et

2075 831 2219 887 tales
2251 829 2606 885 medicorum
2638 832 3018 898 exsectiones,
3067 840 3295 889 nostras
3328 841 3525 892 autem
3557 840 3779 910 cogita-

2073 927 2258 982 tiones
2290 928 2565 983 sensisset
2601 927 2804 982 beatus
2835 924 3167 996 Stephanus
3197 925 3425 981 dicebat
3454 930 3626 983 nobis
3656 947 3669 983 :
3703 931 3778 987 Ne

2073 1034 2140 1073 ex
2174 1017 2278 1072 hac
2310 1034 2367 1072 re
2394 1017 2793 1084 oti'endamini,
2827 1032 2858 1070 o
2893 1015 3038 1083 filii;
3080 1014 3228 1069 nihil
3262 1017 3413 1071 enim
3448 1019 3606 1088 quod
3635 1021 3776 1076 Deus

2073 1107 2226 1172 facit,
2261 1107 2332 1161 ad
2363 1107 2580 1162 malum
2615 1121 2872 1176 unquam
2908 1105 3067 1171 facit,
3101 1105 3200 1160 sed
3233 1106 3304 1160 ad
3341 1107 3552 1161 bonum
3579 1108 3774 1169 tinem.

2072 1197 2333 1252 Fortasse
2381 1199 2535 1252 enim
2573 1199 2835 1251 membra
2887 1195 3260 1250 merebantur
3300 1196 3682 1267 supplicium,
3726 1210 3774 1256 et

2074 1284 2281 1340 melius
2313 1291 2398 1341 est
2430 1301 2494 1339 ea
2526 1285 2618 1340 hic
2652 1285 2789 1341 dare
2821 1300 3045 1355 pmnas,
3078 1300 3255 1354 quam
3300 1290 3431 1354 post
3471 1302 3774 1343 excessum

2071 1391 2139 1430 ex
2175 1375 2281 1430 hoc
2313 1376 2519 1430 stadio.
2555 1377 2696 1430 Cum
2732 1383 2837 1431 nos
2868 1389 3002 1443 ergo
3035 1374 3119 1428 sic
3150 1383 3230 1427 est
3262 1372 3550 1443 hortatus,
3581 1384 3634 1432 et
3660 1394 3770 1432 ver-

2071 1465 2160 1520 bis
2194 1466 2558 1521 confirmavit
2589 1467 2654 1519 ad
2690 1464 3078 1528 tolerantiam,
3112 1464 3418 1519 mdiﬁcavit
3448 1467 3519 1521 ad
3555 1467 3776 1523 fortiter

2073 1556 2336 1611 ferendus
2367 1555 2741 1612 afﬂictiones.
2776 1555 2906 1610 Haec
2927 1566 3117 1610 autem
3145 1556 3395 1625 narravi,
3423 1574 3492 1613 ne
3516 1558 3776 1614 videatur

2073 1643 2239 1697 nobis
2273 1644 2553 1710 alienum,
2589 1643 2822 1714 quando
2856 1640 3172 1698 viderimus
3194 1643 3418 1714 aliquos
3440 1655 3678 1700 sanctos
3701 1648 3775 1702 in-

255 1755 456 1796 errans
484 1744 706 1791 vastam
749 1734 1147 1794 solitudinem.
1181 1738 1233 1786 et
1267 1731 1454 1786 inveni
1516 1747 1752 1801 parvam
1805 1732 1954 1800 aspi-
1993 1715 2038 1782 Β
2069 1731 2211 1788 cidit
2231 1749 2292 1787 se
2325 1731 2380 1786 in
2410 1732 2552 1787 tales
2577 1731 2958 1787 calamitates.

256 1832 410 1884 dem.
444 1828 625 1890 Quam
652 1841 784 1879 cum
818 1823 1190 1892 accepissem,
1225 1837 1353 1874 eam
1387 1821 1665 1875 admoveo
1700 1821 1840 1874 meis
1865 1837 1955 1892 ge-

257 1920 560 1983 nitalibus,
592 1922 654 1969 ut
684 1914 770 1968 vel
803 1915 883 1968 sic
916 1930 1146 1968 morsus
1180 1928 1470 1975 morerer;
1505 1917 1723 1966 etcum
1757 1911 1840 1966 eis
1872 1927 1961 1966 ca-

259 2015 363 2081 put
393 2006 656 2062 virilibus
677 2005 1082 2075 applicassem,
1109 2009 1171 2057 ut
1194 2019 1322 2073 quae
1351 2001 1494 2057 mihi
1518 2001 1759 2056 fuissent
1782 2017 1960 2056 causa

261 2097 618 2163 tentationis,
652 2113 722 2151 ne
762 2095 844 2150 sic
875 2096 1105 2165 quidem
1154 2110 1384 2148 morsus
1430 2109 1559 2147 sum
1594 2091 1785 2158 gratias
1829 2108 1957 2162 pro-

259 2189 535 2244 videntia.
599 2186 736 2242 Post
793 2185 913 2239 haec
975 2195 1164 2238 autem
1201 2183 1390 2236 audivi
1442 2199 1638 2238 vocem
1673 2182 1957 2238 dicentem

260 2280 400 2335 mihi
446 2279 498 2332 in
561 2293 687 2332 mea
739 2274 1119 2344 Cogitatione:
1182 2273 1310 2341 Abi,
1374 2272 1623 2335 Pachon,
1683 2273 1955 2339 decerta;

254 2370 383 2424 ideo
410 2369 564 2422 enim
601 2366 839 2437 permisi
867 2365 924 2418 in
960 2368 1017 2417 te
1049 2369 1263 2416 tantam
1299 2363 1546 2417 exerceri
1583 2366 1956 2432 potestatem,

255 2474 324 2512 ne
356 2459 456 2511 tibi
489 2462 644 2510 esset
675 2454 875 2508 elatior
916 2459 972 2507 et
1013 2452 1372 2516 arrogantior
1412 2450 1674 2520 spiritus,
1718 2449 1958 2520 perinde

252 2563 318 2601 ac
351 2548 470 2615 ipse
506 2562 702 2616 posses
733 2544 885 2597 hanc
917 2558 1184 2614 superare
1217 2543 1581 2596 affectionem
1619 2558 1631 2596 :
1668 2542 1764 2596 sed
1796 2549 1956 2594 tuam

252 2652 595 2706 agnosceres
638 2633 1121 2695 imbecillitatem,
1168 2636 1226 2687 et
1267 2632 1322 2684 in
1367 2637 1477 2684 tuas
1520 2631 1641 2684 vitae
1689 2631 1955 2685 instituto

252 2742 554 2797 nunquam
604 2725 847 2778 haberes
899 2723 1194 2787 fiduciam,
1241 2722 1341 2776 sed
1389 2737 1712 2776 recurreres
1753 2722 1821 2776 ad
1857 2721 1954 2776 Dei

252 2817 556 2872 auxilium.
600 2813 694 2868 Sic
738 2819 930 2866 autem
972 2810 1409 2866 admonituset
1448 2811 1850 2876 conﬁrmatus,
1883 2812 1952 2865 ad

252 2905 457 2961 cellam
492 2920 619 2958 sum
655 2918 938 2967 reversus,
961 2901 1305 2969 etdeinceps
1330 2902 1537 2954 sedens
1560 2916 1692 2955 cum
1722 2901 1954 2968 fiducia,

253 3001 307 3049 et
353 2993 566 3048 nullam
623 2991 754 3046 belli
798 3007 991 3044 curam
1035 3006 1265 3060 gerens,
1305 2988 1556 3058 reliquos
1600 2989 1722 3044 dies
1765 2992 1852 3062 egi
1893 2991 1952 3045 in

2689 1819 2918 1876 CAPUT
2960 1818 3158 1876 XXXI.

2495 1913 2569 1966 De
2605 1911 2823 1965 Valente
2853 1910 2964 1980 (73)
2995 1914 3087 1981 qui
3115 1912 3346 1969 excidit.

2144 2001 2274 2056 Fuit
2303 2002 2536 2072 quidam
2586 1999 2819 2063 Valens,
2871 2016 3083 2071 genere
3131 2002 3361 2069 quidem
3411 2002 3773 2076 Palmstinus,

2072 2098 2265 2146 mente
2313 2099 2502 2146 autem
2553 2091 2924 2157 Corinthius;
2986 2090 3304 2147 Corinthiis
3358 2095 3518 2149 enim
3573 2096 3773 2152 vitium

2070 2181 2387 2236 inﬂationis
2419 2181 2620 2234 tribuit
2649 2190 2886 2234 sanctus
2919 2180 3154 2244 Paulus,
3188 2182 3386 2238 dicens
3425 2199 3439 2237 :
3473 2184 3544 2239 Et
3574 2186 3775 2242 vosin-

2070 2269 2188 2324 ﬁali
2221 2269 2361 2324 estis
2392 2269 2442 2340 (Ι
2465 2270 2586 2323 Cur.
2613 2270 2688 2339 v).
2721 2269 2825 2333 Qui
2851 2281 2984 2326 eum
3011 2271 3264 2327 venisset
3288 2272 3341 2326 in
3368 2273 3772 2344 solitudinem,

2068 2360 2192 2429 ipse
2215 2376 2440 2430 quoque
2458 2359 2651 2429 plures
2668 2376 2850 2415 annos
2868 2360 3485 2418 habitavitnobiscum.
3507 2368 3582 2420 Eo
3601 2378 3776 2422 autem

2069 2449 2351 2521 processit
2369 2467 2434 2503 su
2447 2450 2748 2518 perbiie,ut
2769 2451 3044 2519 deceptus
3065 2450 3132 2504 sit
3157 2468 3189 2503 a
3211 2452 3590 2509 daemonibus.
3611 2457 3686 2510 Ex
3710 2474 3772 2513 eo

2068 2538 2221 2593 enim
2255 2538 2408 2610 quod
2437 2539 2561 2606 ipse
2603 2538 2884 2608 paulatim
2930 2537 3313 2610 deciperetur,
3366 2541 3501 2596 fecit
3545 2553 3606 2598 ut
3648 2546 3768 2614 ipse

2067 2632 2137 2685 de
2168 2646 2229 2684 se
2263 2629 2566 2691 magniﬁce
2597 2645 2662 2682 ac
2696 2631 2966 2697 praeclare
2997 2631 3263 2695 sentiret,
3309 2640 3586 2703 tanquam
3631 2652 3764 2692 cum

2068 2737 2134 2776 eo
2160 2725 2533 2775 versarentur
2576 2719 2788 2791 angeli,
2829 2723 3001 2792 eique
3032 2722 3089 2775 in
3132 2723 3380 2794 singulis
3422 2725 3763 2783 ministeriis

2067 2812 2427 2866 inservirent.
2483 2811 2743 2875 Quodam
2792 2817 2944 2865 certe
2994 2811 3106 2879 die,
3155 2819 3221 2867 ut
3269 2815 3565 2869 narrabant
3623 2834 3764 2874 cum

2066 2905 2401 2970 operaretur
2434 2900 2489 2953 in
2536 2899 2812 2966 tenebris,
2849 2915 3014 2954 acum
3047 2901 3274 2956 dimisit
3305 2920 3417 2974 qua
3446 2907 3772 2962 consuebat

2065 2996 2346 3058 sportam.
2397 2991 2578 3055 Quam
2620 2990 2751 3042 cum
2787 2989 2910 3057 ipse
2951 3007 3060 3044 non
3096 2992 3425 3055 invenisset,
3458 2995 3688 3051 daemon
3720 2999 3770 3052 ei

255 3101 414 3155 pace.
472 3084 702 3138 Daemon
749 3086 940 3136 autem
997 3097 1128 3134 cum
1175 3081 1536 3151 cognovisset
1583 3096 1768 3134 meam
1829 3085 1957 3149 ejus
1989 3084 2037 3148 C
2071 3082 2201 3135 fecit
2229 3081 2579 3150 lampadem,
2611 3084 2668 3134 et
2699 3081 2914 3134 invenit
2945 3097 3133 3137 acum.
3161 3083 3275 3136 Hoc
3307 3085 3541 3140 nomine
3564 3104 3769 3145 rursus

257 3174 725 3244 despicientiam,
773 3174 988 3242 pudore
1019 3173 1290 3239 deinceps
1321 3170 1580 3235 affectus,
1617 3170 1686 3222 ad
1722 3186 1811 3224 me
1844 3187 1955 3226 non

253 3267 494 3319 accessit
524 3261 799 3332 amplius.
835 3261 933 3314 His
966 3260 1154 3312 verbis
1182 3275 1313 3312 cum
1343 3260 1410 3312 ad
1438 3258 1650 3312 luctam
1676 3260 1954 3315 adversus

253 3355 522 3408 Satanam
561 3369 650 3406 me
681 3351 1105 3413 conﬁrmasset,
1137 3353 1192 3402 et
1215 3349 1281 3401 ad
1319 3349 1534 3402 beltum
1562 3348 1949 3415 instruxisset,

250 3448 304 3496 et
334 3444 633 3496 adversum
667 3440 988 3493 daemonem
1035 3438 1432 3491 fornicationis
1476 3453 1565 3492 me
1599 3445 1858 3508 parasset
1889 3454 1951 3492 ac

249 3532 567 3594 docuisset,
602 3530 848 3598 dimisit,
877 3528 1093 3598 jubens
1129 3527 1337 3583 utforti
1361 3529 1553 3583 animo
1579 3543 1668 3582 me
1692 3544 1947 3599 gererem

248 3621 305 3676 in
341 3621 630 3676 omnibus.

866 3707 1098 3764 CAPUT
1149 3709 1323 3764 XXX.

699 3799 818 3854 Vita
848 3799 1067 3853 Abbalis
1096 3799 1356 3866 Stephani
1381 3799 1519 3872 (7i).

315 3891 646 3961 Stephanus
701 3891 933 3961 quidam
988 3889 1117 3944 Libs
1166 3905 1394 3960 genere,
1457 3890 1609 3945 sedit
1649 3891 1949 3960 sexaginta

242 4000 424 4037 annos
455 3998 522 4036 ex
553 3983 726 4036 latere
758 3980 871 4052 (72)
904 3978 1258 4034 Marmaricas
1291 3985 1346 4032 et
1380 3979 1665 4036 Marcotae.
1722 3982 1771 4033 Is
1812 3996 1946 4034 cum

242 4073 448 4126 fuisset
478 4087 707 4126 summe
738 4076 1004 4124 versatus
1038 4069 1093 4121 in
1128 4069 1556 4134 exercitatione,
1584 4075 1636 4123 et
1659 4074 1811 4124 esset
1835 4071 1949 4123 dis-

239 4160 512 4216 cernendi
585 4163 870 4228 potestate
941 4157 1234 4225 prieditus,
1307 4158 1455 4211 hanc
1537 4163 1787 4228 gratiam
1858 4162 1947 4212 est

239 4253 609 4310 consecutus,
645 4253 708 4300 ut
747 4246 1081 4315 quicunque
1121 4262 1249 4300 eum
1284 4247 1634 4311 conveniret,
1679 4262 1948 4317 quacun-

247 4353 359 4407 que
401 4337 759 4388 cruciaretur
800 4332 1087 4397 molestia,
1120 4331 1170 4386 is
1214 4331 1473 4387 molestia
1511 4351 1727 4387 Vacuus
1768 4335 1838 4389 ab
1881 4351 1945 4390 eo

240 4425 552 4480 recederet.
587 4421 716 4477 Fuit
757 4426 948 4475 autem
981 4422 1028 4475 is
1058 4437 1288 4492 quoque
1330 4427 1501 4476 notus
1548 4424 1717 4477 beato
1760 4428 1946 4478 Anto—

239 4516 356 4572 nio.
391 4513 650 4568 Pervenit
673 4518 863 4567 autem
887 4510 1058 4566 etiam
1094 4512 1163 4566 ad
1199 4517 1396 4567 nostra
1429 4530 1614 4585 usque
1645 4519 1937 4588 tempora;

237 4618 410 4678 atque
441 4620 544 4675 ego
577 4603 811 4674 quidem
845 4618 977 4656 cum
1013 4618 1078 4656 eo
1110 4619 1225 4657 non
1259 4619 1386 4657 sum
1419 4610 1677 4661 versatus
1709 4617 1940 4678 propter

234 4697 338 4750 viae
370 4693 793 4766 longitudinem
823 4708 837 4746 :
871 4697 1110 4748 sanctus
1141 4703 1334 4747 autem
1359 4695 1705 4750 Ammonius
1727 4702 1781 4751 et
1802 4698 1939 4754 Eva-

232 4786 411 4856 grius,
438 4784 534 4848 qui
563 4799 692 4836 eum
721 4788 1134 4846 convenerunt,
1185 4790 1568 4838 narraverunt
1598 4801 1658 4839 se
1682 4802 1814 4841 eum
1848 4788 1939 4843 in-

231 4871 462 4926 venisse
487 4870 543 4924 in
580 4871 751 4925 talem
787 4869 1118 4941 prolapsum
1152 4872 1556 4942 aegritudinem
1591 4873 1649 4926 in
1683 4873 1826 4944 ipsis
1857 4874 1940 4929 lo-

237 4961 320 5018 cis
352 4961 773 5023 testiculorum,
807 4965 863 5015 st
908 4962 1072 5029 penis
1116 4976 1413 5016 summum
1466 4961 1753 5019 ulcerasse
1795 4979 1932 5020 can-

233 5069 419 5118 crum,
469 5054 568 5123 qui
615 5046 906 5127 φαγέδαινα
955 5050 1184 5105 dicitur.
1239 5052 1400 5118 Eum,
1474 5052 1725 5120 aiebant,
1778 5055 1934 5110 inve-

235 5144 432 5198 nimus
463 5143 601 5198 dum
636 5158 667 5196 a
699 5140 947 5213 quodam
982 5140 1206 5195 medico
1231 5144 1549 5195 curaretur.
1577 5145 1641 5196 Et
1665 5145 1935 5200 manibus

234 5228 469 5298 quidem
519 5233 894 5302 operabatur;
939 5232 993 5282 et
1026 5227 1227 5298 palmae
1260 5243 1451 5282 ramos
1485 5233 1848 5298 contexebat,
1880 5236 1938 5288 et

231 5317 533 5372 nobiscum
565 5319 736 5374 etiam
771 5317 1118 5387 loquebatur
1153 5331 1166 5370 :
1201 5315 1426 5387 reliquo
1473 5322 1663 5374 autem
1709 5321 1934 5393 corpori

233 5421 471 5459 manum
500 5408 807 5463 adhibebat
841 5406 1169 5479 chirurgus.
1204 5405 1338 5461 Erat
1371 5411 1563 5462 autem
1597 5409 1695 5464 Dei
1727 5412 1931 5481 gratia,

233 5513 300 5553 ea
331 5495 604 5567 praeditus
634 5497 931 5567 patientia,
975 5500 1034 5551 ut
1067 5495 1307 5567 perinde
1337 5498 1577 5554 aﬂ‘ectus
1619 5501 1931 5575 videretur,

239 5603 304 5645 ac
335 5585 386 5644 si
417 5600 626 5658 corpus
655 5585 889 5643 alterius
918 5592 1251 5657 secaretur;
1279 5592 1335 5645 et
1367 5603 1498 5645 cum
1531 5589 1656 5660 ejus
1680 5594 1935 5652 membra

2066 3170 2320 3232 inﬂatus,
2359 3169 2726 3238 magnificam
2762 3170 2833 3225 de
2865 3187 2924 3225 se
2957 3170 3142 3225 induit
3197 3173 3555 3243 opinionem,
3599 3185 3653 3232 et
3678 3196 3768 3232 us-

2064 3276 2176 3330 que
2207 3259 2349 3312 adeo
2389 3257 2576 3312 elatus
2624 3265 2734 3324 est,
2793 3267 2848 3311 ut
2897 3259 3074 3314 etiam
3125 3269 3524 3318 contemneret
3578 3265 3763 3335 ipsam

2062 3349 2569 3403 Sacramentorum
2589 3348 3089 3404 communionem.
3117 3349 3258 3406 Cum
3285 3359 3478 3407 autem
3506 3356 3769 3411 Christus

2062 3439 2345 3494 Dominus
2399 3439 2524 3506 ejus
2575 3443 2728 3492 esset
2778 3438 3074 3504 misertus,
3117 3441 3202 3496 sic
3245 3443 3494 3513 providit
3527 3449 3594 3498 ut
3642 3449 3768 3515 ejus

2061 3527 2474 3582 detrimentum
2507 3528 2618 3581 cito
2670 3528 2829 3582 tieret
2884 3529 3254 3584 manifestum
3309 3531 3597 3588 universas
3646 3535 3771 3591 fra-

2060 3616 2339 3671 ternitati.
2383 3617 2606 3671 Accidit
2645 3623 2708 3671 ut
2751 3618 2982 3688 quidam
3025 3619 3318 3675 venientes
3362 3621 3628 3693 hospites
3677 3627 3771 3680 af-

2063 3707 2271 3761 ferrent
2305 3708 2372 3761 ad
2411 3707 2827 3763 fraternitatem
2863 3709 3101 3764 bellaria
3131 3712 3188 3764 in
3221 3711 3551 3767 ecclesiam.
3591 3716 3768 3772 Porro

2058 3806 2247 3851 autem
2283 3813 2413 3851 cum
2445 3813 2543 3852 eas
2574 3798 2889 3869 accepisset
2927 3805 3167 3854 sanctus
3201 3799 3491 3857 Macarius
3524 3807 3765 3877 presby-

2059 3892 2147 3940 ter
2177 3898 2391 3955 noster,
2429 3888 2585 3942 misit
2615 3889 2684 3942 ad
2721 3905 3197 3962 unumquemque
3223 3892 3278 3946 in
3305 3892 3507 3948 cellam
3535 3896 3772 3951 circiter

2059 3977 2370 4048 pugillum,
2404 3979 2553 4032 inter
2582 3995 2726 4050 quos
2750 3980 2920 4034 etiam
2956 3982 3023 4034 ad
3056 3981 3373 4038 Valentem.
3401 3984 3544 4038 Cum
3571 3993 3770 4041 autem

2056 4069 2375 4139 accepisset
2405 4068 2634 4136 Valens,
2671 4087 2798 4125 cum
2837 4071 2935 4142 qui
2969 4073 3243 4127 attulerat
3272 4075 3631 4130 contumelia
3675 4079 3777 4130 af-

2057 4159 2210 4224 fecit,
2243 4166 2299 4214 et
2330 4160 2667 4225 verberavit,
2699 4166 2755 4216 et
2793 4163 2842 4217 ei
2872 4163 3012 4218 dicit
3046 4179 3059 4217 :
3091 4165 3218 4230 Abi,
3251 4171 3307 4219 et
3340 4167 3433 4221 dic
3468 4167 3726 4223 Macario
3755 4185 3772 4224 :

2054 4248 2175 4303 Non
2211 4265 2338 4303 sum
2372 4255 2426 4304 te
2458 4253 2722 4317 deterior,
2759 4257 2822 4306 ut
2852 4257 2911 4307 tu
2947 4253 3018 4306 ad
3055 4269 3145 4308 me
3177 4254 3371 4310 mittas
3403 4255 3774 4313 benedictio-

2055 4356 2176 4394 nes.
2223 4342 2364 4394 Cum
2415 4341 2781 4412 cognovisset
2830 4357 2963 4414 ergo
3009 4353 3246 4399 sanctus
3297 4344 3585 4401 Macarius
3632 4364 3772 4403 eum

2051 4445 2178 4484 esse
2209 4430 2533 4496 seductum,
2576 4432 2821 4486 accessit
2862 4448 2976 4487 uno
3013 4433 3106 4487 die
3150 4439 3344 4502 postea
3396 4437 3466 4489 ad
3499 4453 3639 4492 eum
3675 4454 3775 4492 ex—

2053 4519 2427 4576 hortandum.
2479 4519 2547 4574 Et
2591 4519 2643 4574 ei
2692 4520 2879 4576 dicit:
2928 4521 3164 4591 Valens,
3215 4523 3353 4579 illus
3399 4541 3479 4593 es,
3533 4527 3766 4586 desine.

2053 4609 2350 4679 Deumque
2400 4611 2724 4681 deprecare.
2777 4612 3096 4684 Potquam
3147 4619 3339 4669 autem
3383 4631 3497 4670 non
3542 4617 3772 4674 audivit

2049 4699 2174 4766 ejus
2233 4699 2686 4766 admonitiones,
2741 4703 2978 4756 recessit
3033 4703 3353 4759 admodum
3412 4704 3676 4761 alﬂictus
3709 4711 3769 4763 et

2050 4803 2303 4842 moerens
2351 4789 2423 4843 ob
2454 4787 2711 4844 Valentis
2754 4790 3011 4846 ruinam.
3055 4791 3198 4848 Cum
3245 4808 3380 4866 ergo
3441 4799 3598 4850 certo
3650 4797 3774 4853 sibi

2048 4878 2436 4948 persuasisset
2491 4883 2736 4946 daemon,
2782 4897 2912 4935 eum
2967 4883 3090 4948 eius
3140 4884 3466 4955 deceptioni
3507 4889 3778 4944 maxime

2050 4967 2221 5020 fidem
2255 4966 2554 5037 habuisse,
2602 4970 2741 5036 abit,
2790 4975 2848 5025 et
2887 4970 3132 5038 ﬁguram
3180 4971 3496 5029 Servatnris
3549 4975 3775 5045 induit,

2047 5062 2100 5110 et
2136 5060 2308 5110 noctu
2353 5057 2564 5112 accidit
2607 5059 2665 5112 in
2700 5058 3126 5129 phantasmate,
3164 5061 3324 5117 mille
3351 5064 3579 5135 angelis
3612 5065 3780 5122 lam-

2049 5148 2227 5218 padas
2257 5149 2617 5214 tenentibus,
2651 5154 2706 5204 et
2737 5159 2922 5206 rotam
2959 5151 3210 5222 igneam,
3240 5153 3295 5206 in
3331 5169 3448 5224 qua
3481 5153 3644 5212 visus
3681 5162 3782 5212 est

2046 5237 2291 5309 figuram
2312 5237 2632 5306 exprimere
2655 5239 2998 5295 Servatoris.
3025 5240 3308 5314 Unusque
3328 5257 3460 5298 eum
3486 5246 3778 5314 praecedit

2046 5331 2103 5381 et
2135 5325 2274 5381 dicit
2309 5342 2321 5380 :
2359 5325 2624 5383 Christu
2655 5327 2856 5384 dilexit
2891 5333 3060 5385 tuum
3083 5331 3444 5397 institutum,
3479 5336 3778 5405 tuamque

2045 5416 2273 5471 vivendi
2304 5415 2634 5475 libertatem
2669 5426 2720 5473 et
2751 5418 3190 5487 conﬁdentiam,
3223 5426 3279 5476 et
3308 5421 3466 5476 venit
3497 5428 3565 5478 ut
3589 5430 3647 5482 te
3677 5425 3772 5481 vi-

2047 5507 2213 5574 deat;
2246 5508 2516 5579 egredere
2537 5523 2672 5580 ergo
2695 5525 2724 5565 e
2777 5509 2942 5576 cella,
2965 5515 3024 5567 et
3045 5511 3190 5566 nihil
3214 5511 3370 5567 aliud
3396 5511 3629 5581 feceris,
3654 5516 3773 5571 nisi

2051 5615 2181 5655 cum
2214 5600 2414 5671 procul
2448 5617 2584 5658 eum
2617 5602 2853 5674 videris,
2886 5605 3276 5676 procumbens
3307 5619 3442 5662 eum
3474 5607 3682 5679 adora,
3720 5617 3776 5667 et
