4100 6204
254 369 406 434 1193

1590 376 1961 437 HISTORIA
2005 379 2416 440 LAUSIACA.

3603 385 3758 446 1094

233 507 548 579 ingredere
578 508 636 562 in
670 514 822 560 tuam
856 504 1081 562 cellam.
1113 508 1394 576 Egressus
1432 522 1570 579 ergo
1603 525 1730 564 cum
1765 510 1950 565 vidis-
1981 523 2028 586 Α
2062 514 2318 568 Accessit
2338 515 2491 568 enim
2524 513 2592 568 ad
2636 511 2862 569 theatra
2919 517 2975 569 et
3010 513 3301 584 equestria
3331 517 3669 583 certamina,
3702 521 3763 575 et

236 605 324 652 set
361 605 708 668 apparatum
771 598 1130 666 lampadum,
1172 599 1402 653 circiter
1449 615 1480 652 a
1521 601 1707 652 stadio
1751 603 1950 669 procul

232 688 664 742 Antichristum
715 685 990 741 adoravit.
1051 687 1177 743 Alio
1235 689 1428 760 itaque
1495 690 1586 742 die
1651 692 1793 745 adeo
1849 693 1952 747 luit

233 784 432 835 emotae
463 777 696 843 mentis,
734 785 797 831 ut
847 779 1245 845 ingrederetur
1290 780 1618 841 ecclesiam,
1650 785 1707 833 et
1752 781 1946 836 frater-

234 869 422 923 nitate
483 872 830 939 congregnta
887 869 1147 924 diceret:
1215 868 1330 938 Ego
1380 885 1492 923 non
1566 868 1745 923 habeo
1803 885 1948 939 opus

227 958 691 1024 communione;
718 957 1014 1012 Christum
1037 959 1193 1013 enim
1210 959 1322 1013 νὶιιὶ
1355 959 1546 1015 hodie.
1571 959 1735 1021 Tunc
1749 958 1946 1014 Patres

227 1065 367 1104 eum
427 1064 581 1104 anno
652 1063 765 1103 uno
821 1049 1227 1114 vinaernnt,et
1279 1049 1340 1104 in
1393 1051 1606 1104 ferreos
1636 1051 1945 1118 compedes

228 1138 632 1209 conjecerunt,
663 1142 721 1192 et
757 1143 1077 1206 curarunt;
1110 1139 1400 1209 precibus,
1423 1139 1666 1208 ejusque
1689 1146 1946 1194 contem-

230 1229 452 1300 ptione,
485 1229 716 1299 vitaque
753 1231 1073 1283 austeriore
1131 1229 1502 1284 detrahentes
1529 1231 1657 1299 ejus
1703 1245 1945 1300 persua-

233 1318 462 1374 sionem
491 1335 505 1386 ;
540 1334 700 1382 nam,
733 1323 796 1372 ut
854 1317 1088 1384 dicitur,
1135 1319 1427 1374 contraria
1484 1319 1792 1374 contrariis
1823 1334 1942 1374 me-

226 1407 576 1462 dicamentis
608 1412 907 1462 curantur.

301 1497 548 1552 Necesse
577 1503 665 1552 est
731 1503 926 1551 autem
988 1512 1184 1552 eorum
1236 1514 1468 1568 quoque
1498 1497 1593 1569 qui
1629 1502 1765 1552 sunt
1795 1495 1942 1552 tales

224 1586 406 1640 vitam
442 1588 497 1641 in
532 1587 640 1641 hoc
699 1586 846 1641 libro
903 1589 1178 1651 inserere,
1211 1587 1282 1641 ad
1341 1590 1704 1642 securitatem
1740 1602 1940 1641 eorum

227 1677 335 1748 qui
374 1676 602 1747 legunt:
623 1678 770 1731 sicut
801 1677 971 1730 etiam
991 1678 1203 1732 sanctis
1221 1677 1432 1747 plantis
1448 1678 1693 1731 accessit
1715 1677 1938 1748 lignum

220 1769 510 1837 paradisi,
549 1784 751 1832 nempe
783 1768 1035 1838 cognitio
1064 1769 1198 1822 boni
1229 1779 1282 1822 et
1318 1767 1450 1821 mali
1482 1772 1639 1835 (Gen.
1664 1768 1764 1831 ul;
1798 1780 1860 1820 ut
1889 1766 1939 1820 si

216 1862 465 1928 quando
497 1857 801 1928 contigerit
858 1873 955 1911 eos
1007 1859 1063 1910 in
1123 1857 1317 1928 aliqua
1349 1873 1408 1911 re
1455 1874 1517 1912 se
1550 1865 1701 1912 recte
1721 1873 1938 1926 gerere,

218 1961 347 2000 non
383 1963 443 2001 se
473 1944 713 2001 etferant
741 1954 796 2001 et
825 1963 886 2001 se
936 1949 1158 2016 jactent
1209 1949 1279 2001 de
1330 1948 1563 2001 virtute.
1595 1947 1739 2000 Nam
1794 1963 1944 2017 saape

219 2051 464 2105 quoque
513 2038 696 2090 virtus
727 2037 975 2090 el'licitur
1006 2036 1228 2090 occasio
1260 2035 1677 2108 prolapsionis,
1712 2037 1946 2106 quando

219 2140 342 2178 non
395 2131 548 2180 recto
606 2141 780 2195 scopo
831 2128 978 2180 facta
1045 2126 1235 2179 fuerit.
1295 2125 1585 2194 Scriptum
1653 2135 1735 2179 est
1762 2128 1942 2179 enim:

217 2211 350 2266 Vidi
385 2213 605 2278 iustum
669 2219 998 2282 pereuntem
1062 2212 1120 2266 in
1171 2229 1275 2266 sua
1323 2211 1556 2280 justitia
1587 2211 1783 2282 (Eccle.
1821 2212 1942 2283 vn).

228 2299 294 2355 Id
330 2316 556 2372 quoque
586 2306 675 2356 est
696 2302 931 2356 renitas.

810 2389 1042 2447 CAPUT
1081 2389 1296 2446 XXXII.

874 2481 944 2536 De
976 2482 1148 2536 Erone
1178 2481 1300 2550 (74).

297 2571 436 2628 Fuit
465 2569 722 2640 quidam,
769 2570 878 2626 Ero
932 2571 1182 2636 nomine,
1220 2569 1361 2624 mihi
1409 2569 1658 2638 vicinus,
1694 2569 1937 2625 Alexan-

220 2662 439 2718 drinus
489 2677 720 2729 genere,
771 2661 1027 2715 urbanus
1085 2658 1442 2728 adolescens,
1478 2661 1628 2716 bono
1683 2660 1938 2731 ingenio,

226 2752 350 2805 vita
417 2753 701 2805 mundus.
771 2749 878 2814 Qui
946 2748 1069 2818 ipse
1143 2765 1373 2820 quoque
1475 2756 1606 2820 post
1700 2765 1940 2820 magnos

221 2840 457 2895 labores
482 2846 539 2894 et
569 2839 876 2911 praeclaros
905 2840 1262 2907 sudores,ab
1299 2840 1628 2909 arrogantia
1675 2849 1937 2910 arreptus

222 2939 280 2984 et
307 2928 579 2996 elatione,
655 2943 912 2999 praeceps
969 2931 1108 2994 ruit,
1150 2933 1206 2982 et
1252 2927 1525 2982 adversus
1584 2941 1775 2998 patres
1843 2943 1937 2982 su-

223 3018 449 3091 perbus
479 3018 661 3072 evasit
693 3024 748 3071 et
777 3018 1058 3086 insolens,
1090 3021 1145 3071 et
1179 3033 1309 3071 cum
1364 3017 1480 3070 illis
1513 3016 1741 3070 beatum
1766 3016 1935 3072 etiam

227 3105 671 3178 Evagrium[AI.
731 3106 1043 3160 Macarium
1100 3121 1336 3176 quoque
1394 3104 1817 3176 presbyterum]
1853 3107 1935 3159 af-

227 3199 362 3253 fecit
390 3196 764 3263 contumelia,
797 3195 998 3251 dicens
1031 3213 1044 3251 :
1079 3195 1184 3260 Qui
1218 3203 1332 3250 tua;
1387 3197 1662 3250 doctrinae
1709 3201 1931 3268 parent,

2064 609 2403 658 versabatur
2454 608 2509 658 in
2561 607 2872 675 cauponis;
2909 605 2954 657 is
3014 613 3207 659 autem
3260 623 3390 661 cum
3423 607 3570 676 gulae
3613 613 3764 664 esset

2061 693 2291 746 deditus
2324 701 2376 747 et
2409 695 2700 758 ebrietati,
2733 693 2934 748 incidit
2966 694 3020 747 in
3045 711 3268 749 cccnum
3307 697 3566 751 feminea
3599 699 3762 769 cupi-

2059 783 2289 848 ditatis;
2324 793 2375 835 et
2408 799 2535 836 cum
2601 800 2831 851 peccare
2871 784 3297 850 constituisset,
3339 801 3470 839 cum
3516 792 3764 853 quadam

2061 873 2239 926 mima
2269 874 2502 926 assidue
2525 876 2869 937 collocutus,
2906 874 3071 926 ulcus
3121 890 3292 927 suum
3343 877 3585 946 aperuit.
3619 877 3764 933 Cum

2058 957 2179 1014 haec
2211 960 2292 1013 sic
2327 963 2549 1025 tierent,
2583 961 2775 1014 divino
2835 961 3082 1029 quodam
3145 962 3384 1017 consilio
3442 970 3646 1020 enatus
3676 971 3768 1023 est

2055 1048 2104 1107 ei
2163 1049 2410 1104 anthrax
2469 1049 2527 1104 in
2586 1049 2798 1121 glande
2831 1070 2843 1118 ;
2875 1055 2931 1104 et
2987 1057 3242 1120 tempore
3281 1056 3542 1110 semestri
3577 1072 3765 1127 usque

2056 1143 2198 1196 adeo
2255 1142 2575 1212 irgrotavit,
2637 1145 2700 1196 ut
2754 1141 2878 1208 ejus
2936 1140 3124 1197 virilia
3195 1143 3454 1199 membra
3518 1162 3767 1216 compu—

2054 1231 2327 1297 trnerint,
2374 1236 2430 1286 et
2483 1248 2586 1287 sua
2652 1237 2860 1302 sponte
2935 1232 3265 1287 ceciderint.
3357 1235 3500 1289 Cum
3570 1245 3768 1305 postea

2055 1328 2249 1376 autem
2284 1320 2688 1384 conValnisset,
2723 1336 2984 1375 reversus
3034 1330 3119 1376 est
3178 1323 3244 1376 ad
3310 1321 3419 1377 hoc
3452 1325 3513 1376 ut
3543 1338 3609 1377 ea
3640 1339 3766 1379 sen-

2055 1411 2181 1465 tiret
2247 1427 2371 1480 qua:
2426 1408 2526 1464 Dei
2585 1416 2743 1471 sunt,
2793 1418 2846 1464 et
2902 1410 3054 1464 venit
3098 1409 3155 1463 in
3208 1410 3603 1480 solitudinem,
3646 1411 3766 1466 hac

2052 1498 2248 1554 omnia
2279 1501 2562 1552 conﬁtens
2598 1488 2986 1567 patrihusfet
3043 1514 3176 1552 cum
3239 1515 3350 1553 non
3411 1499 3768 1570 pervenisset

2053 1590 2123 1645 ad
2159 1590 2577 1661 operationem,
2611 1591 2813 1660 paucis
2849 1595 2975 1651 post
3005 1590 3210 1645 diebus
3242 1591 3581 1648 obdormiit.

2674 1678 2906 1735 CAPUT
2937 1679 3188 1735 XXXIII.

2522 1771 2593 1824 De
2614 1770 2903 1826 Ptolemaso
2935 1772 3028 1840 qui
3055 1769 3279 1827 excidit.

2123 1858 2286 1913 Alius
2338 1857 2576 1928 quidam
2640 1875 2864 1922 rursus,
2918 1863 3152 1913 nomine
3218 1859 3586 1927 Ptolemaeus,
3636 1877 3767 1918 cum

2060 1958 2296 2003 narratu
2329 1950 2648 2014 difﬁcilem,
2683 1948 2765 2002 vel
2794 1948 2985 2018 potius
3017 1965 3143 2019 quas
3180 1952 3397 2004 narrari
3430 1968 3542 2005 non
3579 1955 3772 2020 potest

2059 2039 2235 2092 vitam
2274 2040 2672 2100 transegisset,
2714 2037 2994 2091 haritavit
3027 2038 3190 2092 initio
3251 2039 3399 2093 ultra
3453 2044 3674 2096 Scetem
3707 2041 3768 2095 in

2057 2141 2123 2180 ea
2151 2143 2280 2197 quae
2311 2125 2526 2180 dicitur
2560 2122 2792 2195 Κλίμαξ,
2830 2125 2888 2179 id
2919 2132 3007 2179 est
3045 2127 3224 2181 scala.
3257 2127 3356 2182 Est
3385 2137 3576 2182 autem
3610 2130 3770 2184 locus

2055 2217 2152 2287 qui
2188 2219 2272 2270 sic
2306 2218 2518 2269 dicitur
2551 2217 2605 2269 in
2628 2231 2743 2284 quo
2777 2231 2942 2269 nemo
2994 2223 3181 2283 potest
3229 2216 3508 2284 habitare,
3545 2225 3770 2289 prOpte-

2055 2323 2151 2360 rea
2185 2304 2340 2375 quod
2377 2312 2576 2370 puteus
2623 2321 2908 2375 aquarum
2959 2307 3129 2360 distet
3169 2307 3367 2361 decem
3401 2315 3458 2361 et
3483 2315 3611 2362 octo
3645 2308 3769 2362 mil-

2055 2394 2314 2450 Iiaribus.
2337 2395 2480 2448 Cum
2515 2395 2560 2449 is
2601 2411 2736 2465 ergo
2788 2395 2973 2449 multa
3000 2412 3135 2449 vasa
3193 2397 3396 2450 lictilia
3462 2403 3769 2467 portasset,

2051 2490 2108 2540 et
2143 2487 2438 2541 Decembri
2497 2492 2551 2541 et
2601 2484 2873 2540 Jenuario
2933 2503 3133 2542 mense
3192 2503 3379 2541 rorem
3439 2488 3770 2560 collegisset

2044 2575 2154 2647 (est
2183 2577 2338 2631 enim
2375 2577 2711 2645 permultum
2748 2579 2889 2631 roris
2943 2577 2994 2630 in
3023 2575 3134 2632 illis
3171 2578 3535 2646 partibus)ct
3583 2594 3763 2647 spon-

2048 2663 2143 2735 gia
2173 2682 2239 2720 ex
2270 2665 2558 2733 lapidibus
2589 2667 2987 2736 expressisset,
3022 2665 3276 2732 perstitit
3326 2667 3443 2721 illic
3493 2666 3767 2724 habitans

2048 2771 2231 2810 annos
2291 2754 2650 2825 quindecim.
2711 2755 2817 2820 Qui
2879 2754 3241 2810 abalienatus
3303 2772 3337 2810 a
3395 2755 3656 2811 doctrina
3711 2755 3770 2812 et

2047 2847 2456 2914 congressione
2523 2845 2772 2899 virorum
2860 2853 3189 2913 sanctorum
3274 2855 3322 2901 et
3397 2847 3647 2901 utilitate
3711 2851 3770 2902 et

2046 2937 2326 2989 continua
2421 2940 2919 2988 sacramentorum
3003 2935 3439 3002 communione,
3509 2953 3540 2990 a
3615 2943 3770 2991 recta

2045 3025 2137 3078 via
2170 3040 2357 3093 usque
2409 3025 2547 3077 adeo
2600 3024 2860 3090 recessit,
2915 3030 2979 3078 ut
3025 3025 3173 3094 quod
3237 3025 3496 3080 nonnulli
3565 3027 3767 3081 dicunt

2046 3110 2232 3182 impii,
2265 3128 2401 3165 casu
2445 3111 2642 3166 omnia
2697 3111 2843 3173 fieri,
2876 3111 2924 3165 is
2974 3128 3208 3183 quoque
3258 3113 3456 3168 infelix
3516 3114 3569 3168 id
3628 3114 3767 3169 fate-

2046 3208 2227 3265 retur,
2258 3204 2514 3254 daemone
2571 3200 2783 3253 erroris
2814 3199 3088 3267 deinceps
3139 3202 3194 3254 in
3255 3216 3388 3256 eum
3467 3203 3767 3260 obtinente

229 3286 633 3357 decipiuntur;
660 3303 772 3340 non
806 3291 1033 3356 oportet
1064 3287 1223 3339 enim
1257 3285 1403 3339 alios
1429 3285 1740 3356 magistros
1761 3293 1936 3340 attcn-
1965 3272 2016 3338 Ο
2046 3289 2377 3358 imperium.
2413 3287 2514 3342 Hic
2570 3289 2726 3343 enim
2798 3288 3066 3342 inimicus
3126 3306 3272 3344 vano
3351 3291 3483 3346 huic
3541 3293 3761 3348 homini

221 3375 360 3431 dere
391 3385 596 3446 praeter
624 3374 940 3430 Christum.
972 3377 1203 3429 Abusus
1249 3380 1338 3428 est
1382 3385 1570 3429 autem
1606 3377 1931 3431 testimonio

223 3483 457 3537 quoque
488 3467 553 3518 ad
591 3481 920 3536 perversum
951 3480 1189 3535 scopum
1223 3482 1342 3519 suae
1382 3465 1666 3531 stultitiae,
1703 3466 1928 3522 dicens:

223 3554 307 3611 Ne
335 3556 672 3611 voraveritis
715 3555 1059 3627 magistrum
1084 3570 1258 3626 super
1288 3561 1495 3611 terram
1532 3556 1743 3628 (Matth.
1778 3557 1928 3628 xxv).

227 3646 334 3711 Qui
370 3646 494 3716 ipse
524 3662 754 3717 quoque
785 3652 1032 3700 mentem
1067 3643 1208 3700 adeo
1245 3646 1447 3700 habuit
1492 3648 1928 3701 obtenebratam

219 3751 368 3790 Vana
403 3736 773 3807 persuasione
803 3752 921 3789 suae
951 3734 1344 3802 opinionis,ut
1371 3735 1544 3790 fuerit
1591 3737 1763 3790 etiam
1818 3739 1928 3792 l'er-

221 3841 283 3882 ro
342 3827 569 3880 vinctus
625 3841 754 3879 cum
815 3823 995 3879 nollet
1050 3825 1356 3880 convenire
1415 3826 1482 3879 ad
1540 3838 1923 3880 sacramenta.

217 3915 423 3971 Amica
457 3922 651 3969 autem
685 3916 910 3968 veritas.
934 3914 1058 3969 Fuit
1090 3914 1140 3968 is
1162 3914 1284 3966 vita:
1320 3913 1590 3967 instituto
1614 3919 1926 3969 admodum

217 4005 420 4062 subtili
457 4011 514 4059 ct
535 4011 823 4073 accurato,
864 4011 1003 4059 adeo
1025 4015 1079 4059 nt
1114 4003 1278 4059 multi
1311 4003 1522 4068 diciint,
1557 4007 1768 4074 quibus
1791 4021 1923 4058 cum

219 4111 285 4151 eo
319 4093 653 4150 intercessit
708 4093 1088 4162 consuetudo,
1121 4096 1273 4166 quod
1324 4111 1472 4164 saepe
1513 4111 1621 4149 non
1658 4094 1769 4148 nisi
1799 4100 1928 4164 post

213 4191 331 4242 tres
365 4203 592 4241 menses
633 4186 991 4252 comedebat,
1021 4191 1328 4240 contentus
1387 4185 1794 4239 communione
1824 4203 1926 4239 sa-

219 4283 678 4342 cramentorum,
710 4281 767 4330 et
815 4275 1001 4331 sicubi
1033 4277 1080 4330 ei
1108 4276 1476 4347 apparuisset
1521 4275 1647 4329 olus
1675 4285 1921 4346 agreste.

215 4367 418 4435 Accepi
476 4377 667 4420 autem
729 4381 834 4437 ego
881 4380 1114 4436 quoque
1159 4365 1287 4434 ejus
1335 4364 1747 4436 experientiam
1790 4382 1919 4420 cum

209 4455 378 4509 beato
405 4457 632 4522 Albino,
666 4470 798 4510 cum
850 4456 992 4509 irem
1053 4455 1110 4508 in
1162 4454 1384 4509 Scetem
1422 4471 1435 4509 :
1468 4455 1668 4509 aberat
1725 4461 1920 4509 autem

208 4543 374 4600 Scete
404 4561 438 4599 a
469 4546 635 4599 nobis
666 4544 1044 4614 quadraginta
1065 4542 1512 4600 milliaribus.In
1548 4543 1639 4598 bis
1671 4546 1920 4614 quadra-

2041 3381 2348 3450 suggessit,
2385 3385 2446 3432 ut
2477 3379 2692 3433 diceret
2753 3396 2842 3433 res
2894 3377 3108 3434 nullam
3176 3381 3385 3435 habere
3417 3383 3768 3451 essentiam;

2040 3471 2138 3525 sed
2195 3470 2432 3524 omnino
2492 3485 2622 3524 esse
2670 3471 2867 3524 omnia
2926 3485 2994 3523 ex
3052 3486 3117 3525 eo
3164 3471 3310 3540 quod
3363 3474 3615 3526 mundus
3652 3474 3765 3526 ter-

2040 3565 2198 3612 retur
2255 3576 2358 3613 sua
2415 3565 2639 3629 sponte.
2702 3557 2760 3612 In
2800 3558 2973 3627 hujus
3029 3575 3162 3628 ergo
3195 3566 3449 3615 animam
3503 3561 3764 3616 hiecim-

2039 3649 2198 3702 misit
2254 3647 2517 3703 omnium
2581 3649 2708 3700 vita:
2769 3648 2976 3713 hostis,
3027 3648 3306 3704 dicendo:
3343 3651 3487 3706 Cum
3546 3667 3637 3704 res
3681 3651 3762 3705 ita

2036 3753 2098 3790 se
2156 3737 2425 3799 habeant,
2487 3735 2625 3805 quid
2699 3736 2914 3791 l'rusira
2976 3745 3226 3806 teipsum
3291 3741 3429 3793 furis
3501 3738 3762 3794 domas?

2036 3824 2317 3889 Quidnam
2371 3831 2424 3877 te
2483 3824 2734 3892 juvabit,
2771 3823 3092 3888 Ptolemaee,
3136 3827 3183 3877 si
3253 3844 3365 3879 non
3425 3828 3502 3881 sit
3560 3844 3758 3880 remu-

2035 3913 2602 3973 neratio?Quzeniim
2664 3918 2857 3965 autem
2921 3911 3024 3964 tibi
3085 3915 3374 3966 sut'liceret
3423 3929 3642 3966 merces
3672 3920 3758 3968 tot

2035 4008 2093 4055 et.
2134 4007 2427 4053 tantorum
2484 4000 2772 4063 laborum,
2807 3999 3031 4052 etiamsi
3095 4007 3251 4052 esset
3299 4000 3395 4069 qui
3445 4000 3759 4057 redderet?

2033 4090 2333 4154 Quodnam
2371 4095 2560 4142 autem
2615 4094 2703 4140 est
2761 4089 3051 4154 judicium
3086 4089 3236 4156 quod
3272 4095 3570 4143 minantur
3598 4088 3755 4144 Scri-

2036 4179 2297 4252 pturre,si
2332 4177 2489 4232 nulla
2517 4178 2595 4230 sit
2629 4177 2976 4248 providentia
3000 4175 3028 4231 (ε
3054 4179 3151 4231 llis
3182 4179 3458 4233 satanicis
3505 4177 3755 4235 circum-

2033 4282 2234 4342 septus
2254 4268 2703 4339 cogitationibus
2747 4268 3113 4321 miserrimus
3150 4267 3514 4327 Ptolemaeus.
3547 4267 3758 4324 dicitur

2032 4376 2157 4415 esse
2181 4368 2388 4412 emotae
2443 4360 2683 4423 mentis,
2717 4355 3095 4427 ethucusque
3133 4374 3326 4413 errare
3373 4358 3432 4411 in
3493 4356 3756 4429 IEygpto,

2033 4456 2089 4504 et
2119 4450 2374 4516 seipsum
2409 4448 2705 4501 dedidisse
2735 4451 2883 4517 gulis
2933 4453 2988 4502 et
3035 4448 3327 4508 ebrietati,
3352 4465 3483 4502 cum
3521 4447 3750 4504 nemine

2032 4552 2402 4602 conversans,
2439 4536 2538 4590 sed
2577 4541 2770 4589 mutas
2795 4536 3574 4601 t'orumobiens,miserabile
3599 4543 3654 4591 et
3676 4536 3754 4593 la-

206 4637 370 4706 ginta
431 4633 781 4688 milliaribns
832 4651 933 4688 nos
967 4634 1055 4688 bis
1101 4634 1484 4696 comedimus,
1513 4641 1563 4687 et
1600 4640 1682 4688 ter
1711 4651 1919 4705 aquam
1959 4648 2000 4712 ι)
2035 4628 2349 4698 οιιδῐωὼὶιθ
2403 4629 2798 4696 spectaculum
2846 4626 3309 4682 Christianorum
3352 4625 3554 4691 oculis,
3596 4626 3749 4680 ludi-

204 4723 510 4789 bibimus;
544 4723 638 4777 ille
662 4739 793 4777 vero
823 4739 955 4778 cum
999 4723 1139 4777 nihil
1178 4729 1471 4793 gu~tasset
1520 4724 1690 4792 pedes
1734 4723 1919 4792 ingre-

205 4815 401 4881 diens,
437 4814 822 4884 pronuntiavit
867 4813 1205 4868 memoriter
1255 4814 1582 4884 quindecim
1635 4812 1922 4884 psalmus,

203 4903 418 4958 deinde
471 4919 744 4975 magnum
784 4903 1100 4974 psalmum,
1131 4905 1335 4958 deinde
1365 4902 1668 4974 epistolam
1713 4903 1779 4956 ad
1815 4906 1924 4956 He-

203 4993 412 5056 briros,
443 4992 648 5046 deinde
682 4993 910 5056 Isaiam,
937 4997 993 5047 et
1026 4999 1242 5062 partem
1273 4995 1739 5063 prepheticorum
1764 4991 1924 5046 Jere-

202 5084 356 5142 mite,
390 5082 599 5136 deinde
634 5082 845 5136 Lucam
880 5082 1553 5153 Evangelistnm,deinde
1587 5083 1921 5138 Proverbia.

202 5171 350 5226 Eum
379 5179 574 5224 autem
600 5171 993 5226 ambulantem
1033 5189 1141 5226 non
1179 5179 1515 5242 poteramus
1543 5173 1842 5242 consequi.
1868 5173 1922 5227 Is

205 5266 504 5332 postremo
535 5271 792 5329 arreplus
825 5281 852 5314 a
884 5261 1018 5315 mali
1046 5261 1329 5315 daemonis
1350 5262 1704 5332 operatione,
1731 5269 1792 5314 ut
1824 5261 1920 5330 qui

203 5356 478 5421 ageretur
508 5350 726 5419 abigne
748 5350 1349 5414 vehementissimoﬁn
1385 5368 1490 5403 sua
1523 5351 1754 5418 quidem
1780 5349 1924 5403 cella

203 5438 409 5495 sedere
441 5456 554 5494 non
601 5444 863 5510 poterat:
901 5440 1189 5507 prolectus
1238 5446 1431 5493 autem
1493 5437 1922 5505 Alexandriam,

203 5529 406 5584 divino
473 5530 727 5598 quodam
801 5528 1046 5582 consrlio
1129 5526 1350 5581 clavum
1433 5527 1590 5580 clavo
1658 5527 1922 5584 extrusit.

201 5621 320 5674 Sua
351 5632 561 5689 sponte
592 5619 744 5674 enim
774 5618 973 5672 incidit
1005 5616 1062 5670 in
1095 5615 1487 5686 promiscuum
1516 5625 1570 5670 et
1593 5616 1917 5671 indilieren.

206 5707 326 5768 tem
362 5725 553 5766 rerum
588 5726 779 5779 usum,
804 5709 1038 5764 inventa
1060 5712 1261 5778 postea
1293 5706 1483 5764 salute
1512 5707 1921 5766 involuntaria.

2036 4718 2229 4772 brium
2265 4722 2456 4771 autem
2495 4715 2567 4770 iis
2620 4733 2714 4786 qui
2757 4717 2931 4770 vitam
2980 4727 3229 4770 nostram
3285 4716 3569 4767 nesciunt.
3623 4713 3751 4767 Hec

2039 4816 2232 4863 autem
2268 4808 2570 4861 calamitas
2604 4805 3050 4860 immedicabilis
3087 4806 3364 4858 miserum
3390 4801 3601 4856 invasit
3622 4802 3752 4855 Pto-

2035 4900 2319 4963 lemmum,
2353 4915 2420 4952 ex
2476 4897 2716 4952 rationis
2771 4903 3001 4966 experte
3065 4894 3315 4965 quadam
3391 4895 3747 4963 arrogantia,

2033 4991 2584 5061 quodaseductore
2641 4989 2898 5041 daemone
2965 4985 3193 5049 illusus,
3254 4985 3610 5039 existimaret
3684 4997 3747 5037 se

2032 5078 2275 5133 scientia
2320 5077 2532 5146 pollere
2589 5093 2763 5144 super
2825 5092 3026 5129 omnes
3056 5081 3288 5128 sanctos
3349 5073 3574 5126 Pratres
3608 5089 3620 5126 :
3649 5087 3748 5138 per

2035 5186 2206 5239 quam
2243 5166 2616 5229 inllatus,sui
2667 5167 2853 5236 ipsius
2898 5167 3098 5232 hostis,
3141 5180 3391 5234 praeceps
3452 5167 3618 5214 ilatus
3652 5163 3746 5213 est

2037 5263 2093 5314 in
2133 5260 2483 5330 prolundum
2510 5259 2805 5324 interitus,
2826 5275 2956 5312 cum
2993 5257 3216 5310 nullum
3252 5270 3508 5325 unquam
3544 5266 3748 5307 conve-

2037 5349 2231 5403 nisset
2262 5365 2323 5402 ex
2355 5350 2573 5401 sanctis
2603 5347 2870 5400 Patribus
2915 5347 3010 5415 qui
3062 5346 3352 5415 sapienter
3383 5344 3748 5412 gubernave-

2036 5449 2179 5498 rant,
2217 5453 2316 5492 nec
2361 5452 2568 5491 eorum
2615 5439 2783 5491 fuerit
2832 5438 3108 5490 fundatus
3171 5433 3410 5502 spiritali
3445 5429 3747 5501 doctrina;

2035 5529 2138 5585 sed
2176 5530 2443 5584 inventus
2465 5532 2683 5600 absque
2715 5532 3120 5597 gubernatore,
3147 5526 3203 5579 in
3237 5532 3560 5579 extremum
3601 5540 3751 5579 mor-

2033 5622 2109 5677 tis
2143 5622 2494 5691 profundum
2536 5619 2764 5687 cecidit,
2799 5625 2854 5670 et
2886 5616 3033 5671 sicut
3069 5617 3242 5669 arbor
3279 5615 3560 5670 viridibus
3595 5615 3748 5669 foliis

2036 5722 2280 5782 comata,
2303 5725 2360 5768 et
2381 5710 2666 5768 fructibus
2686 5718 2911 5776 ornata,
2944 5724 3072 5779 qua
3133 5723 3248 5765 uno
3287 5707 3566 5780 temporis
3625 5717 3748 5760 ino-
