4076 6206
378 337 532 395 1095

1946 330 2319 389 PALIAUH

3742 338 3898 395 1096

370 473 565 527 mento
595 467 872 527 omnibus
904 466 1078 523 simul
1113 470 1200 522 est
1247 466 1485 529 nudata,
1523 466 1747 521 reddita
1775 471 1863 521 est
1892 467 2077 521 arida.
2113 467 2161 530 Α
2198 463 2283 517 fer
2314 464 2700 531 attentionem,
2732 468 2799 518 ut
2852 478 3049 519 earum
3097 478 3295 519 curam
3329 478 3524 535 geram
3556 474 3614 520 ut
3649 469 3905 537 postulat

368 560 514 617 Nam
546 565 611 615 ut
639 557 919 630 scriptum
953 563 1075 612 est:
1110 557 1330 623 Quibus
1363 573 1477 613 non
1510 560 1598 612 est
1646 556 2005 628 gubernatio,
2039 555 2079 609 ii

369 651 588 706 cadunt
619 654 683 705 ut
710 647 841 705 folia
864 648 1051 720 (Prov.
1085 647 1185 716 χι).

969 737 1204 794 CAPUT
1253 737 1509 812 xxxv:

960 829 1031 885 De
1060 830 1278 901 virgine
1316 830 1488 897 lapsa.

432 918 573 977 Novi
605 935 806 975 rursus
837 919 1151 991 quamdam
1184 919 1469 989 virginem
1512 916 1913 989 Jerosolymis,
1948 934 2072 988 quae

359 1026 591 1067 saccum
666 1008 914 1080 gestavit
992 1008 1287 1071 sexennio,
1351 1013 1406 1062 et
1484 1007 1592 1062 fuit
1644 1006 1909 1074 inclusa;
1970 1023 2073 1063 nec

357 1098 578 1169 aliquid
635 1096 856 1168 accepit
900 1112 967 1151 ex
1017 1096 1087 1150 iis
1148 1111 1276 1166 quae
1307 1097 1549 1151 tendunt
1589 1096 1657 1150 ad
1695 1094 2070 1165 voluptatem,

353 1186 455 1243 sed
496 1200 791 1243 summam
844 1184 1263 1239 continentiam
1296 1185 1551 1239 exercuit
1602 1184 1755 1239 inter
1796 1185 2067 1240 feminas.

355 1275 559 1331 Postea
588 1279 782 1330 autem
814 1289 848 1328 a
879 1271 1073 1328 divino
1121 1273 1353 1329 deserta
1411 1273 1623 1329 auxilio
1653 1282 1885 1345 pr0pter
1909 1289 2066 1328 sum-

353 1380 508 1420 mam
540 1362 877 1435 superbiam
935 1379 1060 1432 quae
1112 1363 1392 1418 malorum
1418 1363 1675 1418 omnium
1709 1367 1796 1417 est
1846 1362 2061 1423 nutrix,

348 1453 510 1529 lapsa
537 1459 645 1519 est,
677 1462 730 1508 et
761 1458 958 1523 aperta
1007 1452 1263 1507 fenestra
1320 1452 1559 1507 admisit
1597 1468 1731 1506 eum
1765 1452 1862 1519 qui
1896 1452 1947 1508 ei
1978 1451 2066 1507 in-

350 1544 656 1611 serviebat,
690 1547 745 1598 et
796 1559 928 1598 cum
990 1558 1055 1598 eo
1116 1542 1222 1597 fuit
1279 1544 1629 1611 commixta;
1661 1558 1727 1598 eo
1758 1542 1910 1614 quod
1947 1559 2061 1598 non

349 1634 544 1689 divino
576 1632 873 1704 proposito
904 1640 959 1687 et
1006 1647 1074 1687 ex
1112 1631 1394 1688 charitate
1450 1649 1514 1688 se
1571 1638 1926 1699 exercuerat,
1958 1632 2058 1687 sed

352 1728 415 1779 ut
446 1722 715 1778 humanas
772 1737 958 1777 scenas
1015 1722 1250 1790 servire,
1284 1721 1436 1792 quod
1491 1722 1724 1793 quidem
1773 1731 1859 1778 est
1897 1738 2057 1777 vanae

2191 554 2356 608 ratio.
2385 553 2525 608 Cum
2565 553 2767 607 fuisset
2792 570 2927 624 ergo
2947 570 3201 623 vespera,
3224 570 3358 609 eum
3387 571 3635 610 somnus
3670 574 3900 628 oppres-

2189 642 2261 698 sit
2286 642 2341 697 in
2375 641 2713 697 solitudine.
2746 642 3055 698 Venientes
3082 651 3275 699 autem
3327 644 3398 697 ad
3462 660 3589 699 eum
3654 652 3775 701 tres
3806 666 3901 703 an-

2188 733 2322 807 geli,
2353 740 2419 789 ut
2452 735 2572 806 ipse
2632 734 2775 790 mihi
2826 734 3098 801 narravit,
3131 750 3265 789 eum
3324 738 3662 801 retinentes,
3715 736 3766 790 ei
3815 737 3899 792 di-

2186 830 2364 878 cunt:
2398 825 2514 879 Cur
2557 825 2747 879 exiisti
2810 839 2877 880 ex
2930 825 3282 878 monasterio
3329 824 3727 880 feminarum?
3763 826 3900 883 Rem

2185 910 2383 984 itaque
2422 912 2505 967 eis
2541 915 2812 979 narravit,
2843 913 3043 967 dicens
3076 928 3089 967 :
3123 913 3313 967 Timui
3367 929 3438 969 ne
3484 920 3541 967 et
3566 913 3695 968 illas
3731 915 3902 970 laede-

2184 1018 2304 1058 rem
2333 1008 2389 1057 et
2439 1002 2747 1071 meipsum.
2787 1004 2994 1058 Dicunt
3041 1004 3090 1059 ei
3147 1004 3378 1074 angeli:
3413 1005 3470 1061 Si
3503 1012 3557 1060 te
3593 1023 3729 1076 ergo
3761 1007 3904 1063 libe-

2182 1093 2501 1148 raverimus
2541 1094 2612 1148 ab
2665 1096 2767 1149 hac
2816 1093 3135 1164 affectione,
3173 1094 3410 1156 redibis,
3451 1101 3507 1150 et
3549 1114 3753 1153 earum
3795 1115 3898 1154 cn-

2186 1199 2311 1237 ram
2334 1199 2492 1253 geres
2514 1183 2542 1237 ?
2574 1182 2674 1237 His
2740 1200 3011 1239 assensus
3050 1189 3160 1240 est.
3186 1184 3271 1238 Ab
3311 1200 3377 1239 eo
3403 1196 3595 1240 autem
3623 1187 3898 1255 jusjuran

2178 1272 2315 1325 dum
2375 1271 2668 1344 exigunt:
2725 1273 2993 1328 narrabat
3022 1278 3215 1328 autem
3270 1274 3712 1344 jusjurandum.
3754 1274 3900 1333 Jura

2176 1360 2344 1416 nobis
2375 1361 2488 1415 tale
2510 1362 2927 1431 jusjurandum
2970 1377 2985 1415 :
3018 1361 3124 1416 Per
3153 1377 3285 1417 eum
3319 1363 3418 1435 qui
3446 1364 3779 1419 meicuram
3815 1380 3900 1437 ge-

2174 1450 2266 1517 rit,
2300 1465 2495 1504 earum
2529 1465 2726 1505 curam
2780 1465 2994 1522 geram.
3048 1448 3163 1505 Hoc
3212 1450 3295 1505 eis
3343 1452 3577 1520 jnravit.
3620 1451 3896 1508 Tuncan-

2171 1538 2280 1610 geli
2312 1555 2441 1595 eum
2503 1545 2864 1595 tenuerunt:
2916 1556 3065 1595 unus
3124 1556 3355 1609 manus,
3388 1551 3442 1596 et
3498 1543 3647 1597 alter
3695 1542 3895 1614 pedes,

2169 1630 2373 1686 tertius
2405 1635 2596 1685 autem
2630 1636 2864 1699 accepta
2912 1630 3194 1686 novacula
3236 1631 3443 1686 excidit
3489 1634 3618 1700 ejus
3652 1636 3889 1689 testicu-

2169 1719 2255 1774 los
2281 1728 2554 1789 tanquam
2591 1720 2645 1775 in
2671 1719 2906 1786 exstasi,
2929 1737 3042 1775 non
3075 1720 3341 1788 vere,sed
3364 1722 3617 1792 quadam
3643 1724 3893 1779 visione.

349 1812 546 1885 gloria
575 1816 631 1867 et
658 1812 813 1882 pravi
848 1812 1121 1867 instituti.
1153 1811 1296 1867 Nam
1342 1828 1475 1868 cum
1517 1814 1648 1882 ejus
1698 1812 1804 1883 pits
1835 1813 2056 1883 cogita-
2090 1841 2135 1906 Β
2170 1810 2334 1864 Visus
2360 1822 2439 1864 est
2475 1826 2611 1881 ergo
2641 1809 2699 1864 in
2732 1810 2833 1863 illa
2857 1812 3073 1865 exstasi
3126 1810 3302 1865 veluti
3362 1812 3598 1866 excisus
3626 1814 3810 1868 fuisse
3841 1819 3894 1869 et

348 1904 535 1959 tiones
557 1906 1055 1971 occupatmessenl
1104 1900 1162 1956 in
1212 1901 1561 1957 damnandis
1615 1900 1765 1969 aliis,
1790 1900 2057 1959 incitare-

349 1996 445 2048 tur
474 1996 668 2047 autem
720 1992 908 2047 furore
944 2008 976 2046 a
1023 1992 1282 2047 daemone
1340 1993 1643 2062 superbiae,
1678 2007 1859 2062 eoque
1892 1992 2057 2047 valde

347 2079 744 2148 delectaretur,
775 2083 849 2136 ab
888 2096 956 2137 ea
1003 2081 1242 2137 recessit
1279 2094 1517 2137 sanetus
1573 2081 1817 2155 angelus
1859 2089 2056 2137 custos

349 2170 768 2242 temperantiae.

415 2261 547 2318 Ideo
578 2267 773 2317 autem
834 2259 1194 2332 scripsimus,
1221 2278 1253 2317 ο
1310 2262 1562 2318 virorum
1610 2261 1969 2327 ﬁdelissime,
2000 2264 2058 2316 et

342 2350 521 2407 vitam
550 2366 751 2407 eorum
784 2351 881 2423 qui
908 2368 971 2407 se
1002 2358 1155 2407 recte
1174 2356 1232 2407 et
1260 2369 1327 2407 ex
1381 2352 1590 2407 virtute
1641 2356 1969 2423 gesserunt,
1998 2355 2058 2406 et

340 2456 539 2497 eorum
572 2440 670 2512 qui
708 2448 836 2512 post
868 2440 1078 2497 multos
1108 2441 1335 2497 labores
1369 2459 1467 2513 per
1524 2442 1706 2497 otium
1765 2447 1821 2496 et
1852 2457 2054 2496 socor-

340 2530 491 2587 diam
525 2548 560 2587 ιι
588 2548 824 2587 summo
855 2537 912 2587 et
944 2532 1362 2602 perfectissimo
1395 2534 1521 2587 vita:
1545 2532 1809 2587 instituto
1832 2531 2058 2588 excide-

340 2625 493 2685 runt,
526 2622 677 2691 capti
710 2638 744 2675 a
773 2621 1005 2676 diabolo
1041 2638 1215 2676 omne
1263 2638 1447 2692 genus
1508 2623 1750 2692 laqueis,
1781 2628 1845 2675 ut
1877 2638 2058 2677 unus-

336 2709 587 2780 quisque
616 2727 685 2766 ex
709 2726 827 2766 sua
856 2711 981 2765 vita
1023 2709 1286 2765 instituto
1346 2710 1676 2780 intelligens
1707 2711 1933 2767 occulta
1968 2728 2056 2766 re-

336 2796 418 2851 tia
450 2799 633 2854 hostis
674 2798 982 2865 bonorum,
1017 2800 1204 2871 fugiat
1259 2799 1385 2870 ejus
1432 2799 1685 2871 laqueos.
1746 2801 1888 2856 Cum
1939 2802 2056 2857 sint

336 2899 473 2957 ergo
491 2886 678 2953 multi,
702 2888 854 2958 iique
872 2889 1066 2956 magni
1101 2888 1205 2943 viri
1237 2894 1292 2943 et
1324 2888 1619 2956 mulieres,
1652 2891 1749 2962 qui
1784 2892 1857 2945 ab
1888 2890 2054 2945 initio

342 2993 405 3034 se
438 2983 587 3035 recte
607 2986 919 3051 gesserunt
946 2978 1008 3035 in
1054 2980 1296 3035 honesto
1318 2981 1583 3037 instituto
1602 2981 2053 3050 exercitationis,

334 3066 568 3123 tandem
602 3075 799 3123 autem
862 3070 1093 3125 fuerunt
1143 3072 1326 3147 eversi
1380 3071 1659 3126 radicitus
1693 3072 1765 3127 ab
1796 3072 2051 3126 omnium

331 3154 637 3213 hominum
673 3157 1002 3215 adversario
1028 3176 1042 3228 ;
1067 3176 1134 3215 ex
1167 3160 1365 3215 multis
1398 3162 1545 3215 facta
1578 3161 1870 3216 mentione
1904 3178 2050 3231 pau-

330 3260 555 3311 corum,
588 3246 868 3317 plurimos
902 3250 1203 3318 praeteribo
1235 3249 1489 3315 silentio,
1516 3257 1578 3303 ut
1608 3250 1702 3321 qui
1740 3266 1926 3322 neque
1957 3252 2046 3322 ip-

333 3351 431 3391 sos
458 3336 702 3406 erigam,
737 3354 927 3409 neque
959 3338 1101 3393 mihi
1129 3337 1372 3407 prosim,
1403 3340 1539 3393 dum
1592 3339 1651 3393 in
1687 3339 1759 3394 iis
1793 3339 2046 3396 multum

332 3425 636 3489 immorer,
669 3429 727 3480 et
781 3426 1026 3481 eximios
1083 3426 1296 3482 Christi
1354 3428 1607 3482 athletas
1657 3427 1904 3501 negligo,
1934 3446 2047 3486 non

335 3528 581 3570 narrans
607 3513 851 3570 virtutes
879 3512 1093 3570 divinae
1113 3531 1311 3570 eorum
1346 3517 1795 3573 exercitationis.

942 3602 1170 3661 CAPUT
1208 3605 1436 3661 XXXV.

915 3694 1033 3750 Vita
1061 3695 1278 3751 abbati:
1317 3697 1480 3753 Elige.

406 3782 564 3839 Elias
594 3781 834 3853 quidam
894 3786 1146 3855 optimus
1212 3787 1581 3852 exercitator,
1616 3787 1724 3843 luit
1755 3787 2047 3862 virginum

335 3872 998 3941 amantissimus,curam
1033 3891 1238 3947 gerens
1271 3877 1873 3947 partisimbecillioris.
1901 3880 2052 3935 Sunt

331 3962 488 4018 enim
544 3962 691 4019 tales
746 3964 976 4027 animae,
1009 3966 1225 4036 quibus
1286 3967 1392 4021 fert
1438 3966 1571 4022 ﬁnis
1622 3970 2048 4031 testimonium,

335 4054 486 4121 quod
519 4052 575 4107 id
610 4052 823 4108 faciant
848 4070 916 4108 ex
953 4054 1189 4110 virtute.
1226 4056 1277 4111 Is
1308 4072 1441 4111 cum
1478 4058 1749 4113 misertus
1776 4065 1927 4114 esset
1956 4078 2051 4115 or-

334 4143 488 4197 dinis
522 4143 857 4198 feminarum
882 4160 1010 4214 qum
1042 4162 1105 4200 se
1152 4152 1437 4213 exercent,
1473 4148 1707 4203 haberet
1737 4156 1929 4205 autem
1967 4152 2051 4205 fa-

335 4227 583 4283 cultates
626 4229 685 4283 in
734 4229 973 4284 Athribe
1003 4231 1136 4298 [Αι.,
1171 4233 1431 4305 Athlebe]
1462 4234 1714 4299 civitate,
1747 4237 2051 4293 aedificavit

333 4330 608 4375 magnum
672 4319 1196 4386 monasterium,et
1244 4321 1361 4376 illic
1416 4326 1786 4395 congregavit
1843 4342 2048 4383 omnes

332 4418 458 4472 qua:
490 4403 765 4459 errabant
814 4404 1085 4476 virgines,
1120 4416 1543 4480 consequenter
1598 4428 1795 4469 earum
1839 4416 1893 4469 in
1928 4434 2051 4472 om-

331 4491 509 4548 nibus
539 4507 739 4548 curam
773 4510 1004 4564 gerens,
1032 4499 1415 4567 suppeditans
1473 4501 1558 4556 eis
1588 4504 1785 4558 omnia
1815 4520 1941 4575 quae
1973 4507 2042 4561 ad

327 4596 497 4637 usum
543 4582 836 4653 pertinent
893 4587 1310 4645 necessarium:
1364 4588 1581 4657 hortos,
1606 4597 1662 4647 et
1718 4594 1788 4648 ad
1838 4611 2040 4651 eorum
2075 4595 2120 4662 D

322 4670 620 4770 culturam
675 4673 1070 4770 instrumenta
1125 4679 1260 4750 (75),
1294 4686 1465 4752 atque
1524 4691 1583 4738 ut
1612 4685 1790 4739 semel
1824 4686 2041 4770 dicam,

322 4761 520 4819 omnia
552 4780 679 4836 quis
712 4765 965 4836 postulat
999 4768 1117 4824 vita
1164 4771 1726 4829 exercitationis.Ea:
1749 4787 1940 4834 autem
1970 4761 2039 4835 ex

320 4850 561 4907 diversis
590 4852 719 4907 vitae
762 4854 1044 4913 institutis
1084 4866 1139 4913 et
1170 4860 1390 4930 privata
1419 4862 1677 4918 deductas
1718 4873 2036 4923 consuetu-

315 4938 473 5005 dine,
497 4940 653 4997 inter
683 4959 743 4999 se
775 4945 1189 5017 depugnabant
1247 4950 1503 5009 assidue.
1537 4952 1681 5008 Cum
1713 4971 1847 5027 ergo
1874 4974 2036 5029 opor-

314 5034 459 5086 teret
490 5030 647 5087 hunc
677 5040 943 5090 sanctum
972 5041 1029 5092 et
1060 5054 1157 5093 eas
1191 5042 1410 5108 audire,
1443 5048 1500 5097 et
1564 5044 1793 5100 efﬁcere
1832 5051 1897 5102 ut
1931 5065 2032 5119 pa-

311 5135 435 5177 cem
468 5122 618 5177 inter
646 5139 707 5179 se
729 5133 1049 5194 servarent,
1084 5128 1391 5191 collegerat
1428 5133 1583 5187 enim
1617 5137 1684 5188 ad
1720 5142 2027 5208 trecentas,

308 5213 367 5263 et
395 5226 633 5267 necesse
664 5211 713 5267 ei
751 5214 939 5269 fuerat
970 5231 1099 5270 esse
1158 5234 1355 5271 earum
1390 5219 1737 5277 intercessor
1771 5226 2024 5297 biennio,

308 5295 442 5353 licet
501 5308 666 5356 aetate
710 5303 950 5372 juveni;
985 5310 1108 5360 erat
1163 5306 1319 5361 enim
1369 5306 1599 5365 circiter
1650 5314 1891 5381 triginta
1927 5295 2029 5371 aut

309 5388 693 5458 quadraginta
710 5409 894 5448 annos
921 5400 1111 5458 natus,
1137 5395 1185 5448 is
1212 5399 1470 5452 tentatus
1506 5400 1610 5453 fuit
1648 5419 1678 5455 a
1708 5404 2021 5476 voluptate.

307 5475 354 5526 Α
382 5483 735 5567 monasterio
779 5490 975 5537 autem
1032 5485 1301 5540 recedens
1336 5487 1597 5558 jejunus,
1648 5475 1878 5548 errabat
1926 5513 2025 5567 per

309 5559 681 5647 solitudinem
713 5570 862 5626 duos
906 5573 1052 5639 dies,
1089 5574 1194 5629 hoc
1246 5592 1479 5647 rogans,
1513 5585 1571 5633 et
1627 5581 1827 5639 dicens
1861 5600 1873 5640 :
1908 5559 2023 5643 Ᾰυι

310 5646 507 5703 occide
532 5667 643 5720 me,
675 5671 747 5714 ne
776 5658 934 5731 ipsas
975 5662 1195 5720 videam
1226 5646 1515 5736 afﬂictus;
1550 5674 1652 5724 aut
1698 5687 1889 5731 meam
1922 5692 2023 5733 au-

2166 1904 2421 1955 curatus.
2462 1900 2594 1954 Post
2648 1898 2757 1953 hoc
2818 1900 3172 1969 interrogant
3203 1899 3395 1970 ipsum
3442 1900 3658 1971 angeli,
3693 1903 3891 1960 dicen-

2167 1995 2295 2043 tes:
2357 1986 2602 2042 Sensisti
2660 1986 2970 2041 utilitatem
3033 1986 3339 2057 aliquam?
3398 1988 3497 2043 Eis
3554 1986 3704 2043 dicit
3749 1990 3885 2045 ille:

2166 2076 2346 2133 Valde
2379 2093 2649 2146 magnam
2683 2077 2878 2148 accepi
2913 2076 3215 2132 utilitatem
3240 2096 3255 2146 ;
3280 2078 3444 2133 valde
3472 2079 3631 2134 enim
3660 2081 3884 2136 levatus

2166 2184 2322 2235 sum,
2353 2173 2410 2222 et
2441 2184 2783 2237 persuasum
2817 2167 3002 2222 habeo
3027 2183 3118 2223 me
3138 2184 3264 2223 esse
3286 2167 3594 2224 liberatum
3631 2186 3666 2224 a
3690 2169 3890 2227 labore

2166 2262 2222 2311 et
2273 2255 2589 2312 affectione.
2638 2255 2798 2311 Tunc
2843 2256 3035 2327 angeli
3095 2258 3146 2311 ei
3194 2258 3399 2313 dicunt
3433 2273 3448 2312 :
3478 2259 3590 2313 Abi
3647 2275 3782 2319 ergo
3814 2261 3884 2316 ad

2166 2353 2331 2401 tuum
2367 2346 2806 2401 monasterium.
2834 2345 3119 2401 Reversus
3150 2352 3236 2400 est
3260 2353 3450 2401 autem
3479 2354 3608 2417 post
3629 2349 3888 2420 quinque

2163 2439 2306 2505 dies,
2333 2455 2465 2493 eum
2501 2440 2735 2509 lugente
2768 2444 2884 2494 toto
2910 2438 3282 2505 monasterio,
3305 2445 3361 2494 et
3387 2439 3550 2496 intus
3583 2441 3886 2512 ingressus

2162 2533 2287 2595 est;
2321 2534 2498 2601 atque
2528 2545 2595 2583 ex
2616 2535 2957 2597 eotempore
2983 2529 3199 2584 mansit
3218 2528 3275 2583 in
3300 2529 3531 2584 cellaad
3551 2531 3735 2586 lactus
3760 2532 3879 2603 (sic)

2166 2618 2526 2685 monasterii,
2559 2618 3025 2687 quandoquidem
3053 2634 3185 2672 cum
3202 2623 3348 2672 esset
3367 2636 3563 2689 prope,
3588 2636 3688 2675 eas
3707 2620 3885 2677 cor-ri.

2163 2708 2331 2780 gebat
2355 2709 2611 2773 assidue,
2636 2712 2920 2777 quantum
2947 2707 3000 2760 in
3023 2706 3118 2761 illo
3141 2706 3433 2762 erat.Cum
3466 2716 3659 2763 autem
3680 2718 3887 2777 postea

2161 2799 2394 2853 vixisset
2426 2797 2569 2852 alios
2604 2797 2984 2869 quadraginta
3004 2795 3539 2857 annos.af{irmabat
3574 2782 3888 2868 Patribus,

2164 2892 2312 2961 quod
2344 2889 2416 2943 ab
2446 2904 2512 2943 eo
2547 2893 2804 2958 tempore
2845 2904 2958 2941 non
3010 2888 3355 2942 ascenderat
3410 2889 3462 2942 in
3494 2904 3591 2942 cor
3621 2885 3755 2958 eius
3790 2890 3891 2944 af-

2166 2977 2334 3033 fectio
2391 2976 2727 3047 cupiditatis
2762 2977 3030 3031 feminiae.
3062 2980 3189 3031 Haec
3223 2983 3308 3031 est
3337 2977 3518 3049 gratia
3549 2979 3737 3032 sancti
3776 2979 3889 3033 viri

2166 3067 2319 3132 Elite,
2364 3073 2422 3123 et
2476 3068 2595 3121 hinc
2643 3066 2997 3132 exercitatio,
3038 3071 3094 3121 et
3142 3067 3643 3136 quemadmodum
3677 3082 3883 3122 curam

2164 3160 2342 3229 gessit
2375 3156 2705 3211 monasterii
2740 3157 2969 3226 virginu
2983 3170 3062 3209 m.

2749 3243 2981 3302 CAPUT
3019 3245 3295 3302 XXXVII.

2700 3338 2817 3393 Vita
2837 3337 3044 3391 abbatis
3064 3336 3330 3391 Dorothet’.

2231 3429 2370 3486 Cum
2401 3430 2681 3484 successit
2718 3428 3035 3483 Dorotheus
3068 3430 3149 3482 vir
3183 3426 3656 3498 probatissimos,
3689 3427 3791 3497 qui
3822 3428 3879 3483 in

2159 3519 2308 3575 bona
2341 3519 2475 3584 vita,
2507 3524 2563 3573 et
2593 3535 2718 3589 quis
2753 3518 2809 3572 in
2841 3518 3061 3591 agendo
3090 3525 3371 3583 versatur,
3404 3519 3737 3573 consenuit.
3762 3518 3878 3584 Qui

2160 3625 2292 3665 cum
2324 3626 2437 3664 non
2473 3614 2668 3677 posset
2699 3608 2934 3679 quidem
2967 3607 3050 3663 sic
3082 3624 3273 3663 curam
3307 3623 3502 3677 gerere
3536 3605 3878 3663 monasterii

2160 3705 2225 3755 ut
2254 3699 2347 3753 hic
2375 3700 2598 3764 beatus,
2631 3714 2818 3769 neque
2872 3699 3171 3753 mansisset
3228 3696 3285 3752 in
3324 3698 3423 3751 illa
3452 3697 3624 3765 cella,
3654 3698 3716 3753 in
3750 3698 3876 3768 ipso

2163 3791 2511 3845 monasterio
2544 3791 2601 3843 in
2631 3786 2917 3858 superiori
2948 3786 3244 3843 caenaculo
3274 3787 3532 3858 seipsum
3594 3789 3862 3855 inclusit,

2160 3888 2215 3935 et
2248 3879 2377 3935 fecit
2408 3880 2711 3933 fenestram
2739 3893 2866 3949 quae
2895 3880 3190 3946 spectabat
3218 3878 3288 3933 ad
3325 3878 3743 3932 monasterium
3796 3878 3878 3933 fe-

2162 3971 2478 4036 minarum,
2538 3983 2715 4039 quam
2774 3967 3074 4023 claudebat
3115 3972 3171 4023 et
3222 3967 3541 4038 aperiebat.
3591 3966 3881 4039 Perpetuo

2160 4078 2297 4132 ergo
2328 4061 2618 4115 assidebat
2669 4060 2952 4125 fenestrae,
2986 4075 3304 4131 procurans
3348 4068 3409 4113 ut
3442 4060 3595 4114 inter
3623 4077 3725 4114 eas
3759 4076 3880 4129 pu-

2160 4168 2280 4217 gnae
2311 4157 2623 4207 cessarent.
2654 4150 2865 4222 Sicque
2922 4150 2978 4203 in
3029 4149 3310 4220 superiori
3342 4149 3641 4204 caenaculo
3674 4165 3889 4205 conse-

2162 4241 2292 4295 nuit
2322 4258 2452 4295 cum
2488 4256 2591 4295 nec
2649 4240 2804 4294 ullus
2861 4255 3121 4295 seorsum
3183 4239 3513 4306 ascendere,
3546 4255 3743 4310 neque
3778 4239 3879 4295 ille

2162 4336 2357 4401 posset
2387 4331 2750 4389 descendere,
2785 4345 2897 4384 non
2946 4330 3100 4384 enim
3135 4332 3361 4383 stabant
3391 4329 3578 4384 scale.
3618 4327 3753 4383 Haec
3788 4333 3881 4385 est

2162 4420 2311 4473 beati
2348 4418 2611 4473 Dorcthei
2649 4418 2918 4488 religiose.
2938 4422 2993 4472 et
3024 4417 3330 4472 virtutibus
3356 4422 3564 4473 ornata
3587 4420 3728 4472 vita.
3771 4416 3877 4472 Hic

2162 4507 2431 4579 ejusdem
2462 4506 2588 4562 vitae
2621 4507 2776 4562 finis.

2735 4592 2965 4650 CAPUT
3015 4592 3292 4651 XXXVII.

2729 4685 2799 4741 De
2820 4688 3009 4740 Amma
3034 4686 3293 4742 Piamun.

2217 4776 2348 4832 Fuit
2413 4774 2675 4848 quasdam
2740 4776 2902 4845 virgo
2970 4774 3237 4842 Piamun,
3302 4791 3429 4846 qua
3488 4790 3676 4830 annos
3741 4774 3877 4832 vita

2144 4884 2265 4924 suae
2287 4867 2427 4922 vixit
2456 4883 2588 4922 cum
2623 4873 2805 4922 matre
2836 4866 3085 4938 propria,
3118 4866 3244 4921 sola
3288 4882 3421 4920 cum
3460 4868 3587 4920 sola
3619 4882 3872 4937 vespere

2143 4957 2471 5024 comedens,
2495 4961 2552 5011 et
2574 4956 2757 5011 linum
2776 4971 2935 5010 nens.
2971 4958 3097 5009 Haec
3129 4956 3365 5026 dignata
3394 4959 3482 5009 est
3515 4955 3708 5026 gratia
3732 4972 3885 5026 pm.

2141 5048 2413 5103 dictionis
2447 5048 2773 5102 luturorum
2805 5047 2956 5102 inter
2977 5046 3264 5102 homines.
3295 5044 3519 5101 Accidit
3540 5046 3875 5115 aliquando

2143 5126 2197 5192 in
2233 5137 2489 5210 Egypto,
2523 5153 2657 5193 cum
2686 5135 2849 5190 Nilus
2880 5136 3314 5200 ascenderet,ut
3344 5136 3509 5189 vicus
3539 5136 3740 5188 vicum
3776 5136 3878 5191 in-

2137 5229 2396 5293 vaderet;
2434 5225 2867 5297 pugnantenim
2903 5241 3002 5295 pro
3044 5240 3328 5294 aquarum
3369 5224 3673 5291 divisione,
3712 5222 3865 5278 adeo

2138 5324 2202 5372 ut
2233 5322 2578 5385 aequaretur
2608 5315 2789 5369 caedes
2828 5320 2884 5369 et
2941 5313 3352 5369 sauciationes.
3388 5312 3682 5367 Potentior
3716 5328 3863 5384 ergo

2132 5407 2296 5461 vicus
2326 5410 2451 5473 ejus
2482 5406 2673 5459 vicum
2707 5404 2943 5471 invasit,
2976 5411 3033 5457 et
3065 5404 3220 5456 venit
3251 5403 3500 5457 virorum
3538 5400 3868 5455 multitudo

2132 5513 2263 5552 cum
2326 5495 2541 5550 lanceis
2597 5502 2651 5549 et
2709 5493 2908 5560 clavis,
2944 5496 3154 5563 utejus
3211 5493 3402 5548 vicum
3469 5491 3872 5547 exscinderet-

2141 5589 2344 5643 Astitit
2373 5592 2564 5641 autem
2600 5587 2731 5641 huic
2774 5587 2955 5641 beatas
3023 5586 3266 5657 angelus
3316 5583 3579 5639 revelans
3656 5597 3873 5638 eorum

2136 5678 2496 5736 invasionem
2528 5691 2541 5743 ;
2569 5684 2624 5733 et
2671 5675 2966 5733 accersitis
2988 5674 3096 5731 vici
3134 5674 3509 5746 presbyteris.
3542 5671 3631 5730 eis
3660 5674 3806 5730 dicit
3848 5670 3867 5710 τ
