4100 6204
311 405 460 467 1101

1652 408 2029 471 HISTORIA
2071 408 2490 470 LAUSIACA.

3674 394 3827 469 1102

306 540 484 599 Exite.
519 543 576 594 et
607 556 673 596 ex
702 539 808 595 hoc
841 539 958 594 vico
989 539 1274 596 occurrite
1306 542 1388 595 eis
1413 540 1511 610 qui
1548 541 1784 594 veniunt
1807 547 2005 596 contra
2039 545 2086 608 Α
2122 546 2251 595 tuor
2281 541 2512 594 ordines
2546 540 2807 608 fratrum,
2833 557 2900 596 ex
2942 557 3181 596 numero
3213 539 3416 610 viginti
3447 541 3818 612 quatuorlit-

303 648 428 694 vos,
461 646 532 685 ne
573 647 672 684 vos
709 647 938 702 quoque
972 649 1085 684 una
1116 647 1248 686 cum
1283 631 1406 684 vico
1443 633 1709 702 pereatis,
1733 638 1788 684 et
1814 637 2010 701 rogate

305 738 402 777 eos
436 727 497 775 ut
522 722 802 775 desistant
835 723 904 776 ab
929 721 1161 776 insidiis
1181 722 1460 776 adversus
1495 737 1591 774 vos
1618 723 1847 791 paratis.
1873 721 2011 776 Ter—

303 809 399 867 riti
433 817 631 865 autem
667 810 982 881 presbyteri
1017 810 1066 865 ei
1099 811 1168 864 ad
1219 812 1390 881 pedes
1439 811 1849 880 procumbunt,
1883 826 2008 864 eam

305 905 576 967 rogantes
607 904 662 952 et
699 898 956 953 dicentes
992 915 1004 953 :
1035 904 1146 954 Nos
1178 915 1291 953 non
1341 901 1626 953 audemus
1665 898 1749 952 eis
1799 898 1880 952 ire
1909 899 2009 951 ob-

304 987 499 1050 viam;
539 986 758 1042 scimus
782 986 938 1041 enim
981 1003 1182 1042 eorum
1213 986 1614 1040 temulentiam
1663 993 1719 1040 et
1745 985 2008 1055 petulan-

306 1075 441 1130 tiam
470 1091 484 1141 ;
517 1077 612 1130 sed
648 1078 695 1130 si
722 1076 859 1131 facis
895 1076 1348 1132 misericordiam
1381 1076 1439 1130 in
1481 1093 1586 1130 nos
1617 1079 1674 1131 et
1725 1075 1782 1129 in
1823 1080 2010 1128 totum

304 1165 520 1231 vicum,
554 1169 609 1220 et
644 1166 699 1218 in
732 1167 965 1220 domum
1003 1177 1184 1233 tuam,
1219 1166 1342 1234 ipsa
1372 1165 1454 1219 eis
1484 1167 1754 1236 egredere
1783 1163 2009 1218 obviam

302 1253 554 1326 illosque
587 1261 822 1326 pacatos
848 1261 1058 1310 averte.
1097 1255 1201 1310 Illa
1231 1260 1422 1308 autem
1451 1271 1581 1309 cum
1609 1271 1720 1307 non
1773 1268 2012 1306 assensu

303 1350 480 1412 esset,
512 1345 750 1400 veniens
784 1347 839 1398 in
877 1362 1042 1400 suam
1077 1344 1513 1410 domunculam,
1546 1349 1706 1398 stetit
1761 1349 1880 1396 tota
1914 1358 2011 1396 no-

304 1437 396 1487 cte
424 1450 596 1488 orans
653 1439 711 1488 et
740 1451 890 1504 genu
945 1434 1186 1488 minime
1219 1438 1474 1496 ﬂectens,
1507 1433 1606 1486 sed
1659 1449 1892 1502 rogans,
1924 1430 2011 1484 di-

303 1526 486 1578 cendo
521 1538 534 1577 :
569 1523 813 1577 Domine
837 1524 931 1591 qui
961 1523 1450 1590 judicasterram,
1497 1523 1588 1576 cui
1634 1521 1776 1575 nihil
1833 1521 2016 1589 placet

304 1617 456 1684 quod
488 1624 575 1669 est
611 1616 923 1683 injustum,
951 1630 1083 1669 cum
1119 1614 1239 1670 hare
1263 1614 1332 1669 ad
1370 1617 1422 1668 le
1452 1611 1674 1668 venerit
1699 1610 1903 1672 oratio,
1929 1611 2014 1665 vir

303 1711 398 1759 tus
431 1710 533 1758 tua
567 1721 666 1758 eos
725 1704 892 1758 sistat
948 1703 1275 1758 immobiles
1335 1710 1610 1771 tanquam
1666 1702 2012 1779 columnam,

304 1794 636 1862 ubicunque
675 1809 773 1847 eos
806 1793 1276 1864 deprehenderit.
1307 1793 1450 1846 Cum
1486 1793 1607 1848 l1ch
1639 1799 1841 1846 sancta
1861 1792 2012 1863 virgo

2121 635 2376 683 terarum
2409 649 2422 695 ;
2460 633 2842 704 precepitque
2875 631 3388 700 unicuiqueordini
3415 632 3713 701 imponere
3733 647 3827 685 uo-

2124 733 2254 770 men
2286 718 2631 772 elementum
2656 724 2941 787 Griecum,
2973 723 3044 773 ab
3077 739 3129 784 α,
3168 718 3220 782 B,
3253 726 3309 773 et
3365 736 3493 791 quas
3554 719 3825 789 deinceps

2120 813 2472 876 sequuntur,
2498 825 2682 878 usque
2705 812 2772 862 ad
2807 829 2872 874 ω,
2909 817 2966 862 ut
2990 810 3127 862 dum
3156 810 3475 879 interrogat
3497 808 3823 863 archiman-

2121 897 2271 950 drita
2292 899 2360 951 de
2391 897 2585 966 aliquo
2620 899 2674 950 in
2709 902 2869 952 tanta
2903 899 3293 966 multitudine,
3337 898 3662 954 sciscitatur
3691 914 3823 953 eum

2121 987 2220 1057 qui
2254 993 2343 1042 est
2373 987 2443 1040 ab
2476 1004 2540 1041 eo
2573 989 2892 1050 secundus,
2934 987 3228 1057 quomodo
3259 1005 3321 1043 se
3377 989 3550 1044 habet.
3589 990 3727 1044 ordo
3769 1007 3823 1055 α,

2121 1083 2223 1131 aut
2256 1077 2548 1146 quomodo
2589 1092 2652 1130 se
2694 1076 2866 1131 habet
2899 1078 3038 1130 ordo
3066 1077 3117 1149 β.
3159 1079 3380 1133 Rursus
3419 1077 3606 1133 saluta
3632 1097 3684 1151 ρ,
3726 1092 3824 1132 se—

2121 1169 2348 1237 quendo
2379 1167 2675 1236 quoddam
2706 1167 3005 1236 proprium
3071 1182 3278 1220 nomen
3341 1168 3710 1225 litterarum:
3772 1170 3828 1222 et

2121 1256 2586 1326 simplicioribus
2621 1256 2856 1325 quidem
2891 1261 2947 1309 et
2977 1255 3387 1310 sincerioribus
3417 1255 3683 1324 impones
3715 1272 3827 1309 no-

2123 1363 2251 1401 men
2293 1364 2347 1412 ι;
2381 1347 2806 1400 difficilioribus
2829 1348 3062 1416 anteme
3100 1362 3113 1401 :
3149 1347 3298 1401 etsic
3321 1345 3727 1400 convenienter
3751 1347 3825 1399 in-

2122 1439 2340 1490 stitutis
2370 1452 2568 1490 eorum
2614 1448 2670 1488 et
2704 1438 2829 1488 vita:
2862 1443 2916 1489 et
2971 1437 3252 1503 moribus,
3286 1437 3604 1506 unicuique
3635 1432 3821 1488 ordini

2121 1527 2475 1580 elementum
2511 1525 2712 1578 litteras
2747 1527 3252 1590 accommodabis;
3289 1525 3428 1580 solis
3461 1525 3824 1592 spiritalibus

2122 1615 2585 1683 intelligentibus
2616 1631 2678 1667 ea
2710 1631 2836 1685 quas
2867 1614 3292 1682 significantur.
3325 1616 3606 1684 Scriptum
3629 1623 3821 1669 autem

2119 1716 2235 1759 erat
2269 1708 2324 1760 in
2361 1704 2594 1758 tabula:
2633 1704 2691 1758 Si
2743 1705 2964 1758 venerit
2998 1704 3205 1771 hospes
3256 1705 3494 1758 alterius
3527 1709 3822 1758 monaste-

2122 1795 2209 1863 rii,
2240 1796 2392 1866 qnod
2429 1796 2599 1849 habet
2631 1795 2798 1848 aliam
2829 1795 3098 1858 formam,
3133 1811 3266 1848 cum
3299 1795 3384 1849 eis
3425 1809 3530 1848 nec
3561 1793 3823 1848 comedat

303 1883 390 1937 sic
422 1887 667 1951 orasset,
721 1883 838 1938 tale
898 1883 1033 1954 quid
1068 1883 1298 1938 accidit.
1335 1884 1537 1937 Hostes
1595 1882 1746 1938 circa
1805 1882 2006 1936 horam
2043 1906 2088 1971 Β
2124 1903 2226 1942 nec
2251 1887 2428 1953 bibat,
2455 1891 2510 1939 et
2542 1901 2646 1939 nec
2705 1885 3069 1956 ingrediatur
3100 1885 3158 1939 in
3219 1885 3658 1945 monasterium,
3710 1883 3818 1937 nisi

305 1973 636 2044 primam,a
676 1974 862 2028 tribus
911 1973 1281 2042 milliarihus,
1312 1974 1368 2026 in
1422 1973 1545 2028 loco
1587 1973 1680 2027 lixi
1733 1977 2008 2042 tanquam

304 2063 948 2130 columns,labefactari
984 2082 1097 2119 non
1132 2071 1415 2136 poterant.
1445 2065 1815 2137 lllisquoque
1849 2080 2009 2119 reve—

303 2152 489 2208 latum
522 2165 598 2208 est
635 2157 784 2224 quod
819 2172 991 2210 serva;
1025 2156 1234 2211 Christi
1277 2157 1523 2211 Piamun
1574 2155 2011 2210 intercessioni—

304 2243 412 2298 bus
445 2244 660 2298 factum
695 2254 775 2299 est
807 2247 890 2300 eis
923 2246 1452 2317 impedimentum;
1487 2247 1637 2315 iique
1695 2247 1765 2299 ad
1821 2246 2006 2300 vicum

303 2332 603 2388 mittentes
624 2351 816 2405 pacem
839 2336 1159 2406 petierunt,
1192 2336 1450 2390 dicentes
1486 2354 1498 2392 :
1532 2337 1699 2407 Agite
1732 2335 1845 2389 Deo
1869 2351 2010 2406 gra-

296 2421 408 2476 tias
440 2428 497 2476 et
532 2424 797 2493 precibus
849 2426 1092 2479 Piamun
1147 2442 1271 2496 quas
1307 2442 1407 2479 nos
1471 2425 1886 2497 impedierunt,
1935 2442 2004 2480 ne

307 2526 588 2582 magnum
612 2514 772 2568 vobis
807 2514 1024 2568 malum
1061 2516 1426 2570 inferremus.

867 2603 1098 2660 CAPUT
1119 2604 1414 2660 XXXVIII.

300 2692 417 2745 Vita
465 2692 674 2748 abbati:
732 2694 1014 2750 Pachumii
1073 2695 1222 2820 (76),!
1258 2701 1530 2750 eteorum
1585 2696 1684 2766 qui
1709 2711 1834 2749 cum
1888 2698 2002 2768 ipso

1055 2783 1198 2820 eran
1230 2808 1244 2820 .

1055 2783 1244 2822 erant.

361 2853 711 2910 Tabennesis
741 2856 857 2928 (77)
893 2860 978 2910 est
1017 2856 1182 2910 locus
1229 2857 1312 2911 sic
1364 2856 1692 2926 appellatus
1742 2857 1798 2910 in
1849 2857 1996 2912 The-

291 2943 566 3012 baide,in
609 2962 722 3016 quo
759 2949 868 3000 fuit
925 2945 1270 3001 Pachomius
1314 2946 1658 3010 monachus,
1692 2947 1778 2999 vir
1808 2963 1876 3000 ex
1925 2948 1996 3001 iis

290 3035 392 3106 qui
425 3035 689 3089 vixerunt
732 3037 788 3090 in
831 3053 1066 3091 summo
1123 3042 1180 3090 et
1237 3038 1487 3105 perfecto
1535 3036 1665 3090 vitae
1725 3037 1994 3092 instituto

287 3122 435 3193 (Vita
466 3125 585 3189 eius
639 3140 829 3193 supra,
857 3125 894 3177 ι.
933 3124 998 3194 i),
1033 3125 1175 3179 adeo
1210 3129 1272 3179 ut
1301 3124 1352 3178 is
1386 3124 1556 3178 fuerit
1605 3124 1883 3193 dignatus
1938 3129 1992 3179 et

290 3213 622 3268 futurorum
665 3214 1138 3284 praedictionibus
1169 3226 1218 3270 et
1253 3215 1529 3285 angelicis
1566 3215 1902 3270 visionibus.
1941 3216 1990 3269 Is

2121 1979 2293 2034 fuerit.
2321 1980 2590 2031 inventus
2621 1977 2678 2031 in
2711 1976 2820 2032 via.
2872 1979 3047 2030 Porro
3070 1991 3199 2030 eum
3224 1975 3323 2046 qui
3358 1973 3534 2030 semel
3566 1973 3818 2045 ingredi-

2120 2074 2358 2134 tur,nec
2391 2073 2579 2139 potest
2608 2083 2738 2121 cum
2771 2066 2855 2122 eis
2886 2071 2952 2120 ad
2988 2067 3305 2122 triennium
3361 2065 3652 2120 sustinere
3697 2081 3819 2120 cer-

2120 2167 2334 2222 tamen,
2359 2175 2470 2212 non
2505 2157 2817 2220 admittes;
2851 2157 2952 2210 sed
2983 2171 3113 2210 cum
3146 2172 3322 2226 opera
3379 2154 3571 2212 fecerit
3611 2154 3817 2209 difﬁci-

2119 2249 2281 2316 liora,
2314 2247 2396 2302 sic
2430 2247 2662 2319 prodeat
2686 2247 2743 2299 in
2777 2247 3033 2301 stadium
3069 2253 3194 2317 post
3221 2246 3560 2300 triennium.
3617 2247 3820 2301 Come-

2117 2339 2321 2393 dentes
2351 2348 2537 2391 autem
2596 2336 2789 2390 velent
2836 2335 3026 2404 capita
3056 2335 3326 2398 cucullis,
3361 2351 3430 2389 ne
3479 2336 3650 2390 frater
3703 2337 3816 2389 fra-

2115 2433 2258 2483 trem
2293 2428 2482 2480 videat
2514 2426 2900 2480 mandentem.
2956 2425 3288 2481 Comedenti
3323 2442 3437 2479 non
3470 2425 3605 2478 licet
3634 2422 3814 2494 loqui,

2116 2535 2219 2573 nec
2263 2525 2419 2572 extra
2452 2517 2733 2587 quadram
2766 2519 2821 2570 et
2877 2532 3132 2570 mensam
3169 2531 3412 2584 usquam
3448 2514 3560 2569 alio
3613 2512 3814 2568 oculos

2113 2612 2464 2663 convertere.
2499 2605 2810 2662 Constituit
2841 2611 3036 2659 autem
3072 2611 3133 2658 ut
3155 2621 3254 2675 per
3277 2611 3460 2658 totum
3484 2605 3637 2657 diem
3665 2604 3814 2656 face-

2113 2701 2240 2752 rent
2271 2694 2579 2750 duodecim
2614 2695 2928 2762 orationes,
2956 2700 3012 2749 et
3042 2710 3172 2748 cum
3209 2695 3275 2746 ad
3296 2691 3686 2761 vespertinum
3719 2691 3813 2747 lu-

2111 2803 2240 2842 men
2275 2786 2389 2857 (79)
2423 2786 2703 2852 venirent,
2727 2796 2774 2839 et
2802 2784 2858 2838 in
2917 2783 3213 2838 nocturnis
3243 2782 3455 2854 vigiliis
3485 2783 3808 2851 duodecim,

2110 2881 2166 2931 et
2231 2877 2375 2930 hora
2461 2891 2614 2928 nona
2698 2883 2830 2928 tres.
2908 2875 3150 2939 Quando
3236 2880 3426 2927 autem
3521 2872 3812 2928 videretur

2109 2965 2530 3020 comedendum
2564 2979 2692 3017 esse
2751 2961 3133 3026 multitudini,
3167 2963 3467 3016 constituit
3507 2976 3565 3016 ut
3622 2979 3808 3017 unus-

2105 3057 2353 3126 quisque
2382 3052 2522 3105 ordo
2553 3050 2610 3103 in
2646 3066 2995 3120 unaquaque
3026 3052 3287 3104 oratione
3320 3050 3611 3119 psalmum
3646 3051 3806 3119 prius

2103 3139 2354 3190 caneret.
2401 3131 2544 3186 Cum
2586 3136 2776 3183 autem
2824 3145 3073 3199 magnus
3113 3129 3456 3184 Pachomius
3481 3141 3678 3193 contra
3706 3148 3806 3185 an-

2103 3225 2295 3295 gelum
2330 3224 2548 3276 diceret
2577 3237 2701 3277 esse
2747 3237 2963 3293 paucas
3016 3221 3333 3288 orationes,
3364 3222 3416 3275 ei
3470 3221 3605 3276 dicit
3635 3236 3807 3292 ange-

288 3302 401 3356 fuit
433 3303 596 3358 valde
623 3319 828 3359 amans
861 3320 1208 3376 pauperum,
1257 3309 1313 3359 et
1355 3320 1565 3374 magna
1614 3305 1895 3358 charitate
1929 3304 1984 3358 in
2021 3276 2062 3341 Ο
2103 3276 2191 3367 fus
2221 3331 2240 3369 :
2275 3317 2404 3367 Haec
2433 3276 2836 3374 Ct)DSlltlll,.ut
2869 3309 3025 3379 parvi
3060 3326 3293 3381 quoque
3318 3276 3550 3380 possint
3605 3276 3805 3380 ρμ-οξθ.

283 3391 573 3448 homines.
606 3394 683 3449 Eo
704 3411 839 3466 ergo
855 3396 1093 3450 sedente
1124 3396 1180 3449 in
1224 3396 1328 3450 hac
1343 3395 1641 3465 spelunca,
1663 3401 1820 3452 visus
1840 3397 1988 3451 estei

285 3485 528 3551 angelus
562 3483 810 3552 Domini,
852 3485 952 3555 qui
983 3485 1032 3539 ei
1066 3485 1196 3539 dicit
1228 3501 1241 3539 :
1276 3486 1571 3553 Pachomi,
1624 3503 1692 3541 ea
1749 3487 1985 3557 quidem

287 3589 415 3644 quas
447 3575 516 3628 ad
545 3580 599 3628 te
631 3574 939 3646 pertinent,
973 3581 1124 3630 recte
1153 3585 1206 3629 et
1235 3591 1302 3630 ex
1334 3576 1544 3630 virtute
1574 3577 1803 3645 gessisti
1831 3594 1844 3644 ;
1885 3592 1988 3630 su-

283 3678 636 3734 pervacanee
667 3680 802 3733 ergo
833 3667 1000 3718 sedes
1033 3665 1090 3718 in
1152 3665 1258 3719 hoc
1290 3665 1411 3720 loco
1446 3683 1460 3733 ;
1495 3683 1599 3735 age
1639 3682 1793 3735 ergo,
1827 3683 1988 3735 egre-

285 3751 445 3817 dere,
486 3757 543 3808 et
573 3768 858 3824 congrege
887 3769 1091 3808 omnes
1117 3755 1378 3822 juniores
1415 3757 1752 3818 monachos,
1795 3762 1848 3808 et
1883 3756 1990 3809 ha-

283 3840 410 3896 bita
439 3856 567 3895 eum
592 3840 699 3906 eis,
732 3846 790 3895 et
820 3857 1072 3913 sequens
1097 3843 1340 3896 formam
1378 3857 1552 3910 quam
1579 3843 1728 3896 dabo
1759 3842 1885 3909 tibi,
1909 3844 1990 3897 eis

282 3930 440 4003 leges
471 3933 780 3988 constitue.
825 3933 1002 4001 Eique
1038 3933 1193 3984 dedit
1224 3931 1481 3986 tabulam
1515 3947 1754 3994 mneam,
1787 3930 1843 3984 in
1878 3947 1991 4000 qua

283 4020 407 4076 hac
440 4021 660 4090 scripta
692 4023 962 4076 fuerant:
999 4020 1257 4076 Concede
1287 4021 1600 4090 unicuique
1633 4026 1696 4073 ut
1726 4022 1994 4075 comedat

284 4118 345 4168 et
365 4112 530 4166 bibat
552 4129 653 4182 pro
677 4111 900 4165 viribus
915 4112 1342 4166 comedentium
1371 4129 1386 4178 ;
1419 4112 1503 4164 eis
1534 4127 1761 4182 quoque
1779 4115 1992 4166 manda

285 4219 462 4274 opera
493 4218 620 4272 quae
655 4203 1023 4273 proportione
1085 4201 1433 4256 conveniant
1479 4219 1547 4256 ac
1586 4205 1990 4274 respondeant,

287 4297 345 4348 et
375 4307 566 4362 neque
586 4291 854 4362 jejunare
892 4290 1131 4361 prohibe
1163 4306 1265 4345 nec
1295 4294 1616 4349 comedere.
1651 4294 1742 4349 Sic
1763 4296 1992 4365 quidem

285 4381 538 4437 fortibus
570 4384 734 4436 fortia
770 4384 981 4436 manda
1013 4399 1210 4454 opera,
1243 4382 1531 4438 imbecilla
1564 4394 1751 4439 autem
1777 4387 1995 4443 etlevia

284 4472 359 4527 iis
381 4471 478 4542 qui
503 4489 564 4526 se
594 4470 782 4542 magis
810 4487 1099 4538 exercent,
1132 4479 1189 4527 et
1227 4479 1365 4527 sunt
1415 4474 1853 4531 imbecilliores.
1888 4477 1994 4532 Fac

284 4566 474 4617 autem
501 4563 761 4616 diversas
783 4561 957 4616 cellas
994 4561 1052 4616 in
1083 4563 1288 4617 eadem
1333 4564 1483 4631 aula,
1529 4572 1584 4620 et
1614 4571 1731 4620 tres
1764 4567 1818 4620 in
1851 4567 1995 4622 cella

286 4653 880 4710 mancant.0mnibus
912 4659 1102 4708 autem
1122 4655 1288 4708 cibus
1319 4653 1376 4708 in
1413 4659 1712 4711 unadomo
1737 4662 1987 4725 paretur.
2021 4649 2065 4712 Ι)

283 4741 584 4798 Dormiunt
644 4749 835 4797 autem
892 4759 1004 4797 non
1064 4744 1487 4807 recumbentes,
1551 4745 1646 4798 sed
1681 4746 1991 4800 exstructis

275 4832 387 4887 sibi
416 4831 656 4887 sedibus
679 4831 850 4902 paulo
872 4832 1298 4901 supinioribus,
1321 4839 1377 4886 et
1416 4833 1532 4888 illic
1557 4834 1680 4888 suis
1700 4835 1990 4905 impositis

277 4922 559 4991 stragulis
589 4921 884 4975 dormiant
913 4923 1200 4976 sedentes.
1239 4926 1416 4977 Noctu
1443 4929 1635 4978 autem
1652 4929 1874 4993 gestent
1906 4925 1988 4978 le-

280 5012 511 5067 hitones
541 5011 746 5078 lineos,
780 5012 1082 5066 succincti.
1126 5012 1345 5067 Habeat
1377 5013 1786 5085 unusquisque
1817 5031 1883 5069 ex
1901 5015 1988 5070 his

279 5102 491 5176 pellem
515 5101 747 5156 ovillam
771 5101 956 5156 albam
974 5101 1320 5169 laboratam,
1345 5105 1566 5173 absque
1593 5121 1659 5159 ea
1687 5121 1871 5175 neque
1894 5121 1985 5160 co-

283 5192 543 5252 medent,
565 5207 748 5261 neque
768 5191 1078 5247 dormiant.
1101 5193 1702 5264 Ingredientesautem
1727 5199 1792 5248 ad
1824 5184 2010 5249 Chri-l

277 5283 350 5338 sti
385 5280 856 5336 communionem
917 5281 1166 5334 Sabbato
1201 5288 1254 5335 et
1285 5281 1608 5348 Dominica,
1644 5298 1820 5336 zonas
1863 5282 1988 5337 sol-

278 5375 441 5435 vant,
474 5375 530 5425 et
555 5369 758 5441 pellem
791 5369 1021 5425 ovillam
1045 5371 1428 5440 deponant,et
1456 5386 1588 5425 cum
1620 5371 1740 5426 sola
1759 5373 1987 5429 cuculla

278 5460 703 5532 ingrediantur.
739 5459 895 5514 Fecit
925 5472 1110 5513 antem
1143 5459 1226 5513 eis
1249 5459 1506 5512 cucullas
1537 5461 1663 5513 sine
1686 5459 1840 5514 villis
1872 5462 1985 5531 (78)

281 5556 564 5620 tanquam
608 5550 823 5620 pueris,
855 5550 910 5601 in
944 5548 1158 5620 quibus
1187 5548 1358 5604 etiam
1387 5549 1563 5614 jussit
1598 5547 1814 5614 imponi
1849 5551 1986 5620 ligu-

282 5657 412 5698 ram
431 5643 620 5696 crucis
652 5656 971 5712 purpureis.
1006 5638 1195 5694 Jussit
1233 5643 1426 5694 autem
1457 5655 1581 5694 esse
1610 5639 1817 5711 viginti
1850 5658 1987 5712 qua.

2098 3404 2232 3457 dere
2263 3403 2331 3455 ad
2369 3400 2775 3471 perficiendam
2812 3402 3094 3470 regulam,
3131 3415 3234 3454 nec
3264 3400 3348 3454 eis
3379 3399 3801 3462 sitmolestum;

2098 3492 2198 3564 qui
2221 3499 2413 3546 autem
2449 3497 2586 3544 sunt
2639 3490 3034 3559 perl'ecti,non
3085 3505 3233 3559 opus
3266 3489 3479 3543 habent
3535 3494 3600 3544 ut
3651 3490 3804 3561 leges

2098 3581 2182 3636 eis
2223 3581 2520 3643 ferantur;
2564 3593 2693 3631 nam
2728 3592 2861 3630 cum
2899 3592 2993 3646 per
3024 3591 3085 3630 se
3138 3585 3276 3630 sunt
3303 3577 3366 3632 in
3399 3576 3579 3643 cellis,
3622 3581 3803 3630 totam

2099 3685 2260 3724 suam
2293 3669 2464 3720 vitam
2491 3669 2820 3721 attribuunt
2840 3663 3337 3732 contemplationi.
3376 3665 3475 3722 His
3505 3676 3694 3720 autem
3726 3663 3805 3722 le-

2095 3775 2226 3830 gem
2261 3757 2392 3824 tuli,
2435 3755 2536 3827 qui
2564 3763 2815 3810 mentem
2844 3755 3085 3808 minime
3118 3755 3334 3810 habent
3361 3755 3803 3826 intelligentem,

2100 3854 2162 3903 ut
2191 3847 2345 3901 sicut
2375 3845 2521 3900 servi
2556 3849 2955 3907 contumaces,
2994 3849 3148 3897 metu
3188 3844 3412 3898 domini
3443 3851 3625 3898 totum
3677 3845 3806 3899 vitm

2096 3936 2436 3991 institutum
2477 3930 2808 3997 implentes,
2841 3945 3045 3984 secure
3076 3937 3133 3984 et
3177 3930 3355 3985 libere
3386 3931 3618 3999 degant.
3662 3932 3807 3986 Cum

2101 4025 2221 4080 ὴιεο
2251 4022 2579 4076 ordinasset
2635 4021 2905 4089 angelus,
2936 4022 2993 4073 et
3041 4016 3344 4089 implesset
3393 4018 3807 4087 ministerium,

2099 4114 2340 4171 recessit
2372 4130 2405 4167 a
2439 4125 2651 4182 magno
2687 4108 3022 4166 Pachomio.
3056 4109 3133 4164 Su
3149 4115 3207 4164 ut
3235 4109 3566 4165 autcmbaao
3607 4125 3809 4165 mona-

2099 4204 2274 4260 steria
2297 4219 2426 4275 quae
2461 4202 2705 4255 formam
2743 4200 2891 4254 hanc
2921 4200 3323 4264 obtinuerunt,
3357 4200 3626 4255 habentia
3655 4200 3805 4256 viro-

2101 4311 2227 4349 rum
2260 4293 2485 4348 circiter
2527 4295 2746 4358 septem
2807 4289 3010 4347 millia.
3064 4292 3164 4347 Est
3193 4301 3379 4346 autem
3441 4290 3696 4361 primum
3751 4292 3807 4346 et

2102 4397 2381 4454 magnum
2434 4380 2873 4443 monasterium,
2909 4381 2963 4433 in
3008 4396 3123 4452 quo
3175 4382 3298 4451 ipse
3347 4379 3572 4436 habitat
3606 4382 3808 4435 beatus

2101 4470 2478 4537 Pachomius,
2511 4469 2661 4541 quod
2698 4469 2812 4523 alia
2843 4472 3064 4540 peperit
3096 4471 3470 4534 monasteria,
3500 4469 3806 4525 continens

2103 4574 2406 4616 numerum
2456 4556 2682 4612 circiter
2729 4556 2881 4611 mille
2935 4557 3496 4629 quadringentorum
3527 4559 3804 4613 virorum.

2691 4645 2919 4701 CAPUT
2964 4646 3207 4703 XXXIX.

2519 4737 2648 4790 Vita
2673 4735 2895 4789 abbatis
2926 4735 3232 4802 Aphrhonii
3260 4735 3396 4804 (80).

2169 4835 2326 4889 Inter
2358 4845 2502 4900 quos
2515 4833 2604 4883 est
2628 4826 2801 4880 etiam
2835 4841 3033 4879 servus
3056 4824 3154 4879 Dei
3177 4825 3272 4895 qui
3297 4827 3533 4878 vocatur
3551 4822 3805 4896 Aphtho-

2097 4923 2252 4988 nius,
2287 4920 2384 4991 qui
2417 4923 2507 4972 est
2541 4915 2680 4969 mihi
2707 4930 3017 4978 germanus
3041 4929 3106 4967 ac
3137 4913 3400 4967 sincerus
3431 4915 3677 4982 amicus,
3704 4913 3801 4985 qui

2093 5013 2250 5067 hunc
2282 5010 2500 5066 obtinet
2530 5006 2855 5061 secundum
2921 5005 3107 5058 locum
3159 5005 3217 5057 in
3281 5003 3381 5058 illo
3428 5004 3801 5059 monasterio.

2094 5103 2272 5167 Quem
2310 5106 2373 5152 ut
2404 5096 2502 5168 qui
2537 5096 2614 5150 sit
2647 5105 2848 5163 potens
2872 5094 2928 5148 in
2962 5094 3209 5159 Christo,
3236 5093 3560 5166 firmusque
3590 5108 3654 5144 ac
3684 5097 3804 5145 sta-

2093 5191 2250 5254 bilis,
2285 5204 2385 5242 nec
2420 5186 2584 5241 facile
2625 5184 2838 5239 olfendi
2867 5183 3067 5254 possit,
3104 5182 3348 5238 mittunt
3371 5183 3443 5237 ad
3495 5197 3631 5235 suos
3659 5196 3801 5236 usus

2092 5275 2524 5341 Alexandriam,
2552 5284 2610 5328 ut
2637 5274 2841 5328 vendat
2876 5273 3108 5344 quidem
3157 5287 3352 5326 eorum
3391 5287 3584 5341 opera,
3645 5275 3804 5327 emat

2092 5376 2283 5425 autem
2312 5383 2437 5437 quae
2469 5365 2702 5420 sunteis
2740 5364 3087 5419 necessaria.
3113 5362 3260 5417 Sunt
3291 5367 3485 5416 autem
3517 5359 3631 5415 alia
3655 5377 3801 5434 quo-

2091 5476 2202 5530 que
2232 5455 2586 5511 monasteria
2619 5471 2742 5524 quae
2769 5457 3040 5508 constant
3060 5468 3126 5506 ex
3149 5450 3417 5507 ducentis
3439 5454 3495 5505 et
3524 5451 3800 5506 trecentis

2090 5549 2396 5606 animabus
2432 5550 2470 5600 ί.
2503 5549 2684 5616 Atque
2743 5544 2798 5599 in
2844 5543 3016 5599 Panis
3047 5543 3280 5615 quidem
3342 5541 3636 5614 ingressus
3666 5558 3798 5597 sum

2089 5641 2381 5698 civitatem
2423 5636 2551 5706 (81),
2585 5637 2642 5692 in
2684 5651 2800 5707 qua
2833 5633 3253 5691 monasterium
3286 5637 3508 5690 constat
3552 5649 3620 5690 ex
3658 5631 3797 5688 viris

365 5733 380 5767 ⁸
418 5729 520 5785 Hic
551 5731 817 5800 quadam
847 5730 906 5784 in
939 5728 1154 5796 Graeco,
1187 5745 1314 5800 qua
1344 5729 1516 5787 habet
1548 5730 1876 5788 Heraclides
1908 5748 2032 5805 cap.
2070 5733 2152 5788 19.
