4076 6206
325 404 480 465 1103

319 643 451 700 quze
481 632 815 694 supersunt,
838 624 1126 680 aedificant
1155 627 1459 697 (8‘2)etiam
1490 627 1799 681 mulierum
1841 644 2028 681 mona-

322 716 511 781 steria,
545 722 604 770 et
640 718 951 770 custodias.
1008 715 1171 769 Mane
1221 732 1356 785 ergo
1397 722 1696 774 surgentes
1726 717 1764 770 ii
1815 717 2028 788 quibus

320 824 425 864 sua
456 809 577 862 vice
608 808 714 862 hoc
748 823 955 861 munus
989 806 1260 878 obtingit,
1298 806 1391 861 alii
1424 808 1651 879 quidem
1680 814 1819 862 sunt
1850 825 2029 863 occu-

319 898 433 967 pati
464 898 520 952 in
554 898 771 965 culina,
798 898 893 950 alii
928 913 1055 950 vero
1082 904 1386 953 versantur
1407 898 1463 951 in
1490 902 1705 951 mensis
1731 900 2027 969 parandis,

316 1001 529 1043 mensae
552 987 921 1057 imponentes
950 1002 1125 1055 panes
1152 988 1383 1041 etolera
1415 987 1688 1057 agrestia,
1721 988 2031 1057 olivas,ca-

315 1090 468 1144 seos,
504 1082 561 1132 et
589 1082 875 1131 extremae
907 1075 1173 1130 carnium
1212 1083 1428 1148 partes,
1454 1082 1508 1131 et
1540 1079 2032 1135 cumminutaole-

315 1180 400 1223 ra.
422 1169 607 1236 Atque
640 1166 1049 1236 ingrediuntur
1077 1165 1455 1238 quidem,qui
1478 1168 1671 1221 minus
1702 1172 2030 1225 suntrobu-

313 1256 410 1323 sti,
451 1254 592 1309 hora
623 1256 889 1325 septima,
926 1259 979 1309 et
1014 1256 1348 1322 comedunt,
1386 1263 1445 1310 ut
1488 1260 1585 1327 qui
1618 1258 1739 1312 sint
1769 1259 2031 1316 imbecil-

310 1344 524 1410 liores;
559 1344 659 1398 alii
695 1361 869 1408 nona,
903 1346 1000 1399 alii
1032 1346 1274 1409 decima,
1311 1346 1407 1399 alii
1462 1363 1587 1402 sero
1642 1364 1895 1418 vespere,
1929 1351 2025 1410 alii

313 1438 447 1507 post
477 1434 859 1501 biduum,alii
888 1442 1011 1499 post
1043 1437 1327 1501 triduum,
1362 1437 1455 1490 alii
1483 1440 2026 1507 postquatriduum,

316 1523 415 1579 alii
450 1528 579 1594 post
608 1522 865 1593 quinque
885 1524 1033 1589 dies,
1066 1526 1207 1579 adeo
1238 1528 2031 1597 utunumquodqueelemen-

314 1614 439 1667 tum
467 1614 663 1665 horam
692 1610 983 1681 prepriam
1020 1613 1331 1684 signiticet.
1365 1615 1457 1668 Sic
1490 1624 1683 1671 autem
1719 1624 1884 1672 erant
1932 1635 2027 1674 eo-

313 1716 443 1756 rum
466 1716 690 1771 quoque
721 1718 895 1770 opera
928 1719 942 1756 :
976 1702 1124 1757 alius
1155 1705 1388 1773 quidem
1422 1706 1647 1760 laborat
1686 1707 1742 1761 in
1778 1725 1914 1778 agro
1937 1726 2028 1765 co-

314 1790 504 1851 lendo.
540 1790 693 1846 alius
729 1792 786 1846 in
840 1794 1195 1859 horto,alius
1228 1793 1283 1847 in
1321 1795 1583 1863 pistrino,
1618 1796 1769 1851 alius
1795 1800 1848 1873 in
1894 1800 2021 1855 ieris

315 1881 573 1949 ofﬁcina,
604 1880 753 1935 alius
807 1882 865 1935 in
902 1882 1258 1946 fabricando,
1310 1883 1460 1937 alius
1491 1883 1549 1938 in
1592 1890 1713 1939 arte
1768 1886 2027 1949 fullonia.

315 1970 539 2027 aliusio
576 1971 851 2041 parandis
883 1972 1053 2025 coriis
1080 1973 1215 2041 (83).
1255 1972 1402 2027 alius
1434 1974 1487 2027 in
1522 1976 1870 2031 OOUSUBIIdlS
1897 1979 2024 2033 cal-

315 2059 621 2127 cois,alius
653 2061 709 2113 in
746 2060 1323 2130 pulchrescribendo,
1357 2063 1507 2117 alius
1537 2069 2026 2122 contexebatma-

314 2166 460 2222 gnas
492 2156 743 2217 sportas,
773 2152 919 2205 alius
950 2152 1234 2206 canistros
1268 2155 1656 2221 etsportulas.
1694 2155 2027 2214 Memoriter

314 2246 511 2295 autem
544 2256 745 2295 omnes
774 2248 1120 2312 expromunt
1151 2242 1501 2311 Scripturas.

385 2330 604 2386 Horum
636 2337 724 2385 est
757 2330 1062 2385 mulierum
1094 2350 1320 2404 quoque
1356 2334 1774 2391 monasterium
1802 2337 2031 2395 circiter

315 2421 875 2492 quadringentarum
904 2422 1059 2493 quod
1095 2423 1266 2477 habet
1299 2424 1567 2479 eamdem
1622 2427 1849 2481 viven'li
1911 2429 2028 2485 for—

315 2524 469 2565 mam
502 2516 559 2564 et
590 2512 739 2565 iuem
799 2511 1154 2580 institutum,
1191 2519 1394 2583 praeter
1427 2513 1632 2583 pellem
1665 2516 1917 2573 ovillam.
1962 2520 2031 2575 Et

317 2606 455 2655 sunt
484 2601 722 2669 quidem
758 2601 1031 2655 mulieres
1066 2609 1225 2655 trans
1261 2602 1499 2657 (luvium
1533 2604 1767 2671 Nilum;
1798 2608 1902 2660 viri
1934 2626 2026 2662 au.

319 2694 431 2742 tem
464 2704 531 2742 ex
559 2692 793 2743 adverso
825 2705 1047 2743 earum.
1075 2690 1131 2745 Si
1167 2691 1324 2760 virgo
1376 2703 1566 2745 autem
1626 2694 1860 2763 obierit,
1894 2698 2031 2750 reli-

320 2791 449 2848 quas
478 2775 735 2849 virgines
758 2794 886 2831 cum
911 2780 1121 2832 eamad
1151 2779 1507 2848 sepulturam
1534 2784 2028 2853 concinnaverint,

318 2866 585 2933 eli'erunt,
614 2876 665 2920 et
693 2884 819 2921 eam
858 2874 1083 2937 ponunt
1106 2870 1176 2923 ad
1208 2871 1391 2939 ripam
1430 2869 1613 2925 ﬂuvii.
1647 2873 2030 2944 Trajicientes

317 2963 509 3012 autem
547 2959 746 3012 fratres
777 2974 910 3012 cum
946 2960 1157 3029 palmis
1188 2965 1243 3014 et
1276 2961 1453 3016 ramis
1483 2961 1647 3017 olivae
1680 2970 1735 3018 et
1780 2966 2029 3034 psalmo-

318 3046 433 3114 dia,
465 3063 590 3101 eam
650 3050 1071 3115 transmitiunt,
1106 3055 1165 3105 et
1212 3049 1269 3104 in
1304 3051 1426 3105 suis
1462 3053 1837 3109 monimentis
1866 3072 2028 3127 sepe-

318 3135 486 3191 liunt.
523 3137 727 3192 Prmter
761 3140 1162 3211 presbyterum
1198 3146 1388 3197 autem
1422 3149 1476 3197 et
1500 3143 1811 3199 diaconum
1836 3148 2028 3204 nullos

319 3226 531 3282 transit
560 3228 628 3282 ad
662 3230 1083 3285 monasterium
1116 3232 1492 3299 feminarum,
1518 3233 1693 3303 idque
1713 3234 1806 3288 die
1830 3236 2025 3292 Domi-

320 3331 469 3371 nico.

987 3425 1215 3482 CAPUT
1248 3427 1361 3481 XL.

319 3516 393 3571 De
420 3514 649 3583 Virgine
700 3513 832 3585 (84),
888 3513 955 3567 de
1015 3531 1121 3600 qua
1179 3518 1363 3600 fuerat
1408 3516 1615 3573 dictum
1682 3521 1889 3588 falsum
1946 3527 2031 3579 te-

1004 3595 1348 3642 alimonium.

396 3676 459 3729 In
497 3673 600 3727 hoc
634 3676 986 3729 monasterio
1022 3678 1366 3733 feminarum
1405 3680 1522 3734 haec
1556 3697 1645 3736 res
1678 3683 1907 3739 accidit.
1932 3684 2037 3739 Su-

325 3768 414 3820 tor
445 3764 737 3819 siccularis
771 3782 903 3820 cum
938 3769 1259 3837 trajecissct
1293 3786 1392 3838 per
1440 3772 1846 3844 ignorantiam,
1880 3791 2036 3846 quas-

326 3854 489 3909 rebat
519 3872 666 3924 opus
710 3872 724 3910 :
756 3872 982 3927 egressa
1001 3864 1194 3912 autem
1223 3876 1338 3913 una
1363 3863 1562 3928 junior
1596 3878 1765 3931 quam
1791 3867 1915 3933 ejus
1944 3883 2037 3934 po-

327 3945 571 4000 stularet
601 3947 742 4002 ratio
774 3948 886 4017 (est
916 3949 1067 4003 enim
1134 3950 1294 4005 locus
1326 3954 1613 4025 desertus)
1658 3955 1843 4009 invita
1902 3972 2035 4011 eum

329 4036 615 4102 convenit,
641 4038 913 4105 deditque
945 4040 991 4091 ei
1021 4055 1365 4108 responsum
1405 4058 1418 4095 :
1454 4042 1566 4097 Nos
1619 4045 1904 4101 habemus
1938 4063 2040 4101 no—

322 4130 734 4181 strossutores.
751 4127 877 4180 Alia
927 4140 1117 4182 autem
1139 4147 1263 4198 quae
1280 4132 1408 4196 eius
1428 4132 2040 4205 videratcolloquium,

322 4229 456 4267 cum
520 4231 789 4282 processu
842 4218 1114 4291 temporis
1149 4220 1298 4273 inter
1332 4236 1429 4273 eas
1460 4234 1655 4275 exorta
1694 4231 1850 4277 esset
1900 4243 2041 4279 con-

323 4301 524 4365 tentio,
558 4317 623 4354 ex
657 4302 1288 4373 diabolisuggestione,
1331 4324 1440 4374 prie
1467 4324 1704 4363 summa
1734 4312 1950 4365 malitia
1986 4320 2043 4368 et

323 4390 498 4442 animi
534 4390 1011 4444 excandescentia
1052 4408 1178 4447 eam
1221 4397 1581 4452 calumniata
1617 4407 1700 4452 est
1733 4401 1886 4470 apud
1925 4404 2037 4459 ira-

324 4479 649 4533 ternitatem
686 4487 916 4549 propter
948 4483 1000 4535 id
1036 4485 1417 4555 colloquium.
1455 4487 1593 4544 Cum
1640 4508 1756 4563 qua
1791 4509 2043 4551 concur-

323 4576 525 4623 rerunt
560 4585 774 4636 paucas.
808 4586 931 4639 quae
975 4589 1087 4628 non
1124 4576 1265 4629 adeo
1304 4593 1510 4646 magna
1547 4581 1885 4637 ferebantur
1920 4603 2040 4641 ma-

323 4656 465 4713 litia.
493 4658 595 4715 Illa
610 4668 800 4715 autem
825 4660 1019 4716 dolore
1035 4666 1315 4727 confecta,
1337 4674 1397 4720 ut
1426 4672 1741 4736 quaetalem
1762 4675 2039 4730 subiisset
2075 4660 2115 4722 D

324 4746 700 4813 Calumniam,
732 4766 857 4820 quas
893 4768 960 4805 ne
990 4752 1045 4806 in
1072 4755 1198 4824 ejus
1228 4757 1466 4827 quidem
1498 4768 1751 4815 mentem
1782 4771 2035 4833 venerat,

323 4854 429 4895 nec
452 4855 571 4893 rem
608 4844 884 4905 potuisset
914 4842 1180 4913 tolerare,
1222 4862 1283 4900 se
1314 4847 1463 4902 clam
1499 4850 1641 4919 jecit
1682 4854 1740 4905 in
1766 4851 2034 4923 ﬂuvium,

326 4933 384 4983 et
410 4926 493 4982 sic
528 4929 691 4984 obiit.
726 4929 869 4985 Cum
923 4941 1115 4989 autem
1149 4936 1204 4988 id
1239 4939 1516 4992 sensisset
1547 4956 1614 4993 ea
1657 4956 1785 5010 qure
1848 4945 2035 5011 ipsam

325 5015 513 5072 fuerat
543 5017 914 5083 calumniata,
947 5029 1005 5076 et
1029 5024 1267 5078 vidisset
1302 5041 1362 5079 se
1390 5026 1678 5082 malitiose
1700 5045 1825 5084 eam
1858 5032 2039 5087 fuisse

325 5105 765 5173 calumniatam,
801 5121 857 5162 et
888 5109 995 5165 hoc
1026 5112 1216 5166 scelus
1239 5114 1349 5182 (85)
1381 5131 1412 5167 a
1436 5132 1497 5168 se
1542 5118 1950 5182 commissum.
1984 5117 2039 5177 et

324 5195 449 5266 ipsa
471 5213 704 5267 quoque
725 5214 787 5252 se
816 5198 963 5253 clam
998 5202 1317 5268 sulfucavit,
1353 5220 1483 5257 cum
1503 5208 1715 5261 factum
1754 5225 1904 5279 aegre
1932 5215 2038 5266 fcr-

325 5291 433 5339 ret.
464 5289 608 5340 Cum
642 5293 835 5341 autem
869 5289 1125 5344 venisset
1164 5294 1483 5363 presbyter,
1520 5294 1752 5365 reliquae
1787 5298 2039 5361 virgines

328 5372 377 5425 ei
401 5388 519 5426 rem
556 5378 1033 5432 renuntiaverunt
1057 5395 1068 5432 :
1092 5381 1269 5443 jussit
1292 5380 1486 5451 itaque
1517 5399 1615 5451 pro
1643 5385 1805 5440 nulla
1841 5389 2038 5446 harum

331 5458 453 5512 fieri
483 5463 855 5520 oblationem.
902 5466 1173 5539 Reliquas
1204 5475 1397 5524 autem
1426 5478 1703 5541 tanquam
1751 5482 2039 5548 conscius,

331 5553 388 5601 et
420 5565 545 5618 qua:
586 5553 1038 5611 calumnianlem
1102 5576 1211 5612 non
1255 5570 1764 5631 compescuerant,
1823 5575 1879 5620 et
1912 5586 2040 5640 quae

333 5635 490 5692 dicta
520 5645 658 5693 sunt
686 5646 1068 5714 crediderant,
1103 5652 1473 5719 septennium
1506 5654 1846 5724 segregavit,
1871 5635 2036 5714 et-eas

332 5742 865 5788 OXOOIIIIDUIIICEHIS.

1899 402 2263 464 PALLADII

322 536 612 594 trecentis.
658 537 931 592 Exercent
981 540 1178 591 autem
1236 551 1469 589 omnem
1504 538 1710 599 artem,
1743 539 1800 591 et
1830 552 1897 591 ex
1950 536 2023 591 iis
2053 540 2104 605 Α

3679 403 3847 465 1104

2786 533 3013 590 CAPUT
3042 534 3176 591 XLI.

2347 631 2421 684 De
2455 628 2691 696 Virgine
2719 627 2835 698 (86)
2866 642 2989 696 qua:
3007 627 3301 683 simulabat
3330 626 3655 685 stultitiam.

2208 719 2270 773 In
2306 718 2411 773 hoc
2434 719 2785 771 monasterio
2820 719 2927 771 fuit
2956 716 3069 771 alia
3088 718 3245 786 virgo
3268 733 3394 787 qua
3424 726 3659 787 propter
3680 718 3762 774 Cb
3776 720 3857 773 ri-

2140 813 2295 863 stum
2330 807 2641 863 simulabat
2666 806 2972 861 stultitiam
3003 809 3194 877 (Pelag
3225 848 3239 873 ,
3273 807 3449 860 libell.
3470 824 3701 867 xvuim.
3729 809 3850 881 19),

2139 903 2195 954 et
2250 914 2309 952 se
2356 914 2387 951 a
2436 896 2698 951 d'emone
2755 897 3045 966 occupari,
3116 896 3471 968 persuadens
3532 898 3649 951 sibi
3753 916 3858 969 per

2140 986 2261 1042 haec
2292 986 2563 1041 virtutem
2590 986 2809 1055 optime
2838 1000 3124 1053 exercere,
3167 1002 3228 1040 se
3259 986 3315 1041 in
3349 1002 3416 1041 ea
3451 987 3730 1055 praeclare
3761 1004 3857 1059 ge-

2140 1091 2296 1145 rens,
2338 1092 2516 1146 seque
2548 1076 2795 1129 reddens
2828 1074 3110 1145 abjeclam
3133 1086 3185 1129 et
3218 1075 3515 1131 humilem.
3551 1075 3715 1132 Hanc
3758 1095 3852 1133 us-

2141 1181 2254 1236 que
2287 1166 2429 1220 adeo
2460 1164 2694 1236 reliquas
2745 1169 2884 1219 sunt
2949 1170 3289 1232 aspernatae,
3332 1172 3397 1219 ut
3446 1182 3552 1221 nec
3584 1182 3721 1221 cum
3785 1184 3854 1223 ea

2140 1255 2374 1326 quidem
2422 1259 2805 1320 vescerentur,
2847 1254 2904 1307 id
2948 1253 3048 1308 illa
3095 1255 3411 1324 excipiente
3441 1272 3577 1311 cum
3628 1256 3853 1312 latitia.

2140 1342 2483 1398 Discurrens
2523 1343 2719 1413 itaque
2748 1342 2808 1396 in
2866 1341 3145 1407 culinam,
3186 1342 3491 1399 exbibebat
3514 1344 3646 1398 aliis
3677 1360 3855 1401 omne

2139 1449 2323 1504 genus
2348 1434 2760 1496 ministerium,
2792 1433 2932 1487 adeo
2967 1443 3025 1487 ut
3050 1449 3153 1488 nec
3176 1434 3378 1489 horam
3401 1435 3632 1503 quidem
3668 1452 3850 1491 unam

2138 1523 2563 1588 intermitteret,
2596 1524 2696 1577 sed
2729 1529 3010 1594 tanquam
3042 1523 3251 1578 ancilla
3281 1524 3526 1579 serviret
3556 1540 3573 1581 :
3602 1532 3854 1597 eratque

2138 1612 2258 1668 hinc
2291 1614 2473 1677 beata,
2508 1619 2572 1667 ut
2594 1613 3089 1685 dicitur,spongia
3122 1617 3472 1683 monasterii,
3510 1633 3712 1672 revera
3736 1619 3858 1671 im-

2138 1704 2304 1774 plens
2338 1704 2391 1757 id
2436 1704 2585 1773 quod
2621 1704 2901 1774 scriptum
2930 1710 3020 1759 est
3053 1706 3107 1757 in
3170 1707 3473 1774 Evangelia
3515 1724 3530 1764 :
3565 1708 3675 1774 Qui
3735 1708 3860 1764 vult

2138 1794 2289 1847 inter
2314 1809 2412 1847 vos
2438 1809 2565 1847 esse
2590 1809 2852 1864 magnus,
2870 1793 2946 1847 sit
2965 1794 3227 1848 omnium
3249 1811 3477 1861 servus,
3503 1804 3560 1852 et
3583 1797 3854 1853 omnium

2064 1912 2107 1975 Β
2142 1881 2413 1936 minister
2452 1883 2661 1951 (.llalth.
2695 1899 2805 1948 xx;
2864 1882 3025 1937 Marc.
3072 1885 3149 1975 x)_.
3212 1883 3274 1938 Et
3310 1901 3512 1975 rursus
3543 1886 3691 1940 alibi
3729 1905 3743 1942 :
3789 1887 3858 1943 Se

2140 1971 2275 2041 quis
2307 1971 2537 2024 videtur
2558 1988 2685 2026 esse
2720 1974 2869 2025 inter
2890 1988 2987 2025 vos
3017 1971 3247 2040 sapiens
3279 1974 3336 2027 in
3372 1974 3479 2027 hoc
3511 1974 3760 2042 saeculo,
3784 1976 3859 2030 sit

2141 2060 2359 2115 stultus
2384 2066 2443 2114 ut
2483 2061 2580 2113 fiat
2609 2061 2842 2129 sapiens
2869 2061 2923 2131 (Ι
2955 2060 3073 2115 Cor.
3108 2064 3217 2133 ni).
3242 2063 3427 2132 Atque
3452 2064 3707 2119 aliarum
3736 2064 3860 2136 qui-

2141 2151 2271 2205 dem
2294 2150 2583 2221 virginum
2607 2158 2729 2204 erat
2752 2152 3037 2220 ejusmodi
3064 2151 3314 2217 habitus,
3347 2159 3410 2206 ut
3428 2160 3629 2208 essent
3649 2161 3853 2221 tonsa,

2143 2253 2200 2295 et
2230 2240 2507 2294 haberent
2528 2238 2790 2294 cucullos
2820 2239 2877 2294 in
2902 2240 3125 2309 capite;
3152 2242 3272 2310 ipsa
3296 2258 3429 2296 vero
3460 2259 3656 2313 panno
3682 2248 3864 2313 caput

2139 2330 2413 2387 obvoluta
2467 2330 2665 2384 obibat
2706 2345 2903 2384 earum
2937 2332 3199 2385 omnium
3262 2332 3679 2388 ministerium.
3716 2335 3854 2392 Eam

2142 2420 2300 2474 nulla
2338 2436 2406 2476 ex
2437 2422 2837 2491 quadringetis
2877 2422 3017 2476 vidit
3043 2423 3416 2478 mandentem
3448 2427 3851 2481 omnibusan-

2143 2511 2234 2566 nis
2264 2512 2389 2564 vitis
2416 2528 2554 2564 suae.
2576 2512 2633 2565 in
2655 2528 2851 2566 mensa
2866 2528 3157 2582 nunquam
3182 2513 3348 2583 sedit,
3380 2532 3569 2588 neque
3594 2533 3853 2589 unquam

2145 2600 2530 2669 fragmentum
2566 2602 2733 2670 panis
2782 2602 3056 2668 comedit,
3107 2602 3212 2658 sed
3278 2604 3456 2659 micas
3515 2623 3856 2664 mensarum

2140 2689 2387 2761 spongia
2425 2691 2725 2762 colligens,
2759 2698 2815 2746 et
2844 2693 2992 2747 ollas
3023 2692 3358 2755 lavans,bis
3389 2702 3511 2749 erat
3548 2703 3857 2754 contenta.

2144 2779 2338 2849 Neque
2370 2796 2581 2835 veroea
2612 2798 2871 2852 unquam
2893 2782 3083 2837 induit
3114 2782 3356 2851 calceos,
3382 2802 3557 2855 neque
3579 2785 3856 2855 aliquem

2140 2869 2331 2924 affecit
2359 2872 2731 2939 contumelia,
2769 2888 2882 2927 non
2916 2876 3321 2940 murmuravit,
3345 2890 3447 2928 non
3481 2891 3726 2943 parvum
3754 2880 3861 2935 vel

2141 2979 2417 3037 magnum
2445 2963 2581 3033 quid
2605 2968 2694 3016 cst
2727 2964 2934 3027 locuta,
2968 2965 3073 3018 etsi
3108 2964 3461 3019 contumelia
3482 2964 3852 3031 afﬁceretur,

2140 3060 2197 3111 et
2228 3054 2439 3126 pugnis
2471 3052 2825 3120 tunderetur,
2872 3057 2928 3108 et
2985 3054 3309 3110 maledictis
3366 3060 3765 3127 appeteretur,
3798 3063 3856 3114 et

2140 3145 2385 3219 plurimi
2424 3159 2550 3201 eam
2584 3143 3076 3199 abominarentur.

2775 3231 3005 3288 CAPUT
3039 3233 3211 3289 XLII.

2703 3324 2777 3378 De
2803 3332 2990 3378 sancto
3021 3324 3289 3380 Pitirum.

2214 3415 2293 3469 De
2325 3412 2434 3468 hac
2474 3416 2697 3479 sancta,
2738 3421 2935 3467 sancto
2964 3412 3206 3468 Pitirum
3229 3414 3733 3489 auachoretze.qui
3775 3434 3862 3474 se-

2140 3504 2311 3559 debat
2341 3505 2397 3557 in
2414 3503 2774 3575 Porphyrite,
2807 3503 2924 3557 viro
2948 3504 3353 3573 probatissimo
3378 3507 3433 3559 in
3461 3508 3677 3561 virtute
3700 3525 3853 3564 exet.

2140 3593 2460 3664 citationis,
2485 3597 2662 3647 astitit
2688 3592 2945 3648 revelans
2974 3592 3215 3664 angelus
3239 3596 3479 3663 (Pelag.,
3499 3597 3675 3653 libell.
3693 3615 3860 3661 xvm.

2142 3700 2297 3740 num.
2335 3683 2419 3750 19,
2460 3685 2556 3737 ubi
2583 3682 2790 3738 dicitur
2816 3684 3145 3755 Pyoterius),
3178 3688 3276 3756 qui
3310 3686 3358 3739 ei
3393 3687 3539 3740 dixit
3572 3688 3730 3742 :Cur
3756 3688 3857 3743 tibi

2144 3774 2357 3846 places,
2390 3779 2447 3828 et
2476 3779 2530 3827 te
2562 3773 2869 3843 magnifice
2898 3772 3296 3844 circumspicis
3326 3776 3400 3829 ob
3440 3793 3509 3831 ea
3549 3794 3678 3849 qua
3710 3795 3743 3831 a
3805 3785 3858 3834 te

2146 3869 2298 3919 recte
2320 3870 2375 3917 et
2404 3880 2471 3917 ex
2502 3864 2714 3916 virtute
2744 3868 3043 3933 geruntur,
3076 3869 3142 3918 ut
3171 3865 3271 3933 qui
3303 3865 3387 3918 sis
3445 3866 3577 3936 pius
3608 3873 3661 3920 et
3718 3868 3859 3922 reli-

2147 3956 2443 4027 giosus,et
2474 3955 2671 4010 sedeas
2703 3954 2759 4007 in
2783 3954 2890 4008 hoc
2922 3953 3045 4009 loco
3066 3952 3094 4008 i
3119 3953 3216 4009 Vis
3248 3955 3441 4011 videre
3471 3958 3781 4013 mulierem
3810 3968 3861 4015 te

2149 4051 2334 4121 magis
2376 4050 2528 4119 piam
2572 4045 3078 4113 religiosami‘Abi
3112 4046 3167 4100 in
3216 4050 3641 4103 monasterium
3686 4049 3857 4105 femi-

2150 4157 2355 4198 narum
2382 4136 2958 4202 Tabennesiotarum,
2991 4142 3047 4191 et
3076 4136 3333 4192 invenies
3364 4138 3481 4192 illic
3516 4157 3693 4194 unam
3728 4157 3859 4212 qua

2152 4233 2325 4287 habet
2348 4229 2755 4284 redimiculum
2791 4229 2905 4300 (87)
2936 4228 2993 4281 in
3027 4228 3252 4297 capite;
3286 4245 3353 4283 ea
3384 4235 3470 4283 est
3505 4236 3558 4285 te
3601 4232 3857 4285 melior:

2155 4338 2276 4391 quae
2301 4336 2429 4375 cum
2462 4326 2614 4372 tanta
2647 4322 2816 4373 turba
2848 4320 3238 4384 decertans,et
3268 4321 3539 4375 omnibus
3569 4321 3861 4377 indiscri-

2152 4411 2415 4467 minatim
2450 4408 2723 4475 serviens,
2756 4424 2852 4463 cor
2887 4424 3190 4479 nunquam
3231 4410 3469 4464 abduxit
3501 4430 3530 4464 a
3579 4410 3714 4473 Deo.
3751 4411 3863 4467 etsi

2154 4502 2225 4556 ab
2257 4501 2529 4556 omnibus
2562 4499 2811 4569 superbe
2841 4506 3265 4552 contemnatur.
3296 4499 3375 4555 Tu
3409 4507 3603 4555 autem
3630 4504 3860 4558 etiamsi

2155 4589 2247 4644 hic
2279 4592 2497 4655 sedeas,
2544 4604 2640 4657 per
2681 4589 2854 4641 urbes
2876 4593 3070 4642 tamen
3105 4590 3334 4659 vagaris
3356 4590 3730 4656 cogitatione,
3755 4592 3859 4662 qui

2148 4680 2343 4736 orbem
2363 4677 2735 4734 habitabilem
2754 4694 3053 4749 nunquam
3070 4677 3857 4751 calcastipedibus.Surgens

2148 4775 2337 4824 autem
2373 4784 2621 4838 magnus
2648 4765 2911 4832 Pitirum,
2935 4769 3091 4821 venit
3122 4769 3396 4839 usquead
3426 4772 3855 4825 monasterium

2149 4859 2646 4915 ’l‘abennesiotaru
2660 4874 2735 4918 m,
2759 4864 2815 4913 et
2830 4862 2992 4928 rogat
3010 4859 3321 4929 magistros
3337 4868 3395 4913 ut
3419 4860 3592 4914 liceat
3618 4865 3668 4916 ei
3694 4869 3864 4917 tran-

2151 4950 2263 5006 sire
2288 4966 2470 5021 usque
2492 4950 2560 5004 ad
2599 4949 3016 5003 monasterium
3043 4948 3433 5019 feminarum;
3471 4956 3535 5004 ut
3564 4952 3670 5022 qui
3706 4957 3862 5008 esset

2150 5055 2281 5109 ergo
2312 5040 2465 5094 inter
2530 5039 2727 5094 Patres
2769 5054 2990 5095 maxime
3030 5040 3505 5108 existimationis,
3548 5048 3610 5095 et
3652 5058 3864 5097 conse-

2150 5131 2374 5184 nuisset
2404 5128 2463 5183 in
2496 5128 2925 5196 exercitatione,
2953 5129 3101 5183 bono
3125 5144 3189 5182 ac
3215 5130 3410 5183 fidenti
3443 5130 3645 5184 animo
3670 5137 3864 5185 trans-

2151 5220 2331 5274 misso
2346 5218 2516 5272 ﬂuvio
2532 5235 2663 5272 eum
2687 5218 3155 5273 introduxerunt.
3179 5222 3320 5274 Cum
3340 5224 3536 5273 autem
3572 5230 3862 5286 orassent,

2152 5310 2312 5378 petiit
2344 5323 2590 5378 magnus
2626 5306 2865 5361 Pitirum
2910 5313 2970 5360 ut
3004 5308 3255 5379 virgines
3305 5324 3510 5364 omnes
3558 5326 3762 5365 coram
3797 5327 3859 5365 ex

2152 5397 2295 5451 facie
2326 5398 2563 5450 videret.
2599 5395 2742 5450 Cum
2778 5411 2979 5451 omnes
3028 5413 3164 5469 ergo
3197 5398 3255 5452 in
3290 5398 3547 5452 medium
3585 5400 3864 5455 accessis-

2150 5492 2299 5549 sent,
2334 5485 2430 5539 illa
2457 5502 2567 5539 non
2602 5486 3174 5556 apparuil.Tandem
3202 5488 3340 5541 dicit
3365 5489 3447 5543 eis
3481 5496 3733 5543 sanctus
3768 5489 3858 5544 Pi-

2150 5575 2322 5629 tirum
2358 5590 2372 5629 :
2404 5578 2653 5631 Cunctas
2684 5575 2755 5629 ad
2778 5592 2865 5630 me
2896 5576 3341 5633 adducite.Cum
3361 5582 3558 5631 autem
3576 5579 3860 5634 dicerent:

2150 5665 2448 5719 Adsumus
2478 5680 2701 5730 omnes,
2736 5664 2874 5719 dicit
2904 5665 2985 5719 eis
3021 5682 3035 5721 :
3071 5666 3368 5721 Deestuua
3395 5683 3571 5740 quam
3610 5668 3861 5723 ostendit

2153 5754 2579 5825 mibiangelus.
2616 5752 2703 5809 Ea:
2736 5769 2867 5811 vero
2897 5756 3102 5813 dicunt
3133 5772 3148 5813 :
3191 5754 3372 5815 Unam
3429 5755 3720 5814 habemus
3757 5761 3862 5814 Sa-
