4112 6210
305 361 330 422 ι
367 361 486 424 109

1668 357 2038 422 HISTORIA
2082 358 2498 422 LAUSIACA.

3684 360 3841 424 1110

303 496 410 554 lem
445 493 582 565 (88),
616 509 740 564 qua
761 496 850 548 est
879 491 935 546 in
969 490 1183 548 culina.
1218 492 1310 549 Sic
1333 492 1486 548 enim
1519 495 1728 548 vocant
1765 493 1884 548 illic
1913 509 2014 548 eas
2044 495 2093 559 Α
2125 496 2181 546 et
2203 509 2402 547 rursus
2451 490 2700 547 velocem
2734 506 2936 546 eorum
2978 489 3304 558 interitum,
3334 495 3389 547 et
3435 508 3562 562 qua
3613 493 3670 549 in
3705 510 3838 550 eum

299 600 426 657 quae
451 599 560 637 non
595 592 732 637 sunt
762 596 916 634 sane
953 581 1178 634 mentis.
1208 581 1354 635 Dicit
1404 581 1488 635 eis
1522 597 1765 646 magnus
1803 597 1816 634 :
1852 581 2014 635 Illam

298 687 526 742 quoque
558 671 849 737 adducite,
883 668 1056 723 sinite
1117 675 1181 722 ut
1210 686 1337 724 eam
1373 670 1614 724 videam.
1649 667 1879 723 Iverunt
1911 669 2015 722 iia-

300 775 410 832 que
440 762 509 814 ad
548 775 674 816 eam
710 759 1052 814 vocandam.
1092 756 1187 812 llla
1213 775 1342 813 vero
1374 774 1737 830 nequaquam
1771 757 2010 816 obediit,

298 855 360 904 ut
389 867 516 920 qua
577 865 695 904 rem
750 847 1012 913 sentiret,
1045 864 1179 903 nam
1231 848 1378 902 forte
1422 849 1528 918 ipsi
1563 863 1794 918 quoque
1828 848 2013 902 fuerat

297 941 632 995 revelatum.
668 938 804 993 Eam
839 955 974 1008 ergo
1003 938 1061 992 vi
1095 937 1490 1006 trahunt,ipsi
1531 939 1829 994 dicentes:
1862 941 2003 992 San-

297 1042 422 1086 eius
455 1029 694 1084 Pitirum
719 1026 842 1082 vult
873 1033 929 1082 te
958 1029 1173 1096 videre,
1205 1033 1326 1083 erat
1383 1029 1537 1082 enim
1586 1029 1634 1083 is
1681 1028 1874 1100 magni
1911 1044 2007 1083 no-

297 1117 491 1175 minis.
525 1118 601 1174 Ea
634 1134 770 1189 ergo
805 1117 1078 1178 adducta,
1103 1117 1250 1172 vidit
1274 1134 1522 1190 magnus
1553 1119 1681 1186 ejus
1714 1117 2012 1183 faciem,et

297 1224 555 1280 pannum
590 1209 647 1263 in
671 1207 861 1278 capite
889 1213 946 1262 et
977 1209 1164 1262 fronte
1193 1209 1344 1276 ejus,
1377 1213 1434 1262 et
1463 1210 1672 1261 cadens
1720 1209 1789 1262 ad
1836 1209 2010 1279 pedes

294 1297 446 1369 ejus,
474 1297 613 1352 dicit
641 1296 693 1353 ei
719 1314 732 1360 ;
769 1297 1013 1354 Benedic
1039 1297 1504 1352 Amma.Cadens
1529 1303 1716 1352 autem
1741 1299 1811 1353 ad
1839 1301 2011 1369 pedes

293 1388 421 1457 ejus
460 1388 586 1458 ipsa
608 1403 842 1458 quoque
871 1387 1097 1441 dicebat
1133 1403 1146 1441 :
1181 1387 1264 1441 Tu
1303 1386 1444 1440 mihi
1491 1387 1746 1454 benedic,
1780 1389 2012 1444 domine

294 1477 398 1533 mi.
422 1477 566 1532 Cum
601 1479 706 1532 hoc
744 1484 940 1530 autem
982 1481 1202 1531 cunctas
1234 1475 1534 1542 vidissent,
1566 1476 2010 1546 obstupuerunt,

289 1571 349 1622 et
378 1568 427 1622 ei
453 1569 724 1622 dixerunt
755 1581 770 1620 :
798 1564 877 1620 Ne
911 1565 1014 1620 tibi
1079 1565 1178 1618 [iet
1210 1565 1481 1633 probrum
1530 1581 1595 1620 ac
1645 1566 2012 1635 vituperium,

287 1660 381 1711 est
409 1655 563 1710 enim
598 1654 746 1709 Sale.
782 1653 875 1708 Eis
930 1652 1073 1706 dicit
1127 1658 1368 1707 sanctos
1399 1652 1642 1707 Pitirum
1679 1669 1692 1707 :
1729 1653 1840 1708 Vos
1871 1654 2012 1710 estis

287 1744 446 1805 Sale.
480 1745 598 1799 haec
628 1743 782 1798 enim
823 1749 881 1798 et
921 1758 1010 1798 me
1039 1748 1096 1797 et
1125 1741 1286 1796 vobis
1315 1748 1400 1796 est
1433 1742 1662 1809 melior;
1691 1748 1776 1798 est
1805 1747 2013 1800 Amma

2126 582 2424 636 irruebant
2453 583 2713 650 gentium
2748 583 3134 636 delationem:
3171 582 3310 635 adeo
3344 585 3404 635 ut
3433 599 3564 637 cum
3598 584 3836 652 quidam

2124 673 2238 727 dux
2272 673 2559 727 exercitus
2593 677 2658 726 ad
2693 690 2816 728 eam
2851 672 3100 727 venisset
3131 671 3488 728 sciscitatum
3524 691 3594 727 an
3617 675 3838 730 .Ethio-

2123 778 2219 833 pes
2250 762 2348 830 qui
2383 769 2520 816 sunt
2551 763 2605 816 in
2635 763 2820 834 Syene
2843 767 3419 833 essetsuperaturus,
3446 780 3573 834 qua:
3605 765 3837 833 quidem

2120 857 2206 906 est
2240 851 2577 920 principium
2610 851 2960 918 Thebaidis;
2997 851 3030 904 ii
3061 856 3253 906 autem
3307 857 3444 907 tunc
3486 856 3832 923 irruperant.

2119 944 2176 994 et
2203 956 2403 994 eorum
2437 939 2743 994 finitimam
2789 941 3073 1006 regionem
3117 947 3516 1010 vastaverant;
3550 943 3601 997 ei
3644 948 3835 998 autem

2119 1028 2262 1084 dixit
2315 1029 2614 1084 Joannes:
2671 1029 2729 1083 Si
2779 1029 3130 1095 ascenderis,
3189 1046 3287 1084 eos
3353 1031 3834 1102 comprehendes,

2115 1117 2353 1185 vincies,
2387 1123 2442 1171 et
2473 1118 2883 1188 subjunges,et
2903 1117 3097 1172 clarus
3115 1119 3228 1172 eris
3257 1121 3408 1188 apud
3433 1122 3828 1188 imperatores,

2119 1208 2181 1264 Id
2211 1209 2384 1264 etiam
2423 1209 2636 1262 factum
2671 1213 2777 1269 est,
2811 1212 2865 1261 et
2903 1224 3030 1278 quze
3055 1208 3392 1261 acciderunt
3416 1209 3837 1264 confirmarunt

2118 1299 2243 1366 ejus
2278 1297 2733 1368 praedictionem.
2756 1296 2994 1351 Dicebat
3022 1300 3214 1350 autem
3266 1295 3834 1350 Christianissimum

2117 1387 2519 1454 imperatorem
2553 1386 2947 1440 Theodosium
2967 1401 3091 1440 esse
3125 1390 3314 1440 morte
3333 1401 3441 1439 sua
3464 1387 3831 1444 moriturum.

2124 1474 2331 1530 Habuit
2363 1481 2556 1529 autem
2591 1476 2682 1528 hic
2740 1475 2823 1528 vir
2874 1474 3277 1529 admirabilem
3335 1491 3576 1546 quoque,
3619 1479 3674 1529 et
3707 1491 3833 1546 qua

2124 1567 2362 1619 modum
2394 1567 2724 1635 superabat,
2757 1565 3139 1635 prOphetiam,
3177 1571 3238 1618 ut
3268 1566 3598 1620 audivimus
3626 1582 3694 1622 ex
3728 1566 3834 1622 Pa-

2123 1655 2310 1709 trihus
2342 1653 2438 1724 qui
2474 1670 2605 1708 cum
2639 1669 2704 1708 eo
2727 1655 3127 1721 versabantur,
3153 1669 3399 1723 quorum
3429 1654 3541 1708 vita
3573 1654 3680 1706 fuit
3703 1671 3835 1724 pro-

2121 1745 2253 1800 bata
2284 1745 2434 1812 apud
2468 1761 2666 1798 omnes
2697 1743 2792 1816 qui
2829 1743 2944 1797 illic
2991 1750 3173 1797 erant.
3216 1744 3377 1808 Quod
3411 1747 3604 1798 autem
3649 1745 3720 1799 de
3767 1762 3832 1802 eo

280 1832 401 1904 (sic
432 1834 589 1888 enim
622 1838 829 1887 vocant
881 1837 1091 1888 Matres
1142 1830 1482 1903 spiritales),
1513 1839 1569 1886 et
1627 1850 1819 1903 quaeso
1853 1841 2010 1890 utea
2043 1872 2086 1936 Β
2125 1833 2267 1888 nihil
2311 1834 2687 1887 narrarintad
2721 1833 2992 1903 gratiam,
3016 1832 3111 1885 sed
3150 1832 3340 1886 minus
3369 1848 3546 1903 quam
3583 1849 3832 1889 merere-

282 1925 504 1986 dignus
537 1923 795 1977 inveniar
834 1923 892 1978 in
946 1924 1084 1978 hora
1116 1921 1336 1993 iudicii.
1371 1924 1462 1978 Ere
1493 1928 1686 1978 autem
1720 1941 1853 1980 cum
1895 1943 2006 1980 au-

283 2012 520 2069 dissent
571 2014 903 2068 ceciderunt
952 2016 1021 2068 ad
1089 2014 1260 2083 pedes
1315 2016 1444 2084 ejus
1483 2015 1707 2080 ﬂentes,
1740 2021 1795 2068 et
1827 2016 2004 2070 confi-

283 2105 481 2158 tentes
509 2117 714 2157 omnes
737 2103 887 2171 quod
925 2104 1146 2156 beatam
1183 2103 1423 2158 diversis
1476 2103 1664 2158 modis
1707 2105 2006 2160 afticerent

283 2190 656 2246 contumelia.
690 2191 816 2245 Alia
846 2191 1078 2259 quidem
1115 2193 1314 2246 dicens
1348 2210 1361 2248 :
1397 2193 1513 2264 Ego
1572 2194 1726 2250 hanc
1776 2209 2007 2262 semper

284 2281 768 2346 subsannaham;
799 2281 932 2346 alia,
968 2281 1081 2352 Ego
1112 2283 1239 2350 ejus
1266 2281 1548 2337 humilem
1586 2284 1843 2337 habitum
1869 2284 2003 2337 irri-

287 2371 541 2437 debam;
581 2380 635 2426 et
666 2372 802 2439 alia,
835 2370 951 2441 Ego
980 2387 1106 2424 cam
1142 2379 1424 2426 tacentem
1446 2374 1769 2428 afficiebam
1796 2381 2000 2427 contn-

287 2463 506 2529 melia;
539 2469 596 2516 et
624 2478 823 2515 rursus
855 2463 990 2524 alia,
1020 2463 1134 2532 Ego
1192 2464 1426 2533 quadra
1484 2465 1731 2519 eluviem
1760 2482 1912 2535 saepe
1943 2465 2000 2518 in

285 2567 417 2606 eam
451 2550 630 2605 effudi
658 2575 672 2616 ς
705 2549 838 2617 alia,
872 2550 986 2620 Ego
1019 2555 1068 2604 ei
1106 2552 1306 2622 plagas
1356 2552 1580 2620 inﬂixi;
1613 2553 1724 2608 alia
1775 2571 2001 2620 rursus,

287 2641 405 2708 Ego
437 2657 501 2694 ea
532 2657 662 2695 snm
693 2657 818 2710 quis
841 2642 888 2695 ei
925 2657 1151 2711 pugnos
1183 2641 1444 2709 incussi;
1479 2641 1590 2696 alia
1626 2660 1852 2710 rursus,
1886 2643 2001 2713 Ego

288 2731 525 2799 sinapio
556 2733 686 2800 ejus
718 2747 886 2784 nares
917 2731 1159 2800 aspersi.
1196 2732 1253 2785 Et
1281 2737 1345 2786 ut
1366 2731 1543 2785 semel
1577 2731 1788 2794 dicam,
1821 2733 2003 2798 signi-

286 2821 546 2877 ﬁcabant
575 2837 777 2874 omnes
798 2836 860 2874 se
890 2837 1018 2874 eam
1067 2821 1244 2876 variis
1301 2822 1560 2876 aﬂecisse
1609 2822 2001 2878 contumeliis.

287 2912 432 2969 Cum
466 2912 675 2966 harum
699 2926 836 2980 ergo
858 2913 1282 2965 confessionem
1308 2912 1624 2979 accepisset
1653 2919 1895 2968 sanctus
1920 2912 2002 2966 Pi-

287 3001 496 3070 tirum,
527 3008 581 3054 et
609 3017 711 3071 pro
732 3001 814 3053 eis
844 2999 1020 3053 simul
1045 3016 1178 3053 cum
1205 3003 1328 3068 ipsa
1357 3007 1604 3069 orasset,
1634 3007 1689 3055 et
1719 3002 1815 3055 diu
1850 3007 2005 3058 esset

287 3091 630 3149 consolatus
663 3091 1046 3145 venerandam
1073 3090 1284 3146 Christi
1311 3092 1655 3158 servam,sic
1684 3092 1838 3148 exiit.
1864 3094 2005 3149 Pau-

288 3175 378 3232 cis
408 3183 596 3230 autem
619 3179 748 3244 post
786 3172 994 3225 diebus
1025 3187 1154 3226 cum
1187 3173 1262 3225 ab
1287 3172 1562 3226 omnibus
1582 3172 1741 3228 valde
1765 3172 2002 3229 honora-

2116 1929 2230 1992 tur,
2265 1923 2399 1977 hino
2429 1923 2592 1976 facile
2614 1923 2742 1978 sciri
2773 1927 2980 1994 potest.
3007 1921 3149 1977 Nam
3175 1937 3303 1976 cum
3331 1923 3400 1975 ad
3421 1937 3553 1976 eum
3578 1924 3832 1978 venisset

2115 2013 2350 2082 quidam
2387 2012 2676 2080 tribunus,
2710 2015 2766 2068 et
2825 2013 3070 2082 supplex
3113 2014 3332 2082 peteret
3373 2015 3433 2065 ut
3475 2012 3832 2081 permitteret

2117 2117 2353 2156 uxorein
2380 2117 2544 2155 suam
2562 2102 2630 2155 ad
2665 2118 2799 2155 eum
2831 2104 3044 2166 venire,
3073 2117 3198 2171 quae
3222 2099 3402 2154 multa
3426 2116 3598 2171 passa
3621 2102 3828 2170 fuerat,

2114 2198 2167 2245 et
2199 2190 2423 2246 volebat
2455 2208 2586 2246 eum
2620 2192 2834 2257 videre,
2868 2196 3105 2244 ventura
3159 2190 3407 2260 Syenem
3451 2195 3514 2243 ut
3560 2207 3662 2260 pro
3702 2191 3831 2260 ipsa

2117 2278 2277 2350 prius
2307 2287 2518 2346 oraret,
2549 2289 2602 2334 et
2623 2296 2748 2335 eam
2792 2282 2924 2334 data
2969 2280 3362 2334 benedictione
3399 2279 3744 2346 dimitteret;
3779 2279 3828 2336 is

2111 2377 2303 2426 autem
2339 2373 2433 2438 qui
2457 2371 2580 2440 jam
2616 2371 3000 2442 quadraginta
3032 2370 3198 2424 annis
3231 2386 3344 2424 non
3373 2369 3587 2424 viderat
3613 2370 3827 2424 mulie-

2115 2476 2232 2513 rem
2268 2461 2324 2513 in
2358 2463 2654 2530 spelunca,
2679 2477 2808 2515 cum
2843 2465 2996 2516 esset
3022 2460 3471 2530 nonagenarius,
3495 2465 3681 2513 etnec
3706 2459 3828 2528 ipse

2114 2566 2374 2620 unquam
2415 2559 2568 2606 esset
2597 2567 2891 2623 egressus,
2928 2567 3032 2605 nec
3069 2551 3179 2604 sibi
3249 2549 3608 2619 permitteret
3637 2551 3828 2604 videre

2113 2642 2436 2707 mulierem,
2472 2645 2779 2696 recusabat
2813 2641 3001 2696 videre
3030 2641 3162 2710 ejus
3197 2655 3460 2695 uxorem.
3484 2639 3590 2693 Sed
3619 2655 3722 2692 nec
3741 2639 3828 2693 vir

2112 2728 2270 2783 ullus
2301 2731 2369 2783 ad
2403 2746 2532 2784 eum
2561 2746 2817 2801 unquam
2841 2737 2927 2784 est
2953 2730 3276 2803 ingressus.
3311 2729 3510 2784 Solum
3541 2726 3697 2782 enim
3723 2727 3824 2781 be-

2114 2819 2416 2874 nedicebat
2446 2836 2546 2888 per
2605 2821 2940 2885 fenestram,
2983 2826 3037 2874 et
3085 2819 3374 2874 salutabat
3403 2834 3501 2873 eos
3532 2816 3630 2888 qui
3663 2833 3822 2871 acce-

2112 2908 2347 2972 debant,
2377 2926 2509 2963 cum
2533 2927 2646 2964 uno
2669 2927 2880 2980 iuoque
2934 2911 3228 2965 disserens
3272 2909 3343 2964 de
3373 2925 3438 2963 eo
3483 2912 3633 2979 quod
3668 2906 3824 2962 vole-

2115 2997 2210 3051 bat
2235 2999 2270 3051 ¹.
2307 2998 2450 3052 Cum
2483 3016 2618 3068 ergo
2649 3000 2892 3053 instaret
2924 3002 3216 3058 tribunus.
3250 3014 3461 3068 rogans
3484 3014 3556 3050 an
3594 2998 3824 3065 juberet

2109 3103 2278 3141 suam
2311 3087 2502 3141 venire
2532 3090 2840 3156 coniugem
2880 3088 3148 3158 (degebat
3206 3088 3361 3141 enim
3405 3087 3463 3140 in
3513 3085 3823 3141 solitudine

2113 3179 2318 3249 quinto
2343 3178 2413 3230 ab
2447 3178 2588 3233 urbe
2623 3179 2896 3251 lapide)is
2913 3186 3109 3232 autem
3137 3194 3248 3233 non
3282 3175 3820 3241 annuisset,dicens

289 3269 471 3327 retur,
503 3273 552 3318 ei
587 3263 658 3316 ab
689 3263 966 3316 omnibus
1005 3263 1422 3330 observaretur,
1450 3279 1562 3315 non
1621 3265 1806 3317 ferens
1839 3264 2002 3318 beata
2035 3248 2077 3314 C
2118 3248 2176 3320 id
2216 3283 2326 3320 non
2364 3283 2534 3336 posse
2559 3268 2702 3335 fieri,
2744 3248 2970 3322 tristem
3015 3266 3240 3321 dimisit
3299 3265 3618 3320 hominem.
3669 3262 3822 3320 Uxor

287 3351 536 3424 gloriam
569 3357 625 3406 et
657 3353 928 3406 honorem
962 3366 1074 3416 quo
1106 3349 1468 3406 afficiebatur
1486 3352 1557 3406 ab
1605 3355 1759 3406 omni
1797 3355 2002 3408 frater-

289 3443 496 3504 nitate.
517 3446 574 3496 et
593 3441 998 3496 excusationes
1022 3457 1168 3494 onus
1200 3457 1328 3496 esse
1358 3443 1668 3507 arbitrans,
1692 3445 1838 3497 clam
1865 3444 2004 3500 exiit

288 3548 361 3589 ex
403 3532 780 3598 monasterio;
814 3535 870 3584 et
924 3547 1172 3599 quonam
1227 3528 1412 3598 iverit,
1445 3537 1543 3585 aut
1581 3549 1753 3603 quem
1814 3533 1999 3588 locum

289 3621 786 3688 subierit,autubi
811 3620 1042 3684 abierit,
1068 3635 1236 3674 nemo
1267 3621 1537 3690 cognovit
1567 3621 1622 3675 in
1659 3622 2000 3677 hodiernum

290 3711 470 3767 diem.
505 3711 633 3765 Haec
673 3715 1122 3779 suntgenerose
1153 3717 1210 3763 et
1269 3711 1509 3765 humilis
1557 3711 1798 3783 virginis
1831 3712 2005 3782 hujus

289 3817 360 3856 ac
392 3802 567 3857 beatas
599 3806 752 3856 recte
778 3800 928 3854 facta
958 3803 1013 3852 et
1029 3813 1223 3867 opera.

913 3886 1139 3942 CAPUT
1179 3887 1384 3942 XLIII.

649 3981 723 4036 De
740 3979 932 4034 abbate
951 3979 1157 4032 Joanne
1177 3977 1292 4047 (80)
1314 3976 1466 4030 urbis
1488 3978 1646 4048 Lyra.

357 4071 488 4128 Fuit
551 4070 791 4145 quidam
823 4067 1078 4122 Joannes
1132 4066 1189 4119 in
1243 4067 1383 4120 urbe
1433 4065 1729 4138 Lyco,qui
1761 4083 2004 4138 apuero

285 4162 529 4235 quidem
555 4157 752 4212 didicit
776 4162 957 4210 artem
993 4153 1279 4220 fabrilem,
1302 4154 1394 4208 cui
1435 4155 1544 4208 fuit
1578 4158 1752 4210 frater
1798 4158 2007 4212 tinctor

285 4252 486 4323 (Ruﬂ.,
518 4249 619 4305 lib.
649 4266 713 4309 ιι.
746 4263 867 4317 cap.
904 4247 977 4318 t).
1005 4245 1206 4300 Postea
1256 4254 1446 4299 autem
1489 4261 1623 4300 cum
1653 4251 1808 4302 esset
1831 4247 2005 4303 circi-

286 4352 376 4398 ter
434 4339 643 4413 vigniti
711 4338 971 4410 quinque
1029 4351 1214 4389 annos
1270 4343 1460 4398 natus,
1514 4335 1721 4391 seculo
1787 4354 2001 4393 renun-

286 4431 493 4498 tiavit;
528 4436 584 4485 et
613 4445 745 4484 cum
778 4431 1042 4500 quinque
1079 4441 1264 4481 annos
1307 4432 1572 4481 versatus
1605 4431 1759 4482 esset
1790 4427 1848 4483 in
1881 4444 2003 4484 mo-

286 4521 565 4587 nasterio,
596 4519 838 4575 secessit
869 4518 1027 4572 solus
1056 4517 1114 4572 in
1151 4523 1406 4571 montem
1435 4515 1598 4584 Lyco,
1629 4521 1686 4571 et
1731 4517 1786 4570 in
1824 4533 2001 4573 cacu-

288 4611 445 4669 mine
505 4609 718 4665 montis
769 4607 930 4664 factis
978 4608 1086 4661 sibi

285 4703 542 4774 seipsum
573 4700 958 4755 inadiﬂcavit.
982 4702 1164 4769 Atque
1197 4703 1319 4752 erat
1351 4697 1588 4768 quidem
1625 4715 1780 4753 unus
1810 4700 2001 4758 tholus

281 4794 353 4850 ad
387 4793 644 4862 corporis
672 4790 1065 4856 necessitates,
1092 4805 1238 4842 unus
1270 4793 1466 4842 autem
1501 4787 1597 4842 ubi
1621 4791 1996 4858 operabatur.

282 4881 433 4939 alius
471 4898 604 4936 vero
636 4881 735 4936 ubi
767 4880 987 4934 orabat.
1015 4879 1066 4933 ls
1096 4894 1229 4933 cum
1263 4877 1613 4944 complesset
1636 4877 1874 4949 triginta
1899 4899 2000 4936 an-

283 4988 392 5028 nos
424 4971 706 5035 inclusus,
738 4975 794 5026 et
834 4969 904 5024 ab
954 4984 1020 5023 eo
1043 4968 1138 5035 qui
1181 4967 1229 5023 ei
1285 4966 1654 5022 ministrabat
1705 4985 1806 5039 per
1836 4970 1997 5024 fene-

282 5065 465 5120 stram
499 5061 790 5131 accipiens
847 5075 976 5130 qua)
1033 5063 1197 5114 erant
1226 5058 1296 5112 ad
1331 5073 1498 5113 usum
1533 5059 1878 5126 necessaria,
1907 5059 1997 5114 di-

282 5169 434 5224 gnus
462 5157 548 5206 est
575 5149 809 5206 habitus
829 5150 1013 5221 gratia
1045 5149 1369 5202 futurorum
1398 5147 1996 5220 pra-dietionis,qucm

280 5241 500 5298 donum
531 5241 744 5296 habere
784 5239 1098 5310 praphetize
1132 5235 1370 5306 planum
1403 5236 1616 5290 factum
1657 5241 1740 5290 est
1773 5253 1840 5292 ex
1869 5254 1996 5305 ope-

279 5331 462 5388 ribus.
500 5330 724 5386 Etenim
757 5333 967 5384 cuncta
999 5343 1126 5399 qua
1156 5343 1189 5381 a
1220 5325 1337 5381 Deo
1395 5325 1454 5379 in
1487 5325 1771 5380 mundum
1805 5327 1997 5382 venis-

279 5423 443 5485 bant,
466 5421 522 5474 in
560 5419 764 5491 primis
793 5418 883 5488 pio
906 5414 1242 5484 imperatori
1266 5414 1588 5469 Theodosio
1624 5413 1785 5482 prius
1813 5415 2000 5486 signi-

277 5509 492 5576 ﬂcavit,
523 5519 574 5564 et
608 5525 735 5580 qua
771 5523 971 5561 rursus
1003 5510 1276 5559 eventura
1298 5501 1664 5572 erant,prius
1689 5504 1998 5558 annuntia-

277 5601 612 5670 vit;nempe
642 5607 698 5654 et
727 5604 1106 5669 tyrannorum
1127 5593 1238 5664 (90)
1258 5591 1313 5646 in
1336 5606 1464 5644 cum
1495 5591 1994 5662 insurreetionem,

2107 3365 2299 3410 autem
2344 3374 2454 3412 non
2481 3360 2742 3412 cessabat
2773 3359 2864 3413 die
2891 3365 2948 3414 et
2980 3365 3144 3413 nocte
3177 3357 3382 3412 marito
3397 3356 3665 3410 exhibere
3698 3371 3822 3410 mo-

2109 3446 2360 3514 lestiam,
2394 3449 2846 3518 etjurejurando
2878 3448 3172 3503 alﬂrmnre
3203 3464 3265 3502 se
3295 3462 3582 3519 nusquam
3625 3444 3822 3500 abitu-

2114 3553 2236 3591 ram
2274 3539 2382 3592 nisi
2418 3539 2636 3594 videret
2669 3540 3029 3610 prophetam.
3071 3538 3384 3610 Posiquam
3426 3542 3618 3590 autem
3657 3535 3819 3591 beato

2111 3625 2369 3680 Joannia
2404 3629 2611 3681 marito
2641 3624 3574 3696 renuntiatumestjusjurandum
3601 3625 3816 3691 uxoris,

2111 3717 2242 3784 ejus
2283 3715 2396 3770 fide
2429 3717 2736 3778 intellecta,
2769 3717 2910 3772 dicit
2942 3719 3008 3770 ad
3045 3720 3230 3787 ipsum
3264 3732 3278 3770 :
3317 3714 3428 3770 Hac
3463 3722 3629 3770 nocte
3649 3714 3720 3768 ab
3752 3729 3819 3768 ea

2112 3805 2352 3858 videbor
2382 3807 2434 3858 in
2461 3810 2684 3860 somnis
2714 3822 2729 3871 ;
2761 3822 2864 3860 nec
2896 3805 3148 3874 amplius
3200 3813 3397 3874 pergat
3439 3803 3497 3858 in
3540 3818 3714 3857 carne
3734 3801 3818 3854 vi-

2113 3893 2247 3948 dere
2279 3909 2465 3947 meam
2495 3895 2720 3948 faciem.
2754 3893 2923 3948 Uxori
2965 3899 3159 3946 autem
3187 3891 3545 3948 renuntiavit
3572 3891 3818 3944 maritus

2114 3996 2182 4036 ea
2210 3999 2333 4052 quae
2364 3983 2529 4036 Pater
2559 3983 2796 4038 dixerat.
2842 3981 3081 4036 Videbat
3108 3987 3304 4034 autem
3331 3981 3540 4034 mulier
3568 3979 3625 4032 in
3660 3993 3819 4033 som-

2114 4071 2206 4126 nis
2240 4071 2575 4142 prophetam
2612 4073 2680 4125 ad
2716 4073 2899 4141 ipsam
2947 4070 3298 4124 venientem.
3325 4067 3426 4123 Cui
3469 4068 3639 4122 dicit:
3669 4066 3816 4134 Quid

2113 4159 2213 4214 tibi
2251 4176 2474 4215 mecum
2511 4160 2590 4214 rei
2612 4167 2701 4215 est
2725 4159 2978 4215 mulier?
2999 4159 3140 4231 quid
3170 4173 3350 4212 meam
3375 4156 3604 4228 cupiisti
3627 4156 3819 4210 videre

2113 4251 2639 4312 iaciem?nun;uid
2681 4254 2835 4307 enim
2879 4250 3156 4323 propheta
3211 4266 3319 4322 ego
3359 4265 3511 4312 sum,
3544 4253 3645 4304 aut
3667 4245 3816 4317 justi

2111 4341 2298 4397 locum
2331 4340 2792 4397 obtineo?homo
2823 4359 2951 4397 sum
2987 4338 3627 4410 peccator,etsimiliter
3643 4343 3817 4407 atque

2111 4449 2210 4488 vos
2245 4432 2540 4503 patibilis:
2573 4432 2728 4487 oravi
2772 4438 2964 4486 tamen
3009 4448 3107 4499 pro
3142 4438 3196 4486 te
3252 4431 3426 4485 domo
3494 4426 3811 4495 maritiiui,

2109 4536 2162 4578 ut
2186 4524 2797 4579 fiatvobissecundum
2827 4524 2999 4579 fidem
3018 4529 3294 4577 vestram.
3324 4521 3550 4592 lteergo
3573 4518 3629 4574 in
3658 4533 3815 4590 pace,

1164 4605 1349 4660 tribus
1412 4605 1612 4673 tholis,
1673 4605 1992 4678 ingressus,
2029 4616 2072 4680 D
2105 4613 2172 4670 Et
2211 4629 2344 4668 cum
2381 4616 2497 4667 haec
2541 4615 2802 4677 dixisset,
2837 4614 3091 4670 recessit.
3125 4613 3272 4670 Cum
3335 4620 3528 4665 autem
3571 4611 3816 4664 excitata

2108 4703 2311 4757 fuisset
2343 4702 2570 4770 mulier,
2605 4705 2955 4758 renuntiavit
2987 4701 3193 4757 marito
3226 4701 3390 4755 verba
3425 4697 3735 4768 propheta,
3760 4700 3816 4750 et

2109 4791 2357 4845 narravit
2395 4791 2631 4862 ﬁguram
2661 4796 2718 4845 et
2754 4789 3061 4853 habitiun‘,
3083 4793 3139 4841 et
3179 4803 3279 4857 per
3311 4783 3814 4839 maritumeimisit

2107 4881 2363 4951 agendas
2428 4883 2671 4952 gratias.
2701 4880 2843 4935 Cum
2899 4895 3032 4935 eum
3101 4881 3297 4930 autem
3339 4873 3576 4926 vidisset
3603 4871 3811 4926 beatus

2105 4969 2379 5036 Joannes,
2412 4987 2704 5041 occupans
2743 4971 2794 5025 ei
2826 4969 2969 5024 dixit
3001 4984 3012 5022 :
3040 4967 3181 5022 Ecce
3247 4963 3479 5036 implevi
3519 4962 3669 5035 quod
3713 4978 3813 5032 po-

2109 5061 2610 5126 stulaveras;eam
2652 5059 2807 5114 enim
2847 5059 3072 5123 videns,
3117 5056 3315 5111 monui
3363 5069 3430 5108 ne
3472 5069 3565 5108 me
3595 5052 3814 5106 videret

2109 5147 2378 5217 amplius,
2413 5147 2536 5216 sed,
2571 5147 2652 5204 Ite
2692 5151 2746 5202 in
2771 5163 2928 5219 pace.

2179 5238 2431 5292 Alterius
2496 5246 2681 5294 autem
2735 5236 3024 5308 praepositi
3081 5251 3243 5301 uxor,
3277 5232 3513 5287 absente
3581 5226 3809 5292 marito,

2109 5325 2328 5382 ferebat
2350 5337 2599 5383 uterum.
2640 5327 2782 5382 Cum
2825 5333 3015 5380 autem
3080 5321 3441 5393 perporisset,
3473 5317 3688 5388 eoipso
3720 5317 3814 5373 die

2109 5433 2222 5486 quo
2249 5417 2376 5486 ejus
2402 5416 2647 5472 maritus
2702 5415 2972 5472 convenit
3015 5413 3236 5468 Patrem
3293 5409 3600 5473 Joannem,
3631 5407 3812 5462 animi

2108 5506 2360 5577 deliquio
2391 5506 2621 5562 venitin
2658 5506 3286 5577 periculum.Eiautem
3320 5505 3558 5556 sanctus
3579 5516 3810 5554 annun-

2109 5596 2295 5661 tiavit,
2327 5596 2527 5653 dicens
2558 5615 2572 5653 :
2602 5597 2659 5653 Si
2720 5597 2900 5651 scires
2955 5597 3174 5650 donum
3232 5590 3334 5648 Dei
3371 5591 3592 5662 (Joann.
3627 5593 3724 5663 tv),
3757 5592 3812 5644 et

349 5691 366 5726 ¹
410 5689 514 5745 Hic
551 5691 812 5760 quadam
836 5686 1071 5743 Graecus
1105 5688 1291 5740 textus
1313 5679 1626 5747 interserit,
1664 5696 1794 5752 qua
1825 5681 2005 5743 habes
2033 5689 2188 5759 apud
2231 5685 2562 5759 Heraclida,
2597 5687 2838 5761 cap.22.
