4112 6210
291 344 441 413 1111

1873 354 2233 417 PALLADII

3658 346 3822 407 1112

293 484 445 554 quod
476 484 579 539 tibi
613 488 785 541 natus
818 484 894 541 sit
942 486 1113 542 hodie
1161 488 1338 553 ﬁlius,
1373 488 1555 545 Deum
1598 488 1994 561 gloriﬁcares;
2028 488 2080 553 Α
2108 486 2360 543 eminus.
2382 487 2523 543 Cum
2549 484 2745 540 essent
2775 485 2965 535 autem
2999 476 3270 534 collocuti
3302 477 3545 546 diutius,
3577 478 3825 535 tristitia

295 576 395 631 sed
429 580 611 629 mater
639 577 763 643 ejus
796 579 1455 647 pmpemodumvenitin
1491 579 1836 651 periculum.
1862 583 2003 632 Cum

295 666 520 719 veneris
551 666 750 736 igitur,
780 668 1035 722 invenies
1068 669 1353 725 infantem
1390 679 1573 740 sptem
1598 673 1720 725 dies
1743 678 1943 725 natum
1989 686 2002 724 :

301 755 350 811 ei
386 756 621 827 impone
654 774 862 812 nomen
894 758 1170 817 Joannes.
1202 761 1464 831 Cumque
1501 778 1632 817 eum
1684 768 1830 815 recte
1862 761 2007 815 edu-

300 848 535 909 caveris,
579 853 634 899 et
689 848 759 900 ad
819 866 1032 902 annmn
1068 851 1377 921 septimum
1408 856 1639 913 venerit,
1676 852 1839 906 mitte
1869 866 2005 906 eum

296 934 365 988 ad
404 936 718 990 monachos
748 940 842 1005 qui
878 941 1092 994 suntin
1128 941 1460 996 solitudine.
1504 943 1571 996 Et
1614 942 1732 995 hazc
1767 941 2004 1011 quidem

297 1026 635 1079 ostendebat
688 1027 970 1083 miracula
1027 1029 1098 1082 iis
1168 1032 1267 1099 qui
1318 1032 1624 1085 veniebant
1656 1030 1724 1085 ab
1755 1029 2006 1090 exteris;

298 1114 423 1169 suis
455 1122 645 1169 autem
682 1117 905 1171 civibus
965 1127 1197 1190 pr0pter
1247 1138 1419 1174 suum
1464 1138 1630 1175 usum
1676 1120 1903 1175 assidue
1934 1118 2004 1175 ad

298 1202 486 1274 ipsum
522 1207 886 1260 venientibus
911 1212 965 1261 et
990 1212 1755 1281 prmsciebatetpra’dicebat
1773 1212 1967 1265 futura
1990 1230 2004 1279 ;

298 1296 353 1345 et
384 1308 503 1359 quae
538 1295 609 1346 ab
662 1311 1010 1366 unoquoque
1058 1297 1283 1351 occulte
1344 1299 1493 1353 facta
1561 1301 1801 1361 fuerant,
1844 1304 1900 1354 et
1938 1300 2009 1353 de

297 1379 447 1446 Nilo,
472 1388 523 1434 el
556 1382 626 1436 de
659 1384 851 1437 futura
883 1385 1018 1438 anni
1054 1386 1348 1441 fertilitate
1380 1389 1462 1443 eis
1498 1389 1885 1459 significabat.
1918 1390 2010 1445 Si-

298 1468 486 1523 milier
525 1475 719 1525 autem
766 1472 863 1526 Dei
933 1490 1162 1545 quiique
1220 1477 1409 1531 minas
1475 1479 1541 1529 ad
1586 1494 1685 1533 eos
1718 1480 2009 1535 venientes

297 1560 462 1630 prius
503 1564 909 1627 annuntiabat,
943 1570 1000 1617 et
1029 1567 1154 1633 ejus
1186 1573 1449 1621 auctores
1482 1571 1776 1639 arguebat.
1823 1577 2009 1640 Atque

300 1648 422 1719 ipse
446 1652 679 1720 quidem
748 1653 952 1708 beatus
999 1655 1256 1710 Joannes
1327 1674 1435 1711 non
1474 1659 1784 1728 peragebat
1814 1665 2011 1729 aperte

299 1740 660 1805 curationes;
694 1743 841 1796 dans
874 1750 1062 1798 autem
1096 1746 1311 1811 oleum,
1346 1747 1562 1801 curavit
1588 1748 1802 1803 multos
1841 1764 1908 1804 cx
1940 1748 2010 1803 iis

303 1828 400 1899 qui
445 1828 805 1895 laborabant,

368 1917 655 1973 Senatorii
724 1924 877 1976 enim
940 1924 1245 1991 cujusdam
1291 1927 1393 1981 viri
1446 1944 1608 1991 uxor,
1644 1944 1767 1998 quae
1809 1928 2011 1984 oculos

299 2008 596 2075 amiserat,
629 2016 687 2064 et
718 2011 969 2066 habebat
1003 2015 1251 2083 pupillas
1276 2015 1557 2071 obductas
1600 2016 1896 2089 albugine,
1923 2036 2017 2074 ro-

302 2095 457 2164 gavit
498 2100 767 2152 maritum
793 2116 963 2154 suum
996 2107 1056 2154 ut
1088 2103 1156 2156 ad
1212 2109 1402 2173 ipsum
1442 2106 1843 2161 deduceretur.
1868 2107 2013 2161 Cum

299 2182 350 2238 is
382 2190 574 2239 autem
634 2186 870 2254 diceret,
904 2206 1033 2245 eum
1095 2209 1393 2265 nunquam
1428 2198 1769 2250 convenisse
1810 2196 2017 2250 mulie-

303 2290 445 2342 rem,
481 2291 547 2331 ea
594 2284 783 2333 autem
846 2288 1075 2351 rogaret
1142 2289 1204 2338 ut
1253 2287 1361 2354 ipsi
1396 2286 1583 2341 solum
1627 2287 2014 2359 significatur,

307 2370 361 2420 et
393 2382 495 2437 pro
536 2368 660 2437 ipsa
684 2370 735 2422 id
771 2370 1044 2437 efﬁceret,
1087 2374 1181 2428 ille
1205 2376 1288 2429 sic
1341 2378 1489 2445 fecit,
1524 2386 1581 2431 et
1614 2379 1772 2432 misit
1802 2380 2013 2433 oleum.

307 2457 447 2509 Cum
482 2464 598 2511 tres
629 2465 819 2514 autem
844 2462 969 2516 dies
1001 2464 1187 2519 solum
1222 2466 1547 2523 inunxisset
1576 2470 1799 2537 oculos,
1826 2486 2018 2539 respe-

306 2545 409 2611 xit,
452 2553 509 2602 et
549 2546 663 2602 Deo
696 2556 892 2621 aperte
931 2555 1046 2623 egit
1086 2556 1331 2625 gratias.

376 2633 444 2688 Et
497 2638 634 2705 quid
690 2656 838 2710 opus
884 2650 971 2695 est
1028 2642 1218 2698 dicere
1272 2646 1342 2698 de
1394 2644 1523 2700 aliis
1573 2647 1701 2716 ejus
1748 2647 2019 2716 Operibus

304 2743 433 2797 quae
474 2727 618 2799 ipsis
658 2730 844 2785 oculis
886 2734 1264 2802 accepimus?
1311 2736 1555 2792 Eramus
1598 2737 1751 2791 enim
1793 2744 2016 2807 septem

304 2816 514 2871 fratres
551 2820 839 2890 peregrini
869 2839 1072 2875 omnes
1118 2824 1177 2878 in
1220 2826 1535 2881 solitudine
1583 2826 1797 2891 Nitriae,
1831 2844 1932 2898 ego
1965 2832 2021 2882 et

304 2906 511 2962 beatus
553 2908 849 2978 Evagrius,
884 2917 941 2965 et
980 2912 1247 2981 Albinus,
1290 2921 1346 2969 et
1394 2916 1757 2971 Ammonius.
1790 2919 2021 2980 Quaere-

306 2997 521 3052 bamus
550 3006 741 3054 autem
774 3001 921 3056 scire
948 3012 1213 3058 accurate
1240 3022 1505 3075 quaenam
1550 3007 1889 3076 essethujns
1913 3008 2020 3062 viri

307 3086 513 3143 virtus.
552 3088 701 3144 Dixit
733 3097 927 3146 autem
965 3109 1210 3165 magnus
1244 3095 1514 3164 Evagrius
1543 3113 1555 3151 :
1584 3097 1874 3151 Lubenter
1904 3097 2020 3151 sci-

306 3190 423 3231 rem
487 3179 558 3231 ab
623 3179 819 3251 aliquo
878 3182 979 3254 qui
1038 3188 1189 3237 norit
1218 3186 1546 3240 examinare
1576 3192 1633 3239 et
1676 3195 1923 3240 mentem
1966 3191 2024 3241 et

309 3266 655 3333 orationem,
686 3272 993 3338 cujusnam
1031 3274 1185 3326 modi
1220 3276 1294 3325 sit
1325 3274 1406 3326 vir
1438 3292 1452 3341 ;
1484 3276 1531 3327 si
1574 3276 1726 3328 enim
1760 3291 1865 3345 ego
1887 3292 2020 3331 eum

310 3369 422 3409 non
470 3364 708 3425 potuero
740 3359 950 3427 videre,
984 3361 1110 3427 ejus
1160 3366 1352 3414 autem
1385 3362 1514 3415 vitae
1565 3365 1893 3417 insittutum
1928 3380 2026 3419 ac-

310 3449 505 3498 curate
545 3446 748 3499 audire
797 3459 1032 3515 potuero
1076 3448 1187 3502 alio
1222 3456 1516 3518 narrante,
1548 3453 1767 3507 discam
1798 3459 1860 3507 ut
1890 3469 2023 3507 eum

312 3533 652 3586 conveniam
684 3536 876 3603 ;quod
919 3536 967 3591 si
1002 3552 1117 3591 non
1150 3537 1428 3606 didicero,
1463 3558 1574 3595 non
1621 3542 1716 3595 ibo
1750 3558 1931 3612 usque
1953 3544 2023 3597 ad

314 3627 596 3673 montem.
623 3622 763 3676 Cum
801 3622 908 3680 hoc
939 3632 1133 3680 autem
1168 3628 1505 3692 audtis-sem,
1534 3636 1588 3685 et
1619 3634 1834 3685 nemini
1859 3633 2029 3704 quid-

317 3721 490 3777 quam
533 3708 832 3780 dixissem,
865 3714 1056 3786 quievi
1118 3732 1299 3770 unum
1341 3719 1519 3785 diem,
1562 3720 1673 3775 alio
1704 3731 1899 3777 autem
1933 3739 2027 3778 oc-

320 3796 464 3852 clusi
498 3797 741 3869 cellam;
774 3809 830 3857 et
870 3821 1001 3859 cum
1037 3822 1130 3861 me
1159 3814 1215 3861 et
1246 3808 1427 3876 ipsam
1462 3809 1577 3864 Deo
1629 3813 2032 3868 commendas-

317 3902 465 3956 sem,
499 3890 790 3960 profectus
848 3910 978 3949 sum
1025 3912 1211 3967 usque
1261 3899 1327 3952 ad
1371 3899 1749 3954 Thebaidem.
1796 3901 1934 3956 Cum
1964 3919 2030 3959 eo

312 3986 508 4035 autem
565 3982 761 4038 decem
810 3988 865 4039 et
914 3996 1038 4041 octo
1078 3988 1306 4042 dierum
1384 3991 1573 4059 spatio
1617 3993 2029 4062 pervenissem.

319 4072 531 4138 partim
560 4073 790 4138 quidem
854 4076 1117 4146 pedibus,
1170 4078 1380 4147 partim
1419 4094 1549 4134 vero
1621 4083 1941 4152 navigando
1973 4085 2029 4138 in

314 4156 587 4216 ﬂumine:
623 4170 745 4217 erat
794 4172 987 4219 autem
1053 4172 1285 4236 tempus
1325 4183 1601 4222 ascensus
1621 4170 1759 4238 (91),
1794 4172 1847 4224 in
1893 4189 2031 4243 quo

316 4252 483 4301 multi
515 4257 820 4320 aegrotant,
854 4254 1011 4321 quod
1062 4255 1203 4307 mihi
1255 4272 1483 4325 quoque
1516 4262 1738 4311 accidit.
1767 4260 1908 4315 Cum
1939 4279 2037 4329 ve_

316 4336 530 4392 nissem
593 4345 810 4405 autem,
871 4341 1063 4396 inveni
1119 4344 1385 4399 clausum
1447 4349 1574 4415 ejus
1632 4350 2030 4427 vestibulum;

313 4425 519 4481 fratres
550 4431 705 4483 enim
741 4431 1031 4499 posterius
1055 4433 1420 4488 aedificarunt
1440 4436 1753 4493 maximum
1781 4425 2033 4497 vestibu¥

2118 595 2246 632 sum
2273 578 2535 641 effectus,
2569 582 2625 629 et
2687 571 3045 626 murmuravi
3093 571 3371 625 adversus
3430 571 3825 626 venerabilem

2118 684 2316 722 senem
2353 668 2491 737 (92),
2527 664 2680 735 quod
2734 677 2825 716 me
2884 660 3118 730 quidem
3162 660 3626 730 contempsisset,
3660 661 3829 715 illum

2118 762 2308 811 autem
2352 756 2727 820 honorasset;
2762 756 2821 805 ct
2851 750 2922 803 ob
2974 750 3026 802 id
3079 748 3275 803 animo
3334 750 3731 815 conturbatus,
3768 751 3829 804 in

2118 847 2316 900 animo
2349 844 2635 899 habebam
2686 858 2751 896 eo
2809 845 3136 909 contempto
3170 840 3450 892 recedere.
3486 839 3695 893 Vocato
3722 856 3834 894 au-

2120 939 2233 989 tem
2330 933 2657 999 interprete,
2689 930 2985 984 Theodoro
3043 926 3297 986 nomine.
3344 926 3485 981 dicit
3514 926 3613 981 ei:
3662 928 3833 991 Vade,

2118 1023 2208 1077 dic
2248 1022 2330 1076 illi
2366 1021 2529 1075 fratri
2565 1026 2627 1073 ut
2658 1034 2876 1087 netegre
2910 1008 3081 1083 ferat;
3108 1018 3224 1085 jam
3251 1016 3480 1070 dimitto
3504 1017 3834 1086 presidem,

2118 1119 2173 1169 et
2229 1129 2362 1168 eum
2416 1112 2702 1182 alloquar.
2726 1108 2929 1163 Visum
2996 1113 3087 1162 est
3142 1122 3276 1177 ergo
3329 1106 3470 1161 mihi
3521 1108 3842 1163 toleranter

2120 1204 2290 1271 ferre,
2325 1202 2501 1272 utqui
2536 1199 3105 1262 animadvertissem,
3137 1213 3270 1251 eum
3324 1212 3451 1251 esse
3481 1197 3838 1267 spiritalem.

2119 1294 2262 1349 Cum
2285 1293 2515 1347 exiisset
2539 1300 2727 1345 autem
2762 1304 2994 1360 praeses,
3022 1302 3113 1341 me
3142 1286 3439 1353 accersito,
3473 1286 3612 1341 dicit.
3659 1286 3837 1355 mihi;

2119 1384 2232 1440 Cur
2262 1390 2459 1437 contra
2492 1397 2583 1436 me
2623 1379 2783 1435 fuisti
2814 1375 3190 1449 indignatus?
3212 1377 3357 1442 Quid
3380 1376 3659 1431 invenisti
3681 1376 3841 1447 quod

2119 1476 2329 1545 tejure
2381 1471 2714 1538 oil'enderet,
2748 1472 2901 1541 quod
2972 1466 3071 1521 illa
3130 1468 3325 1522 animo
3381 1466 3664 1537 reputasti
3714 1483 3845 1538 quas

2122 1580 2312 1635 neque
2339 1563 2477 1617 mihi
2514 1563 2756 1624 adsunt,
2790 1576 2972 1631 neque
3004 1564 3059 1612 te
3081 1556 3336 1612 decent?
3368 1560 3452 1610 An
3479 1558 3671 1610 nescis
3702 1558 3847 1611 scri-

2124 1664 2283 1724 ptum
2318 1668 2445 1705 esse
2480 1668 2495 1705 :
2536 1650 2656 1705 Non
2679 1666 2823 1720 opus
2858 1652 3067 1702 habent
3098 1648 3220 1700 sani
3262 1647 3508 1713 medico,
3551 1646 3655 1699 sed
3692 1645 3839 1701 male

2123 1742 2403 1797 habentes
2437 1741 2644 1811 putum.
2707 1755 2760 1793 ιι
2791 1758 2805 1805 ;
2842 1742 3016 1793 Marc.
3050 1752 3122 1801 x;
3178 1736 3339 1791 Lucae
3372 1736 3445 1807 v).
3470 1734 3570 1801 Te,
3602 1738 3840 1806 quando

2043 1866 2090 1930 Β
2120 1831 2268 1897 volo,
2304 1832 2553 1895 invenio,
2586 1834 2641 1882 et
2671 1834 2731 1881 tu
2776 1844 2865 1881 me
2889 1844 2902 1893 ;
2927 1832 2985 1880 et
3014 1825 3062 1880 si
3112 1832 3169 1880 te
3226 1840 3340 1879 non
3376 1828 3537 1879 fuero
3570 1824 3845 1879 consola-

2126 1929 2238 1983 tus,
2269 1921 2365 1975 alii
2395 1925 2451 1974 te
2480 1918 2857 1975 consolantur
2891 1921 3095 1972 fratres
3126 1925 3180 1970 et
3210 1914 3309 1971 alii
3347 1920 3557 1971 Patres.
3604 1917 3712 1970 Hic
3742 1933 3843 1969 au-

2125 2019 2241 2068 tem
2275 2011 2375 2081 qui
2435 2026 2535 2082 per
2584 2010 2876 2063 mundana
2922 2008 3152 2077 negotia
3182 2011 3305 2061 erat
3334 2007 3563 2061 deditus
3586 2005 3838 2070 diabolo,

2127 2109 2337 2158 etcum
2378 2101 2535 2155 brevi
2586 2100 2859 2169 temporis
2908 2100 3096 2168 spatio
3155 2098 3501 2169 respirasset
3550 2103 3615 2151 ut
3644 2114 3846 2152 servus

2127 2194 2227 2267 qui
2260 2194 2485 2263 aufugit
2514 2193 2586 2248 ab
2638 2198 2870 2245 austero
2919 2190 3179 2257 domino,
3210 2190 3459 2245 accessit
3489 2196 3551 2243 ut
3582 2192 3842 2259 aliquam

2127 2291 2358 2354 caperet
2391 2283 2726 2337 utilitatem.
2756 2284 3088 2337 Abeurdum
3131 2297 3267 2353 ergo
3320 2282 3532 2336 fuisset
3566 2285 3718 2336 uteo
3754 2296 3841 2335 re-

2126 2373 2263 2427 licto
2286 2379 2478 2425 tecum
2514 2386 2793 2434 versarer,
2827 2386 2957 2424 cum
3006 2374 3067 2423 tu
3128 2368 3365 2423 assidue
3429 2383 3595 2421 vaces
3643 2366 3842 2421 saluti.

2126 2463 2267 2519 Cum
2292 2477 2418 2514 eum
2452 2476 2585 2532 ergo
2616 2475 2909 2530 rogassem
2961 2463 3025 2513 ut.
3073 2474 3173 2529 pro
3206 2474 3294 2513 me
3324 2463 3539 2523 oraret,
3571 2458 3846 2528 explora-

2125 2560 2248 2609 tum
2282 2553 2457 2607 habui
2491 2568 2622 2607 eum
2653 2567 2782 2605 esse
2812 2549 2999 2605 virum
3042 2549 3386 2621 spiritalem.
3430 2550 3590 2605 Tunc
3624 2551 3845 2605 urbane

2128 2659 2354 2699 mecum
2383 2646 2604 2712 jocans,
2630 2657 2758 2694 cum
2789 2639 3081 2694 sinistram
3110 2640 3403 2694 maxillam
3448 2640 3591 2694 mihi
3622 2640 3844 2695 sensim

2129 2734 2438 2805 pulsasset,
2461 2732 2601 2785 dicit
2632 2747 2646 2787 :
2682 2729 2877 2786 Multa
2911 2736 2964 2784 te
2984 2735 3218 2783 manent
3243 2730 3601 2794 afﬂictiones,
3635 2740 3693 2784 et
3713 2745 3849 2800 gra-

2128 2824 2220 2878 via
2258 2822 2406 2877 bella
2429 2838 2634 2890 passus
2675 2837 2735 2875 es
2767 2828 2830 2874 ut
2861 2822 3046 2875 exires
3076 2835 3106 2875 e
3137 2819 3463 2885 solitudine,
3507 2820 3847 2889 timoreque

2129 2914 2371 2971 allectus
2401 2930 2483 2981 es,
2517 2918 2573 2967 et
2616 2911 2894 2966 distulisti
2931 2928 2944 2966 :
2981 2911 3105 2981 pios
3175 2916 3363 2965 autem
3417 2914 3732 2981 pretextus
3787 2915 3851 2966 et

2131 3005 2337 3061 rationi
2398 3011 2818 3057 consentaneos
2876 3000 3125 3055 efferens
3187 3000 3439 3065 damon,
3483 3005 3537 3054 te
3594 3002 3853 3070 exagitat

2131 3096 2255 3151 Tibi
2288 3096 2439 3149 enim
2465 3093 2755 3164 suggessit
2785 3097 2842 3147 et
2863 3091 3141 3162 patristui
3174 3091 3623 3154 desiderium.et
3655 3092 3849 3145 fratris

2132 3185 2215 3238 tui
2247 3188 2304 3237 et
2334 3184 2546 3237 sororis
2602 3190 2708 3235 tuae
2766 3179 2823 3235 in
2874 3182 2991 3235 vita
3041 3179 3359 3234 monastica
3392 3179 3846 3235 institutionem.

2054 3229 2096 3294 ϐ
2136 3229 2275 3327 lilixce
2304 3288 2438 3343 ergo
2505 3272 2720 3326 bonum
2776 3269 2879 3325 tibi
2928 3270 3102 3324 affero
3154 3270 3470 3325 nuntium:
3504 3270 3679 3324 ambo
3709 3268 3851 3325 salvi

2136 3368 2271 3419 sunt
2318 3362 2537 3416 mundo
2572 3362 2724 3416 enim
2778 3361 3205 3427 renuntiarunt,
3238 3364 3296 3414 et
3354 3365 3517 3431 pater
3573 3364 3713 3414 tuus
3766 3363 3853 3414 est

2134 3453 2325 3509 adhuc
2382 3450 2645 3506 victurus
2705 3456 2928 3520 septem
3006 3465 3213 3504 annos.
3248 3448 3387 3503 Esto
3455 3465 3589 3520 ergo
3634 3450 3762 3504 forti
3796 3452 3853 3505 et

2135 3542 2423 3599 constanti
2454 3542 2646 3596 animo
2678 3542 2733 3595 in
2768 3542 3104 3609 solitudine,
3140 3556 3244 3595 nec
3275 3556 3475 3595 eorum
3510 3557 3690 3594 causa
3710 3539 3849 3624 velis

2137 3634 2295 3688 abire
2354 3632 2412 3686 in
2473 3632 2746 3702 patriam.
2804 3631 3094 3701 Scriptum
3153 3635 3243 3685 est
3282 3629 3438 3684 enim
3474 3648 3490 3686 :
3522 3629 3707 3685 Nemo
3751 3626 3850 3701 qu1

2139 3740 2378 3780 manum
2415 3722 2673 3777 admovit
2704 3727 2917 3786 aratro,
2951 3730 3004 3776 et
3045 3728 3128 3775 est
3185 3737 3521 3788 conversus,
3562 3730 3646 3777 est
3682 3731 3852 3793 aptus

2138 3830 2314 3884 regno
2355 3812 2449 3867 Dei
2484 3811 2669 3883 (Lucae
2707 3814 2805 3879 ix).
2833 3810 2907 3865 Ex
2958 3810 3046 3864 his
3103 3826 3237 3881 ergo
3290 3811 3478 3865 verbis
3529 3812 3771 3879 adjutus
3795 3814 3855 3867 et

2138 3904 2281 3957 satis
2306 3901 2629 3965 roboratus,
2665 3902 2774 3953 Deo
2832 3898 2920 3966 egi
2981 3896 3222 3968 gratias,
3250 3914 3384 3953 cum
3442 3897 3721 3963 intellexi,
3753 3914 3854 3953 eos

2139 3994 2235 4063 qui
2272 4008 2361 4046 me
2410 3995 2692 4057 urgebant
2752 3993 3060 4059 praetextas
3114 4003 3242 4042 esse
3304 3994 3581 4055 peractos.
3635 3988 3855 4045 Deinde

2141 4098 2344 4137 rursus
2377 4078 2518 4133 mihi
2586 4077 2745 4142 dicit,
2782 4079 3000 4132 urbane
3032 4092 3256 4131 mecum
3308 4078 3514 4147 jocans
3546 4092 3561 4135 :
3596 4076 3696 4132 Vis
3730 4077 3854 4134 ﬁeri

2140 4168 2488 4242 episcopus?
2519 4167 2644 4222 Dixi
2695 4172 2885 4220 autem
2920 4182 2933 4221 :
2968 4165 3390 4238 Nequaquam;
3430 4183 3561 4221 sum
3586 4167 3762 4222 enim.
3800 4167 3854 4224 Is

2140 4272 2333 4318 autem
2354 4260 2493 4314 mihi
2517 4258 2654 4312 dicit
2676 4257 2811 4314 :Ubi
2834 4257 2998 4312 ?Dixi
3017 4273 3121 4328 ego
3147 4259 3239 4312 :In
3264 4259 3555 4331 coquinis,
3591 4258 3649 4313 iu
3674 4276 3855 4330 penu,

2144 4353 2202 4408 in
2238 4351 2474 4417 mensis,
2507 4348 2561 4402 in
2596 4348 2807 4404 doliis:
2840 4365 2907 4403 ea
2937 4347 3245 4418 diligenter
3282 4347 3572 4421 inspictio,
3606 4351 3738 4404 etsi
3771 4350 3853 4404 vi-

2146 4459 2282 4498 num
2317 4438 2556 4503 acuerit,
2579 4439 2633 4492 id
2664 4454 2922 4510 segrego;
2943 4438 3154 4491 bonum
3178 4443 3370 4493 autem
3393 4438 3558 4505 bibo;
3584 4439 3857 4494 similiter

316 4512 459 4578 lum,
487 4517 641 4584 quod
666 4519 931 4587 capiebat
964 4520 1113 4575 viros
1135 4522 1364 4577 circiter
1393 4531 1661 4582 centum:
1695 4530 1849 4598 quod
1872 4531 2029 4588 clave
2059 4539 2104 4605 Ι]
2131 4532 2306 4587 ollam
2350 4544 2581 4601 quoque
2629 4527 2938 4597 diligenter
2994 4526 3258 4595 inspicio,
3291 4533 3349 4582 et
3390 4528 3432 4582 si
3466 4528 3551 4583 sal
3599 4529 3854 4584 defuerit

316 4601 676 4672 claudentes,
710 4609 1047 4678 aperiebant
1078 4616 1302 4665 tantum
1338 4613 1589 4670 Sabbato
1612 4623 1668 4671 et
1699 4617 2023 4678 Dominica.

312 4695 455 4751 Cum
488 4713 624 4770 ergo
659 4699 995 4755 didicissem
1014 4718 1248 4757 causam
1272 4711 1503 4774 propter
1533 4724 1709 4778 quam
1735 4718 1859 4766 erat
1881 4712 2027 4767 clan'

308 4800 462 4855 sum,
506 4789 803 4845 silentium
839 4790 925 4861 egi
964 4808 1148 4863 usque
1179 4797 1244 4848 ad
1281 4795 1623 4852 Sabbatnm.
1660 4798 1725 4852 Et
1762 4817 1895 4856 cum
1930 4820 2023 4858 ve-

306 4877 518 4933 nissem
568 4879 711 4935 hora
758 4882 1037 4950 secunda,
1079 4882 1138 4937 in
1189 4887 1596 4954 congressione
1644 4905 1775 4943 eum
1830 4892 1998 4947 inven

307 4967 659 5022 assidentem
694 4968 753 5023 in
788 4973 1057 5037 fenestra,
1096 4988 1196 5044 per
1244 4990 1418 5043 quam
1479 4976 1788 5031 videbatur
1809 4996 2018 5036 conso-

304 5053 410 5111 lari
453 5073 552 5112 eos
583 5058 680 5127 qui
716 5059 1085 5118 accedebant.
1119 5061 1257 5115 Cum
1292 5079 1383 5118 me
1442 5071 1635 5119 autem
1680 5066 2014 5137 salutasset,

307 5145 449 5202 dixit
473 5163 574 5217 per
602 5147 977 5217 interpretem
1015 5150 1371 5221 :Cujusnam
1425 5170 1487 5209 es
1517 5156 1785 5229 regionis,
1819 5165 1875 5213 et
1907 5177 2010 5216 cur

309 5235 564 5291 venisti?
601 5236 845 5308 conjicio
876 5238 1027 5294 enim
1069 5246 1122 5294 te
1154 5256 1281 5298 esse
1318 5259 1386 5297 ex
1443 5252 1727 5300 conventu
1765 5247 2012 5320 Evagrii.

307 5325 432 5382 Dixi
465 5336 659 5383 autem
698 5345 788 5383 me
826 5344 951 5384 esse
986 5329 1268 5401 hospitem
1319 5348 1386 5386 ex
1425 5332 1671 5401 Galatia,
1703 5341 1757 5389 et
1788 5339 2011 5393 confes-

308 5431 404 5470 sus
436 5434 564 5471 sum
600 5434 691 5473 me
721 5434 847 5473 esse
876 5436 943 5475 ex
966 5419 1271 5475 sodalitate
1292 5422 1538 5493 Evagrii.
1566 5424 1797 5479 Interim
1820 5434 2008 5486 autem

308 5504 447 5560 dum
526 5505 911 5577 loqueremur,
966 5510 1271 5580 ingressus
1321 5518 1409 5565 est
1468 5528 1676 5581 praises
1732 5514 2009 5587 regionis,

305 5594 544 5666 Alypius
578 5598 809 5652 nomine
838 5614 851 5665 ;
876 5616 990 5671 quo
1040 5606 1398 5663 accurrente,
1430 5601 1602 5656 desiit
1641 5620 1865 5660 mecum
1889 5607 2007 5662 col-

307 5685 465 5760 loqui
498 5686 640 5742 Cum
672 5702 805 5759 ergo
838 5706 1038 5762 parum
1099 5694 1494 5758 accessissem,
1526 5694 1655 5749 dedi
1699 5695 1782 5750 eis
1815 5695 2003 5750 locum

2138 4623 2220 4678 vel
2252 4619 2619 4677 condimendi
2686 4617 2928 4689 aliquid,
2960 4634 3087 4672 eam
3122 4618 3351 4685 condio,
3382 4624 3438 4675 et
3485 4620 3568 4675 sic
3598 4637 3727 4675 eam
3752 4636 3853 4676 co-

2138 4714 2325 4768 medo.
2379 4710 2480 4766 Hic
2528 4713 2613 4764 est
2673 4722 2831 4761 meus
2888 4710 3281 4778 episcOpatus,
3326 4725 3454 4764 mea
3485 4710 3727 4781 inquam
3762 4710 3851 4764 in-

2131 4804 2369 4866 spectio,
2402 4815 2493 4854 me
2523 4798 2677 4853 enim
2710 4797 2777 4850 ad
2808 4812 2940 4852 eum
2996 4796 3210 4866 delegit
3238 4799 3395 4870 gula.
3448 4800 3501 4855 Is
3535 4816 3672 4854 vero
3704 4799 3851 4856 dixit

2130 4892 2477 4950 subridens:
2515 4888 2676 4943 Mitte
2733 4885 3011 4954 ridicula;
3049 4890 3300 4941 futurum
3354 4897 3439 4943 est
3500 4898 3560 4943 ul
3611 4890 3849 4962 eligeris

2127 4985 2457 5054 episcopus,
2490 4985 2546 5034 et
2599 4977 2847 5032 multum
2902 4978 3155 5044 latiores,
3187 4987 3242 5032 et
3273 4979 3552 5051 afﬂigaris
3580 4998 3594 5047 ;
3627 4981 3678 5035 si
3710 4997 3846 5053 ergo

2123 5074 2279 5143 fugis
2315 5069 2679 5135 atflictiones,
2714 5082 2785 5121 ne
2816 5082 2984 5121 exeas
3012 5083 3043 5121 e
3065 5067 3401 5132 solitudine,
3426 5068 3486 5124 in
3526 5070 3847 5125 solitudine

2122 5164 2275 5219 enim
2319 5176 2487 5215 nemo
2510 5163 2563 5212 te
2597 5165 2777 5228 potest
2801 5157 3071 5212 ordinare
3101 5158 3458 5227 episcOpum.
3503 5159 3616 5226 Ego
3649 5167 3844 5216 autem

2120 5255 2245 5323 ejus
2275 5251 2579 5306 verborum
2635 5263 2764 5302 sum
2799 5246 3037 5313 oblitus,
3071 5248 3257 5301 tribus
3311 5250 3468 5303 enim
3510 5255 3642 5318 post
3670 5251 3845 5308 annis

2119 5348 2176 5398 et
2206 5340 2405 5411 splene
2454 5343 2510 5392 et
2548 5334 2846 5391 stomacho
2890 5335 3167 5391 laboravi.
3201 5336 3366 5392 Illinc
3421 5345 3617 5393 autem
3661 5355 3696 5393 ο,
3729 5340 3846 5393 fra-

2118 5432 2308 5487 tribus
2349 5426 2567 5481 missus
2600 5440 2730 5478 sum
2790 5423 3226 5491 Alexandriam,
3254 5427 3489 5481 morbus
3521 5427 3684 5482 enim
3727 5428 3843 5500 (93)

2116 5523 2187 5577 ad
2220 5517 2555 5589 hydropisin
2586 5515 2879 5586 vergebat.
2914 5517 2997 5572 Ab
3028 5515 3369 5572 Alexandria
3400 5523 3597 5572 autem
3624 5534 3841 5573 consu-

2116 5611 2352 5667 luerunt
2382 5606 2589 5664 medici
2620 5611 2684 5660 ut
2739 5604 2886 5661 aeris
2914 5606 3096 5675 gratia
3146 5608 3285 5660 irem
3320 5608 3377 5660 in
3414 5605 3782 5663 Palmstinam
3818 5625 3834 5674 ;

2122 5701 2295 5757 habet
2326 5700 2481 5754 enim
2512 5694 2665 5766 quod
2698 5694 2769 5749 ad
2793 5711 2979 5750 meam
3004 5695 3209 5750 attinet
3229 5703 3682 5766 temperaturam
3708 5696 3839 5750 sub.
