4112 6210
227 337 378 396 1117

1567 337 1940 400 HISTORIA
1987 335 2398 398 LAUSIACA.

3585 343 3740 402 1118

217 467 469 524 tiliorem
503 483 718 524 aerem.
751 475 796 524 Δ
847 467 1154 524 Palestina
1199 474 1394 525 autem
1449 471 1580 525 veni
1630 472 1688 528 in
1721 472 1922 545 Bithy-
1957 477 2003 540 Α
2038 484 2290 542 quanam
2325 467 2558 536 regione
2597 464 2670 522 ad
2701 465 2997 520 hominem
3035 466 3324 536 abjectum
3358 473 3414 524 et
3461 471 3741 530 humilem

219 557 402 624 niam,
433 558 576 613 etin
609 575 677 614 ea
719 559 910 614 nescio
943 558 1264 627 quomodo,
1312 578 1382 615 an
1419 560 1677 616 humano
1709 564 1920 630 studio,

219 664 293 704 an
328 649 523 702 divina
552 649 851 704 voluntate
889 649 1028 721 (94),
1077 649 1230 704 Deus
1274 650 1404 715 scit,
1437 650 1653 721 dignus
1685 653 1921 708 habitus

219 755 354 795 sum
396 739 757 794 ordinatione
797 756 924 810 qua:
977 757 1138 795 meas
1168 741 1319 795 vires
1369 747 1624 812 superat,
1678 743 1736 796 in
1786 759 1918 798 sum

219 845 419 885 ensum
497 831 757 884 incidens
834 847 1007 901 quem
1084 832 1342 886 Joannes
1431 831 1790 900 praedixerat.
1858 833 1922 888 Et

215 921 482 976 undecim
515 923 814 976 mensibus
851 921 1037 978 latens
1079 923 1136 976 in
1170 922 1314 978 cella
1361 927 1692 992 tenebrosa,
1731 941 1917 980 recor-

215 1011 388 1066 datus
418 1026 570 1066 sum.

284 1155 462 1209 Porro
493 1157 684 1208 autem
717 1154 823 1210 hoc
871 1172 1105 1227 quoque
1137 1157 1278 1212 mihi
1315 1157 1604 1225 narrabat,
1636 1162 1916 1230 tanquam

211 1244 552 1314 profuturus
583 1242 656 1298 ad
690 1244 816 1312 hoc,
851 1251 912 1299 ut
946 1263 1044 1314 per
1077 1246 1468 1302 narrationem
1502 1265 1592 1304 me
1611 1247 1920 1304 deduceret

211 1327 284 1382 ad
346 1330 628 1400 patienter
677 1333 974 1387 ferendam
1034 1333 1406 1389 solitudinem
1453 1352 1468 1403 ;
1523 1335 1918 1405 Quadraginta

207 1433 395 1472 annos
427 1435 624 1474 versor
655 1420 710 1474 in
741 1422 847 1476 hac
879 1419 1024 1476 cella
1061 1441 1074 1490 ;
1115 1439 1226 1476 non
1273 1422 1388 1476 vidi
1431 1425 1635 1479 faciem
1671 1427 1915 1494 femina,

209 1521 328 1561 non
363 1507 550 1564 ullum
585 1527 916 1577 nummum,
945 1528 1057 1566 non
1092 1513 1204 1565 vidi
1241 1513 1498 1584 aliquem
1525 1516 1916 1581 mandentem,

207 1612 328 1652 non
361 1601 761 1656 comedentem
799 1617 903 1657 nec
935 1601 1226 1658 bibentem
1261 1621 1353 1659 me
1393 1604 1531 1660 vidit
1563 1609 1794 1678 aliquis.

283 1721 426 1778 Cum
458 1739 592 1796 ergo
627 1726 698 1780 ab
729 1740 796 1782 eo
843 1729 1232 1794 recessissem,
1279 1729 1410 1784 veni
1445 1732 1500 1784 in
1532 1730 1914 1788 solitudinem

201 1811 270 1866 in
303 1810 430 1867 loco
462 1821 764 1882 consueto,
800 1815 918 1870 haec
949 1818 1148 1872 omnia
1173 1836 1418 1874 narrans
1438 1821 1620 1875 beatis
1649 1821 1918 1878 Patribus
1953 1848 1995 1910 Β

199 1901 312 1971 qui
349 1909 482 1972 post
509 1905 654 1958 duos
685 1921 916 1960 menses
947 1914 1226 1962 venerunt
1255 1915 1312 1962 et
1331 1917 1464 1964 sunt
1489 1925 1618 1964 cum
1652 1927 1717 1965 eo
1749 1913 1920 1967 collo-

197 1990 350 2053 cuti,
386 1990 542 2061 iique
575 1993 692 2047 haec
725 1993 892 2050 nobis
925 2003 1255 2052 narrarunt.
1288 1997 1428 2053 Cum
1454 2001 1522 2054 ad
1555 2017 1688 2055 eum
1722 2005 1916 2057 venis-

201 2095 434 2146 semus,
469 2081 594 2136 leto
624 2084 784 2137 vultu
819 2101 924 2139 nos
972 2089 1200 2154 excepit
1253 2091 1308 2140 et
1337 2086 1633 2156 salutavit,
1672 2107 1732 2145 se
1766 2091 1916 2146 hila-

203 2183 332 2222 rem
367 2170 682 2241 unicuique
711 2173 1049 2228 ostendens.
1085 2173 1456 2246 Rogabamus
1478 2184 1672 2234 autem
1697 2197 1828 2236 eum
1855 2189 1918 2239 ut

204 2257 410 2310 statim
447 2273 546 2328 pro
578 2261 745 2314 nobis
799 2267 1098 2332 perageret
1141 2267 1485 2328 orationem,
1517 2273 1605 2321 est
1635 2271 1788 2325 enim
1825 2273 1915 2328 hic

205 2361 340 2398 mos
371 2348 644 2400 Patribus
676 2349 772 2417 qui
807 2356 942 2404 sunt
975 2351 1033 2404 in
1065 2351 1330 2423 Egypto.
1369 2353 1420 2409 Is
1453 2363 1648 2410 autem
1685 2375 1786 2412 nos
1820 2361 1914 2414 in—

203 2438 517 2504 terrogavit
549 2453 688 2490 num
724 2438 872 2492 inter
904 2455 1008 2493 nos
1039 2449 1194 2496 esset
1223 2443 1466 2498 clericus
1499 2445 1730 2516 aliquis.
1761 2449 1914 2504 Post-

203 2539 380 2592 quam
415 2531 608 2578 autem
664 2543 868 2581 omnes
917 2543 1031 2582 non
1077 2545 1204 2584 esse
1250 2533 1522 2602 diximus,
1575 2553 1676 2590 nos
1709 2553 1912 2593 omnes

202 2612 712 2682 circumspiciens,
745 2619 978 2684 agnovit
1007 2633 1138 2672 eum
1182 2619 1278 2690 qui
1313 2630 1437 2675 erat
1462 2625 1762 2680 occultus:
1798 2637 1914 2682 erat

199 2714 400 2754 autem
439 2718 589 2756 unus
619 2720 688 2757 ex
721 2710 888 2760 nobts
919 2708 1018 2772 qui
1051 2708 1262 2777 dignus
1297 2709 1484 2764 fuerat
1519 2711 1750 2769 habitus
1781 2717 1913 2770 dia-

204 2797 443 2852 c0natu,
477 2807 608 2846 cum
643 2801 800 2849 esset
835 2811 984 2850 unus
1019 2797 1191 2852 frater
1221 2800 1346 2868 ejus
1383 2817 1454 2854 ret
1491 2805 1785 2872 conscius,
1820 2807 1912 2861 cui

203 2878 382 2932 etiam
421 2889 688 2950 przeceptt
720 2891 780 2936 ut
813 2885 1028 2940 nemini
1067 2887 1300 2942 diceret.
1333 2887 1436 2952 Qui
1473 2907 1642 2945 eausa
1675 2893 1912 2948 humili-

203 2968 368 3035 tatis,
421 2971 576 3022 etin
631 2972 828 3026 talium
893 2974 1129 3030 Patrum
1189 2981 1643 3046 comparatione,
1702 2983 1794 3036 vix
1852 2999 1913 3038 se

205 3054 452 3122 dignum
513 3062 783 3114 censebat
837 3062 1149 3117 Christiani
1211 3065 1617 3136 appellatione,
1683 3074 1911 3126 tantum

205 3145 370 3199 abest
400 3151 458 3200 ut
499 3147 748 3215 alicujus
781 3151 1104 3220 dignitatis.
1143 3154 1312 3208 Manu
1364 3173 1495 3224 ergo
1545 3174 1676 3212 eum
1713 3167 1912 3215 osten-

205 3233 376 3302 dens,
409 3236 638 3292 dicebat
684 3241 959 3296 omnibus

203 3329 400 3378 autem
427 3327 656 3383 assidue
684 3339 938 3400 negaret,
967 3338 1020 3387 et
1039 3332 1215 3390 latere
1238 3345 1566 3405 conaretur,
1598 3355 1628 3393 e
1662 3341 1914 3396 fenestra

203 3414 336 3484 ejus
375 3433 604 3473 manum
630 3423 1045 3491 apprehensum
1071 3424 1368 3481 osculatus
1390 3433 1495 3492 est,
1525 3439 1574 3483 et
1593 3428 1916 3489 admonens

205 3518 343 3558 eum
377 3503 628 3562 hortatus
659 3515 766 3574 est,
800 3511 1000 3567 dicens
1037 3531 1050 3568 :
1089 3519 1164 3570 Ne
1197 3516 1418 3570 irritam
1455 3517 1632 3574 facias
1665 3523 1912 3586 gratiam

211 3594 337 3658 Dei,
373 3594 474 3660 fili,
509 3613 580 3652 ne
613 3601 911 3656 mentiaris
957 3603 1172 3660 donum
1221 3606 1318 3660 Dei
1353 3607 1639 3664 inficians.
1675 3610 1912 3668 Menda-

213 3681 367 3738 cium
399 3687 550 3740 enim
587 3689 837 3746 alienum
864 3701 949 3746 est
981 3712 1012 3747 a
1043 3693 1482 3764 Cbristianis,et
1517 3703 1635 3753 sive
1668 3703 1739 3754 sit
1767 3703 1822 3757 in
1860 3719 1916 3758 re

212 3789 450 3842 magna,
484 3778 604 3832 sive
635 3779 690 3833 in
727 3799 923 3851 parva,
948 3800 1060 3837 non
1095 3791 1180 3839 est
1213 3795 1403 3840 tamen
1439 3786 1748 3856 laudabile,
1784 3808 1914 3846 cum

209 3861 366 3918 dicat
403 3865 667 3923 Servatur
701 3886 714 3924 :
751 3871 1114 3928 Mendacium
1149 3881 1238 3929 est
1277 3891 1309 3928 a
1342 3876 1490 3931 malo
1519 3877 1738 3944 (Joann'
1773 3882 1914 3950 vm).

217 3953 268 4008 ls
295 3971 426 4010 vero
459 3961 758 4013 convictus
793 3961 988 4027 tacuit,
1023 3963 1312 4032 accipiens
1347 3971 1638 4034 paternam
1675 3969 1800 4037 ejus
1833 3986 1915 4023 re-

215 4043 684 4114 prehensionem.
719 4047 862 4102 Cum
900 4067 1093 4118 preces
1133 4057 1324 4108 autem
1376 4055 1918 4128 complevissemus,

213 4149 368 4188 unus
403 4137 579 4190 frater
607 4153 672 4190 ex
707 4139 896 4206 nobis,
931 4157 1098 4210 quem
1116 4142 1240 4210 jam
1275 4144 1518 4198 tertiana
1551 4145 1725 4200 febris
1759 4148 1920 4204 vehe-

215 4241 382 4279 mens
435 4227 691 4292 tent-bat,
751 4231 991 4297 rogabat
1033 4240 1090 4285 ut
1149 4239 1463 4288 curaretur.
1523 4233 1664 4290 Cum
1728 4248 1917 4294 autem

214 4312 460 4368 dixisset
496 4315 670 4368 frater
716 4316 767 4370 ei
807 4320 1068 4375 conferre
1112 4320 1482 4377 afflictionem
1538 4335 1768 4394 propter
1797 4331 1922 4385 exi—

219 4419 394 4474 guam
423 4422 548 4476 quze
571 4407 618 4460 ei
647 4406 797 4462 inest
823 4408 1018 4474 fidem,
1047 4413 1282 4468 tradens
1321 4419 1515 4470 tamen
1557 4415 1746 4472 oleum
1766 4421 1918 4488 jussi

215 4510 348 4550 eum
395 4495 619 4566 inungi.
671 4499 814 4554 Cum
861 4501 907 4554 is
942 4507 1136 4558 autem
1186 4519 1247 4559 se
1301 4506 1579 4574 unxisset,
1631 4511 1920 4582 quidquid

1003 3259 1015 3296 :
1070 3242 1170 3296 Hic
1216 3253 1296 3297 est
1348 3246 1647 3302 diaconus.
1681 3248 1825 3304 Cum
1862 3251 1910 3306 is
1941 3242 1984 3279 ι’

2037 559 2367 617 accessistis
2403 555 2434 610 ’ἕ
2473 559 2788 626 Postquam
2841 563 3037 610 autem
3087 556 3346 612 diximus
3391 562 3743 632 patriam,et

2037 651 2360 720 adiecimus
2393 663 2406 701 :
2445 649 2548 701 Pro
2583 649 2830 702 utilitate
2859 648 3187 702 animarum
3231 659 3550 707 nostrarum
3584 657 3654 710 ad
3689 664 3740 710 te

2035 743 2300 795 venimus
2331 742 2402 793 ab
2427 738 2767 806 Jerusalem,
2803 747 2862 794 ut
2893 741 3044 811 quod
3098 741 3398 798 auditione
3429 761 3737 815 accepera-

2036 847 2189 896 mus,
2221 831 2276 884 id
2319 846 2692 885 cerneremus
2735 830 2915 884 oculis
2945 850 2958 896 ;
2995 837 3134 886 sunt
3163 833 3314 886 enim
3349 851 3517 890 aures
3547 837 3739 892 minus

2034 923 2233 976 fideles
2265 919 2448 974 oculis
2483 935 2494 972 :
2529 925 2582 972 et
2613 920 2968 973 auditionem
2990 921 3224 992 quidem
3251 941 3400 994 saepe
3433 928 3742 997 consequi-

2032 1017 2128 1066 tur
2159 1010 2392 1078 oblivio,
2435 1008 2514 1062 rei
2563 1017 2758 1062 autem
2811 1009 2944 1062 visae
2997 1027 3106 1064 non
3157 1012 3382 1067 deletur
3436 1017 3736 1086 memoria,

2032 1101 2132 1154 sed
2165 1100 2342 1153 menti
2372 1097 2802 1168 quodammodo
2833 1097 3197 1166 imprimitur
3223 1101 3478 1158 historia.
3517 1105 3598 1159 Ad
3629 1122 3735 1162 nos

2029 1205 2162 1260 ergo
2187 1189 2330 1243 dixit
2361 1189 2565 1242 beatus
2587 1185 2839 1240 Joannes
2865 1202 2876 1240 :
2901 1183 2969 1237 Et
2991 1187 3132 1254 quid
3169 1187 3495 1244 mirandum
3531 1194 3732 1260 visuri,

2029 1297 2061 1336 ο
2093 1279 2192 1333 lilii
2225 1275 2580 1341 charissimi,
2613 1279 2844 1329 tantum
2877 1274 3102 1328 itineris
3133 1280 3192 1330 et
3231 1275 3447 1332 laboris
3481 1279 3737 1336 toleran-

2027 1375 2113 1424 tes
2147 1370 2254 1422 huc
2287 1366 2544 1431 venistis,
2580 1365 2844 1420 homines
2894 1363 3147 1432 abiectos
3175 1373 3228 1421 et
3259 1365 3513 1422 humiles
3547 1369 3735 1425 videre

2027 1457 2348 1529 cupientes,
2383 1458 2480 1526 qui
2519 1453 2662 1507 nihil
2697 1454 2912 1507 habent
2943 1459 3204 1522 spectalu
3237 1455 3474 1521 dignum
3509 1473 3612 1513 nec
3646 1459 3736 1513 ad-

2029 1547 2236 1602 miratu
2259 1544 2528 1614 ?Ubique
2557 1549 2749 1596 autem
2782 1543 3266 1598 suntadmirandi
3289 1552 3344 1599 et
3376 1547 3546 1602 laude
3568 1549 3728 1619 digni

2027 1637 2128 1692 Dei
2162 1638 2450 1706 prophetae
2480 1639 2536 1688 et
2583 1631 2854 1701 apostoli,
2895 1633 2991 1699 qui
3039 1632 3317 1704 leguntur
3358 1635 3414 1688 in
3443 1637 3730 1707 ccclesiis,

2025 1741 2170 1796 quos
2229 1729 2454 1795 oportet
2505 1721 2740 1778 imitari.
2799 1719 2976 1776 Valde
3025 1729 3216 1776 autem
3273 1723 3468 1792 miror,
3521 1725 3730 1796 inquit,

2027 1820 2278 1870 vestrmu
2315 1814 2598 1876 studium,
2623 1811 3117 1880 quemadmodum
3141 1817 3610 1882 totcomtemptis
3635 1831 3733 1886 pe-

2032 1903 2251 1973 riculis,
2286 1905 2352 1956 ad
2389 1917 2493 1956 nos
2541 1902 2777 1954 venistis
2824 1905 3052 1968 prepter
3099 1901 3426 1969 utilitatem,
3459 1919 3591 1957 cum
3631 1919 3734 1960 nos

2029 2009 2140 2066 prin
2171 1993 2437 2048 socordia
2489 2007 2558 2044 ne
2605 2006 2674 2043 ex
2719 1991 2842 2058 ipsa
2890 1989 3122 2057 quidem
3173 1991 3449 2060 spelunca
3489 1992 3733 2047 velimus

2029 2085 2316 2154 progredi.
2347 2082 2454 2134 Sed
2489 2096 2592 2149 age
2624 2094 2800 2145 nunc,
2828 2078 3040 2148 inquit,
3061 2079 3286 2134 etiarnsi
3320 2097 3409 2136 res
3441 2087 3634 2136 vestra
3655 2083 3734 2137 sit

2025 2172 2199 2228 laude
2229 2173 2425 2242 digna,
2473 2186 2544 2224 ne
2593 2174 2866 2238 tanquam
2921 2183 2980 2222 re
3025 2167 3214 2237 aliqua
3249 2172 3519 2240 praeiere
3549 2179 3728 2244 gesta,

2027 2263 2188 2316 vobis
2217 2239 2484 2316 sufﬁcere
2533 2259 2768 2328 putetis,
2821 2259 2920 2312 sed
2971 2239 3280 2312 imitemini
3311 2239 3731 2332 virtutequuas

2027 2359 2220 2422 patres
2271 2349 2444 2404 vestri
2493 2357 2942 2418 persequuntur.
2992 2349 3148 2413 Quod
3200 2349 3248 2402 si
3307 2351 3474 2405 etiam
3525 2368 3729 2410 omnes

2027 2441 2422 2514 possederitis,
2457 2440 2607 2510 quod
2645 2439 2877 2508 quidem
2911 2445 3000 2492 est
3025 2456 3239 2504 rarum,
3275 2456 3346 2494 ne
3375 2442 3459 2496 sic
3493 2444 3730 2512 quidem

2025 2532 2186 2584 vobis
2217 2530 2359 2598 ipsis
2391 2527 2773 2582 credideritis.
2820 2528 3064 2591 Quidam
3107 2528 3264 2583 enim
3307 2531 3405 2599 qui
3441 2532 3522 2585 sic
3553 2532 3734 2587 confi-

2026 2622 2254 2683 derunt,
2289 2626 2346 2674 et
2372 2619 2440 2673 ad
2471 2619 2664 2688 ipsum
2700 2617 2973 2671 virtutum
3011 2617 3303 2686 fastigium
3331 2629 3728 2690 pervenerunt,

2025 2711 2258 2766 tandem
2294 2727 2362 2764 ex
2405 2709 2523 2763 alto
2569 2708 2922 2762 ceciderunt.
2969 2707 3079 2762 Sed
3127 2709 3312 2763 videte
3359 2725 3494 2764 num
3533 2727 3729 2781 preces

2022 2805 2223 2854 vestrze
2256 2817 2312 2853 se
2347 2805 2496 2853 recte
2532 2799 2780 2852 habeant
2823 2815 2836 2858 :
2879 2813 3018 2851 num
3062 2797 3400 2852 conturbata
3433 2799 3508 2854 sit
3539 2800 3729 2856 cordis

2025 2890 2196 2944 vestri
2232 2889 2492 2951 paritas:
2529 2905 2666 2941 num
2706 2904 2868 2942 mens
2911 2895 3103 2943 vestra
3155 2888 3306 2944 inter
3332 2891 3620 2945 orandum
3655 2890 3731 2946 sit

2023 2985 2304 3046 occupata
2335 2978 2464 3032 aliis
2515 2977 2766 3048 negotiis
2813 2996 2827 3044 ς
2879 2995 3016 3032 num
3071 2976 3266 3044 aliqua
3313 2979 3425 3033 alia
3471 2987 3728 3036 mentem

2024 3068 2262 3123 subiens
2293 3067 2566 3137 cogitatio
2598 3075 2815 3118 avertat
2849 3067 2916 3119 ad
2953 3065 3166 3135 aliquid
3201 3065 3356 3120 aliud
3387 3085 3402 3135 ;
3447 3085 3585 3122 num
3619 3068 3728 3124 ali-

2022 3175 2136 3230 qua
2159 3159 2539 3229 cogitatorum
2575 3155 2854 3210 memoria
2876 3156 3070 3208 animo
3092 3155 3358 3210 exhibeat
3383 3157 3728 3214 molestiam.

2025 3249 2228 3305 Videte.
2261 3266 2398 3303 num
2436 3249 2649 3302 mundo
2681 3263 2808 3302 vere
2849 3246 3228 3301 renuntiastis
3261 3265 3276 3313 ς
3311 3264 3452 3303 num
3482 3249 3732 3321 ingressi

2027 3340 2168 3396 estis
2201 3351 2475 3410 tanquam
2515 3343 2769 3392 nostram
2811 3337 3180 3405 peculantes
3206 3337 3728 3406 Iibertatem;num

2027 3432 2094 3486 ad
2131 3446 2338 3484 vanam
2373 3427 2613 3500 gloriam
2671 3431 2894 3482 vestras
2944 3428 3186 3481 virtutes
3216 3427 3530 3498 venamini,
3566 3435 3626 3484 ut
3657 3430 3726 3484 ad

2027 3520 2475 3576 ostentationem
2535 3515 2848 3572 videamini
2905 3516 3244 3572 hominibus
3307 3525 3500 3573 nostra
3557 3535 3732 3590 Opera
3806 3517 3809 3520 ’

2027 3609 2341 3664 imitantes.
2373 3606 2578 3662 Videte
2610 3623 2682 3662 ne
2730 3606 2890 3662 vobis
2941 3608 3184 3662 facessat
3217 3607 3514 3678 negotium
3551 3607 3731 3663 animi

2031 3702 2408 3772 perturbatio,
2441 3713 2512 3750 ne
2545 3697 2730 3750 honor
2754 3702 2812 3750 et
2852 3695 3037 3764 gloria
3069 3703 3126 3751 et
3168 3697 3292 3750 laus
3341 3697 3622 3764 humana,
3663 3714 3734 3754 ne

2031 3806 2220 3844 rerum
2245 3802 2541 3841 sacrarum
2576 3801 2726 3839 curae
2759 3784 3079 3848 simulatio.
3105 3797 3201 3839 aut
3234 3802 3394 3840 amor
3427 3787 3734 3858 proprius;

2031 3895 2102 3932 ne
2135 3877 2347 3948 putetis
2381 3891 2478 3928 vos
2507 3889 2632 3928 esse
2655 3874 2840 3942 justos
2879 3892 2894 3940 ;
2929 3889 3116 3942 neque
3166 3875 3236 3928 de
3263 3875 3494 3943 justitia
3522 3877 3734 3944 glorie-

2032 3967 2198 4028 mini,
2235 3981 2305 4018 ne
2337 3971 2571 4034 propter
2617 3963 2864 4017 virtutes
2915 3961 3234 4016 efferamini
3273 3981 3286 4028 ;
3319 3979 3392 4017 ne
3431 3964 3736 4020 orantibus

2033 4055 2396 4126 cognationis
2446 4053 2727 4108 memoria
2773 4052 2968 4106 animo
3021 4052 3316 4116 insideat;
3353 4068 3424 4107 ne
3457 4051 3737 4110 memoria

2031 4143 2549 4204 commiserationis
2571 4149 2672 4198 aut
2693 4143 2941 4208 alicujus
2962 4141 3204 4197 alterius
3225 4143 3326 4212 rei,
3353 4143 3738 4214 nequeipsius

2033 4239 2288 4292 universi
2363 4233 2566 4289 mundi
2642 4234 2806 4288 vobis
2883 4237 3205 4287 succurrat.
3286 4234 3386 4287 Sin
3467 4233 3736 4302 minus;

2034 4324 2389 4380 resefficitnr
2407 4322 2900 4388 vanitas,quando
2923 4320 3053 4391 quis
3079 4319 3392 4376 Dominum
3414 4321 3738 4392 alloquens,

2033 4417 2306 4470 deorsum
2341 4411 2664 4482 impellitur
2711 4412 2782 4466 ab
2832 4411 2904 4466 iis
2935 4426 3062 4481 qum
3110 4426 3178 4464 ex
3227 4411 3470 4466 adverso
3499 4411 3741 4466 trahunt

2036 4504 2504 4572 cogitationibus.
2539 4501 2666 4556 Haec
2697 4508 2890 4556 autem
2944 4500 3156 4555 mentis
3186 4501 3478 4572 prolapsio
3511 4499 3742 4556 unicui-

216 4585 374 4640 intus
407 4585 658 4641 habebat
693 4606 792 4656 per
820 4605 884 4645 os
916 4593 1129 4662 emisit,
1162 4599 1216 4649 et
1255 4611 1284 4648 a
1319 4595 1476 4651 febre
1505 4599 1748 4654 omnino
1777 4599 1924 4654 ltbe-
1955 4587 1999 4652 D
2035 4593 2487 4668 queacciditqui
2519 4592 2673 4647 hunc
2699 4593 2979 4646 mundum
3016 4609 3130 4646 non
3153 4591 3391 4646 omnino
3413 4592 3740 4660 abnegavit,

219 4679 402 4736 ratus,
438 4677 688 4746 propriis
721 4680 966 4747 pedibus
1019 4683 1251 4738 recessit
1283 4685 1352 4738 ad
1385 4685 1726 4756 hospitium.
1765 4690 1926 4746 Lice-

217 4763 314 4820 bat
347 4774 534 4820 autem
567 4767 760 4824 videre
792 4769 1088 4826 hominem
1129 4777 1592 4842 nonagenarium
1636 4785 1754 4834 toto
1788 4797 1923 4834 cor-

215 4869 356 4926 pore
405 4853 486 4909 ita
537 4857 840 4928 afﬂictum,
893 4871 952 4916 ut
1005 4879 1118 4932 prta
1170 4865 1574 4923 exercitatione
1627 4886 1696 4924 ne
1744 4871 1924 4929 barba

216 4945 456 5016 quidem
491 4953 624 5002 natu
656 4956 809 5005 esset
839 4951 896 5004 in
931 4951 1086 5008 facie.
1127 4954 1276 5009 Nihil
1299 4956 1450 5012 enim
1478 4957 1632 5013 aliud
1658 4963 1924 5018 comede-

215 5034 316 5089 bat
348 5051 518 5106 quam
553 5040 822 5094 arborum
855 5042 1095 5110 fructus,
1123 5043 1292 5116 idque
1325 5057 1448 5115 post
1483 5049 1623 5104 solis
1655 5067 1924 5109 occasum

216 5123 275 5180 in
309 5139 546 5180 summa
567 5135 880 5196 senectute,
912 5147 1044 5186 cum
1081 5149 1141 5186 se
1168 5134 1328 5194 prius
1355 5135 1605 5191 multum
1639 5141 1924 5195 exercuis-

219 5218 330 5280 set,
363 5219 420 5267 et
455 5231 638 5286 neque
667 5235 868 5286 partem
905 5223 1266 5290 sumpsisset,
1296 5242 1484 5294 neque
1506 5227 1726 5296 aliquid
1761 5247 1828 5284 ex
1860 5231 1928 5284 iis

217 5317 352 5372 quae
382 5301 498 5372 igni
531 5307 758 5361 admota
793 5311 1036 5366 veniunt
1085 5315 1140 5367 in
1173 5331 1368 5370 usum.
1403 5317 1543 5396 Cpm
1577 5317 1700 5384 ipse
1733 5325 1925 5374 autem

218 5407 330 5447 nos
357 5393 634 5458 jnssisset
683 5398 900 5466 sedere,
957 5407 1067 5456 Deo
1117 5403 1341 5474 egimus
1373 5393 1589 5470 gratias
1619 5409 1771 5477 quod
1804 5410 1930 5477 ejus

221 5481 550 5538 frueremur
580 5490 1010 5550 congressione.
1051 5491 1104 5546 Is
1135 5497 1332 5548 autem
1363 5509 1494 5548 cum
1533 5500 1806 5560 tanquam
1841 5499 1928 5552 di-

221 5569 404 5626 lectos
437 5589 572 5628 suos
621 5575 772 5632 filios
821 5577 995 5650 longo
1033 5583 1294 5652 tempore
1338 5583 1680 5656 accepisset.
1725 5585 1930 5644 ridenti

219 5659 384 5716 vultu
419 5659 538 5718 haec
571 5665 736 5721 nobis
771 5673 856 5723 est
887 5667 1154 5726 loeutus:
1189 5669 1512 5742 Undenam,
1547 5689 1580 5730 ο
1614 5673 1736 5744 filii,
1771 5685 1823 5732 et
1863 5694 1931 5734 ex

2037 4685 2139 4742 sed
2191 4689 2497 4738 veneratur
2551 4687 2611 4736 ut
2654 4681 2704 4735 ei
2759 4683 2999 4751 placeat.
3045 4679 3130 4734 Ob
3183 4682 3367 4734 multa
3417 4681 3573 4734 enim
3613 4695 3740 4748 quae

2037 4773 2384 4846 aggreditur,
2417 4773 2546 4842 ejus
2581 4775 2830 4825 mentem
2881 4769 3142 4822 dividunt
3189 4783 3335 4822 curae
3368 4782 3655 4835 corporeae
3687 4769 3742 4821 et

2034 4869 2374 4930 terrestres;
2411 4871 2462 4916 et
2496 4861 2631 4915 dum
2659 4860 2932 4928 deinceps
2963 4857 3220 4928 disputat
3249 4872 3382 4910 cum
3415 4855 3594 4908 animi
3619 4869 3744 4924 per-

2037 4955 2486 5019 turbationibus,
2535 4967 2648 5005 non
2702 4953 2890 5018 potest
2937 4947 3116 5002 Deum
3163 4946 3374 5002 videre.
3409 4945 3520 5000 Sed
3556 4960 3742 5015 neque

2036 5045 2222 5114 ipsam
2252 5041 2638 5110 cognitionem
2673 5039 2842 5092 debet
2871 5041 3136 5090 accurate
3167 5040 3222 5088 et
3251 5043 3448 5090 exacte
3478 5041 3740 5089 contem-

2039 5133 2207 5206 piari,
2241 5149 2308 5184 ne
2340 5131 2388 5184 si
2423 5129 2568 5183 forte
2607 5127 2774 5182 fuerit
2817 5126 3089 5196 indignus
3131 5123 3228 5178 tali
3265 5124 3650 5193 possessione,
3685 5124 3744 5175 et

2039 5225 2165 5291 ejus
2197 5221 2450 5292 aliquam
2487 5225 2702 5288 partem
2737 5217 2908 5272 fuerit
2953 5224 3322 5280 consecutus,
3356 5212 3650 5266 existimet
3683 5227 3744 5268 se

2039 5319 2223 5369 totum
2258 5307 2788 5379 comprehendisse,
2821 5311 2874 5360 et
2913 5307 3150 5360 omnino
3191 5303 3421 5358 labatur
3449 5301 3508 5355 in
3541 5301 3744 5357 interio

2039 5409 2186 5458 tum.
2219 5403 2327 5456 Sed
2379 5405 2603 5470 oportet
2631 5415 2860 5464 semper
2911 5395 3208 5450 moderate
3252 5397 3308 5446 et
3341 5392 3430 5462 pie
3459 5391 3529 5445 ad
3563 5389 3743 5448 Deum

2041 5494 2336 5552 accedere.
2369 5501 2652 5562 quantum
2706 5493 2894 5559 potest
2937 5485 3338 5556 unusquisque
3389 5487 3582 5537 mente
3614 5499 3748 5555 pro-

2027 5584 2220 5660 gredi,
2252 5591 2302 5636 et
2335 5588 2620 5654 quantum
2659 5581 2901 5650 possunt
2931 5575 3200 5629 homines
3231 5572 3532 5645 consequi.
3564 5577 3744 5644 Opor-

2041 5679 2124 5731 tet
2147 5687 2284 5744 ergo
2319 5675 2572 5726 mentem
2615 5681 2812 5723 eorum
2866 5665 2964 5736 qui
3010 5663 3186 5718 Deum
3241 5667 3530 5734 quaerunt,
3562 5663 3744 5718 otium
