4076 6206
308 304 463 365 1119

1888 291 1984 350 PA
2001 290 2255 350 LLADII

3667 299 3836 357 1120

317 448 486 507 agere
516 430 585 487 ab
616 428 749 484 aliis
779 426 1075 483 omnibus.
1114 427 1321 480 Vacate
1368 423 1522 478 enim
1572 427 1629 479 et
1658 422 2014 494 cognoscite,
2050 424 2096 488 Α
2132 426 2189 476 et
2246 422 2479 476 tandem
2550 420 2988 477 exercitatoreui
3063 420 3283 493 redegit
3336 422 3397 478 in
3472 424 3833 484 servitutem.

316 524 525 594 inquit,
556 523 704 592 quod
739 534 844 588 ego
878 534 1004 570 sum
1042 515 1189 571 Deus
1219 513 1386 583 (Psal.
1420 516 1565 581 xw).
1604 514 1710 576 Qui
1740 530 1877 584 ergo
1914 513 2014 567 Dei

308 613 700 681 cognitionem
726 625 792 663 ex
819 611 978 676 parte
1005 612 1093 659 est
1116 610 1477 663 consecutus.
1503 602 1832 656 universam
1858 604 2012 656 enim

310 719 483 758 nemo
520 704 709 771 potest
756 697 1038 765 accipere,
1087 694 1463 757 consequitur
1509 708 1739 763 quoque
1772 690 2014 745 aliorum

310 792 565 848 omnium
615 788 1030 858 cognitionem,
1081 789 1136 837 et
1185 783 1337 837 videt
1386 788 1654 853 mysteria
1706 781 1801 835 Dei
1838 779 1934 833 Illa
1962 782 2011 834 ei

310 878 687 943 ostendentis,
722 882 778 930 et
810 875 1084 946 praevidet
1119 879 1328 936 futura,
1370 878 1425 925 et
1467 873 1893 939 contemplatur
1925 885 2012 923 re-

309 971 622 1025 velationes
654 966 855 1035 quales
886 963 1098 1027 sancti,
1128 968 1182 1015 et
1214 961 1390 1015 efficit
1421 964 1682 1025 virtutes,
1714 969 1765 1014 et
1796 959 2018 1014 obtinet

311 1076 345 1114 a
380 1060 489 1113 Deo
517 1072 752 1112 omnem
786 1053 1147 1125 petitionem.

382 1148 508 1202 Alia
540 1161 773 1218 quoque
806 1144 990 1197 multa
1016 1141 1159 1195 dixit
1189 1142 1259 1195 de
1290 1138 1694 1195 exercitatione
1730 1155 1743 1193 :
1776 1142 1832 1194 et
1862 1139 2017 1209 quod

310 1242 536 1307 Oportet
592 1239 929 1304 exspectare
988 1236 1233 1287 mortem
1288 1235 1567 1294 tanquam
1622 1230 1800 1283 vitam
1856 1229 2013 1283 bona

309 1322 728 1391 translationis,
782 1330 835 1375 et
886 1336 1000 1374 non
1050 1319 1501 1373 imbecillitatem
1557 1317 1769 1371 intueri
1810 1332 2016 1388 corpo-

310 1430 508 1480 ream;
541 1418 597 1467 et
628 1428 731 1466 nec
754 1410 839 1466 vel
864 1408 1223 1479 quibuslibet
1246 1407 1428 1461 obviis
1447 1406 1689 1476 implere
1712 1412 1973 1461 ventrem
2001 1421 2015 1460 :

308 1504 450 1559 Nam
485 1502 609 1575 qui,
641 1501 855 1571 inquit,
892 1500 1066 1553 fuerit
1096 1500 1364 1562 satiatus,
1398 1497 1599 1550 eadem
1623 1502 1795 1564 caput
1826 1496 2016 1551 consi-

309 1594 391 1649 lia
421 1609 548 1663 qua
584 1592 619 1645 ii
658 1592 756 1661 qui
789 1592 991 1643 vivunt
1023 1588 1079 1642 in
1114 1588 1339 1641 deliciis
1372 1605 1386 1651 ;
1421 1588 1516 1641 sed
1553 1594 1771 1642 tentare
1792 1591 2018 1654 Oportet

311 1700 415 1755 per
444 1679 911 1735 exercitationem
944 1684 1115 1731 etiam
1143 1677 1563 1747 appetitionum
1600 1692 1802 1745 parare
1832 1676 2018 1746 impa-

2127 511 2270 567 Cum
2302 524 2491 566 autem
2526 512 2619 565 ille
2674 510 2921 566 internis
2972 520 3298 567 versaretur
3355 516 3835 586 cogitationibus,

2128 601 2335 657 deinde
2365 609 2427 655 ut
2461 602 2556 673 qui
2578 604 2699 667 jam
2728 618 2846 654 rem
2882 600 3118 656 haberet
3142 604 3195 655 in
3224 605 3518 663 manibus.
3553 612 3835 674 reputans

2127 693 2615 763 opportunitatem
2658 697 2713 746 et
2759 691 3073 759 voluptatis
3113 695 3407 763 eXplendae
3436 700 3834 762 securitatem,

2128 782 2464 854 cogitationi
2499 785 2830 849 assentitur,
2865 787 2921 835 et
2970 786 3145 836 tentat
3186 799 3319 837 cum
3354 802 3418 837 ea
3450 784 3661 840 habere
3689 802 3835 841 cou-

2127 872 2519 939 suetudinem,
2554 878 2617 925 ut
2646 873 2743 943 qui
2772 873 2889 940 jam
2937 872 3218 928 evasisset
3250 874 3535 946 insipiens
3564 885 3616 929 et
3648 892 3839 946 equus

2127 962 2183 1017 in
2209 962 2460 1017 feminas
2503 962 2819 1021 insaniens.
2866 961 2971 1017 llla
3007 979 3143 1018 vero
3190 980 3321 1017 cum
3358 971 3591 1035 repente
3626 980 3840 1037 magna

2126 1068 2261 1107 voce
2290 1053 2695 1119 exclamasset,
2727 1051 3271 1108 evasitevanescens
3301 1071 3368 1109 ex
3400 1055 3526 1123 ejus
3559 1056 3836 1110 manibus

2127 1159 2241 1197 non
2276 1158 2444 1197 secus
2496 1157 2561 1197 ac
2614 1142 2820 1195 umbra
2871 1141 3089 1213 aliqua.
3143 1142 3317 1198 Risus
3366 1151 3559 1199 autem
3612 1145 3672 1199 in
3707 1161 3837 1201 aere

2126 1232 2361 1287 auditur
2383 1231 2699 1285 multorum
2724 1233 3051 1286 daemonum
3076 1232 3174 1303 qui
3206 1232 3396 1301 ipsum
3430 1232 3836 1305 increpabant,

2126 1328 2181 1375 et
2213 1322 2273 1376 in
2314 1322 2573 1375 fraudem
2610 1322 2980 1385 induxerant,
3031 1326 3088 1375 et
3134 1338 3343 1392 magna
3373 1338 3509 1377 voce
3540 1326 3607 1377 ad
3644 1325 3837 1392 ipsum

2127 1411 2505 1466 clamabant:
2538 1412 2641 1477 Qui
2676 1428 2738 1467 se
2764 1411 2997 1477 exaltat,
3037 1412 3446 1467 humiliabitur
3480 1414 3675 1483 (Lucae
3702 1415 3838 1487 xu).

2131 1501 2215 1555 Tu
2249 1509 2439 1557 autem
2466 1518 2641 1571 usque
2673 1504 2742 1556 ad
2776 1501 2951 1557 caelos
3001 1503 3235 1575 quidem
3285 1519 3346 1558 es
3375 1504 3687 1566 exaltatus.
3728 1505 3838 1558 hn-

2128 1593 2388 1647 miliatus
2437 1609 2568 1647 vero
2615 1609 2677 1647 es
2728 1609 2915 1664 usque
2965 1594 3035 1647 ad
3086 1594 3345 1665 abyssos.
3397 1591 3613 1648 Exinde
3645 1592 3836 1665 surgit

2126 1701 2293 1739 mane
2326 1691 2675 1739 nocturnum
2736 1685 2959 1739 luctum
3006 1685 3301 1739 attrahens
3342 1704 3357 1753 ;
3392 1690 3613 1739 etcum
3648 1690 3836 1739 totum

317 1771 672 1827 tibilitatem.
707 1768 821 1824 Nec
852 1772 1073 1837 quaerat
1093 1766 1307 1836 aliquis
1336 1783 1403 1820 ea
1434 1782 1559 1836 quas
1599 1771 1738 1819 sunt
1787 1774 2008 1835 parata,
2050 1785 2095 1849 Β
2127 1774 2279 1829 diem
2343 1774 2728 1843 ιιιδυεθείεερι
2775 1774 2831 1827 in
2883 1773 3320 1836 lamentatione,
3372 1790 3478 1828 sua
3528 1774 3839 1845 desperat;

309 1868 366 1917 et
396 1861 576 1915 animi
611 1858 1022 1913 relaXationem
1052 1874 1066 1924 ;
1101 1859 1198 1911 sed
1223 1873 1371 1909 nunc
1405 1858 1475 1909 sit
1508 1855 1833 1909 imbecillus
1867 1852 2012 1908 afﬂi-

306 1961 552 2021 ctusque
581 1954 638 2003 et
668 1964 1008 2019 oppressus,
1036 1952 1098 1999 ut
1120 1947 1280 2016 regni
1312 1944 1407 1999 Dei
1460 1943 1787 1998 latitudinis
1840 1943 2019 2014 possi-

304 2041 437 2095 deat
494 2039 906 2094 haereditatem.
967 2039 1199 2105 Uporlet
1254 2035 1404 2090 enim
1467 2051 1572 2088 nos
1634 2050 1735 2104 per
1800 2034 2015 2087 multas

303 2130 651 2184 afflictiones
702 2129 919 2182 intrare
968 2126 1028 2180 in
1085 2142 1326 2195 regnum
1380 2124 1478 2179 Dei
1529 2122 1669 2193 (Act.
1721 2124 1856 2187 xiv).
1918 2122 2017 2176 Est

304 2220 486 2287 enim,
523 2218 731 2289 inquit,
765 2222 1013 2287 angusta
1057 2220 1241 2285 porta,
1289 2219 1344 2268 et
1393 2224 1550 2267 arcta
1580 2214 1669 2265 via
1701 2229 1829 2283 quin
1859 2211 2017 2265 ducit

303 2309 372 2364 ad
406 2310 603 2373 vitam,
636 2314 692 2361 et
720 2308 885 2377 pauci
919 2315 1054 2360 sunt
1087 2304 1185 2375 qui
1216 2320 1351 2357 eum
1386 2301 1699 2357 inveniant.
1737 2306 1800 2354 Et
1834 2316 1846 2354 :
1883 2305 2016 2354 Lata

304 2405 391 2454 est
426 2401 510 2451 via
543 2414 673 2468 qua:
704 2398 861 2451 ducit
891 2396 959 2450 ad
999 2396 1410 2466 perditionem,
1458 2402 1512 2446 et
1545 2392 1711 2446 multi
1746 2397 1885 2445 sunt
1915 2390 2011 2461 qui

300 2487 713 2559 ingrediuntur
746 2502 847 2557 per
876 2501 1003 2539 eam
1036 2484 1244 2555 (Matth.
1280 2498 1401 2550 vu).
1425 2482 1489 2536 Et
1515 2486 1761 2551 oportet,
1798 2479 2010 2549 inquit,

304 2594 411 2632 nos
447 2576 541 2630 hic
563 2581 956 2642 contemnere,
981 2590 1113 2627 cum
1140 2572 1311 2643 paulo
1345 2577 1477 2641 post
1508 2587 1710 2626 eamus
1741 2570 1811 2623 ad
1837 2570 2011 2621 vitam

305 2672 599 2721 eternam.
659 2664 772 2720 Nec
822 2668 1046 2733 Oportet
1101 2662 1355 2731 aliquem
1407 2659 1594 2714 efferri
1641 2660 1712 2713 ob
1771 2674 1837 2711 ea
1886 2673 2011 2728 quas

304 2762 453 2811 recte
483 2772 517 2809 a
546 2770 605 2809 se
635 2759 799 2825 gesta
838 2757 1000 2817 sunt,
1055 2752 1151 2805 sed
1198 2766 1430 2821 semper
1459 2765 1583 2803 esse
1616 2746 1916 2814 humilem,
1958 2751 2014 2801 et

301 2842 591 2915 longiores
643 2842 909 2914 persequi
961 2838 1328 2906 solitudines,
1380 2840 1608 2909 quando
1666 2838 1914 2891 senserit
1950 2852 2012 2891 se

302 2932 510 2986 efferri.
564 2930 849 2985 Habitatio
901 2930 1057 2984 enim
1113 2927 1439 2999 pr0pinqua
1479 2925 1640 2989 vicis,
1688 2941 1787 2979 eos
1835 2924 2012 2978 etiam

304 3020 403 3092 qui
435 3027 599 3075 erant
636 3020 866 3091 perfecti
902 3036 1052 3089 stepe
1100 3018 1359 3073 offendit.
1403 3018 1561 3080 Quod
1606 3017 1781 3069 etiam
1820 3014 2013 3081 psallit

304 3109 483 3165 David
518 3112 607 3164 cui
642 3112 754 3164 tale
771 3111 908 3180 quid
935 3110 1225 3163 acciderat
1251 3123 1265 3160 :
1293 3106 1434 3161 Ecce
1466 3104 1728 3175 elongavi
1762 3102 2007 3173 fugiens,
2042 3128 2084 3195 Ο

302 3205 358 3254 et
398 3200 651 3254 habitavi
686 3202 741 3254 in
774 3200 1109 3254 solitudine.
1145 3196 1556 3264 Exspectabam
1591 3210 1722 3248 eum
1758 3196 1856 3262 qui
1892 3194 2009 3246 sal-

302 3305 431 3343 vum
466 3308 557 3343 me
590 3290 725 3343 facit
754 3306 789 3342 a
840 3288 1311 3358 pusillanimitate
1356 3290 1412 3338 et
1463 3290 1803 3351 tempestate
1837 3282 2009 3348 (Psul.

305 3381 435 3450 Liv).
490 3378 605 3433 Hoc
656 3385 851 3433 autem
908 3375 1120 3429 accidit
1163 3374 1361 3427 multis
1401 3388 1633 3442 quoque
1676 3387 1744 3424 ex
1796 3371 2011 3424 nostris

303 3470 603 3533 fratribus,
681 3472 739 3522 et
819 3470 1062 3536 propter
1119 3460 1514 3532 arrogantiam
1582 3460 1923 3515 exciderunt
1980 3476 2015 3514 a

304 3574 502 3630 scopo.

920 3644 1149 3701 CAPUT
1198 3642 1387 3699 XLIV.

451 3736 714 3794 Narratio
742 3735 950 3790 abbatis
980 3736 1205 3791 Joannis
1235 3739 1302 3787 de
1328 3750 1389 3790 eo
1419 3734 1514 3804 qui
1544 3733 1731 3803 lapsus
1759 3740 1859 3788 est.

371 3828 506 3885 Erat
534 3830 710 3896 enim,
746 3827 955 3897 inquit,
1007 3825 1247 3897 quidam
1297 3823 1618 3879 monachus
1658 3824 1752 3893 qui
1789 3824 1845 3877 in
1881 3838 2006 3891 pro-

300 3920 523 3992 pinqua
571 3919 889 3975 solitudine
948 3919 1191 3989 degebat
1232 3916 1287 3970 in
1334 3915 1631 3986 spelunca.
1682 3920 1737 3967 et
1776 3930 2008 3968 omnem

301 4012 633 4066 ostenderat
674 4007 1162 4072 exercitationem,
1196 4014 1251 4061 et
1297 4006 1544 4076 propriis
1598 4005 1870 4058 manibus
1906 4022 2009 4075 pa-

302 4118 433 4155 nem
469 4102 574 4155 sibi
610 4100 903 4171 quaerebat
952 4098 1140 4167 (ltuﬂ.,
1191 4098 1286 4149 lib.
1323 4112 1382 4160 ιι,
1430 4112 1547 4165 cap.
1584 4096 1656 4160 1).
1697 4102 2006 4164 Postquam

302 4196 495 4244 autem
533 4190 856 4259 permansit
889 4187 943 4238 in
986 4186 1371 4249 orationibus,
1423 4191 1477 4236 et
1512 4184 1751 4249 profecit
1779 4184 2012 4237 Vlrlull-

300 4277 432 4343 bus,
467 4277 521 4327 in
556 4276 749 4343 eeipso
783 4274 1051 4340 deinceps
1098 4274 1299 4325 habuit
1347 4271 1633 4333 fiduciam,
1671 4272 1848 4323 fretus
1884 4270 2008 4339 pul-

300 4366 437 4418 chro
471 4378 591 4416 sum
622 4363 750 4414 vitm
784 4360 1075 4414 instituto.
1117 4359 1220 4421 Qui
1256 4369 1446 4412 autent
1483 4364 1684 4423 tentet,
1720 4375 1848 4411 eum
1876 4376 2008 4429 quo-

2130 1864 2341 1930 salutz,
2385 1865 2535 1933 quod
2574 1881 2686 1918 non
2734 1865 2956 1931 debuit,
3002 1864 3059 1919 in
3113 1865 3399 1919 mundum
3432 1881 3702 1919 reversus
3729 1870 3839 1920 est.

2128 1952 2245 2008 Hoc
2272 1960 2360 2009 est
2381 1955 2536 2008 enim
2563 1953 2802 2023 maligni
2836 1955 3124 2013 studium.
3150 1965 3207 2008 ut
3241 1955 3476 2024 quando
3498 1955 3836 2025 quempiam

2130 2042 2395 2111 irriserit,
2427 2060 2559 2097 eum
2596 2043 2816 2109 redigat
2847 2044 2917 2097 ad
2972 2043 3383 2113 insipientiam,
3418 2050 3479 2097 ut
3511 2061 3625 2098 non
3661 2046 3839 2115 possit

2129 2132 2402 2203 deinceps
2434 2149 2690 2204 surgere.
2724 2130 2907 2201 Unde,
2941 2149 2973 2187 o
3001 2134 3127 2195 filii,
3160 2149 3271 2187 non
3304 2139 3390 2188 est
3422 2135 3590 2189 nobis
3621 2134 3839 2188 condu-

2128 2223 2319 2278 cibilis
2371 2224 2695 2294 pr0pinqua
2740 2222 2881 2277 vicis
2924 2222 3230 2290 habitatio,
3282 2241 3471 2293 neque
3522 2224 3835 2279 mulierum

2127 2312 2453 2380 collocutio,
2490 2321 2549 2366 ut
2580 2329 2647 2367 ex
2695 2313 2910 2383 quibus
2958 2315 3179 2367 oriatur
3231 2314 3527 2382 memoria,
3560 2331 3691 2384 qua
3724 2330 3838 2368 non

2127 2410 2317 2472 potest
2370 2404 2571 2469 deleri,
2623 2419 2801 2472 quam
2858 2419 2925 2457 ex
2996 2402 3121 2457 visu
3199 2404 3555 2459 attrahimus
3605 2409 3664 2458 et
3718 2404 3840 2458 col-

2123 2490 2439 2547 locutione.
2483 2493 2587 2546 Sed
2624 2508 2813 2562 neque
2842 2492 3122 2547 debemus
3153 2492 3417 2547 animum
3451 2494 3835 2562 despondere,

2124 2590 2179 2639 et
2210 2600 2315 2637 nos
2349 2583 2505 2653 ipsos
2537 2582 2847 2637 detrudere
2886 2582 2958 2636 ad
3002 2581 3487 2654 desperationem.
3518 2582 3646 2638 Jam
3674 2584 3833 2637 enim

2124 2677 2164 2731 ii
2195 2692 2427 2746 quoque
2459 2675 2559 2746 qui
2596 2690 2707 2729 non
2743 2690 2901 2747 spem
2935 2674 3296 2743 abjecerunt,
3329 2691 3445 2729 non
3465 2673 3835 2745 fuerantpri-

2122 2768 2238 2820 vati
2282 2765 2379 2819 Dei
2415 2766 2812 2820 misericordis
2843 2763 3173 2819 clementia.

2754 2851 2994 2909 CAPUT
3036 2852 3202 2909 XLV.

2125 2946 2198 3001 De
2223 2946 2404 3013 fratre
2433 2947 2531 3017 qui
2558 2946 2752 3000 ductus
2780 2947 2889 3009 fuit
2928 2944 3277 3014 pamiteutia,
3325 2943 3565 3015 ejusdem
3602 2943 3841 3000 abbati:

2713 3017 2941 3073 Joannis
2972 3019 3244 3073 narratio.

2198 3107 2329 3161 Erat
2359 3106 2538 3171 enim,
2570 3104 2781 3177 inquit,
2815 3106 2965 3159 alius
2992 3104 3329 3159 adolescens
3358 3102 3418 3158 in
3450 3103 3705 3167 civitate,
3730 3105 3832 3174 qui

2125 3197 2306 3251 multa
2347 3196 2499 3250 mala
2532 3200 2760 3262 fecerat,
2794 3204 2843 3249 et
2868 3196 3113 3265 graviter
3148 3202 3474 3263 peccaverat
3504 3195 3695 3265 (Ra/7..
3728 3194 3828 3249 lib.

2120 3302 2179 3351 tt,
2211 3303 2328 3356 cap.
2377 3288 2448 3354 l).
2509 3286 2613 3348 Qui
2668 3284 2768 3339 Dei
2830 3292 2993 3351 nutu,
3060 3290 3284 3355 propter
3345 3286 3533 3337 multa
3594 3290 3831 3353 peccata

2120 3380 2528 3443 compunctus,
2562 3376 2798 3429 veniens
2829 3376 2896 3429 ad
2929 3374 3218 3442 sepulcra,
3260 3373 3506 3442 priorem
3540 3388 3711 3427 suam
3745 3374 3829 3427 vi-

2120 3472 2235 3518 tam
2271 3463 2505 3519 deflevit
2538 3480 2551 3531 ;
2588 3481 2801 3531 pronus
2850 3464 3067 3518 cadens
3117 3463 3174 3517 in
3229 3462 3460 3522 faciem.
3490 3469 3549 3516 et
3580 3479 3697 3517 non
3729 3478 3827 3518 an-

2118 3554 2261 3607 dens
2308 3570 2505 3607 vocem
2566 3555 2849 3615 emittere,
2892 3568 2995 3607 nec
3046 3557 3224 3607 Deum
3270 3551 3593 3615 nominare,
3642 3566 3825 3620 neque

2119 3644 2465 3714 supplicate,
2499 3643 2631 3714 ipsa
2657 3659 2888 3714 quoque
2926 3643 3043 3697 vita
3072 3643 3328 3711 seipsum
3363 3642 3668 3711 indignum
3699 3641 3826 3697 exi-

2118 3736 2391 3788 stimans.
2430 3733 2649 3788 Etcum
2674 3739 2807 3788 ante
2833 3740 3074 3787 mortem
3100 3749 3160 3787 se
3182 3730 3517 3785 inclusisset
3540 3733 3597 3784 in
3629 3729 3823 3801 sepul-

2119 3823 2232 3878 cris
2265 3831 2653 3891 mortuorum,
2683 3829 2739 3877 et
2769 3840 2936 3878 suam
2975 3822 3151 3877 vitam
3186 3821 3426 3888 diceret,
3457 3823 3726 3891 gemebat
3754 3836 3828 3877 ex

2121 3915 2401 3984 profundo
2432 3916 2645 3969 cordis.
2679 3913 2960 3985 Cumjam
2987 3924 3182 3969 autem
3216 3916 3284 3968 ad
3310 3931 3374 3968 eo
3398 3920 3655 3983 tempore
3676 3930 3827 3982 prae-

2118 4005 2365 4057 teriisset
2417 4005 2803 4071 hebdomade,
2854 4010 3019 4058 noctu
3059 4002 3109 4058 ei
3169 4006 3457 4058 assistunt
3502 4003 3825 4067 demones,

2120 4096 2217 4167 qui
2251 4096 2377 4164 ejus
2401 4095 2525 4147 vitae
2561 4094 2719 4164 prius
2750 4095 3031 4149 damnum
3067 4096 3405 4159 attulerant,
3428 4092 3752 4147 clamantes
3773 4098 3833 4147 et

2118 4188 2375 4240 dicentes
2410 4202 2421 4239 :
2460 4184 2565 4240 Ulii
2600 4193 2687 4239 est
2719 4185 2811 4239 ille
2844 4188 3126 4240 scelestus
3156 4192 3209 4240 et
3244 4189 3539 4253 profanus,
3574 4184 3673 4254 qui
3698 4185 3832 4238 libi-

2119 4276 2359 4329 dinibus
2400 4282 2456 4327 et
2487 4275 2739 4329 lasciviis
2767 4276 3104 4339 exsatiatus,
3138 4291 3295 4329 nunc
3338 4277 3503 4328 nobis
3537 4275 3831 4344 intempe-

2118 4370 2320 4424 stivus,
2357 4372 2683 4431 temperans
2721 4368 2779 4417 et
2831 4362 3101 4417 honestus
3155 4371 3385 4433 repente
3426 4364 3740 4431 apparuit;
3771 4365 3834 4414 et

303 4468 437 4523 quc,
472 4454 623 4503 sicut
652 4448 783 4515 Job,
814 4450 1057 4517 expetiit
1087 4449 1154 4503 ad
1208 4448 1575 4512 tentandum,
1610 4454 1665 4500 et
1697 4447 1746 4501 ei
1781 4465 2007 4518 vespere
2042 4461 2085 4525 ι)
2121 4451 2354 4524 quando
2383 4469 2495 4506 non
2533 4458 2720 4523 potest
2744 4453 3022 4522 amplius,
3057 4457 3195 4507 tunc
3234 4452 3355 4505 vult
3384 4468 3513 4505 esse
3550 4450 3831 4505 Christia-

306 4542 522 4608 przebet
583 4536 931 4608 plantasiam
982 4538 1242 4591 formosas
1296 4535 1558 4589 mulieris
1605 4538 1857 4591 errantis
1912 4554 2009 4609 per

303 4626 699 4682 solitudinem.
743 4628 879 4692 Quae
928 4642 1060 4681 cum
1112 4626 1318 4682 ostium
1372 4626 1684 4680 invenisset
1725 4634 2011 4694 apertum,

298 4718 564 4786 ingressa
592 4722 683 4772 est
722 4716 1062 4787 speluncam
1106 4734 1121 4786 ;
1150 4723 1206 4771 et
1247 4717 1633 4788 procumbens
1663 4718 1731 4771 ad
1764 4718 1872 4771 viri
1907 4733 2013 4788 ge-

296 4824 434 4875 nua,
473 4807 631 4877 petiit
664 4814 727 4861 ut
756 4807 866 4861 sibi
900 4806 1017 4861 illic
1050 4807 1247 4862 liceret
1273 4809 1590 4879 quiescere,
1624 4814 1821 4877 utpote
1853 4807 2006 4877 quod

296 4913 409 4951 nox
440 4912 567 4950 eam
610 4896 1115 4968 apprehendisset.
1163 4898 1262 4952 Ille
1309 4904 1500 4952 autern
1528 4914 1659 4951 eum
1695 4899 1823 4964 ejus
1855 4902 2009 4951 esset

299 4986 589 5055 miserius,
622 4989 773 5057 quod
820 4988 1056 5060 quidem
1112 5006 1225 5044 non
1268 4990 1488 5056 debuit,
1522 5005 1648 5044 eam
1680 4989 1915 5043 admisit
1945 4990 2003 5044 in

297 5076 658 5149 speluncam,
692 5086 749 5132 et
787 5080 855 5132 de
897 5095 1089 5135 errore.
1137 5080 1291 5133 illam
1340 5086 1430 5133 est
1472 5086 1865 5149 percontatus.
1899 5080 2003 5135 Illa

294 5182 425 5222 vero
457 5176 509 5222 et
543 5170 816 5236 narravit,
849 5177 899 5223 et
934 5168 1148 5223 blanda
1171 5185 1235 5222 ac
1259 5168 1480 5223 tallacia
1501 5174 1672 5223 verba
1701 5171 1998 5239 inspersit,

294 5263 351 5311 et
390 5275 713 5313 sermonem
746 5260 840 5311 diu
877 5275 1005 5313 cum
1040 5276 1105 5313 eo
1140 5259 1438 5328 protraxit.
1472 5259 1612 5313 Eum
1648 5268 1834 5314 autem
1866 5277 1997 5315 sen-

294 5346 400 5400 sim
429 5348 622 5403 nescio
646 5347 939 5418 quomodo
965 5348 1287 5418 pelliciebat
1305 5348 1371 5399 ad
1398 5365 1649 5401 amorem
1681 5373 1693 5414 ς
1721 5351 2000 5421 pluraque

293 5435 567 5504 deinceps
600 5438 769 5491 verba
803 5442 950 5492 inter
980 5455 1041 5492 se
1071 5442 1403 5501 conserunt,
1438 5442 1738 5507 ridentque
1769 5456 1833 5491 ac
1864 5442 2001 5495 sub-

295 5523 511 5586 rident,
562 5540 816 5597 cumque
876 5529 1001 5598 ipsa
1062 5527 1244 5582 multo
1306 5543 1570 5581 sermone
1626 5529 1878 5597 seduxit,
1947 5536 2004 5586 et

295 5610 503 5668 deinde
529 5617 981 5675 contrectatione
1030 5634 1240 5675 manus
1286 5623 1345 5675 et
1388 5618 1577 5674 barbis
1628 5624 1684 5675 et
1714 5621 2001 5693 cervicis;

2122 4560 2251 4609 nus,
2284 4552 2335 4596 et
2371 4542 2567 4612 probis
2617 4545 3073 4613 compositisque
3119 4543 3377 4597 muribus
3407 4540 3435 4593 ?
3468 4540 3826 4613 Ecquidnam

2122 4632 2227 4685 tibi
2262 4632 2395 4686 boni
2421 4634 2675 4703 amplius
2709 4634 2964 4687 futurum
2990 4642 3311 4704 exspectas,
3333 4648 3465 4687 cum
3500 4634 3579 4686 sis
3608 4630 3830 4685 nostris

2122 4720 2293 4775 malis
2326 4720 2601 4791 impletus
2622 4722 2648 4776 ?
2670 4720 2791 4777 Non
2826 4723 2962 4777 hinc
2984 4722 3097 4777 cito
3118 4737 3396 4793 exsurges
3420 4721 3449 4775 ?
3481 4719 3605 4776 Non
3631 4718 3829 4774 venies

2117 4815 2184 4863 ad
2218 4827 2284 4863 ea
2316 4828 2441 4880 qua:
2465 4818 2604 4865 sunt
2630 4813 2925 4866 nobiscum
2952 4820 3224 4866 consueta
3244 4810 3271 4864 ?
3302 4821 3355 4863 te
3378 4815 3617 4865 manent
3638 4814 3833 4863 scorta

2118 4904 2173 4952 et
2203 4915 2517 4969 caupones.
2543 4899 2665 4955 Non
2699 4902 2915 4966 venies,
2946 4908 3003 4954 et
3035 4901 3244 4954 frueris
3266 4900 3670 4971 cupidinibus,
3692 4912 3831 4952 cum

2116 4989 2192 5042 sit
2221 4994 2434 5042 cuncta
2458 4990 2565 5042 alia
2588 4990 2691 5043 tibi
2716 5006 2847 5058 spes
2871 4988 3156 5044 exstincta
3176 4988 3203 5043 ?
3227 4987 3401 5044 Velox
3423 4989 3491 5043 ad
3517 4999 3572 5042 te
3587 4988 3830 5041 omnino

2111 5077 2302 5133 veniet
2334 5078 2644 5147 judicium,
2678 5080 2776 5151 qui
2809 5079 2894 5133 sic
2927 5079 3178 5150 teipsum
3206 5079 3464 5148 perimis.
3500 5084 3568 5131 Et.
3595 5093 3701 5132 cur
3726 5076 3833 5131 mi-

2111 5184 2205 5223 ser
2236 5171 2476 5223 testtnas
2498 5169 2569 5225 ad
2591 5170 2949 5240 supplicium
2980 5168 3007 5223 ?
3039 5186 3140 5223 cur
3163 5175 3355 5223 autem
3388 5167 3699 5223 contendis
3721 5167 3826 5221 tibi

2113 5273 2308 5328 poenas
2341 5260 2513 5312 citius
2547 5260 2801 5330 infligere
2825 5260 2852 5313 ‘I
2906 5259 3200 5330 Multaque
3230 5256 3339 5313 alia
3372 5259 3633 5313 dicentes
3668 5274 3681 5311 :
3714 5254 3827 5311 No-

2111 5354 2229 5401 ster
2260 5364 2344 5413 es,
2381 5349 2435 5401 in
2486 5357 2754 5403 nostrum
2796 5349 3059 5403 ordinem
3110 5364 3173 5402 es
3226 5349 3463 5415 relatus,
3514 5346 3823 5401 exercuisti

2112 5452 2346 5490 omnem
2379 5436 2768 5508 iniquitatem.
2803 5438 2887 5492 Tu
2913 5455 2975 5492 es
3008 5438 3175 5491 nobis
3218 5437 3498 5491 omnibus
3518 5440 3824 5501 obnoxius,

2112 5533 2170 5581 et
2199 5527 2376 5580 audes
2405 5532 2597 5597 lugere
2618 5530 2643 5581 Υ
2676 5544 2787 5583 non
2823 5526 3207 5582 assentierts?
3249 5543 3360 5580 non
3396 5522 3827 5595 respondebis?

2115 5632 2227 5672 non
2260 5616 2435 5672 simul
2458 5615 2819 5689 egredieris?
2851 5618 3163 5691 Postquam
3194 5622 3393 5673 autem
3423 5617 3523 5673 ille
3552 5624 3825 5674 constans
