4112 6210
283 364 433 427 1121

282 498 332 552 οἱ
361 498 504 570 ἅγιοι
541 515 553 529 ·

283 589 439 658 Θεοῦ,
471 585 561 642 καὶ
601 589 704 641 πᾶν
738 584 948 662 αἶ’τημα
978 588 1124 662 παρά
1155 591 1289 643 Θεοῦ
1317 588 1626 663 κομίζεται.

357 763 487 823 Εἷπέ
527 787 581 822 τε
633 765 776 821 ἄλλα
815 765 1001 822 πολλά
1051 767 1141 822 καὶ
1188 767 1311 842 περὶ
1369 767 1670 839 ἀσκήσεως,
1701 769 1791 824 καὶ
1847 769 1928 824 δτι

285 854 368 911 δεῖ
396 856 488 911 τὸν
522 857 748 910 θάνατον
778 854 962 931 ὥσπερ
991 855 1198 931 ἀγαθῇς
1250 862 1396 927 ζωῆς
1452 859 1728 930 μετάθεσιν
1776 877 1930 933 περι-

293 944 490 1020 μένειν,
524 945 613 1000 καὶ
665 947 742 1018 μὴ
801 949 1038 1020 προορᾷν
1107 945 1372 1002 ἀσθένειαν
1440 949 1783 1020 σωματικὴν,
1840 946 1931 1001 καὶ

291 1037 369 1108 μή
405 1033 684 1108 ἐμπιπλᾷν
732 1033 828 1089 κᾶν
877 1040 985 1090 τῶν
1027 1037 1306 1112 τυχόντων
1357 1040 1484 1113 γοῦν
1530 1038 1631 1106 τήν
1678 1034 1929 1111 γαστέρα.

291 1123 660 1199 Κορεσάμενος
712 1124 814 1200 γάρ
871 1146 973 1196 τις,
1007 1126 1193 1204 φησὶν,
1225 1125 1293 1182 τὰ
1330 1125 1462 1181 αὐτά
1513 1131 1630 1187 τοῖς
1685 1125 1929 1203 τρυφῶσι

287 1217 490 1291 πάσχει
547 1213 918 1290 βουλεύματα,
971 1214 1118 1271 ἀλλά
1160 1217 1443 1290 πειρᾶσθαι
1492 1212 1575 1271 δεῖ
1618 1215 1922 1286 ἀσκήσεως,

286 1307 379 1362 καὶ
409 1306 506 1375 τήν
556 1310 666 1362 τῶν
726 1305 950 1381 ὀρέξεων
989 1306 1246 1362 ἀπάθειαν
1301 1307 1620 1377 κτήσασθαι.
1672 1305 1773 1362 Καὶ
1812 1327 1923 1380 μη-

291 1393 403 1459 δεὶς
434 1397 501 1451 τά
529 1394 727 1470 ἕτοιμα
766 1397 856 1451 καὶ
885 1398 984 1465 τήν
1036 1394 1208 1452 ἄνεσιν
1248 1394 1586 1468 ἐπιζητήτω,
1617 1392 1765 1450 ἀλλά
1811 1413 1930 1449 στε-

289 1485 504 1541 νούσθω
550 1489 640 1541 νῦν
678 1485 768 1541 καὶ
817 1480 1112 1555 θλίϐέσθω,
1156 1483 1248 1539 ἳνα
1300 1485 1402 1552 τὴν
1443 1484 1786 1561 εὐρυχωρίαν
1835 1488 1935 1552 τῆς

284 1581 384 1630 τοῦ
444 1581 581 1632 Θεοῦ
635 1572 914 1650 βασιλείας
981 1573 1398 1647 κληρονομήσῃ.
1453 1579 1545 1628 Δεῖ
1598 1573 1703 1646 γὰρ
1761 1573 1930 1644 ἡμᾶς,

288 1665 447 1743 φησὶ,
499 1662 588 1719 διὰ
653 1661 881 1719 πολλῶν
935 1662 1170 1738 θλίψεων
1223 1662 1297 1725 εἷς
1346 1663 1444 1732 τήν
1485 1660 1765 1736 βασιλείαν
1819 1659 1937 1715 εἷσ-

285 1754 485 1812 ελθεῖν.
524 1754 585 1808 Τί
620 1776 636 1822 ς
669 1754 822 1821 στενὴ
853 1752 976 1828 γὰρ,
1010 1754 1196 1830 φησὶν,
1227 1755 1262 1822 ἡ
1293 1751 1441 1823 πύλη
1475 1751 1566 1807 καὶ
1590 1751 1930 1824 τεθλιμμένη

284 1849 321 1916 ἡ
356 1845 484 1908 ὁδὸς
519 1849 550 1914 ἠ
585 1844 865 1922 ἀπάγουσα
894 1845 970 1908 εἴς
1018 1847 1117 1915 τήν
1153 1847 1297 1915 ζωήν
1333 1865 1346 1878 ·
1387 1846 1478 1900 καὶ
1510 1843 1694 1920 ὀλίγοι
1725 1844 1856 1899 είσῖν
1881 1845 1933 1899 οἱ
1965 1878 2014 1945 Β

287 1935 628 2011 εὑρίσκοντες
665 1934 852 2006 αὐτήν.
902 1934 1009 2004 Τί;
1059 1933 1288 1991 πλατεῖα
1328 1937 1363 2004 ἡ
1412 1933 1585 2005 πύλη,
1633 1934 1725 1989 καὶ
1771 1931 1932 2010 εὐρύ-

290 2044 480 2100 χωρος
511 2027 544 2094 ἡ
597 2023 723 2089 ὁδὸς
765 2027 800 2096 ἡ
859 2025 1141 2100 ἀπάγουσα
1173 2024 1248 2086 είς
1304 2025 1403 2093 τήν
1459 2023 1733 2080 ἀπώλειαν
1770 2043 1784 2058 ο
1841 2022 1932 2078 καὶ

284 2112 496 2170 πολλοί
523 2114 655 2168 εἰσιν
699 2115 750 2168 οἱ
781 2114 1141 2188 πορευόμενοι
1177 2111 1249 2168 δι⁸
1297 2112 1483 2182 αὐτῆς.
1535 2113 1632 2169 Καὶ
1676 2111 1778 2183 τίς
1828 2110 1932 2183 δεῖ,

286 2203 475 2281 φησὶν,
510 2203 796 2278 ὀλιγωρεῖν
830 2203 1054 2258 ἐνταῦθα
1095 2201 1286 2280 ὀλίγον
1333 2201 1552 2278 ὕστερον
1586 2201 1661 2264 είς
1711 2200 1934 2258 αἰωνίαν

289 2293 588 2348 ἀνάπαυσιν
621 2291 896 2356 ἀπιόντας.
940 2295 1039 2347 Καὶ
1091 2294 1172 2347 ὅτι
1233 2289 1294 2346 οὐ
1335 2289 1418 2347 δεῖ
1464 2289 1776 2366 ἐπαίρεσθαί
1815 2311 1937 2346 τινα

290 2383 380 2439 ἐπὶ
429 2387 546 2445 τοῖς
615 2380 780 2438 αὐτοῦ
831 2382 1268 2454 κατορθώμασιν,
1327 2378 1474 2436 ἀλλά
1551 2381 1933 2436 ταπεινοῦσθαι

285 2475 544 2545 πάντοτε,
579 2473 671 2529 καὶ
702 2475 797 2536 τάς
845 2473 1208 2548 μακροτέρους
1252 2471 1492 2548 ἐρήμους
1557 2469 1934 2546 μεταδιώκειν,

284 2565 450 2636 ἡνίκα
501 2586 584 2628 τις
618 2563 937 2633 αἰσθάνηται
987 2563 1173 2619 ἑαυτὸν
1223 2561 1674 2638 ὑπεραιρόμενον.
1725 2563 1791 2618 Ἡ
1831 2563 1935 2638 γὰρ

284 2654 529 2725 πλησίον
561 2660 668 2709 τῶν
701 2656 902 2731 χωρῶν
936 2650 1182 2729 διαγωγή
1215 2650 1488 2713 πολλάκις
1529 2651 1617 2707 καὶ
1668 2649 1797 2713 τοὺς
1845 2671 1940 2706 τε-

287 2745 475 2808 λείους
496 2740 723 2818 ἔὸλὰψε,
775 2743 973 2818 Διόπερ
1004 2747 1097 2798 καῖ
1145 2743 1172 2796 ὁ
1216 2737 1381 2798 Δαϐίδ
1429 2739 1630 2816 ψάλλει
1687 2740 1936 2796 τοιοῦτόν

287 2857 344 2892 τι
375 2835 661 2898 πεπονθώς
691 2852 705 2868 ο
749 2829 888 2891 Ἰδοὺ
938 2830 1212 2908 έμάκρυνα
1261 2829 1600 2910 φυγαδεύων,
1653 2831 1742 2886 καὶ
1782 2829 1939 2901 ηὐλί-

293 2927 428 2995 σθην
461 2922 513 2978 ἐν
557 2921 628 2997 τῇ
674 2922 887 2997 ἐρήμῳ.
944 2919 1367 2998 Προσεδεχόμην
1394 2922 1486 2977 τὸν
1528 2921 1657 2978 Θεὸν
1708 2921 1799 2976 τὸν
1835 2921 1939 2975 σώ-

292 3013 455 3085 ζοντά
508 3033 575 3087 με
621 3011 728 3067 ἀπὸ
776 3009 1140 3088 ὀλιγοψυχίας
1194 3011 1286 3065 καὶ
1333 3008 1663 3085 καταιγίδος.
1725 3006 1936 3064 Πολλοὶ

291 3101 352 3158 δὲ
379 3101 468 3158 καὶ
498 3107 606 3158 τῶν
641 3099 924 3174 ἡμετέρων
964 3097 1214 3174 ἀδελφῶν
1246 3098 1541 3155 πεπόνθασι
1573 3101 1812 3168 τοιοῦτο,
1846 3098 1932 3152 καὶ

291 3191 363 3248 δι’
393 3191 706 3263 ἀλαζονείαν
739 3194 837 3246 τοῦ
869 3192 1075 3246 σκοποῦ
1105 3187 1537 3244 ἐκπεπτώκασιν.

902 3357 1159 3410 ΚΕΦΔΛ.
1198 3352 1333 3408 MA'.

746 3481 876 3554 Περὶ
907 3480 1158 3536 Ἰωάννου
1187 3481 1284 3533 τοῦ
1313 3470 1477 3532 ἀϐϐἆ.

366 3649 461 3700 Ἦν
496 3643 600 3720 γάρ
628 3663 708 3706 τις
752 3645 858 3697 τῶν
913 3641 1190 3715 μοναχῶν,
1234 3637 1420 3716 φησὶν,
1470 3636 1521 3692 ἐν
1566 3641 1634 3710 τῇ
1693 3633 1935 3707 πλησίον

295 3736 512 3812 ἐρήμῳ,
545 3734 596 3790 ἐν
638 3738 718 3806 τῷ
766 3730 1027 3805 σπηλαίῳ
1081 3729 1309 3806 διάγων,
1340 3733 1513 3784 πᾶσαν
1571 3725 1804 3812 ἄσκησιν
1859 3725 1938 3781 ἐν·

296 3823 628 3898 δειξάμενος,
685 3821 776 3877 καὶ
826 3820 1014 3896 χερσὶν
1083 3819 1309 3880 οἰκείαις
1365 3817 1458 3872 τὸν
1518 3817 1708 3870 ἐαυτοῦ
1772 3811 1932 3888 ἄρτον

295 3914 678 3987 ποριζόμενος.
739 3916 827 3972 Ὠς
887 3909 944 3964 δὲ
1001 3916 1304 3982 προσέμενε
1368 3909 1487 3966 ταῖς
1562 3901 1799 3974 δεήσεσι,
1846 3903 1934 3958 καὶ

293 4007 638 4077 προσέκοπτε
665 4006 786 4061 ταῖς
813 4001 1045 4072 ἀρεταῖς,
1079 3997 1158 4073 ἐφ’
1190 3997 1366 4066 ἐαυτῷ
1395 3993 1582 4050 λοιάὸν
1634 3993 1935 4062 ἐπεποιήθη

293 4096 508 4168 θαρσῶν
535 4090 622 4146 ἐπὶ
651 4093 722 4162 τῇ
754 4087 902 4159 καλῇ
931 4083 1201 4155 πολιτείᾳ.
1237 4084 1293 4138 Ὀ
1334 4079 1390 4137 δέ
1437 4083 1707 4155 πειράζων
1753 4079 1935 4147 αὐτὸν,

292 4183 368 4248 ὡς
424 4181 515 4237 τὸν
581 4173 707 4233 ’1ὼῦ
765 4175 1078 4249 ἐξῃτήσατο.
1141 4171 1239 4228 Καὶ
1307 4169 1374 4240 δὴ
1448 4169 1740 4248 φαντασίαν
1791 4169 1936 4241 αὐτῷ

289 4272 537 4347 παρέσχε
583 4268 718 4343 πρὸς
781 4265 1004 4339 ἐσπέραν
1072 4261 1324 4337 γυναικὸς
1374 4261 1655 4339 εὐμόρφου
1711 4256 1934 4314 πλανωο

295 4364 460 4437 μένης
517 4359 654 4414 κατά
710 4358 810 4426 τὴν
869 4351 1100 4429 ἔρημον,
1159 4353 1282 4422 ἤτις
1339 4350 1569 4425 εὑροῦσα
1622 4349 1720 4417 τήν
1771 4348 1932 4421 θύραν

291 4447 641 4524 ἀνεῳγμένην
695 4441 1051 4515 εἰσεπήδησεν
1083 4441 1158 4505 εἷς
1202 4442 1265 4497 τὸ
1313 4439 1606 4510 σπήλαιον,
1636 4439 1726 4493 καὶ
1773 4457 1939 4513 προσ-

289 4544 531 4596 πεσοῦσα
562 4544 680 4600 τοῖς
715 4535 901 4612 γόνασι
933 4537 1027 4588 τοῦ
1066 4530 1260 4606 ἀνδρὸς
1297 4525 1417 4605 ᾔτει
1452 4528 1577 4604 παρ’
1624 4527 1792 4583 αὐτοῦ
1837 4528 1937 4597 τήν

1566 364 1940 430 HISTORIA
1981 365 2391 430 LAUSIACA.

3525 377 3680 442 1122

607 495 698 551 καὶ
748 493 1006 587 δυνάμεις
1061 495 1322 570 ἐπιτελεῖ,
1368 497 1454 553 καὶ
1507 498 1667 576 φίλος
1723 499 1926 576 γίνεται
1956 503 2011 571 Α
2041 497 2221 556 ἄδειαν
2280 505 2377 556 τοῦ
2426 499 2688 574 ἐκτελεῖν,
2725 505 2826 575 τὴν
2875 503 3080 579 ἡδονὴν
3145 508 3526 587 λογιζόμενος,
3565 535 3683 571 συν-

2040 591 2312 678 εκατέθετο
2373 590 2566 647 λοιπὸν
2620 597 2692 669 τῇ
2751 592 2984 668 διανοίᾳ,
3056 599 3161 654 κωὶ
3211 598 3482 658 συνελθεῖν
3544 603 3684 678 αὐτῇ

2039 677 2307 752 ἐπειρᾶτο,
2343 678 2526 755 ἄφρων
2558 680 2667 754 ἤδη
2718 684 2809 740 καὶ
2858 685 3182 761 θηλυμανής
3230 689 3323 746 καὶ
3373 689 3538 752 ίππος
3595 713 3688 766 γε·

2039 769 2285 858 νόμενος.
2330 771 2392 823 Ἡ
2445 767 2501 824 δέ
2557 771 2807 851 ἐξαίφνης
2859 775 3000 853 μέγα
3043 776 3411 854 ἀναϐοήσασα,
3452 779 3684 858 ἄφαντος

2040 854 2099 942 ἐκ
2141 859 2247 910 τῶν
2295 861 2501 935 χειρῶν
2531 859 2698 915 αὐτοῦ
2727 861 2960 938 γέγονεν,
2992 865 3176 942 ὥσπερ
3236 867 3360 924 σκιά
3410 854 3511 932 τις-
3554 868 3688 924 (11:0-

2041 941 2344 1018 δραμοῦσα.
2407 945 2588 1010 Γέλως
2635 947 2691 1004 δὲ
2747 951 2894 1023 αὐτῷ
2959 953 3076 1030 ἀέρι
3139 955 3370 1013 πολλῶν
3432 956 3688 1015 ἀκούεται

2041 1030 2318 1124 δαιμόνων
2387 1033 2732 1112 ἐλεγχόντων
2788 1038 2970 1111 αὐτὸν,
3029 1044 3119 1099 καὶ
3175 1049 3245 1119 τῇ
3311 1046 3489 1123 ἀπάτῃ
3545 1068 3688 1124 παρ-

2040 1122 2278 1197 αγόντων
2311 1124 2402 1179 καὶ
2434 1125 2650 1202 μεγάλῃ
2685 1128 2838 1204 φωνῇ
2869 1131 3006 1204 πρὸς
3039 1131 3198 1188 αὐτὸν
3236 1122 3490 1209 βοώντων
3515 1156 3531 1172 ο
3576 1122 3690 1203 Πάς

2043 1214 2071 1267 ὁ
2119 1214 2264 1288 ὑψῶν
2325 1215 2512 1272 ἐαυτὸν
2550 1219 3036 1290 ταπεινωθήσεται.
3079 1221 3156 1276 Σὺ
3205 1222 3263 1277 δέ
3313 1223 3536 1298 ὑψώθης
3581 1224 3687 1288 ἓως

2039 1307 2147 1358 τῶν
2217 1304 2484 1378 οὐρανῶν,
2543 1305 2910 1380 ἐταπεινώθης
2977 1309 3034 1366 δέ
3088 1305 3195 1374 ἕως
3252 1315 3361 1368 τῶν
3415 1309 3688 1371 ἀϐύσσων.

2041 1392 2316 1449 Ἐντεῦθεν
2373 1394 2650 1452 ἀνίσταται
2697 1397 2760 1454 τὸ
2810 1395 2958 1472 πρωΐ
3015 1399 3078 1454 τὸ
3127 1402 3436 1474 νυκτερινὸν
3494 1400 3692 1464 πένθος

2042 1480 2462 1558 ἐπισυρόμενος,
2493 1486 2583 1539 καὶ
2615 1483 2954 1560 διηειρεύσας
3002 1487 3057 1543 ἐν
3093 1493 3219 1552 τοῖς
3268 1490 3520 1564 θρήνοις,
3551 1491 3690 1546 ἀπο-

2040 1571 2201 1649 γνοὺς
2234 1573 2426 1629 ἑαυτοῦ
2454 1580 2555 1643 τῆς
2589 1575 2884 1651 σωτηρίας,
2915 1575 3048 1652 ὅπερ
3081 1576 3181 1633 οὐκ
3220 1577 3566 1655 ὥφειλεν,εῗς
3594 1581 3687 1637 τὸν

2041 1662 2248 1734 κόσμον
2280 1661 2445 1717 πάλιν
2479 1663 2828 1738 ὑπέστρεψεν.
2859 1669 3027 1721 Τοῦτο
3055 1667 3155 1740 γάρ
3189 1664 3302 1722 ἐστι
3329 1671 3428 1723 τοῦ
3443 1672 3692 1742 πονηροῦ

2041 1751 2103 1805 τὸ
2135 1749 2492 1826 ἐπιτήδευμα,
2537 1755 2661 1808 ὅταν
2693 1753 2815 1809 τινά
2843 1754 3248 1830 καταπαλαίσῃ,
3271 1755 3348 1819 εἷς
3379 1756 3688 1835 ἀφροσύνην

2043 1840 2202 1895 αὐτὸν
2233 1841 2570 1913 καθίστησιν,
2603 1841 2692 1899 ἵνα
2723 1847 2821 1900 τοῦ
2851 1841 3052 1900 λοιποῦ
3086 1845 3286 1918 μηκύτι
3319 1842 3544 1917 δύνηται
3571 1847 3692 1903 ἀναο

2045 1937 2255 2000 στῆναι.
2288 1933 2462 2004 Ὅθεν,
2499 1931 2544 1988 ὦ
2580 1931 2758 2005 τέκνα,
2792 1933 2853 1988 οὐ
2875 1929 3251 2008 συμϐάλλεται
3282 1936 3417 2010 ἡμῖν
3451 1936 3487 2006 ἡ
3534 1935 3689 2007 πλη-

2043 2019 2157 2074 σίον
2188 2023 2298 2075 τῶν
2333 2026 2536 2096 χωρῶν
2566 2020 2805 2094 οἴκησις,
2836 2021 2960 2080 οὐδὲ
2990 2029 3097 2080 τῶν
3130 2028 3396 2100 γυναικῶν
3425 2024 3688 2100 συντυχία

2043 2107 2425 2180 ἀνεξάλειπτον
2473 2112 2720 2188 ὁχλοῦσι
2762 2114 3012 2186 μνήμην,
3043 2111 3080 2183 ἢ
3119 2112 3180 2170 ἐκ
3223 2120 3324 2184 τῆς
3361 2109 3542 2188 ὅψεως
3597 2114 3687 2170 καὶ

2045 2197 2270 2273 ὁμιλίας
2297 2199 2673 2276 ἐπισπώμεθα.
2715 2201 2850 2260 Οὕτε
2881 2200 2938 2260 δὲ
2976 2203 3270 2284 ὀφείλομεν
3307 2206 3509 2261 ἑαυτῶν
3551 2205 3688 2260 ἀπο-

2043 2293 2260 2364 γνῶναι,
2292 2291 2382 2346 καὶ
2414 2290 2491 2353 εἰς
2523 2290 2870 2349 ὰνελπιοτίαν
2904 2294 3128 2356 ἑαυτοὺς
3159 2300 3509 2370 καταγαγεῖν.
3540 2290 3687 2366 Ἤδη

2045 2381 2151 2456 γὰρ
2180 2379 2388 2436 πολλοὶ
2435 2381 2522 2436 καὶ
2573 2385 2681 2438 τῶν
2729 2383 2804 2456 μή
2839 2383 3186 2461 ἀπογνόντων
3234 2383 3381 2461 πσρά
3405 2387 3504 2441 τοῦ
3534 2381 3694 2454 ἐλεή-

2050 2489 2212 2543 μονος
2245 2473 2380 2526 Θεοῦ
2409 2467 2825 2550 φιλανθρωπίας
2856 2471 2956 2529 οὐκ
2985 2471 3368 2550 ἐστερήθησαν.

2653 2636 2908 2690 ΚΕΦΔΛ.
2953 2633 3085 2692 ME’.

2048 2775 2178 2850 Περὶ
2225 2778 2322 2832 τοῦ
2377 2771 2625 2850 ἀδελ-φοῦ
2672 2775 2984 2850 κινηθέντος
3040 2773 3305 2850 μετανοίᾳ
3372 2775 3471 2834 τοῦ
3526 2773 3693 2834 αὐτοῦ

2493 2843 2639 2904 ἀϐὂά
2675 2843 2924 2906 Ἰωάννου
2957 2843 3240 2925 διήγησις.

2118 2995 2220 3052 Ἦν
2259 2994 2364 3069 γάρ
2413 3013 2496 3057 τις
2555 2991 2757 3068 ἂερος,
2815 2991 2970 3070 φησὶ,
3026 2991 3238 3055 νεανίας
3292 2992 3344 3049 ἂν
3405 2996 3474 3068 τῇ
3529 2992 3691 3051 πόλει

2047 3083 2188 3138 πάνυ
2214 3079 2522 3156 πάμπολλα
2557 3079 2949 3155 ἐργασάμενος,
2987 3079 3076 3134 καὶ
3126 3077 3392 3154 χαλεπῶς
3435 3081 3692 3156 {mapm-

2047 3174 2182 3241 κὼς,
2225 3173 2285 3233 ’ὀς
2315 3171 2540 3244 νεύματι
2567 3174 2668 3226 τοῦ
2711 3172 2844 3225 Θεοῦ
2891 3167 3211 3244 κατανυγεὶς
3252 3168 3340 3223 ἐπὶ
3390 3173 3510 3231 ταῖς
3550 3168 3696 3226 πολ-

1967 3253 2010 3321 C
2050 3263 2172 3323 λαῖς
2229 3260 2548 3336 ἁμαρτίαις,
2613 3258 2705 3314 καὶ
2759 3258 2885 3322 τοὺς
2940 3256 3142 3337 τάφους
3195 3252 3544 3326 καταλαϐὼν,
3590 3259 3692 3329 τὴν

2042 3353 2310 3426 προτέραν
2369 3350 2562 3405 ἐαυτοῦ
2629 3348 2774 3418 ζωὴν
2842 3344 3182 3424 ἀπωδύρετο,
3241 3345 3332 3403 ἐπὶ
3395 3347 3690 3423 πρόσωπον

2043 3439 2230 3495 ἑαυτὸν
2295 3433 2640 3504 καταϐαλὼν,
2675 3437 2753 3511 μὴ
2791 3437 2881 3491 καὶ
2935 3435 3164 3510 τολμῶν
3221 3433 3427 3514 ἀφιέναι
3481 3438 3693 3517 φωνὴν,

2048 3526 2178 3603 μηδ’
2208 3529 2499 3604 ἀνομάζειν
2529 3526 2682 3593 Θεὸν,
2728 3522 2869 3600 μηδέ
2915 3523 3194 3599 ἱκετεύειν,
3242 3523 3456 3600 ἀνάξιον
3505 3527 3694 3582 δαυτὸν

2045 3620 2355 3699 ἡγούμενος
2388 3620 2476 3676 καὶ
2509 3619 2682 3686 αὐτῆς
2712 3625 2813 3689 τῆς
2856 3623 3026 3691 ζωῆς,
3057 3616 3149 3672 καὶ
3201 3617 3310 3694 πρὸ
3360 3615 3588 3673 θανάτου
3645 3617 3700 3675 ἐν

2041 3717 2161 3776 τοῖς
2215 3708 2572 3788 νεκροτάφοις
2629 3707 2818 3763 ἑαυτὸν
2863 3705 3218 3763 κατακλείσας
3253 3723 3270 3740 ο
3319 3708 3410 3762 καὶ
3447 3708 3692 3764 ἀπειπὼν

2045 3803 2238 3857 ἑαυτοῦ
2293 3801 2392 3870 τὴν
2439 3799 2612 3871 ζωὴν,
2654 3791 2831 3852 ἔστενε
2875 3798 3042 3870 μόνον
3087 3797 3326 3852 κατωθεν
3363 3794 3425 3852 ἐκ
3446 3801 3544 3852 τοῦ
3589 3797 3693 3871 βά-

2046 3893 2170 3952 θους
2217 3895 2319 3959 τῆς
2374 3884 2620 3961 καρδίας.
2670 3879 3012 3957 Ἑϐδομάδος
3062 3881 3120 3939 δὶ
3162 3883 3245 3940 ἐπ’
3292 3882 3441 3955 αὐτῷ
3478 3883 3688 3958 παρελ-

2048 3979 2270 4047 θούσης,
2299 3975 2514 4050 νύκτωρ
2551 3973 2697 4047 αὐτῷ
2757 3971 3063 4048 ἐφίστανται
3107 3970 3159 4026 οἱ
3217 3969 3474 4045 δαίμονες
3525 3971 3578 4025 οἱ
3629 3972 3692 4027 τὸ

2046 4067 2172 4140 πρὶν
2232 4063 2398 4120 αὐτοῦ
2451 4067 2550 4133 τήν
2610 4063 2755 4132 ζωὴν
2813 4055 3257 4135 καταϐλάψαντες
3297 4075 3313 4091 ⁶
3371 4057 3693 4135 κεκραγότες

2046 4156 2136 4212 καὶ
2167 4153 2418 4233 λέγοντες
2448 4172 2463 4186 ο
2505 4156 2618 4209 Ποῦ
2678 4153 2706 4208 ὁ
2766 4150 2960 4226 μιαρός
3023 4147 3165 4206 ἐστιν
3232 4147 3456 4219 ἐκεῖνος,
3488 4149 3518 4204 ὁ
3573 4152 3692 4210 ταῖς

2047 4243 2323 4322 λαγνείαις
2385 4243 2584 4305 ἱκανῶς
2639 4241 2936 4318 κορεσθεὶς,
2976 4243 3063 4296 νῦν
3119 4241 3254 4312 ἡμῖν
3313 4235 3538 4314 ἄκαιρος
3594 4237 3695 4293 σώ-

2045 4357 2196 4415 φρων
2235 4334 2327 4390 καὶ
2367 4331 2537 4396 καλὸς
2597 4331 2855 4408 ἀνεφάνη,
2912 4327 3002 4384 καὶ
3059 4329 3149 4384 ὅτε
3205 4325 3385 4384 οὐκέτι
3447 4323 3692 4396 δύναται,

2045 4413 2168 4482 τότε
2197 4421 2520 4499 Χριστιανὸς
2575 4421 2668 4475 καὶ
2727 4418 2979 4480 εὔτακτος
3035 4417 3166 4472 εἶναι
3237 4413 3542 4490 βούλεται,
3599 4416 3693 4472 καὶ

2044 4516 2098 4571 τί
2135 4515 2302 4571 καλὸν
2333 4511 2413 4568 ἔτι
2462 4506 2671 4567 ἔσεσθαι
2731 4511 2938 4580 σεαυτῷ
2995 4503 3305 4583 προσδοκᾷς
3363 4503 3695 4584 ἐμφορηθείς

290 4631 612 4697 ἀνάπαυσιν,
664 4593 740 4690 ὡς
780 4625 1008 4700 ἑσπέρας
1065 4593 1233 4690 αὐτην
1276 4593 1718 4688 καταλαϐούσης.
1769 4617 1831 4674 Ὀ
1884 4613 1941 4672 δὲ
1972 4609 2156 4700 DN?”
2196 4604 2478 4700 ᾕιξετίεξων
2506 4605 2737 4700 mia";
2788 4596 3216 4700 ξιξκοάζαστέξϊλ
3279 4596 3422 4700 ταχῖς
3469 4593 3691 4700 Ense":

289 4723 364 4783 ὡς
418 4717 650 4790 ἠλέησεν
706 4716 900 4784 αὐτὴν,
958 4711 1090 4788 ὅπερ
1139 4712 1240 4766 οὐκ
1278 4708 1533 4788 ὤφειλεν,
1592 4707 1683 4762 καὶ
1726 4703 1937 4776 ἐδέξατο

287 4809 456 4879 αὐτην
497 4807 548 4863 ἐν
585 4812 664 4880 τῷ
708 4802 986 4876 σπηλαίῳ,
1017 4803 1105 4857 καὶ
1153 4821 1238 4856 τοι
1281 4799 1606 4854 ἐπυνθάνετο
1637 4795 1805 4860 αὐτῆς
1836 4796 1938 4864 τήν

288 4899 501 4969 πλάνην
537 4916 550 4929 °
584 4899 618 4966 ἡ
674 4895 731 4950 δὲ
781 4895 854 4956 ὡς
895 4888 1226 4966 ἀπήγειλλε,
1259 4890 1348 4943 καὶ
1408 4887 1606 4962 λόγους
1653 4883 1800 4957 αὐτῷ
1843 4904 1936 4940 κο-

289 4987 481 5048 λακίας
536 4984 627 5041 καὶ
684 4983 894 5053 ἀπάτης
953 4981 1261 5054 ὑπέσπειρε,
1311 4977 1402 5033 καὶ
1478 4974 1781 5050 παρέτεινεν
1845 4972 1935 5029 ἐπὶ

286 5074 430 5131 πολὺ
485 5075 663 5129 αὐτῶν
691 5074 792 5142 τὴν
851 5068 1096 5144 ὁμιλίαν,
1145 5065 1329 5142 ἠρέμα
1384 5063 1440 5121 δέ
1497 5084 1612 5126 πως
1653 5061 1812 5118 αὐτὸν
1843 5060 1935 5117 καὶ

286 5165 377 5220 ἐπὶ
418 5161 596 5238 ἔρωτα
637 5159 996 5236 προεκαλεῖτο
1030 5177 1045 5192 ο
1101 5158 1188 5212 καὶ
1250 5155 1409 5232 λόγοι
1467 5152 1691 5215 πλείους
1743 5151 1936 5208 λοιπὸν

286 5254 421 5329 πρὸς
463 5251 750 5323 ἀλλήλους
784 5251 968 5311 αὐτοῖς
998 5249 1257 5325 γίνονται,
1291 5245 1379 5301 καὶ
1429 5242 1629 5320 γέλως,
1675 5241 1764 5296 καὶ
1809 5262 1937 5314 μει-

287 5342 477 5416 δίαμα.
511 5340 898 5411 Ἀπεπλάνησε
929 5336 988 5394 δὲ
1043 5337 1200 5392 αὐτὸν
1237 5333 1427 5401 πολλή
1477 5330 1694 5405 ὁμιλία,
1726 5329 1815 5384 καὶ
1871 5329 1934 5416 τὸ

285 5434 523 5490 ἐντεῦθεν
582 5429 802 5500 λοιπὸν,
848 5428 960 5504 ἀφῇ
1004 5426 1190 5501 χειρὸς
1245 5423 1336 5479 καὶ
1402 5419 1632 5497 γενείου,
1690 5417 1780 5473 καὶ
1838 5414 1932 5471 αὒο

286 5524 472 5598 χένος,
531 5522 620 5576 καὶ
681 5517 1090 5595 ᾐχμαλώτευσε
1143 5513 1281 5578 τέως
1321 5514 1410 5568 τὸν
1453 5509 1717 5578 ἀσκητὴν.
1758 5507 1844 5569 Ὠς
1876 5504 1932 5562 δὲ

282 5610 567 5690 ἐστρέφετο
630 5611 725 5685 μὲν
782 5609 983 5670 ἐκεῖνος
1040 5603 1248 5663 ἔνδοθεν
1301 5607 1417 5665 τοῖς
1474 5599 1786 5690 λογισμοῖς,
1842 5599 1932 5690 ἅτε

285 5701 351 5772 δὴ
386 5689 658 5780 ἒνγχερσίν
700 5695 846 5775 ἔχων
878 5699 941 5754 τὸ
966 5699 1208 5773 πρᾶγμα,
1241 5694 1339 5765 τὴν
1386 5690 1659 5770 εὐκαιρίαν
1695 5689 1785 5746 καὶ
1831 5689 1931 5759 τὴν

606 5808 859 5865 ΡΑτιιοι.
905 5805 1018 5863 Gn.
1063 5798 1320 5860 XXXIV.

2049 4696 2154 4751 οὐκ
2199 4693 2285 4748 ἐπὶ
2341 4693 2410 4748 τὰ
2457 4692 2658 4762 συνήθη
2722 4689 2842 4762 μεθ’
2894 4688 3056 4759 ἡμῶν
3111 4682 3300 4754 King;
3357 4683 3580 4756 μένουσί
3637 4703 3695 4738 σε

2046 4783 2242 4859 πόρναι
2271 4783 2359 4838 καὶ
2392 4779 2644 4852 κάπηλος
2676 4796 2690 4810 ο
2725 4775 2824 4831 οὐκ
2861 4772 3058 4846 ἐλεύσῃ
3090 4771 3178 4826 καὶ
3229 4774 3336 4826 τῶν
3392 4769 3694 4842 ἐπιθυμιῶν

2045 4855 2402 4945 ἀπολαύσεις,
2433 4873 2606 4938 πάσης
2635 4889 2731 4924 σου
2778 4871 2877 4935 τῆς
2922 4861 3100 4933 ἄλλης
3155 4857 3378 4921 ἐλπίδος
3436 4855 3693 4915 κατασϐε-

2048 4965 2265 5038 σθείσης
2323 4964 2441 5034 ἥξει
2497 4981 2582 5016 σοι
2659 4956 2874 5017 πάντως
2939 4956 3134 5038 ταχεῖα
3191 4950 3228 5020 ἡ
3285 4949 3464 5024 κρίσις
3519 4950 3694 5013 οὕτως

2047 5037 2232 5112 ἑαυτὸν
2293 5053 2622 5126 ἀναιροῦντι,
2686 5045 2784 5102 Καὶ
2840 5042 2891 5097 τί
2964 5037 3209 5102 σπεύδεις
3261 5038 3398 5113 πρὸς
3450 5040 3551 5126 τὴν
3608 5059 3692 5094 τι.

2049 5143 2284 5220 μωρίαν,
2315 5140 2360 5194 ὦ
2391 5125 2549 5195 ἄθλιε
2579 5158 2591 5208 ;
2627 5158 2679 5192 τι
2734 5132 2791 5190 δέ
2835 5131 3190 5208 φιλονεικεῖς,
3222 5125 3688 5220 θᾶττονάπελθεῖν

2045 5215 2249 5301 σοι’τὴν
2272 5228 2428 5300 δίκην
2461 5247 2475 5298 ;
2506 5225 2654 5284 ἄλλα
2677 5245 2736 5281 τε
2765 5220 2953 5280 πολλὰ
2987 5219 3260 5295 λέγοντες,
3290 5217 3587 5292 Ἡμέτερος
3616 5215 3686 5288 εἴ,

2044 5325 2178 5397 ἡμῖν
2238 5317 2502 5390 συνετάξω
2554 5336 2568 5350 ·
2626 5312 2854 5388 ἀνομίαν
2923 5309 3168 5380 ἤσκησας
3220 5310 3418 5378 πᾶσαν,
3476 5303 3689 5361 πάντων

2041 5394 2178 5486 ἡμῖν
2238 5408 2530 5472 ὑπεύθυνος
2575 5404 2820 5483 γέγονας,
2878 5400 2968 5456 καὶ
3025 5395 3366 5486 δραπετεύειν
3420 5394 3688 5486 τολμᾷω

2042 5482 2152 5558 Οὐκ
2180 5497 2496 5574 ἀποκρίνῃς
2541 5482 2602 5552 οὐ
2663 5493 2928 5566 συντάσσῃ
2974 5506 2988 5559 ;
3032 5485 3095 5543 οὐ
3151 5482 3547 5574 συνεξελεύση;
3596 5484 3686 5549 Ὠς

2041 5591 2098 5649 δέ
2155 5571 2359 5654 ἐκεῖνος
2398 5571 2535 5663 πρὸς
2589 5587 2706 5649 ταῖς
2775 5581 3050 5656 οἲμωγαῖς
3090 5578 3366 5653 καρτερῶν
3415 5571 3541 5631 οὐδὲ
3585 5575 3687 5646 τήν

2042 5683 2210 5754 ἀκοὴν
2241 5681 2461 5758 ὑπεῖχεν
2490 5677 2694 5748 αὐτοῖς,
2733 5669 2860 5730 οὐδὲ
2895 5669 3223 5745 ἀπεκρίνατο
3251 5665 3434 5730 αὐτοῖς
3491 5663 3685 5742 λόγον,

3287 5767 3368 5832 36
