4112 6210
3820 162 3879 179 AL.)

409 376 566 439 1123
1934 361 2070 424 PA!

2181 359 2295 421 .DII
3655 359 3683 417 Ι
3698 358 3729 417 1
3742 356 3829 418 24

410 509 499 564 ἐπὶ
536 505 683 563 πολὺ
730 503 1091 579 ἐπιμενόντων
1142 503 1290 575 αὐτῷ
1328 505 1434 557 τῶν
1492 499 1771 574 δαιμόνων
1803 515 1815 530 ⁸
1873 498 1948 558 ὡς
1999 495 2057 551 δέ
2086 497 2140 563 Α
2169 493 2332 561 ἡνίκα
2388 492 2649 566 ᾐσθάνετο
2710 490 2971 565 δεομένου
3013 494 3111 547 τοῦ
3170 492 3444 565 σώματος,
3498 488 3713 565 εὕρισκέ
3756 514 3816 548 τε

410 596 565 655 οὐδὲν
598 596 799 667 ἤνυσαν
846 594 1120 658 πολλάκις
1165 599 1334 649 ταῦτα
1383 593 1651 667 λέγοντες,
1700 583 2059 648 διαλαϐόντες

408 687 569 744 αὐτόν
604 688 656 741 οἱ
694 687 931 760 πονηροὶ
961 686 1051 740 καὶ
1094 684 1320 763 αἲσχροὶ
1353 682 1628 755 δαίμονες,
1661 681 1854 755 ᾔκιζον
1887 678 2060 753 χαλε-

408 782 525 837 πῶς
580 773 903 851 ἄγαν,ἅπαν
962 776 1024 827 τὸ
1086 778 1247 846 σῶμα
1309 772 1474 828 αὐτοῦ
1512 770 1940 843 καταξαίνοντες,
1966 767 2057 823 καὶ

414 866 789 942 βασανίσαντες
838 865 993 919 αὐτὸν
1046 862 1332 943 χαλεπῶς,
1372 864 1619 934 ἡμιθανῆ
1668 860 2058 919 καταλιπόντες

411 956 647 1031 ᾤχοντο.
680 957 736 1009 '0
795 952 852 1009 δὲ
910 951 1063 1008 οὐδὲν
1113 956 1275 1021 ἧττον
1324 953 1579 1022 ἀκίνητος
1630 946 1849 1023 ἔνθαπερ
1899 948 2058 1003 αὐτὸν

410 1045 725 1115 κατέλιπον,
793 1040 967 1098 ἔκειτο
1037 1044 1231 1097 στένων
1287 1041 1458 1110 αὖθις,
1511 1038 1697 1108 ἐπειδὴ
1773 1044 1841 1113 τῇ
1900 1041 2055 1117 ψυχῇ

414 1134 749 1204 συνελέξατο.
780 1138 893 1189 Τῶν
928 1130 985 1186 δὲ
1016 1131 1229 1187 οἰκείων
1269 1131 1434 1186 αὐτοῦ
1473 1133 1591 1186 κατ’
1640 1128 1796 1205 ἴχνος
1852 1128 2058 1198 ἀναζη-

410 1224 644 1281 τούντων
688 1223 865 1291 αὐτὸν,
918 1224 1005 1277 καὶ
1068 1223 1361 1296 εὑρόντων,
1419 1222 1510 1276 καὶ
1567 1223 1667 1290 τῆν
1726 1219 1902 1275 αἰτίαν
1956 1225 2059 1288 τῆς

411 1314 507 1369 τοῦ
564 1312 817 1385 σώματος
894 1315 1177 1389 συμφορᾶς
1254 1310 1557 1384 μαθόντων,
1635 1309 1821 1379 ἠξίουν
1896 1308 2055 1363 αὐτὸν

413 1401 637 1477 ἀγαγεῖν
697 1398 902 1457 οἴκαδε.
955 1404 1010 1456 Ὀ
1076 1398 1133 1454 δὲ
1190 1397 1304 1455 ἐπεὶ
1377 1398 1653 1461 πολλὰκίς
1716 1399 2059 1473 βιασαμένων

414 1490 643 1564 ἀντέσχε
676 1508 690 1523 ·
729 1490 820 1544 καὶ
847 1488 1013 1544 πάλιν
1042 1489 1205 1559 αὐτὸν
1236 1490 1332 1557 τήν
1376 1488 1629 1544 ἐπιοῦσαν
1676 1488 1838 1543 νύκτα
1886 1486 2059 1561 χείρω

412 1583 520 1633 τῶν
578 1578 880 1653 ἔμπροσθεν
925 1580 976 1633 οἱ
1025 1576 1278 1650 δαίμονες
1336 1576 1423 1632 ἐπὶ
1471 1582 1587 1639 τοῖς
1644 1576 1828 1639 αὐτοῖς
1897 1574 2062 1631 διατί-

418 1671 615 1725 θενται.
650 1668 747 1722 Καὶ
788 1666 912 1722 οὐδὲ
952 1666 1125 1729 οὕτως
1169 1668 1333 1723 πάλιν
1381 1668 1541 1723 αὐτὸν
1592 1669 1642 1722 οἱ
1690 1669 2059 1743 προσήκοντες

415 1760 663 1814 πείθουσι
716 1764 1046 1831 μεταστῆναι
1103 1762 1200 1813 τοῦ
1254 1758 1451 1827 τόπου,
1483 1763 1727 1833 κρεῖττον
1786 1757 1914 1811 εἶναι
1972 1776 2059 1809 τε·

2173 586 2272 653 τῆν
2300 584 2528 661 τροφὴν,
2570 581 2660 637 καὶ
2709 584 3113 655 προσκυνήσας,
3162 581 3251 637 καὶ
3300 581 3610 657 εὐωχηθεὶς
3655 582 3828 639 πάλιν

2170 678 2277 727 τῶν
2322 670 2506 745 ὕμνων
2559 671 2865 743 ἀπήλαυεν,
2900 671 3174 747 ἐπιμόνως
3220 675 3320 742 τῆς
3364 674 3538 748 εὐχῆς
3587 673 3681 728 καὶ
3721 681 3829 744 τῆς

2170 761 2398 839 θεωρίας
2443 760 2748 837 ἐχόμενος,
2798 760 3018 818 θάλλων
3058 760 3350 838 ὁσημέραι,
3389 763 3479 817 καὶ
3536 759 3827 824 ἐπιδιδοὺς

2165 857 2245 924 τῷ
2294 852 2545 926 παρόντι,
2578 852 2669 907 καὶ
2732 856 2811 923 τῷ
2853 850 3116 925 μέλλοντι
3168 859 3268 921 τῆς
3326 849 3550 913 ἐλπίδος
3609 851 3696 907 ἐπὶ
3759 852 3826 908 τὸ

2171 947 2354 1015 μεῖζον
2401 936 2710 1013 προϐαίνων
2749 940 2855 1009 ἀεὶ,
2897 941 2987 996 καὶ
3036 938 3232 1015 σχεδὸν
3280 940 3488 1015 ἐθάρσει
3542 940 3668 1016 περὶ
3718 947 3825 1011 τῆς

2168 1031 2454 1106 ἀμείνονος
2506 1030 2670 1087 αὐτοῦ
2726 1030 2945 1101 λέξεως,
2978 1032 3051 1094 ὡς
3101 1030 3246 1107 ἔχων
3286 1030 3451 1101 αὐτὴν
3513 1029 3565 1086 ἐν
3630 1032 3823 1107 χερσῖν

2166 1119 2301 1193 ἤδη,
2332 1123 2361 1176 ’ὁ
2406 1122 2494 1176 καὶ
2547 1120 2763 1199 γέγονεν
2821 1120 2992 1195 αὐτῷ,
3037 1126 3234 1197 μικροῦ
3284 1119 3393 1177 δεῖν
3449 1120 3826 1184 ἀποπεσόντος

2166 1210 2227 1266 ἐκ
2253 1216 2352 1267 τοῦ
2388 1210 2524 1285 μετά
2563 1211 2902 1283 ταῦταξαύτῷ
2932 1215 3261 1285 πειρασμοῦ.
3302 1212 3364 1268 Τί
3414 1210 3516 1288 γὰρ
3562 1210 3628 1266 06
3658 1210 3823 1287 λέγο-

2170 1322 2266 1375 μεν
2318 1301 2484 1357 αὐτοῦ
2539 1302 2638 1369 τήν
2688 1302 2815 1376 παρ’
2864 1300 3023 1376 ὀλίγα
3067 1305 3324 1371 πτῶσιν;
3376 1302 3451 1364 ὠς
3481 1300 3585 1377 γὰρ
3636 1301 3717 1363 εἴς
3758 1301 3823 1355 τὸ

2166 1394 2422 1470 φρόνημα
2477 1398 2635 1449 τοῦτο
2690 1394 2992 1467 προῆλθεν,
3056 1390 3265 1465 ἔλαθεν,
3317 1393 3503 1449 ἑαυτὸν
3564 1391 3824 1467 οἰόμενος

2166 1482 2333 1538 πλέον
2366 1484 2497 1539 εἶναί
2521 1505 2573 1539 τι
2603 1487 2712 1539 τῶν
2743 1480 2993 1556 πολλῶν,
3026 1482 3116 1538 καὶ
3148 1484 3222 1544 ὡς
3252 1478 3376 1557 ᾔδει
3404 1504 3457 1538 τι
3500 1485 3650 1559 παρὰ
3686 1484 3820 1547 τοὺς

2168 1572 2375 1638 ἄλλους
2395 1573 2711 1650 ἀνθρώπους
2747 1576 2932 1647 μεῖζόν
2958 1595 3009 1629 τι
3041 1575 3377 1648 κεκτημένος
3405 1593 3417 1607 ·
3440 1574 3531 1628 καὶ
3561 1577 3820 1638 τοιοῦτος

2168 1656 2240 1714 ὢν
2276 1658 2469 1715 λοιπὸν
2503 1661 2678 1732 ἑαυτῷ
2709 1660 3004 1718 ἐπεποίθει.
3038 1667 3291 1716 Γεννᾶται
3325 1660 3417 1716 οὖν
3450 1660 3551 1717 οὐκ
3600 1660 3675 1724 εἷς
3709 1683 3821 1735 μα-

2168 1750 2298 1825 κρὰν
2355 1749 2501 1822 αὐτῷ
2538 1749 2755 1823 πρῶτόν
2811 1772 2897 1813 τις
2951 1749 3117 1825 μικρᾶ
3173 1750 3430 1824 ῥᾳθυμία,
3482 1746 3609 1806 ὅσον
3672 1748 3818 1823 μηδέ

418 1847 602 1902 θνάναι
649 1846 884 1921 λέγοντα
929 1848 965 1917 ἢ
1021 1846 1072 1902 ἐν
1105 1846 1382 1909 τοιαύταις
1422 1851 1519 1901 τοῦ
1564 1846 1688 1921 βίου
1716 1845 1908 1915 κηλῖσι
1939 1848 2057 1917 ζῇν.
2092 1874 2139 1939 Β
2172 1840 2307 1894 εἶναι
2340 1838 2603 1913 ῥᾳθυμίαν
2620 1838 2812 1939 ..δοκεῖν
2846 1858 2860 1874 ⁶
2912 1840 3026 1896 εἶτα
3073 1840 3263 1919 φύεται
3309 1840 3509 1915 μείζων
3561 1840 3820 1915 ἀμέλεια,

418 1943 481 1993 Ἡ
513 1937 670 2011 τρίτη
712 1935 800 2005 νὺξ
848 1940 955 1990 τῶν
1020 1933 1292 2008 διαμόνων
1332 1939 1530 2011 μικροῦ
1578 1934 1749 2004 πάντη
1798 1934 1889 1988 τὸν
1959 1933 2058 1987 ἄν-

418 2030 634 2101 θρωπον
690 2032 791 2094 τῆς
852 2027 997 2095 ζωῆς
1056 2023 1368 2095 ἀπήλλαξεν
1407 2023 1654 2095 ἀνηλεῶς
1694 2022 2062 2079 ἐπιπεσόντων

419 2115 568 2187 αὐτῷ
603 2121 723 2175 ταῖς
758 2114 1027 2189 βασάνοις.
1050 2114 1139 2175 Ὠς
1172 2111 1228 2168 δὲ
1251 2114 1349 2168 οὐκ
1381 2112 1520 2170 εἶδον
1543 2112 1782 2186 ἐνδόντα,
1817 2111 2058 2188 ᾤχοντο,

418 2204 621 2260 ἄπνουν
664 2205 759 2277 μὲν
820 2202 1209 2265 καταλιπόντες
1241 2204 1333 2257 τὸν
1378 2204 1685 2278 ἄνθρωπον.
1718 2202 2063 2278 Ἀπερχόμε-

418 2314 501 2351 νοι
532 2298 662 2371 γοῦν
704 2294 1023 2367 ἑκεκράγασι
1070 2292 1325 2367 λέγοντες
1358 2310 1371 2326 ⁸
1425 2294 1733 2363 Ἐνίκησας,
1785 2292 2062 2363 ἐνίκησας.

420 2384 519 2439 Κᾶὶ
552 2383 731 2438 οὐκέτι
758 2382 905 2454 αὐτῷ
937 2385 1263 2453 συνήντησεν
1313 2380 1465 2438 οὐδὲν
1519 2381 1713 2452 δεινον,
1755 2380 1884 2437 ἀλλ’
1931 2382 2067 2457 ἀφό-

422 2469 533 2535 ϐως
563 2474 655 2528 τὸν
684 2472 852 2551 τάφον
891 2471 1102 2544 ᾤκησεν
1133 2468 1237 2534 ἓως
1270 2467 1387 2541 ἔζη,
1421 2474 1658 2542 ἀσκήσας
1703 2472 1936 2547 καθαρὰν
1964 2471 2064 2538 τῆν

420 2563 617 2636 ἀρετὴν
653 2581 667 2595 ·
700 2562 871 2622 οὕτως
913 2560 1002 2615 καὶ
1054 2565 1169 2632 Θεῷ
1215 2561 1405 2633 τίμιος
1457 2562 1746 2636 γενόμενος
1803 2559 1858 2614 έν
1906 2557 2066 2613 δυνά-

426 2672 545 2724 μεσι
597 2650 688 2705 καὶ
737 2651 1029 2724 θαυμάτων
1083 2646 1419 2719 ἐπιδείξεσιν,
1477 2646 1618 2703 ὥστε
1683 2645 1917 2709 πολλοῖς
1976 2645 2066 2701 καὶ

423 2742 602 2813 θαῦμα
658 2742 745 2796 καὶ
794 2738 964 2809 ζῆλον
1014 2740 1197 2794 καλῶν
1255 2735 1702 2811 ἐπιτηδευμάτων
1745 2742 2067 2812 παρασχεῖν.

424 2834 512 2884 Ἐν
557 2830 779 2889 τούτοις
828 2826 1080 2883 πλεῖστοι
1128 2826 1216 2881 καὶ
1258 2831 1364 2883 τῶν
1408 2824 1614 2903 σφόδρα
1670 2826 2066 2903 ἀπεγνωκότων

427 2919 628 2973 ἑαυτῶν
683 2918 954 2991 μετῆλθον
1001 2916 1096 2977 τὰς
1154 2916 1326 2981 καλᾶς
1379 2917 1595 2990 πράξεις
1651 2917 1743 2971 καὶ
1798 2916 2071 2991 κατορθώ-

432 3028 563 3070 σεις.
605 3007 711 3063 Καὶ
763 3006 984 3081 γέγονέν
1034 3006 1219 3070 αὐτοῖς
1261 3008 1324 3062 τὸ
1370 3013 1469 3075 τῆς
1518 3012 1732 3085 Γραφῆς
1780 3005 2072 3082 λεγούσης,

434 3101 545 3159 Πᾶς
587 3098 615 3151 ὁ
664 3100 929 3151 ταπεινῶν
972 3096 1159 3151 ἑαυτὸν
1210 3096 1576 3167 ὑψωθήσεται.
1639 3094 2075 3171 Προηγουμένως

434 3185 549 3258 οῦν,
610 3188 792 3256 τέκνα,
869 3186 1363 3265 ταπεινοφροσύνην
1423 3186 1770 3256 ἀσκήσωμεν,
1829 3182 2073 3260 κρηπῖδα

434 3282 619 3332 πᾶσὼν
654 3275 816 3332 οὖσαν
839 3282 945 3331 τῶν
984 3277 1207 3350 ἀρετῶν,
1243 3276 1388 3330 Πάνυ
1438 3272 1495 3328 δὲ
1527 3269 1903 3347 συμϐάλλεται
1937 3278 2073 3347 ἡμῖν

434 3373 526 3421 καῖ
555 3370 589 3435 ἡ
626 3366 932 3443 μακροτέρα
971 3364 1179 3439 ἔρημος
1211 3366 1347 3440 πρὸς
1386 3366 1485 3433 τὴν
1520 3362 1770 3433 ἄσκησιν.

1034 3478 1288 3530 ΚΕΦΑΛ.
1330 3473 1484 3547 MC’.

526 3565 791 3637 Διήγησις
820 3566 917 3617 τοῦ
950 3557 1089 3616 ἀῦϐᾶ
1120 3562 1378 3637 Ἰωάννου
1417 3561 1539 3635 περὶ
1571 3560 1886 3624 ἐκπεσόντος
1918 3563 2007 3617 καὶ

1029 3636 1483 3706 μετανοήσαντος.

512 3722 704 3799 Γέγονε
760 3726 861 3800 γάρ
921 3743 1003 3785 τις
1059 3724 1148 3778 καὶ
1196 3721 1378 3799 ἕτερος
1428 3724 1672 3799 μοναχὸς
1726 3725 1825 3793 τήν
1891 3722 2081 3797 πόρῥω

438 3807 643 3888 ἔρημον
675 3811 1051 3891 κατειληφὼς,
1083 3812 1172 3869 καὶ
1206 3813 1257 3868 ἐν
1291 3811 1528 3874 πολλοῖς
1557 3807 1695 3867 ἔτεσι
1746 3814 1841 3875 τὰς
1891 3814 2084 3888 ἀρετὰς

438 3904 808 3979 κατορθώσας.
862 3905 948 3959 Ἐν
1008 3905 1165 3978 γήρει
1209 3903 1402 3958 λοιπὸν
1452 3902 1739 3979 τυγχάνων
1800 3909 1898 3972 τῆς
1974 3903 2080 3960 τῶν

440 3990 709 4067 δαιμόνων
765 3987 1069 4062 ἐπιϐουλῆς
1119 3993 1389 4068 ἐπειρᾶτο.
1438 3997 1537 4047 Ἦν
1586 3993 1687 4069 γὰρ
1734 3992 1870 4047 πάνυ
1912 3991 2086 4063 ἀσκη-

436 4086 535 4153 τής
565 4086 665 4154 τῆν
693 4082 930 4159 ἡσυχίαν
981 4081 1382 4157 ἀσπάζόμενος,
1428 4082 1516 4136 καὶ
1568 4082 1621 4136 ἐν
1681 4082 1874 4156 εὐχαῖς
1902 4082 1991 4137 καὶ
2034 4080 2085 4137 ἓν

438 4173 631 4244 ὕμνοις
663 4174 753 4227 καὶ
788 4172 1041 4247 θεωρίαις
1072 4170 1311 4234 πολλαῖς
1346 4170 1706 4245 διημερεύων,
1748 4174 1837 4227 καὶ
1871 4173 2085 4246 ὁράσεις

442 4263 714 4333 θειοτέρας
762 4260 913 4324 τινάς
970 4260 1201 4336 ἐναργὴς
1262 4260 1501 4335 ἐθεώρει.
1550 4266 1718 4315 Τοῦτο
1779 4263 1873 4333 μὲν
1930 4261 2088 4337 ἐγρη-

438 4349 641 4422 γόρως,
672 4353 829 4403 τοῦτο
862 4346 917 4402 δὲ
946 4350 1061 4403 καθ’
1094 4348 1314 4417 ὕπνους,
1346 4350 1434 4402 καὶ
1494 4346 1687 4423 σχεδὸν
1745 4349 1899 4423 ἴχνος
1940 4348 2088 4404 ἐπεί-

440 4435 623 4504 ληπτο
652 4439 749 4505 τῆς
800 4438 1092 4510 ἀσωμάτου
1127 4443 1295 4506 ζωῆς,
1358 4440 1421 4492 οὐ
1499 4445 1603 4513 γῆν
1661 4440 1927 4516 φυτεύων,
1962 4439 2085 4496 οὐδὲ

442 4528 741 4603 φροντίζων
787 4524 1021 4597 διαίτης,
1066 4525 1191 4581 οὐδὲ
1236 4526 1287 4581 ἐν
1335 4532 1452 4589 τοῖς
1493 4534 1682 4605 φυτοῖς
1715 4534 1915 4601 ζητῶν,
1947 4532 1976 4586 ’ὀ
2032 4553 2087 4587 τι

2171 1930 2287 1984 εἶτα
2310 1931 2432 1984 ὅσον
2460 1932 2547 1984 καὶ
2583 1928 2830 2001 αἴσθησιν
2862 1933 3022 1989 εἶναι.
3050 1931 3151 1986 Καὶ
3182 1931 3282 2009 γὰρ
3312 1932 3403 1986 καὶ
3426 1931 3485 1986 ἐκ
3506 1936 3618 1987 τῶν
3641 1930 3821 1988 ὕπνων

2171 2018 2528 2095 ὀκνηρότερον
2557 2016 2859 2075 διανίστατο
2890 2021 3028 2095 πρὸς
3066 2019 3193 2083 τοὺς
3230 2020 3454 2095 ὕμνους,
3489 2021 3579 2077 καὶ
3611 2023 3672 2077 τὸ
3711 2027 3821 2077 τῶν

2173 2108 2353 2183 εὐχῶν
2384 2106 2491 2180 ἤδη
2526 2109 2836 2185 ἀργότερον,
2869 2110 2961 2164 καὶ
2993 2112 3024 2164 ἁ
3050 2109 3217 2185 ὕμνος
3249 2111 3359 2185 οὐχ
3389 2110 3563 2173 οὕτως
3593 2110 3815 2167 ἐκτετα-

2178 2200 2339 2272 μένος
2374 2218 2386 2231 ·
2419 2199 2508 2253 καὶ
2539 2200 2574 2267 ἡ
2617 2200 2771 2273 ψυχή
2828 2199 3166 2274 βουλομένη,
3207 2201 3390 2279 φησὶν,
3432 2200 3819 2270 ἀναπαύεσθαι,

2174 2288 2264 2343 καὶ
2300 2289 2327 2343 ὁ
2357 2292 2483 2353 νοῦς
2512 2283 2665 2342 ἔπεσε
2693 2291 2859 2358 κάτω,
2912 2290 2998 2345 καὶ
3046 2291 3097 2345 οἱ
3158 2289 3419 2365 λογισμοὶ
3462 2287 3818 2367 ῥεμόασμοῦς

2175 2399 2326 2440 τινας
2384 2372 2625 2455 ἔπασχον
2666 2396 2679 2409 ’
2737 2378 2826 2432 καί
2874 2378 2979 2434 πού
3024 2400 3108 2443 τις
3168 2377 3219 2434 ἔν
3276 2386 3394 2445 τοῖς
3447 2380 3698 2459 κρυφίοις
3728 2382 3820 2436 καὶ

2175 2465 2406 2539 ἀμέλεια
2445 2465 2762 2538 έμελετὰτο,
2795 2465 2941 2538 πλὴν
2973 2466 3103 2524 ἀλλ’
3134 2470 3162 2524 ὁ
3191 2467 3420 2543 ἐθισμὸς
3452 2469 3511 2526 ἐκ
3560 2476 3669 2527 τῶν
3716 2467 3821 2544 ἔμ-

2176 2557 2407 2629 προσθεν
2440 2554 2643 2629 ἀπῆγέν
2695 2577 2811 2618 πως
2850 2556 2939 2611 ἐπὶ
2986 2558 3077 2613 τὸν
3125 2559 3387 2630 ἀσκητήν,
3446 2558 3627 2635 ὥσπερ
3670 2558 3819 2634 ῥύμη

2176 2666 2261 2707 τις
2307 2644 2366 2698 έκ
2401 2646 2500 2713 τῆς
2549 2645 2729 2719 ὁρμῆς
2778 2644 2987 2717 ἐκείνης
3037 2664 3053 2678 ·
3102 2647 3191 2702 καὶ
3241 2644 3465 2719 διέσωζε
3511 2648 3669 2711 τέως.
3720 2652 3821 2704 Καί

2179 2754 2311 2789 ποτε
2364 2731 2616 2788 εἴσελθὼν
2670 2735 2804 2809 μετὰ
2850 2738 2944 2799 τὰς
2994 2739 3238 2808 συνήθεις
3286 2737 3453 2817 εὐχὰς
3490 2740 3625 2813 πρὸς
3673 2738 3826 2793 ἑσπέ-

2181 2846 2301 2899 ραν,
2333 2825 2483 2900 εὗρεν
2521 2826 2614 2881 τὸν
2663 2825 2826 2900 ἄρτον
2879 2826 2965 2882 ἐπὶ
3011 2832 3111 2895 τῆς
3159 2829 3425 2905 τραπέζης
3454 2830 3630 2883 θεόθεν
3660 2830 3824 2902 αὐτῷ

2182 2914 2627 2991 χορηγούμενον,
2657 2916 2747 2971 καὶ
2787 2918 3113 2989 ἀνεκτήσατο
3148 2936 3164 2956 ο
3194 2918 3246 2974 έν
3291 2922 3366 2991 νῷ
3407 2916 3462 2973 δὶ
3506 2920 3601 2981 τὰς
3648 2920 3827 2992 μειώ-

2182 3023 2291 3063 σεις
2324 3002 2526 3067 ἐκείνας
2556 3004 2656 3060 οὐκ
2698 3001 3000 3062 ἀπεϐάλετο
3036 3014 3049 3039 ‘
3100 3006 3225 3063 οὐδὲ
3283 3006 3570 3084 ἐλογίσατο
3623 3010 3709 3064 δτι
3759 3010 3831 3066 τὰ

2184 3093 2546 3168 παροράματα
2602 3095 2701 3164 τήν
2753 3094 2993 3166 σπουδὴν
3058 3096 3313 3171 βλάπτει,
3372 3096 3500 3154 ούδὶ
3565 3097 3653 3155 ἐπὶ
3725 3101 3829 3169 τήν

2189 3180 2329 3237 ἴασιν
2362 3183 2610 3259 ἐτρέπετο
2640 3190 2738 3240 τοῦ
2768 3190 2937 3241 κακοῦ
2961 3206 2975 3220 ⁸
3017 3185 3164 3242 ἄλλά
3196 3189 3389 3262 μικρὸν
3424 3189 3581 3262 ᾠήθη
3612 3189 3673 3243 τὸ
3703 3191 3832 3262 παρ’

2189 3270 2400 3349 ὀλίγον,
2430 3278 2538 3328 τῶν
2588 3272 2817 3330 δεόντων
2843 3276 3155 3335 ἀποπεσεῖν.
3204 3282 3507 3353 Τοιγαροῦν
3540 3274 3678 3353 ἔρως
3706 3277 3833 3333 ἐπι-

2190 3362 2388 3435 θυμίας
2433 3364 2673 3437 ἁρπάσας
2732 3364 2809 3428 εἷς
2850 3368 2941 3422 τὸν
2994 3366 3199 3442 κόσμον
3242 3368 3526 3445 ἀπήγαγεν
3556 3374 3673 3431 τοῖς
3733 3369 3834 3424 λο-

2190 3456 2413 3527 γισμοῖς
2449 3472 2460 3484 ·
2512 3452 2665 3528 ὅμως
2707 3453 2949 3532 ἐπισχών
2995 3456 3181 3513 ἑαυτὸν
3221 3458 3356 3521 τέως
3391 3458 3509 3529 ⁸τὴν
3572 3457 3829 3513 ἐπιοῦσαν

2190 3538 2396 3613 ἡμέραν
2458 3540 2543 3597 ἐπὶ
2600 3545 2700 3614 τὴν
2752 3547 2956 3617 συνήθη
3020 3547 3358 3621 τρεπόμενος
3427 3546 3675 3619 ἄσκησιν,
3738 3548 3829 3604 καὶ

2191 3626 2499 3702 εὐξάμενος,
2548 3631 2637 3686 καὶ
2693 3633 2935 3707 ὑμνήσας
2984 3634 3241 3692 εἰσελθὼν
3283 3636 3334 3691 ἐν
3406 3642 3487 3710 τῷ
3554 3636 3836 3711 σπηλαίῳ,

2192 3718 2281 3773 τὸν
2316 3719 2410 3793 μὲν
2442 3717 2603 3795 ἄρτον
2637 3720 2783 3796 εὗρεν
2812 3722 2961 3796 αὐτῷ
2990 3726 3383 3800 παρακείμενον
3415 3744 3428 3757 ’
3463 3725 3570 3802 οὐχ
3601 3726 3745 3783 οὕτω
3778 3725 3837 3783 δὶ

2192 3806 2431 3881 ἐπιμελῆ
2474 3809 2563 3863 καὶ
2603 3811 2857 3885 καθαρὸν,
2908 3811 3054 3868 ἀλλὰ
3106 3814 3485 3889 ῥερυπωμένον
3528 3836 3647 3878 πως
3700 3814 3837 3887 ἤδη.

2196 3899 2295 3955 Καὶ
2360 3900 2637 3974 θαυμάσας
2693 3903 2783 3956 καὶ
2840 3906 3091 3983 κατηφής
3138 3926 3254 3968 πως
3304 3906 3614 3982 γενόμενος,
3683 3908 3841 3981 ὅμως

2198 3987 2425 4063 μετέσχε
2507 3990 2598 4045 καὶ
2669 3992 3021 4063 ἀνεκτήσατο.
3094 3995 3256 4068 Τρίτη
3331 3994 3420 4067 νὺξ
3476 3998 3685 4072 γέγονε,
3744 3998 3838 4051 καὶ

2192 4078 2513 4151 τριπλάσιον
2545 4080 2607 4134 τὸ
2645 4081 2809 4136 κακὸν
2859 4084 3228 4156 προσετίθετο.
3286 4086 3383 4139 Καὶ
3430 4086 3533 4161 γάρ
3582 4088 3776 4140 θᾶττον
3809 4087 3838 4139 ὁ

2193 4172 2319 4231 νοῦς
2365 4170 2509 4242 αὐτῷ
2557 4176 2673 4234 τοῖς
2720 4168 3011 4248 λογισμοῖς
3062 4173 3479 4251 ἐγκατέσκηψεν.
3514 4178 3583 4231 Ἣ
3636 4178 3833 4250 μνήμη

2196 4254 2253 4313 δὲ
2301 4259 2449 4332 αύτῷ
2505 4260 2579 4322 ὡς
2632 4257 2693 4315 ἂν
2742 4264 3023 4337 παρούσης
3073 4266 3323 4340 γυναικὸς
3382 4265 3474 4321 καὶ
3532 4286 3848 4321 συνανακει-

2199 4346 2364 4421 μένης
2411 4346 2791 4408 συνδιετίθετο.
2864 4352 2962 4407 Καὶ
3019 4355 3082 4409 τὸ
3149 4359 3373 4431 πρᾶγμα
3420 4355 3470 4410 ἐν
3526 4354 3843 4431 ὀφθαλμοῖς

2196 4436 2364 4513 εἶχεν,
2422 4439 2511 4493 καὶ
2562 4438 2637 4501 ὡς
2695 4442 2943 4515 πράττων
3013 4444 3147 4498 αὐτὸ
3206 4441 3456 4502 διετέλει.
3515 4443 3741 4517 Ἐεῆλθε
3784 4443 3843 4500 δὲ

2195 4526 2349 4599 ὅμως
2396 4528 2486 4581 καὶ
2536 4530 2635 4599 τὴν
2668 4530 2856 4605 τρίτην
2908 4534 3117 4607 ἡμέραν
3169 4533 3259 4588 ἐπὶ
3300 4534 3364 4588 τὸ
3394 4528 3577 4610 ἔργον,
3611 4534 3705 4589 καὶ
3735 4536 3841 4604 τὴν

438 4615 673 4691 παρέχοι
704 4620 782 4689 τῷ
813 4617 1026 4689 σώματι
1055 4614 1317 4690 δεομένῳ,
1361 4615 1489 4672 ἀλλ’
1508 4604 1642 4672 οὐδὲ
1674 4618 1732 4673 ἐκ
1766 4627 1865 4689 τῆς
1904 4618 2085 4698 χλόης
2119 4604 2163 4669 D
2195 4614 2363 4689 εὐχήν
2392 4616 2480 4671 καὶ
2511 4620 2638 4681 τοὺς
2671 4604 2893 4693 ὕμνους,
2928 4604 3107 4677 οὐκέτι
3156 4623 3393 4699 καθαρὰς
3424 4604 3581 4698 ’ἔχων
3623 4624 3724 4685 τὰς
3756 4623 3842 4678 ἐν.

440 4704 564 4762 οὐδὲ
594 4705 761 4782 ἄγραν
788 4707 1015 4781 ὀρνίθων
1042 4705 1164 4762 οὗδέ
1196 4706 1372 4764 ἄλλου
1394 4708 1541 4773 τινὸς
1574 4712 1882 4788 μετήρχετο
1917 4711 2079 4779 ζώου.

439 4794 619 4854 Ἀλλὰ
682 4798 1059 4867 πεποιθήσεως
1098 4794 1280 4874 γέμῶν
1344 4796 1419 4859 εἷς
1476 4798 1603 4853 Θεὸν
1660 4797 1842 4867 ἐξότου
1881 4798 1939 4852 ἐκ
1983 4806 2083 4869 τῆς

440 4886 769 4959 οἲκουμένης
822 4883 1087 4958 μετῆλθεν
1148 4885 1259 4940 ἐκεῖ
1305 4886 1393 4939 καὶ
1446 4885 1607 4961 λόγον
1657 4884 1874 4947 οὐδενὸς
1934 4888 2078 4962 εἶχεν

440 4973 589 5035 ὅπως
627 4974 775 5044 αὐτῷ
816 4976 1144 5051 τρεφόμενον
1199 4972 1448 5048 διαμένοι
1497 4976 1559 5029 τὸ
1611 4980 1789 5049 σῶμα.
1839 4974 1997 5030 Ἀλλ’
2027 4975 2079 5031 ἒν

439 5062 586 5137 λήθῃ
621 5062 831 5117 πάντων
867 5064 1002 5118 ἑκὼν
1044 5064 1256 5141 ἀνεῖχεν
1301 5063 1507 5135 ἑαυτὸν,
1538 5062 1734 5137 τελείῳ
1763 5065 1918 5137 πόοῳ
1945 5067 2082 5140 πρὸς

437 5154 564 5211 Θεὸν
598 5153 924 5227 παραμένων
965 5154 1053 5207 καὶ
1102 5151 1410 5226 περιμένων
1456 5154 1555 5222 τῆν
1606 5151 1823 5225 κλῆσιν,
1855 5155 1943 5209 καὶ
1978 5157 2079 5226 τὴν

435 5245 494 5299 ἐκ
524 5248 620 5299 τοῦ
664 5244 875 5318 κόσμου
924 5245 1226 5316 μετάθεσιν,
1258 5243 1347 5297 καὶ
1409 5249 1488 5316 τῷ
1555 5244 1800 5317 πλείστῳ
1853 5268 1933 5322 γε,
2010 5251 2079 5321 τῇ

432 5335 616 5409 τέρψει
673 5341 781 5389 τῶν
827 5333 1163 5413 φαινομένων
1213 5334 1305 5387 καὶ
1372 5331 1747 5407 ἐλπιζομένων
1806 5334 2078 5413 ἐτρέφετο,

433 5424 522 5476 καὶ
577 5420 700 5477 οὕτε
753 5426 815 5479 τὸ
869 5430 1027 5498 σῶμα
1071 5425 1405 5494 κατετήκατο
1447 5424 1596 5495 αὐτῷ
1634 5430 1701 5499 τῇ
1760 5428 2076 5501 παρεκτάσει,

436 5507 558 5564 οὕτε
588 5511 795 5583 ἄθυμος
826 5515 891 5583 ἦν
921 5516 955 5584 ἡ
997 5515 1173 5589 ψυχὴ,
1198 5510 1324 5567 ἀλλ’
1376 5511 1427 5568 ἐν
1462 5517 1630 5587 σεμνῇ
1662 5536 1767 5569 τινι
1815 5517 2077 5572 καταστά-

434 5616 514 5652 σει
545 5601 642 5667 τὴν
674 5602 848 5670 καλὴν
879 5603 984 5673 ’ὲξιν
1016 5601 1142 5678 ἔσχε
1178 5625 1189 5636 ·
1224 5602 1369 5671 πλὴν
1418 5600 1565 5656 ἀλλὰ
1613 5610 1788 5677 τιμῶν
1843 5608 2005 5661 αὐτὸν
2048 5607 2076 5663 ὁ

432 5684 563 5747 Θεὸς
596 5682 684 5739 διά
715 5708 860 5749 τινος
888 5689 1222 5766 τεταγμένου
1254 5691 1480 5764 χρόνου,
1524 5684 1620 5744 δύο
1650 5692 1685 5761 ἢ
1726 5697 1890 5765 τριῶν
1937 5694 2077 5765 ἠμε-

434 5778 540 5849 ρῶν
600 5772 761 5849 ἄρτον
819 5775 907 5831 ἐπὶ
953 5786 1052 5849 τῆς
1102 5779 1374 5854 τραπέζης
1432 5775 1634 5853 ἐδίδου,
1689 5779 1968 5860 φαίνεσθαί
2020 5803 2079 5838 τε

430 5866 521 5925 καὶ
552 5866 705 5941 εἶναι,
737 5868 824 5923 καὶ
857 5871 1094 5946 χρῆσθαι
1141 5890 1153 5904 ·
1194 5869 1283 5927 καὶ
1342 5869 1522 5926 εἰσιὼν
1583 5868 1636 5926 ἐν
1694 5874 1773 5946 τῷ
1820 5869 2078 5953 σπηλαίῳ

2192 4706 2452 4780 θυμήσεις
2480 4729 2491 4743 ·
2524 4707 2671 4766 ἀλλὰ
2703 4712 2877 4766 πυκνὰ
2926 4713 3431 4791 μεταστρεφόμενος
3475 4714 3839 4787 μετεωρίζετο

2188 4796 2317 4860 τοὺς
2348 4798 2667 4876 ὀφθαλμοὺς
2700 4798 2806 4856 ὧδε
2845 4802 3001 4857 κάκεῖ
3040 4801 3356 4872 ἀκοντίζων.
3402 4801 3691 4877 Διέτεμνον
3738 4803 3842 4880 γὰρ

2191 4886 2355 4943 αὐτοῦ
2388 4890 2450 4944 τὸ
2480 4888 2649 4945 καλὸν
2696 4889 2854 4969 ἔργον
2904 4894 2959 4948 αἱ
3008 4900 3220 4967 μνῆμαι
3263 4898 3370 4949 τῶν
3414 4893 3840 4967 ἐνθυμημάτων.

2188 4978 2447 5053 Ἑσπέρας
2479 4977 2573 5035 οὖν
2601 4981 2901 5051 ἐπανῆλθεν
2932 4982 3093 5058 ἄρτον
3143 4981 3423 5057 δεόμενος,
3454 4985 3550 5039 τὸν
3604 4980 3664 5038 δὲ
3716 4985 3839 5059 εὗρε

2191 5069 2285 5141 μὲν
2308 5070 2362 5123 έν
2384 5072 2452 5143 τῇ
2471 5072 2711 5146 τραπέζῃ
2738 5073 2855 5127 οῖον
2885 5074 2989 5128 ὑπὸ
3014 5077 3186 5147 μυιῶν
3209 5073 3429 5144 ἢκυνῶν
3459 5068 3834 5149 βεϐρωμένον,

2188 5158 2276 5212 καὶ
2310 5158 2565 5233 λείψανὸν
2594 5181 2645 5216 τι
2686 5166 2792 5217 τῶν
2824 5163 3003 5239 ξηρῶν
3034 5161 3243 5236 ἔξωθεν.
3267 5161 3395 5218 Τότε
3419 5164 3586 5218 στένει
3623 5163 3724 5236 μὲν
3749 5162 3843 5216 καὶ

2189 5246 2425 5325 δακρύει,
2458 5249 2583 5307 ἀλλ’
2614 5252 2720 5329 οὐχ
2750 5250 2871 5307 ὅσον
2924 5252 3131 5324 ἰκανὸν,
3163 5251 3290 5309 οὐδὲ
3345 5254 3470 5308 ὅσον
3516 5252 3830 5308 ἐπιστεῖλαι

2184 5342 2283 5410 τῆν
2316 5341 2565 5410 ἀτοπίαν,
2596 5344 2685 5397 καὶ
2725 5343 2981 5420 στραφεὶς
3025 5344 3132 5418 οὐχ
3163 5340 3289 5397 ὅσον
3339 5343 3557 5413 ἤθελεν,
3608 5340 3837 5417 ’ἐτοιμος

2186 5429 2253 5499 ἦν
2312 5431 2729 5487 ἀναπαύσασθαι.
2793 5430 3071 5502 Ἐπῆλθον
3130 5430 3187 5487 δέ
3267 5432 3414 5505 αύτῷ
3464 5434 3518 5487 οἱ
3566 5431 3834 5510 λόγισμοῖ

2186 5518 2398 5592 ἀθρόως
2438 5522 2701 5576 πάντοθεν
2729 5522 2887 5576 αὐτὸν
2935 5519 3305 5599 περιέχοντες,
3354 5522 3443 5577 καὶ
3492 5521 3833 5597 πολεμοῦσιν

2187 5607 2350 5664 αὐτοῦ
2380 5611 2480 5679 τὴν
2526 5608 2781 5683 διάνοιαν,
2812 5610 2904 5666 καὶ
2952 5611 3113 5673 εὐθὺς
3173 5609 3537 5686 αἰχμάλωτον
3590 5611 3833 5689 αἴρουσιν

2186 5697 2263 5761 εἷς
2290 5699 2381 5753 τὸν
2436 5701 2660 5774 κόσμον.
2701 5702 2961 5762 Ἀναστὰς
3006 5699 3063 5756 δὲ
3120 5698 3302 5776 ᾤχετο
3361 5699 3448 5755 ἐπὶ
3504 5702 3608 5770 τήν
3645 5703 3831 5756 οἰκου-
3880 5728 3885 5731 ·

2189 5788 2353 5859 μένην
2406 5785 2494 5843 διὰ
2548 5796 2648 5861 τῆς
2695 5788 2906 5865 ἐρήμου
2954 5793 3331 5865 νυκτοπορῶν.
3391 5786 3832 5860 Καταλαϐούσης

2186 5873 2241 5936 δὲ
2269 5876 2429 5961 αὐτὸν
2456 5884 2559 5953 τῆς
2583 5879 2817 5957 ἡμέρας,
2849 5881 2936 5940 καὶ
2969 5883 3072 5957 τῆς
3104 5880 3433 5959 οἷκούμενης
3486 5876 3564 5937 ἔτι
3622 5881 3833 5960 μακράν
