4112 6210
259 392 410 452 1125

1601 390 1970 454 HISTORIA
2015 395 2416 458 LAUSlACA.

3605 409 3764 470 1126

253 527 314 581 in
348 525 605 593 ﬂetibus,
653 538 722 580 ne
773 540 942 580 aures
991 523 1224 616 quidem
1258 525 1340 581 eis
1391 526 1702 596 prmbebat,
1744 532 1801 582 et
1850 546 1953 585 nec
1981 537 2039 601 Α
2069 547 2195 601 quae
2227 549 2341 587 non
2365 538 2700 602 cernuntur,
2733 541 2791 592 et
2820 547 3145 610 sperantur,
3176 549 3231 598 et
3261 559 3445 616 neque
3476 545 3766 603 diuturni-

251 617 496 672 verbum
522 615 909 686 respondebat
929 631 1056 671 eum
1078 615 1174 670 diu
1195 616 1541 687 urgentibus
1558 616 1944 686 dwmonibus;

255 711 589 778 postquam,
649 705 910 776 inquam,
973 705 1117 760 nihil
1167 705 1502 774 effecerunt,
1551 707 1750 763 eadem
1800 723 1950 780 saepe

249 796 332 851 illi
367 797 649 865 dicentes,
684 799 1036 867 acceperunt
1065 812 1198 851 eum
1234 796 1364 851 mali
1398 801 1454 851 et
1494 804 1688 868 turpes
1735 798 1951 852 deamo-

251 903 375 952 nes,
427 891 484 942 et
536 890 718 942 totum
779 886 911 957 ejus
956 902 1166 958 corpus
1223 885 1372 942 male
1421 886 1763 953 multarunt,
1813 903 1948 942 eum

250 977 506 1049 graviter
537 977 736 1049 ﬂagris
763 977 1082 1046 caedentes;
1117 980 1173 1033 et
1203 993 1331 1032 cum
1365 993 1494 1033 eum
1538 977 1785 1043 graviter
1827 976 1949 1032 l'or-

251 1069 483 1137 sissent,
515 1069 779 1124 abierunt
813 1085 878 1124 eo
929 1068 1128 1126 relicto
1167 1069 1567 1125 semimortuo.
1618 1067 1718 1123 llle
1757 1071 1950 1122 autem

252 1157 435 1214 nihilo
495 1157 671 1214 sicius
723 1157 1038 1213 immobilis
1077 1158 1312 1228 jacebat
1359 1157 1458 1212 ubi
1508 1171 1640 1212 eum
1701 1154 1947 1227 relique-

247 1251 408 1315 runt,
465 1264 665 1304 rursus
713 1263 947 1318 gemens
1001 1250 1312 1319 postquam
1364 1245 1648 1314 animum,
1703 1245 1952 1315 college-

246 1342 363 1394 rat.
411 1339 547 1393 Cum
592 1346 786 1394 autem
831 1338 958 1407 ejus
992 1337 1303 1392 necessarii
1332 1354 1468 1392 eum
1501 1335 1951 1407 iuvestigassent

242 1436 295 1482 et
329 1426 711 1495 invenissent,
753 1437 809 1482 et
851 1442 1089 1482 causam
1137 1427 1258 1496 ejus
1291 1426 1442 1496 quod
1489 1425 1674 1496 ipsius
1724 1425 1952 1495 corpori

242 1519 536 1574 acciderat
568 1519 932 1585 didicissent,
965 1517 1246 1588 rogabant
1277 1532 1410 1570 eum
1441 1520 1499 1570 ut
1529 1516 1766 1570 domum
1811 1513 1951 1568 redi-

241 1613 333 1662 ret
368 1625 380 1660 :
417 1609 465 1662 is
505 1613 697 1663 autem
733 1622 860 1662 cum
893 1607 1007 1661 vim
1039 1606 1091 1660 ei
1124 1622 1275 1676 saepe
1319 1603 1671 1671 attulissent,
1716 1603 1947 1658 restitit.

242 1697 477 1753 Rursus
509 1703 706 1752 autem
739 1695 1003 1767 sequenti
1037 1701 1204 1751 nocte
1234 1710 1368 1750 eum
1412 1695 1619 1750 iisdem
1648 1694 1717 1750 de
1757 1694 1950 1749 causis

239 1789 414 1858 pejus
444 1805 613 1858 quam
646 1787 806 1858 prius
838 1785 1155 1841 affecerunt
1184 1786 1512 1851 dzemones;
1543 1788 1600 1840 et
1626 1801 1694 1839 ne
1718 1784 1800 1840 sic
1822 1783 1950 1854 qui-

2067 624 2181 675 tate
2203 621 2251 675 ei
2275 638 2481 692 corpus
2505 627 2925 698 macerabatur,
2954 646 3140 702 neque
3166 634 3443 690 maerebat
3461 635 3765 708 tristisque

2059 714 2182 764 erat
2203 712 2534 772 anima,sed
2561 715 2619 770 in
2643 719 2888 785 quodam
2914 719 3153 777 honesto
3177 739 3243 780 ac
3264 725 3588 780 venerando
3610 729 3762 782 statu

2064 800 2277 856 bonum
2311 802 2558 859 habebat
2591 806 2874 864 habitum.
2908 813 3121 868 Verum
3145 814 3436 871 enimvero
3458 815 3612 871 Deus
3631 831 3762 873 eum

2063 888 2378 958 bonorans,
2440 898 2572 963 post
2630 897 2977 965 praefinitum
3037 902 3317 973 temporis
3366 903 3761 975 intervallum,

2060 979 2228 1034 dabat
2259 980 2306 1035 ei
2341 996 2518 1052 super
2547 999 2807 1041 mensam
2834 1003 3039 1056 panem
3065 991 3314 1048 duorum
3336 993 3422 1048 vel
3448 993 3629 1050 trium
3652 995 3763 1051 die-

2059 1085 2212 1137 rum,
2248 1073 2311 1124 ut
2341 1074 2395 1124 et
2428 1070 2717 1128 videretur
2747 1079 2802 1129 et
2832 1081 3005 1146 esset,
3048 1082 3104 1133 et
3135 1095 3199 1136 eo
3243 1085 3520 1140 uteretur.
3561 1088 3627 1140 Et
3665 1084 3762 1140 in-

2060 1160 2333 1233 grediens
2360 1161 2424 1216 in
2458 1163 2820 1234 speluncam,
2853 1169 3087 1238 quando
3116 1171 3403 1227 sentiebat
3430 1189 3643 1244 corpus
3666 1176 3757 1231 in-

2059 1252 2274 1323 digere,
2317 1249 2650 1310 inveniebat
2707 1256 3146 1314 nutrimentum.
3189 1259 3253 1315 Et
3293 1275 3424 1316 curn
3466 1261 3765 1319 adorasset

2061 1345 2115 1397 et
2135 1340 2736 1413 cibumjsumpsisset,
2769 1345 3005 1416 hymnis
3037 1363 3242 1404 rursus
3272 1349 3594 1419 fruebatur,
3638 1367 3762 1421 per-

2060 1447 2333 1486 severans
2365 1433 2422 1487 in
2458 1433 2727 1503 percibus
2758 1441 2813 1490 et
2843 1437 3356 1508 contemplatione,
3395 1441 3452 1494 in
3484 1441 3608 1497 dies
3639 1457 3758 1513 ger-

2061 1522 2313 1585 minans,
2345 1530 2397 1575 et
2429 1539 2490 1576 se
2520 1524 2756 1578 tradens
2791 1526 3057 1595 praesenti
3084 1526 3281 1581 virtuti
3304 1533 3362 1581 et
3384 1527 3591 1584 futura
3615 1532 3759 1602 spei.

2060 1629 2291 1684 semper
2319 1613 2504 1684 magis
2536 1616 2833 1685 magisque
2866 1616 3280 1687 progrediens;
3315 1622 3370 1673 et
3403 1619 3515 1675 fere
3536 1620 3660 1689 jam
3695 1623 3763 1678 de

2061 1703 2287 1758 meliori
2327 1720 2432 1758 sua
2471 1708 2625 1760 sorte
2656 1705 3008 1772 confidebat,
3053 1710 3326 1776 tanquam
3350 1709 3474 1778 jam
3507 1725 3636 1764 eam
3660 1711 3761 1766 ba-

2059 1792 2219 1847 beret
2263 1793 2321 1847 in
2355 1793 2623 1848 manibus
2657 1809 2669 1848 :
2707 1795 2858 1864 quod
2891 1794 3072 1850 etiam
3107 1794 3212 1850 fuit
3251 1796 3301 1852 ei
3330 1813 3505 1852 causa
3534 1797 3759 1870 lapsus,

238 1879 379 1932 dem
432 1877 556 1947 ejus
610 1875 1024 1970 consanguinei
1073 1876 1124 1930 ei
1184 1874 1531 1970 persuadent
1575 1878 1652 1970 ut.
1683 1875 1949 1970 emigret,
1987 1906 2027 1970 Β
2062 1897 2193 1936 cum
2230 1883 2651 1953 propemodum
2675 1883 2962 1940 excideret
2992 1901 3094 1956 per
3123 1902 3246 1940 eam
3281 1901 3401 1956 qua
3433 1887 3626 1958 ipsum
3658 1904 3763 1959 po-

237 1968 446 2023 dicens
479 1967 666 2022 satius
697 1982 823 2021 esse
870 1965 1010 2020 mori
1044 1981 1220 2036 quam
1259 1964 1448 2020 vivere
1489 1964 1546 2018 in
1582 1963 1790 2018 talibus
1821 1961 1948 2017 vitae

239 2055 514 2112 maculis.
548 2056 738 2112 Tertia
784 2072 896 2110 nox
938 2055 1356 2126 propemodum
1392 2053 1526 2110 fecit
1559 2057 1621 2108 ut
1651 2053 1953 2108 excederet

239 2147 316 2202 ab
341 2145 701 2214 hominibus,
726 2161 859 2200 cum
883 2144 1216 2201 crudelibus
1238 2143 1544 2200 tormentis
1566 2143 1623 2199 in
1643 2161 1773 2200 eum
1796 2143 1950 2197 inva-

232 2234 456 2292 sissent
485 2236 795 2302 daemones,
824 2239 881 2289 et
912 2250 1046 2289 eum
1078 2239 1385 2288 vexassent
1416 2249 1595 2304 usque
1643 2234 1712 2288 ad
1761 2237 1952 2288 extre-

237 2342 407 2380 mum
440 2325 732 2397 spiritum.
767 2323 1082 2394 Postquam
1119 2328 1311 2378 autem
1345 2321 1612 2377 viderunt
1642 2339 1776 2378 eum
1834 2341 1948 2379 non

233 2416 622 2481 concessisse,
685 2416 1068 2481 recesserunt,
1126 2411 1360 2468 homine
1417 2411 1612 2467 relicto
1673 2413 1945 2467 exanimi.

235 2504 597 2562 Recedentes
628 2503 823 2574 itaque
847 2501 1264 2569 exclamarunt,
1290 2501 1548 2557 dicentes
1573 2517 1584 2555 :
1615 2501 1840 2568 Vicisti,
1868 2503 1950 2557 vi-

234 2596 396 2665 cisti,
429 2593 632 2650 vicisti.
663 2593 859 2664 Neque
890 2593 940 2648 ei
972 2591 1219 2664 amplius
1252 2591 1470 2664 aliquid
1502 2591 1638 2646 mali
1662 2591 1946 2654 occurrit;

235 2689 338 2742 sed
376 2684 433 2738 in
477 2683 788 2755 purissimo
828 2682 1096 2753 sepulcro
1127 2697 1266 2753 pure
1297 2680 1576 2736 habitavit
1608 2681 1740 2735 dum
1783 2680 1947 2748 vixit,

237 2789 444 2846 puram
474 2788 746 2828 exercens
779 2772 1066 2827 virtutem.
1105 2773 1159 2826 Is
1191 2771 1304 2826 Deo
1336 2786 1568 2841 quoque
1601 2770 1711 2824 fuit
1735 2771 1948 2842 pretio-

238 2881 367 2930 sus,
403 2868 458 2919 et
486 2863 820 2930 virtutibus,
876 2861 1275 2918 miraculorum
1318 2860 1759 2927 affectionibus;
1807 2861 1948 2915 adeo

241 2959 310 3011 ut
340 2957 396 3009 et
427 2953 645 3009 multos
679 2952 735 3008 in
768 2951 1216 3008 admirationem
1249 2948 1543 3005 induxerit
1573 2957 1627 3004 et
1654 2948 1725 3004 ad
1756 2949 1947 3004 zelum

239 3045 551 3103 adduxerit
571 3053 622 3102 et
641 3044 1073 3101 temulationem
1107 3043 1489 3098 honestorum
1518 3041 1943 3096 institutorum.

237 3137 393 3196 Hinc
423 3139 636 3194 factum
689 3141 778 3192 est
811 3140 873 3190 ut
920 3133 1092 3190 multi
1140 3150 1366 3205 quoque
1399 3149 1465 3188 ex
1509 3132 1581 3188 iis
1622 3132 1722 3203 qui
1772 3131 1841 3187 de
1889 3148 1948 3186 se

237 3226 410 3283 valde
442 3227 912 3298 desperaverant,
945 3225 1124 3280 bonas
1155 3223 1409 3279 actiones
1437 3223 1692 3294 aggressi
1728 3222 1868 3288 sint,
1891 3224 1947 3276 et

2059 1975 2180 2026 stea
2210 1970 2424 2027 invasit
2445 1972 2843 2028 tentationem.
2879 1973 3023 2038 Quid
3057 1973 3211 2030 enim
3235 1991 3348 2032 non
3371 1975 3620 2033 dicimus
3638 1978 3765 2048 ejus

2059 2074 2193 2114 eum
2226 2061 2320 2130 qui
2363 2077 2538 2132 prope
2569 2061 2678 2117 fuit
2705 2063 2945 2118 casum?
2966 2064 3278 2136 Postquam
3303 2065 3459 2121 enim
3500 2066 3569 2121 ad
3613 2066 3762 2124 hanc

2060 2151 2342 2222 processit
2386 2152 2824 2223 cogitationem,
2868 2154 3126 2225 paulatin
3170 2154 3505 2227 imprudens
3547 2171 3613 2214 eo
3655 2158 3762 2214 de-

2059 2239 2239 2308 venit,
2289 2243 2352 2296 ut
2390 2241 2747 2298 existimaret
2792 2260 2855 2300 se
2893 2259 3022 2299 esse
3063 2243 3244 2316 pluris
3286 2262 3460 2317 quam
3503 2246 3669 2314 alios,
3703 2251 3763 2303 et

2051 2329 2176 2400 jam
2212 2330 2399 2400 majus
2422 2331 2561 2402 quid
2584 2330 2880 2402 possidere
2903 2349 3074 2403 quam
3105 2333 3206 2388 alii
3227 2332 3524 2402 homines;
3549 2339 3605 2391 et
3627 2352 3760 2392 cum

2061 2419 2194 2476 talis
2225 2425 2394 2489 esset,
2423 2422 2544 2490 jam
2586 2421 2864 2494 deinceps
2894 2425 2954 2479 in
2984 2423 3178 2496 seipso
3221 2423 3422 2480 habuit
3465 2424 3759 2483 fiduciam.

2060 2509 2124 2564 Ei
2150 2526 2286 2581 ergo
2319 2510 2583 2582 gignitur
2612 2510 2768 2567 haud
2825 2513 2903 2567 ita
2952 2513 3048 2568 diu
3103 2517 3235 2584 post
3282 2513 3539 2585 primum
3588 2531 3762 2586 parva

2059 2600 2322 2668 quaedam
2355 2598 2536 2654 animi
2571 2599 2860 2670 remissio,
2893 2608 2954 2656 ut
2977 2616 3048 2656 ne
3069 2601 3359 2657 videretur
3379 2602 3608 2672 quidem
3633 2618 3763 2660 esse

2060 2688 2348 2744 remissio.
2400 2689 2618 2746 Deinde
2657 2690 2840 2746 oritur
2871 2691 3055 2762 major
3085 2690 3461 2764 negligentia,
3494 2708 3621 2764 qua
3663 2693 3760 2749 de-

2058 2777 2192 2834 inde
2223 2793 2481 2850 eousque
2514 2795 2821 2851 progressa
2859 2785 2948 2836 est
2979 2787 3040 2835 ut
3070 2781 3417 2848 sentiretur;
3449 2797 3583 2838 nam
3609 2791 3664 2839 et
3691 2797 3762 2840 ex

2059 2885 2260 2924 somno
2291 2869 2515 2924 tardius
2546 2869 2822 2940 surgebat
2853 2872 2922 2925 ad
2955 2869 3224 2940 hymnos,
3257 2874 3315 2926 et
3355 2876 3522 2927 erant
3564 2887 3760 2942 preces

2060 2956 2230 3026 paulo
2262 2956 2591 3026 otiosiores,
2625 2973 2730 3012 nec
2760 2957 3016 3026 hymnus
3049 2960 3191 3014 adeo
3225 2959 3504 3031 prolixus,
3529 2965 3585 3016 et
3621 2960 3760 3016 dicit

2059 3045 2108 3100 ei
2137 3045 2329 3099 anima
2360 3061 2421 3100 se
2461 3044 2604 3101 velle
2644 3046 3022 3116 requiescere,
3063 3051 3120 3102 et
3152 3062 3319 3102 mens
3347 3048 3397 3102 ei
3434 3049 3670 3114 annuit;
3702 3051 3760 3103 et

2061 3133 2424 3190 fluctuabant
2467 3140 2523 3190 et
2557 3134 2915 3206 vagabantur
2958 3134 3362 3207 cogitationes,
3401 3144 3456 3190 et
3492 3136 3619 3206 jam
3662 3151 3757 3192 oc-

2057 3222 2208 3278 culte
2239 3221 2461 3294 aliquid
2508 3223 2746 3278 absurdi
2789 3223 3196 3279 meditabatur.
3229 3223 3340 3279 Sed
3375 3223 3528 3295 prior
3559 3239 3757 3279 assue-

243 3333 306 3374 se
344 3324 492 3372 recte
541 3274 846 3388 gesserint,
887 3274 1088 3385 eisque
1130 3314 1348 3368 factum
1387 3274 1568 3368 θεῖ’ῗά
1619 3311 1770 3382 quod
1805 3274 1948 3365 dicit
1977 3274 2018 3340 Ο
2061 3313 2213 3369 facto
2261 3274 2452 3369 adhuc
2478 3274 3756 3383 exercita—torem—q‘uwowdammodorabducebat,

243 3406 556 3476 Scriptura
586 3421 598 3460 :
645 3404 847 3460 Omnis
888 3405 980 3475 qui
1016 3404 1278 3476 seipsum
1314 3401 1578 3457 humiliat
1609 3399 1950 3456 exaltabitur

245 3497 439 3563 (Luca?
470 3495 602 3564 xlv).
638 3493 928 3564 Praecipue
959 3509 1109 3564 ergo,
1144 3509 1176 3547 ο
1208 3491 1333 3560 filii,
1365 3506 1736 3546 exerceamus
1770 3487 1952 3545 humi-

243 3583 500 3649 litatem,
535 3601 658 3655 quae
685 3592 740 3638 et
772 3583 1216 3637 fundamentum
1253 3581 1503 3652 primum
1540 3581 1806 3636 omnium
1839 3578 1952 3634 vir-

247 3677 468 3729 tutum.
503 3673 680 3728 Nobis
712 3681 902 3728 autem
928 3672 1179 3728 multum
1213 3687 1438 3743 quoque
1462 3671 1683 3726 confert
1704 3667 1954 3725 solitudo

245 3763 476 3836 longior
505 3767 562 3818 et
594 3762 888 3818 remotior.

875 3868 1104 3923 CAPUT
1145 3866 1335 3922 XLVI.

251 3943 396 4000 Alia
427 3943 680 3998 narratio
711 3940 924 3995 abbatis
955 3941 1204 4004 Joannis,
1237 3940 1300 3992 de
1328 3951 1386 3992 eo
1417 3935 1515 4007 qui
1537 3937 1738 4006 lapsus,
1759 3935 1958 3989 ductus

878 4038 958 4086 est
987 4029 1337 4102 pwnitenlia.

319 4125 450 4181 Fuit
480 4123 636 4179 enim
686 4121 837 4176 alius
877 4135 1105 4189 quoque
1141 4117 1459 4174 monachus
1493 4115 1592 4187 qui
1627 4114 1954 4172 ulteriorem

250 4217 569 4284 occuparat
618 4209 1014 4276 solitudinem,
1059 4213 1118 4263 et
1155 4207 1361 4263 multis
1401 4207 1571 4262 annis
1610 4221 1672 4261 se
1709 4210 1862 4261 recte
1902 4209 1959 4260 et

243 4321 312 4360 ex
356 4306 567 4358 virtute
610 4308 864 4372 gesserat
917 4299 1111 4370 (Ita/7.,
1155 4298 1252 4353 lib.
1297 4314 1359 4365 Il,
1397 4313 1516 4368 cap.
1563 4297 1635 4368 1).
1679 4296 1784 4362 Qui
1827 4311 1956 4350 cum

245 4398 402 4449 esset
435 4391 706 4460 deinceps
747 4389 907 4445 senio
953 4388 1268 4454 confectus,
1312 4388 1648 4442 tentabatur
1677 4404 1710 4441 a
1740 4386 1957 4441 daemo-

249 4500 390 4540 num
441 4480 696 4537 insidiis.
744 4479 1051 4535 Silentium
1102 4477 1258 4533 enim
1299 4476 1463 4532 valde
1502 4476 1959 4547 amplectebatur

250 4572 610 4640 exercitator,
652 4572 708 4625 et
757 4569 816 4624 in
872 4567 1238 4624 orationibus
1287 4571 1344 4621 et
1386 4565 1623 4638 hymnis
1658 4569 1716 4620 et
1755 4563 1958 4618 multis

2060 3405 2236 3461 veluti
2267 3403 2506 3475 quidam
2540 3408 2734 3460 motus
2761 3419 2828 3460 ex
2850 3403 3024 3475 priori
3052 3402 3149 3458 illa
3169 3402 3526 3470 incitatione,
3549 3408 3606 3460 et
3625 3418 3759 3460 eum

2061 3494 2294 3550 interim
2327 3494 2724 3550 conservabat.
2759 3493 2828 3548 Et
2857 3493 3169 3563 aliquando
3191 3499 3315 3563 post
3336 3491 3542 3548 solitas
3565 3505 3762 3564 preces

2063 3586 2364 3656 ingressus
2397 3601 2652 3656 vespere,
2676 3584 2898 3640 invenit
2917 3599 3125 3655 panem
3149 3598 3327 3654 super
3353 3597 3636 3649 mensam,
3663 3580 3763 3654 qui

2063 3674 2113 3730 ei
2154 3674 2639 3746 suppeditabatur
2661 3673 2962 3740 divinitus,
2995 3677 3052 3727 et
3080 3689 3142 3728 se
3184 3673 3403 3728 refecit.
3438 3674 3562 3739 Quo
3617 3675 3764 3726 tem-

2067 3779 2202 3834 pore
2230 3779 2332 3818 nec
2356 3763 2485 3817 illas
2508 3761 2891 3817 exsecrabiles
2921 3762 3126 3830 abjecti
3149 3761 3548 3832 cogitationes,
3579 3776 3764 3832 neque

2069 3851 2354 3923 reputavit
2386 3852 2638 3906 animam
2673 3849 2798 3904 laedi
2829 3866 2863 3904 a
2893 3848 3401 3918 contemplatione.
3424 3865 3613 3919 neque
3636 3866 3766 3904 con-

2069 3957 2262 3997 versus
2292 3944 2380 3995 est
2411 3941 2481 3994 ad
2515 3939 2887 4008 quaerendam
2930 3937 3064 3993 mali
3110 3937 3465 3993 curationem
3493 3955 3508 4006 ;
3536 3937 3638 3993 sed
3668 3955 3768 4009 pa-

2070 4048 2199 4086 rum
2231 4031 2397 4085 duxit
2427 4045 2631 4101 parum
2666 4029 2872 4085 abesse
2911 4028 3228 4100 quominus
3275 4025 3563 4083 excideret
3593 4028 3665 4082 ab
3695 4027 3768 4082 iis

2069 4137 2193 4192 quae
2225 4120 2388 4176 decet
2430 4121 2634 4174 facere.
2676 4121 2854 4173 Amor
2901 4118 3098 4188 itaque
3143 4115 3482 4189 cupiditatis
3511 4131 3641 4172 eum
3674 4131 3769 4172 ra—

2070 4214 2232 4280 ptum
2265 4209 2611 4278 cogitatione
2636 4207 2705 4278 in
2739 4208 3030 4279 regionem
3071 4207 3316 4262 abduxit
3364 4204 3764 4261 habitabilem.

2067 4304 2204 4355 Cum
2231 4317 2292 4356 se
2324 4307 2517 4356 tamen
2546 4299 2824 4354 interium
2858 4297 3216 4354 cohibuisset
3244 4297 3302 4351 in
3335 4297 3488 4351 diem
3521 4311 3768 4368 sequen-

2066 4395 2207 4458 tem,
2241 4391 2310 4446 ad
2357 4393 2697 4445 consuetam
2751 4403 3066 4446 conversus
3113 4384 3581 4442 exercitationem
3633 4401 3768 4442 cum

2068 4484 2290 4537 orasset
2320 4484 2377 4535 et
2437 4479 2680 4551 hymnos
2738 4477 2998 4544 dixisset,
3061 4477 3362 4549 ingressus
3408 4474 3768 4547 speluncam,

2070 4569 2290 4625 invenit
2319 4569 2552 4639 quidem
2588 4585 2794 4640 panem
2827 4568 2938 4624 sibi
2982 4567 3334 4639 appositum;
3365 4566 3466 4622 sed
3500 4582 3612 4622 non
3651 4573 3769 4622 tam

249 4638 844 4731 contemplationibus
868 4658 1021 4712 diem
1046 4657 1504 4725 transigebat,et
1526 4655 1777 4710 visiones
1795 4670 1962 4724 quas-
1993 4638 2039 4702 D
2073 4638 2383 4731 άίιίεεῃιέι-
2413 4638 2764 4725 οοηςθᾷιυτῃ,
2797 4673 2902 4713 nec
2934 4638 3052 4712 tam
3077 4674 3222 4727 ραι-υ
3240 4676 3316 4723 τη,
3340 4657 3438 4710 sed
3462 4656 3769 4710 sordidum

250 4753 382 4806 dam
415 4749 637 4804 divinas
678 4746 827 4802 clare
865 4746 1114 4811 videbat,
1162 4744 1373 4816 partim
1425 4745 1655 4815 quidem
1691 4742 1958 4813 vigilans,

249 4841 463 4914 partim
497 4856 628 4895 vero
661 4837 837 4894 etiam
866 4838 924 4891 in
955 4834 1210 4902 somnis;
1243 4839 1300 4890 et
1330 4851 1516 4890 somni
1547 4833 1961 4906 propemodum

249 4945 454 5000 expers
485 4929 792 4984 tenebatur
825 4944 857 4981 a
889 4927 1003 4981 vita
1028 4925 1387 4996 incorporea,
1417 4941 1528 4980 non
1562 4928 1772 4979 terram
1811 4921 1963 4994 plan-

250 5027 409 5086 tans,
443 5034 630 5090 neque
681 5017 867 5074 victus
910 5017 1095 5072 ultam
1153 5032 1352 5071 curam
1400 5030 1628 5086 gerens,
1673 5027 1858 5083 neque
1904 5012 1961 5065 in

249 5109 469 5182 plantis
507 5122 769 5176 quzerens
803 5107 956 5176 quod
1007 5103 1193 5174 egenti
1241 5103 1517 5175 praeberet
1556 5101 1805 5174 corpori.
1850 5101 1957 5156 Sed

250 5214 440 5268 neque
471 5197 665 5252 avium
699 5196 1040 5266 aucupium,
1075 5210 1261 5263 neque
1296 5194 1480 5248 ullum
1514 5191 1726 5246 animal
1764 5205 1963 5261 perse-

253 5287 578 5360 quebatur;
611 5287 709 5340 sed
745 5285 959 5340 ﬁducia
992 5285 1219 5355 plenus,
1252 5300 1319 5338 ex
1349 5299 1464 5353 quo
1496 5297 1564 5337 ex
1604 5281 1834 5350 regione
1867 5279 1963 5334 ha-

249 5376 476 5432 bitabili
506 5375 646 5430 illuc
697 5375 978 5444 migrarat
1029 5374 1248 5429 nullam
1299 5371 1550 5427 habebat
1582 5370 1858 5423 rationem
1898 5372 1964 5424 ut

250 5467 300 5524 ei
328 5470 698 5538 permaneret
720 5480 935 5536 corpus
976 5464 1285 5530 nutritum,
1308 5459 1411 5517 sed
1429 5460 1692 5514 omnium
1719 5457 1960 5526 oblitus,

253 5573 315 5614 se
345 5555 597 5627 perfecto
629 5554 954 5611 sustinebat
982 5553 1044 5608 in
1078 5552 1261 5608 Deum
1288 5550 1594 5615 desiderio,
1618 5553 1959 5620 exspectans

252 5646 638 5713 vocationem,
672 5651 729 5701 et
761 5662 824 5701 ex
879 5645 986 5699 hoc
1019 5643 1237 5698 mundo
1286 5639 1730 5708 migrationem;
1781 5643 1838 5694 et
1895 5647 1959 5698 ut

258 5734 578 5810 plurimum
650 5736 881 5808 qui-lem
970 5735 1234 5789 alebatur
1301 5730 1676 5788 delectatione
1755 5745 1950 5790 eorum

2073 4754 2128 4806 et
2157 4749 2552 4822 inquinatum.
2577 4749 2681 4812 Qui
2707 4747 2817 4803 etsi
2840 4755 2991 4802 esset
3014 4747 3068 4799 id
3095 4745 3432 4810 admiratus,
3457 4747 3514 4797 et
3536 4741 3773 4798 tristitia

2070 4839 2331 4906 aﬂ'ectus,
2358 4837 2610 4908 sumpsit
2635 4843 2844 4902 tamen,
2872 4843 2924 4889 et
2952 4850 3014 4889 se
3037 4834 3252 4888 refecit.
3283 4831 3576 4887 Successit
3601 4830 3770 4886 tertia

2072 4946 2204 4996 nox,
2255 4935 2312 4986 et
2345 4929 2550 4999 triplex
2603 4926 2823 4982 malum
2875 4923 3116 4980 addidit.
3166 4921 3386 4976 Etenim
3429 4937 3596 4977 mens
3642 4921 3768 4992 ejus

2071 5021 2184 5074 cito
2217 5019 2426 5089 irrupit
2455 5018 2513 5071 in
2545 5016 2942 5086 cogitationes.
2978 5012 3061 5067 lta
3091 5015 3283 5066 autem
3315 5014 3437 5066 erat
3478 5010 3529 5066 ei
3566 5009 3770 5065 affecta

2071 5107 2368 5170 memoria,
2413 5114 2474 5161 ut
2506 5106 2798 5160 videretur
2830 5119 2942 5158 una
2972 5118 3105 5158 cum
3138 5118 3202 5156 eo
3233 5099 3441 5155 adesse
3471 5097 3685 5153 femina
3713 5101 3771 5152 et

2071 5197 2247 5254 simul
2275 5198 2642 5262 accumbere,
2674 5202 2727 5252 et
2759 5211 2884 5250 eam
2919 5209 3040 5248 rem
3073 5190 3324 5246 habebat
3353 5190 3410 5244 in
3441 5185 3680 5253 occulis,
3713 5190 3771 5242 et

2069 5304 2195 5344 eam
2229 5285 2403 5341 veluti
2437 5285 2622 5340 facere
2666 5283 3087 5356 perseverabat.
3136 5281 3415 5352 Egressus
3450 5280 3643 5331 tamen
3681 5279 3772 5332 est

2071 5379 2237 5435 tertio
2270 5391 2502 5448 quoque
2531 5375 2623 5430 die
2653 5377 2720 5430 ad
2761 5390 2928 5442 opus,
2960 5377 3017 5428 et
3049 5385 3267 5442 preces,
3290 5372 3348 5424 et
3369 5367 3642 5437 hymnos,
3666 5367 3769 5422 sed

2069 5485 2184 5524 non
2229 5467 2449 5522 habens
2493 5465 2745 5535 amplius
2786 5463 3032 5518 mundas
3071 5459 3471 5530 cogitationes,
3507 5457 3608 5513 sed
3656 5457 3770 5515 fre-

2069 5560 2318 5631 quenter
2347 5571 2678 5622 conversus,
2714 5555 2770 5610 in
2804 5552 2990 5608 altum
3022 5549 3257 5606 tollebat
3287 5547 3504 5616 oculos,
3534 5563 3634 5604 eos
3655 5547 3771 5604 huc

2067 5653 2124 5705 et
2154 5647 2293 5702 illuc
2335 5651 2645 5717 torquens;
2697 5644 2824 5714 ejus
2859 5641 3006 5698 enim
3051 5640 3355 5713 pulvhrum
3405 5655 3553 5711 opus
3578 5638 3765 5696 inter-

2070 5736 2416 5808 rumpebant
2451 5738 2736 5790 memorim
2765 5734 3200 5806 cogitationum.
3230 5728 3476 5803 Vespere
3505 5741 3640 5797 ergo
3670 5736 3767 5784 1'0-
