4076 6206
407 363 559 424 1127

1976 365 2345 428 PALLADII

3751 362 3907 424 {128

400 519 602 558 versus
627 518 774 574 pane
796 502 1082 572 indigens,
1108 501 1271 556 illum
1292 500 1526 571 quidem
1552 501 1774 556 invenit
1797 501 1854 557 in
1881 518 2101 572 mensa,
2133 510 2187 575 Α
2217 517 2320 558 nes
2353 503 2452 557 aut
2493 498 2776 568 homines,
2810 499 2977 555 vobis
3009 501 3372 556 assentantes
3403 501 3460 553 et
3492 497 3817 562 laudantes,
3844 515 3907 554 ne

398 593 579 650 veluti
611 609 906 650 corrosum
943 610 975 648 a
1001 592 1264 648 muribus
1296 599 1390 646 aut
1423 592 1685 657 canibus,
1720 597 1773 648 et
1805 593 1943 649 foris
1984 595 2099 648 sic-

401 701 498 740 cas
531 685 818 757 quasdam
859 682 1156 752 reliquias.
1201 687 1361 736 Tunc
1402 683 1733 753 ingemiscit
1764 685 1998 753 quidem
2045 688 2100 739 et

399 775 766 846 lacrymatur,
803 775 899 830 sed
925 791 1038 829 non
1071 778 1352 844 quantum
1389 775 1529 828 satis
1552 779 1704 829 esset
1735 775 1806 829 ad
1840 791 2099 831 coercen-

399 868 532 921 dam
555 864 893 936 nequitiam.
913 864 1298 935 Nutritusque
1325 880 1438 918 non
1460 869 1744 936 quantum
1769 865 2015 932 volebat,
2037 883 2098 920 se

398 958 638 1027 parabat
668 956 736 1009 ad
782 956 1054 1026 quietem.
1101 958 1243 1008 Eum
1290 958 1482 1008 autem
1525 955 1835 1009 acervatim
1870 959 2098 1012 invase-

396 1049 536 1102 runt
565 1045 963 1115 cogitationes,
997 1061 1128 1099 eum
1165 1044 1423 1114 undique
1445 1045 1871 1113 circumdante;
1897 1051 1951 1100 et
1973 1048 2098 1115 ejus

398 1140 645 1191 mentem
679 1138 1041 1206 oppugnant,
1077 1138 1133 1188 et
1164 1134 1458 1203 captivum
1484 1134 1679 1189 statim
1711 1134 1770 1189 in
1809 1136 2095 1192 mundum

396 1226 717 1281 abducunt.
752 1225 1008 1294 Surgens
1049 1228 1242 1278 autem
1276 1223 1376 1278 ivit
1417 1240 1619 1280 versus
1652 1226 1945 1296 regionem
1969 1244 2096 1298 quas

395 1311 710 1372 habitatur.
735 1313 1067 1384 ingrediens
1090 1317 1264 1367 noctu
1288 1329 1388 1382 per
1411 1313 1807 1371 solitudinem.
1833 1316 1972 1371 Cum
1999 1333 2096 1372 au-

393 1407 514 1458 tem
546 1401 666 1456 dies
698 1417 828 1456 eum
860 1400 1360 1472 apprehendisset,
1393 1407 1448 1458 et
1473 1419 1597 1474 quas
1622 1403 1920 1460 habitatur
1942 1406 2093 1476 regio

393 1493 584 1550 adhuc
616 1491 815 1563 procul
848 1493 1094 1559 abesset,
1126 1497 1181 1548 et
1211 1507 1342 1547 eum
1374 1497 1546 1549 testas
1568 1495 1871 1566 afﬂigeret,
1895 1499 2095 1554 defati-

391 1587 562 1655 gatus
593 1585 695 1637 est.
731 1581 1123 1652 Undequaque
1155 1587 1350 1637 autem
1385 1584 1442 1638 in
1476 1585 1675 1640 orbem
1719 1587 2094 1644 considerans

390 1673 806 1743 circumspicit,
841 1689 913 1728 an
945 1673 1160 1728 alicubi
1207 1679 1510 1745 appareret
1553 1678 1988 1746 monasterium,
2034 1679 2088 1733 in

391 1764 542 1835 quod
569 1763 866 1834 ingressus
889 1763 1292 1832 requiesceret.
1321 1765 1480 1827 Quod
1505 1765 1677 1821 etiam
1703 1767 1930 1832 accidit,
1955 1783 2090 1823 eum

389 1853 805 1925 excipientibus
822 1852 1176 1923 quibusdam
1200 1853 1311 1922 piis
1325 1861 1375 1908 et
1393 1854 1660 1910 fidelibus
1679 1857 1973 1925 fratribus,
1990 1859 2090 1930 qui
2122 1895 2170 1960 B

389 1958 522 1998 cum
555 1958 688 1998 eum
724 1950 1004 2012 tanquam
1047 1946 1270 2014 patrem
1314 1960 1661 2016 germanum
1705 1948 2085 2017 aspexissent,

385 2033 611 2089 vultum
635 2034 763 2104 ejus
788 2040 841 2086 et
868 2033 1043 2103 pedes
1065 2031 1362 2100 laverunt;
1389 2039 1444 2090 et
1467 2051 1597 2090 cnm
1621 2041 1907 2106 orassent,
1932 2055 2092 2096 men-

386 2139 512 2178 sam
547 2125 962 2194 apposuerunt,
987 2129 1039 2177 et
1071 2127 1351 2193 rogarunt
1382 2131 1445 2178 ut
1479 2141 1606 2196 quae
1636 2135 1796 2182 erant
1823 2129 2089 2199 apposita

386 2218 641 2268 sumeret
671 2227 805 2267 cum
838 2211 1138 2267 cbaritate.
1173 2213 1492 2284 Postquam
1538 2220 1731 2272 autem
1775 2234 1836 2272 se
1869 2219 2086 2285 refecit,

384 2301 759 2374 postularunt
780 2301 986 2357 fratres
1009 2305 1068 2357 ut
1089 2303 1324 2358 verbum
1349 2304 1552 2360 salutis
1569 2305 1639 2360 ab
1655 2322 1719 2362 eo
1737 2307 2084 2378 acciperent,

384 2397 438 2448 et
470 2408 723 2464 quanam
753 2391 974 2446 ratione
1007 2400 1241 2462 possent
1273 2394 1490 2449 servari
1524 2412 1556 2449 a
1588 2395 1809 2466 laqueis
1849 2397 2084 2467 diaboli,

381 2487 438 2538 et
471 2483 964 2554 quemadmodum
998 2488 1340 2553 superarent
1371 2489 1567 2555 turpes
1598 2487 1996 2557 cogitationes.
2034 2490 2084 2543 Is

381 2577 574 2628 autem
592 2573 750 2643 ipsos
766 2576 1044 2644 tanquam
1061 2574 1382 2643 paterﬂlios
1397 2577 2085 2642 admonens,hortabatur

380 2667 444 2717 ut
473 2668 666 2718 essent
699 2662 874 2718 fortes
905 2667 959 2717 et
989 2667 1319 2717 constantes
1352 2665 1408 2718 in
1443 2664 1762 2732 laboribus,
1799 2674 1857 2720 ut
1881 2668 1979 2736 qui
2003 2684 2083 2723 es-

374 2757 500 2808 sent
533 2751 701 2823 paulo
743 2760 871 2822 post
915 2751 973 2805 in
1015 2768 1246 2806 summa
1291 2753 1477 2821 quiete
1519 2755 1857 2811 collocandi.
1906 2757 2083 2812 Multa

374 2857 606 2914 quoque
637 2841 752 2896 alia
781 2857 913 2896 cum
945 2842 1028 2896 eis
1071 2841 1361 2897 disserens
1404 2844 1476 2898 de
1521 2845 1947 2916 exercitatione,
1981 2863 2078 2902 eos

370 2934 535 2988 valde
558 2934 730 3003 juvit.
767 2932 910 2988 Cum
943 2937 1136 2988 autem
1173 2942 1454 2989 cessasset
1485 2936 1555 2990 ab
1580 2936 1999 3005 admonitione,
2024 2943 2080 2994 et

375 3041 436 3078 se
462 3038 666 3094 parum
698 3022 1105 3094 recollegisset,
1142 3025 1551 3081 considerabat
1582 3027 2076 3096 quemadmodum

376 3113 520 3170 alios
550 3114 894 3180 admonens,
949 3130 1010 3170 se
1042 3131 1152 3170 non
1189 3116 1455 3171 monebat
1487 3133 1592 3171 nec
1633 3119 1988 3188 corrigebat;
2024 3126 2077 3174 et

376 3223 436 3262 se
468 3221 594 3260 esse
619 3206 835 3260 victum
871 3205 1218 3276 intelligens,
1255 3222 1431 3262 cursu
1460 3224 1662 3262 rursus
1687 3209 1835 3263 redit
1859 3209 1915 3264 in
1939 3208 2075 3263 soli-

375 3295 659 3353 tudinem.
695 3295 951 3364 seipsum
997 3296 1237 3360 deﬂens,
1271 3301 1326 3350 et
1357 3298 1592 3350 dicens:
1639 3297 1758 3351 Nisi
1794 3299 1930 3368 quia
1959 3298 2073 3353 Do-

377 3385 573 3440 minus
607 3383 750 3437 mihi
778 3399 944 3452 opem
991 3383 1244 3452 tulisset,
1289 3385 1703 3453 propemodum
1745 3385 1802 3440 in
1848 3387 2072 3443 inferno

376 3474 686 3529 habitasset
721 3473 916 3527 anima
946 3488 1072 3527 mea
1111 3473 1284 3541 (Psal.
1329 3476 1499 3543 xcrx).
1545 3476 1969 3547 Propemodum
2014 3479 2073 3534 in

376 3577 547 3616 omne
581 3561 798 3615 malum
823 3577 950 3615 sum
972 3562 1263 3630 redactus,
1289 3565 1698 3634 propemodum
1727 3582 1816 3621 me
1843 3567 1898 3622 in
1925 3572 2072 3625 terra

374 3650 769 3705 confecerunt.
805 3650 865 3704 Et
908 3650 965 3705 in
1000 3667 1064 3706 eo
1106 3652 1322 3708 factum
1364 3659 1450 3708 est
1492 3656 1642 3726 quod
1688 3656 1907 3712 dictum
1951 3666 2072 3714 est:

375 3739 576 3794 Frater
616 3739 711 3810 qui
748 3757 778 3795 a
801 3739 974 3794 fratre
1009 3742 1334 3812 adjuvetur,
1363 3748 1451 3799 est
1483 3748 1763 3816 tanquam
1793 3749 1927 3803 urbs
1951 3766 2074 3806 mu-

373 3831 495 3884 nita
526 3833 582 3884 et
613 3829 864 3898 excelsa,
905 3835 962 3886 et
1004 3835 1284 3903 tanquam
1339 3851 1539 3890 murus
1587 3838 1682 3908 qui
1726 3856 1838 3894 non
1887 3845 2076 3911 potest

375 3935 638 3976 corruere
669 3923 851 3990 (Prov.
886 3922 1070 3991 xvm).
1123 3922 1463 3994 Quanquam
1516 3927 1730 3982 abhinc
1779 3932 1896 3984 toto
1945 3929 2074 3984 vitae

372 4014 635 4081 tempore
667 4009 815 4065 luxit
844 4019 1140 4082 perpetuo,
1176 4014 1436 4084 privatus
1479 4034 1680 4072 mensa
1710 4035 1832 4087 quin
1865 4019 1914 4072 ei
1969 4020 2074 4074 da-

373 4100 545 4154 batur
586 4099 886 4166 divinitus,
943 4105 997 4154 et
1044 4117 1252 4170 panem
1314 4120 1482 4158 suum
1539 4123 1805 4176 quaerens
1852 4107 2070 4162 labore.

373 4187 514 4243 Nam
551 4205 680 4242 cum
723 4205 784 4243 se
827 4188 884 4240 in
918 4189 1194 4257 spelunca
1227 4191 1579 4260 iuclusisset,
1613 4199 1668 4248 et
1699 4196 1806 4249 sibi
1841 4211 2071 4250 saccum

375 4281 431 4330 et
463 4277 712 4331 cinerem
746 4276 1175 4345 substravisset,
1211 4295 1322 4334 non
1358 4281 1515 4350 prius
1547 4283 1597 4336 ei
1621 4287 1774 4338 terra
1799 4286 2072 4355 surrexit,

375 4381 477 4420 nec
509 4364 751 4419 cessavit
794 4366 950 4431 ﬂere,
994 4381 1169 4435 quam
1217 4384 1414 4425 vocem
1459 4372 1646 4442 angeli
1690 4375 1974 4432 audiisset
2021 4379 2072 4432 ei

373 4454 662 4508 dicentem
694 4453 752 4507 in
784 4455 1006 4509 somnis
1037 4472 1048 4510 :
1099 4458 1330 4529 Accepit
1366 4459 1649 4518 Dominus
1697 4468 1853 4520 tuam
1889 4468 2073 4538 poeni-

373 4542 633 4609 tantiam,
668 4546 722 4597 et
754 4542 835 4598 tui
867 4547 955 4598 est
987 4545 1288 4614 misertus;
1319 4549 1590 4620 deinceps
1623 4557 1814 4609 autem
1843 4555 1967 4611 vide
2001 4573 2073 4613 ne

2206 593 2285 648 eis
2315 592 2585 664 pereatis,
2623 607 2726 646 nec
2759 600 2951 647 mente
2983 589 3307 648 etferamini
3343 606 3355 644 :
3391 605 3524 644 nam
3558 605 3647 644 me
3682 605 3906 660 quoque

2207 698 2357 753 saepe
2391 684 2558 736 noctu
2602 680 2685 735 sic
2729 682 3082 751 decepecunt
3122 680 3452 745 daemones;
3497 683 3552 732 et
3600 695 3787 748 neque
3828 695 3906 732 me

2207 773 2479 827 sinebant
2517 787 2698 838 orare,
2731 787 2836 826 nec
2868 772 3186 843 quiescere,
3222 770 3506 840 quasdam
3540 769 3683 823 mihi
3719 769 3903 840 phan-

2205 861 2382 916 tasias
2415 860 2736 930 praebentes
2760 865 2877 914 tota
2909 865 3096 926 nocte,
3128 865 3181 914 et
3219 875 3390 914 mane
3415 858 3730 913 illudentes
3755 859 3902 913 humi

2206 951 2686 1022 procumbebant,
2719 951 2974 1006 dicentes
3001 966 3012 1004 :
3038 951 3312 1004 Condona
3340 948 3524 1014 nobis,
3552 949 3724 1015 abba,
3755 950 3898 1019 quod

2205 1043 2308 1096 tibi
2342 1042 2568 1097 labores
2602 1042 2961 1112 praebuimus
2993 1046 3114 1095 tota
3147 1045 3329 1094 nocte.
3366 1041 3479 1108 Ego
3523 1045 3719 1094 autem
3759 1041 3903 1094 dice-

2207 1131 2339 1188 bam
2373 1132 2491 1187 illis
2525 1147 2539 1186 :
2571 1132 2860 1188 Discedite
2889 1149 2920 1186 a
2953 1147 3042 1186 me
3073 1146 3274 1186 omnes
3307 1129 3408 1200 qui
3440 1129 3766 1200 operamini
3801 1129 3902 1183 ini-

2205 1224 2488 1295 quitatem
2523 1223 2696 1294 (Psal.
2731 1225 2842 1293 VI);
2878 1238 2948 1278 ne
2978 1222 3210 1278 tentetis
3242 1236 3473 1276 servum
3511 1221 3769 1276 Domini.

2274 1317 2461 1380 Quare
2492 1329 2592 1368 vos
2625 1328 2876 1383 quoque,
2925 1328 2956 1368 ο
2991 1311 3114 1380 ﬁlii,
3163 1310 3416 1382 quietem
3453 1311 3897 1382 persequamini,

2201 1418 2299 1460 vos
2331 1418 2558 1473 semper
2586 1405 2922 1458 exercentes
2964 1401 3034 1456 ad
3079 1400 3649 1472 contemplationem,
3695 1406 3759 1456 ut
3801 1419 3901 1472 pn-

2166 1539 2168 1542 τ
2204 1510 2324 1549 ram
2371 1492 2715 1564 possidentis
2761 1496 3034 1558 mentem,
3078 1493 3258 1547 Deum
3300 1494 3586 1560 rogantes.
3630 1492 3771 1546 Nam
3813 1492 3902 1547 ille

2204 1599 2431 1654 quoque
2462 1587 2552 1639 est
2583 1584 2770 1640 bonus
2802 1582 3160 1648 exercitator,
3196 1582 3295 1652 qui
3327 1581 3559 1637 assidue
3590 1583 3648 1636 in
3686 1584 3898 1637 mundo

2203 1677 2516 1740 exercetur,
2550 1677 2603 1727 et
2649 1673 2706 1727 in
2749 1672 3006 1727 honestis
3037 1679 3351 1742 occupatur
3391 1672 3722 1727 actionibus
3756 1689 3769 1726 :
3806 1675 3896 1744 qui

2203 1763 2628 1819 humanitatem
2658 1763 2911 1818 ostendit
2933 1766 2988 1817 et
3008 1762 3396 1828 clementiam,
3423 1762 3898 1833 h05pitalitatem-

2203 1871 2312 1928 que
2344 1858 2398 1909 et
2431 1854 2796 1918 charitatem,
2829 1859 2884 1909 et
2915 1853 3049 1909 fecit
3071 1853 3489 1924 eleemosynas,
3523 1858 3580 1909 et
3603 1854 3750 1910 bene
3775 1855 3899 1910 facit

2201 1944 2662 2011 advenientibus,
2696 1947 2752 2000 et
2783 1958 2949 2014 opem
2983 1942 3090 1998 fert
3121 1942 3540 2010 laborantibus,
3581 1948 3638 1998 et
3673 1960 3899 2014 perma-

2202 2043 2295 2092 net
2328 2036 2473 2091 citra
2505 2035 2678 2089 ullam
2712 2033 3114 2090 offensionem.
3148 2033 3246 2088 Est
3277 2033 3512 2103 quidem
3546 2034 3639 2089 hic
3674 2052 3900 2107 quoque

2199 2125 2364 2181 valde
2396 2125 2621 2191 bonus;
2663 2127 2926 2179 versatur
2967 2123 3122 2179 enim
3155 2123 3214 2177 in
3246 2123 3472 2178 actione
3512 2124 3581 2179 'et
3618 2132 3901 2197 praecepta

2199 2214 2572 2285 exsequitur;
2606 2214 2704 2270 sed
2737 2214 2795 2268 in
2830 2213 3000 2268 rebus
3026 2212 3267 2268 terrenis
3293 2218 3630 2285 occupatur.
3659 2215 3758 2268 llis
3783 2215 3905 2287 qui-

2201 2305 2330 2360 dem
2363 2309 2514 2360 certe
2546 2302 2911 2374 praestantior
2942 2306 3028 2357 est
3065 2305 3120 2357 et
3164 2303 3351 2372 major
3398 2303 3494 2372 qui
3541 2311 3805 2359 versatur
3845 2307 3898 2360 in

2198 2393 2703 2464 contemplatione,
2756 2392 2856 2462 qui
2900 2392 3074 2447 rebus
3116 2391 3352 2460 agendis
3399 2407 3460 2447 se
3506 2394 3786 2449 transfert
3827 2396 3893 2450 ad

2199 2482 2665 2554 intelligentiam,
2706 2499 2803 2538 eas
2839 2498 2932 2538 res
2964 2481 3094 2537 aliis
3129 2481 3460 2552 relinquens
3491 2484 3894 2552 providendae,

2195 2571 2317 2642 ipse
2348 2576 2541 2625 autem
2575 2574 2630 2625 et
2660 2570 2847 2640 seipso
2879 2571 3187 2640 abnegato,
3218 2573 3274 2623 et
3303 2569 3394 2624 sui
3425 2570 3658 2637 oblitus,
3684 2579 3896 2627 scruta-

2194 2665 2292 2716 tur
2321 2662 2596 2725 cmlestia,
2633 2663 2743 2716 Deo
2774 2661 3035 2716 omnium
3068 2659 3295 2715 solutus
3326 2665 3382 2715 et
3402 2662 3703 2733 expeditus
3724 2664 3899 2719 assis-

2191 2754 2343 2818 tens,
2374 2769 2406 2806 a
2437 2750 2600 2806 nulla
2641 2755 2832 2806 autem
2875 2749 2988 2805 alia
3016 2766 3154 2804 cura
3182 2758 3333 2806 retro
3365 2750 3615 2805 avulsus.
3661 2753 3768 2814 Qui
3805 2761 3898 2809 est

2190 2842 2345 2895 enim
2381 2840 2741 2912 hujusmodi,
2784 2856 2900 2895 una
2931 2855 3064 2895 cum
3108 2843 3220 2894 Deo
3255 2840 3424 2910 degit,
3460 2855 3569 2894 una
3601 2856 3736 2894 cum
3778 2843 3896 2898 Deo

2189 2937 2472 2999 versatur,
2501 2931 2751 2987 assiduis
2774 2931 3006 3003 hymnis
3041 2932 3220 2986 Deum
3245 2946 3468 3003 semper
3493 2930 3822 2987 celebrans.

2261 3023 2400 3078 Novi
2432 3024 2585 3078 enim
2614 3038 2716 3093 ego
2741 3021 3039 3077 hominem
3073 3021 3130 3074 in
3164 3021 3502 3089 solitudine,
3550 3021 3650 3093 qui
3693 3022 3891 3078 decem

2189 3129 2368 3170 annos
2399 3114 2511 3169 cibi
2545 3113 2756 3169 terreni
2789 3111 2933 3167 nihil
2961 3112 3234 3184 gustavit,
3258 3113 3359 3167 sed
3380 3113 3431 3167 ei
3455 3114 3701 3184 angelus
3725 3115 3889 3168 tertio

2185 3221 2416 3275 quoque
2456 3205 2545 3259 die
2576 3202 2868 3259 ccslestem
2915 3203 3105 3257 cibum
3140 3203 3207 3256 ad
3253 3217 3380 3256 eum
3423 3203 3719 3270 aﬂ'erebat,
3753 3208 3808 3258 et
3835 3205 3884 3258 ei

2182 3294 2240 3350 in
2273 3313 2336 3350 os
2366 3295 2678 3365 injiciebat,
2714 3294 2874 3364 isque
2899 3296 3021 3348 erat
3043 3292 3091 3347 ei
3118 3292 3299 3347 instar
3325 3292 3436 3346 cibi
3467 3297 3522 3347 et
3546 3294 3885 3363 potus.Scio

2183 3401 2415 3456 quoque
2445 3386 2516 3440 ad
2551 3384 2705 3438 hunc
2736 3383 3031 3438 hominem
3065 3382 3121 3436 in
3153 3382 3465 3453 phantasia
3504 3384 3728 3438 venisse
3773 3385 3881 3438 de-

2185 3490 2404 3543 mones,
2457 3474 2827 3529 ostendentes
2877 3471 3169 3544 angelicos
3219 3471 3523 3539 exercitus,
3566 3477 3624 3526 et
3677 3490 3885 3529 currus

2187 3565 2359 3634 ignis,
2397 3572 2448 3620 et
2474 3564 2687 3620 multos
2715 3563 3012 3628 satellites,
3038 3566 3317 3634 tanquam
3343 3561 3596 3633 alicujus
3622 3566 3774 3637 regis
3802 3583 3887 3621 ve-

2188 3655 2426 3722 nientis,
2459 3660 2515 3710 et
2546 3656 2595 3711 ei
2627 3655 2885 3710 dicentes
2913 3669 2926 3711 :
2952 3655 3013 3710 In
3038 3654 3312 3708 omnibus
3354 3657 3406 3708 te
3429 3659 3581 3709 recte
3604 3659 3661 3710 et
3683 3671 3752 3711 ex
3773 3656 3886 3710 vir-

2184 3749 2306 3800 tute
2336 3745 2588 3815 gessisti,
2624 3762 2654 3800 ο
2687 3745 2897 3812 homo;
2933 3744 3002 3799 de
3044 3748 3248 3800 cetero
3280 3760 3372 3799 me
3412 3744 3611 3812 adora,
3655 3749 3714 3800 et
3758 3753 3889 3800 tan-

2186 3852 2362 3908 quam
2395 3835 2572 3890 Eliam
2602 3840 2654 3890 te
2675 3851 2993 3889 assumam.
3019 3833 3257 3888 Dicebat
3278 3837 3472 3888 autem
3497 3834 3649 3904 apud
3677 3851 3737 3888 se
3763 3851 3890 3888 mo-

2187 3925 2411 3982 nachus
2446 3941 2458 3980 :
2491 3926 2679 3980 Adoro
2730 3923 2989 3995 quotidie
3031 3924 3237 3994 Regem
3289 3940 3483 3978 meum
3526 3930 3584 3978 et
3623 3924 3888 3980 Servato-

2186 4032 2350 4082 rem;
2401 4019 2457 4070 et
2507 4015 2555 4068 si
2607 4013 2700 4069 hic
2751 4018 2902 4068 esset
2951 4012 3068 4080 ille,
3123 4029 3234 4068 non
3282 4013 3387 4067 hoc
3432 4030 3466 4068 a
3520 4029 3612 4069 me
3644 4019 3884 4084 peteret.

2185 4106 2502 4175 Postquam
2550 4107 2741 4158 autem
2785 4103 2836 4157 ei
2879 4102 3022 4156 dixit
3064 4102 3215 4172 quod
3262 4102 3507 4156 habebat
3554 4103 3612 4157 in
3653 4104 3887 4164 animo;

2184 4194 2496 4250 Dominum
2534 4210 2729 4248 meum
2763 4199 2813 4248 et
2846 4193 3063 4264 Regem
3098 4191 3279 4248 habeo
3308 4193 3512 4260 Deum,
3537 4208 3710 4264 quem
3737 4209 3890 4248 sem-

2184 4301 2282 4355 per
2313 4287 2506 4345 adoro.
2540 4289 2602 4340 tu
2636 4289 2829 4340 autem
2864 4301 2978 4339 non
3012 4300 3071 4339 es
3117 4300 3213 4338 rex
3253 4299 3441 4350 meus,
3483 4284 3581 4339 ille
3620 4285 3886 4354 protinus

2183 4374 2430 4430 evanuit.
2466 4374 2594 4430 Haec
2626 4378 2819 4430 autem
2856 4377 3137 4446 tanquam
3157 4374 3224 4429 de
3245 4373 3357 4429 alio
3379 4373 3696 4441 disserens,
3720 4375 3887 4428 insti-

2182 4468 2308 4519 tuta
2339 4464 2463 4518 vitae
2497 4480 2631 4530 suae,
2667 4468 2724 4519 et
2755 4480 2845 4519 res
2877 4468 3067 4536 gestas
3109 4463 3335 4520 volebat
3370 4463 3574 4520 celare.
3626 4465 3730 4528 Qui
3773 4480 3885 4518 au-

2181 4559 2298 4609 tem
2335 4571 2450 4610 una
2497 4570 2630 4610 cum
2681 4571 2744 4609 eo
2795 4557 2957 4610 erant
3005 4562 3208 4624 patres,
3260 4569 3390 4609 eum
3443 4553 3711 4609 dicebant
3758 4553 3883 4608 haec

369 4631 697 4702 decipiaris.
739 4634 822 4688 Ad
867 4640 918 4688 te
960 4636 1114 4691 enim
1157 4639 1387 4694 venient
1431 4641 1635 4698 fratres
1682 4661 1829 4716 quos
1861 4648 2072 4704 admo-
2103 4641 2146 4706 D
2180 4644 2417 4700 vidisse.

370 4721 570 4788 nuisti,
617 4727 673 4778 et
701 4723 944 4778 afferent
979 4726 1046 4779 ad
1082 4729 1135 4780 te
1168 4728 1444 4797 eulogias,
1482 4747 1626 4801 quas
1659 4750 1792 4790 cum
1827 4752 2067 4808 accepe-

367 4810 466 4878 ris,
496 4812 742 4867 vesceris
774 4828 907 4868 cum
940 4814 1104 4885 ipsis,
1138 4821 1192 4870 et
1225 4824 1498 4889 perpetuo
1521 4821 1634 4877 Deo
1665 4839 1802 4893 ages
1834 4827 2066 4892 gratias.

439 4899 566 4953 Haec
596 4917 731 4971 ergo
782 4902 943 4957 vobis
1003 4907 1252 4972 narravi,
1295 4925 1326 4963 ο
1379 4909 1504 4974 filii,
1559 4917 1622 4966 ut
1674 4911 2064 4972 humilitatem

365 4990 699 5054 exerceatis,
735 5007 836 5045 seu
874 4992 929 5046 in
974 4997 1188 5064 parvis,
1221 5013 1323 5051 seu
1359 4998 1414 5052 in
1453 5001 1682 5071 magnis
1715 5019 1843 5058 esse
1872 5003 2067 5060 videa-

367 5078 534 5133 mini.
578 5078 697 5135 Hoc
737 5084 824 5134 est
855 5083 1004 5136 enim
1040 5085 1296 5154 primum
1333 5101 1682 5160 praeceptum
1725 5095 2063 5162 Servatoris,

365 5169 466 5238 qui
497 5167 639 5224 dicit
673 5185 683 5222 :
722 5169 879 5225 Beati
915 5190 1196 5242 pauperes
1229 5176 1460 5246 spiritu,
1497 5182 1769 5248 quoniam
1806 5183 2063 5253 ipsorum

364 5260 452 5312 est
481 5275 722 5329 regnum
757 5260 1033 5316 caelorum
1075 5263 1295 5333 (Matth.
1333 5267 1428 5336 vr).
1482 5271 1547 5323 Et
1590 5287 1657 5326 ne
1691 5273 2062 5344 decipiamini

362 5363 394 5399 a
425 5347 805 5418 daemonibus,
841 5349 940 5422 qui
975 5351 1136 5407 vobis
1171 5354 1294 5407 visa
1324 5359 1377 5408 ct
1410 5355 1746 5425 phantasias
1779 5367 2061 5430 excitant;

363 5437 457 5488 sed
494 5437 538 5488 si
579 5438 712 5506 quis
743 5441 813 5494 ad
847 5441 1086 5508 venerit,
1136 5446 1236 5497 aut
1287 5444 1478 5508 frater,
1512 5453 1611 5502 aut
1659 5452 1912 5521 amicus,
1962 5458 2064 5509 aut

361 5522 590 5589 mulier,
625 5531 723 5580 aut
754 5533 934 5599 pater,
971 5535 1071 5585 aut
1111 5533 1410 5602 magister,
1445 5541 1541 5592 aut
1583 5545 1786 5612 mater,
1829 5550 1929 5600 aut
1969 5563 2060 5602 so-

360 5625 474 5702 ror,
507 5614 760 5681 primum
791 5621 1078 5676 extendite
1109 5638 1317 5680 manus
1352 5627 1420 5680 ad
1447 5630 1804 5702 orationem;
1841 5637 1963 5692 etsi
1989 5638 2062 5693 sit

361 5701 728 5775 phantasma,
764 5708 943 5780 fugiet
974 5728 1005 5766 a
1035 5712 1210 5768 vobis.
1259 5714 1323 5770 Et
1347 5716 1394 5771 si
1417 5735 1518 5776 vos
1541 5701 2063 5795 decipiantdaemo-

2248 4736 2378 4792 Haec
2410 4739 2464 4790 et
2495 4735 2638 4791 alias
2671 4735 2856 4791 multa
2886 4736 3054 4791 nobis
3097 4753 3342 4792 narrans
3375 4736 3580 4793 beatus
3607 4739 3880 4803 Joannes,

2177 4830 2232 4881 et
2263 4830 2380 4881 tres
2412 4826 2536 4880 dies
2582 4825 2653 4879 ad
2687 4841 2896 4881 nonam
2939 4843 3124 4898 usque
3171 4827 3482 4895 disserens,
3518 4835 3742 4883 nostras
3772 4845 3882 4883 cu-

2178 4915 2323 4970 ravit
2355 4916 2597 4970 animas.
2632 4915 2777 4971 Cum
2810 4921 3003 4972 autem
3037 4916 3295 4972 dedisset
3325 4918 3492 4973 nobis
3524 4918 3879 4974 benedictio-

2178 5022 2298 5072 nes,
2328 5005 2503 5075 jussit
2533 5006 2612 5060 ire
2645 5006 2701 5060 in
2749 5021 2909 5076 pace,
2951 5005 3114 5062 nobis
3164 5023 3395 5078 quoque
3437 5008 3591 5063 dicta
3623 5009 3875 5078 quadam

2177 5095 2477 5167 prophetia
2511 5113 2522 5150 :
2558 5096 2759 5162 Hodie,
2800 5096 3008 5163 aiebat,
3055 5099 3320 5152 nuntiata
3348 5102 3438 5152 est
3467 5099 3579 5167 (95)
3628 5097 3876 5152 Alexan-

2174 5187 2312 5241 driae
2359 5186 2594 5242 victoria
2623 5186 2868 5241 maxime
2902 5186 2980 5256 pii
3009 5187 3338 5253 Theodosii,
3377 5193 3607 5258 propter
3641 5188 3710 5241 de
3746 5202 3879 5240 me-

2175 5275 2266 5330 dio
2299 5275 2593 5329 sublatum
2627 5279 2939 5346 tyrannum
2972 5275 3342 5345 Eugeemum,
3367 5281 3424 5331 et
3445 5281 3674 5347 oporter
3697 5277 3883 5345 impe-

2175 5373 2421 5420 ratorem
2468 5364 2614 5418 mori
2662 5369 2845 5419 morte
2889 5365 3139 5436 propria,
3187 5366 3340 5437 quod
3393 5367 3631 5436 quidem
3679 5380 3877 5420 revera

2175 5454 2253 5509 ita
2284 5453 2404 5508 ﬂeri
2447 5453 2706 5524 contigit.
2759 5453 2994 5510 Licebat
3034 5460 3226 5509 autem
3273 5470 3508 5510 cernere
3542 5453 3876 5510 multitudi-

2173 5559 2303 5599 nem
2335 5559 2532 5598 eorum
2556 5543 2812 5614 quicum
2843 5545 2964 5616 ipso
2988 5549 3151 5600 erant
3175 5544 3593 5600 monachorum
3619 5547 3679 5600 in
3706 5543 3880 5600 eccle—

2172 5635 2287 5690 sias
2308 5633 2474 5689 veluti
2499 5634 2780 5705 quosdam
2801 5635 3090 5704 iustorum
3119 5635 3346 5703 choros,
3375 5636 3588 5693 lucidis
3612 5636 3870 5691 vestibus

2171 5725 2427 5793 indutos,
2459 5729 2515 5781 et
2540 5725 2769 5797 hymnis
2802 5725 3058 5784 assiduis
3087 5725 3267 5783 Deum
3300 5725 3723 5798 gloriﬁcantes.
