4112 6210
318 343 478 405 1129

313 480 654 559 ἀπεχούσης,
703 483 794 538 καὶ
841 487 939 538 τοῦ
985 480 1264 557 καύματος
1303 485 1465 540 αὐτὸν
1511 481 1799 553 θλίϐοντος
1835 489 1959 547 ἐκο-
1988 493 2043 561 Α

312 574 472 631 πίασε
505 619 519 635 .
572 574 812 630 κατενόει
866 572 923 629 δέ
978 572 1243 631 πάντοθεν
1311 574 1504 633 ἑαυτοῦ
1566 577 1758 653 κύκλῳ
1810 602 1965 655 περι-

315 667 533 720 σκοπῶν
578 661 732 719 εἵπου
792 665 1160 739 μοναστήριον
1211 666 1528 743 ἀναφανείη,
1579 667 1670 721 καὶ
1710 666 1967 724 εἰσελθὼν

312 752 724 825 ἀναπαύσηταισ
778 751 912 828 ὅπερ
954 752 1043 808 καὶ
1090 753 1352 830 γέγονεν·
1406 753 1815 830 ὑποδεξαμένων
1870 757 1963 813 αὐ-

310 844 407 901 τόν
437 864 602 901 τινων
655 838 901 898 εὑλαϐῶν
947 843 1036 899 καὶ
1080 848 1287 900 πιστῶν
1334 842 1585 924 ἀδελφῶν
1615 865 1629 880 ⁸
1664 844 1716 902 ο⁹ί
1745 849 1819 908 ὡς
1854 855 1963 903 Πα-

309 933 439 1010 τέρα
480 935 705 1011 γνήσιον
739 932 1058 1007 θεασάμενοι
1100 928 1285 1008 ἔνιψαν
1334 935 1436 1003 τήν
1486 936 1611 1010 δψιν
1658 937 1823 992 αὐτοῦ
1871 938 1959 991 καὶ

313 1021 441 1084 τοὺς
499 1020 693 1091 πόδας,
761 1020 850 1077 καὶ
918 1021 1212 1095 εὐξάμενος
1276 1024 1544 1098 τράπεζαν
1611 1024 1960 1099 παραθέντες,

311 1117 420 1168 τῶν
482 1110 803 1187 εὑρεθέντων
861 1111 1047 1183 ἠξίουν
1110 1110 1245 1185 μετὰ
1299 1111 1519 1190 ἀγάπης
1584 1108 1908 1187 μεταλαϐεῖν
1943 1158 1960 1174 .

315 1206 404 1265 Ὡς
436 1200 492 1257 δὲ
520 1202 868 1273 ἀνεκτήσατο,
918 1196 1086 1274 ᾔτουν
1140 1202 1415 1274 σωτηρίας
1465 1199 1632 1278 λόγον
1681 1203 1807 1277 παρ’
1861 1202 1962 1258 αὐ-

312 1295 410 1348 τοῦ
440 1292 492 1346 οὶ
530 1288 758 1367 ἀδελφοὶ
790 1289 1066 1367 λέγεσθαι,
1097 1291 1187 1345 καὶ
1218 1288 1361 1353 οἵαις
1395 1289 1675 1363 μεθοδίαις
1713 1289 1960 1348 δύναιντο

314 1383 550 1452 σωθῆναι
582 1376 641 1437 ἔκ
669 1388 769 1452 τῆς
817 1385 913 1438 τοῦ
944 1376 1209 1437 διαϐόλου
1248 1379 1499 1459 παγίδος,
1550 1381 1640 1437 καὶ
1688 1386 1806 1445 πῶς
1851 1387 1960 1439 τῶν

315 1472 559 1547 αἰσχρῶν
620 1470 909 1546 λογισμῶν
964 1468 1406 1546 περιγένωνται.
1456 1475 1519 1529 Ὁ
1549 1468 1607 1525 δὲ
1653 1471 1836 1532 αὐτοῖς
1885 1473 1961 1534 ὡς

311 1563 494 1636 πατὴρ
551 1556 711 1617 τέκνα
774 1560 1039 1615 νουθετῶν
1107 1561 1339 1635 παρήνει
1422 1564 1845 1636 προσκαρτερεῖν
1909 1556 1961 1614 ἐν

312 1655 430 1712 τοῖς
484 1651 673 1715 πόνοις
731 1648 917 1725 ὀλίγον
977 1649 1199 1723 ὕστερον
1260 1649 1338 1712 εἷς
1386 1649 1682 1704 ἀνάπαυσιν
1739 1645 1958 1716 πολλὴν

318 1738 732 1814 μεθισταμένοις
776 1756 790 1772 ⁸
858 1739 949 1794 καί
1015 1736 1202 1794 πολλά
1272 1734 1430 1814 ’ἐτερα
1493 1738 1617 1813 περὶ
1682 1737 1962 1809 ἀσκήσεως

315 1828 503 1891 αὐτοῖς
563 1826 949 1904 διαλεγόμενός
1000 1824 1121 1883 λίαν
1169 1825 1458 1903 ὠφέλησε.
1506 1826 1854 1901 Παυσάμενος
1904 1822 1961 1881 δὲ

312 1928 414 1991 τῆς
442 1920 746 1991 νουθεσίας,
776 1920 867 1976 καὶ
900 1921 1094 1995 μικρὸν
1133 1917 1188 1976 ἐν
1219 1921 1394 1993 ἐαυτῷ
1426 1918 1741 1996 γινόμενος,
1775 1916 1960 1974 διελο-

314 2012 500 2086 γίζετο
565 2015 683 2073 πῶς
750 2008 958 2072 ἄλλους
1031 2010 1296 2064 νουθετῶν
1372 2008 1533 2072 αὐτὸς
1602 2007 1961 2079 ἀνουθέτητος

312 2094 524 2173 ἔμεινεν
557 2142 572 2156 .
625 2098 723 2154 Καὶ
772 2095 1005 2154 συνιδὼν
1063 2098 1255 2153 ἑαυτοῦ
1302 2098 1401 2166 τὴν
1448 2101 1636 2169 ἧτταν,
1696 2095 1962 2170 δρομαῖος

312 2186 482 2244 πάλιν
513 2185 603 2244 ἐπὶ
632 2188 732 2256 τήν
767 2184 976 2262 ἔρημον
1022 2185 1246 2261 ἐχώρει,
1294 2184 1702 2262 ἀποδυρόμενος
1749 2186 1961 2254 ἑαυτὸν,

310 2278 400 2334 καὶ
432 2276 646 2355 λέγων’
685 2278 750 2335 El
784 2277 861 2350 μὴ
924 2276 1012 2331 ὅτι
1073 2274 1270 2352 Κύριος
1318 2270 1589 2347 ἐϐοήθησέ
1644 2296 1760 2350 μοι,
1817 2277 1964 2349 παρὰ

316 2368 495 2444 βραχὺ
543 2367 841 2442 παρῴκησε
883 2370 964 2438 τῷ
1010 2362 1115 2439 ᾅδῃ
1162 2367 1197 2435 ἡ
1262 2366 1417 2441 ψυχή
1474 2383 1616 2439 μου·
1667 2365 1779 2434 καὶ,
1835 2365 1962 2438 παρ’

313 2456 509 2534 ὀλίγον
551 2451 814 2533 ἐγενόμην
861 2454 915 2509 ἐν
951 2455 1111 2510 παντὶ
1158 2454 1350 2526 κακῷο
1398 2453 1545 2528 παρά
1595 2454 1788 2529 μικρὸν
1838 2473 1962 2509 συν-

310 2545 562 2603 ετέλεσάν
598 2566 666 2619 με
697 2544 750 2601 ἐν
776 2547 846 2619 τῇ
877 2547 974 2619 γῇ,
1012 2542 1105 2600 καὶ
1154 2544 1381 2620 γέγονεν
1421 2542 1503 2598 ἐπ’
1533 2542 1679 2617 αὐτῷ
1723 2542 1787 2598 τὸ
1817 2542 1965 2617 είρη-

314 2639 476 2712 μὲνον
498 2681 514 2703 ,
547 2634 811 2714 Ἀδελφὸς
847 2636 951 2692 ὑπὸ
981 2632 1219 2712 ἀδελφοῦ
1262 2636 1636 2711 βοηθούμενος
1681 2636 1756 2697 ὡς
1798 2633 1963 2697 πόλις

312 2726 536 2802 ΐσχυρᾶ,
586 2726 676 2782 καὶ
725 2727 801 2790 ώς
852 2731 1046 2801 τεῖχος
1102 2724 1351 2781 ἄπτωτον
1383 2768 1398 2784 .
1460 2724 1561 2781 Καὶ
1612 2724 1737 2781 τότε
1794 2722 1965 2779 ἐκεῖθε

313 2815 512 2872 λοιπὸν
564 2818 773 2871 πενθῶν
825 2814 1057 2871 διετέλει
1103 2820 1277 2870 πάντα
1321 2815 1413 2870 τὸν
1465 2814 1604 2889 βίον,
1640 2815 1741 2883 τήν
1782 2814 1959 2870 θεόθεν

314 2906 582 2981 τράπεζαν
631 2904 958 2978 ζημιωθεὶς,
1013 2905 1103 2960 καὶ
1156 2906 1293 2978 μετά
1348 2906 1598 2979 καμάτου
1653 2904 1742 2959 τὸν
1802 2901 1959 2978 ἄρτον

311 2996 474 3051 αὑτοῦ
531 2996 897 3070 ποριζόμενος
931 3035 944 3051 .
1008 2992 1299 3069 Καθείρξας
1355 2995 1459 3069 γὰρ
1526 2992 1714 3048 ἑαυτὸν
1774 2990 1827 3047 ἐν
1884 2996 1964 3065 τῷ

314 3083 593 3158 σπηλαίῳ,
652 3083 742 3139 καὶ
796 3083 991 3139 σάκκον
1054 3084 1146 3138 καὶ
1205 3081 1405 3140 σποδὸν
1468 3082 1841 3157 ὑποστρώσας,
1899 3083 1961 3137 οὐ

311 3175 578 3249 πρότερον
619 3172 811 3244 ἀνέστη
862 3174 1131 3248 χαμόθεν,
1185 3170 1311 3228 οὐδὲ
1367 3170 1634 3227 ἐπαύσατο
1690 3168 1961 3246 ἀποδυρό-

1613 346 1989 412 HISTORIA
2026 345 2437 412 LAUSIACA.

3561 346 3720 410 1130

2146 490 2308 545 Ὥστε
2374 484 2464 541 οῦν
2522 485 2611 542 καὶ
2672 486 2828 561 ὑμεῖς
2882 486 2981 557 τήν
3039 486 3276 561 ἡσυχίαν
3356 486 3719 561 μεταδιώξατε

2074 579 2213 654 πρὸς
2270 578 2371 647 τήν
2430 575 2656 651 θεωρίαν
2717 576 2796 631 ἀεὶ
2859 575 3288 653 γυμναζόμενοι,
3341 575 3431 632 ’ίνα
3484 580 3717 653 καθαρὸν

2073 672 2200 723 νοῦν
2281 668 2557 737 κτήσησθε
2620 670 2701 738 τῷ
2767 670 2882 739 Θεῷ
2954 667 3387 742 προσευχόμενοι
3445 710 3461 726 .
3538 667 3716 732 Καλὸς

2077 758 2173 832 μὲν
2202 757 2303 833 γὰρ
2343 756 2589 817 κάκεῖνος
2622 757 2650 809 6
2682 757 2921 828 ἀσκητὴς
2954 756 2982 811 6
3014 761 3259 831 συνεχῶς
3305 754 3357 811 ἐν
3403 761 3483 830 τῷ
3528 758 3712 834 κόσμῃ

2071 846 2516 922 γυμναζόμενος,
2585 847 2675 899 καὶ
2742 846 2865 919 περὶ
2932 846 3028 907 τὰς
3090 842 3263 909 καλᾶς
3333 847 3551 919 πράξεις
3617 845 3713 901 ἐπ-

2072 934 2511 1010 ασχολούμενος,
2571 934 2598 987 ὁ
2665 935 2764 1002 τήν
2824 930 3181 1009 φιλαδελφίαν
3238 930 3711 1008 ἐπιδείκνύμενος,

2070 1022 2163 1083 καί
2207 1025 2304 1092 τήν
2355 1020 2685 1095 φιλοξενίαν,
2738 1023 2828 1076 καὶ
2888 1022 3124 1097 ἀγάπην,
3189 1022 3280 1076 καὶ
3337 1022 3711 1096 ἐλεημοσύνας

2072 1111 2553 1189 διαπραττόμενος,
2612 1112 2703 1165 καὶ
2771 1111 3070 1185 εὐεργετῶν
3126 1109 3253 1172 τοὺς
3303 1108 3573 1185 παρόντας
3619 1114 3710 1169 καὶ

2068 1208 2185 1265 τοῖς
2217 1205 2483 1278 κάμνουσι
2515 1203 2762 1277 βοηθῶν,
2794 1200 2885 1255 καὶ
2934 1197 3361 1261 ἀσκασδάλιστος
3397 1199 3667 1272 διαμένων
3695 1223 3709 1238 ·

2071 1292 2249 1355 Καλὸς
2303 1294 2396 1368 μὲν
2458 1292 2614 1354 οὗτος
2673 1290 2761 1347 καὶ
2819 1290 2957 1345 πάνυ
2988 1285 3199 1350 καλός·
3260 1290 3554 1363 πρακτικὸς
3611 1292 3713 1365 γὰρ

2071 1386 2229 1448 οὗτος
2251 1385 2341 1440 καὶ
2389 1382 2621 1460 ἐργάτης
2672 1380 2784 1437 ἐστὶ
2830 1385 2938 1435 τῶν
2986 1377 3242 1451 ἐντολῶν,
3287 1378 3436 1434 ἀλλὰ
3479 1379 3604 1453 περὶ
3650 1380 3718 1434 τὰ

2069 1476 2234 1550 γήϊνα
2270 1472 2593 1548 ἀσχολεῖται
2618 1514 2631 1528 .
2682 1470 2951 1546 Κρείττων
2991 1490 3053 1543 γε
3085 1471 3194 1544 μὴν
3224 1469 3419 1524 τούτου
3468 1467 3558 1523 καὶ
3593 1470 3716 1543 μείς-

2072 1568 2177 1634 ζων
2207 1562 2235 1616 ὁ
2263 1561 2595 1636 θεωρητικὸς
2640 1557 2844 1623 ἐκεῖνος
2886 1559 2914 1612 6
2953 1557 3060 1613 ἀπὸ
3105 1561 3213 1613 τῶν
3264 1563 3576 1631 πρακτικῶν
3626 1550 3718 1615 ἐπὶ

2067 1653 2168 1721 τήν
2200 1652 2384 1723 νόησιν
2413 1648 2763 1724 ἀναδραμὼν,
2795 1648 2987 1719 παρεὶς
3033 1646 3236 1721 ἑτέροις
3284 1650 3452 1702 ταῦτα
3498 1648 3718 1725 φροντί-

2071 1747 2178 1813 ζειν
2214 1783 2229 1810 ,
2296 1739 2461 1803 αὐτὸς
2531 1737 2588 1795 δὲ
2651 1738 2740 1793 καὶ
2809 1738 2996 1793 ἑαυτὸν
3063 1737 3513 1812 ἀπαρνησάμενος
3545 1782 3560 1810 ,
3625 1739 3715 1793 καὶ

1991 1828 2264 1924 Βέαυτοῦ
2316 1827 2498 1900 λήθην
2577 1820 2721 1902 ἔχων
2789 1824 3248 1902 πολυπραγμονεῖ
3318 1824 3386 1881 τὰ
3447 1822 3668 1899 οὐράνια
3700 1867 3716 1893 ,

2072 1918 2298 1982 εὕλυτος
2326 1920 2536 1975 πάντων
2567 1922 2647 1991 τῷ
2687 1922 2806 1991 Θεῷ
2853 1916 3276 1993 παριστάμενος,
3328 1916 3417 1972 ὑπ’
3458 1913 3715 1990 οὐδεμιᾶς

2072 2007 2359 2088 φροντίδος
2417 2008 2599 2084 ἐτέρας
2646 2008 2867 2065 ὄπισθεν
2916 2008 3343 2082 κατασπώμενος
3383 2023 3399 2040 θ
3446 2006 3504 2062 Ὀ
3545 2010 3718 2062 τοιοῦ·

2068 2122 2168 2165 τος
2215 2100 2319 2177 γὰρ
2369 2103 2486 2172 Θεῷ
2524 2100 2777 2175 συνάγει,
2838 2102 2953 2170 Θεῷ
3017 2095 3496 2172 συμπολιτεύεται,
3543 2095 3714 2152 ἀπαύ-

2071 2212 2218 2255 στοις
2249 2192 2443 2266 ὕμνοις
2472 2191 2555 2248 ἀεὶ
2587 2191 2771 2267 ὑμνῶν
2799 2192 2929 2248 Θεόν
2953 2233 2971 2251 .

2143 2371 2274 2429 Οἶδα
2305 2374 2410 2450 γὰρ
2440 2370 2547 2449 ἐγὼ
2575 2370 2859 2447 ἄνθρωπον
2892 2367 2946 2426 ἐν
2991 2374 3061 2445 τῇ
3094 2369 3310 2444 ἐρήμῳ,
3369 2368 3539 2444 μηδὲν
3589 2372 3720 2446 γήϊ-

2072 2482 2163 2519 νον
2198 2464 2397 2539 βρῶμα
2440 2461 2529 2517 ἐπὶ
2574 2459 2704 2517 δέκα
2746 2455 2839 2532 ἔτη
2887 2456 3217 2535 γευσαμένον
3245 2479 3259 2493 ε
3311 2456 3438 2514 ἄλλ’
3483 2458 3718 2535 ἄγγελος

2072 2551 2219 2624 αὐτῷ
2268 2551 2406 2606 κατά
2449 2555 2594 2624 τρεῖς
2636 2548 2847 2625 ἡμέρας
2890 2547 3139 2623 οὐράνιον
3189 2548 3388 2623 βρῶμα
3443 2546 3716 2621 ἐκόμιζεν,

2072 2642 2161 2700 καὶ
2211 2636 2441 2697 ἔϐαλλεν
2502 2640 2665 2696 αὐτοῦ
2712 2641 2789 2703 είς
2846 2640 2909 2695 τὸ
2961 2639 3159 2713 στόμα,
3208 2638 3298 2694 καὶ
3355 2642 3516 2693 τοῦτο
3567 2639 3719 2707 αὐτῷ

2072 2732 2186 2789 ἀντὶ
2214 2737 2424 2809 τροφῆς
2453 2732 2544 2785 καὶ
2574 2728 2746 2786 πότου
2789 2728 2996 2805 ἐγίνετο
3022 2772 3037 2788 .
3088 2728 3185 2784 Καὶ
3235 2725 3361 2784 οῖδα
3402 2728 3495 2784 τὸν
3542 2730 3721 2783 τοιοῦ-

2069 2840 2164 2876 τον
2222 2818 2543 2893 ἄνθρωπον,
2601 2817 2685 2873 ὅτι
2742 2817 2914 2887 ἦλθον
2970 2818 3107 2893 πρὸς
3174 2815 3332 2871 αὐτὸν
3408 2814 3460 2871 ἐν
3515 2836 3720 2893 φαντα-

2072 2911 2214 2971 σίαις
2252 2910 2306 2963 ο¹ι
2345 2906 2621 2981 δαίμονες,
2661 2906 2960 2983 ἀγγελικάς
3000 2907 3252 2981 στρατιὰς
3307 2903 3717 2972 ἐπιδείκνυντες,

2072 2999 2164 3055 καὶ
2195 2998 2412 3073 ἅρματα
2439 2998 2632 3073 πυρὸς,
2678 2997 2768 3051 καὶ
2818 2990 3120 3071 δορυφορία
3169 2994 3357 3065 πολλὴ
3411 2997 3509 3067 [αι.
3557 2992 3717 3069 δορυ-

2073 3086 2269 3166 φορίαν
2301 3085 2569 3160 πολλὴν],
2620 3086 2713 3140 οἷά
2757 3104 2815 3139 τε
2864 3083 3136 3159 βασιλέως
3184 3083 3332 3146 τινὸς
3377 3080 3720 3156 ἐπιδημοῦν-

2070 3198 2186 3249 τος,
2216 3175 2306 3232 καὶ
2338 3174 2591 3252 λέγοντες
2646 3176 2742 3249 [αι.
2778 3172 3062 3250 λέγουτος]
3113 3172 3260 3244 αὐτῷ
3284 3188 3299 3205 ·
3348 3172 3721 3246 Κατώρθωσας

314 3284 497 3338 μενος,
554 3260 657 3325 ἕως
705 3269 894 3341 φωνῆς
937 3260 1166 3317 ἀκοῦσαι
1231 3259 1467 3337 ἂγγὲλου
1526 3260 1782 3337 λὲγοντος
1833 3262 1967 3336 πρὸς
1998 3237 2041 3304 C
2071 3237 2263 3338 πάντα,
2294 3237 2565 3341 ἄνθρωπε,
2597 3237 2795 3320 λὺιπὺν
2819 3237 3164 3337 προκύνησόν
3200 3282 3286 3337 με,
3310 3262 3401 3316 καὶ
3431 3237 3718 3324 ὡς’Ήλίαν

309 3353 471 3409 αὐτὸν
499 3358 618 3408 κατ’
648 3350 779 3429 ὄναρ
805 3394 819 3409 .
864 3348 1115 3423 Ἐδέξατο
1149 3353 1178 3406 6
1209 3350 1340 3413 Θεὸς
1376 3351 1477 3420 τήν
1514 3351 1799 3425 μετάνοιάν
1844 3371 1962 3419 σου,

308 3444 397 3499 καὶ
432 3441 636 3514 ἠλέησέ
666 3463 785 3515 σου,
815 3442 905 3498 καὶ
947 3445 1045 3497 τοῦ
1089 3440 1311 3513 λοιποῦ,
1361 3440 1461 3517 ὅρα
1510 3442 1587 3515 μὴ
1639 3440 1960 3515 ἀπατηθῇς.

311 3530 656 3592 Ἐλεύσονται
688 3529 745 3587 δὶ
775 3534 827 3587 οἱ
856 3528 1087 3611 ἀδελφοὶ
1117 3531 1254 3606 πρὸς
1280 3531 1361 3600 σὲ,
1406 3528 1849 3605 παρακαλοῦντές
1882 3549 1960 3601 σε,

311 3622 406 3683 οὓς
454 3621 516 3677 σύ
563 3620 937 3693 ἐνουθέτησας,
994 3621 1084 3677 καὶ
1133 3620 1392 3694 κομιοῦσί
1440 3640 1526 3675 σοι
1569 3619 1850 3696 εὐλογίας,
1899 3616 1960 3682 ἃς

317 3708 711 3785 ὑποδεξάμενος
775 3710 1066 3786 μεταλήψῃ
1127 3709 1224 3765 σὺν
1272 3708 1485 3778 αὐτοῖς,
1542 3708 1632 3765 καὶ
1704 3714 1785 3781 τῷ
1842 3712 1960 3781 Θεῷ

314 3802 603 3864 διαπαντὸς
642 3802 1059 3879 εὐχαριστήσεις
1086 3844 1101 3859 .
1133 3803 1317 3858 Ταῦτα
1361 3797 1475 3869 οῦν,
1526 3799 1572 3852 ὦ
1600 3799 1779 3867 τέκνα,
1829 3799 1956 3871 ὑμῖν

315 3892 682 3968 ὑφηγησάμην
732 3935 746 3961 ,
809 3888 904 3945 ’ἱνα
984 3891 1085 3958 τήν
1166 3885 1666 3964 ταπεινοφροσύνην
1731 3887 1955 3961 πρώτην

312 3980 611 4053 ἀσκήσητε,
660 3983 757 4036 κᾶν
786 3978 838 4035 ἐν
888 3976 1153 4055 μεγάλοις
1201 3973 1393 4049 δόξητε
1439 3975 1611 4032 εἶναι.
1662 3976 1813 4045 Αὕτη
1853 3976 1954 4052 γὰρ

309 4069 456 4127 ἐστιν
486 4074 522 4141 ἠ
555 4071 749 4146 πρώτη
783 4072 880 4124 τοῦ
913 4072 1171 4142 Σωτῆρος
1204 4064 1424 4137 ἐντολὴ,
1475 4064 1738 4141 λὲγοντος
1770 4110 1785 4125 .
1831 4066 1953 4122 Ma:-

307 4160 493 4234 κάριοι
544 4160 601 4213 οἱ
642 4158 862 4233 πτωχοὶ
909 4160 989 4229 τῷ
1033 4154 1320 4230 πνεύματι,
1385 4152 1469 4210 6'1:
1515 4152 1690 4210 αὐτῶν
1727 4152 1867 4210 ἐστιν
1914 4156 1949 4225 ἡ

305 4246 564 4323 βασιλεία
594 4250 699 4303 τῶν
752 4245 1022 4321 οὐρανῶν·
1071 4244 1163 4300 καὶ
1209 4242 1301 4299 ’ίνα
1351 4244 1428 4317 μή
1480 4243 1793 4313 ἀπατηθῆτε
1846 4244 1950 4299 ὑπὸ

302 4342 412 4395 τῶν
442 4335 740 4411 δαιμόνων,
772 4336 868 4397 τὰς
911 4335 1207 4413 φαντασίας
1254 4334 1381 4408 ὑμῖν
1431 4331 1752 4407 ἐγειρόντων
1776 4350 1789 4364 ·
1822 4330 1950 4388 ἀλλ’

304 4429 396 4483 ἐάν
423 4449 508 4492 τις
535 4424 668 4502 ἔλθῃ
709 4426 847 4501 πρὸς
898 4424 1037 4499 ὑμὰς
1082 4421 1339 4501 ἀδελφὸς,
1370 4422 1405 4492 ἢ
1439 4420 1624 4500 φίλος,
1655 4421 1691 4491 ἢ
1719 4423 1879 4500 γυνὴ,
1910 4423 1946 4493 ἦ

302 4518 509 4590 πατὴρ,
540 4515 576 4586 ἤ
613 4517 821 4590 μήτηρ,
853 4514 888 4585 ἢ
921 4512 1177 4594 ἀδελφὸς,
1208 4512 1243 4583 ἢ
1285 4508 1633 4584 διδάσκαλος,
1664 4511 1698 4582 ἢ
1731 4516 1877 4575 παῖς.
1910 4511 1946 4581 ἢ

2072 3379 2131 3413 σε
2160 3356 2556 3431 ἀναλήψομαι.
2598 3353 2791 3430 Ἔλεγε
2840 3351 2897 3408 δέ
2948 3354 2977 3407 ὁ
3031 3353 3275 3427 μοναχὸς
3320 3349 3373 3405 ἐν
3430 3353 3500 3424 τῇ
3547 3351 3717 3405 αὐτοῦ

2072 3443 2281 3517 διανοίᾳ
2313 3463 2329 3480 ⁸
2381 3444 2705 3520 Καθημέραν
2750 3446 3040 3519 προσκυνῶ
3095 3442 3174 3514 τῷ
3220 3440 3338 3513 ἐμῷ
3384 3439 3603 3516 βασιλεῖ
3637 3443 3717 3511 τῷ

2072 3538 2317 3611 Σωτῆρι,
2346 3534 2437 3591 καὶ
2468 3533 2513 3590 εἰ
2552 3536 2620 3604 ἦν
2672 3535 2831 3595 οὗτος
2873 3531 3097 3601 ἐκεῖνος,
3149 3528 3248 3585 οὐκ
3293 3527 3355 3583 ἃν
3406 3528 3534 3604 παρ’
3578 3528 3715 3602 ἐμοῦ

2066 3629 2230 3682 τοῦτο
2260 3627 2378 3701 ᾔτει
2400 3670 2414 3683 .
2448 3628 2535 3687 Ὠς
2567 3621 2624 3679 δὲ
2657 3622 2823 3697 μόνον
2854 3622 2997 3677 εἶπεν
3033 3620 3085 3675 ἐν
3118 3620 3292 3691 ἑαυτῷ
3340 3619 3409 3675 τὰ
3452 3623 3555 3688 τῆς
3594 3616 3713 3673 δια-

2066 3717 2237 3783 νοίας,
2270 3713 2356 3769 ὅτι
2384 3717 2545 3789 ’Έχω
2576 3712 2681 3787 ἐγὼ
2710 3713 2801 3767 τὸν
2834 3709 2967 3784 ἐμὸν
3005 3707 3233 3784 βασιλέα
3258 3709 3395 3783 [καὶ]
3424 3711 3515 3763 τὸν
3558 3708 3710 3779 Θεὸν,

2068 3802 2124 3857 δν
2156 3802 2240 3857 ἀεὶ
2272 3806 2579 3876 προσκυνῶ,
2612 3800 2676 3855 σὺ
2726 3798 2783 3854 δὲ
2826 3799 2924 3854 οὐκ
2960 3799 3011 3853 εἶ
3043 3797 3176 3871 ἐμὸς
3227 3795 3507 3871 βασιλεὺς,
3554 3796 3711 3858 εὐθὺς

2066 3890 2297 3959 ἄφαντος
2325 3889 2540 3967 γέγονεν
2566 3930 2579 3945 .
2622 3892 2803 3944 Ταῦτα
2851 3883 2909 3941 δὶ
2949 3887 3025 3946 ὡς
3066 3885 3190 3960 περὶ
3234 3883 3410 3939 ἄλλου
3461 3881 3712 3956 διαλεγό-

2068 3999 2247 4052 μενος,
2279 3980 2375 4041 τὰς
2403 3979 2597 4033 ἑαυτοῦ
2645 3972 2933 4036 πολιτείας
2975 3971 3229 4050 κρύπτειν
3279 3967 3553 4041 ἠϐούλετο
3578 4015 3592 4029 .
3642 3972 3711 4028 Οἱ

2063 4069 2121 4127 δῖε
2178 4068 2427 4132 συνόντες
2493 4066 2641 4141 αὐτῷ
2699 4065 2951 4142 Πατέρες,
3020 4063 3182 4119 αὑτὸν
3263 4057 3450 4138 ἔλεγον
3542 4064 3709 4116 ταῦτα

2060 4156 2352 4236 ἑωρακέναι
2380 4203 2396 4221 .

2127 4433 2301 4487 Ταῦτα
2328 4430 2419 4485 καί
2447 4427 2593 4485 ἄλλα
2624 4424 2937 4503 πάμπολλα
2966 4428 3101 4501 ἡμῖν
3149 4424 3509 4500 διηγούμενος
3540 4424 3568 4480 6
3602 4446 3704 4499 μαι

2059 4516 2248 4593 κάριος
2280 4518 2538 4589 Ἰωάννης
2572 4516 2659 4573 ἐπὶ
2705 4521 2851 4594 τρεῖς
2892 4515 3102 4593 ἡμέρας
3147 4511 3253 4578 ἕως
3294 4513 3515 4586 ἒννάτης
3560 4516 3703 4589 ὥρας

306 4604 543 4674 οἰκέτης,
576 4606 795 4679 πρῶτον
835 4601 911 4663 εἷς
960 4601 1273 4677 προσευχὴν
1303 4600 1399 4663 τὰς
1444 4605 1638 4676 χεῖρας
1686 4599 1950 4655 ἐκτείνατε
1978 4610 2025 4675 D
2058 4605 2467 4683 διαλεγόμενος,
2496 4607 2592 4670 τάς
2638 4607 2820 4686 ψυχὰς
2860 4608 3021 4680 ἡμῶν
3077 4606 3364 4682 ἐθεράπευε
3396 4646 3411 4662 .
3470 4603 3606 4664 Aab:
3647 4603 3704 4658 δὲ

304 4693 395 4750 καὶ
429 4693 514 4749 ἐάν
616 4691 917 4773 φάντασμα,
949 4691 1193 4771 φεύξεται
1225 4690 1314 4769 ἀφ’
1346 4690 1498 4762 ὑμῶν
1526 4705 1541 4721 ⁸
1583 4688 1679 4743 κᾶν
1730 4688 1950 4744 ἀπατώ-

308 4804 390 4838 σιν
437 4782 575 4857 ὑμᾶς
625 4782 677 4837 οἱ
709 4778 961 4855 δαίμονες
991 4782 1027 4852 ἢ
1059 4777 1333 4856 ἅνθρωποι
1375 4778 1762 4839 κολακεύοντες
1811 4778 1949 4850 ὑμᾶς

304 4872 396 4929 καὶ
459 4871 821 4940 ἐπαινοῦντες,
886 4870 962 4941 μή
1019 4869 1203 4925 πείσθε
1248 4865 1431 4931 αὐτοῖς
1483 4864 1623 4942 μηδὲ
1670 4864 1950 4941 ἐπαίρεσθε

306 4966 375 5037 τῇ
406 4960 650 5035 διανοίᾳ.
684 4961 837 5035 Κάμὲ
883 4961 986 5038 γάρ
1038 4959 1213 5026 οὕτως
1259 4957 1532 5021 πολλάκις
1579 4954 1863 5028 ἠπάτησαν
1897 4958 1949 5011 οἱ

305 5049 570 5127 δαίμονες
614 5049 667 5106 ἐν
714 5050 887 5123 νύκτί,
916 5050 1008 5105 καὶ
1056 5048 1180 5106 οὔτε
1222 5046 1467 5122 εὔξασθαί
1519 5068 1607 5123 με,
1651 5044 1775 5103 οὔτε
1819 5044 1952 5101 ἀνα-

302 5142 605 5198 παύσασθαι
672 5141 1041 5219 συνεχώρουν,
1100 5141 1390 5220 φαντασίας
1450 5138 1546 5215 μοί
1602 5159 1752 5202 τινας
1805 5157 1945 5214 παρ·

302 5231 527 5308 ἔχοντες
556 5230 692 5304 ὅλην
722 5233 823 5302 τήν
854 5231 1019 5289 νύκτα
1041 5252 1056 5268 ’
1087 5234 1178 5287 καὶ
1202 5232 1352 5307 πρωῒ
1380 5231 1736 5305 ἐμπαίζοντες
1774 5247 1948 5301 προσ-

301 5319 493 5376 ιπεσάν
544 5341 642 5394 μοι
684 5318 937 5400 λέγοντες
972 5339 985 5353 ·
1020 5322 1393 5397 Συγχώρησον
1444 5320 1604 5392 ἡμῖν,
1648 5311 1814 5382 ἇϐϐἆ,
1863 5316 1945 5371 6'1:

297 5409 503 5473 κόπους
559 5430 645 5465 σοι
693 5413 1044 5486 παρέσχομεν
1103 5409 1239 5481 ὅλην
1278 5410 1381 5478 τήν
1436 5407 1641 5465 νύκτα.
1696 5406 1841 5482 Ἐγὼ
1890 5403 1946 5461 δέ

297 5504 448 5559 εἷπον
497 5523 633 5580 προς
684 5503 912 5567 αὐτούς’
969 5503 1274 5574 Ἀπόστησε
1323 5501 1412 5557 ἀπ’
1458 5500 1594 5575 ἐμοῦ
1642 5497 1835 5561 πάντες
1893 5499 1944 5554 οἱ

294 5589 647 5667 ἐργαζόμενοι
701 5592 805 5663 τήν
852 5590 1081 5667 ἀνομίαν
1117 5632 1132 5648 .
1179 5591 1255 5647 Οὐ
1305 5590 1411 5667 γὰρ
1457 5590 1533 5663 μὴ
1590 5587 1944 5664 ἐκπειράσητε

296 5677 498 5737 δοῦλον
530 5679 736 5758 Κυρίου
761 5723 776 5741 .

2058 4697 2193 4767 ἡμῖν
2241 4694 2517 4771 εὐλογίας,
2576 4695 2626 4750 ἐν
2684 4696 2875 4770 εἱρήνῃ
2943 4695 3275 4768 πορευθῆναι
3331 4688 3650 4767 προσέταξεν
3686 4735 3700 4750 ,

2059 4783 2226 4840 εἰπὼν
2279 4786 2414 4859 ἡμῖν
2473 4786 2564 4842 καὶ
2621 4785 2957 4860 προφητείαν
3002 4783 3158 4837 τινά·
3215 4780 3300 4835 6'1:
3356 4781 3595 4853 σήμερον
3637 4779 3703 4833 τὰ

2058 4872 2297 4931 ἐπινίκια
2351 4880 2448 4931 τοῦ
2500 4870 2752 4937 εὐσεϐοῦς
2823 4870 3092 4949 βασιλέως
3144 4866 3434 4926 Θεοδοσίου
3487 4867 3564 4930 εἰς
3602 4869 3702 4936 τήν

2057 4959 2461 5039 ’Δλεξάνδρειαν
2490 4962 2930 5034 εἷσεληλύθασιν,
2961 4958 3097 5014 κατὰ
3151 4957 3251 5027 τῆς
3300 4959 3398 5012 τοῦ
3438 4956 3699 5031 τυράννου

2056 5051 2311 5127 Εὐγενίου
2350 5052 2671 5128 ἀναιρέσεως
2705 5071 2719 5086 ο
2752 5050 2842 5106 καὶ
2873 5048 2957 5106 6'1:
2989 5046 3071 5104 δεῖ
3098 5047 3191 5103 τὸν
3233 5044 3463 5122 βασιλέα
3509 5044 3700 5117 οἰκείῳ

2056 5139 2266 5213 θανάτῳ
2294 5139 2615 5213 τελευτῆσαι
2649 5160 2661 5175 ο
2697 5142 2831 5215 ἅπερ
2854 5132 3052 5210 συνέϐη
3074 5135 3209 5191 κατά
3231 5133 3494 5208 ἀλήθειαν
3526 5132 3698 5199 οὕτως

2054 5228 2296 5305 γενέσθαι
2322 5273 2338 5290 .

2124 5412 2220 5464 Ἦν
2260 5406 2318 5464 δὲ
2349 5407 2479 5466 ίδεῖν
2506 5412 2569 5467 τὸ
2615 5410 2826 5479 πλῆθος
2873 5414 2982 5466 τῶν
3030 5407 3292 5465 συνόντων
3334 5406 3487 5479 αὐτῷ
3531 5426 3697 5480 μονα-

2054 5505 2171 5575 χῶν
2194 5498 2245 5555 ἔν
2274 5503 2342 5574 τῇ
2376 5501 2661 5576 ἐκκλησίᾳ,
2694 5502 2858 5559 οἷονεί
2890 5503 3094 5579 χορούς
3124 5520 3275 5563 τινας
3309 5495 3530 5554 δικαίων
3560 5496 3698 5573 λαμο

2051 5596 2483 5670 προφοροῦντας,
2540 5593 2632 5649 καὶ
2684 5591 2983 5659 ἀπαύστοις
3038 5589 3234 5665 ὕμνοις
3287 5587 3379 5646 τὸν
3421 5585 3552 5644 Θεὸν
3611 5585 3700 5645 δο-

2052 5679 2305 5755 ξάζοντας
2328 5721 2342 5739 .
