4078 6212
429 329 582 392 1131

1938 319 2300 385 PALLADII

3674 310 3831 375 H32

497 467 585 526 Ὠς
637 459 696 518 δὲ
744 459 993 526 πολλοὺς
1040 461 1130 518 καὶ
1174 458 1380 524 ἄλλους
1427 456 1668 536 Πατέρας
1716 455 2068 533 ἐθεασάμεθα,
2100 459 2154 526 Α
2182 449 2642 531 παρακαλούντων
2684 449 2852 508 εἰπεῖν
2895 449 3030 528 πρὸς
3079 447 3228 523 ἡμᾶς
3276 446 3676 523 προτρεπτικόν
3716 468 3838 502 τινα

422 555 615 626 ἢκασιν
672 551 900 632 ἀδελφοὶ
979 551 1420 630 ἀπαγγέλλοντες
1491 553 1626 626 ἡμῖν
1690 549 2068 606 τετελειῶσθαι

422 644 517 700 τὸν
552 644 817 718 μακάριον
866 644 1128 714 Ἰωάννην
1175 642 1481 715 θαυμαστόν
1531 662 1649 696 τινα
1685 642 1890 716 τρόπον
1927 658 1940 671 ’
1987 638 2068 694 ἐν·

420 734 745 808 τειλάμενος
782 733 884 809 γὰρ
929 731 1017 787 ἐπὶ
1055 738 1200 805 τρεῖς
1250 733 1458 810 ἡμέρας
1510 729 1715 807 μηδένα
1763 735 2065 807 συγχωρεῖν

421 825 559 898 πρὸς
589 823 751 878 αὐτὸν
792 821 1018 894 ἀνιέναι,
1056 822 1248 886 κλίνας
1287 824 1354 879 τά
1398 823 1595 899 γόνατα
1644 821 1719 884 εἷς
1753 823 2065 896 προσευχὴν

423 912 742 983 ἐτελειώθη,
787 911 1037 968 ἀπελθὼν
1078 913 1215 986 πρὸς
1259 914 1388 969 Θεόν
1419 957 1434 973 .
1484 917 1548 990 ’ῼ
1576 914 1610 981 ἡ
1646 909 1772 981 δόξα
1820 910 1897 973 εἷς
1943 909 2069 971 τοὺς

421 1002 622 1065 αἰῶνας
658 1044 673 1060 .
714 1004 890 1076 Ἀμήν
920 1046 935 1060 .

1011 1114 1248 1168 ΚΕΦΑΛ
1271 1151 1285 1168 .
1326 1111 1432 1168 MZ'
1457 1151 1472 1168 .

887 1193 904 1210 ³
983 1201 1112 1274 Περί
1164 1199 1506 1274 Ποιμενίης.

490 1306 664 1367 Οὗτος
693 1305 782 1361 καὶ
825 1310 894 1380 τῇ
936 1301 1106 1379 δούλῃ
1143 1311 1240 1361 τοῦ
1290 1311 1523 1381 Χριστοῦ
1573 1309 1840 1382 Ποιμενίῃ
1891 1327 2066 1382 παρα-

419 1390 664 1468 ϐαλούσῃ
709 1395 857 1466 αύτῷ
904 1395 1148 1470 ἱστορίας
1196 1397 1380 1470 χάριν,
1433 1397 1497 1451 οὐ
1554 1398 1922 1472 συντετύχηκε
1971 1397 2064 1469 μὲν

416 1483 556 1557 αὐτῇ
599 1482 734 1538 κατά
781 1483 1098 1560 πρόσωπον,
1158 1483 1432 1554 ἐδήλωσεν
1493 1483 1549 1538 δὲ
1587 1487 1725 1558 αὐτῇ
1775 1488 1916 1555 τινὰ,
1975 1487 2067 1540 καὶ

415 1577 524 1626 τῶν
569 1570 917 1648 ἀπορρήτων,
966 1573 1333 1649 παρήγγειλεν
1383 1571 1439 1627 δὲ
1487 1573 1622 1648 αὐτῇ
1662 1574 2063 1650 κατερχομένη,

416 1662 524 1718 ἀπὸ
572 1657 845 1732 Θηϐαΐδος
895 1664 972 1736 μή
1033 1663 1275 1718 ἐκνεῦσαι
1333 1662 1421 1719 ἐπὶ
1468 1663 1899 1740 Ἀλεξάνδρειαν,
1949 1666 2063 1719 ἐπεὶ

417 1755 744 1824 πειρασμοῖς
801 1747 920 1829 ἔχει
977 1757 1283 1827 περιπεσεῖν
1313 1796 1324 1809 .
1372 1755 1434 1810 Ἡ
1485 1751 1561 1824 δὲ,
1608 1756 1642 1826 ἣ
1693 1756 2063 1832 παραλογισα-

2181 545 2366 621 λόγον,
2422 543 2585 617 μόλις
2632 541 2899 620 ἠνέσχετο
2952 539 3075 614 περί
3124 539 3432 614 πραότητος
3475 540 3612 610 ἡμῖν
3668 537 3832 610 μόνον

2179 634 2343 711 ὁλίγα
2364 632 2718 709 διαδεχθῆναι
2746 674 2760 688 .
2793 632 2962 694 Οῦτος
2993 628 3383 702 ἱπποποτάμου
3414 628 3548 682 ποτέ
3579 627 3833 700 λυμηνα-

2184 725 2346 800 μένου
2375 725 2477 794 τὴν
2507 723 2723 797 γείτονα
2752 722 2966 800 χώραν,
2996 719 3216 780 ἐπιστάς
3243 717 3322 791 τῷ
3351 718 3508 790 τόπῳ
3565 718 3670 772 ὑπὸ
3723 722 3832 772 τῶν

2179 819 2434 892 γεωργῶν
2484 812 2874 889 παρακληθεὶς,
2920 811 3009 868 καὶ
3054 809 3184 866 ἰδὼν
3235 810 3296 865 τὸ
3347 807 3542 883 θηρίον
3594 808 3830 880 ἐξαίσιον

2181 907 2406 979 μέγεθος
2444 899 2595 978 ἔχον,
2626 902 2818 977 πραείᾳ
2868 907 3022 980 φωνῇ
3069 898 3382 956 ἐνετέλλετο
3415 898 3562 970 αύτῷ
3608 897 3788 972 λέγων
3818 919 3830 931 ·

2180 992 2550 1069 Παραγγέλλω
2583 1014 2668 1048 σοι
2699 993 2926 1066 όνόματι
2958 995 3054 1047 τοῦ
3097 994 3336 1062 Χριστοῦ
3390 987 3585 1061 μηκέτι
3637 986 3836 1061 λυμη-

2178 1086 2362 1140 νασθαι
2392 1086 2491 1153 τὴν
2521 1084 2708 1158 χώραν
2741 1124 2754 1139 .
2788 1084 2849 1140 ¹Ο
2883 1079 2961 1150 δὲ,
2986 1083 3063 1143 ὡς
3096 1080 3199 1135 ὑπὸ
3230 1077 3472 1157 ἀγγέλου
3503 1076 3832 1135 ἀπελασθεὶς

2175 1178 2272 1230 τοῦ
2320 1172 2511 1243 τόπου,
2561 1173 2891 1228 παντάπασιν
2943 1171 3147 1244 ἀφανὴς
3200 1168 3458 1246 γέγονεν.
3520 1166 3684 1226 Οῦτω
3742 1167 3830 1222 καὶ

2177 1263 2529 1342 κροκόδειλον
2559 1261 2847 1335 ἀπεδίωξεν
2880 1260 3082 1318 ἄλλοτε
3109 1306 3124 1318 .

2795 1375 3038 1428 ΚΕΦΑΛ
3069 1413 3082 1426 .
3125 1369 3201 1424 Ν’.

2630 1462 2760 1537 Περὶ
2798 1464 2894 1516 τοῦ
2933 1454 3076 1515 ἀϐϐἆ
3116 1452 3330 1522 Θέωνος
3357 1501 3369 1516 .

2249 1568 2462 1642 Ἵδομεν
2497 1566 2553 1623 δὲ
2590 1567 2678 1623 καὶ
2730 1567 2900 1622 ἄλλον
2951 1567 3013 1621 οὐ
3067 1567 3273 1640 μακράν
3324 1571 3426 1634 τῆς
3473 1564 3696 1626 πόλεως
3742 1563 3832 1619 ἐπὶ

2172 1660 2272 1727 τὴν
2305 1653 2533 1733 ἔρημον,
2567 1657 2798 1731 ὀνόματι
2829 1663 3063 1729 Θεωνᾶν,
3095 1653 3264 1731 ἄνδρα
3295 1657 3468 1730 ἅγιον,
3511 1653 3566 1708 ἐν
3598 1653 3831 1726 οἰκίσκῳ

2173 1749 2309 1804 κατά
2363 1749 2524 1820 μόνας
2573 1746 3043 1822 ἐγκεκλεισμένον,
3101 1744 3188 1801 ἐπὶ
3247 1748 3637 1819 τριακονταετῆ
3697 1745 3834 1818 χρό-

421 1821 556 1915 μένη
614 1821 710 1894 τοῦ
772 1821 1012 1917 μεγάλου
1051 1821 1168 1910 ’τὴν
1222 1821 1556 1917 πρόῤῥησιν,
1589 1821 2060 1918 ἐπιλαϐομένη,
2093 1821 2257 1892 Βνον
2305 1839 2516 1906 σιωπὴν
2575 1821 2880 1907 ἀσκήσαντα
2909 1855 2920 1866 ·
2971 1836 3030 1896 ὃς
3076 1833 3340 1894 πλείστας
3392 1830 3652 1907 δυνάμεις
3716 1832 3833 1888 ἐπι·

417 1928 672 2003 ἐξένευσεν
741 1927 829 1983 ἐπὶ
893 1931 991 1999 τήν
1061 1930 1464 2005 Ἀλεξάνδρειαν
1552 1934 1792 2008 ἱστορίας
1850 1937 2060 2011 χάριν,

418 2020 565 2094 τάχα
613 2016 847 2073 θέλουσα
901 2017 1030 2074 ἰδεῖν
1088 2023 1187 2090 τὴν
1238 2020 1402 2076 πόλιν
1435 2062 1447 2077 .
1501 2022 1644 2077 Κατά
1689 2021 1744 2077 δὲ
1785 2024 1882 2092 τήν
1939 2022 2063 2079 ὁδὸν

418 2105 654 2178 πλησίον
713 2111 935 2171 Νικιοῦς
979 2115 1080 2178 τῆς
1137 2107 1355 2172 πόλεως
1411 2107 1716 2182 παρέλαϐεν
1776 2110 1940 2181 αὐτῆς
1996 2113 2064 2168 τὰ

418 2195 596 2254 πλοῖα
640 2195 986 2260 ἀναπαύσεως
1035 2198 1196 2277 χάριν
1227 2241 1239 2254 .
1291 2200 1629 2272 Ἐξελθόντες
1660 2199 1752 2256 οὖν
1785 2202 1836 2256 οἱ
1875 2200 2062 2263 παῖδες

419 2286 472 2361 ἐξ
506 2285 716 2358 ὀταξίας
746 2287 894 2350 τινὸς
934 2282 1228 2344 συνέϐαλον
1273 2291 1459 2364 μάχην
1513 2290 1648 2364 μετά
1693 2296 1800 2346 τῶν
1851 2291 2063 2367 ἐπιχω-

420 2375 555 2450 ρίων
601 2373 810 2451 ἀνδρῶν
853 2375 1342 2452 ἀπονενοημένων·
1387 2378 1442 2433 ο⁹ί
1483 2401 1622 2442 τινες
1662 2381 1777 2444 ἐνὸς
1828 2381 1922 2456 μὲν
1977 2382 2064 2437 εύ-

418 2465 625 2540 νούχου
683 2461 948 2522 δάκτυλον
1006 2467 1308 2542 ἀπέκοψαν,
1369 2467 1540 2524 ἄλλον
1619 2467 1676 2524 δέ
1731 2470 2015 2550 ἐφόνευσαν
2050 2487 2065 2503 ·

422 2555 700 2609 Διονύσιον
735 2553 793 2609 δὲ
820 2556 912 2610 τὸν
942 2557 1098 2632 ἅγιον
1129 2555 1423 2611 ἐπίσκοπον
1454 2560 1540 2613 καὶ
1576 2559 1651 2621 εἷς
1681 2560 1772 2614 τὸν
1820 2562 2067 2633 ποταμὸν

420 2636 624 2714 ἔϐαψαν
657 2643 813 2714 ὅμως
860 2646 1219 2720 ἀγνοήσαντες
1248 2662 1262 2676 ·
1313 2646 1563 2717 κάκείνην
1618 2649 1785 2719 αὐτὴν
1837 2646 2068 2704 ἔπλυναν

424 2726 735 2805 λοιδορίαις
783 2733 874 2786 καὶ
933 2730 1205 2811 ἐφόϐησαν
1277 2732 1571 2808 ἀπειλαῖς,
1630 2737 1758 2802 τοὺς
1842 2738 2072 2804 λοιποὺς

424 2816 620 2881 παῖδας
649 2818 852 2882 πάντας
881 2824 1344 2896 τραυματίσαντες
1369 2865 1383 2880 .

1009 2935 1250 2987 ΚΕΦΔΛ
1275 2972 1288 2988 .
1329 2935 1445 2987 MH'
1467 2975 1484 2992 .

925 3021 1054 3094 Περὶ
1093 3015 1238 3075 ἀϐϐἆ
1274 3021 1545 3094 Ἀμμωνᾶ
1568 3066 1581 3081 .

498 3125 870 3201 Ἐθεασάμεθα
925 3127 976 3183 ἐν
1029 3124 1262 3200 Θηϐαΐδι
1319 3130 1406 3184 καὶ
1480 3126 1662 3205 ἕτερον
1722 3129 1888 3207 ἄνδρα
1941 3133 2072 3188 όνό-

428 3234 560 3288 ματι
592 3215 914 3289 Ἀμμωνᾶν,
948 3219 1163 3293 Πατέρα
1206 3221 1464 3292 μοναχῶν
1513 3218 1641 3273 ὡσεὶ
1688 3226 1832 3297 τρεῖς
1887 3221 2069 3297 χιλιάο

426 3300 563 3366 δας·
613 3305 706 3368 οὓς
761 3307 850 3361 καὶ
916 3302 1357 3378 Ταϐεννησίωτας
1434 3307 1748 3380 ὠνόμαλον,
1819 3312 2070 3384 μεγάλην

425 3389 653 3467 ἔχοντας
686 3392 990 3462 πολιτείαν,
1035 3395 1126 3448 καὶ
1172 3392 1431 3466 μηδωτάς
1475 3401 1797 3471 φοροῦντας,
1843 3401 1934 3453 καὶ
1982 3421 2073 3455 κε-

421 3480 765 3554 καλυμμένῳ
831 3482 1112 3555 προσώπῳ
1177 3481 1495 3554 ἐσθίοντας,
1551 3486 1701 3540 κάτω
1774 3487 2020 3551 νεύοντας
2055 3533 2070 3559 ,

425 3571 590 3643 μήτις
636 3571 727 3625 τὸν
780 3569 1019 3641 πλησίον
1076 3573 1330 3642 θεάσηται
1386 3572 1650 3645 ἐσθίοντα,
1709 3577 1801 3630 καὶ
1854 3581 2067 3649 σιωπὴν

421 3657 712 3721 ἀσκοῦντας
741 3657 982 3730 πολλὴν,
1033 3659 1108 3722 ὡς
1157 3659 1306 3717 δοκεῖ
1338 3661 1389 3717 ἐν
1421 3661 1675 3738 ἐρημίαις
1728 3666 1884 3737 εἶναι,
1940 3667 2068 3722 ἐκά-

419 3765 550 3801 στου
577 3747 678 3816 τήν
710 3747 904 3805 ἑαυτοῦ
933 3749 1216 3805 πολιτείαν
1257 3751 1436 3831 κρύφα
1479 3751 1850 3826 ἐκτελοῦντος,
1903 3757 2068 3830 μόνον

418 3832 475 3890 δέ
506 3837 754 3910 σχήματι
805 3839 1150 3912 καθημένους
1197 3837 1286 3895 ἐπὶ
1329 3843 1429 3912 τήν
1484 3842 1772 3917 τράπεζαν,
1832 3847 1922 3900 καὶ
1974 3844 2066 3900 δο-

414 3929 526 3980 κεῖν
560 3924 776 3999 ἐσθίειν,
807 3929 1178 4004 πειρωμένους
1211 3928 1268 3986 δὲ
1309 3930 1589 3988 λανθάνειν
1641 3933 1928 4006 ἀλλήλους
1955 3981 1966 3993 .
1999 3937 2064 3994 Οἱ

419 4017 515 4091 μὶν
570 4017 675 4094 γὰρ
733 4017 909 4074 αὐτῶν
969 4014 1107 4090 ἅπαξ
1155 4021 1191 4090 ἤ
1239 4017 1487 4098 δεύτερον
1544 4028 1624 4096 τῷ
1683 4025 1910 4100 στόματι
1965 4029 2066 4098 τήν

414 4111 578 4182 χεῖρα
623 4111 994 4185 προσήγαγον,
1039 4110 1203 4184 όίρτου
1233 4109 1271 4181 ἤ
1304 4111 1526 4185 ἐλαίων,
1557 4116 1592 4184 ἢ
1624 4137 1771 4179 τινος
1802 4122 1909 4172 τῶν
1960 4140 2066 4174 πα-

417 4197 750 4270 ρακειμένων
797 4197 1086 4270 ἁψάμενοι,
1135 4199 1224 4253 καὶ
1270 4200 1496 4256 ἑκάστου
1538 4205 1875 4283 προσφαγίου
1926 4201 2060 4279 ἅπαξ

416 4282 726 4357 γευόμενοι,
757 4283 1026 4356 ἠρκοῦντο
1055 4289 1124 4351 τῇ
1154 4293 1330 4366 τροφῇ
1369 4289 1539 4363 ταύτῃ
1567 4335 1579 4347 .
1630 4282 1836 4348 ’Ἄλλοι
1871 4293 1927 4348 δὲ
1969 4297 2062 4352 τὸν

417 4371 580 4444 ἄρτον
611 4371 794 4446 ἡρέμα
821 4371 1171 4445 μασσώμενοι
1202 4374 1630 4450 ἀπροσποιήτως
1659 4403 1717 4436 τε
1736 4385 1844 4436 τῶν
1873 4382 2059 4440 ἄλλων

417 4457 658 4532 ἔχοντες,
701 4458 877 4520 οὕτως
916 4460 1289 4539 ἐνεκαρτέρουν
1315 4507 1327 4521 .
1369 4465 1568 4523 Ἄλλοι
1617 4467 1674 4525 δὲ
1721 4476 1819 4527 τοῦ
1872 4480 2062 4549 ζωμοῦ

422 4547 592 4620 μόνου
623 4546 807 4622 κρίτον
838 4547 1107 4626 ἐγεύοντο,
1141 4551 1549 4627 ἐνεκρατεύοντο
1582 4555 1637 4614 δὲ
1684 4566 1791 4616 τῶν
1832 4546 2020 4622 ἄλλων
2045 4610 2057 4624 .
2093 4559 2140 4622 D

418 4641 590 4713 νΑπερ
624 4639 799 4694 πάντα
835 4640 970 4695 κατὰ
1000 4639 1166 4720 λόγον
1199 4645 1476 4719 θαυμάσας
1509 4649 1570 4704 ού
1601 4657 1820 4725 παρῆκα
1849 4655 1950 4724 τὴν
2007 4655 2066 4710 ἐκ

417 4725 627 4784 τούτων
657 4727 924 4808 ὠφέλειαν
950 4776 965 4790 ,

1001 4831 1241 4883 ΚΕΦΑΛ
1265 4870 1279 4886 .
1321 4830 1439 4885 ΜΘ¹
1461 4871 1474 4884 .

934 4915 1065 4990 Περὶ
1103 4920 1199 4971 τοῦ
1240 4912 1384 4972 ἀϐϐἆ
1423 4924 1543 4989 Βῆ.

491 5014 709 5089 ’Ίδομεν
739 5016 796 5074 δέ
825 5019 914 5075 καὶ
972 5019 1142 5078 ἄλλον
1192 5021 1500 5099 πρεσϐύτην
1546 5027 1816 5100 πραότητι
1861 5030 2062 5093 πάντας

420 5106 739 5192 ἀνθριύπους
775 5105 1272 5187 ὑπερϐαλλόμενον,
1322 5110 1464 5170 ἀϐϐἆ
1493 5120 1572 5186 Βῆ
1626 5119 1859 5192 ὀνόματι
1899 5163 1912 5178 .
1967 5122 2061 5178 Ὀν

421 5189 820 5253 διεϐεϐαιοῦντο
850 5199 901 5253 οἱ
940 5202 1063 5275 περί
1095 5201 1252 5258 αὑτὸν
1281 5203 1528 5284 ἀδελφοὶ,
1577 5189 1880 5279 μηδέ-ποτε
1923 5211 2062 5282 ὁμό-

421 5305 530 5354 σαι,
592 5285 733 5359 μηδὲ
781 5287 1094 5362 ψεύσασθαι,
1150 5291 1290 5365 μηδὲ
1337 5294 1656 5368 ὀργισθῆναι
1707 5300 1840 5353 κατά
1891 5320 2059 5372 τινος,

422 5371 564 5464 μηδὲ
611 5375 912 5464 ἐπιπλῆσαι
963 5379 1114 5457 λόγῳ
1143 5383 1248 5437 τινὶ
1303 5384 1561 5442 πώποτε.
1605 5387 1702 5442 Ἢν
1743 5389 1844 5462 γάρ
1876 5390 1903 5443 6
1945 5371 2062 5464 βίος

420 5463 584 5517 αὐτοῦ
642 5463 764 5522 λίαν
816 5469 1074 5545 ἡσύχιος,
1131 5471 1220 5526 καὶ
1258 5474 1518 5548 ὁτρόπος
1576 5473 1842 5546 ἐπιεικὴς,
1899 5463 2057 5556 ἀγγε-

421 5549 581 5620 λικὴν
639 5554 958 5614 κατάστασιν
1015 5558 1240 5637 ἔχοντος
1286 5605 1297 5618 .
1361 5564 1458 5618 Ἦν
1537 5563 1632 5618 καὶ
1688 5567 2058 5647 ταπεινόφρων

419 5639 568 5714 ἄγαν,
598 5645 684 5699 καὶ
718 5645 903 5703 ἐαυτὸν
941 5649 1228 5722 εὖτελίζων
1254 5695 1268 5710 .
1322 5651 1512 5710 Πολλὰ
1541 5655 1643 5730 γὰρ
1693 5656 1852 5712 αὐτὸν
1901 5639 2060 5732 ημῶν

2171 1926 2370 1995 τελῶν,
2403 1926 2478 1987 ὡς
2526 1926 2816 2000 προφήτης
2865 1925 2992 1999 παρ’
3024 1924 3210 1985 αὐτοῖς
3256 1921 3541 1995 ἐνομίζετο
3569 1963 3583 1977 ⁸
3639 1924 3834 1993 ἘξήΫ

2172 2034 2305 2089 χετο
2372 2015 2476 2091 γὰρ
2543 2015 2678 2088 πρὸς
2767 2012 2924 2068 αὑτὸν
3008 2011 3239 2087 ἡμέριον
3301 2013 3364 2066 16
3435 2011 3653 2079 πλῆθος
3724 2016 3832 2067 τῶν

2171 2103 2536 2159 ἀσθενούντων
2563 2147 2576 2161 .
2613 2103 2716 2158 Καὶ
2760 2100 2848 2157 διά
2897 2100 3116 2176 θυρίδος
3178 2102 3440 2165 ἐπιτεθεὶς
3483 2100 3674 2162 αὐτοῖς
3733 2103 3832 2163 τάς

2174 2199 2366 2272 χεῖρας
2407 2194 2576 2268 ὑγιεῖς
2607 2191 2955 2264 ἀπέπεμπεν.
3006 2193 3105 2247 Ἦν
3159 2189 3214 2245 δὲ
3265 2188 3396 2246 ἰδεῖν
3438 2190 3601 2245 αὑτὸν
3652 2193 3836 2264 πρόσ-

2175 2303 2323 2337 ωπον
2374 2279 2607 2357 ἀγγέλου
2667 2276 2889 2356 ἔχοντα,
2948 2280 3254 2359 χαροποιὸν
3310 2285 3432 2342 τοῖς
3491 2280 3830 2353 ὀφθαλμοῖς,

2175 2378 2264 2428 καί
2295 2369 2513 2440 πολλῆς
2541 2371 2769 2446 χάριτος
2812 2368 2942 2425 ὅλον
2988 2370 3185 2442 μεστόν
3213 2412 3228 2428 .
3282 2372 3380 2432 Ὅς
3419 2368 3482 2424 οὗ
3527 2371 3636 2444 πρὸ
3686 2371 3836 2426 πολ-

2179 2461 2277 2516 λοῦ
2327 2480 2470 2520 τινος
2509 2459 2708 2534 χρόνου
2759 2457 2976 2534 λῃστῶν
3037 2459 3183 2531 αὑτῷ
3241 2458 3581 2513 ἐπελθόντων
3637 2461 3831 2521 νυκτὸς

2182 2550 2468 2625 μακρόθεν,
2528 2548 2821 2620 οἷἠθέντων
2886 2548 3110 2627 χρυσίον
3167 2550 3292 2622 παρ’
3355 2548 3502 2621 αὑτῷ
3556 2550 3830 2623 εὑρήσειν,

2176 2639 2267 2694 καὶ
2303 2637 2652 2714 βουλομένων
2714 2637 2870 2692 αὑτὸν
2919 2637 3176 2712 ἀναιρεῖν,
3221 2633 3442 2708 ηὔξατο,
3493 2638 3584 2693 καὶ
3634 2637 3838 2707 ἀκίνη-

2176 2749 2262 2784 τοι
2303 2728 2449 2803 παρά
2478 2728 2571 2789 τὰς
2613 2729 2774 2802 θύρας
2824 2727 2960 2806 ἄχρι
3008 2726 3156 2799 πρωί
3203 2723 3418 2800 ἔμειναν
3446 2770 3458 2784 .
3508 2735 3837 2802 Παραγενο-

2183 2817 2357 2892 μένων
2391 2814 2448 2872 δε
2501 2817 2638 2891 πρὸς
2681 2816 2842 2871 αὐτὸν
2893 2820 3002 2871 τῶν
3047 2811 3266 2892 ὄχλων,
3315 2815 3399 2870 καὶ
3453 2816 3580 2891 πυρὲ
3639 2835 3834 2888 παρα-

2181 2905 2366 2962 δοῦναι
2433 2905 2783 2979 νοουμένων,
2867 2906 3215 2980 ἀναγκασθεὶς
3279 2902 3368 2960 ’ένα
3425 2906 3557 2981 πρὸς
3616 2905 3836 2967 αὐτοὺς

2179 2996 2544 3077 ἀπεφθέγξατο
2575 2993 2736 3069 λόγον
2765 3038 2777 3050 .
2822 2996 3019 3073 Ἀφετε
3047 2995 3272 3056 τούτους
3307 2997 3475 3072 ὑγιεῖς
3523 2994 3790 3051 ἀπελθεῖν
3820 3014 3836 3028 ο

2182 3086 2228 3140 εί
2262 3083 2317 3140 δὲ
2360 3085 2459 3159 μή,
2491 3087 2525 3153 ἡ
2559 3086 2720 3159 χάρις
2771 3105 2878 3139 των
2926 3083 3170 3158 ἰαμάτων
3212 3085 3302 3138 ἀπ’
3353 3083 3488 3156 ἐμοῦ
3537 3083 3835 3159 φεύξεται.

2100 3193 2142 3258 C
2180 3177 2242 3230 Οἱ
2275 3173 2331 3230 δὲ
2371 3176 2605 3245 ἤκουσαν
2651 3173 2815 3229 αὐτοῦ
2843 3216 2858 3231 .
2899 3171 3038 3229 Οὐδὲ
3078 3173 3181 3249 γάρ
3212 3175 3482 3229 ἀντειπεῖν
3530 3172 3792 3246 ἐτόλμων
3819 3221 3835 3236 ,

2183 3266 2284 3320 Καὶ
2331 3266 2467 3335 ἦσαν
2527 3263 2683 3325 εὐθὺς
2736 3263 2786 3318 οἱ
2828 3261 3020 3337 λῃσταὶ
3065 3262 3116 3318 ἐν
3166 3269 3282 3325 τοῖς
3331 3264 3488 3339 πέριξ
3547 3286 3833 3338 μοναστη-

2183 3354 2318 3428 ρίοις
2369 3354 2460 3408 σὺν
2505 3358 2624 3415 τοῖς
2680 3357 2948 3427 μοναχοῖς
3000 3348 3398 3427 μεταϐαλόντες
3454 3355 3550 3409 τὸν
3607 3357 3835 3428 τρόπον,

2179 3443 2267 3499 καὶ
2308 3444 2394 3498 ἐπὶ
2434 3448 2549 3504 τοῖς
2580 3441 2977 3518 πεπραγμένοις
3021 3447 3398 3516 μετανοοῦντες
3423 3487 3438 3501 .
3493 3443 3832 3500 Πεπαίόευτο

2181 3533 2236 3589 δὲ
2268 3535 2294 3588 6
2327 3534 2459 3608 ἀνὴρ
2491 3530 2699 3606 τριπλῇ
2750 3535 2857 3586 τῶν
2900 3531 3097 3603 λέξεων
3141 3533 3329 3608 χάριτι
3371 3529 3426 3587 ἔν
3474 3554 3531 3588 τε
3561 3534 3828 3604 Ἑλληνι-

2177 3629 2318 3695 κοῖς,
2348 3624 2438 3695 καὶ
2470 3627 2824 3696 Ῥωμαϊκοῖς,
2856 3622 2944 3677 καὶ
2975 3623 3366 3698 Αἰγυπτιακοῖς
3408 3623 3829 3700 ἀναγνώσμασι,

2175 3715 2352 3775 καθὼς
2409 3716 2554 3783 παρὰ
2611 3710 2840 3767 πολλῶν
2899 3713 2987 3768 καὶ
3032 3715 3157 3784 παρ’
3202 3713 3364 3768 αὐτοῦ
3421 3713 3632 3769 ἐκείνου
3695 3716 3830 3788 ἐμάο

2176 3806 2339 3878 θομεν
2373 3847 2385 3860 .
2436 3802 2718 3877 Ἐπιγνοὺς
2768 3802 2869 3879 γάρ
2931 3805 3078 3875 ἡμᾶς
3134 3802 3312 3874 ξένους
3373 3802 3553 3873 ὄντας,
3611 3807 3824 3878 γράψας

2175 3892 2224 3948 ἐν
2289 3889 2583 3964 πινακιδίῳ
2646 3895 2725 3962 τῷ
2791 3895 2905 3962 Θεῷ
2989 3889 3073 3965 ἐφ’
3153 3894 3288 3965 ἡμῖν
3356 3890 3751 3966 εὐχαρίστησεν
3807 3936 3821 3949 .

2172 3983 2390 4039 ’Ήσθιεν
2425 3979 2480 4034 δὲ
2507 3984 2614 4035 τῶν
2658 3980 2981 4052 σπερμάτων
3024 3978 3092 4034 τά
3143 3977 3375 4057 ὂίνεφθα.
3411 3981 3589 4055 Ἐξῄει
3640 3980 3697 4037 δὲ
3750 3984 3825 4043 ὥς

2172 4066 2554 4151 φασι,νύκτωρ
2595 4073 2690 4125 τοῦ
2736 4068 2982 4138 κελλίου,
3035 4069 3124 4124 καὶ
3174 4070 3386 4146 ἀγρίοις
3437 4073 3655 4145 θηρίοις
3707 4094 3826 4127 συν-

2171 4160 2487 4235 ηγελάζετο,
2519 4160 2607 4214 καὶ
2643 4157 2694 4229 ἐξ
2725 4157 2787 4213 οῦ
2817 4159 2959 4234 εἶχεν
2992 4157 3185 4222 ὕδατος
3223 4160 3359 4215 αὐτὰ
3406 4159 3648 4231 ἐπότιξεν
3673 4205 3687 4218 .
3723 4165 3826 4218 Ἤν

2173 4251 2275 4329 γάρ
2309 4249 2441 4305 ίδεῖν
2482 4249 2607 4324 ἷ¹χνη
2667 4243 2955 4323 βουϐάλων
3005 4249 3093 4304 καὶ
3129 4249 3368 4326 ὀνάγρων
3409 4253 3501 4305 καὶ
3533 4248 3822 4326 δορκάδων

2173 4345 2333 4396 τινῶν
2363 4340 2487 4413 περί
2518 4340 2616 4408 τὴν
2649 4339 2823 4412 μονὴν
2854 4335 3019 4394 αὑτοῦ
3051 4341 3133 4400 οἷς
3164 4338 3245 4394 ἀεὶ
3277 4340 3673 4415 προσετέρπετο
3693 4383 3708 4398 .
3795 4363 3800 4365 ’

2747 4450 2985 4505 ΚΕΦΑΛ
3013 4492 3024 4504 .
3068 4452 3176 4504 ΝΑ’
3200 4491 3215 4508 .

2653 4558 2782 4631 Περὶ
2820 4561 2916 4611 τοῦ
2955 4551 3099 4611 ἀϐϐἆ
3136 4557 3298 4614 ’Πλία
3321 4599 3338 4616 .

2244 4666 2461 4739 Ἰδομεν
2501 4662 2558 4720 δέ
2605 4665 2697 4719 καὶ
2743 4660 2923 4738 ἕτερον
2970 4659 3338 4740 πρεσϐύτερον
3393 4669 3493 4736 τῆς
3544 4669 3822 4724 Ἀντινόου

2177 4754 2574 4831 μητροπόλεως
2603 4755 2700 4822 τῆς
2742 4749 3012 4824 Θηϐαίδος
3054 4755 3240 4810 ἑκατὸν
3272 4753 3401 4810 δέκα
3442 4755 3580 4812 ἐτῶν
3622 4755 3820 4812 λοιπὸν

2170 4843 2329 4902 ὅντα·
2371 4843 2452 4919 ἐφ’
2505 4843 2564 4898 ’όν
2615 4841 2832 4917 ἐλέγετο
2879 4847 2976 4898 τοῦ
3024 4847 3310 4920 προφήτου
3360 4845 3553 4903 Ἡλίου
3603 4853 3816 4920 πνεῦμα

2168 4935 2568 4992 ἀναπεπαῦσθαι
2600 4976 2614 4991 .
2663 4927 2968 5002 Διαϐόητος
3013 4933 3113 5006 γὰρ
3151 4935 3216 5002 ἧν
3269 4933 3450 5006 οὗτος,
3492 4935 3546 4991 ἐν
3595 4941 3666 5011 τῇ
3717 4959 3821 5010 φο-

2171 5022 2301 5099 ϐερᾷ
2349 5023 2528 5097 ἐκείνῃ
2582 5020 2773 5096 ἐρήμῳ
2829 5017 3209 5095 ἐϐδομήκοντα
3264 5017 3358 5094 ἔτη
3405 5029 3641 5095 ποιήσας
3677 5070 3692 5084 ,
3742 5029 3822 5084 0-3

2172 5113 2386 5170 δύναται
2449 5111 2505 5166 δὲ
2573 5108 2738 5186 λόγος
2797 5108 3014 5182 ἔπάξιος
3088 5113 3189 5179 τὴν
3262 5118 3523 5188 τραχεῖαν
3604 5116 3815 5186 ἐκείνην

2170 5201 2375 5280 ἔρημον
2434 5198 2796 5275 διηγήσασθαι
2847 5206 2950 5269 τῆς
3002 5200 3054 5255 ἐν
3104 5205 3184 5273 τῷ
3232 5197 3369 5275 ὄρει,
3431 5202 3484 5257 ἐν
3534 5204 3581 5277 ᾧ
3622 5203 3826 5267 ἐκεῖνος

2172 5293 2474 5361 ἐκαθέζετο,
2543 5287 2819 5360 μηδέποτε
2895 5289 3171 5345 κατελθὼν
3255 5291 3330 5353 εἷς
3396 5294 3495 5361 τὴν
3562 5294 3826 5367 οἰκουμὲ-

2169 5407 2304 5455 νην.
2358 5387 2635 5455 ’Ἂτραπος
2695 5377 2752 5434 δὲ
2820 5382 2972 5450 στενῆ
3034 5402 3116 5442 τις
3174 5381 3238 5450 ἦν
3289 5387 3397 5437 τῶν
3458 5384 3594 5460 πρὸς
3651 5387 3822 5442 αὑτὸν

2171 5474 2472 5536 ἀπιόντων,
2530 5469 2603 5530 ὡς
2667 5465 2830 5540 μόλις
2888 5464 3182 5526 ἐπιϐαίνειν
3251 5477 3367 5534 τοῖς
3428 5472 3610 5548 ἴχνεσι
3687 5476 3819 5537 τοξις

2170 5559 2616 5642 ἀφικνουμένους,
2661 5554 2804 5616 ἔνθεν
2848 5561 3091 5616 κάκεῖθεν
3147 5560 3314 5617 λίθων
3378 5562 3580 5639 ἀγρίων
3636 5587 3826 5640 παρα-

2168 5660 2434 5734 κειμένων
2471 5697 2485 5714 .
2535 5655 2631 5711 Ἢν
2700 5649 2758 5707 δὲ
2807 5656 3119 5728 καθήμενος
3150 5656 3253 5713 ὑπὸ
3305 5658 3506 5733 πέτραν
3567 5661 3697 5715 τινὰ
3751 5661 3834 5722 εἷς
