4112 6210
266 342 419 403 1133

1694 336 1990 400 STORIA
2032 336 2445 403 LAUSIACA.

3628 353 3784 413 1134

333 477 653 546 Postquam
683 481 872 533 autem
900 477 1113 534 multos
1155 494 1389 551 quoque
1418 478 1563 535 alios
1595 478 1790 534 Patres
1824 474 1973 531 vidi-
2007 472 2061 539 Α
2091 476 2148 528 et
2168 473 2430 545 seipsum
2453 473 2840 547 vilipendens.
2881 479 3025 535 Cum
3062 497 3167 538 nos
3198 485 3394 538 autem
3418 483 3669 542 multum
3700 500 3786 542 ro-

260 582 415 632 mus,
450 571 738 623 venerunt
767 567 975 623 fratres
999 566 1196 639 Znobis
1236 569 1654 625 annuntiantes
1693 583 1973 623 consum-

263 664 487 711 malum
504 672 631 713 esse
663 656 1214 729 beatumﬁJoannem
1249 659 1422 714 modo
1456 660 1709 730 quodam
1726 659 1971 717 admira-

262 743 369 800 bili
402 761 415 799 :
452 745 588 801 ham
612 763 746 802 cum
776 747 1055 817 iussisset
1084 753 1147 804 ut
1178 749 1454 821 tresdies
1497 750 1789 805 neminem
1814 753 1968 807 sine-

263 843 389 891 rent
420 838 488 891 ad
524 852 585 891 se
606 838 821 908 venire,
840 838 1273 909 genibuszﬂexis
1323 840 1393 894 ad
1456 840 1802 909 orationem,
1834 857 1968 896 con-

262 929 599 981 summatus
628 932 741 997 est,
772 927 845 983 ad
877 926 1058 985 Deum
1111 928 1373 999 veniens,
1405 931 1497 986 cui
1554 930 1744 1002 gloria
1774 932 1832 987 in
1865 949 1970 989 sas-

261 1012 412 1070 oula.

864 1088 1098 1145 CAPUT
1144 1090 1359 1147 XLVII.

914 1181 986 1234 De
1014 1182 1314 1238 Pa'menia.

332 1267 388 1322 Is
420 1283 650 1339 quoque
679 1284 809 1324 cum
858 1268 1075 1326 Christi
1104 1270 1316 1327 ancilla
1347 1272 1661 1345 Poemenis,
1715 1288 1840 1346 quas
1892 1276 1965 1332 ad

257 1370 394 1412 eum
426 1357 738 1415 videndum
770 1366 1110 1426 accesserat,
1144 1376 1261 1417 non
1291 1366 1380 1418 est
1421 1362 1655 1435 quidem
1705 1366 1965 1423 collucn-

255 1450 377 1515 tus,
403 1446 755 1518 significavit
785 1451 977 1504 autem
1003 1448 1053 1504 ei
1086 1464 1315 1519 quoque
1338 1453 1601 1521 quasdam
1634 1470 1862 1511 arcana.
1901 1456 1966 1512 Ei

256 1543 451 1591 autem
490 1536 785 1608 praecepit,
822 1536 1023 1593 dicens
1050 1538 1501 1610 :;_Descendens
1557 1559 1588 1598 a
1646 1543 1964 1613 Thebaide,

254 1639 328 1680 ne
360 1624 635 1681 deﬂeotas
662 1624 1086 1693 Alexandriam,
1110 1629 1580 1701 quandoquidem
1605 1633 1967 1691 lulurumest

254 1720 319 1768 ut
338 1714 512 1770 cadas
533 1714 593 1770 in
630 1716 998 1775 tentationes.
1019 1720 1098 1775 Ea
1118 1724 1314 1776 autem
1347 1724 1796 1795 magniloannis
1823 1740 1967 1797 prae-

2084 578 2381 634 garemus,
2416 567 2480 618 ut
2512 565 2977 624 adhortatorium
2994 570 3162 626 nobis
3192 574 3520 628 sermonem
3547 574 3782 643 diceret,

2082 650 2181 705 vix
2209 650 2267 704 in
2299 652 2567 708 animum
2613 655 2839 713 induxit
2863 666 2922 713 ut
2955 659 3124 716 nobis
3159 677 3343 731 pauca
3372 662 3684 718 dissereret
3713 665 3785 719 de

2081 743 2551 799 mansuetudine.
2587 746 2658 813 Is,
2704 764 2834 803 cum
2876 748 3662 823 hippopotamuealiquando
3693 756 3788 809 v'a-

2080 833 2253 885 staret
2284 831 2529 888 vicinam
2554 835 2870 907 regionem,
2896 845 3058 895 stans
3106 856 3285 912 prope
3315 841 3581 910 ﬂuvium,
3616 858 3787 911 roga-

2081 923 2176 974 tus
2192 920 2263 975 ab
2296 920 2588 991 agricolis,
2614 924 2739 980 visa
2760 925 2954 983 bellua
2982 928 3239 999 ingentis
3262 930 3707 1001 magnitudinis,
3730 932 3783 989 ei

2077 1013 2374 1085 praecepit,
2434 1014 2678 1072 dicens:
2743 1019 3031 1076 Denuntio
3095 1022 3200 1076 tibi
3262 1022 3317 1076 in
3365 1024 3601 1080 nomine
3644 1026 3783 1081 .Iesu

2076 1101 2314 1170 Christi,
2350 1120 2421 1160 ne
2438 1105 2693 1177 amplius
2716 1112 2912 1163 vastes
2943 1108 3095 1164 hanc
3116 1110 3429 1181 regionem.
3456 1112 3564 1167 Illa
3585 1119 3779 1170 autem
3848 1186 3851 1189 ν

2076 1196 2357 1263 tanquam
2392 1196 2464 1250 ab
2495 1196 2699 1268 angelo
2731 1198 2856 1254 loco
2889 1198 3078 1269 pulsa,
3130 1200 3369 1255 omnino
3400 1202 3654 1257 evanuit.
3687 1205 3781 1259 Sic

2076 1282 2254 1339 etiam
2287 1283 2612 1355 aliquando
2642 1286 2835 1359 abegit
2867 1287 3245 1343 crocodilum.

2760 1376 2993 1433 CAPUT
3026 1378 3086 1433 L.

2574 1465 2649 1519 De
2676 1466 2870 1522 abbate
2909 1468 3116 1524 Theano
3146 1466 3280 1539 (98).

2147 1551 2410 1607 Vidimus
2440 1553 2616 1609 etiam
2650 1555 2829 1610 alium
2866 1573 2979 1613 non
3013 1556 3213 1627 procul
3244 1574 3275 1611 a
3305 1556 3561 1625 civitate,
3594 1558 3653 1613 in
3681 1574 3782 1615 so—

2075 1641 2343 1713 litudine,
2369 1643 2605 1700 nomine
2634 1645 3097 1712 Theona,virum
3130 1652 3422 1715 sanctum,
3447 1648 3505 1703 in
3528 1648 3781 1703 domun-

2075 1732 2208 1788 oula
2235 1750 2501 1789 seorsum
2531 1733 2846 1802 inclusum,
2879 1736 2978 1808 qui
3011 1744 3264 1808 tempore
3304 1736 3543 1808 triginta
3596 1753 3783 1801 anno-

253 1802 583 1908 dicﬂtion‘em'
634 1806 724 1861 vel
760 1898 775 1908 .
814 1807 983 1908 nihili
1025 1904 1032 1908 Δ
1084 1810 1324 1908 ducens,
1350 1904 1361 1908 μ
1386 1813 1475 1908 vel
1576 1815 1701 1908 ejus
1759 1815 1961 1908 oblita,
1996 1843 2048 1908 B
2078 1838 2207 1878 rum
2240 1821 2541 1879 silentium
2598 1802 2935 1882 exercuerat
2973 1802 3164 1899 (ηυῃῖ,
3202 1826 3302 1882 lib.
3338 1802 3413 1893 II:
3448 1842 3567 1897 cap.
3597 1827 3675 1895 6).
3729 1828 3782 1883 Is

254 1892 499 1950 deﬂexit
522 1895 952 1968 Alexandriam,
980 1904 1042 1956 ut
1070 1902 1291 1959 videret
1314 1904 1627 1961 civitatem.
1661 1906 1724 1961 In
1757 1906 1962 1965 itinere

260 1987 462 2039 autem
495 2002 672 2057 prape
698 1989 901 2045 urbem
933 1991 1214 2053 Nicias.ad
1246 2008 1373 2050 eam
1399 2000 1965 2054 accesseruntnaves

259 2073 396 2143 ejus
426 2075 763 2145 quiescendi
796 2080 1000 2151 gratia.
1028 2082 1257 2151 Egressi
1289 2091 1475 2140 autem
1510 2085 1715 2141 famuli
1746 2103 1813 2142 ex
1835 2103 1969 2158 qua-

263 2162 402 2218 dam
445 2164 917 2240 insolentiajcum
959 2169 1117 2227 illius
1148 2171 1257 2228 loci
1292 2173 1739 2244 habitatoribus,
1770 2193 1968 2234 amen-

265 2253 430 2310 tibus
465 2258 519 2311 et
539 2256 858 2329 proﬂigatis
890 2259 1249 2332 hominibus,
1284 2280 1496 2321 manus
1518 2276 1965 2326 conseruerunt:

266 2348 369 2420 qui
389 2348 626 2419 quidem
662 2350 835 2407 unius
850 2352 1088 2422 quidem
1103 2356 1354 2411 eunuchi
1368 2358 1617 2430 digitum
1634 2367 1967 2432 secuerunt,

264 2438 452 2495 alium
496 2447 689 2496 autem
703 2440 1060 2514 occiderunt,
1084 2443 1423 2518 Dionysium
1455 2454 1650 2505 autem
1674 2452 1977 2509 sanctissi-

264 2545 433 2586 mum
452 2530 788 2603 episcOpum
822 2532 881 2586 in
920 2534 1159 2590 ﬂuvium
1197 2535 1534 2607 ignorantes
1592 2541 1983 2612 projecerunt,

263 2623 325 2675 et
347 2618 505 2675 illam
530 2620 717 2691 ipsam
748 2622 1021 2678 conviciis
1042 2628 1098 2679 et
1121 2625 1450 2683 maledictis
1474 2628 1979 2701 impertierunt,et

263 2707 525 2779 reliquos
555 2725 759 2767 omnes
788 2727 985 2769 servos
1015 2715 1374 2771 sauciarunt.

865 2802 1092 2859 CAPUT
1129 2804 1376 2862 XLVIII.

267 2889 388 2945 Vita
421 2889 636 2945 abbatis
686 2892 962 2948 Ammona?
1009 2894 1147 2965 (96),
1170 2899 1223 3020 ξι
1279 2912 1467 2953 eorum
1522 2902 1618 2970 qui
1674 2916 1799 2957 cum
1857 2902 1972 2974 ipso

1037 2981 1170 3020 eran
1206 3008 1219 3020 .

1037 2981 1219 3021 erant.

340 3050 599 3108 Vidimus
623 3057 819 3109 autem
854 3053 1029 3111 alium
1061 3072 1295 3129 quoque
1316 3058 1501 3115 virum
1525 3059 1840 3133 Thebaide,
1875 3081 1975 3121 no-

2076 1928 2208 1970 cum
2240 1913 2527 1984 plurimas
2558 1915 2797 1971 virtutes
2839 1926 3155 1989 perageret,
3190 1917 3511 1973 habebatur
3568 1915 3639 1972 ab
3695 1918 3783 1973 eis

2076 2018 2179 2074 pro
2210 2003 2510 2075 prapheta.
2543 2005 2743 2061 Exibat
2776 2006 2933 2062 enim
2965 2007 3036 2062 ad
3068 2006 3263 2078 ipsum
3296 2023 3395 2078 per
3426 2006 3551 2063 dies
3572 2006 3780 2076 singu-

2079 2093 2165 2150 los
2189 2094 2502 2152 multitudo
2525 2098 2957 2169 aegrotantium.
2987 2098 3203 2169 quibus
3226 2114 3439 2155 manus
3470 2098 3781 2169 imponens

2078 2200 2181 2256 per
2211 2185 2547 2256 fenestram,
2579 2186 2913 2245 dimittebat
2959 2204 3059 2245 eos
3092 2189 3253 2245 abire
3286 2189 3498 2246 salvos.
3551 2186 3783 2243 Licebat

2079 2274 2234 2330 enim
2286 2276 2486 2333 videre
2544 2277 2743 2348 ipsum
2796 2278 3104 2335 habentem
3126 2277 3349 2334 vultum
3381 2277 3594 2350 angeli,
3628 2274 3777 2332 laetis

2079 2363 2283 2435 oculis,
2320 2370 2377 2420 et
2435 2371 2619 2422 totum
2679 2368 2921 2440 plenum
2963 2370 3218 2425 maxima
3258 2369 3461 2441 gratia.
3516 2370 3591 2435 Is,
3646 2380 3776 2421 cum

2080 2470 2187 2510 non
2218 2454 2403 2511 multo
2432 2460 2565 2512 ante
2597 2462 2857 2530 tempore
2890 2458 3143 2515 latrones
3175 2475 3308 2514 eum
3342 2462 3518 2514 noctu
3542 2454 3783 2511 invasis-

2079 2558 2225 2615 sent,
2260 2546 2659 2604 existimantes
2691 2565 2753 2604 se
2783 2549 3032 2605 multum
3066 2550 3193 2605 auri
3233 2550 3385 2621 apud
3419 2564 3557 2604 eum
3588 2547 3783 2603 inven~

2077 2638 2265 2704 turos,
2298 2642 2353 2692 et
2382 2637 2590 2693 vellent
2618 2655 2752 2694 eum
2784 2640 3067 2707 occidere,
3100 2646 3371 2711 peccatus
3403 2643 3511 2709 est,
3542 2643 3601 2693 et
3618 2652 3783 2691 man-

2079 2735 2279 2784 serunt
2298 2727 2627 2786 immobiles
2646 2730 2714 2785 ad
2740 2733 2931 2801 portas
2944 2732 3069 2801 ejus
3092 2747 3280 2802 usque
3310 2730 3381 2785 ad
3408 2728 3783 2785 matutinum.

2079 2817 2224 2874 Cum
2256 2818 2435 2875 turbae
2469 2824 2662 2875 autem
2698 2836 2865 2876 mane
2889 2822 2961 2877 ad
2991 2837 3123 2877 eum
3148 2821 3549 2889 accessissent,
3596 2824 3654 2875 et
3683 2834 3783 2874 eos

2080 2906 2203 2979 igni
2237 2910 2517 2965 mandare
2548 2910 2603 2964 in
2638 2911 2832 2964 animo
2865 2911 3167 2977 haberent,
3201 2927 3381 2967 unum
3417 2915 3783 2966 tantumver-

2080 2997 2223 3053 bum
2256 3000 2326 3053 ad
2357 3015 2455 3055 eos
2485 3004 2573 3055 est
2604 3000 2833 3055 locutus
2868 3019 2882 3057 :
2916 3002 3099 3059 Sinite
3120 3018 3216 3057 eos
3250 3004 3411 3058 abire
3442 3018 3655 3071 sanos;
3689 3002 3781 3058 sin

2082 3085 2299 3158 minus,
2332 3103 2475 3143 ame
2506 3089 2688 3160 fugiet
2718 3089 2906 3160 gratia
2945 3091 3334 3146 curationum.
3370 3091 3568 3146 Iivero
3590 3091 3783 3160 ipsum

264 3140 423 3252 Ῑ-Ῑξξξξθ
477 3145 827 3252 Αωφῖίξθω
885 3145 1076 3252 (Ba/7"
1127 3147 1282 3252 ι’.ξῦ
1332 3164 1459 3221 ’πῖν’
1494 3151 1566 3252 i3)!
1882 3158 1970 3209 te”
1999 3184 2042 3252 (ι
2081 3140 2429 3244 audierunt;
2464 3140 2897 3233 nonoaudeant
2926 3178 3079 3234 enim
3112 3182 3311 3234 contra
3332 3194 3465 3233 eum
3490 3140 3701 3237 dicere.
3726 3181 3784 3233 et

265 3231 428 3288 mille
459 3232 874 3290 monachorum
909 3250 923 3291 :
968 3252 1111 3306 quos
1150 3236 1326 3292 etiam
1360 3239 1699 3296 nominabat
1728 3243 1966 3299 Taben-

264 3322 543 3393 nesiotas,
567 3324 666 3396 qui
700 3324 988 3381 habebant
1021 3342 1299 3398 magnum
1323 3328 1451 3384 vitae
1483 3331 1721 3402 agendae
1744 3332 1971 3391 institu-

263 3415 418 3479 tum,
440 3417 506 3467 ut
536 3414 632 3484 qui
662 3418 717 3469 et
756 3414 956 3471 ovillas
1006 3415 1187 3488 pelles
1218 3418 1455 3489 ferrent,
1489 3428 1543 3475 et
1598 3421 1759 3477 vultu
1823 3429 1968 3483 tecto

264 3504 657 3573 comederent,
683 3510 737 3562 et
759 3523 818 3562 se
849 3508 1123 3563 deorsum
1144 3508 1510 3579 inclinantes,
1536 3526 1606 3567 ne
1630 3513 1761 3586 quis
1785 3518 1970 3587 proxi-

264 3610 427 3650 mum
461 3597 857 3654 comedentem
916 3599 1199 3671 aspiceret
1227 3605 1321 3669 ;et
1350 3605 1581 3659 tantum
1633 3612 1969 3664 exercerent

261 3685 585 3757 silentium,
631 3696 693 3744 ut
740 3687 1073 3746 viderentur
1130 3706 1256 3746 esse
1301 3691 1636 3761 solitudine,
1696 3712 1967 3768 unoquo-

264 3791 379 3847 que
408 3778 626 3833 occulte
660 3783 968 3851 peragente
999 3796 1174 3834 suum
1205 3780 1331 3834 vita:
1372 3782 1706 3839 institutum
1734 3802 1747 3851 ;
1776 3786 1965 3841 solum

259 3872 455 3924 autem
481 3868 671 3939 specie
698 3868 947 3936 quadam
1002 3868 1059 3923 in
1094 3883 1301 3923 mensa
1340 3870 1628 3939 sederent,
1690 3880 1967 3931 conantes

258 3972 324 4014 se
364 3957 611 4014 invicem
671 3957 868 4013 latere.
904 3956 1099 4029 Aliqui
1132 3956 1285 4012 enim
1318 3973 1387 4013 ex
1416 3958 1508 4013 his
1534 3960 1708 4014 semel
1748 3962 1832 4017 vel
1875 3963 1966 4019 bis

260 4063 501 4105 manum
536 4048 620 4103 ori
655 4046 1015 4113 admovebat,
1049 4050 1353 4116 tangentes
1388 4064 1597 4117 panem
1630 4050 1713 4104 vel
1748 4050 1965 4123 oleum,

258 4137 347 4194 vel
382 4137 707 4208 aliquidjex
729 4135 798 4189 iis
827 4152 951 4205 qua:
981 4139 1149 4191 erant
1170 4136 1456 4207 apposita,
1483 4144 1536 4191 et
1569 4154 1703 4194 cum
1726 4140 1795 4195 de
1828 4158 1966 4199 uno-

257 4241 494 4298 quoque
523 4224 763 4281 obsonio
795 4225 972 4280 semel
996 4227 1627 4297 gustassent,conteuti
1664 4234 1827 4285 erant
1857 4231 1965 4288 hoc

257 4316 576 4383 alimento;
612 4313 710 4370 alii
742 4318 932 4369 autem
966 4330 1178 4385 panem
1209 4315 1427 4371 sensim
1461 4317 1821 4388 mandentes,
1854 4321 1966 4377 alia

258 4410 455 4462 autem
480 4404 828 4476 accipientes
857 4404 1003 4459 citra
1023 4403 1480 4476 simulationem,
1510 4405 1593 4462 sio
1624 4424 1964 4480 persevera-

261 4497 433 4563 bant;
466 4495 560 4551 alii
593 4494 1100 4566 autemjusculum
1122 4498 1209 4551 ter
1236 4499 1462 4551 tantum
1494 4496 1902 4569 degustabant,
1932 4517 1966 4555 a

263 4586 503 4659 reliquis
538 4590 729 4643 autem
783 4585 1172 4641 abstinebant.
1200 4587 1331 4652 Quae
1364 4602 1521 4654 cum,
1556 4590 1616 4643 ut
1654 4594 1780 4645 erat
1823 4606 1961 4647 con-

265 4680 631 4744 sentaneum,
664 4692 847 4734 essem
889 4676 1232 4742 admiratus,
1269 4691 1382 4731 non
1444 4677 1787 4748 praztermisi
1834 4695 1961 4736 eam

262 4782 389 4839 qua
420 4782 489 4823 ex
517 4767 601 4824 eis
632 4767 1211 4840 capiturjutilitatem.

891 4856 1122 4911 CAPUT
1152 4855 1341 4912 XLIX.

834 4949 906 5003 De
939 4948 1135 5004 abbate
1178 4950 1251 5004 Bs
1280 4948 1418 5022 (97).

331 5038 601 5095 Vidimus
630 5042 824 5095 autem
859 5038 1027 5094 aliem
1054 5056 1287 5112 quoque
1318 5055 1537 5106 senem,
1571 5040 1666 5111 qui
1726 5039 1964 5097 lenitate

261 5128 575 5200 superabat
594 5145 794 5185 omnes
817 5128 1109 5197 homines,
1135 5131 1370 5186 nomine
1400 5130 1665 5185 abbatem
1699 5130 1773 5185 Be
1802 5132 1965 5201 (Ruf-

259 5219 383 5289 ﬁn.,
417 5219 455 5272 ι.
506 5235 567 5283 n,
616 5234 733 5288 cap.
770 5219 870 5290 4):
924 5220 991 5274 de
1058 5236 1172 5292 quo
1219 5219 1587 5275 afﬁrmabant
1628 5220 1831 5275 fratres
1863 5221 1963 5290 qui

260 5310 411 5379 apud
443 5309 633 5379 ipsum
648 5310 1197 5378 versabanturfsum
1222 5324 1522 5381 nunquam
1550 5309 1805 5377 jurasse,
1825 5325 1965 5365 nun-

263 5413 437 5468 quam
478 5398 549 5452 de
580 5396 775 5469 aliquo
807 5398 1115 5453 mentitum
1148 5411 1298 5466 esse,
1333 5413 1518 5468 neque
1558 5395 1752 5466 aliquo
1792 5397 1963 5451 verbo

264 5485 611 5557 increpasse,
634 5502 821 5558 neque
843 5487 1060 5541 iratum
1094 5485 1310 5553 fuisse;
1340 5493 1460 5541 erat
1498 5484 1654 5539 enim
1686 5484 1812 5553 ejus
1848 5485 1966 5543 vita

261 5576 430 5632 valde
460 5575 677 5648 quieta,
710 5580 767 5631 et
806 5592 997 5632 mores
1030 5576 1338 5642 mansueti,
1380 5578 1441 5629 ut
1472 5574 1570 5645 qui
1618 5577 1835 5630 statum
1868 5576 1963 5632 ha-

273 5665 439 5723 beret
466 5665 793 5740 angelicum
821 5683 835 5736 ;
867 5672 985 5724 erat
1017 5668 1213 5723 autem
1240 5664 1406 5722 valde
1437 5679 1667 5737 quoque
1698 5663 1959 5737 humilis,

2078 3266 2344 3336 protinus
2362 3267 2554 3323 abiere
2586 3266 2843 3323 latrones
2873 3268 2946 3323 ad
2974 3284 3041 3323 ea
3071 3284 3198 3339 qua
3216 3272 3381 3323 erant
3402 3266 3781 3323 circumcirca

2079 3355 2457 3422 monasteria,
2490 3356 2699 3412 mutati
2734 3356 3014 3423 moribus,
3048 3361 3105 3413 et
3160 3358 3230 3412 de
3262 3358 3335 3412 iis
3365 3372 3494 3428 quas
3526 3356 3785 3411 fecerant

2078 3443 2239 3500 ducti
2270 3445 2630 3516 pmnitentia.
2663 3446 2798 3502 Erat
2830 3451 3027 3503 autem
3056 3444 3147 3502 vir
3176 3447 3438 3502 eruditus
3470 3446 3530 3501 in
3562 3443 3776 3516 triplici

2076 3533 2260 3604 gratia
2288 3550 2652 3603 sermonum,
2694 3534 2751 3590 in
2808 3535 3039 3607 scriptis
3088 3534 3390 3602 Romanis,
3430 3534 3693 3601 Graecis,
3725 3535 3782 3589 et

2074 3622 2446 3695 Egyptiacis,
2480 3624 2633 3679 sicut
2662 3641 2695 3679 a
2755 3624 2957 3680 multis
2988 3628 3045 3680 et
3074 3624 3146 3680 ab
3176 3624 3274 3680 illo
3306 3624 3434 3696 ipso
3483 3623 3778 3681 audimus.

2076 3713 2220 3767 Cum
2250 3714 2406 3768 enim
2432 3730 2533 3768 nos
2555 3714 2888 3784 agnovisset
2917 3730 3044 3769 esse
3075 3714 3356 3785 hospites,
3416 3714 3679 3771 scribens
3718 3712 3779 3769 in

2076 3799 2306 3868 tabella,
2341 3801 2456 3857 Deo
2488 3807 2718 3871 propter
2748 3819 2854 3857 nos
2885 3803 3003 3873 egit
3031 3803 3265 3874 gratias.
3291 3802 3645 3858 Comedebat
3675 3819 3778 3857 au-

2074 3892 2191 3944 tem
2222 3891 2448 3945 semina
2478 3906 2592 3946 non
2624 3896 2805 3946 cocta.
2838 3891 3022 3945 Noctu
3055 3896 3271 3958 autem,
3307 3898 3369 3946 ut
3397 3890 3582 3956 aiunt,
3617 3907 3781 3960 egre-

2076 3977 2343 4032 diebatur
2372 3978 2586 4043 ecella,
2618 3982 2675 4033 et
2723 3980 3183 4051 congregabatur
3235 3994 3368 4033 cum
3408 3978 3565 4044 feris,
3598 3982 3655 4031 et
3682 3994 3779 4034 eas

2077 4066 2313 4137 potabat
2342 4083 2408 4122 ex
2436 4083 2503 4123 ea
2534 4083 2711 4139 quam
2752 4067 3003 4124 habebat
3034 4083 3203 4139 aqua.
3235 4067 3374 4123 Erat
3400 4066 3557 4122 enim
3589 4066 3781 4123 videre

2075 4157 2318 4229 vestigia
2348 4158 2715 4227 bubalorum,
2770 4162 2828 4214 et
2892 4173 3261 4229 onagrorum,
3290 4161 3346 4215 et
3392 4157 3779 4230 quarumdam

2073 4264 2436 4320 caprearum,
2469 4252 2622 4306 circa
2649 4251 2777 4322 ejus
2810 4250 3255 4321 monasterium,
3295 4249 3510 4322 quibus
3547 4264 3779 4320 semper

2073 4337 2490 4395 delectabatur.

2737 4411 2973 4468 CAPUT
3015 4412 3104 4469 LI.

2664 4503 2736 4559 De
2779 4501 2976 4559 abbate
3013 4502 3138 4560 Elia
3158 4504 3293 4577 (99).

2664 4547 2733 4559 ,ν
2780 4547 2973 4559 ..νηη-
3013 4547 3137 4560 -....
3185 4547 3293 4575 νη.

1993 4547 2039 4611 D
2142 4588 2407 4645 Vidimus
2434 4594 2625 4647 autem
2652 4591 2832 4647 alium
2872 4608 3105 4664 quoque
3135 4547 3333 4650 s\enem
3366 4593 3425 4649 in
3466 4592 3776 4650 solitudine

2070 4678 2327 4746 Antinoi,
2342 4696 2468 4751 qua:
2482 4685 2571 4736 est
2585 4680 2919 4751 metropolis
2932 4682 3265 4750 Thebaidis,
3290 4681 3473 4737 Eliam
3517 4682 3771 4747 nomine,

2072 4770 2173 4840 qui
2204 4772 2379 4825 natus
2409 4773 2534 4825 erat
2563 4775 2801 4826 centum
2832 4774 2889 4825 et
2921 4770 3118 4825 decem
3143 4786 3330 4825 annos
3350 4770 3543 4839 (Ra/7.,
3576 4770 3672 4824 tib.
3708 4762 3770 4833 ir,

2070 4877 2189 4933 cap.
2226 4862 2333 4932 12).
2368 4860 2553 4931 Super
2583 4876 2716 4915 eum
2747 4858 3303 4928 dicebantﬁspiritum
3325 4858 3457 4913 Elia;
3475 4856 3773 4929 propheta:

2073 4950 2429 5023 requievisss
2464 4966 2477 5016 ;
2512 4954 2637 5004 erat
2666 4948 2819 5004 enim
2868 4947 3035 5003 valde
3082 4945 3432 5016 celebratus,
3463 4954 3525 5003 ut
3582 4946 3684 5018 qui
3716 4947 3773 5001 in

2072 5039 2318 5097 terribili
2349 5037 2447 5092 illa
2466 5037 2785 5093 solitudine
2799 5036 3394 5108 egissetseptuagiuta
3412 5053 3621 5093 annos.
3648 5036 3776 5092 Non

2074 5132 2261 5199 potest
2282 5131 2476 5184 autem
2518 5127 2701 5184 oratio
2732 5144 2836 5200 pro
2890 5127 3450 5199 dignitate_narrare
3507 5140 3772 5197 asperam

2072 5217 2229 5273 illam
2290 5216 2690 5287 solitudinem,
2726 5235 2853 5291 qua
2903 5225 2989 5274 est
3041 5218 3100 5275 in
3153 5222 3349 5275 monte
3405 5217 3463 5271 in
3519 5231 3634 5287 quo
3676 5214 3774 5271 ille

2073 5309 2330 5376 sedebat,
2363 5325 2661 5379 nunquam
2694 5308 3054 5367 descendens
3085 5309 3142 5364 in
3174 5324 3302 5363 eam
3320 5306 3777 5381 quahabitatur

2073 5398 2389 5470 regionem.
2423 5398 2522 5455 Est
2552 5398 2707 5455 enim
2766 5398 3033 5470 quaedam
3077 5399 3286 5455 semita
3319 5413 3521 5455 eorum
3553 5396 3653 5467 qui
3701 5398 3772 5453 ad

2071 5490 2268 5561 ipsum
2302 5489 2583 5545 accedunt
2610 5488 2920 5560 ejusmodi,
2956 5494 3019 5543 ut
3074 5488 3166 5543 vix
3222 5490 3450 5560 possint.
3506 5486 3774 5543 insistere

2071 5578 2333 5648 vestigiis
2362 5578 2400 5632 ii
2435 5579 2529 5648 qui
2564 5580 2862 5644 accedunt,
2889 5578 3026 5634 hinc
3057 5578 3261 5636 etinde
3290 5578 3585 5651 lapidibus
3613 5594 3775 5657 aspe-

2075 5669 2154 5727 ris
2184 5666 2492 5725 obvallata.
2525 5668 2659 5725 Erat
2687 5671 2882 5725 autem
2914 5669 3122 5726 sedens
3159 5669 3269 5727 sub
3316 5670 3573 5743 quadam
3606 5673 3771 5742 petra
