4078 6212
322 317 479 379 1135

1902 311 2267 379 PALLADII

3681 321 3756 381 H
3769 318 3862 381 36

319 446 380 504 in
411 445 715 518 spelunca,
749 444 891 502 adeo
922 446 990 501 ut
1021 443 1217 516 ipsum
1249 441 1692 516 quoquevidere
1723 448 1878 502 esset
1909 445 2031 502 for-
2062 451 2116 517 Α
2148 454 2354 522 praeter
2381 450 2713 522 opinionem
2776 448 2998 506 ratione
3042 466 3076 505 a
3134 451 3247 506 Deo
3297 451 3730 522 suppeditatur.
3795 451 3860 505 Ei

320 538 616 596 midabile.
648 536 958 594 Tremebat
989 539 1184 591 autem
1236 535 1362 605 jam
1401 538 1581 603 totus,
1615 539 1681 591 ut
1726 552 1900 606 quem
1938 553 2027 592 se-

319 634 527 688 nectus
554 627 917 700 opprimeret.
938 625 1120 682 Multa
1150 629 1346 682 autem
1377 625 1543 698 signa
1579 627 1835 699 quotidie
1863 643 2025 696 pera-

319 721 510 793 gebat,
541 736 646 777 nec
677 717 949 776 cessabat
978 717 1195 774 mederi
1257 717 1695 788 aegrotantibus.
1743 718 2026 774 Dicebant

321 817 515 868 autem
547 809 643 881 qui
675 807 831 881 apud
862 806 1054 878 ipsum
1084 809 1251 863 erant
1302 809 1530 875 Patres,
1582 808 1878 863 nominem
1911 823 2030 863 me-

322 900 562 958 minisse
591 899 720 970 ejus
752 913 1032 955 ascensus
1051 897 1112 953 in
1141 903 1417 953 montem.
1451 895 1803 954 Comedebat
1833 902 2028 954 autem

319 991 382 1048 in
413 993 709 1048 senectute
739 993 858 1046 tres
884 988 1089 1044 uncias
1137 989 1327 1060 panis,
1360 992 1416 1044 et
1446 996 1558 1044 tres
1583 988 1738 1045 oleas
1768 1004 2027 1060 vespere.

323 1081 707 1152 Injuventute
735 1082 933 1137 autem
963 1093 1199 1149 semper
1229 1077 1408 1134 semel
1437 1077 1778 1136 comedebat
1796 1079 1857 1135 in
1889 1078 2031 1135 heb-

320 1169 598 1228 domads.

975 1255 1210 1312 CAPUT
1254 1257 1364 1313 LII.

788 1347 909 1402 l’ita
936 1345 1153 1402 abbatis
1183 1347 1373 1418 Apollo
1403 1348 1570 1417 (100).

394 1434 664 1491 Vidimus
693 1438 888 1492 autem
919 1433 1101 1491 alium
1134 1450 1363 1506 quoque
1407 1436 1597 1494 virum
1650 1440 1919 1494 sanctum
1979 1438 2038 1493 in

323 1525 638 1593 Thebaide,
668 1525 729 1581 in
769 1524 981 1581 finibus
1012 1525 1377 1596 Hermopolis
1406 1526 1600 1599 (Ita/7.,
1638 1527 1672 1581 ι.
1717 1545 1781 1596 ιι,
1804 1544 1925 1599 cap.
1959 1528 2037 1599 7):

326 1617 389 1675 in
420 1631 598 1687 quam
631 1615 902 1673 Servator
930 1615 1087 1671 venit
1117 1630 1246 1671 cum
1280 1620 1484 1672 sancta
1516 1617 1697 1673 Maria
1719 1621 1774 1673 et
1802 1618 2042 1700 Ioseph,

327 1705 583 1778 impleas
613 1704 973 1777 prophetiam
1008 1705 1193 1776 Isaias,
1227 1722 1355 1777 qum
1388 1706 1532 1762 dicit
1565 1707 1739 1763 :Ecce
1763 1708 2045 1763 Dominus

2131 542 2286 596 enim
2307 542 2365 597 in
2397 541 2708 597 solitudine
2729 557 2832 611 per
2855 540 3128 612 angelum
3155 541 3503 597 efferebatur
3526 543 3865 597 nutrimen-

2131 635 2274 687 tum.
2308 632 2447 700 Ejus
2496 635 2693 687 autem
2725 630 3142 686 indumentum
3198 638 3317 686 erat
3385 632 3626 698 lebiton,
3685 633 3851 703 quod

2134 719 2400 776 nonnulli
2455 719 2748 776 colobium
2806 719 3122 792 appellant,
3175 724 3230 775 et
3300 737 3545 791 parvum
3599 722 3854 776 linteum

2133 811 2193 866 in
2226 811 2352 880 ejus
2384 810 2595 882 capite.
2647 810 2773 865 Haec
2833 809 2990 865 enim
3042 810 3094 865 ei
3145 811 3461 865 manebant
3527 810 3587 865 in
3650 811 3868 866 solitu-

2136 900 2290 967 dine,
2327 916 2434 956 nec
2481 898 2936 955 veterascebant.
2978 900 3116 954 Erat
3171 908 3362 954 autem
3423 899 3484 954 in
3530 900 3868 956 solitudine

2138 989 2463 1060 propinqua
2493 991 2654 1042 terra:
2679 1003 2804 1058 quas
2836 986 3160 1048 habitatur,
3199 986 3416 1042 faciens
3449 986 3618 1059 signa
3650 992 3706 1041 et
3746 987 3858 1041 vir-

2139 1083 2290 1133 tutes
2321 1077 2699 1133 admirabiles
2731 1077 2788 1132 in
2820 1077 3034 1132 virtute
3064 1075 3312 1147 Spiritus
3347 1092 3360 1132 :
3404 1093 3551 1148 quas
3615 1083 3866 1148 prepter

2141 1168 2406 1224 miraculi
2437 1168 2722 1241 insignem
2750 1167 3212 1239 magnitudinem
3237 1183 3407 1224 nemo
3431 1171 3624 1239 potest
3643 1185 3861 1223 omnes

2141 1260 2354 1326 dicere,
2389 1258 2541 1313 sicut
2564 1257 2897 1313 audivimus
2929 1275 2959 1312 a
2989 1257 3230 1313 senibus
3259 1257 3356 1328 qui
3388 1272 3520 1314 cum
3551 1274 3619 1312 eo
3649 1272 3862 1313 versa-

2142 1351 2377 1417 bantur,
2411 1349 2508 1420 qui
2541 1349 2652 1420 ipsi
2685 1364 2916 1419 quoque
2946 1351 3109 1403 erant
3129 1348 3232 1403 viri
3266 1347 3523 1419 perfecti,
3555 1352 3613 1403 et
3667 1364 3868 1418 praee-

2145 1441 2277 1493 rant
2308 1437 2505 1494 multis
2536 1437 2835 1493 fratribus.
2873 1437 3004 1492 Fuit
3037 1438 3233 1509 itaque
3257 1439 3524 1510 protinus
3554 1438 3760 1493 clarus
3803 1454 3870 1493 ac

2147 1528 2494 1594 celebratus,
2527 1531 2807 1598 tanquam
2841 1544 3021 1582 novus
3050 1527 3266 1598 aliquis
3290 1527 3569 1598 propheta
3593 1528 3678 1583 vel
3706 1545 3861 1597 apo-

2150 1619 2350 1684 stolus,
2385 1617 2486 1689 qui
2516 1618 2769 1673 venisset
2790 1625 2984 1674 nostro
3004 1617 3252 1684 saeculo;
3289 1621 3344 1672 et
3375 1632 3508 1672 cum
3535 1633 3754 1688 magna
3786 1619 3865 1672 fa-

2152 1723 2247 1762 ma
2279 1708 2347 1762 de
2378 1723 2443 1762 eo
2475 1723 2679 1778 sparsa
2709 1711 2883 1775 esset,
2933 1723 3141 1764 omnes
3179 1708 3273 1777 qui
3333 1707 3716 1762 circumcirca
3751 1708 3874 1762 dis-

329 1796 491 1853 sedet
511 1810 687 1865 super
717 1794 933 1852 nubem
958 1796 1166 1865 levem,
1198 1799 1254 1852 et
1284 1797 1476 1851 veniet
1509 1796 1569 1852 in
1601 1797 1954 1869 .Egyptum;
1988 1800 2043 1854 et
2073 1817 2120 1882 Β
2153 1798 2304 1870 persi
2340 1798 2684 1854 habitabant
2709 1799 2996 1866 monachi,
3022 1813 3251 1868 semper
3273 1798 3342 1853 ad
3376 1813 3508 1853 eum
3527 1798 3865 1864 veniebant,

330 1886 671 1960 quatientur
700 1885 1033 1942 manufacta
1057 1886 1332 1958 Egyptia
1366 1886 1510 1942 facie
1537 1889 1683 1958 ejus,
1724 1896 1779 1944 et
1826 1889 2038 1945 cadent

330 1977 390 2032 in
419 1979 635 2031 terram
669 1974 856 2045 (Isaia
895 1975 1034 2047 xxx).
1086 1974 1353 2031 Vidimus
1410 1976 1565 2031 enim
1627 1976 1748 2033 illic
1805 1993 2041 2049 quoque

331 2063 639 2136 templum,
670 2063 734 2120 in
763 2081 897 2136 quo,
930 2064 1195 2136 ingresso
1223 2065 1428 2121 urbem
1465 2067 1785 2132 Servatore,
1815 2067 2040 2123 cecide-

332 2157 472 2210 runt
498 2154 700 2212 omnia
722 2152 1037 2212 simulacra
1070 2155 1128 2210 in
1161 2154 1367 2211 faciem
1407 2171 1583 2228 super
1623 2159 1858 2212 terram.
1882 2156 2041 2212 Vidi-

335 2261 468 2303 mus
498 2251 690 2302 autem
721 2245 840 2301 illic
866 2243 926 2300 in
962 2243 1272 2301 solitudine
1291 2245 1507 2313 virum,
1551 2246 1752 2318 Apollo
1784 2247 2039 2316 nomine,

335 2335 438 2410 qui
469 2334 824 2392 monasteria
869 2334 1124 2392 habebat
1179 2350 1356 2407 super
1399 2340 1679 2392 montem.
1724 2337 1854 2393 Erat
1883 2339 2041 2394 enim

335 2432 495 2498 pater
524 2425 946 2483 monachorum
994 2423 1222 2482 circiter
1269 2426 1748 2498 quingentorum,
1789 2425 1890 2499 qui
1919 2430 2044 2482 erat

335 2515 499 2573 valde
527 2515 721 2571 clarus
741 2521 795 2571 et
824 2513 1150 2571 celebratus
1173 2514 1232 2569 in
1245 2514 1545 2571 Thebaide
1571 2531 1585 2583 ;
1617 2519 1900 2587 erantque
1915 2517 2044 2586 ejus

337 2619 549 2675 magna
573 2618 765 2676 opera,
795 2606 854 2658 et
884 2618 1100 2675 magna
1154 2602 1399 2658 virtutes
1457 2620 1561 2674 per
1615 2620 1750 2660 eum
1801 2604 2044 2660 faciebat

334 2690 635 2758 Dominus,
667 2692 724 2745 et
753 2687 1006 2761 plurima
1063 2689 1232 2759 signa
1260 2692 1318 2744 et
1350 2689 1726 2747 admirabilia
1778 2706 1877 2762 per
1905 2706 2041 2747 eum

333 2778 754 2836 efficiebantur.
773 2777 876 2833 Hic
904 2778 1063 2834 enim
1093 2793 1227 2834 cum
1249 2795 1283 2834 a
1309 2778 1554 2850 pueritia
1586 2779 1832 2836 multam
1854 2785 2044 2836 osten-

333 2870 515 2927 disset
558 2867 1048 2938 exercitationem,
1106 2868 1167 2924 in
1227 2869 1484 2941 perfecta
1531 2873 1699 2928 estate
1726 2871 1898 2928 talem
1957 2875 2046 2928 est

335 2963 686 3019 consecutus
724 2959 994 3033 gratiam.
1024 2962 1173 3016 Cum
1215 2959 1371 3015 enim
1417 2965 1572 3017 esset
1613 2962 2044 3034 octogenariae,

334 3052 448 3110 sibi
478 3066 760 3124 magnum
793 3050 1168 3123 congregavit
1183 3051 1609 3108 monasterium
1633 3052 1887 3109 virorum
1920 3070 2046 3126 per-

335 3142 780 3243 fectorurp,_qui
830 3145 1097 3214 poterant
1127 3157 1330 3200 omnes
1362 3143 1478 3200 fere
1500 3144 1674 3243 signa
1704 3145 1950 3243 efficere.
1987 3145 2042 3202 Is
2072 3175 2114 3243 ρ

335 3249 469 3292 eum
502 3232 835 3304 quindecim
864 3248 1050 3289 annos
1080 3237 1251 3289 natus
1282 3249 1314 3288 a
1337 3234 1554 3289 mundo
1595 3235 1953 3302 secessisset,
1987 3238 2042 3291 et

336 3321 923 3396 quadragintaannos
943 3322 1002 3377 in
1033 3321 1350 3378 solitudine
1380 3323 1786 3396 transegisset,
1809 3327 1867 3380 et
1889 3324 1946 3378 in
1977 3340 2046 3380 ea

340 3427 576 3471 omnem
604 3410 877 3469 virtutem
899 3412 1249 3468 exercuisset
1283 3426 1297 3466 :
1331 3413 1493 3468 visus
1513 3416 1601 3468 est
1625 3420 1824 3484 postea
1844 3414 2044 3470 audire

341 3502 442 3560 Dei
473 3515 693 3569 vocem,
725 3500 974 3558 dicentis
1013 3500 1066 3556 ei
1099 3517 1114 3557 :
1157 3499 1388 3572 Apollo,
1438 3499 1662 3571 Apollo,
1707 3516 1804 3572 per
1834 3506 1889 3557 te
1947 3520 2048 3559 sa-

342 3592 628 3665 pientium
653 3590 710 3647 in
741 3594 1007 3663 Egypto,
1048 3594 1106 3647 et
1137 3591 1508 3663 prudentiam
1527 3591 1785 3664 gentium
1809 3595 2048 3665 pruden-

345 3683 491 3740 tium
524 3681 784 3738 abolebo.
821 3681 1032 3738 Perdes
1064 3685 1262 3739 autem
1295 3681 1440 3737 mihi
1471 3699 1604 3738 cum
1635 3683 1719 3738 eis
1749 3682 1922 3740 etiam
1954 3701 2048 3740 sa-

349 3771 573 3845 pientes
608 3769 942 3844 Babylonie,
974 3774 1030 3827 et
1060 3773 1130 3827 de
1163 3771 1354 3827 medio
1379 3769 1546 3827 tolles
1566 3787 1800 3827 omnem
1833 3772 2048 3829 cultum

349 3861 810 3931 demoniacum;
842 3865 901 3918 et
929 3876 1085 3916 nunc
1115 3861 1260 3917 vade
1289 3860 1348 3916 in
1380 3877 1508 3916 eam
1571 3876 1696 3932 quae
1750 3861 2052 3918 habitatur

349 3952 684 4025 regionem;
713 3951 1027 4024 generabis
1058 3952 1217 4008 enim
1279 3950 1420 4006 mihi
1461 3950 1742 4023 populum
1799 3951 2051 4022 peculia-

349 4059 492 4111 rem,
525 4043 923 4099 amulatorem
981 4043 1269 4098 bonorum
1319 4056 1580 4111 operum.
1615 4043 1670 4097 ls
1722 4047 1914 4099 autem
1958 4059 2054 4098 re—

349 4132 670 4204 spondens,
698 4131 846 4187 dixit
876 4145 890 4186 :
920 4131 1099 4186 Aufer
1127 4147 1159 4184 a
1190 4145 1304 4195 me,
1329 4129 1594 4196 Domine,
1636 4132 2049 4204 arrogantiam,

351 4238 425 4279 ne
455 4221 598 4277 forte
627 4219 1002 4286 elatussupra
1033 4217 1686 4290 fraternitatem,priver
1715 4221 1876 4278 omni
1900 4222 2053 4275 bono

353 4323 525 4380 opere
553 4308 679 4377 (Tit.
746 4306 832 4377 ιι).
881 4305 946 4360 Εἰ
997 4310 1191 4362 autem
1249 4324 1454 4364 rursus
1486 4309 1631 4365 dixit
1657 4326 1767 4366 vox
1811 4309 2052 4366 divina:

355 4396 521 4454 Mitte
553 4410 790 4451 manum
840 4399 1002 4452 tuam
1052 4412 1230 4468 super
1274 4396 1488 4454 collum
1519 4403 1713 4466 tuum,
1745 4403 1802 4455 et
1850 4399 2057 4455 deinde

356 4483 836 4557 comprehendes,
859 4495 914 4541 et
945 4484 1193 4544 infodies
1215 4502 1408 4543 arena.
1444 4493 1500 4544 Is
1531 4491 1727 4544 autem
1769 4504 1902 4544 cum
1945 4496 2056 4544 sta-

354 4580 483 4632 tum
516 4591 758 4632 manum
791 4574 1258 4650 mississetsuper
1277 4578 1916 4652 collum,apprehendit
1937 4599 2057 4653 par.

355 4683 494 4725 vum
526 4666 872 4740 Ethiopem,
905 4671 961 4724 et
990 4685 1125 4725 eum
1166 4669 1371 4726 infodit
1400 4670 1460 4727 iu
1501 4688 1677 4727 arena
1708 4670 2058 4728 clamantem

355 4763 415 4818 et
444 4759 778 4817 dicentem:
809 4758 928 4832 Ego
959 4777 1088 4817 sum
1123 4761 1347 4818 daemon
1397 4762 1701 4832 superbiae.
1738 4763 1804 4816 Et
1856 4780 2061 4819 rursus

359 4852 512 4907 facta
549 4853 638 4906 est
667 4867 775 4906 vox
805 4850 876 4905 ad
910 4866 1066 4921 eum,
1109 4851 1348 4906 dicens:
1385 4849 1564 4914 Vade,
1599 4850 1873 4918 quoniam
1906 4853 2058 4920 quod

359 4956 394 4994 a
423 4939 538 4994 Deo
571 4937 826 5009 petieris,
861 4939 1129 5009 accipies.
1158 4939 1212 4994 ls
1255 4943 1450 4995 autem
1483 4953 1615 4992 cum
1651 4937 1903 5009 primum
1953 4939 2062 4996 hoc

361 5026 642 5088 audisset,
685 5028 977 5098 profectus
1008 5028 1172 5084 estin
1205 5043 1333 5083 eam
1367 5043 1493 5098 qua
1553 5027 1846 5082 habitatur
1870 5030 2061 5100 regio-

361 5134 516 5187 nem,
549 5120 808 5188 tempore
835 5117 1053 5174 Juliani
1086 5117 1338 5191 tyranni,
1371 5122 1424 5174 et
1464 5121 1602 5174 tunc
1632 5117 1790 5174 venis
1820 5119 1878 5174 in
1928 5137 2062 5191 pro-

363 5211 644 5282 pinquam
677 5207 1078 5266 solitudinem.

431 5303 577 5358 Cum
610 5301 925 5372 quamdam
967 5304 1162 5356 autem
1196 5316 1429 5372 parvam
1453 5305 1801 5372 occupasset
1835 5302 2066 5373 spelun-

364 5403 515 5456 cam,
549 5391 823 5447 manebat
854 5391 1052 5448 subter
1081 5395 1357 5447 montem.
1392 5391 1527 5461 Ejus
1549 5398 1736 5447 autem
1750 5407 1896 5463 opus
1919 5397 2063 5462 erat,

368 5478 488 5531 toto
519 5478 730 5535 diurno
752 5481 936 5551 spatio
958 5496 1157 5553 preces
1189 5481 1392 5549 edere;
1447 5484 1622 5536 noctu
1664 5481 1898 5552 quidem
1930 5499 2066 5539 cen-

372 5561 503 5632 ties,
537 5564 785 5626 interdiu
809 5575 1004 5628 autem
1030 5570 1216 5640 toties,
1239 5569 1402 5626 ﬂexis
1414 5569 1682 5642 genibus.
1715 5569 1852 5640 Ejus
1873 5579 2064 5630 autem

373 5653 716 5714 alimentum
764 5664 903 5716 tunc
945 5677 1177 5734 quoque
1209 5661 1362 5718 sicut
1404 5660 1586 5733 prius,
1626 5661 1954 5719 admirabili
2011 5670 2068 5721 et

2150 1897 2203 1944 et
2235 1893 2516 1959 tanquam
2548 1889 2696 1959 patri
2727 1903 3024 1959 germano,
3049 1889 3202 1942 dona
3223 1903 3354 1943 suas
3389 1889 3710 1943 offerebant
3743 1890 3869 1942 ani-

2150 1994 2293 2034 mas.
2330 1978 2379 2032 ls
2416 1982 2606 2033 autem
2641 1978 2786 2033 alios
2835 1977 3068 2049 quidem
3121 1977 3454 2033 hortabatur
3493 1979 3562 2032 ad
3597 1983 3867 2033 contem-

2152 2067 2504 2138 plationem;
2537 2067 2680 2122 alios
2712 2083 2844 2122 vero
2877 2066 3236 2134 instituebat,
3276 2071 3340 2121 ut
3372 2073 3868 2138 persequerentur

2152 2157 2448 2226 virtutem,
2481 2173 2608 2228 quae
2652 2161 2914 2212 versatur
2947 2156 3003 2211 in
3043 2155 3284 2223 actione,
3345 2157 3603 2227 primum
3667 2162 3867 2212 osten-

2151 2248 2293 2303 dens
2324 2263 2493 2318 opere
2523 2263 2590 2303 ea
2616 2264 2742 2318 quae
2773 2247 2930 2318 ipsos
2962 2247 3147 2303 facere
3178 2246 3525 2302 admonebat
3567 2263 3869 2303 sermone.

2154 2341 2314 2410 Saepe
2348 2340 2501 2394 enim
2552 2340 2636 2395 eis
2668 2339 2981 2394 ostendens
3012 2338 3509 2398 exercitationem.
3558 2338 3868 2393 Dominica

2155 2429 2347 2485 solum
2371 2447 2502 2485 cum
2527 2431 2611 2486 eis
2644 2431 3025 2486 versabatur:
3058 2430 3184 2501 ipse
3208 2429 3446 2500 quidem
3466 2446 3580 2484 non
3606 2430 3866 2500 amplius

2154 2535 2414 2590 sumens,
2447 2536 2621 2591 quam
2654 2520 2809 2575 olera
2841 2535 2969 2591 quas
3020 2536 3129 2574 sua
3177 2530 3374 2589 sponte
3440 2523 3764 2574 nascuntur
3809 2519 3866 2572 in

2153 2622 2341 2678 terra;
2379 2627 2492 2666 non
2528 2625 2731 2680 panem
2766 2610 2997 2665 interim
3037 2610 3120 2664 vel
3153 2609 3441 2681 legumen,
3489 2626 3600 2664 non
3634 2626 3701 2665 ex
3743 2609 3867 2662 fru-

2154 2702 2345 2757 ctibus
2369 2700 2643 2755 arborum
2675 2698 2899 2769 aliquid
2958 2699 3293 2769 comedens,
3345 2714 3445 2753 nec
3492 2714 3868 2768 quascunque

2153 2789 2272 2862 igni
2303 2789 2537 2844 admota
2564 2788 2807 2845 veniunt
2839 2789 2895 2843 in
2933 2805 3076 2844 usus
3111 2787 3429 2843 hominum.

2225 2927 2366 2980 Cum
2391 2928 2583 2980 autem
2616 2929 2877 2995 tempore
2939 2922 3160 2979 Juliani
3219 2922 3522 2994 aliquando
3565 2921 3870 2977 audiisset

2154 3018 2391 3073 fratrem
2415 3018 2471 3070 in
2504 3014 2754 3071 exercitu
2787 3022 3014 3084 captum
3049 3014 3300 3070 vinctum
3338 3012 3514 3068 teneri
3571 3012 3635 3068 in
3669 3020 3868 3068 custo-

2155 3108 2270 3175 dia,
2304 3107 2548 3162 accessit
2571 3105 2642 3160 ad
2665 3120 2799 3160 eum
2831 3119 2964 3160 cum
2990 3104 3373 3169 fraternitate,
3407 3119 3621 3174 rogans
3652 3118 3788 3158 eum
3815 3109 3868 3158 et

2153 3198 2498 3263 admonens,
2533 3197 2596 3248 ut
2625 3197 2779 3249 esset
2811 3193 2978 3249 fortis
3009 3197 3352 3249 etconstans
3375 3191 3436 3246 in
3465 3191 3786 3259 laboribus,
3811 3197 3864 3247 et

2153 3284 2474 3356 despiceret
2508 3282 2762 3353 pericula
2793 3281 2904 3337 sibi
2945 3281 3331 3338 imminentia.
3367 3280 3524 3336 Dicit
3555 3282 3715 3335 enim
3739 3297 3864 3337 esse

2154 3373 2263 3428 sibi
2321 3380 2550 3443 tempus
2597 3370 3004 3436 certaminum,
3067 3374 3131 3426 ut
3186 3374 3326 3426 tunc
3384 3386 3620 3442 quoque
3700 3386 3860 3425 mens

2153 3463 2281 3532 ejus
2303 3462 2577 3533 probetur
2608 3460 2828 3515 iusultu
2864 3461 3268 3516 teutationum.
3321 3465 3646 3532 Postquam
3673 3467 3862 3515 autem

2155 3553 2244 3608 his
2268 3553 2456 3607 verbis
2488 3552 2615 3622 ejus
2630 3551 2893 3606 animum
2926 3551 3308 3620 confirmavit,
3343 3552 3659 3607 adveniens
3691 3552 3863 3606 tribu-

2156 3659 2289 3712 nus,
2322 3643 2424 3713 qui
2456 3642 2709 3713 quodam
2734 3640 3268 3697 scelerist‘erebatur
3300 3641 3700 3712 impetu,cum
3733 3643 3863 3712 qui-

2157 3734 2291 3790 dam
2315 3732 2364 3787 ei
2397 3733 2467 3787 de
2498 3731 2642 3803 ipsis
2674 3731 3082 3802 signiﬁcasset,
3115 3731 3326 3787 clausis
3353 3731 3537 3803 portis
3561 3733 3860 3796 custodia,

2157 3832 2212 3880 et
2242 3823 2436 3894 ipsum
2468 3825 2522 3876 et
2551 3837 2752 3878 omnes
2784 3823 3042 3892 quicum
3063 3838 3128 3878 eo
3152 3827 3315 3877 erant
3339 3823 3658 3878 monachos
3691 3823 3870 3876 inclu-

2161 3916 2253 3981 sit,
2287 3918 2568 3984 tauquam
2603 3914 2827 3967 futuros
2859 3920 3022 3983 aptos
3057 3914 3125 3967 ad
3163 3912 3432 3967 militiam
3463 3931 3475 3980 ;
3516 3919 3572 3968 et
3620 3930 3755 3968 cum
3790 3912 3870 3966 eis

2160 4013 2293 4076 quot
2324 4005 2468 4060 satis
2500 4009 2693 4059 essent
2729 4003 2997 4058 custodes
3029 4003 3451 4068 constituisset,
3476 4003 3726 4058 domum
3787 4020 3870 4059 re-

2162 4094 2288 4160 diit,
2349 4092 2766 4148 necauditione
2797 4091 3030 4163 quidem
3055 4093 3124 4147 ab
3156 4093 3241 4148 eis
3294 4093 3485 4164 rogari
3543 4093 3868 4148 sustinens.

2165 4185 2354 4240 Media
2377 4188 2571 4238 autem
2604 4187 2790 4250 nocte,
2814 4183 3141 4253 lampadem
3166 4184 3352 4239 ferens
3392 4184 3636 4255 angelus
3692 4201 3871 4255 appa-

2165 4280 2251 4331 ret
2276 4275 2632 4342 custodibus,
2660 4274 2884 4330 lumine
2924 4273 3226 4329 illustrans
3258 4290 3463 4329 omnes
3489 4274 3588 4344 qui
3618 4284 3774 4329 erant
3812 4275 3866 4327 in

2165 4380 2414 4427 carcere,
2439 4364 2580 4419 adeo
2612 4367 2677 4419 ut
2710 4381 2822 4433 pra:
2864 4368 3099 4435 stupore
3122 4363 3349 4419 hiantes
3390 4368 3612 4419 starent
3672 4368 3868 4418 custo-

2166 4455 2289 4510 des.
2315 4453 2421 4518 Qui
2454 4470 2580 4508 cum
2634 4455 3045 4522 surrexissent,
3101 4471 3199 4510 eos
3249 4461 3518 4524 rogarunt
3557 4457 3617 4508 ut
3663 4469 3862 4507 omnes

2092 4553 2132 4616 ι)
2166 4545 2409 4614 abirent,
2442 4543 2525 4599 eis
2547 4545 2759 4614 apertis
2782 4544 3021 4615 januis;
3056 4544 3388 4599 fatebantur
3429 4544 3587 4599 enim
3618 4558 3745 4598 esse
3783 4559 3868 4597 sa-

2169 4635 2286 4690 tius
2309 4650 2410 4704 pro
2442 4633 2510 4688 iis
2543 4633 2711 4700 mori,
2746 4649 2918 4705 quam
2952 4649 3078 4706 qua
3118 4635 3189 4688 ad
3234 4649 3330 4689 eos
3378 4633 3650 4688 divinitus
3680 4633 3861 4687 venis-

2169 4729 2254 4780 set
2283 4724 2607 4779 libertatem
2637 4723 2734 4795 qui
2766 4723 2910 4779 citra
2943 4723 3227 4779 rationem
3245 4723 3652 4779 detinebantur
3683 4721 3861 4791 ἀθερί-

2169 4830 2316 4871 cere.
2349 4814 2643 4868 Tribunus
2667 4813 2863 4884 itaque
2883 4828 3017 4869 cum
3069 4813 3506 4881 magistratibus
3569 4827 3734 4867 mane
3775 4828 3866 4865 ve-

2169 4903 2333 4959 niens
2363 4903 2422 4957 in
2454 4901 2800 4968 custodiam,
2833 4902 3304 4958 contendebatut
3323 4902 3426 4956 viri
3461 4903 3862 4971 egrederentur

2171 5009 2201 5049 e
2222 4991 2451 5048 civitate
2477 5016 2490 5060 ;
2522 4991 2750 5048 dicebat
2781 4991 3192 5061 enim‘domum
3217 5007 3387 5046 suam
3401 4991 3678 5046 cecidisse
3699 4997 3853 5045 terra

2172 5085 2359 5148 motu,
2393 5085 2449 5136 et
2477 5097 2507 5136 e
2537 5081 2662 5136 suis
2712 5081 2891 5137 servis
2939 5082 3192 5151 Optimos
3240 5097 3551 5153 oppressos
3585 5081 3778 5136 fuisse.
3825 5080 3859 5134 li

2173 5173 2360 5223 autem
2387 5170 2504 5225 haec
2526 5170 2846 5237 audientes,
2881 5169 2995 5225 Deo
3027 5170 3244 5240 gratias
3301 5173 3555 5241 agentes,
3606 5169 3862 5224 abierunt

2175 5259 2232 5312 in
2304 5258 2701 5327 solitudinem,
2759 5267 3038 5332 erantque
3096 5275 3300 5314 omnes
3362 5257 3564 5324 simul,
3623 5269 3684 5312 ut
3732 5259 3866 5312 dicit

2173 5347 2502 5418 Apostolus,
2543 5348 2818 5405 habentes
2865 5364 2964 5404 cor
3022 5365 3206 5404 unum
3265 5351 3320 5404 et
3367 5364 3543 5404 unam
3613 5348 3858 5403 animam

2174 5438 2430 5508 (Act.1v).

2245 5569 2494 5627 Docebat
2524 5573 2720 5628 autem
2751 5572 3006 5644 quotidie
3035 5570 3228 5629 ornari
3267 5569 3604 5636 virtutibus,
3660 5576 3716 5628 et
3757 5586 3867 5626 ma-

2174 5660 2378 5717 chinas
2400 5661 2612 5718 diaboli
2643 5662 2702 5718 in
2735 5663 3178 5734 cogitationibus
3209 5663 3268 5720 in
3291 5661 3580 5734 principio
3603 5661 3864 5734 protinus
