4078 6212
317 369 475 433 1137

1607 377 1982 442 HISTORIA
2025 378 2440 443 LAUSIACA.

3567 380 3723 444 H38

317 501 611 590 σπήλαιον,
652 500 792 561 ὥστε
819 502 909 561 καὶ
945 506 1008 561 τὸ
1054 504 1187 562 ἰδεῖν
1225 505 1384 563 αὐτὸν
1426 507 1550 564 λςίαν
1599 509 1665 579 ἦν
1706 506 1963 589 φοϐερόν.
1997 515 2050 582 Α
2077 512 2395 575 τοσαυτάκις
2435 510 2494 568 δὲ
2536 510 2588 568 ἐν
2635 516 2704 588 τῇ
2746 511 2948 589 ἡμέρᾳ,
2996 515 3342 588 κάμπτοντος
3387 511 3455 568 τὰ
3498 513 3717 590 γόνατα.

312 583 553 668 ’Ἐτρεμε
584 590 640 649 δὲ
664 592 861 650 λοιπὸν
891 595 1023 659 ὅλος
1051 597 1153 652 ὑπὸ
1194 602 1295 652 τοῦ
1335 599 1525 673 γήρως
1579 583 1964 674 συνεχόμενος.

320 679 521 739 Πολλὰ
571 679 629 737 δὲ
684 685 799 737 καθ’
857 683 1084 752 ἑκάστην
1143 685 1356 761 ἡμέραν
1415 692 1617 761 σημεῖα
1674 687 1965 757 ἐπιτελῶν,

319 770 408 827 καὶ
460 772 697 841 ἰώμενος
749 775 875 837 τοὺς
921 776 1226 848 κάμνοντας
1280 775 1381 831 οὐκ
1435 774 1683 837 ἐπαύετο.
1732 776 1964 854 Ἔλεγον

323 859 378 917 δὲ
444 862 569 934 περί
636 860 802 918 αὐτοῦ
861 865 913 918 οἱ
990 865 1244 941 Πατέρες,
1313 867 1397 921 ὅτι
1454 864 1631 930 οὐδεὶς
1694 868 1968 941 μέμνηται

320 952 419 1020 τήν
464 950 629 1006 αὐτοῦ
678 950 733 1007 ἐν
779 957 859 1025 τῷ
899 950 1012 1028 ὄρει
1060 955 1435 1032 γεγενημένην
1482 954 1688 1013 ἄνοδον.
1744 959 1965 1014 ’Ἡσθιεν

323 1038 380 1095 δέ
435 1038 486 1095 ἐν
547 1044 627 1113 τῷ
683 1043 843 1119 γήρει
896 1063 1041 1118 τρεις
1104 1043 1331 1121 ούγγίας
1368 1044 1533 1119 ἄρτου
1583 1046 1659 1109 εἰς
1717 1047 1965 1121 ἑσπέραν,

320 1130 405 1185 καὶ
440 1134 585 1205 τρεῖς
627 1129 829 1194 ἐλαίας.
869 1134 958 1187 Ἐν
1012 1134 1230 1205 νεότητι
1299 1131 1355 1191 δὲ
1411 1134 1493 1191 ἀεὶ
1545 1133 1615 1191 δι’
1661 1133 1967 1212 ἑϐδομάδος

321 1221 516 1278 ἐσθίων
542 1223 682 1298 ἅπαξ
710 1219 961 1281 διετέλει.

943 1390 1195 1443 ΚΕΦΑΛ.
1249 1389 1377 1447 ΝΒ’.

751 1512 881 1589 Περὶ
929 1516 1028 1570 106
1076 1509 1219 1572 ἀϐϐἆ
1251 1513 1538 1574 Ἀπολλῶ.

391 1672 755 1748 Ἐθεασάμεθα
804 1670 862 1729 δὲ
919 1674 1010 1730 καὶ
1066 1671 1249 1744 ἕτερον
1304 1673 1472 1750 ἄνδρα
1521 1678 1679 1751 ἅγιον
1741 1673 1967 1753 ὀνόματι

324 1761 605 1834 Ἀπολλῶ,
634 1765 688 1818 ’ev
733 1758 988 1835 Θηϐαίδι,
1020 1762 1073 1820 ἐν
1133 1764 1305 1841 ὁρίοις
1357 1766 1783 1841 Ἐρμουπόλεως
1808 1786 1822 1802 ⁸
1856 1766 1908 1823 ἒν

325 1852 353 1906 6
387 1853 584 1927 Σωτὴρ
615 1850 750 1924 μετά
784 1858 886 1921 τῆς
915 1854 1182 1927 παρθένου
1229 1852 1437 1928 Μαρίας
1476 1852 1564 1909 καὶ
1612 1858 1708 1911 106
1757 1852 1968 1911 δικαίου

324 1941 526 2016 Ἰωσὴφ
581 1941 927 2018 παρεγένετο,
978 1941 1236 1999 Ἠασαίου
1286 1944 1386 2013 τὴν
1444 1936 1775 2022 προφητείαν
1830 1946 1965 2002 ἀνα·-

318 2030 569 2106 πληρῶν,
612 2029 867 2106 λέγοντος
912 2050 926 2064 ·
968 2031 1111 2088 Ἰδοὺ
1158 2032 1353 2109 Κύριος
1399 2033 1630 2107 κάθηται
1682 2034 1769 2091 ἐπὶ
1814 2036 1966 2114 νεφέ-

321 2120 427 2191 λης
455 2118 685 2197 κούφης,
707 2122 797 2176 καὶ
824 2119 944 2191 ἥξει
993 2121 1068 2185 εἰς
1104 2121 1409 2199 Αἴγυπτον,
1458 2124 1549 2180 καὶ
1596 2126 1966 2197 σεισθήσονται

326 2209 686 2286 χειροποίητα
722 2211 1001 2286 Αἰγύπτου
1031 2212 1138 2267 ἀπὸ
1179 2213 1479 2287 προσώπου
1509 2213 1699 2285 αὐτοῦ,
1733 2215 1822 2270 καὶ
1870 2234 1970 2270 πε-

324 2304 543 2357 σοῦνται
571 2298 661 2357 ἐπί
699 2301 801 2370 τήν
831 2308 960 2377 γῆν.
989 2300 1209 2375 Ἴδομεν
1243 2300 1353 2357 ἐκεῖ
1390 2305 1480 2358 καὶ
1511 2305 1602 2359 τὸν
1652 2306 1776 2361 ναὸν
1822 2303 1965 2367 ἔνθα.

325 2388 664 2453 εἰσελθόντος
694 2394 791 2446 106
816 2396 1076 2466 Σωτῆρος
1099 2389 1150 2447 ἐν
1178 2394 1247 2465 τῇ
1280 2389 1463 2463 πόλει,
1488 2391 1554 2449 τὰ
1571 2391 1773 2449 εἴδωλα
1794 2395 1968 2451 πάντα

324 2478 611 2535 κατέπεσεν
670 2477 759 2535 ἐπὶ
817 2478 1114 2553 πρόσωπον
1169 2480 1246 2543 εἰς
1302 2482 1403 2549 τήν
1450 2488 1574 2557 γῆν.
1626 2480 1838 2557 Ἴδομεν
1872 2483 1964 2538 οὖν

324 2567 417 2623 τὸν
449 2564 615 2643 ἄνδρα
640 2571 834 2624 τοῦτον
863 2565 916 2623 ἐν
959 2572 1029 2643 τῇ
1077 2567 1270 2645 ἐρήμῳ
1319 2569 1421 2625 ὑπὸ
1477 2570 1539 2625 τὸ
1587 2570 1715 2646 ὄρος
1767 2566 1966 2648 ἔχοντα

331 2658 726 2731 μοναστήριον,
764 2657 976 2732 Πατέρα
1022 2658 1097 2721 ὡς
1160 2658 1526 2716 πεντακοσίων
1575 2666 1836 2737 μοναχῶν
1860 2679 1874 2694 ⁶
1909 2664 1968 2728 ὃς

327 2741 623 2816 διαϐόητος
666 2747 717 2801 ἐν
776 2742 1010 2818 Θηϐαίδι
1043 2766 1057 2782 '
1115 2749 1206 2803 καὶ
1254 2742 1387 2825 ἔργα
1437 2752 1653 2825 μεγάλα
1681 2752 1748 2821 ἦν
1794 2751 1965 2826 αὐτῷ,

324 2833 413 2889 καὶ
463 2831 718 2908 δυνάμεις
788 2834 1028 2911 μεγάλας
1083 2835 1254 2893 ἐποίει
1321 2835 1391 2893 δι’
1447 2838 1612 2894 αὐτοῦ
1669 2841 1699 2896 6
1738 2841 1963 2916 Κύριος.

326 2928 541 2997 Σημεῖα
570 2921 625 2979 δὲ
663 2925 801 2980 πάνυ
833 2922 1021 2982 πολλά
1051 2923 1123 2981 δι’
1159 2927 1324 2983 αὐτοῦ
1372 2926 1751 2987 ἐπετελοῦντο.
1792 2930 1966 2994 Οὗτος

323 3015 423 3089 γάρ
445 3012 504 3069 ἐκ
533 3012 790 3071 παιδόθεν
821 3014 1041 3084 πολλὴν
1084 3013 1312 3087 ἄσκησιν
1362 3015 1752 3091 ἐνδειξάμενος,
1785 3017 1837 3074 ἐν
1886 3024 1965 3091 τῷ

328 3102 471 3160 τέλει
499 3110 599 3174 τῆς
630 3102 858 3175 ἡλικίας
898 3105 1167 3177 τοσαύτης
1206 3103 1368 3182 ἔτυχε
1396 3109 1645 3183 χάριτος.
1676 3106 1964 3184 Ὀγδοηκο-

327 3196 453 3248 στοῦ
481 3193 581 3270 γάρ
614 3190 686 3249 ὢν
717 3190 877 3257 ἔτους
910 3193 1047 3271 μέγα
1080 3198 1444 3272 μοναστήριον
1491 3197 1664 3269 ἑαυτῷ
1709 3198 1962 3274 συνεκρό-

2076 606 2139 657 Ἡ
2204 602 2379 678 τροφὴ
2439 599 2497 657 δὲ
2551 604 2720 659 αὐτού
2786 604 2922 666 τέως
2988 603 3230 678 καθάπερ
3288 606 3506 678 πρῶτον
3574 603 3719 677 παρὰ

2079 694 2212 747 Θεοῦ
2251 689 2303 761 ἐξ
2361 691 2677 768 ἀμηχάνίας
2725 693 3075 771 ἐχορηγεῖτο.
3128 693 3215 749 Ἐν
3261 695 3330 766 τῇ
3389 690 3581 765 ἐρήμῳ
3618 692 3721 767 γὰρ

2075 780 2223 851 αύτῷ
2249 781 2282 849 ἡ
2315 783 2488 859 τροφή
2522 784 2648 856 παρ’
2688 781 2928 859 ἀγγέλου
2959 780 3259 857 ἐκομίξετο.
3293 781 3361 837 Τὸ
3409 777 3467 835 δὲ
3514 777 3718 853 ἔνδυμα

2076 871 2140 941 ἧν
2170 868 2317 943 αύτῷ
2346 872 2379 925 ἀ
2427 867 2683 940 λεϐιτὼν,
2728 871 2893 947 ὅνπερ
2944 872 3083 935 τινὲς
3131 866 3395 927 κολόϐιον
3445 890 3720 945 προσαγο-

2079 959 2312 1034 ρεύουσι,
2341 960 2432 1015 καὶ
2474 958 2684 1015 λέντιον
2718 963 2911 1036 μικρὸν
2954 961 3041 1018 ἐπὶ
3088 962 3188 1031 τὴν
3238 958 3486 1036 κεφαλὴν
3534 960 3719 1018 αὐτοῦ.

2074 1055 2247 1105 Ταῦτα
2278 1048 2383 1125 γὰρ
2413 1049 2562 1123 αὐτῷ
2593 1069 2644 1104 εν
2692 1054 2761 1124 τῇ
2812 1049 3005 1124 ἐρήμῳ
3053 1048 3265 1124 ἔμειναν
3330 1053 3406 1123 μὴ
3451 1049 3720 1107 παλαιου-

2079 1139 2232 1213 μένα.
2264 1141 2366 1195 Ἦν
2395 1142 2524 1215 γοῦν
2560 1138 2610 1193 ἐν
2644 1142 2711 1213 τῇ
2742 1137 2982 1210 πλησίον
3015 1144 3115 1204 τῆς
3140 1141 3469 1213 οἰκουμένης
3501 1139 3715 1213 ἐρήμῳ,

2074 1227 2128 1283 ἐν
2156 1232 2226 1302 τῇ
2260 1225 2481 1303 δυνάμει
2536 1224 2733 1303 διάγων
2775 1230 2872 1281 106
2905 1225 3239 1300 Πνεύματος,
3272 1231 3477 1301 σημεῖα
3523 1225 3580 1282 δὲ
3628 1226 3715 1281 καὶ

2077 1316 2245 1381 ἰάσεις
2290 1315 2552 1372 ἐπιτελῶν
2602 1316 2935 1389 θαυμαστὰς,
2984 1315 3047 1378 εἰς
3097 1315 3201 1370 οὐκ
3231 1311 3290 1369 ἄν
3332 1335 3416 1378 τις
3447 1311 3518 1368 δι’
3558 1314 3718 1388 ὓπερ-

2075 1402 2249 1477 ϐολὴν
2292 1407 2563 1479 θαύματος
2606 1406 2778 1469 πάσας
2817 1403 3044 1478 ἐξειπεῖν
3088 1401 3331 1473 δύναται,
3361 1402 3544 1466 καθὼς
3576 1402 3721 1477 παρά

2072 1500 2180 1552 τῶν
2232 1497 2500 1550 συνὸντων
2567 1495 2718 1566 αὐτῷ
2795 1488 3171 1570 πρεσϐυτέρων
3236 1495 3577 1567 ἠκούσαμεν,
3629 1490 3720 1546 καὶ

2078 1583 2251 1639 αὐτῶν
2279 1581 2505 1638 τελείων
2537 1580 2708 1639 ὄντων
2748 1581 2837 1638 καὶ
2868 1581 3189 1657 ἡγουμένων
3216 1580 3437 1652 πολλῆς
3479 1578 3718 1659 ἀδελφό-

2076 1694 2262 1745 τητος.
2316 1671 2529 1747 Γέγονεν
2594 1669 2685 1727 οὖν
2739 1671 2897 1734 εὐθὺς
2956 1667 3253 1743 διαϐόητος
3303 1673 3331 1727 6
3363 1671 3518 1747 ἀνὴρ,
3551 1672 3625 1734 ὡς
3654 1669 3714 1724 ἂν

2075 1764 2196 1825 νέος
2223 1783 2306 1825 τις
2340 1763 2630 1839 προφήτης
2678 1763 2768 1817 καὶ
2813 1760 3121 1825 ἀπόστολος
3159 1766 3228 1837 τῇ
3272 1760 3513 1835 ἡμετέρᾳ
3565 1763 3718 1834 γενεᾷ

2075 1850 2452 1930 ἐπιφοιτήσας.
2504 1853 2709 1925 Φήμης
2749 1850 2805 1907 δὲ
2852 1850 3071 1921 πολλῆς
3120 1849 3243 1927 περὶ
3293 1848 3456 1905 αὐτοῦ
3496 1846 3716 1921 διαδρα-

2082 1940 2311 2015 μούσης,
2342 1943 2534 2004 πάντες
2566 1942 2619 1997 οἱ
2657 1942 2808 2017 πέριξ
2863 1939 3142 2016 σποράδην
3189 1940 3436 2016 μένοντες
3486 1937 3718 2014 μοναχοῖ

2078 2032 2214 2108 πρὸς
2252 2030 2410 2086 αὐτὸν
2436 2030 2515 2086 ἀεὶ
2549 2028 2794 2109 ἔφθανον,
2826 2030 2901 2094 ὡς
2933 2032 3096 2106 πατρὶ
3125 2029 3335 2104 γνησίῳ
3375 2029 3470 2090 τὰς
3512 2028 3716 2082 ἑαυτῶν

2079 2122 2259 2197 ψυχάς
2290 2118 2439 2197 δῶρα
2468 2121 2882 2200 προσφέροντες.
2915 2125 2971 2176 Ὀ
3012 2118 3069 2176 δὲ
3117 2118 3208 2184 οίίς
3258 2120 3351 2193 μὲν
3400 2118 3535 2194 πρὸς
3582 2119 3716 2172 θεω-

2080 2212 2196 2285 ρίαν
2227 2209 2650 2287 προσεκαλεῖτος
2690 2209 2784 2274 οὕς
2830 2208 2886 2266 δὲ
2921 2211 3021 2281 τὴν
3069 2210 3370 2284 πρακτικὴν
3403 2202 3718 2279 συνεϐίϐαζε

2082 2299 2357 2376 μετελθεῖν
2389 2298 2583 2377 ἀρετήν
2617 2316 2632 2332 ⁸
2663 2304 2879 2374 πρῶτον
2927 2296 3132 2363 δείκνὺς
3180 2295 3345 2375 ἔργῳ,
3376 2294 3512 2373 άπερ
3559 2295 3714 2371 λόγῳ

2076 2397 2251 2446 ποιεῖν
2292 2387 2500 2452 ἄλλους
2548 2389 2830 2448 ἐνουθέτει.
2873 2387 3154 2452 Πολλάκις
3205 2391 3308 2465 γὰρ
3362 2386 3710 2445 ἐπιδεικνύων

2076 2480 2262 2542 αὐτοῖς
2297 2481 2399 2550 τήν
2430 2479 2681 2551 ἄσκησιν,
2703 2480 2840 2535 κατά
2871 2480 3142 2555 Κυριακήν
3176 2480 3343 2554 μόνον
3393 2478 3508 2550 μετ’
3540 2476 3713 2532 αὐτῶν

2080 2564 2487 2644 μετελάμϐανεν
2525 2586 2539 2600 θ
2567 2569 2729 2633 αὐτὸς
2765 2570 2885 2643 μὲν,
2925 2567 2961 2638 ἢ
3002 2568 3127 2624 ὅσον
3163 2589 3263 2642 περ
3311 2572 3420 2623 τῶν
3464 2566 3717 2641 λαχάνων

2076 2660 2403 2733 αὐτομάτως
2450 2657 2512 2715 ἐκ
2556 2665 2656 2729 τῆς
2713 2666 2815 2735 γῆς
2883 2659 3158 2738 ἀνεφύετο,
3220 2656 3319 2712 ούκ
3378 2653 3561 2729 ἄρτον,
3620 2654 3720 2709 ούκ

2076 2746 2324 2825 ὄσπριον,
2357 2749 2420 2805 06
2457 2753 2565 2805 τῶν
2594 2749 2645 2804 έν
2678 2755 2794 2812 τοῖς
2826 2754 3016 2830 φυτοῖς
3058 2748 3289 2824 ὀπώρων
3321 2769 3373 2803 τι
3425 2744 3717 2821 διαιτώμε-

2075 2861 2186 2912 νος,
2221 2838 2334 2895 ούδ⁹
2367 2841 2465 2895 δσα
2487 2837 2574 2895 διὰ
2600 2844 2698 2895 106
2728 2841 2898 2916 πυρὸς
2927 2836 3044 2915 ἔχει
3074 2840 3172 2908 τὴν
3203 2845 3432 2917 χρῆσιν.

2145 2929 2410 2991 Ἀκούσας
2457 2926 2513 2984 δέ
2558 2949 2690 2983 ποτε
2736 2928 2788 2984 ἐν
2837 2933 2953 2990 τοῖς
3009 2926 3321 2984 Ἰουλιανοῦ
3371 2929 3604 3001 καιροῖς,
3635 2924 3721 2979 δτι

2074 3016 2307 3097 ἀδελφὸς
2340 3017 2415 3078 εἰς
2473 3016 2748 3091 στρατείαν
2789 3018 3080 3092 κρατηθεὶς
3120 3018 3173 3072 ἓν
3225 3015 3442 3095 φυλακῇ
3502 3012 3722 3086 δεσμώ-

2072 3129 2171 3179 της
2204 3106 2458 3178 κάθηται,
2488 3107 2812 3180 παρεγένετο
2845 3107 2980 3180 πρὸς
3011 3106 3171 3161 αὐτὸν
3230 3106 3364 3178 μετά
3407 3110 3506 3172 τῆς
3554 3100 3718 3158 ἀδελ-

2075 3198 2335 3275 φότητος,
2382 3194 2712 3268 παρακαλῶν
2768 3195 2934 3251 αὐτὸν
2982 3195 3071 3250 καὶ
3126 3196 3391 3251 νουθετων
3440 3198 3717 3267 καρτερεῖν

325 3304 484 3353 τησεν
527 3283 751 3340 τελείων
803 3283 1012 3360 ἀνδρῶν
1066 3278 1436 3341 πεντακοσίων
1487 3283 1790 3359 δυναμένων
1834 3308 1966 3363 σχε-
1997 3258 2040 3325 c
2078 3286 2130 3342 ἐν
2156 3290 2274 3349 τοῖς
2306 3284 2510 3355 πόνοις,
2550 3284 2637 3340 καί
2665 3284 2793 3347 τοὺς
2825 3284 3231 3361 ἐπερχομένους
3262 3284 3412 3356 αὖτῷ
3442 3279 3722 3345 κινδύνους

330 3369 420 3428 δὸν
462 3376 675 3429 πάντων
714 3377 920 3447 σημεῖα
964 3371 1256 3432 ἐπιτελεῖν.
1291 3375 1458 3438 Οὗτος
1514 3373 1801 3433 δεκαπέντε
1840 3376 1971 3432 ἐτῶν

332 3462 698 3538 ἀναχωρήσας
727 3467 826 3518 106
873 3464 1084 3538 κόσμου
1114 3464 1206 3519 καὶ
1251 3464 1647 3541 τεσσαράκοντα
1677 3462 1770 3538 ἔτη
1804 3465 1855 3521 ἐν
1905 3469 1973 3539 τῇ

332 3550 528 3627 ἐρήμῳ
578 3549 910 3625 διατελέσας,
980 3558 1151 3608 πᾶσαν
1218 3554 1412 3631 ἀρετὴν
1475 3552 1716 3630 ἀκριϐῶς
1746 3600 1747 3603 η
1780 3556 1973 3628 ἐξασή-

333 3661 447 3712 σας,
497 3640 719 3717 ὕστερον
777 3648 959 3720 φωνῆς
1016 3642 1230 3700 ἀκούειν
1272 3641 1423 3715 ἔδοξε
1469 3649 1566 3701 106
1624 3649 1778 3709 Θεοῦ,
1836 3646 1973 3722 πρὸς

334 3734 489 3790 αὐτὸν
539 3733 795 3808 λέγοντος
846 3753 861 3766 ·
912 3726 1199 3803 Ἀπολλὼ,
1250 3733 1537 3805 Ἀπολλῶ,
1590 3733 1680 3791 διὰ
1729 3740 1824 3791 σοῦ
1871 3738 1968 3806 τήν

330 3825 519 3899 σοφίαν
567 3828 673 3880 τῶν
722 3824 1028 3899 Αἰγυπτίων
1077 3825 1170 3882 καὶ
1218 3826 1318 3893 τήν
1351 3825 1559 3880 σύνεσιν
1598 3829 1706 3881 τῶν
1737 3830 1968 3881 συνετῶν

327 3914 492 3971 ἐθνῶν
519 3915 789 3986 ἀθετήσω.
824 3915 1081 3977 Ἀπολεῖς
1123 3912 1179 3971 δέ
1212 3935 1305 3988 μοι
1339 3913 1432 3970 σὺν
1474 3914 1662 3978 αὐτοῖς
1710 3915 1800 3971 καὶ
1843 3916 1970 3980 τοὺς

325 4002 523 4081 σοφοὺς
576 4000 923 4075 Βαϐυλῶνος,
970 4003 1059 4060 καὶ
1109 4008 1283 4060 πᾶσαν
1330 4004 1432 4073 τήν
1495 4000 1817 4078 δαιμονικὴν
1865 4004 1971 4060 λα-

321 4093 498 4171 τρείαν
547 4092 898 4173 ἐξαφανίσεις.
950 4094 1049 4150 Καὶ
1088 4098 1182 4150 νῦν
1230 4093 1468 4169 πορεύου
1525 4093 1603 4156 εἰς
1647 4095 1745 4165 τήν
1783 4094 1965 4149 οἰκου-

324 4184 513 4258 μένην.
555 4186 836 4256 Γεννήσεις
866 4184 965 4260 γάρ
1021 4204 1115 4258 μοι
1165 4183 1296 4239 λαὸν
1344 4182 1653 4258 περιούσιον
1705 4181 1963 4255 ζηλωτὴν

320 4272 504 4329 καλῶν
565 4267 757 4349 ἔργων.
806 4276 869 4331 Ὀ
929 4269 986 4329 δὲ
1034 4271 1348 4348 ἀποκριθεὶς
1399 4273 1567 4342 εἶπεν,
1622 4272 1827 4347 νΑφελε
1874 4274 1966 4329 ἀπ’

322 4362 481 4436 ἐμοῦ,
515 4364 776 4431 Δέσποτα,
827 4364 925 4434 τὴν
971 4361 1285 4434 ἂλαζονίαν,
1337 4364 1414 4437 μή
1465 4383 1583 4427 πως
1650 4363 1964 4437 ὑπεραρθεὶς

326 4451 461 4526 ὑπὲρ
489 4453 588 4522 τήν
621 4450 988 4530 ἀδελφότητα,
1018 4453 1080 4507 τὸ
1123 4456 1227 4507 πᾶν
1275 4451 1472 4527 ἀγαθὸν
1508 4453 1796 4526 ζημιωθῶ.
1831 4453 1965 4508 Εἰπε

325 4538 381 4597 δὲ
427 4541 593 4599 πάλιν
624 4544 659 4613 ἡ
723 4543 840 4599 θεία
872 4545 1024 4620 φωνή
1075 4544 1211 4619 πρὸς
1270 4543 1431 4600 αὐτόν
1485 4561 1500 4577 ⁸
1549 4538 1842 4600 Ἐπίϐαλον
1891 4546 1958 4615 τη

2082 3375 2361 3451 ὑπερορᾷν.
2423 3375 2623 3449 Καιρὸν
2680 3374 2780 3450 γάρ
2847 3396 3008 3454 φησιν
3074 3375 3211 3430 εἶναι
3276 3372 3507 3451 ἀγώνων
3567 3372 3716 3444 αὐτῷ

2077 3467 2201 3522 τότε
2225 3465 2314 3522 καὶ
2343 3466 2442 3537 τήν
2470 3466 2699 3542 γνώμην
2733 3464 2896 3520 αὐτοῦ
2925 3468 2993 3531 τῆ
3041 3465 3147 3520 τῶν
3198 3468 3516 3542 πειρασμῶν
3547 3483 3724 3539 προσ-

2077 3551 2221 3630 ϐολῇ
2275 3554 2685 3630 δοκιμάζεσθαι.
2744 3558 2833 3617 Ὡς
2894 3552 2952 3611 δὲ
3007 3553 3350 3631 ἐπεστήριξεν
3406 3556 3573 3610 αὐτοῦ
3618 3555 3720 3623 τήν

2076 3648 2282 3721 ψυχὴν,
2311 3650 2429 3710 τοῖς
2458 3644 2649 3721 λόγοις
2683 3644 2897 3707 τούτοις
2918 3644 3137 3709 ἐπιστάς
3167 3646 3194 3700 ὁ
3230 3642 3535 3724 χιλίαρχος
3570 3644 3737 3720 ὁρμῇ,

2074 3741 2174 3804 τῆς
2230 3733 2419 3800 κακίας
2474 3734 2791 3810 φερόμενος,
2852 3734 3269 3810 ἐπαγγείλαντος
3345 3733 3493 3806 αύτῷ
3571 3754 3720 3797 τινος

2072 3823 2194 3899 περὶ
2228 3824 2430 3895 αὐτῶν,
2460 3821 2662 3884 ἐπιθεὶς
2693 3821 2919 3896 κλεῖθρα
2947 3827 3065 3886 ταῖς
3093 3824 3282 3897 θύραις
3309 3829 3407 3893 τῆς
3442 3820 3718 3899 φυλακῆς,

2073 3912 2234 3968 αὐτόν
2263 3935 2320 3968 τε
2349 3911 2593 3974 καὶτοὺς
2640 3913 2756 3986 μετ’
2804 3911 2969 3967 αὐτοῦ
3021 3912 3299 3986 μοναχοὺς
3345 3912 3549 3973 πάντας
3589 3931 3722 3965 κατ-

2072 3999 2332 4075 έκλεισεν,
2364 4002 2439 4064 ὡς
2504 3998 2846 4071 ἐπιτηδείους
2897 3999 3186 4074 ἐσομένους
3238 4001 3374 4077 πρὸς
3422 4001 3521 4070 τὴν
3562 4016 3717 4072 στρα-

2067 4089 2238 4161 τείαν,
2277 4091 2367 4145 καὶ
2416 4088 2662 4168 φύλακας
2717 4088 2936 4153 ἰκανοὺς
2984 4089 3167 4152 αὐτοῖς
3214 4090 3575 4160 καταστήσας,
3618 4087 3705 4143 ἐπὶ

2070 4181 2166 4249 τήν
2199 4180 2393 4236 ἑαυτοῦ
2423 4178 2592 4235 οἰκίαν
2643 4179 2984 4256 ἀνεχώρησε,
3018 4177 3160 4255 μηδέ
3212 4177 3345 4256 ἄχρι
3383 4179 3555 4249 ἀκοῆς
3606 4198 3709 4232 παν

2069 4268 2373 4347 ρακλθῆναι
2433 4270 2521 4325 ὑπ’
2572 4270 2750 4326 αὐτῶν
2818 4269 3213 4346 ἀνασχόμενος.
3288 4268 3435 4325 Κατὰ
3521 4265 3580 4324 δὲ
3646 4268 3709 4324 16

2072 4358 2419 4432 μεσονύκτιον
2453 4355 2887 4439 λαμπαδηφόρος
2928 4357 3160 4435 ἄγγελος
3191 4358 3433 4437 φαίνεται
3459 4364 3578 4423 τοῖς
3610 4381 3711 4437 φυ-

2069 4446 2348 4517 λάττουσι,
2396 4447 2536 4523 φωτὶ
2595 4447 3018 4523 καταστράπτων
3077 4450 3282 4513 πάντας
3325 4450 3376 4505 ἐν
3424 4455 3506 4523 τῷ
3551 4449 3710 4520 οἰκή-

2069 4557 2196 4610 ματι
2232 4555 2244 4569 ⁸
2280 4537 2355 4599 ὡς
2382 4536 2469 4592 ὑπ’
2503 4534 2816 4609 ἐκπλήξεως
2847 4537 3073 4617 ἀχανεῖς
3104 4539 3350 4614 γενέσθαι
3382 4539 3512 4604 τοὺς
3534 4539 3709 4619 φύλα-

324 4631 496 4711 χαῖρά
535 4654 631 4688 σου
681 4632 768 4688 ἐπὶ
815 4634 908 4689 τὸν
968 4631 1171 4708 αὐχένα
1220 4654 1315 4688 σου
1348 4652 1360 4666 ο
1417 4630 1507 4688 καέ
1561 4632 1823 4703 καθέξεις,
1867 4634 1959 4689 καὶ
1992 4633 2036 4698 ι)
2068 4645 2186 4695 κας,
2221 4626 2272 4679 οἳ
2301 4626 2390 4680 καὶ
2422 4625 2743 4690 ἀναστάντες
2778 4627 2966 4697 ἠξίουν
3018 4628 3214 4691 αὐτοὺς
3262 4629 3517 4685 ἀπελθεῖν
3552 4631 3718 4684 ἅπαν-

323 4723 634 4799 κατορύξεις
674 4722 839 4793 αύτήν
892 4723 945 4779 ἐν
1000 4726 1067 4797 τῇ
1126 4721 1317 4797 ἅμμῳ.
1369 4726 1424 4778 Ὀ
1492 4719 1548 4776 δὲ
1604 4724 1818 4797 ταχέως
1857 4724 1957 4793 τὴν

323 4817 481 4888 γεῖρα
527 4810 615 4867 ἐπὶ
652 4812 745 4868 τὸν
793 4811 1000 4887 αὐχένα
1046 4807 1345 4884 ἐπιϐαλών,
1395 4809 1652 4885 ἐδράξατο
1699 4810 1965 4874 Αἰθίοπος

327 4905 532 4978 μικροῦ
561 4922 573 4935 ·
624 4902 714 4957 καὶ
764 4903 1073 4978 κατέχωσεν
1105 4901 1265 4958 αὐτὸν
1304 4900 1356 4957 ἐν
1404 4905 1474 4977 τῇ
1524 4902 1716 4975 ἅμμῳ,
1753 4902 1966 4977 βοῶντα

324 4991 413 5046 καί
450 4988 673 5065 λέγοντα
703 5010 716 5025 ⁸
752 4992 892 5068 Ἐγώ
947 4991 1061 5065 ιίμι
1095 4992 1123 5047 6
1169 4997 1269 5060 τῆς
1323 4990 1686 5066 ὑπερηφανίας
1733 4987 1963 5065 δαίμων.

328 5079 432 5135 Καὶ
458 5080 624 5135 πάλιν
655 5083 806 5158 φωνή
847 5079 1054 5156 ἐγένετο
1101 5079 1238 5156 πρὸς
1285 5078 1466 5151 αὐτὸν,
1520 5077 1751 5155 λέγουσα
1783 5097 1797 5115 ³
1853 5086 1967 5136 Πο-

325 5167 508 5243 ρεύου,
541 5169 624 5224 ὅτι
670 5174 772 5225 πᾶν
822 5170 851 5225 '6
900 5169 987 5226 ἐὰν
1031 5168 1230 5244 αἰτήσῃ
1274 5169 1420 5245 παρά
1464 5172 1563 5225 106
1610 5167 1742 5226 Θεοῦ
1786 5170 1966 5246 λήψῃ.

326 5257 385 5314 Ὀ
425 5254 482 5313 δὲ
529 5256 687 5321 εὐθὺς
717 5257 951 5321 ἀκούσας
997 5258 1072 5321 εἰς
1116 5260 1215 5329 τήν
1274 5257 1603 5331 οἰκουμένης
1663 5257 1967 5334 ἐξώρμησε,

327 5347 467 5402 κατά
504 5348 594 5403 τὸν
631 5350 818 5423 καιρὸν
869 5346 1167 5404 Ἰουλιανοῦ
1211 5351 1310 5402 106
1349 5347 1635 5422 τυράννου,
1666 5346 1755 5401 καὶ
1794 5367 1970 5422 παρα-

329 5430 527 5492 ϐάλλει
551 5437 688 5501 τέως
722 5437 772 5494 ἐν
800 5441 869 5514 τῇ
899 5436 1135 5509 πλησίον
1166 5436 1383 5510 ἐρήμῳ.

404 5526 687 5599 Σπήλαιον
731 5526 789 5584 δέ
818 5548 869 5583 τι
899 5528 1093 5603 μικρὸν
1138 5521 1487 5595 καταλαϐὼν,
1538 5522 1650 5578 ἐκεῖ
1685 5523 1966 5598 κατέμενεν

331 5614 435 5672 ὑπὸ
459 5618 522 5673 τὸ
555 5615 705 5692 ὅρος.
745 5618 814 5673 T6
847 5615 903 5673 δὲ
931 5611 1084 5693 ἔργον
1119 5614 1289 5671 αὐτοῦ
1328 5614 1395 5684 ἧν
1432 5612 1496 5668 16
1527 5616 1654 5680 πᾶν,
1703 5613 1969 5689 ἡμερίους

329 5702 498 5784 εὐχὰς
547 5703 840 5763 ἀποδοῦναι
882 5708 961 5780 τῷ
999 5708 1136 5780 Θεῷ,
1168 5704 1512 5765 έκατοντάκις
1557 5702 1651 5779 μὲν
1689 5701 1739 5758 έν
1794 5704 1968 5779 νυκτὶ,

2068 4736 2189 4783 τας,
2234 4718 2340 4770 τῶν
2388 4716 2566 4790 θυρῶν
2623 4717 2808 4779 αὐτοῖς
2865 4716 3243 4795 ἀνοιχθεισῶν.
3293 4724 3553 4789 ’Ἄμεινον
3610 4719 3711 4792 γάρ

2073 4805 2211 4861 εἶναι
2250 4803 2439 4866 αὐτοῖς
2482 4802 2723 4860 τεθνάναι
2765 4803 2898 4878 ὑπὲρ
2936 4804 3110 4859 αύτῶν
3163 4802 3507 4879 ὡμολόγουν,
3538 4804 3573 4874 ἢ
3615 4806 3715 4874 τὴν

2074 4897 2252 4951 θεόθεν
2281 4893 2540 4950 ἐλθοῦσαν
2568 4897 2683 4955 τοῖς
2733 4891 2952 4968 ἀλόγως
2984 4898 3374 4971 κατεχομένοις
3407 4894 3712 4971 ἐλευθερίαν

2074 4981 2345 5060 παριδεῐνι
2398 4985 2461 5039 Ὀ
2526 4982 2704 5036 τοίνυν
2751 4981 3073 5059 χιλίαρχος,
3133 4984 3225 5040 σὺν
3279 4991 3397 5048 τοῖς
3444 4986 3713 5064 ἄρχουσιν

2073 5072 2236 5131 ἳωθεν
2268 5076 2337 5146 τῇ
2386 5070 2602 5148 φυλακῇ
2662 5069 2897 5137 ἐπιστάς,
2967 5072 3290 5147 ἐσπούδαζεν
3351 5084 3452 5148 τῆς
3496 5078 3716 5138 πόλεως

2074 5164 2201 5225 τοὺς
2232 5158 2423 5235 ἄνδρας
2456 5158 2685 5229 ἐξελθεῖν
2717 5176 2733 5193 ο
2783 5166 2991 5235 σεισμῷ
3046 5167 3147 5239 γάρ
3202 5166 3295 5220 τὸν
3353 5167 3507 5223 οἶκον
3552 5167 3719 5222 αὐτοῦ

2078 5249 2273 5329 ἔφασκε
2301 5250 2662 5322 πεπτωκέναι,
2709 5252 2801 5306 καὶ
2848 5249 2976 5315 τοὺς
3036 5253 3354 5328 βελτίστους
3415 5261 3524 5312 τῶν
3566 5259 3718 5329 θερα-

2077 5343 2289 5398 πόντων
2323 5340 2489 5396 αύτοῦ
2528 5339 2931 5417 κατειληφέναι.
2958 5344 3025 5402 Οἱ
3057 5342 3114 5400 δὲ
3144 5345 3217 5407 ὡς
3249 5343 3503 5420 ἤκουσαν,
3534 5348 3716 5425 φωνάς

2078 5427 2530 5506 εὐχαριστηρίους
2559 5426 2785 5501 ᾅδοντες
2829 5436 2909 5504 τῷ
2967 5437 3105 5505 Θεῷ,
3173 5433 3411 5506 ἀπήεσαν
3473 5435 3561 5492 ἐπὶ
3617 5438 3717 5509 τήν

2078 5518 2307 5598 ἔρημον,
2337 5518 2427 5575 καί
2456 5520 2591 5588 ἦσαν
2620 5519 2817 5575 λοιπὸν
2848 5521 2988 5595 ὁμοῦ
3043 5524 3231 5589 πάντες
3272 5526 3410 5583 κατά
3444 5528 3537 5584 τὸν
3586 5527 3722 5584 ἀπο-

2083 5608 2337 5668 στολικὸν
2378 5608 2540 5686 λόγον
2561 5605 2778 5686 ἔχοντες
2808 5608 3031 5686 καρδίαν
3062 5616 3150 5669 καὶ
3177 5618 3364 5693 ψυχὴν
3399 5617 3546 5693 μίαν.

2152 5696 2431 5757 Ἐδίδασκέ
2468 5718 2526 5754 τε
2557 5697 2752 5763 αὐτοὺς
2812 5702 2935 5757 καθ’
2984 5703 3192 5780 ἡμέραν
3248 5702 3563 5785 διαπρέπειν
3610 5713 3731 5769 ταῖς

3674 5922 3703 5943 ,Δ
