4112 6210
352 373 508 437 H39

356 585 647 663 λογισμοῖς
678 586 823 662 παρά
842 588 942 656 τὴν
976 587 1153 661 ἀρχὴν
1180 585 1334 648 εὐθὺς
1364 584 1806 663 ἀποκρούεσθαιη
1828 589 2008 656 Θραυε-

356 660 576 738 σθείσης
606 667 730 741 γὰρ,
759 660 928 743 φησὶ,
977 660 1081 737 τῆς
1122 666 1365 744 κεφαλῆς
1407 660 1521 723 τοῦ
1548 667 1746 743 ὄφεως,
1779 660 1915 720 ἅπαν
1944 666 2006 719 τὸ

356 754 515 821 σῶμα
543 748 729 824 νεκρόν
765 747 910 820 ζέστι.
954 752 1153 823 Τηρεῖν
1200 749 1302 823 γὰρ
1332 750 1492 822 ἡμῖν,
1522 748 1706 823 φησὶν,
1740 747 1767 801 6
1809 747 2006 819 Κύριος

355 829 662 909 ἐντέλλεται
694 831 792 899 τήν
826 827 1071 906 κεφαλὴν
1122 834 1217 884 τοῦ
1284 828 1480 909 ὄφεως.
1530 833 1695 884 Τοῦτο
1756 825 1812 883 δέ
1851 827 2003 909 ,ἐστιν

349 909 443 966 ’ίνα
477 908 618 985 μηδὲ
667 912 816 985 παρά
859 912 960 980 τὴν
1011 910 1193 986 ἀρχὴν
1240 908 1369 971 τοὺς
1421 909 1663 987 φαύλους
1716 909 1806 963 καὶ
1836 908 2007 984 ἀπρε-

356 996 475 1053 πεῖς
524 990 832 1067 λογισμοὺς
894 988 1223 1046 διανοεῖσθαι
1270 986 1709 1064 καταδεξώμεθα,
1755 992 1893 1064 μήτε
1950 986 2008 1045 δὲ

357 1074 448 1127 καὶ
486 1074 585 1142 τήν
639 1072 871 1145 αἰσχράν
922 1073 1210 1149 φαντασίαν
1256 1076 1352 1127 τοῦ
1398 1073 1521 1135 νοὸς
1559 1074 1718 1145 ἡμῶν
1768 1069 2005 1126 ἀπαλεῖ-

357 1154 476 1225 ψαι,
508 1153 794 1223 πειρᾶσθαι
829 1148 886 1205 δὲ
917 1146 1205 1221 ἀλλήλους
1231 1146 1594 1226 ὑπερϐάλλειν
1626 1157 1745 1214 ταῖς
1767 1150 2006 1227 ἀρεταῖς,

365 1234 438 1303 μή
470 1252 552 1293 τις
580 1229 818 1285 ἐλάττων
854 1230 906 1285 ἐν
942 1236 1061 1293 ταῖς
1108 1229 1498 1306 εὐδοκιμήσεσι
1545 1234 1765 1293 ταύταις
1818 1231 2003 1309 φανείη

356 1318 453 1369 τοῦ
493 1312 698 1388 ἐτέρου.
732 1315 1040 1387 Τεκμήριον
1076 1313 1156 1385 δὲ,
1206 1316 1397 1393 φησὶν,
1435 1317 1593 1388 ὑμῶν
1640 1310 1776 1369 ἔστω
1822 1317 1856 1384 ἡ
1896 1318 2003 1369 τῶν

358 1394 561 1466 ἀρετῶν
614 1394 892 1467 προκοπὴ,
944 1392 1069 1449 ὅταν
1123 1392 1225 1462 τὴν
1268 1395 1524 1450 ἀπάθειαν
1553 1394 1641 1449 καὶ
1688 1396 1788 1465 τήν
1822 1396 2006 1469 ἀνορε-

358 1473 469 1543 ξίαν
501 1474 801 1544 κτήσησθε.
837 1474 1013 1549 Ἀρχή
1048 1477 1151 1551 γάρ
1183 1474 1291 1530 τῶν
1332 1481 1428 1531 τοῦ
1471 1481 1606 1531 Θεοῦ
1646 1477 2007 1551 χαρισμάτων

356 1554 469 1609 ἐστῖ
515 1559 703 1611 ταῦτα.
765 1557 927 1611 Ὅταν
978 1554 1033 1610 δὲ
1080 1557 1171 1610 καὶ
1227 1562 1337 1612 τῶν
1395 1559 1683 1631 θαυμάτων
1755 1556 2008 1627 ἐπίδειξιν

358 1637 504 1718 παρά
535 1640 669 1691 Θεοῦ
700 1637 972 1718 κτήσηταί
1001 1658 1105 1700 τις,
1162 1636 1302 1712 μηδὲ
1354 1640 1426 1701 ὡς
1476 1641 1674 1701 ἱκανῶς
1722 1638 1865 1716 ἔχων
1917 1662 2010 1718 φυ-

359 1715 617 1797 σιούσθω,
653 1717 795 1790 μηδὲ
826 1719 1185 1797 ὑπεραρθήτω
1242 1724 1321 1792 τῷ
1372 1718 1651 1797 λογισμῷ,
1694 1715 2006 1791 ὠςγῆδηπι

357 1795 524 1852 πλέον
546 1798 691 1871 παρά
718 1797 847 1860 τοὺς
898 1796 1110 1862 ἄλλους
1160 1795 1547 1874 τετιμημένος,
1584 1801 1725 1875 μηδὲ
1772 1803 1847 1865 ὡς
1888 1801 2008 1858 ἐπι-

1872 365 2234 430 PALLADII

352 506 589 582 ἀρεταῖς,
632 502 723 561 καὶ
757 501 853 569 τάς
897 505 1155 581 μηχανᾶς
1198 508 1296 561 τοῦ
1349 500 1613 560 διαϐόλου
1661 524 1755 565 τας
1802 499 1855 557 ἐν
1886 503 2005 564 τοῖς
2029 502 2078 570 Α
2112 500 2245 582 τιν-ἀ.
2290 496 2571 582 ἐθεράπεᾼυν

3597 358 3759 421 mo

2636 510 2651 529 '
2709 493 2799 549 καὶ
2866 491 3122 568 σκόροδα,
3176 492 3269 549 καὶ
3324 492 3589 567 κρόμμυα
3668 491 3766 546 καὶ

2115 579 2295 636 πολλν
2326 584 2439 634 τῶα
2469 576 2704 633 εὐτελῶν
2738 575 3018 649 λαχάνων,
3053 576 3211 637 θεοὺς
3239 573 3491 647 ἐνόμιζον
3525 593 3538 607 ·
3571 574 3650 635 ὡς
3670 573 3771 627 αό-

2111 666 2207 718 τοῦ
2272 663 2369 715 τοῦ
2416 660 2570 735 ἁγίου
2631 654 2927 721 Ἀπολλῶς
2964 655 3173 726 ἤκουσα
3220 653 3587 735 διηγουμένου
3636 656 3771 728 περὶ

2114 741 2313 809 αὐτων,
2345 734 2563 808 καὶτῆς
2595 738 2862 813 προτέρας
2901 735 3197 799 πολυθεΐας
3235 738 3334 806 τήν
3380 734 3554 791 αἰτίαν
3594 735 3771 809 ἀπαγ-

2113 822 2438 898 γέλλοντος.
2471 821 2571 875 Τὸν
2616 820 2708 891 μὲν
2741 820 2845 895 γὰρ
2894 818 3257 898 βοῦν,γφασὶν,
3290 816 3671 898 ἐθεοποιοῦντο
3706 817 3765 898 οἱ

2110 892 2173 958 τὸ
2204 901 2331 975 πρὶν
2360 892 2764 975 παροικοῦντες
2802 892 2936 970 ἡμῖν
2988 892 3282 969 Ἕλληνες,
3323 892 3510 966 ἐπειδὴ
3546 893 3616 950 δι’
3664 894 3769 950 αὖ·

2111 988 2207 1038 τοῦ
2256 984 2355 1051 τῆν
2412 982 2680 1057 γεωργίαν
2741 977 3112 1043 ἐπιτελοῦντες
3158 980 3258 1047 τὴν
3298 978 3509 1054 τροφὴν
3569 975 3772 1049 ἐκομί-

2116 1069 2298 1133 ζοντο,
2328 1062 2390 1116 τὸ
2430 1058 2486 1115 δὲ
2516 1056 2662 1137 ὕδωρ
2701 1063 2798 1114 τοῦ
2838 1058 3072 1131 Νείλου,
3104 1059 3165 1121 ’ὸς
3208 1060 3306 1120 τὰς
3357 1058 3545 1133 χώρας
3590 1056 3772 1117 πάσας

2113 1142 2362 1219 ἠρδευεν.
2397 1136 2683 1200 Ἑσέϐοντο
2726 1138 2783 1195 δὲ
2821 1141 2911 1196 καὶ
2960 1142 3062 1210 τήν
3100 1146 3203 1214 γῆν
3254 1136 3770 1219 ὡςᾼεύφορωτάτην

2116 1215 2276 1279 οὖσαν
2306 1224 2451 1295 παρά
2477 1222 2572 1284 τάς
2601 1218 2773 1283 ἄλλας
2824 1221 3017 1298 χώρας
3052 1241 3065 1255 ·
3113 1219 3181 1274 τά
3236 1239 3294 1273 τε
3344 1215 3515 1274 λοιπά
3559 1215 3776 1298 βδελύ-

2113 1325 2314 1379 γματα,
2345 1303 2506 1366 κύνας
2545 1323 2603 1357 τε
2632 1301 2719 1356 καὶ
2763 1296 3033 1371 πιθήκους
3079 1300 3172 1355 καὶ
3213 1304 3384 1354 πᾶσαν
3423 1299 3524 1367 τὴν
3565 1296 3773 1366 λοιπὴν

2116 1386 2410 1460 ἀπρέπειαν
2449 1388 2554 1439 τῶν
2616 1384 2770 1454 ζώων
2825 1404 2883 1439 τε
2948 1381 3039 1436 καὶ
3099 1380 3361 1459 λαχάνων
3445 1378 3771 1460 ἐθεράπευον

2115 1456 2231 1521 καθ’
2263 1466 2346 1522 ὅτι
2394 1467 2663 1543 πρόφασις
2702 1463 2887 1525 αὖτοῖς
2926 1463 3015 1517 καὶ
3055 1456 3396 1536 περί-ταῦτα
3434 1456 3628 1543 γέγονε
3666 1481 3777 1513 σω·

2112 1547 2306 1622 τηρίας
2361 1545 2411 1601 ἐν
2473 1541 2552 1619 τῷ
2608 1549 2779 1619 καιρῷ
2834 1548 2930 1598 τοῦ
2998 1544 3203 1619 Φαραὼ
3257 1543 3389 1622 τοὺς
3445 1541 3774 1614 ἀνθρώπους

2115 1620 2524 1703 ἀπασχολῆσαι,
2556 1625 2714 1696 ἡνίκα
2754 1623 2953 1685 ἐκεῖνος
2984 1622 3209 1698 Ἰσραὴλ
3252 1620 3469 1677 διώκων
3485 1641 3771 1703 ’κατεπον-

2111 1699 2300 1777 τίσθη.
2321 1709 2586 1770 Ἕκαστος
2618 1706 2720 1783 γὰρ
2754 1705 2875 1777 περί
2913 1704 2973 1758 οὗ
3005 1703 3307 1783 ἠσχολήθη
3340 1704 3432 1783 Δμὴ
3484 1699 3773 1783 ἐξακολουτ

2112 1788 2279 1858 θήσας
2308 1791 2386 1858 τῷ
2435 1777 2660 1861 Φαραὼ,
2696 1777 2883 1841 τοῦτο
2940 1781 3280 1853 ἐθεοποίησε,
3339 1781 3538 1861 λέγων,
3596 1777 3772 1836 Τοῦτὸ

358 1877 705 1954 δεικνύμενος
755 1885 915 1935 πᾶσιν
954 1881 1037 1936 ὅτι
1085 1858 1377 1954 τοιαύτης..
1406 1858 1604 1959 Elatia;
1648 1858 1900 1960 'Xa'zpvcoc.
1945 1886 2006 1941 Εἰ
2036 1895 2085 1963 Β
2120 1889 2213 1941 μοι
2246 1868 2375 1963 Θεὸς
2406 1866 2588 1962 γέγονε
2628 1870 2912 1963 ,σήμεροὴ
2965 1861 3070 1963 διὸν
3093 1863 3154 1919 ού
3214 1858 3646 1963 ιιυναπωλιίμηην,Ι
3668 1866 3769 1957 .τῷ

360 1958 415 2015 δὲ
460 1962 559 2044 μὴ,
606 1967 917 2037 φρεναπατᾷ
954 1964 1165 2044 ἑαυτὸν,
1208 1962 1460 2044 συληθείς
1509 1958 1603 2028 τὰς
1653 1958 1865 2044 φρένας,
1910 1968 2000 2022 καὶ

357 2047 456 2110 τῆς
490 2040 717 2121 χάριτος
762 2043 1086 2121 ζημιωθείς.
1142 2044 1304 2120 Εἶχεν
1357 2043 1446 2100 οῦν
1498 2040 1707 2121 μεγάλα
1754 2051 1923 2101 ταῦτα
1952 2046 2004 2101 ἐν

357 2126 474 2183 τοῖς
535 2119 831 2196 λογισμοῖς
889 2119 1242 2199 διδάγματα·
1298 2126 1492 2181 ὤνκαὶ
1540 2119 1705 2199 ἡμεῖς
1733 2125 2006 2190 πολλάκις

358 2204 486 2285 παρ’
535 2201 700 2285 αὐτοῦ
741 2202 963 2285 ῦστερον
1018 2204 1356 2280 ἀκηκόαμεν.
1407 2207 1495 2263 Ἐν
1548 2206 1605 2263 δὲ
1650 2214 1767 2271 τοῖς
1822 2206 2005 2285 ἔργοις

364 2281 583 2363 μείζονα
617 2282 875 2341 ἐπετέλει.
911 2288 1021 2340 Πᾶν
1064 2285 1165 2362 γὰρ
1223 2287 1433 2362 αἴτημα
1471 2290 1623 2363 αύτῷ
1688 2281 1861 2353 εὐθὺς
1897 2281 2008 2347 ⁷ἐδί-

361 2360 488 2418 δοτο
510 2365 656 2438 παρά
684 2369 780 2420 τοῦ
814 2370 947 2419 Θεοῦ
974 2360 1305 2441 αἰτουμένῳ.

433 2442 547 2530 Καί,
586 2444 1086 2530 ἀποκαλύψεις-δέ-
1131 2445 1275 2530 ἐώρα
1309 2447 1497 2530 τινάς.
1554 2449 1682 2507 Εἴδε
1738 2452 1842 2530 γάρ
1915 2453 2005 2508 τὸν

360 2520 943 2608 ἐαρτοῦ-πρεσϐύτατον
974 2520 1217 2608 ἀδελφὸν
1237 2528 1323 2608 καὶ
1380 2529 1535 2585 αὐτὸν
1586 2531 1639 2586 ἐν
1686 2520 1762 2605 τῆ
1813 2520 2006 2608 ἐρήμῳ

361 2602 737 2671 τελειωθέντα,
768 2605 857 2658 καὶ
911 2602 1132 2677 μείζονα
1179 2607 1459 2663 πολιτείαν
1509 2611 1545 2679 ἢ
1578 2602 1741 2675 αὐτὸς
1785 2602 2009 2684 ἐνδενιξάο

363 2702 542 2767 μενον,
576 2684 621 2753 ᾦ
654 2685 742 2736 καὶ
773 2684 947 2767 Δαὐτὸς
976 2685 1041 2767 ἐν
1060 2691 1129 2760 τῇ
1162 2686 1357 2760 ἐρήμῳ
1404 2688 1582 2744 πολὺν
1631 2694 1833 2767 χρύνον
1884 2715 2009 2749 συν-

363 2763 542 2832 έζησε.
596 2765 722 2817 Καθ’
754 2763 919 2818 ὕπνον
982 2764 1072 2820 οὗν
1134 2766 1454 2842 ἐφαντάζετο
1508 2763 1789 2841 σύνθρονον
1849 2776 2010 2834 αὐτὸν

356 2847 466 2930 τῶν
507 2842 826 2930 ἀηοστόλων
860 2844 1172 2919 γινόμενον,
1206 2850 1296 2903 καὶ
1351 2852 1451 2920 τήν
1495 2851 1871 2930 κληρονομίαν
1904 2864 2009 2914 τῶν

361 2924 564 2998 ἀρετῶν
608 2924 757 2997 αύτῴ
802 2924 1219 3002 καταλείψαντα,
1251 2930 1341 2985 καὶ
1391 2932 1465 2995 ὡς
1515 2924 1832 3009 ἐπρέσϐευεν
1877 2939 2008 3017 ὑπὲρ

375 3012 542 3069 αὐτοῦ
581 3016 673 3070 τὸν
707 3017 835 3071 Θεὸν
865 3018 1119 3074 ἱκετεύων
1156 3025 1379 3095 ταχεῖαν
1431 3022 1596 3078 αὐτοῦ
1638 3026 1738 3095 τήν
1792 3012 2009 3101 μετάθε-

369 3124 448 3159 σιν
481 3107 777 3173 ποιεῖσθαι,
808 3107 900 3162 καὶ
952 3107 1044 3162 σὺν
1095 3108 1242 3181 αύτῷ
1288 3110 1365 3173 εἰς
1410 3112 1538 3175 τοὺς
1586 3115 1849 3191 οὐρανοὺς
1893 3118 2015 3174 ἀνα-

361 3191 645 3263 παύεσθαι,
678 3195 929 3259 εἰπόντος
975 3194 1031 3252 δὲ
1058 3200 1195 3272 πρὸς
1240 3199 1400 3255 αὐτὸν
1438 3206 1535 3255 τοῦ
1593 3211 1878 3279 Σωτῆρος,
1926 3204 2006 3262 ἔτι

2117 1940 2341 2023 Φαραώ.
2374 1940 2556 2002 Ταῦτα
2588 1947 2682 2020 μὶν
2708 1945 2760 2001 ἐν
2791 1945 2979 2021 λόγοις
3020 1943 3167 2020 εἶχεν
3209 1944 3236 1998 6
3259 1944 3410 2023 ᾅγιος
3441 1940 3766 2003 Ἀπολλῶς.

2186 2018 2299 2103 Πρὸ
2332 2025 2388 2082 δὲ
2425 2032 2532 2083 τῶν
2563 2018 2769 2103 λόγων,
2813 2018 2947 2099 ύπερ
2994 2025 3046 2080 ἐν
3074 2018 3207 2088 τοῖς
3256 2018 3435 2097 ἔργοις
3489 2023 3755 2093 ἐκέκτητο

2114 2110 2228 2184 χρὴ
2279 2107 2505 2184 γράψαι.
2537 2112 2701 2163 Ἦσαν
2734 2108 2839 2181 γάρ
2878 2106 3028 2179 αύτῷ
3073 2125 3206 2160 ποτε
3252 2103 3527 2175 Έλληνες
3574 2123 3768 2177 παροιο

2115 2202 2337 2260 κοῦντες
2394 2196 2528 2252 κατά
2574 2198 2776 2257 πάντας
2849 2194 2979 2257 τοὺς
3027 2193 3250 2264 τόπους,
3307 2193 3398 2248 καὶ
3462 2197 3651 2266 κῶμαι
3706 2190 3768 2247 δὲ

2122 2287 2335 2364 μᾶλλον
2372 2289 2427 2343 αἱ
2493 2287 2727 2358 πλησίον
2772 2284 2938 2342 αὐτοῦ
2993 2286 3093 2355 τήν
3160 2282 3488 2358 δαιμονικὴν
3543 2282 3764 2354 πλάνην

2116 2376 2386 2435 ἐσέϐοντο.
2446 2378 2593 2441 Ναὸς
2626 2375 2683 2433 δὲ
2721 2379 2786 2446 ἦν
2820 2378 3075 2452 μέγιστος
3123 2373 3175 2430 ἐν
3230 2380 3329 2449 μιᾷ
3372 2378 3481 2430 τῶν
3530 2379 3760 2447 κωμῶν,

2115 2469 2205 2522 καὶ
2238 2465 2469 2521 εἷ’δωλον
2502 2466 2555 2521 ἐν
2589 2466 2734 2538 αὐτῷ
2782 2466 3223 2543 ἐπιφανέστατον.
3262 2462 3502 2519 Ξύλινον
3555 2459 3612 2516 δὲ
3658 2461 3763 2537 ἄρα

2114 2561 2177 2614 τὸ
2208 2557 2395 2631 ξόανον
2432 2562 2595 2613 τοῦτο
2626 2559 2713 2627 ἧν.
2739 2558 3085 2631 Ἐπόμπευον
3119 2556 3178 2611 δὲ
3219 2554 3599 2632 περιφέροντες
3626 2554 3762 2609 αὐτὸ

2115 2650 2251 2706 κατά
2279 2648 2373 2712 τάς
2403 2648 2595 2722 κώμας
2636 2648 2687 2701 οἱ
2735 2646 2922 2722 μιαροὶ
2960 2649 3148 2720 ἱερεῖς,
3208 2646 3569 2722 βακχεύοντες
3624 2644 3762 2719 μετά

2115 2744 2213 2797 τοῦ
2240 2741 2490 2810 πλήθους
2524 2759 2539 2772 ο
2571 2739 2646 2800 ὡς
2677 2737 2767 2792 καὶ
2792 2738 2921 2812 ὑπὲρ
2952 2742 3048 2793 τοῦ
3069 2736 3399 2811 ποταμιαίου
3428 2734 3620 2796 ὕδατος
3649 2737 3748 2804 τὴν

2117 2827 2342 2899 τελετὴν
2389 2825 2706 2889 ἀποδόντες.
2740 2824 2945 2898 Συνέϐη
2981 2825 3036 2882 δὲ
3066 2828 3184 2882 κατ’
3214 2825 3402 2882 ἐκεῖνον
3428 2826 3516 2879 τὸν
3558 2824 3751 2898 καιρὸν

2120 2921 2319 2978 ἐκεῖθεν
2350 2921 2597 2995 παριέναι
2628 2922 2719 2975 τὸν
2762 2920 2916 2995 ἅγιον
2966 2918 3251 2991 Ἀπολλῶ,
3291 2914 3399 2991 ἅμα
3442 2917 3579 2972 τισὶν
3632 2914 3757 2971 ὀλί-

2121 3032 2243 3086 γοις
2274 3009 2552 3090 ἀδελφοῖς.
2586 3013 2676 3071 Ὠς
2708 3007 2765 3064 δὲ
2795 3006 2879 3063 ξ’δε
2906 3009 2969 3063 τὸ
3016 3009 3233 3079 πλῆθος
3272 3008 3517 3086 ἐξαίφνης
3564 3002 3768 3079 δαιμο-

2120 3099 2331 3161 νιωδῶς
2360 3100 2495 3154 κατά
2523 3099 2621 3168 τὴν
2655 3097 2844 3172 χώραν
2900 3098 3241 3172 μαινόμενον,
3293 3098 3514 3170 κάμψας
3555 3094 3623 3149 τά
3666 3096 3768 3169 γό-

2123 3213 2256 3247 νατα
2275 3195 2354 3262 τῷ
2385 3196 2605 3263 Σωτῆρι
2635 3188 2837 3252 πάντας
2866 3186 3115 3267 ἐξαίφνης
3144 3189 3271 3249 τοὺς
3310 3184 3591 3256 ’Έλληνας
3641 3186 3767 3240 ἀκι-

366 3283 559 3355 μικρὸν
602 3282 758 3337 αὐτὸν
818 3269 1115 3359 χρεωστεῖν
1158 3284 1306 3357 αύτῷ
1363 3289 1564 3361 χρόνον
1614 3289 1702 3344 ἐπὶ
1739 3269 1875 3362 ’έῆξ
1903 3301 2005 3368 γῆς
2036 3269 2079 3337 C
2116 3284 2318 3353 νήτους
2347 3278 2617 3350 ἐποίησεν.
2660 3282 2748 3341 Ὧς
2780 3274 2837 3332 δὲ
2877 3269 3170 3351 προελθεῖν
3200 3274 3408 3333 ἐκείνου
3456 3280 3557 3331 τοῦ
3594 3276 3764 3331 τόπου

364 3371 501 3443 πρὸς
532 3372 629 3438 τήν
680 3371 984 3441 τελείωσιν,
1021 3375 1182 3448 ἄχρις
1235 3374 1295 3429 ἃν
1353 3382 1455 3444 τῆς
1512 3376 1795 3443 πολιτείας
1842 3379 2007 3437 αὑτοῦ

363 3457 570 3513 πολλοὶ
604 3460 850 3529 ζηλωταὶ
897 3456 1125 3517 ἔσονται.
1177 3462 1320 3525 Λαὸς
1368 3463 1468 3538 γάρ
1518 3465 1666 3539 αύτῷ
1699 3468 1867 3546 μέγας
1898 3476 2005 3527 τῶν

369 3566 629 3621 μοναχων
677 3548 822 3634 αὐτῷ
878 3549 1396 3621 ἐμπιστευθήσεσθαι
1448 3552 1663 3626 μέλλει,
1714 3559 1802 3613 καὶ
1843 3580 2013 3634 στρα-

366 3634 481 3689 τεία
529 3657 612 3697 τις
656 3633 905 3707 εὐσεϐὴς,
936 3636 1026 3693 ’ίνα
1065 3639 1211 3709 ἀξίαν
1260 3646 1366 3696 τῶν
1416 3645 1673 3717 καμάτων
1724 3648 1823 3719 τήν
1857 3648 2009 3706 εὐδο-

366 3725 593 3796 κίμησιν
625 3725 768 3779 οὕτω
801 3727 963 3803 σχοίη
996 3730 1144 3805 παρά
1181 3734 1260 3802 τῷ
1289 3731 1582 3805 κρείττονι.
1627 3740 1801 3793 Ταῦτα
1846 3738 2013 3817 ἑώρα,

368 3816 501 3891 ἅπερ
534 3816 622 3871 καὶ
652 3816 859 3895 γέγονε.
909 3819 1285 3877 Συνελθόντων
1322 3824 1423 3900 γάρ
1474 3824 1707 3883 πολλῶν
1755 3830 2009 3888 πάντοθεν

367 3905 418 3977 ἐξ
449 3905 618 3973 ἀκοῆς
664 3914 945 3985 μοναχῶν,
978 3911 1066 3965 καὶ
1122 3909 1211 3967 διά
1258 3919 1358 3982 τῆς
1408 3912 1642 3992 διδαχῆς
1697 3919 1863 3975 αὐτοῦ
1923 3923 2012 3978 καὶ

368 3992 712 4074 ἀναστροφῆς
763 3997 1037 4055 πλείστων
1104 4001 1388 4068 παντελῶς
1448 4005 1868 4082 ἀποταξαμένων
1935 4016 2015 4084 τῷ

371 4085 586 4157 κόσμῳ,
622 4086 833 4163 ἐγένετο
874 4091 1119 4146 συνοικία
1148 4096 1255 4146 τῶν
1288 4090 1535 4170 ἀδελφῶν
1571 4097 1712 4169 ὁμοῦ
1744 4100 1878 4175 πρὸς
1928 4101 2017 4155 αύ-

364 4176 459 4229 τὸν
493 4173 545 4229 ἐν
589 4174 669 4247 τῷ
718 4176 831 4251 ὄρει
872 4179 1004 4253 ἄχρι
1061 4180 1450 4252 πεντακοσίων,
1480 4186 1663 4241 κοινὸν
1722 4173 1830 4242 τῶν
1894 4191 2011 4264 βίον

370 4264 611 4338 ἐχόντων
646 4268 733 4320 καὶ
767 4269 1032 4340 τράπεζαν
1062 4270 1189 4343 μίαν
1223 4268 1616 4347 διαιτωμένων.
1652 4277 1753 4334 Καὶ
1783 4280 1849 4349 ἧν
1885 4277 2015 4335 ἰδεῖν

372 4352 566 4415 αὐτοὺς
628 4353 929 4429 ἀγγελικήν
996 4378 1117 4413 τινα
1176 4361 1483 4435 στραττείαν
1561 4368 2013 4441 κεκοσμημένων,

366 4442 566 4514 κόσμῳ
633 4442 791 4496 παντί
842 4443 1343 4521 λευκοφορούντων,
1384 4453 1475 4506 καὶ
1531 4455 1593 4508 τὸ
1650 4462 1749 4525 τῆς
1796 4463 2012 4537 Γραφῆς

371 4530 459 4584 ἐπὶ
498 4530 713 4625 τούτοις
744 4532 1161 4625 πεπληρῶσθαι,
1198 4537 1488 4614 λεγούσης,
1514 4530 1877 4622 Εὐφράνθητι,

2114 3371 2214 3427 οὐκ
2240 3368 2525 3441 ἠδύναντο,
2560 3366 2735 3430 ἄλλος
2756 3368 2846 3422 τὸν
2887 3366 3063 3423 ἄλλον
3112 3368 3403 3437 ὠθοῦντες,
3464 3365 3757 3443 ἐφρύγοντο

2112 3465 2192 3534 τῷ
2239 3460 2476 3532 καύματι
2515 3457 2866 3533 πανημέριοι,
2896 3458 2959 3513 τὸ
2998 3451 3209 3532 συμϐὰν
3251 3456 3439 3517 αὐτοῖς
3490 3456 3765 3529 ἀποροῦν-

2115 3571 2201 3614 τες
2235 3549 2397 3604 πόθεν
2439 3550 2744 3625 γεγένηται.
2777 3549 2914 3603 Τότε
2961 3548 3013 3602 οἱ
3059 3549 3225 3624 ἱερεῖς
3279 3546 3459 3603 αὐτῶν
3506 3543 3766 3621 ἔφασκον,

2120 3639 2443 3714 Χριστιανόν
2482 3658 2601 3694 τινα
2638 3637 2771 3692 εἶναι
2818 3635 2870 3691 ἐν
2911 3640 3026 3700 τοῖς
3067 3636 3243 3713 ὁρίοις
3296 3636 3473 3693 αὐτῶν
3523 3636 3765 3708 καταμέ-

2119 3749 2281 3785 νοντα
2311 3728 2386 3789 εἶς
2416 3728 2515 3796 τήν
2546 3720 2639 3801 ἕρη
2653 3747 2781 3800 μον,
2824 3728 2913 3781 καὶ
2968 3731 3136 3782 ταῦτα
3174 3727 3362 3789 αὐτοῖς
3419 3724 3765 3803 ἐνεργοῦντα.

2119 3819 2223 3875 Τὸν
2266 3815 2530 3875 Ἀπολλῶ
2560 3814 2815 3895 ἔφασκον,
2846 3815 2935 3871 καὶ
2994 3813 3104 3871 δεῖν
3156 3816 3316 3871 αὐτὸν
3361 3814 3645 3884 ἐκετεύειν,
3674 3814 3765 3869 ’ίνα

2126 3911 2202 3983 μὴ
2234 3904 2646 3963 κινδυνεύσωσιν
2684 3925 2696 3938 °
2731 3906 2807 3968 ὡς
2840 3902 2897 3960 δὲ
2929 3906 2981 3960 οἱ
3021 3903 3300 3981 πόῤῥωθεν
3345 3903 3763 3981 προσοικοῦντες

2120 4001 2213 4063 τάς
2245 4001 2428 4080 φωνάς
2462 3998 2550 4054 καὶ
2582 3999 2676 4053 τὸν
2727 3996 2966 4072 θρύλλον
3014 3996 3338 4058 ἀκούσαντες
3387 3996 3767 4073 παρεγένοντο,

2122 4088 2230 4163 καί,
2261 4091 2344 4162 Τί,
2376 4090 2526 4168 φασὶ,
2557 4088 2620 4143 τὸ
2642 4082 2855 4161 συμϐάν
2887 4087 3013 4161 ὑμῖν
3048 4085 3321 4160 ἐξαπίνης,
3344 4086 3379 4155 ἢ
3412 4089 3579 4142 πόθεν
3610 4087 3764 4163 γέγο-

2120 4201 2202 4235 νεν
2236 4201 2250 4251 ;
2283 4180 2345 4235 Οἱ
2378 4177 2435 4234 δὲ
2485 4179 2585 4233 ούκ
2632 4177 2822 4233 εἴδέναι
2880 4173 3136 4251 ἔφασκον,
3190 4174 3338 4247 πλὴν
3397 4176 3450 4232 ἐν
3510 4177 3767 4252 ὑποψίαις

2122 4270 2258 4327 εἶναι
2303 4269 2427 4343 περὶ
2474 4272 2569 4324 τοῦ
2619 4265 2813 4342 ἀνδρὸς
2865 4265 3123 4343 λέγοντος
3171 4268 3245 4329 ὡς
3296 4263 3379 4321 δεῖ
3432 4265 3765 4337 ἐξιλεοῦσθαι

2121 4358 2339 4415 ἐκεῖνον.
2372 4361 2434 4413 Οἱ
2484 4356 2542 4413 δὲ
2587 4358 2679 4413 καὶ
2721 4356 3082 4431 ἐμαρτύρουν,
3114 4357 3191 4421 ὡς
3237 4356 3559 4431 θεασάμενοι
3608 4358 3766 4412 αὐτὸν

2119 4448 2382 4524 παριόντα
2415 4468 2428 4481 '
2461 4451 2549 4504 καὶ
2602 4450 2677 4511 ὡς
2736 4448 2920 4519 ἠξίουν
2988 4446 3177 4511 αὐτοῖς
3238 4453 3463 4523 ταχεῖαν
3520 4449 3763 4523 γενέσθαι

2120 4542 2219 4611 τῆν
2252 4541 2530 4615 βοήθειαν,
2565 4540 2697 4614 βόας
2728 4538 3018 4613 ἀγαγόντες
3052 4543 3355 4611 μετακινεῖν
3409 4538 3472 4593 τὸ
3528 4535 3764 4593 εἴδωλον

373 4636 497 4714 μος⁵
518 4618 750 4695 διψῶσα,
786 4623 947 4698 ῥῆξον
976 4628 1063 4682 καὶ
1102 4628 1304 4702 βόησον
1352 4632 1387 4700 ἡ
1439 4633 1541 4688 ούκ
1593 4632 1876 4709 ὠδίνουσα,
1929 4618 2011 4696 δτι
2043 4649 2089 4714 D
2120 4629 2412 4706 ἐπειρῶντο
2447 4650 2462 4664 ·
2492 4630 2556 4686 τὸ
2588 4627 2645 4685 δὲ
2696 4630 2955 4699 ἀκίνητον
2989 4628 3083 4685 σὺν
3142 4630 3330 4692 αὐτοῖς
3386 4633 3509 4691 τοῖς
3563 4630 3765 4701 ἱερεῦσι

364 4707 551 4800 πολλά
582 4713 647 4767 τὰ
668 4712 825 4768 τέκνα
851 4720 950 4785 τῆς
978 4712 1189 4791 ἐρήμου
1219 4717 1431 4791 μᾶλλον
1456 4721 1490 4791 ἢ
1519 4729 1621 4793 τῆς
1653 4707 1889 4800 ἐχούσης
1916 4730 2006 4784 τὸν

367 4796 553 4876 ἄνδρα.
617 4800 959 4879 Πεπλήρωτο
1021 4807 1116 4879 μὲν
1174 4807 1274 4884 γάρ
1331 4810 1419 4864 καὶ
1478 4810 1565 4866 ἐπὶ
1596 4796 1781 4888 τῆς-ἐξ
1837 4796 2002 4873 ἐθνῶν

364 4888 697 4962 Ἐκκλησίας
738 4894 801 4948 τὸ
839 4897 1178 4972 προφητικὸν
1210 4901 1372 4954 τοῦτο
1397 4898 1584 4977 λόγιον
1620 4921 1635 4937 ο
1689 4903 2008 4963 τετελείωτο

367 4978 541 5035 δὲκαὶ
586 4981 679 5035 ὲπῖ
714 4986 814 5055 τῇς
864 4986 1237 5058 Αἰγυπτιακῆς
1287 4987 1519 5065 ἐρήμου,
1569 4989 1797 5049 πλείονα
1850 4993 2009 5052 τέκνα

367 5073 446 5141 τῷ
479 5074 597 5143 Θεῷ
646 5072 995 5145 παριστώσης
1044 5075 1176 5151 ὑπὲρ
1209 5078 1309 5148 τήν
1366 5079 1691 5154 οἰκουμένην
1720 5089 1839 5159 γῆν.
1896 5089 2009 5141 Ποῦ

365 5162 469 5236 γὰρ
498 5160 758 5248 τοσαύται
790 5161 840 5216 ἐν
871 5169 988 5226 ταῖς
1028 5165 1222 5222 πόλεσι
1268 5173 1376 5223 τῶν
1436 5172 1761 5245 σωζομένων
1819 5172 2006 5248 ἀγέλαι

371 5254 655 5326 μοναχῶν,
698 5246 877 5323 ὥσπερ
908 5249 1029 5305 ὅσαι
1076 5254 1131 5307 αἱ
1190 5257 1305 5309 κατ’
1358 5254 1739 5334 Αἰγυπτιακὴν
1797 5246 2005 5337 ἔρημον

363 5344 443 5410 τῷ
474 5346 590 5413 Θεῷ
620 5345 958 5416 παριστῶσιν
994 5360 1007 5411 ;
1040 5342 1155 5400 ὅσοι
1207 5346 1307 5421 γάρ
1354 5346 1576 5403 ἐνταῦθα
1617 5348 1763 5414 λαοὶ,
1814 5358 2009 5409 τοσοῦ-

363 5447 447 5480 τοι
481 5428 533 5483 ἐν
581 5435 700 5492 ταῖς
748 5429 982 5505 ἐρήμοις
1012 5430 1115 5487 ἐκεῖ
1178 5436 1434 5513 μοναχοί.
1505 5439 1684 5511 Κάμοί
1753 5438 1901 5497 δοκεῖ
1946 5446 2009 5500 τὸ

364 5517 460 5568 τοῦ
502 5516 839 5574 ’Δποστόλου
873 5521 1036 5594 ῥητὸν
1095 5522 1183 5576 καὶ
1250 5520 1332 5577 ἐπ’
1390 5525 1577 5588 αὐτοῖς
1635 5525 2006 5605 πληροῦσθαι,

366 5600 623 5693 λέγοντος
656 5623 668 5637 ο
701 5607 876 5661 Ὂπου
909 5607 1229 5666 ἐπλεόνασεν
1282 5613 1317 5682 ἡ
1366 5613 1623 5686 ἁμαρτία,
1676 5600 1787 5672 ἐκεῖ
1846 5600 2009 5693 ὑπερέ

365 5691 733 5768 επερίσσευσεν
792 5698 826 5766 ἡ
887 5700 1070 5774 χάρις.
1126 5702 1448 5757 Ἑπλεόνασε
1495 5703 1594 5779 γάρ
1652 5726 1783 5762 ποτε
1841 5707 1892 5764 ἐν

360 5781 631 5861 Αἰγύπτῳ
677 5782 866 5859 πολλή
918 5809 999 5852 τις
1038 5789 1129 5844 καὶ
1167 5786 1398 5864 ἄσεμνος
1455 5789 1901 5870 είδωλολατρεία,
1933 5781 2009 5863 ὡς

361 5871 414 5930 ἐν
457 5870 637 5932 οὐδενὶ
668 5871 828 5937 ἔθνει.
887 5878 1068 5945 Κύνας
1123 5877 1228 5957 γὰρ
1271 5880 1364 5938 καὶ
1393 5883 1684 5961 πιθήκους,
1724 5887 1815 5944 καὶ
1862 5886 2011 5949 ἄλλα

2120 4717 2381 4794 διέμενεν.
2427 4721 2526 4776 Καὶ
2585 4717 2856 4794 μηδεμίαν
2897 4718 3080 4793 ἑτέραν
3132 4725 3391 4792 μηχανῆς
3447 4716 3763 4799 ἐφευρόντες

2118 4807 2402 4888 πρεσϐείαν
2434 4808 2522 4865 διὰ
2548 4814 2656 4865 τῶν
2707 4806 3139 4883 παροικούντων,
3170 4808 3306 4883 πρὸς
3353 4809 3445 4863 τὸν
3503 4807 3766 4865 Ἀπολλῶ

2118 4898 2381 4974 ἔπεμπον,
2434 4897 2573 4954 ὥστε
2614 4895 3028 4974 ἀπαλλαγέντας
3076 4897 3275 4952 ἐκεῖθεν
3321 4894 3625 4967 ἀποστῆναι
3662 4905 3765 4967 τῆς

2117 4988 2352 5061 πλάνης.
2386 4988 2599 5046 Τούτων
2634 4986 2690 5044 δὲ
2736 4993 2813 5061 τῷ
2867 4985 3023 5063 ἀνδρὶ
3072 4985 3461 5061 δηλωθέντων,
3491 4988 3763 5059 κατῆλθεν

2119 5083 2193 5144 ὡς
2220 5082 2454 5155 τάχιστα
2484 5080 2512 5134 6
2542 5083 2639 5135 τοῦ
2671 5082 2805 5135 Θεοῦ
2868 5076 3152 5153 ἅνθρωπος
3204 5077 3341 5152 πρὸς
3398 5077 3615 5144 αὐτοὺς,
3675 5080 3762 5135 καὶ

2119 5170 2549 5243 προσευξάμενος
2580 5168 2783 5231 πάντας
2816 5165 2976 5223 ἔλυσε
3008 5169 3103 5223 τοῦ
3134 5165 3361 5243 δεσμοῦ.
3403 5168 3474 5225 Οἱ
3524 5165 3581 5223 δὲ
3630 5168 3768 5242 ὁμο-

2120 5256 2358 5332 θυμαδὸν
2407 5260 2601 5320 πάντες
2658 5258 2792 5328 πρὸς
2849 5256 3011 5313 αὐτὸν
3079 5254 3369 5332 ὥρμησαν,
3407 5261 3487 5328 τῷ
3546 5264 3769 5331 Σωτῆρι

2117 5354 2227 5405 τῶν
2276 5347 2420 5403 ὅλων
2470 5349 2559 5403 καὶ
2612 5344 3041 5421 παραδοξοποιῷ
3102 5349 3221 5419 Θεῷ
3268 5346 3675 5412 πιστεύσαντες,
3710 5347 3771 5401 τὸ

2118 5436 2348 5495 εἴδωλον
2408 5438 2563 5504 εὐθὺς
2626 5441 2705 5510 τῷ
2777 5435 2909 5511 πυρὶ
2982 5434 3323 5511 παρέδωκαν,
3381 5434 3472 5498 οίῖς
3531 5438 3769 5497 ἅπαντας

2117 5529 2461 5602 κατηχήσας,
2528 5529 2647 5587 ταῖς
2697 5523 3015 5596 ἐκκλησίαις
3069 5523 3395 5599 προσέθηκε.
3448 5522 3664 5579 Πολλοὶ
3717 5521 3772 5579 δὲ

2120 5619 2292 5675 αὐτῶν
2347 5618 2512 5694 μέχρι
2569 5621 2659 5673 νῦν
2714 5616 2765 5673 ἒν
2829 5623 2947 5681 τοῖς
3008 5618 3397 5693 μοναστηρίοις
3464 5613 3767 5691 διάγουσιν.

2119 5707 2382 5785 Διέδραμε
2412 5707 2469 5765 δὲ
2499 5715 2755 5785 πανταχῆ
2792 5711 2827 5780 ἡ
2872 5710 3031 5787 φήμη
3083 5707 3209 5785 περὶ
3250 5706 3438 5769 αὐτοῦ.
3474 5705 3575 5765 Καὶ
3628 5705 3769 5763 πολ-

2117 5797 2209 5859 λοὶ
2238 5797 2550 5856 ἐπίστευσαν
2592 5798 2681 5856 ἐπὶ
2738 5798 2831 5857 τὸν
2888 5798 3111 5875 Κύριον,
3161 5797 3238 5863 ὥς
3290 5796 3487 5874 μηκέτι
3534 5795 3592 5857 ἐν
3645 5800 3766 5860 τοῖς

2117 5889 2293 5971 ὁρίοις
2321 5891 2489 5950 αὐτοῦ
2509 5888 2792 5968 ’Έλληνας
2827 5887 3217 5970 ὀνομάζεσθαι.
