4112 6210
295 369 445 430 1141

1640 368 2009 432 HISTORIA
2053 368 2454 432 LAUSIACA.

3649 368 3805 431 1142

289 504 651 578 propulsare.
702 501 959 561 Contrito
1005 502 1159 558 enim
1212 501 1399 574 capite
1445 503 1754 574 serpentis,
1807 508 1990 560 totum
2026 509 2074 576 Α
2109 503 2230 560 haec
2251 497 3638 565 narrantemaudivimus,etreddentemcausam
3657 502 3810 574 prio-

289 611 504 667 corpus
535 599 619 650 est
652 598 967 648 mortuum.
999 592 1174 648 Jubet
1204 595 1361 648 enim
1397 593 1677 648 Dominus
1709 597 1770 647 ut
1802 594 1994 650 obser-

2102 594 2181 648 ris
2212 588 2612 660 ignorationis.
2647 588 2789 643 Nam
2812 589 3013 646 bovem
3034 588 3294 660 quidem,
3325 589 3538 658 aiebat,
3574 591 3634 646 in
3667 592 3809 649 deos

283 701 488 740 vemus
514 689 685 756 caput
711 683 1033 755 serpentis:
1066 683 1120 736 id
1153 690 1344 738 autem
1367 686 1475 750 est,
1512 683 1669 738 ne-in
1705 683 1992 755 principio
2101 679 2431 737 referebant
2459 678 2704 750 gentiles
2755 679 2856 750 qui
2903 680 3068 751 prius
3123 680 3276 752 apud
3306 695 3410 736 nos
3441 680 3808 750 habitabant,

283 775 667 830 admittamus
694 774 874 830 malas
905 777 962 828 et
991 777 1188 844 turpes
1221 773 1620 845 cogitationes,
1655 790 1769 828 non
1803 773 1990 830 solum

284 873 348 921 ut
378 865 684 920 obscmnas
715 865 892 920 animi
926 863 1108 919 nostri
1154 863 1493 934 phantasias
1525 863 1862 920 deleamus:
1894 881 1989 920 co-

2103 769 2376 844 quoniam
2412 783 2513 840 per
2543 773 2735 841 ipsum
2761 776 3089 828 exercentes
3108 771 3550 844 agriculturam,
3585 772 3805 828 victum

2099 863 2211 919 sibi
2243 864 2527 934 parabant
2563 880 2578 931 ;
2613 879 2824 933 aquam
2865 867 3060 919 autem
3112 863 3248 931 Nili,
3293 862 3569 934 quoniam
3602 862 3812 935 irrigat

282 955 407 1010 nari
442 959 636 1009 autem
688 970 790 1008 nos
837 955 1077 1008 invicem
1131 969 1406 1024 superare
1453 953 1787 1023 virtutibus,
1836 961 1887 1007 et
1922 969 1992 1008 ne
2098 969 2301 1007 omnes
2333 968 2501 1022 agros
2533 969 2546 1006 :
2585 956 2796 1006 terram
2831 967 3058 1022 quoque
3083 953 3367 1022 colebant,
3401 957 3464 1008 ut
3495 969 3620 1023 quae
3655 960 3807 1010 esset

279 1043 414 1116 quis
444 1043 502 1098 in
536 1043 628 1098 his
660 1042 932 1098 laudibus
955 1043 1136 1100 altero
1153 1041 1417 1097 videatur
1441 1042 1702 1098 inferior.
1736 1042 1853 1097 Hoc
1885 1059 1987 1096 au-

277 1138 415 1192 tem,
451 1131 664 1202 inquit,
698 1132 771 1186 sit
821 1131 980 1187 vobis
1025 1135 1434 1202 argumentum
1488 1131 1778 1201 profectus
1811 1131 1988 1186 virtu~

278 1225 423 1290 tum,
458 1222 686 1292 quando
722 1221 948 1276 fueritis
977 1221 1139 1277 vacui
1177 1221 1579 1277 affectionibus
1601 1226 1658 1276 et
1686 1220 1990 1293 appetitio-

274 1309 472 1378 nibus,
496 1309 617 1366 haec
646 1309 802 1365 enim
836 1313 974 1366 sunt
1022 1309 1238 1366 Christi
1269 1310 1553 1366 donorum
1605 1310 1983 1381 principium.

276 1400 517 1465 Quando
548 1404 741 1456 autem
777 1417 807 1454 a
858 1400 973 1455 Deo
1024 1399 1290 1456 habuerit
1339 1399 1554 1471 aliquis
1586 1400 1983 1456 ostensionem

275 1489 713 1558 miraculorum,
734 1507 805 1545 ne
827 1491 1074 1545 nimium
1099 1491 1472 1556 intumescat,
1505 1491 1670 1562 quasi
1694 1491 1986 1546 sufficien-

274 1587 360 1638 ter
390 1581 697 1652 profecerit
725 1597 829 1636 nec
878 1579 1150 1636 efferatur
1189 1580 1554 1652 cogitatione,
1587 1585 1870 1653 tanquam
1905 1582 1985 1637 sit

268 1671 397 1741 jam
433 1671 622 1740 magis
655 1669 974 1726 honoratus
1005 1687 1179 1742 quam
1203 1670 1322 1737 alii,
1359 1686 1544 1741 neque
1579 1675 1641 1726 ut
1673 1676 1979 1726 ostentans

263 1759 423 1827 quod
459 1757 630 1812 talem
665 1758 912 1830 gratiam
945 1758 1262 1829 acceperit;
1297 1757 1387 1814 sin
1442 1758 1661 1824 minus,
1717 1759 1974 1830 seipsum

2106 1041 2236 1098 aliis
2269 1041 2542 1097 omnibus
2592 1039 2926 1113 regionibus
2968 1041 3229 1096 fertilior.
3282 1043 3561 1114 Reliquas
3606 1047 3803 1100 autem

2095 1131 2586 1196 abominationes,
2619 1145 2791 1184 canes
2813 1134 2870 1184 et
2901 1128 3121 1191 simias,
3154 1133 3212 1184 et
3251 1131 3535 1202 reliquam
3569 1148 3800 1188 omnem

2097 1220 2486 1277 animantium
2510 1222 2566 1275 et
2597 1217 2818 1274 olerum
2860 1217 3126 1272 colebant
3174 1218 3620 1287 turpitudinem,
3654 1238 3804 1290 qua-

2095 1315 2264 1366 tenus
2288 1325 2488 1366 eorum
2512 1325 2655 1365 usus
2681 1308 2787 1363 fuit
2806 1307 2889 1363 eis
2917 1305 3143 1362 occasio
3168 1305 3395 1373 salutis,
3417 1306 3515 1376 qui
3538 1310 3800 1380 tempore

2094 1400 2410 1456 Pharaonis
2477 1398 2744 1453 homines
2793 1400 3104 1467 occupatos
3151 1395 3360 1462 tenuit,
3421 1397 3652 1466 quando
3703 1396 3800 1452 ille

2091 1489 2358 1545 Israelem
2410 1503 2786 1560 persequens,
2836 1486 3178 1541 submersus
3219 1488 3327 1541 est.
3371 1483 3796 1557 Unusquisque

2087 1576 2244 1634 enim
2279 1578 2331 1632 id
2367 1578 2425 1632 in
2456 1593 2570 1648 quo
2605 1577 2709 1632 fuit
2738 1580 3074 1647 occupatus,
3117 1591 3251 1630 cum
3283 1574 3647 1631 Pharaonem
3681 1593 3796 1634 non

2089 1671 2244 1722 esset
2317 1671 2576 1735 secutus,
2656 1666 2765 1723 hoc
2833 1666 2892 1720 in
2975 1665 3108 1720 deos
3194 1665 3415 1730 retulit,
3491 1665 3699 1722 dicens
3779 1683 3793 1723 :

2085 1755 2202 1812 Hoc
2237 1757 2344 1812 fuit
2375 1756 2519 1812 mihi
2541 1759 2682 1812 deus
2704 1756 2876 1812 hodie
2895 1772 2995 1828 per
3017 1756 3162 1827 quod
3185 1756 3454 1812 effectum
3487 1764 3571 1813 est
3594 1761 3657 1812 ut
3679 1772 3791 1814 non

266 1845 1205 1918 decipitmentecaptus,etgratia
1229 1846 1594 1902 multabitur.
1615 1847 1974 1920 Habuitergo
2012 1893 2056 1956 Β
2088 1845 2334 1914 perirem
2366 1862 2480 1902 una
2509 1861 2643 1900 cum
2696 1845 3009 1900 Pharaone.
3050 1844 3174 1898 Haec
3203 1844 3438 1916 quidem
3470 1845 3528 1899 in
3563 1861 3793 1902 sermo-

269 1935 427 1991 hanc
461 1952 730 2008 magnam
763 1936 1083 1993 doctrinam
1119 1937 1176 1992 in
1228 1936 1619 2008 sermonibus,
1653 1954 1831 2010 quam
1875 1955 1981 1995 nos
2013 1934 2056 1956 ”
2090 1935 2264 1991 nibus
2297 1935 2502 1992 habuit
2533 1941 2768 1992 sanctus
2799 1934 3029 2007 Apollo.

273 2041 512 2096 quoque
542 2043 691 2098 saepe
722 2031 916 2098 postea
945 2027 1019 2082 ab
1053 2027 1178 2098 ipso
1209 2027 1540 2083 audivimus
1577 2045 1589 2082 :
1623 2027 1682 2084 in
1705 2027 1984 2100 operibus

275 2118 470 2171 autem
493 2117 782 2172 efficiebat
814 2119 1051 2188 majora,
1103 2117 1292 2172 omnis
1339 2117 1498 2173 enim
1553 2118 1756 2188 petitio
1783 2117 1831 2173 ei
1864 2122 1982 2172 sta-

274 2203 383 2259 tim
417 2205 665 2260 dabatur
696 2223 729 2260 a
767 2205 902 2262 Deo.

343 2295 493 2359 Quin
543 2296 716 2351 etiam
765 2295 992 2351 videbat
1043 2297 1330 2366 quasdam
1380 2295 1757 2351 revelationes
1794 2314 1806 2352 :
1839 2295 1982 2351 vidit

267 2385 424 2440 enim
458 2401 628 2441 suum
672 2385 900 2440 fratrem
925 2390 1063 2440 natu
1099 2385 1439 2452 maximum,
1474 2387 1570 2457 qui
1605 2386 1728 2457 ipse
1750 2402 1979 2458 quoque

2157 2120 2304 2172 Ante
2336 2132 2632 2174 sermones
2670 2125 2863 2174 autem
2914 2118 3283 2175 scribendum
3317 2120 3405 2173 est
3438 2135 3565 2190 qua
3595 2134 3789 2188 posse-

2083 2207 2168 2262 dit
2215 2206 2273 2261 in
2323 2208 2620 2278 operibus.
2676 2209 2934 2265 Fuerunt
2977 2209 3127 2264 enim
3187 2207 3499 2279 aliquando
3549 2207 3790 2280 gentiles

2082 2313 2258 2368 prope
2305 2299 2629 2356 accolentes
2679 2299 2738 2354 in
2786 2298 2931 2355 colis
2971 2299 3265 2366 omnibus,
3315 2303 3370 2354 et
3419 2299 3620 2355 decem
3655 2300 3784 2371 pagi

2082 2387 2180 2460 qui
2211 2392 2375 2444 erant
2405 2388 2455 2444 ei
2488 2389 2926 2460 prepinquiores
2957 2389 3138 2461 magis
3167 2388 3436 2444 colebant
3472 2391 3786 2446 daemones.

268 2475 462 2530 fuerat
492 2479 934 2530 consummatus
981 2477 1038 2531 in
1085 2475 1424 2545 solitudine,
1469 2483 1522 2531 et
1563 2476 1688 2548 ipso
1731 2475 1974 2545 pulchro
2079 2478 2213 2533 Erat
2243 2482 2438 2534 autem
2483 2477 2768 2550 templum
2815 2480 3138 2534 maximum
3190 2479 3247 2533 in
3299 2495 3414 2534 uno
3449 2480 3590 2548 vico,
3624 2483 3683 2562 et
3712 2481 3786 2534 si-

263 2563 392 2618 vitas
425 2563 692 2620 instituto
715 2579 844 2620 eum
877 2571 1270 2635 superaverat,
1296 2581 1429 2621 cum
1454 2581 1566 2636 quo
1590 2566 1714 2635 ipse
1739 2581 1976 2637 quoque
2079 2567 2406 2623 mulaerum
2441 2567 2692 2624 maxime
2721 2567 2974 2640 insigne,
3025 2567 3219 2638 lignea
3265 2573 3464 2625 autem
3514 2572 3636 2624 erat
3670 2567 3786 2622 haec

263 2651 438 2722 longo
493 2658 740 2726 tempore
790 2653 930 2710 vixit
980 2655 1038 2709 in
1087 2653 1421 2711 solitudine.
1472 2654 1795 2711 Videbatur
1834 2670 1970 2720 ergo
2079 2659 2289 2712 statua.
2325 2656 2597 2728 Pompam
2620 2661 2810 2713 autem
2845 2657 3154 2722 ducebant,
3188 2671 3317 2712 eam
3353 2672 3454 2726 per
3484 2654 3643 2710 vicos
3676 2654 3787 2710 cir-

257 2756 397 2796 eum
431 2741 620 2798 videre
646 2743 940 2800 sedentem
961 2743 1021 2798 in
1047 2745 1246 2800 eodem
1272 2744 1481 2799 throno
1503 2761 1638 2800 cum
1671 2745 1969 2816 apostolis,
2076 2746 2463 2802 cumferentes
2522 2747 2724 2802 nefarii
2777 2747 3123 2815 sacerdotes,
3186 2745 3287 2818 qui
3349 2745 3782 2801 bacchabantur

257 2844 396 2884 cum
429 2830 479 2884 ei
503 2829 836 2902 reliquisset
867 2848 1107 2888 suarum
1142 2833 1424 2889 virtutum
1457 2833 1840 2890 hasreditatem
1869 2851 1883 2902 ;
1916 2839 1974 2890 et
2076 2849 2209 2888 cum
2246 2833 2637 2904 multitudine,
2661 2833 2837 2891 veluti
2862 2851 2965 2906 pro
2982 2852 3129 2906 aqua
3149 2834 3400 2890 ﬂaviatili
3423 2833 3783 2890 celebrantes

261 2920 344 2976 sic
378 2935 480 2992 pro
510 2937 568 2976 se
597 2922 726 2993 ipso
777 2923 1191 2990 intercedebat,
1249 2925 1425 2980 Deum
1459 2939 1694 2995 rogans,
1726 2930 1785 2979 ut
1817 2928 1968 2980 esset
2077 2922 2367 2992 mysteria.
2398 2922 2624 2978 Accidit
2655 2927 2844 2978 autem
2880 2928 2944 2978 ut
2982 2923 3080 2978 illo
3111 2927 3372 2995 tempore
3403 2923 3520 2978 illic
3547 2925 3783 2980 adesset

260 3009 426 3065 velox
454 3010 579 3081 ejus
611 3011 943 3081 translutio,
979 3017 1035 3069 et
1064 3029 1196 3069 cum
1238 3014 1364 3085 ipso
1395 3013 1507 3070 sibi
1541 3013 1799 3085 requiem
1827 3030 1969 3085 pras-

260 3103 443 3155 staret
477 3099 534 3155 in
569 3098 748 3158 caelis.
789 3102 953 3158 Visus
983 3107 1073 3159 est
1116 3107 1314 3159 autem
1346 3103 1395 3159 ei
1427 3103 1646 3159 dixisse
1678 3104 1964 3172 Servator,

259 3198 523 3262 oportere
555 3209 688 3250 eum
721 3195 912 3250 adhuc
944 3212 1119 3267 parvo
1169 3199 1428 3266 tempore
1459 3211 1586 3250 esse
1616 3193 1675 3249 in
1707 3198 1860 3250 terra
1891 3194 1961 3249 ad

264 3281 580 3338 multorum
615 3285 1046 3356 perfectionem,
1092 3285 1273 3341 donec
1315 3284 1482 3340 multi
1519 3285 1658 3340 fiant
1688 3286 1814 3356 ejus
1846 3284 1961 3339 vir-

260 3370 407 3426 tutis
430 3373 811 3430 aemulatores.
836 3378 1078 3447 Magnus
1101 3375 1254 3430 enim
1271 3375 1687 3431 monachorum
1713 3373 1963 3448 populus

259 3457 532 3515 credetur
560 3461 685 3531 ejus
719 3463 871 3532 fidei,
905 3473 955 3520 et
992 3463 1124 3537 pius
1157 3463 1466 3534 exercitus,
1501 3469 1568 3520 ut
1597 3464 1842 3537 gloriam
1877 3463 1961 3518 di-

258 3564 434 3620 gnam
470 3551 763 3608 laboribus
795 3558 1192 3626 consequatur
1211 3554 1366 3626 apud
1392 3553 1597 3610 Deum.
1635 3554 1763 3609 Hac
1795 3553 1962 3623 vidit,

260 3655 384 3709 quae
417 3639 588 3695 etiam
630 3648 964 3699 evenerunt.
1018 3645 1161 3698 Nam
1195 3659 1326 3698 cum
1385 3642 1552 3697 multi
1607 3645 1866 3714 undique
1896 3659 1965 3698 ex

260 3730 553 3788 auditione
577 3733 648 3788 ad
671 3749 804 3790 eum
839 3734 1248 3790 convenissent
1279 3734 1574 3802 monachi,
1616 3738 1672 3789 et
1714 3749 1814 3803 per
1833 3735 1964 3802 ejus

261 3817 586 3877 doctrinam
617 3828 675 3878 et
698 3825 1189 3879 conversationem
1213 3823 1447 3894 plurimi
1478 3822 1715 3877 omnino
1750 3822 1962 3876 mundo

261 3910 716 3978 renuntiassent,
750 3913 901 3967 facta
930 3917 1019 3966 est
1050 3913 1292 3966 fratrum
1325 3909 1698 3978 cohabitatio,
1734 3925 1860 3965 cum
1892 3913 1962 3966 ad

261 4000 613 4071 quingentos
647 4003 849 4056 fratres
879 4001 1056 4056 simul
1080 4001 1236 4072 apud
1268 4001 1457 4072 ipsum
1491 4016 1863 4056 communem
1887 4001 1966 4056 vi-

258 4097 374 4144 tam
400 4089 701 4157 haberent,
726 4094 783 4145 et
815 4107 991 4146 unam
1018 4106 1298 4161 mensam,
1325 4095 1440 4144 tota
1466 4094 1622 4144 veste
1640 4090 1961 4159 candidati;

256 4184 312 4236 et
348 4179 405 4233 in
439 4181 522 4236 eis
574 4178 816 4250 impleta
863 4185 950 4236 est
981 4180 1300 4253 Scriptura,
1353 4197 1480 4251 quae
1523 4180 1663 4235 dicit
1695 4196 1709 4236 :
1748 4181 1964 4236 Laetare

257 4270 552 4326 desertum
577 4269 802 4338 sitiens,
826 4286 1064 4342 erumpe
1083 4275 1138 4327 et
1158 4269 1344 4326 clama
1367 4287 1496 4342 qua:
1527 4286 1642 4325 non
1668 4271 1958 4340 parturis;

255 4358 531 4428 quoniam
567 4357 727 4412 multi
760 4364 900 4415 sunt
930 4359 1036 4414 filii
1069 4359 1328 4428 desertis,
1353 4358 1539 4430 magis
1571 4375 1745 4429 quam
1767 4357 1958 4414 virum

258 4445 529 4503 habentis
563 4449 743 4520 (Isaia
775 4451 904 4521 LIV).
940 4449 1082 4505 Nam
1132 4449 1437 4522 impletum
1471 4448 1702 4522 quidem
1735 4453 1822 4504 est
1853 4449 1960 4506 hoc

259 4537 554 4610 eloquium
588 4539 988 4611 propheticum
1021 4556 1088 4595 ex
1137 4539 1390 4597 Ecclesia
1437 4556 1563 4611 quas
1609 4544 1957 4612 congregata

2072 3008 2275 3081 Apollo
2308 3025 2440 3064 cum
2475 3010 2676 3081 paucis
2717 3011 3072 3081 quibusdam
3106 3011 3382 3066 fratribus
3418 3027 3430 3066 :
3467 3017 3776 3083 postquam

2073 3102 2266 3153 autem
2299 3098 2441 3155 vidit
2475 3100 2910 3156 multitudinem
2932 3104 3169 3172 repente
3191 3100 3548 3157 daamoniace
3581 3101 3776 3156 furen-

2075 3192 2191 3244 tem
2224 3205 2324 3259 per
2354 3189 2670 3261 regionem,
2703 3190 2866 3246 flexis
2889 3189 3171 3246 Servatori
3194 3190 3460 3261 genibus,
3497 3190 3630 3245 fecit
3659 3205 3778 3245 om-

2081 3295 2182 3336 nes
2225 3281 2472 3352 gentiles
2515 3286 2749 3353 repente
2796 3279 3348 3350 immobilesQCum
3402 3284 3594 3335 autem
3658 3296 3773 3335 non

2079 3376 2318 3441 possent
2347 3388 2416 3429 ex
2445 3370 2544 3427 illo
2575 3370 2700 3428 loco
2751 3371 3038 3444 progredi,
3065 3370 3214 3426 alius
3245 3369 3422 3425 alium
3457 3370 3777 3438 trudentes,

2077 3463 2135 3515 et
2165 3465 2308 3517 aestu
2340 3465 2460 3517 toto
2489 3461 2579 3517 die
2609 3467 2989 3530 torrerentur,
3018 3460 3351 3532 ignorantes
3383 3459 3537 3516 unde
3563 3461 3670 3516 hoc
3694 3461 3779 3516 eis

2076 3551 2385 3616 evenisset,
2419 3553 2745 3608 sacerdotes
2774 3569 2974 3608 eorum
3008 3551 3280 3606 dixerunt
3307 3565 3434 3606 esse
3465 3550 3778 3621 quemdam

2078 3639 2476 3697 Christianum
2511 3642 2863 3698 habitantem
2892 3642 2951 3697 in
2983 3657 3183 3698 eorum
3217 3640 3434 3696 finibus
3452 3641 3560 3695 sub
3583 3639 3782 3696 solitu-

2079 3729 2234 3794 dine,
2269 3729 2370 3801 qui
2413 3731 2531 3784 baac
2581 3732 2812 3796 faceret,
2846 3732 3104 3787 dicentes
3136 3732 3205 3786 de
3235 3729 3431 3802 Apollo
3463 3749 3477 3798 ;
3511 3733 3568 3786 et
3597 3746 3772 3800 opor-

2079 3824 2192 3872 tere
2221 3818 2268 3871 ei
2301 3819 2649 3888 supplicare,
2683 3820 2772 3874 sin
2808 3820 3001 3875 minus
3040 3821 3158 3875 fore
3190 3823 3254 3875 ut
3284 3820 3520 3876 veniant
3551 3821 3606 3874 in
3633 3819 3780 3891 peri-

2075 3906 2296 3962 culum.
2372 3907 2681 3979 Postquam
2761 3913 2954 3964 autem
3004 3910 3105 3981 qui
3165 3909 3360 3982 procul
3414 3910 3774 3971 habitabant,

2073 3997 2285 4054 auditis
2315 3998 2665 4054 clamoribus
2707 4004 2764 4056 et
2797 4000 3330 4069 lamentationibus,
3385 4005 3776 4064 accesserunt,

2073 4095 2124 4143 et
2157 4103 2253 4142 eos
2286 4093 2595 4158 rogarunt:
2629 4089 2919 4155 Quidnam
2965 4095 3074 4160 est,
3108 4091 3391 4158 dicentes,
3425 4092 3576 4162 quod
3609 4091 3773 4146 vobis

2072 4180 2306 4248 repente
2335 4177 2538 4234 accidit
2565 4178 2593 4233 ?
2622 4195 2736 4250 quo
2769 4184 2936 4250 pacto
2981 4180 3082 4236 hoc
3130 4181 3343 4238 factum
3376 4184 3464 4236 est
3493 4180 3520 4235 ?
3550 4178 3638 4233 Illi
3670 4198 3776 4236 au-

2069 4271 2186 4323 tem
2229 4267 2498 4324 dixerunt
2526 4285 2584 4324 se
2613 4270 2856 4336 nescire,
2897 4271 3007 4327 nisi
3057 4273 3211 4343 quod
3261 4273 3445 4328 virum
3478 4271 3770 4329 habebant

2069 4362 2423 4428 suspectum,
2451 4359 2708 4416 dicentes
2737 4365 3000 4431 oportere
3029 4361 3192 4417 illum
3230 4362 3474 4434 placare.
3504 4362 3617 4419 Alii
3640 4379 3771 4418 vero

2070 4449 2430 4505 testabantur
2458 4466 2517 4504 se
2548 4465 2680 4506 eum
2711 4451 2924 4508 vidisse
2954 4457 3394 4524 praetereuntem
3432 4472 3446 4522 ;
3479 4461 3532 4509 et
3561 4453 3645 4509 sic
3676 4469 3775 4509 ro-

2070 4545 2281 4610 garunt
2309 4557 2409 4596 eos
2440 4545 2504 4596 ut
2523 4543 2608 4598 eis
2630 4542 2740 4598 cito
2765 4543 2999 4600 daretur
3016 4545 3294 4601 auxilium
3330 4563 3342 4601 :
3377 4544 3644 4600 adductis
3667 4544 3768 4600 bo-

256 4633 345 4684 est
373 4645 441 4684 ex
473 4630 744 4701 gentibus
784 4648 798 4688 :
854 4631 1171 4702 perfectum
1206 4636 1292 4687 est
1323 4635 1517 4686 autem
1552 4629 1608 4686 in
1646 4631 1754 4686 hac
1785 4632 1960 4687 etiam
1995 4619 2042 4683 Ι)
2074 4630 2182 4685 bus
2213 4632 2406 4687 conati
2438 4637 2577 4688 sunt
2607 4649 2837 4690 movere
2867 4634 3248 4692 simulacrum
3285 4654 3299 4704 ;
3332 4635 3386 4690 id
3422 4639 3614 4690 autem
3650 4651 3772 4690 ma-

259 4717 591 4789 tEgyptiaca
618 4719 957 4786 solitudine,
989 4737 1118 4792 quae
1150 4719 1341 4791 plures
1376 4720 1529 4775 filios
1561 4719 1675 4774 Deo
1705 4721 1958 4789 exhibet,

258 4820 432 4874 quam
452 4812 603 4864 terra
623 4825 750 4879 quae
772 4809 1148 4864 estbabitata.
1173 4808 1279 4864 Ubi
1302 4810 1458 4864 enim
1481 4813 1618 4864 sunt
1635 4808 1693 4863 in
1719 4809 1962 4864 urbibus

259 4900 343 4950 tot
373 4913 567 4966 greges
597 4914 795 4953 eorum
829 4897 926 4968 qui
958 4897 1099 4954 salvi
1150 4898 1316 4968 fiunt,
1347 4901 1488 4969 quot
1536 4897 1652 4953 Deo
1685 4897 1962 4954 exhibent

258 5001 384 5056 quis
425 4994 555 5040 sunt
586 4987 644 5041 in
677 4988 919 5059 {Egypto
947 4987 1291 5043 solitudines
1311 4988 1339 5042 ‘I
1361 4988 1507 5052 Quot
1530 4993 1666 5043 sunt
1687 4988 1841 5043 enim
1867 4987 1960 5043 hic

139 5141 156 5147 ἦ
260 5074 480 5146 populi,
514 5080 599 5131 tot
637 5080 774 5130 sunt
815 5077 932 5132 illic
982 5077 1041 5132 in
1090 5076 1334 5133 desertis
1385 5076 1673 5133 monachi.
1707 5079 1786 5132 Ac
1813 5076 1958 5132 mibi

260 5162 488 5218 videtur
516 5164 734 5218 dictum
769 5164 1048 5235 Apostoli,
1097 5165 1270 5221 etiam
1299 5165 1354 5221 in
1406 5164 1544 5236 ipsis
1593 5180 1721 5220 esse
1751 5164 1961 5234 imple-

256 5257 382 5308 tum
412 5268 425 5308 :
459 5251 566 5308 Ubi
597 5253 752 5309 enim
777 5253 1090 5309 abundavit
1113 5258 1436 5326 peccatum,
1468 5254 1963 5324 superabundavit

256 5349 314 5398 et
363 5343 550 5412 gratia
594 5344 894 5415 (Rom.v).
955 5344 1284 5397 Abundavit
1331 5343 1486 5398 enim
1549 5342 1840 5413 quondam
1902 5344 1959 5399 in

257 5432 500 5503 Egypto
534 5433 753 5487 multus
806 5439 860 5488 et
900 5431 1118 5502 impius
1158 5430 1440 5486 idolorum
1475 5429 1691 5496 cultus,
1723 5431 1867 5487 adeo
1900 5436 1963 5487 ut

255 5523 316 5577 in
352 5522 513 5578 nulla
543 5528 712 5594 gente
743 5522 931 5595 magis
960 5540 973 5589 ;
998 5535 1171 5576 canes
1203 5522 1358 5576 enim
1392 5525 1448 5576 et
1478 5519 1684 5576 simias
1719 5521 1957 5591 quidam

261 5611 529 5667 colebant
562 5630 575 5680 ;
611 5612 707 5666 alii
752 5613 888 5668 allia
928 5617 986 5666 et
1026 5627 1177 5683 caape
1217 5629 1231 5676 ;
1263 5616 1320 5666 et
1349 5627 1416 5665 ex
1462 5609 1675 5665 vilibus
1707 5610 1962 5671 oleribus

260 5700 448 5757 multa
471 5701 609 5758 deos
636 5700 1068 5770 existimabant,
1102 5704 1165 5755 ut
1195 5700 1389 5772 ipsum
1419 5704 1686 5758 sanctum
1721 5702 1950 5762 Patrem

2071 4718 2244 4773 nebat
2275 4723 2552 4791 tanquam
2606 4721 2905 4778 immobile
2958 4739 3090 4776 cum
3138 4722 3278 4792 ipsis
3336 4721 3763 4776 sacerdotibus.

2071 4806 2211 4863 Cum
2262 4807 2484 4865 nullam
2533 4826 2670 4881 ergo
2727 4810 3002 4865 evadendi
3049 4810 3329 4865 rationem
3377 4808 3764 4876 invenissent,

2070 4898 2359 4954 miserunt
2389 4916 2490 4970 per
2520 4900 2744 4956 accolas
2783 4899 3129 4972 legationem
3157 4899 3226 4954 ad
3258 4897 3480 4970 Apollo,
3517 4901 3577 4953 ut
3608 4896 3768 4953 illinc

2067 4987 2298 5045 liberati
2330 4991 2401 5045 ab
2433 5006 2623 5048 errore
2646 4993 2994 5047 recederent.
3020 4990 3117 5046 His
3141 4988 3566 5060 autemZApollo
3587 4987 3766 5061 signi-

2069 5078 2275 5147 ﬁcatis,
2308 5079 2604 5138 celerrime
2630 5081 2932 5138 descendit
2978 5081 3151 5136 homo
3184 5080 3282 5135 Dei
3316 5097 3328 5148 ;
3362 5083 3419 5136 et
3448 5095 3578 5134 cum
3612 5093 3764 5132 oras-

2068 5171 2176 5234 set,
2229 5183 2432 5224 omnes
2479 5172 2648 5227 solvit
2693 5191 2724 5226 a
2774 5171 3023 5229 vinculo.
3077 5171 3143 5226 Hi
3177 5174 3372 5226 autem
3419 5183 3620 5224 omnes
3651 5181 3764 5221 uno

2069 5257 2261 5312 animo
2293 5259 2358 5313 ad
2395 5259 2585 5329 ipsum
2619 5266 3037 5332 processerunt,
3073 5261 3475 5315 universorum
3497 5257 3764 5313 Servato-

2071 5348 2114 5403 ri
2147 5349 2468 5417 credentes,
2499 5357 2553 5406 et
2582 5352 2695 5408 Deo
2727 5353 2825 5424 qui
2857 5353 2991 5408 facit
3022 5349 3410 5418 admirabilia,
3443 5348 3596 5404 idolo
3629 5364 3769 5420 pro-

2071 5438 2228 5493 tinus
2259 5438 2377 5512 igni
2407 5443 2702 5498 mandato.
2736 5443 2888 5507 Quos
2919 5458 3122 5497 omnes
3145 5439 3429 5496 catechesi
3463 5439 3766 5496 institutos

2072 5529 2284 5599 adjecit
2339 5532 2613 5588 ecclesiis.
2667 5533 2831 5588 Multi
2883 5536 3077 5587 autem
3129 5548 3196 5588 ex
3236 5532 3327 5588 his
3367 5531 3425 5587 in
3459 5530 3766 5589 hodierum

2073 5635 2258 5691 usque
2289 5621 2440 5677 diem
2473 5623 2689 5697 degunt
2723 5624 2781 5678 in
2824 5624 3214 5681 monasteriis.
3248 5623 3432 5697 Hujus
3467 5628 3661 5682 autem
3686 5621 3763 5679 rei

2073 5709 2220 5766 fama
2253 5713 2500 5784 pervasit
2529 5716 2587 5770 in
2618 5730 2824 5771 omnes
2863 5722 3071 5787 partes,
3105 5723 3156 5772 st
3185 5714 3350 5772 multi
3394 5715 3766 5772 crediderunt
