4112 6210
286 330 445 393 1143

1836 328 2199 391 PALLADII

3651 319 3819 379 1144

277 471 338 527 in
373 469 722 538 Dominum;
755 470 897 525 adeo
930 471 991 525 ut
1022 467 1221 525 nullus
1245 465 1501 539 amplius
1530 463 1766 539 gentilis
1798 466 1989 523 nomi-
2024 473 2077 540 Α
2107 468 2476 537 miraculum,
2529 469 2587 523 et
2634 467 2905 522 eventum
2938 461 3066 533 ejus
3111 459 3267 532 quod
3308 458 3556 527 dixerat,
3607 469 3825 510 omnes

294 565 461 617 netur
491 559 547 614 in
581 560 708 630 ejus
742 559 978 616 finibus.

362 652 487 707 Non
517 651 696 707 multo
728 655 858 722 post
886 650 1103 719 autem:
1127 653 1411 721 tempore,
1445 649 1557 704 duo
1589 647 1720 720 pagi
1754 648 1905 704 inter
1937 664 1995 706 se

291 740 512 796 bellum
548 739 835 810 incipiunt
866 740 1248 808 committere,
1282 755 1383 810 pro
1425 737 1578 807 agris
1610 738 1992 794 decertantes.

289 829 605 900 Postquam
640 835 831 884 autem
866 832 953 884 est
990 827 1198 899 Apollo
1247 826 1665 893 renuntiatum,
1700 827 1889 882 statim
1922 828 1990 881 ad

286 937 385 975 eos
436 920 756 981 descendit,
809 921 958 975 inter
1001 935 1099 975 eos
1150 933 1352 989 pacem
1398 917 1832 973 conciliaturus.
1888 916 1994 981 Qui

289 1012 453 1065 erant
486 1016 681 1064 autem
712 1025 776 1063 ex
801 1016 958 1079 parte
980 1009 1217 1063 adversa
1244 1024 1355 1062 non
1390 1007 1692 1077 parebant,
1727 1007 1828 1062 sed
1862 1022 1997 1061 con-

293 1098 679 1166 tradicebant,
723 1098 850 1152 freti
885 1113 998 1151 uno
1034 1097 1325 1152 latronum
1361 1096 1642 1167 principe,
1679 1100 1741 1152 ut
1769 1097 1892 1152 viro
1924 1096 1992 1150 ad

288 1188 509 1243 bellum
536 1185 1037 1258 praestantissimo.
1055 1186 1197 1241 Cum
1222 1202 1354 1241 eum
1381 1202 1517 1258 ergo
1533 1186 1733 1257 Apollo
1756 1185 1997 1241 vidisset

290 1276 808 1339 contradicentem,
841 1274 981 1329 dixit
1012 1275 1062 1330 ei
1098 1291 1112 1331 :
1162 1276 1219 1331 Si
1254 1276 1540 1347 parueris,
1582 1292 1614 1331 υ
1662 1276 1867 1343 amice,
1902 1291 1999 1329 ro-

281 1366 429 1437 gabo
460 1365 768 1420 Dominum
799 1380 1017 1433 meum,
1066 1369 1129 1420 ut
1172 1370 1274 1421 tua
1322 1369 1557 1437 peccata
1607 1365 1996 1421 remittantur.

287 1456 342 1512 Is
371 1464 553 1511 autem
583 1454 684 1509 ubi
709 1454 815 1510 hoc
845 1454 1088 1520 audivit,
1124 1471 1240 1510 non
1274 1459 1605 1523 cunctatus,
1639 1455 1878 1525 abjeclis
1912 1470 2001 1510 ar-

295 1545 430 1613 mis,
489 1545 618 1613 ejus
662 1543 910 1614 genibus
959 1544 1265 1601 advolutus
1318 1544 1667 1615 supplicavit
1713 1561 1726 1611 ;
1778 1551 1831 1599 et
1864 1558 2000 1615 pace

299 1634 445 1688 facta
494 1632 621 1701 ejus
668 1632 1112 1700 intercessione,
1164 1649 1302 1689 suos
1345 1634 1567 1688 remisit
1618 1632 1691 1688 ad
1741 1633 1995 1705 propria.

298 1725 444 1779 Cum
483 1722 523 1777 ii
546 1725 739 1778 autem
776 1739 973 1794 pacem
1006 1725 1283 1795 egissent,
1325 1728 1381 1779 et
1411 1723 1712 1791 abiissent,
1746 1722 2000 1795 insignis

301 1828 500 1869 eorum
536 1818 949 1884 propugnator,
997 1812 1197 1885 Apollo
1247 1815 1318 1869 de
1366 1818 1571 1869 caetero
1618 1814 1996 1885 sequebatur,

297 1900 657 1972 promissum
692 1910 882 1973 aperte
909 1902 1164 1973 exigens.
1198 1904 1379 1967 Quem
1413 1920 1545 1960 cum
1580 1902 2003 1974 assumpsisset

296 1993 501 2047 beatus
533 1992 736 2063 Apollo
770 1992 827 2047 in
872 1994 1200 2065 propinqua
1248 1992 1585 2062 solitudine,
1621 1993 1922 2048 admonuit
1949 1997 2006 2049 et

307 2081 571 2138 hortatus
614 2087 704 2138 est
753 2086 815 2137 ut
862 2083 1105 2153 patienti
1155 2086 1213 2139 et
1259 2083 1550 2140 constanti
1596 2087 1749 2140 esset
1787 2084 2003 2151 animo,

303 2187 474 2243 posse
503 2171 657 2227 enim
698 2172 877 2228 Deum
917 2172 968 2228 ei
1017 2173 1367 2229 condonare.
1400 2173 1508 2229 Ubi
1540 2180 1727 2228 autem
1763 2189 1876 2228 nox
1906 2173 2008 2229 ad-

300 2261 478 2328 venit,
513 2262 687 2318 ambo
720 2261 990 2317 viderunt
1020 2262 1078 2317 in
1101 2263 1327 2319 somnis
1357 2279 1419 2318 se
1448 2268 1639 2318 astare
1674 2267 1807 2318 ante
1828 2264 2007 2318 tribu-

300 2350 396 2407 nal
429 2350 643 2407 Christi
671 2367 685 2406 :
720 2352 953 2423 utrique
983 2356 1178 2407 autem
1203 2352 1745 2424 contemplabantur
1769 2352 2009 2424 angelos

302 2439 481 2494 Deum
516 2456 631 2494 una
661 2455 795 2495 cum
832 2441 1013 2509 justis
1061 2440 1393 2496 adorantes.
1448 2441 1711 2511 Cumque
1743 2440 1855 2511 ipsi
1891 2455 2007 2494 una

302 2544 432 2598 cum
458 2520 551 2582 eis
581 2528 1048 2597 procubuissent,
1080 2528 1305 2584 Patrem
1346 2529 1725 2585 adoravcrunt
1758 2546 1771 2596 ;
1804 2532 1860 2583 et
1899 2544 2007 2584 vox

303 2616 370 2670 ad
406 2630 503 2670 eos
536 2616 682 2671 facta
716 2623 805 2671 est
838 2617 934 2671 Dei
987 2617 1232 2672 dicentis
1269 2633 1280 2671 ε
1315 2622 1449 2682 Quae
1498 2622 1586 2673 est
1616 2618 1859 2674 societas
1889 2616 2007 2672 luci

304 2718 434 2757 cum
466 2704 723 2760 tenebris
753 2704 780 2758 ?
810 2710 911 2760 aut
934 2722 1059 2776 qua:
1112 2723 1245 2778 pars
1271 2710 1357 2762 est
1391 2707 1577 2762 ﬁdelis
1624 2723 1755 2761 cum
1787 2704 2009 2761 infideli

307 2791 375 2860 (11
407 2791 527 2845 Cor.
560 2792 620 2863 ιι)
653 2792 679 2847 ?
710 2793 860 2857 Quid
881 2810 1014 2850 vero
1046 2800 1162 2851 stat
1192 2797 1497 2867 cumjusto
1524 2796 1840 2863 homicida,
1873 2810 2009 2851 cum

302 2880 375 2936 sit
421 2880 692 2952 indignus
742 2882 841 2938 tali
891 2884 1386 2959 contemplatione
1417 2885 1444 2941 εξ
1475 2888 1560 2942 Tu
1603 2890 1791 2941 autem
1826 2884 1943 2950 abi,
1977 2900 2009 2940 ο

302 2971 497 3037 homo,
528 2972 634 3027 tibi
667 2973 822 3029 enim
846 2978 934 3030 est
962 2990 1277 3031 concessus
1297 2976 1391 3032 hic
1423 2976 1583 3032 tarde
1612 2981 1786 3031 natus
1815 2975 2009 3047 perfu-

301 3085 389 3139 ga.
421 3062 528 3127 Qui
557 3081 690 3120 cum
723 3064 838 3121 alia
868 3063 1056 3120 multa
1072 3064 1358 3121 vidissent
1381 3071 1437 3121 et
1465 3066 1789 3122 audiissent
1819 3063 2012 3119 admi-

2036 1857 2082 1922 B

2108 560 2400 615 Servatori
2434 559 2733 616 credentes
2763 571 2895 611 eum
2930 551 3323 625 praedicabant
3357 547 3722 621 prophetam.

2176 651 2310 705 Erat
2339 653 2533 705 autem
2566 647 2756 702 adhuc
2799 648 2968 700 antea
3008 644 3069 698 in
3122 639 3335 697 montis
3366 636 3652 710 spelunca
3682 652 3826 691 san-

2105 746 2233 795 ctus
2265 738 2489 810 Apollo,
2527 754 2658 793 cum
2687 735 2945 807 quinque
2995 731 3125 788 aliis
3155 729 3457 793 fratribus,
3507 725 3607 797 qui
3639 725 3825 797 primi

2106 828 2341 884 fuerunt
2368 830 2493 899 ejus
2524 824 2822 897 discipuli,
2855 839 2984 878 cum
3027 824 3288 876 recenter
3324 816 3577 873 venisset
3608 831 3640 869 e
3672 813 3826 868 soli-

2106 918 2331 973 tudine.
2364 918 2507 973 Cum
2541 920 2735 970 autem
2772 914 3137 969 adventasset
3186 908 3307 963 dies
3341 907 3522 961 festus
3557 902 3825 967 Paschae,

2107 1015 2159 1063 et
2186 1008 2285 1063 Dei
2318 1007 2540 1063 cultum
2571 1005 2933 1077 implessent,
2976 1003 3141 1056 erant
3184 996 3341 1054 esuri
3373 1013 3439 1052 ea
3486 1010 3617 1065 quae
3651 994 3820 1048 inve-

2108 1097 2419 1153 niebantur
2445 1114 2458 1152 :
2490 1101 2657 1152 erant
2688 1099 2880 1150 autem
2910 1092 3132 1162 aliquot
3176 1088 3315 1145 sicci
3349 1102 3550 1158 panes,
3575 1090 3633 1140 et
3661 1100 3825 1154 quae-

2107 1188 2241 1242 dam
2274 1188 2431 1243 olera
2464 1185 2733 1257 reposita.
2782 1183 2879 1238 Eis
2928 1184 3125 1236 autem
3176 1177 3321 1233 dixit
3347 1174 3587 1247 Apollo:
3621 1174 3683 1228 Si
3716 1189 3824 1227 su-

2113 1292 2238 1332 mus
2268 1276 2490 1343 ﬁdeles,
2542 1291 2574 1330 o
2623 1272 2747 1341 ﬁlii,
2794 1275 2850 1328 et
2898 1268 3159 1341 germani
3209 1265 3424 1323 Christi
3472 1262 3600 1327 ﬁlii,
3660 1264 3826 1333 petat

2110 1366 2516 1436 unusquisque
2537 1368 2793 1418 vestrum
2826 1378 2860 1415 a
2892 1360 3007 1434 Deo
3039 1358 3095 1413 id
3122 1356 3275 1428 quod
3302 1355 3432 1425 ejus
3464 1351 3657 1408 animo
3688 1366 3825 1422 gra-

2111 1460 2238 1511 tum
2272 1462 2357 1512 est
2388 1455 2459 1509 ad
2486 1452 2857 1509 vescendum.
2901 1447 2988 1504 Illi
3029 1461 3163 1502 vero
3210 1445 3263 1501 ei
3314 1444 3646 1499 universum
3685 1456 3829 1511 per—

2112 1546 2420 1613 miserunt,
2453 1542 2853 1600 existimantes
2902 1554 2963 1594 se
3000 1552 3127 1593 esse
3174 1534 3449 1605 indignos
3479 1531 3583 1587 tali
3614 1530 3823 1603 gratia.

2112 1635 2255 1692 Cum
2287 1635 2415 1692 laeto
2454 1638 2647 1690 autem
2678 1630 2845 1687 vultu
2898 1632 3144 1695 orasset,
3192 1629 3249 1683 et
3289 1639 3491 1681 omnes
3532 1621 3826 1677 dixissent

2109 1727 2312 1796 Amen,
2341 1724 2607 1797 protinus
2639 1725 2812 1779 noctu
2834 1722 3115 1777 venerunt
3135 1718 3192 1772 in
3218 1714 3556 1788 speluncam
3589 1712 3824 1785 quidam

2113 1816 2219 1872 viri
2260 1816 2493 1887 penitus
2525 1811 2829 1884 incogniti,
2862 1810 2961 1881 qui
2990 1808 3264 1864 dicebant
3311 1821 3373 1860 se
3405 1802 3600 1859 venire
3628 1819 3662 1856 a
3693 1800 3827 1856 lon-

2116 1906 2337 1978 ginqua
2368 1905 2601 1976 regione
2630 1921 2644 1971 ;
2679 1906 2736 1959 et
2757 1900 2957 1958 omnia
2986 1897 3268 1963 ferebant,
3295 1911 3362 1951 ea
3393 1893 3569 1949 etiam
3602 1893 3673 1947 de
3703 1892 3830 1963 qui-

2116 1997 2228 2053 bus
2261 2012 2331 2051 ne
2362 1994 2661 2051 auditione
2683 1993 2919 2065 quidem
2950 1991 3315 2060 acceperant,
3348 1990 3406 2040 et
3426 2000 3555 2055 quas
3579 1999 3698 2039 non
3729 1998 3829 2036 na-

2117 2090 2363 2143 scuntur
2410 2086 2467 2139 in
2517 2084 2779 2156 zEgypto,
2829 2082 2981 2137 horti
3037 2080 3261 2134 fructus
3324 2074 3517 2130 omnis
3577 2071 3829 2143 generis,

2117 2193 2261 2233 uvas
2292 2179 2347 2231 et
2378 2174 2532 2231 mala
2564 2173 2793 2246 punica,
2827 2176 2885 2227 et
2914 2171 3061 2225 ﬁcus
3092 2172 3151 2224 et
3180 2181 3381 2233 nuces,
3404 2162 3603 2221 omnia
3624 2162 3829 2217 intem-

2116 2265 2371 2338 pestive:
2405 2266 2548 2336 quin
2580 2262 2754 2319 etiam
2786 2260 3071 2332 quosdam
3118 2256 3388 2311 inventos
3419 2251 3614 2308 mellis
3644 2252 3827 2317 favos,

2118 2360 2175 2412 et
2216 2370 2421 2411 urnam
2474 2352 2725 2409 recentis
2772 2350 2960 2417 lactis,
3007 2354 3061 2403 et
3106 2344 3367 2402 nicolaos
3418 2342 3724 2405 maximos,
3773 2348 3832 2395 et

2122 2461 2303 2518 panes
2328 2442 2579 2499 mundos
2610 2446 2667 2496 et
2696 2439 2914 2495 calidos
2945 2437 3097 2509 (101)
3126 2450 3155 2491 e
3187 2433 3420 2504 regione
3450 2436 3703 2487 externa.
3737 2428 3833 2486 Illi

2120 2540 2315 2591 autem
2357 2534 2457 2605 qui
2490 2550 2557 2589 ea
2581 2532 2916 2600 attulerant,
2960 2543 3095 2585 cum
3145 2526 3516 2582 solummodo
3548 2522 3829 2580 tradidis-

2119 2632 2267 2693 sent,
2302 2629 2579 2694 tanquam
2613 2619 2779 2676 missi
2810 2619 2981 2675 aviro
3015 2631 3225 2688 magno
3247 2619 3306 2671 et
3334 2614 3528 2682 divite,
3562 2611 3831 2683 protinus

2119 2730 2368 2787 propere
2413 2714 2801 2769 recesserunt.
2853 2711 2997 2765 Cum
3029 2714 3223 2762 autem
3274 2721 3396 2776 qua:
3443 2707 3610 2758 erant
3656 2716 3829 2756 escu-

2121 2804 2281 2860 lenta
2304 2801 2730 2875 peqcepissent,
2753 2816 2822 2855 ea
2851 2797 2967 2853 illis
2988 2796 3342 2852 suffecerunt
3365 2806 3541 2861 usque
3573 2789 3642 2843 ad
3679 2789 3833 2843 Pen-

2123 2897 2419 2959 tecosten;
2460 2892 2601 2947 adeo
2634 2894 2701 2945 ut
2747 2888 2859 2959 ipsi
2909 2902 3144 2958 quoque
3182 2884 3537 2941 mirarentur,
3572 2882 3631 2935 et
3659 2879 3835 2934 dice-

2124 2989 2255 3040 rent
2286 2983 2466 3039 fuisse
2495 2998 2563 3036 ea
2595 2994 2723 3034 vere
2752 2996 2784 3034 a
2814 2978 2929 3034 Deo
2957 2976 3157 3031 missa.

2194 3074 2440 3140 Quidam
2472 3076 2667 3127 autem
2699 3085 2767 3124 ex
2798 3066 3102 3123 monachis
3125 3064 3367 3135 rogabat
3388 3064 3620 3117 Patrem
3646 3062 3835 3115 utsta-

303 3157 528 3224 rabilis,
575 3172 702 3227 quas
735 3170 924 3228 neque
955 3156 1127 3211 audet
1175 3156 1357 3211 oratio
1405 3157 1616 3222 dicere,
1652 3172 1835 3226 neque
1857 3152 2014 3209 auris
2075 3231 2079 3233 Δ
2121 3166 2228 3221 tim
2259 3165 2441 3219 Deum
2478 3179 2577 3233 pro
2610 3161 2738 3232 ipso
2770 3162 2980 3225 orm-et,
3016 3160 3081 3212 ιιι
3122 3154 3373 3227 gratiam
3406 3152 3666 3223 aliquam
3696 3166 3836 3205 con-

301 3249 522 3318 audire,
554 3246 784 3302 excitati
812 3246 1234 3301 annuntiarunt
1266 3246 1338 3301 iis
1369 3247 1469 3316 qui
1500 3262 1631 3301 cum
1662 3246 1747 3301 eis
1778 3260 2005 3301 conver-

2158 3231 2491 3325 equeretur.
2512 3231 2657 3307 Cum
2679 3249 2803 3320 ipse
2822 3251 3018 3304 autem
3040 3251 3285 3312 orasset,
3304 3242 3355 3299 ei
3378 3242 3628 3296 dabatur
3650 3237 3837 3311 gratia

301 3340 604 3394 sabantur.
638 3336 853 3390 Omnes
884 3338 1081 3389 autem
1125 3334 1380 3388 maxima
1430 3334 1643 3390 invasit
1673 3334 2005 3399 admiratio,

303 3427 568 3496 utrisque
590 3439 765 3479 unam
800 3424 1174 3480 narrantibus
1207 3424 1515 3479 visionem.
1549 3425 1877 3482 Permansit
1906 3444 2009 3482 au-

303 3522 420 3573 tem
453 3530 588 3569 cum
629 3512 1128 3577 exercitatoribus,
1180 3514 1229 3569 is
1270 3514 1367 3584 qui
1418 3531 1534 3569 non
1582 3518 1704 3570 erat
1754 3517 2006 3588 amplius

306 3602 620 3671 homicida,
652 3617 839 3671 usque
870 3603 939 3657 ad
989 3610 1231 3657 mortem
1283 3602 1459 3658 vitam
1492 3620 1659 3659 suam
1694 3605 2005 3678 corrigens,

304 3712 375 3751 ex
407 3694 540 3762 lupo
570 3691 629 3745 in
662 3690 987 3761 simplicem
1007 3696 1063 3747 et
1085 3692 1451 3748 innocentem
1484 3710 1704 3766 agnum
1729 3700 2007 3754 mutatus.

309 3782 371 3838 In
404 3797 470 3836 eo
504 3794 733 3851 quoque
761 3779 1002 3850 impleta
1032 3783 1120 3837 est
1170 3781 1328 3837 Isaiae
1360 3781 1682 3853 prophetia,
1716 3784 1962 3840 dicentis
1998 3801 2012 3842 :

306 3871 450 3943 Lupi
484 3874 539 3927 et
570 3870 706 3944 agni
751 3870 926 3927 simul
978 3876 1305 3942 pascentur,
1362 3877 1418 3928 et
1466 3873 1553 3929 leo
1603 3878 1659 3930 et
1706 3876 1809 3930 bos
1838 3874 2013 3931 simul

304 3964 611 4020 comedent
643 3962 837 4033 paleas
867 3963 1054 4036 (Isaia?
1082 3965 1225 4036 m).
1270 3964 1502 4021 Licehat
1531 3964 1686 4021 enim
1719 3965 1837 4022 illic
1868 3983 2013 4037 quo-

308 4070 420 4124 que
450 4053 643 4109 videre
690 4053 985 4124 [Ethiopes
1034 4070 1160 4109 cum
1212 4054 1516 4110 monachis
1556 4070 1616 4110 se
1664 4064 2011 4124 exercentes,

309 4148 365 4199 et
423 4142 639 4199 multos
684 4141 999 4197 virtutibus
1046 4148 1411 4213 superantes.
1455 4148 1514 4200 et
1565 4143 1922 4214 Scripturam
1954 4144 2013 4198 in

305 4233 391 4288 eis
423 4230 745 4300 impletam,
778 4247 902 4301 quas
934 4230 1105 4286 dicit:
1135 4232 1751 4305 EthiOpiapraaveniet
1774 4249 2012 4289 manum

307 4321 436 4390 ejus
464 4320 580 4374 Deo
622 4319 793 4389 (Psal.
827 4319 1016 4389 vau).

378 4408 704 4478 Aliquando
763 4415 952 4463 autem
1013 4410 1383 4466 decertabant
1439 4410 1683 4483 gentiles
1739 4413 2013 4470 adversus

308 4496 669 4552 Christianos
713 4496 963 4552 rusticos
1014 4514 1113 4567 pro
1164 4497 1290 4553 suis
1340 4500 1559 4557 ﬁnibus
1610 4521 1623 4556 :
1670 4506 1792 4558 erat
1822 4508 2010 4559 autem

2119 3341 2473 3399 humilitatis
2489 3344 2545 3395 et
2563 3336 3057 3404 mansuetudinis,
3083 3336 3225 3391 adeo
3249 3338 3311 3388 ut
3333 3332 3687 3388 mirarentur
3706 3343 3833 3383 om-

2122 3450 2226 3490 nes
2256 3448 2389 3488 eum
2420 3446 2548 3488 esse
2570 3434 2692 3485 tam
2720 3434 3110 3483 mansuetum.
3136 3424 3251 3479 Has
3274 3426 3473 3480 autem
3497 3421 3628 3491 ejus
3658 3418 3839 3476 virtu-

2122 3532 2205 3581 tes
2237 3524 2552 3579 narrarunt
2582 3519 2750 3575 nobis
2783 3519 2879 3590 qui
2909 3533 3038 3573 cum
3086 3516 3214 3587 ipso
3242 3517 3411 3569 erant
3442 3512 3673 3577 fratres,
3708 3509 3826 3565 hac

2123 3613 2325 3670 multis
2357 3625 2589 3682 quoque
2621 3608 3032 3665 attestantibus
3060 3603 3356 3661 fratribus.

2193 3702 2421 3758 Etenim
2455 3716 2587 3755 cum
2622 3716 2738 3755 non
2773 3698 2955 3754 multo
3006 3700 3141 3752 ante
3188 3699 3453 3766 tempore
3486 3691 3700 3747 fuisset
3729 3688 3838 3745 ali-

2124 3793 2356 3864 quando
2388 3790 2560 3845 fames
2591 3789 2651 3844 in
2682 3787 3001 3855 Thebaide,
3042 3784 3141 3857 qui
3192 3788 3389 3839 autem
3419 3798 3489 3837 ea
3517 3779 3643 3835 loca
3670 3795 3836 3834 acco-

2122 3881 2322 3938 lebant
2352 3878 2550 3951 populi
2601 3877 2904 3933 audissent
2953 3875 3107 3947 quod
3152 3873 3255 3945 qui
3304 3878 3469 3928 erant
3512 3869 3668 3941 apud
3698 3884 3834 3923 eum

2124 3970 2395 4027 monachi
2430 3972 2636 4041 praeter
2659 3984 2822 4039 spem
2855 3982 3088 4023 omnem
3121 3970 3177 4020 et
3205 3962 3545 4035 opinionem
3573 3957 3834 4031 quotidie

2125 4060 2435 4127 alerentur,
2469 4074 2581 4114 uno
2610 4057 2806 4115 animo
2838 4057 2990 4129 apud
3039 4056 3237 4126 ipsum
3285 4052 3655 4108 accesserant
3702 4062 3834 4102 cum

2126 4151 2406 4208 uxoribus
2438 4153 2496 4206 et
2527 4148 2751 4215 liberis,
2782 4146 2962 4203 simul
2990 4142 3453 4202 benedictionem
3488 4143 3748 4212 petentes
3778 4140 3839 4192 et

2125 4242 2490 4299 alimentum.
2527 4240 2580 4295 Is
2612 4244 2807 4295 autem
2852 4236 2998 4293 nihil
3045 4236 3285 4299 veritus,
3334 4248 3407 4289 ne
3438 4232 3608 4288 cibus
3636 4230 3689 4285 ei
3720 4228 3836 4284 ali-

2124 4332 2354 4404 quando
2387 4331 2629 4396 deesset,
2666 4329 2845 4385 dabat
2875 4327 3149 4385 omnibus
3180 4324 3569 4390 venientibus,
3603 4320 3837 4378 unicui-

2124 4440 2239 4495 que
2269 4422 2515 4493 quodin
2567 4421 2717 4477 diem
2769 4419 3085 4476 sufﬁceret.
3138 4415 3382 4473 Relictis
3430 4420 3619 4469 autem
3653 4411 3840 4465 tribus

2126 4514 2266 4570 solis
2299 4511 2524 4583 magnis
2557 4512 2768 4582 sportis
2817 4527 2949 4567 cum
3001 4509 3275 4580 panibus,
3317 4511 3376 4563 et
3424 4504 3574 4560 fame
3614 4500 3839 4559 invale-

312 4586 631 4643 multitudo
693 4594 1074 4661 utrorumque
1133 4594 1513 4657 armatorum,
1564 4593 1775 4664 quibus
1825 4597 2013 4651 astitit
2044 4611 2089 4676 ι)
2120 4607 2339 4671 scente,
2367 4601 2532 4673 jubet
2574 4605 2804 4672 εροτιαε
2857 4599 3049 4655 afferri
3099 4598 3161 4653 in
3205 4596 3482 4664 medium,
3528 4609 3679 4665 quas
3711 4591 3835 4661 ipso

306 4678 509 4750 Apollo
541 4694 742 4749 pacem
775 4679 926 4734 inter
955 4694 1055 4736 eos
1081 4679 1421 4739 concilians.
1467 4682 1529 4737 Ei
1562 4691 1751 4739 autem
1798 4685 2011 4741 restitit

305 4767 607 4840 gentilium
640 4768 697 4823 in
750 4784 945 4841 pugna
985 4770 1423 4843 antesignanus,
1475 4773 1572 4843 qui
1621 4778 1740 4830 erat
1764 4774 1849 4830 vir
1877 4791 2007 4847 gra-

306 4860 392 4915 vis
425 4866 481 4915 et
505 4875 720 4925 saavus;
743 4860 1070 4917 afﬁrmabat
1096 4866 1286 4919 autem
1318 4867 1375 4919 et
1401 4864 1628 4920 dicebat
1658 4880 1717 4919 se
1748 4881 1863 4921 non
1886 4881 2011 4922 esse

308 4950 577 5005 daturum
612 4966 813 5020 pacem
849 4968 1030 5023 usque
1053 4954 1123 5009 ad
1159 4958 1421 5010 mortem.
1458 4955 1513 5011 Is
1546 4964 1736 5012 autem
1768 4956 1817 5011 ei
1842 4956 2012 5012 dicit;

306 5042 492 5112 Atque
515 5040 655 5097 adeo
676 5040 781 5097 tibi
802 5041 904 5099 ﬁat
933 5043 1083 5112 quod
1116 5042 1360 5115 elegisti,
1394 5044 1594 5102 nullus
1625 5046 1781 5102 enim
1807 5051 2015 5119 praeter

306 5136 363 5186 te
395 5132 711 5188 occidetur.
761 5130 887 5188 Tibi
939 5139 1131 5189 autem
1182 5140 1410 5192 mortuo
1442 5153 1557 5192 non
1602 5135 1709 5193 erit
1737 5141 1891 5193 terra
1920 5152 2014 5193 se-

304 5220 594 5291 pulcrum,
684 5221 784 5279 sed
842 5225 1070 5278 ventres
1144 5224 1397 5280 ferarum
1474 5230 1531 5281 et
1605 5224 1899 5282 vulturum
1955 5231 2012 5283 te

302 5309 728 5382 implebuntur.
772 5314 951 5384 Atque
1000 5314 1140 5369 adeo
1190 5316 1373 5370 oratio
1424 5316 1693 5372 effectum
1746 5316 2010 5388 protinus

303 5402 393 5451 est
423 5400 646 5470 sortita,
683 5417 816 5457 cum
855 5417 921 5457 ex
972 5406 1216 5473 utraque
1258 5410 1419 5473 parte
1472 5402 1671 5459 nullus
1724 5405 1799 5459 sit
1831 5405 2009 5461 inter-

304 5486 488 5542 fectus
543 5494 749 5558 praeter
779 5492 1248 5562 antesignanum.
1310 5494 1491 5558 Quem
1536 5493 1713 5550 etiam
1746 5511 1881 5551 cum
1949 5497 2008 5552 in

305 5592 481 5634 arena
513 5578 920 5650 tumulassent,
953 5582 1480 5640 maneinvenerunt
1502 5585 1766 5641 membra
1794 5585 2011 5643 laniata

302 5668 374 5725 ab
403 5665 625 5739 hymnis
671 5671 728 5724 et
774 5671 1122 5729 vulturibus.
1176 5672 1267 5729 Illi
1320 5678 1514 5730 autem
1558 5689 1693 5732 cum
1724 5674 2009 5733 vidissent

2120 4693 2212 4749 die
2244 4695 2408 4748 erant
2452 4692 2609 4747 esuri
2660 4689 2971 4756 monachi;
3024 4693 3080 4745 et
3129 4685 3508 4743 audientibus
3557 4681 3833 4738 omnibus

2122 4781 2399 4838 fratribus
2429 4784 2484 4837 et
2522 4780 2722 4852 populi
2776 4778 3170 4848 multitudine,
3221 4775 3367 4832 dixit
3409 4788 3623 4843 magna
3651 4782 3829 4825 voce:

2121 4869 2248 4925 Non
2282 4874 2488 4941 potens
2537 4874 2624 4925 est
2673 4884 2878 4924 manus
2921 4865 3157 4922 Domini
3205 4864 3332 4920 haec
3381 4861 3625 4933 implere
3646 4858 3673 4913 ‘2
3703 4858 3833 4912 Hec

2120 4962 2313 5015 autem
2348 4958 2487 5014 dicit
2517 4958 2770 5031 Spiritus
2801 4963 3079 5013 sanctus:
3115 4954 3240 5010 Non
3265 4951 3495 5009 deﬁciet
3533 4947 3703 5021 panis
3765 4962 3831 5003 ex

2119 5048 2209 5104 his
2240 5048 2479 5120 sportis,
2512 5050 2693 5105 donec
2735 5064 2881 5105 novo
2932 5048 3223 5103 frumento
3276 5040 3563 5098 fuerimus
3612 5036 3831 5093 satiati.

2119 5141 2189 5196 Et
2235 5140 2606 5197 afﬁrmarunt
2653 5156 2857 5196 omnes
2905 5138 3003 5209 qui
3052 5141 3193 5193 tunc
3246 5133 3490 5191 aderant
3534 5129 3618 5186 eis
3650 5141 3833 5199 panes

2119 5230 2419 5288 suffecisse
2476 5238 2682 5302 quator
2746 5228 3036 5299 mensem?
3065 5224 3347 5283 Similiter
3403 5225 3601 5279 autem
3663 5222 3722 5274 et
3772 5217 3833 5273 in

2117 5320 2242 5377 oleo
2274 5324 2330 5377 et
2356 5321 2675 5390 frumento;
2719 5322 2857 5376 adeo
2909 5323 2977 5375 ut
3013 5318 3235 5374 veniret
3282 5318 3542 5376 satanas,
3574 5313 3632 5365 et
3661 5309 3715 5365 ei
3746 5307 3830 5362 di-

2115 5413 2271 5467 ceret
2321 5427 2335 5466 :
2388 5414 2539 5466 Num
2591 5415 2654 5466 tu
2685 5426 2746 5467 es
2780 5409 2953 5477 Elias,
3008 5410 3110 5463 aut
3130 5406 3282 5463 alius
3313 5419 3383 5460 ex
3429 5398 3731 5473 prophetis
3779 5400 3832 5451 et

2117 5501 2423 5571 apostolis,
2478 5501 2631 5572 quod
2686 5500 2807 5554 haec
2863 5497 3084 5554 facias?
3132 5495 3187 5551 Is
3238 5497 3433 5550 autem
3483 5488 3631 5545 dixit
3677 5486 3827 5557 ipsi:

2115 5590 2263 5654 Quid
2298 5590 2454 5646 enim
2477 5589 2505 5646 2
2536 5605 2650 5647 non
2683 5589 2952 5645 homines
3006 5585 3193 5643 sancti
3228 5584 3463 5639 fuerant
3494 5575 3747 5651 apostoli
3775 5578 3828 5631 et

2114 5679 2434 5753 prophetis,
2467 5680 2568 5753 qui
2598 5679 2720 5740 haec
2750 5678 2919 5738 nobis
2951 5676 3323 5738 tradiderunt
3352 5672 3380 5729 ?
3407 5673 3496 5729 An
3527 5670 3669 5727 tunc
3701 5664 3821 5739 qui-
