4078 6212
345 357 505 422 1145

1632 358 2000 425 HISTORIA
2041 358 2454 424 LAUSIACA.

3589 374 3744 436 1146

414 496 541 546 Μετ’
573 491 636 546 οὐ
674 488 819 547 πολὺ
851 488 909 546 δὲ
951 494 1048 547 τοῦ
1078 489 1306 570 χρόνου,
1339 491 1434 549 δύο
1464 496 1651 570 κῶμαι
1698 498 1836 573 πρὸς
1883 496 1984 554 ἀλ·
2013 501 2069 568 Α
2100 500 2236 571 πρὸς
2267 498 2426 555 αὐτὸν
2485 493 2908 571 ἒμαθητεύοντο,
2958 503 3152 559 νεωστὶ
3205 511 3302 575 τῆς
3353 506 3563 583 ἐρήμου
3610 510 3744 584 ἒλη-

343 579 519 652 λήλας
562 577 935 654 ἐμβάλλουσιν
992 582 1067 643 εἱς
1107 580 1355 657 πόλεμον
1414 585 1545 660 ὑπὲρ
1586 585 1833 661 ἀρουρῶν
1868 586 1985 643 δια-

347 668 682 745 μαχόμεναι.
715 670 804 731 Ὡς
836 667 894 724 δὲ
924 669 1212 746 ἀπηγγέλη
1244 671 1324 745 τῷ
1371 671 1544 748 ἀνδρὶ,
1595 675 1747 739 εὐθὺς
1794 677 1986 751 κατῄει

2099 587 2349 649 λυθότος.
2384 588 2624 658 Ἐπῆλθε
2678 587 2735 645 δὲ
2791 594 2825 661 ἡ
2892 592 3049 667 έορτή
3101 599 3198 650 τοῦ
3245 598 3461 673 Πάσχα,
3506 604 3594 656 καὶ
3642 604 3739 673 τὴν

2095 674 2350 749 λατρείαν
2388 682 2468 751 τῷ
2499 683 2616 751 Θεῷ
2666 678 2720 735 ἐν
2775 685 2854 753 τῷ
2911 681 3168 757 σπηλαίῳ
3217 680 3739 762 ἀποπληρώσαντες,

341 760 478 835 πρὸς
508 758 725 830 αὐτοὺς,
768 757 1114 817 διαλλάσσων
1166 762 1359 826 αὐτοὺς
1387 765 1524 838 πρὸς
1564 764 1897 841 εἷρήνην.Οὶ
1929 765 1988 822 δὲ
2091 759 2332 837 ἔμελλον
2377 768 2444 821 τὰ
2502 769 2861 843 εὑρισκόμενα
2920 769 3246 830 διαιτᾶσθαι.
3309 779 3474 834 Ἦσαν
3538 776 3593 834 δὲ
3650 783 3740 837 καὶ

335 849 387 921 ἐξ
427 849 667 912 ἐναντίας
718 848 817 905 οῦκ
873 851 1175 923 ἐπείθοντο,
1207 851 1335 908 ἀλλ’
1390 854 1525 923 ἦσαν
1580 854 1727 927 αύτῷ
1772 856 1983 912 ἀντιλέ-

336 960 548 1014 γοντες,
581 938 662 1016 ἐφ’
692 937 768 995 ἐνί
823 960 929 995 τινι
982 940 1299 1019 ἀρχιλῃστῇ
1358 945 1704 1014 πεποιθότες,
1736 946 1811 1007 ὡς
1863 965 1982 1023 γεν-

333 1030 607 1103 ναιοτάτῳ
637 1030 773 1105 πρὸς
812 1029 1075 1105 πόλεμον.
1112 1029 1262 1089 Ἰδὼν
1292 1030 1349 1088 δὲ
1398 1034 1557 1090 αὐτὸν
1611 1037 1640 1091 6
1689 1035 1980 1098 ’Δπολλὼς

334 1119 708 1198 ἀντιλέγοντα,
740 1125 859 1177 εἷπε
888 1123 1027 1197 πρὸς
1064 1123 1250 1178 αὐτόν’
1284 1122 1349 1180 Εἰ
1387 1126 1614 1198 πεισθῇς
1648 1147 1765 1199 μοι,
1795 1125 1869 1181 ὧν
1900 1124 1982 1201 φί-

338 1207 460 1280 λος,
511 1210 776 1288 ἐρωτήσω
829 1232 934 1285 μου
979 1212 1069 1267 τὸν
1119 1213 1397 1284 Δεσπότην
1446 1214 1707 1287 ἀφεθῆναί
1748 1236 1834 1271 σοι
1886 1215 1980 1278 τὰς

340 1299 632 1376 ἁμαρτίας.
665 1301 727 1358 Ὀ
774 1297 832 1355 δὲ
888 1301 962 1364 ὡς
1002 1299 1253 1372 ἤκουσεν,
1287 1304 1393 1359 οὐκ
1447 1303 1751 1378 ἐμέλλησεν
1787 1326 1799 1340 ·
1835 1304 1981 1362 ἀλλὰ

338 1390 497 1466 ῥίψας
527 1390 597 1447 τὰ
626 1390 795 1461 ὅπλα,
824 1396 946 1455 τοῖς
974 1390 1195 1468 γόνασιν
1234 1391 1399 1450 αὐτοῦ
1429 1394 1862 1470 προσικέτευνεν,
1889 1396 1980 1452 καὶ

337 1480 562 1554 μεσίτης
618 1480 840 1557 εἰρήνης
881 1482 1176 1558 γενόμενος
1222 1485 1351 1548 τοὺς
1410 1482 1585 1548 ἰδίους
1628 1485 1704 1549 εἰς
1756 1490 1826 1541 τὰ
1868 1485 1989 1543 ἴδια

331 1568 651 1644 ἀπέστρεψε.
717 1570 934 1627 Τούτων
984 1571 1403 1648 εἰρηνευσάντων
1459 1575 1550 1631 καὶ
1607 1575 1976 1645 ἀπελθόντων,

328 1658 451 1713 τότε
482 1660 511 1713 6
559 1652 850 1729 διαϐόητος
888 1658 1066 1721 αὐτῶν
1111 1661 1406 1736 πρόμαχος
1446 1661 1625 1719 ε’ίπετο
1674 1665 1870 1720 λοιπὸν
1897 1669 1978 1739 τῷ

333 1745 508 1823 ἀνδρὶ,
540 1749 639 1818 τήν
699 1746 994 1826 ὑπόσχεσιν
1052 1756 1297 1829 φανερῶς
1344 1751 1610 1812 ἀπαιτῶν.
1656 1756 1754 1811 Ὃν
1804 1773 1978 1831 προσ-

2094 852 2248 929 ἅρτοι
2296 855 2481 931 ὀλίγοι
2532 859 2711 933 ξηροὶ,
2762 862 2851 914 καὶ
2912 862 3131 919 συνθετά
3177 887 3298 920 τινα
3347 866 3580 943 λάχανα.
3643 872 3739 926 Καὶ

2093 941 2158 1013 δὴ
2192 947 2330 1019 πρὸς
2369 946 2564 1010 αὐτοὺς
2594 948 2621 1001 6
2674 948 2970 1012 Ἀπολλὼς
3001 947 3102 1028 ἔφη
3140 972 3153 986 ⁸
3200 954 3267 1012 Εἰ
3315 941 3496 1013 πιστοί
3556 960 3740 1033 ἐσμεν,

2092 1030 2341 1107 ὦτέκνα,
2388 1036 2479 1091 καὶ
2517 1038 2729 1112 γνήσιοι
2760 1043 2858 1092 τοῦ
2908 1047 3142 1115 Χριστοῦ
3190 1042 3400 1118 παῖδες,
3446 1048 3739 1120 αἰτήσασθε

2089 1120 2314 1186 ἕκαστος
2354 1124 2506 1198 ὑμῶν
2561 1123 2708 1200 παρὰ
2764 1131 2897 1181 Θεοῦ
2964 1128 2993 1183 '6
3049 1133 3381 1206 καταθύμιον
3431 1132 3547 1211 ἔχει
3605 1140 3739 1215 πρὸς

2092 1214 2191 1283 τὴν
2229 1212 2558 1289 μετάληψιν.
2600 1215 2663 1269 Οἱ
2714 1212 2771 1269 δὲ
2820 1216 2971 1288 αὐτῷ
3017 1218 3080 1273 τὸ
3136 1224 3240 1275 πᾶν
3299 1220 3613 1299 ἐπέτρεψαν,
3647 1212 3738 1283 ἀν-

2092 1303 2273 1374 αξίους
2293 1304 2514 1366 ἑαυτοὺς
2536 1304 2838 1381 ἡγούμενοι
2860 1304 3068 1377 ταύτης
3089 1314 3189 1378 τῆς
3220 1308 3474 1385 χάριτος.
3511 1314 3735 1390 Φαιδρῷ

2091 1389 2148 1448 δὲ
2192 1393 2272 1464 τῷ
2323 1395 2604 1468 προσώπῳ
2662 1395 3100 1469 προσευξαμένου
3161 1400 3330 1455 αὐτοῦ
3378 1405 3465 1458 καὶ
3526 1389 3738 1461 πάντων

2087 1481 2151 1537 τὸ
2204 1482 2351 1555 ἀμὴν
2421 1482 2744 1557 εἰρηκότων,
2793 1482 2947 1546 εὐθὺς
3002 1485 3299 1559 ἐπέστησαν
3346 1495 3426 1562 τῷ
3476 1493 3736 1569 σπηλαίῳ

2085 1566 2232 1630 τινὲς
2269 1566 2459 1643 ἄνδρες
2525 1570 2815 1645 ἄγνωστοι,
2848 1570 3128 1634 παντελῶς
3184 1577 3276 1629 καὶ
3324 1577 3605 1653 πόῤῥωθεν
3645 1566 3735 1636 καὶ

2087 1656 2285 1719 αὑτοὺς
2330 1656 2486 1726 ἥκειν
2554 1658 2867 1733 φάσκοντες,
2926 1664 3098 1716 πάντα
3146 1661 3396 1740 φέροντες
3451 1668 3551 1723 ὅσα
3607 1667 3737 1725 οὐδὲ

2088 1745 2166 1809 εἰς
2205 1745 2372 1815 ἀκοήν
2402 1744 2575 1802 αὐτῶν
2628 1745 2911 1819 ἐληλύθει,
2960 1750 3051 1804 καὶ
3101 1751 3201 1807 ὅσα
3249 1751 3301 1807 ἒν
3350 1755 3612 1831 Αἰγύπτῳ
3671 1760 3733 1814 οὐ

334 1832 635 1911 λαϐόμενος
667 1840 694 1893 6
721 1839 984 1912 μακάριος
1005 1839 1301 1903 ’Δπολλῶς
1330 1840 1385 1898 ἐν
1412 1845 1482 1917 τῇ
1514 1841 1751 1912 πλησίον
1782 1844 1977 1921 ἐρήμῳ
2008 1875 2054 1940 Β
2087 1832 2348 1940 γίνονται,
2389 1835 2647 1940 *καρποὺς
2703 1835 3100 1940 “πα“ίτοδαποξ)ς
3162 1839 3527 1940 παραδείσου,
3605 1868 3734 1940 στοι-

328 1924 593 1983 ἐνουθέτει
636 1928 726 1983 καὶ
778 1928 1073 2005 παρεκάλει
1138 1932 1529 2005 μακροθυμεῖν,
1595 1929 1818 1987 δυνατὸν
1870 1934 1975 2009 γάρ

330 2017 468 2072 εἶναι
500 2019 667 2072 τοῦτο
699 2016 877 2093 λέγων
905 2020 999 2074 τὸν
1032 2020 1159 2075 Θεὸν
1210 2026 1529 2096 παρασχεῖν.
1572 2024 1662 2082 Ὠς
1712 2018 1770 2076 δὲ
1810 2024 1844 2091 ἡ
1884 2021 1975 2093 νὺξ

328 2104 523 2177 ἐπέστη
555 2107 646 2161 καὶ
688 2104 754 2177 δὴ
786 2106 951 2188 ἄμφω
982 2110 1100 2164 κατ’
1149 2105 1277 2185 ὄναρ
1326 2109 1487 2180 ἦσαν,
1536 2107 1587 2165 ἐν
1640 2110 1852 2186 οὐρανῷ
1897 2115 1977 2185 τῷ

331 2196 666 2269 βήματιτοῦ
711 2202 946 2271 Χριστοῦ
1002 2202 1366 2273 παρεστῶτες,
1415 2198 1678 2274 ἐθεώρουν
1734 2200 1976 2279 ἀμφότε-

330 2303 416 2360 ροι
446 2286 574 2346 τοὺς
607 2284 874 2363 ἀγγέλους
906 2285 1000 2342 σὺν
1040 2293 1157 2349 τοῖς
1190 2285 1422 2352 δικαίοις
1448 2292 1530 2360 τῷ
1574 2293 1691 2362 Θεῷ
1728 2309 1972 2364 προσκυ-

322 2377 566 2445 νοῦντας,
617 2378 706 2438 Ὦς
739 2371 791 2429 δι
848 2374 938 2430 καὶ
1005 2373 1166 2430 οὗτοὶ
1210 2377 1466 2439 πεσόντες
1513 2378 1656 2450 ὁμοῦ
1704 2378 1977 2454 προσεκύ-

325 2485 490 2535 νησαν
546 2469 627 2536 τῷ
687 2470 932 2538 Σωτῆρι,
965 2466 1119 2541 φωνή
1178 2467 1316 2539 πρὸν
1370 2465 1566 2530 αὐτοὺς
1622 2468 1825 2545 γέγονε,
1876 2473 1972 2525 τοῦ

327 2558 462 2609 Θεοῦ
493 2552 754 2628 λέγοντος
787 2570 801 2586 ⁸
834 2552 922 2616 Τίς
949 2553 1207 2609 κοινωνία
1249 2556 1388 2633 φωτὶ
1428 2556 1565 2632 πρὸς
1608 2557 1800 2623 σκότος
1835 2577 1849 2629 ;
1889 2560 1975 2624 τίς

331 2645 487 2717 μερὶς
527 2648 703 2718 πιστῷ
736 2644 870 2721 μετᾶ
899 2644 1128 2702 ἀπίστου
1170 2663 1184 2716 ;
1227 2644 1279 2702 τί
1309 2642 1368 2700 δὲ
1421 2646 1512 2701 καὶ
1562 2647 1590 2700 6
1640 2645 1976 2727 ἀνδροφόνος

327 2734 424 2788 σὺν
454 2738 535 2807 τῷ
564 2731 757 2808 δικαίῳ
806 2735 1163 2808 παρέστηκεν,
1195 2735 1411 2807 ἀνάξιος
1440 2735 1514 2792 ὣν
1561 2744 1663 2809 τῆς
1712 2738 1972 2810 τοιαύτης

328 2821 607 2897 θεωρίαςς
649 2822 826 2881 Ἀλλὰ
871 2823 1076 2881 ἄπελθε
1123 2825 1208 2899 σὺ,
1241 2825 1286 2881 ὦ
1330 2824 1602 2902 ἄνθρωπε,
1652 2827 1975 2905 κεχάρισταί

330 2932 414 2967 σοι
443 2912 546 2988 γὰρ
578 2912 606 2967 6
651 2912 908 2993 ὀψίγονος
965 2914 1127 2977 οὗτος
1180 2916 1442 2993 πρόσφυξ.
1502 2914 1685 2972 Ἀλλα
1737 2938 1796 2974 τε
1837 2919 1975 2993 πάμ-

329 3000 516 3057 πολλα
564 3001 814 3077 θαύματα
873 3000 1079 3067 ἰδόντες
1123 3025 1183 3060 τε
1236 3004 1327 3059 καὶ
1381 3004 1727 3074 ἀκούσαντες,
1768 3006 1801 3062 ἃ
1854 3006 1976 3065 οὕτε

334 3089 501 3168 λόγος
556 3092 743 3167 τολμᾷ
803 3094 1025 3169 φράσαι,
1095 3090 1219 3149 οὔτε
1288 3092 1383 3158 οῦς
1447 3095 1695 3170 ἀκοῦσαι,
1762 3094 1973 3168 ἕξυπνοι

322 3178 559 3254 γίοονται
622 3181 712 3236 καὶ
766 3185 887 3245 τοῖς
968 3187 1186 3238 συνοῦσι
1262 3182 1599 3261 ἀπήγγελον.
1669 3192 1860 3261 Θαυμα
1917 3184 1976 3244 δε

2087 1922 2283 2002 φυλὰς,
2315 1927 2405 1981 καὶ
2440 1925 2589 2001 ῥοὰς,
2630 1928 2720 1983 καὶ
2777 1932 2931 2000 σῦκα,
2962 1930 3054 1985 καὶ
3108 1932 3282 2008 κάρυα
3335 1936 3479 2010 παρὰ
3543 1935 3730 2012 καιρόν

2086 2014 2295 2070 ἅπαντα
2352 2016 2643 2090 εὐρήμένα,
2711 2018 2803 2074 καὶ
2863 2018 3013 2092 μέλι,
3062 2020 3151 2075 καὶ
3203 2022 3368 2096 κηρία
3442 2024 3583 2094 τινα,
3640 2030 3731 2084 καὶ

2083 2100 2356 2178 γάλακτος
2403 2109 2598 2181 νεαροῦ
2656 2106 2914 2180 στάμνον,
2960 2109 3049 2164 καὶ
3105 2109 3396 2176 νικολάους
3443 2119 3730 2193 παμμεγέ-

2087 2192 2197 2255 θεις
2255 2190 2453 2267 ἄρτους
2498 2191 2626 2250 δέκα
2676 2196 2943 2270 καθαροὺς
2998 2198 3089 2253 καὶ
3166 2201 3400 2276 θερμοὺς
3464 2203 3619 2277 ξένης
3653 2190 3730 2264 Ἴτε

2087 2283 2276 2359 χώρας
2315 2284 2504 2348 αὐτοῖς
2550 2289 2947 2362 κομιζομένης.
2996 2290 3060 2345 Οἱ
3118 2288 3175 2346 δὲ
3231 2292 3553 2368 κομίσαντες
3592 2297 3729 2353 αὐτὰ

2083 2368 2275 2447 ἄνδρες
2315 2370 2588 2436 ἐπιδόντες
2622 2375 2786 2448 μόνον
2835 2376 2909 2438 ὡς
2946 2379 3094 2451 παρά
3134 2401 3281 2444 τινος
3342 2384 3586 2459 μεγάλου
3636 2386 3730 2442 ἆν-

2084 2456 2210 2536 δρὸς
2241 2464 2328 2517 καὶ
2363 2464 2632 2520 πλουσίου
2664 2464 3041 2523 ἀποσταλέντα
3091 2468 3244 2534 εὐθὺς
3297 2456 3435 2545 μετά
3480 2472 3726 2547 σπουδῆς

2082 2548 2463 2626 ἀνεχώρησαν.
2518 2549 2930 2619 Μεταλαϐόντες
2989 2553 3045 2611 δὲ
3101 2564 3208 2614 τῶν
3269 2558 3555 2636 ἐδωδίμων
3596 2565 3728 2641 ἄχρι

2081 2647 2452 2711 πεντηκοστῆς
2519 2640 2570 2712 ἐξ
2618 2643 2798 2699 αὐτῶν
2847 2642 3280 2720 ἓπηρκέσθησαν,
3332 2647 3472 2707 ὥστε
3520 2640 3729 2726 θαυμά-

2084 2732 2188 2798 ζειν
2221 2727 2414 2792 αύτοὺς
2445 2729 2534 2785 καὶ
2564 2728 2764 2805 λέγειν,
2798 2733 2881 2786 ὅτι
2910 2730 3166 2803 Ἀληθῶς
3194 2740 3362 2792 ταῦτα
3403 2738 3549 2814 παρὰ
3596 2745 3730 2796 Θεοῦ

2082 2816 2489 2890 ἀπεστάλησαν.

2155 2909 2251 2969 Εἷς
2284 2905 2342 2963 δέ
2396 2930 2480 2972 τις
2534 2913 2642 2964 τῶν
2702 2914 2967 2989 μοναχῶν
3024 2913 3181 2985 ⁴ἠξίου
3233 2924 3580 2994 παραχρῆμα
3636 2920 3728 2976 τὸν

2084 2995 2296 3069 Πατέρα
2337 2995 2599 3067 δεηθῆναι
2653 2999 2784 3074 ὑπὲρ
2833 3000 3022 3067 αὐτοῦ,
3073 3003 3301 3077 χάριτός
3349 3027 3498 3069 τινος
3545 3007 3727 3078 ἀξιοῦ-

2086 3086 2228 3140 σθαι.
2289 3086 2737 3159 Προσευξαμένου
2781 3084 2839 3141 δὲ
2889 3085 3081 3158 αὐτοῦ,
3130 3092 3164 3159 ἡ
3209 3095 3308 3158 τῆς
3365 3115 3725 3175 ταπεινοφρο-

2084 3173 2248 3246 σύνης
2278 3172 2426 3248 αῦτῷ
2473 3173 2684 3233 δίδοται
2743 3177 2929 3255 χάρις,
2960 3178 3049 3232 καὶ
3095 3182 3193 3249 τῆς
3247 3183 3554 3255 πραότητος
3591 3172 3611 3218 ί
3653 3186 3730 3250 ὡς

321 3239 525 3331 πάντας
559 3269 706 3345 εἶχεν
766 3239 999 3342 ἐξαίσιον
1053 3273 1115 3328 τὸ
1155 3266 1337 3348 ὅραμα
1361 3239 1973 3355 ’ἀμφοτένρωντδίηγουξ
2002 3239 2045 3308 c
2085 3239 2623 3355 Oauéétsw'tdvm
2686 3239 2836 3342 ὑπ’ξθ
2886 3239 3052 3355 α’ὖτθδ
3115 3239 3725 3348 ὖᾶερδδλήίπραότη-

328 3357 526 3431 μένων.
580 3355 800 3433 Διέμενε
852 3364 982 3438 γοῦν
1017 3360 1112 3417 σὺν
1168 3368 1286 3427 τοῖς
1343 3362 1604 3435 ἀσκηταῖς
1661 3367 1690 3421 6
1749 3366 1847 3423 οὐκ
1894 3364 1974 3423 ἔτι

331 3445 683 3527 ἀνδροφόνος,
713 3447 847 3530 ἂίχρι
901 3458 1003 3523 τῆς
1067 3453 1332 3525 τελευτῆς
1385 3455 1476 3511 τὸν
1522 3456 1718 3513 ἑαυτοῦ
1765 3456 1969 3532 τρόπον

328 3533 793 3611 διορθωσάμενος,
827 3541 942 3595 οἷον
973 3540 1154 3615 ἀρνίον
1181 3563 1234 3598 τι
1265 3544 1462 3599 ἄκακον
1495 3541 1556 3600 ἐκ
1585 3544 1756 3602 λύκου
1802 3567 1975 3620 μετα-

327 3620 577 3715 ϐληθείς.
622 3627 968 3704 Ἐπληροῦτο
1015 3627 1073 3685 δὶ
1122 3632 1212 3687 καὶ
1260 3630 1345 3688 ἐπ’
1390 3634 1538 3707 αὐτῷ
1585 3636 1620 3706 ἡ
1665 3637 1973 3715 προφητεία

323 3712 545 3772 Ἡσαΐου
607 3715 865 3794 λέγοντος
897 3736 912 3754 ’
948 3719 1118 3776 Λύκοι
1176 3722 1268 3777 καί
1314 3720 1468 3798 ἄρνες
1526 3723 1639 3797 ἃμα
1691 3712 1971 3800 βοσκηθή-

328 3825 534 3879 σονται,
563 3808 653 3863 καὶ
703 3805 842 3864 λέων
891 3810 981 3865 καὶ
1034 3811 1166 3884 βοῦς
1207 3811 1319 3884 ἅμα
1349 3811 1611 3889 φάγονται
1641 3811 1840 3887 ἄχυρα.
1870 3818 1970 3871 Ἦν

327 3895 427 3972 γὰρ
489 3892 622 3951 ἰδεῖν
686 3896 796 3955 ἐκεῖ
864 3899 955 3954 καὶ
1031 3898 1297 3962 Αἰθίοπας
1355 3901 1447 3955 σὺν
1524 3906 1640 3962 τοῖς
1700 3908 1970 3977 μοναχοῖς

329 3985 643 4059 ἀσκοῦντας,
673 3988 766 4043 καὶ
805 3986 1055 4050 πολλοὺς
1098 3983 1545 4061 ὑπερϐάλλοντας
1593 3989 1646 4045 ἐν
1680 3996 1800 4054 ταῖς
1847 3991 1970 4067 ἀρε-

324 4079 443 4137 ταῖς
486 4096 502 4110 ·
534 4077 624 4131 καὶ
690 4076 1133 4152 πεπληρωμένην
1190 4076 1273 4133 ἐπ’
1334 4077 1513 4141 αὐτοῖς
1566 4078 1664 4149 τήν
1730 4083 1971 4161 Γραφήν,

326 4162 588 4237 λέγουσαν
649 4183 664 4199 ⁶
728 4167 983 4224 Αἰθιοπία
1040 4166 1337 4245 προφθάσει
1412 4172 1577 4245 χεῖρα
1643 4170 1817 4240 αὐτῆς
1894 4176 1973 4244 τῷ

327 4258 465 4326 Θεῷ.

402 4342 645 4402 ’Άλλοτε
674 4343 732 4401 δὲ
769 4346 905 4417 ἦσαν
962 4346 1238 4420 Ἕλληνες
1267 4349 1406 4426 πρὸς
1454 4351 1810 4426 Χριστιανοὺς
1864 4373 1973 4408 κω-

338 4434 516 4507 μήτας
575 4432 980 4515 διαμαχόμενοι
1028 4437 1163 4513 ὑπὲρ
1208 4437 1372 4514 ὁρίων
1410 4440 1612 4498 αὐτῶν.
1655 4440 1876 4511 Πλῆθος
1918 4438 1974 4497 δὲ

329 4521 396 4591 ἦν
429 4522 694 4601 ἑκατέρων
741 4525 1012 4600 ἐνόπλων,
1045 4530 1132 4591 οἷς
1171 4527 1367 4601 ἐπέστη
1403 4530 1431 4584 ὁ
1483 4529 1776 4592 ’Δπολλὼς
1824 4532 1973 4607 εἰρη-

2084 3374 2179 3410 τος
2203 3353 2566 3428 κτησαμένου.
2615 3355 2947 3431 Ἐξηγοῦντο
3006 3352 3064 3411 δὲ
3098 3359 3234 3432 ἡμῖν
3294 3362 3345 3416 οἱ
3397 3362 3520 3436 περὶ
3564 3364 3725 3419 αὐτὸν

2087 3446 2322 3521 Πατέρες
2368 3444 2568 3510 ταύτας
2614 3443 2778 3502 αὐτοῦ
2823 3447 2922 3509 τάς
2971 3444 3248 3522 δυνάμεις,
3305 3452 3723 3529 μαρτυρούντων

2084 3534 2229 3607 αὐτῷ
2253 3540 2421 3592 ταῦτα
2449 3536 2539 3591 καὶ
2569 3534 2798 3591 πολλῶν
2830 3532 3108 3613 ἀδελφῶν.
3587 3535 3589 3537 ’

2156 3625 2255 3680 Καὶ
2286 3626 2391 3700 γὰρ
2424 3623 2592 3699 λιμοῦ
2624 3645 2756 3680 ποτε
2788 3624 2851 3681 ού
2894 3628 3001 3701 πρὸ
3050 3626 3267 3684 πολλοῦ
3320 3651 3469 3696 τινος
3524 3634 3726 3709 χρόνου

2080 3715 2217 3769 κατὰ
2245 3716 2343 3783 τὴν
2374 3710 2621 3786 Θηϐαίδα
2652 3713 2969 3790 γενομένου,
3017 3716 3344 3784 ἀκούσαντες
3395 3723 3448 3777 οἱ
3498 3744 3732 3799 προσοι-

2081 3810 2299 3869 κοῦντες
2330 3806 2425 3869 τὰς
2456 3806 2646 3870 πόλεις
2668 3808 2792 3863 λαοὶ
2828 3807 2911 3863 ὅτι
2951 3829 3052 3882 περ
3094 3812 3146 3864 οἰ
3194 3813 3317 3887 περὶ
3366 3815 3528 3870 αὐτὸν
3578 3838 3730 3887 μονα-

2087 3893 2183 3972 χοὶ
2214 3894 2492 3958 πολλάκις
2524 3895 2572 3968 ἐξ
2603 3895 2910 3971 ἀμηχάνων
2944 3895 3254 3974 ἐτρέφοντο,
3290 3908 3537 3975 παρῆσαν
3597 3905 3730 3975 ὁμο-

2082 3981 2321 4057 θυμαδὸν
2368 3985 2505 4057 πρὸς
2552 3984 2711 4039 αὐτὸν
2755 3984 2846 4040 σὺν
2902 3986 3109 4059 γυναιξὶ
3160 3988 3251 4042 καὶ
3288 3989 3521 4058 τέκνοις,
3571 3989 3729 4045 6616-

2082 4073 2205 4148 γίας
2234 4072 2349 4147 ἅμα
2377 4074 2467 4128 καὶ
2496 4075 2702 4153 τροφήν
2756 4074 3052 4137 αἰτοῦντες.
3103 4075 3162 4128 Ὀ
3208 4073 3267 4130 δὲ
3317 4073 3486 4149 μηδὲν
3537 4075 3729 4143 δεδιὼς

2087 4164 2163 4235 μή
2207 4183 2339 4218 ποτε
2379 4162 2536 4237 λήψῃ
2593 4167 2701 4218 τῶν
2764 4163 3096 4239 βρωμάτων,
3150 4162 3336 4220 ἐδίδου
3391 4170 3550 4221 πᾶσιν
3610 4172 3728 4231 τοῖς

2083 4251 2406 4328 ἐρχομένοις
2466 4253 2672 4326 ἑκάστῳ
2725 4253 2787 4308 τὸ
2845 4248 3108 4329 αὔταρκες
3175 4253 3424 4329 ἡμέριον.
3486 4255 3732 4314 Ὑπολει-

2083 4342 2320 4420 φθέντων
2378 4340 2435 4398 δὲ
2489 4348 2655 4419 τριῶν
2722 4340 3000 4418 σπυρίδων
3064 4342 3320 4422 μεγάλων
3381 4345 3543 4419 μόνον
3595 4350 3732 4422 μετὰ

2081 4438 2192 4489 τῶν
2222 4432 2419 4510 ἄρτων,
2442 4436 2531 4489 καὶ
2561 4438 2659 4491 τοῦ
2698 4432 2871 4509 λιμοῦ
2909 4432 3353 4510 ἐπικρατοῦντος,
3405 4439 3731 4512 προστάσσει

2084 4523 2161 4588 εἰς
2194 4522 2353 4596 μέσον
2382 4522 2632 4604 φέρεσθαι
2661 4525 2755 4586 τὰς
2797 4521 3082 4598 σπυρίδας,
3114 4524 3179 4590 ἃς
3229 4526 3282 4580 οἱ
3334 4526 3568 4603 μοναχοὶ
3613 4528 3732 4584 κατ’

328 4612 519 4673 νεύων.
551 4613 869 4672 ’Δνθίστατο
902 4614 959 4673 δὲ
998 4616 1143 4691 αὐτῷ
1164 4619 1192 4674 6
1214 4623 1322 4675 τῶν
1343 4617 1630 4690 Ἑλλήνων
1660 4640 1974 4697 προμαχος,
2009 4615 2055 4681 D
2085 4612 2252 4682 αὐτὴν
2280 4615 2378 4683 τὴν
2418 4613 2628 4689 ἡμέραν
2660 4612 2855 4669 ἐσθίειν
2902 4608 3161 4688 ἔμελλον,
3217 4615 3307 4670 καὶ
3354 4615 3432 4679 εἷς
3488 4617 3730 4687 ὑπήκοον

332 4698 503 4765 δεινός
532 4724 616 4766 τις
643 4704 734 4760 καὶ
767 4704 953 4781 ἄγριος
993 4707 1091 4779 ὢν,
1134 4703 1617 4783 διαϐεϐαιούμενος
1655 4710 1741 4764 καὶ
1778 4706 1972 4784 λέγων,

2083 4699 2296 4755 πάντων
2326 4704 2435 4756 τῶν
2475 4699 2750 4779 ἀδελφῶν,
2781 4701 2871 4756 καὶ
2918 4706 3027 4756 τῶν
3079 4700 3293 4775 ὄχλων,
3344 4701 3462 4755 εἶπε
3513 4703 3729 4776 μεγάλῃ

331 4793 422 4861 Μὴ
459 4789 619 4848 δώσω
655 4793 879 4870 εἰρήνην
935 4797 1071 4875 ἄχρι
1126 4798 1376 4855 θανάτου.
1407 4796 1464 4852 Ὀ
1532 4794 1591 4852 δέ
1639 4818 1772 4871 φησι
1840 4799 1975 4873 πρὸς
2079 4795 2149 4861 τῆ
2180 4795 2334 4869 φωνῇ
2379 4809 2392 4823 ⁶
2425 4793 2514 4861 Μὴ
2566 4790 2673 4866 οὐχ
2717 4790 2894 4865 ἰσχύει
2940 4792 2975 4858 ἡ
3027 4789 3150 4863 χεὶρ
3212 4788 3409 4863 Κυρίου
3458 4788 3733 4859 πληθῦναι

330 4880 493 4937 αὐτόν
529 4901 542 4915 ⁸
578 4884 682 4940 Καὶ
716 4881 782 4955 δὴ
813 4885 1047 4960 γενέσθω
1074 4884 1203 4961 ὅπερ
1237 4884 1391 4943 εἷ’λω.
1425 4883 1619 4949 Οὐδεὶς
1647 4888 1748 4963 γὰρ
1795 4884 1976 4963 ἔτερος
2079 4881 2247 4938 ταῦτα
2281 4900 2296 4953 ;
2332 4880 2423 4937 καὶ
2470 4878 2597 4936 τάδε
2638 4879 2781 4954 λέγει
2831 4880 2902 4934 τὸ
2953 4881 3171 4951 Πνεῦμα
3208 4878 3270 4932 τὸ
3296 4877 3446 4953 ἅγιον
3485 4895 3499 4909 ’
3532 4879 3606 4933 Οὐ
3654 4882 3729 4954 μή

329 4970 741 5048 ἀναιρεθήσεται
788 4973 937 5044 πλὴν
987 4976 1072 5036 σύ,
1118 4976 1307 5033 Ἔσται
1354 4974 1411 5032 δὲ
1440 4977 1526 5032 σοὶ
1557 4978 1773 5034 θανόντι
1803 4979 1912 5055 οὐχ
1939 4981 1975 5049 ἡ

329 5064 401 5136 γῆ
430 5061 620 5137 τάφος,
653 5060 801 5118 ἀλλᾶ
829 5060 1084 5139 γαστὲρες
1115 5064 1319 5140 θηρίων
1350 5067 1440 5121 καὶ
1486 5071 1674 5143 γυπῶν
1720 5065 1980 5140 πλησθή-

332 5168 518 5204 σονται
547 5150 655 5205 ἀπὸ
686 5154 803 5208 σοῦ.
839 5152 940 5209 Καὶ
971 5151 1039 5222 δὴ
1071 5154 1099 5208 6
1133 5151 1296 5231 λόγος
1337 5153 1490 5218 εὐθὺς
1533 5154 1616 5219 ἐἰς
1668 5150 1831 5234 ἔργον
1881 5154 1979 5233 γέ-

329 5254 507 5311 γονεν,
561 5234 783 5301 οὐδενὸς
840 5238 891 5310 ἐξ
976 5240 1236 5315 ἐκατέρου
1323 5240 1524 5317 μέρους
1609 5242 1981 5319 ἀναιρεθέντος

330 5323 480 5395 πλὴν
507 5329 606 5382 τοῦ
635 5327 940 5409 προμάχου
972 5348 986 5363 '
1020 5330 1078 5385 ὃν
1127 5331 1218 5386 καὶ
1250 5334 1529 5406 χώσαντες
1578 5332 1631 5387 ἐν
1678 5336 1746 5407 τῇ
1786 5332 1981 5407 ἄμμῳ,

334 5415 485 5489 πρωῒ
515 5416 671 5492 εὗρον
719 5418 795 5482 εἰς
828 5420 969 5493 μέλή
1032 5419 1439 5498 ἐσπαραγμένον
1502 5422 1606 5478 ὑπὸ
1662 5426 1850 5499 γυπῶν
1890 5422 1983 5479 καὶ

338 5504 562 5563 ὖαίνων.
597 5508 659 5562 Οἱ
692 5505 749 5564 δὲ
779 5512 853 5573 ὡς
882 5508 1006 5566 ἴδον
1054 5511 1118 5565 τὸ
1167 5512 1348 5585 θαῦμα
1376 5512 1465 5567 καί
1522 5512 1621 5581 τὴν
1669 5516 1766 5568 τοῦ
1812 5513 1985 5589 λόγου

336 5589 800 5667 ἐκϐασιν,πάντες
852 5603 933 5674 τῷ
972 5601 1191 5675 Σωτῆρι
1244 5599 1646 5673 πιστεύσαντες,
1691 5603 1983 5681 προφήτην

339 5683 501 5741 αὐτὸν
530 5684 691 5761 ἂνεκή
700 5709 918 5766 ρυττον.

408 5774 510 5834 Ἦν
540 5773 600 5833 δὲ
630 5773 712 5835 ἔτι
740 5781 847 5858 πρὸ
874 5777 1071 5837 τούτου
1102 5778 1157 5838 ἐν
1208 5782 1287 5856 τῷ
1316 5779 1573 5859 σπηλαίῳ
1616 5787 1714 5841 τοῦ
1754 5780 1916 5862 ὄρους
1957 5784 1987 5843 6

340 5863 500 5944 ἅγιος
526 5867 823 5936 Ἀπολλῶς
863 5872 956 5930 σὺν
1005 5871 1163 5930 πέντε
1188 5870 1327 5931 τισὶν
1374 5870 1663 5958 ἀδελφοῖς,
1693 5875 1746 5934 οἳ
1775 5879 1987 5955 πρῶτοι

2083 4969 2324 5047 ἐκλείψει
2367 4970 2528 5045 ἄρτος
2569 4967 2630 5023 ἐκ
2663 4972 2770 5024 τῶν
2831 4965 3105 5041 σπυρίδων
3174 4968 3406 5039 τούτων,
3455 4966 3621 5044 ἄχρις
3671 4968 3731 5025 ἂν

2082 5063 2412 5136 κορεσθῶσιν
2446 5058 2675 5119 ἅπαντες
2703 5061 2801 5112 τοῦ
2849 5055 2967 5112 νέου
3018 5057 3193 5116 σίτου.
3247 5058 3345 5114 Καὶ
3400 5053 3732 5113 διαϐεϐαιώ-

2086 5169 2251 5204 σαντο
2290 5149 2486 5211 πάντες
2516 5147 2567 5202 6':
2598 5146 3032 5222 παραγενόμενοι
3081 5146 3203 5203 τότε
3249 5147 3588 5222 τετράμηνον
3623 5153 3728 5203 πᾶ-

2086 5260 2167 5295 σιν
2233 5236 2524 5313 ἐπαρκέσαι
2586 5237 2714 5300 τοὺς
2789 5234 3004 5313 ἄρτους.
3065 5237 3305 5310 Ὁμοίως
3366 5234 3422 5291 δὲ
3497 5236 3586 5293 καὶ
3643 5236 3734 5293 ἐπὶ

2089 5327 2275 5385 ἐλαίου
2305 5328 2394 5383 καὶ
2449 5325 2599 5383 σίτου
2650 5326 2907 5383 πεποίκεν
2941 5344 2955 5360 ο
3001 5326 3076 5389 ὡς
3128 5330 3377 5401 παρεῖναι
3422 5326 3513 5382 τὸν
3560 5333 3733 5385 Σατα-

2089 5422 2204 5489 νᾶν,
2235 5420 2322 5474 καὶ
2355 5414 2523 5472 έίπεῖν
2557 5415 2724 5490 αὐτῷ,
2756 5418 2846 5488 Μὴ
2888 5415 3079 5479 Ἠλίας
3111 5416 3160 5471 εἶ
3214 5417 3300 5487 σὺ,
3349 5415 3384 5487 ἢ
3424 5413 3611 5492 ἕτερός
3651 5437 3734 5480 τις

2088 5510 2197 5563 τῶν
2228 5510 2526 5585 προφητῶν
2559 5505 2649 5562 καὶ
2681 5505 3025 5576 ἀποστόλων,
3060 5504 3142 5561 ὅτι
3192 5510 3363 5563 ταῦτα
3391 5504 3605 5581 τολμᾶς
3638 5525 3651 5577 ;
3678 5512 3739 5567 Ὀ

2092 5594 2149 5653 δὲ
2195 5598 2332 5674 πρὸς
2391 5596 2551 5653 αὑτὸν
2608 5589 2710 5674 ἔφη
2747 5615 2760 5630 ο
2794 5595 2858 5651 Τί
2884 5594 2986 5672 γάρ
3019 5617 3034 5669 ς
3069 5594 3167 5651 ούκ
3206 5592 3485 5671 ἅνθρωποι
3515 5597 3653 5667 ἦσαν
3685 5598 3737 5653 6':

2092 5688 2240 5766 ἅγιοι
2284 5688 2565 5762 προφῆται
2595 5686 2686 5743 καὶ
2731 5683 3033 5742 ἀπόστολοι
3076 5685 3127 5741 οἱ
3159 5689 3327 5742 ταῦτα
3374 5687 3509 5762 ἡμῖν
3560 5689 3735 5743 ποιεῖν

2090 5773 2560 5854 παραδώσαντες;
2616 5776 2653 5846 ἢ
2709 5774 2832 5832 τότε
2884 5781 3065 5852 παρῆν
3128 5776 3223 5853 μὶν
3291 5776 3320 5832 6
3359 5776 3513 5844 Θεὸς,
3538 5777 3628 5827 νῦν
3670 5768 3736 5824 Β

2094 5865 2445 5944 ἀπεδήμησεν
2478 5894 2495 5942 ;
2525 5865 2744 5924 δύναται
2802 5867 2831 5923 6
2889 5865 3019 5929 Θεὸς
3065 5864 3145 5922 ἀεὶ
3193 5869 3370 5923 ποιεῖν
3427 5864 3593 5921 ταῦτα
