4112 6210
424 299 582 363 1147

1937 293 2305 358 PALLADII

3662 291 3823 353 1148

430 429 585 487 οὐδὲν
616 430 943 504 ἂδυνατήσει
980 430 1149 504 αὐτῷ.
1182 430 1245 487 Εἰ
1276 431 1375 486 οὖν
1406 430 1435 485 6
1465 429 1594 492 Θεὸς
1633 429 1849 507 ἀγαθὸς,
1879 425 1944 483 σὺ
1985 425 2073 483 διὸ
2101 432 2161 499 Α
2191 447 2363 500 ματος
2418 425 2804 499 ἐσιωπήσαμεν
2867 419 3145 493 ἑκάστοτε,
3175 423 3305 499 παρ’
3358 421 3525 478 αὐτου
3577 420 3671 478 καί
3728 429 3837 481 τῶν

429 520 483 577 τί
511 524 753 596 πονηρός
786 542 801 595 ;
832 521 886 579 τί
931 524 1081 599 γάρ;
1139 522 1219 578 Οὐ
1271 518 1354 575 δεῖ
1409 517 1616 597 λέγειν,
1672 520 1761 576 καὶ
1820 517 1853 572 ἃ
1909 519 2073 591 ἡμεῖς

433 610 771 687 ἑωράκαμεν,
841 614 926 667 6'11
989 612 1185 685 μεστὰς
1251 609 1512 687 σπυρίδας
1571 609 1787 686 εἰσῆγον
1846 609 1922 671 εἰς
1979 608 2072 670 τὰς

431 701 698 778 τραπέζας
737 706 845 758 τῶν
887 700 1137 780 ἀδελφῶν
1190 703 1244 757 οἰ
1296 700 1423 763 τοὺς
1470 698 1663 772 ἄρτους
1721 697 2070 777 εἰσφέροντες,

431 793 520 848 καὶ
581 790 867 849 ἐσθιόντων
939 792 1303 847 πεντακοσίων
1375 787 1624 867 ἀδελφῶν
1695 786 1827 865 ἄχρι
1882 790 2075 860 καιροῦ

436 883 635 955 μεστὰς
663 881 829 938 πάλιν
861 881 1024 938 αύτάεν
1053 876 1444 953 ἀπελάμϐανον
1481 898 1495 949 ;

503 976 592 1035 Ὦς
653 970 710 1027 δὶ
783 971 874 1028 καὶ
948 968 1130 1046 ἕτερον
1192 972 1372 1043 θαῦμα
1418 966 1622 1031 ἰδόντες
1679 965 2069 1042 ἐξεπλάγημεν,

432 1058 639 1117 δίκαιόν
667 1058 809 1116 ἐστιν
851 1058 1042 1117 εἰπεῖν.
1076 1057 1360 1120 Ἐλθόντες
1408 1057 1511 1135 γὰρ
1551 1057 1689 1132 πρὸς
1734 1055 1895 1113 αὐτὸν
1925 1061 2071 1132 τρεῖς

428 1150 593 1221 ἡμεῖς
649 1144 878 1225 ἀδελφοὶ
952 1146 1360 1221 ἐγνωρίσθημεν
1427 1144 1706 1221 πόρῥωθεν
1770 1144 1903 1220 ὑπὲρ
1960 1148 2068 1200 τῶν

427 1232 679 1315 ἀδελφῶν
733 1234 1036 1311 ὁραθέντες,
1082 1239 1191 1291 τῶν
1236 1234 1690 1308 προακουσάντων
1737 1235 1865 1309 παρ’
1903 1233 2069 1289 αὐτοῦ

425 1326 551 1398 περὶ
578 1331 680 1395 τῆς
711 1326 872 1398 ἡμῶν
908 1326 1048 1400 πρὸς
1079 1325 1240 1380 αὐτὸν
1293 1324 1525 1401 ἀφίξεως
1559 1341 1573 1355 ·
1628 1323 1681 1379 οἳ
1714 1323 1849 1399 μετά
1906 1344 2072 1378 σπου-

425 1410 527 1481 δῆς
602 1411 1049 1490 προσδραμόντες
1127 1414 1441 1485 ὑπήντησαν
1535 1415 1673 1486 ἡμῖν
1764 1410 2069 1487 ψάλλοντες

424 1507 612 1575 (τοῦτο
643 1502 745 1578 γὰρ
791 1505 981 1565 αὐτοῖς
1012 1501 1133 1566 ἔθος
1173 1503 1314 1559 ἐστὶν
1361 1503 1497 1578 πρὸς
1544 1504 1749 1567 πάντας
1792 1500 1921 1567 τοὺς
1965 1523 2066 1576 μο-

422 1594 673 1668 ναχοὺς),
704 1592 797 1648 καὶ
843 1595 1313 1668 προσκυνήσαντες
1359 1592 1447 1648 ἐπὶ
1486 1592 1778 1668 πρόσωπον
1828 1592 1919 1647 ἐπὶ
1965 1593 2065 1662 τήν

420 1689 547 1755 γῆν,
578 1680 799 1761 ἐφίλουν
855 1684 1027 1756 ἡμᾶς,
1078 1680 1354 1753 ἀλλήλοις
1401 1680 1827 1742 ἐπιδεικνύοντες
1860 1701 1872 1714 ⁸
1925 1677 2065 1737 Ἰδοὺ

2185 515 2374 573 ἄλλων
2406 516 2689 578 ἀκούοντες
2722 531 2737 585 ;

2256 604 2451 662 Πολλὰ
2483 602 2541 660 δὶ
2568 603 2695 679 περὶ
2727 604 3007 674 ἀσκήσεως
3037 602 3128 658 καὶ
3185 600 3466 666 πολιτείας
3524 604 3663 676 ἡμῖν
3722 599 3839 659 δια-

2187 691 2408 769 λεχθεὶς
2438 693 2575 749 κατᾶ
2608 693 2773 767 μόνας
2804 689 3097 762 πολλάκις,
3129 693 3218 748 καὶ
3248 691 3376 767 περὶ
3405 697 3505 761 τῆς
3545 688 3837 766 ὑποδοχῆς

2183 788 2292 840 τῶν
2315 781 2583 859 ἀδελφῶν,
2628 778 2835 858 ἔλεγεν,
2867 783 2950 838 ὅτι
2995 780 3079 837 δεῖ
3119 781 3455 857 ἐρχομένους
3484 780 3614 843 τοὺς
3668 777 3833 836 ἀδελ-

2183 873 2318 953 φοὺς
2377 877 2721 950 προσκυνεῖν.
2780 872 2855 928 Οὐ
2921 872 3025 950 γὰρ
3076 870 3293 942 αὐτοὺς,
3360 869 3508 927 ἀλλά
3552 871 3644 925 τὸν
3700 871 3834 926 Θεὸν

2181 963 2591 1039 προσεκύνησας
2624 980 2639 995 ⁸
2674 958 2782 1025 ἴδες
2810 961 2935 1038 γὰρ,
2985 962 3142 1041 φησί,
3172 961 3266 1017 τὸν
3297 957 3534 1036 ἀδελφόν
3567 981 3687 1032 σου,
3721 956 3835 1022 ἴδες

2180 1052 2377 1128 Κύριον
2408 1054 2501 1108 τὸν
2550 1051 2681 1108 Θεόν
2736 1072 2833 1106 σου
2869 1070 2881 1083 ³
2935 1051 3082 1127 παρὰ
3128 1054 3225 1107 τοῦ
3275 1045 3527 1127 ’Δϐραάμ
3571 1049 3839 1127 παρειληο

2182 1164 2382 1219 φαμεν,
2416 1142 2461 1198 εἰ
2493 1144 2584 1198 καὶ
2618 1142 2704 1198 ὅτι
2744 1141 2825 1198 δεῖ
2882 1139 2991 1197 ἔσθ’
3046 1139 3138 1198 ὅτε
3191 1141 3318 1204 τοὺς
3372 1138 3646 1219 ἀδελφοὺς
3698 1142 3839 1216 πρὸς

2179 1232 2477 1290 ἀνάπαυσιν
2528 1226 2975 1307 παραϐιάζεσθαι,
3021 1233 3166 1307 παρὰ
3203 1234 3300 1286 τοῦ
3330 1230 3459 1286 Λὼτ
3507 1231 3833 1305 μεμαθήκα-

2184 1343 2297 1395 μεν,
2325 1315 2806 1399 παραϐιασαμένου
2863 1320 2989 1384 τοὺς
3042 1320 3328 1399 ἀγγέλους,
3385 1319 3473 1375 καὶ
3528 1319 3613 1375 δτι
3645 1317 3730 1374 δεῖ
3787 1320 3831 1374 εἰ

2183 1408 2404 1468 δυνατὸν
2451 1414 2578 1474 τοὺς
2641 1409 2925 1487 μοναχοῦς
2983 1412 3101 1467 καθ’
3157 1408 3387 1481 ἑκάστην
3446 1410 3659 1485 ἡμέραν
3721 1415 3830 1464 τῶν

2186 1501 2504 1577 μυστηρίων
2530 1506 2831 1557 κοινωνεῖν.
2883 1504 2945 1558 Ὁ
2989 1500 3091 1576 γὰρ
3145 1500 3428 1575 μακρύνων
3479 1500 3675 1555 ἑαυτοῦ
3724 1498 3830 1554 ἀπὸ

2178 1591 2407 1663 τούτων,
2459 1590 2788 1665 μακρύνεται
2834 1590 2941 1645 ἀπὸ
2998 1586 3094 1645 τοῦ
3144 1594 3299 1645 Θεοῦ.
3368 1593 3425 1644 '0
3472 1586 3532 1645 δὲ
3579 1593 3827 1663 συνεχῶς

2173 1683 2336 1735 τοῦτο
2391 1684 2564 1735 ποιῶν
2621 1680 2712 1734 τὸν
2772 1685 3008 1754 Σωτῆρα
3064 1683 3307 1754 συνεχῶς
3363 1675 3711 1755 ὑποδέχεται.
3760 1683 3824 1732 Ἡ

420 1770 614 1841 ἥκασιν
648 1772 701 1827 οἱ
732 1769 959 1847 ἀδελφοί
991 1773 1114 1848 περί
1145 1774 1217 1827 ὧν
1248 1774 1277 1828 6
1308 1773 1494 1846 Πατὴρ
1524 1773 1630 1847 πρὸ
1650 1776 1814 1846 τριῶν
1843 1773 2066 1846 ἡμερῶν
2101 1810 2146 1875 Β
2175 1770 2279 1846 γὰρ
2312 1772 2583 1845 σωτήριος
2616 1770 2771 1846 φωνή
2804 1790 2993 1847 φησιν,
3025 1772 3082 1824 Ὀ
3121 1767 3313 1875 ἐσθίων
3350 1788 3457 1843 μου
3472 1768 3587 1875 ςτήν
3630 1767 3823 1875 σάρκα,

421 1859 746 1937 προείρηκεν
779 1864 941 1936 ἡμῖν,
970 1861 1056 1917 6'11
1086 1864 1236 1918 Μετὰ
1281 1866 1429 1934 τρεῖς
1466 1860 1677 1937 ἡμέρας
1707 1860 1897 1932 ἥξουσι
1931 1860 2069 1934 πρὸς
2104 1856 2146 1875 ν
2177 1859 2265 1915 καὶ
2306 1858 2471 1915 πίνων
2497 1860 2603 1933 μοὶ)
2634 1860 2696 1915 τὸ
2743 1861 2904 1932 αἷμα,
2940 1858 3084 1933 μένει
3133 1858 3185 1913 ἐν
3247 1857 3395 1931 ἐμοὶ,
3426 1856 3580 1932 κάγὼ
3627 1857 3680 1913 ἐν
3727 1858 3823 1913 αὐ-

419 1951 569 2024 ἠμάς
615 1955 759 2025 τρεῖς
830 1948 1060 2028 ἀδελφοὶ
1116 1950 1224 2006 ἀπὸ
1282 1949 1682 2026 Ἰεροσολύμων
1747 1947 2065 2029 ἐρχόμενοι.

418 2041 525 2097 Καὶ
557 2042 608 2096 0'1
646 2041 742 2114 μὲν
767 2047 1015 2116 προῆγον
1046 2042 1219 2115 ἡμᾶς,
1252 2040 1303 2094 οἱ
1352 2036 1411 2095 δὶ
1457 2038 1800 2109 ἠκολούθουν
1848 2038 2064 2095 ὄπισθεν

417 2131 580 2204 ἡμῶν
609 2127 936 2203 ψάλλοντες,
966 2129 1129 2206 ἄχρις
1162 2127 1224 2184 οὗ
1263 2127 1500 2200 πλησίον
1532 2128 1709 2186 αὐτῶν
1736 2128 2063 2206 ἐφθάσαμεν.

417 2220 686 2282 Ἀκούσας
743 2217 801 2274 δὶ
858 2221 888 2275 6
935 2220 1115 2294 πατὴρ
1186 2217 1480 2282 Ἀπολλὼς
1557 2223 1658 2285 τῆς
1723 2227 1906 2297 φωνῆς
1957 2224 2067 2276 τῶν

417 2307 769 2384 ψαλλόντων,
800 2310 1104 2381 ὑπήντησεν
1136 2311 1273 2383 ἡμῖν
1317 2310 1458 2366 κατά
1502 2307 1565 2365 16
1614 2305 1733 2373 ἔθος
1783 2313 1948 2365 αὐτοῦ
2002 2309 2065 2365 τὸ

414 2399 553 2475 πρὸς
591 2398 796 2461 πάντας
850 2398 977 2462 τοὺς
1032 2397 1324 2476 ἀδελφούς.
1358 2398 1457 2455 Καὶ
1490 2398 1626 2455 ἰδὼν
1684 2401 1835 2473 ἡμᾶς
1884 2420 2063 2476 προσ-

418 2487 642 2559 εκύνησε
671 2492 912 2562 πρῶτος,
944 2486 1033 2543 ἐπὶ
1061 2489 1161 2558 τὴν
1191 2495 1295 2564 γῆν
1336 2486 1525 2543 ἐαυτὸν
1573 2484 1893 2549 ἐναπλώσας
1928 2506 1941 2520 ·
1975 2486 2064 2542 καὶ

411 2576 641 2639 ἀναστὰς
700 2575 948 2649 ἐφίλησε.
1016 2576 1121 2634 Καὶ
1191 2577 1493 2653 εἰσαγαγὼν
1551 2575 1911 2652 ὑπερηύξατο.
1962 2575 2063 2631 Καὶ

409 2668 538 2731 τοὺς
594 2663 765 2730 πόδας
822 2669 984 2741 ἡμῶν
1043 2667 1202 2742 νίψας
1251 2667 1443 2747 χερσὶν
1493 2667 1745 2738 οἰκείαις,
1775 2670 1914 2743 πρὸς
1964 2669 2064 2739 τὴν

411 2755 707 2812 ἀνάπαυσιν
754 2754 1147 2833 προετρέψατο.
1194 2760 1362 2812 Τοῦτο
1408 2752 1466 2811 δέ
1513 2762 1674 2813 πᾶσιν
1728 2754 1902 2812 ἐποίει
1942 2761 2062 2821 τοῖς

417 2841 740 2922 ἐρχομένοις
786 2847 923 2922 πρὸς
975 2844 1134 2901 αὐτὸν
1180 2842 1462 2925 ἀδελφοῖς.
1493 2846 1560 2905 Οἱ
1620 2851 1724 2922 γάρ
1774 2847 1866 2902 σὺν
1914 2847 2060 2921 αὐτῷ

411 2932 642 3011 ἀδελφοὶ
723 2934 785 2991 οὐ
851 2935 1114 3012 πρότερον
1183 2941 1283 3006 τῆς
1329 2942 1539 3012 τροφῆς
1619 2932 2063 3011 μετελάμϐανον,

409 3021 574 3094 πρινὴ
622 3027 724 3091 τῆς
782 3018 1135 3099 εὐχαριστίας
1190 3021 1288 3076 τοῦ
1357 3023 1602 3097 Χριστοῦ
1660 3023 2062 3093 κοινωνήσωσι.

406 3114 575 3165 Τοῦτο
607 3107 665 3165 δὲ
693 3108 913 3167 ἐποίουν
946 3112 1085 3167 κατὰ
1128 3111 1228 3179 τὴν
1278 3107 1500 3181 ἒννάτην
1556 3108 1701 3185 ὥραν
1774 3110 1998 3187 ἡμέριον
2036 3128 2051 3143 ·

2173 1954 2275 2023 τῷ.
2306 1954 2474 2006 Τοῦτο
2532 1948 2623 2006 οῦν
2680 1952 2943 2028 συμφέρει
2992 1956 3110 2014 τοῖς
3164 1955 3455 2025 μοναχοίς,
3514 1949 3825 2022 ὑπόμνησιν

2174 2043 2272 2095 τοῦ
2299 2039 2573 2115 σωτηρίου
2603 2040 2810 2102 πάθους
2861 2043 3109 2115 συνεχῶς
3156 2037 3535 2114 ποιουμένοις,
3567 2039 3660 2094 καὶ
3712 2040 3826 2112 μεθ’

2174 2125 2386 2202 ἡμέραν
2416 2125 2670 2199 ἑτοίμους
2704 2127 2841 2182 εἶναι
2891 2126 3317 2200 παρασκευάζειν
3373 2126 3596 2188 ἑαυτοὺς
3643 2127 3825 2181 τοιού-

2173 2235 2324 2287 τους,
2356 2216 2432 2280 ὡς
2458 2214 2639 2287 ἀξίους
2671 2216 2802 2271 εἶναι
2851 2216 3088 2271 πάντοτε
3142 2216 3282 2290 πρὸς
3333 2216 3435 2285 τὴν
3490 2220 3601 2271 τῶν
3654 2215 3823 2289 ἁγίων

2173 2305 2264 2361 καὶ
2296 2305 2556 2381 οὐρανίων
2596 2304 2913 2380 μυστηρίων
2956 2302 3268 2379 ὑποδοχὴν,
3296 2302 3415 2360 ἐπεὶ
3454 2304 3547 2360 καὶ
3584 2302 3823 2383 ἀφέσεως

2172 2394 2455 2470 ἁμαρτιῶν
2542 2392 2685 2449 οὕτω
2762 2394 3181 2467 καταξιούμεθα.
3236 2393 3341 2458 Τὰς
3414 2391 3470 2448 δὲ
3524 2392 3819 2455 καθολικάς

2171 2482 2448 2557 νηστείας,
2478 2484 2635 2561 φησὶ,
2671 2485 2749 2558 μὴ
2804 2482 2918 2555 ἐξὸν
2969 2483 3117 2539 λύειν
3163 2483 3289 2540 ἄνευ
3331 2483 3510 2555 πάσης
3562 2484 3823 2559 ἀνάγκης.

2174 2574 2260 2629 Ἐν
2315 2574 2417 2649 γὰρ
2469 2570 2688 2648 τετράδι
2746 2574 2775 2628 6
2833 2574 3032 2645 Σωτὴρ
3090 2570 3476 2649 παραδίδοται,
3534 2571 3590 2628 ἐν
3650 2569 3708 2627 6‘s
3753 2576 3823 2646 τῇ

2172 2665 2487 2738 παρασκευῇ
2544 2666 2894 2738 σταυροῦται.
2931 2667 2987 2719 Ὀ
3049 2660 3141 2718 οὖν
3200 2662 3398 2725 ταύτας
3448 2662 3621 2733 λύων,
3683 2683 3823 2733 συμο

2169 2749 2512 2828 παραδίδωσι
2560 2753 2653 2808 τὸν
2711 2760 2950 2828 Σωτῆρα
3021 2754 3112 2809 καὶ
3198 2757 3497 2828 συσταυροῖ.
3573 2751 3697 2807 Ἐάν
3757 2749 3822 2806 δὲ

2171 2840 2294 2912 ἥκει
2316 2841 2452 2916 πρὸς
2491 2843 2641 2917 ήμᾶς
2672 2840 2931 2919 ἀδελφὸς,
2985 2843 3330 2906 ἀναπαύσεως
3379 2841 3651 2916 δεόμενος,
3706 2863 3815 2911 νη-

2171 2930 2345 2996 στείας
2375 2928 2563 3001 οὔσης,
2594 2933 2928 3006 παραθήσεις
2968 2932 3119 3005 αὐτῷ
3171 2954 3324 3008 μονῳ
3368 2933 3463 3002 τὴν
3518 2930 3822 3006 τράπεζαν,

2170 3020 2235 3079 Εἰ
2268 3018 2324 3076 δὲ
2360 3022 2435 3095 μὴ
2487 3019 2766 3096 βούλεται,
2822 3023 2897 3094 μὴ
2948 3021 3281 3097 ἀναγκάσῃς.
3316 3021 3513 3091 Κοινήν
3540 3020 3645 3097 γὰρ
3695 3020 3823 3095 ἒχο⁹

2173 3132 2267 3185 μεν
2301 3111 2494 3175 πάντες
2520 3112 2621 3181 τήν
2655 3108 2971 3185 παράδοσιν.
3005 3111 3315 3191 Ἐμέμφετο
3349 3109 3407 3166 δὲ
3454 3109 3647 3167 πολλά
3691 3114 3819 3174 τοὺς

407 3199 509 3254 εἶθ’
553 3197 726 3263 οὕτως
781 3197 1144 3271 διαιτηθέντες
1201 3197 1487 3269 ἐκάθηντο,
1544 3181 1831 3263 ἀκούοντες
1884 3181 2049 3257 αὐτοῦ
2081 3181 2226 3254 C161
2256 3196 2456 3275 σιδηρᾶ
2502 3181 2788 3278 φέροντα-ς,
2825 3202 2915 3255 καὶ
2960 3181 3087 3263 τοὺς
3135 3181 3424 3274 κομῶντας
3454 3243 3470 3257 .
3523 3199 3682 3256 Οὗτοι
3713 3203 3815 3277 γάρ

406 3285 756 3351 διδάσκοντος
793 3288 966 3350 πάσας
995 3287 1089 3348 τὰς
1113 3285 1338 3349 ’ἐντολὰς
1368 3287 1500 3361 ἄχρι
1546 3292 1644 3343 τοῦ
1674 3290 2047 3363 πρωθυπνίου.

404 3378 638 3435 Ἐκεῖθεν
672 3374 740 3446 δὴ
772 3378 823 3432 0'1
866 3378 960 3451 μὲν
989 3375 1078 3432 ἐπὶ
1114 3377 1214 3445 τήν
1264 3371 1473 3451 ἔρημον
1521 3376 1571 3446 ἐξ
1612 3378 1793 3433 αὐτῶν
1841 3377 2051 3455 ἀνεχώ-

406 3487 535 3540 ρουν
566 3464 1021 3536 ἀποστηθίζοντες
1049 3465 1144 3526 τὰς
1200 3464 1417 3541 Γραφάς
1474 3463 1611 3536 ὅλην
1669 3468 1770 3535 τήν
1828 3467 1993 3525 νύκτα
2027 3489 2041 3503 ·

405 3555 456 3608 οἰ
511 3553 569 3608 δέ
623 3552 737 3609 ἐκεῖ
789 3552 1251 3629 προσεκαρτέρουν
1319 3553 1612 3617 ἀπαύστοις
1689 3554 1882 3629 ὕμνοις
1950 3559 2043 3614 τὸν

403 3643 533 3699 Θεὸν
567 3641 936 3717 εὐφημοῦντες
966 3641 1132 3721 ἄχρις
1161 3642 1393 3720 ἡμέρας,
1426 3643 1516 3700 οὐ)
1567 3643 1674 3721 ἐγὼ
1726 3645 1887 3712 αὐτὸς
1918 3645 2044 3705 αὐτ-

405 3733 500 3807 οψί
549 3730 877 3808 ἐθεασάμην,
937 3733 1163 3810 ἐσπέρας
1239 3732 1566 3810 ἀρξαμένους
1633 3740 1744 3791 τῶν
1835 3736 2043 3812 ὕμνων,

402 3823 492 3878 καὶ
527 3821 695 3902 μέχρι
746 3822 895 3899 πρωῒ
950 3823 1012 3880 οὐ
1060 3823 1437 3899 παυσαμένους
1485 3831 1586 3895 τῆς
1626 3821 1797 3899 ᾠδῆς.
1831 3825 2045 3883 Πολλοὶ

406 3915 537 3989 γοῦν
588 3913 767 3969 αὐτῶν
818 3914 956 3970 κατά
1002 3915 1103 3985 τήν
1145 3912 1360 3980 ἐννάτην
1411 3912 1554 3989 ὥραν
1612 3913 1772 3988 μόνον
1840 3918 2044 3992 κατήρ-

406 4023 578 4083 χοντο
609 4003 669 4059 ἐκ
699 4006 796 4060 τοῦ
853 3999 1033 4079 ὅρους,
1082 4002 1172 4058 καὶ
1228 4007 1328 4068 τῆς
1374 4003 1722 4079 εὐχαριστίας
1771 4003 2046 4080 μετελάμ-

404 4088 594 4163 ϐανον,
622 4092 715 4148 καὶ
743 4091 911 4147 πάλιν
941 4091 1169 4165 ἀνῄεσαν
1202 4091 1526 4166 ἀρκούμενοι
1578 4097 1647 4167 τῇ
1704 4099 2044 4170 πνευματικῇ

405 4180 545 4254 μόνῃ
570 4185 748 4258 τροφῇ
793 4177 957 4255 ἄχρις
996 4179 1178 4250 ἄλλης
1225 4179 1466 4251 ἐννάτης.
1511 4183 1691 4237 Τοῦτο
1734 4179 1792 4236 δὲ
1830 4181 2045 4239 ἐποίουν

403 4266 612 4324 πολλοὶ
642 4267 693 4337 ἐξ
737 4267 912 4322 αὐτῶν
961 4266 1048 4323 ἐπὶ
1104 4267 1320 4331 πολλὰς
1364 4268 1596 4344 ἡμέρας.
1663 4274 1761 4326 Ἦν
1808 4268 1866 4326 δὲ
1916 4268 2045 4329 ἰδεῖν

405 4356 603 4419 αὐτοὺς
639 4351 1095 4430 ἀγαλλιωμὲνους
1122 4358 1257 4412 κατά
1283 4360 1383 4428 την
1412 4351 1641 4431 ἔρημον.
1690 4358 1805 4418 Οὐκ
1850 4361 1911 4415 ἄν
1960 4383 2045 4427 τις

405 4444 550 4499 εἶ’ποι
622 4444 715 4500 ἐπὶ
782 4445 883 4514 τήν
949 4451 1053 4521 γῆν
1112 4444 1314 4517 ταύτην
1371 4446 1630 4518 τοιαύτην
1689 4448 2041 4524 ἀγαλλίασιν,

2162 3285 2542 3362 ἐνδεικνύουσι,
2603 3290 2760 3364 φησὶ,
2818 3289 2908 3345 καὶ
2963 3292 3065 3361 τήν
3140 3290 3650 3366 ἀνθρωπαρέσκειαν
3718 3301 3815 3358 οη-

2162 3383 2342 3454 ρῶσιο
2400 3376 2518 3434 δέον
2578 3377 2775 3443 αὐτοὺς
2835 3378 3050 3453 μᾶλλον
3122 3381 3402 3451 νηστείαις
3479 3379 3694 3437 ἐκλύειν
3748 3381 3812 3436 16

2164 3472 2346 3541 σῶμα,
2374 3467 2463 3523 καὶ
2522 3466 2573 3522 ἐν
2622 3472 2845 3542 κρυπτῷ
2902 3469 2965 3526 τὸ
3016 3468 3186 3527 καλὸν
3245 3470 3525 3544 πράττειν.
3555 3470 3618 3525 Οί
3659 3467 3714 3525 δὲ
3745 3471 3808 3525 οὐ

2156 3560 2341 3629 τοῦτο,
2375 3554 2524 3612 ἀλλὰ
2553 3562 2716 3612 πᾶσιν
2749 3559 2974 3621 ἑαυτοὺς
3025 3557 3286 3635 φανεροὺς
3335 3561 3658 3619 καθιστῶσι.
3706 3556 3805 3613 Καὶ

2155 3647 2209 3702 τί
2239 3645 2298 3701 ἄν
2340 3668 2421 3710 τις
2455 3645 2599 3703 εἷ’ποι
2640 3650 2733 3713 τὰς
2775 3646 3005 3725 διδαχὰς
3048 3649 3213 3705 αὐτοῦ
3278 3651 3454 3712 πάσας
3511 3646 3807 3725 παραπλη-

2159 3735 2289 3799 σίως
2313 3737 2476 3799 οὔσας
2515 3737 2678 3793 αὐτοῦ
2730 3742 2800 3812 τῇ
2852 3735 3126 3810 πολιτείᾳ,
3160 3738 3220 3801 ’ἀς
3276 3736 3403 3795 οὐδὲ
3469 3740 3668 3818 φράσαι
3721 3759 3807 3801 τις

2158 3822 2284 3881 οὐδὲ
2310 3828 2513 3901 γράψαι
2545 3827 2660 3882 κατ’
2689 3827 2839 3897 ἀξίαν
2862 3824 3147 3900 δυνήσεται
3190 3848 3204 3899 ;
3238 3826 3477 3884 Πλεῖστα
3526 3827 3618 3884 οὖν
3661 3826 3809 3884 πολ-

2159 3912 2318 3978 λάκις
2350 3917 2824 3993 ἡμῖν,.καταμόνας
2856 3917 2994 3988 ὅλην
3027 3919 3127 3988 την
3162 3913 3441 3992 ἑϐδομάδα
3479 3915 3809 3994 διαλεγόμε-

2156 4027 2267 4078 νος,
2296 4008 2384 4063 καὶ
2419 3998 2762 4084 προπέμπων
2786 4009 2957 4082 ἡμᾶς,
2981 4004 3166 4085 ἔλεγεν
3191 4031 3203 4044 ο
3239 4008 3479 4084 Εἰρήνην
3513 4007 3671 4084 ἔχετε
3695 4016 3812 4083 μετ’

2159 4095 2451 4169 ἀλλήλων,
2481 4098 2572 4153 καὶ
2608 4098 2684 4171 μὴ
2716 4097 2807 4154 ἀπ’
2856 4096 3127 4169 ἀλλήλων
3168 4099 3243 4162 εἰς
3294 4096 3422 4155 ὁδὸν
3478 4101 3806 4175 χωρίζεσθε.

2230 4186 2487 4249 Εἰπόντος
2530 4183 2586 4242 δὲ
2614 4191 2731 4249 τοῖς
2770 4185 2863 4242 σὺν
2910 4187 3062 4261 αὐτῷ
3110 4184 3392 4266 ἀδελφοῖς,
3423 4187 3507 4251 τίς
3554 4187 3614 4244 ἂν
3666 4190 3808 4244 ἑκὼν

2159 4274 2426 4352 βούλοιτο
2458 4275 2507 4346 ἐξ
2536 4275 2713 4333 αὐτῶν
2757 4276 3194 4354 συμπροπέμψαι
3225 4280 3375 4353 ἡμᾶς
3403 4278 3541 4355 ἄχρι
3569 4284 3681 4335 τῶν
3711 4279 3813 4336 ἆ).-

2156 4362 2268 4420 λων
2304 4365 2585 4443 Πατέρων,
2618 4364 2814 4442 σχεδὸν
2860 4367 3087 4431 ἅπαντες
3127 4367 3473 4444 παρεκάλουν
3505 4370 3811 4443 προθύμως

2157 4455 2592 4530 συμπροπέμψαι
2623 4457 2792 4529 ἡμᾶς.
2823 4457 2885 4515 Ὀ
2916 4454 2973 4512 δὲ
3020 4458 3173 4535 ἅγιος
3226 4456 3522 4520 Ἀπολλὼς
3556 4463 3704 4533 τρεῖς
3754 4458 3809 4530 ἐξ

407 4529 535 4588 οὐδὲ
585 4530 920 4625 εὐφροσύνη-ν
977 4534 1315 4625 σωματικὴν.
1363 4531 1498 4625 Οὐδὲ
1528 4538 1750 4613 στυγνὸς
1793 4540 1827 4609 ἢ
1879 4561 2042 4612 κατη-
2072 4551 2125 4616 D
2157 4543 2331 4598 αὐτῶν
2387 4542 2790 4620 ἐπιλεξάμενος,
2850 4529 3322 4622 ἄνδρας-ἱκανούς
3387 4546 3441 4603 ἐν
3506 4529 3658 4625 λόγῳ
3713 4529 3809 4604 καί

403 4625 511 4701 φής
540 4644 626 4686 τις
654 4623 726 4693 ἦν
757 4620 809 4678 ἐν
843 4621 1024 4686 σύτοῖς
1058 4642 1071 4657 ο
1113 4621 1242 4680 ἀλλ²
1272 4624 1322 4680 εἴ
1348 4624 1431 4688 τίς
1461 4647 1566 4682 που
1596 4627 1685 4683 καὶ
1736 4631 2047 4704 στυγνάζων

401 4712 592 4790 ἐφάνη,
623 4712 778 4778 εὐθὺς
809 4710 1033 4770 ἐπύθετο
1062 4714 1188 4789 παρ’
1238 4713 1407 4771 αὐτοῦ
1452 4718 1480 4772 6
1537 4719 1719 4790 πατὴρ
1786 4719 2049 4778 Ἀπολλὼ

400 4804 500 4873 τὴν
533 4802 730 4877 αἰτίαν,
761 4804 852 4859 καὶ
898 4803 966 4860 τά
1016 4803 1067 4859 ἐν
1116 4808 1195 4877 τῷ
1232 4810 1457 4881 κρυπτῷ
1501 4813 1601 4877 τῆς
1649 4805 1874 4883 καρδίας
1919 4808 2046 4865 ἐκά-

404 4913 533 4950 στου
563 4891 892 4969 ἂπήγγελεν.
924 4893 1119 4972 Ἔλεγε
1149 4891 1206 4951 δέ
1238 4916 1250 4929 ·
1303 4896 1380 4953 Οὐ
1426 4898 1539 4973 χρὴ
1590 4896 1896 4973 στυγνάζειν
1957 4896 2044 4953 ἐπὶ

400 4987 471 5058 τῇ
512 4981 757 5058 σωτηρίᾳ
798 4981 1099 5057 μέλλοντας
1149 4983 1429 5060 βασιλείαν
1480 4986 1720 5061 οὐρανῶν
1779 4988 2045 5063 κληρονο-

406 5080 546 5148 μεῖν.
592 5074 961 5150 Στυγνάζουσι
995 5075 1110 5148 μὲν,
1161 5074 1343 5155 φησὶν,
1400 5073 1696 5149 Ἕλληνες,
1746 5076 2042 5135 κλαύσουσι

400 5161 459 5220 δὲ
487 5161 771 5235 Ἰουδαῖοι,
800 5164 1125 5235 πενθήσουσι
1159 5165 1220 5219 ῦὲ
1262 5164 1610 5240 ἁμαρτωλοὶ,
1642 5168 1695 5222 0'1
1739 5164 1796 5222 δε
1845 5164 2041 5224 δίκαιοι

398 5254 880 5334 εὐφρανθήσονται,
933 5254 1021 5309 καὶ
1084 5255 1136 5308 οἱ
1187 5254 1254 5309 τὰ
1323 5256 1487 5330 γήῖνα
1541 5255 1637 5328 μὲν
1724 5262 2041 5333 φρονοῦντες

397 5341 487 5399 ἐπὶ
515 5351 632 5406 τοῖς
670 5346 887 5421 γηίνοις
928 5342 1285 5420 εύραίνονται,
1316 5346 1481 5417 ἡμεῖς
1515 5341 1572 5399 δὲ
1610 5346 1661 5399 οἰ
1701 5346 2042 5421 τηλικαύτης

394 5429 619 5495 ἐλπίδος
666 5433 1103 5507 καταξιωθέντες,
1131 5437 1249 5498 πῶς
1295 5430 1425 5511 οὐχὶ
1476 5430 1765 5498 διαπαντὸς
1814 5435 2043 5516 εὐφραι-

392 5519 632 5592 νώμεθα,
661 5527 758 5577 τοῦ
792 5522 1133 5579 Ἀποστόλου
1181 5523 1330 5598 ἡμᾶς
1381 5527 1776 5598 παρορμῶντος
1809 5527 2040 5583 πάντοτε

394 5605 631 5686 χαίρειν,
672 5606 1039 5674 ἀδιαλείπτως
1099 5612 1518 5687 προσεύχεσθαι,
1568 5610 1619 5667 ἐν
1666 5613 1827 5669 παντὶ
1877 5615 2039 5690 εὐχα-

394 5700 595 5774 ριστεῖν
630 5715 646 5767 ;
677 5697 737 5752 Τί
767 5695 814 5753 δ’
844 5696 904 5753 ἄν
938 5720 1022 5762 τις
1051 5698 1196 5756 εἷ’ποι
1226 5700 1326 5769 τὴν
1353 5699 1404 5756 ἐν
1439 5698 1632 5778 λόγοις
1663 5700 1828 5757 αὐτοῦ
1850 5704 2035 5779 χάριν,

390 5787 479 5849 καὶ
508 5786 606 5852 τὰς
650 5783 849 5851 λοιπὰς
895 5785 1060 5847 αὐτοῦ
1097 5786 1311 5866 ἀρετὰς,
1344 5781 1406 5853 ἀς
1455 5786 1507 5847 δι
1558 5784 1869 5870 ὑπερϐολὴν
1902 5791 2036 5851 θαύ-

2158 4631 2429 4707 πολιτείᾳ,
2487 4635 2578 4690 καὶ
2626 4633 2921 4712 ἐμπείρους
2977 4642 3076 4706 τῆς
3133 4636 3465 4713 Ἑλληνικῇς
3524 4638 3615 4693 καὶ
3665 4641 3808 4697 Ῥω-

2163 4726 2365 4797 μαϊκῆς
2414 4724 2502 4779 καὶ
2555 4724 2933 4798 Αἰγυπτιακῆς
2972 4722 3283 4796 διαλέκτου,
3343 4726 3804 4803 συμπροπέμπων

2155 4814 2304 4886 ἡμᾶς
2336 4814 2525 4876 αὐτοῖς
2558 4811 2871 4870 ἐνετέλλετο
2921 4816 2996 4888 μὴ
3065 4816 3327 4891 πρότερον
3381 4814 3597 4892 ἀφίέναι
3655 4819 3807 4891 ἡμᾶς

2151 4900 2280 4977 πρὶν
2314 4900 2372 4957 ἂν
2403 4902 2605 4964 ἱκανῶς
2633 4900 2859 4979 ἔχοιμεν
2892 4902 3021 4969 τοὺς
3078 4906 3321 4981 Πατέρας
3382 4903 3550 4971 ὅλους
3600 4906 3813 4981 θεωρή-

2154 5011 2356 5055 σαντες.
2397 4990 2499 5055 Οὓς
2536 4991 2624 5048 ἐὰν
2672 4990 2944 5066 βούληταί
2980 5014 3062 5055 τις
3114 4991 3247 5050 ἰδεῖν
3295 4992 3558 5066 ἃπαντας,
3599 4995 3701 5051 οὐκ
3743 4993 3806 5049 ’ἂν

2152 5079 2342 5157 φθάνοι
2377 5077 2466 5135 διὰ
2495 5083 2696 5146 παντὸς
2755 5086 2853 5138 τοῦ
2913 5081 3037 5158 βίου
3091 5085 3402 5145 θεάσασθαι.
3473 5084 3808 5160 Εὐλογήσας

2152 5169 2244 5225 οὗν
2278 5173 2425 5245 ἡμᾶς
2467 5171 2828 5243 ἐξαπέστειλε,
2880 5171 3075 5250 λέγων,
3126 5174 3445 5249 Εὐλογήσαι
3495 5177 3637 5249 ὑμᾶς
3697 5175 3809 5231 K15-

2155 5280 2269 5336 ριος
2297 5258 2357 5315 ἐκ
2387 5260 2555 5330 Σιὼν,
2589 5261 2678 5317 καὶ
2721 5257 2890 5317 ἴδοιτε
2945 5261 3014 5318 τά
3069 5263 3242 5339 ἀγαθά
3299 5263 3667 5340 Ἰερουσαλὴμ
3693 5264 3807 5321 πά-

2152 5371 2244 5412 σας
2274 5349 2367 5411 τάς
2398 5347 2595 5425 ἔμέρας
2625 5357 2724 5420 τῆς
2760 5353 2906 5421 ζωῆς
2940 5351 3115 5425 ὑμῶν.

2223 5439 2612 5517 Πορευομένων
2670 5436 2725 5496 δὲ
2782 5441 2943 5514 ἡμῶν
2991 5442 3129 5499 κατὰ
3170 5444 3270 5513 τὴν
3319 5441 3528 5519 ἔρημον
3580 5444 3635 5500 ἐν
3674 5465 3803 5518 μεσ-

2148 5525 2384 5607 ημϐρίᾳ,
2438 5529 2689 5609 ἐξαίφνης
2748 5530 2963 5606 ὁρῶμεν
3034 5533 3214 5609 σύρμα
3276 5534 3524 5609 μεγάλου
3576 5534 3805 5610 δράκον-

2145 5641 2239 5684 τος
2295 5619 2444 5676 οἴάτε
2475 5616 2640 5675 δοκοῦ
2690 5617 2780 5675 διὰ
2831 5626 2932 5692 τῆς
2991 5622 3224 5699 ψάμμου
3272 5623 3655 5698 ἑλκυσθείσης,
3711 5626 3799 5681 καὶ

2146 5706 2349 5774 ἰδόντες
2369 5703 2527 5790 φόϐῳ
2557 5706 2756 5785 πολλῷ
2785 5712 3212 5791 συνεσχέθημεν.
3244 5714 3312 5770 Οἰ
3352 5710 3410 5769 δὲ
3467 5710 3799 5788 ὁδηγοῦντες

2143 5800 2293 5877 ἡμᾶς
2324 5795 2553 5885 ἀδελφοὶ
2585 5796 2927 5885 παρεκάλουν
2989 5802 3139 5878 ἡμᾶς
3210 5803 3289 5880 μὴ
3348 5798 3611 5869 δεδιέναι,
3652 5803 3804 5862 αλλὰ
