4078 6212
259 357 416 422 1149

1634 351 2007 417 HISTORIA
2048 353 2466 419 LAUSIACA.

3633 362 3790 424 1150

255 494 391 549 dem
422 492 626 548 aderat
680 490 856 559 Deus,
889 503 1047 545 nunc
1104 491 1297 545 autem
1357 501 1595 560 peregre
1642 493 1732 544 est
1786 490 1972 561 profe-
2004 493 2060 561 Α
2089 490 2149 547 in
2181 504 2446 547 sermone
2476 489 2742 560 gratiam,
2776 490 2831 543 et
2857 486 3113 559 reliquas
3160 490 3288 560 ejus
3347 491 3607 566 virtutes,
3643 513 3789 568 quas

255 581 429 639 ctus?
460 585 658 638 Potest
688 584 883 637 autem
919 581 1067 636 Deus
1116 579 1236 634 haec
1280 591 1511 649 semper
1554 578 1756 646 facere,
1787 584 1844 634 et
1881 581 1966 635 ni-

253 670 338 727 hil
391 671 497 727 erit
554 672 705 742 quod
759 670 883 741 ipse
934 686 1050 725 non
1117 667 1323 741 possit.
1377 668 1432 723 Si
1487 682 1622 739 ergo
1682 668 1831 723 Deus
1879 672 1967 723 est

256 760 596 826 bonus,eur
624 759 684 815 in
753 757 1155 822 malus‘lQuid
1205 773 1337 814 vero
1393 774 1507 812 non
1567 760 1795 828 oportet
1860 773 1966 812 nos

253 865 487 923 quoque
518 849 711 905 dicere
739 864 806 904 ea
836 864 966 920 quae
1001 848 1280 916 vidimus,
1312 862 1520 918 nempe
1559 847 1709 917 quod
1760 847 1967 902 fratres

252 938 739 1011 ingrediebantur
775 953 908 995 eum
938 938 1175 1007 sportis,
1208 936 1280 992 ad
1332 952 1568 992 mensas
1615 950 1796 1006 panes
1828 933 1964 990 alle-

250 1034 446 1086 rentes
487 1033 544 1085 et
572 1044 701 1083 eum
733 1027 1105 1084 eomederent
1162 1024 1465 1097 quingenti
1523 1025 1725 1080 fratres
1772 1024 1844 1079 ad
1876 1039 1965 1079 sa-

249 1120 535 1187 tietatem,
568 1134 663 1175 eas
695 1134 897 1174 rursus
928 1116 1128 1189 plenas
1151 1114 1511 1186 accipiebant
1536 1114 1563 1170 ‘2

321 1209 491 1267 Aliud
523 1224 755 1280 quoque
787 1207 1158 1275 miraculum,
1179 1206 1336 1279 quod
1365 1204 1626 1262 videntes
1656 1203 1965 1276 obstupui-

252 1316 403 1369 mus,
437 1316 541 1372 par
567 1302 656 1355 est
686 1298 895 1353 dicere.
937 1296 1078 1354 Cum
1127 1295 1282 1351 enim
1334 1295 1404 1351 ad
1456 1310 1555 1351 eos
1604 1293 1965 1350 venissemus

249 1391 438 1462 spatio
468 1388 645 1445 trium
711 1386 959 1458 dierum,
1001 1385 1216 1458 cogniti
1269 1400 1499 1453 sumus,
1539 1384 1739 1455 procul
1795 1383 1905 1439 visi
1934 1399 1967 1438 a

253 1477 557 1542 fratribus,
591 1475 686 1547 qui
720 1490 788 1531 ex
817 1490 883 1529 eo
909 1472 1219 1530 audierunt
1251 1472 1321 1528 de
1370 1476 1568 1527 nostro
1595 1471 1665 1525 ad
1706 1485 1833 1525 eum
1868 1469 1967 1524 ad-

249 1572 467 1624 ventu:
503 1565 604 1638 qui
628 1564 859 1637 quidem
894 1579 1136 1635 propere
1178 1565 1550 1619 accurrantes
1589 1560 1757 1616 nobis
1790 1574 1968 1615 vene-

251 1661 391 1713 runt
420 1656 649 1713 obviam
677 1653 1013 1726 psallentes,
1047 1658 1136 1709 est
1182 1652 1337 1708 enim
1371 1650 1465 1706 hic
1498 1666 1624 1707 mos
1652 1650 1808 1721 apud
1840 1664 1965 1704 om-

252 1763 358 1803 nes
390 1743 727 1801 monachos.
761 1744 830 1799 Et
861 1758 993 1799 cum
1028 1741 1191 1814 proni
1217 1741 1278 1797 in
1336 1746 1554 1796 terram
1622 1739 1967 1795 adorassent

2078 584 2310 650 propter
2326 592 2624 633 summum
2642 576 2987 633 miraculum
3017 577 3308 648 siluimus,
3343 582 3566 639 auditas
3588 584 3793 655 utique

2076 686 2145 725 ex
2172 670 2300 742 ipso
2331 673 2387 725 et
2418 686 2486 726 ex
2516 670 2647 726 aliis
2668 670 2695 725 ‘?

2146 761 2289 815 Cum
2330 765 2524 816 autem
2580 762 2651 817 de
2708 762 3117 819 exercitatione
3147 771 3202 818 et
3242 762 3657 822 vitaeinstituto
3689 786 3791 823 no-

2075 850 2303 905 biseum
2339 866 2489 920 saepe
2522 868 2785 907 seorsum
2829 852 3229 921 disseruisset,
3266 871 3413 926 saepe
3444 857 3613 911 etiam
3649 858 3793 913 dixit

2074 938 2145 994 de
2163 939 2548 1010 suscipiendis
2578 940 2902 1009 monachis,
2934 944 3085 1011 quod
3145 948 3371 1014 oportet
3402 945 3643 1001 adorare
3675 947 3792 1003 fra-

2073 1032 2191 1084 tres
2213 1029 2583 1085 advenientes
2618 1044 2631 1084 :
2667 1028 2791 1085 Non
2824 1030 2978 1085 enim
3021 1030 3202 1101 ipsos,
3228 1033 3438 1101 aiebat,
3471 1037 3570 1090 sed
3604 1036 3789 1092 Deum

2074 1118 2348 1174 adorasti.
2400 1117 2609 1173 Vidisti
2683 1118 2860 1185 enim,
2935 1118 3149 1189 inquit,
3236 1121 3467 1177 fratrem
3576 1125 3794 1180 tuum?

2071 1207 2267 1263 vidisti
2326 1206 2642 1263 Dominum
2703 1208 2880 1262 Deum
2941 1211 3243 1275 tuum;et
3299 1209 3427 1273 hoc,
3474 1211 3681 1282 inquit,
3716 1215 3789 1269 ab

2072 1294 2365 1351 Abraham
2395 1294 2903 1367 acecpimustGen.
2938 1302 3136 1364 xvm);
3191 1303 3244 1351 et
3294 1298 3447 1366 quod
3499 1304 3785 1368 oporteat,

2072 1386 2288 1457 inquit,
2324 1401 2745 1456 nonnunquam
2781 1401 2984 1456 cogere
3038 1386 3241 1441 fratres
3294 1385 3364 1440 ad
3415 1387 3789 1443 refectionem

2074 1492 2106 1531 a
2134 1474 2238 1530 Lot
2268 1476 2618 1545 accepimus,
2665 1473 2765 1544 qui
2824 1474 3014 1544 coegit
3074 1474 3308 1545 angelos
3341 1475 3496 1547 (Gen.
3542 1476 3703 1547 xu);
3738 1479 3796 1531 et

2073 1564 2229 1630 quod
2278 1567 2522 1634 oportet,
2567 1564 2613 1618 si
2697 1562 2819 1617 ﬁeri
2880 1567 3089 1634 potest,
3150 1564 3470 1620 monachos
3535 1566 3794 1635 quotidie

2075 1653 2506 1708 communicare
2537 1652 2942 1707 sacramentis.
2981 1652 3089 1716 Qui
3127 1653 3281 1708 enim
3316 1670 3375 1709 se
3433 1653 3505 1708 ab
3539 1655 3621 1708 eis
3664 1672 3795 1727 pro-

2073 1742 2162 1799 cul
2194 1747 2440 1812 amovet,
2474 1744 2628 1799 Deus
2692 1759 2928 1814 quoque
2960 1743 3157 1813 procul
3219 1744 3288 1798 ab
3311 1759 3375 1798 eo
3420 1745 3652 1799 recedit.
3682 1744 3796 1807 Qui

254 1851 363 1891 n08
394 1832 713 1892 66080018“
771 1835 929 1900 sunt,
962 1847 1070 1888 nos
1127 1830 1239 1887 sibi
1298 1830 1544 1886 invicem
1590 1829 1965 1884 ostendentes
1999 1853 2043 1918 Β
2074 1836 2265 1889 autem
2323 1833 2431 1890 hoc
2479 1833 2615 1890 facit
2650 1832 2910 1901 assidue,
2939 1833 3171 1889 assidue
3219 1832 3461 1902 suscipit
3530 1833 3796 1890 Servato-

252 1929 314 1983 et
342 1925 598 1982 dicentes
625 1940 638 1979 :
671 1924 816 1979 Ecce
860 1926 1143 1981 venerunt
1184 1921 1412 1989 fratres,
1436 1922 1507 1977 de
1564 1920 1775 1991 quibus
1806 1923 1967 1990 pater

255 2021 456 2073 noster
485 2015 629 2072 dixit
686 2014 869 2071 tribus
917 2018 1049 2070 ante
1106 2012 1337 2082 diebus,
1365 2010 1609 2067 dicendo
1645 2027 1657 2066 :
1692 2010 1828 2066 Post
1856 2014 1973 2065 tres

257 2105 377 2162 dies
398 2104 631 2161 venient
661 2104 734 2160 ad
792 2119 896 2159 nos
951 2105 1069 2158 tres
1118 2101 1350 2170 fratres,
1391 2100 1688 2156 venientes
1744 2098 1978 2155 Jeroso-

255 2194 446 2267 lymis.
481 2194 547 2250 Et
572 2193 675 2250 alii
707 2192 947 2264 quidem
1003 2208 1108 2247 nos
1166 2189 1549 2257 deducebant,
1578 2188 1675 2244 alii
1714 2204 1844 2244 vero
1867 2203 1975 2243 nos

258 2286 411 2340 retro
478 2283 891 2355 sequebantur,
930 2279 1263 2352 psallentes.
1313 2279 1498 2334 donec
1551 2294 1728 2350 prepe
1778 2277 1975 2349 ipsum

255 2373 543 2430 venimus.
573 2373 718 2429 Cum
752 2379 947 2427 autem
986 2368 1270 2424 audiisset
1328 2372 1493 2440 pater
1538 2367 1740 2439 Apollo
1776 2382 1975 2423 vocem

260 2463 664 2535 psallentium,
695 2461 855 2519 venit
886 2458 1050 2516 nobis
1079 2458 1335 2525 obviam,
1367 2462 1428 2514 ut
1461 2474 1586 2513 mos
1615 2457 1666 2513 ei
1688 2461 1812 2513 erat
1840 2472 1978 2528 erga

259 2568 466 2610 omnes
498 2553 744 2607 fratres:
781 2554 837 2606 et
867 2564 998 2605 cum
1025 2564 1131 2604 nos
1162 2547 1421 2617 vidisset,
1455 2546 1719 2603 adoravit
1750 2546 1977 2618 primus

258 2644 407 2700 sein
449 2650 601 2698 terra
629 2641 985 2703 extendens;
1014 2643 1070 2695 et
1114 2654 1247 2694 cum
1291 2637 1659 2708 surrexisset,
1693 2642 1784 2693 est
1813 2653 1977 2693 oscu-

258 2731 462 2800 latus;
515 2736 572 2787 et
619 2734 926 2802 postquam
984 2727 1424 2795 introduxisset,
1457 2727 1658 2797 oravit,
1691 2734 1745 2783 et
1804 2727 1979 2798 pedes

262 2826 494 2878 nostros
525 2820 790 2875 manibus
812 2817 951 2874 lavit
980 2817 1250 2890 propriis,
1283 2820 1341 2873 et
1370 2816 1638 2873 hortatus
1663 2820 1752 2873 est
1780 2817 1852 2872 ad
1885 2833 1979 2872 re-

268 2912 600 2969 fectionem.
634 2910 752 2966 lloc
775 2912 968 2965 autem
1003 2907 1249 2965 faciebat
1279 2908 1553 2964 omnibus
1573 2907 1848 2963 fratribus
1880 2908 1979 2979 qui

268 3004 342 3060 ad
371 3002 561 3073 ipsum
589 3000 917 3057 veniebant.
942 2999 1051 3064 Qui
1083 2997 1233 3054 enim
1253 3012 1384 3053 cum
1415 2997 1541 3068 ipso
1564 2999 1728 3052 erant
1751 2996 1984 3052 fratres-

270 3091 618 3148 alimentum
652 3106 767 3146 non
801 3089 960 3161 prius
982 3086 1362 3159 accipiebant,
1395 3102 1573 3157 quam
1606 3084 1983 3141 Eucharistiaa

270 3182 483 3239 Christi
504 3181 1047 3239 communicassent
1079 3195 1095 3234 :
1146 3178 1256 3234 hoc
1300 3182 1493 3235 autem
1526 3177 1814 3234 faciebant
1843 3177 1987 3233 hora

272 3288 427 3330 nona
446 3271 577 3328 diei.
610 3270 826 3327 Deinde
857 3284 991 3325 cum
1023 3269 1110 3324 sic
1140 3267 1550 3335 comedissent,
1581 3268 1864 3323 sedebant
1884 3282 1988 3323 au-

272 3362 505 3418 dientes
552 3377 684 3417 eum
743 3360 1050 3415 docentem
1099 3357 1295 3413 omnia
1354 3359 1659 3429 praecepta,
1693 3371 1875 3428 usque
1919 3356 1991 3412 ad

272 3452 538 3526 primum
592 3464 884 3506 somnum.
921 3446 1087 3503 Illinc
1146 3446 1244 3502 alii
1289 3446 1527 3518 quidem
1559 3462 1626 3502 ex
1657 3447 1800 3519 ipsis
1831 3461 1994 3502 sece—

274 3541 499 3598 debant
555 3539 615 3595 in
719 3537 1115 3605 solitudinem,
1174 3535 1503 3608 Scripturas
1610 3540 1735 3593 tota
1827 3540 1996 3593 nocte

278 3624 615 3685 memoriter
661 3626 1094 3694 expromentes;
1130 3620 1227 3676 alii
1286 3637 1418 3677 vero
1478 3620 1595 3676 illic
1654 3636 1993 3693 persevera-

278 3719 440 3786 bant,
497 3714 747 3771 assiduis
804 3712 1037 3784 hymnis
1085 3715 1264 3767 Deum
1334 3710 1667 3778 laudantes,
1709 3713 1777 3766 ad
1839 3711 1994 3766 diem

280 3820 505 3876 usque:
540 3818 685 3875 quos
742 3817 847 3872 ego
888 3800 1003 3855 vidi
1047 3800 1138 3854 his
1169 3799 1378 3867 oculis,
1413 3815 1544 3854 cum
1568 3815 1802 3870 vespere
1834 3800 1994 3870 hym-

282 3910 388 3953 nos
417 3895 752 3966 ccspissent,
785 3906 972 3961 usque
1020 3890 1092 3945 ad
1144 3889 1494 3945 matutinum
1535 3905 1648 3944 non
1679 3903 1941 3944 cessasse
1968 3905 2003 3943 a

279 3992 471 4043 cantu.
508 3982 677 4039 Multi
708 3986 863 4039 certe
901 3996 970 4035 ex
1000 3980 1073 4035 iis
1104 3979 1245 4035 hora
1278 3995 1432 4034 nona
1463 3978 1649 4034 solum
1680 3977 2002 4034 descende-

282 4077 427 4133 bant
456 4075 527 4130 de
557 4077 772 4141 monte,
806 4076 864 4127 et
888 4069 1317 4127 Eucharistiam
1342 4072 1883 4136 sumentes,rursus
1906 4066 2003 4122 ad-

284 4165 661 4231 seendebant,
687 4163 942 4220 contenti
986 4160 1229 4232 spiritali
1284 4158 1647 4215 nutrimento
1707 4174 1893 4228 usque
1931 4157 2001 4213 ad

284 4256 461 4313 aliam
519 4270 757 4311 nonam.
814 4252 933 4308 Hoc
984 4254 1177 4307 autem
1254 4248 1423 4305 multi
1490 4247 1661 4304 exiis
1721 4246 2009 4303 faciebant

287 4345 506 4401 multos
559 4343 702 4399 dies.
740 4340 971 4397 Licebat
1041 4347 1230 4395 autem
1286 4354 1385 4394 eos
1422 4336 1617 4395 videre
1646 4338 2006 4393 exsultantes

292 4435 354 4490 in
379 4432 707 4499 solitudine,
734 4431 875 4486 adeo
912 4433 977 4485 ut
1008 4427 1231 4485 nullam
1265 4427 1548 4499 ejusmodi
1587 4425 1760 4482 aliam
1787 4425 2008 4483 exulta-

293 4523 509 4580 tionem
547 4521 604 4576 in
637 4524 792 4576 terra
820 4519 1014 4575 videre
1043 4516 1229 4588 liceat,
1263 4532 1366 4572 nec
1424 4515 1686 4572 laetitiam
1736 4531 2008 4587 corpora-

2016 3230 2067 3292 Ο

2087 1939 2226 1980 rem.
2260 1924 2363 1978 Est
2401 1922 2578 1992 enim,
2603 1922 2815 1994 inquit,
2876 1940 2982 1979 vox
3040 1922 3307 1979 salutaris
3342 1939 3355 1977 :
3389 1923 3495 1987 Qui
3542 1925 3794 1980 comedit

2084 2030 2313 2071 carnem
2380 2030 2592 2078 meam,
2634 2017 2692 2069 et
2755 2014 2904 2069 bibit
2972 2030 3170 2069 meum
3219 2013 3590 2085 sanguinem,
3664 2032 3788 2071 ma-

2086 2107 2185 2159 net
2249 2102 2310 2157 in
2381 2118 2490 2170 me,
2517 2108 2575 2158 et
2630 2118 2737 2175 ego
2797 2102 2854 2157 in
2912 2119 2978 2158 eo
3031 2104 3205 2174 (Joan.
3242 2104 3341 2174 VI).
3399 2104 3514 2159 Hoc
3572 2105 3795 2161 confert

2087 2192 2391 2249 monachis
2422 2192 2697 2249 salutaris
2716 2192 3005 2265 passionis
3027 2193 3641 2252 commemorationem
3665 2212 3791 2252 eon-

2084 2282 2339 2337 tinenter
2367 2281 2716 2338 facientibus
2747 2282 3007 2353 quotidie
3054 2284 3228 2339 etiam
3262 2299 3323 2339 se
3353 2300 3699 2356 praeparare,
3732 2289 3797 2341 ut

2087 2370 2246 2426 omni
2277 2374 2536 2442 tempore
2566 2369 2727 2441 digni
2758 2370 2870 2426 sint
2896 2369 2998 2442 qui
3035 2371 3356 2442 suscipiant
3409 2373 3670 2430 caelestia
3698 2390 3798 2430 sa-

2087 2464 2410 2529 cramenta,
2467 2460 2941 2531 quandoquidem
3001 2462 3085 2517 sic
3127 2477 3360 2534 quoque
3417 2464 3797 2534 consequitur

2088 2548 2491 2605 remissionem
2547 2554 2925 2621 peccatorum.
2960 2550 3255 2607 Catholica
3275 2555 3470 2608 autem
3525 2555 3582 2608 et
3628 2568 3799 2625 gene-

2089 2637 2475 2709 raliajejunia
2504 2654 2618 2694 non
2650 2638 2785 2694 licet
2824 2639 3043 2694 solvere
3100 2640 3226 2695 sine
3294 2641 3516 2711 ingenti
3548 2642 3797 2697 necessi-

2088 2731 2248 2797 tate;
2276 2727 2332 2783 in
2380 2732 2587 2799 quarta
2633 2728 2791 2784 enim
2852 2729 2991 2785 feria
3042 2730 3289 2785 traditur
3328 2730 3611 2799 Servator,
3647 2735 3705 2786 et
3737 2731 3795 2785 in

2093 2834 2400 2890 paraseeve
2447 2819 2849 2890 crucifigitur;
2880 2821 2983 2891 qui
3031 2835 3100 2876 ea
3147 2837 3283 2893 ergo
3313 2820 3501 2889 solvit,
3535 2821 3801 2878 Servato-

2092 2924 2215 2963 rem
2263 2924 2377 2963 una
2424 2908 2621 2971 tradit,
2648 2916 2702 2962 et
2734 2926 2850 2963 una
2891 2909 3196 2978 crucifigit.
3246 2910 3357 2966 Sed
3390 2911 3440 2966 si
3470 2910 3543 2965 ad
3576 2927 3673 2967 vos
3704 2927 3799 2966 ve-

2094 2997 2212 3053 niat
2243 2997 2420 3052 frater
2450 2996 2551 3067 qui
2582 3014 2731 3068 Opus
2764 2997 2939 3052 habet
2972 3004 3035 3054 ut
3076 3000 3367 3056 reficiatur
3397 3016 3529 3056 cum
3554 3000 3801 3071 sitjeju-

2094 3087 2279 3154 nium,
2312 3086 2425 3158 ipsi
2482 3086 2587 3142 soli
2638 3104 2895 3143 mensam
2927 3088 3241 3159 apponite;
3274 3090 3365 3146 sin
3399 3094 3593 3145 autem
3628 3090 3797 3160 nolit,

2096 3194 2168 3233 ne
2197 3177 2437 3248 cogatis,
2470 3176 2757 3234 habemus
2793 3178 2946 3235 enim
2971 3195 3342 3235 communem
3375 3179 3573 3236 traditi
3603 3196 3796 3235 onem.

2099 3267 2346 3323 Multum
2377 3271 2567 3324 autem
2599 3268 3053 3340 reprehendebat
3074 3286 3172 3326 eos
3213 3270 3311 3343 qui
3339 3273 3555 3326 ferrum
3605 3275 3800 3342 gesta-

2097 3358 2258 3424 bant,
2316 3361 2375 3412 et
2432 3373 2637 3413 coman
2698 3358 3050 3414 nutriebant.
3104 3358 3173 3414 Hi
3234 3360 3413 3429 enim,
3471 3359 3679 3430 inquit,
3739 3375 3802 3415 se

2098 3447 2408 3504 ostendant
2447 3451 2504 3503 et
2533 3452 2801 3518 quaerunt
2832 3446 3052 3520 placere
3084 3449 3444 3517 hominibus,
3486 3466 3611 3507 cum
3640 3465 3804 3521 opor-

2100 3541 2216 3592 teat
2274 3538 2433 3608 ipsos
2491 3538 2681 3608 potius
2734 3554 2945 3609 corpus
3002 3537 3222 3595 solvere
3253 3540 3519 3611 jejuniis,
3563 3546 3615 3595 et
3646 3536 3803 3611 quod

2101 3626 2318 3682 bonum
2376 3631 2465 3682 est
2518 3628 2705 3682 facere
2752 3627 2811 3681 in
2861 3627 3123 3696 occulto;
3158 3628 3197 3683 ii
3230 3645 3361 3685 vero
3411 3646 3526 3686 non
3567 3630 3665 3699 sic,
3700 3631 3803 3687 sed

2102 3731 2163 3771 se
2197 3717 2505 3787 propalant
2533 3716 2828 3771 omnibus.
2857 3717 2926 3773 Et
2984 3718 3124 3789 quid
3153 3735 3303 3790 opus
3343 3718 3645 3791 pluribus?
3674 3727 3808 3777 0m-

2104 3805 2196 3860 nis
2227 3806 2377 3860 enim
2408 3805 2536 3875 ejus
2568 3806 2829 3861 doctrina
2847 3811 2933 3861 est
2964 3806 3091 3875 ejus
3115 3808 3243 3861 vita:
3276 3809 3543 3864 instituto
3574 3810 3781 3865 similis

2105 3910 2277 3964 quam
2311 3910 2415 3948 nec
2445 3894 2579 3963 quis
2619 3894 2870 3949 scribere
2904 3893 3279 3963 potueritnec
3310 3896 3520 3952 dicere.
3554 3897 3807 3952 Plurima

2106 3997 2239 4052 ergo
2272 3980 2581 4036 nobiscum
2614 3997 2899 4043 seorsum,
2933 3985 3072 4046 tota,
3106 3997 3257 4052 saspe
3290 3982 3654 4038 hebdomade
3685 3985 3808 4039 dis-

2108 4071 2377 4140 serendo,
2433 4070 2669 4125 tandem
2720 4070 3021 4125 dimittens
3079 4071 3268 4125 dixit:
3328 4070 3541 4127 llabcte
3608 4088 3804 4143 pacem

2110 4160 2261 4215 inter
2288 4176 2410 4227 vos,
2436 4175 2622 4230 neque
2652 4160 3005 4230 separemini
3038 4160 3095 4214 in
3130 4160 3237 4217 via.

2182 4248 2321 4304 Cum
2350 4251 2545 4304 autem
2577 4248 2911 4305 dixissetiis
2943 4250 3038 4319 qui
3080 4265 3213 4305 cum
3272 4250 3399 4321 ipso
3424 4255 3589 4307 erant
3620 4251 3811 4307 fratri-

2110 4340 2244 4406 bus,
2278 4338 2546 4411 quisnam
2579 4355 2647 4395 ex
2678 4340 2823 4411 ipsis
2850 4338 3019 4395 vellet
3051 4356 3155 4395 nos
3213 4340 3500 4396 deducere
3561 4342 3631 4396 ad
3682 4341 3814 4396 visi-

2113 4429 2320 4483 tandos
2379 4426 2525 4483 alios
2578 4428 2799 4497 Patres,
2843 4432 3079 4484 sanctus
3134 4428 3363 4500 Apollo,
3424 4428 3612 4486 tribus
3673 4430 3815 4486 viris

2112 4516 2350 4573 delectis
2379 4518 2481 4589 qui
2529 4516 2783 4574 valerent
2836 4521 2892 4573 et
2932 4533 3200 4575 sermone
3258 4523 3314 4575 et
3362 4520 3491 4575 vitae
3523 4519 3815 4588 instituto,

290 4614 429 4670 lem.
464 4610 661 4681 Neque
692 4609 847 4665 enim
899 4612 1021 4664 erat
1080 4607 1232 4662 inter
1254 4622 1350 4662 eos
1379 4604 1591 4677 aliquis
1624 4608 1868 4661 mmstus
1899 4605 2001 4659 aut
2025 4606 2079 4673 D
2109 4612 2391 4677 erantque
2424 4608 2594 4679 periti
2624 4607 2839 4679 linguae
2868 4607 3075 4664 Graecae
3116 4612 3172 4664 et
3204 4609 3480 4665 Romanae
3511 4613 3566 4664 et
3600 4610 3817 4681 {Egyp-

292 4704 523 4772 tristis;
550 4701 648 4756 sed
690 4699 739 4756 si
766 4699 899 4770 quis
928 4697 1228 4753 videbatur
1260 4712 1372 4767 prae
1412 4711 1470 4751 se
1520 4697 1667 4751 ferre
1707 4696 2007 4762 tristitam,

292 4794 492 4852 statim
526 4795 687 4864 pater
717 4790 923 4862 Apollo
982 4805 1050 4845 ex
1100 4803 1166 4843 eo
1224 4787 1465 4858 rogabat
1495 4802 1754 4853 causam,
1786 4789 1844 4840 et
1883 4801 2009 4855 qua

292 4888 461 4943 erant
490 4883 549 4938 in
572 4882 795 4938 occulte
847 4878 1313 4948 uniuscujusque
1365 4876 1580 4944 cordis,
1614 4874 2008 4932 renuntiabat.

293 4973 538 5030 Dicebat
566 4976 798 5027 autem:
832 4968 960 5028 Non
993 4971 1220 5040 oportet
1268 4982 1393 5023 esse
1424 4966 1622 5025 tristes
1652 4972 1885 5039 propter
1917 4984 2012 5024 sa-

294 5065 495 5132 lutem,
525 5078 659 5119 cum
699 5060 883 5116 futuri
930 5060 1119 5117 simus
1174 5058 1433 5114 haeredes
1499 5058 1663 5130 regni
1731 5058 2010 5115 coelorum

292 5152 514 5209 Tristes
542 5158 756 5219 autem,
788 5150 1003 5221 inquit,
1034 5152 1206 5205 erunt
1240 5146 1507 5220 gentiles,
1541 5147 1762 5204 ﬂebunt
1798 5148 2013 5216 Judai,

296 5243 584 5313 lugebunt
613 5246 947 5314 peccatores
978 5238 1159 5309 ;justi
1182 5241 1373 5294 autem
1404 5237 1794 5306 laetabuntur;
1826 5246 1879 5293 et
1912 5238 2014 5308 qui

299 5337 531 5390 terrena
573 5332 808 5403 quidem
869 5330 1062 5386 animo
1120 5327 1363 5399 agitant,
1413 5326 1679 5382 laetantur
1737 5326 1795 5380 in
1840 5327 2013 5383 rebus

298 5422 588 5492 terrenis;
615 5438 723 5478 nos
745 5424 941 5477 autem
964 5418 1067 5491 qui
1100 5421 1260 5474 tanta
1290 5432 1390 5487 spe
1422 5416 1584 5487 digni
1607 5432 1816 5472 sumus
1848 5416 2007 5472 habi-

303 5514 370 5580 ti,
402 5515 693 5585 quomodo
725 5529 832 5570 nos
863 5511 1131 5567 laetamur
1154 5513 1429 5582 perpetuo
1454 5509 1483 5563 ?
1507 5524 1641 5564 cum
1673 5507 1842 5564 nobis
1875 5510 2015 5580 Apo-

304 5601 494 5659 stolus
550 5603 812 5671 suadeat,
862 5604 928 5656 ut
976 5614 1202 5669 semper
1231 5598 1514 5669 laetemur,
1546 5602 1603 5653 et
1655 5597 1715 5653 in
1746 5598 2019 5654 omnibus

305 5692 527 5767 gratias
586 5692 892 5765 agamus(l
923 5691 1096 5746 Thess.
1130 5686 1206 5762 v).
1242 5687 1379 5755 Quis
1410 5691 1605 5748 autem
1634 5688 1841 5747 dixerit
1888 5690 2021 5763 ejus

2120 4697 2306 4767 tiacae,
2361 4714 2493 4754 cum
2553 4697 2633 4754 eis
2682 4715 2785 4753 nos
2842 4697 3165 4766 dimittens,
3211 4698 3390 4768 jussit
3447 4698 3529 4752 eis
3593 4712 3661 4751 ne
3710 4714 3816 4753 nos

2119 4788 2284 4858 prius
2333 4787 2729 4858 relinquerent
2784 4802 2961 4855 quam
3007 4785 3375 4840 satisfactum
3424 4792 3577 4839 esset
3624 4787 3821 4839 nostro

2118 4880 2502 4936 videndorum
2559 4878 2793 4932 Patrum
2835 4875 3159 4931 desiderio:
3186 4889 3330 4944 quos
3362 4873 3412 4929 si
3478 4872 3610 4945 quis
3650 4872 3823 4929 vellet

2121 4986 2326 5026 omnes
2358 4967 2569 5035 videre,
2602 4968 2668 5020 ad
2691 4981 2788 5021 eos
2820 4964 3181 5037 aspiciendas
3222 4968 3340 5020 tota
3369 4964 3486 5021 vita
3516 4980 3633 5020 non
3656 4963 3824 5020 sufﬁ-

2121 5064 2297 5116 ceret.
2330 5058 2475 5113 Cum
2515 5054 2682 5110 nobis
2730 5070 2867 5125 ergo
2893 5054 3304 5125 benedixisset,
3354 5053 3710 5119 amandavit,
3735 5053 3824 5107 di-

2122 5163 2261 5202 cens
2289 5162 2301 5200 :
2326 5144 2633 5202 Benedieat
2653 5160 2751 5200 vos
2772 5142 3050 5200 Dominus
3066 5160 3133 5200 ex
3158 5144 3295 5200 Sion
3327 5148 3383 5200 et
3400 5143 3644 5200 videatis
3670 5142 3824 5197 bona

2121 5236 2440 5294 Jerusalem
2473 5234 2749 5291 omnibus
2781 5233 2985 5291 diebus
2999 5234 3125 5291 vita
3152 5238 3345 5290 vestras
3378 5233 3556 5305 (Psal.
3586 5232 3822 5302 cxxvn).

2194 5328 2321 5385 Non
2361 5330 2554 5384 autem
2609 5327 3053 5384 ambulantibus
3108 5326 3347 5383 meridie
3406 5341 3507 5397 per
3556 5323 3829 5381 solitudi-

2126 5434 2277 5489 nem,
2334 5418 2595 5473 videmus
2652 5421 2898 5474 tractum
2942 5416 3141 5489 magni
3192 5415 3483 5486 draconis,
3543 5415 3644 5486 qui
3698 5416 3827 5469 tan-

2125 5523 2300 5579 quam
2331 5507 2524 5563 trahes
2556 5511 2679 5563 erat
2702 5510 3025 5580 protractus
3057 5522 3157 5578 per
3182 5521 3452 5562 arenam:
3486 5520 3662 5577 quem
3696 5519 3829 5558 cum

2127 5598 2503 5665 vidissemus,
2537 5614 2642 5654 nos
2700 5613 2947 5669 magnus
2999 5596 3174 5653 timor
3211 5596 3445 5655 invasit.
3478 5594 3585 5661 Qui
3634 5597 3827 5650 autem

2130 5704 2236 5747 nos
2289 5687 2583 5745 ducebant
2636 5687 2864 5757 fratres,
2912 5685 3123 5744 hortati
3171 5690 3309 5744 sunt
3361 5700 3433 5744 ne
3471 5687 3832 5744 timeremus,
