  <div class='ocr_page' id='page_1' title='image "/cluster/home/n/w/nwhite01/storage/ocr_20150623/34/hvd.32044073501835/585.png"; bbox 0 0 4078 6212; ppageno 0'>
   <div class='ocr_carea' id='block_1_1' title="bbox 350 350 502 414">
    <p class='ocr_par' dir='ltr' id='par_1_1' title="bbox 350 350 502 414">
     <span class='ocr_line' id='line_1_1' title="bbox 350 350 502 414; baseline -0.026 0"><span class='ocrx_word' id='word_1_1' title='bbox 350 350 502 414; x_wconf 77' lang='grc'><strong>1151</strong></span> 
     </span>
    </p>
   </div>
   <div class='ocr_carea' id='block_1_2' title="bbox 1926 337 2292 401">
    <p class='ocr_par' dir='ltr' id='par_1_2' title="bbox 1926 337 2292 401">
     <span class='ocr_line' id='line_1_2' title="bbox 1926 337 2292 401; baseline 0 -4"><span class='ocrx_word' id='word_1_2' title='bbox 1926 337 2292 401; x_wconf 82' lang='lat' dir='ltr'><strong>PALLADII</strong></span> 
     </span>
    </p>
   </div>
   <div class='ocr_carea' id='block_1_3' title="bbox 3705 343 3861 407">
    <p class='ocr_par' dir='ltr' id='par_1_3' title="bbox 3705 343 3861 407">
     <span class='ocr_line' id='line_1_3' title="bbox 3705 343 3861 407; baseline 0.019 -3"><span class='ocrx_word' id='word_1_3' title='bbox 3705 343 3861 407; x_wconf 67' lang='lat'><strong>1153</strong></span> 
     </span>
    </p>
   </div>
   <div class='ocr_carea' id='block_1_4' title="bbox 349 472 3868 552">
    <p class='ocr_par' dir='ltr' id='par_1_4' title="bbox 349 472 3868 552">
     <span class='ocr_line' id='line_1_4' title="bbox 349 472 3868 552; baseline -0.001 -10"><span class='ocrx_word' id='word_1_4' title='bbox 349 488 449 543; x_wconf 92' lang='lat' dir='ltr'><strong>sed</strong></span> <span class='ocrx_word' id='word_1_5' title='bbox 497 500 761 541; x_wconf 76' lang='lat' dir='ltr'><strong>essemus</strong></span> <span class='ocrx_word' id='word_1_6' title='bbox 806 481 953 537; x_wconf 92' lang='lat' dir='ltr'><strong>bono</strong></span> <span class='ocrx_word' id='word_1_7' title='bbox 999 478 1214 547; x_wconf 87' lang='lat' dir='ltr'><strong>animo,</strong></span> <span class='ocrx_word' id='word_1_8' title='bbox 1261 482 1318 534; x_wconf 92' lang='lat' dir='ltr'><strong>et</strong></span> <span class='ocrx_word' id='word_1_9' title='bbox 1360 490 1738 548; x_wconf 78' lang='lat' dir='ltr'><strong>sequeremur</strong></span> <span class='ocrx_word' id='word_1_10' title='bbox 1780 474 2049 532; x_wconf 83' lang='lat' dir='ltr'><strong>draconis</strong></span> <span class='ocrx_word' id='word_1_11' title='bbox 2080 475 2132 542; x_wconf 79' lang='grc' dir='ltr'><strong>Α</strong></span> <span class='ocrx_word' id='word_1_12' title='bbox 2163 474 2405 542; x_wconf 83' lang='lat' dir='ltr'><strong>dimisit,</strong></span> <span class='ocrx_word' id='word_1_13' title='bbox 2441 477 2500 529; x_wconf 88' lang='lat' dir='ltr'><strong>ut</strong></span> <span class='ocrx_word' id='word_1_14' title='bbox 2555 472 2655 545; x_wconf 88' lang='lat' dir='ltr'><strong>qui</strong></span> <span class='ocrx_word' id='word_1_15' title='bbox 2708 472 2792 528; x_wconf 92' lang='lat' dir='ltr'><strong>eis</strong></span> <span class='ocrx_word' id='word_1_16' title='bbox 2841 472 3080 530; x_wconf 79' lang='lat' dir='ltr'><strong>tristitia</strong></span> <span class='ocrx_word' id='word_1_17' title='bbox 3134 476 3357 533; x_wconf 77' lang='lat' dir='ltr'><strong>affectis</strong></span> <span class='ocrx_word' id='word_1_18' title='bbox 3413 479 3558 536; x_wconf 86' lang='lat' dir='ltr'><strong>nihil</strong></span> <span class='ocrx_word' id='word_1_19' title='bbox 3589 484 3868 552; x_wconf 78' lang='lat' dir='ltr'><strong>prodesse</strong></span> 
     </span>
    </p>
   </div>
   <div class='ocr_carea' id='block_1_5' title="bbox 355 564 2052 647">
    <p class='ocr_par' dir='ltr' id='par_1_5' title="bbox 355 564 2052 647">
     <span class='ocr_line' id='line_1_5' title="bbox 355 564 2052 647; baseline -0.008 -16"><span class='ocrx_word' id='word_1_20' title='bbox 355 576 664 647; x_wconf 81' lang='lat' dir='ltr'><strong>vestigium</strong></span> <span class='ocrx_word' id='word_1_21' title='bbox 702 590 714 629; x_wconf 94' lang='lat'><strong>:</strong></span> <span class='ocrx_word' id='word_1_22' title='bbox 750 570 1036 627; x_wconf 85' lang='lat' dir='ltr'><strong>Videbitis</strong></span> <span class='ocrx_word' id='word_1_23' title='bbox 1068 570 1223 625; x_wconf 86' lang='lat' dir='ltr'><strong>enim</strong></span> <span class='ocrx_word' id='word_1_24' title='bbox 1268 568 1439 623; x_wconf 81' lang='lat' dir='ltr'><strong>tidem</strong></span> <span class='ocrx_word' id='word_1_25' title='bbox 1475 570 1752 633; x_wconf 89' lang='lat' dir='ltr'><strong>nostram,</strong></span> <span class='ocrx_word' id='word_1_26' title='bbox 1778 581 1908 620; x_wconf 90' lang='lat' dir='ltr'><strong>cum</strong></span> <span class='ocrx_word' id='word_1_27' title='bbox 1941 564 2052 635; x_wconf 89' lang='lat' dir='ltr'><strong>ipsi</strong></span> 
     </span>
    </p>
   </div>
   <div class='ocr_carea' id='block_1_6' title="bbox 353 653 2049 727">
    <p class='ocr_par' dir='ltr' id='par_1_6' title="bbox 353 653 2049 727">
     <span class='ocr_line' id='line_1_6' title="bbox 353 653 2049 727; baseline -0.008 -7"><span class='ocrx_word' id='word_1_28' title='bbox 353 666 536 721; x_wconf 88' lang='lat' dir='ltr'><strong>simus</strong></span> <span class='ocrx_word' id='word_1_29' title='bbox 594 679 729 719; x_wconf 89' lang='lat' dir='ltr'><strong>eum</strong></span> <span class='ocrx_word' id='word_1_30' title='bbox 781 678 957 717; x_wconf 91' lang='lat' dir='ltr'><strong>manu</strong></span> <span class='ocrx_word' id='word_1_31' title='bbox 999 666 1194 714; x_wconf 87' lang='lat' dir='ltr'><strong>nostra</strong></span> <span class='ocrx_word' id='word_1_32' title='bbox 1219 656 1567 727; x_wconf 79' lang='lat' dir='ltr'><strong>superaturi.</strong></span> <span class='ocrx_word' id='word_1_33' title='bbox 1602 654 1835 721; x_wconf 90' lang='lat' dir='ltr'><strong>Multos,</strong></span> <span class='ocrx_word' id='word_1_34' title='bbox 1871 653 2049 721; x_wconf 92' lang='lat' dir='ltr'><strong>enim,</strong></span> 
     </span>
    </p>
   </div>
   <div class='ocr_carea' id='block_1_7' title="bbox 356 743 2050 827">
    <p class='ocr_par' dir='ltr' id='par_1_7' title="bbox 356 743 2050 827">
     <span class='ocr_line' id='line_1_7' title="bbox 356 743 2050 827; baseline -0.008 -17"><span class='ocrx_word' id='word_1_35' title='bbox 356 754 653 827; x_wconf 85' lang='lat' dir='ltr'><strong>inquiunt,</strong></span> <span class='ocrx_word' id='word_1_36' title='bbox 697 756 753 808; x_wconf 89' lang='lat' dir='ltr'><strong>et</strong></span> <span class='ocrx_word' id='word_1_37' title='bbox 814 753 1096 806; x_wconf 83' lang='lat' dir='ltr'><strong>dracones</strong></span> <span class='ocrx_word' id='word_1_38' title='bbox 1137 752 1194 803; x_wconf 89' lang='lat' dir='ltr'><strong>et</strong></span> <span class='ocrx_word' id='word_1_39' title='bbox 1243 750 1486 803; x_wconf 79' lang='lat' dir='ltr'><strong>cerastas</strong></span> <span class='ocrx_word' id='word_1_40' title='bbox 1532 762 1709 800; x_wconf 89' lang='lat' dir='ltr'><strong>manu</strong></span> <span class='ocrx_word' id='word_1_41' title='bbox 1758 743 2050 798; x_wconf 85' lang='lat' dir='ltr'><strong>interfeci-</strong></span> 
     </span>
    </p>
   </div>
   <div class='ocr_carea' id='block_1_8' title="bbox 355 833 2051 913">
    <p class='ocr_par' dir='ltr' id='par_1_8' title="bbox 355 833 2051 913">
     <span class='ocr_line' id='line_1_8' title="bbox 355 833 2051 913; baseline -0.008 -12"><span class='ocrx_word' id='word_1_42' title='bbox 355 862 507 913; x_wconf 90' lang='lat' dir='ltr'><strong>mus,</strong></span> <span class='ocrx_word' id='word_1_43' title='bbox 544 844 694 899; x_wconf 89' lang='lat' dir='ltr'><strong>sicut</strong></span> <span class='ocrx_word' id='word_1_44' title='bbox 726 841 1031 913; x_wconf 87' lang='lat' dir='ltr'><strong>scriptum,</strong></span> <span class='ocrx_word' id='word_1_45' title='bbox 1065 842 1173 894; x_wconf 92' lang='lat' dir='ltr'><strong>est.</strong></span> <span class='ocrx_word' id='word_1_46' title='bbox 1212 838 1271 891; x_wconf 91' lang='lat' dir='ltr'><strong>In</strong></span> <span class='ocrx_word' id='word_1_47' title='bbox 1294 836 1377 892; x_wconf 91' lang='lat' dir='ltr'><strong>eis</strong></span> <span class='ocrx_word' id='word_1_48' title='bbox 1408 837 1560 891; x_wconf 91' lang='lat' dir='ltr'><strong>enim</strong></span> <span class='ocrx_word' id='word_1_49' title='bbox 1594 833 1946 905; x_wconf 90' lang='lat' dir='ltr'><strong>implebatur</strong></span> <span class='ocrx_word' id='word_1_50' title='bbox 1976 834 2051 887; x_wconf 75' lang='lat' dir='ltr'><strong>il-</strong></span> 
     </span>
    </p>
   </div>
   <div class='ocr_carea' id='block_1_9' title="bbox 351 923 2051 1001">
    <p class='ocr_par' dir='ltr' id='par_1_9' title="bbox 351 923 2051 1001">
     <span class='ocr_line' id='line_1_9' title="bbox 351 923 2051 1001; baseline -0.009 -10"><span class='ocrx_word' id='word_1_51' title='bbox 351 936 450 991; x_wconf 88' lang='lat' dir='ltr'><strong>lud</strong></span> <span class='ocrx_word' id='word_1_52' title='bbox 488 951 499 989; x_wconf 89' lang='lat'><strong>:</strong></span> <span class='ocrx_word' id='word_1_53' title='bbox 535 933 679 989; x_wconf 86' lang='lat' dir='ltr'><strong>Dedi</strong></span> <span class='ocrx_word' id='word_1_54' title='bbox 728 931 890 987; x_wconf 88' lang='lat' dir='ltr'><strong>vobis</strong></span> <span class='ocrx_word' id='word_1_55' title='bbox 952 932 1295 1001; x_wconf 85' lang='lat' dir='ltr'><strong>potestatem</strong></span> <span class='ocrx_word' id='word_1_56' title='bbox 1345 923 1687 981; x_wconf 82' lang='lat' dir='ltr'><strong>ambulandi</strong></span> <span class='ocrx_word' id='word_1_57' title='bbox 1720 940 1896 994; x_wconf 91' lang='lat' dir='ltr'><strong>super</strong></span> <span class='ocrx_word' id='word_1_58' title='bbox 1925 940 2051 978; x_wconf 85' lang='lat' dir='ltr'><strong>ser-</strong></span> 
     </span>
    </p>
   </div>
   <div class='ocr_carea' id='block_1_10' title="bbox 350 1014 2047 1095">
    <p class='ocr_par' dir='ltr' id='par_1_10' title="bbox 350 1014 2047 1095">
     <span class='ocr_line' id='line_1_10' title="bbox 350 1014 2047 1095; baseline -0.008 -16"><span class='ocrx_word' id='word_1_59' title='bbox 350 1026 555 1095; x_wconf 87' lang='lat' dir='ltr'><strong>pentes</strong></span> <span class='ocrx_word' id='word_1_60' title='bbox 607 1024 663 1076; x_wconf 89' lang='lat' dir='ltr'><strong>et</strong></span> <span class='ocrx_word' id='word_1_61' title='bbox 732 1018 1090 1089; x_wconf 88' lang='lat' dir='ltr'><strong>scorpiones,</strong></span> <span class='ocrx_word' id='word_1_62' title='bbox 1126 1019 1183 1071; x_wconf 90' lang='lat' dir='ltr'><strong>et</strong></span> <span class='ocrx_word' id='word_1_63' title='bbox 1222 1029 1399 1085; x_wconf 88' lang='lat' dir='ltr'><strong>super</strong></span> <span class='ocrx_word' id='word_1_64' title='bbox 1428 1028 1661 1068; x_wconf 89' lang='lat' dir='ltr'><strong>omnem</strong></span> <span class='ocrx_word' id='word_1_65' title='bbox 1704 1014 2047 1083; x_wconf 87' lang='lat' dir='ltr'><strong>potestatem</strong></span> 
     </span>
    </p>
   </div>
   <div class='ocr_carea' id='block_1_11' title="bbox 349 1102 2053 1182">
    <p class='ocr_par' dir='ltr' id='par_1_11' title="bbox 349 1102 2053 1182">
     <span class='ocr_line' id='line_1_11' title="bbox 349 1102 2053 1182; baseline -0.006 -15"><span class='ocrx_word' id='word_1_66' title='bbox 349 1111 573 1169; x_wconf 88' lang='lat' dir='ltr'><strong>inimici</strong></span> <span class='ocrx_word' id='word_1_67' title='bbox 614 1112 800 1182; x_wconf 58' lang='lat' dir='ltr'><strong>(Luem</strong></span> <span class='ocrx_word' id='word_1_68' title='bbox 831 1110 908 1178; x_wconf 87' lang='lat' dir='ltr'><strong>x).</strong></span> <span class='ocrx_word' id='word_1_69' title='bbox 942 1108 1057 1163; x_wconf 86' lang='lat' dir='ltr'><strong>Nos</strong></span> <span class='ocrx_word' id='word_1_70' title='bbox 1099 1110 1290 1161; x_wconf 87' lang='lat' dir='ltr'><strong>autem</strong></span> <span class='ocrx_word' id='word_1_71' title='bbox 1350 1104 1449 1175; x_wconf 90' lang='lat' dir='ltr'><strong>qui</strong></span> <span class='ocrx_word' id='word_1_72' title='bbox 1508 1102 1837 1159; x_wconf 83' lang='lat' dir='ltr'><strong>ferebamur</strong></span> <span class='ocrx_word' id='word_1_73' title='bbox 1864 1102 2053 1157; x_wconf 90' lang='lat' dir='ltr'><strong>incre-</strong></span> 
     </span>
    </p>
   </div>
   <div class='ocr_carea' id='block_1_12' title="bbox 349 1190 2047 1269">
    <p class='ocr_par' dir='ltr' id='par_1_12' title="bbox 349 1190 2047 1269">
     <span class='ocr_line' id='line_1_12' title="bbox 349 1190 2047 1269; baseline -0.008 -11"><span class='ocrx_word' id='word_1_74' title='bbox 349 1202 615 1269; x_wconf 92' lang='lat' dir='ltr'><strong>dulitate,</strong></span> <span class='ocrx_word' id='word_1_75' title='bbox 647 1208 701 1255; x_wconf 89' lang='lat' dir='ltr'><strong>et</strong></span> <span class='ocrx_word' id='word_1_76' title='bbox 756 1199 855 1269; x_wconf 88' lang='lat' dir='ltr'><strong>qui</strong></span> <span class='ocrx_word' id='word_1_77' title='bbox 912 1196 1117 1266; x_wconf 90' lang='lat' dir='ltr'><strong>majori</strong></span> <span class='ocrx_word' id='word_1_78' title='bbox 1176 1210 1408 1250; x_wconf 84' lang='lat' dir='ltr'><strong>eramus</strong></span> <span class='ocrx_word' id='word_1_79' title='bbox 1470 1193 1655 1249; x_wconf 81' lang='lat' dir='ltr'><strong>etl‘ecti</strong></span> <span class='ocrx_word' id='word_1_80' title='bbox 1720 1190 2047 1258; x_wconf 82' lang='lat' dir='ltr'><strong>formidine,</strong></span> 
     </span>
    </p>
   </div>
   <div class='ocr_carea' id='block_1_13' title="bbox 346 1282 2045 1361">
    <p class='ocr_par' dir='ltr' id='par_1_13' title="bbox 346 1282 2045 1361">
     <span class='ocr_line' id='line_1_13' title="bbox 346 1282 2045 1361; baseline -0.006 -14"><span class='ocrx_word' id='word_1_81' title='bbox 346 1292 695 1361; x_wconf 85' lang='lat' dir='ltr'><strong>rogabamus</strong></span> <span class='ocrx_word' id='word_1_82' title='bbox 726 1304 824 1344; x_wconf 93' lang='lat' dir='ltr'><strong>eos</strong></span> <span class='ocrx_word' id='word_1_83' title='bbox 850 1302 919 1342; x_wconf 91' lang='lat' dir='ltr'><strong>ne</strong></span> <span class='ocrx_word' id='word_1_84' title='bbox 954 1287 1174 1342; x_wconf 90' lang='lat' dir='ltr'><strong>iremus</strong></span> <span class='ocrx_word' id='word_1_85' title='bbox 1209 1300 1310 1356; x_wconf 92' lang='lat' dir='ltr'><strong>per</strong></span> <span class='ocrx_word' id='word_1_86' title='bbox 1348 1282 1591 1354; x_wconf 86' lang='lat' dir='ltr'><strong>vestigia</strong></span> <span class='ocrx_word' id='word_1_87' title='bbox 1623 1282 1914 1351; x_wconf 83' lang='lat' dir='ltr'><strong>draconis,</strong></span> <span class='ocrx_word' id='word_1_88' title='bbox 1943 1282 2045 1337; x_wconf 91' lang='lat' dir='ltr'><strong>sed</strong></span> 
     </span>
    </p>
   </div>
   <div class='ocr_carea' id='block_1_14' title="bbox 347 1371 2051 1443">
    <p class='ocr_par' dir='ltr' id='par_1_14' title="bbox 347 1371 2051 1443">
     <span class='ocr_line' id='line_1_14' title="bbox 347 1371 2051 1443; baseline -0.008 -6"><span class='ocrx_word' id='word_1_89' title='bbox 347 1385 505 1436; x_wconf 91' lang='lat' dir='ltr'><strong>recta</strong></span> <span class='ocrx_word' id='word_1_90' title='bbox 535 1380 648 1435; x_wconf 86' lang='lat' dir='ltr'><strong>via.</strong></span> <span class='ocrx_word' id='word_1_91' title='bbox 683 1378 847 1433; x_wconf 88' lang='lat' dir='ltr'><strong>Unus</strong></span> <span class='ocrx_word' id='word_1_92' title='bbox 879 1380 1072 1431; x_wconf 90' lang='lat' dir='ltr'><strong>autem</strong></span> <span class='ocrx_word' id='word_1_93' title='bbox 1123 1376 1299 1430; x_wconf 88' lang='lat' dir='ltr'><strong>frater</strong></span> <span class='ocrx_word' id='word_1_94' title='bbox 1342 1390 1408 1429; x_wconf 85' lang='lat' dir='ltr'><strong>ex</strong></span> <span class='ocrx_word' id='word_1_95' title='bbox 1447 1372 1609 1443; x_wconf 90' lang='lat' dir='ltr'><strong>ipsis,</strong></span> <span class='ocrx_word' id='word_1_96' title='bbox 1634 1388 1841 1441; x_wconf 83' lang='lat' dir='ltr'><strong>magna</strong></span> <span class='ocrx_word' id='word_1_97' title='bbox 1870 1371 2051 1427; x_wconf 90' lang='lat' dir='ltr'><strong>animi</strong></span> 
     </span>
    </p>
   </div>
   <div class='ocr_carea' id='block_1_15' title="bbox 347 1461 2050 1533">
    <p class='ocr_par' dir='ltr' id='par_1_15' title="bbox 347 1461 2050 1533">
     <span class='ocr_line' id='line_1_15' title="bbox 347 1461 2050 1533; baseline -0.006 -7"><span class='ocrx_word' id='word_1_98' title='bbox 347 1470 664 1533; x_wconf 88' lang='lat' dir='ltr'><strong>alacritate,</strong></span> <span class='ocrx_word' id='word_1_99' title='bbox 696 1484 828 1522; x_wconf 92' lang='lat' dir='ltr'><strong>cum</strong></span> <span class='ocrx_word' id='word_1_100' title='bbox 854 1482 961 1521; x_wconf 90' lang='lat' dir='ltr'><strong>nos</strong></span> <span class='ocrx_word' id='word_1_101' title='bbox 993 1481 1058 1520; x_wconf 93' lang='lat' dir='ltr'><strong>eo</strong></span> <span class='ocrx_word' id='word_1_102' title='bbox 1089 1465 1146 1518; x_wconf 92' lang='lat' dir='ltr'><strong>in</strong></span> <span class='ocrx_word' id='word_1_103' title='bbox 1202 1464 1324 1518; x_wconf 84' lang='lat' dir='ltr'><strong>loco</strong></span> <span class='ocrx_word' id='word_1_104' title='bbox 1383 1462 1724 1530; x_wconf 89' lang='lat' dir='ltr'><strong>dimisisset,</strong></span> <span class='ocrx_word' id='word_1_105' title='bbox 1757 1461 2050 1532; x_wconf 87' lang='lat' dir='ltr'><strong>profectus</strong></span> 
     </span>
    </p>
   </div>
   <div class='ocr_carea' id='block_1_16' title="bbox 346 1550 2048 1625">
    <p class='ocr_par' dir='ltr' id='par_1_16' title="bbox 346 1550 2048 1625">
     <span class='ocr_line' id='line_1_16' title="bbox 346 1550 2048 1625; baseline -0.006 -9"><span class='ocrx_word' id='word_1_106' title='bbox 346 1564 437 1616; x_wconf 89' lang='lat' dir='ltr'><strong>est</strong></span> <span class='ocrx_word' id='word_1_107' title='bbox 468 1561 526 1613; x_wconf 93' lang='lat' dir='ltr'><strong>in</strong></span> <span class='ocrx_word' id='word_1_108' title='bbox 559 1557 936 1613; x_wconf 84' lang='lat' dir='ltr'><strong>solitudinem</strong></span> <span class='ocrx_word' id='word_1_109' title='bbox 971 1569 1236 1625; x_wconf 68' lang='lat' dir='ltr'><strong>quaerens</strong></span> <span class='ocrx_word' id='word_1_110' title='bbox 1286 1550 1562 1607; x_wconf 91' lang='lat' dir='ltr'><strong>belluam.</strong></span> <span class='ocrx_word' id='word_1_111' title='bbox 1595 1550 1778 1613; x_wconf 85' lang='lat' dir='ltr'><strong>Quam</strong></span> <span class='ocrx_word' id='word_1_112' title='bbox 1801 1566 1933 1605; x_wconf 87' lang='lat' dir='ltr'><strong>cum</strong></span> <span class='ocrx_word' id='word_1_113' title='bbox 1966 1551 2048 1605; x_wconf 89' lang='lat' dir='ltr'><strong>in-</strong></span> 
     </span>
    </p>
   </div>
   <div class='ocr_carea' id='block_1_17' title="bbox 346 1640 2047 1717">
    <p class='ocr_par' dir='ltr' id='par_1_17' title="bbox 346 1640 2047 1717">
     <span class='ocr_line' id='line_1_17' title="bbox 346 1640 2047 1717; baseline -0.006 -11"><span class='ocrx_word' id='word_1_114' title='bbox 346 1651 620 1715; x_wconf 84' lang='lat' dir='ltr'><strong>venisset,</strong></span> <span class='ocrx_word' id='word_1_115' title='bbox 654 1664 768 1703; x_wconf 91' lang='lat' dir='ltr'><strong>non</strong></span> <span class='ocrx_word' id='word_1_116' title='bbox 829 1644 1025 1717; x_wconf 88' lang='lat' dir='ltr'><strong>procul</strong></span> <span class='ocrx_word' id='word_1_117' title='bbox 1077 1644 1150 1699; x_wconf 90' lang='lat' dir='ltr'><strong>ab</strong></span> <span class='ocrx_word' id='word_1_118' title='bbox 1202 1647 1391 1706; x_wconf 87' lang='lat' dir='ltr'><strong>antro,</strong></span> <span class='ocrx_word' id='word_1_119' title='bbox 1436 1656 1644 1712; x_wconf 86' lang='lat' dir='ltr'><strong>magna</strong></span> <span class='ocrx_word' id='word_1_120' title='bbox 1690 1656 1826 1695; x_wconf 91' lang='lat' dir='ltr'><strong>voce</strong></span> <span class='ocrx_word' id='word_1_121' title='bbox 1858 1640 2047 1696; x_wconf 86' lang='lat' dir='ltr'><strong>excla-</strong></span> 
     </span>
    </p>
   </div>
   <div class='ocr_carea' id='block_1_18' title="bbox 348 1730 2045 1803">
    <p class='ocr_par' dir='ltr' id='par_1_18' title="bbox 348 1730 2045 1803">
     <span class='ocr_line' id='line_1_18' title="bbox 348 1730 2045 1803; baseline -0.006 -8"><span class='ocrx_word' id='word_1_122' title='bbox 348 1740 548 1796; x_wconf 89' lang='lat' dir='ltr'><strong>mabat</strong></span> <span class='ocrx_word' id='word_1_123' title='bbox 578 1739 887 1792; x_wconf 89' lang='lat' dir='ltr'><strong>draconem</strong></span> <span class='ocrx_word' id='word_1_124' title='bbox 911 1750 1037 1791; x_wconf 90' lang='lat' dir='ltr'><strong>esse</strong></span> <span class='ocrx_word' id='word_1_125' title='bbox 1070 1734 1129 1787; x_wconf 91' lang='lat' dir='ltr'><strong>in</strong></span> <span class='ocrx_word' id='word_1_126' title='bbox 1162 1733 1473 1803; x_wconf 88' lang='lat' dir='ltr'><strong>spelunca;</strong></span> <span class='ocrx_word' id='word_1_127' title='bbox 1508 1736 1564 1786; x_wconf 89' lang='lat' dir='ltr'><strong>et</strong></span> <span class='ocrx_word' id='word_1_128' title='bbox 1594 1730 1834 1785; x_wconf 90' lang='lat' dir='ltr'><strong>vocabat</strong></span> <span class='ocrx_word' id='word_1_129' title='bbox 1866 1730 2045 1800; x_wconf 89' lang='lat' dir='ltr'><strong>ipsos,</strong></span> 
     </span>
    </p>
   </div>
   <div class='ocr_carea' id='block_1_19' title="bbox 347 1822 2050 1893">
    <p class='ocr_par' dir='ltr' id='par_1_19' title="bbox 347 1822 2050 1893">
     <span class='ocr_line' id='line_1_19' title="bbox 347 1822 2050 1893; baseline -0.007 -7"><span class='ocrx_word' id='word_1_130' title='bbox 347 1835 412 1886; x_wconf 91' lang='lat' dir='ltr'><strong>ut</strong></span> <span class='ocrx_word' id='word_1_131' title='bbox 444 1830 511 1885; x_wconf 90' lang='lat' dir='ltr'><strong>ad</strong></span> <span class='ocrx_word' id='word_1_132' title='bbox 547 1842 607 1883; x_wconf 90' lang='lat' dir='ltr'><strong>se</strong></span> <span class='ocrx_word' id='word_1_133' title='bbox 638 1827 906 1883; x_wconf 88' lang='lat' dir='ltr'><strong>venirent</strong></span> <span class='ocrx_word' id='word_1_134' title='bbox 937 1824 1113 1879; x_wconf 86' lang='lat' dir='ltr'><strong>visuri</strong></span> <span class='ocrx_word' id='word_1_135' title='bbox 1148 1823 1287 1893; x_wconf 89' lang='lat' dir='ltr'><strong>quid</strong></span> <span class='ocrx_word' id='word_1_136' title='bbox 1348 1826 1503 1877; x_wconf 87' lang='lat' dir='ltr'><strong>esset</strong></span> <span class='ocrx_word' id='word_1_137' title='bbox 1559 1825 1901 1877; x_wconf 90' lang='lat' dir='ltr'><strong>eventurum</strong></span> <span class='ocrx_word' id='word_1_138' title='bbox 1936 1837 1952 1889; x_wconf 90' lang='lat'><strong>;</strong></span> <span class='ocrx_word' id='word_1_139' title='bbox 1994 1822 2050 1875; x_wconf 91' lang='lat' dir='ltr'><strong>et</strong></span> 
     </span>
    </p>
   </div>
   <div class='ocr_carea' id='block_1_20' title="bbox 347 1912 2048 1978">
    <p class='ocr_par' dir='ltr' id='par_1_20' title="bbox 347 1912 2048 1978">
     <span class='ocr_line' id='line_1_20' title="bbox 347 1912 2048 1978; baseline -0.007 -2"><span class='ocrx_word' id='word_1_140' title='bbox 347 1918 715 1977; x_wconf 84' lang='lat' dir='ltr'><strong>hortantibus</strong></span> <span class='ocrx_word' id='word_1_141' title='bbox 765 1933 869 1971; x_wconf 90' lang='lat' dir='ltr'><strong>nos</strong></span> <span class='ocrx_word' id='word_1_142' title='bbox 928 1913 1059 1969; x_wconf 90' lang='lat' dir='ltr'><strong>aliis</strong></span> <span class='ocrx_word' id='word_1_143' title='bbox 1102 1913 1380 1968; x_wconf 82' lang='lat' dir='ltr'><strong>fratribus</strong></span> <span class='ocrx_word' id='word_1_144' title='bbox 1422 1928 1493 1967; x_wconf 90' lang='lat' dir='ltr'><strong>ne</strong></span> <span class='ocrx_word' id='word_1_145' title='bbox 1524 1912 1888 1978; x_wconf 86' lang='lat' dir='ltr'><strong>timeremus,</strong></span> <span class='ocrx_word' id='word_1_146' title='bbox 1916 1926 2048 1965; x_wconf 91' lang='lat' dir='ltr'><strong>cum</strong></span> 
     </span>
    </p>
   </div>
   <div class='ocr_carea' id='block_1_21' title="bbox 346 1999 2050 2080">
    <p class='ocr_par' dir='ltr' id='par_1_21' title="bbox 346 1999 2050 2080">
     <span class='ocr_line' id='line_1_21' title="bbox 346 1999 2050 2080; baseline -0.007 -15"><span class='ocrx_word' id='word_1_147' title='bbox 346 2025 558 2080; x_wconf 89' lang='lat' dir='ltr'><strong>magno</strong></span> <span class='ocrx_word' id='word_1_148' title='bbox 616 2011 773 2062; x_wconf 91' lang='lat' dir='ltr'><strong>metu</strong></span> <span class='ocrx_word' id='word_1_149' title='bbox 833 2004 1087 2060; x_wconf 87' lang='lat' dir='ltr'><strong>abiimus</strong></span> <span class='ocrx_word' id='word_1_150' title='bbox 1129 2002 1308 2057; x_wconf 85' lang='lat' dir='ltr'><strong>visuri</strong></span> <span class='ocrx_word' id='word_1_151' title='bbox 1343 2001 1620 2057; x_wconf 89' lang='lat' dir='ltr'><strong>belluam.</strong></span> <span class='ocrx_word' id='word_1_152' title='bbox 1644 1999 1824 2056; x_wconf 90' lang='lat' dir='ltr'><strong>Nobis</strong></span> <span class='ocrx_word' id='word_1_153' title='bbox 1854 2003 2050 2055; x_wconf 87' lang='lat' dir='ltr'><strong>autem</strong></span> 
     </span>
    </p>
   </div>
   <div class='ocr_carea' id='block_1_22' title="bbox 349 2094 2053 2171">
    <p class='ocr_par' dir='ltr' id='par_1_22' title="bbox 349 2094 2053 2171">
     <span class='ocr_line' id='line_1_22' title="bbox 349 2094 2053 2171; baseline -0.007 -16"><span class='ocrx_word' id='word_1_154' title='bbox 349 2105 584 2171; x_wconf 89' lang='lat' dir='ltr'><strong>repente</strong></span> <span class='ocrx_word' id='word_1_155' title='bbox 632 2111 946 2153; x_wconf 88' lang='lat' dir='ltr'><strong>occurrens</strong></span> <span class='ocrx_word' id='word_1_156' title='bbox 1027 2096 1205 2149; x_wconf 89' lang='lat' dir='ltr'><strong>frater</strong></span> <span class='ocrx_word' id='word_1_157' title='bbox 1270 2109 1438 2162; x_wconf 81' lang='lat' dir='ltr'><strong>unus,</strong></span> <span class='ocrx_word' id='word_1_158' title='bbox 1503 2108 1681 2147; x_wconf 87' lang='lat' dir='ltr'><strong>manu</strong></span> <span class='ocrx_word' id='word_1_159' title='bbox 1752 2106 1856 2145; x_wconf 89' lang='lat' dir='ltr'><strong>nos</strong></span> <span class='ocrx_word' id='word_1_160' title='bbox 1928 2094 2053 2145; x_wconf 88' lang='lat' dir='ltr'><strong>tra-</strong></span> 
     </span>
    </p>
   </div>
   <div class='ocr_carea' id='block_1_23' title="bbox 350 2182 2054 2251">
    <p class='ocr_par' dir='ltr' id='par_1_23' title="bbox 350 2182 2054 2251">
     <span class='ocr_line' id='line_1_23' title="bbox 350 2182 2054 2251; baseline -0.006 -6"><span class='ocrx_word' id='word_1_161' title='bbox 350 2191 429 2245; x_wconf 83' lang='lat' dir='ltr'><strong>xit</strong></span> <span class='ocrx_word' id='word_1_162' title='bbox 469 2190 529 2244; x_wconf 91' lang='lat' dir='ltr'><strong>in</strong></span> <span class='ocrx_word' id='word_1_163' title='bbox 578 2205 751 2245; x_wconf 89' lang='lat' dir='ltr'><strong>suum</strong></span> <span class='ocrx_word' id='word_1_164' title='bbox 814 2186 1263 2251; x_wconf 88' lang='lat' dir='ltr'><strong>monasterium,</strong></span> <span class='ocrx_word' id='word_1_165' title='bbox 1296 2182 1493 2238; x_wconf 90' lang='lat' dir='ltr'><strong>dicens</strong></span> <span class='ocrx_word' id='word_1_166' title='bbox 1550 2198 1657 2237; x_wconf 92' lang='lat' dir='ltr'><strong>nos</strong></span> <span class='ocrx_word' id='word_1_167' title='bbox 1719 2197 1832 2237; x_wconf 90' lang='lat' dir='ltr'><strong>non</strong></span> <span class='ocrx_word' id='word_1_168' title='bbox 1886 2193 2054 2251; x_wconf 88' lang='lat' dir='ltr'><strong>posse</strong></span> 
     </span>
    </p>
   </div>
   <div class='ocr_carea' id='block_1_24' title="bbox 353 2270 2059 2351">
    <p class='ocr_par' dir='ltr' id='par_1_24' title="bbox 353 2270 2059 2351">
     <span class='ocr_line' id='line_1_24' title="bbox 353 2270 2059 2351; baseline -0.007 -15"><span class='ocrx_word' id='word_1_169' title='bbox 353 2282 500 2336; x_wconf 82' lang='lat' dir='ltr'><strong>ferre</strong></span> <span class='ocrx_word' id='word_1_170' title='bbox 531 2280 814 2351; x_wconf 90' lang='lat' dir='ltr'><strong>impetum</strong></span> <span class='ocrx_word' id='word_1_171' title='bbox 847 2275 1077 2342; x_wconf 72' lang='lat' dir='ltr'><strong>belluas,</strong></span> <span class='ocrx_word' id='word_1_172' title='bbox 1109 2284 1160 2329; x_wconf 89' lang='lat' dir='ltr'><strong>et</strong></span> <span class='ocrx_word' id='word_1_173' title='bbox 1192 2273 1445 2329; x_wconf 86' lang='lat' dir='ltr'><strong>maxime</strong></span> <span class='ocrx_word' id='word_1_174' title='bbox 1500 2273 1652 2343; x_wconf 92' lang='lat' dir='ltr'><strong>quod</strong></span> <span class='ocrx_word' id='word_1_175' title='bbox 1686 2271 1945 2326; x_wconf 89' lang='lat' dir='ltr'><strong>nondum</strong></span> <span class='ocrx_word' id='word_1_176' title='bbox 1976 2270 2059 2323; x_wconf 89' lang='lat' dir='ltr'><strong>vi-</strong></span> 
     </span>
    </p>
   </div>
   <div class='ocr_carea' id='block_1_25' title="bbox 355 2360 2054 2435">
    <p class='ocr_par' dir='ltr' id='par_1_25' title="bbox 355 2360 2054 2435">
     <span class='ocr_line' id='line_1_25' title="bbox 355 2360 2054 2435; baseline -0.006 -9"><span class='ocrx_word' id='word_1_177' title='bbox 355 2371 649 2426; x_wconf 89' lang='lat' dir='ltr'><strong>dissemus</strong></span> <span class='ocrx_word' id='word_1_178' title='bbox 671 2367 867 2435; x_wconf 88' lang='lat' dir='ltr'><strong>talem,</strong></span> <span class='ocrx_word' id='word_1_179' title='bbox 902 2382 963 2422; x_wconf 92' lang='lat' dir='ltr'><strong>se</strong></span> <span class='ocrx_word' id='word_1_180' title='bbox 985 2382 1114 2421; x_wconf 86' lang='lat' dir='ltr'><strong>vero</strong></span> <span class='ocrx_word' id='word_1_181' title='bbox 1146 2379 1300 2435; x_wconf 64' lang='lat' dir='ltr'><strong>saepe</strong></span> <span class='ocrx_word' id='word_1_182' title='bbox 1322 2364 1541 2419; x_wconf 90' lang='lat' dir='ltr'><strong>vidisse</strong></span> <span class='ocrx_word' id='word_1_183' title='bbox 1579 2364 1767 2433; x_wconf 89' lang='lat' dir='ltr'><strong>ipsam</strong></span> <span class='ocrx_word' id='word_1_184' title='bbox 1798 2360 2054 2416; x_wconf 89' lang='lat' dir='ltr'><strong>belluam</strong></span> 
     </span>
    </p>
   </div>
   <div class='ocr_carea' id='block_1_26' title="bbox 352 2452 2059 2528">
    <p class='ocr_par' dir='ltr' id='par_1_26' title="bbox 352 2452 2059 2528">
     <span class='ocr_line' id='line_1_26' title="bbox 352 2452 2059 2528; baseline -0.007 -11"><span class='ocrx_word' id='word_1_185' title='bbox 352 2466 473 2517; x_wconf 90' lang='lat' dir='ltr'><strong>tam</strong></span> <span class='ocrx_word' id='word_1_186' title='bbox 506 2463 667 2515; x_wconf 89' lang='lat' dir='ltr'><strong>vasta</strong></span> <span class='ocrx_word' id='word_1_187' title='bbox 696 2457 1123 2528; x_wconf 85' lang='lat' dir='ltr'><strong>magnitudine,</strong></span> <span class='ocrx_word' id='word_1_188' title='bbox 1159 2460 1222 2511; x_wconf 88' lang='lat' dir='ltr'><strong>ut</strong></span> <span class='ocrx_word' id='word_1_189' title='bbox 1253 2471 1378 2526; x_wconf 66' lang='lat' dir='ltr'><strong>qum</strong></span> <span class='ocrx_word' id='word_1_190' title='bbox 1412 2454 1487 2508; x_wconf 89' lang='lat' dir='ltr'><strong>sit</strong></span> <span class='ocrx_word' id='word_1_191' title='bbox 1519 2452 1649 2524; x_wconf 92' lang='lat' dir='ltr'><strong>plus</strong></span> <span class='ocrx_word' id='word_1_192' title='bbox 1682 2468 1857 2523; x_wconf 91' lang='lat' dir='ltr'><strong>quam</strong></span> <span class='ocrx_word' id='word_1_193' title='bbox 1888 2453 2059 2522; x_wconf 87' lang='lat' dir='ltr'><strong>quin-</strong></span> 
     </span>
    </p>
   </div>
   <div class='ocr_carea' id='block_1_27' title="bbox 351 2541 2055 2613">
    <p class='ocr_par' dir='ltr' id='par_1_27' title="bbox 351 2541 2055 2613">
     <span class='ocr_line' id='line_1_27' title="bbox 351 2541 2055 2613; baseline -0.006 -8"><span class='ocrx_word' id='word_1_194' title='bbox 351 2550 539 2605; x_wconf 89' lang='lat' dir='ltr'><strong>decim</strong></span> <span class='ocrx_word' id='word_1_195' title='bbox 571 2549 919 2605; x_wconf 89' lang='lat' dir='ltr'><strong>cubitorum.</strong></span> <span class='ocrx_word' id='word_1_196' title='bbox 954 2548 1097 2601; x_wconf 90' lang='lat' dir='ltr'><strong>Cum</strong></span> <span class='ocrx_word' id='word_1_197' title='bbox 1124 2562 1231 2599; x_wconf 91' lang='lat' dir='ltr'><strong>nos</strong></span> <span class='ocrx_word' id='word_1_198' title='bbox 1262 2560 1395 2613; x_wconf 88' lang='lat' dir='ltr'><strong>ergo</strong></span> <span class='ocrx_word' id='word_1_199' title='bbox 1422 2543 1695 2613; x_wconf 85' lang='lat' dir='ltr'><strong>jussisset</strong></span> <span class='ocrx_word' id='word_1_200' title='bbox 1728 2557 1957 2597; x_wconf 89' lang='lat' dir='ltr'><strong>manere</strong></span> <span class='ocrx_word' id='word_1_201' title='bbox 1995 2541 2055 2595; x_wconf 93' lang='lat' dir='ltr'><strong>in</strong></span> 
     </span>
    </p>
   </div>
   <div class='ocr_carea' id='block_1_28' title="bbox 346 2631 2058 2703">
    <p class='ocr_par' dir='ltr' id='par_1_28' title="bbox 346 2631 2058 2703">
     <span class='ocr_line' id='line_1_28' title="bbox 346 2631 2058 2703; baseline -0.005 -12"><span class='ocrx_word' id='word_1_202' title='bbox 346 2638 491 2703; x_wconf 92' lang='lat' dir='ltr'><strong>loco,</strong></span> <span class='ocrx_word' id='word_1_203' title='bbox 524 2638 663 2692; x_wconf 90' lang='lat' dir='ltr'><strong>abiit</strong></span> <span class='ocrx_word' id='word_1_204' title='bbox 693 2635 767 2690; x_wconf 87' lang='lat' dir='ltr'><strong>ad</strong></span> <span class='ocrx_word' id='word_1_205' title='bbox 798 2636 1054 2700; x_wconf 85' lang='lat' dir='ltr'><strong>fratrem,</strong></span> <span class='ocrx_word' id='word_1_206' title='bbox 1086 2634 1283 2689; x_wconf 88' lang='lat' dir='ltr'><strong>dicens</strong></span> <span class='ocrx_word' id='word_1_207' title='bbox 1334 2632 1383 2685; x_wconf 90' lang='lat' dir='ltr'><strong>ei</strong></span> <span class='ocrx_word' id='word_1_208' title='bbox 1434 2635 1498 2685; x_wconf 90' lang='lat' dir='ltr'><strong>ut</strong></span> <span class='ocrx_word' id='word_1_209' title='bbox 1548 2631 1834 2685; x_wconf 89' lang='lat' dir='ltr'><strong>recederet</strong></span> <span class='ocrx_word' id='word_1_210' title='bbox 1878 2647 1911 2684; x_wconf 90' lang='lat' dir='ltr'><strong>a</strong></span> <span class='ocrx_word' id='word_1_211' title='bbox 1958 2645 2058 2684; x_wconf 82' lang='lat' dir='ltr'><strong>ca-</strong></span> 
     </span>
    </p>
   </div>
   <div class='ocr_carea' id='block_1_29' title="bbox 345 2719 2053 2795">
    <p class='ocr_par' dir='ltr' id='par_1_29' title="bbox 345 2719 2053 2795">
     <span class='ocr_line' id='line_1_29' title="bbox 345 2719 2053 2795; baseline -0.006 -13"><span class='ocrx_word' id='word_1_212' title='bbox 345 2742 565 2795; x_wconf 83' lang='lat' dir='ltr'><strong>verna;</strong></span> <span class='ocrx_word' id='word_1_213' title='bbox 600 2726 923 2779; x_wconf 86' lang='lat' dir='ltr'><strong>conabatur</strong></span> <span class='ocrx_word' id='word_1_214' title='bbox 979 2723 1135 2777; x_wconf 91' lang='lat' dir='ltr'><strong>enim</strong></span> <span class='ocrx_word' id='word_1_215' title='bbox 1195 2722 1291 2776; x_wconf 91' lang='lat' dir='ltr'><strong>ille</strong></span> <span class='ocrx_word' id='word_1_216' title='bbox 1337 2738 1369 2775; x_wconf 89' lang='lat' dir='ltr'><strong>a</strong></span> <span class='ocrx_word' id='word_1_217' title='bbox 1412 2720 1535 2776; x_wconf 92' lang='lat' dir='ltr'><strong>loco</strong></span> <span class='ocrx_word' id='word_1_218' title='bbox 1590 2736 1703 2775; x_wconf 92' lang='lat' dir='ltr'><strong>non</strong></span> <span class='ocrx_word' id='word_1_219' title='bbox 1767 2719 2053 2788; x_wconf 89' lang='lat' dir='ltr'><strong>recedere,</strong></span> 
     </span>
    </p>
   </div>
   <div class='ocr_carea' id='block_1_30' title="bbox 344 2809 2055 2887">
    <p class='ocr_par' dir='ltr' id='par_1_30' title="bbox 344 2809 2055 2887">
     <span class='ocr_line' id='line_1_30' title="bbox 344 2809 2055 2887; baseline -0.004 -17"><span class='ocrx_word' id='word_1_220' title='bbox 344 2816 687 2887; x_wconf 86' lang='lat' dir='ltr'><strong>priusquam</strong></span> <span class='ocrx_word' id='word_1_221' title='bbox 724 2812 1110 2869; x_wconf 83' lang='lat' dir='ltr'><strong>interfecisset</strong></span> <span class='ocrx_word' id='word_1_222' title='bbox 1142 2812 1475 2867; x_wconf 89' lang='lat' dir='ltr'><strong>draconem.</strong></span> <span class='ocrx_word' id='word_1_223' title='bbox 1509 2809 1613 2865; x_wconf 86' lang='lat' dir='ltr'><strong>Cui</strong></span> <span class='ocrx_word' id='word_1_224' title='bbox 1646 2824 1776 2865; x_wconf 94' lang='lat' dir='ltr'><strong>cum</strong></span> <span class='ocrx_word' id='word_1_225' title='bbox 1809 2825 2055 2879; x_wconf 89' lang='lat' dir='ltr'><strong>persua-</strong></span> 
     </span>
    </p>
   </div>
   <div class='ocr_carea' id='block_1_31' title="bbox 347 2900 2055 2974">
    <p class='ocr_par' dir='ltr' id='par_1_31' title="bbox 347 2900 2055 2974">
     <span class='ocr_line' id='line_1_31' title="bbox 347 2900 2055 2974; baseline -0.003 -15"><span class='ocrx_word' id='word_1_226' title='bbox 347 2906 538 2974; x_wconf 82' lang='lat' dir='ltr'><strong>sisset,</strong></span> <span class='ocrx_word' id='word_1_227' title='bbox 571 2920 703 2960; x_wconf 90' lang='lat' dir='ltr'><strong>eum</strong></span> <span class='ocrx_word' id='word_1_228' title='bbox 735 2901 899 2959; x_wconf 88' lang='lat' dir='ltr'><strong>ducit</strong></span> <span class='ocrx_word' id='word_1_229' title='bbox 929 2903 999 2956; x_wconf 88' lang='lat' dir='ltr'><strong>ad</strong></span> <span class='ocrx_word' id='word_1_230' title='bbox 1034 2919 1139 2958; x_wconf 92' lang='lat' dir='ltr'><strong>nos</strong></span> <span class='ocrx_word' id='word_1_231' title='bbox 1169 2902 1567 2972; x_wconf 85' lang='lat' dir='ltr'><strong>increpantem</strong></span> <span class='ocrx_word' id='word_1_232' title='bbox 1620 2900 1909 2955; x_wconf 87' lang='lat' dir='ltr'><strong>modicam</strong></span> <span class='ocrx_word' id='word_1_233' title='bbox 1952 2915 2055 2954; x_wconf 88' lang='lat' dir='ltr'><strong>no-</strong></span> 
     </span>
    </p>
   </div>
   <div class='ocr_carea' id='block_1_32' title="bbox 347 2989 2053 3062">
    <p class='ocr_par' dir='ltr' id='par_1_32' title="bbox 347 2989 2053 3062">
     <span class='ocr_line' id='line_1_32' title="bbox 347 2989 2053 3062; baseline -0.005 -10"><span class='ocrx_word' id='word_1_234' title='bbox 347 2998 526 3052; x_wconf 89' lang='lat' dir='ltr'><strong>stram</strong></span> <span class='ocrx_word' id='word_1_235' title='bbox 560 2995 757 3051; x_wconf 80' lang='lat' dir='ltr'><strong>fidem.</strong></span> <span class='ocrx_word' id='word_1_236' title='bbox 780 2992 1152 3059; x_wconf 90' lang='lat' dir='ltr'><strong>Quiescentes</strong></span> <span class='ocrx_word' id='word_1_237' title='bbox 1182 2996 1377 3047; x_wconf 90' lang='lat' dir='ltr'><strong>autem</strong></span> <span class='ocrx_word' id='word_1_238' title='bbox 1410 2993 1560 3062; x_wconf 89' lang='lat' dir='ltr'><strong>apud</strong></span> <span class='ocrx_word' id='word_1_239' title='bbox 1594 2989 1761 3046; x_wconf 88' lang='lat' dir='ltr'><strong>illum</strong></span> <span class='ocrx_word' id='word_1_240' title='bbox 1794 2990 2053 3059; x_wconf 88' lang='lat' dir='ltr'><strong>fratrem,</strong></span> 
     </span>
    </p>
   </div>
   <div class='ocr_carea' id='block_1_33' title="bbox 347 3080 2053 3158">
    <p class='ocr_par' dir='ltr' id='par_1_33' title="bbox 347 3080 2053 3158">
     <span class='ocr_line' id='line_1_33' title="bbox 347 3080 2053 3158; baseline -0.002 -17"><span class='ocrx_word' id='word_1_241' title='bbox 347 3088 445 3158; x_wconf 91' lang='lat' dir='ltr'><strong>qui</strong></span> <span class='ocrx_word' id='word_1_242' title='bbox 467 3086 697 3143; x_wconf 91' lang='lat' dir='ltr'><strong>circiter</strong></span> <span class='ocrx_word' id='word_1_243' title='bbox 726 3084 974 3141; x_wconf 90' lang='lat' dir='ltr'><strong>milliare</strong></span> <span class='ocrx_word' id='word_1_244' title='bbox 1006 3088 1291 3141; x_wconf 88' lang='lat' dir='ltr'><strong>remotum</strong></span> <span class='ocrx_word' id='word_1_245' title='bbox 1326 3082 1578 3140; x_wconf 75' lang='lat' dir='ltr'><strong>habebat</strong></span> <span class='ocrx_word' id='word_1_246' title='bbox 1618 3080 2053 3153; x_wconf 87' lang='lat' dir='ltr'><strong>monasterium,</strong></span> 
     </span>
    </p>
   </div>
   <div class='ocr_carea' id='block_1_34' title="bbox 348 3176 976 3234">
    <p class='ocr_par' dir='ltr' id='par_1_34' title="bbox 348 3176 976 3234">
     <span class='ocr_line' id='line_1_34' title="bbox 348 3176 976 3234; baseline -0.002 -1"><span class='ocrx_word' id='word_1_247' title='bbox 348 3178 489 3234; x_wconf 87' lang='lat' dir='ltr'><strong>satis</strong></span> <span class='ocrx_word' id='word_1_248' title='bbox 522 3176 719 3234; x_wconf 89' lang='lat' dir='ltr'><strong>refecti</strong></span> <span class='ocrx_word' id='word_1_249' title='bbox 750 3192 976 3233; x_wconf 90' lang='lat' dir='ltr'><strong>sumus.</strong></span> 
     </span>
    </p>
   </div>
   <div class='ocr_carea' id='block_1_35' title="bbox 988 3264 1410 3321">
    <p class='ocr_par' dir='ltr' id='par_1_35' title="bbox 988 3264 1410 3321">
     <span class='ocr_line' id='line_1_35' title="bbox 988 3264 1410 3321; baseline 0 0"><span class='ocrx_word' id='word_1_250' title='bbox 988 3264 1221 3321; x_wconf 85' lang='lat' dir='ltr'><strong>CAPUT</strong></span> <span class='ocrx_word' id='word_1_251' title='bbox 1263 3264 1410 3321; x_wconf 87' lang='lat' dir='ltr'><strong>LIII.</strong></span> 
     </span>
    </p>
   </div>
   <div class='ocr_carea' id='block_1_36' title="bbox 906 3354 1507 3410">
    <p class='ocr_par' dir='ltr' id='par_1_36' title="bbox 906 3354 1507 3410">
     <span class='ocr_line' id='line_1_36' title="bbox 906 3354 1507 3410; baseline -0.005 0"><span class='ocrx_word' id='word_1_252' title='bbox 906 3357 1025 3410; x_wconf 80' lang='lat' dir='ltr'><strong>Vita</strong></span> <span class='ocrx_word' id='word_1_253' title='bbox 1065 3355 1278 3409; x_wconf 79' lang='lat' dir='ltr'><strong>abbatis</strong></span> <span class='ocrx_word' id='word_1_254' title='bbox 1309 3354 1507 3408; x_wconf 85' lang='lat' dir='ltr'><strong>Amun.</strong></span> 
     </span>
    </p>
   </div>
   <div class='ocr_carea' id='block_1_37' title="bbox 424 3441 2058 3519">
    <p class='ocr_par' dir='ltr' id='par_1_37' title="bbox 424 3441 2058 3519">
     <span class='ocr_line' id='line_1_37' title="bbox 424 3441 2058 3519; baseline 0.004 -19"><span class='ocrx_word' id='word_1_255' title='bbox 424 3446 521 3502; x_wconf 91' lang='lat' dir='ltr'><strong>Ille</strong></span> <span class='ocrx_word' id='word_1_256' title='bbox 553 3448 745 3501; x_wconf 89' lang='lat' dir='ltr'><strong>autem</strong></span> <span class='ocrx_word' id='word_1_257' title='bbox 790 3444 959 3499; x_wconf 89' lang='lat' dir='ltr'><strong>nobis</strong></span> <span class='ocrx_word' id='word_1_258' title='bbox 1000 3442 1293 3510; x_wconf 86' lang='lat' dir='ltr'><strong>narrabat,</strong></span> <span class='ocrx_word' id='word_1_259' title='bbox 1325 3442 1385 3496; x_wconf 91' lang='lat' dir='ltr'><strong>in</strong></span> <span class='ocrx_word' id='word_1_260' title='bbox 1415 3441 1514 3497; x_wconf 91' lang='lat' dir='ltr'><strong>illo</strong></span> <span class='ocrx_word' id='word_1_261' title='bbox 1545 3442 1667 3499; x_wconf 91' lang='lat' dir='ltr'><strong>loco</strong></span> <span class='ocrx_word' id='word_1_262' title='bbox 1700 3444 1757 3499; x_wconf 91' lang='lat' dir='ltr'><strong>in</strong></span> <span class='ocrx_word' id='word_1_263' title='bbox 1789 3462 1902 3515; x_wconf 94' lang='lat' dir='ltr'><strong>quo</strong></span> <span class='ocrx_word' id='word_1_264' title='bbox 1933 3447 2058 3519; x_wconf 90' lang='lat' dir='ltr'><strong>ipse</strong></span> 
     </span>
    </p>
   </div>
   <div class='ocr_carea' id='block_1_38' title="bbox 346 3532 2057 3605">
    <p class='ocr_par' dir='ltr' id='par_1_38' title="bbox 346 3532 2057 3605">
     <span class='ocr_line' id='line_1_38' title="bbox 346 3532 2057 3605; baseline 0.002 -17"><span class='ocrx_word' id='word_1_265' title='bbox 346 3535 604 3598; x_wconf 87' lang='lat' dir='ltr'><strong>sedebat,</strong></span> <span class='ocrx_word' id='word_1_266' title='bbox 640 3533 820 3589; x_wconf 90' lang='lat' dir='ltr'><strong>fuisse</strong></span> <span class='ocrx_word' id='word_1_267' title='bbox 867 3532 1057 3587; x_wconf 91' lang='lat' dir='ltr'><strong>virum</strong></span> <span class='ocrx_word' id='word_1_268' title='bbox 1108 3535 1393 3597; x_wconf 89' lang='lat' dir='ltr'><strong>sanctam,</strong></span> <span class='ocrx_word' id='word_1_269' title='bbox 1426 3533 1596 3603; x_wconf 89' lang='lat' dir='ltr'><strong>cujus</strong></span> <span class='ocrx_word' id='word_1_270' title='bbox 1656 3534 1779 3605; x_wconf 90' lang='lat' dir='ltr'><strong>ipse</strong></span> <span class='ocrx_word' id='word_1_271' title='bbox 1820 3536 1929 3591; x_wconf 88' lang='lat' dir='ltr'><strong>fuit</strong></span> <span class='ocrx_word' id='word_1_272' title='bbox 1961 3539 2057 3592; x_wconf 91' lang='lat' dir='ltr'><strong>di-</strong></span> 
     </span>
    </p>
   </div>
   <div class='ocr_carea' id='block_1_39' title="bbox 344 3621 2054 3692">
    <p class='ocr_par' dir='ltr' id='par_1_39' title="bbox 344 3621 2054 3692">
     <span class='ocr_line' id='line_1_39' title="bbox 344 3621 2054 3692; baseline 0.005 -17"><span class='ocrx_word' id='word_1_273' title='bbox 344 3622 621 3689; x_wconf 89' lang='lat' dir='ltr'><strong>scipulus.</strong></span> <span class='ocrx_word' id='word_1_274' title='bbox 658 3622 893 3677; x_wconf 91' lang='lat' dir='ltr'><strong>nomine</strong></span> <span class='ocrx_word' id='word_1_275' title='bbox 952 3621 1147 3675; x_wconf 86' lang='lat' dir='ltr'><strong>Amun</strong></span> <span class='ocrx_word' id='word_1_276' title='bbox 1201 3621 1463 3692; x_wconf 54' lang='lat' dir='ltr'><strong>(Ra/11,1.</strong></span> <span class='ocrx_word' id='word_1_277' title='bbox 1529 3638 1588 3685; x_wconf 88' lang='lat' dir='ltr'><strong>II,</strong></span> <span class='ocrx_word' id='word_1_278' title='bbox 1623 3640 1749 3692; x_wconf 86' lang='lat' dir='ltr'><strong>cap.</strong></span> <span class='ocrx_word' id='word_1_279' title='bbox 1806 3624 1840 3681; x_wconf 92' lang='lat'><strong>8</strong></span> <span class='ocrx_word' id='word_1_280' title='bbox 1898 3637 2054 3684; x_wconf 79' lang='lat' dir='ltr'><strong>vocat</strong></span> 
     </span>
    </p>
   </div>
   <div class='ocr_carea' id='block_1_40' title="bbox 342 3711 2050 3785">
    <p class='ocr_par' dir='ltr' id='par_1_40' title="bbox 342 3711 2050 3785">
     <span class='ocr_line' id='line_1_40' title="bbox 342 3711 2050 3785; baseline 0.006 -20"><span class='ocrx_word' id='word_1_281' title='bbox 342 3711 943 3784; x_wconf 82' lang='lat' dir='ltr'><strong>Ammonem),quiillo</strong></span> <span class='ocrx_word' id='word_1_282' title='bbox 974 3712 1099 3768; x_wconf 90' lang='lat' dir='ltr'><strong>loco</strong></span> <span class='ocrx_word' id='word_1_283' title='bbox 1144 3711 1421 3782; x_wconf 89' lang='lat' dir='ltr'><strong>plurimas</strong></span> <span class='ocrx_word' id='word_1_284' title='bbox 1474 3713 1601 3768; x_wconf 88' lang='lat' dir='ltr'><strong>fecit</strong></span> <span class='ocrx_word' id='word_1_285' title='bbox 1660 3716 1898 3773; x_wconf 89' lang='lat' dir='ltr'><strong>virtutes</strong></span> <span class='ocrx_word' id='word_1_286' title='bbox 1933 3736 1946 3785; x_wconf 90' lang='lat'>;</span> <span class='ocrx_word' id='word_1_287' title='bbox 1980 3722 2050 3776; x_wconf 88' lang='lat' dir='ltr'><strong>ad</strong></span> 
     </span>
    </p>
   </div>
   <div class='ocr_carea' id='block_1_41' title="bbox 340 3802 2051 3880">
    <p class='ocr_par' dir='ltr' id='par_1_41' title="bbox 340 3802 2051 3880">
     <span class='ocr_line' id='line_1_41' title="bbox 340 3802 2051 3880; baseline 0.005 -24"><span class='ocrx_word' id='word_1_288' title='bbox 340 3817 515 3873; x_wconf 90' lang='lat' dir='ltr'><strong>quem</strong></span> <span class='ocrx_word' id='word_1_289' title='bbox 548 3818 699 3874; x_wconf 80' lang='lat' dir='ltr'><strong>saepe</strong></span> <span class='ocrx_word' id='word_1_290' title='bbox 729 3802 979 3859; x_wconf 83' lang='lat' dir='ltr'><strong>latrones</strong></span> <span class='ocrx_word' id='word_1_291' title='bbox 1030 3802 1351 3871; x_wconf 87' lang='lat' dir='ltr'><strong>venientes,</strong></span> <span class='ocrx_word' id='word_1_292' title='bbox 1381 3802 1743 3875; x_wconf 89' lang='lat' dir='ltr'><strong>accipiebant</strong></span> <span class='ocrx_word' id='word_1_293' title='bbox 1790 3807 1915 3877; x_wconf 88' lang='lat' dir='ltr'><strong>ejus</strong></span> <span class='ocrx_word' id='word_1_294' title='bbox 1946 3827 2051 3880; x_wconf 89' lang='lat' dir='ltr'><strong>pa-</strong></span> 
     </span>
    </p>
   </div>
   <div class='ocr_carea' id='block_1_42' title="bbox 336 3893 2051 3965">
    <p class='ocr_par' dir='ltr' id='par_1_42' title="bbox 336 3893 2051 3965">
     <span class='ocr_line' id='line_1_42' title="bbox 336 3893 2051 3965; baseline 0.005 -18"><span class='ocrx_word' id='word_1_295' title='bbox 336 3908 470 3949; x_wconf 89' lang='lat' dir='ltr'><strong>nem</strong></span> <span class='ocrx_word' id='word_1_296' title='bbox 505 3898 562 3948; x_wconf 91' lang='lat' dir='ltr'><strong>et</strong></span> <span class='ocrx_word' id='word_1_297' title='bbox 591 3894 887 3950; x_wconf 86' lang='lat' dir='ltr'><strong>alimenta.</strong></span> <span class='ocrx_word' id='word_1_298' title='bbox 922 3893 1055 3949; x_wconf 62' lang='lat' dir='ltr'><strong>Haec</strong></span> <span class='ocrx_word' id='word_1_299' title='bbox 1106 3909 1238 3963; x_wconf 75' lang='lat' dir='ltr'><strong>ergo</strong></span> <span class='ocrx_word' id='word_1_300' title='bbox 1298 3909 1448 3965; x_wconf 65' lang='lat' dir='ltr'><strong>aegre</strong></span> <span class='ocrx_word' id='word_1_301' title='bbox 1508 3894 1721 3963; x_wconf 79' lang='lat' dir='ltr'><strong>ferens,</strong></span> <span class='ocrx_word' id='word_1_302' title='bbox 1764 3912 1897 3953; x_wconf 93' lang='lat' dir='ltr'><strong>cum</strong></span> <span class='ocrx_word' id='word_1_303' title='bbox 1934 3916 2051 3956; x_wconf 90' lang='lat' dir='ltr'><strong>uno</strong></span> 
     </span>
    </p>
   </div>
   <div class='ocr_carea' id='block_1_43' title="bbox 340 3983 2048 4057">
    <p class='ocr_par' dir='ltr' id='par_1_43' title="bbox 340 3983 2048 4057">
     <span class='ocr_line' id='line_1_43' title="bbox 340 3983 2048 4057; baseline 0.005 -19"><span class='ocrx_word' id='word_1_304' title='bbox 340 3983 429 4039; x_wconf 86' lang='lat' dir='ltr'><strong>die</strong></span> <span class='ocrx_word' id='word_1_305' title='bbox 460 3999 731 4057; x_wconf 89' lang='lat' dir='ltr'><strong>egressus</strong></span> <span class='ocrx_word' id='word_1_306' title='bbox 790 3990 945 4042; x_wconf 87' lang='lat' dir='ltr'><strong>esset</strong></span> <span class='ocrx_word' id='word_1_307' title='bbox 984 3984 1040 4038; x_wconf 91' lang='lat' dir='ltr'><strong>in</strong></span> <span class='ocrx_word' id='word_1_308' title='bbox 1103 3985 1509 4055; x_wconf 87' lang='lat' dir='ltr'><strong>solitudinem,</strong></span> <span class='ocrx_word' id='word_1_309' title='bbox 1552 3987 1793 4043; x_wconf 88' lang='lat' dir='ltr'><strong>adduxit</strong></span> <span class='ocrx_word' id='word_1_310' title='bbox 1849 4006 2048 4045; x_wconf 90' lang='lat' dir='ltr'><strong>secum</strong></span> 
     </span>
    </p>
   </div>
   <div class='ocr_carea' id='block_1_44' title="bbox 340 4073 2047 4145">
    <p class='ocr_par' dir='ltr' id='par_1_44' title="bbox 340 4073 2047 4145">
     <span class='ocr_line' id='line_1_44' title="bbox 340 4073 2047 4145; baseline 0.006 -18"><span class='ocrx_word' id='word_1_311' title='bbox 340 4073 488 4131; x_wconf 91' lang='lat' dir='ltr'><strong>duos</strong></span> <span class='ocrx_word' id='word_1_312' title='bbox 522 4091 763 4145; x_wconf 85' lang='lat' dir='ltr'><strong>magnos</strong></span> <span class='ocrx_word' id='word_1_313' title='bbox 815 4077 1122 4142; x_wconf 89' lang='lat' dir='ltr'><strong>dracones,</strong></span> <span class='ocrx_word' id='word_1_314' title='bbox 1154 4079 1209 4129; x_wconf 90' lang='lat' dir='ltr'><strong>et</strong></span> <span class='ocrx_word' id='word_1_315' title='bbox 1253 4074 1433 4144; x_wconf 86' lang='lat' dir='ltr'><strong>jussit</strong></span> <span class='ocrx_word' id='word_1_316' title='bbox 1488 4074 1571 4130; x_wconf 91' lang='lat' dir='ltr'><strong>eis</strong></span> <span class='ocrx_word' id='word_1_317' title='bbox 1620 4080 1681 4131; x_wconf 90' lang='lat' dir='ltr'><strong>ut</strong></span> <span class='ocrx_word' id='word_1_318' title='bbox 1734 4078 1792 4134; x_wconf 92' lang='lat' dir='ltr'><strong>in</strong></span> <span class='ocrx_word' id='word_1_319' title='bbox 1825 4096 1889 4135; x_wconf 91' lang='lat' dir='ltr'><strong>eo</strong></span> <span class='ocrx_word' id='word_1_320' title='bbox 1924 4080 2047 4137; x_wconf 89' lang='lat' dir='ltr'><strong>loco</strong></span> 
     </span>
    </p>
   </div>
   <div class='ocr_carea' id='block_1_45' title="bbox 342 4164 2045 4234">
    <p class='ocr_par' dir='ltr' id='par_1_45' title="bbox 342 4164 2045 4234">
     <span class='ocr_line' id='line_1_45' title="bbox 342 4164 2045 4234; baseline 0.005 -17"><span class='ocrx_word' id='word_1_321' title='bbox 342 4168 664 4231; x_wconf 90' lang='lat' dir='ltr'><strong>manerent,</strong></span> <span class='ocrx_word' id='word_1_322' title='bbox 699 4169 753 4219; x_wconf 91' lang='lat' dir='ltr'><strong>et</strong></span> <span class='ocrx_word' id='word_1_323' title='bbox 813 4168 1041 4234; x_wconf 89' lang='lat' dir='ltr'><strong>portam</strong></span> <span class='ocrx_word' id='word_1_324' title='bbox 1095 4166 1478 4220; x_wconf 87' lang='lat' dir='ltr'><strong>custodirent.</strong></span> <span class='ocrx_word' id='word_1_325' title='bbox 1516 4164 1824 4224; x_wconf 85' lang='lat' dir='ltr'><strong>Homicidae</strong></span> <span class='ocrx_word' id='word_1_326' title='bbox 1853 4175 2045 4225; x_wconf 89' lang='lat' dir='ltr'><strong>autem</strong></span> 
     </span>
    </p>
   </div>
   <div class='ocr_carea' id='block_1_46' title="bbox 340 4251 2045 4328">
    <p class='ocr_par' dir='ltr' id='par_1_46' title="bbox 340 4251 2045 4328">
     <span class='ocr_line' id='line_1_46' title="bbox 340 4251 2045 4328; baseline 0.003 -19"><span class='ocrx_word' id='word_1_327' title='bbox 340 4270 469 4309; x_wconf 91' lang='lat' dir='ltr'><strong>cum</strong></span> <span class='ocrx_word' id='word_1_328' title='bbox 517 4269 617 4321; x_wconf 92' lang='lat' dir='ltr'><strong>pro</strong></span> <span class='ocrx_word' id='word_1_329' title='bbox 682 4267 837 4307; x_wconf 91' lang='lat' dir='ltr'><strong>more</strong></span> <span class='ocrx_word' id='word_1_330' title='bbox 893 4251 1212 4317; x_wconf 88' lang='lat' dir='ltr'><strong>venissent,</strong></span> <span class='ocrx_word' id='word_1_331' title='bbox 1244 4257 1301 4306; x_wconf 88' lang='lat' dir='ltr'><strong>et</strong></span> <span class='ocrx_word' id='word_1_332' title='bbox 1351 4252 1631 4309; x_wconf 84' lang='lat' dir='ltr'><strong>vidissent</strong></span> <span class='ocrx_word' id='word_1_333' title='bbox 1671 4257 2045 4328; x_wconf 90' lang='lat' dir='ltr'><strong>miraculum,</strong></span> 
     </span>
    </p>
   </div>
   <div class='ocr_carea' id='block_1_47' title="bbox 342 4340 2047 4417">
    <p class='ocr_par' dir='ltr' id='par_1_47' title="bbox 342 4340 2047 4417">
     <span class='ocr_line' id='line_1_47' title="bbox 342 4340 2047 4417; baseline 0.006 -22"><span class='ocrx_word' id='word_1_334' title='bbox 342 4359 459 4412; x_wconf 81' lang='lat' dir='ltr'><strong>prae</strong></span> <span class='ocrx_word' id='word_1_335' title='bbox 492 4345 759 4409; x_wconf 89' lang='lat' dir='ltr'><strong>stupores</strong></span> <span class='ocrx_word' id='word_1_336' title='bbox 793 4340 1019 4395; x_wconf 89' lang='lat' dir='ltr'><strong>hiantes</strong></span> <span class='ocrx_word' id='word_1_337' title='bbox 1051 4342 1464 4397; x_wconf 90' lang='lat' dir='ltr'><strong>cecideruntin</strong></span> <span class='ocrx_word' id='word_1_338' title='bbox 1508 4344 1729 4399; x_wconf 88' lang='lat' dir='ltr'><strong>faciem.</strong></span> <span class='ocrx_word' id='word_1_339' title='bbox 1764 4349 2047 4417; x_wconf 87' lang='lat' dir='ltr'><strong>Egressus</strong></span> 
     </span>
    </p>
   </div>
   <div class='ocr_carea' id='block_1_48' title="bbox 344 4426 2046 4504">
    <p class='ocr_par' dir='ltr' id='par_1_48' title="bbox 344 4426 2046 4504">
     <span class='ocr_line' id='line_1_48' title="bbox 344 4426 2046 4504; baseline 0.006 -20"><span class='ocrx_word' id='word_1_340' title='bbox 344 4433 529 4484; x_wconf 90' lang='lat' dir='ltr'><strong>autem</strong></span> <span class='ocrx_word' id='word_1_341' title='bbox 562 4426 783 4482; x_wconf 89' lang='lat' dir='ltr'><strong>invenit</strong></span> <span class='ocrx_word' id='word_1_342' title='bbox 836 4443 937 4481; x_wconf 92' lang='lat' dir='ltr'><strong>eos</strong></span> <span class='ocrx_word' id='word_1_343' title='bbox 979 4432 1191 4497; x_wconf 87' lang='lat' dir='ltr'><strong>mutes,</strong></span> <span class='ocrx_word' id='word_1_344' title='bbox 1233 4434 1290 4484; x_wconf 90' lang='lat' dir='ltr'><strong>et</strong></span> <span class='ocrx_word' id='word_1_345' title='bbox 1349 4430 1465 4485; x_wconf 87' lang='lat' dir='ltr'><strong>fere</strong></span> <span class='ocrx_word' id='word_1_346' title='bbox 1507 4432 1952 4504; x_wconf 88' lang='lat' dir='ltr'><strong>semimortuos;</strong></span> <span class='ocrx_word' id='word_1_347' title='bbox 1989 4442 2046 4494; x_wconf 87' lang='lat' dir='ltr'><strong>et</strong></span> 
     </span>
    </p>
   </div>
   <div class='ocr_carea' id='block_1_49' title="bbox 342 4518 2039 4594">
    <p class='ocr_par' dir='ltr' id='par_1_49' title="bbox 342 4518 2039 4594">
     <span class='ocr_line' id='line_1_49' title="bbox 342 4518 2039 4594; baseline 0.006 -19"><span class='ocrx_word' id='word_1_348' title='bbox 342 4535 476 4575; x_wconf 90' lang='lat' dir='ltr'><strong>cum</strong></span> <span class='ocrx_word' id='word_1_349' title='bbox 535 4532 633 4573; x_wconf 85' lang='lat' dir='ltr'><strong>eos</strong></span> <span class='ocrx_word' id='word_1_350' title='bbox 690 4518 1016 4586; x_wconf 81' lang='lat' dir='ltr'><strong>excitasset,</strong></span> <span class='ocrx_word' id='word_1_351' title='bbox 1079 4519 1302 4589; x_wconf 85' lang='lat' dir='ltr'><strong>probris</strong></span> <span class='ocrx_word' id='word_1_352' title='bbox 1372 4536 1471 4575; x_wconf 92' lang='lat' dir='ltr'><strong>eos</strong></span> <span class='ocrx_word' id='word_1_353' title='bbox 1538 4522 1748 4594; x_wconf 75' lang='lat' dir='ltr'><strong>ati‘ecit,</strong></span> <span class='ocrx_word' id='word_1_354' title='bbox 1810 4526 2039 4585; x_wconf 91' lang='lat' dir='ltr'><strong>dicens:</strong></span> 
     </span>
    </p>
   </div>
   <div class='ocr_carea' id='block_1_50' title="bbox 2162 566 3866 635">
    <p class='ocr_par' dir='ltr' id='par_1_50' title="bbox 2162 566 3866 635">
     <span class='ocr_line' id='line_1_50' title="bbox 2162 566 3866 635; baseline 0.005 -15"><span class='ocrx_word' id='word_1_355' title='bbox 2162 568 2373 635; x_wconf 88' lang='lat' dir='ltr'><strong>posset.</strong></span> <span class='ocrx_word' id='word_1_356' title='bbox 2405 569 2571 620; x_wconf 82' lang='lat' dir='ltr'><strong>Mane</strong></span> <span class='ocrx_word' id='word_1_357' title='bbox 2637 566 2828 619; x_wconf 87' lang='lat' dir='ltr'><strong>autem</strong></span> <span class='ocrx_word' id='word_1_358' title='bbox 2883 579 3152 635; x_wconf 89' lang='lat' dir='ltr'><strong>surgens,</strong></span> <span class='ocrx_word' id='word_1_359' title='bbox 3186 566 3341 624; x_wconf 90' lang='lat' dir='ltr'><strong>venit</strong></span> <span class='ocrx_word' id='word_1_360' title='bbox 3396 569 3455 623; x_wconf 90' lang='lat' dir='ltr'><strong>in</strong></span> <span class='ocrx_word' id='word_1_361' title='bbox 3505 585 3639 625; x_wconf 88' lang='lat' dir='ltr'><strong>eum</strong></span> <span class='ocrx_word' id='word_1_362' title='bbox 3673 571 3866 629; x_wconf 91' lang='lat' dir='ltr'><strong>locum</strong></span> 
     </span>
    </p>
   </div>
   <div class='ocr_carea' id='block_1_51' title="bbox 2162 652 3871 727">
    <p class='ocr_par' dir='ltr' id='par_1_51' title="bbox 2162 652 3871 727">
     <span class='ocr_line' id='line_1_51' title="bbox 2162 652 3871 727; baseline 0.005 -19"><span class='ocrx_word' id='word_1_363' title='bbox 2162 669 2271 724; x_wconf 91' lang='lat' dir='ltr'><strong>quo</strong></span> <span class='ocrx_word' id='word_1_364' title='bbox 2324 652 2646 708; x_wconf 89' lang='lat' dir='ltr'><strong>transitura</strong></span> <span class='ocrx_word' id='word_1_365' title='bbox 2684 655 2806 707; x_wconf 88' lang='lat' dir='ltr'><strong>erat</strong></span> <span class='ocrx_word' id='word_1_366' title='bbox 2853 652 3093 708; x_wconf 89' lang='lat' dir='ltr'><strong>bellua:</strong></span> <span class='ocrx_word' id='word_1_367' title='bbox 3147 659 3457 727; x_wconf 86' lang='lat' dir='ltr'><strong>postquam</strong></span> <span class='ocrx_word' id='word_1_368' title='bbox 3528 664 3723 715; x_wconf 90' lang='lat' dir='ltr'><strong>autem</strong></span> <span class='ocrx_word' id='word_1_369' title='bbox 3786 666 3871 715; x_wconf 81' lang='lat' dir='ltr'><strong>ter</strong></span> 
     </span>
    </p>
   </div>
   <div class='ocr_carea' id='block_1_52' title="bbox 2164 742 3869 816">
    <p class='ocr_par' dir='ltr' id='par_1_52' title="bbox 2164 742 3869 816">
     <span class='ocr_line' id='line_1_52' title="bbox 2164 742 3869 816; baseline 0.005 -19"><span class='ocrx_word' id='word_1_370' title='bbox 2164 744 2315 798; x_wconf 83' lang='lat' dir='ltr'><strong>ﬂexit</strong></span> <span class='ocrx_word' id='word_1_371' title='bbox 2343 759 2534 815; x_wconf 89' lang='lat' dir='ltr'><strong>genua</strong></span> <span class='ocrx_word' id='word_1_372' title='bbox 2565 744 2637 797; x_wconf 92' lang='lat' dir='ltr'><strong>ad</strong></span> <span class='ocrx_word' id='word_1_373' title='bbox 2670 742 3056 812; x_wconf 87' lang='lat' dir='ltr'><strong>ornationem,</strong></span> <span class='ocrx_word' id='word_1_374' title='bbox 3098 744 3156 799; x_wconf 93' lang='lat' dir='ltr'><strong>in</strong></span> <span class='ocrx_word' id='word_1_375' title='bbox 3204 745 3393 816; x_wconf 88' lang='lat' dir='ltr'><strong>ipsum</strong></span> <span class='ocrx_word' id='word_1_376' title='bbox 3437 749 3701 804; x_wconf 88' lang='lat' dir='ltr'><strong>veniebat</strong></span> <span class='ocrx_word' id='word_1_377' title='bbox 3743 751 3869 805; x_wconf 86' lang='lat' dir='ltr'><strong>bel-</strong></span> 
     </span>
    </p>
   </div>
   <div class='ocr_carea' id='block_1_53' title="bbox 2161 830 3873 905">
    <p class='ocr_par' dir='ltr' id='par_1_53' title="bbox 2161 830 3873 905">
     <span class='ocr_line' id='line_1_53' title="bbox 2161 830 3873 905; baseline 0.004 -18"><span class='ocrx_word' id='word_1_378' title='bbox 2161 832 2274 897; x_wconf 89' lang='lat' dir='ltr'><strong>lua,</strong></span> <span class='ocrx_word' id='word_1_379' title='bbox 2309 848 2521 902; x_wconf 87' lang='lat' dir='ltr'><strong>magno</strong></span> <span class='ocrx_word' id='word_1_380' title='bbox 2575 847 2707 885; x_wconf 78' lang='lat' dir='ltr'><strong>cum</strong></span> <span class='ocrx_word' id='word_1_381' title='bbox 2766 830 3011 887; x_wconf 89' lang='lat' dir='ltr'><strong>stridore</strong></span> <span class='ocrx_word' id='word_1_382' title='bbox 3060 848 3288 905; x_wconf 86' lang='lat' dir='ltr'><strong>gravem</strong></span> <span class='ocrx_word' id='word_1_383' title='bbox 3346 835 3619 893; x_wconf 89' lang='lat' dir='ltr'><strong>emittens</strong></span> <span class='ocrx_word' id='word_1_384' title='bbox 3652 840 3873 894; x_wconf 85' lang='lat' dir='ltr'><strong>anheli-</strong></span> 
     </span>
    </p>
   </div>
   <div class='ocr_carea' id='block_1_54' title="bbox 2162 923 3873 1001">
    <p class='ocr_par' dir='ltr' id='par_1_54' title="bbox 2162 923 3873 1001">
     <span class='ocr_line' id='line_1_54' title="bbox 2162 923 3873 1001; baseline 0.005 -22"><span class='ocrx_word' id='word_1_385' title='bbox 2162 927 2307 989; x_wconf 89' lang='lat' dir='ltr'><strong>tum,</strong></span> <span class='ocrx_word' id='word_1_386' title='bbox 2340 928 2397 978; x_wconf 90' lang='lat' dir='ltr'><strong>et</strong></span> <span class='ocrx_word' id='word_1_387' title='bbox 2454 923 2845 979; x_wconf 88' lang='lat' dir='ltr'><strong>intumescens</strong></span> <span class='ocrx_word' id='word_1_388' title='bbox 2903 939 2969 980; x_wconf 89' lang='lat' dir='ltr'><strong>ac</strong></span> <span class='ocrx_word' id='word_1_389' title='bbox 3028 924 3289 995; x_wconf 87' lang='lat' dir='ltr'><strong>sibilans,</strong></span> <span class='ocrx_word' id='word_1_390' title='bbox 3325 932 3660 1001; x_wconf 89' lang='lat' dir='ltr'><strong>tetrumque</strong></span> <span class='ocrx_word' id='word_1_391' title='bbox 3692 932 3873 988; x_wconf 86' lang='lat' dir='ltr'><strong>edens</strong></span> 
     </span>
    </p>
   </div>
   <div class='ocr_carea' id='block_1_55' title="bbox 2161 1012 3869 1085">
    <p class='ocr_par' dir='ltr' id='par_1_55' title="bbox 2161 1012 3869 1085">
     <span class='ocr_line' id='line_1_55' title="bbox 2161 1012 3869 1085; baseline 0.006 -19"><span class='ocrx_word' id='word_1_392' title='bbox 2161 1012 2453 1085; x_wconf 90' lang='lat' dir='ltr'><strong>spiritum.</strong></span> <span class='ocrx_word' id='word_1_393' title='bbox 2490 1016 2542 1067; x_wconf 88' lang='lat' dir='ltr'><strong>Is</strong></span> <span class='ocrx_word' id='word_1_394' title='bbox 2576 1018 2769 1068; x_wconf 88' lang='lat' dir='ltr'><strong>autem</strong></span> <span class='ocrx_word' id='word_1_395' title='bbox 2802 1012 2947 1068; x_wconf 88' lang='lat' dir='ltr'><strong>nihil</strong></span> <span class='ocrx_word' id='word_1_396' title='bbox 2981 1014 3237 1084; x_wconf 89' lang='lat' dir='ltr'><strong>territus,</strong></span> <span class='ocrx_word' id='word_1_397' title='bbox 3269 1018 3340 1072; x_wconf 92' lang='lat' dir='ltr'><strong>ad</strong></span> <span class='ocrx_word' id='word_1_398' title='bbox 3389 1019 3700 1075; x_wconf 88' lang='lat' dir='ltr'><strong>draconem</strong></span> <span class='ocrx_word' id='word_1_399' title='bbox 3732 1038 3869 1077; x_wconf 83' lang='lat' dir='ltr'><strong>con-</strong></span> 
     </span>
    </p>
   </div>
   <div class='ocr_carea' id='block_1_56' title="bbox 2158 1101 3869 1177">
    <p class='ocr_par' dir='ltr' id='par_1_56' title="bbox 2158 1101 3869 1177">
     <span class='ocr_line' id='line_1_56' title="bbox 2158 1101 3869 1177; baseline 0.008 -22"><span class='ocrx_word' id='word_1_400' title='bbox 2158 1117 2378 1169; x_wconf 88' lang='lat' dir='ltr'><strong>versus,</strong></span> <span class='ocrx_word' id='word_1_401' title='bbox 2415 1101 2603 1157; x_wconf 86' lang='lat' dir='ltr'><strong>dixit:</strong></span> <span class='ocrx_word' id='word_1_402' title='bbox 2639 1102 2841 1159; x_wconf 89' lang='lat' dir='ltr'><strong>Vincet</strong></span> <span class='ocrx_word' id='word_1_403' title='bbox 2887 1106 2942 1159; x_wconf 90' lang='lat' dir='ltr'><strong>te</strong></span> <span class='ocrx_word' id='word_1_404' title='bbox 2988 1104 3155 1160; x_wconf 83' lang='lat' dir='ltr'><strong>Jesus</strong></span> <span class='ocrx_word' id='word_1_405' title='bbox 3212 1105 3496 1177; x_wconf 88' lang='lat' dir='ltr'><strong>Christus,</strong></span> <span class='ocrx_word' id='word_1_406' title='bbox 3539 1108 3717 1165; x_wconf 87' lang='lat' dir='ltr'><strong>Filius</strong></span> <span class='ocrx_word' id='word_1_407' title='bbox 3765 1111 3869 1168; x_wconf 89' lang='lat' dir='ltr'><strong>Dei</strong></span> 
     </span>
    </p>
   </div>
   <div class='ocr_carea' id='block_1_57' title="bbox 2160 1191 3867 1270">
    <p class='ocr_par' dir='ltr' id='par_1_57' title="bbox 2160 1191 3867 1270">
     <span class='ocr_line' id='line_1_57' title="bbox 2160 1191 3867 1270; baseline 0.006 -25"><span class='ocrx_word' id='word_1_408' title='bbox 2160 1191 2413 1263; x_wconf 90' lang='lat' dir='ltr'><strong>vivi,qui</strong></span> <span class='ocrx_word' id='word_1_409' title='bbox 2463 1200 2548 1249; x_wconf 90' lang='lat' dir='ltr'><strong>est</strong></span> <span class='ocrx_word' id='word_1_410' title='bbox 2607 1208 2884 1263; x_wconf 88' lang='lat' dir='ltr'><strong>magnum</strong></span> <span class='ocrx_word' id='word_1_411' title='bbox 2938 1201 3131 1249; x_wconf 91' lang='lat' dir='ltr'><strong>cetum</strong></span> <span class='ocrx_word' id='word_1_412' title='bbox 3189 1194 3465 1252; x_wconf 88' lang='lat' dir='ltr'><strong>victurus.</strong></span> <span class='ocrx_word' id='word_1_413' title='bbox 3496 1198 3681 1270; x_wconf 89' lang='lat' dir='ltr'><strong>quue</strong></span> <span class='ocrx_word' id='word_1_414' title='bbox 3730 1217 3867 1255; x_wconf 92' lang='lat' dir='ltr'><strong>cum</strong></span> 
     </span>
    </p>
   </div>
   <div class='ocr_carea' id='block_1_58' title="bbox 2161 1280 3870 1358">
    <p class='ocr_par' dir='ltr' id='par_1_58' title="bbox 2161 1280 3870 1358">
     <span class='ocr_line' id='line_1_58' title="bbox 2161 1280 3870 1358; baseline 0.006 -23"><span class='ocrx_word' id='word_1_415' title='bbox 2161 1280 2423 1347; x_wconf 81' lang='lat' dir='ltr'><strong>dixisset,</strong></span> <span class='ocrx_word' id='word_1_416' title='bbox 2455 1282 2718 1352; x_wconf 82' lang='lat' dir='ltr'><strong>protinus</strong></span> <span class='ocrx_word' id='word_1_417' title='bbox 2749 1282 3052 1355; x_wconf 89' lang='lat' dir='ltr'><strong>disruptus</strong></span> <span class='ocrx_word' id='word_1_418' title='bbox 3078 1287 3168 1338; x_wconf 92' lang='lat' dir='ltr'><strong>est</strong></span> <span class='ocrx_word' id='word_1_419' title='bbox 3204 1285 3398 1352; x_wconf 90' lang='lat' dir='ltr'><strong>draco,</strong></span> <span class='ocrx_word' id='word_1_420' title='bbox 3435 1303 3535 1358; x_wconf 91' lang='lat' dir='ltr'><strong>per</strong></span> <span class='ocrx_word' id='word_1_421' title='bbox 3587 1304 3655 1343; x_wconf 91' lang='lat' dir='ltr'><strong>os</strong></span> <span class='ocrx_word' id='word_1_422' title='bbox 3695 1306 3870 1345; x_wconf 88' lang='lat' dir='ltr'><strong>omne</strong></span> 
     </span>
    </p>
   </div>
   <div class='ocr_carea' id='block_1_59' title="bbox 2161 1372 3872 1443">
    <p class='ocr_par' dir='ltr' id='par_1_59' title="bbox 2161 1372 3872 1443">
     <span class='ocr_line' id='line_1_59' title="bbox 2161 1372 3872 1443; baseline 0.005 -17"><span class='ocrx_word' id='word_1_423' title='bbox 2161 1372 2319 1426; x_wconf 90' lang='lat' dir='ltr'><strong>virus</strong></span> <span class='ocrx_word' id='word_1_424' title='bbox 2350 1385 2623 1425; x_wconf 90' lang='lat' dir='ltr'><strong>evomens</strong></span> <span class='ocrx_word' id='word_1_425' title='bbox 2655 1386 2788 1426; x_wconf 94' lang='lat' dir='ltr'><strong>cum</strong></span> <span class='ocrx_word' id='word_1_426' title='bbox 2820 1372 3123 1443; x_wconf 81' lang='lat' dir='ltr'><strong>sanguine.</strong></span> <span class='ocrx_word' id='word_1_427' title='bbox 3157 1375 3299 1429; x_wconf 89' lang='lat' dir='ltr'><strong>Cum</strong></span> <span class='ocrx_word' id='word_1_428' title='bbox 3343 1380 3541 1431; x_wconf 91' lang='lat' dir='ltr'><strong>autem</strong></span> <span class='ocrx_word' id='word_1_429' title='bbox 3574 1377 3872 1435; x_wconf 86' lang='lat' dir='ltr'><strong>venissent</strong></span> 
     </span>
    </p>
   </div>
   <div class='ocr_carea' id='block_1_60' title="bbox 2159 1460 3870 1535">
    <p class='ocr_par' dir='ltr' id='par_1_60' title="bbox 2159 1460 3870 1535">
     <span class='ocr_line' id='line_1_60' title="bbox 2159 1460 3870 1535; baseline 0.006 -20"><span class='ocrx_word' id='word_1_430' title='bbox 2159 1460 2361 1515; x_wconf 89' lang='lat' dir='ltr'><strong>rustici</strong></span> <span class='ocrx_word' id='word_1_431' title='bbox 2412 1460 2708 1531; x_wconf 89' lang='lat' dir='ltr'><strong>postridie,</strong></span> <span class='ocrx_word' id='word_1_432' title='bbox 2741 1465 2796 1517; x_wconf 88' lang='lat' dir='ltr'><strong>et</strong></span> <span class='ocrx_word' id='word_1_433' title='bbox 2844 1461 2988 1517; x_wconf 91' lang='lat' dir='ltr'><strong>illud</strong></span> <span class='ocrx_word' id='word_1_434' title='bbox 3049 1478 3325 1535; x_wconf 88' lang='lat' dir='ltr'><strong>magnum</strong></span> <span class='ocrx_word' id='word_1_435' title='bbox 3369 1467 3658 1523; x_wconf 87' lang='lat' dir='ltr'><strong>vidissent</strong></span> <span class='ocrx_word' id='word_1_436' title='bbox 3691 1470 3870 1525; x_wconf 81' lang='lat' dir='ltr'><strong>mira-</strong></span> 
     </span>
    </p>
   </div>
   <div class='ocr_carea' id='block_1_61' title="bbox 2158 1547 3871 1622">
    <p class='ocr_par' dir='ltr' id='par_1_61' title="bbox 2158 1547 3871 1622">
     <span class='ocr_line' id='line_1_61' title="bbox 2158 1547 3871 1622; baseline 0.006 -20"><span class='ocrx_word' id='word_1_437' title='bbox 2158 1547 2467 1615; x_wconf 89' lang='lat' dir='ltr'><strong>culum,et</strong></span> <span class='ocrx_word' id='word_1_438' title='bbox 2519 1565 2633 1604; x_wconf 90' lang='lat' dir='ltr'><strong>non</strong></span> <span class='ocrx_word' id='word_1_439' title='bbox 2683 1549 2901 1605; x_wconf 87' lang='lat' dir='ltr'><strong>ferrent</strong></span> <span class='ocrx_word' id='word_1_440' title='bbox 2955 1551 3251 1622; x_wconf 89' lang='lat' dir='ltr'><strong>spiritum,</strong></span> <span class='ocrx_word' id='word_1_441' title='bbox 3311 1552 3367 1607; x_wconf 85' lang='lat' dir='ltr'><strong>in</strong></span> <span class='ocrx_word' id='word_1_442' title='bbox 3423 1554 3643 1611; x_wconf 88' lang='lat' dir='ltr'><strong>animal</strong></span> <span class='ocrx_word' id='word_1_443' title='bbox 3706 1558 3871 1611; x_wconf 92' lang='lat' dir='ltr'><strong>mul-</strong></span> 
     </span>
    </p>
   </div>
   <div class='ocr_carea' id='block_1_62' title="bbox 2160 1640 3870 1711">
    <p class='ocr_par' dir='ltr' id='par_1_62' title="bbox 2160 1640 3870 1711">
     <span class='ocr_line' id='line_1_62' title="bbox 2160 1640 3870 1711; baseline 0.006 -21"><span class='ocrx_word' id='word_1_444' title='bbox 2160 1644 2274 1691; x_wconf 90' lang='lat' dir='ltr'><strong>tam</strong></span> <span class='ocrx_word' id='word_1_445' title='bbox 2310 1652 2544 1693; x_wconf 89' lang='lat' dir='ltr'><strong>arenam</strong></span> <span class='ocrx_word' id='word_1_446' title='bbox 2577 1653 2786 1708; x_wconf 85' lang='lat' dir='ltr'><strong>conges</strong></span> <span class='ocrx_word' id='word_1_447' title='bbox 2826 1643 3014 1694; x_wconf 90' lang='lat' dir='ltr'><strong>erunt.</strong></span> <span class='ocrx_word' id='word_1_448' title='bbox 3049 1640 3216 1696; x_wconf 91' lang='lat' dir='ltr'><strong>Patre</strong></span> <span class='ocrx_word' id='word_1_449' title='bbox 3247 1640 3364 1696; x_wconf 89' lang='lat' dir='ltr'><strong>illic</strong></span> <span class='ocrx_word' id='word_1_450' title='bbox 3394 1642 3476 1697; x_wconf 89' lang='lat' dir='ltr'><strong>eis</strong></span> <span class='ocrx_word' id='word_1_451' title='bbox 3517 1649 3769 1711; x_wconf 85' lang='lat' dir='ltr'><strong>astante,</strong></span> <span class='ocrx_word' id='word_1_452' title='bbox 3803 1649 3870 1700; x_wconf 82' lang='lat' dir='ltr'><strong>ad</strong></span> 
     </span>
    </p>
   </div>
   <div class='ocr_carea' id='block_1_63' title="bbox 2159 1725 3869 1791">
    <p class='ocr_par' dir='ltr' id='par_1_63' title="bbox 2159 1725 3869 1791">
     <span class='ocr_line' id='line_1_63' title="bbox 2159 1725 3869 1791; baseline 0.006 -12"><span class='ocrx_word' id='word_1_453' title='bbox 2159 1725 2467 1781; x_wconf 90' lang='lat' dir='ltr'><strong>draconem</strong></span> <span class='ocrx_word' id='word_1_454' title='bbox 2499 1728 2654 1782; x_wconf 89' lang='lat' dir='ltr'><strong>enim</strong></span> <span class='ocrx_word' id='word_1_455' title='bbox 2670 1726 2805 1783; x_wconf 91' lang='lat' dir='ltr'><strong>licet</strong></span> <span class='ocrx_word' id='word_1_456' title='bbox 2822 1733 3117 1785; x_wconf 89' lang='lat' dir='ltr'><strong>mortuum</strong></span> <span class='ocrx_word' id='word_1_457' title='bbox 3138 1747 3252 1785; x_wconf 92' lang='lat' dir='ltr'><strong>non</strong></span> <span class='ocrx_word' id='word_1_458' title='bbox 3266 1730 3559 1788; x_wconf 87' lang='lat' dir='ltr'><strong>audebant</strong></span> <span class='ocrx_word' id='word_1_459' title='bbox 3574 1736 3869 1791; x_wconf 88' lang='lat' dir='ltr'><strong>accedere.</strong></span> 
     </span>
    </p>
   </div>
   <div class='ocr_carea' id='block_1_64' title="bbox 2230 1817 3872 1894">
    <p class='ocr_par' dir='ltr' id='par_1_64' title="bbox 2230 1817 3872 1894">
     <span class='ocr_line' id='line_1_64' title="bbox 2230 1817 3872 1894; baseline 0.007 -24"><span class='ocrx_word' id='word_1_460' title='bbox 2230 1817 2379 1871; x_wconf 84' lang='lat' dir='ltr'><strong>Puer</strong></span> <span class='ocrx_word' id='word_1_461' title='bbox 2411 1821 2627 1887; x_wconf 90' lang='lat' dir='ltr'><strong>autem,</strong></span> <span class='ocrx_word' id='word_1_462' title='bbox 2661 1818 2876 1889; x_wconf 90' lang='lat' dir='ltr'><strong>inquit,</strong></span> <span class='ocrx_word' id='word_1_463' title='bbox 2910 1835 3150 1886; x_wconf 88' lang='lat' dir='ltr'><strong>pascens</strong></span> <span class='ocrx_word' id='word_1_464' title='bbox 3190 1838 3322 1877; x_wconf 91' lang='lat' dir='ltr'><strong>cum</strong></span> <span class='ocrx_word' id='word_1_465' title='bbox 3370 1829 3606 1894; x_wconf 88' lang='lat' dir='ltr'><strong>repente</strong></span> <span class='ocrx_word' id='word_1_466' title='bbox 3629 1825 3872 1881; x_wconf 84' lang='lat' dir='ltr'><strong>vidisset</strong></span> 
     </span>
    </p>
   </div>
   <div class='ocr_carea' id='block_1_65' title="bbox 2159 1907 3873 1979">
    <p class='ocr_par' dir='ltr' id='par_1_65' title="bbox 2159 1907 3873 1979">
     <span class='ocr_line' id='line_1_65' title="bbox 2159 1907 3873 1979; baseline 0.004 -16"><span class='ocrx_word' id='word_1_467' title='bbox 2159 1908 2348 1963; x_wconf 89' lang='lat' dir='ltr'><strong>adhuc</strong></span> <span class='ocrx_word' id='word_1_468' title='bbox 2408 1907 2601 1962; x_wconf 89' lang='lat' dir='ltr'><strong>vivum</strong></span> <span class='ocrx_word' id='word_1_469' title='bbox 2674 1908 3009 1979; x_wconf 86' lang='lat' dir='ltr'><strong>draconem,</strong></span> <span class='ocrx_word' id='word_1_470' title='bbox 3042 1911 3240 1965; x_wconf 85' lang='lat' dir='ltr'><strong>statim</strong></span> <span class='ocrx_word' id='word_1_471' title='bbox 3299 1917 3489 1967; x_wconf 87' lang='lat' dir='ltr'><strong>emota</strong></span> <span class='ocrx_word' id='word_1_472' title='bbox 3533 1919 3729 1969; x_wconf 89' lang='lat' dir='ltr'><strong>mente</strong></span> <span class='ocrx_word' id='word_1_473' title='bbox 3763 1915 3873 1970; x_wconf 73' lang='lat' dir='ltr'><strong>fuit</strong></span> 
     </span>
    </p>
   </div>
   <div class='ocr_carea' id='block_1_66' title="bbox 2161 1996 3870 2073">
    <p class='ocr_par' dir='ltr' id='par_1_66' title="bbox 2161 1996 3870 2073">
     <span class='ocr_line' id='line_1_66' title="bbox 2161 1996 3870 2073; baseline 0.004 -21"><span class='ocrx_word' id='word_1_474' title='bbox 2161 1996 2521 2052; x_wconf 86' lang='lat' dir='ltr'><strong>exanimatus</strong></span> <span class='ocrx_word' id='word_1_475' title='bbox 2546 2015 2561 2067; x_wconf 87' lang='lat'><strong>;</strong></span> <span class='ocrx_word' id='word_1_476' title='bbox 2584 1997 2772 2067; x_wconf 89' lang='lat' dir='ltr'><strong>jacuit</strong></span> <span class='ocrx_word' id='word_1_477' title='bbox 2800 1999 2996 2070; x_wconf 90' lang='lat' dir='ltr'><strong>itaque</strong></span> <span class='ocrx_word' id='word_1_478' title='bbox 3025 2016 3168 2070; x_wconf 90' lang='lat' dir='ltr'><strong>puer</strong></span> <span class='ocrx_word' id='word_1_479' title='bbox 3197 1999 3343 2055; x_wconf 89' lang='lat' dir='ltr'><strong>nihil</strong></span> <span class='ocrx_word' id='word_1_480' title='bbox 3391 2002 3627 2073; x_wconf 88' lang='lat' dir='ltr'><strong>spirans</strong></span> <span class='ocrx_word' id='word_1_481' title='bbox 3656 2003 3717 2058; x_wconf 90' lang='lat' dir='ltr'><strong>in</strong></span> <span class='ocrx_word' id='word_1_482' title='bbox 3748 2003 3870 2059; x_wconf 84' lang='lat' dir='ltr'><strong>laco</strong></span> 
     </span>
    </p>
   </div>
   <div class='ocr_carea' id='block_1_67' title="bbox 2162 2086 3870 2166">
    <p class='ocr_par' dir='ltr' id='par_1_67' title="bbox 2162 2086 3870 2166">
     <span class='ocr_line' id='line_1_67' title="bbox 2162 2086 3870 2166; baseline 0.006 -25"><span class='ocrx_word' id='word_1_483' title='bbox 2162 2090 2284 2142; x_wconf 89' lang='lat' dir='ltr'><strong>tota</strong></span> <span class='ocrx_word' id='word_1_484' title='bbox 2314 2086 2405 2141; x_wconf 90' lang='lat' dir='ltr'><strong>die</strong></span> <span class='ocrx_word' id='word_1_485' title='bbox 2448 2087 2503 2141; x_wconf 92' lang='lat' dir='ltr'><strong>in</strong></span> <span class='ocrx_word' id='word_1_486' title='bbox 2536 2086 2871 2143; x_wconf 87' lang='lat' dir='ltr'><strong>solitudine.</strong></span> <span class='ocrx_word' id='word_1_487' title='bbox 2914 2090 3057 2145; x_wconf 89' lang='lat' dir='ltr'><strong>Cum</strong></span> <span class='ocrx_word' id='word_1_488' title='bbox 3102 2106 3233 2145; x_wconf 91' lang='lat' dir='ltr'><strong>eum</strong></span> <span class='ocrx_word' id='word_1_489' title='bbox 3288 2096 3481 2148; x_wconf 88' lang='lat' dir='ltr'><strong>autem</strong></span> <span class='ocrx_word' id='word_1_490' title='bbox 3516 2095 3611 2149; x_wconf 89' lang='lat' dir='ltr'><strong>sui</strong></span> <span class='ocrx_word' id='word_1_491' title='bbox 3634 2110 3870 2166; x_wconf 87' lang='lat' dir='ltr'><strong>vespere</strong></span> 
     </span>
    </p>
   </div>
   <div class='ocr_carea' id='block_1_68' title="bbox 2162 2176 3875 2250">
    <p class='ocr_par' dir='ltr' id='par_1_68' title="bbox 2162 2176 3875 2250">
     <span class='ocr_line' id='line_1_68' title="bbox 2162 2176 3875 2250; baseline 0.005 -20"><span class='ocrx_word' id='word_1_492' title='bbox 2162 2176 2525 2232; x_wconf 88' lang='lat' dir='ltr'><strong>invenissent</strong></span> <span class='ocrx_word' id='word_1_493' title='bbox 2575 2193 2780 2247; x_wconf 90' lang='lat' dir='ltr'><strong>parum</strong></span> <span class='ocrx_word' id='word_1_494' title='bbox 2838 2179 3179 2250; x_wconf 89' lang='lat' dir='ltr'><strong>spirantem,</strong></span> <span class='ocrx_word' id='word_1_495' title='bbox 3240 2185 3421 2237; x_wconf 90' lang='lat' dir='ltr'><strong>totum</strong></span> <span class='ocrx_word' id='word_1_496' title='bbox 3479 2182 3744 2239; x_wconf 83' lang='lat' dir='ltr'><strong>inﬂatum</strong></span> <span class='ocrx_word' id='word_1_497' title='bbox 3806 2200 3875 2239; x_wconf 89' lang='lat' dir='ltr'><strong>ex</strong></span> 
     </span>
    </p>
   </div>
   <div class='ocr_carea' id='block_1_69' title="bbox 2163 2266 3869 2343">
    <p class='ocr_par' dir='ltr' id='par_1_69' title="bbox 2163 2266 3869 2343">
     <span class='ocr_line' id='line_1_69' title="bbox 2163 2266 3869 2343; baseline 0.005 -21"><span class='ocrx_word' id='word_1_498' title='bbox 2163 2266 2374 2322; x_wconf 91' lang='lat' dir='ltr'><strong>ecstasi</strong></span> <span class='ocrx_word' id='word_1_499' title='bbox 2431 2267 2727 2323; x_wconf 89' lang='lat' dir='ltr'><strong>deducunt</strong></span> <span class='ocrx_word' id='word_1_500' title='bbox 2782 2269 2852 2324; x_wconf 90' lang='lat' dir='ltr'><strong>ad</strong></span> <span class='ocrx_word' id='word_1_501' title='bbox 2903 2273 3150 2341; x_wconf 88' lang='lat' dir='ltr'><strong>patrem,</strong></span> <span class='ocrx_word' id='word_1_502' title='bbox 3209 2270 3550 2343; x_wconf 87' lang='lat' dir='ltr'><strong>ignorantes</strong></span> <span class='ocrx_word' id='word_1_503' title='bbox 3631 2290 3869 2330; x_wconf 84' lang='lat' dir='ltr'><strong>causam</strong></span> 
     </span>
    </p>
   </div>
   <div class='ocr_carea' id='block_1_70' title="bbox 2164 2354 3870 2429">
    <p class='ocr_par' dir='ltr' id='par_1_70' title="bbox 2164 2354 3870 2429">
     <span class='ocr_line' id='line_1_70' title="bbox 2164 2354 3870 2429; baseline 0.006 -21"><span class='ocrx_word' id='word_1_504' title='bbox 2164 2354 2291 2424; x_wconf 92' lang='lat' dir='ltr'><strong>ejus</strong></span> <span class='ocrx_word' id='word_1_505' title='bbox 2336 2356 2485 2425; x_wconf 88' lang='lat' dir='ltr'><strong>quod</strong></span> <span class='ocrx_word' id='word_1_506' title='bbox 2546 2356 2851 2413; x_wconf 91' lang='lat' dir='ltr'><strong>acciderat.</strong></span> <span class='ocrx_word' id='word_1_507' title='bbox 2886 2358 3029 2414; x_wconf 91' lang='lat' dir='ltr'><strong>Cum</strong></span> <span class='ocrx_word' id='word_1_508' title='bbox 3063 2360 3113 2415; x_wconf 89' lang='lat' dir='ltr'><strong>is</strong></span> <span class='ocrx_word' id='word_1_509' title='bbox 3154 2366 3345 2416; x_wconf 87' lang='lat' dir='ltr'><strong>autem</strong></span> <span class='ocrx_word' id='word_1_510' title='bbox 3376 2366 3622 2429; x_wconf 83' lang='lat' dir='ltr'><strong>orasset,</strong></span> <span class='ocrx_word' id='word_1_511' title='bbox 3659 2371 3711 2418; x_wconf 90' lang='lat' dir='ltr'><strong>et</strong></span> <span class='ocrx_word' id='word_1_512' title='bbox 3735 2379 3870 2418; x_wconf 84' lang='lat' dir='ltr'><strong>eum</strong></span> 
     </span>
    </p>
   </div>
   <div class='ocr_carea' id='block_1_71' title="bbox 2165 2442 3873 2522">
    <p class='ocr_par' dir='ltr' id='par_1_71' title="bbox 2165 2442 3873 2522">
     <span class='ocr_line' id='line_1_71' title="bbox 2165 2442 3873 2522; baseline 0.006 -25"><span class='ocrx_word' id='word_1_513' title='bbox 2165 2442 2428 2499; x_wconf 84' lang='lat' dir='ltr'><strong>unxisset</strong></span> <span class='ocrx_word' id='word_1_514' title='bbox 2458 2443 2602 2513; x_wconf 91' lang='lat' dir='ltr'><strong>oleo,</strong></span> <span class='ocrx_word' id='word_1_515' title='bbox 2636 2448 2883 2502; x_wconf 85' lang='lat' dir='ltr'><strong>surrexit</strong></span> <span class='ocrx_word' id='word_1_516' title='bbox 2928 2463 3071 2518; x_wconf 92' lang='lat' dir='ltr'><strong>puer</strong></span> <span class='ocrx_word' id='word_1_517' title='bbox 3119 2465 3363 2506; x_wconf 89' lang='lat' dir='ltr'><strong>narrans</strong></span> <span class='ocrx_word' id='word_1_518' title='bbox 3399 2450 3455 2505; x_wconf 90' lang='lat' dir='ltr'><strong>id</strong></span> <span class='ocrx_word' id='word_1_519' title='bbox 3491 2453 3648 2522; x_wconf 90' lang='lat' dir='ltr'><strong>quod</strong></span> <span class='ocrx_word' id='word_1_520' title='bbox 3687 2453 3873 2508; x_wconf 85' lang='lat' dir='ltr'><strong>fuerat</strong></span> 
     </span>
    </p>
   </div>
   <div class='ocr_carea' id='block_1_72' title="bbox 2165 2533 3870 2612">
    <p class='ocr_par' dir='ltr' id='par_1_72' title="bbox 2165 2533 3870 2612">
     <span class='ocr_line' id='line_1_72' title="bbox 2165 2533 3870 2612; baseline 0.005 -25"><span class='ocrx_word' id='word_1_521' title='bbox 2165 2533 2615 2604; x_wconf 89' lang='lat' dir='ltr'><strong>deprehensum.</strong></span> <span class='ocrx_word' id='word_1_522' title='bbox 2650 2537 2770 2600; x_wconf 89' lang='lat' dir='ltr'><strong>Qua</strong></span> <span class='ocrx_word' id='word_1_523' title='bbox 2798 2553 2858 2593; x_wconf 90' lang='lat' dir='ltr'><strong>re</strong></span> <span class='ocrx_word' id='word_1_524' title='bbox 2895 2538 2981 2594; x_wconf 93' lang='lat' dir='ltr'><strong>vir</strong></span> <span class='ocrx_word' id='word_1_525' title='bbox 3020 2540 3270 2596; x_wconf 82' lang='lat' dir='ltr'><strong>maxime</strong></span> <span class='ocrx_word' id='word_1_526' title='bbox 3318 2546 3533 2612; x_wconf 90' lang='lat' dir='ltr'><strong>motus,</strong></span> <span class='ocrx_word' id='word_1_527' title='bbox 3564 2542 3638 2598; x_wconf 88' lang='lat' dir='ltr'><strong>ad</strong></span> <span class='ocrx_word' id='word_1_528' title='bbox 3670 2541 3870 2599; x_wconf 83' lang='lat' dir='ltr'><strong>interi-</strong></span> 
     </span>
    </p>
   </div>
   <div class='ocr_carea' id='block_1_73' title="bbox 2167 2624 3267 2686">
    <p class='ocr_par' dir='ltr' id='par_1_73' title="bbox 2167 2624 3267 2686">
     <span class='ocr_line' id='line_1_73' title="bbox 2167 2624 3267 2686; baseline 0.007 -9"><span class='ocrx_word' id='word_1_529' title='bbox 2167 2624 2439 2679; x_wconf 89' lang='lat' dir='ltr'><strong>mendum</strong></span> <span class='ocrx_word' id='word_1_530' title='bbox 2465 2626 2778 2682; x_wconf 88' lang='lat' dir='ltr'><strong>draconem</strong></span> <span class='ocrx_word' id='word_1_531' title='bbox 2809 2632 2900 2683; x_wconf 89' lang='lat' dir='ltr'><strong>est</strong></span> <span class='ocrx_word' id='word_1_532' title='bbox 2931 2644 3267 2686; x_wconf 89' lang='lat' dir='ltr'><strong>conversus.</strong></span> 
     </span>
    </p>
   </div>
   <div class='ocr_carea' id='block_1_74' title="bbox 2806 2717 3218 2775">
    <p class='ocr_par' dir='ltr' id='par_1_74' title="bbox 2806 2717 3218 2775">
     <span class='ocr_line' id='line_1_74' title="bbox 2806 2717 3218 2775; baseline 0.005 -3"><span class='ocrx_word' id='word_1_533' title='bbox 2806 2717 3036 2773; x_wconf 87' lang='lat' dir='ltr'>CAPUT</span> <span class='ocrx_word' id='word_1_534' title='bbox 3076 2718 3218 2775; x_wconf 90' lang='lat' dir='ltr'><strong>LIV.</strong></span> 
     </span>
    </p>
   </div>
   <div class='ocr_carea' id='block_1_75' title="bbox 2462 2807 3543 2885">
    <p class='ocr_par' dir='ltr' id='par_1_75' title="bbox 2462 2807 3543 2885">
     <span class='ocr_line' id='line_1_75' title="bbox 2462 2807 3543 2885; baseline 0.005 -23"><span class='ocrx_word' id='word_1_535' title='bbox 2462 2807 2583 2863; x_wconf 76' lang='lat' dir='ltr'><strong>Vita</strong></span> <span class='ocrx_word' id='word_1_536' title='bbox 2612 2808 2824 2864; x_wconf 80' lang='lat' dir='ltr'><strong>abbatis</strong></span> <span class='ocrx_word' id='word_1_537' title='bbox 2853 2810 3023 2880; x_wconf 74' lang='lat' dir='ltr'><strong>Capra</strong></span> <span class='ocrx_word' id='word_1_538' title='bbox 3061 2812 3212 2883; x_wconf 86' lang='grc'><strong>(102)</strong></span> <span class='ocrx_word' id='word_1_539' title='bbox 3231 2812 3543 2885; x_wconf 72' lang='lat' dir='ltr'><strong>presbyteri.</strong></span> 
     </span>
    </p>
   </div>
   <div class='ocr_carea' id='block_1_76' title="bbox 2252 2896 3869 2973">
    <p class='ocr_par' dir='ltr' id='par_1_76' title="bbox 2252 2896 3869 2973">
     <span class='ocr_line' id='line_1_76' title="bbox 2252 2896 3869 2973; baseline 0.002 -20"><span class='ocrx_word' id='word_1_540' title='bbox 2252 2899 2381 2955; x_wconf 88' lang='lat' dir='ltr'><strong>Erat</strong></span> <span class='ocrx_word' id='word_1_541' title='bbox 2418 2901 2614 2954; x_wconf 90' lang='lat' dir='ltr'><strong>autem</strong></span> <span class='ocrx_word' id='word_1_542' title='bbox 2649 2896 2767 2951; x_wconf 92' lang='lat' dir='ltr'><strong>illic</strong></span> <span class='ocrx_word' id='word_1_543' title='bbox 2789 2897 3028 2969; x_wconf 88' lang='lat' dir='ltr'><strong>quidam</strong></span> <span class='ocrx_word' id='word_1_544' title='bbox 3089 2900 3403 2973; x_wconf 85' lang='lat' dir='ltr'><strong>presbyter,</strong></span> <span class='ocrx_word' id='word_1_545' title='bbox 3431 2901 3525 2971; x_wconf 90' lang='lat' dir='ltr'><strong>qui</strong></span> <span class='ocrx_word' id='word_1_546' title='bbox 3557 2904 3869 2957; x_wconf 81' lang='lat' dir='ltr'><strong>monaste—</strong></span> 
     </span>
    </p>
   </div>
   <div class='ocr_carea' id='block_1_77' title="bbox 2166 2986 3872 3061">
    <p class='ocr_par' dir='ltr' id='par_1_77' title="bbox 2166 2986 3872 3061">
     <span class='ocr_line' id='line_1_77' title="bbox 2166 2986 3872 3061; baseline 0 -14"><span class='ocrx_word' id='word_1_547' title='bbox 2166 2991 2315 3047; x_wconf 92' lang='lat' dir='ltr'><strong>rium</strong></span> <span class='ocrx_word' id='word_1_548' title='bbox 2348 3005 2525 3061; x_wconf 92' lang='lat' dir='ltr'><strong>prope</strong></span> <span class='ocrx_word' id='word_1_549' title='bbox 2579 2986 2826 3042; x_wconf 87' lang='lat' dir='ltr'><strong>habebat</strong></span> <span class='ocrx_word' id='word_1_550' title='bbox 2884 2987 2945 3043; x_wconf 91' lang='lat' dir='ltr'><strong>in</strong></span> <span class='ocrx_word' id='word_1_551' title='bbox 2996 2987 3334 3057; x_wconf 88' lang='lat' dir='ltr'><strong>solitudine,</strong></span> <span class='ocrx_word' id='word_1_552' title='bbox 3368 2990 3576 3061; x_wconf 87' lang='lat' dir='ltr'><strong>Copres</strong></span> <span class='ocrx_word' id='word_1_553' title='bbox 3625 2990 3872 3047; x_wconf 87' lang='lat' dir='ltr'><strong>nomine</strong></span> 
     </span>
    </p>
   </div>
   <div class='ocr_carea' id='block_1_78' title="bbox 2162 3078 3868 3153">
    <p class='ocr_par' dir='ltr' id='par_1_78' title="bbox 2162 3078 3868 3153">
     <span class='ocr_line' id='line_1_78' title="bbox 2162 3078 3868 3153; baseline 0.001 -17"><span class='ocrx_word' id='word_1_554' title='bbox 2162 3082 2356 3153; x_wconf 63' lang='lat' dir='ltr'><strong>(Ra/71,</strong></span> <span class='ocrx_word' id='word_1_555' title='bbox 2390 3080 2483 3135; x_wconf 79' lang='lat' dir='ltr'><strong>lib.</strong></span> <span class='ocrx_word' id='word_1_556' title='bbox 2519 3096 2579 3148; x_wconf 78' lang='grc' dir='ltr'><strong>ιι,</strong></span> <span class='ocrx_word' id='word_1_557' title='bbox 2610 3094 2725 3150; x_wconf 86' lang='lat' dir='ltr'><strong>cap.</strong></span> <span class='ocrx_word' id='word_1_558' title='bbox 2759 3079 2817 3149; x_wconf 86' lang='lat'><strong>9)</strong></span> <span class='ocrx_word' id='word_1_559' title='bbox 2850 3093 2863 3132; x_wconf 88' lang='lat'><strong>:</strong></span> <span class='ocrx_word' id='word_1_560' title='bbox 2896 3078 2984 3133; x_wconf 92' lang='lat' dir='ltr'><strong>vir</strong></span> <span class='ocrx_word' id='word_1_561' title='bbox 3040 3083 3297 3146; x_wconf 87' lang='lat' dir='ltr'><strong>sanctus,</strong></span> <span class='ocrx_word' id='word_1_562' title='bbox 3368 3096 3546 3151; x_wconf 88' lang='lat' dir='ltr'><strong>prope</strong></span> <span class='ocrx_word' id='word_1_563' title='bbox 3611 3097 3868 3153; x_wconf 87' lang='lat' dir='ltr'><strong>nonage-</strong></span> 
     </span>
    </p>
   </div>
   <div class='ocr_carea' id='block_1_79' title="bbox 2165 3169 3867 3244">
    <p class='ocr_par' dir='ltr' id='par_1_79' title="bbox 2165 3169 3867 3244">
     <span class='ocr_line' id='line_1_79' title="bbox 2165 3169 3867 3244; baseline 0.001 -18"><span class='ocrx_word' id='word_1_564' title='bbox 2165 3172 2386 3238; x_wconf 88' lang='lat' dir='ltr'><strong>narius,</strong></span> <span class='ocrx_word' id='word_1_565' title='bbox 2420 3170 2760 3242; x_wconf 67' lang='lat' dir='ltr'><strong>praepositus</strong></span> <span class='ocrx_word' id='word_1_566' title='bbox 2819 3169 3065 3225; x_wconf 92' lang='lat' dir='ltr'><strong>fratrum</strong></span> <span class='ocrx_word' id='word_1_567' title='bbox 3128 3171 3579 3243; x_wconf 84' lang='lat' dir='ltr'><strong>quinquaginta,</strong></span> <span class='ocrx_word' id='word_1_568' title='bbox 3612 3173 3711 3244; x_wconf 90' lang='lat' dir='ltr'><strong>qui</strong></span> <span class='ocrx_word' id='word_1_569' title='bbox 3743 3172 3867 3243; x_wconf 90' lang='lat' dir='ltr'><strong>ipse</strong></span> 
     </span>
    </p>
   </div>
   <div class='ocr_carea' id='block_1_80' title="bbox 2084 3236 3870 3332">
    <p class='ocr_par' dir='ltr' id='par_1_80' title="bbox 2084 3236 3870 3332">
     <span class='ocr_line' id='line_1_80' title="bbox 2084 3236 3870 3332; baseline 0.001 -16"><span class='ocrx_word' id='word_1_570' title='bbox 2084 3236 2127 3301; x_wconf 61' lang='grc' dir='ltr'><strong>θ</strong></span> <span class='ocrx_word' id='word_1_571' title='bbox 2167 3236 2400 3332; x_wconf 87' lang='lat' dir='ltr'><strong>quoque</strong></span> <span class='ocrx_word' id='word_1_572' title='bbox 2421 3236 2622 3331; x_wconf 75' lang='lat' dir='ltr'><strong>plures</strong></span> <span class='ocrx_word' id='word_1_573' title='bbox 2671 3258 2919 3315; x_wconf 85' lang='lat' dir='ltr'><strong>faciebat</strong></span> <span class='ocrx_word' id='word_1_574' title='bbox 2960 3236 3227 3328; x_wconf 75' lang='lat' dir='ltr'><strong>virtutes,</strong></span> <span class='ocrx_word' id='word_1_575' title='bbox 3259 3236 3481 3317; x_wconf 77' lang='lat' dir='ltr'><strong>morbis</strong></span> <span class='ocrx_word' id='word_1_576' title='bbox 3524 3236 3781 3330; x_wconf 66' lang='lat' dir='ltr'><strong>medens,</strong></span> <span class='ocrx_word' id='word_1_577' title='bbox 3808 3267 3870 3318; x_wconf 88' lang='lat' dir='ltr'><strong>et</strong></span> 
     </span>
    </p>
   </div>
   <div class='ocr_carea' id='block_1_81' title="bbox 2167 3348 3866 3423">
    <p class='ocr_par' dir='ltr' id='par_1_81' title="bbox 2167 3348 3866 3423">
     <span class='ocr_line' id='line_1_81' title="bbox 2167 3348 3866 3423; baseline 0.001 -17"><span class='ocrx_word' id='word_1_578' title='bbox 2167 3352 2380 3407; x_wconf 88' lang='lat' dir='ltr'><strong>multas</strong></span> <span class='ocrx_word' id='word_1_579' title='bbox 2430 3349 2648 3406; x_wconf 88' lang='lat' dir='ltr'><strong>faciens</strong></span> <span class='ocrx_word' id='word_1_580' title='bbox 2696 3348 3046 3418; x_wconf 89' lang='lat' dir='ltr'><strong>curationes,</strong></span> <span class='ocrx_word' id='word_1_581' title='bbox 3106 3355 3163 3407; x_wconf 90' lang='lat' dir='ltr'><strong>et</strong></span> <span class='ocrx_word' id='word_1_582' title='bbox 3215 3350 3511 3408; x_wconf 73' lang='lat' dir='ltr'><strong>daemones</strong></span> <span class='ocrx_word' id='word_1_583' title='bbox 3556 3351 3866 3423; x_wconf 84' lang='lat' dir='ltr'><strong>expellens,</strong></span> 
     </span>
    </p>
   </div>
   <div class='ocr_carea' id='block_1_82' title="bbox 2162 3438 3866 3512">
    <p class='ocr_par' dir='ltr' id='par_1_82' title="bbox 2162 3438 3866 3512">
     <span class='ocr_line' id='line_1_82' title="bbox 2162 3438 3866 3512; baseline 0.001 -16"><span class='ocrx_word' id='word_1_584' title='bbox 2162 3444 2220 3496; x_wconf 90' lang='lat' dir='ltr'><strong>et</strong></span> <span class='ocrx_word' id='word_1_585' title='bbox 2252 3456 2342 3495; x_wconf 90' lang='lat' dir='ltr'><strong>res</strong></span> <span class='ocrx_word' id='word_1_586' title='bbox 2374 3439 2590 3494; x_wconf 89' lang='lat' dir='ltr'><strong>multas</strong></span> <span class='ocrx_word' id='word_1_587' title='bbox 2621 3438 2903 3507; x_wconf 88' lang='lat' dir='ltr'><strong>efficiens,</strong></span> <span class='ocrx_word' id='word_1_588' title='bbox 2935 3444 3111 3509; x_wconf 90' lang='lat' dir='ltr'><strong>atque</strong></span> <span class='ocrx_word' id='word_1_589' title='bbox 3169 3440 3309 3511; x_wconf 89' lang='lat' dir='ltr'><strong>adeo</strong></span> <span class='ocrx_word' id='word_1_590' title='bbox 3341 3443 3643 3512; x_wconf 88' lang='lat' dir='ltr'><strong>quandam</strong></span> <span class='ocrx_word' id='word_1_591' title='bbox 3676 3442 3735 3498; x_wconf 90' lang='lat' dir='ltr'><strong>in</strong></span> <span class='ocrx_word' id='word_1_592' title='bbox 3765 3459 3866 3499; x_wconf 86' lang='lat' dir='ltr'><strong>no-</strong></span> 
     </span>
    </p>
   </div>
   <div class='ocr_carea' id='block_1_83' title="bbox 2164 3529 3866 3601">
    <p class='ocr_par' dir='ltr' id='par_1_83' title="bbox 2164 3529 3866 3601">
     <span class='ocr_line' id='line_1_83' title="bbox 2164 3529 3866 3601; baseline 0.002 -17"><span class='ocrx_word' id='word_1_593' title='bbox 2164 3530 2301 3586; x_wconf 82' lang='lat' dir='ltr'><strong>stris</strong></span> <span class='ocrx_word' id='word_1_594' title='bbox 2324 3529 2529 3586; x_wconf 90' lang='lat' dir='ltr'><strong>oculis.</strong></span> <span class='ocrx_word' id='word_1_595' title='bbox 2561 3530 2613 3584; x_wconf 91' lang='lat' dir='ltr'><strong>ls</strong></span> <span class='ocrx_word' id='word_1_596' title='bbox 2644 3545 2776 3600; x_wconf 81' lang='lat' dir='ltr'><strong>ergo</strong></span> <span class='ocrx_word' id='word_1_597' title='bbox 2816 3537 3123 3601; x_wconf 87' lang='lat' dir='ltr'><strong>postquam</strong></span> <span class='ocrx_word' id='word_1_598' title='bbox 3174 3547 3281 3586; x_wconf 90' lang='lat' dir='ltr'><strong>nos</strong></span> <span class='ocrx_word' id='word_1_599' title='bbox 3309 3530 3451 3587; x_wconf 91' lang='lat' dir='ltr'><strong>vidit</strong></span> <span class='ocrx_word' id='word_1_600' title='bbox 3480 3531 3776 3599; x_wconf 77' lang='lat' dir='ltr'><strong>salutavit,</strong></span> <span class='ocrx_word' id='word_1_601' title='bbox 3812 3538 3866 3587; x_wconf 89' lang='lat' dir='ltr'><strong>et</strong></span> 
     </span>
    </p>
   </div>
   <div class='ocr_carea' id='block_1_84' title="bbox 2162 3619 3867 3692">
    <p class='ocr_par' dir='ltr' id='par_1_84' title="bbox 2162 3619 3867 3692">
     <span class='ocr_line' id='line_1_84' title="bbox 2162 3619 3867 3692; baseline 0.002 -19"><span class='ocrx_word' id='word_1_602' title='bbox 2162 3635 2266 3690; x_wconf 92' lang='lat' dir='ltr'><strong>pro</strong></span> <span class='ocrx_word' id='word_1_603' title='bbox 2309 3619 2476 3675; x_wconf 90' lang='lat' dir='ltr'><strong>nobis</strong></span> <span class='ocrx_word' id='word_1_604' title='bbox 2500 3620 2703 3686; x_wconf 89' lang='lat' dir='ltr'><strong>oravit,</strong></span> <span class='ocrx_word' id='word_1_605' title='bbox 2735 3624 2791 3674; x_wconf 91' lang='lat' dir='ltr'><strong>et</strong></span> <span class='ocrx_word' id='word_1_606' title='bbox 2842 3624 3154 3690; x_wconf 87' lang='lat' dir='ltr'><strong>postquam</strong></span> <span class='ocrx_word' id='word_1_607' title='bbox 3213 3621 3391 3692; x_wconf 92' lang='lat' dir='ltr'><strong>pedes</strong></span> <span class='ocrx_word' id='word_1_608' title='bbox 3432 3628 3667 3677; x_wconf 88' lang='lat' dir='ltr'><strong>nostros</strong></span> <span class='ocrx_word' id='word_1_609' title='bbox 3697 3622 3867 3677; x_wconf 85' lang='lat' dir='ltr'><strong>lavis-</strong></span> 
     </span>
    </p>
   </div>
   <div class='ocr_carea' id='block_1_85' title="bbox 2160 3709 3867 3780">
    <p class='ocr_par' dir='ltr' id='par_1_85' title="bbox 2160 3709 3867 3780">
     <span class='ocr_line' id='line_1_85' title="bbox 2160 3709 3867 3780; baseline 0.002 -17"><span class='ocrx_word' id='word_1_610' title='bbox 2160 3713 2267 3779; x_wconf 92' lang='lat' dir='ltr'><strong>set,</strong></span> <span class='ocrx_word' id='word_1_611' title='bbox 2302 3709 2629 3765; x_wconf 87' lang='lat' dir='ltr'><strong>sciscitatus</strong></span> <span class='ocrx_word' id='word_1_612' title='bbox 2658 3713 2748 3765; x_wconf 91' lang='lat' dir='ltr'><strong>est</strong></span> <span class='ocrx_word' id='word_1_613' title='bbox 2792 3726 2824 3764; x_wconf 90' lang='lat' dir='ltr'><strong>a</strong></span> <span class='ocrx_word' id='word_1_614' title='bbox 2873 3709 3064 3775; x_wconf 92' lang='lat' dir='ltr'><strong>nobis,</strong></span> <span class='ocrx_word' id='word_1_615' title='bbox 3108 3726 3372 3780; x_wconf 68' lang='lat' dir='ltr'><strong>quaenam</strong></span> <span class='ocrx_word' id='word_1_616' title='bbox 3432 3710 3490 3765; x_wconf 91' lang='lat' dir='ltr'><strong>in</strong></span> <span class='ocrx_word' id='word_1_617' title='bbox 3528 3712 3746 3768; x_wconf 91' lang='lat' dir='ltr'><strong>mundo</strong></span> <span class='ocrx_word' id='word_1_618' title='bbox 3771 3711 3867 3767; x_wconf 85' lang='lat' dir='ltr'><strong>ﬁe-</strong></span> 
     </span>
    </p>
   </div>
   <div class='ocr_carea' id='block_1_86' title="bbox 2158 3800 3863 3875">
    <p class='ocr_par' dir='ltr' id='par_1_86' title="bbox 2158 3800 3863 3875">
     <span class='ocr_line' id='line_1_86' title="bbox 2158 3800 3863 3875; baseline 0.004 -21"><span class='ocrx_word' id='word_1_619' title='bbox 2158 3808 2322 3867; x_wconf 86' lang='lat' dir='ltr'><strong>rent;</strong></span> <span class='ocrx_word' id='word_1_620' title='bbox 2356 3818 2463 3856; x_wconf 91' lang='lat' dir='ltr'><strong>ncs</strong></span> <span class='ocrx_word' id='word_1_621' title='bbox 2518 3804 2707 3856; x_wconf 91' lang='lat' dir='ltr'><strong>autem</strong></span> <span class='ocrx_word' id='word_1_622' title='bbox 2766 3800 3118 3871; x_wconf 89' lang='lat' dir='ltr'><strong>rogavimus,</strong></span> <span class='ocrx_word' id='word_1_623' title='bbox 3172 3805 3235 3856; x_wconf 90' lang='lat' dir='ltr'><strong>ut</strong></span> <span class='ocrx_word' id='word_1_624' title='bbox 3281 3802 3403 3872; x_wconf 90' lang='lat' dir='ltr'><strong>ipse</strong></span> <span class='ocrx_word' id='word_1_625' title='bbox 3461 3804 3628 3858; x_wconf 87' lang='lat' dir='ltr'><strong>nobis</strong></span> <span class='ocrx_word' id='word_1_626' title='bbox 3674 3805 3863 3875; x_wconf 86' lang='lat' dir='ltr'><strong>potius</strong></span> 
     </span>
    </p>
   </div>
   <div class='ocr_carea' id='block_1_87' title="bbox 2158 3890 3862 3963">
    <p class='ocr_par' dir='ltr' id='par_1_87' title="bbox 2158 3890 3862 3963">
     <span class='ocr_line' id='line_1_87' title="bbox 2158 3890 3862 3963; baseline 0.002 -17"><span class='ocrx_word' id='word_1_627' title='bbox 2158 3895 2468 3963; x_wconf 87' lang='lat' dir='ltr'><strong>exponeret</strong></span> <span class='ocrx_word' id='word_1_628' title='bbox 2524 3891 2614 3945; x_wconf 91' lang='lat' dir='ltr'><strong>sui</strong></span> <span class='ocrx_word' id='word_1_629' title='bbox 2664 3891 2789 3945; x_wconf 74' lang='lat' dir='ltr'><strong>vitea</strong></span> <span class='ocrx_word' id='word_1_630' title='bbox 2838 3890 3092 3947; x_wconf 90' lang='lat' dir='ltr'><strong>instituti</strong></span> <span class='ocrx_word' id='word_1_631' title='bbox 3138 3890 3396 3958; x_wconf 89' lang='lat' dir='ltr'><strong>virtutes,</strong></span> <span class='ocrx_word' id='word_1_632' title='bbox 3430 3897 3486 3948; x_wconf 90' lang='lat' dir='ltr'><strong>et</strong></span> <span class='ocrx_word' id='word_1_633' title='bbox 3537 3910 3654 3963; x_wconf 90' lang='lat' dir='ltr'><strong>quo</strong></span> <span class='ocrx_word' id='word_1_634' title='bbox 3694 3895 3862 3949; x_wconf 86' lang='lat' dir='ltr'><strong>modo</strong></span> 
     </span>
    </p>
   </div>
   <div class='ocr_carea' id='block_1_88' title="bbox 2155 3979 3860 4051">
    <p class='ocr_par' dir='ltr' id='par_1_88' title="bbox 2155 3979 3860 4051">
     <span class='ocr_line' id='line_1_88' title="bbox 2155 3979 3860 4051; baseline 0.002 -16"><span class='ocrx_word' id='word_1_635' title='bbox 2155 3984 2311 4037; x_wconf 90' lang='lat' dir='ltr'><strong>esset</strong></span> <span class='ocrx_word' id='word_1_636' title='bbox 2349 3982 2501 4036; x_wconf 90' lang='lat' dir='ltr'><strong>Deus</strong></span> <span class='ocrx_word' id='word_1_637' title='bbox 2530 3979 2581 4035; x_wconf 91' lang='lat' dir='ltr'><strong>ei</strong></span> <span class='ocrx_word' id='word_1_638' title='bbox 2613 3980 2767 4035; x_wconf 89' lang='lat' dir='ltr'><strong>dona</strong></span> <span class='ocrx_word' id='word_1_639' title='bbox 2792 3979 3055 4049; x_wconf 85' lang='lat' dir='ltr'><strong>largitus,</strong></span> <span class='ocrx_word' id='word_1_640' title='bbox 3079 3984 3135 4035; x_wconf 91' lang='lat' dir='ltr'><strong>et</strong></span> <span class='ocrx_word' id='word_1_641' title='bbox 3159 3997 3409 4051; x_wconf 89' lang='lat' dir='ltr'><strong>quanam</strong></span> <span class='ocrx_word' id='word_1_642' title='bbox 3444 3983 3667 4039; x_wconf 85' lang='lat' dir='ltr'><strong>ratione</strong></span> <span class='ocrx_word' id='word_1_643' title='bbox 3721 3984 3860 4039; x_wconf 79' lang='lat' dir='ltr'><strong>fuis-</strong></span> 
     </span>
    </p>
   </div>
   <div class='ocr_carea' id='block_1_89' title="bbox 2156 4069 3857 4142">
    <p class='ocr_par' dir='ltr' id='par_1_89' title="bbox 2156 4069 3857 4142">
     <span class='ocr_line' id='line_1_89' title="bbox 2156 4069 3857 4142; baseline 0.001 -15"><span class='ocrx_word' id='word_1_644' title='bbox 2156 4076 2243 4127; x_wconf 91' lang='lat' dir='ltr'><strong>set</strong></span> <span class='ocrx_word' id='word_1_645' title='bbox 2275 4072 2563 4142; x_wconf 89' lang='lat' dir='ltr'><strong>particeps</strong></span> <span class='ocrx_word' id='word_1_646' title='bbox 2593 4070 2720 4137; x_wconf 84' lang='lat' dir='ltr'><strong>ejus</strong></span> <span class='ocrx_word' id='word_1_647' title='bbox 2749 4071 2965 4141; x_wconf 76' lang='lat' dir='ltr'><strong>gratiae.</strong></span> <span class='ocrx_word' id='word_1_648' title='bbox 2998 4069 3053 4126; x_wconf 94' lang='lat' dir='ltr'><strong>Is</strong></span> <span class='ocrx_word' id='word_1_649' title='bbox 3094 4076 3288 4127; x_wconf 90' lang='lat' dir='ltr'><strong>autem</strong></span> <span class='ocrx_word' id='word_1_650' title='bbox 3322 4071 3486 4127; x_wconf 86' lang='lat' dir='ltr'><strong>nulla</strong></span> <span class='ocrx_word' id='word_1_651' title='bbox 3511 4089 3580 4128; x_wconf 87' lang='lat' dir='ltr'><strong>eo</strong></span> <span class='ocrx_word' id='word_1_652' title='bbox 3622 4075 3857 4129; x_wconf 86' lang='lat' dir='ltr'><strong>nomine</strong></span> 
     </span>
    </p>
   </div>
   <div class='ocr_carea' id='block_1_90' title="bbox 2154 4160 3867 4233">
    <p class='ocr_par' dir='ltr' id='par_1_90' title="bbox 2154 4160 3867 4233">
     <span class='ocr_line' id='line_1_90' title="bbox 2154 4160 3867 4233; baseline 0.001 -16"><span class='ocrx_word' id='word_1_653' title='bbox 2154 4161 2342 4217; x_wconf 88' lang='lat' dir='ltr'><strong>elatus</strong></span> <span class='ocrx_word' id='word_1_654' title='bbox 2384 4160 2657 4233; x_wconf 90' lang='lat' dir='ltr'><strong>superbia</strong></span> <span class='ocrx_word' id='word_1_655' title='bbox 2698 4160 2865 4217; x_wconf 91' lang='lat' dir='ltr'><strong>nobis</strong></span> <span class='ocrx_word' id='word_1_656' title='bbox 2918 4177 3087 4216; x_wconf 89' lang='lat' dir='ltr'><strong>suam</strong></span> <span class='ocrx_word' id='word_1_657' title='bbox 3145 4161 3324 4217; x_wconf 91' lang='lat' dir='ltr'><strong>vitam</strong></span> <span class='ocrx_word' id='word_1_658' title='bbox 3357 4163 3629 4228; x_wconf 84' lang='lat' dir='ltr'><strong>narravit,</strong></span> <span class='ocrx_word' id='word_1_659' title='bbox 3663 4170 3867 4219; x_wconf 87' lang='lat' dir='ltr'><strong>etma-</strong></span> 
     </span>
    </p>
   </div>
   <div class='ocr_carea' id='block_1_91' title="bbox 2146 4252 3870 4325">
    <p class='ocr_par' dir='ltr' id='par_1_91' title="bbox 2146 4252 3870 4325">
     <span class='ocr_line' id='line_1_91' title="bbox 2146 4252 3870 4325; baseline 0.001 -16"><span class='ocrx_word' id='word_1_660' title='bbox 2146 4254 2346 4325; x_wconf 87' lang='lat' dir='ltr'><strong>jorum</strong></span> <span class='ocrx_word' id='word_1_661' title='bbox 2376 4269 2620 4309; x_wconf 89' lang='lat' dir='ltr'><strong>suorum</strong></span> <span class='ocrx_word' id='word_1_662' title='bbox 2656 4252 2757 4323; x_wconf 92' lang='lat' dir='ltr'><strong>qui</strong></span> <span class='ocrx_word' id='word_1_663' title='bbox 2814 4252 3010 4325; x_wconf 91' lang='lat' dir='ltr'><strong>ipsum</strong></span> <span class='ocrx_word' id='word_1_664' title='bbox 3050 4258 3424 4325; x_wconf 86' lang='lat' dir='ltr'><strong>superarunt,</strong></span> <span class='ocrx_word' id='word_1_665' title='bbox 3461 4271 3715 4325; x_wconf 90' lang='lat' dir='ltr'><strong>quorum</strong></span> <span class='ocrx_word' id='word_1_666' title='bbox 3749 4257 3870 4325; x_wconf 85' lang='lat' dir='ltr'><strong>ipse</strong></span> 
     </span>
    </p>
   </div>
   <div class='ocr_carea' id='block_1_92' title="bbox 2151 4342 3867 4416">
    <p class='ocr_par' dir='ltr' id='par_1_92' title="bbox 2151 4342 3867 4416">
     <span class='ocr_line' id='line_1_92' title="bbox 2151 4342 3867 4416; baseline 0 -19"><span class='ocrx_word' id='word_1_667' title='bbox 2151 4343 2280 4398; x_wconf 80' lang='lat' dir='ltr'><strong>vitae</strong></span> <span class='ocrx_word' id='word_1_668' title='bbox 2315 4342 2652 4397; x_wconf 90' lang='lat' dir='ltr'><strong>institutum</strong></span> <span class='ocrx_word' id='word_1_669' title='bbox 2687 4349 2774 4398; x_wconf 90' lang='lat' dir='ltr'><strong>est</strong></span> <span class='ocrx_word' id='word_1_670' title='bbox 2804 4343 3105 4399; x_wconf 88' lang='lat' dir='ltr'><strong>imitatus:</strong></span> <span class='ocrx_word' id='word_1_671' title='bbox 3137 4342 3261 4399; x_wconf 89' lang='lat' dir='ltr'><strong>Non</strong></span> <span class='ocrx_word' id='word_1_672' title='bbox 3304 4348 3407 4413; x_wconf 90' lang='lat' dir='ltr'><strong>est,</strong></span> <span class='ocrx_word' id='word_1_673' title='bbox 3432 4344 3644 4416; x_wconf 87' lang='lat' dir='ltr'><strong>inquit,</strong></span> <span class='ocrx_word' id='word_1_674' title='bbox 3672 4362 3707 4400; x_wconf 92' lang='grc' dir='ltr'>ο</span> <span class='ocrx_word' id='word_1_675' title='bbox 3740 4344 3867 4410; x_wconf 77' lang='lat' dir='ltr'><strong>(itii,</strong></span> 
     </span>
    </p>
   </div>
   <div class='ocr_carea' id='block_1_93' title="bbox 2151 4432 3866 4505">
    <p class='ocr_par' dir='ltr' id='par_1_93' title="bbox 2151 4432 3866 4505">
     <span class='ocr_line' id='line_1_93' title="bbox 2151 4432 3866 4505; baseline 0.001 -18"><span class='ocrx_word' id='word_1_676' title='bbox 2151 4433 2303 4504; x_wconf 92' lang='lat' dir='ltr'><strong>quod</strong></span> <span class='ocrx_word' id='word_1_677' title='bbox 2338 4449 2370 4487; x_wconf 88' lang='lat' dir='ltr'><strong>a</strong></span> <span class='ocrx_word' id='word_1_678' title='bbox 2400 4447 2495 4487; x_wconf 90' lang='lat' dir='ltr'><strong>me</strong></span> <span class='ocrx_word' id='word_1_679' title='bbox 2551 4432 2613 4487; x_wconf 87' lang='lat' dir='ltr'><strong>fit</strong></span> <span class='ocrx_word' id='word_1_680' title='bbox 2644 4432 3006 4503; x_wconf 89' lang='lat' dir='ltr'><strong>admirabile,</strong></span> <span class='ocrx_word' id='word_1_681' title='bbox 3040 4432 3087 4489; x_wconf 93' lang='lat' dir='ltr'><strong>si</strong></span> <span class='ocrx_word' id='word_1_682' title='bbox 3112 4434 3436 4490; x_wconf 89' lang='lat' dir='ltr'><strong>conferatur</strong></span> <span class='ocrx_word' id='word_1_683' title='bbox 3465 4450 3598 4489; x_wconf 89' lang='lat' dir='ltr'><strong>cum</strong></span> <span class='ocrx_word' id='word_1_684' title='bbox 3631 4434 3705 4489; x_wconf 88' lang='lat' dir='ltr'><strong>iis</strong></span> <span class='ocrx_word' id='word_1_685' title='bbox 3738 4451 3866 4505; x_wconf 66' lang='lat' dir='ltr'><strong>quis</strong></span> 
     </span>
    </p>
   </div>
   <div class='ocr_carea' id='block_1_94' title="bbox 2149 4522 3863 4592">
    <p class='ocr_par' dir='ltr' id='par_1_94' title="bbox 2149 4522 3863 4592">
     <span class='ocr_line' id='line_1_94' title="bbox 2149 4522 3863 4592; baseline 0.001 -15"><span class='ocrx_word' id='word_1_686' title='bbox 2149 4523 2207 4578; x_wconf 89' lang='lat' dir='ltr'><strong>in</strong></span> <span class='ocrx_word' id='word_1_687' title='bbox 2239 4522 2355 4577; x_wconf 87' lang='lat' dir='ltr'><strong>vita</strong></span> <span class='ocrx_word' id='word_1_688' title='bbox 2386 4524 2546 4592; x_wconf 89' lang='lat' dir='ltr'><strong>gesta</strong></span> <span class='ocrx_word' id='word_1_689' title='bbox 2576 4527 2715 4577; x_wconf 87' lang='lat' dir='ltr'><strong>sunt</strong></span> <span class='ocrx_word' id='word_1_690' title='bbox 2745 4539 2779 4577; x_wconf 94' lang='lat' dir='ltr'><strong>a</strong></span> <span class='ocrx_word' id='word_1_691' title='bbox 2832 4522 3099 4579; x_wconf 88' lang='lat' dir='ltr'><strong>Patribus</strong></span> <span class='ocrx_word' id='word_1_692' title='bbox 3132 4523 3368 4580; x_wconf 90' lang='lat' dir='ltr'><strong>nostris.</strong></span> <span class='ocrx_word' id='word_1_693' title='bbox 3403 4523 3629 4579; x_wconf 89' lang='lat' dir='ltr'><strong>Etcum</strong></span> <span class='ocrx_word' id='word_1_694' title='bbox 3664 4542 3863 4579; x_wconf 84' lang='lat' dir='ltr'><strong>narra-</strong></span> 
     </span>
    </p>
   </div>
   <div class='ocr_carea' id='block_1_95' title="bbox 341 4604 3865 4684">
    <p class='ocr_par' dir='ltr' id='par_1_95' title="bbox 341 4604 3865 4684">
     <span class='ocr_line' id='line_1_95' title="bbox 341 4604 3865 4684; baseline 0.001 -20"><span class='ocrx_word' id='word_1_695' title='bbox 341 4610 538 4665; x_wconf 89' lang='lat' dir='ltr'><strong>Videte</strong></span> <span class='ocrx_word' id='word_1_696' title='bbox 569 4612 855 4681; x_wconf 90' lang='lat' dir='ltr'><strong>quantum</strong></span> <span class='ocrx_word' id='word_1_697' title='bbox 906 4608 1045 4664; x_wconf 90' lang='lat' dir='ltr'><strong>estis</strong></span> <span class='ocrx_word' id='word_1_698' title='bbox 1094 4610 1298 4666; x_wconf 89' lang='lat' dir='ltr'><strong>bestiis</strong></span> <span class='ocrx_word' id='word_1_699' title='bbox 1338 4613 1718 4684; x_wconf 88' lang='lat' dir='ltr'><strong>agrestiores;</strong></span> <span class='ocrx_word' id='word_1_700' title='bbox 1754 4634 1888 4671; x_wconf 89' lang='lat' dir='ltr'><strong>nam</strong></span> <span class='ocrx_word' id='word_1_701' title='bbox 1922 4619 2044 4674; x_wconf 86' lang='lat' dir='ltr'><strong>istae</strong></span> <span class='ocrx_word' id='word_1_702' title='bbox 2078 4604 2123 4669; x_wconf 85' lang='lat' dir='ltr'><strong>D</strong></span> <span class='ocrx_word' id='word_1_703' title='bbox 2156 4618 2237 4665; x_wconf 73' lang='lat' dir='ltr'><strong>rel</strong></span> <span class='ocrx_word' id='word_1_704' title='bbox 2296 4609 2463 4665; x_wconf 79' lang='lat' dir='ltr'><strong>nobis</strong></span> <span class='ocrx_word' id='word_1_705' title='bbox 2522 4611 2734 4681; x_wconf 84' lang='lat' dir='ltr'><strong>Copres</strong></span> <span class='ocrx_word' id='word_1_706' title='bbox 2791 4612 3088 4684; x_wconf 82' lang='lat' dir='ltr'><strong>presbyter</strong></span> <span class='ocrx_word' id='word_1_707' title='bbox 3132 4627 3262 4683; x_wconf 75' lang='lat' dir='ltr'><strong>quae</strong></span> <span class='ocrx_word' id='word_1_708' title='bbox 3294 4616 3446 4668; x_wconf 87' lang='lat' dir='ltr'><strong>recte</strong></span> <span class='ocrx_word' id='word_1_709' title='bbox 3476 4616 3531 4669; x_wconf 88' lang='lat' dir='ltr'><strong>et</strong></span> <span class='ocrx_word' id='word_1_710' title='bbox 3552 4629 3615 4667; x_wconf 89' lang='lat' dir='ltr'><strong>ex</strong></span> <span class='ocrx_word' id='word_1_711' title='bbox 3648 4612 3865 4669; x_wconf 86' lang='lat' dir='ltr'><strong>virtute</strong></span> 
     </span>
    </p>
   </div>
   <div class='ocr_carea' id='block_1_96' title="bbox 338 4698 2040 4773">
    <p class='ocr_par' dir='ltr' id='par_1_96' title="bbox 338 4698 2040 4773">
     <span class='ocr_line' id='line_1_96' title="bbox 338 4698 2040 4773; baseline 0.005 -17"><span class='ocrx_word' id='word_1_712' title='bbox 338 4700 575 4773; x_wconf 90' lang='lat' dir='ltr'><strong>quidem</strong></span> <span class='ocrx_word' id='word_1_713' title='bbox 610 4703 845 4772; x_wconf 91' lang='lat' dir='ltr'><strong>propter</strong></span> <span class='ocrx_word' id='word_1_714' title='bbox 875 4698 1055 4755; x_wconf 90' lang='lat' dir='ltr'><strong>Deum</strong></span> <span class='ocrx_word' id='word_1_715' title='bbox 1090 4709 1299 4757; x_wconf 80' lang='lat' dir='ltr'><strong>nostrae</strong></span> <span class='ocrx_word' id='word_1_716' title='bbox 1342 4708 1547 4773; x_wconf 90' lang='lat' dir='ltr'><strong>parent</strong></span> <span class='ocrx_word' id='word_1_717' title='bbox 1604 4704 1906 4768; x_wconf 86' lang='lat' dir='ltr'><strong>voluntati,</strong></span> <span class='ocrx_word' id='word_1_718' title='bbox 1938 4726 2040 4765; x_wconf 93' lang='lat' dir='ltr'><strong>vos</strong></span> 
     </span>
    </p>
   </div>
   <div class='ocr_carea' id='block_1_97' title="bbox 336 4790 2037 4863">
    <p class='ocr_par' dir='ltr' id='par_1_97' title="bbox 336 4790 2037 4863">
     <span class='ocr_line' id='line_1_97' title="bbox 336 4790 2037 4863; baseline 0.004 -18"><span class='ocrx_word' id='word_1_719' title='bbox 336 4794 528 4845; x_wconf 90' lang='lat' dir='ltr'><strong>autem</strong></span> <span class='ocrx_word' id='word_1_720' title='bbox 560 4805 750 4861; x_wconf 90' lang='lat' dir='ltr'><strong>neque</strong></span> <span class='ocrx_word' id='word_1_721' title='bbox 783 4790 962 4844; x_wconf 89' lang='lat' dir='ltr'><strong>Deum</strong></span> <span class='ocrx_word' id='word_1_722' title='bbox 997 4790 1301 4858; x_wconf 90' lang='lat' dir='ltr'><strong>timuistis,</strong></span> <span class='ocrx_word' id='word_1_723' title='bbox 1336 4808 1521 4863; x_wconf 83' lang='lat' dir='ltr'><strong>neque</strong></span> <span class='ocrx_word' id='word_1_724' title='bbox 1570 4793 2037 4851; x_wconf 87' lang='lat' dir='ltr'><strong>Christianorum</strong></span> 
     </span>
    </p>
   </div>
   <div class='ocr_carea' id='block_1_98' title="bbox 334 4879 2037 4950">
    <p class='ocr_par' dir='ltr' id='par_1_98' title="bbox 334 4879 2037 4950">
     <span class='ocr_line' id='line_1_98' title="bbox 334 4879 2037 4950; baseline 0.003 -15"><span class='ocrx_word' id='word_1_725' title='bbox 334 4879 475 4935; x_wconf 90' lang='lat' dir='ltr'><strong>estis</strong></span> <span class='ocrx_word' id='word_1_726' title='bbox 531 4879 760 4935; x_wconf 90' lang='lat' dir='ltr'><strong>reveriti</strong></span> <span class='ocrx_word' id='word_1_727' title='bbox 828 4879 1187 4950; x_wconf 91' lang='lat' dir='ltr'><strong>religionem.</strong></span> <span class='ocrx_word' id='word_1_728' title='bbox 1223 4882 1572 4939; x_wconf 91' lang='lat' dir='ltr'><strong>Introductis</strong></span> <span class='ocrx_word' id='word_1_729' title='bbox 1628 4888 1821 4939; x_wconf 87' lang='lat' dir='ltr'><strong>autem</strong></span> <span class='ocrx_word' id='word_1_730' title='bbox 1865 4885 1947 4940; x_wconf 90' lang='lat' dir='ltr'><strong>eis</strong></span> <span class='ocrx_word' id='word_1_731' title='bbox 1979 4885 2037 4940; x_wconf 93' lang='lat' dir='ltr'><strong>in</strong></span> 
     </span>
    </p>
   </div>
   <div class='ocr_carea' id='block_1_99' title="bbox 336 4966 2040 5039">
    <p class='ocr_par' dir='ltr' id='par_1_99' title="bbox 336 4966 2040 5039">
     <span class='ocr_line' id='line_1_99' title="bbox 336 4966 2040 5039; baseline 0.002 -15"><span class='ocrx_word' id='word_1_732' title='bbox 336 4966 564 5035; x_wconf 89' lang='lat' dir='ltr'><strong>cellam,</strong></span> <span class='ocrx_word' id='word_1_733' title='bbox 598 4982 859 5022; x_wconf 88' lang='lat' dir='ltr'><strong>mensam</strong></span> <span class='ocrx_word' id='word_1_734' title='bbox 894 4973 1183 5039; x_wconf 90' lang='lat' dir='ltr'><strong>apposuit,</strong></span> <span class='ocrx_word' id='word_1_735' title='bbox 1208 4974 1265 5026; x_wconf 92' lang='lat' dir='ltr'><strong>et</strong></span> <span class='ocrx_word' id='word_1_736' title='bbox 1322 4972 1548 5027; x_wconf 88' lang='lat' dir='ltr'><strong>monuit</strong></span> <span class='ocrx_word' id='word_1_737' title='bbox 1596 4976 1659 5027; x_wconf 91' lang='lat' dir='ltr'><strong>ut</strong></span> <span class='ocrx_word' id='word_1_738' title='bbox 1691 4988 1876 5028; x_wconf 87' lang='lat' dir='ltr'><strong>mores</strong></span> <span class='ocrx_word' id='word_1_739' title='bbox 1909 4989 2040 5028; x_wconf 93' lang='lat' dir='ltr'><strong>mu-</strong></span> 
     </span>
    </p>
   </div>
   <div class='ocr_carea' id='block_1_100' title="bbox 338 5055 2037 5131">
    <p class='ocr_par' dir='ltr' id='par_1_100' title="bbox 338 5055 2037 5131">
     <span class='ocr_line' id='line_1_100' title="bbox 338 5055 2037 5131; baseline 0.002 -18"><span class='ocrx_word' id='word_1_740' title='bbox 338 5060 551 5113; x_wconf 90' lang='lat' dir='ltr'><strong>tarent.</strong></span> <span class='ocrx_word' id='word_1_741' title='bbox 596 5055 687 5110; x_wconf 89' lang='lat' dir='ltr'><strong>Illi</strong></span> <span class='ocrx_word' id='word_1_742' title='bbox 728 5060 918 5112; x_wconf 89' lang='lat' dir='ltr'><strong>autem</strong></span> <span class='ocrx_word' id='word_1_743' title='bbox 961 5067 1286 5130; x_wconf 88' lang='lat' dir='ltr'><strong>surgentes,</strong></span> <span class='ocrx_word' id='word_1_744' title='bbox 1347 5062 1614 5131; x_wconf 88' lang='lat' dir='ltr'><strong>protinus</strong></span> <span class='ocrx_word' id='word_1_745' title='bbox 1669 5062 1869 5118; x_wconf 88' lang='lat' dir='ltr'><strong>multis</strong></span> <span class='ocrx_word' id='word_1_746' title='bbox 1932 5062 2037 5119; x_wconf 92' lang='lat' dir='ltr'><strong>visi</strong></span> 
     </span>
    </p>
   </div>
   <div class='ocr_carea' id='block_1_101' title="bbox 341 5145 2038 5224">
    <p class='ocr_par' dir='ltr' id='par_1_101' title="bbox 341 5145 2038 5224">
     <span class='ocr_line' id='line_1_101' title="bbox 341 5145 2038 5224; baseline 0.003 -21"><span class='ocrx_word' id='word_1_747' title='bbox 341 5150 479 5203; x_wconf 85' lang='lat' dir='ltr'><strong>sunt</strong></span> <span class='ocrx_word' id='word_1_748' title='bbox 510 5145 798 5213; x_wconf 87' lang='lat' dir='ltr'><strong>meliores,</strong></span> <span class='ocrx_word' id='word_1_749' title='bbox 832 5163 947 5202; x_wconf 89' lang='lat' dir='ltr'><strong>non</strong></span> <span class='ocrx_word' id='word_1_750' title='bbox 1008 5150 1188 5205; x_wconf 91' lang='lat' dir='ltr'><strong>multo</strong></span> <span class='ocrx_word' id='word_1_751' title='bbox 1238 5158 1364 5220; x_wconf 88' lang='lat' dir='ltr'><strong>post</strong></span> <span class='ocrx_word' id='word_1_752' title='bbox 1413 5154 1599 5206; x_wconf 89' lang='lat' dir='ltr'><strong>autem</strong></span> <span class='ocrx_word' id='word_1_753' title='bbox 1662 5152 1769 5222; x_wconf 84' lang='lat' dir='ltr'><strong>ipsi</strong></span> <span class='ocrx_word' id='word_1_754' title='bbox 1806 5167 2038 5224; x_wconf 89' lang='lat' dir='ltr'><strong>quoque</strong></span> 
     </span>
    </p>
   </div>
   <div class='ocr_carea' id='block_1_102' title="bbox 338 5236 1258 5308">
    <p class='ocr_par' dir='ltr' id='par_1_102' title="bbox 338 5236 1258 5308">
     <span class='ocr_line' id='line_1_102' title="bbox 338 5236 1258 5308; baseline 0.002 -17"><span class='ocrx_word' id='word_1_755' title='bbox 338 5237 442 5293; x_wconf 90' lang='lat' dir='ltr'><strong>visi</strong></span> <span class='ocrx_word' id='word_1_756' title='bbox 477 5240 617 5292; x_wconf 90' lang='lat' dir='ltr'><strong>sunt</strong></span> <span class='ocrx_word' id='word_1_757' title='bbox 637 5236 836 5292; x_wconf 90' lang='lat' dir='ltr'><strong>eadem</strong></span> <span class='ocrx_word' id='word_1_758' title='bbox 862 5237 1030 5308; x_wconf 89' lang='lat' dir='ltr'><strong>signa</strong></span> <span class='ocrx_word' id='word_1_759' title='bbox 1055 5237 1258 5293; x_wconf 71' lang='lat' dir='ltr'><strong>facere.</strong></span> 
     </span>
    </p>
   </div>
   <div class='ocr_carea' id='block_1_103' title="bbox 407 5326 2037 5401">
    <p class='ocr_par' dir='ltr' id='par_1_103' title="bbox 407 5326 2037 5401">
     <span class='ocr_line' id='line_1_103' title="bbox 407 5326 2037 5401; baseline 0.006 -22"><span class='ocrx_word' id='word_1_760' title='bbox 407 5327 735 5397; x_wconf 90' lang='lat' dir='ltr'><strong>Aliquando</strong></span> <span class='ocrx_word' id='word_1_761' title='bbox 766 5331 982 5395; x_wconf 90' lang='lat' dir='ltr'><strong>autem,</strong></span> <span class='ocrx_word' id='word_1_762' title='bbox 1018 5326 1225 5397; x_wconf 90' lang='lat' dir='ltr'><strong>inquit,</strong></span> <span class='ocrx_word' id='word_1_763' title='bbox 1248 5344 1378 5382; x_wconf 92' lang='lat' dir='ltr'><strong>cum</strong></span> <span class='ocrx_word' id='word_1_764' title='bbox 1414 5343 1562 5384; x_wconf 89' lang='lat' dir='ltr'><strong>unus</strong></span> <span class='ocrx_word' id='word_1_765' title='bbox 1596 5346 1839 5401; x_wconf 88' lang='lat' dir='ltr'><strong>magnus</strong></span> <span class='ocrx_word' id='word_1_766' title='bbox 1864 5332 2037 5388; x_wconf 87' lang='lat' dir='ltr'><strong>draco</strong></span> 
     </span>
    </p>
   </div>
   <div class='ocr_carea' id='block_1_104' title="bbox 338 5415 2039 5487">
    <p class='ocr_par' dir='ltr' id='par_1_104' title="bbox 338 5415 2039 5487">
     <span class='ocr_line' id='line_1_104' title="bbox 338 5415 2039 5487; baseline 0.006 -21"><span class='ocrx_word' id='word_1_767' title='bbox 338 5415 721 5485; x_wconf 85' lang='lat' dir='ltr'><strong>prepinquam</strong></span> <span class='ocrx_word' id='word_1_768' title='bbox 769 5421 1023 5473; x_wconf 90' lang='lat' dir='ltr'><strong>vastaret</strong></span> <span class='ocrx_word' id='word_1_769' title='bbox 1070 5418 1387 5487; x_wconf 89' lang='lat' dir='ltr'><strong>regionem.</strong></span> <span class='ocrx_word' id='word_1_770' title='bbox 1422 5422 1480 5473; x_wconf 87' lang='lat' dir='ltr'><strong>et</strong></span> <span class='ocrx_word' id='word_1_771' title='bbox 1539 5418 1721 5474; x_wconf 89' lang='lat' dir='ltr'><strong>multa</strong></span> <span class='ocrx_word' id='word_1_772' title='bbox 1751 5423 2039 5478; x_wconf 89' lang='lat' dir='ltr'><strong>occideret</strong></span> 
     </span>
    </p>
   </div>
   <div class='ocr_carea' id='block_1_105' title="bbox 336 5500 2023 5578">
    <p class='ocr_par' dir='ltr' id='par_1_105' title="bbox 336 5500 2023 5578">
     <span class='ocr_line' id='line_1_105' title="bbox 336 5500 2023 5578; baseline 0.007 -23"><span class='ocrx_word' id='word_1_773' title='bbox 336 5500 629 5567; x_wconf 89' lang='lat' dir='ltr'><strong>animalia,</strong></span> <span class='ocrx_word' id='word_1_774' title='bbox 664 5506 1002 5577; x_wconf 88' lang='lat' dir='ltr'><strong>quicunque</strong></span> <span class='ocrx_word' id='word_1_775' title='bbox 1033 5505 1375 5561; x_wconf 87' lang='lat' dir='ltr'><strong>habitabant</strong></span> <span class='ocrx_word' id='word_1_776' title='bbox 1408 5506 1567 5577; x_wconf 76' lang='lat' dir='ltr'><strong>juxta</strong></span> <span class='ocrx_word' id='word_1_777' title='bbox 1624 5507 2023 5578; x_wconf 85' lang='lat' dir='ltr'><strong>solitudinem,</strong></span> 
     </span>
    </p>
   </div>
   <div class='ocr_carea' id='block_1_106' title="bbox 332 5591 2034 5669">
    <p class='ocr_par' dir='ltr' id='par_1_106' title="bbox 332 5591 2034 5669">
     <span class='ocr_line' id='line_1_106' title="bbox 332 5591 2034 5669; baseline 0.007 -23"><span class='ocrx_word' id='word_1_778' title='bbox 332 5604 536 5646; x_wconf 91' lang='lat' dir='ltr'><strong>omnes</strong></span> <span class='ocrx_word' id='word_1_779' title='bbox 584 5591 760 5649; x_wconf 91' lang='lat' dir='ltr'><strong>simul</strong></span> <span class='ocrx_word' id='word_1_780' title='bbox 817 5600 1101 5653; x_wconf 89' lang='lat' dir='ltr'><strong>venerunt</strong></span> <span class='ocrx_word' id='word_1_781' title='bbox 1131 5599 1202 5653; x_wconf 92' lang='lat' dir='ltr'><strong>ad</strong></span> <span class='ocrx_word' id='word_1_782' title='bbox 1264 5597 1508 5666; x_wconf 88' lang='lat' dir='ltr'><strong>Patrem,</strong></span> <span class='ocrx_word' id='word_1_783' title='bbox 1544 5603 1811 5669; x_wconf 90' lang='lat' dir='ltr'><strong>rogantes</strong></span> <span class='ocrx_word' id='word_1_784' title='bbox 1844 5605 1907 5657; x_wconf 90' lang='lat' dir='ltr'><strong>ut</strong></span> <span class='ocrx_word' id='word_1_785' title='bbox 1936 5602 2034 5658; x_wconf 86' lang='lat' dir='ltr'><strong>de-</strong></span> 
     </span>
    </p>
   </div>
   <div class='ocr_carea' id='block_1_107' title="bbox 330 5680 2035 5759">
    <p class='ocr_par' dir='ltr' id='par_1_107' title="bbox 330 5680 2035 5759">
     <span class='ocr_line' id='line_1_107' title="bbox 330 5680 2035 5759; baseline 0.006 -21"><span class='ocrx_word' id='word_1_786' title='bbox 330 5681 547 5739; x_wconf 84' lang='lat' dir='ltr'><strong>leretur</strong></span> <span class='ocrx_word' id='word_1_787' title='bbox 577 5680 770 5740; x_wconf 89' lang='lat' dir='ltr'><strong>bellua</strong></span> <span class='ocrx_word' id='word_1_788' title='bbox 802 5701 868 5741; x_wconf 88' lang='lat' dir='ltr'><strong>ex</strong></span> <span class='ocrx_word' id='word_1_789' title='bbox 921 5700 1121 5741; x_wconf 88' lang='lat' dir='ltr'><strong>eorum</strong></span> <span class='ocrx_word' id='word_1_790' title='bbox 1172 5687 1423 5759; x_wconf 89' lang='lat' dir='ltr'><strong>regione.</strong></span> <span class='ocrx_word' id='word_1_791' title='bbox 1460 5687 1513 5744; x_wconf 89' lang='lat' dir='ltr'><strong>Is</strong></span> <span class='ocrx_word' id='word_1_792' title='bbox 1562 5691 1757 5745; x_wconf 89' lang='lat' dir='ltr'><strong>autem</strong></span> <span class='ocrx_word' id='word_1_793' title='bbox 1802 5706 1901 5747; x_wconf 90' lang='lat' dir='ltr'><strong>eos</strong></span> <span class='ocrx_word' id='word_1_794' title='bbox 1952 5691 2035 5747; x_wconf 88' lang='lat' dir='ltr'><strong>ita</strong></span> 
     </span>
    </p>
   </div>
   <div class='ocr_carea' id='block_1_108' title="bbox 2150 4701 3864 4773">
    <p class='ocr_par' dir='ltr' id='par_1_108' title="bbox 2150 4701 3864 4773">
     <span class='ocr_line' id='line_1_108' title="bbox 2150 4701 3864 4773; baseline 0.001 -17"><span class='ocrx_word' id='word_1_795' title='bbox 2150 4708 2311 4773; x_wconf 87' lang='lat' dir='ltr'><strong>gesta</strong></span> <span class='ocrx_word' id='word_1_796' title='bbox 2344 4701 2574 4757; x_wconf 89' lang='lat' dir='ltr'><strong>fuerant</strong></span> <span class='ocrx_word' id='word_1_797' title='bbox 2616 4718 2648 4756; x_wconf 90' lang='lat' dir='ltr'><strong>a</strong></span> <span class='ocrx_word' id='word_1_798' title='bbox 2690 4701 2983 4770; x_wconf 91' lang='lat' dir='ltr'><strong>Patribus,</strong></span> <span class='ocrx_word' id='word_1_799' title='bbox 3011 4718 3163 4758; x_wconf 88' lang='lat' dir='ltr'><strong>unus</strong></span> <span class='ocrx_word' id='word_1_800' title='bbox 3214 4718 3281 4758; x_wconf 89' lang='lat' dir='ltr'><strong>ex</strong></span> <span class='ocrx_word' id='word_1_801' title='bbox 3331 4703 3609 4758; x_wconf 86' lang='lat' dir='ltr'><strong>fratribus</strong></span> <span class='ocrx_word' id='word_1_802' title='bbox 3648 4703 3864 4758; x_wconf 81' lang='lat' dir='ltr'><strong>nostris</strong></span> 
     </span>
    </p>
   </div>
   <div class='ocr_carea' id='block_1_109' title="bbox 2151 4790 3862 4865">
    <p class='ocr_par' dir='ltr' id='par_1_109' title="bbox 2151 4790 3862 4865">
     <span class='ocr_line' id='line_1_109' title="bbox 2151 4790 3862 4865; baseline 0.002 -21"><span class='ocrx_word' id='word_1_803' title='bbox 2151 4790 2492 4857; x_wconf 89' lang='lat' dir='ltr'><strong>dormitans,</strong></span> <span class='ocrx_word' id='word_1_804' title='bbox 2525 4795 2590 4847; x_wconf 90' lang='lat' dir='ltr'><strong>ut</strong></span> <span class='ocrx_word' id='word_1_805' title='bbox 2619 4790 2720 4861; x_wconf 89' lang='lat' dir='ltr'><strong>qui</strong></span> <span class='ocrx_word' id='word_1_806' title='bbox 2768 4791 2839 4847; x_wconf 92' lang='lat' dir='ltr'><strong>iis</strong></span> <span class='ocrx_word' id='word_1_807' title='bbox 2871 4808 2994 4863; x_wconf 72' lang='lat' dir='ltr'><strong>quae</strong></span> <span class='ocrx_word' id='word_1_808' title='bbox 3051 4791 3395 4848; x_wconf 89' lang='lat' dir='ltr'><strong>dicebantur</strong></span> <span class='ocrx_word' id='word_1_809' title='bbox 3420 4792 3597 4848; x_wconf 86' lang='lat' dir='ltr'><strong>ﬁdem</strong></span> <span class='ocrx_word' id='word_1_810' title='bbox 3637 4808 3862 4865; x_wconf 88' lang='lat' dir='ltr'><strong>nequa-</strong></span> 
     </span>
    </p>
   </div>
   <div class='ocr_carea' id='block_1_110' title="bbox 2150 4881 3863 4954">
    <p class='ocr_par' dir='ltr' id='par_1_110' title="bbox 2150 4881 3863 4954">
     <span class='ocr_line' id='line_1_110' title="bbox 2150 4881 3863 4954; baseline 0.001 -18"><span class='ocrx_word' id='word_1_811' title='bbox 2150 4898 2325 4952; x_wconf 89' lang='lat' dir='ltr'><strong>quam</strong></span> <span class='ocrx_word' id='word_1_812' title='bbox 2359 4881 2615 4952; x_wconf 91' lang='lat' dir='ltr'><strong>haberet,</strong></span> <span class='ocrx_word' id='word_1_813' title='bbox 2638 4882 2793 4938; x_wconf 91' lang='lat' dir='ltr'><strong>videt</strong></span> <span class='ocrx_word' id='word_1_814' title='bbox 2823 4883 2880 4938; x_wconf 89' lang='lat' dir='ltr'><strong>in</strong></span> <span class='ocrx_word' id='word_1_815' title='bbox 2913 4884 3041 4954; x_wconf 86' lang='lat' dir='ltr'><strong>ejus</strong></span> <span class='ocrx_word' id='word_1_816' title='bbox 3108 4884 3383 4939; x_wconf 90' lang='lat' dir='ltr'><strong>manibus</strong></span> <span class='ocrx_word' id='word_1_817' title='bbox 3423 4883 3638 4938; x_wconf 89' lang='lat' dir='ltr'><strong>librum</strong></span> <span class='ocrx_word' id='word_1_818' title='bbox 3672 4884 3863 4939; x_wconf 82' lang='lat' dir='ltr'><strong>admi-</strong></span> 
     </span>
    </p>
   </div>
   <div class='ocr_carea' id='block_1_111' title="bbox 2150 4970 3862 5043">
    <p class='ocr_par' dir='ltr' id='par_1_111' title="bbox 2150 4970 3862 5043">
     <span class='ocr_line' id='line_1_111' title="bbox 2150 4970 3862 5043; baseline 0.001 -17"><span class='ocrx_word' id='word_1_819' title='bbox 2150 4970 2411 5031; x_wconf 86' lang='lat' dir='ltr'><strong>rabilem,</strong></span> <span class='ocrx_word' id='word_1_820' title='bbox 2444 4971 2730 5042; x_wconf 88' lang='lat' dir='ltr'><strong>scriptum</strong></span> <span class='ocrx_word' id='word_1_821' title='bbox 2780 4971 2988 5027; x_wconf 89' lang='lat' dir='ltr'><strong>litteris</strong></span> <span class='ocrx_word' id='word_1_822' title='bbox 3046 4974 3263 5043; x_wconf 90' lang='lat' dir='ltr'><strong>aureis,</strong></span> <span class='ocrx_word' id='word_1_823' title='bbox 3295 4977 3351 5029; x_wconf 90' lang='lat' dir='ltr'><strong>et</strong></span> <span class='ocrx_word' id='word_1_824' title='bbox 3407 4989 3621 5029; x_wconf 87' lang='lat' dir='ltr'><strong>cauum</strong></span> <span class='ocrx_word' id='word_1_825' title='bbox 3668 4976 3862 5028; x_wconf 82' lang='lat' dir='ltr'><strong>virum</strong></span> 
     </span>
    </p>
   </div>
   <div class='ocr_carea' id='block_1_112' title="bbox 2150 5060 3863 5119">
    <p class='ocr_par' dir='ltr' id='par_1_112' title="bbox 2150 5060 3863 5119">
     <span class='ocr_line' id='line_1_112' title="bbox 2150 5060 3863 5119; baseline 0.003 -5"><span class='ocrx_word' id='word_1_826' title='bbox 2150 5063 2437 5115; x_wconf 84' lang='lat' dir='ltr'><strong>astantem</strong></span> <span class='ocrx_word' id='word_1_827' title='bbox 2479 5067 2533 5115; x_wconf 91' lang='lat' dir='ltr'><strong>et</strong></span> <span class='ocrx_word' id='word_1_828' title='bbox 2591 5060 2889 5117; x_wconf 89' lang='lat' dir='ltr'><strong>minaciter</strong></span> <span class='ocrx_word' id='word_1_829' title='bbox 2943 5061 2995 5117; x_wconf 92' lang='lat' dir='ltr'><strong>ei</strong></span> <span class='ocrx_word' id='word_1_830' title='bbox 3039 5062 3327 5117; x_wconf 90' lang='lat' dir='ltr'><strong>dicentem</strong></span> <span class='ocrx_word' id='word_1_831' title='bbox 3361 5079 3376 5119; x_wconf 89' lang='lat'><strong>:</strong></span> <span class='ocrx_word' id='word_1_832' title='bbox 3412 5061 3533 5119; x_wconf 85' lang='lat' dir='ltr'><strong>Non</strong></span> <span class='ocrx_word' id='word_1_833' title='bbox 3570 5062 3743 5118; x_wconf 85' lang='lat' dir='ltr'><strong>audis</strong></span> <span class='ocrx_word' id='word_1_834' title='bbox 3776 5068 3863 5119; x_wconf 88' lang='lat' dir='ltr'><strong>at-</strong></span> 
     </span>
    </p>
   </div>
   <div class='ocr_carea' id='block_1_113' title="bbox 2149 5149 3865 5220">
    <p class='ocr_par' dir='ltr' id='par_1_113' title="bbox 2149 5149 3865 5220">
     <span class='ocr_line' id='line_1_113' title="bbox 2149 5149 3865 5220; baseline 0.002 -15"><span class='ocrx_word' id='word_1_835' title='bbox 2149 5154 2306 5205; x_wconf 87' lang='lat' dir='ltr'><strong>tente</strong></span> <span class='ocrx_word' id='word_1_836' title='bbox 2335 5149 2627 5218; x_wconf 89' lang='lat' dir='ltr'><strong>lecturam,</strong></span> <span class='ocrx_word' id='word_1_837' title='bbox 2652 5152 2751 5206; x_wconf 89' lang='lat' dir='ltr'><strong>sed</strong></span> <span class='ocrx_word' id='word_1_838' title='bbox 2784 5152 3067 5207; x_wconf 84' lang='lat' dir='ltr'><strong>dormites</strong></span> <span class='ocrx_word' id='word_1_839' title='bbox 3091 5152 3119 5206; x_wconf 71' lang='lat'>‘2</span> <span class='ocrx_word' id='word_1_840' title='bbox 3143 5153 3197 5207; x_wconf 89' lang='lat' dir='ltr'><strong>Is</strong></span> <span class='ocrx_word' id='word_1_841' title='bbox 3229 5158 3424 5209; x_wconf 79' lang='lat' dir='ltr'><strong>autem</strong></span> <span class='ocrx_word' id='word_1_842' title='bbox 3450 5154 3865 5220; x_wconf 83' lang='lat' dir='ltr'><strong>conturbatus,</strong></span> 
     </span>
    </p>
   </div>
   <div class='ocr_carea' id='block_1_114' title="bbox 2148 5239 3863 5313">
    <p class='ocr_par' dir='ltr' id='par_1_114' title="bbox 2148 5239 3863 5313">
     <span class='ocr_line' id='line_1_114' title="bbox 2148 5239 3863 5313; baseline 0.001 -19"><span class='ocrx_word' id='word_1_843' title='bbox 2148 5239 2317 5295; x_wconf 92' lang='lat' dir='ltr'><strong>nobis</strong></span> <span class='ocrx_word' id='word_1_844' title='bbox 2347 5256 2479 5295; x_wconf 88' lang='lat' dir='ltr'><strong>eum</strong></span> <span class='ocrx_word' id='word_1_845' title='bbox 2513 5240 2907 5309; x_wconf 88' lang='lat' dir='ltr'><strong>audientibus,</strong></span> <span class='ocrx_word' id='word_1_846' title='bbox 2932 5241 3129 5297; x_wconf 89' lang='lat' dir='ltr'><strong>statim</strong></span> <span class='ocrx_word' id='word_1_847' title='bbox 3186 5243 3341 5313; x_wconf 87' lang='lat' dir='ltr'><strong>quod</strong></span> <span class='ocrx_word' id='word_1_848' title='bbox 3397 5241 3663 5297; x_wconf 89' lang='lat' dir='ltr'><strong>audierat</strong></span> <span class='ocrx_word' id='word_1_849' title='bbox 3695 5249 3751 5298; x_wconf 90' lang='lat' dir='ltr'><strong>et</strong></span> <span class='ocrx_word' id='word_1_850' title='bbox 3783 5242 3863 5297; x_wconf 83' lang='lat' dir='ltr'><strong>vi-</strong></span> 
     </span>
    </p>
   </div>
   <div class='ocr_carea' id='block_1_115' title="bbox 2148 5329 3863 5401">
    <p class='ocr_par' dir='ltr' id='par_1_115' title="bbox 2148 5329 3863 5401">
     <span class='ocr_line' id='line_1_115' title="bbox 2148 5329 3863 5401; baseline 0.003 -18"><span class='ocrx_word' id='word_1_851' title='bbox 2148 5331 2309 5384; x_wconf 83' lang='lat' dir='ltr'><strong>derat</strong></span> <span class='ocrx_word' id='word_1_852' title='bbox 2330 5329 2582 5385; x_wconf 82' lang='lat' dir='ltr'><strong>Romane</strong></span> <span class='ocrx_word' id='word_1_853' title='bbox 2614 5330 2896 5401; x_wconf 83' lang='lat' dir='ltr'><strong>exposuit.</strong></span> <span class='ocrx_word' id='word_1_854' title='bbox 2960 5330 3033 5387; x_wconf 82' lang='lat' dir='ltr'><strong>Eo</strong></span> <span class='ocrx_word' id='word_1_855' title='bbox 3067 5336 3261 5388; x_wconf 89' lang='lat' dir='ltr'><strong>autem</strong></span> <span class='ocrx_word' id='word_1_856' title='bbox 3314 5332 3429 5387; x_wconf 59' lang='lat' dir='ltr'><strong>haec</strong></span> <span class='ocrx_word' id='word_1_857' title='bbox 3464 5332 3634 5388; x_wconf 89' lang='lat' dir='ltr'><strong>nobis</strong></span> <span class='ocrx_word' id='word_1_858' title='bbox 3666 5334 3863 5388; x_wconf 81' lang='lat' dir='ltr'><strong>adhuc</strong></span> 
     </span>
    </p>
   </div>
   <div class='ocr_carea' id='block_1_116' title="bbox 2147 5421 3858 5493">
    <p class='ocr_par' dir='ltr' id='par_1_116' title="bbox 2147 5421 3858 5493">
     <span class='ocr_line' id='line_1_116' title="bbox 2147 5421 3858 5493; baseline 0.004 -18"><span class='ocrx_word' id='word_1_859' title='bbox 2147 5421 2389 5490; x_wconf 88' lang='lat' dir='ltr'><strong>dicente,</strong></span> <span class='ocrx_word' id='word_1_860' title='bbox 2449 5421 2603 5477; x_wconf 87' lang='lat' dir='ltr'><strong>venit</strong></span> <span class='ocrx_word' id='word_1_861' title='bbox 2660 5423 2895 5493; x_wconf 89' lang='lat' dir='ltr'><strong>quidam</strong></span> <span class='ocrx_word' id='word_1_862' title='bbox 2965 5424 3223 5480; x_wconf 90' lang='lat' dir='ltr'><strong>rusticus</strong></span> <span class='ocrx_word' id='word_1_863' title='bbox 3284 5424 3504 5480; x_wconf 89' lang='lat' dir='ltr'><strong>habens</strong></span> <span class='ocrx_word' id='word_1_864' title='bbox 3559 5424 3858 5482; x_wconf 86' lang='lat' dir='ltr'><strong>calathum</strong></span> 
     </span>
    </p>
   </div>
   <div class='ocr_carea' id='block_1_117' title="bbox 2145 5511 3855 5586">
    <p class='ocr_par' dir='ltr' id='par_1_117' title="bbox 2145 5511 3855 5586">
     <span class='ocr_line' id='line_1_117' title="bbox 2145 5511 3855 5586; baseline 0.004 -22"><span class='ocrx_word' id='word_1_865' title='bbox 2145 5527 2348 5581; x_wconf 83' lang='lat' dir='ltr'><strong>arenae,</strong></span> <span class='ocrx_word' id='word_1_866' title='bbox 2370 5511 2465 5582; x_wconf 91' lang='lat' dir='ltr'><strong>qui</strong></span> <span class='ocrx_word' id='word_1_867' title='bbox 2497 5513 2869 5584; x_wconf 89' lang='lat' dir='ltr'><strong>exspectabat</strong></span> <span class='ocrx_word' id='word_1_868' title='bbox 2886 5514 3068 5571; x_wconf 90' lang='lat' dir='ltr'><strong>donec</strong></span> <span class='ocrx_word' id='word_1_869' title='bbox 3099 5514 3401 5586; x_wconf 88' lang='lat' dir='ltr'><strong>implesset</strong></span> <span class='ocrx_word' id='word_1_870' title='bbox 3422 5515 3855 5573; x_wconf 87' lang='lat' dir='ltr'><strong>narrationem:</strong></span> 
     </span>
    </p>
   </div>
   <div class='ocr_carea' id='block_1_118' title="bbox 2145 5601 3855 5677">
    <p class='ocr_par' dir='ltr' id='par_1_118' title="bbox 2145 5601 3855 5677">
     <span class='ocr_line' id='line_1_118' title="bbox 2145 5601 3855 5677; baseline 0.004 -23"><span class='ocrx_word' id='word_1_871' title='bbox 2145 5601 2474 5672; x_wconf 86' lang='lat' dir='ltr'><strong>rogavimus</strong></span> <span class='ocrx_word' id='word_1_872' title='bbox 2524 5607 2715 5659; x_wconf 89' lang='lat' dir='ltr'><strong>autem</strong></span> <span class='ocrx_word' id='word_1_873' title='bbox 2757 5620 2863 5661; x_wconf 87' lang='lat' dir='ltr'><strong>nos</strong></span> <span class='ocrx_word' id='word_1_874' title='bbox 2913 5606 3354 5677; x_wconf 78' lang='lat' dir='ltr'><strong>presbyterum:</strong></span> <span class='ocrx_word' id='word_1_875' title='bbox 3388 5606 3534 5673; x_wconf 86' lang='lat' dir='ltr'><strong>Quid</strong></span> <span class='ocrx_word' id='word_1_876' title='bbox 3582 5605 3701 5662; x_wconf 89' lang='lat' dir='ltr'><strong>sibi</strong></span> <span class='ocrx_word' id='word_1_877' title='bbox 3733 5607 3855 5663; x_wconf 82' lang='lat' dir='ltr'><strong>vult</strong></span> 
     </span>
    </p>
   </div>
   <div class='ocr_carea' id='block_1_119' title="bbox 2144 5690 3854 5766">
    <p class='ocr_par' dir='ltr' id='par_1_119' title="bbox 2144 5690 3854 5766">
     <span class='ocr_line' id='line_1_119' title="bbox 2144 5690 3854 5766; baseline 0.006 -22"><span class='ocrx_word' id='word_1_878' title='bbox 2144 5690 2398 5748; x_wconf 88' lang='lat' dir='ltr'><strong>rusticus</strong></span> <span class='ocrx_word' id='word_1_879' title='bbox 2427 5707 2562 5749; x_wconf 88' lang='lat' dir='ltr'><strong>cum</strong></span> <span class='ocrx_word' id='word_1_880' title='bbox 2593 5709 2769 5750; x_wconf 88' lang='lat' dir='ltr'><strong>arena</strong></span> <span class='ocrx_word' id='word_1_881' title='bbox 2793 5694 2821 5749; x_wconf 84' lang='lat'><strong>?</strong></span> <span class='ocrx_word' id='word_1_882' title='bbox 2851 5694 3021 5751; x_wconf 90' lang='lat' dir='ltr'><strong>nobis</strong></span> <span class='ocrx_word' id='word_1_883' title='bbox 3055 5695 3357 5766; x_wconf 89' lang='lat' dir='ltr'><strong>respondit</strong></span> <span class='ocrx_word' id='word_1_884' title='bbox 3381 5695 3567 5762; x_wconf 87' lang='lat' dir='ltr'><strong>Pater,</strong></span> <span class='ocrx_word' id='word_1_885' title='bbox 3603 5697 3810 5754; x_wconf 86' lang='lat' dir='ltr'><strong>dicens</strong></span> <span class='ocrx_word' id='word_1_886' title='bbox 3838 5713 3854 5754; x_wconf 92' lang='lat'><strong>:</strong></span> 
     </span>
    </p>
   </div>
  </div>
