4078 6212
332 334 491 398 11153

1627 340 2003 404 HISTORIA
2042 339 2457 405 LAUSIACA.

3578 359 3740 422 1156

342 458 559 534 μᾶλλον
592 457 807 534 θαῤῥεῖν
841 461 929 515 καί
964 459 1351 535 ἐπέσχεσθαιτῷ
1372 462 1514 538 ἴχνει
1544 468 1648 519 τοῦ.
1672 462 1984 541 δράκοντος.
2014 468 2070 537 Α
2099 465 2297 530 αὐτοὺς
2327 466 2585 547 ὠφελεῖν,
2628 467 3001 547 λυπουμένους
3039 475 3166 540 τοὺς
3207 476 3404 556 ἄνδρας
3452 481 3736 545 ἀπέλυσεν.

339 550 570 624 Ὂψεσθε
599 550 725 624 γάρ,
754 548 915 630 φησί.
947 552 1046 620 τὴν
1095 550 1275 606 πίστιν
1322 553 1496 623 ἡηῶν,
1534 549 1850 626 μελλόντων
1883 556 1986 611 αύ-

344 643 451 695 τῶν
484 641 822 714 χειροῦσθαι.
873 639 1125 701 Πολλοὺς
1166 642 1292 716 γὰρ,
1324 643 1481 719 φησί,
1528 642 1619 697 καί
1668 641 1983 719 δράκοντας,

340 728 432 784 καί
483 725 737 798 ἂσπίδας,
796 727 888 784 καί
945 729 1203 805 κεραστᾶς
1261 729 1320 786 ἐκ
1366 732 1553 810 χειρὸς
1609 731 1982 809 ἀνῃρήκειμεν.

336 819 437 874 Καὶ
477 818 542 874 τὸ
568 816 944 895 γεγραμμένον
995 818 1079 874 ἐπ’
1117 817 1302 882 αὑτοῖς
1351 819 1661 895 ἐπληροῦτο
1693 839 1708 853 ’
1767 820 1985 878 Δέδωκα

340 909 472 981 ὑμῖν
518 906 762 980 ἐξουσίαν
807 912 905 963 τοῦ
953 913 1139 965 πατεῖν
1197 908 1376 966 ἐπάνω
1424 907 1618 988 ὄφεων,
1671 916 1761 966 καί
1814 932 1982 988 σκορ-

340 994 503 1069 πίων,
534 996 625 1053 καί
655 995 745 1052 ἐπὶ
776 1003 947 1054 πᾶσυν
977 999 1077 1068 τήν
1107 995 1336 1071 δύναμιν
1364 1000 1461 1055 τοῦ
1511 1000 1733 1075 ἐχθροῦ.
1783 1003 1982 1075 Ἦμεῖς

342 1086 437 1144 οῦν
495 1086 718 1159 ἀπιστίᾳ
775 1089 1086 1164 φερόμενοι,
1145 1089 1236 1144 καὶ
1294 1088 1382 1144 ἐπὶ
1461 1088 1674 1162 μᾶλλον
1746 1086 1981 1171 ἔμφοϐοι

343 1176 652 1254 γένόμενοι,
689 1178 765 1250 μὴ
812 1176 1134 1254 κατ’,ἴχνος
1180 1182 1277 1235 τοῦ
1321 1176 1637 1253 δράκοντος,
1685 1179 1830 1236 ἀλλᾶ
1880 1183 1980 1251 τήν

341 1267 551 1324 εὐθεῖαν
602 1264 838 1343 βαδίζειν
880 1266 1141 1341 ἠξιοῦμεν
1185 1268 1406 1331 αὐτούς.
1458 1271 1555 1330 Εἷς
1608 1266 1664 1324 δὲ
1715 1269 1767 1340 ἐξ
1807 1269 1980 1325 αὐτῶν

340 1355 598 1436 ἀδελφὸς,
628 1356 737 1411 ἀπὸ
766 1354 988 1426 πολλῆς
1007 1357 1313 1432 προθυμίας
1341 1357 1663 1414 καταλιπὼν
1706 1362 1854 1434 ἡμᾶς
1894 1360 1982 1415 ἐπὶ

339 1451 437 1503 τοῦ
472 1446 668 1517 τόπου,
721 1444 812 1501 ἐπὶ
855 1447 955 1515 τὴν
1005 1440 1211 1520 ἔρημον
1265 1447 1518 1523 ὥρμησεν
1565 1447 1864 1527 ἀνιχνεύων
1918 1451 1983 1505 τὸ

341 1538 554 1614 θηρίον,
596 1537 686 1592 καί
717 1535 887 1609 εὑρὼν
921 1536 1023 1593 οῦκ
1062 1537 1138 1600 εἰς
1184 1538 1390 1612 μακρὰν
1416 1538 1511 1595 τὸν
1559 1538 1794 1617 φωλεὸν,
1826 1542 1981 1617 φωνῇ

343 1622 475 1684 ἐϐόα
499 1628 679 1701 ιὴμῖν,
711 1624 764 1680 ἐν
808 1629 888 1699 τῷ
938 1623 1197 1700 σπηλαίῳ
1247 1627 1383 1683 εἶναι
1429 1627 1519 1683 τὸν
1575 1625 1861 1703 δράκοντα,
1891 1626 1983 1684 καὶ

345 1717 528 1776 ἐκάλει
565 1719 701 1794 πρὸς
729 1718 893 1773 αὑτὸν
944 1716 1170 1792 ὄψεσθαι
1216 1717 1280 1775 τό
1328 1715 1717 1793 ἐκϐησόμενον,
1750 1740 1985 1796 προτρε-

2095 557 2306 610 ’Έωθεν
2333 552 2389 610 δὲ
2439 555 2668 647 ἀναστάς
2715 559 2802 614 ἐπὶ
2850 562 2948 630 τήν
3000 560 3123 619 ὁδὸν
3172 570 3269 621 τοῦ
3309 552 3509 644 θηρίου
3560 571 3735 647 ἀπήρ-

2097 662 2249 734 χετο.
2291 647 2382 734 ᾩς
2451 641 2507 700 δέ
2559 642 2739 703 ἔκλινε
2793 652 2863 706 τά
2917 650 3114 729 γόνατα
3152 654 3229 717 εἰς
3286 641 3603 734 προσευχὴν
3647 641 3735 716 ἐπὶ

2092 730 2536 822 τρίτον,ῃῆρχετο
2566 737 2703 809 πρὸς
2742 736 2901 794 αὐτὸν
2952 741 3013 797 τὸ
3064 744 3284 819 θηρίον,
3317 730 3614 821 ῥοιζήματι
3649 770 3738 822 με·

2091 819 2249 897 γάλῳ
2281 821 2463 895 ἆσθμα
2503 820 2671 880 δεινὸν
2720 828 3068 903 προπέμπον,
3100 835 3187 889 καί
3250 839 3473 911 φυσοῦν,
3504 838 3594 892 καί
3643 859 3735 892 συ-

2095 908 2263 985 ρίζον,
2327 911 2417 965 καὶ
2456 914 2625 983 πνοὴν
2680 916 2920 988 πονηρὰν
2978 908 3331 996 ἀποπέμπον.
3366 928 3423 979 '0
3472 923 3529 981 δὲ
3577 923 3733 983 οὐδὲν

2093 993 2373 1074 φοϐηθεὶς,
2415 998 2764 1081 ἐπιστραφεὶς
2789 1004 2879 1060 τὸν
2932 993 3219 1082 δράκοντα,
3266 1013 3431 1085 εἶπεν,
3466 1016 3735 1090 Χειρώσε-

2092 1086 2178 1178 ταί
2210 1108 2267 1143 σε
2297 1089 2324 1144 6
2354 1092 2593 1178 Χριστὸς
2624 1093 2650 1146 6
2688 1092 2812 1155 Γιὸς
2837 1098 2935 1150 τοῦ
2966 1101 3098 1152 Θεοῦ
3122 1103 3221 1154 τοῦ
3264 1106 3485 1175 ζῶντος,
3519 1086 3733 1178 ὁνμέλ-

2093 1174 2204 1232 λῶν
2253 1178 2316 1233 τὸ
2372 1176 2512 1255 μέγα
2561 1186 2730 1250 κῆτος
2789 1178 3276 1260 διαχειρώσασθαι.
3310 1190 3408 1245 Καὶ
3472 1174 3633 1248 τοῦτό
3689 1194 3734 1248 εἰ

2092 1264 2289 1327 πόντος
2327 1267 2486 1330 εὐθὺς
2537 1269 2565 1322 6
2617 1264 2828 1343 δράκων
2886 1268 3115 1348 ἔῤῥάγη,
3146 1274 3318 1330 πάντα
3363 1278 3455 1331 τὸν
3490 1278 3568 1333 ἰὸν
3604 1272 3747 1351 μετᾶ

2090 1356 2188 1406 τοῦ
2214 1351 2443 1427 α’ίματος
2476 1355 2565 1411 διὰ
2594 1361 2691 1412 τοῦ
2733 1360 3004 1431 στόματος
3044 1362 3321 1437 ἶεξεμέσας.
3350 1365 3631 1429 Ἐλθόντες
3682 1363 3739 1421 δὲ

2094 1443 2146 1496 οἱ
2175 1439 2423 1517 ἄγροικοι
2473 1448 2593 1517 μεθ’
2638 1446 2874 1522 ἡμέρας,
2903 1449 2993 1504 καὶ
3040 1450 3101 1505 τὸ
3154 1451 3294 1527 μέγα
3342 1454 3527 1526 θαῦμα
3565 1453 3738 1510 ἐκεῖνο

2093 1532 2470 1605 θεασσάμενοι,
2499 1533 2591 1588 καὶ
2620 1535 2689 1604 τὴ
2738 1538 2912 1607 πνοὴν
2967 1539 3044 1611 μή
3094 1537 3368 1615 φέροντες,
3401 1539 3587 1617 ἅμμον
3633 1564 3739 1600 πο·

2093 1617 2306 1675 λὺνέπί
2346 1621 2410 1676 τὸ
2467 1626 2607 1692 ζῶον
2653 1619 2976 1700 ἐσώρευσαν,
3002 1633 3351 1702 παρεστῶτος
3401 1630 3589 1695 αὐτοῖς
3631 1630 3743 1687 ἐκεῖ

2090 1713 2188 1764 τοῦ
2222 1708 2483 1786 Πατέρος.
2527 1711 2598 1767 Ού
2629 1712 2733 1789 γὰρ
2785 1711 3037 1789 ἐτόλμων
3089 1716 3371 1791 προσιέναι
3428 1720 3608 1774 καίτοι
3655 1742 3738 1776 νε-

339 1810 593 1883 πομένων
625 1810 771 1881 ἡμᾶς
810 1807 998 1865 ἄλλων
1039 1809 1131 1865 καί
1170 1810 1246 1882 μὴ
1297 1805 1546 1868 δεδιέναι,
1581 1810 1670 1874 Ὠς
1720 1807 1778 1865 δὲ
1821 1812 1985 1884 ἡμεῖς
2017 1840 2065 1907 Β
2094 1803 2228 1873 κροῦ
2260 1799 2410 1864 ὄντος
2450 1803 2546 1858 τὸῦ
2590 1798 3091 1878 δράκοντος.,Παῖς,
3143 1808 3330 1880 φησὶν,
3362 1806 3564 1865 ἄλλοτε
3611 1831 3743 1865 ποι-

345 1898 480 1971 μετά
527 1894 746 1953 πολλοῦ
793 1891 967 1974 φόϐου
1016 1895 1284 1971 ἀπήέιμεν
1332 1897 1594 1972 ὀψόμενοι
1643 1898 1707 1953 τὸ
1768 1898 1984 1973 θηρίον,

343 1987 667 2056 συνήντησεν
696 1984 834 2058 ἡμῖν
886 1983 1134 2061 ἐξαίφνης
1174 1985 1251 2048 εἷς
1294 1982 1531 2064 ἀδελφὸς
1560 1983 1621 2041 ἐκ
1651 1986 1843 2064 χειρὸς
1897 1984 1989 2041 αύ-

340 2080 442 2133 τοῦ
492 2071 670 2131 ἕλκων
710 2074 786 2136 εἰς
838 2074 900 2129 τὸ
956 2076 1152 2131 ἑαυτοῦ
1199 2076 1587 2149 μοναστήριον,
1637 2077 1855 2153 φάσκων
1909 2076 1986 2149 μὴ

344 2163 605 2228 δυνατούς
654 2167 803 2236 ἡμᾶς
846 2164 984 2220 εἶναι
1046 2165 1350 2239 ὑπενεγκεῖν
1399 2165 1501 2234 τήν
1544 2164 1723 2239 ὁρμὴν
1752 2168 1850 2219 τοῦ
1889 2165 1990 2235 θη-

344 2256 484 2331 ρίου,
517 2256 607 2311 καί
643 2255 880 2329 μάλιστα
911 2252 996 2310 ὅτι
1049 2252 1309 2311 οὐδέποτε
1336 2255 1478 2328 ἦμεν
1526 2254 1773 2311 τοιοῦτόν
1804 2276 1856 2310 τι
1889 2256 1991 2311 ἐω-

339 2344 569 2420 ρακότες
601 2363 615 2377 “
688 2343 964 2406 πολλάκις
1011 2343 1113 2419 γὰρ
1160 2342 1322 2399 αὐτὸν
1371 2341 1553 2419 ἔλεγεν
1605 2344 1899 2420 ἑωρακέναι
1928 2344 1991 2400 τὸ

347 2438 508 2503 ζῶον,
565 2430 924 2508 ὑπερμέγεθες
979 2432 1225 2507 ὑπάρχον
1275 2431 1363 2488 καὶ
1408 2429 1833 2507 ὑπερδεκαπέντε
1878 2435 1990 2504 πή-

349 2542 471 2598 χεις
509 2519 662 2596 ἔχον.
710 2520 903 2576 Μένειν
946 2518 1040 2587 οὖν
1085 2522 1232 2595 ἡμᾶς
1278 2519 1535 2584 κελεύσας
1586 2522 1745 2595 ἀπῄει
1781 2521 1868 2577 ἐπὶ
1897 2524 1994 2576 τοῦ

344 2611 521 2665 τόπου
553 2609 688 2683 πρὸς
727 2609 819 2664 τὸν
863 2606 1118 2686 ἀδελφὸν,
1149 2608 1346 2665 πείθων
1405 2617 1732 2682 μεταστῆναι
1760 2614 1857 2665 τοῦ
1887 2630 1996 2689 φω-

352 2700 506 2756 λεοῦ.
558 2700 840 2774 Ἐπειρᾶτο
892 2698 995 2774 γὰρ
1043 2696 1246 2761 ἐκεῖνος
1294 2699 1370 2772 μή
1414 2706 1737 2772 μεταστῆναι
1783 2702 1880 2755 τοῦ
1908 2698 1998 2755 τό·

351 2809 461 2845 που
512 2786 639 2860 πρὶν
697 2784 905 2842 ἀνελεῖν
962 2786 1055 2841 τὸν
1118 2784 1403 2862 δράκοντα.
1486 2789 1579 2845 Καὶ
1659 2785 1726 2859 δὴ
1807 2787 1995 2851 πείσας

352 2876 512 2932 αὐτὸν
558 2873 673 2952 ἄγει
722 2876 858 2949 πρὸς
890 2876 1062 2948 ἡμᾶς,
1090 2877 1190 2946 τήν
1243 2876 1620 2953 ὀλιγοπιστίαν
1669 2879 1818 2948 ἡυῶν
1857 2899 2001 2951 μεμ..

352 2966 606 3042 ψάμενον.
652 2962 1111 3037 Ἀναπαυσάμενοι
1144 2961 1201 3019 δὶ
1246 2966 1371 3036 παρ’
1419 2963 1607 3038 ἐκείνῳ
1652 2970 1732 3038 τῷ
1778 2964 1998 3040 ἀδελφῷ

350 3058 422 3119 ὡς
465 3056 571 3111 ἀπὸ
623 3055 744 3117 ἐνὸς
800 3052 994 3127 μιλίου
1038 3054 1102 3109 τὸ
1155 3056 1517 3129 μοναστήριον
1565 3049 1751 3129 ἔχοντι
1795 3056 1996 3116 ἱκανῶς

356 3144 784 3218 ἀνεκτησάμεθα.
992 3182 997 3187 -

962 3235 1391 3291 ΚΕΦΑΛ.ΝΓ.

793 3324 927 3399 Περί
958 3326 1056 3379 τοῦ
1088 3317 1231 3377 ἀϐϐἆ
1275 3324 1547 3397 Ἀμμοῦν.

429 3419 683 3490 Διηγεῖτο
731 3409 789 3468 δὲ
826 3415 965 3486 ἡμῖν
1015 3411 1217 3475 ἐκεῖνος
1274 3413 1591 3488 γεγενῆσθαι
1633 3413 1749 3467 κατ’
1797 3409 1997 3468 ἐκεῖνον

355 3507 450 3564 τὸν
501 3506 691 3576 τόπον,
721 3501 946 3579 ἔνθαπερ
988 3505 1150 3569 αὐτὸς
1210 3503 1511 3576 ἐκαθέζετο,
1542 3502 1705 3580 ἄνδρα
1757 3505 1911 3582 ἅγιον
1951 3505 1998 3577 ᾧ

353 3596 517 3659 αὐτὸς
604 3594 971 3669 ἐμαθητεύθη,
1059 3595 1310 3670 Ἀμμοῦν
1401 3592 1650 3668 ὀνόματι,
1738 3592 1998 3655 πλείστας

357 3682 616 3759 δυνάμεις
675 3683 735 3740 ἐκ
790 3682 978 3757 ἐκείνῳ
1033 3688 1113 3757 τῷ
1167 3681 1323 3757 τόπῳ
1375 3686 1700 3755 ποιήσαντα.
1756 3684 1898 3758 Πρὸς
1939 3684 1998 3738 δν

351 3773 629 3836 πολλάκις
660 3773 912 3837 ἐλθόντες
943 3774 997 3829 οἰ
1026 3772 1346 3830 λωποδύται
1381 3774 1508 3837 τοὺς
1546 3775 1742 3849 ἄρτους
1772 3773 1860 3828 καί
1903 3772 1997 3835 τὰς

355 3863 556 3941 τροσᾶς
585 3861 750 3920 αὐτοῦ
780 3858 1106 3937 ἐλάμϐανον.
1140 3862 1403 3933 Ἐξελθὼν
1437 3860 1495 3917 δὲ
1545 3866 1673 3935 μιᾶς
1707 3865 1815 3917 τῶν
1865 3863 2001 3934 ἡμε-

355 3960 463 4031 ρῶν
511 3950 606 4008 δύο
657 3949 955 4028 δράκοντας
999 3951 1277 4027 μεγάλους
1325 3950 1385 4006 ἐκ
1437 3958 1537 4021 τῆς
1594 3949 1806 4026 ἐρήμου
1862 3950 1998 4025 πρὸς

352 4043 515 4099 αὑτὸν
575 4040 939 4118 συνηγάγετο,
986 4040 1243 4103 κελεύσας
1303 4039 1489 4104 αὐτοῖς
1534 4038 1859 4113 παραμένειν
1908 4039 1996 4093 καὶ

357 4131 653 4210 φυλάσσειν
709 4132 812 4201 τὴν
878 4129 1066 4205 θύραν.
1098 4130 1165 4187 Οἱ
1206 4127 1264 4184 δὲ
1318 4125 1640 4208 ἀνδροφόνοι
1680 4125 1998 4190 ἐπελθόντες

360 4220 497 4277 κατᾶ
544 4220 605 4275 τὸ
661 4213 811 4291 ἔθος,
869 4218 960 4274 καὶ
1020 4218 1341 4291 θεασάμενοι
1403 4216 1465 4272 τὸ
1523 4216 1723 4289 θαῦμα,
1784 4214 2001 4289 ἀχανεῖς

360 4309 650 4385 γινόμενοι
710 4308 797 4363 ὑπ’
869 4306 1183 4379 ἐκπλήξεως
1259 4302 1449 4361 ἔπεσαν
1508 4303 1595 4361 ἐπὶ
1681 4303 1996 4379 πρόσωπον.

353 4396 624 4471 Ἐξελθὼν
667 4394 724 4452 δὲ
764 4394 873 4452 ἴδεν
905 4394 1101 4461 αὐτοὺς
1131 4394 1337 4459 ἐννεοὺς
1376 4395 1726 4472 γενομένους,
1756 4396 1845 4449 καί
1877 4411 2001 4468 σχε-

356 4486 449 4543 δὸν
478 4488 764 4560 ἡμιθανεῖς
798 4506 812 4519 °
845 4487 935 4541 καὶ
958 4486 1261 4557 ἀναστήσας
1291 4484 1485 4548 αὐτοὺς
1517 4481 1758 4555 ὠνείδιζε
1787 4484 1994 4560 λέγων’

2026 3201 2076 3268 C
2106 3201 2400 3300 11$x0v1a"'

2100 1888 2322 1962 μαίνων,
2355 1891 2568 1968 ἀθρόως
2598 1888 2677 1946 ἔτι
2711 1897 2887 1962 ζῶντα
2933 1894 3024 1949 τὸν
3073 1891 3342 1971 δράκοντα
3388 1898 3739 1972 θεασάμενος,

2098 1974 2151 2031 ἐν
2201 1978 2446 2034 ἐκστάσει
2492 1980 2786 2057 γενόμενος
2845 1981 3318 2063 ἐλειποψύχησεν.
3379 1988 3591 2043 Ἐκειτο
3650 1989 3742 2042 οὗν

2098 2065 2296 2130 ἄπνους
2329 2070 2357 2123 6
2387 2075 2515 2132 παῖς
2553 2069 2603 2125 ἐν
2636 2075 2716 2144 τῷ
2756 2071 2952 2147 χωρίῳ
2984 2075 3128 2147 παρά
3156 2076 3255 2143 τήν
3314 2070 3520 2151 ἔρημον
3566 2082 3737 2131 πᾶσαν

2098 2158 2329 2232 ἡμέραν.
2388 2158 2649 2235 Εὑρόντες
2713 2159 2771 2216 δὲ
2829 2161 2987 2218 αὑτὸν
3037 2165 3173 2241 πρὸς
3223 2165 3447 2240 ἑσπέραν
3508 2167 3560 2221 οἰ
3608 2165 3740 2221 ἴδιοι

2104 2248 2297 2323 μικρὸν
2332 2246 2654 2323 ἐμπνέοντα,
2695 2254 3077 2327 πεφυσημένον
3126 2252 3261 2310 ὅλον
3303 2253 3363 2311 ἐκ
3407 2250 3509 2327 τῆς
3558 2256 3746 2312 ἐκστά-

2102 2357 2260 2408 σεως,
2290 2336 2478 2413 ἄγουσι
2507 2339 2642 2413 πρὸς
2670 2341 2777 2411 ξτὸν
2833 2341 3068 2418 Πατέρα,
3099 2344 3391 2419 ἀγνοοῦτες
3437 2346 3535 2415 τήν
3577 2345 3750 2400 αἰτίαν

2100 2429 2197 2482 τοῦ
2229 2421 2537 2500 συμϐάντος
2568 2428 2736 2503 αὐτῷ.
2771 2429 3086 2505 Εὐξαμένου
3130 2429 3187 2488 δὲ
3230 2434 3398 2490 αὐτοῦ
3440 2435 3531 2489 καὶ
3579 2434 3749 2508 ἐλαίῳ

2103 2516 2266 2572 αὑτὸν
2307 2516 2619 2593 χρίσαντος,
2650 2519 2842 2588 ἀνέστη
2880 2521 2907 2575 6
2952 2526 3079 2587 παῖς
3124 2519 3489 2599 διηγούμενος
3518 2525 3581 2580 τὸ
3622 2526 3749 2599 ὁρα-

2105 2605 2191 2661 θέν
2226 2625 2240 2638 '
2273 2607 2393 2661 ὃθεν
2431 2606 2669 2680 μάλιστα
2715 2610 2956 2680 κινηθεὶς
2995 2612 3023 2666 6
3080 2612 3242 2687 ἀνὴρ,
3272 2613 3408 2687 πρὸς
3457 2615 3557 2684 τήν
3598 2612 3751 2668 ἀναί-

2107 2717 2251 2771 ρεσιν
2278 2694 2481 2771 ἐτράπη
2522 2702 2620 2753 τοῦ
2652 2696 2964 2775 δράκοντος.

2714 2790 3139 2847 ΚΕΦΑΛ.ΝΔἍ

2463 2875 2593 2950 Περὶ
2617 2871 2757 2931 ὰϐϐἆ
2784 2877 2971 2954 Κόπρη
3005 2873 3393 2955 πρεσϐυτέρου.

2166 2967 2277 3037 ,Ἦν
2311 2959 2368 3017 δέ
2421 2984 2505 3025 τις
2544 2959 2910 3040 πρεσϐύτερος
2970 2963 3116 3041 ἔχων
3147 2964 3385 3039 πλησίον
3432 2966 3545 3023 ἐκεῖ
3584 2990 3750 3043 μονα-

2111 3052 2333 3126 στήριον
2369 3050 2421 3106 ἐν
2454 3054 2521 3125 τῇ
2553 3049 2768 3124 ἐρήμῳ,
2812 3052 3035 3127 Κόπρης
3065 3052 3389 3129 λεγόμενος,
3411 3054 3543 3130 ἀνὴρ
3575 3054 3749 3131 ἅγιος,

2111 3139 2245 3195 ἐτῶν
2311 3135 2506 3215 σχεδὸν
2574 3137 2919 3212 ἐνενήκοντα,
2963 3143 3269 3218 ἡγούμενος
3322 3139 3575 3217 ἀδελφῶν
3622 3164 3751 3200 πεν-

2461 3230 2523 3294 ’ὸς
2571 3230 2663 3284 καὶ
2720 3230 2880 3294 αὑτὸς
2931 3229 3190 3294 πλείστας
3240 3229 3497 3307 δυνάμεις
3554 3232 3750 3292 ἐποίει.

2110 3318 2418 3393 θεραπεύων
2446 3318 2543 3381 τὰς
2590 3317 2805 3390 νόσους,
2856 3320 2946 3376 καί
2994 3317 3161 3383 ἰάσεις
3202 3319 3415 3385 πολλὰς
3463 3320 3751 3392 ἐπιτελῶν,

2107 3407 2198 3463 καὶ
2252 3405 2513 3482 δαίμονας
2559 3406 2901 3482 ἀπελαύνων,
2951 3409 3043 3463 καί
3098 3407 3286 3465 πολλὰ
3331 3409 3579 3485 θαύματα
3615 3411 3753 3467 ἀπο-

2108 3495 2508 3572 πραττόμενος,
2538 3495 2660 3552 τινὰ
2700 3497 2796 3571 μὲν
2833 3499 2924 3552 καὶ
2974 3496 3025 3552 ἐν
3079 3492 3263 3572 ὄψεσιν
3315 3495 3629 3576 ἡμετέραις.
3664 3504 3753 3562 Ὠς

2107 3591 2238 3662 γοῦν
2267 3588 2413 3662 ἡμᾶς
2445 3586 2720 3661 ἐθεάσατο,
2761 3588 2850 3642 καὶ
2901 3588 3246 3664 ὑπερεύξατο,
3278 3590 3368 3644 καί
3424 3589 3550 3654 τοῦς
3581 3587 3752 3652 πόδας

2109 3679 2270 3750 ἡμῶν
2311 3676 2492 3751 νίψας,
2521 3677 2714 3748 ἠρώτα
2743 3679 2893 3750 ἡμᾶς
2938 3680 3007 3734 τά
3052 3676 3103 3733 ἐν
3155 3682 3235 3752 τῷ
3278 3678 3473 3753 κόσμῳ
3521 3680 3754 3755 πραττό-

2114 3786 2247 3837 μενα
2279 3782 2294 3798 ·
2328 3768 2492 3839 ἡμεῖς
2538 3763 2594 3819 δὲ
2650 3766 2908 3839 ἠξιοῦμεν
2965 3767 3124 3823 αὐτὸν
3180 3764 3394 3841 μᾶλλον
3449 3770 3585 3843 ἡμῖν
3652 3776 3751 3840 τῆς

2111 3852 2311 3916 οἰκείας
2354 3854 2524 3909 αὑτοῦ
2571 3852 2854 3914 πολιτείας
2917 3855 3015 3916 τὰς
3071 3853 3262 3930 ἀρετάς
3323 3856 3703 3932 ὑφηγήσασθαι
3736 3876 3749 3890 ⁸

2107 3943 2200 3998 καί
2238 3947 2356 4005 πῶς
2401 3943 2549 4012 αὐτῷ
2577 3943 2643 3996 τὰ
2682 3940 2999 4017 χαρίσματα
3047 3943 3075 3996 6
3132 3944 3260 4003 Θεὸς
3298 3940 3634 4017 ἐδωρήσατο,
3662 3946 3748 3999 καί

2110 4031 2170 4087 ἐκ
2199 4031 2359 4091 ποίας
2394 4025 2627 4103 μεθόδου
2667 4028 2871 4101 ταύτης
2901 4029 3118 4106 εἰλήφει
3146 4036 3247 4100 τῆς
3302 4028 3549 4104 χάριτος.
3579 4032 3643 4088 Ὀ
3698 4029 3754 4086 δὲ

2113 4117 2284 4194 μηδὲν
2325 4118 2663 4197 ὑπερήφανον
2707 4118 3094 4195 λογισάμενος,
3145 4118 3407 4196 ὑφηγεῖτο
3464 4121 3599 4193 ἡμῖν
3658 4121 3750 4175 τὸν

2109 4210 2309 4265 ἑαυτοῦ
2360 4206 2501 4282 βίον,
2532 4208 2620 4262 καί
2669 4211 2779 4263 τῶν
2830 4208 2996 4263 αὐτοῦ
3055 4207 3494 4284 προγενεστέρων
3534 4207 3624 4263 καί
3658 4229 3753 4281 με-

2106 4297 2293 4377 γάλων
2351 4296 2441 4352 καὶ
2501 4294 2728 4352 πολλῶν
2768 4298 3032 4371 μειζόνων
3077 4295 3242 4352 αὐτοῦ
3306 4296 3628 4373 γεγονότων,
3677 4296 3753 4354 ὧν

2108 4387 2207 4457 τήν
2259 4384 2541 4441 πολιτείαν
2597 4382 2757 4447 αὐτὸς
2814 4382 3091 4458 ἐμιμεῖτο.
3151 4380 3322 4443 Οὐδὲν
3379 4384 3506 4461 γὰρ,
3564 4386 3750 4464 φησὶν,

3109 4473 3290 4547 τέκνα,
3343 4475 3481 4550 πρὸς
3536 4475 3598 4530 τὸ
3643 4478 3752 4530 τῶν

2111 4473 2416 4547 θαυμαστὸν
2476 4473 2539 4529 τὸ
2579 4470 2711 4546 ἐμὸν
2771 4470 2949 4549 ἔργον,
3017 4473 3045 4494 ⁷

2111 4559 2365 4638 Πατέρων
2434 4564 2595 4637 ἡμῶν
2649 4496 3053 4650 πολίτευμαλ

352 4559 541 4653 Ὁρᾶτε
583 4577 754 4631 πόσον
803 4576 959 4649 ὑμεῖς
1007 4576 1331 4652 ἀγριώτεροι
1373 4575 1481 4633 τῶν
1528 4573 1731 4649 θηρίων
1761 4591 1775 4604 ·
1810 4573 1862 4628 οἱ
1904 4571 1999 4645 μὲν
2033 4573 2080 4639 D
2111 4559 2365 4653 ῌατέρων
2434 4564 2595 4637 ἡμῶν
2649 4559 3028 4650 πολίτευμα]
3040 4565 3140 4621 Καὶ
3213 4566 3287 4630 ὡς
3338 4566 3407 4636 ἦν
3456 4562 3531 4620 ἔτι
3590 4569 3757 4621 ταῦτα

351 4668 457 4743 γὰρ
487 4667 649 4740 ἡμῶν
681 4662 771 4720 διὰ
801 4665 931 4721 Θεὸν
963 4670 1081 4727 τοῖς
1133 4665 1446 4740 βουλήμασι
1497 4663 1796 4731 πείθονται,
1846 4662 2002 4736 ὑμεῖς

357 4753 413 4811 δὲ
446 4752 573 4812 οὐδὲ
601 4755 693 4811 τὸν
726 4756 853 4810 Θεὸν
886 4749 1214 4833 ἐφοϐήθητε,
1249 4751 1374 4809 οὐδὲ
1400 4755 1501 4824 τήν
1530 4756 1637 4809 τῶν
1670 4753 2004 4826 Χριστιανῶν

355 4838 642 4899 εὐλάϐειαν
676 4840 1105 4914 ἐδωσωπήθητε.
1154 4842 1467 4919 Εἴσαγαγὼν
1520 4838 1576 4895 δὲ
1617 4839 1812 4904 αὐτοὺς
1855 4840 2005 4912 αύτῷ

352 4930 569 5005 κελλίῳ
632 4934 907 5007 παρέθηκε
970 4932 1257 5007 τράπεζαν,
1320 4931 1411 4987 καὶ
1455 4929 1716 4986 ἐνουθέτει
1767 4923 2004 5004 μεταϐα-

359 5022 472 5080 λεῖν
517 5027 617 5079 τοῦ
677 5025 907 5099 τρόπου.
940 5024 1002 5079 Οἱ
1053 5019 1110 5079 δὲ
1164 5023 1292 5098 παρ’
1348 5022 1523 5079 αὐτῶν
1588 5022 2006 5096 μεταναστάντες

357 5113 643 5190 κρείττους
683 5113 912 5171 πολλῶν
951 5113 1288 5190 ἀνεφάνησαν
1322 5135 1334 5148 ·
1372 5114 1487 5188 μετ’
1519 5112 1581 5169 ού
1622 5110 1766 5169 πολὺ
1815 5110 1871 5167 δὲ
1916 5109 2006 5166 καὶ

360 5204 519 5262 αὐτοὶ
549 5203 617 5260 τά
655 5205 791 5261 αὐτὰ
824 5209 1022 5280 σημεῖα
1052 5202 1425 5266 ἐπιτελοῦντες
1457 5201 1737 5283 ὤφθησαν.

433 5292 670 5351 Ἀλλοτε
699 5290 782 5363 δὲ,
814 5294 969 5372 φησί,
1014 5294 1254 5372 μεγάλου
1287 5291 1576 5368 δράκοντος
1614 5294 1714 5361 τήν
1768 5287 2006 5360 πλησίον

356 5383 534 5458 νώραν
564 5381 994 5458 λυμαινομένου,
1025 5384 1114 5438 καὶ
1145 5381 1212 5438 τὰ
1249 5380 1437 5439 πολλὰ
1482 5385 1591 5437 τῶν
1649 5380 1804 5451 ζώων
1868 5379 2011 5434 ἀναι-

367 5476 614 5549 ροῦντος,
647 5471 821 5543 ἦλθον
873 5474 925 5528 οἰ
972 5476 1391 5548 προσοικοῦντες
1431 5470 1531 5540 τήν
1572 5469 1779 5546 ἔρημον
1818 5468 2010 5531 πάντες

360 5562 502 5636 ὁμοῦ
532 5564 669 5637 πρὸς
708 5563 801 5619 τὸν
836 5561 1081 5637 ιΠατέρα,
1115 5559 1361 5637 δεόμενοι
1414 5561 1774 5638 ἀφανισθῆναι
1823 5555 1883 5614 ἐκ
1909 5564 2010 5629 τῆς

363 5650 552 5727 χώρας
581 5649 761 5708 αὐτῶν
790 5650 854 5708 τὸ
893 5648 1103 5727 θηρίον.
1133 5653 1192 5709 Ὁ
1249 5646 1305 5704 δὲ
1352 5649 1426 5712 ὡς
1495 5644 1664 5725 μηδὲν
1717 5644 2013 5723 δυνάμενος

688 5755 957 5817 PATROL.
1002 5755 1116 5816 Gn.
1164 5751 1437 5815 XXXIV.

2115 4650 2476 4731 διηγούμενος
2532 4654 2755 4730 Κόπρης
2813 4655 2841 4709 6
2918 4654 3305 4731 πρεσϐύτερος,
3373 4655 3755 4728 ἀπονυστάξας,

2115 4745 2192 4804 εἷς
2234 4740 2286 4813 ἐξ
2331 4742 2485 4816 ὑμῶν
2538 4738 2772 4819 ἀδελφὸς
2823 4741 3046 4815 ἀπιστίᾳ
3100 4745 3225 4817 περὶ
3281 4745 3389 4796 τῶν
3450 4740 3758 4817 λεγομένων

2113 4832 2436 4912 φερόμενος,
2469 4833 2569 4907 ὁρᾷ
2614 4825 2807 4905 βίϐλον
2850 4832 3165 4905 θαυμαστὴν
3199 4829 3251 4886 ἐν
3290 4833 3411 4894 ταῖς
3457 4829 3617 4908 χερσὶ
3661 4832 3757 4884 τοῦ

2113 4918 2306 4996 ἀνδρὸς
2350 4919 2699 4992 ἐπικειμένην
2739 4923 2967 4995 χρυσοῖς
3012 4918 3297 4997 γράμμασι
3344 4916 3755 4995 γεγραμμένην,

2114 5012 2205 5066 καὶ
2244 5008 2518 5087 ἐφεστῶτα
2554 5004 2721 5079 ἄνδρα
2764 5010 2885 5063 τινὰ
2922 5006 3118 5064 πολιὸν
3168 5009 3303 5082 μετά
3346 5006 3577 5078 ἀπειλῆς
3610 5008 3761 5078 αὐτῷ

2119 5100 2341 5173 λέγοντα
2374 5117 2387 5131 ⁸
2423 5095 2533 5151 Οὐκ
2563 5095 2776 5158 ἀκούεις
2818 5102 3110 5176 προσεχῶς
3153 5101 3250 5153 τοῦ
3304 5095 3759 5175 ἀναγνώσματος,

2117 5185 2265 5243 ἀλλά
2309 5186 2635 5255 νυστάζεις;
2710 5184 2771 5243 Ὀ
2832 5182 2890 5240 δὶ
2945 5189 3204 5263 ταραχείς
3276 5185 3431 5251 εύθῦς
3492 5188 3628 5258 ἡμῖν
3699 5183 3762 5239 τὸ

2122 5276 2474 5351 ἀκροώμενον
2525 5274 2613 5330 καὶ
2673 5274 2835 5354 ἀφθὶν
2858 5275 3159 5350 Ῥωμαϊστὶ
3206 5275 3466 5353 ἐξέφηνίι.
3526 5276 3651 5332 Ἔτι
3706 5270 3763 5328 δὲ

2117 5365 2319 5422 τούτου
2377 5361 2679 5428 λαλοῦντος
2733 5366 2871 5442 πρὸς
2948 5367 3094 5440 ἡμῖὶς
3155 5371 3347 5435 ταῦτα,
3406 5363 3614 5435 ἐπῆλθέ
3681 5384 3764 5427 τις

2118 5456 2378 5534 ἀγροῖκος
2426 5453 2663 5511 κάλαθον
2693 5453 2839 5530 ἔχων
2891 5456 3092 5530 μεστὴν
3119 5457 3352 5531 ψάμμου
3386 5473 3399 5489 °
3443 5454 3535 5512 καί
3582 5475 3767 5533 παρει-

2120 5549 2311 5619 στήκει
2353 5542 2718 5621 ἐκδεχόμενος
2778 5545 3074 5621 πληρῶσαι
3123 5546 3284 5602 αὐτὸν
3334 5548 3436 5617 τήν
3486 5543 3765 5622 διήγησιν.

2117 5635 2562 5713 Ἐπυνθανόμεθα
2609 5634 2669 5693 δὲ
2713 5637 2877 5713 ἡμεῖς
2923 5635 3087 5693 αὐτοῦ
3134 5640 3231 5692 τοῦ
3262 5630 3653 5715 πρεσϐυτέρου,
3702 5632 3765 5691 Τί

3375 5741 3451 5800 3'1
