4112 6210
423 320 577 383 1155

1934 310 2303 373 PALLADII

3665 304 3823 363 1156

420 456 522 528 ἄρα
552 448 699 504 θέλει
730 448 758 502 δ
788 446 1043 522 ἀγροῖκος
1078 447 1211 518 μετά
1250 450 1348 513 τῆς
1379 446 1610 517 ψάμμου
1646 463 1658 513 ἱ
1699 444 2057 518 Ἀπεκρίνατο
2090 447 2141 512 Α
2171 445 2308 517 πρὸς
2363 444 2538 528 ἡμᾶς
2590 436 2920 528 διεκόμισεν,
2976 434 3308 528 παρακαλῷν
3383 435 3824 528 συγχωρηθῆναι

419 541 476 597 δὲ
505 541 641 615 πρὸς
672 540 821 612 ἡμᾶς
854 557 868 571 ’
904 537 930 589 ὁ
964 536 1151 609 Πατὴρ
1185 534 1357 608 λέγων
1387 556 1397 565 ·
1422 534 1614 606 Τέκνα,
1644 533 1741 589 οὐκ
1772 534 1940 609 ἐχρῆν
1965 534 2058 605 μὲν

421 633 564 703 ἡμᾶς
614 628 917 701 καυχᾶσθαι
972 626 1105 699 πρὸς
1160 624 1321 696 ὑμᾶς,
1374 620 1497 678 οὐδὲ
1546 621 1767 692 ἐξειπεῖν
1818 623 1884 677 τὰ
1948 627 2054 677 τῶν

418 719 667 795 Πατέρων
736 715 1157 787 κατορθώματα,
1203 710 1295 765 ἵνα
1374 714 1450 784 μή
1520 710 1832 786 ἐπαρθέντες
1922 711 2057 765 κατά

417 810 679 876 διάνοιαν,
718 805 810 860 τὸν
866 803 1057 876 μέσθὸν
1106 800 1483 875 ἀπολέσωμεν.
1530 800 1625 855 Διά
1665 799 1722 856 δὲ
1756 802 1854 869 τὴν
1901 803 2052 872 ὐμῶν

415 896 659 966 σπουδὴν
698 894 788 950 καὶ
818 893 1106 969 ὠφέλειαν,
1138 894 1223 947 δτι
1253 891 1313 946 ἐκ
1349 890 1610 946 τοσούτου
1652 893 1884 963 μήκους,
1916 891 2051 964 πρὸς

414 990 553 1061 ὑμᾶς
592 984 920 1056 ἐληλύθατε,
972 984 1034 1038 οὐ
1084 985 1377 1055 ζημειώσω
1424 984 1562 1054 ὑμᾶς
1606 986 1706 1049 τῆς
1765 978 2051 1056 ὠφελείας,

411 1076 538 1131 ἀλλ’
575 1074 706 1148 ἅπερ
767 1072 837 1127 δι’
894 1074 1054 1143 ἡμῶν
1104 1072 1131 1124 6
1190 1070 1317 1131 Θεὸς
1376 1068 1719 1141 ᾠκονόμησε,
1770 1067 2053 1140 παρόντων

410 1170 518 1219 τῶν
550 1162 800 1236 ἀδελφῶν
836 1159 1195 1235 διηγήσομαι.

480 1258 758 1326 ’Ἀκαρπος
786 1252 852 1319 ἦν
886 1253 919 1319 ἡ
961 1247 1200 1319 πλησίον
1232 1250 1392 1321 ἡμῶν
1425 1250 1606 1322 χώρα,
1637 1246 1726 1301 καὶ
1758 1247 1809 1301 οἱ
1854 1266 2050 1317 κεκτη-

412 1348 564 1421 μένοι
598 1344 764 1411 αὐτὴν
797 1343 1049 1417 ἁγροῖκοι
1082 1339 1389 1414 σπείραντες
1440 1338 1587 1392 σίτον
1643 1335 1809 1410 μόλις
1857 1336 1909 1389 ἐν
1962 1334 2048 1391 δι-

406 1436 534 1506 πλῷ
562 1438 625 1490 τὸ
654 1433 871 1508 σπέρμα
910 1431 1167 1502 ἐθέριζον.
1201 1428 1430 1499 Σκώληξ
1477 1428 1579 1503 γάρ
1630 1428 1967 1505 γεννώμενος
1996 1428 2048 1482 ἐν

405 1531 483 1597 τῷ
532 1524 731 1597 στάχυϊ
783 1521 910 1575 ὅλον
967 1519 1059 1573 τὸν
1110 1516 1321 1591 ἀμητὸν
1382 1514 1699 1593 διέφθειρεν.
1732 1518 1799 1575 Οἱ
1832 1515 1889 1572 δὲ
1919 1537 2045 1573 κατ-

406 1615 704 1688 ηχηθεντες
747 1609 987 1685 γεωργοὶ
1033 1609 1159 1680 παρ’
1218 1608 1377 1677 ἡμῶν
1424 1607 1513 1660 καὶ
1544 1607 1856 1680 Χριστιανοί
1888 1628 2044 1684 γεγο-

400 1707 569 1773 νότες,
629 1701 814 1773 ἠξίουν
872 1702 1020 1772 ἡμᾶς
1076 1695 1328 1771 εὔχεσθαι
1396 1696 1527 1771 ὑπὲρ
1593 1700 1689 1752 τοῦ
1761 1698 2043 1771 θερισμοῦ.

405 1797 561 1868 Εἶρον
623 1789 712 1847 οῦν
773 1790 907 1863 πρὸς
966 1786 1163 1848 αὐτούς
1205 1805 1220 1821 ο

402 1886 528 1939 Θεὸν
552 1881 642 1937 καὶ
672 1882 708 1950 ἡ
759 1878 998 1955 ἐρημικῆ
1049 1875 1181 1946 αὕτη
1234 1875 1461 1948 ψάμμος
1516 1876 1642 1948 ὑμῖν
1684 1877 2041 1951 καρποφορή-

402 1998 479 2031 σει
522 1994 533 2007 ·
562 1974 617 2027 οἳ
650 1970 706 2026 δὲ
737 1968 889 2025 οὐδὲν
918 1962 1381 2038 ἀναϐαλλόμενοι,
1421 1972 1521 2035 τῆς
1561 1967 1791 2039 ψάμμου
1841 1967 2043 2037 ταύτης

396 2072 497 2133 τῆς
554 2064 680 2134 παρ’
737 2062 898 2132 ἡμῶν
959 2056 1303 2129 πατουμένης
1360 2054 1489 2119 τοὺς
1537 2055 1740 2110 ἑαυτῶν
1798 2054 2040 2118 κόλπους

397 2152 805 2225 πληρώσαντες,
866 2146 1112 2220 εὐλογεῖν
1162 2145 1496 2222 προσέφερον
1554 2143 1847 2214 ἀξιοῦντες,
1903 2147 2041 2221 Ἐγὼ

398 2242 455 2296 δὲ
486 2242 559 2301 ὡς
591 2237 841 2310 ηὐξάμην
875 2235 1059 2296 αὐτοῖς
1090 2234 1225 2289 κατά
1274 2234 1373 2302 τήν
1425 2233 1605 2289 πίστιν
1666 2233 1840 2290 αὐτῶν
1891 2233 2039 2309 γενέο

396 2334 541 2403 σθαι,
574 2326 823 2402 ἕσπειραν
872 2325 1043 2393 αὐτὴν
1087 2326 1179 2377 σὺν
1212 2327 1292 2394 τῷ
1324 2322 1457 2395 σίτῳ
1516 2322 1567 2378 ἐν
1614 2330 1733 2386 ταῖς
1774 2326 1989 2401 χώραις
2021 2345 2036 2360 ο

394 2422 480 2476 καὶ
542 2419 794 2495 ἐξαίφνης
832 2413 1188 2488 πολύκαρπος
1247 2413 1423 2467 αὐτῶν
1475 2414 1509 2482 ἡ
1563 2414 1723 2490 χώρα
1760 2415 2035 2489 γεγένηται

394 2510 538 2583 παρὰ
594 2511 763 2562 πᾶσαν
820 2510 923 2578 γῆν
970 2502 1270 2577 Αἰγύπτου.
1330 2505 1496 2556 Τοῦτο
1546 2500 1637 2555 οῦν
1694 2508 1870 2557 ποιεῖν
1915 2502 2034 2568 ἔθος

392 2592 775 2671 ἔχοντες,κατ’
821 2590 1061 2645 ἐνιαυτὸν
1093 2591 1228 2661 ἡμῖν
1279 2587 1627 2662 ἐνοχλοῦσιν,
1679 2591 1773 2644 "Ev
1828 2588 1884 2645 δέ
1939 2614 2031 2665 μοι

397 2685 550 2759 μέγα,
583 2683 765 2760 φησὶν,
800 2681 827 2733 6
878 2681 1006 2740 Θεὸς
1056 2676 1285 2732 πολλῶν
1330 2676 1615 2753 παρόντων
1662 2682 1840 2751 θαῦμα
1888 2702 2029 2755 παρ.

391 2774 570 2847 έσχεν.
620 2768 904 2825 Κατελθὼν
952 2769 1056 2843 γὰρ
1105 2766 1214 2841 ἐγὼ
1272 2787 1402 2822 ποτε
1451 2766 1502 2821 ἐν
1547 2772 1615 2841 τῇ
1664 2768 1846 2840 πόλει,
1880 2771 2031 2845 εῦρον

390 2859 552 2936 ἄνδρα
580 2859 701 2915 τινὰ
731 2862 1059 2931 Μανιχαῖον,
1100 2855 1227 2918 τοὺς
1275 2853 1489 2929 δήμους
1519 2855 1979 2929 ἄποπλανήσαντα
2012 2883 2024 2895 .

390 2952 462 3012 ὡς
495 2947 551 3005 δὲ
581 2950 780 3004 πείθειν
813 2945 972 3002 αὐτὸν
1007 2943 1249 3019 δημοσίᾳ
1280 2946 1378 3000 οὐκ
1424 2943 1733 3019 ἠδυνάμην,
1778 2950 2029 3029 στραφεὶς

387 3042 523 3117 πρὸς
555 3041 617 3094 τὸ
648 3037 888 3108 πλῆθος,
921 3036 1098 3104 εἶπον,
1132 3035 1311 3110 Πυράν
1354 3033 1598 3111 μεγάλην
1629 3036 1707 3099 εἷς
1755 3039 1853 3107 τήν
1886 3037 2027 3094 πλα-

383 3135 528 3185 τεῖαν
560 3128 815 3203 ἀνάψατε,
847 3125 937 3181 καὶ
979 3124 1358 3199 είσερχώμεθα
1407 3122 1572 3201 ἄμφω
1605 3125 1655 3179 ἐν
1705 3125 1774 3199 τῇ
1834 3128 2020 3204 φλογί.

388 3221 483 3274 Καὶ
517 3218 569 3273 εἷ’
592 3239 676 3281 τις
704 3220 864 3290 ἡμῶν
894 3212 1227 3293 ἂφλόγιστος
1258 3211 1527 3287 διαμείνῃ,
1559 3214 1715 3276 οὗτος
1763 3213 1878 3290 ἔχει
1922 3219 2022 3286 τὴν

378 3307 555 3376 καλὴν
595 3306 794 3361 πίστιν.
842 3308 933 3363 Ὦς
984 3300 1039 3355 δὲ
1077 3304 1262 3377 γέγονε
1308 3306 1495 3370 τοῦτο,
1526 3302 1615 3357 καὶ
1666 3304 1717 3357 οἱ
1761 3299 1929 3378 ὄχλοι
1968 3305 2019 3361 ἐν

381 3392 592 3468 σπουδῇ
622 3396 722 3462 τὴν
770 3391 942 3465 πυρὰν
991 3391 1214 3459 ἀνῆκαν,
1257 3391 1444 3444 εἷλκον
1507 3389 1664 3445 αὐτὸν
1714 3392 1828 3463 μετ’
1885 3392 2022 3466 ἐμοῦ

378 3484 452 3545 εἰς
486 3484 549 3536 τὸ
582 3486 707 3554 πῦρ.
741 3482 797 3533 Ὀ
830 3477 886 3534 δέ
917 3500 1102 3553 φησιν,
1149 3480 1413 3540 Ἕκαστος
1463 3480 1623 3551 ἡμῶν
1670 3480 1805 3535 κατά
1856 3483 2023 3554 μόνας

376 3569 683 3636 εἰσελθέτω,
735 3568 824 3622 καὶ
882 3571 1101 3643 πρῶτος
1157 3565 1417 3622 εἰσελθεῖν
1477 3564 1716 3641 ὅφείλεις
1771 3569 1933 3633 αὐτὸς
1990 3572 2019 3626 6

373 3656 695 3732 προστάξας.
750 3660 837 3719 Ὠς
894 3652 951 3709 δὲ
1007 3654 1059 3709 ἐν
1119 3655 1347 3728 ὀνόματι
1394 3660 1491 3711 τοῦ
1566 3658 1799 3731 Χριστοῦ
1864 3680 2021 3715 κατα-

371 3747 813 3827 σφραγισάμενος
867 3742 1212 3815 είσεληλυθα,
1262 3747 1298 3814 ἡ
1359 3744 1494 3823 φλὸξ
1549 3744 1655 3801 ὧδε
1706 3748 1862 3803 κάκεῖ
1901 3747 2015 3805 δια-

374 3838 687 3913 μερισθεῖσα
739 3833 801 3890 οὐ
841 3833 1238 3909 παρηνόχλησέ
1272 3856 1389 3907 μοι,
1455 3837 1722 3913 ῆμιώριον
1771 3835 1821 3892 ἐν
1878 3838 2013 3913 αὐτῇ

371 3926 733 4003 διατρίψαντι.
768 3922 995 3987 Ἰδόντες
1027 3922 1082 3978 δὲ
1129 3926 1182 3979 οἳ
1227 3920 1395 4003 ὄχλοι
1442 3926 1504 3981 τὸ
1555 3928 1733 3999 θαῦμα
1783 3923 2011 3999 ἀνεϐόη-

369 4040 482 4088 σαν,
530 4017 619 4071 καὶ
668 4016 974 4089 ἡνὸίγκαζον
1022 4013 1188 4069 πάλιν
1237 4014 1482 4070 κάκεῖνον
1535 4015 1611 4076 εἰς
1674 4018 1773 4085 τὴν
1839 4020 2009 4092 πυράν

367 4107 649 4163 εἰσελθεῖν.
682 4106 743 4162 Ὁ
777 4102 835 4158 δὲ
866 4104 941 4166 ὡς
968 4105 1065 4158 οὐκ
1100 4102 1266 4172 ἤθελε
1311 4101 1525 4172 δεδιὼς,
1559 4101 1814 4167 λαϐόντες
1846 4109 2012 4163 αὐτὸν

368 4197 418 4249 οἰ
444 4193 612 4265 δῆμοι
648 4192 721 4252 εἰς
758 4193 918 4264 μέσον
949 4190 1190 4260 ὥθησαν,
1221 4193 1311 4246 καὶ
1353 4191 1796 4269 περιφλογισθεῖς
1836 4193 2007 4264 ὅλως,

364 4281 573 4353 ἀτίμως
606 4287 705 4348 τῆς
738 4278 953 4340 πόλεως
986 4277 1263 4357 ἐξερρίφη,
1295 4285 1398 4333 τῶν
1434 4279 1626 4353 δήμων
1673 4283 2005 4355 κραζόντων,

362 4370 458 4425 Τὸν
481 4367 685 4423 πλάνον
714 4371 887 4434 ζῶντα
908 4364 1138 4420 καύσατε
1162 4385 1173 4398 ·
1201 4366 1297 4439 ἐμὲ
1322 4365 1378 4421 δὲ
1394 4365 1755 4433 ἀναλαϐόντες
1777 4372 1803 4425 6
1827 4371 2006 4451 ἀχλος

360 4457 448 4510 καὶ
481 4456 876 4529 εὐφημοῦντες,
914 4453 987 4515 εἷς
1019 4455 1115 4523 τήν
1151 4453 1446 4525 ἐκκλησίαν
1477 4459 1856 4535 προέπεμψαν.

1278 1786 1339 1841 Εί
1384 1784 1537 1863 ἔχετε
1574 1785 1753 1841 πίστιν
1783 1787 1917 1860 πρὸς
1949 1787 2041 1841 τὸν
2078 1809 2123 1875 Β

2170 532 2317 604 αὐτῷ
2379 532 2440 584 τὸ
2488 525 2909 601 πλημμέλημα,
2967 524 3057 578 καὶ
3128 523 3391 599 γενέσθαι,
3451 525 3824 597 Χριστιανός.

2168 624 2334 695 Ὅπερ
2365 620 2456 674 καὶ
2486 618 2723 694 γέγονεν.
2766 619 2934 672 Ἦσαν
2983 616 3087 689 γὰρ
3136 615 3253 669 κατ’
3300 614 3471 681 αὐτὴν
3517 615 3617 682 τὴν
3673 615 3821 688 ὥραν

2168 709 2302 780 ξένοι
2333 710 2470 782 πρὸς
2504 710 2652 780 ἡμᾶς
2706 704 2954 766 ἐλθόντες
3004 700 3255 779 ἀδελφοὶ,
3310 701 3381 757 δι’
3425 702 3520 763 οὓς
3572 702 3822 774 μαλιστα

2164 794 2488 868 ἐπιτηδείως
2538 798 2674 868 ἡμῖν
2745 796 2813 849 τὰ
2875 792 3088 868 λάχανα
3135 793 3507 866 προσηνέχθη.
3560 791 3816 848 Μεταλα-

2164 884 2350 949 ϐόντες
2381 885 2472 942 οῦν
2504 885 2552 955 ἐξ
2585 884 2783 952 αὐτῶν,
2816 882 3286 960 εὐχαριστήσαμεν
3320 886 3398 952 τῷ
3430 885 3569 953 Θεῷ,
3602 878 3814 951 διπλῆν

2162 978 2497 1055 εὐφροσύνην
2527 976 2910 1049 ποιησάμενοι,
2943 976 3042 1044 τήν
3071 994 3128 1028 τε
3156 978 3254 1028 τοῦ
3285 974 3575 1049 ἀνθρώπου
3627 994 3815 1043 σωτη-

2164 1068 2278 1143 ρίαν
2312 1067 2401 1122 καὶ
2433 1067 2532 1135 τήν
2562 1069 2669 1120 τῶν
2702 1062 2953 1137 ἀδελφῶν
2985 1062 3302 1120 ἀνάπαυσιν.

2768 1152 3194 1208 ΚΕΦΑΛ.ΝΕἌ

2686 1245 2814 1317 Περί
2841 1237 2983 1297 ἀϐϐἆ
3014 1241 3275 1316 Σούρους.

2226 1332 2400 1394 Ἀϐϐἆ
2460 1334 2699 1410 Σούρους
2759 1330 2817 1387 δέ
2863 1352 2995 1387 ποτε
3050 1330 3139 1386 καὶ
3197 1325 3341 1385 ἀϐϐἆ
3406 1329 3654 1399 Ἡσαΐας,
3713 1332 3806 1386 καὶ

2158 1422 2302 1482 ἂϐϐἆ
2344 1423 2560 1489 Παῦλος
2616 1424 2905 1497 συνέτυχον
2947 1419 3242 1491 ἀλλήλοις,
3300 1417 3492 1495 ἄνδρες
3549 1415 3809 1485 εὐλαϐεῖς

2157 1517 2247 1570 καὶ
2305 1516 2555 1585 ἀσκηταὶ,
2614 1514 2703 1568 τὸν
2767 1512 2933 1588 μέγαν
2990 1510 3345 1585 ὁμολογητήν
3400 1506 3545 1564 ἀϐϐἆ
3601 1508 3809 1569 Ἀνοῦὄ

2156 1605 2599 1679 ἐπισκεψόμενοι.
2660 1606 2911 1676 Ἀπεῖχεν
2971 1597 3028 1654 δὲ
3084 1598 3261 1654 αὐτῶν
3312 1603 3461 1675 τρεῖς
3526 1602 3692 1673 μονάς
3739 1602 3805 1657 τὰ

2156 1693 2451 1766 διάστημα.
2512 1691 2607 1747 Καί
2665 1712 2791 1769 φασι
2848 1690 2984 1765 πρὸς
3040 1687 3328 1759 ἀλλήλους
3363 1710 3375 1722 ·
3440 1687 3803 1760 Ἐπιδειξάτω

2151 1783 2373 1845 ἕκαστος
2403 1784 2563 1855 ἡμῶν
2598 1781 2697 1849 τὴν
2731 1782 2923 1835 ἑαυτοῦ
2952 1776 3255 1850 πολιτείαν,
3307 1779 3397 1833 καὶ
3453 1780 3607 1841 ὅπως
3655 1782 3806 1856 παρά

2154 1878 2289 1928 Θεοῦ
2317 1870 2369 1926 ἐν
2402 1875 2480 1943 τῷ
2515 1872 2620 1944 βίῳ
2648 1870 2828 1941 τούτῳ
2874 1866 3187 1940 τετίμηται.
3228 1863 3405 1925 Ἀϐϐἆ
3453 1870 3700 1944 Σούρους
3744 1867 3801 1926 δὶ

2154 1963 2290 2035 πρὸς
2318 1960 2516 2020 αὐτοὺς
2547 1958 2649 2034 ἔφη
2683 1975 2699 1991 ⁶
2733 1958 3001 2032 Αίτοῦμαι
3045 1958 3191 2031 παρὰ
3243 1961 3341 2011 τοῦ
3397 1963 3534 2013 Θεοῦ
3593 1957 3797 2032 δῶρον,

2152 2048 2464 2122 ἀκαμάτους
2495 2050 2643 2121 ἡμᾶς
2692 2048 2887 2123 φθάσαι
2927 2044 3015 2100 ἐπὶ
3070 2049 3168 2101 τοῦ
3222 2046 3398 2100 τόπου
3458 2046 3509 2101 ἐν
3570 2045 3797 2123 δυνάμει

2150 2142 2247 2194 τοῦ
2279 2136 2589 2211 Πνεύματος
2620 2154 2635 2169 ο
2668 2137 2755 2190 καὶ
2795 2136 2959 2207 μόνον
3007 2133 3303 2206 ιύξαμένοῦ
3354 2134 3543 2207 αὐτοῦ,
3597 2137 3792 2193 πλοῖον

2148 2224 2370 2301 ἕτοιμον
2415 2224 2605 2300 εὑρέθη
2656 2230 3021 2298 παραχρῆμα.
3073 2223 3162 2277 καὶ
3210 2223 3409 2296 ἄνεμος
3459 2222 3794 2298 ἐπιτήδειος,

2148 2318 2237 2372 καὶ
2277 2317 2328 2371 ἐν
2386 2316 2528 2392 ῥοπῇ
2582 2314 2874 2389 εὑρέθησαν
2933 2312 3021 2369 ἐπὶ
3079 2317 3177 2368 τοῦ
3233 2313 3406 2370 τόπου
3482 2314 3794 2380 ἀνελθόντες

2147 2406 2281 2461 κατά
2307 2409 2406 2461 τοῦ
2438 2406 2728 2478 ῥεύματος.

2739 2500 2993 2551 ΚΕΦΑΛ.
3048 2494 3193 2568 Nq".

2597 2581 2727 2656 Περὶ
2759 2583 2848 2636 καὶ
2886 2575 3061 2637 ’Λϐϐἇ
3088 2582 3331 2640 Ἡσαΐου.

2214 2673 2431 2735 Ἡσαΐας
2464 2670 2521 2727 δέ
2552 2693 2683 2749 φησι
2727 2672 2863 2745 πρὸς
2914 2671 3127 2744 αὐτοὺς,
3180 2676 3279 2727 Καὶ
3334 2672 3387 2728 τί
3444 2675 3781 2748 θαυμαστὸν,

2141 2763 2186 2817 ὦ
2244 2762 2421 2835 φίλοι,
2453 2762 2541 2816 ἐὰν
2592 2763 2897 2835 συναντήσῃ
2952 2763 3088 2835 ἡμῖν
3149 2762 3178 2815 6
3235 2761 3367 2837 ἀνὴρ
3420 2762 3643 2818 ἑκάστου
3677 2767 3777 2828 τὰς

2139 2853 2424 2913 πολιτείας
2457 2851 2786 2926 διαγορεύων
2824 2869 2839 2921 ;

2735 2944 2989 2997 ΚΕΦΑΛ.
3061 2942 3183 2998 ΝΖἌ

2617 3031 2747 3104 Περὶ
2775 3031 2865 3084 καὶ
2896 3024 3038 3084 ἀϐϐἄ
3069 3029 3308 3087 Παύλου.

2210 3120 2421 3182 Παῦλος
2453 3118 2509 3175 δέ
2540 3141 2671 3193 φησι
2702 3120 2839 3193 πρὸς
2898 3117 3094 3182 αὐτούς
3126 3141 3141 3155 ·
3203 3121 3263 3175 Εἰ
3321 3120 3637 3196 ἀπεκάλυψε
3691 3126 3780 3179 καί

2137 3213 2272 3283 ἡμῖν
2331 3212 2359 3264 6
2417 3211 2567 3278 Θεὸς,
2610 3209 2692 3263 ὅτι
2754 3211 2888 3280 μετὰ
2940 3213 3083 3281 τρεῖς
3138 3210 3347 3284 ἡμέρας
3406 3207 3775 3285 ἀναλαμϐάνει

2133 3301 2225 3355 τὸν
2260 3301 2542 3375 ἄνθρωπον
2579 3319 2594 3369 ;
2626 3302 2714 3359 Ὡς
2747 3294 2804 3352 δὲ
2834 3297 3115 3371 προῆλθον
3139 3295 3444 3373 ἔμπροσθεν
3468 3300 3566 3357 τοῦ
3581 3302 3773 3373 τόπου,

2133 3389 2159 3441 ὁ
2208 3388 2345 3461 ἀνήρ
2401 3387 2585 3448 αὐτοῖς
2638 3388 2946 3457 ἀπαντήσας
2999 3386 3296 3457 ήσπάζετου
3346 3390 3403 3445 Ὀ
3456 3388 3513 3445 δὲ
3563 3391 3774 3454 Παῦλός

2131 3497 2263 3551 φησι
2309 3477 2445 3545 πρὸς
2485 3475 2646 3530 αὐτόν
2676 3495 2689 3509 ·
2742 3478 2956 3552 Φρᾶσον
3006 3478 3141 3550 ἡμῖν
3188 3481 3256 3533 τὰ
3304 3485 3529 3535 σεαυτοῦ
3578 3502 3771 3556 κατορ-

2130 3566 2357 3640 θώματα
2387 3585 2399 3599 ο
2438 3566 2725 3640 μεθαύριον
2755 3567 2856 3642 γάρ
2888 3567 3023 3641 πρὸς
3056 3568 3186 3623 Θεὸν
3222 3567 3520 3644 ἀπελεύσῃ.

2732 3662 2991 3714 ΚΕΦΑΛ.
3024 3658 3161 3717 ΝΗ’.

2587 3743 2717 3818 Περί
2758 3745 2846 3800 καὶ
2892 3740 3037 3801 ἀϐϐἆ
3082 3744 3303 3803 Ἀνούϐ.

2196 3835 2329 3889 Εἶπε
2360 3832 2416 3889 δὲ
2464 3828 2605 3889 ἀϐϐἆ
2652 3830 2847 3891 Ἀνοὺϐ
2897 3836 3035 3909 πρὸς
3084 3837 3286 3899 αὐτούς
3321 3880 3335 3893 .
3388 3838 3710 3917 Εὐλογητὸς
3738 3844 3764 3896 6

2123 3924 2251 3986 Θεὸς
2284 3926 2311 3978 6
2341 3922 2509 3997 κάμοὶ
2540 3929 2707 3979 ταῦτα
2737 3926 3031 3999 γνωρίσας,
3061 3928 3149 3981 καὶ
3188 3929 3288 3995 τήν
3341 3928 3494 4001 ὑμῶν
3554 3951 3764 4005 παρου-

2120 4014 2234 4067 σίαν
2268 4015 2354 4068 καὶ
2402 4014 2705 4070 πολιτείαν.
2756 4014 2941 4071 Εἰπὼν
2991 4012 3047 4070 δὲ
3095 4014 3322 4071 ἑκάστου
3368 4017 3434 4072 τὰ
3480 4022 3765 4095 κατορθώ-

2122 4125 2283 4176 ματα,
2314 4103 2402 4158 καὶ
2433 4105 2497 4157 τὰ
2530 4104 2719 4158 ἑαυτοῦ
2766 4102 2959 4159 λοιπὸν
3011 4104 3278 4180 ἐξηγεῖτο,
3330 4105 3525 4184 λέγων·
3562 4109 3653 4180 Ἐξ
3703 4110 3762 4164 οὗ

2116 4193 2179 4247 τὸ
2211 4199 2465 4267 Σωτῆρος
2490 4191 2664 4266 ὄνομα
2686 4191 2773 4247 ἐπὶ
2794 4200 2893 4263 τῆς
2913 4201 3015 4269 γῆς
3035 4194 3396 4272 ὡμολόγησα,
3421 4196 3483 4251 οὐ
3515 4198 3763 4273 προῆλθε

2116 4279 2312 4356 ψεῦδος
2340 4282 2399 4336 ἐκ
2425 4286 2520 4336 τοῦ
2554 4284 2822 4355 στόματός
2859 4304 2983 4357 μου,
3018 4286 3209 4360 γήϊνον
3258 4284 3413 4342 οὐδὲν
3466 4285 3759 4363 διῃτήθην,

2112 4375 2207 4425 τοῦ
2240 4370 2472 4446 ἀγγέλου
2509 4392 2575 4444 με
2606 4374 2835 4446 ἡμέριον
2866 4372 3158 4447 τρέφοντος
3196 4377 3295 4444 τὴν
3328 4376 3583 4451 οὐράνιον
3626 4400 3759 4452 τρο-

2112 4462 2215 4537 φήν
2252 4477 2263 4490 '
2299 4459 2429 4515 οὐδὲ
2486 4462 2670 4536 ἑτέρου
2729 4463 2875 4523 τινὸς
2932 4461 3192 4537 ἐπιθυμία
3247 4465 3483 4535 ἀνῆλθεν
3531 4468 3607 4529 εἰς
3654 4470 3755 4535 τὴν

434 4542 675 4599 Ἀλλοτε
707 4540 764 4598 δέ
798 4563 905 4629 μου
934 4542 1228 4616 παριόντος
1263 4542 1350 4600 διὰ
1382 4550 1511 4601 ναοῦ
1540 4569 1706 4621 τινος,
1727 4551 1867 4613 τινες
1898 4553 2004 4607 τῶν
2036 4550 2083 4615 Ι)
2114 4546 2333 4622 καρδίαν
2368 4570 2492 4622 μου,
2526 4549 2674 4620 πλὴν
2732 4552 2767 4619 ἢ
2826 4554 2923 4606 τοῦ
2982 4558 3137 4610 Θεοῦ.
3197 4552 3337 4611 Οὐδὲ
3394 4555 3697 4629 ἀπέκρυψεν
3727 4558 3754 4609 6

361 4635 519 4689 ἐθνῶν
553 4637 669 4697 τοῖς
703 4628 961 4694 εἰδώλοις
993 4631 1165 4687 αὐτῶν
1212 4636 1489 4705 έθυσίαζον
1527 4654 1540 4668 ·
1583 4638 1733 4693 εἶπον
1788 4637 1845 4695 8‘s
1901 4642 1997 4695 αὐ-

356 4730 469 4785 τοῖς
496 4744 506 4756 ·
536 4722 599 4778 Εἰ
621 4720 841 4800 λογικοὶ
870 4719 1041 4793 ὄντες,
1076 4720 1299 4799 ἀλόγοις
1321 4726 1373 4779 τί
1395 4724 1543 4781 θύετε
1568 4747 1581 4798 ;
1605 4728 1695 4783 καὶ
1723 4730 1879 4801 ὑμεῖς
1900 4730 1997 4785 αὐ-

352 4817 459 4867 τῶν
496 4812 611 4867 ἐστε
643 4810 837 4867 λοιπὸν
876 4811 1238 4885 ἀλογώτεροι.
1272 4816 1331 4868 Οἱ
1374 4812 1431 4868 δὲ
1480 4814 1553 4876 ὡς
1584 4816 1767 4878 καλῶς
1791 4818 1994 4874 εἰπόντι

353 4901 548 4962 εὐθέως
586 4923 677 4973 μοι
710 4900 1122 4972 ἠκολούθησαν,
1155 4907 1232 4974 τῷ
1264 4909 1485 4978 Σωτῆρι
1519 4906 1922 4969 πιστεύσαντες.

423 4992 613 5061 Κήπου
647 4987 702 5045 δέ
738 4992 830 5063 μοί
864 5012 995 5046 ποτε
1026 4990 1078 5046 ἐν
1110 4995 1177 5065 τῇ
1206 4991 1440 5063 πλησίον
1484 4994 1645 5071 χώρᾳ
1706 4997 1993 5077 ὑπάρχον-

349 5103 443 5144 τος
489 5077 577 5136 διά
633 5080 730 5149 τήν
783 5078 1092 5158 ἐρχομένην
1135 5082 1273 5156 πρὸς
1323 5085 1471 5157 ἡμᾶς
1537 5082 1869 5157 ἀδελότητα,
1900 5092 1989 5143 καί

346 5171 463 5233 ἑνός
504 5192 651 5232 τινος
710 5169 868 5224 αὐτὸν
922 5173 1158 5241 πένητος
1206 5172 1585 5248 ἐργαζομένου,
1632 5177 1850 5246 εἰσῆλθέ
1905 5200 1989 5241 τις

343 5266 451 5316 τῶν
485 5259 770 5331 Ἑλλήνων
811 5258 1047 5329 συλῆσαι
1089 5261 1157 5315 τά
1202 5259 1433 5336 λάχανα.
1488 5267 1578 5329 Ὦς
1638 5262 1694 5321 δὲ
1745 5266 1987 5338 συλήσας

344 5348 608 5421 ἀπῆλθεν,
665 5346 771 5411 ἕως
816 5356 915 5419 τῆς
973 5349 1165 5423 τρίτης
1223 5352 1433 5425 ἡμέρας
1499 5352 1641 5425 ἐψεῖν
1701 5354 1836 5411 αὐτᾶ
1890 5358 1987 5412 οὐκ

346 5433 588 5501 ἐδυνάτο,
622 5437 747 5494 ἀλλ’
780 5437 989 5512 ἔμειναν
1016 5440 1067 5495 ἐν
1100 5444 1168 5514 τῇ
1203 5436 1396 5511 λέϐητι
1439 5442 1531 5495 οἶά
1570 5463 1667 5517 περ
1716 5448 1805 5499 καὶ
1854 5446 1984 5519 ἐλή-

345 5527 575 5603 φθησαν,
638 5530 713 5598 μή
773 5529 1200 5604 θερμαινομένου
1250 5529 1398 5593 ὅλως
1455 5534 1551 5586 τοῦ
1627 5531 1839 5598 ὕδατος.
1892 5538 1985 5592 Ἐκ

343 5618 519 5688 ἐαυτῷ
567 5613 624 5670 δὲ
666 5620 950 5692 γενόμενος
1010 5622 1037 5677 6
1095 5622 1255 5698 ἀνὴρ,
1314 5619 1600 5680 ἀναλαϐὼν
1642 5627 1710 5683 τά
1743 5626 1981 5703 λάχανα,

2093 5535 2360 5613 ἀγγέλους
2393 5540 2559 5595 αὐτοῦ
2601 5539 3009 5615 κολαζομένους
3039 5562 3053 5575 '
3112 5540 3227 5598 ἴδον
3263 5562 3278 5578 ⁸

2108 4637 2237 4700 Θεός
2263 4660 2316 4695 τι
2346 4644 2452 4694 τῶν
2483 4639 2756 4715 ἐπιγείων,
2789 4641 2817 4698 ’ὀ
2858 4641 2956 4697 οὐκ
3004 4642 3264 4718 ἐγνώρισέ
3299 4665 3414 4717 μοι.
3448 4645 3565 4702 Οὐκ
3595 4642 3750 4717 ἔληξε

2106 4735 2222 4809 φῶς
2275 4735 2390 4792 τοῖς
2459 4733 2767 4807 ὀφθαλμοῖς
2840 4756 2943 4808 μου
2973 4753 2988 4769 ’
3047 4733 3146 4791 οὐκ
3185 4735 3237 4790 ἐν
3283 4736 3467 4813 ἡμέρᾳ
3504 4737 3750 4807 ὕπνωσα,

2106 4822 2207 4875 οὐκ
2237 4820 2288 4876 ἐν
2317 4822 2468 4878 νυκτὶ
2518 4822 2923 4898 ἀνεπαυσάμην,
2956 4826 3045 4880 τὸν
3099 4826 3226 4881 Θεὸν
3271 4826 3542 4899 ἐκζητῶν,
3606 4826 3754 4882 ἀλλὰ

2102 4907 2334 4986 ἄγγελός
2371 4931 2463 4984 μοι
2497 4919 2673 4986 παρῆν
2704 4911 2805 4983 ἀεὶ,
2839 4915 2934 4975 τὰς
2960 4918 3057 4969 τοῦ
3086 4914 3298 4990 κόσμου
3338 4913 3593 4989 δυνάμεις
3626 4916 3748 4971 ἐπι-

2104 4998 2399 5057 δεικνύωνο
2440 5004 2502 5058 τὸ
2536 5006 2649 5081 φῶς
2698 5010 2799 5073 τῆς
2860 5001 3096 5066 διανοίας
3149 5027 3254 5078 μου
3312 5006 3409 5062 οὐκ
3468 5002 3697 5077 ἐσϐέσθη
3733 5027 3746 5041 ·

2101 5096 2203 5145 πᾶν
2229 5089 2439 5165 αἴτημα
2479 5095 2625 5168 παρά
2672 5098 2805 5149 Θεοῦ
2858 5115 2961 5167 μου
3008 5094 3159 5158 εὐθὺς
3208 5092 3538 5170 ἐλάμϐανον.
3600 5095 3747 5153 Ἴδον

2100 5177 2371 5241 πολλάκις
2405 5181 2669 5255 μυριάδας
2718 5182 2969 5261 ἀγγέλων
3032 5189 3111 5257 τῷ
3170 5190 3288 5258 Θεῷ
3341 5188 3695 5261 παρεστώσας
3732 5208 3746 5220 ·

2100 5266 2212 5323 ἴδον
2246 5269 2453 5344 χοροὺς
2501 5269 2724 5327 δικαίων
2757 5314 2771 5328 .
2834 5271 2948 5327 ἴδον
3009 5273 3296 5350 μαρτύρων
3356 5275 3698 5350 άθροίσματα
3731 5298 3746 5312 ο

2098 5354 2212 5413 ἴδον
2246 5358 2461 5415 πάντων
2494 5362 2555 5416 τὸ
2596 5360 2748 5437 ἔργον
2800 5366 2908 5418 τῶν
2947 5363 3040 5419 τὸν
3101 5365 3227 5419 Θεὸν
3290 5364 3693 5441 εὐφημούντων
3730 5386 3743 5402 ο

2096 5445 2211 5503 ἴδον
2266 5449 2357 5502 τὸν
2410 5455 2647 5505 Σατανᾶν
2707 5452 2837 5524 πυρὶ
2894 5450 3330 5527 παραδιδόμενον
3381 5473 3396 5486 '
3460 5452 3575 5509 ἴδον
3608 5455 3736 5518 τοῦς

3327 5545 3455 5605 τοὺς
3497 5541 3748 5607 δικαίους

2093 5628 2329 5692 αἰωνίως
2371 5629 2854 5707 εὐφραινομένους.
2915 5637 3087 5690 Ταῦτα
3140 5631 3197 5690 δὲ
3252 5633 3339 5689 καί
3403 5632 3551 5690 ἄλλα
3600 5634 3744 5693 πολ-
