4112 6210
265 375 423 438 1157
1611 372 1953 435 HISTORIA

2074 375 2448 442 .AUSIACA.
3629 392 3786 454 1158

263 508 453 566 Filloli
488 509 623 577 mei,
683 524 794 562 non
865 507 1166 576 oportebat
1211 522 1299 562 me
1345 505 1580 578 gloriari
1630 508 1782 576 apud
1843 523 1963 573 vos,
1996 506 2050 573 Α
2081 511 2508 568 condonaretur
2536 517 2815 581 erratum,
2849 518 2907 570 et
2937 518 3001 569 ut
3033 515 3595 590 fieretChristianus,
3628 525 3787 594 quod

260 601 455 672 neque
485 616 554 655 ea
585 599 891 655 enuntiare
923 614 1048 668 quae
1106 602 1266 668 gesta
1298 601 1436 651 sunt
1467 614 1498 651 a
1547 596 1812 652 Patribus
1840 622 1854 661 ;
1898 613 1967 652 ne
2073 599 2250 654 etiam
2283 602 2494 658 factum
2528 608 2634 658 est.
2672 604 2848 660 Erant
2877 611 3067 660 autem
3107 605 3212 661 hac
3239 605 3369 678 ipsa
3399 608 3539 665 hora
3583 610 3785 682 hospi-

261 694 462 745 mente
567 688 704 745 elati
807 687 1148 742 amittamus
1250 686 1566 741 mercedem
1605 702 1618 739 :
1734 694 1968 756 propter
2073 689 2159 741 tes
2192 689 2398 746 fratres
2429 693 2528 762 qui
2559 694 2626 748 ad
2671 711 2776 749 nos
2806 698 3127 749 venerant:
3173 700 3410 768 prepter
3456 715 3604 770 quos
3635 704 3788 756 tem-

259 781 525 836 studium
586 786 779 835 autem
849 784 1096 834 vestrum
1147 778 1204 830 et
1261 773 1587 843 utilitatem,
1641 777 1792 845 quod
1843 780 1964 832 tam
2073 775 2295 844 pestive
2325 779 2642 836 admodum
2677 783 2746 838 ad
2783 800 2888 839 nos
2920 781 3099 840 allata
3120 789 3258 840 sunt
3278 786 3455 842 olera.
3491 789 3625 853 Quae
3649 805 3782 846 cum

259 870 466 942 procul
500 871 568 924 ad
604 886 712 924 nos
761 866 1030 932 venistis,
1059 881 1175 922 non
1218 865 1493 920 fraudabo
1527 881 1628 920 vos
1680 867 1960 936 utilitate;

260 960 367 1015 sed
399 975 526 1030 qua:
559 975 660 1030 per
689 974 796 1014 nos
846 957 1115 1012 Servator
1160 954 1360 1026 gessit,
1401 955 1649 1009 narrabo
1709 971 1966 1025 praesen-

260 1049 422 1105 tibus
445 1049 740 1104 fratribus.

333 1138 558 1194 Sterilis
591 1142 716 1193 erat
735 1153 872 1208 ager
904 1135 1005 1208 qui
1035 1139 1122 1190 est
1154 1151 1327 1208 prepe
1358 1151 1484 1200 nos,
1517 1137 1574 1190 et
1617 1135 1812 1191 rustici
1863 1135 1964 1206 qui

261 1228 452 1297 ipsum
490 1227 892 1299 possidebant,
920 1225 1298 1293 seminantes,
1329 1224 1419 1279 vix
1453 1240 1649 1279 semen
1695 1223 1966 1296 duplica-

259 1324 383 1371 tum
410 1317 736 1382 metebant;
773 1315 986 1372 vermis
1017 1314 1170 1370 enim
1206 1329 1451 1368 nascens
1476 1311 1534 1366 in
1566 1313 1748 1383 spica,
1780 1318 1961 1370 totam

263 1421 513 1461 messem
546 1407 973 1476 corrumpebat.
1007 1401 1286 1474 Agricolts
1319 1404 1515 1457 autem
1547 1402 1898 1458 catechismo
1929 1422 1962 1460 a

257 1497 427 1552 nobis
458 1496 732 1561 instituti,
759 1503 811 1551 et
842 1494 1030 1551 etl‘ecti
1061 1492 1399 1556 Christiani,
1431 1500 1709 1564 rogarunt
1753 1509 1860 1548 nos
1898 1497 1963 1549 ut

258 1602 561 1641 oraremus
598 1602 699 1657 pro
733 1601 942 1641 messe.
978 1581 1105 1637 Dixi
1147 1585 1340 1638 autem
1374 1581 1457 1637 eis
1492 1597 1505 1637 :
1535 1581 1592 1635 8i
1626 1581 1851 1638 habetis
1890 1582 1958 1636 fi-

255 1676 463 1731 demin
495 1675 698 1742 Deum,
732 1673 817 1729 vel
850 1688 1027 1728 arena
1057 1671 1266 1727 deserti
1317 1670 1572 1726 fructum
1602 1670 1766 1726 vobis
1824 1670 1962 1727 affe-

258 1769 370 1820 ret.
393 1764 435 1819 Ii
471 1768 666 1819 autem
689 1763 832 1818 nihil
867 1761 1142 1828 cunctati,
1175 1777 1308 1816 cum
1367 1760 1474 1816 hac
1514 1776 1710 1829 arena,
1742 1777 1869 1832 qua:
1926 1778 1960 1816 a

2073 864 2551 938 comedissemus,
2584 870 2814 941 egimus
2858 872 3104 928 Domino
3161 874 3401 945 gratias,
3443 876 3660 948 duplici
3693 895 3786 934 ao-

2069 959 2238 1024 cepta
2266 955 2490 1026 laetitia,
2523 968 2577 1014 et
2625 977 2693 1016 ex
2741 962 2928 1018 salute
2978 963 3256 1034 hominis,
3293 969 3350 1021 et
3377 982 3444 1022 ex
3475 966 3784 1025 refectione

2072 1046 2345 1105 fratrum.

2743 1141 2979 1196 CAPUT
3007 1147 3117 1198 LV.

2649 1232 2776 1286 Vita
2816 1231 3032 1286 abbatis
3070 1232 3218 1287 Suri.

2139 1313 2331 1370 Ahbas
2361 1320 2555 1372 autem
2588 1319 2796 1388 Surus,
2830 1319 3042 1390 inquit,
3076 1324 3134 1374 et
3185 1321 3362 1376 Isaias
3417 1321 3608 1395 (Ra/7.,
3640 1327 3679 1380 Ι.
3722 1343 3787 1396 ιι,

2067 1415 2186 1470 cap.
2222 1402 2335 1473 10),
2367 1411 2420 1458 et
2477 1404 2693 1460 Paulus
2724 1406 2835 1461 sibi
2871 1405 3114 1462 invicem
3144 1416 3376 1479 repente
3406 1417 3786 1468 occurrerunt

2065 1488 2139 1544 ad
2169 1489 2435 1559 ﬂuvium,
2459 1493 2567 1547 viri
2599 1494 2676 1563 pii
2709 1499 2766 1550 et
2795 1496 3012 1566 egregii
3070 1497 3503 1568 exercitatores,
3535 1500 3781 1556 invisuri

2069 1593 2349 1648 magnum
2383 1579 2653 1636 abbatem
2694 1583 2928 1654 Anuph.
2990 1584 3252 1642 Distabat
3301 1592 3497 1643 autem
3565 1604 3768 1646 eorum

2067 1667 2442 1725 intervallum
2491 1671 2682 1728 tribus
2742 1672 3146 1730 mansionibus
3180 1689 3194 1742 ;
3227 1680 3285 1730 et
3331 1675 3536 1733 dicunt
3582 1680 3654 1734 ad
3711 1696 3774 1736 se

2063 1756 2316 1813 invicem
2353 1775 2367 1813 :
2400 1759 2680 1816 Ostendat
2713 1763 3115 1835 unusquisque
3146 1769 3416 1820 nostrum
3447 1781 3619 1823 suum
3642 1768 3774 1826 vita

256 1854 425 1910 nobis
453 1853 736 1916 calcatur,
757 1852 922 1906 sinus
959 1851 1321 1922 implessent.
1383 1849 1724 1917 attulerunt,
1754 1865 1959 1920 rogan-
1989 1870 2038 1934 Β
2067 1847 2428 1916 institutum,
2461 1855 2516 1906 et
2546 1853 3044 1922 quemadmodum
3079 1853 3186 1910 fuit
3216 1855 3274 1909 in
3306 1855 3414 1910 hac
3444 1857 3564 1912 vita
3603 1875 3637 1913 a
3663 1859 3778 1916 Deo

257 1948 346 1997 tes
373 1946 434 1996 ut
458 1941 956 1997 benediceremus.
992 1939 1276 2010 Posquam
1330 1943 1522 1994 autem
1573 1954 1702 1994 sum
1760 1955 1957 2010 preca-

257 2036 355 2086 tus
388 2035 448 2085 ut
481 2030 597 2086 illis
637 2031 795 2085 fieret
825 2029 1145 2084 secundum
1192 2029 1448 2098 ipsorum
1474 2029 1663 2098 fidem,
1687 2029 1796 2100 ipsi
1829 2045 1957 2086 eam

255 2138 384 2177 cum
416 2122 710 2176 frumento
741 2121 1107 2175 seminarunt
1145 2122 1202 2174 in
1245 2119 1400 2174 arvis
1431 2119 1556 2174 suis
1581 2137 1595 2185 ;
1621 2123 1678 2174 et
1726 2126 1960 2190 repente

254 2227 452 2267 eorum
484 2227 620 2282 ager
651 2212 728 2266 ita
761 2210 1161 2280 multiplicavit
1194 2211 1465 2274 fructum,
1497 2213 1560 2264 ut
1589 2225 1822 2265 omnem
1859 2225 1958 2264 su-

257 2305 482 2371 peraret
531 2301 860 2372 IEgyptum.
923 2300 1040 2356 Hoc
1089 2315 1224 2370 ergo
1297 2299 1483 2354 facere
1540 2299 1715 2366 soliti,
1790 2299 1958 2355 nobis

253 2391 567 2458 quotannis
590 2389 868 2445 exhibent
898 2388 1248 2443 molestiam.
1289 2387 1473 2444 Unum
1507 2394 1720 2452 autem,
1742 2387 1953 2458 inquit,

252 2492 530 2548 magnum
569 2476 916 2532 miraculum
949 2475 1195 2547 praebuit
1216 2474 1359 2529 mihi
1391 2475 1545 2529 Deus
1577 2475 1777 2530 multis
1799 2491 1954 2546 pra:-

249 2566 540 2623 sentibus.
572 2567 711 2620 Cum
743 2565 898 2620 enim
934 2565 990 2619 in
1021 2565 1308 2620 civitatem
1343 2563 1655 2635 aliquando
1712 2563 1952 2620 descen-

250 2655 494 2715 dissem.
527 2654 716 2709 inveni
741 2655 1047 2724 quemdam
1082 2653 1265 2708 virum
1298 2652 1683 2708 Manichaeum
1716 2654 1816 2723 qui
1848 2670 1952 2724 po-

247 2744 419 2816 pulos
443 2745 756 2800 seduxerat
780 2762 793 2811 ;
819 2761 951 2799 cum
984 2748 1178 2799 autem
1212 2759 1323 2798 non
1358 2759 1591 2814 possem
1637 2743 1686 2798 ei
1722 2742 1952 2814 publice

247 2835 618 2904 persuadere,
670 2834 789 2889 dixi
837 2849 1147 2889 conversus
1205 2833 1273 2887 ad
1324 2831 1793 2888 multitudinem:
1829 2832 1952 2887 Ma-

250 2937 433 2993 gnum
461 2938 668 2994 rogum
697 2922 750 2976 in
799 2923 990 2994 platea
1021 2922 1334 2989 accendite,
1366 2925 1422 2976 et
1459 2921 1862 2992 ingrediamur
1892 2921 1947 2976 in

249 3011 577 3068 flammam:
613 3021 664 3068 et
687 3012 784 3084 qui
808 3030 876 3068 ex
909 3012 1074 3068 nobis
1101 3011 1317 3066 illaasus
1341 3028 1372 3066 a
1393 3012 1630 3066 flamma
1646 3010 1948 3080 manserit,

246 3101 298 3156 is
320 3100 496 3156 habet
527 3100 733 3157 bonam
765 3102 958 3157 fidem.
992 3102 1302 3172 Postquam
1335 3105 1527 3156 autem
1585 3099 1691 3154 hoc
1730 3099 1946 3155 factum

133 3184 144 3190 ’
241 3193 351 3256 est,
386 3195 443 3246 et
475 3190 650 3246 turba;
683 3205 920 3261 regnum
946 3189 1058 3246 cito
1087 3187 1696 3260 accenderunt,ipsum
1720 3201 1945 3243 mecum

244 3280 554 3337 trahebant
583 3281 640 3336 in
684 3281 901 3353 ignem.
936 3281 987 3336 Is
1039 3285 1231 3336 autem
1290 3279 1479 3336 dicit:
1538 3278 1949 3350 Unusquisque

243 3387 508 3428 seorsum
542 3369 921 3444 ingrediatur,
955 3369 1099 3426 debe
1122 3386 1249 3440 quae
1295 3369 1515 3439 primus
1564 3368 1786 3440 ingredi
1845 3367 1946 3438 qui

234 3463 497 3536 jussisti.
531 3464 676 3519 Cum
716 3471 906 3518 autem
940 3462 998 3516 in
1034 3461 1268 3516 nomine
1316 3461 1527 3516 Christi
1561 3460 1822 3530 signatus
1868 3475 1951 3514 es-

239 3567 364 3608 sem
386 3551 707 3622 ingressus,
740 3551 976 3606 flamma
1007 3550 1065 3605 in
1115 3549 1268 3606 hanc
1309 3552 1366 3604 et
1395 3548 1555 3604 illam
1585 3552 1805 3620 partem
1856 3547 1942 3602 di-

239 3640 389 3711 visa,
414 3655 505 3696 me
536 3638 694 3696 nulla
719 3640 909 3697 affecit
946 3638 1235 3707 molestia,
1269 3653 1400 3695 cum
1424 3637 1776 3694 semihoram
1800 3638 1856 3694 in
1878 3655 1946 3694 ea

239 3745 432 3786 essem
483 3737 761 3785 moratus.
795 3729 997 3785 Turbae
1045 3733 1241 3784 autem
1270 3728 1391 3783 viso
1440 3726 1720 3782 miraculo
1751 3728 1950 3783 excla-

243 3823 502 3888 marunt,
553 3822 608 3874 et
638 3819 920 3890 cogebant
950 3816 1116 3871 illum
1153 3833 1351 3887 pyram
1387 3816 1716 3885 pervadere,
1769 3815 1820 3869 is
1852 3833 1948 3871 au-

238 3918 357 3964 tem
394 3907 648 3975 nolebat,
679 3908 888 3962 timore
921 3906 1185 3961 affectus.
1220 3903 1364 3958 Cum
1399 3919 1530 3957 eum
1572 3907 1761 3958 autem
1787 3921 1952 3959 acce-

236 3997 462 4067 pissent
502 3995 722 4068 pepuli,
757 3996 815 4049 in
891 3994 1144 4049 medium
1199 3995 1644 4063 protruserunt;
1696 3996 1752 4046 et
1793 3997 1951 4048 totus

241 4087 487 4141 ﬂamma
503 4085 827 4141 ambustus,
863 4083 1078 4151 ejectus
1100 4085 1188 4137 est
1217 4096 1247 4136 e
1278 4079 1525 4144 civitate,
1560 4081 1953 4140 clamantibus

241 4175 481 4248 populis
513 4173 793 4229 :Planum
822 4172 1102 4226 viventem
1135 4170 1379 4224 exurite.
1432 4169 1521 4224 Me
1551 4174 1740 4225 autem
1773 4173 1951 4227 turbae

241 4263 618 4336 accipientes,
652 4266 708 4317 et
738 4260 1013 4316 laudibus
1045 4264 1480 4331 prosequentes,
1507 4259 1952 4317 deduxeruntin

243 4353 575 4411 ecclesiam.

315 4447 456 4502 Cum
490 4447 688 4498 autem
714 4457 819 4513 ego
849 4440 1163 4512 aliquando
1195 4455 1294 4511 per
1317 4439 1604 4510 quoddam
1664 4441 1952 4513 templum

245 4533 584 4596 transirem.
616 4531 854 4603 quidam
887 4545 955 4586 ex
999 4530 1268 4602 gentibus
1300 4528 1423 4586 suis
1468 4527 1637 4585 idolis
1667 4532 1954 4587 sacrifica-

2071 1938 2409 1995 honoratus.
2438 1941 2632 1997 Abbas
2655 1950 2847 2000 autem
2879 1944 3063 2000 Surus
3114 1944 3230 2000 dixi
3263 1946 3387 2001 eis:
3437 1947 3575 2004 Peto
3601 1965 3631 2002 a
3665 1949 3778 2005 Deo

2067 2029 2308 2098 donum,
2342 2033 2406 2085 ut
2435 2047 2540 2087 nos
2571 2031 2782 2088 virtute
2839 2034 3080 2105 spiritus
3139 2034 3417 2092 indefessi
3448 2038 3519 2091 ad
3579 2037 3776 2094 locum

2067 2119 2511 2189 perveniamus;
2545 2125 2602 2177 et
2631 2136 2765 2178 cum
2797 2123 2922 2194 ipse
2951 2124 3140 2179 solum
3181 2130 3425 2192 orasset,
3466 2125 3775 2184 inventum

2066 2212 2154 2264 est
2187 2209 2450 2280 protinus
2487 2214 2755 2281 paratum
2789 2212 3105 2284 navigium,
3130 2221 3185 2271 et
3214 2219 3423 2270 ventus
3455 2218 3773 2288 secundus,

2067 2300 2125 2351 et
2157 2300 2450 2354 momento
2481 2299 2761 2371 temporis
2785 2300 3000 2356 inventi
3030 2304 3170 2357 sunt
3216 2302 3275 2358 in
3322 2300 3464 2369 loco,
3498 2319 3630 2360 cum
3659 2305 3774 2361 ad-

2065 2399 2228 2440 verso
2259 2385 2498 2441 ﬂumine
2521 2388 2908 2458 navigassent.

2723 2478 2954 2534 CAPUT
2983 2479 3122 2534 LVI.

2634 2568 2748 2623 Vita
2780 2569 3006 2624 abbati:
3025 2571 3202 2628 Isaiae.

2136 2653 2314 2709 Isaias
2345 2657 2545 2710 autem
2574 2655 2718 2711 dicit
2745 2657 2830 2713 eis
2869 2674 2881 2712 :
2912 2659 2980 2713 Et
3001 2658 3141 2729 quid
3173 2659 3411 2728 mirum,
3445 2677 3478 2716 ο
3505 2661 3699 2733 amici,
3719 2665 3769 2720 si

2063 2742 2147 2795 vir
2179 2741 2348 2798 nobis
2377 2746 2716 2814 occurrerit,
2749 2746 2849 2817 qui
2881 2746 3061 2803 vitam
3085 2753 3279 2805 narret
3309 2749 3772 2823 uniuscujusque

2061 2830 2256 2902 (Ruﬁl,
2288 2829 2384 2886 lib.
2411 2847 2475 2900 ιι,
2497 2848 2616 2903 cap.
2660 2834 2749 2901 10)
2770 2833 2798 2888 ?

2681 2923 2918 2979 CAPUT
2961 2924 3128 2982 LVII.
3201 2957 3212 2962 κ

2623 3011 2754 3065 Vita
2785 3011 2993 3067 abbatis
3021 3013 3214 3069 Pauli.

2130 3098 2348 3153 Paulus
2381 3101 2578 3153 autem
2613 3097 2754 3154 dicit
2783 3100 2867 3155 eis
2898 3117 2911 3154 :
2943 3100 3002 3156 Si
3037 3102 3186 3158 Deus
3219 3103 3386 3159 nobis
3434 3106 3769 3164 revelaverit

2060 3185 2216 3256 quod
2253 3191 2381 3255 post
2412 3188 2531 3240 tres
2562 3185 2688 3241 dies
2717 3187 2968 3244 assumit
3021 3187 3366 3245 hominem?
3395 3190 3540 3247 Cum
3573 3200 3765 3250 autem

2061 3271 2235 3344 paulo
2267 3272 2511 3331 ulterius
2535 3274 2972 3345 processissent.
2997 3276 3088 3331 vir
3101 3277 3186 3332 eis
3216 3277 3446 3334 obviam
3460 3279 3648 3336 factus
3669 3297 3766 3337 eos

2057 3361 2302 3429 salutat;
2328 3360 2543 3418 Paulus
2574 3367 2768 3419 autem
2799 3364 2849 3421 ei
2882 3363 3022 3421 dicit
3055 3381 3069 3420 :
3096 3365 3195 3420 Dic
3225 3366 3396 3423 nobis
3439 3384 3566 3440 quae
3614 3373 3768 3426 recte

2056 3450 2278 3524 gessisti
2306 3469 2320 3519 ;
2347 3467 2484 3507 nam
2525 3456 2653 3523 post
2683 3454 3008 3510 crastinum
3049 3455 3202 3511 diem
3254 3456 3441 3514 abibis
3475 3460 3547 3515 ad
3582 3458 3767 3518 Deum

2056 3541 2312 3612 (Ruf/im,
2345 3540 2384 3596 ι.
2411 3556 2472 3609 ιι,
2505 3558 2623 3613 cap.
2657 3543 2767 3614 10).

2680 3630 2916 3687 CAPUT
2945 3631 3142 3689 LVIII.

2528 3723 2640 3776 Vita
2665 3721 2876 3776 abbatis
2911 3723 3108 3793 Anuph
3135 3723 3304 3795 (103).

2130 3807 2284 3863 Dixit
2305 3811 2597 3865 autemeis
2619 3809 2829 3880 Anuph
2865 3824 2880 3864 :
2915 3811 3258 3868 Benedictus
3283 3813 3456 3882 Deus,
3490 3816 3590 3886 qui
3622 3818 3767 3873 mihi

2062 3896 2180 3951 haec
2211 3913 2440 3968 quoque
2469 3898 2744 3968 signavit,
2771 3901 2829 3952 et
2859 3907 3114 3954 vestrum
3158 3899 3284 3956 vitae
3345 3903 3679 3959 institutum
3712 3911 3770 3961 et

2060 3985 2370 4040 adventum
2396 3986 2653 4056 (Ru/ﬁn.,
2690 3990 2730 4039 ι.
2766 4002 2829 4052 ιι,
2861 4002 2980 4058 cap.
3019 3987 3127 4056 10).
3175 3987 3313 4042 Cum
3354 3997 3545 4045 autem
3586 3991 3766 4048 dixis.

2062 4076 2148 4128 set
2171 4091 2297 4144 quae
2329 4073 2736 4144 unusquisque
2765 4090 2965 4130 eorum
2996 4082 3145 4131 recte
3177 4081 3453 4145 gesserat,
3499 4080 3769 4149 exposuit

2061 4160 2357 4231 deinceps,
2389 4178 2514 4232 quae
2548 4161 2667 4232 ipse
2723 4163 2959 4229 faceret,
2984 4162 3220 4218 dicens:
3253 4164 3332 4219 Ex
3358 4180 3475 4237 quo
3505 4165 3768 4224 Servato-

2063 4248 2143 4304 ris
2178 4265 2384 4304 nomen
2419 4250 2717 4320 professus
2745 4267 2872 4306 sum
2924 4252 2981 4305 in
3023 4265 3194 4318 terra,
3227 4269 3292 4308 ex
3322 4268 3422 4310 ore
3470 4271 3598 4312 meo
3650 4273 3766 4314 non

2062 4341 2150 4393 est
2169 4355 2470 4411 egressum
2488 4341 2858 4396 mendacium
2889 4341 3162 4398 :humani
3199 4343 3311 4398 cibi
3349 4343 3495 4400 nihil
3517 4348 3766 4420 sumpsi,

2065 4443 2155 4482 me
2229 4427 2444 4484 caelesti
2518 4428 2796 4485 alimento
2890 4429 3081 4487 alente
3156 4432 3416 4504 quotidie
3508 4435 3765 4509 angelo:

2063 4515 2284 4572 nullius
2314 4517 2556 4575 alterius
2587 4519 2666 4573 rei
2699 4518 2991 4591 cupiditas
3021 4520 3082 4577 in
3111 4537 3208 4577 cor
3238 4537 3433 4579 meum
3483 4525 3765 4594 ascendit,

245 4623 550 4682 bant.Dixi
587 4627 781 4678 autem
813 4621 896 4677 eis
925 4638 936 4676 :
972 4621 1088 4677 Cur
1117 4637 1248 4677 cum
1279 4621 1409 4676 sitis
1439 4620 1753 4693 participes
1775 4623 1945 4678 ratio-
1983 4609 2029 4673 D
2063 4609 2446 4678 ρι’ωιθτίιυααι
2479 4607 2577 4664 θεῖ
2603 4627 2623 4674 ;
2649 4607 2882 4665 nihile!
2941 4610 3116 4666 rebus
3165 4612 3414 4669 terrenis
3461 4615 3770 4672 occultavit

243 4719 360 4788 nis,
382 4713 731 4773 sacrificatis
794 4713 866 4769 iis
898 4729 1024 4785 quas
1045 4716 1246 4769 carent
1285 4713 1509 4768 ratione
1535 4728 1548 4766 :
1579 4728 1792 4783 vosque
1817 4714 1960 4771 estis

243 4809 316 4864 de
346 4811 552 4863 caetero
584 4806 656 4862 iis
681 4805 871 4877 magis
904 4807 1168 4877 expertes
1204 4802 1445 4859 rationis
1467 4802 1495 4856 ‘I
1524 4801 1611 4857 Illi
1643 4807 1861 4871 autem,
1897 4808 1959 4860 ut

243 4895 342 4966 qui
371 4897 523 4949 recte
553 4892 856 4960 dixissem,
892 4906 986 4946 me
1016 4889 1212 4946 statim
1247 4896 1383 4944 sunt
1427 4888 1631 4953 secuti,
1656 4889 1955 4947 credentes

243 4981 551 5039 Servatori.

317 5075 458 5128 Cum
491 5075 682 5126 autem
716 5075 870 5128 esset
906 5071 1048 5126 mihi
1099 5069 1410 5141 aliquando
1464 5069 1666 5126 hortus
1723 5070 1782 5125 in
1813 5087 1949 5140 agro

244 5162 593 5234 prepinquo,
627 5166 854 5232 propter
884 5177 1010 5216 eam
1043 5175 1165 5231 quae
1209 5160 1280 5215 ad
1312 5175 1418 5215 nos
1438 5159 1705 5215 veniebat
1743 5160 1949 5216 frater-

244 5251 511 5319 nitatem,
543 5254 600 5306 et
620 5250 858 5322 quidam
894 5265 1112 5321 pauper
1143 5265 1272 5305 eum
1332 5253 1684 5320 operaretur,
1724 5249 1948 5320 ingres-

243 5357 346 5396 sus
378 5344 467 5396 est
495 5341 731 5411 quidam
763 5339 1018 5412 gentilis,
1038 5343 1102 5395 ut
1133 5339 1422 5394 iuraretur
1445 5338 1602 5394 olera
1637 5356 1650 5394 :
1694 5339 1792 5394 ubi
1815 5354 1944 5394 vero

242 5447 312 5487 ea
353 5430 674 5486 suffuratus
743 5431 1096 5486 recessisset.
1156 5444 1337 5500 eaque
1391 5429 1574 5484 tribus
1615 5428 1774 5484 horis
1829 5445 1946 5486 non

242 5520 530 5592 potuisset
560 5536 826 5592 coquere,
851 5520 950 5576 sed
1011 5518 1370 5574 mansissent
1411 5516 1471 5571 in
1523 5517 1708 5572 lebete
1755 5518 1948 5588 qualia

243 5617 564 5681 acceperat,
589 5614 784 5682 utpote
811 5608 967 5681 quod
997 5623 1150 5679 aqua
1180 5607 1421 5662 minime
1457 5605 1762 5675 calefieret,
1785 5608 1874 5664 vir
1888 5624 1947 5664 se

242 5700 546 5775 colligens,
579 5705 808 5772 accepta
839 5701 994 5758 olera
1024 5697 1090 5754 ad
1127 5714 1234 5754 nos
1261 5696 1497 5769 detulit,
1523 5713 1727 5768 rogans
1758 5699 1945 5756 utsibi

2067 4694 2200 4751 mihi
2251 4695 2424 4765 Deus,
2487 4698 2640 4768 quod
2701 4714 2814 4754 non
2873 4698 3291 4770 signiﬁcaverit
3334 4704 3393 4756 et
3448 4703 3769 4760 ostenderit

2068 4782 2237 4841 mihi.
2270 4784 2396 4842 Non
2420 4785 2671 4843 interdiu
2686 4803 2957 4842 somnum
2989 4787 3137 4858 cepi,
3164 4803 3279 4842 non
3295 4791 3467 4844 noctu
3484 4787 3764 4859 requievi,

2068 4875 2244 4930 Deum
2277 4891 2540 4946 quaerens
2572 4891 2586 4930 :
2623 4875 2748 4932 Una
2787 4875 2930 4930 mihi
2987 4891 3214 4946 semper
3271 4875 3457 4931 adfuit
3496 4877 3764 4951 angelus,

2063 4965 2260 5020 mondi
2283 4966 2594 5022 ostendens
2613 4968 2966 5036 potestates;
2989 4963 3187 5019 lumen
3213 4966 3580 5037 cogitationis
3623 4985 3763 5026 meae

2061 5070 2364 5125 nunquam
2400 5054 2509 5109 fuit
2526 5053 2877 5108 exstinctum
2903 5071 2919 5122 ;
2953 5068 3186 5108 omnem
3209 5053 3542 5125 petitionem
3567 5058 3763 5130 accepi

2059 5160 2090 5197 a
2132 5145 2248 5199 Deo
2281 5142 2568 5214 protinus.
2629 5143 2754 5198 Vidi
2804 5159 3196 5214 saepenumero
3245 5147 3358 5200 Deo
3415 5146 3761 5204 assistentes

2057 5233 2343 5305 myriades
2374 5232 2737 5304 angelorum,
2767 5231 3115 5288 vidichoros
3139 5233 3582 5303 justorum,vidi
3617 5251 3764 5292 mar-

2055 5329 2246 5396 tyrum
2281 5322 2634 5394 congeriem,
2668 5323 2782 5377 vidi
2815 5321 3236 5378 monachorum
3265 5323 3394 5379 vitae
3425 5323 3760 5383 institutio-

2057 5411 2366 5478 nem;vidi
2407 5428 2552 5484 opus
2572 5415 2765 5468 autem
2803 5411 3067 5468 omnium
3133 5413 3314 5469 Deum
3373 5411 3755 5474 laudantium.

2057 5503 2188 5559 Vidi
2220 5503 2494 5559 Satanam
2528 5501 2646 5575 igni
2683 5503 2986 5568 traditum,
3018 5502 3136 5557 vidi
3168 5502 3412 5576 angelus
3427 5504 3555 5576 ejus
3590 5509 3760 5579 puni-

2056 5591 2305 5664 tos,vidi
2331 5592 2520 5662 justos
2560 5590 2818 5648 laetantes
2873 5591 2929 5647 in
2953 5595 3256 5648 aeternum.
3305 5596 3432 5650 Hac
3461 5601 3515 5652 ct
3572 5597 3760 5654 multa

2059 5682 2170 5740 alia
2202 5699 2468 5753 narrans,
2493 5683 2662 5739 tertio
2693 5682 2782 5739 die
2817 5681 2990 5738 tradit
3021 5681 3316 5754 animam;
3350 5701 3591 5757 eamque
3639 5691 3756 5744 sta-
