4078 6212
428 342 584 401 1159

2006 343 2362 406 PALLADII

3766 340 3916 400 1160

425 475 526 529 tim
560 471 947 542 suscipientes
979 471 1166 540 angeli
1203 474 1258 525 et
1289 469 1450 525 chori
1484 474 1827 540 martyrum,
1860 473 1918 527 in
1951 475 2125 532 caelos
2157 484 2208 544 Α
2241 478 2537 547 galitatem
2571 476 2922 545 admiratus,
2955 489 3088 530 eum
3122 476 3359 528 secutus
3389 473 3478 526 est
3518 472 3825 526 abeuntem
3857 474 3916 526 ad

421 563 806 629 sustulerunt,
841 560 988 632 ipsis
1017 559 1349 615 videntibus
1371 563 1429 614 et
1450 559 1698 630 hymnos
1717 562 2116 621 audientibus.

1061 651 1294 706 CAPUT
1334 652 1479 706 LIX.

851 743 975 798 Vita.
1004 741 1222 796 abbati:
1254 742 1490 797 Hellenis
1529 742 1692 812 (104).

492 833 736 899 Quidam
770 837 963 889 autem
999 831 1149 887 alius
1205 837 1386 902 pater,
1420 832 1518 901 qui
1569 833 1885 888 vocabatur
1938 833 2120 889 abbas

422 925 620 982 Hellen
660 924 914 994 (Rufﬁn.,
971 923 1062 977 lib.
1118 938 1179 988 ιι,
1233 939 1352 994 cap.
1406 922 1516 992 11),
1573 938 1705 978 cum
1757 923 1827 978 ab
1889 924 2123 979 ineunte

421 1018 586 1068 astate
607 1030 668 1069 se
695 1013 918 1068 fortiter
939 1010 1314 1078 exercuisset,
1362 1026 1756 1080 smpenumero
1789 1013 1979 1081 ignem
2027 1030 2124 1083 ge-

418 1104 612 1158 stabat
641 1103 699 1156 in
731 1102 884 1167 sinu,
927 1100 1177 1154 incitans
1208 1115 1306 1153 eos
1339 1099 1433 1168 qui
1467 1115 1642 1169 prope
1700 1106 1867 1157 erant
1917 1102 2122 1160 fratres

420 1193 490 1246 ad
525 1189 886 1246 ostendenda
917 1189 1103 1259 signa,
1143 1189 1345 1244 dicens
1376 1188 1458 1243 eis
1493 1190 1590 1244 :Si
1626 1207 1722 1246 vos
1772 1208 1902 1247 vere
1957 1209 2118 1249 exer-

419 1281 578 1346 cetis,
606 1279 835 1333 virtutis
867 1278 1036 1348 signa
1075 1279 1143 1332 de
1187 1281 1392 1333 caetero
1437 1280 1740 1336 ostendite.
1796 1281 2124 1353 Aliquando

417 1373 611 1426 autem
643 1384 777 1424 cum
810 1384 911 1438 per
942 1383 1002 1423 se
1034 1371 1188 1422 esset
1219 1367 1277 1420 in
1310 1367 1644 1429 solitudine,
1699 1371 1933 1427 incessit
1991 1389 2122 1430 eum

417 1460 606 1516 mellis
624 1458 1017 1524 desiderium;
1051 1473 1181 1512 cum
1215 1474 1349 1513 vero
1398 1457 1552 1514 illico
1587 1459 1743 1517 favos
1805 1462 2125 1520 invenisset

420 1549 526 1604 sub
558 1551 738 1618 petra,
781 1546 925 1600 dixit
957 1562 969 1600 :
1006 1546 1223 1602 Recede
1255 1563 1287 1601 a
1337 1561 1426 1600 me
1457 1545 1855 1618 intemperans
1898 1552 2123 1622 cupidi-

415 1643 543 1705 tas;
579 1636 858 1707 scriptum
884 1635 1147 1691 estenim
1184 1652 1196 1690 :
1230 1634 1446 1706 Spiritu
1467 1637 1783 1707 ambulate,
1804 1644 1860 1696 et
1891 1641 2122 1697 deside—

416 1728 569 1784 rium
602 1727 792 1782 carnis
850 1741 967 1782 non
1017 1726 1325 1797 perficietis
1360 1726 1503 1797 (Gal.
1535 1730 1608 1798 v),
1667 1729 1869 1800 eisque
1912 1731 2122 1788 relictis

417 1819 580 1874 abiit.
614 1821 753 1872 Cum
787 1821 977 1872 autem
1004 1817 1124 1886 jam
1162 1826 1274 1872 tres
1305 1817 2032 1891 hebdomadasjejunasset
2059 1823 2116 1877 in

414 1908 748 1974 solitudine,
767 1908 1014 1964 inventis
1046 1908 1143 1978 qui
1169 1909 1397 1979 disjecti
1419 1917 1582 1967 erant
1613 1910 2112 1980 fructibus,dixit:

414 1999 538 2055 Non
574 1998 894 2067 comedam,
965 2014 1153 2068 neque
1194 1999 1476 2070 attingam
1537 2000 1758 2071 aliquid
1796 2019 1863 2056 ex
1909 2004 2005 2071 iis,
2052 2020 2123 2058 ne

415 2092 651 2145 fratrem
675 2105 870 2144 meum
904 2089 1307 2156 scandalizem,
1343 2106 1552 2161 nempe
1575 2108 1762 2147 meam
1815 2093 2070 2148 animam
2106 2111 2118 2160 ;

415 2180 697 2251 scriptum
747 2183 836 2235 est
892 2179 1049 2235 enim
1084 2180 1242 2234 :Non
1279 2180 1336 2234 in
1399 2180 1675 2237 alimento
1734 2181 1924 2237 solum
1983 2183 2123 2239 vivit

415 2271 589 2325 homo
620 2270 825 2339 (Matth
857 2287 951 2337 iv;
989 2270 1258 2341 Lucaeiv).
1295 2270 1439 2325 Cum
1473 2277 1667 2327 autem
1713 2272 1899 2329 adhuc
1953 2273 2123 2328 aliam

412 2360 739 2430 jejunasset
768 2359 1218 2427 hebdomadam,
1252 2364 1453 2430 postea
1509 2361 1884 2430 dormitavit;
1917 2368 1972 2418 et
2026 2379 2122 2418 ve-

425 2451 592 2505 niens
623 2450 865 2521 angelus
905 2449 965 2504 in
997 2448 1242 2520 somnis,
1275 2450 1324 2504 ei
1358 2449 1540 2504 dixit:
1600 2451 1784 2522 Surge
1805 2455 1861 2507 et
1893 2452 2028 2507 tolle
2061 2467 2128 2507 ea

417 2556 545 2610 quae
579 2539 977 2604 inveniuntur,
1037 2545 1095 2595 et
1143 2539 1396 2596 comede.
1432 2541 1486 2594 Is
1535 2545 1731 2595 autem
1765 2542 2038 2611 surrexit,
2071 2544 2127 2596 et

413 2629 874 2699 circumquaque
903 2628 1212 2698 aspiciens,
1244 2629 1404 2682 videt
1436 2628 1724 2684 fontemin
1757 2631 1954 2685 orbem
1988 2630 2126 2686 her-

413 2720 519 2774 bas
551 2717 641 2773 del
675 2721 834 2773 catas
864 2718 1250 2788 germinasse.
1272 2719 1416 2773 Cum
1449 2723 1641 2775 autem
1673 2723 1723 2775 et
1745 2722 1946 2790 potum
1976 2737 2125 2776 sum-

414 2809 646 2881 psisset,
680 2813 737 2864 et
763 2808 1114 2864 comedisset
1145 2809 1322 2874 olera,
1347 2809 1675 2866 afﬁrmabat
1706 2810 2123 2883 nihilunquam

417 2899 528 2954 sibi
564 2897 1096 2968 fuissejucundius.
1118 2900 1254 2953 Cum
1286 2915 1525 2970 parvam
1559 2904 1753 2956 autem
1786 2902 2123 2972 speluncam

419 2989 479 3042 in
513 2988 639 3043 loco
662 2987 997 3055 invenisset,
1026 2988 1235 3043 mansit
1266 2987 1384 3043 illic
1452 3006 1664 3060 paucos
1711 2989 1832 3046 dies
1859 2992 2120 3061 jejunus.

426 3078 536 3132 Ubi
560 3082 753 3133 autem
793 3078 1000 3150 egebat
1033 3079 1330 3148 alimento,
1382 3082 1584 3136 orabat
1615 3081 1777 3136 ﬂexis
1828 3083 2078 3153 genibus
2113 3097 2124 3135 :

418 3170 470 3224 ei
495 3172 690 3223 autem
726 3169 991 3238 protinus
1018 3171 1462 3241 apponebantur
1493 3170 1786 3226 esculenta
1813 3172 2026 3238 omnia,
2071 3175 2129 3226 et

421 3257 848 3326 paniscalidus,
881 3263 936 3312 et
952 3257 1138 3327 olivae,
1171 3264 1226 3314 et
1254 3258 1396 3313 varii
1427 3259 1670 3314 fructus.

491 3346 821 3416 Aliquando
853 3349 1049 3400 autem
1082 3347 1284 3400 invisit
1324 3347 1529 3402 fratres
1573 3363 1712 3402 suos
1739 3365 1752 3416 ;
1775 3356 1828 3403 et
1860 3365 1994 3404 cum
2027 3366 2125 3406 eos

422 3435 673 3489 multum
727 3432 1072 3499 monuisset,
1106 3435 1491 3489 contendebat
1529 3436 1585 3490 in
1614 3436 1931 3506 desertum,
1983 3439 2129 3494 affe-

421 3539 553 3577 rens
585 3521 848 3590 quaedam
879 3520 952 3575 ad
990 3537 1155 3575 usum
1208 3524 1553 3579 necessaria.
1588 3527 1728 3580 Cum
1790 3531 1984 3583 autem
2041 3529 2133 3583 vi-

424 3612 608 3666 disset
631 3610 915 3680 quosdam
947 3626 1196 3682 onagros
1229 3618 1551 3684 pascentes,
1578 3616 1658 3670 ait
1704 3615 1846 3686 ipsis
1881 3633 1894 3671 :
1929 3619 1986 3672 in
2021 3635 2133 3674 no—

425 3698 583 3752 mine
612 3698 744 3753 Jesu
770 3697 999 3768 Christi,
1032 3699 1223 3756 veniat
1255 3717 1408 3757 unus
1438 3719 1506 3758 ex
1535 3703 1720 3771 vobis,
1748 3708 1804 3760 et
1853 3706 2135 3777 suscipiat

423 3803 574 3844 onus
606 3803 818 3844 meum.
849 3787 902 3844 Is
933 3793 1129 3845 autem
1162 3793 1360 3847 statim
1375 3793 1446 3848 ad
1477 3793 1668 3864 ipsum
1694 3796 1955 3851 accessit.
1986 3799 2133 3852 Cum

425 3885 622 3937 autem
655 3880 1078 3954 supellectilem
1111 3887 1167 3938 et
1208 3884 1611 3957 imposuisset,
1643 3890 1698 3941 et
1727 3887 1776 3943 ei
1801 3887 2134 3958 insedisset,

425 3989 543 4028 uno
575 3973 666 4028 die
698 3974 960 4044 pervenit
992 3974 1059 4029 ad
1117 3975 1474 4046 speluncam.
1513 3979 1576 4032 In
1630 3977 1750 4033 sole
1781 3995 1911 4034 vero
1945 3980 2015 4033 ab
2069 3993 2134 4033 eo

432 4063 639 4135 positis
672 4064 922 4135 panibus
961 4069 1015 4118 et
1046 4065 1348 4131 fructibus,
1411 4083 1543 4122 cum
1598 4069 1669 4122 ad
1721 4085 1786 4123 ea
1844 4069 2137 4124 venissent

435 4154 585 4218 [ει-δ),
619 4157 680 4206 ut
712 4153 903 4208 solent
933 4153 1001 4206 ad
1038 4152 1544 4227 fontem,etpanes
1577 4156 1767 4213 solum
1788 4158 2137 4228 tetigissent,

435 4247 681 4296 mortuae
710 4245 870 4297 sunt.

503 4331 760 4385 Accessit
793 4333 987 4384 autem
1020 4331 1329 4402 aliquando
1360 4335 1431 4390 ad
1479 4335 1762 4406 quosdam
1797 4337 2141 4408 monachos,

435 4436 564 4475 cum
591 4423 743 4473 esset
769 4419 890 4473 dies
912 4418 1274 4489 Dominicus,
1299 4432 1351 4478 et
1374 4423 1516 4478 dixit
1537 4424 1622 4480 eis
1648 4441 1660 4479 :
1691 4427 1805 4481 Cur
1827 4427 1997 4484 hodie
2023 4443 2140 4484 non

433 4507 633 4579 egistis
656 4507 920 4578 synaxim
950 4508 976 4558 Ρ
1008 4509 1149 4564 Cum
1189 4510 1227 4564 ii
1262 4516 1454 4567 autem
1487 4520 1680 4583 aperte
1724 4516 1983 4572 dicerent
2016 4533 2029 4572 :
2062 4518 2140 4572 Eo

2232 569 2492 622 fluvium.
2528 567 2669 622 Cum
2701 572 2893 620 autem
2929 580 3040 635 qua
3098 561 3608 618 transveherentur
3667 561 3915 632 cymbam

2231 674 2346 712 non
2378 657 2757 721 invenissent,
2801 670 3002 711 vocem
3034 652 3228 708 emisit
3258 651 3437 707 abbas
3484 650 3707 718 Hellen,
3760 651 3919 705 advo-

2232 762 2370 800 cans
2393 744 2770 801 crocodilum.
2809 743 2861 798 Is
2893 747 3086 798 autem
3119 741 3168 797 ei
3194 741 3387 795 statim
3408 739 3682 795 obediens
3714 740 3916 794 aderat,

2233 842 2462 906 tergum
2495 833 2866 889 substernens
2901 848 2915 898 ;
2950 832 3172 902 rogavit
3201 835 3398 886 autem
3449 830 3834 900 presbyterum
3868 836 3920 882 ut

2234 942 2360 981 cum
2393 941 2458 980 eo
2493 925 2865 989 ascenderet;
2901 922 2951 979 is
2968 938 3099 978 vero
3131 922 3336 976 timore
3366 919 3635 986 affectus,
3672 935 3802 972 eum
3846 920 3920 972 vi-

2233 1017 2411 1071 disset
2443 1015 2719 1080 belluam,
2758 1011 3108 1070 retrocessit.
3141 1012 3283 1067 Cum
3318 1014 3510 1064 autem
3545 1026 3681 1064 eum
3726 1016 3919 1064 teneret

2233 1106 2557 1173 admiratio,
2591 1109 2648 1161 et
2677 1122 2771 1160 eos
2802 1104 2901 1173 qui
2935 1108 3091 1159 trans
3147 1101 3386 1157 fluvium
3435 1100 3784 1155 habitabant
3827 1099 3917 1153 fra-

2232 1200 2371 1263 tres,
2401 1196 2663 1250 videntes
2693 1210 2825 1249 eum
2875 1209 3005 1248 cum
3059 1191 3251 1246 bellua
3303 1190 3800 1244 transmittentem
3846 1188 3916 1242 al-

2234 1301 2424 1353 veum,
2459 1285 2554 1339 ille
2586 1284 2908 1340 ascendens
2937 1283 2995 1335 in
3046 1285 3280 1343 terram,
3316 1296 3433 1334 una
3462 1295 3661 1332 secum
3709 1279 3917 1332 attraxit

2236 1375 2505 1442 belluam,
2540 1373 2758 1439 dicens,
2792 1372 3000 1428 melius
3030 1385 3154 1425 esse
3176 1369 3225 1424 ei
3279 1374 3343 1423 ut
3374 1372 3731 1433 moraretur,
3763 1383 3915 1436 quam

2235 1467 2708 1536 interemptarum
2741 1463 3070 1518 animarum
3093 1459 3413 1531 acquireret
3445 1457 3823 1529 supplicium.
3854 1457 3918 1511 Ea

2234 1559 2428 1611 autem
2462 1555 2694 1623 cadens,
2728 1552 2992 1625 protinus
3023 1555 3111 1606 est
3127 1555 3373 1607 mortua.

2303 1674 2444 1728 Tres
2477 1679 2668 1728 autem
2707 1672 2828 1727 dies
2860 1685 3204 1742 permanens
3235 1668 3388 1740 apud
3423 1667 3656 1732 fratres,
3685 1667 3917 1733 sedebat,

2232 1761 2444 1818 docens
2477 1779 2574 1819 eos
2606 1768 2911 1832 praecepta,
2935 1763 2990 1814 et
3046 1775 3173 1830 qua:
3223 1761 3389 1813 erant
3447 1757 3683 1813 occulta
3739 1756 3917 1811 unius-

2150 1858 2195 1923 B
2231 1853 2515 1924 cujusque
2539 1851 2780 1908 consilia
2814 1853 3008 1921 aperte
3031 1848 3340 1904 enuntians
3376 1847 3567 1902 :hunc
3593 1847 3831 1918 quidem
3848 1847 3919 1901 di-

2235 1959 2370 1998 cens
2409 1943 2600 1997 vexari
2631 1960 2663 1998 a
2699 1940 3092 2005 fornicatione,
3127 1937 3294 1992 illum
3323 1953 3500 1994 veroa
3539 1953 3697 1992 vana
3736 1937 3917 2008 gloria,

2235 2032 2414 2087 alium
2437 2049 2466 2086 a
2505 2030 2745 2097 deliciis,
2777 2029 2956 2083 alium
2989 2028 3059 2082 ab
3092 2028 3197 2095 ira,
3230 2030 3286 2080 et
3317 2026 3497 2081 alium
3529 2026 3773 2095 quidem
3803 2042 3916 2095 pro-

2235 2121 2543 2177 nuntiabat
2572 2120 2717 2176 lasse
2741 2120 2960 2184 mitem,
2983 2118 3158 2172 alium
3174 2133 3304 2172 vero
3318 2116 3625 2187 pacificum
3664 2131 3681 2169 :
3707 2115 3917 2170 illorum

2237 2213 2470 2282 quidem
2511 2210 2667 2279 vitia,
2731 2210 2934 2264 horum
2997 2224 3127 2264 vero
3176 2207 3422 2261 virtutes
3480 2220 3758 2276 arguens.
3807 2204 3918 2258 Hec

2236 2306 2354 2358 tem
2389 2300 2710 2359 audientes.
2746 2298 3108 2353 mirabantur
3131 2296 3375 2352 dicendo
3421 2309 3619 2350 revera
3649 2294 3731 2349 ita
3783 2310 3914 2349 esse.

2235 2391 2330 2446 Eis
2364 2394 2555 2445 autem
2579 2387 2721 2443 dixit
2755 2404 2766 2441 :
2803 2389 3006 2442 Parate
3037 2385 3204 2441 nobis
3261 2384 3440 2452 olera,
3471 2383 3646 2438 hodie
3675 2382 3823 2438 enim
3854 2383 3915 2436 ad

2237 2496 2342 2534 nos
2369 2478 2597 2534 venient
2631 2476 2826 2548 plures
2859 2476 3088 2530 fratres.
3117 2477 3259 2529 Cum
3290 2473 3588 2528 illiautem
3621 2472 3806 2528 adhuc
3830 2487 3919 2540 pa-

2237 2571 2446 2638 rarent,
2501 2565 2973 2638 supervenientes
3023 2564 3226 2619 fratres
3285 2579 3346 2618 se
3408 2562 3655 2618 invicem
3713 2560 3924 2616 saluta-

2238 2661 2395 2713 runt.

2309 2771 2751 2843 Rogavitautem
2783 2783 2914 2824 eum
2939 2768 3176 2840 quidam
3201 2783 3270 2822 ex
3294 2765 3576 2831 fratribus,
3599 2765 3794 2820 volens
3816 2778 3927 2816 una

2238 2879 2369 2919 cum
2437 2878 2502 2917 eo
2570 2861 2775 2931 degere
2841 2859 2899 2914 in
2965 2859 3214 2913 deserto.
3283 2856 3355 2910 Eo
3426 2859 3617 2909 autem
3694 2854 3927 2908 dicente

2239 2971 2352 3009 non
2389 2968 2554 3024 posse
2586 2950 2749 3004 illum
2784 2949 3074 3003 sustinere
3112 2946 3448 3002 tentationes
3491 2946 3844 3006 daemonum,
3888 2943 3927 2994 is

2240 3043 2640 3100 contentiosus
2671 3057 2729 3096 se
2761 3040 2955 3095 omnia
2987 3039 3369 3094 toleraturum
3388 3035 3761 3091 asseveravit.
3793 3034 3923 3088 Cum

2242 3148 2373 3186 eum
2407 3137 2597 3185 autem
2626 3129 2965 3199 excepisset,
2992 3127 3173 3196 jussit
3218 3125 3484 3180 habitare
3538 3125 3595 3178 in
3639 3123 3752 3178 alia
3807 3139 3924 3192 spe-

2159 3229 2202 3295 α
2243 3221 2431 3277 lunca.
2466 3221 2547 3275 Ad
2581 3235 2714 3273 eum
2739 3222 2931 3272 autem
2966 3219 3138 3271 noctu
3189 3215 3572 3270 adventantes
3629 3215 3922 3276 daemones,

2240 3329 2372 3368 eum
2407 3310 2694 3366 suffocare
2713 3306 3186 3378 aggediebantur,
3221 3321 3353 3360 cum
3390 3319 3525 3359 eum
3556 3304 3795 3374 primum
3822 3307 3928 3356 tur-

2243 3402 2409 3474 pibus
2461 3398 2894 3472 perturbassent
2942 3393 3417 3466 cogitationibus.
3464 3394 3565 3449 Ille
3611 3398 3797 3448 autem
3844 3408 3926 3445 ex-

2241 3506 2482 3548 currens
2517 3487 2868 3544 renuntiavit
2899 3485 3092 3540 abbati
3153 3484 3378 3540 Helleni
3448 3499 3573 3554 quae
3621 3489 3924 3538 evenerant.

2240 3587 2368 3652 Ipse
2392 3584 2585 3636 autem
2605 3595 2734 3634 cum
2759 3577 2882 3633 loco
2905 3577 3152 3647 ﬁguram
3180 3574 3922 3646 impressisset,jussiteum

2243 3671 2451 3727 deinde
2484 3683 2718 3725 manere
2759 3681 2974 3723 secure.
3008 3665 3152 3721 Cum
3185 3670 3377 3720 autem
3407 3664 3729 3737 aliquando
3768 3676 3925 3734 panes

2244 3760 2294 3814 ei
2326 3759 2663 3814 deﬁcissent
2694 3757 2752 3811 in
2803 3755 3104 3827 spelunca,
3161 3755 3481 3809 adventans
3524 3753 3766 3823 angelus
3795 3751 3847 3804 in
3880 3749 3926 3800 ti-

2245 3864 2391 3920 gura
2419 3847 2609 3904 fratris
2641 3846 2692 3902 ei
2723 3845 2916 3900 attulit
2948 3843 3391 3900 nutrimentum.

2318 3973 2540 4027 Rursus
2574 3968 2986 4040 autemipsum
3013 3967 3326 4038 aliquando
3369 3970 3696 4038 quaerentes
3746 3967 3925 4020 fratres

2246 4064 2444 4118 decem
2477 4076 2743 4127 numero,
2776 4058 3045 4115 errabant
3099 4073 3200 4126 per
3247 4055 3649 4127 solitudinem,
3710 4056 3928 4124 septimo

2241 4153 2362 4223 jam
2394 4153 2486 4206 die
2510 4150 3163 4221 jejunipermanentes;
3197 4163 3331 4202 cum
3361 4163 3492 4202 vero
3510 4162 3610 4202 eos
3633 4146 3932 4201 invenisset

2242 4243 2419 4313 jussit
2451 4241 2508 4295 in
2535 4239 2810 4312 spelunca
2839 4239 3158 4310 quiescere,
3183 4236 3268 4290 illi
3300 4253 3430 4294 vero
3463 4252 3598 4291 eum
3628 4236 3815 4292 victus
3847 4235 3937 4289 ad-

2248 4333 2619 4387 monuerunt.
2656 4329 2758 4384 Ille
2780 4328 2880 4399 qui
2905 4326 3044 4382 nihil
3078 4325 3323 4381 habebat
3346 4326 3498 4395 quod
3530 4325 3617 4380 eis
3642 4333 3936 4396 apponere:

2249 4420 2393 4475 dixit
2413 4420 2497 4474 eis
2532 4435 2544 4474 :
2580 4418 2785 4474 Potens
2809 4421 2895 4471 est
2923 4419 3075 4471 Deus
3097 4430 3363 4470 mensam
3389 4429 3593 4484 parare
3625 4414 3685 4467 in
3707 4415 3934 4468 deserto.

2248 4510 2460 4566 Statim
2494 4513 2685 4565 autem
2721 4508 2962 4579 quidam
3003 4505 3341 4562 adolescens
3371 4506 3442 4560 de
3499 4507 3754 4575 pontone
3813 4501 3937 4572 ipsis

433 4597 587 4669 quod
647 4612 762 4652 non
821 4597 1042 4652 venerit
1100 4601 1419 4672 presbyter,
1488 4601 1629 4660 dixit
1695 4605 1776 4661 eis
1812 4622 1824 4662 :
1859 4607 1976 4678 Ego
2045 4610 2140 4667 ibo
2171 4603 2216 4668 D
2248 4601 2550 4660 orantibus
2584 4600 2837 4672 pulsavit
2867 4600 3038 4654 fores.
3081 4601 3223 4652 Cum
3257 4600 3453 4652 autem
3493 4596 3838 4667 aperuisset,
3864 4591 3937 4646 vi.

432 4692 488 4743 et
517 4703 648 4744 eum
684 4688 920 4744 vocabo.
949 4687 991 4742 Ii
1040 4695 1234 4746 autem
1293 4692 1579 4761 dixerunt,
1639 4713 1753 4751 non
1816 4714 1986 4768 posse
2028 4699 2142 4755 ali-

430 4795 602 4848 quem
672 4777 1070 4834 transmittere
1135 4779 1364 4836 alveum
1433 4787 1664 4854 propter
1740 4785 2131 4846 altitudinem.

430 4867 756 4930 Quinetiam
790 4867 1063 4924 dicebant
1093 4885 1158 4924 eo
1213 4870 1272 4925 in
1306 4870 1427 4927 loco
1461 4889 1582 4928 esse
1635 4873 1890 4929 belluam
1951 4878 2136 4932 maxi-

430 4971 605 5021 mam,
632 4971 828 5027 nempe
859 4957 1236 5024 crocodilum,
1299 4959 1399 5031 qui
1449 4961 1658 5016 multos
1706 4963 1970 5020 homines
2003 4982 2135 5021 con-

429 5049 781 5116 sumpserat.
818 5045 870 5100 Is
894 5051 1086 5102 autem
1129 5065 1246 5103 non
1281 5056 1607 5119 cunctatus,
1640 5053 1839 5108 statim
1885 5071 2134 5127 surgens

427 5134 714 5204 prefectus
749 5138 836 5188 est
876 5135 948 5189 ad
1005 5136 1194 5192 valum
1233 5154 1246 5192 :
1296 5155 1469 5208 quem
1519 5158 1645 5196 cum
1693 5143 1885 5200 bellua
1943 5147 2136 5200 statim

425 5228 587 5295 tergo
623 5224 960 5295 excepisset,
995 5227 1066 5280 ad
1113 5231 1335 5297 partem
1398 5230 1532 5299 ripae
1594 5231 1885 5289 ulterioris
1940 5239 2136 5291 trans~

432 5315 598 5368 vexit.
636 5314 778 5367 Cum
812 5318 1005 5369 autem
1038 5316 1096 5369 in
1148 5331 1284 5384 agro
1337 5317 1656 5375 invenisset
1713 5323 2137 5394 presbyterum,

434 5401 658 5470 rogavit
689 5419 760 5457 ne
791 5405 1106 5474 despiceret
1163 5405 1596 5461 fraternitatem.
1632 5407 1732 5463 Ille
1773 5417 1969 5468 autem
2006 5430 2136 5470 eum

437 5487 640 5544 videns
670 5491 867 5547 multis
890 5494 1150 5550 consutis
1180 5496 1386 5565 pannis
1410 5497 1689 5565 obsitum,
1721 5503 2140 5574 rogavitunde-

441 5591 576 5631 nam
607 5594 864 5647 pannum
895 5583 1214 5655 habuisset,
1237 5585 1437 5641 dicens
1463 5586 1909 5647 :Habesvestem
1933 5593 2138 5648 animae

442 5663 914 5739 pulcherrimam,
949 5688 980 5727 ο
1013 5673 1188 5728 frater
1211 5691 1224 5703 ·
1249 5675 1488 5747 ejusque
1523 5677 1902 5738 humilitatem
1936 5681 2140 5737 etfru-

2252 4692 2460 4746 derunt
2523 4688 2948 4745 adolescentem
3007 4685 3317 4741 habentem
3377 4698 3646 4755 magnam
3691 4687 3935 4752 sportam

2247 4783 2415 4855 panis
2438 4786 2495 4837 et
2525 4779 2828 4836 olivarum.
2863 4777 2941 4832 Iis
2963 4779 3153 4833 autem
3203 4775 3509 4846 suscepiis,
3556 4773 3936 4834 comederunt,

2246 4875 2360 4929 Deo
2375 4879 2611 4942 agentes
2627 4869 2862 4940 gratias,
2881 4886 2950 4924 cu
2962 4884 3014 4922 m
3030 4865 3369 4922 adolescens
3385 4864 3584 4920 statim
3600 4863 3938 4919 evanuisset.

2248 4964 2375 5017 Haec
2406 4966 2462 5017 et
2493 4961 2606 5016 alia
2637 4958 2817 5014 multa
2850 4957 3127 5012 miracula
3147 4972 3281 5010 cum
3307 4954 3472 5010 nobis
3504 4957 3770 5008 narasset
3792 4952 3940 5005 Pater

2247 5055 2479 5123 Copres,
2517 5067 2742 5122 nosque
2773 5051 3022 5119 benigne
3051 5053 3105 5102 et
3130 5046 3464 5102 humaniter
3491 5048 3830 5109 tractasset,
3870 5042 3943 5093 in-

2249 5145 2413 5200 duxit
2442 5143 2498 5196 in
2533 5159 2702 5198 suum
2738 5139 3323 5207 hortum,ostendens
3382 5137 3551 5193 nobis
3608 5135 3859 5207 palmas,
3899 5136 3942 5181 et

2250 5235 2393 5290 alias
2426 5234 2658 5288 arbores
2692 5231 2994 5301 frugiferas
3025 5245 3173 5298 quas
3198 5227 3321 5297 ipse
3352 5226 3636 5299 plantavit
3669 5228 3732 5280 in
3753 5222 3942 5279 solitu-

2250 5325 2406 5394 dine,
2431 5322 2766 5378 admonitus
2799 5337 2832 5376 a
2855 5320 2966 5374 fide
2989 5318 3367 5383 rusticorum,
3390 5315 3607 5386 quibus
3639 5315 3789 5369 dixit
3823 5331 3834 5368 :
3865 5311 3941 5364 Po-

2251 5419 2364 5471 test
2393 5414 2683 5469 desertum
2719 5412 2938 5467 fructus
2970 5409 3284 5480 producere
3313 5407 3385 5462 iis
3410 5407 3510 5477 qui
3548 5406 3730 5461 fidem
3755 5403 3941 5459 babes!

2249 5507 2307 5560 in
2342 5507 2547 5559 Deum.
2582 5504 2899 5572 Postquam
2916 5499 3072 5554 enim
3101 5497 3238 5564 vidi,
3265 5496 3449 5552 aiebat
3476 5512 3578 5551 eos
3598 5496 3706 5565 qui
3729 5504 3937 5548 arenam

2251 5593 2698 5656 seminaverant,
2734 5595 2790 5646 et
2819 5605 3020 5646 eorum
3054 5601 3257 5658 agrum
3291 5585 3548 5641 fructum
3573 5583 3814 5648 tulisse,
3835 5579 3937 5650 ipse

2253 5696 2479 5754 quoque
2509 5681 2662 5737 idem
2696 5695 3026 5752 aggressus,
3050 5677 3206 5734 idem
3238 5691 3368 5733 sum
3399 5681 3780 5734 consecutus.
