4112 6210
327 408 482 471 1161

1613 407 1986 468 HISTORIA
2028 406 2441 468 LAUSIACA.

3571 405 3727 475 1162

328 541 487 602 λάκις
533 537 840 614 ἡγούμενος
887 535 974 592 ἐπὶ
1030 541 1175 612 τρεῖς
1223 535 1435 611 ἡμέρας
1482 534 1819 614 παραδίδωσι
1868 538 1968 607 τήν
2001 539 2056 608 Α
2086 535 2582 614 ταπεινοφροσύνην
2661 539 2824 595 αὑτοῦ
2910 541 3190 615 θαυμάσας
3265 543 3352 598 καὶ
3431 542 3725 615 εὐτέλειαν,

327 631 541 706 ψυχήν.
573 631 682 698 Τήν
733 625 790 681 δέ
821 625 980 688 εὐθὺς
1031 624 1256 702 ἄγγελοι
1307 623 1692 698 ὑποδεξάμενοι
1740 626 1832 680 καὶ
1880 644 1979 699 χο-

331 721 418 797 ροὶ
467 717 782 793 μαρτύρων,
814 714 889 776 εἷς
940 713 1200 790 οὐρανοὺς
1248 715 1442 791 ἀνῆγον
1491 713 1666 770 αὐτῶν
1719 715 1976 790 ὁρώντῶν

328 809 420 865 καὶ
451 808 762 864 ἀκουόντων
793 805 918 867 τοὺς
951 805 1176 878 ὕμνους.

943 897 1207 952 ΚΕΦΑΛ.
1250 894 1375 950 ΝΘ’.

861 983 994 1056 Περὶ
1029 977 1200 1038 Ἀϐϐᾶ
1226 981 1450 1052 Ἐλλῆν.

407 1074 618 1138 ,Αλλος
667 1072 724 1129 δέ
772 1093 856 1135 τις
909 1073 1096 1146 Πατὴρ
1129 1067 1328 1144 Ἀϐϐά,
1357 1070 1560 1141 Ἑλλῆν
1610 1069 1972 1142 καλούμενος,

333 1165 592 1223 παιδόθεν
620 1167 719 1235 τὴν
766 1165 962 1240 ἀρετήν
1010 1163 1330 1234 έξασκήσας,
1370 1167 1486 1224 τοῖς
1535 1161 1770 1232 πλησίον
1811 1163 1976 1216 αὑτοῦ

334 1255 592 1335 ἀδελφοῖς
646 1252 919 1316 πολλάκις
968 1255 1074 1328 πῦρ
1122 1250 1173 1306 ἐν
1211 1251 1408 1323 κόλπῳ
1455 1245 1760 1320 ἐϐάσταζεν,
1800 1247 1975 1324 ἐρεθί-

335 1355 440 1419 ζων
489 1343 684 1407 αὐτοὺς
734 1337 1048 1419 προϐαίνειν
1097 1339 1173 1402 εἰς
1232 1337 1482 1408 ἐπίδειξιν
1535 1343 1644 1393 τῶν
1707 1337 1974 1410 σημείων,

337 1436 514 1512 λέγων
545 1434 754 1500 αὐτοῖς,
787 1432 849 1487 Εἰ
896 1429 1034 1486 κατὰ
1083 1428 1338 1500 ἀλήθειαν
1383 1429 1611 1497 ἀσκεῖτε,
1659 1427 1726 1481 τά
1774 1429 1978 1498 σημεῖα

334 1523 534 1580 λοιπὸν
563 1528 664 1592 τῆς
696 1522 892 1593 ἀρετ-ῆς
923 1515 1282 1587 ἐπιδείξασθε.
1321 1514 1562 1572 ’Άλλοτε
1593 1513 1651 1569 δὲ
1683 1513 1832 1585 αύτῷ
1860 1515 1978 1567 καθ’

335 1614 524 1669 ἑαυτὸν
555 1611 853 1687 γενομένῳ,
889 1607 942 1663 ἐν
988 1611 1058 1680 τῇ
1090 1605 1306 1680 ἐρήμῳ,
1335 1604 1388 1660 ἐν
1438 1603 1696 1678 ἐπιθυμίᾳ
1731 1601 1976 1677 μέλιτος,

335 1699 494 1764 εῧθὺς
571 1698 630 1754 δὲ
707 1698 808 1752 ὑπὸ
882 1697 1080 1771 πέτραν
1155 1697 1324 1769 κηρία
1399 1691 1715 1769 εῧράμενος,
1791 1691 1980 1770 φησὶν,

333 1790 576 1846 Ἀπελθε
633 1788 724 1842 ἀπ’
773 1787 932 1859 ἐμοῦ,
982 1787 1018 1856 ἡ
1061 1783 1364 1847 ἀκόλαστος
1414 1782 1673 1856 ἐπιθυμία
1703 1797 1720 1814 ’
1779 1781 1977 1858 γέγρα-

2087 624 2267 680 ετίπετο
2315 625 2466 698 αὐτῷ
2514 627 2728 683 ἀπιόντι
2778 628 2854 691 εἷς
2893 630 2986 684 τὸν
3035 631 3304 705 ποταμόν.
3356 637 3444 694 Ὠς
3491 629 3548 687 δέ
3593 633 3727 708 πόρ-

2088 714 2250 786 θμιον
2301 714 2413 792 οὐχ
2469 715 2647 788 εὗρον,
2697 717 2881 794 φωνὴν
2937 719 3158 797 ἂφίησιν
3219 720 3246 774 ὁ
3305 713 3478 781 ἀϐϐἆς
3519 717 3723 789 Ἐλλῆν

2084 801 2569 876 προσκαλούμενος
2619 805 2710 859 τὸν
2767 805 3146 881 κροκόδειλον.
3187 809 3245 862 Ὀ
3299 805 3356 862 δέ
3415 807 3568 870 εὐθὺς
3627 809 3730 864 ὑπ-

2087 889 2322 955 ακούσας
2369 889 2552 962 αὐτοῦ,
2603 901 2784 966 παρῆν
2841 897 2932 950 τὸν
2987 901 3158 952 νῶτον
3217 897 3725 971 ὑποστρωσάμενος.

2087 980 2277 1065 ’ῌξίου
2309 977 2366 1035 δὲ
2393 979 2486 1034 τόν
2517 977 2881 1056 πρεσϐύτερον
2913 982 3264 1055 συνέπιϐῆναι
3313 987 3482 1060 αὐτῷ.
3515 989 3726 1065 ’Έμφο-

2088 1064 2183 1130 ϐος
2216 1066 2274 1124 δὲ
2318 1068 2607 1143 γενόμενος
2657 1069 2864 1132 ἐκεῖνος
2895 1075 3250 1147 συνεωρακὼς
3295 1076 3357 1129 16
3397 1075 3606 1149 θηρίον,
3639 1064 3727 1131 ἐπὶ

2126 1159 2142 1182 \
2193 1155 2222 1182 ν
2468 1158 2482 1180 τ
2631 1160 2643 1179 1
2819 1160 2834 1178 ε
2991 1161 3008 1180 κ
3123 1162 3134 1178 ι
3337 1157 3362 1182 ν
3586 1165 3600 1186 ,
3650 1167 3662 1180 ι

2085 1181 2150 1214 το.
2193 1160 2410 1214 οπισθεν
2463 1179 2762 1233 υπεχωρει.
2839 1167 2910 1222 Ως
2959 1157 3018 1216 δε
3075 1158 3285 1234 θαμϐος
3337 1183 3491 1238 εσχεν
3541 1185 3724 1228 αυτον,

2083 1249 2174 1304 καὶ
2202 1249 2331 1310 τοὺς
2374 1246 2662 1323 ἀντιπέραν
2709 1248 2990 1311 οἰκοῦντας
3039 1245 3333 1329 ἀδελφοὺς,
3367 1251 3727 1324 θεασαμένους

2085 1335 2281 1400 αὐτοὺς
2333 1337 2424 1391 σὺν
2475 1341 2554 1409 τῷ
2610 1338 2788 1410 θηρίῳ
2832 1339 2924 1393 τὸν
2975 1337 3146 1412 πόρον
3199 1337 3727 1414 διαπορθμεύσαντα,

2085 1425 2326 1481 ἀνελθὼν
2383 1425 2458 1487 εἰς
2510 1428 2614 1496 τὴν
2664 1428 2830 1500 ξηρὰν
2891 1429 3327 1484 συνεπεσπάσατο
3375 1430 3437 1484 τὸ
3485 1430 3677 1503 θηρίον
3713 1450 3725 1464 ·

2084 1515 2333 1570 τεθνάναι
2390 1514 2564 1590 λέγων
2625 1519 2774 1570 αύτῶ
2835 1514 3083 1589 ἄμεινον,
3143 1518 3233 1572 καὶ
3290 1515 3544 1592 κερδᾶναι
3619 1523 3728 1574 τῶν

2087 1604 2466 1677 ἀναιρεθεισῶν
2516 1607 2710 1677 ψυχῶν
2767 1604 2866 1672 τήν
2923 1601 3101 1674 δίκην.
3161 1606 3230 1660 Τὸ
3281 1604 3336 1661 δὲ
3385 1615 3728 1682 παραχρῆμα

2087 1693 2250 1750 πεσὸν
2283 1691 2516 1767 ἐξέψυξε.

2159 1783 2644 1858 Προσκαρτερήσας
2700 1779 2758 1837 δὲ
2831 1784 3042 1856 ἡμέρας
3096 1783 3240 1856 τρεΐς
3293 1789 3411 1847 τοῖς
3469 1784 3724 1864 ἀδελφοῖς

335 1901 465 1936 πται
533 1877 658 1954 γάρ,
736 1873 1014 1947 Πνεύματι
1081 1878 1446 1950 περιπατεῖτε,
1521 1873 1610 1928 καὶ
1690 1869 1976 1942 ἐπιθυμίαν
2011 1871 2319 1976 Βἐκάθητο
2371 1868 2640 1926 διδάσκων
2691 1872 2886 1934 αὐτοὺς
2927 1873 3022 1934 τὰς
3064 1871 3309 1944 ¹εντολιῖις,
3357 1875 3446 1928 καὶ
3493 1873 3562 1930 τὰ
3615 1875 3728 1930 Exci-

481 1969 494 1976 ι
609 1965 623 1976 α
736 1967 750 1976 ι
873 1963 928 1976 \n
1194 1963 1208 1976 ι
1396 1962 1416 1976 \
1511 1963 1526 1976 ι
1649 1960 1662 1976 ἱ
1715 1961 1730 1976 ι
1793 1960 1814 1976 r.
1905 1958 1925 1976 Ν
2267 1961 2282 1976 1
2551 1965 2579 1976 συ
2656 1961 2683 1976 Λ
2735 1955 2779 1976 ‘\
2835 1959 2849 1976 Ι
3239 1963 3264 1976 ν
3357 1961 3407 1976 ’1-
3525 1963 3610 1976 II\\

336 1969 536 2044 σαρκὸς
568 1965 630 2022 οὗ
683 1967 760 2039 μὴ
809 1963 1090 2034 τελέσητε,
1123 1963 1212 2018 καὶ
1259 1962 1573 2018 καταλιπὼν
1605 1960 1740 2016 αύτά
1786 1958 1979 2030 ἀπηλ-

339 2057 504 2133 λάγη.
539 2053 684 2126 ’Ἤδη
739 2053 798 2110 δὲ
843 2053 1008 2109 αὐτοῦ
1057 2051 1108 2106 ἐν
1139 2056 1208 2126 τῇ
1257 2051 1449 2126 ἐρήμῳ
1479 2055 1626 2126 τρεῖς
1671 2045 1979 2122 ἑϐδομάδας

338 2147 717 2218 νηστεύοντος,
770 2142 990 2217 ὀπώρας
1037 2141 1210 2215 εὑρὼν
1259 2137 1612 2214 ἐρριμμένας,
1663 2139 1806 2194 εἶπεν
1839 2155 1853 2170 ·
1903 2139 1978 2193 Ού

343 2237 417 2309 μὴ
453 2237 628 2313 φάγω,
661 2229 786 2288 οὐδὲ
835 2231 1062 2305 ἅψωμαί
1104 2249 1252 2292 τινος
1293 2227 1342 2298 ἐξ
1391 2231 1592 2297 αὐτῶν,
1621 2226 1716 2282 ’ίνα
1769 2229 1842 2299 μή
1890 2227 1982 2282 τὸν

341 2323 574 2398 ἀδελφόν
628 2343 732 2397 μου
777 2319 1146 2382 σκανδαλίσω,
1191 2317 1436 2372 τουτέστι
1483 2319 1584 2386 τήν
1631 2319 1838 2392 ψυχήν.
1885 2315 1982 2370 Γέ-

337 2435 570 2492 γραπται
619 2413 744 2487 γάρ,
788 2411 898 2467 Ούκ
947 2409 1034 2464 ἐπὶ
1080 2411 1258 2487 τροφῇ
1317 2407 1453 2492 μόνῃ
1497 2409 1716 2477 ζήσεται
1771 2405 1980 2482 ἅνθρω-

337 2491 460 2569 πος.
494 2501 810 2572 Νηστεύσας
839 2499 896 2554 δὲ
941 2499 1029 2554 καὶ
1061 2495 1240 2568 ἄλλην
1291 2491 1594 2568 ἑϐδομάδα,
1625 2497 1846 2570 ὕστερον
1885 2494 1981 2548 ἁπ-

339 2592 586 2661 ενύσταξε
607 2605 622 2620 ⁸
652 2589 744 2644 καὶ
776 2589 948 2662 εὑρὼν
982 2587 1010 2642 6
1055 2583 1290 2662 ἅγγελος
1318 2586 1436 2639 κατ’
1485 2583 1636 2660 ὄναρ,
1669 2583 1796 2662 φησί
1843 2583 1979 2656 πρὸς

338 2681 527 2750 αὐτὸν,
578 2677 833 2742 Ἀναστὰς
877 2677 945 2731 τὰ
993 2673 1349 2749 εὑρισκόμενα
1397 2674 1554 2750 φάγε.
1604 2678 1661 2728 '0
1720 2669 1776 2726 δέ
1833 2670 1980 2742 ἐξαν-

339 2771 494 2839 έστη,
525 2767 614 2823 καὶ
663 2765 852 2838 κύκλῳ
881 2759 1352 2839 περιϐλεπόμενος
1387 2763 1488 2837 ὁρᾷ
1530 2762 1713 2836 πηγὴν
1752 2761 1982 2836 βοτάνας

339 2859 606 2934 τρυφεράς
666 2854 855 2927 κύκλῳ
915 2853 1320 2928 βλαστήσασαν.
1373 2851 1732 2927 Μετειληφὼς
1784 2847 1840 2904 δὲ
1888 2851 1982 2904 τοῦ

340 2933 510 3002 πότου
559 2946 650 3000 καί
697 2951 796 3014 τῆς
842 2949 1053 3020 τροφῆς
1108 2946 1214 2996 τῶν
1276 2939 1557 3014 λαχάνων,
1611 2933 1982 2996 διεϐεϐαιοῦτο

344 3034 512 3110 μηδὲν
557 3033 819 3108 ἡδύτερον
869 3032 1044 3087 αὐτῶν
1091 3031 1314 3086 πώποτε
1359 3029 1666 3102 γεύσασθαι.
1704 3024 1985 3096 Σπήλαιον

343 3123 400 3180 δὲ
449 3124 618 3200 εὑρὼν
667 3123 858 3198 μικρὸν
909 3119 960 3175 έν
1014 3125 1095 3192 τῷ
1143 3121 1317 3190 τόπῳ,
1369 3111 1575 3190 ἔμεινεν
1629 3115 1739 3170 ἐκεῖ
1796 3113 1984 3187 ὀλίγας

341 3214 551 3290 ἡμέρας
601 3212 805 3274 ἄσιτος.
839 3214 930 3274 Ὦς
977 3207 1034 3264 δὲ
1066 3207 1260 3263 λοιπὸν
1307 3212 1516 3284 τροφῆς
1567 3201 1764 3272 ἐδέετο,
1795 3201 1984 3264 κλίνας

2089 1981 2216 2016 στου
2265 1961 2317 2016 ἐν
2367 1965 2593 2036 κρυπτῷ
2655 1955 3004 2038 βουλεύματα
3061 1963 3304 2039 φανερῶς
3355 1961 3725 2040 ἐξαγγέλλων.

2086 2051 2188 2105 Τὸν
2251 2050 2346 2124 μὲν
2405 2051 2507 2106 ὑπὸ
2564 2050 2819 2125 πορνείας
2877 2049 3222 2126 ἐνοχλεῖσθαι
3280 2051 3478 2130 λέγων,
3525 2053 3618 2109 τὸν
3670 2051 3728 2107 δέ

2090 2140 2192 2195 ὑπὸ
2243 2136 2572 2210 κενοδοξίας,
2624 2137 2794 2194 ἄλλον
2845 2141 2946 2195 ὑπὸ
3001 2147 3233 2216 τρυφῆς,
3278 2141 3456 2216 ἕτερον
3507 2139 3566 2195 δὲ
3621 2142 3726 2196 ὑπὸ

2089 2228 2280 2306 ὀργῇς,
2312 2229 2403 2283 καί
2433 2229 2493 2284 ὃν
2529 2229 2622 2303 μὲν
2655 2233 2850 2305 πρᾶον,
2883 2231 2941 2285 ’ὸν
2976 2227 3032 2284 δὲ
3063 2230 3338 2303 εἰρηνικὸν
3385 2232 3724 2310 ἀπεφήνατο,

2087 2320 2175 2375 καὶ
2207 2323 2304 2375 τοῦ
2337 2320 2430 2394 μέν
2463 2321 2563 2390 τήν
2591 2317 2799 2394 κακίαν,
2829 2323 2926 2374 τοῦ
2958 2318 3014 2375 δὲ
3039 2321 3134 2383 τάς
3167 2320 3358 2396 ἀρετάς
3395 2321 3724 2399 ἐξελέγχων.

2087 2409 2404 2470 Ἀκούοντες
2459 2408 2518 2464 δὲ
2573 2413 2742 2465 ταῦτα
2797 2409 3103 2486 ἐθαύμαζον
3179 2409 3426 2488 λέγοντες
3501 2409 3726 2482 ἀληθῶς

2089 2499 2262 2562 οὕτως
2321 2499 2476 2556 εἶναι.
2533 2501 2664 2554 Εἰπε
2722 2497 2780 2556 δέ
2836 2502 2972 2576 πρὸς
3047 2500 3240 2563 αὐτούς
3273 2519 3286 2534 ⁸
3363 2501 3730 2576 Ἑτοιμάσατε

2087 2591 2225 2662 ἡμῖν
2282 2588 2543 2664 λάχανα·
2605 2587 2918 2644 ἐλεύσονται
2993 2591 3095 2666 γὰρ
3173 2591 3410 2666 σήμερον
3478 2588 3728 2651 πλείονες

2090 2676 2319 2753 ἀδελφοὶ
2367 2678 2504 2752 πρὸς
2553 2678 2721 2750 ἡμᾶς.
2767 2679 2831 2733 Οἱ
2881 2676 2938 2733 δῖε
2987 2678 3062 2740 ὡς
3109 2673 3187 2732 ἔτι
3241 2677 3568 2754 ηὒτρέπιζον
3614 2677 3730 2734 ἐπι-

2091 2767 2326 2822 στάντων
2357 2770 2464 2823 τῶν
2493 2763 2764 2840 ἀδελφῶν,
2795 2765 3080 2838 ἀλλήλους
3113 2767 3444 2836 ἠσπάζοντο.

2161 2858 2346 2930 Ἠξίου
2377 2855 2434 2911 δέ
2461 2877 2546 2920 τις
2575 2855 2750 2911 αὐτῶν
2781 2860 2890 2911 τῶν
2929 2854 3201 2930 ἀδελφῶν,
3233 2854 3536 2934 συνδιάγειν
3587 2856 3732 2929 αύτῴ

2095 2947 2148 3003 ἐν
2197 2950 2270 3020 τῇ
2330 2945 2525 3020 ἐρήμῳ
2582 2944 2942 3018 βουλόμενος.
2992 2947 3259 3020 Λέγοντος
3317 2943 3375 3000 δὲ
3428 2945 3594 3001 αὐτοῦ
3655 2948 3729 3018 μὴ

2096 3033 2346 3090 δύνασθαι
2399 3036 2704 3108 ὑπενεγκεῖν
2738 3035 2867 3096 τοὺς
2913 3035 3250 3110 πειρασμοὺς
3281 3039 3392 3088 τῶν
3435 3031 3732 3108 δαιμόνων,

2095 3123 2536 3203 φιλονεικότερον
2587 3121 2792 3184 ἐκεῖνος
2851 3119 3133 3191 διατεθεὶς,
3194 3124 3363 3177 πάντα
3424 3124 3732 3199 ὑπενεγκεῖν

2095 3211 2492 3290 ἐπηγγέλλετο.
2527 3213 2634 3268 Καὶ
2679 3209 2746 3280 δὴ
2797 3209 3194 3284 ὑποδεξάμενος
3227 3211 3384 3267 αὐτὸν
3431 3211 3506 3273 εἰς
3550 3209 3733 3287 ἕτερον

339 3305 406 3360 τά
447 3303 648 3378 γόνατα
691 3299 917 3376 ηὔχετο.
975 3297 1150 3359 Εὐθὺς
1202 3295 1259 3352 δὲ
1316 3296 1466 3366 αὗτῷ
1523 3293 1700 3350 πάνυῑ
1752 3293 1820 3347 τὰ
1873 3295 1980 3346 τῶν
2015 3284 2057 3350 C
2099 3301 2372 3373 σπήλαιον
2404 3302 2572 3356 οἰκεῖν
2605 3300 3014 3374 παρεκελεύετο.
3048 3301 3390 3362 Ἐπιστάντες
3419 3298 3477 3355 δὲ
3523 3301 3737 3374 νύκτωρ

343 3393 642 3467 βρωσίμων
687 3389 1024 3464 παρέκειντο,
1056 3388 1143 3441 καὶ
1195 3385 1349 3461 ἄρτοι
1391 3383 1608 3458 θερμοὶ,
1639 3382 1726 3436 καὶ
1781 3379 1982 3452 ἐλαῖαι,

339 3483 428 3536 καὶ
463 3481 652 3555 ὀπώρα
676 3499 756 3541 τις
787 3478 1070 3553 διάφορος.

413 3570 774 3643 Ἐπεσκέψατο
829 3566 887 3623 δέ
932 3587 1063 3621 ποτε
1115 3567 1243 3626 τοὺς
1293 3566 1486 3620 ἑαυτοῦ
1545 3559 1840 3640 ἀδελφοὺς,
1891 3561 1986 3623 οὓς

341 3661 434 3714 καὶ
493 3657 678 3714 πολλά
729 3659 1058 3728 νουθετήσας
1107 3656 1196 3711 ἐπὶ
1264 3657 1362 3724 τὴν
1442 3653 1650 3728 ἔρημον
1709 3646 1982 3716 ἔσπευδεν,

343 3746 802 3822 ἐπικομιζόμενός
845 3765 962 3800 τινα
991 3749 1098 3800 τῶν
1151 3743 1226 3805 εἰς
1255 3742 1348 3804 τάς
1399 3740 1590 3816 χρείας
1639 3736 1980 3808 ἐπιτηδείων.

343 3836 497 3893 Ἰδὼν
555 3835 612 3891 δὲ
668 3836 927 3912 ὀνάγρους
998 3834 1144 3893 τινὰς
1223 3831 1580 3906 βοσκομένάς,
1639 3829 1770 3906 φησί
1847 3826 1984 3898 πρὸς

340 3927 504 3988 αὐτάς
537 3946 552 3959 ⁸
585 3927 673 3981 Ἐν
723 3925 952 3996 ὀνόματι
983 3927 1080 3976 τοῦ
1121 3923 1356 3992 Χριστοῦ
1387 3915 1568 3986 ἡκέτω
1605 3915 1701 3988 μία
1745 3913 1796 3986 ἐξ
1833 3915 1985 3984 ὑμῶν

343 4011 713 4090 ὑποδεξαμένη
765 4033 870 4085 μου
915 4011 977 4064 τὸ
1031 4009 1214 4084 βάρος.
1265 4007 1330 4062 Ἠ
1379 4003 1436 4060 δὲ
1485 4003 1642 4064 εὐθὺς
1689 4002 1770 4058 ἔπ’
1820 4002 1982 4056 αὐτὸν

341 4089 622 4181 ὥρμησεν,
671 4100 910 4159 Ἐπιθεὶς
957 4095 1015 4152 δὲ
1063 4097 1200 4169 αὐτῇ
1249 4096 1314 4150 τά
1365 4095 1554 4163 σκεύη,
1597 4093 1684 4147 καὶ
1739 4089 1986 4146 ἐπικαθί-

341 4179 464 4262 σας,
495 4192 548 4247 ἒν
586 4187 882 4264 μονημέρῳ
913 4186 1002 4242 ἐπὶ
1031 4187 1094 4241 τὸ
1136 4184 1406 4255 σπήλαιον
1454 4181 1668 4260 ἔφθασε.
1703 4179 1986 4241 Διαθέντος

342 4281 402 4338 δὲ
431 4281 596 4336 αὐτοῦ
641 4279 768 4339 τοὺς
799 4275 1006 4352 ’ἄρτους
1055 4275 1144 4329 καὶ
1175 4273 1270 4336 τάς
1319 4273 1538 4346 ὀπώρας
1585 4270 1638 4324 ἐν
1685 4272 1763 4342 τῷ
1813 4267 1984 4341 ἡλίῳ,

342 4372 514 4442 ἦλθεν
541 4367 624 4424 ἐπ’
655 4367 813 4436 αὐτὰ,
845 4367 920 4427 ὡς
949 4363 1067 4428 ἔθος
1093 4365 1185 4436 ἦν,
1215 4363 1281 4418 τὰ
1311 4359 1473 4436 θηρία
1503 4359 1592 4415 ἐπὶ
1620 4361 1719 4429 τὴν
1773 4358 1984 4433 πηγὴν,

343 4462 434 4516 καὶ
467 4459 716 4534 ἁψάμενα
750 4457 916 4530 μόνον
941 4458 1052 4510 τῶν
1081 4451 1258 4528 ἄρτων
1284 4451 1580 4524 ἀπέψυξαν.

421 4543 762 4623 Παραϐαλὼν
819 4541 877 4599 δὲ
941 4542 1078 4618 πρός
1151 4563 1300 4604 τινας
1375 4536 1656 4614 μοναχοὺς
1714 4541 1986 4611 Κυριακῆς

2094 3393 2146 3446 οἱ
2207 3389 2464 3462 δαίμονες
2523 3389 2728 3465 πνίγειν
2788 3389 2952 3444 αὐτόν
3011 3388 3350 3464 ἐπεχείρουν,
3399 3391 3461 3444 τὸ
3517 3395 3735 3465 πρῶτον

2091 3481 2350 3556 αἰσχροῖς
2408 3479 2706 3556 λογισμοῖς
2763 3479 2962 3540 ἱκανῶς
3022 3477 3458 3551 διαταράξαντες.
3509 3479 3736 3552 Ἐκδρα-

2097 3571 2212 3643 μὼν
2275 3567 2332 3624 δὲ
2385 3569 2589 3630 ἐκεῖνος
2643 3569 2712 3623 τά
2768 3564 3047 3640 συμϐάντα
3100 3567 3373 3644 έπήγγελε
3441 3574 3520 3641 τῷ
3593 3565 3736 3624 ἀϐϐἆ

2089 3659 2340 3728 Ἐλλῆνι.
2377 3659 2750 3732 Περιχαράξας
2783 3656 2840 3712 δὲ
2877 3658 3082 3720 ἐκεῖνος
3123 3659 3214 3713 τὸν
3263 3659 3454 3730 τόπον,
3485 3657 3736 3715 ἐκέλευσε

2089 3750 2150 3804 τὸ
2183 3747 2378 3802 λοιπὸν
2419 3747 2557 3820 μετᾶ
2587 3745 2766 3809 ἀδείας
2799 3744 2975 3820 μένειν
3003 3747 3184 3804 αὐτόν.

2163 3841 2381 3909 ³¹Αρτων
2427 3833 2484 3889 δὲ
2531 3834 2725 3895 αὐτούς
2775 3856 2906 3889 ποτε
2953 3833 3322 3891 ἐπιλιπόντων
3369 3836 3420 3892 ἐν
3467 3843 3548 3908 τῷ
3588 3859 3733 3908 σπη-

2093 3925 2255 3996 λαίῳ,
2285 3922 2506 3984 ἐπιστὰς
2537 3920 2772 3998 ἅγγελος
2820 3922 2872 3976 ἐν
2901 3920 3140 3999 ἀδελφοῦ
3185 3927 3436 3998 σχήματι
3480 3925 3730 3998 ἐκόμιζεν

2092 4015 2280 4069 αὐτοῖς
2310 4013 2410 4081 τήν
2443 4013 2675 4087 τροφήν.
2707 4009 2952 4067 Ἀλλοτε
2983 4009 3040 4066 δὲ
3073 4010 3454 4084 ἐπιζητοῦντες
3484 4011 3642 4068 αὐτὸν
3677 4017 3729 4068 οἱ

2094 4099 2320 4178 ἀδελφοὶ
2353 4097 2480 4154 δέκα
2525 4100 2616 4154 τὸν
2647 4100 2901 4175 ἀριθμὸν,
2952 4099 3248 4171 ἐπλάζοντο
3291 4103 3427 4158 κατὰ
3462 4103 3562 4170 τήν
3604 4099 3736 4178 ἔρη-

2098 4211 2198 4265 μον
2229 4185 2472 4262 ἑϐδόμην
2517 4190 2726 4263 ἡμέραν
2777 4187 2952 4245 ἄσιτοι
3003 4187 3394 4254 διατελοῦντες.
3435 4192 3628 4266 Εὑρὼν
3677 4189 3734 4246 δὲ

2093 4277 2288 4343 αὐτοὺς
2335 4277 2581 4333 ἐκέλευεν
2632 4277 2994 4334 ἀναπαύεσθαι
3028 4279 3080 4334 ἐν
3119 4283 3198 4351 τῷ
3248 4278 3529 4352 σπηλαίῳ,
3575 4283 3637 4336 Οἱ
3679 4279 3736 4336 δέ

2095 4369 2169 4431 ὡς
2232 4367 2542 4442 ὑπέμνησαν
2601 4367 2726 4444 περὶ
2799 4365 3034 4439 διαίτης,
3096 4367 3300 4431 ἐκεῖνος
3371 4366 3539 4442 μηδὶν
3595 4364 3740 4446 ἔχων

2094 4461 2436 4531 παραθεῖναι,
2487 4455 2639 4533 ἔλεγε
2707 4458 2846 4530 πρὸς
2921 4457 3140 4530 αὐτοὺς,
3199 4459 3432 4522 Δυνατός
3509 4458 3650 4515 ἐστιν
3709 4461 3738 4515 ὃ

2096 4549 2224 4609 Θεὸς
2271 4547 2558 4620 ἑτοιμάσαι
2615 4545 2879 4621 τράπεζαν
2939 4545 2992 4602 ἐν
3041 4545 3256 4623 ἐρήμῳ.
3307 4547 3480 4606 E606:
3529 4547 3587 4604 δὲ
3633 4551 3742 4623 πρὸ

347 4637 535 4710 οὔσης,
566 4633 716 4710 ἔλεγε
761 4635 900 4709 πρὸς
947 4632 1183 4696 αὐτούς·
1214 4630 1274 4686 Τί
1321 4626 1388 4698 δὴ
1439 4630 1677 4702 σήμερον
1717 4628 1818 4694 τὴν
1869 4625 1990 4680 σύν·
2021 4649 2068 4713 ι)
2097 4639 2270 4710 θυρῶν
2349 4641 2479 4700 παῖς
2555 4657 2637 4698 τις
2711 4637 2877 4699 καλὸς
2951 4637 3156 4699 νεανίας
3211 4637 3456 4713 ἐπέμενε,
3527 4641 3739 4713 κρούων

347 4731 461 4797 αξιν
508 4725 608 4782 ούκ
653 4721 1038 4793 ἐπιτελέσατε;
1086 4725 1208 4776 Τῶν
1259 4717 1314 4774 δὲ
1363 4719 1674 4794 φασκόντων
1729 4717 1804 4787 μὴ
1857 4714 1986 4785 ἐλη-

347 4816 567 4874 λυθέναι
593 4816 824 4890 πέρηθεν
850 4813 942 4868 τὸν
973 4808 1336 4885 πρεσϐύτερον
1361 4826 1375 4841 ·
1410 4803 1566 4882 ἔλεγε
1593 4807 1732 4881 πρὸς
1751 4804 1946 4865 αύτούς
1971 4823 1986 4836 ⁸

347 4905 629 4964 Ἀπελθὼν
670 4903 892 4958 καλέσω
925 4899 1106 4957 αὐτόν.
1141 4901 1204 4954 Οἱ
1237 4897 1295 4953 δὲ
1341 4892 1571 4971 ἔφασκον
1605 4897 1680 4968 μὴ
1735 4891 1986 4949 δύνασθαί

343 5015 466 5051 τινα
515 4987 808 5048 διαϐαίνειν
848 4989 942 5044 τὸν
985 4989 1156 5062 πόρον
1207 4983 1300 5041 διὰ
1343 4985 1406 5039 τὸ
1441 4985 1631 5058 βάθος.
1664 4981 1839 5040 Ἀλλά
1887 4981 1991 5056 γάρ

343 5087 434 5141 καὶ
479 5085 668 5159 θηρίον
720 5080 972 5156 μέγιστον
1023 5073 1208 5152 ἔλεγον
1249 5076 1378 5132 εἶναι
1425 5073 1480 5129 ἐν
1529 5076 1608 5145 τῷ
1655 5073 1809 5146 τόπῳ
1859 5091 1990 5148 κρο-

343 5170 596 5229 κόδειλόν
652 5190 795 5242 τινα,
844 5165 1094 5228 πολλοὺς
1143 5164 1458 5239 ἀνθρώπους
1509 5159 1986 5218 καταναλώσαντα.

344 5266 402 5318 Ὃ
435 5262 492 5319 δὲ
525 5263 602 5336 μὴ
647 5258 952 5335 μελλήσας,
1003 5255 1158 5317 εὒθὺς
1191 5253 1418 5314 ἀναστάς
1465 5248 1725 5324 ὥρμησεν
1770 5248 1860 5304 ἐπὶ
1901 5250 1992 5304 τὸν

343 5356 538 5431 πόρον,
588 5353 680 5408 καὶ
728 5347 884 5411 εὐθὺς
939 5345 1100 5402 αὐτὸν
1150 5344 1214 5400 τὸ
1271 5341 1460 5415 θηρίον
1517 5339 1602 5396 ἐπὶ
1661 5342 1758 5394 τοῦ
1817 5339 1992 5394 νώτου

348 5427 748 5514 ὑποδεξάμενον
807 5437 886 5500 εἰς
943 5436 1008 5491 τὸ
1058 5433 1228 5502 πέραν
1283 5427 1742 5498 ἀποκατέστησεν.
1805 5427 1990 5502 Εύρὼν

349 5533 406 5589 δὲ
432 5533 526 5588 τὸν
552 5526 916 5604 πρεσϐύτερον
949 5523 1001 5579 ἐν
1028 5526 1110 5594 τῷ
1139 5521 1356 5598 χωρίῳ,
1388 5516 1684 5594 παρεκάλει
1719 5518 1795 5590 μή
1837 5535 1992 5590 περι-

356 5621 484 5678 ιδεῖν
571 5621 671 5688 τὴν
739 5615 1106 5694 ἀδελφότητα.
1188 5606 1344 5664 Ἰδὼδ
1423 5605 1480 5660 δὲ
1553 5605 1716 5661 αὐτὸν
1790 5604 1992 5669 ἐκεῖνος

353 5713 516 5788 ῥάκος
563 5707 915 5780 ἐνδεδυμένον
961 5699 1341 5780 πολύρῥαφον,
1391 5699 1518 5772 πάρ’
1564 5697 1732 5752 αὐτοῦ
1763 5695 1992 5754 ἐπυνθά-

349 5823 496 5876 νετο,
528 5801 691 5858 πόθεν
732 5797 838 5874 ἄρα
881 5796 945 5850 τὸ
990 5792 1154 5870 ῥάκος
1207 5790 1464 5861 ἐκέκτητο
1496 5807 1512 5824 ·
1561 5788 1818 5862 ἐπειπὼν,
1855 5788 1996 5848 Κάλ-

351 5891 542 5950 λιστον
589 5886 742 5966 ἔχεις
795 5884 1014 5961 ἱμάτιον
1063 5888 1164 5955 τῆς
1219 5883 1428 5957 ψυχῆς,
1487 5876 1706 5962 ἀδελφέ.
1766 5882 1872 5953 Τήν
1937 5879 1997 5938 δὲ

2098 4726 2416 4801 εὐχομένων
2467 4725 2667 4782 αὐτῶν.
2697 4726 3033 4796 Ἀνοίξαντες
3079 4725 3136 4780 δὲ
3187 4723 3326 4782 εἶδον
3375 4727 3470 4782 τὸν
3506 4729 3743 4796 νεανίαν,

2097 4815 2330 4892 σπυρίδα
2417 4815 2663 4893 μεγάλην
2740 4819 2939 4889 μεστὴν
3013 4815 3190 4890 ἄρτων
3249 4837 3309 4872 τε
3381 4816 3472 4870 καὶ
3543 4815 3740 4872 ἐλαιῶν

2097 4903 2298 4981 ἔχοντα
2328 4925 2342 4938 ·
2383 4902 2771 4982 ὑποδεξάμενοι
2819 4902 2876 4959 δὲ
2927 4903 3059 4959 αύτά
3111 4897 3544 4978 μετελάμϐανον,
3576 4903 3744 4979 εὐχα-

2101 4997 2406 5069 ριστοῦντες
2464 4997 2542 5064 τῷ
2603 4993 2810 5069 Κυρίῳ,
2865 4997 2961 5048 τοῦ
3030 4989 3226 5054 παιδὸς
3298 4991 3457 5056 εὐθὺς
3514 4993 3746 5072 ἀφανοῦς

2095 5083 2415 5157 γενομένου.
2465 5083 2641 5136 Ταῦτά
2689 5102 2748 5137 τε
2793 5081 2884 5138 καὶ
2938 5081 3082 5136 ἄλλα
3127 5079 3358 5138 πλείονα
3405 5083 3686 5156 θαυμαστὰ
3717 5085 3745 5136 ὁ

2097 5171 2279 5244 πατὴρ
2335 5173 2558 5245 Κοπρῆς
2613 5173 2749 5244 ἡμῖν
2800 5169 3214 5250 ὑφηγησάμενος
3269 5171 3359 5227 καί
3409 5171 3748 5250 φιλοφρονη-

2099 5259 2334 5333 σάμενος
2385 5261 2536 5332 ἡμᾶς
2581 5261 2720 5316 κατά
2767 5259 2994 5335 τρόπον,
3043 5259 3122 5320 εἰς
3177 5260 3268 5314 τὸν
3329 5259 3521 5315 ἑαυτοῦ
3567 5261 3748 5326 κῆπον

2100 5348 2372 5425 εἰσήγαγε,
2431 5348 2685 5404 δεικνύων
2738 5353 2873 5424 ἡμῖν
2931 5349 3197 5428 φοίνικας,
3251 5349 3338 5404 καὶ
3400 5347 3545 5404 ἄλλα
3592 5348 3750 5406 ὄπω-

2103 5437 2248 5509 ρικά,
2311 5437 2442 5510 ἅπερ
2501 5437 2662 5500 αὐτὸς
2711 5439 2765 5492 έν
2817 5440 2886 5510 τῇ
2934 5437 3128 5512 ἐρήμῳ
3179 5435 3460 5514 ἐφύτευσεν
3506 5437 3608 5494 ὑπὸ
3651 5443 3749 5510 τῆς

2098 5531 2206 5582 τῶν
2241 5525 2514 5602 ἀγροίκων
2549 5527 2784 5590 πίστέως
2819 5527 3208 5601 ὑπομνησθείς.
3253 5527 3393 5603 Πρὸς
3445 5527 3534 5591 οὓς
3582 5529 3748 5602 εἶπεν,

2103 5619 2185 5674 δτι
2221 5616 2451 5676 Δύναται
2485 5619 2572 5673 καὶ
2623 5619 2658 5688 ἡ
2691 5613 2898 5693 ἔρημος
2944 5619 3366 5698 κφρποφορῆσαι
3410 5623 3526 5682 τοῖς
3559 5612 3752 5696 ἔχουσι

2102 5705 2278 5764 πίστιν
2335 5709 2408 5772 είς
2455 5707 2546 5764 τὸν
2602 5707 2756 5767 Θεόν.
2807 5712 2896 5770 Ὠς
2944 5708 3050 5783 γὰρ
3095 5703 3257 5781 εἶδον,
3315 5709 3500 5785 φησὶν,
3549 5708 3748 5771 αὐτοὺς

2101 5799 2201 5868 τὴν
2230 5799 2460 5878 ψάμμον
2504 5800 2847 5876 σπείραντας,
2893 5799 2981 5854 καὶ
3032 5799 3134 5870 τὴν
3165 5799 3353 5878 χώραν
3401 5797 3576 5854 αὐτῶν
3623 5818 3750 5873 καρ-

2103 5895 2474 5968 ποφοροῦσαν,
2504 5891 2654 5968 κάγὼ
2685 5889 2748 5948 τὸ
2777 5887 2908 5946 αὐτὸ
2929 5887 3284 5965 ἐπιχειρήσας
3314 5883 3604 5960 ἐπέτυχον.
