4112 6210
404 355 561 419 1163

1030 482 1296 537 ΚΕΦΑΛ.
1336 478 1423 534 Ξ’.

594 571 722 646 Περὶ
752 575 849 626 τοῦ
878 566 1022 625 ἀϐϐἆ
1052 566 1301 638 Ἀπέλλη
1335 571 1431 623 τοῦ
1462 561 1850 642 πρεσϐυτέρου.

469 659 689 736 Ἵδομεν
738 660 795 716 δὲ
837 661 924 714 καί
974 656 1157 733 ἕτερον
1194 651 1557 729 πρεσϐύτερον
1606 655 1657 710 ἐν
1707 660 1823 715 τοῖς
1861 652 2045 726 μέρεσι

394 758 514 817 τοῖς
570 752 885 826 ἀνωτέροις,
946 748 1173 821 ὀνόματι
1231 744 1531 817 ’Δπέλλην,
1591 743 1758 817 ἄνδρα
1812 742 2042 811 δίκαιον,

394 844 496 911 τὴν
555 841 927 918 χαλκευτικὴν
982 838 1185 913 τέχνην
1252 838 1468 911 πρῶτον
1536 835 1885 909 μετελθόντα,
1952 832 2041 888 καὶ

395 932 597 987 ἐκεῖθεν
633 933 711 994 εἷς
747 930 975 1001 ἄσκησιν
1023 928 1291 1004 τραπέντα
1323 946 1336 961 ⁸
1369 928 1428 988 ’ὃς
1479 925 1739 991 ἐλθόντος
1775 926 1907 980 ποτὶ
1948 926 2043 977 τοῦ

397 1017 664 1076 διαϐόλου
694 1020 830 1095 πρὸς
876 1019 1040 1074 αὐτὸν
1092 1017 1143 1071 ἐν
1189 1015 1483 1091 γυναικείῳ
1521 1016 1795 1090 σχήματι,
1839 1014 1913 1077 ὡς
1950 1011 2044 1073 τάς

394 1110 582 1186 χρείας
621 1114 729 1165 τῶν
784 1112 1047 1182 μυναχῶν
1098 1104 1387 1181 χαλκεύων
1441 1102 1755 1179 ἐτύγχανεν,
1800 1103 2042 1177 ἀρπάσας

392 1199 453 1254 ἐκ
506 1202 603 1253 τοῦ
661 1198 831 1272 πυρὸς
887 1196 1288 1271 πεπυρωμένον
1332 1194 1396 1250 τὸ
1455 1190 1704 1265 σιδήριον
1752 1196 1822 1266 τῇ
1872 1190 2041 1265 χειρὶ,

392 1286 481 1341 διὰ
513 1285 754 1355 σποὺδῆς
794 1287 856 1340 τὸ
888 1284 1182 1358 πρόσωπον
1236 1283 1404 1352 αὐτῆς
1456 1281 1587 1337 ὅλον
1638 1282 1730 1336 καὶ
1776 1282 1837 1335 τὸ
1883 1283 2043 1353 σῶμα

389 1377 732 1431 κατέκαυσέν.
768 1374 864 1428 Καὶ
897 1372 1101 1442 ἤκουον
1131 1372 1335 1442 ταύτης
1364 1372 1415 1425 οἱ
1448 1368 1679 1444 ἀδελφοὶ
1730 1367 2039 1437 ὀλολυζού-

393 1485 495 1533 σης
526 1464 577 1517 ἐν
604 1468 682 1534 τῷ
710 1462 919 1534 κελλίῳ
948 1481 961 1494 ·
1011 1461 1061 1533 ἐξ
1094 1460 1294 1515 ἐκείνου
1348 1459 1545 1515 λοιπὸν
1577 1460 1604 1513 6
1647 1459 1781 1533 ἀνὴρ
1812 1460 2041 1513 πάντοτε

389 1555 451 1609 τὸ
511 1551 759 1627 σιδήριον
820 1554 891 1623 τῇ
943 1551 1092 1627 χειρὶ
1152 1556 1337 1624 κρατεῖ
1384 1548 1898 1623 πεπυρακτῶμένον,
1948 1551 2041 1605 καὶ

394 1646 469 1717 μὴ
508 1642 887 1717 βλαπτόμενος
913 1663 925 1675 ο
959 1642 1019 1705 ’ὸς
1049 1644 1198 1715 ἡμᾶς
1230 1641 1583 1718 φιλοφρόνως
1618 1638 2037 1713 ὑποδεξάμενος,

388 1734 511 1808 περὶ
543 1738 650 1787 τῶν
678 1734 769 1787 σὺν
822 1731 970 1804 αύτῷ
1000 1734 1308 1808 γενομένων
1359 1731 1615 1803 ἀξιοθέων
1653 1727 1862 1802 ἀνδρῶν
1898 1732 2037 1808 ὑφη-

387 1827 560 1897 γεῖτο,
592 1815 670 1877 ἔτι
703 1825 793 1875 νῦν
827 1820 1144 1895 περιόντων.

998 1912 1259 1968 ΚΕΦΑΛ.
1299 1909 1439 1965 ΞΑ¹.

910 1999 1040 2073 Περὶ
1073 1993 1214 2053 ἀϐϐἆ
1247 1996 1521 2053 Ἰωάννου.

459 2089 635 2159 Ἔστι,
680 2087 867 2164 φησὶν,
897 2088 952 2140 ἓν
1002 2090 1070 2159 τῇ
1104 2085 1297 2158 ἐρήμῳ
1342 2086 1511 2158 ταύτῃ
1565 2081 1805 2158 ἀδελφὸς
1842 2084 2039 2157 ἡμέτε-

389 2198 483 2253 ρος
515 2176 795 2247 Ἰωάννης,
826 2173 1005 2246 ἄλλης
1053 2177 1150 2249 μὲν
1206 2174 1399 2230 λοιπὸν
1430 2172 1651 2242 ἡλικίας
1686 2174 1885 2235 πάντας
1943 2174 2036 2245 μέν

386 2268 514 2327 τοὺς
571 2269 660 2321 νῦν
725 2263 1004 2339 μοναχοὺς
1058 2268 1179 2325 ταῖς
1238 2265 1452 2337 ἀρεταῖς
1532 2256 1922 2336 ὑπερϐάλλων,
1982 2261 2039 2315 ’ὸν

390 2352 573 2416 οὐδεὶς
602 2353 817 2427 ταχέως
849 2354 1024 2427 εὑρεῖν
1074 2350 1319 2420 δύναται,
1350 2351 1442 2407 διά
1483 2352 1546 2406 τὸ
1577 2350 1656 2406 ἀεὶ
1706 2346 2040 2423 μεταϐαίνειν

391 2445 552 2500 αὐτὸν
579 2444 747 2500 τόπον
776 2441 837 2498 ἐκ
864 2442 1035 2498 τόπου
1067 2443 1121 2498 ἐν
1149 2446 1219 2517 τῇ
1249 2442 1464 2518 ἐρήμῳ.
1497 2442 1670 2505 Οὗτος
1720 2442 1780 2496 τὸ
1820 2445 2036 2514 πρῶτον

393 2536 560 2597 ἑστὼς
603 2534 693 2588 ἐπὶ
749 2531 922 2607 τρισίν
974 2529 1145 2588 ἔτεσιν
1200 2534 1304 2588 ὑπὸ
1360 2530 1560 2605 πέτραν
1616 2532 1740 2585 τινὰ
1786 2533 2038 2599 πάντοτε,

392 2623 863 2697 προσευχόμενος,
909 2618 1176 2675 διετέλεσε
1210 2621 1287 2692 μὴ
1337 2619 1559 2680 καθίσας
1606 2617 1761 2686 ὅλος,
1811 2619 1885 2689 μή
1929 2638 2042 2672 κοι-

397 2712 611 2784 μηθεὶς,
646 2708 771 2766 ἀλλ’
804 2712 927 2765 ὅσον
980 2710 1148 2769 ἑστὼς
1176 2712 1274 2764 τοῦ
1322 2708 1491 2763 ὕπνου
1528 2708 1692 2779 μόνον
1732 2707 2039 2783 ἀφήρπαζε,

393 2804 463 2875 τῇ
510 2804 755 2873 κυριακῇ
809 2800 975 2871 μόνον
1025 2805 1126 2868 τῆς
1177 2796 1527 2872 εὐχαριστίας
1579 2791 2041 2869 μεταλαμϐάνων,

392 2896 492 2948 τοῦ
549 2883 919 2963 πρεσϐυτέρου
996 2886 1145 2961 αὑτῷ
1220 2888 1613 2966 ἀποφέροντος,
1670 2884 1812 2942 ἄλλο
1888 2885 2041 2941 οὐδέν

397 2979 647 3054 διῃτᾶτο.
681 2977 781 3035 Καὶ
812 2974 880 3046 δὴ
916 2983 1045 3051 μιᾶς
1076 2982 1187 3034 τῶν
1216 2980 1442 3051 ἡμερῶν
1479 2976 2043 3052 μετασχηματισάμε-

395 3089 488 3131 νος
516 3068 706 3123 ἑαυτὸν
739 3068 766 3121 ὁ
800 3072 1043 3131 Σατανᾶς
1092 3066 1170 3131 εἰς
1199 3067 1292 3123 τὸν
1345 3062 1709 3141 πρεσϐύτερον
1758 3065 2044 3143 ταχυτέρω

398 3158 533 3232 πρὸς
591 3156 754 3211 αὐτὸν
800 3155 1004 3229 ἄπεισι,
1056 3154 1529 3229 προσποιούμενος
1579 3155 1732 3226 αύτῷ
1778 3156 1877 3222 τὴν
1933 3175 2042 3209 κοι-

396 3244 591 3300 νωνίαν
649 3242 973 3303 ἐπιδιδόναι.
1025 3244 1312 3319 Ἐπιγνοὺς
1368 3240 1425 3296 δὲ
1482 3241 1641 3296 αὐτὸν
1693 3242 1721 3295 6
1775 3244 2043 3314 μακάριος

400 3334 657 3404 Ἰωάννης
689 3334 805 3388 εἶπε
834 3334 971 3405 πρὸς
1002 3332 1186 3399 αὑτὸν,
1212 3334 1276 3385 Ὦ
1305 3330 1505 3389 παντὸς
1539 3326 1711 3383 δόλου
1742 3331 1831 3385 καὶ
1862 3331 2042 3398 πάσης

400 3420 753 3495 ῥᾳδιουργίας
813 3420 1003 3493 πάτερ,
1063 3418 1225 3493 ἐχθρὶ
1302 3419 1482 3487 πάσης
1560 3415 1923 3488 δικαιοσύνης,
1979 3421 2043 3473 ού

398 3509 555 3563 παύει
612 3510 830 3561 ἀπατῶν
884 3508 979 3567 τὰς
1046 3512 1154 3561 τῶν
1217 3510 1557 3579 Χριστιανῶν
1639 3508 1839 3582 ψυχὰς,
1900 3504 2043 3560 ἀλλά

396 3595 611 3668 τολμᾷς
658 3594 750 3650 καὶ
790 3595 976 3657 αὐτοῖς
1027 3591 1283 3664 ἐπιϐῆναι
1330 3600 1448 3656 τοῖς
1497 3594 1791 3670 ἀχράντοις
1832 3616 2048 3668 μυστη-

403 3684 579 3757 ρίοις;
613 3685 669 3739 ’0
723 3682 780 3739 δὲ
808 3684 945 3758 πρὸς
993 3685 1155 3739 αὐτὸν
1208 3684 1535 3758 ἀπεκρίνατο
1570 3703 1582 3716 ο
1642 3686 1793 3758 Παρά
1850 3686 2045 3758 μικρὸν

404 3771 669 3847 ἐκέρδησα
715 3773 776 3829 ἄν
820 3795 877 3830 σε
906 3769 1255 3831 καταλαϐών.
1296 3772 1450 3829 Οὕτω
1499 3776 1602 3849 γὰρ
1649 3773 1735 3829 καί
1784 3794 1901 3829 τινα
1936 3778 2043 3829 τῶν

406 3867 513 3918 σῶν
578 3860 829 3941 ἀδελφῶν
884 3864 1263 3934 ἀπεπλάνησα,
1324 3864 1411 3918 καὶ
1469 3863 1703 3941 ἔκφρονα
1754 3865 2044 3939 γενόμενον

406 3952 483 4015 είς
515 3952 709 4026 μανίαν
744 3952 1041 4032 ἐπήγαγον.
1074 3954 1233 4029 Ὑπὲρ
1265 3954 1327 4009 οὗ
1374 3951 1579 4008 πολλοὶ
1613 3950 1813 4008 δίκαιοι
1860 3951 2051 4008 πολλά

403 4044 830 4117 προσευξάμενοι
893 4042 1056 4116 μόλις
1112 4040 1338 4116 ἴσχυσαν
1408 4042 1575 4097 αὐτὸν
1653 4041 1728 4103 εἷς
1785 4039 2047 4118 φρόνησιν

405 4131 652 4206 ἀγαγεῖν.
704 4131 802 4186 Καὶ
875 4134 1044 4186 ταῦτα
1100 4128 1268 4184 εἰπὼν
1347 4130 1374 4184 6
1434 4127 1647 4201 δαίμων
1724 4128 1815 4182 ἀπ’
1886 4127 2049 4183 αὐτοῦ

404 4218 729 4292 ἀπηλλάγη.

478 4305 882 4380 Διαῤῥαγέντων
915 4302 972 4359 δὲ
1020 4304 1184 4359 αὐτοῦ
1213 4305 1319 4359 τῶν
1368 4301 1553 4359 ποδῶν
1599 4301 1659 4357 ἐκ
1703 4308 1802 4371 τῆς
1855 4301 2053 4373 ἀκινη-

405 4390 521 4454 σίας
542 4396 640 4447 τοῦ
669 4391 887 4447 πολλοῦ
920 4391 1146 4465 χρόνου,
1177 4392 1267 4447 καὶ
1295 4395 1401 4445 τῶν
1438 4392 1661 4465 ἰχώρών
1696 4390 2051 4469 προερχομέ-

404 4501 533 4548 νων,
596 4479 817 4541 ἐπιστὰς
878 4479 1111 4555 ἅγγελος
1164 4478 1345 4553 ἥψατο
1400 4484 1497 4534 τοῦ
1556 4479 1850 4553 στόματος,
1907 4480 2051 4552 αὐτῷ

1911 335 2288 401 PALLADII

2080 469 2136 536 Α
2168 466 2563 544 μοναστηρίων,
2597 470 2683 524 ὅτι
2729 466 2873 529 τινὲς
2903 466 3080 523 αὐτῶν
3124 464 3224 520 οὑκ
3270 466 3441 539 ὀρθὴν
3484 462 3675 542 ἔχουσι
3708 490 3813 523 πο-

2071 1829 2120 1895 Β

3655 337 3811 396 1164

2157 556 2361 615 λιτείαν
2396 579 2408 593 ·
2460 560 2550 614 καὶ
2602 557 2797 634 γράφει
2844 560 3004 611 πᾶσιν
3053 554 3356 625 ἐπιστολὴν
3406 554 3496 610 διά
3535 562 3636 613 τοῦ
3682 579 3819 633 πρε-

2156 644 2441 721 σϐυτέρου,
2492 648 2577 702 ὅτι
2610 646 2661 701 οἱ
2716 648 2810 719 μέν
2855 666 2995 706 τινες
3046 644 3405 719 ῥᾳθυμοῦσιν,
3438 646 3489 699 οἱ
3540 643 3599 701 δὶ
3651 647 3824 702 σπεύ-

2155 734 2307 791 δουσι
2383 736 2519 809 πρὸς
2595 734 2816 809 ἀρετήν.
2879 733 2976 787 Καὶ
3052 732 3243 808 εὑρέθη
3322 732 3557 803 ἀλήθεια
3632 734 3817 797 οὕτως

2154 822 2380 899 ἔχουσα.
2440 824 2638 897 Γράφει
2690 821 2747 877 δὲ
2793 822 2883 876 καὶ
2929 826 3045 884 τοῖς
3097 820 3390 894 Πατράσιν,
3439 819 3524 875 δτι
3572 823 3709 884 τινές
3760 824 3815 893 ἐξ

2154 914 2329 970 αὐτῶν
2362 912 2696 989 ὀλιγωροῦσι
2748 912 2877 985 περὶ
2907 917 3005 980 τῆς
3053 916 3161 965 τῶν
3195 908 3449 988 ἀδελφῶν
3484 912 3766 985 σωτηρίας
3800 933 3816 948 ’

2153 1001 2317 1058 ἄλλοι
2371 1000 2428 1057 δὲ
2484 1003 2683 1065 ἱκανῶς
2738 1004 3111 1076 παρακακοῦσι
3170 1020 3180 1032 ·
3233 1002 3323 1054 καὶ
3381 999 3651 1076 ἑκατέρων
3712 1002 3815 1065 τάς

2151 1093 2313 1167 τιμὰς
2361 1092 2450 1147 καὶ
2500 1093 2594 1152 τὰς
2641 1088 2895 1151 κολάσεις
2943 1088 3300 1166 ἀπήγγειλεν.
3354 1090 3453 1145 Καὶ
3504 1088 3673 1145 πάλιν
3714 1091 3817 1147 ἄλ-

2152 1181 2286 1244 λους
2333 1183 2471 1255 πρὸς
2524 1182 2625 1249 τὴν
2677 1178 3016 1253 τελειοτέραν
3074 1180 3399 1235 κατάστασιν
3453 1179 3815 1255 προσκαλού-

2156 1292 2337 1346 μενος,
2397 1271 2828 1343 ὑπεμίμνησκεν,
2887 1270 2993 1324 ἀπὸ
3050 1273 3157 1324 τῶν
3219 1270 3493 1341 αἰσθητῶν
3554 1271 3633 1331 εἷς
3702 1274 3808 1339 τήν

2148 1362 2333 1431 νόησιν
2381 1360 2683 1433 ἀναχωρεῖν
2750 1359 2949 1434 Καιρός
2995 1356 3095 1433 γὰρ
3143 1356 3339 1413 λοιπὸν
3386 1361 3484 1427 τήν
3536 1359 3811 1431 τοιαύτην

2149 1448 2473 1519 ἐνδείξασθαι
2532 1447 2835 1504 πολιτείαν.
2896 1449 2969 1501 Οὐ
3037 1448 3137 1522 γάρ
3212 1445 3426 1515 παῖδες,
3490 1448 3651 1523 φησὶ,
3709 1451 3809 1504 καὶ

2148 1542 2335 1611 νήπιοι
2363 1541 2456 1595 τὸν
2502 1539 2676 1593 πάντα
2723 1538 2918 1613 χρόνον
2971 1535 3265 1609 ὀφείλομεν
3320 1534 3620 1610 διαμένειν,
3672 1538 3810 1594 ἀλλ’

2147 1626 2257 1699 ἤδη
2306 1633 2422 1689 τοῖς
2470 1624 2827 1700 τελειοτέροις
2890 1621 3187 1680 ἐπιϐαίνειν
3236 1628 3503 1699 νοήμασι,
3558 1628 3651 1681 καὶ
3699 1636 3804 1698 τῆς

2146 1714 2393 1791 ἀνδρείας
2468 1715 2772 1794 ἐφάψασθαι
2848 1716 2939 1770 καὶ
3018 1720 3133 1775 ταῖς
3216 1716 3496 1793 μεγίσταις
3576 1716 3805 1790 ἀρεταῖς

2148 1801 2427 1871 ἐπιϐῆναι.
2460 1808 2636 1859 Ταῦτα
2682 1804 2775 1859 καὶ
2818 1805 3024 1859 τούτων
3071 1802 3295 1859 πλείονα
3347 1805 3375 1858 ὁ
3431 1806 3626 1879 Πατὴρ
3676 1808 3806 1879 περὶ

2151 1892 2247 1951 τοῦ
2287 1892 2479 1970 ἀνδρὸς
2528 1892 2773 1968 διηγεῖτο
2805 1912 2818 1926 ·
2871 1896 3004 1970 ἅπερ
3037 1891 3107 1948 δι’
3159 1889 3473 1967 ὑπερϐολὴν
3524 1895 3807 1967 θαύματος

2150 1980 2358 2039 ἅπαντα
2387 1984 2485 2038 οὐκ
2515 1982 2825 2058 ἐγράψαμεν
2859 2000 2871 2013 ·
2907 1981 3013 2058 οὐχ
3043 1982 3123 2037 ὅτι
3157 1983 3258 2037 οὐκ
3296 1982 3361 2051 ἦν
3413 1982 3623 2053 ἀληθῆ,
3657 1982 3806 2037 ἀλλά

2151 2072 2240 2129 διά
2268 2076 2365 2144 τήν
2414 2092 2574 2127 τινων
2623 2072 2893 2129 ἀπιστίαν.
2921 2073 3113 2143 Ἡμεῖς
3167 2068 3223 2125 δέ
3253 2072 3456 2133 ἱκανῶς
3506 2070 3803 2144 πεπληρο-

2151 2164 2440 2243 φορήμεθα
2462 2160 2689 2217 πολλῶν
2720 2161 2809 2215 καὶ
2844 2159 3100 2235 μεγάλων
3130 2161 3195 2215 τὰ
3230 2159 3366 2215 αύτά
3395 2162 3533 2233 ἡμῖν
3570 2158 3803 2234 διηγου-

2154 2253 2353 2327 μένων,
2384 2253 2472 2307 καὶ
2504 2252 2690 2313 αὐταῖς
2721 2251 2905 2323 ὄψεσιν
2936 2250 3279 2325 ἑωρακότων.

2754 2347 3009 2397 ΚΕΦΔΛ.
3051 2342 3185 2395 ΞΒ’.

2613 2430 2745 2503 Περὶ
2785 2425 2929 2483 ἀϐϐἆ
2968 2429 3328 2505 Παφνουτίου.

2223 2520 2588 2592 Ἐθεασάμεθα
2632 2516 2688 2573 δὲ
2735 2520 2823 2573 καὶ
2871 2515 3051 2593 ἓτερον
3091 2521 3259 2574 τόπον
3313 2519 3658 2597 Παφνουτίου
3701 2521 3798 2574 τοῦ

2150 2612 2537 2684 ἂναχωρητοῦ,
2580 2604 2775 2683 ἀνδρὸς
2823 2606 3068 2682 μεγάλου
3116 2608 3208 2663 καὶ
3262 2607 3511 2683 ἐναρέτου
3550 2629 3564 2641 ·

2150 2701 2256 2773 πρὸ
2279 2697 2494 2752 πολλοῦ
2542 2718 2688 2759 τινος
2720 2698 2925 2771 χρόνου
2972 2696 3270 2766 ἐτελειώθη
3303 2696 3355 2751 ἐν
3394 2702 3460 2769 τῇ
3494 2700 3797 2773 περιχώρῳ

2150 2786 2466 2861 Ἠρακλέως
2512 2792 2614 2856 τῆς
2669 2782 2943 2857 Θηϐἀϊδος
2976 2805 2989 2818 ·
3049 2787 3175 2859 περὶ
3233 2787 3290 2840 οὗ
3341 2784 3539 2841 πολλοὶ
3601 2785 3797 2841 πολλά

2154 2876 2513 2955 διηγήσαντο.

3614 2611 3679 2671 ὃς
3740 2609 3800 2664 ού

2758 2968 3017 3021 ΚΕΦΑΛ.
3058 2968 3188 3019 ΞΓ.

2706 3054 2836 3128 Περὶ
2868 3051 3229 3128 σαλπιγκτοῦ.

2225 3146 2394 3208 Οὗτος
2425 3144 2561 3218 μετά
2604 3141 2822 3211 πολλὴν
2870 3140 3093 3213 ἄσκησιν
3142 3142 3318 3198 δέεται
3366 3148 3465 3198 τοῦ
3515 3148 3649 3199 Θεοῦ
3692 3145 3796 3199 τίνι

2151 3240 2258 3291 τῶν
2290 3235 2751 3309 κατορθωσάντων
2781 3232 2953 3310 ἁγίων
3000 3234 3103 3307 ἄρα
3133 3232 3217 3302 εἴη
3272 3232 3497 3307 ὅμοιος.
3528 3234 3793 3309 Ἀγγελος

2153 3324 2210 3380 δὲ
2242 3327 2423 3403 ὀφθεὶς
2476 3324 2616 3379 εἶπεν
2663 3324 2848 3395 αὐτῷ’
2899 3325 3129 3395 Ὅμοιος
3179 3325 3228 3378 εἶ
3260 3323 3405 3396 τῷδέ
3452 3329 3531 3397 τῷ
3578 3324 3794 3398 αὑλητῇ

2150 3419 2228 3485 τῷ
2270 3413 2322 3467 ἐν
2376 3412 2503 3486 τῇδε
2544 3417 2612 3486 τῇ
2662 3411 2822 3467 πόλει
2873 3411 3134 3488 διάγοντι.
3166 3413 3222 3467 Ὃ
3269 3410 3326 3469 δὲ
3376 3414 3514 3485 μετά
3554 3413 3799 3483 σπουδῆς

2154 3506 2401 3578 ὁρμήσας
2433 3505 2569 3579 πρὸς
2619 3503 2801 3571 αὐτὸν,
2854 3503 3079 3559 ἐπύθετο
3110 3509 3235 3576 παρ’
3287 3504 3453 3559 αὐτοῦ
3484 3507 3586 3575 τήν
3632 3506 3797 3560 αὐτοῦ

2152 3592 2427 3662 πολιτίδων
2477 3594 2562 3647 καὶ
2613 3592 2707 3654 τὰς
2754 3592 2969 3665 πράξεις
3030 3592 3193 3647 αὐτοῦ
3252 3589 3584 3666 διερευνᾰτο.
3637 3596 3693 3647 Ὀ
3744 3591 3801 3648 δὲ

2155 3683 2289 3757 φησὶ
2340 3683 2475 3748 πρὸς
2530 3681 2707 3751 αὑτὸν,
2759 3681 2890 3755 ὅπερ
2940 3682 3029 3735 καὶ
3076 3683 3141 3751 ἦν
3188 3680 3414 3751 ἀληθὲς,
3471 3681 3803 3756 ἁμαρτωλὸν

2156 3772 2341 3826 ἑαυτὸν
2374 3771 2506 3825 εἶναι
2535 3771 2625 3825 καὶ
2661 3770 2913 3843 μέθυσον,
2948 3770 3038 3824 καὶ
3078 3773 3304 3845 πόρνον,
3338 3770 3400 3825 οὐ
3445 3773 3554 3844 πρὸ
3585 3770 3802 3826 πολλοῦ

2156 3880 2299 3921 τινος
2332 3860 2533 3937 χρόνου
2561 3857 2620 3912 ἐκ
2644 3864 2741 3927 τῆς
2774 3857 3081 3934 λῃστρικῆς
3113 3858 3188 3921 εἷς
3214 3864 3375 3914 τοῦτο
3411 3856 3799 3931 μεταϐληθείς.

2156 3949 2245 4010 Ὦς
2291 3946 2347 4003 δὲ
2386 3942 2705 4020 ήκριϐεύετο
2755 3949 2881 4020 παρ’
2936 3950 3121 4017 αὐτοῦ,
3167 3948 3216 4003 τί
3266 3952 3374 4003 τῶν
3424 3950 3611 4004 καλῶν
3656 3949 3804 4019 αὐτῷ

2156 4037 2484 4112 κατώρθωτο
2534 4036 2777 4105 πώποτε,
2808 4032 2975 4113 ἔφησε
3025 4038 3158 4111 πρὸς
3206 4036 3363 4092 αὐτὸν
3409 4036 3583 4111 μηδὲν
3623 4036 3803 4112 ἕτερον

2159 4127 2331 4199 ἰαυτῴ
2380 4122 2544 4180 καλὸν
2598 4122 2914 4195 συνειδέναι,
2963 4124 3109 4195 πλὴν
3160 4124 3244 4179 ὅτι
3293 4127 3425 4181 ποτὶ
3462 4124 3513 4181 ἐν
3568 4132 3648 4199 τῷ
3701 4126 3802 4199 λῃ-

2158 4219 2362 4287 στρικῷ
2390 4216 2545 4285 τόπῳ
2595 4214 2856 4288 ὑπάρχων
2906 4215 3170 4289 παρθένον
3202 4216 3436 4286 Χριστοῦ
3491 4214 3804 4289 μέλλουσαν

2160 4305 2262 4359 ὑπὸ
2311 4301 2527 4376 λῃστῶν
2576 4299 2957 4379 διαφθαρῆναι,
2992 4302 3232 4376 ἐξείλατο
3281 4305 3496 4375 νυκτὸς,
3526 4306 3619 4359 καὶ
3669 4305 3804 4381 ἄχρι

2156 4400 2256 4462 τῆς
2286 4393 2481 4464 κώμης
2512 4392 2963 4463 ἀποκατέστησεν.
2990 4391 3235 4449 ’Άλλοτε
3267 4391 3325 4449 δὲ
3357 4391 3524 4449 πάλιν
3576 4400 3804 4469 γυναῖκα

2159 4479 2431 4558 εὔμορφον
2490 4482 2660 4554 εὑρῶν
2738 4480 3103 4554 πλανωμένην
3180 4484 3318 4537 κατά
3396 4485 3496 4552 τήν
3566 4478 3801 4557 ἔρημον,

406 4566 607 4643 λέγων,
640 4572 698 4623 '0
751 4569 950 4643 Κύριος
994 4567 1142 4624 ἔσται
1194 4589 1279 4623 σοι
1321 4568 1534 4639 ἀληθὴς
1588 4570 1813 4644 βρῶσις,
1847 4569 1936 4623 καὶ
1983 4570 2045 4625 τὸ
2077 4577 2127 4640 D
2156 4567 2574 4645 φυγαδευθεῖσαν
2628 4570 2730 4625 ὑπὸ
2768 4575 2874 4624 τῶν
2925 4572 3201 4641 ταξεωτῶν
3251 4576 3349 4626 τοῦ
3400 4569 3671 4647 ἄρχοντος
3712 4570 3801 4625 καὶ

404 4661 621 4731 Πνεῦμα
665 4657 727 4712 τὸ
774 4659 929 4735 ἅγιον
980 4656 1179 4729 ἀληθὲς
1228 4659 1398 4731 πόμα.
1436 4658 1535 4713 Καὶ
1584 4658 1739 4734 ἀρκεῖ
1783 4679 1866 4713 σοι
1911 4657 2045 4721 τέως

406 4748 441 4817 ἡ
473 4748 809 4821 πνευματική
832 4749 992 4810 πόσις
1025 4748 1115 4802 καὶ
1145 4750 1346 4823 τροφὴ,
1372 4746 1454 4803 ἴνα
1483 4750 1557 4821 μὴ
1591 4747 1854 4815 πλησθεὶς
1875 4748 2051 4821 ἐξεμέ-

406 4862 504 4915 σῃς
539 4858 552 4871 ·
606 4839 695 4893 καὶ
754 4839 1083 4913 θεραπεύσας
1131 4839 1287 4894 αὐτὸν
1340 4839 1664 4911 μετέστησεν
1713 4840 1771 4894 ἐκ
1817 4842 1915 4893 τοῦ
1962 4839 2051 4893 τό·

404 4950 531 4986 που.
582 4934 747 4996 Διῆγε
789 4926 846 4983 δέ
893 4931 1031 4985 κατά
1084 4930 1181 4997 την
1235 4926 1443 5002 ἔρημον
1499 4926 1691 4984 λοιπὸν
1752 4928 2046 5004 περιάγων,

404 5015 494 5072 καὶ
545 5015 736 5071 ἐσθίων
790 5017 1039 5092 βοτάνας.
1093 5020 1169 5091 Τῇ
1222 5022 1463 5093 Κυριακῇ
1514 5016 1571 5074 δὶ
1621 5019 1695 5080 εἰς
1746 5019 1835 5073 τὸν
1886 5016 2046 5071 αὑτὸν

403 5108 570 5161 τόπον
644 5105 935 5179 ηὑρίσκετο
1017 5113 1119 5177 τῆς
1191 5108 1501 5178 κοινωνίας,
1587 5102 2044 5181 μεταλαμϐάνων.

406 5194 539 5253 Βαία
588 5192 645 5251 δέ
697 5194 861 5273 ὀλίγα
908 5195 1055 5270 παρά
1101 5201 1196 5251 τοῦ
1242 5194 1607 5273 πρεσϐυτέρου
1658 5198 2047 5269 αἰτησάμενος,

406 5284 577 5354 ζώνας
606 5289 725 5347 τοῖς
761 5284 920 5354 ζώοις
954 5286 1255 5363 εἷ’ργάζετο.
1290 5286 1660 5357 Βουληθέντος
1694 5283 1752 5340 δὲ
1796 5284 2049 5341 ἀπελθεῖν

404 5373 540 5446 πρὸς
590 5374 753 5429 αὐτὸν
803 5372 997 5448 χωλοῦ
1044 5395 1188 5438 τινος
1246 5375 1530 5448 θεραπείας
1577 5372 1750 5442 ἕνεκα,
1799 5375 1889 5429 καὶ
1932 5374 2051 5431 ἐπι-

407 5457 602 5522 ϐάντος
638 5461 798 5534 μόνον
830 5466 910 5535 τῷ
952 5460 1079 5535 ὄνῳ,
1112 5463 1186 5523 ὼς
1220 5464 1272 5517 οἱ
1320 5460 1485 5524 πόδες
1530 5464 1697 5518 αὑτοῦ
1752 5465 1917 5536 μόνον
1949 5468 2047 5532 τῆς

410 5549 583 5618 ζώνης
611 5548 817 5621 ἥψαντο
848 5559 946 5620 τῆς
977 5553 1123 5627 παρὰ
1152 5556 1249 5607 τοῦ
1296 5552 1454 5625 ἁγίου
1487 5548 1677 5626 ἀνδρὸς
1726 5549 2047 5627 γενομένης,

404 5642 751 5714 παραχρῆμα
830 5638 1158 5713 ἐσεραπεύθη
1212 5657 1226 5671 ⁶
1303 5637 1507 5695 ἄλλοτε
1594 5640 1849 5715 εὐλογίας
1931 5647 2047 5701 τοῖς

402 5725 706 5804 ἀῤῥώστοις
753 5728 1056 5799 ἀπέστειλε,
1108 5727 1197 5783 καὶ
1246 5728 1651 5805 ἀπηλλάγησαν
1704 5728 1900 5803 εὑρέως
1950 5737 2047 5799 τῆς

403 5817 590 5878 νόσου,
659 5814 1135 5878 Ἀποκαλύπτεται
1190 5814 1248 5872 δὲ
1317 5816 1466 5890 αύτῷ
1522 5817 1645 5892 περὶ
1718 5820 1826 5874 τῶν
1886 5816 2050 5876 αὑτοῦ

2156 4663 2266 4714 τῶν
2319 4658 2626 4733 βουλευτῶν
2676 4657 2764 4715 διὰ
2820 4662 2982 4736 χρέος
3043 4658 3310 4734 δημόσιον
3380 4658 3654 4734 ἀνδρικὸν,
3707 4659 3801 4713 καὶ

2158 4745 2576 4823 ἀποδυρομένην
2606 4750 2704 4817 τὴν
2734 4748 2969 4819 πλάνην,
3020 4748 3299 4823 ἐπυθόμην
3331 4751 3460 4824 παρ’
3509 4749 3677 4818 αὐτῆς
3706 4753 3805 4804 τοῦ

2162 4836 2405 4912 ὀδυρμοῦ
2448 4840 2547 4907 τὴν
2592 4837 2788 4897 αἰτίαν.
2822 4843 2885 4894 Ἡ
2937 4836 2994 4893 δὲ
3025 4839 3145 4893 εἶπε
3180 4858 3191 4871 ·
3246 4836 3429 4909 Μηδέν
3488 4860 3555 4912 με
3604 4838 3805 4913 ἐρώτα,

2161 4925 2412 4994 δέσποτα,
2464 4926 2604 4999 μηδὲ
2652 4927 2858 4998 ἐξέταζε
2899 4928 2999 4996 τὴν
3048 4928 3265 4997 ἀθλίαν,
3325 4926 3452 4983 ἀλλ’
3512 4928 3587 4989 ὡς
3646 4929 3804 5002 θερα-

2159 5014 2379 5073 παινίδα
2410 5019 2531 5085 σὴν,
2565 5018 2701 5072 ὅπου
2755 5016 2965 5092 βούλει,
3012 5016 3280 5094 ἀπάγαγε.
3313 5022 3419 5073 Τοῦ
3469 5018 3572 5093 γὰρ
3606 5014 3806 5090 ἀνδρός

2163 5128 2267 5180 μου
2314 5106 2586 5170 πολλάκις
2641 5110 3028 5184 μαστιχθέντος
3079 5108 3165 5163 ἐπὶ
3216 5106 3364 5178 διετῆ
3419 5110 3623 5183 χρόνον
3673 5108 3805 5182 ὑπὲρ

2162 5196 2357 5270 χρέους
2417 5194 2685 5271 δημοσίου
2734 5200 3006 5272 χρυσίνων
3052 5197 3401 5272 τριακοσίων,
3445 5198 3533 5251 καὶ
3593 5196 3646 5252 ἐν
3708 5219 3810 5274 φυ-

2161 5285 2303 5359 λακῇ
2354 5286 2770 5362 κατειργμένου,
2804 5288 2891 5341 καί
2943 5291 3046 5342 τῶν
3100 5284 3377 5357 φιλτάτων
3433 5307 3537 5358 μου
3594 5284 3809 5341 παίδων

2159 5381 2326 5448 τριῶν
2380 5372 2798 5450 διαπραθέντων,
2848 5374 2958 5449 ἐγὼ
3004 5375 3170 5453 φυγάς
3224 5373 3485 5453 οἴχομαι,
3532 5375 3704 5429 τόπον
3752 5374 3810 5429 ἐκ

2157 5465 2328 5519 τόπου
2372 5467 2797 5540 περιερχομένη.
2846 5467 2957 5521 Νῦν
3012 5462 3069 5519 δὲ
3111 5466 3198 5519 καὶ
3251 5465 3389 5519 κατά
3441 5466 3541 5533 τὴν
3600 5463 3807 5539 ἔρημον

2158 5551 2479 5626 πλανῶμαι,
2530 5554 2800 5617 πολλάκις
2849 5555 3154 5626 εὑρεθεῖσα,
3188 5555 3276 5608 καὶ
3329 5559 3575 5628 συνεχῶς
3621 5575 3810 5625 μαστι-

2157 5645 2391 5717 γωθεῖσα
2425 5664 2436 5676 ο
2485 5643 2572 5698 καὶ
2622 5644 2810 5718 τρίτην
2843 5642 2957 5719 ἔχω
3006 5643 3058 5699 ἐν
3109 5649 3181 5717 τῇ
3231 5642 3426 5720 ἐρήμῳ
3478 5639 3666 5705 ἄσιτος
3700 5640 3815 5697 δια-

2161 5732 2404 5804 μείνασα.
2453 5733 2591 5806 Ἐγὼ
2623 5730 2680 5787 δὲ
2725 5730 2955 5803 ἐλεήσας
3003 5733 3193 5803 αὐτὴν,
3240 5731 3330 5786 καὶ
3381 5732 3681 5806 ἀπαγαγὼν
3736 5730 3805 5790 εἰς

2153 5821 2217 5877 τὸ
2246 5820 2542 5895 σπήλαιον,
2564 5819 2690 5885 δούς
2718 5842 2775 5877 τε
2802 5822 2942 5896 αὐτῇ
2972 5823 3101 5885 τοὺς
3131 5842 3476 5896 τριακοσιους
3510 5821 3809 5897 χρυσίνους
