4078 6212
3671 328 3827 387 1166

311 309 468 369 1165
1658 329 2031 393 HISTORIA
2076 332 2486 397 LAUSIACA.

2038 473 2094 540 Α
2126 472 2356 544 quidem
2391 476 2522 524 sunt
2542 468 2658 524 otio
2682 469 2881 535 dediti,
2908 468 2966 523 hi
2990 484 3121 524 vero
3145 467 3506 523 contendunt
3526 466 3596 522 ad
3638 466 3822 522 virtu—

2123 571 2261 629 tem,
2289 566 2344 616 et
2373 561 2606 616 inventa
2636 564 2725 616 est
2754 561 2839 616 sic
2869 576 2929 615 se
2960 559 3169 614 habere
3210 558 3446 613 veritas.
3479 556 3686 612 Scribit
3716 575 3823 613 au-

374 632 646 689 Vidimus
677 638 870 691 autem
896 637 1076 694 alium
1111 656 1341 713 quoque
1371 645 1773 717 presbyterum
1798 649 1857 705 in
1885 667 2008 722 par-
2118 654 2237 706 tem
2271 650 2342 705 ad
2384 666 2580 705 eorum
2629 665 2855 720 quoque
2890 651 3109 715 Patres,
3142 648 3292 717 quod
3326 646 3567 717 quidam
3615 663 3683 701 ex
3728 645 3819 701 his

296 723 456 778 tibus
478 724 795 794 superioris
810 727 1395 802 regionis,Appellem
1413 735 1859 809 nomine(Ru/7.,
1883 740 1920 794 ι.
1945 758 2002 809 ιι,
2117 743 2257 796 sunt
2285 740 2356 795 de
2405 739 2647 795 fratrum
2697 739 2882 795 salute
2912 740 3111 794 minus
3140 736 3388 804 solliciti,
3424 735 3522 792 alii
3554 753 3685 792 vero
3717 752 3816 790 eos

292 828 414 883 cap.
463 813 570 882 15),
622 812 811 869 virum
835 816 1090 887 justum,
1135 820 1235 890 qui
1284 820 1514 877 fabricae
1556 825 1769 880 aerariis
1819 834 2001 884 artem
2116 836 2400 903 quantum
2450 828 2595 884 satis
2646 833 2735 884 est
2778 830 3103 893 hortantur,
3137 826 3619 897 annuntiavitque
3669 833 3816 881 utro-

293 904 555 975 primum
592 906 881 972 tractavit,
931 912 987 962 et
1032 909 1239 966 exinde
1268 926 1581 969 conversus
1609 919 1695 970 est
1724 917 1793 972 ad
1837 934 2002 974 exer-
2112 934 2361 990 rumque
2390 919 2640 973 honores
2669 922 2724 972 et
2747 918 3051 989 supplicia.
3082 918 3148 972 Et
3174 933 3381 971 rursus
3403 915 3547 972 alios
3579 931 3814 987 quoque

292 993 650 1049 citationem.
675 996 728 1051 Is
749 1011 879 1050 cum
905 997 975 1051 ad
1008 1013 1142 1054 eum
1162 1000 1419 1057 venisset
1440 1002 1707 1061 diabolus
1732 1006 1790 1061 in
1817 1008 1999 1078 figura
2110 1024 2431 1081 provocans
2463 1007 2534 1062 ad
2587 1010 2804 1062 statum
2838 1006 3258 1073 perfectiorem,
3310 1005 3658 1060 admonebat
3688 1007 3752 1059 ut
3779 1021 3811 1057 a

958 457 1188 514 CAPUT
1240 460 1356 516 LX.

756 548 877 601 Vita
907 548 1118 604 abbatis
1149 552 1370 622 Appetle
1397 556 1570 626 (105).

293 1084 584 1152 muliebri,
628 1101 743 1156 quo
778 1090 1033 1159 tempore
1066 1089 1139 1145 ad
1173 1107 1346 1146 usum
1380 1095 1802 1153 monachorum
1834 1115 1989 1169 quaa-

289 1176 422 1230 dam
448 1174 742 1231 tractabat
771 1176 1032 1246 fabrilia;
1074 1181 1261 1238 ferrea
1292 1183 1511 1241 lamina
1542 1200 1610 1241 ex
1640 1188 1773 1258 igne
1808 1194 1991 1261 rapta,

284 1264 461 1336 idque
486 1280 663 1321 manu
687 1274 920 1337 propter
934 1270 1389 1341 festinationem,
1413 1279 1599 1331 totum
1616 1277 1743 1346 ejus
1763 1279 1990 1337 vultum

281 1363 337 1411 et
365 1371 575 1427 corpus
617 1357 959 1424 combussit,
992 1376 1238 1434 eamque
1266 1364 1577 1421 audierunt
1609 1368 1815 1424 fratres
1848 1369 1988 1426 ulu-

282 1443 497 1502 lantem
532 1444 591 1501 in
623 1446 788 1506 cella.
822 1450 909 1505 Ab
940 1467 1005 1507 eo
1036 1455 1301 1525 tempore
1322 1456 1409 1510 vir
1431 1455 1529 1512 ille
1555 1473 1785 1529 semper
1807 1476 1984 1516 manu

278 1536 512 1591 tenebat
544 1536 756 1593 ferrum
784 1537 1057 1610 ignitum,
1112 1559 1217 1599 nec
1248 1543 1585 1601 lasdebatur.
1621 1550 1674 1602 Is
1712 1563 1845 1605 cum
1880 1567 1986 1606 nos

273 1626 522 1698 benigne
551 1632 607 1684 et
655 1627 993 1687 humaniter
1045 1634 1385 1705 accepisset,
1420 1637 1677 1693 narravit
1716 1640 1883 1695 nobis
1914 1640 1984 1696 de

271 1715 416 1773 viris
450 1717 740 1788 praeclaris
792 1724 849 1775 et
879 1722 993 1777 Deo
1024 1722 1221 1794 dignis
1252 1724 1351 1794 qui
1378 1740 1509 1780 cum
1542 1742 1610 1781 eo
1644 1727 1898 1797 fuerant,
1924 1734 1982 1786 et

270 1809 439 1863 erant
468 1806 657 1865 adhuc
687 1810 1056 1880 superstites.

909 1899 1144 1957 CAPUT
1185 1902 1329 1959 LXI.

698 1989 827 2044 Vita
860 1989 1090 2046 alterius
1116 1991 1343 2048 Joannis
1375 1993 1544 2065 (106).

340 2074 459 2142 Est,
491 2073 705 2147 inquit,
730 2075 791 2131 in
817 2075 927 2133 hac
958 2076 1273 2135 solitudine
1295 2080 1469 2136 frater
1495 2085 1715 2151 noster,
1747 2083 1972 2140 nomine

262 2167 516 2221 Joannes
568 2165 768 2238 (Ra/7.,
818 2167 858 2222 ι.
911 2184 974 2235 n,
1015 2182 1064 2223 ο.
1108 2168 1218 2239 15),
1268 2170 1512 2226 alterius
1570 2172 1804 2243 quidem
1847 2174 1968 2244 jam

259 2254 470 2323 atatis,
502 2270 708 2310 omnes
742 2258 938 2311 autem
962 2257 1280 2314 monachos
1303 2275 1586 2330 superans
1608 2262 1922 2318 virtutibus
1949 2280 1963 2319 :

257 2359 430 2414 quem
464 2360 636 2401 nemo
669 2348 859 2416 potest
888 2344 1003 2401 cito
1033 2346 1312 2417 invenire,
1350 2350 1502 2420 quod
1526 2366 1757 2421 semper
1786 2352 1844 2408 in
1879 2369 1965 2409 so-

256 2432 610 2490 litudinibus
640 2434 833 2492 locum
866 2434 993 2493 loco
1044 2442 1387 2495 commutet.
1422 2442 1475 2495 Is
1506 2442 1763 2512 primum
1796 2448 1963 2499 stans

256 2527 378 2580 tres
411 2541 599 2580 annos
648 2526 758 2581 sub
810 2528 1067 2598 quadam
1100 2545 1261 2599 rupe,
1307 2546 1482 2586 orans
1516 2536 1812 2603 perpetuo,
1846 2550 1961 2589 non

251 2613 468 2668 sedens
500 2613 757 2685 omnino,
792 2632 907 2671 non
941 2616 1260 2686 dormiens,
1295 2618 1409 2675 nisi
1447 2625 1734 2691 quantum
1767 2624 1958 2678 somni

254 2706 424 2757 stans
456 2704 875 2776 suff‘urabatur,
910 2710 967 2761 et
994 2706 1297 2764 Dominica
1345 2710 1536 2766 solum
1577 2728 1813 2768 sumens
1844 2713 1957 2768 Eu-

251 2791 615 2861 charistiam,
641 2793 915 2850 afferente
953 2796 1003 2852 ei
1028 2797 1386 2870 presbytero,
1411 2799 1557 2856 nihil
1590 2800 1744 2858 aliud
1768 2819 1956 2860 come-

249 2882 437 2939 debat.
470 2883 657 2954 Atque
678 2884 818 2940 adeo
843 2902 977 2941 cum
1010 2888 1263 2958 quodam
1290 2888 1384 2945 die
1414 2905 1475 2946 se
1498 2890 1742 2946 Satanas
1771 2896 1952 2948 trans—

253 2973 559 3043 ﬁgurasset
609 2972 666 3028 in
699 2974 1124 3045 presbyterum,
1177 2977 1247 3033 ad
1282 2992 1413 3033 eum
1448 2978 1645 3034 abibat
1683 2979 1953 3053 celerius,

247 3077 363 3132 prie
403 3077 466 3117 se
512 3063 699 3119 ferens
741 3079 800 3119 se
850 3064 900 3119 ei
948 3064 1094 3121 velle
1136 3066 1271 3122 dare
1315 3067 1758 3124 Eucharistiam.
1809 3071 1950 3127 Cum

249 3165 382 3206 eum
424 3159 620 3207 autem
668 3152 1002 3224 agnovisset
1040 3155 1246 3210 beatus
1293 3155 1571 3221 Joannes,
1604 3158 1753 3214 dixit
1782 3159 1869 3214 ei:
1904 3160 1948 3216 Ο

2107 1097 2421 1155 sensilibus
2482 1114 2545 1152 se
2602 1095 2988 1151 transferrent
3038 1095 3112 1148 ad
3162 1111 3228 1148 ea
3302 1110 3425 1163 quae
3480 1095 3809 1165 percipiun-

2105 1191 2200 1244 tur
2232 1185 2635 1257 intelligentia.
2677 1188 2932 1253 Tempus
2961 1186 3048 1237 est
3079 1181 3259 1246 enim,
3290 1181 3503 1251 inquit,
3537 1183 3806 1253 deinceps

2103 1277 2216 1333 tale
2246 1277 2374 1332 vitae
2416 1276 2722 1331 ostendere
2759 1272 3120 1328 institutum.
3153 1274 3278 1324 Non
3310 1270 3593 1324 debemus
3625 1270 3804 1337 enim,

2102 1365 2313 1437 inquit,
2361 1364 2520 1420 omni
2570 1369 2832 1433 tempore
2879 1374 3219 1433 permanere
3250 1357 3411 1428 pueri
3445 1365 3497 1412 et
3529 1356 3804 1423 infantes,

2099 1456 2193 1513 sed
2220 1456 2338 1524 jam
2372 1472 2478 1510 nos
2530 1451 2971 1525 perfectioribus
3001 1449 3293 1520 applicare
3326 1447 3798 1520 cogitationibus,

2097 1550 2153 1603 et
2191 1545 2383 1615 magni
2413 1548 2470 1599 et
2507 1543 2715 1598 excelsi
2756 1540 2933 1596 animi
2969 1540 3245 1595 virtutem
3277 1538 3582 1609 attingere,
3612 1541 3669 1592 et
3693 1554 3799 1593 caa-

2093 1638 2244 1690 teras
2264 1633 2553 1689 maximas
2578 1632 2821 1686 virtutes
2844 1629 3099 1701 aggredi.
3126 1628 3254 1682 Haec
3285 1630 3341 1681 et
3362 1626 3661 1696 complura
3683 1626 3799 1683 alia

2092 1724 2261 1781 nobis
2291 1727 2462 1778 Pater
2503 1724 2572 1777 de
2626 1725 2797 1778 Patre
2846 1719 3132 1787 narrabat,
3164 1735 3289 1789 quae
3322 1717 3584 1788 quidem,
3617 1732 3794 1788 prep-

2088 1818 2250 1871 terea
2300 1814 2453 1887 quod
2502 1814 2782 1869 excedant
2813 1809 3078 1867 miraculi
3126 1809 3391 1877 modum,
3438 1808 3637 1864 omnia
3679 1823 3790 1863 non

2086 1903 2467 1975 scripsimus;
2500 1919 2614 1959 non
2649 1903 2799 1974 quod
2830 1917 2944 1956 non
2976 1902 3091 1955 sint
3120 1915 3275 1973 vera,
3311 1898 3409 1953 sed
3443 1902 3675 1968 prOpter
3708 1897 3793 1950 in-

2084 1994 2489 2051 credulitatem
2522 1994 2867 2065 aliquorum.
2907 1996 3017 2046 Nos
3037 1993 3236 2046 autem
3270 1988 3414 2043 satis
3447 1987 3517 2043 de
3545 1983 3640 2041 his
3671 2002 3792 2041 cer-

2081 2083 2257 2141 tiores
2283 2084 2419 2141 facti
2450 2099 2677 2144 sumus,
2711 2098 2846 2151 cum
2879 2080 3051 2136 multi
3082 2084 3139 2136 et
3168 2076 3365 2150 magni
3386 2075 3496 2133 viri
3525 2091 3592 2132 ea
3621 2075 3788 2132 nobis

2081 2173 2468 2242 narraverint,
2502 2174 2603 2244 qui
2635 2172 2757 2228 suis
2787 2170 3058 2227 viderunt
3089 2168 3297 2227 oculis.

2700 2262 2929 2318 CAPUT
2978 2261 3154 2317 LXII.

2502 2354 2576 2409 De
2605 2353 2801 2408 abbate
2836 2350 3147 2423 Paphnutio
3178 2348 3352 2421 (108).

2144 2442 2414 2498 Vidimus
2447 2447 2641 2499 autem
2693 2441 2887 2499 locum
2920 2455 3150 2511 quoque
3176 2434 3492 2509 Paphnutii
3523 2433 3779 2489 anacho-

2071 2538 2227 2598 retaa,
2248 2531 2352 2597 viri
2374 2531 2570 2604 magni
2604 2538 2657 2587 et
2680 2530 2886 2586 virtute
2910 2528 3158 2600 prnditi,
3180 2527 3278 2597 qui
3308 2523 3467 2579 haud
3490 2523 3571 2578 ita
3595 2521 3777 2576 multo

2068 2620 2280 2675 abhinc
2313 2623 2572 2690 tempore
2596 2626 3039 2675 consummatus
3070 2620 3159 2671 est
3189 2616 3247 2669 in
3283 2613 3514 2684 regione
3534 2628 3663 2681 quae
3687 2614 3777 2664 est

2068 2709 2220 2765 circa
2241 2708 2607 2766 Heracleotes
2634 2706 2977 2775 Thebaidis;
3010 2708 3211 2776 dequo
3244 2700 3411 2757 multi
3441 2698 3624 2755 multa
3642 2716 3774 2754 nar-

2066 2806 2269 2855 rarunt
2301 2799 2492 2870 (Batti,
2522 2799 2619 2855 tib.
2656 2815 2719 2865 ιι,
2750 2814 2866 2869 cap.
2903 2798 3010 2867 16).

2691 2888 2914 2944 CAPUT
2956 2885 3151 2942 LXIII.

2733 2980 2808 3033 De
2849 2977 3097 3031 Tibicina.

2132 3072 2187 3126 Is
2218 3070 2369 3126 enim
2404 3074 2529 3141 post
2556 3066 2796 3124 multam
2828 3063 3296 3120 exercitationem
3328 3062 3506 3117 Deum
3540 3056 3768 3129 rogavit

2063 3164 2130 3215 ut
2157 3159 2209 3216 ei
2240 3158 2665 3231 significaretur
2686 3157 2921 3212 cuinam
2953 3169 3021 3209 ex
3053 3153 3125 3207 iis
3155 3149 3372 3207 sanctis
3403 3150 3500 3220 qui
3528 3166 3589 3204 se
3611 3155 3765 3205 recte

243 3239 436 3296 omnis
468 3240 687 3298 fraudis
705 3212 776 3298 ἴθι
805 3242 1042 3298 malitiae
1074 3248 1255 3315 pater,
1290 3212 1750 3305 inimiceomnis
1774 3212 1952 3319 justi-
1982 3212 2023 3277 θ
2062 3212 2781 3322 gesseru‘btessetvsimilis
2812 3244 3005 3317 (Ruﬂ.,
3040 3244 3077 3297 ι.
3111 3258 3174 3309 ιι,
3206 3256 3325 3310 cap.
3360 3238 3471 3311 16).
3504 3239 3760 3311 Angelus

243 3329 358 3397 tia,
390 3347 506 3386 non
529 3332 784 3388 cessabis
803 3331 1070 3405 decipere
1090 3335 1318 3391 animas
1337 3334 1826 3407 Christianorum,
1850 3340 1947 3395 sed

239 3420 425 3475 audes
454 3422 671 3477 sanctis
719 3422 1006 3480 insultare
1037 3425 1428 3482 Sacramentis
1448 3426 1475 3481 ?
1505 3426 1559 3483 Is
1596 3434 1782 3484 autem
1834 3428 1947 3500 ipsi

238 3509 539 3581 respondit
573 3526 587 3564 :
639 3511 844 3566 Parum
890 3512 1070 3569 abfuit
1102 3514 1245 3586 quin
1294 3519 1351 3570 te
1383 3515 1676 3585 dejectum
1717 3516 1949 3574 lucrife-

238 3598 449 3665 cerim;
489 3615 623 3654 nam
656 3600 739 3655 sic
762 3617 994 3672 quoque
1017 3603 1222 3659 seduxi
1248 3605 1565 3676 quemdam
1597 3621 1665 3661 ex
1697 3606 1812 3661 tuis
1837 3606 1945 3660 fra-

234 3688 446 3756 tribus,
477 3693 536 3745 et
574 3694 769 3746 mente
810 3696 1035 3748 motum
1088 3693 1300 3750 deduxi
1350 3695 1422 3750 ad
1471 3694 1786 3752 insaniam.
1839 3701 1943 3751 Pro

236 3794 353 3850 quo
374 3796 508 3834 eum
537 3780 871 3853 multijusti
895 3784 1146 3839 multum
1171 3788 1491 3855 rogassent,
1516 3785 1608 3841 vix
1630 3789 1944 3856 potuerunt

233 3869 461 3926 efﬁcere
485 3875 550 3926 ut
580 3880 733 3928 esset
763 3890 917 3929 sanis
952 3874 1189 3931 mentis.
1223 3875 1473 3947 Haecque
1504 3891 1640 3930 cum
1672 3874 1940 3931 dixisset.

231 3959 484 4025 daemon,
515 3961 586 4016 ab
618 3977 682 4018 eo
713 3963 978 4021 recessit.

302 4050 444 4105 Cum
476 4054 671 4108 autem
698 4055 895 4109 essent
923 4053 1173 4125 disrupti
1222 4054 1352 4124 ejus
1384 4054 1561 4125 pedes
1593 4069 1661 4110 ex
1690 4069 1756 4109 eo
1788 4054 1939 4125 quod

231 4142 394 4195 tanto
441 4144 701 4212 tempore
750 4142 1016 4200 stetisset
1043 4143 1387 4209 immobilis,
1420 4148 1479 4200 et
1508 4143 1691 4201 exiret
1720 4144 1935 4214 sanies,

228 4227 543 4285 adveniens
575 4231 839 4301 angelus,
866 4232 1063 4303 tetigit
1085 4234 1213 4304 ejus
1246 4249 1481 4304 corpus,
1508 4233 1707 4289 dicens
1733 4248 1746 4288 :
1781 4232 1940 4289 Chri-

229 4319 360 4373 stus
400 4320 513 4374 erit
546 4318 647 4376 tibi
678 4336 849 4377 verus
880 4321 1067 4389 cibus,
1113 4326 1171 4378 et
1203 4327 1438 4379 sanctus
1469 4323 1721 4393 Spiritus
1765 4339 1937 4379 verus

230 4413 421 4476 potus,
456 4408 691 4465 interim
724 4414 921 4466 autem
946 4410 1051 4467 tibi
1082 4411 1303 4469 sufficit
1335 4411 1598 4482 spiritale
1619 4411 1935 4468 nutrimen-

229 4501 373 4565 tum,
408 4512 478 4552 ne
509 4497 765 4568 repletus
797 4516 1049 4557 evomas.
1097 4501 1167 4556 Et
1196 4518 1331 4556 eum
1371 4517 1504 4558 eum
1536 4505 1814 4567 curasset,
1847 4502 1935 4556 di-

228 4584 408 4639 movit
433 4602 467 4640 a
490 4584 638 4642 loco.
662 4586 944 4660 Deinceps
960 4593 1154 4645 autem
1170 4590 1342 4645 vitam
1368 4590 1483 4660 egit
1508 4590 1567 4644 in
1597 4589 1935 4656 solitudine,
1969 4577 2013 4640 D

226 4674 600 4745 circumiens,
634 4682 693 4733 et
726 4678 921 4735 herbis
951 4697 1190 4736 vescens
1225 4697 1238 4734 :
1278 4680 1576 4738 Dominica
1613 4685 1806 4736 autem
1848 4682 1931 4736 in-

222 4765 560 4822 veniebatur
574 4768 634 4823 in
647 4770 851 4825 eodem
866 4768 990 4826 loco
1004 4787 1244 4826 sumens
1256 4772 1755 4827 Communionem.
1787 4775 1928 4827 Cum

223 4870 441 4925 paucos
488 4861 687 4912 autem
740 4857 946 4928 palmas
994 4874 1186 4914 ramos
1234 4858 1475 4931 petisset
1506 4877 1539 4915 a
1567 4862 1926 4932 presbytero,

219 4943 509 5001 efﬁciebat
552 4946 790 5019 cingula
831 4948 1204 5005 animalibus.
1255 4949 1400 5005 Cum
1432 4967 1565 5005 vero
1594 4950 1764 5007 vellet
1796 4951 1927 5022 qui-

218 5033 351 5089 dam
374 5035 626 5092 claudus
655 5037 729 5093 ad
760 5053 895 5093 eum
916 5039 1118 5095 venire
1151 5042 1216 5094 ut
1245 5044 1571 5107 curaretur,
1603 5046 1661 5095 et
1689 5040 1922 5096 asinum

216 5122 585 5183 solummodo
617 5128 1026 5196 inscendisset,
1062 5128 1161 5185 ubi
1193 5130 1445 5201 primum
1478 5130 1607 5200 ejus
1638 5131 1815 5199 pedes
1846 5136 1922 5187 te-

214 5212 397 5283 tigere
444 5214 750 5287 cingulum
800 5218 955 5288 quod
998 5218 1186 5274 fuerat
1224 5238 1256 5273 a
1286 5228 1486 5275 sancto
1516 5220 1636 5273 viro
1683 5222 1921 5287 factum,

215 5300 323 5356 fuit
353 5301 508 5360 illico
540 5308 803 5361 curatus.
834 5305 990 5362 Alias
1021 5311 1217 5362 autem
1239 5308 1471 5379 aegrotis
1494 5306 1759 5361 mittebat
1787 5308 1919 5363 eulo

213 5391 337 5459 glas
368 5392 540 5463 (107),
582 5402 635 5461 et
665 5410 698 5448 a
729 5394 950 5450 morbis
980 5395 1380 5450 liberabantur
1410 5396 1698 5466 protinus.
1742 5396 1917 5451 Porro

212 5484 405 5536 autem
430 5481 794 5551 revelabatur
820 5485 890 5539 de
912 5485 1039 5554 ejus
1079 5484 1461 5548 monasteriis,
1486 5483 1645 5554 quod
1675 5485 1915 5555 quidam

210 5584 278 5623 ex
314 5569 387 5625 iis
408 5571 505 5639 qui
531 5573 750 5627 suntin
774 5573 940 5643 ipsis,
962 5572 1139 5628 vitam
1174 5589 1288 5629 non
1321 5578 1469 5628 recte
1500 5574 1833 5643 instituunt,
1861 5587 1914 5631 et

210 5672 310 5730 per
334 5660 736 5733 presbyterum
753 5664 820 5719 ad
845 5667 1085 5718 cunctos
1102 5661 1307 5719 scribit
1318 5662 1613 5733 epistolas,
1634 5665 1788 5735 quod
1820 5665 1910 5722 illi

2057 3342 2249 3395 autem
2273 3352 2559 3410 apparens
2590 3336 2641 3393 ei
2662 3335 2807 3390 dixit
2841 3351 2853 3391 :
2887 3337 2959 3389 Es
2983 3330 3189 3389 similis
3220 3328 3446 3387 tibicini
3469 3329 3571 3402 qui
3601 3328 3764 3400 degit

2054 3428 2113 3485 in
2149 3429 2249 3484 hac
2276 3428 2527 3484 civitate.
2571 3429 2626 3482 Is
2657 3430 2851 3482 autem
2884 3423 3140 3479 studiose
3171 3422 3243 3477 ad
3274 3436 3409 3476 eum
3444 3419 3759 3492 profectus,

2052 3518 2181 3588 ejus
2211 3517 2339 3573 vitae
2386 3516 2725 3573 institutum
2780 3512 2851 3569 ab
2883 3528 2949 3568 eo
2980 3519 3057 3569 est
3093 3510 3443 3571 sciscitatus.
3475 3511 3532 3563 et
3562 3506 3763 3563 omnia

2050 3609 2179 3679 ejus
2209 3608 2338 3663 vitae
2371 3607 2522 3663 facta
2553 3610 2641 3662 est
2672 3605 3088 3677 perscrutatus.
3123 3603 3180 3657 Is
3211 3603 3406 3675 autem
3437 3597 3488 3654 ei
3521 3597 3671 3651 dixit
3701 3596 3759 3650 id

2051 3699 2202 3769 quod
2234 3698 2407 3754 etiam
2431 3700 2556 3751 erat
2580 3709 2801 3760 verum,
2833 3707 2896 3748 se
2921 3706 3050 3748 esse
3072 3693 3455 3761 peccatorem,
3486 3691 3543 3743 et
3571 3684 3756 3742 ebrio-

2049 3803 2202 3854 sum,
2252 3791 2309 3841 et
2356 3788 2765 3849 scortatorem;
2799 3780 2957 3837 haud
2998 3780 3078 3836 ita
3108 3779 3280 3851 longo
3314 3783 3505 3834 autem
3538 3774 3752 3831 abhinc

2048 3880 2329 3949 tempore,
2360 3890 2422 3931 se
2454 3890 2522 3930 ex
2552 3876 2675 3928 arte
2706 3869 3089 3926 latrocinandi
3124 3884 3190 3923 eo
3221 3866 3561 3923 contulisee.
3610 3867 3752 3919 Cum

2048 3975 2243 4024 autem
2273 3970 2539 4021 accurate
2557 3961 2987 4017 examinaretur
3012 3956 3294 4028 quidnam
3321 3971 3577 4026 unquam
3603 3956 3755 4010 recte

2046 4057 2118 4113 ab
2149 4072 2215 4111 eo
2250 4058 2476 4127 gestum
2508 4054 2682 4121 esset,
2725 4048 2869 4104 dixit
2892 4064 2954 4104 se
2985 4046 3204 4103 nullius
3234 4046 3316 4105 rei
3350 4046 3607 4102 honestas
3637 4043 3753 4100 sibi

2044 4165 2165 4207 esse
2198 4147 2518 4216 conscium,
2556 4143 2669 4200 nisi
2702 4143 2856 4214 quod
2890 4156 3020 4196 cum
3048 4139 3364 4211 aliquando
3396 4137 3639 4193 latronis
3669 4136 3752 4191 vi-

2042 4243 2162 4295 tam
2195 4239 2414 4309 ageret,
2444 4233 2662 4291 Christi
2694 4231 3003 4304 virginem,
3052 4229 3145 4286 cui
3178 4230 3317 4301 :erat
3362 4245 3395 4284 a
3425 4226 3750 4283 latronibus

2041 4328 2249 4384 vitium
2292 4324 2674 4391 afferendum,
2725 4318 3077 4391 liberaverit,
3118 4322 3177 4375 et
3207 4323 3378 4375 noctu
3432 4318 3501 4373 ad
3551 4318 3747 4372 vicum

2041 4436 2228 4491 usque
2270 4418 2580 4475 reduxerit.
2619 4416 2846 4471 Rursus
2892 4417 3107 4481 autem,
3157 4411 3367 4485 inquit,
3402 4409 3597 4467 inveni
3648 4408 3747 4464 ali-

2042 4510 2277 4581 quando
2308 4509 2621 4565 formosam
2654 4506 2958 4563 mulierem
2999 4509 3288 4562 errantem
3318 4503 3379 4558 in
3407 4499 3743 4566 solitudine,

2046 4599 2307 4671 fugatam
2366 4599 2437 4653 ab
2486 4598 2911 4669 apparitoribus
2942 4604 2995 4653 et
3043 4593 3360 4651 curialibus
3392 4590 3655 4661 praesidis
3688 4590 3745 4643 et

2042 4693 2399 4758 senatorum,
2433 4693 2668 4761 pr0pter
2698 4686 2997 4757 publicum
3030 4683 3225 4739 mariti
3258 4680 3539 4743 debitum,
3574 4681 3629 4733 et
3658 4693 3745 4730 er-

2040 4793 2229 4835 rorem
2261 4795 2433 4835 suum
2467 4774 3166 4847 deﬂentem.p_Bciscitatus
3198 4784 3327 4825 sum
3350 4771 3544 4822 autem
3576 4781 3647 4819 ex
3676 4780 3742 4817 ea

2038 4885 2277 4925 causam
2303 4869 2493 4924 fletus.
2524 4868 2627 4922 Illa
2643 4869 2835 4921 autem
2860 4863 3007 4919 dixit
3029 4864 3139 4919 :Ne
3165 4874 3255 4915 me
3275 4853 3736 4928 roges,domine,

2037 4973 2139 5015 nec
2174 4960 2453 5015 miseram
2485 4955 2817 5022 examines;
2842 4953 2946 5010 sed
2969 4958 3243 5021 tanquam
3273 4944 3543 5003 ancillam
3574 4948 3736 5001 tuam

2034 5048 2293 5104 abducas
2323 5062 2437 5116 quo
2471 5046 2629 5101 velis.
2664 5044 2811 5099 Nam
2844 5059 2975 5100 cum
3015 5040 3260 5097 maritus
3292 5043 3550 5109 tempore
3582 5035 3735 5090 bien-

2032 5136 2114 5190 nii
2161 5138 2233 5192 ob
2278 5136 2543 5191 debitum
2601 5133 2933 5207 publicum"
2976 5134 3366 5187 trecentorum
3422 5138 3732 5182 aureorum

2031 5241 2182 5296 saepe
2214 5227 2383 5282 fuerit
2401 5225 2752 5299 ﬂagellatus,
2785 5229 2842 5280 et
2875 5224 2933 5279 in
2957 5235 3185 5279 carcere
3214 5218 3498 5285 inclusus,
3530 5220 3589 5271 et
3621 5222 3732 5269 tres

2031 5316 2175 5372 mihi
2213 5316 2681 5387 charissimiﬁlii
2712 5314 2931 5372 vendlti
2973 5313 3207 5381 fuerint,
3266 5326 3371 5382 ego
3404 5306 3609 5364 recedo
3639 5306 3730 5361 fu-

2026 5407 2223 5476 gitiva,
2248 5406 2437 5464 locum
2459 5409 2582 5465 loco
2604 5411 2967 5465 commutans
2991 5422 3003 5460 :
3030 5420 3185 5461 nunc
3218 5404 3412 5457 autem
3444 5398 3617 5453 etiam
3640 5412 3725 5451 er-

2025 5512 2160 5551 rans
2194 5514 2295 5569 per
2333 5499 2730 5565 solitudinem,
2775 5514 2927 5570 saepe
2966 5498 3221 5559 inventa,
3250 5496 3307 5549 et
3349 5490 3585 5547 assidue
3621 5487 3727 5543 ﬂa-

2022 5584 2411 5660 gellatajjam
2449 5598 2560 5646 tres
2590 5591 2713 5645 dies
2761 5588 3055 5661 permensi
3080 5584 3360 5660 jejunain
3392 5581 3719 5640 solitudine.

2020 5673 2140 5746 Ego
2179 5685 2374 5734 autem
2406 5679 2534 5750 ejus
2564 5696 2699 5737 sum
2732 5674 3026 5755 misertus,
3059 5682 3251 5752 inquit
3279 5681 3457 5747 latro;
3501 5681 3559 5736 et
3587 5689 3719 5731 cum
