4078 6212
311 358 469 420 1167

1890 356 2257 422 PALLADII

3676 358 3830 418 1168

313 507 441 550 eam
474 487 845 547 deduxissem
877 487 936 544 in
969 488 1330 561 speluncam,
1354 489 1488 544 dedi
1520 490 1572 545 ei
1595 493 1876 547 trecentos
1909 507 2014 546 au-
2044 494 2100 560 Α
2128 494 2230 549 viri
2264 494 2500 552 virtutes
2531 490 2810 548 audiisset
2845 486 3227 558 Paphnutius,
3260 486 3387 557 ejus
3419 491 3591 558 caput
3612 491 3832 544 oscula-

312 599 456 648 reos,
491 586 547 636 et
577 581 787 637 deduxi
820 595 947 636 eam
980 596 1165 650 usque
1198 581 1270 635 ad
1303 579 1618 647 civitatem,
1653 584 1709 636 et
1739 582 1867 650 ejus
1898 597 2021 636 ma-

313 674 493 729 ritum
526 671 766 728 liberavi
813 686 947 725 cum
993 669 1215 738 liberis,
1251 673 1397 725 citra
1427 669 1612 724 ullum
1646 670 1925 741 probrum
1969 675 2026 725 et

315 759 753 817 contumeliam.
775 758 876 814 Cui
895 758 1190 828 respondit
1217 757 1580 829 Paphnutius
1608 773 1619 812 :
1644 758 1760 828 Ego
1785 758 2023 828 quidem

313 849 538 906 nullius
568 847 650 904 rei
679 846 813 903 talis
848 846 992 901 mihi
1024 862 1157 902 sum
1187 846 1480 914 conscius,
1513 847 1571 901 in
1627 846 2026 902 exercitatione

315 945 514 996 autem
541 936 778 995 omnino
811 936 1049 993 audiisti
1091 951 1183 992 me
1217 951 1343 992 esse
1367 937 1688 1006 celebrem;
1724 953 1838 992 non
1872 937 2024 993 enim

313 1032 490 1087 vitam
519 1029 748 1086 traduxi
780 1029 840 1084 in
864 1030 1001 1085 otio.
1035 1028 1175 1084 Mihi
1199 1044 1338 1099 ergo
1362 1030 1517 1084 Deus
1549 1030 1619 1084 de
1647 1033 1702 1084 te
1735 1028 2027 1099 revelavit,

318 1126 372 1177 te
414 1119 588 1176 rebus
646 1118 829 1190 gestis
881 1117 1062 1174 nihilo
1096 1134 1190 1174 me
1239 1133 1368 1174 esse
1395 1118 1749 1186 inferiorem;
1783 1118 1831 1173 si
1871 1134 2026 1186 ergo,

317 1229 349 1266 o
383 1211 574 1276 frater,
625 1225 740 1265 non
792 1225 970 1280 parva
999 1226 1030 1263 a
1079 1208 1304 1264 Deitate
1335 1208 1420 1264 tui
1470 1208 1720 1264 habetur
1761 1207 1927 1274 ratio,
1956 1220 2027 1262 ne

313 1304 478 1357 tuam
501 1298 758 1355 animam
784 1305 998 1354 temere
1016 1297 1360 1369 neglexeris.
1386 1298 1440 1353 Is
1466 1302 1664 1353 autem
1680 1296 1875 1352 statim
1894 1312 2030 1368 pro-

311 1391 486 1461 jectis
508 1405 653 1460 quos
686 1387 892 1444 habuit
923 1389 980 1443 in
1017 1387 1292 1444 manibus
1323 1387 1506 1456 tibiis,
1532 1391 1589 1443 et
1618 1387 1755 1459 lyre
1788 1387 2024 1442 musicas

316 1478 628 1535 harmonia
649 1479 707 1532 in
727 1476 1046 1548 spiritalem
1073 1478 1330 1532 traducta
1354 1477 1689 1544 melodiam,
1725 1477 1914 1531 virum
1942 1493 2030 1532 se-

321 1575 488 1624 cutus
520 1571 608 1624 est
644 1569 703 1622 in
754 1567 1071 1622 desertum.
1122 1567 1267 1621 Cum
1302 1571 1496 1622 autem
1529 1566 1720 1622 tribus
1759 1565 1930 1621 annis
1968 1582 2032 1622 se

323 1675 424 1730 pro
454 1657 676 1713 viribus
727 1656 1102 1725 exercuisset,
1138 1660 1195 1712 et
1225 1657 1283 1712 in
1313 1656 1545 1729 hymnis
1577 1659 1632 1712 et
1664 1656 2029 1713 orationibus

320 1749 446 1805 vitae
480 1766 598 1805 suae
631 1752 862 1818 tempus
886 1747 1224 1819 peregisset,
1248 1748 1308 1802 in
1335 1747 1545 1804 cmlum
1579 1747 1688 1803 iter
1716 1746 1948 1814 direxit,
1973 1749 2030 1802 et

325 1854 457 1895 cum
489 1837 682 1894 choris
711 1837 1054 1908 angelorum
1087 1841 1142 1893 et
1165 1838 1461 1906 justorum
1487 1836 1790 1893 ordinibus
1815 1851 2030 1893 connu-
2060 1875 2108 1940 B

324 1932 602 1998 moratus,
631 1927 940 1998 requievit.

946 2016 1177 2073 CAPUT
1217 2017 1406 2073 LXIV.

931 2107 1006 2163 De
1043 2108 1424 2164 Protocomitc.

398 2200 508 2256 Ubi
546 2216 683 2272 ergo
717 2199 883 2256 illum
913 2199 1013 2270 qui
1045 2215 1105 2256 se
1136 2203 1475 2256 exercuerat
1505 2200 1842 2269 virtutibus,
1875 2201 2035 2273 prius

327 2291 399 2347 ad
431 2291 609 2346 Deum
651 2290 834 2358 misit,
867 2290 1074 2359 majori
1105 2296 1160 2344 et
1208 2290 1548 2346 accuratiori
1573 2292 1701 2347 vites
1742 2291 2031 2360 instituto,

330 2396 506 2450 quam
556 2380 720 2449 prius
769 2383 942 2447 esset,
993 2379 1102 2434 sibi
1135 2379 1433 2451 imposito,
1466 2380 1685 2451 rogavit
1729 2380 1914 2436 Deum
1975 2388 2037 2434 ut

329 2468 441 2524 sibi
473 2468 902 2540 signiﬁcaretur
933 2468 1168 2525 cuinam
1201 2485 1268 2526 ex
1290 2470 1510 2526 sanctis
1539 2475 1690 2526 esset
1721 2470 1955 2538 similis,
1979 2473 2036 2525 et

332 2574 539 2613 rursus
568 2573 677 2614 vox
725 2556 916 2613 divina
943 2559 1016 2614 ad
1046 2575 1178 2613 eum
1230 2560 1382 2614 facta
1430 2564 1538 2628 est,
1571 2560 1808 2616 dicens:
1853 2563 1924 2614 Es
1954 2559 2036 2614 si-

329 2648 486 2703 milis
517 2647 688 2703 vicini
724 2647 855 2718 pagi
887 2647 1256 2719 protocomiti
1289 2649 1476 2719 (Ra/7.,
1511 2649 1548 2703 ι.
1582 2666 1645 2715 n,
1677 2664 1796 2720 cap.
1835 2650 1942 2719 16).
1981 2652 2034 2704 Is

329 2741 527 2794 autem
561 2737 632 2794 ad
662 2752 793 2793 eum
819 2737 960 2793 abiit
985 2737 1318 2805 celerrime;
1352 2746 1407 2792 et
1437 2753 1568 2793 cum
1591 2737 1717 2808 ipse
1739 2738 2035 2809 pulsasset

326 2826 567 2892 ostium,
591 2826 864 2896 processit
884 2825 1003 2896 ille,
1044 2830 1108 2881 ut
1130 2826 1180 2880 ei
1202 2841 1325 2882 mos
1347 2829 1491 2892 erat,
1533 2827 1604 2882 ad
1626 2826 2032 2897 accipiendum

326 2917 641 2988 hospitem.
676 2918 743 2972 Et
783 2932 915 2972 cum
936 2917 1112 2986 pedes
1133 2917 1260 2988 ejus
1283 2916 1533 2985 lavisset,
1564 2922 1620 2973 et
1650 2933 1911 2974 mensam
1943 2933 2032 2987 ap-

328 3008 642 3078 posuisset,
697 3007 959 3064 hortatus
1009 3011 1095 3063 est
1135 3010 1201 3062 ut
1246 3013 1587 3063 vesceretur.
1650 3009 1791 3064 Cum
1843 3011 2032 3064 autem

329 3099 479 3154 facta
509 3099 637 3168 ejus
667 3097 1086 3166 sciscitaretur,
1138 3102 1194 3156 et
1225 3098 1276 3154 ei
1308 3097 1560 3155 diceret:
1593 3099 1772 3155 Narra
1803 3098 1968 3168 mihi,
2001 3117 2032 3155 o

327 3188 525 3258 homo,
575 3188 910 3244 institutum
937 3187 1069 3245 vitae
1101 3195 1241 3257 tuae;
1297 3189 1497 3245 multis
1524 3189 1680 3245 enim
1713 3190 2030 3257 monachis,

2131 588 2227 640 tus
2268 588 2376 652 est,
2428 584 2671 638 dicens:
2705 578 3012 635 benedioat
3043 581 3098 633 te
3128 577 3412 632 Dominus
3465 593 3531 632 ex
3576 578 3749 646 Sion;
3781 585 3838 634 et

2131 673 2326 729 videas
2348 669 2836 727 bonaJernsalem
2859 667 3131 724 omnibus
3155 666 3498 721 diebusvitaa
3523 671 3636 722 tuae
3663 669 3833 737 (Psat.

2131 764 2360 835 cxxvu).
2393 764 2454 818 In
2485 762 2559 816 iis
2608 761 2764 816 enim
2809 764 2864 814 te
2914 762 3068 814 recte
3097 756 3370 828 gessisti:
3408 773 3592 812 unum
3638 764 3834 814 autem

2133 853 2235 908 tibi
2270 857 2446 908 restat
2470 851 2620 921 quod
2651 853 2740 905 est
2770 848 3261 919 caputvirtutum,
3302 861 3511 917 nempe
3533 847 3633 902 Dei
3674 852 3838 904 omni

2135 959 2204 999 ex
2229 950 2387 1014 parte
2419 941 2651 1012 sapiens
2683 938 2957 1008 cognitio,
2991 954 3167 1010 quam
3201 953 3315 992 non
3348 939 3561 1006 poteris
3594 939 3724 993 sine
3755 939 3838 994 la-

2136 1035 2272 1090 bore
2305 1031 2607 1103 consequi,
2629 1030 2740 1086 nisi
2773 1045 2906 1086 cum
2926 1029 3175 1099 teipsum
3203 1044 3235 1082 a
3265 1028 3480 1083 mundo
3503 1029 3835 1100 abnegaris,

2136 1140 2363 1181 crucem
2398 1123 2671 1192 accipias,
2713 1125 2770 1177 et
2813 1119 3074 1192 sequaris
3103 1119 3486 1176 Servatorem.
3539 1120 3595 1175 Is
3637 1126 3836 1176 autem

2137 1215 2236 1271 ubi
2268 1216 2386 1270 hac
2408 1213 2616 1284 audiit,
2640 1211 2839 1269 statim
2862 1226 2967 1266 nec
2989 1210 3115 1266 suis
3146 1211 3383 1280 quidem
3414 1210 3601 1267 valere
3623 1213 3838 1282 jussis,

2138 1306 2328 1364 virum
2363 1308 2602 1361 secutus
2633 1306 2722 1359 est
2761 1302 2823 1357 in
2873 1305 3148 1358 montem.
3178 1301 3247 1357 Et
3273 1318 3408 1357 cum
3439 1301 3736 1357 venissent
3768 1305 3838 1359 ad

2137 1399 2398 1468 ﬂuvium,
2431 1396 2649 1468 scapha
2694 1412 2809 1452 non
2842 1395 3076 1449 inventa
3099 1394 3278 1465 jussit
3307 1394 3667 1465 Paphnutius
3697 1411 3841 1450 eum

2136 1493 2356 1548 ﬂumen
2389 1488 2655 1558 trajicere
2703 1485 2970 1558 pedibus,
3015 1485 3167 1556 quod
3201 1487 3434 1555 propter
3463 1483 3836 1540 altitudinem

2137 1596 2308 1638 nemo
2337 1577 2437 1632 illo
2482 1581 2742 1647 tempore
2791 1574 3036 1644 pedibus
3075 1573 3400 1644 traiecerat.
3445 1572 3594 1628 Cum
3641 1580 3836 1629 autem

2138 1669 2531 1734 transiissent,
2565 1669 2621 1722 et
2651 1666 2728 1722 eis
2762 1664 3115 1736 pervenisset
3140 1680 3288 1734 aqua
3319 1679 3505 1734 usque
3535 1665 3606 1718 ad
3640 1663 3840 1735 cingu-

2138 1761 2279 1831 lum,
2313 1757 2620 1814 constituit
2648 1771 2776 1812 eum
2803 1755 2866 1810 in
2896 1755 3150 1826 quodam
3194 1751 3340 1808 loco.
3374 1753 3519 1808 Cum
3551 1769 3610 1809 se
3639 1758 3837 1809 autem

2139 1855 2483 1923 separasset,
2515 1850 2699 1904 Deum
2731 1845 2954 1917 rogavit
2986 1849 3044 1900 ut
3066 1844 3354 1914 ejusmodi
3387 1842 3733 1900 hominibus
3766 1846 3843 1899 vi.

2138 1943 2368 1998 deretur
2384 1937 2774 2012 praestantior.
2795 1936 2922 1993 Non
2946 1933 3129 1990 multo
3152 1933 3663 2005 auteminterjecto
3689 1940 3842 1990 tem-

2139 2047 2298 2104 pore,
2323 2029 2508 2085 viddit
2527 2027 2633 2083 viri
2662 2025 2913 2081 animam
2939 2023 3157 2080 assumi
3178 2023 3247 2079 ab
3273 2022 3496 2094 angelis
3519 2025 3701 2079 Deum
3727 2024 3842 2080 lau-

2140 2121 2419 2178 dantibus
2454 2123 2510 2175 et
2552 2115 2911 2173 dicentibus:
2963 2115 3172 2169 Beatus
3203 2129 3376 2186 quem
3408 2114 3630 2182 elegisti
3662 2121 3721 2171 et
3752 2132 3841 2171 as-

2141 2209 2494 2282 sumpsisti:
2540 2206 2828 2263 habitabit
2874 2205 2936 2259 in
2987 2203 3146 2259 atriis
3195 2204 3310 2258 tuis
3343 2203 3494 2274 (Psat
3544 2207 3724 2274 Lxrv).
3780 2206 3842 2260 Et

2141 2318 2344 2357 rursus
2396 2298 2572 2370 justis
2617 2295 3106 2368 respondentibus
3161 2298 3219 2350 et
3267 2294 3601 2350 dicentibus
3659 2310 3671 2348 :
3727 2300 3838 2350 Pax

2143 2391 2328 2446 multa
2346 2387 2718 2460 diligentibus
2741 2386 2923 2456 legem
2943 2392 3122 2446 tuam,
3156 2390 3208 2439 et
3233 2399 3348 2438 non
3369 2388 3457 2439 est
3482 2383 3566 2439 eis
3592 2385 3834 2440 scanda-

2142 2479 2262 2534 lum
2294 2478 2464 2547 (Psat.
2497 2474 2711 2546 cxvm).
2744 2474 2812 2529 Et
2846 2476 2984 2529 tunc
3016 2471 3283 2543 cognovit
3310 2471 3498 2526 virum
3531 2487 3660 2528 esse
3688 2488 3841 2526 mor-

2144 2572 2332 2624 tuum.

2771 2651 3001 2707 CAPUT
3043 2650 3206 2706 LXV.

2712 2743 2781 2797 De
2812 2741 3102 2795 Mercatore
3123 2740 3276 2811 (109)

2212 2835 2354 2889 Cum
2395 2837 2593 2889 autem
2627 2834 3016 2903 perseveraret
3047 2829 3222 2884 abbas
3255 2829 3611 2900 Paphnutius
3644 2832 3834 2885 Deum

2146 2923 2405 2980 venerari
2431 2921 2719 2994 precibus,
2746 2918 3206 2990 etmultiplicare
3226 2919 3472 2988 jejunia,
3493 2936 3692 2975 rursus
3713 2937 3842 2975 ora-

2140 3014 2221 3069 vit
2251 3017 2315 3068 ut
2346 3012 2458 3068 sibi
2495 3011 2896 3067 ostenderetur
2946 3008 3175 3063 cuinam
3219 3013 3378 3064 esset
3406 3010 3610 3065 similis
3645 3008 3842 3082 (Rufa

2145 3103 2185 3160 ι.
2218 3122 2281 3173 ιι,
2314 3120 2437 3174 cap.
2472 3102 2547 3173 6).
2601 3101 2752 3157 Dicit
2782 3101 2833 3156 ei
2867 3116 3072 3154 rursus
3101 3115 3210 3156 vox
3256 3099 3493 3155 divina:
3531 3100 3749 3155 Similis
3782 3117 3841 3155 es

2145 3193 2449 3250 mercatori
2473 3190 2752 3263 quaerenti
2774 3191 2954 3245 bonas
2976 3188 3345 3259 margaritas;
3372 3189 3465 3245 sed
3487 3205 3655 3260 surge
3679 3190 3847 3245 dein-

329 3283 393 3334 ut
423 3278 565 3333 mihi
598 3280 752 3335 Deus
783 3280 1054 3347 ostendit,
1088 3278 1319 3334 evasisti
1352 3279 1635 3349 superior,
1671 3279 1768 3335 ille
1801 3281 1947 3337 dixit
1978 3297 2035 3337 se
2068 3243 2110 3311 Ο
2149 3298 2300 3354 ceps,
2343 3286 2399 3337 et
2445 3297 2516 3337 ne
2565 3283 2865 3346 cunctere;
2914 3278 3016 3334 tibi
3049 3276 3203 3333 enim
3235 3281 3489 3334 occurret
3534 3278 3619 3331 vir
3649 3277 3745 3333 cui
3775 3295 3845 3335 es

331 3386 456 3426 esse
486 3373 850 3442 peccatorem
881 3375 938 3424 et
967 3369 1272 3439 indignum
1327 3371 1563 3425 nomine
1591 3372 2033 3436 monachorum.

333 3461 474 3515 Cum
508 3464 700 3517 autem
732 3460 976 3515 instaret
1009 3459 1354 3529 percontari,
1388 3459 1559 3516 homo
1593 3465 1911 3533 respondit,
1946 3465 2036 3520 di-

332 3565 505 3605 cens:
540 3550 665 3604 Non
719 3548 902 3604 habeo
935 3547 1172 3619 quidem
1208 3564 1443 3604 necesse
1475 3567 1710 3608 narrare
1756 3568 1822 3608 ea
1849 3571 1974 3626 quas
2007 3571 2039 3609 a

333 3655 425 3695 me
458 3639 610 3692 facta
641 3644 807 3706 sunt;
853 3638 953 3693 sed
986 3639 1266 3708 quoniam
1312 3639 1459 3696 dicis
1488 3643 1544 3697 te
1573 3659 1605 3696 a
1636 3642 1750 3699 Deo
1790 3645 2037 3712 venisse,

333 3744 459 3801 quae
489 3726 635 3781 mihi
658 3727 873 3783 adsunt
903 3728 1165 3784 referam.
1200 3729 1329 3784 Jam
1353 3729 1545 3801 agitur
1575 3732 1908 3804 trigesimus
1941 3751 2041 3789 an-

334 3835 464 3887 nus,
500 3831 569 3872 ex
598 3834 713 3889 quo
747 3833 837 3874 me
878 3836 910 3873 a
958 3833 1088 3874 mea
1120 3833 1291 3875 uxore
1347 3821 1632 3891 separavi,
1686 3839 1819 3880 cum
1849 3825 2039 3880 tribus

335 3908 508 3964 annis
541 3906 733 3963 solum
787 3922 919 3963 cum
976 3924 1043 3962 ea
1075 3908 1412 3971 habuissem
1445 3913 1951 3982 consuetudinem,
1987 3916 2042 3969 et

335 4003 454 4056 tres
486 4015 553 4055 ex
574 4015 641 4054 ea
668 3987 818 4054 ﬁlios
851 3998 1262 4070 suscepissem,
1287 4001 1584 4072 quietiam
1619 4003 1760 4058 mihi
1786 4004 1856 4058 ad
1883 4020 2041 4061 meos

339 4105 478 4144 usus
504 4088 861 4155 inserviunt;
897 4087 1347 4158 hospitalitatem
1376 4097 1569 4146 autem
1602 4109 1900 4162 nunquam
1948 4093 2045 4148 in-

339 4177 564 4233 termisi
597 4195 786 4250 usque
817 4177 877 4230 in
900 4176 1249 4232 hodiernum
1276 4179 1428 4235 diem
1454 4196 1466 4233 :
1494 4196 1607 4237 non
1630 4182 1915 4252 gloriatur
1944 4183 2046 4237 ali-

340 4267 470 4337 quis
502 4281 570 4319 ex
599 4265 912 4321 comitibus
971 4281 1030 4320 se
1083 4265 1372 4336 hospitem
1423 4275 1556 4324 ante
1589 4287 1679 4325 me
1724 4271 2042 4341 excepisse.

341 4358 463 4410 Non
519 4369 790 4425 egressus
839 4359 921 4408 est
959 4371 1179 4426 pauper
1228 4373 1332 4413 nec
1381 4358 1590 4428 hospes
1635 4375 1701 4414 ex
1749 4375 1878 4413 mea
1911 4359 2046 4414 aula

339 4441 538 4496 vacuis
573 4443 870 4511 manibus,
917 4445 1016 4515 qui
1068 4461 1183 4500 non
1216 4446 1376 4516 prius
1405 4447 1617 4502 rationi
1667 4448 2043 4506 conveniente

341 4535 494 4587 esset
535 4531 742 4588 viatico
784 4536 1165 4591 sustentatus.
1219 4538 1342 4592 Non
1408 4537 1646 4607 adspexi
1709 4539 2042 4608 praeteriens

342 4635 654 4692 pauperem
684 4622 999 4680 infortunio
1032 4627 1326 4693 affectum,
1362 4625 1452 4680 cui
1490 4641 1602 4681 non
1627 4629 2043 4699 suppeditarim
2079 4617 2124 4681 D

343 4713 497 4782 quod
527 4713 672 4770 satis
701 4714 809 4769 fuit
841 4714 1052 4771 solatii.
1086 4721 1211 4772 Non
1243 4716 1436 4786 accepi
1463 4733 1772 4787 personam
1794 4719 1900 4774 ﬁlii
1933 4721 2047 4775 mei

345 4804 402 4857 in
443 4804 690 4874 judicio,
743 4823 857 4862 non
930 4807 1178 4878 ingressi
1244 4813 1379 4861 sunt
1429 4806 1489 4862 in
1565 4809 1800 4864 domum
1857 4826 2046 4865 meam

343 4893 564 4948 fructus
597 4895 794 4963 alieni,
840 4913 955 4951 non
988 4896 1099 4950 fuit
1128 4895 1201 4951 lis
1232 4895 1428 4966 aliqua
1462 4913 1637 4969 quam
1669 4915 1782 4956 non
1813 4916 2044 4972 compo-

345 4982 560 5038 suerim
595 4987 649 5038 et
680 4985 1122 5056 paciﬁcaverim,
1157 5001 1270 5042 non
1295 4986 1612 5060 increpavit
1641 4991 1856 5062 aliquis
1889 5007 2049 5047 meos

347 5073 497 5129 filios
547 5075 700 5146 quod
753 5092 810 5131 se
863 5077 1170 5134 inhoneste
1222 5088 1508 5150 gererent,
1566 5098 1678 5136 non
1732 5083 2052 5154 tetigerunt

348 5165 567 5221 fructus
615 5164 836 5222 alienos
886 5169 996 5223 mei
1046 5185 1269 5240 greges,
1333 5185 1446 5226 non
1490 5172 1772 5228 seminavi
1824 5173 2050 5244 primus

349 5270 518 5326 agros
565 5271 746 5325 meos,
799 5258 899 5313 sed
950 5274 1084 5313 cum
1145 5275 1242 5314 eos
1287 5260 1560 5315 omnibus
1612 5262 2051 5333 proposuissem

350 5358 707 5412 communes,
760 5347 1107 5420 colligebam
1156 5365 1222 5404 ea
1271 5365 1397 5418 quae
1438 5355 1602 5404 erant
1632 5351 1876 5423 reliqua.
1925 5353 2050 5408 Non

351 5437 608 5488 concessi
645 5441 706 5490 ut
755 5455 974 5509 pauper
1021 5440 1452 5510 opprimeretur
1483 5455 1514 5492 a
1545 5443 1802 5510 potentia
1833 5443 2050 5509 divitis,

352 5535 463 5572 non
497 5523 683 5578 affecti
722 5527 974 5597 aliquem
1017 5527 1284 5584 molestia
1317 5529 1374 5582 in
1406 5528 1518 5582 vita
1549 5545 1700 5597 mea,
1751 5548 2050 5603 nunquam

352 5607 572 5664 malum
599 5610 888 5678 judicium
934 5617 1148 5688 protuli
1190 5618 1248 5672 in
1281 5616 1553 5688 aliquem.
1586 5617 1714 5675 Hac
1744 5638 1778 5677 a
1805 5636 1896 5676 me
1926 5638 2054 5678 esse

351 5701 503 5757 facta
532 5697 648 5756 Deo
679 5702 900 5760 volente
958 5707 1101 5762 mihi
1151 5723 1280 5762 sum
1326 5707 1611 5765 conscius.
1660 5710 1802 5768 Cum
1854 5714 2049 5768 autem

2146 3371 2529 3429 assimilatus.
2554 3370 2697 3425 Cum
2718 3367 2817 3425 ille
2834 3371 3028 3424 autem
3047 3368 3462 3433 descendisset,
3485 3367 3633 3422 vidit
3647 3369 3846 3423 virum

2146 3463 2460 3535 quemdam
2484 3463 2858 3517 mercatorem
2881 3457 3356 3527 Alexandrinum,
3375 3458 3535 3528 pium
3558 3464 3611 3513 et
3629 3457 3845 3514 Christi

2148 3558 2463 3617 amantem,
2494 3550 2671 3606 vicies
2694 3548 2853 3604 mille
2885 3547 3078 3604 aureis
3100 3548 3520 3617 negotiantem,
3557 3564 3693 3602 cum
3728 3564 3853 3603 cen-

2148 3651 2270 3699 tum
2321 3642 2564 3697 navibus
2616 3639 3064 3697 descendentem
3095 3652 3159 3691 ex
3199 3637 3506 3707 superiore
3536 3639 3847 3702 Thebaide,

2149 3732 2250 3804 qui
2281 3746 2482 3786 omnes
2507 3745 2644 3785 suas
2667 3727 2974 3783 facultates
2996 3733 3050 3781 et
3071 3740 3284 3780 merces
3307 3725 3699 3782 distribuerat
3720 3743 3847 3797 pan-

2149 3820 2485 3895 peribus.1s
2511 3835 2640 3876 cum
2675 3817 2796 3874 suis
2828 3817 2962 3872 ﬁliis
3011 3817 3207 3871 decem
3248 3830 3450 3871 saccos
3485 3815 3846 3888 leguminum

2152 3913 2219 3968 ad
2254 3927 2387 3966 eum
2418 3907 2712 3964 afferebat.
2747 3908 2816 3962 Et
2847 3906 2984 3977 quid
3017 3905 3157 3974 hac,
3190 3921 3222 3960 o
3244 3904 3426 3960 amice
3448 3904 3478 3957 ‘2
3512 3904 3565 3959 ei
3589 3906 3735 3960 dixit
3756 3904 3849 3958 Pa-

2152 4000 2458 4073 phnutius.
2491 3999 2544 4052 Is
2569 4001 2761 4053 autem
2786 3995 2933 4051 dixit
2952 3994 3061 4066 ipsi
3081 4011 3093 4048 :
3117 3996 3256 4050 Sunt
3280 3993 3508 4048 fructus
3534 4011 3678 4050 mea:
3707 4011 3853 4048 mer-

2152 4093 2384 4156 caturae,
2429 4088 2530 4160 qui
2579 4086 2696 4142 Deo
2745 4087 3067 4143 offeruntur
3102 4085 3171 4139 ad
3197 4085 3423 4155 justam
3455 4085 3849 4140 refectionem.

2153 4181 2302 4245 Quid
2335 4184 2527 4236 autem
2552 4178 2693 4245 haec,
2717 4177 2910 4248 inquit
2931 4176 3044 4247 ipsi
3072 4175 3460 4247 Paphnutius,
3488 4182 3544 4230 et
3571 4183 3633 4231 tu
3666 4185 3851 4232 nostro

2156 4271 2391 4326 nomine
2425 4286 2539 4324 non
2575 4266 2833 4324 frueris?
2865 4269 2918 4322 Is
2949 4270 3143 4322 autem
3176 4265 3483 4322 confessus
3505 4271 3594 4321 est
3614 4282 3679 4321 se
3707 4267 3772 4320 ad
3796 4267 3848 4318 id

2155 4359 2797 4416 studiosecontendere.
2820 4355 2882 4411 Ei
2902 4355 3578 4427 responditPaphnutius
3603 4373 3616 4408 :
3637 4357 3856 4419 Quous—

2155 4467 2268 4522 que
2315 4467 2450 4520 ergo
2501 4457 2559 4504 tu
2609 4453 2896 4505 terrenam
2947 4462 3178 4504 exerces
3236 4446 3700 4518 negotiationem,
3749 4462 3854 4500 nec

2154 4540 2410 4595 coelestia
2441 4539 2678 4610 attingis
2728 4536 3156 4594 mercimonia?
3205 4536 3312 4592 Sed
3355 4536 3478 4591 hac
3525 4536 3750 4607 quidem
3787 4551 3851 4588 es

2157 4631 2286 4688 aliis
2314 4630 2694 4698 dimissurus;
2727 4634 2789 4684 tu
2831 4644 2962 4684 vero
2993 4627 3066 4683 iis
3097 4631 3152 4683 te
3180 4628 3507 4698 adjungens
3547 4642 3668 4697 quas
3707 4630 3855 4680 sunt

2157 4722 2411 4776 maxime
2459 4723 2798 4791 opportuna,
2865 4735 3106 4789 sequere
3153 4721 3551 4784 Servatorem;
3603 4716 3673 4769 ad
3721 4731 3855 4771 eum

2159 4816 2434 4866 venturus
2466 4810 2636 4882 paulo
2669 4813 2817 4880 post.
2852 4809 2906 4863 Is
2923 4824 3055 4864 vero
3080 4807 3224 4862 nihil
3255 4807 3546 4872 differens,
3574 4805 3763 4876 jussit
3788 4809 3858 4859 tio

2157 4901 2265 4957 lios
2289 4917 2422 4955 suos
2446 4900 2664 4969 reliqua
2685 4899 2941 4960 dividere
2963 4897 3341 4969 pauperibus;
3367 4896 3492 4968 ipse
3509 4911 3582 4951 au
3597 4904 3713 4951 tem
3727 4911 3857 4952 cum

2160 4992 2218 5046 in
2243 4993 2498 5046 montem
2530 4989 2909 5047 ascendisset,
2952 4992 3008 5042 et
3029 4988 3288 5058 seipsum
3322 4987 3379 5040 in
3412 5002 3477 5041 eo
3521 4985 3650 5041 loco
3683 4986 3866 5040 inclu-

2160 5081 2353 5147 sisset,
2391 5080 2482 5134 ubi
2517 5080 2629 5136 duo
2662 5078 2881 5150 priores
2913 5077 3301 5133 consummati
3323 5077 3572 5136 fuerant,
3604 5091 3862 5147 perseve-

2161 5170 2324 5226 rabat
2353 5169 2412 5224 in
2444 5168 2820 5224 orationibus.
2871 5169 3053 5224 Parvo
3107 5171 3303 5222 autem
3334 5165 3535 5236 elapso
3579 5170 3864 5236 tempore,

2160 5261 2357 5317 relicto
2403 5275 2659 5329 corpore,
2706 5259 2896 5313 factus
2943 5263 3032 5314 est
3062 5258 3202 5313 civis
3233 5256 3506 5313 coelestia.
3543 5260 3865 5327 Postquam

2162 5354 2357 5405 autem
2384 5365 2512 5404 eum
2541 5362 2769 5420 quoque
2792 5347 3069 5418 praemisit
3099 5348 3157 5401 in
3182 5346 3375 5413 caelos,
3401 5347 3528 5417 ipse
3561 5346 3746 5402 etiam
3778 5349 3867 5402 dev

2161 5438 2396 5511 spondit
2427 5438 2713 5498 animum.
2745 5441 2809 5493 ut
2840 5437 2940 5507 qui
2967 5454 3024 5493 se
3055 5453 3168 5492 non
3207 5443 3393 5508 posset
3425 5434 3690 5506 amplius
3717 5454 3868 5492 exer-

2159 5545 2308 5586 cere.
2337 5528 2624 5584 Assistens
2655 5531 2848 5586 autem
2871 5527 3112 5599 angelus
3141 5527 3189 5581 ei
3215 5526 3352 5580 dixit
3377 5543 3390 5579 :
3426 5525 3552 5580 Huc
3584 5527 3863 5596 deinceps

2161 5618 2387 5685 accede,
2422 5619 2548 5673 veni
2580 5621 2641 5672 tu
2683 5634 2930 5690 quoque,
2963 5635 2995 5673 o
3020 5618 3199 5683 beate,
3229 5616 3287 5671 in
3312 5622 3528 5671 aeterna
3560 5616 3661 5670 Dei
3682 5617 3864 5671 taber-

2161 5709 2386 5777 nacula,
2435 5712 2713 5764 venerunt
2743 5708 2897 5765 enim
2930 5707 3222 5779 prophetas
3273 5710 3330 5761 te
3389 5704 3449 5760 in
3482 5719 3627 5761 suos
3659 5705 3865 5763 choros
