4078 6212
303 388 459 450 1169

298 518 431 600 ἄχρι
478 526 579 591 τῆς
645 519 864 587 πόλεως
917 517 1183 597 ὡδήγησα
1232 538 1247 555 ⁸

303 612 439 687 μετά
464 614 575 667 τῶν
602 611 820 684 τέκνων,
851 611 943 668 καὶ
969 612 1064 668 τὸν
1095 609 1285 687 ἄνδρα.
1321 611 1465 687 Πρὸς
1516 611 1569 666 ἐν
1618 610 1948 686 ἀπεκρίνατο

299 702 328 759 6
362 701 702 775 Παφνούτιος
736 719 751 735 ⁸
783 701 928 777 Ἐγὼ
961 702 1056 776 μὲν
1088 698 1246 758 οὐδὲν
1297 698 1518 774 ἐμαυτῷ
1566 695 1786 755 σύνοιδα
1835 704 1944 756 τῶν

294 794 562 849 τοιούτων
622 795 997 869 κατορθωκότι
1026 814 1041 829 ⁸
1101 793 1153 848 ἐν
1224 790 1281 849 δὲ
1328 796 1395 868 τῇ
1455 793 1679 863 ἀσκήσει
1726 793 1947 854 πάντως

298 885 540 956 ἀκήκοάς
574 905 640 959 με
682 886 815 940 εἶναι
867 881 1181 957 διαϐόητον.
1242 884 1320 942 Οὐ
1376 886 1481 960 γὰρ
1540 884 1799 958 ῥᾳθύμως
1847 884 1947 953 τήν

297 971 533 1047 ἐμαυτοῦ
565 974 712 1044 ζωὴν
741 970 1063 1046 διελήλυθα,
1097 973 1257 1046 Ἐμοὶ
1287 970 1379 1029 οῦν
1419 974 1448 1027 6
1508 972 1639 1036 Θεὸς
1683 972 1811 1046 περὶ
1849 974 1945 1025 σοῦ

296 1063 662 1140 ἀπεκάλυψεν,
719 1065 801 1121 ὅτι
859 1062 1013 1121 οὐδὲν
1058 1061 1284 1122 ἔλαττον
1337 1063 1479 1139 ἐμοί
1518 1062 1665 1139 ἔχεις
1723 1063 1776 1118 ἐν
1824 1066 1941 1125 τοῖς

298 1154 743 1228 κατορθώμασιν.
775 1155 840 1211 Εἰ
869 1154 961 1210 οῦν
996 1153 1096 1211 οὐκ
1125 1153 1314 1229 ὀλίγος
1353 1152 1543 1229 λόγος,
1574 1150 1796 1229 ἀδελφέ,
1819 1151 1943 1227 περὶ

298 1246 394 1298 σοῦ
439 1246 510 1317 τῇ
561 1241 777 1315 θεότητι
824 1242 1051 1319 γίνεται,
1106 1244 1182 1316 μὴ
1228 1249 1328 1313 τῆς
1378 1243 1570 1298 ἑαυτοῦ
1614 1245 1822 1317 ψυχῆς,
1865 1243 1941 1303 ὡς

298 1330 513 1407 ἔτυχεν,
553 1334 996 1412 καταφρονήσῃς.
1034 1336 1092 1387 ‘0
1123 1330 1182 1388 δὲ
1234 1332 1393 1406 ῥίψας
1451 1331 1604 1395 εὐθὺς
1665 1332 1739 1394 ὡς
1794 1331 1938 1408 εἶχεν

299 1420 350 1477 ἐν
380 1425 501 1483 ταῖς
532 1421 692 1500 χερσὶ
722 1421 849 1483 τοὺς
898 1420 1120 1489 αὐλοὺς,
1171 1420 1262 1475 καὶ
1305 1421 1404 1489 τὴν
1455 1418 1777 1494 ἐναρμόνιον
1836 1425 1938 1490 τῆς

302 1516 567 1583 μουσικῆς
607 1508 759 1583 ᾠδῆς
817 1510 894 1574 εἷς
943 1512 1317 1585 πνευματικὴν
1379 1506 1701 1584 μεταϐαλὼν
1767 1507 1939 1583 μελῳ-

298 1597 440 1669 δίαν,
489 1603 567 1672 τῷ
612 1599 766 1677 ἀνδρὶ
827 1601 904 1664 εἰς
968 1601 1067 1670 τὴν
1129 1595 1337 1675 ἔρημον
1390 1597 1792 1669 ἠκολούθησεν.
1846 1600 1939 1653 Ἐν

298 1687 442 1762 τρισὶ
473 1686 532 1744 δὲ
586 1684 757 1745 ἔτεσιν
817 1690 973 1752 ὅλοις
1021 1688 1157 1744 κατά
1202 1689 1400 1762 κράτος
1449 1687 1711 1758 ἀσκήσας,
1743 1688 1834 1742 καὶ
1879 1689 1935 1742 ἓν

300 1776 495 1850 ὕμνοις
540 1779 632 1833 καὶ
687 1778 738 1833 ἐν
796 1782 1131 1854 προσευχαῖς
1174 1777 1268 1833 τὸν
1328 1778 1521 1831 ἑαυτοῦ
1578 1775 1778 1851 χρόνον
1836 1782 1937 1846 τῆς

1592 388 1966 455 HISTORIA
2007 387 2410 457 LAUSIACA.

1325 519 1695 594 ἐλευθερώσας
1776 522 1947 591 αὐτὴν
1978 526 2029 593 Α
2059 522 2400 597 Παφνούτιος
2455 520 2523 579 τὰ
2576 526 2671 578 τοῦ
2747 520 2939 597 ἀνδρὸς
3016 521 3230 597 ἀρετὰς,
3287 521 3385 591 τὴν
3457 521 3702 601 κεφαλὴν

2056 611 2221 668 αὐτοῦ
2261 611 2459 687 ἐφίλει,
2491 612 2668 689 λέγων
2700 636 2714 649 ⁸
2750 613 3053 690 Εὐλογήσει
3096 634 3153 668 σε
3194 612 3390 688 Κύριος
3422 612 3481 667 ἐκ
3527 614 3695 679 Σιὼν,

2054 702 2144 755 καὶ
2202 700 2342 765 ἴδοις
2400 704 2466 759 τὰ
2532 704 2702 781 ἀγαθά
2755 702 3135 780 Ἰερουσαλήμ.
3202 702 3453 758 Λείπεται
3494 700 3552 757 δέ
3611 722 3695 757 σοι

2052 810 2161 845 των
2208 791 2412 865 ἀρετῶν
2459 794 2520 849 τὸ
2569 792 2887 872 κεφάλαιον,
2944 796 2979 865 ἠ
3039 794 3314 871 πάνσοφος
3370 792 3493 865 περὶ
3561 795 3694 847 Θεοῦ

2052 884 2271 954 γνῶσις,
2319 883 2384 953 ἢν
2446 881 2543 937 οὐκ
2600 884 2661 937 ἂν
2720 882 2850 958 δύνῃ
2901 884 3119 947 ἀπόνως
3178 884 3502 955 κτήσασθαι,
3536 880 3581 935 εί
3617 882 3691 954 μή

2054 973 2246 1028 σαυτὸν
2302 978 2382 1045 τῷ
2469 974 2661 1048 κόσμῳ
2725 975 3286 1049 ἀπαρνησάμενος,καί
3348 970 3533 1030 λαϐὼν
3604 977 3694 1027 τὸν

2052 1062 2279 1136 σταυρὸν
2312 1067 2391 1135 τῷ
2420 1071 2641 1137 Σωτῆρι
2692 1063 3095 1139 ἀκολουθήσῃς.
3130 1069 3185 1119 Ὀ
3254 1062 3310 1119 δὲ
3367 1065 3440 1127 ὡς
3492 1061 3693 1132 ἤκουσε

2045 1155 2235 1223 ταῦτα,
2272 1150 2412 1226 μηδέ
2439 1159 2555 1217 τοῖς
2605 1154 2795 1209 ἑαυτοῦ
2846 1155 3269 1227 ἀποταξάμενος,
3301 1153 3454 1213 εὐθὺς
3507 1152 3690 1207 ε’ίπετο

2045 1243 2127 1311 τῷ
2157 1238 2312 1315 ἀνδρὶ
2342 1240 2431 1298 ἐπὶ
2460 1243 2522 1297 τὸ
2553 1237 2700 1317 ὄρος.
2735 1242 2838 1299 Καὶ
2875 1240 2940 1311 δὴ
2995 1240 3272 1296 ἐλθόντων
3312 1239 3399 1295 ἐπὶ
3445 1240 3537 1293 τὸν
3586 1260 3692 1293 πο·-

2045 1331 2240 1402 ταμὸν,
2293 1329 2554 1404 μηδαμοῦ
2619 1332 2855 1411 σκάφους
2909 1332 3341 1405 παραφανέντος,
3400 1327 3693 1397 προσέτατ-

2045 1438 2131 1474 τεν
2174 1420 2203 1473 ὸ
2243 1420 2585 1498 Παφνούτιος
2639 1420 2883 1492 πεζεύειν
2941 1421 3034 1475 τὸν
3087 1420 3359 1492 ποταμὸν,
3395 1416 3453 1473 δν
3514 1415 3693 1477 οὐδεὶς

2048 1506 2267 1562 πώποτε
2320 1511 2442 1564 κατ’
2490 1507 2691 1564 ἐκεῖνον
2751 1509 2844 1564 τὸν
2899 1510 3066 1564 τόπον
3128 1507 3407 1577 ἐπέζεοσεν
3469 1502 3559 1559 διὰ
3631 1505 3693 1558 τὸ

2050 1593 2235 1669 βάθος.
2267 1596 2654 1671 Παρελθόντων
2689 1596 2745 1652 δὲ
2775 1598 2952 1653 αὐτῶν
2984 1597 3075 1651 καὶ
3115 1600 3214 1650 τοῦ
3262 1593 3457 1656 ὕδατος
3508 1594 3694 1654 αὐτοῖς

2042 1683 2149 1750 ἓως
2174 1694 2276 1757 τῆς
2306 1690 2485 1761 ζώνης
2528 1691 2844 1766 γενομένου,
2893 1691 3217 1759 κατέστησεν
3268 1688 3428 1743 αὐτὸν
3478 1680 3532 1741 ἔν
3583 1707 3689 1741 τινι

2047 1774 2222 1849 τόπῳ.
2270 1777 2445 1841 Αὐτὸς
2486 1777 2545 1835 δὲ
2593 1780 2756 1836 αὐτὸν
2804 1777 3164 1855 διαχωρίσας,
3198 1775 3370 1834 ἐδεῖτο
3416 1780 3513 1832 τοῦ
3556 1779 3691 1831 Θεοῦ

300 1872 448 1937 ζωῆς
477 1864 808 1937 διατελέσας,
845 1868 982 1943 πρὸς
1031 1869 1131 1936 τήν
1178 1865 1430 1943 οὐράνιον
1478 1865 1699 1941 πορείαν
1747 1863 1937 1921 ἐστέλ-
1967 1897 2017 1963 Β
2045 1866 2300 1941 κρείττων
2333 1875 2561 1947 φανῆναι
2608 1875 2715 1925 τῶν
2758 1870 3042 1925 τοιούτων.
3103 1869 3231 1925 Μετ’
3286 1867 3348 1922 οὐ
3404 1864 3580 1921 πολὺν
3635 1862 3693 1922 δὶ

300 1953 445 2026 λετο,
489 1955 582 2012 σὺν
626 1962 824 2032 χοροῖς
878 1955 1044 2033 ἀγίων
1093 1957 1183 2011 καὶ
1236 1957 1472 2032 τάγμασι
1521 1952 1744 2011 δικαίων
1789 1954 1936 2029 ἀριθ-

303 2046 500 2118 μηθεὶς
530 2045 892 2105 ἀνεπαύσατο.

898 2137 1154 2195 ΚΕΦΔΛ.
1198 2138 1330 2192 ΞΔ’.

786 2226 919 2300 Περὶ
973 2224 1229 2300 πρωτοκό
1238 2246 1435 2300 μητος.

361 2316 449 2377 Ὠς
481 2312 610 2390 γοῦν
655 2313 860 2370 ἐκεῖνον
905 2313 1273 2385 ἐνασκήσαντα
1311 2313 1498 2378 καλῶς
1544 2320 1664 2379 ταῖς
1721 2315 1936 2394 ἀρεταῖς

293 2404 427 2477 πρὸς
458 2404 587 2460 Θεὸν
632 2401 972 2474 ἀπέστειλεν,
1003 2403 1207 2467 ἐπιθεὶς
1253 2404 1429 2477 ἑαυτῷ
1490 2404 1714 2478 μείζονα
1769 2404 1938 2462 πολι-

292 2492 437 2548 τείαν
468 2498 568 2562 τῆς
616 2488 944 2566 ἔμπροσθεν,
1001 2490 1190 2566 ἤρώτα
1226 2493 1317 2548 τὸν
1373 2494 1503 2549 Θεὸν
1534 2493 1697 2549 πάλιν
1751 2492 1937 2565 δηλω-

294 2584 451 2647 θῆναι
472 2580 620 2655 αὐτῷ
647 2582 750 2636 τίνι
777 2584 887 2637 τῶν
927 2579 1091 2657 ἁγίων
1120 2578 1222 2658 ἄρα
1270 2580 1354 2652 εἴη
1399 2580 1594 2655 ὅμοιος
1630 2602 1644 2618 ⁸
1691 2583 1783 2639 καὶ
1832 2585 1936 2640 πά-

295 2668 383 2725 λιν
443 2672 598 2748 φωνή
654 2692 739 2733 τις
794 2669 980 2747 γέγονε
1034 2669 1169 2740 θεία,
1221 2671 1360 2746 πρὸς
1408 2669 1566 2728 αὐτὸν
1630 2672 1866 2751 λέγουσα
1920 2686 1932 2707 ⁸

290 2759 513 2821 Ἔοικας
539 2762 619 2831 τῷ
672 2763 772 2828 τῆς
826 2757 1063 2828 πλησίον
1110 2759 1309 2833 κώμης
1365 2763 1816 2835 πρωτοκωμήτῇ.
1878 2766 1936 2819 Ὀ

294 2845 350 2902 δὲ
380 2847 454 2909 ὡς
484 2848 720 2924 τάχιστα
766 2847 902 2922 πρὸς
941 2846 1102 2903 αὐτὸν
1135 2850 1257 2917 ἧκε.
1317 2847 1420 2904 Καὶ
1479 2846 1546 2917 δὴ
1605 2851 1935 2923 κρούσαντος

293 2933 455 2990 αὐτοῦ
483 2935 575 2991 τὸν
621 2934 864 3006 πυλῶνα,
895 2934 1203 3008 προσῆλθεν
1248 2934 1475 3008 ἐκεῖνος,
1526 2938 1663 2993 κατά
1706 2939 1769 2994 τὸ
1816 2938 1935 3003 ἔθος

289 3026 379 3081 τὸν
406 3023 552 3097 ξένον
582 3024 1005 3100 ὐποδεξόἱμενος.
1036 3032 1084 3083 Ν
1093 3026 1215 3101 ίψας
1265 3024 1325 3082 δὲ
1351 3026 1479 3088 τοὺς
1520 3024 1693 3090 πόδας
1746 3029 1933 3101 αὐτοῦ,

289 3115 378 3171 καὶ
460 3118 721 3192 παραθεὶς
802 3117 1095 3192 τράπεζαν,
1154 3115 1516 3191 προετρέπετο
1612 3115 1936 3191 μεταλαϐεῖν

288 3210 394 3262 τῶν
443 3204 755 3282 ἐδωδίμων.
816 3206 1135 3278 Πυθομένου
1188 3202 1245 3261 δὶ
1298 3206 1395 3268 τὰς
1464 3206 1684 3282 πράξεις
1742 3207 1930 3278 αὐτοῦ,

289 3296 383 3350 καὶ
441 3295 690 3374 λέγοντος
723 3313 739 3330 ⁸
799 3299 866 3350 Ὠ
939 3296 1209 3370 ἄνθρωπε,
1268 3295 1363 3357 τὰς
1430 3299 1630 3351 σαυτοῦ
1653 3294 1935 3361 πολιτείας

290 3387 497 3465 φράσον
533 3404 546 3418 ⁸
580 3384 837 3448 πολλοὺς.
856 3383 962 3460 γὰρ
994 3383 1296 3459 μοναχοὺς,
1330 3381 1404 3447 ὥς
1439 3406 1532 3459 μοι
1566 3387 1593 3441 6
1638 3386 1768 3450 Θεὸς
1808 3386 1940 3460 ἐδή-

292 3475 489 3544 λωσεν,
522 3469 916 3547 ὑπερϐέϐηκας.
967 3475 1024 3527 '0
1081 3470 1139 3529 δὲ
1195 3472 1375 3551 ἔλεγεν
1434 3475 1619 3530 ἑαυτὸν
1677 3476 1938 3554 ἁμαρτω-

290 3564 391 3620 λὸν
425 3562 582 3636 εἶναι,
628 3563 718 3618 καὶ
775 3562 985 3634 ἀνάξιον
1032 3566 1130 3619 τοῦ
1179 3563 1447 3637 ὀνόματος
1491 3568 1599 3621 τῶν
1651 3572 1936 3643 μοναχῶν.

292 3659 383 3719 Ὡς
439 3653 497 3710 δὲ
544 3653 797 3728 ἐπέμενεν
852 3655 1091 3730 ἐρωτῶν,
1146 3653 1475 3732 ἀπεκρίνατο
1545 3657 1573 3711 6
1631 3653 1935 3733 ἄνθρωπος,

294 3743 469 3819 λέγων
505 3765 519 3780 ·
581 3744 727 3821 Ἐγὼ
788 3746 883 3817 μὲν
938 3744 1037 3801 οὐκ
1093 3744 1243 3820 εἶχον
1292 3744 1532 3822 ἀνάγκην
1587 3746 1654 3801 τὰ
1702 3747 1937 3819 ἐμαυτοῦ

294 3831 543 3909 δρᾶματα
584 3833 951 3909 ἐξαγορεῦσαι.
993 3830 1213 3903 Ἐπειδὴ
1265 3830 1323 3889 δὲ
1378 3834 1528 3906 παρὰ
1579 3838 1712 3889 Θεοῦ
1761 3834 1938 3910 λέγεις

290 3922 635 3999 ἐληλυθέναι,
679 3925 748 3979 τά
793 3922 1064 3998 προσόντα
1119 3942 1213 3995 μοι
1262 3921 1560 3997 ἀπαγγελῶ
1608 3942 1717 3981 σοι.
1776 3924 1934 3996 Ἐμοὶ

288 4015 608 4090 τριακοστὸν
633 4010 743 4085 ἤδη
792 4010 940 4067 τοῦτ’
970 4007 1111 4065 ἔστιν
1151 4008 1290 4077 ἔτος,
1351 4009 1401 4083 ἐξ
1450 4009 1513 4064 οῦ
1561 4008 1791 4079 ἐμαυτὸν
1834 4018 1934 4082 τῆς

286 4110 531 4182 γαμετῆς
584 4123 688 4178 μου
737 4101 1006 4182 ἐχώρισα,
1046 4100 1171 4174 τρία
1210 4098 1345 4172 αὐτῇ
1381 4098 1545 4172 μόνον
1593 4099 1934 4175 προσομιλή-

285 4215 384 4258 σας
415 4189 531 4265 ἔτη,
570 4195 662 4250 καὶ
692 4198 839 4268 τρεῖς
871 4189 1022 4253 υἴοὸς
1065 4190 1117 4260 ἐξ
1147 4187 1314 4259 αὐτῆς
1342 4188 1596 4259 ποιήσας,
1630 4187 1689 4243 ο⁹ί
1742 4186 1807 4258 δὴ
1840 4191 1929 4247 καὶ

281 4292 404 4349 ταῖς
435 4288 648 4362 χρείαις
698 4306 803 4359 μου
845 4281 1206 4357 ὗπηρετοῦσίν
1242 4297 1256 4310 ⁸
1308 4279 1408 4335 οὐκ
1455 4277 1778 4353 ἐπαυσάμην
1824 4289 1926 4351 τῆς

284 4378 593 4456 φιλοξενίας
637 4376 803 4452 μέχρι
832 4382 932 4444 τῆς
964 4376 1229 4447 σήμερον.
1262 4368 1336 4424 Οὐ
1383 4370 1657 4447 καυχᾶταί
1689 4389 1776 4431 τις
1824 4377 1933 4427 τῶν

283 4469 549 4542 κομήτων
604 4468 725 4543 πρὸ
759 4467 895 4540 ἐμοῦ
955 4466 1047 4520 τὸν
1114 4461 1256 4531 ξένον
1333 4456 1755 4533 ὑποδεξάμενος.
1822 4461 1933 4516 Οὐκ

286 4557 481 4629 ἐξῆλθε
510 4556 677 4629 πένης
707 4556 743 4627 ἢ
780 4555 925 4627 ξένος
952 4557 1131 4612 κεναῖς
1181 4550 1341 4629 χερσὶ
1389 4550 1490 4618 τὴν
1540 4546 1682 4623 ἐμὴν
1732 4548 1930 4619 αὐλήν,

291 4651 367 4725 μή
417 4648 681 4727 πρότερον
723 4644 1060 4726 ἐφοδιασθεὶς
1110 4643 1247 4698 κατὰ
1299 4640 1467 4723 λόγον
1521 4657 1535 4673 ⁸

286 4742 492 4813 πένητα
537 4739 967 4815 δυστυχήσαντα,
1022 4736 1097 4808 μὴ
1150 4732 1342 4801 ἱκανήν
1390 4729 1735 4815 παραμυθίαν
1787 4728 1934 4799 αὐτῴ

290 4832 616 4907 χορηγήσας
660 4847 673 4860 ·
709 4828 807 4883 οὐκ
835 4820 1034 4881 ἔλαϐον
1070 4821 1363 4895 πρόσωπον
1404 4815 1589 4871 τέκνου
1621 4814 1672 4871 ἐν
1706 4815 1878 4891 κρίσει
1914 4836 1927 4850 ·

287 4904 391 4976 οὐκ
446 4904 708 4991 εἰσῆλθον
758 4917 833 4980 είς
874 4916 965 4971 υὸν
1014 4912 1162 4968 οἶκόν
1218 4930 1322 4983 μου
1361 4905 1562 4981 καρποὶ
1592 4904 1929 4991 ἀλλότριοι⁸

287 5009 388 5064 οὐκ
429 5008 633 5084 ἐγένετο
686 5008 865 5083 μάχη,
914 5003 979 5074 ἣν
1036 5002 1110 5075 μή
1158 4996 1443 5074 εἷρήνευσα
1473 5013 1484 5025 ·
1519 4993 1617 5084 οὐκ
1648 4990 1931 5069 ἐμέμψατὸ

282 5120 372 5162 τις
398 5080 483 5155 ἐπἱ
512 5080 714 5169 ἀτοπία
741 5080 872 5159 τοὺς
919 5092 1089 5168 ἐμοὺς
1133 5086 1328 5149 παῖδας
1362 5105 1375 5119 ·
1410 5084 1519 5163 οὐχ
1564 5080 1775 5158 ἥψαντο
1823 5088 1932 5139 τῶν

284 5187 602 5265 ἀλλοτρίων
630 5189 853 5262 καρπῶν
885 5184 939 5240 αἱ
971 5178 1162 5257 ἀγέλαι
1197 5198 1300 5252 μου
1332 5193 1348 5208 ⁸
1380 5173 1478 5265 οὐκ
1528 5170 1747 5265 ἔσπειρα
1784 5175 1932 5250 πρῶ-

283 5298 379 5340 τος
409 5262 504 5341 τάς
544 5278 680 5351 ἐμὰς
707 5276 917 5351 χώρας,
946 5270 1093 5328 ἀλλά
1137 5271 1297 5323 πᾶσιν
1345 5263 1511 5351 αὐτάς
1565 5262 1751 5351 κοινὰς
1789 5281 1929 5336 προ-

286 5369 535 5442 θέμενος,
577 5347 681 5429 ’τὰς
711 5347 1144 5440 ’ῦπολειφθείσας
1196 5349 1591 5442 ἐκαρπωσάλην
1627 5370 1640 5383 ο
1664 5347 1751 5442 Δού
1806 5366 1930 5442 συν-

285 5433 549 5532 εχώρησα
609 5433 1165 5517 καταδυναστευθῆναι
1204 5442 1411 5514 πένητα
1462 5438 1563 5493 ὑπὸ
1614 5433 1881 5491 πλουσίου
1912 5455 1925 5468 ·

284 5552 351 5606 οὐ
373 5546 736 5625 παρελύπησά
764 5564 885 5600 τινα
914 5541 965 5598 ἐν
995 5544 1075 5612 τῷ
1114 5537 1217 5613 βίῳ
1269 5554 1373 5608 μου
1405 5548 1418 5563 ’
1464 5528 1638 5604 κρίσιν
1686 5527 1928 5625 πονηρὰν

279 5642 399 5698 κατ’
428 5615 805 5702 οὐδενός-ποτε
848 5635 947 5693 οὐκ
974 5630 1307 5703 ἐξενήνοχα·
1356 5624 1523 5676 ταῦτα
1568 5621 1701 5675 Θεοῦ
1742 5615 1928 5673 θέλον-

283 5754 379 5801 τος
428 5728 649 5792 σύνοιδα
702 5728 925 5806 ἐμαυτῷ
996 5716 1372 5797 πεπραγμένα.
1454 5710 1713 5792 ’Δκούσας
1769 5705 1826 5763 δὶ
1898 5710 1928 5765 ὁ

2048 1955 2248 2030 χρόνον
2282 1954 2361 2013 ἴδε
2387 1959 2488 2028 τήν
2517 1961 2703 2037 ψυχὴν
2734 1963 2831 2014 τοῦ
2875 1956 3069 2034 ἀνδρὸς
3120 1958 3222 2013 ὑπὸ
3273 1954 3520 2030 ἀγγέλων
3561 1957 3690 2010 ἀνα-

2046 2042 2487 2122 λαμϐανομένην,
2534 2050 2841 2123 ὑμνουντων
2893 2052 2987 2106 τὸν
3037 2050 3166 2105 Θεὸν
3223 2049 3311 2103 καὶ
3363 2046 3634 2123 λεγόντων
3673 2062 3689 2077 ⁸

2046 2137 2327 2212 Μακάριος
2358 2138 2418 2195 δν
2459 2138 2682 2211 ἐξελέξω
2727 2141 2818 2196 καὶ
2868 2135 3235 2214 προσελάϐου,
3279 2134 3691 2207 κατασκηνώσει

2051 2223 2104 2280 ἐν
2123 2232 2243 2289 ταῖς
2274 2226 2467 2292 αὐλαῖς
2497 2251 2594 2285 σου
2625 2249 2640 2263 ⁸
2669 2231 2760 2286 καὶ
2809 2229 2974 2286 πάλιν
3022 2235 3131 2286 τῶν
3180 2227 3399 2284 δικαίων
3454 2229 3688 2301 ἀποκρι-

2045 2313 2287 2388 νομένων
2317 2318 2406 2372 καὶ
2439 2316 2733 2393 λεγόντων,
2767 2321 2974 2394 Εἰρήνη
3026 2317 3214 2388 πολλὴ
3263 2321 3380 2377 τοῖς
3430 2315 3689 2392 ἀγαπῶσι

2042 2404 2105 2459 τὸ
2136 2401 2310 2481 ὄνομά
2341 2428 2457 2465 σου.
2492 2408 2589 2465 Καὶ
2620 2404 2758 2484 ἔγνω
2786 2411 2871 2465 ’ὁτι
2903 2411 2931 2464 ὁ
2962 2409 3099 2483 ἀνὴρ
3129 2408 3495 2465 τετελείωται.

2650 2502 2903 2556 ΚΕΦΑΛ.
2954 2500 3084 2557 ΞΕ.

2651 2589 2782 2663 Περὶ
2829 2586 3095 2662 ἐμπόρου.

2116 2675 2204 2733 Ὠς
2260 2670 2317 2728 δέ
2373 2671 2626 2748 ἐπέμενεν
2703 2677 2732 2731 6
2810 2675 3145 2751 Παφνούτιος
3219 2672 3485 2729 δυσωπῶν
3567 2677 3687 2735 ταῖς

2044 2763 2232 2838 εὐχαῖς
2262 2767 2352 2821 τὸν
2395 2768 2542 2837 Θεὸν,
2596 2767 2686 2823 καὶ
2733 2770 2832 2839 τήν
2877 2768 3129 2839 νηστείαν
3178 2766 3538 2841 παρατείνων,
3586 2765 3687 2820 πά-

2045 2850 2132 2908 λιν
2163 2853 2320 2924 ἠξίου
2351 2853 2670 2928 δηλωθῆναι
2703 2858 2874 2932 αὐτῷ,
2904 2857 3010 2913 τίνι
3047 2856 3109 2913 ἃν
3142 2856 3226 2928 εἴη
3274 2857 3489 2931 ὅμοιος.
3539 2857 3683 2933 ’Έφη

2045 2939 2101 2996 δέ
2138 2942 2305 2997 πάλιν
2354 2947 2388 3013 ἡ
2447 2946 2563 3001 θεία
2619 2950 2773 3025 φωνή
2809 2965 2823 2978 ⁸
2882 2947 3145 3021 Ἐμπόρῳ
3203 2944 3385 3010 ἔοικας
3435 2948 3687 3016 ζητοῦντι

2043 3036 2246 3099 καλοὺς
2278 3037 2631 3113 μαργαρίτας.
2656 3037 2831 3095 Ἀλλά
2877 3039 3140 3109 ἀνάστηθι
3194 3039 3412 3108 λοιπὸν,
3461 3037 3551 3092 καὶ
3606 3039 3681 3109 μὴ

2048 3124 2237 3193 μέλλε.
2272 3129 2683 3201 Προαπαντήσει
2712 3128 2813 3203 γάρ
2845 3148 2928 3183 σοι
2975 3129 3003 3182 ὁ
3052 3127 3188 3202 ἀνὴρ
3236 3128 3281 3201 ᾦ
3332 3125 3683 3194 ἀπεικάσθης.

2050 3216 2335 3271 Κατελθὼν
2368 3213 2424 3271 δέ
2454 3215 2658 3280 ἐκεῖνος
2688 3215 2798 3273 ἴδεν
2827 3214 2992 3293 ἄνδρα
3043 3217 3164 3274 τινα
3201 3211 3465 3290 ἔμπορον,
3526 3215 3685 3271 Ἀλε-

2049 3302 2290 3381 ξανδρέα,
2322 3304 2489 3383 ἄνδρα
2531 3304 2739 3377 εὐλαϐῆ
2772 3310 2863 3363 καί
2907 3307 3270 3386 φιλόχριστον
3331 3304 3427 3362 δύο
3478 3305 3684 3380 μυριά-

2046 3393 2141 3458 δας
2176 3394 2449 3471 χρυσίνων
2478 3398 3004 3473 πραγματευόμενον
3054 3400 3189 3472 μετά
3236 3396 3426 3453 έκατὸν
3474 3394 3681 3464 πλοίω,

2044 3482 2104 3539 ἐκ
2166 3491 2266 3555 τῆς
2319 3485 2588 3561 ἀνωτέρας
2644 3482 2918 3557 Θηϐαΐδος
2986 3488 3267 3554 κατιόντα,
3333 3489 3507 3542 πᾶσαν
3587 3484 3687 3552 τήν

2044 3571 2228 3629 οὐσίαν
2260 3576 2430 3631 αὐτοῦ
2460 3576 2547 3631 καὶ
2593 3574 2860 3652 ἐμπορίαν
2910 3582 3026 3639 τοῖς
3074 3582 3324 3653 πτωχοῖς
3374 3577 3460 3631 καὶ
3518 3594 3688 3649 μονα-

2044 3670 2170 3741 χοῖς
2200 3664 2566 3737 διανείμαντα.
2598 3667 2699 3725 ’Ός
2741 3666 2875 3738 μετὰ
2913 3671 3020 3721 τῶν
3077 3666 3243 3722 αὐτοῦ
3282 3664 3489 3722 παίδων
3542 3662 3691 3720 δέκα·

2042 3754 2272 3815 σάκκους
2304 3752 2542 3828 ὀσπρίων
2573 3752 2817 3832 ἀνέφερεν
2852 3756 2988 3828 πρὸς
3034 3748 3218 3815 αὐτόν.
3254 3756 3354 3813 Καὶ
3403 3756 3453 3812 τί
3495 3758 3686 3821 ταῦτα,

2041 3840 2086 3896 ὦ
2135 3841 2308 3920 φίλες
2350 3838 2449 3919 ἔφη
2501 3844 2636 3917 πρὸς
2696 3843 2855 3898 αὐτὸν
2908 3846 2935 3898 6
2990 3846 3351 3922 Παφνούτιος.
3385 3851 3440 3901 '0
3470 3844 3526 3899 δέ
3582 3840 3684 3919 ἔφη

2040 3933 2177 4005 πρὸς
2207 3931 2367 3987 αὐτόν
2399 3950 2412 3963 ·
2448 3929 2571 3986 Οἵδε
2602 3933 2653 3987 οἱ
2705 3933 2902 4005 καρποὶ
2953 3940 3053 4001 τῆς
3105 3934 3371 4007 ἐμπορίας
3420 3934 3552 3987 εἰσὶν
3612 3930 3688 3993 εἷς

2043 4017 2267 4075 δικαίων
2309 4021 2606 4077 ἀνάπαυσιν
2652 4027 2733 4096 τῷ
2781 4025 2897 4094 Θεῷ
2953 4021 3410 4101 προσφερόμενοι.
3457 4020 3526 4075 Τί
3578 4016 3682 4087 δέ;

2042 4109 2205 4183 φησὶν
2232 4110 2367 4185 πρὸς
2391 4107 2551 4166 αὐτὸν
2585 4111 2613 4166 6
2644 4111 3005 4191 Παφνούτιος,
3036 4110 3126 4166 καὶ
3156 4109 3218 4165 σὺ
3266 4114 3364 4165 τοῦ
3419 4108 3685 4182 ὀνόματος

2042 4197 2141 4254 οὐκ
2169 4199 2465 4263 ἀπολαύεις
2522 4206 2620 4256 τοῦ
2677 4199 2998 4277 ἡμετέρους
3046 4202 3103 4256 Ὀ
3157 4198 3214 4255 δὲ
3258 4201 3333 4264 ὡς
3385 4199 3469 4255 ἐπὶ
3519 4202 3682 4254 τοῦτο

2040 4287 2286 4344 σπεύδειν
2346 4290 2480 4365 πρὸς
2537 4290 2701 4346 αὐτὸν
2776 4290 3084 4367 ὡμολόγει,
3139 4289 3460 4366 ἀπεκρίνατο
3546 4288 3685 4360 πρὸς

2039 4377 2220 4437 αὐτόν.
2253 4381 2434 4456 Μέχρι
2465 4380 2611 4443 τίνος
2644 4379 2735 4436 οῦν
2775 4382 2841 4436 τὰ
2900 4384 3067 4456 γήϊνα
3124 4378 3519 4457 πραγματεύει,
3572 4383 3681 4432 τῶν

2038 4466 2301 4542 οὐρανίων
2326 4468 2758 4547 ἐμπορευμάτων
2795 4474 2872 4546 μὴ
2913 4472 3225 4546 ἁπτόμενος
3262 4497 3278 4541 ;
3327 4468 3473 4525 ἀλλά
3518 4473 3683 4524 ταῦτα

2044 4556 2137 4629 μὲν
2160 4557 2367 4629 ἑτέροις
2398 4558 2618 4631 μέλλων
2652 4560 2883 4638 ἀφεῖναι,
2918 4563 2979 4616 σὺ
3034 4559 3092 4617 δέ
3135 4567 3244 4616 τῶν
3303 4560 3678 4636 καιριωτάτων

1587 4640 1651 4694 οὖ
1701 4638 1930 4715 παρίδον
1964 4626 2009 4691 D
2040 4626 2327 4723 ἐχόμενος,
2381 4626 2754 4720 ἀκολούθησὸν
2800 4626 2881 4722 τῷ
2930 4652 3172 4726 Σωτῆρι,
3218 4626 3408 4724 ὀλίγον
3459 4649 3680 4723 ὕστερον

2040 4734 2175 4807 πρὸς
2231 4735 2391 4791 αὐτὸν
2448 4736 2798 4815 ἂιριξόμενος.
2842 4739 2898 4791 ⁸0
2957 4735 3013 4791 δὲ
3066 4735 3233 4809 μηδὲν
3294 4735 3676 4809 ὑπερθέμενος,

2037 4829 2152 4885 τοῖς
2181 4822 2374 4879 ἑαυτοῦ
2405 4827 2586 4881 παισὶν
2618 4824 2936 4881 ἀνετέλλετο
2976 4825 3043 4879 τὰ
3072 4824 3241 4879 λοιπά
3270 4828 3385 4884 τοῖς
3427 4827 3678 4896 πτωχοῖς

2040 4910 2333 4987 διανεῖμαι,
2366 4916 2527 4977 αὐτὸς
2561 4913 2618 4969 δὲ
2648 4915 2885 4971 ἀνελθὼν
2929 4915 3004 4976 εἰς
3043 4916 3105 4968 τὸ
3159 4914 3312 4988 ὄρος,
3360 4913 3450 4968 καὶ
3492 4912 3679 4966 ἑαυτὸν

2037 5002 2089 5057 ἐν
2120 5003 2305 5076 ἐκείνῳ
2334 5008 2412 5073 τῷ
2436 5003 2588 5076 τόπῳ
2616 5002 2909 5077 ξκαθείρξας
2939 4998 3064 5057 ἔνθα
3106 5003 3157 5058 οἱ
3212 5003 3318 5077 πρὸ
3357 5001 3524 5058 αὐτοῦ
3582 4998 3678 5055 δύο

2038 5090 2455 5162 ἐτελειώθησαν,
2527 5092 2941 5167 προσεκαρτέρει
3007 5097 3085 5165 τῷ
3130 5096 3247 5165 Θεῷ
3296 5091 3682 5169 προσευχόμε-

2038 5200 2155 5241 νος.
2186 5179 2410 5256 Ὀλίγου
2443 5177 2499 5236 δέ
2543 5178 2962 5245 διιππεύσαντος
2993 5181 3221 5258 χρόνου,
3270 5181 3586 5238 καταλιπὼν
3618 5181 3680 5234 τὸ

2039 5274 2198 5343 σῶμα
2229 5269 2672 5347 οὐρανοπολίτης
2702 5270 2932 5349 ἐγένετο.
2967 5277 3054 5335 Ὡς
3083 5270 3140 5328 δὲ
3170 5270 3257 5327 καὶ
3297 5277 3490 5327 τοῦτον
3540 5291 3684 5347 προ-

2036 5357 2256 5434 πέμψας
2288 5360 2362 5421 εἰς
2392 5358 2687 5435 ίοὸρανοὺς,
2733 5361 2927 5419 λοιπὸν
2974 5363 3062 5417 καὶ
3122 5363 3289 5425 αὐτὸς
3343 5362 3444 5431 τὴν
3496 5363 3683 5436 ψυχὴν

2036 5449 2380 5524 ἀπελείπετο,
2434 5454 2628 5524 μηκέτι
2692 5452 2857 5509 πλέον
2922 5452 3156 5523 ἀσκῆσαι
3210 5450 3527 5526 δυνάμενος.
3561 5454 3685 5525 ’Ἄγ-

2037 5538 2199 5615 γελος
2232 5538 2288 5595 δέ
2344 5543 2619 5618 παραστὰς
2678 5544 2817 5597 εἶπεν
2864 5542 3014 5614 αὐτῷ
3039 5562 3051 5576 ⁸
3086 5547 3251 5616 Δεῦρο
3283 5540 3348 5612 δὴ
3383 5539 3603 5612 λοιπὸν,
3635 5542 3679 5595 ὦ

2046 5632 2296 5706 μακάριε,
2340 5634 2428 5688 καὶ
2481 5635 2543 5689 σὺ
2611 5634 2685 5696 εἰς
2733 5634 2828 5696 τὰς
2889 5632 3143 5695 αἰωνίους
3213 5635 3433 5704 σκηνάς.
3484 5635 3683 5689 ’Ήκαοι

2040 5720 2144 5797 γὰρ
2201 5723 2254 5777 οῖ
2311 5727 2586 5802 προφῆται
2644 5726 2721 5791 εἷς
2775 5726 2903 5791 τοὺς
2949 5728 3153 5784 ἑαυτῶν
3200 5723 3403 5800 χορούς
3462 5743 3519 5778 σε
3577 5724 3678 5777 ὑπο

3544 389 3705 453 1170

3772 5838 3789 5863 Α
