4078 6212
401 345 553 406 1171

1920 332 2281 394 PALLADII

3643 332 3805 391 1172

401 479 701 554 δεξάμενοι.
727 481 906 534 Τοῦτο
939 473 996 532 δὲ
1024 475 1075 530 ἐν
1109 476 1197 529 σοὶ
1228 475 1290 528 τὸ
1338 471 1464 547 πρὶν
1512 471 1612 525 οὐκ
1650 469 1900 544 ἐξεφάνη,
1954 465 2050 522 ’ίνα
2083 470 2137 537 Α
2169 464 2481 539 Φιλήμονα.
2515 466 2712 542 Ἤγετο
2745 461 2838 517 οῦν
2870 463 2963 517 σὺν
3003 461 3185 526 αὐτοῖς
3224 462 3252 516 6
3301 457 3680 522 Ἀπολλώνιος
3716 463 3810 516 καί

403 546 483 635 μῆ
531 546 792 633 ’ἐπαρθεὶς
865 559 1153 632 ζημιωθῇς
1221 563 1329 635 τῆς
1386 546 1556 624 ἀξίας.
1617 553 1934 635 Ἐπιζήσας-
1989 546 2046 603 δὲ

403 631 528 716 μίαν
559 631 767 715 ἡμέραν
821 631 1011 713 μόνον,
1068 631 1446 711 πρεσϐυτέρων
1503 637 1668 688 τινῶν
1719 631 1855 686 κατά
1910 631 2045 716 ἀπο-

399 709 634 795 κάλυψιν
675 709 832 794 ’πρὸς
866 718 1023 773 αὐτὸν
1082 709 1455 787 ἐληλυθότων,
1498 715 1672 770 πάντα
1714 711 1898 795 αὐτοῖς
1927 709 2044 795 ’ὑφο

402 790 772 879 ηγησάμενος,
802 797 1085 873 παρέδωκε
1113 800 1212 867 τήν
1243 798 1450 870 ψυχήν.
1477 797 1765 879 Ἐμφανλῶς
1797 790 1853 879 δέ
1883 790 2042 879 αὐτὸν

403 870 464 936 δι’
497 870 889 955 *πρεσϐύτεροί
924 879 1205 934 ἐθεάσαντο
1263 876 1356 931 σὺν
1419 879 1610 950 χοροῖς
1677 871 1898 927 δικαίων
1956 870 2044 926 καὶ

402 952 651 1037 ἀγγέλων
703 952 1240 1034 ἀναλαμϐανόμενον,
1275 957 1365 1011 καὶ
1419 955 1725 1028 ὑμνούντων
1767 952 1858 1007 τὸν
1891 952 2042 1006 Θεόν.

1002 1043 1260 1094 ΚΕΦΑΛ.
1294 1036 1442 1109 Eg”.

787 1120 916 1195 Περὶ
951 1117 1340 1195 Ἀπολλωνίου
1371 1118 1661 1192 μάρτυρος.

475 1202 670 1276 Γέγονε
703 1200 757 1255 δέ
787 1193 872 1260 τις
902 1198 1038 1253 κατά
1064 1201 1164 1268 τήν
1227 1193 1474 1268 Θηϐαίδα
1517 1200 1783 1271 μοναχὸς,
1816 1195 2045 1276 ὀνόματι

403 1275 802 1356 Ἀρολλώνιος.
836 1281 1004 1342 Οὗτος
1033 1279 1289 1340 πλείστας
1321 1276 1581 1351 δυνάμεις
1623 1285 1724 1346 τῆς
1762 1275 2046 1356 πολιτείας

400 1353 564 1415 αὐτοῦ
613 1358 919 1430 ἐπεδείξατο
957 1378 968 1391 ·
1020 1361 1085 1427 ἦν
1138 1357 1194 1412 δὲ
1239 1357 1330 1412 καὶ
1374 1362 1470 1412 τοῦ
1499 1358 1765 1430 ὀνόματος
1796 1363 1897 1425 τῆς
1930 1353 2046 1410 δια-

400 1439 582 1500 κονίας
641 1437 966 1510 ἠξιωμένος.
1023 1430 1412 1509 Ὺπερϐάλλων
1474 1433 1530 1488 δὲ
1586 1435 1780 1495 πάσαις
1831 1434 2046 1504 ἀρεταῖς

398 1520 526 1580 τοὺς
559 1518 782 1572 πώποτε
815 1515 1283 1589 εὐδοκιμήσαντας
1313 1514 1363 1568 ἐν
1396 1519 1478 1586 τῷ
1507 1517 1682 1585 καιρῷ
1735 1517 1831 1568 τοῦ
1881 1510 2046 1586 διωγ-

403 1595 530 1670 μοῦ,
563 1598 983 1671 παραθαρσύνων
1013 1593 1138 1656 τούς
1188 1596 1432 1668 Χριστοῦ
1482 1591 1861 1669 ὁμολογητάς,
1907 1590 2045 1646 πολ-

400 1679 534 1739 λούς
565 1679 858 1750 μάρτωρας
907 1675 1216 1731 ἀπετέλεσε.
1251 1675 1355 1730 Καὶ
1401 1674 1562 1739 αὐτὸς
1611 1672 1666 1728 δὲ
1713 1673 2044 1750 συλληφθεὶς

401 1758 452 1813 ἐν
514 1760 585 1830 τῇ
635 1759 821 1834 εἰρκτῇ
880 1756 1211 1832 ἐφυλάττετο
1254 1774 1270 1788 ⁸
1330 1757 1466 1830 πρὸς
1526 1757 1587 1810 δν
1636 1752 1881 1829 ἤρχοντο
1939 1757 2045 1808 τῶν

401 1838 682 1910 Ἑλλήνων
714 1839 770 1892 οἱ
813 1838 1163 1916 φαυλότεροι,
1207 1837 1296 1892 καὶ
1351 1837 1550 1911 λόγους
1599 1835 1748 1906 αὐτῷ
1796 1835 2039 1908 παρωξυ⁹
2075 1847 2124 1912 Β

403 1924 545 1993 σμοῦ
574 1921 663 1974 καὶ
697 1918 1054 1998 βλασφημίας
1094 1924 1463 1992 προσεπῆγον.

1016 2011 1270 2064 ΚΕΦΑΛ.
1316 2007 1439 2063 ΞΖ’.

400 2096 529 2170 Περὶ
579 2093 908 2169 Φιλήμονος
955 2098 1235 2170 μάρτυροςΔ
1271 2094 1362 2150 καὶ
1420 2094 1543 2169 περὶ
1573 2098 1684 2149 τῶν
1740 2094 1853 2166 μετ’
1900 2091 2047 2166 αὐτῷ

1065 2166 1378 2242 μαρτύρῶν.

468 2259 566 2313 Ἦν
601 2253 658 2311 δέ
686 2278 768 2318 τις
802 2255 852 2327 ἐξ
885 2258 1060 2312 αὑτῶν
1115 2254 1400 2330 χοραύλης
1451 2257 1611 2327 ἀνὴρ,
1645 2249 1940 2324 διαϐόητος
1990 2252 2042 2308 ἐν

396 2351 511 2410 τοῖς
569 2346 943 2419 ἀτοπήμασιν,
1022 2348 1080 2408 ὃς
1167 2345 1486 2419 προσελθὼν
1562 2343 1720 2399 αὐτὸν
1755 2341 2043 2419 χγῦϐριζεν,

394 2435 609 2490 ἀνόσιον
644 2435 840 2512 λέγων,
871 2435 960 2491 καὶ
1018 2436 1293 2506 ἐπιθέτην,
1324 2435 1414 2489 καὶ
1469 2432 1699 2497 πλάνον,
1751 2417 1840 2488 κὸὶ
1897 2433 2046 2507 παρά

394 2527 596 2588 πάντας
638 2527 764 2588 τούς
823 2525 1139 2597 ἀνθρώπους
1191 2525 1541 2599 μισούμενον,
1600 2525 1690 2579 καὶ
1753 2521 2042 2600 ὀφείλοντα

395 2618 586 2671 θᾶττον
615 2618 924 2671 ἀποθανεῖν.
986 2617 1129 2690 Πρὸς
1181 2615 1237 2669 δν
1300 2635 1461 2687 φησιν
1523 2615 1551 2668 6
1601 2611 1992 2674 Ἀπολλώνιος
2025 2631 2039 2645 ο

393 2705 651 2776 Ἐλεήσαι
709 2726 766 2760 σε
818 2706 1036 2778 Κύριος,
1095 2703 1366 2777 ἄνθρωπε,
1409 2703 1498 2758 καὶ
1570 2698 1736 2775 μηδέν
1795 2722 1880 2756 σοι
1932 2705 2040 2756 τῶν

391 2797 538 2872 παρὰ
571 2801 667 2851 σοῦ
699 2794 1002 2872 εῗρημένων
1034 2793 1112 2856 είς
1165 2795 1433 2868 ἁμαρτίαν
1491 2791 1807 2868 λογίσηται.
1867 2795 2044 2846 Ταῦτα

392 2887 450 2943 δὲ
480 2887 710 2950 ἀκούσας
761 2889 789 2941 ὁ
847 2884 1134 2960 χοραύλης
1191 2885 1418 2955 ἐκεῖνος,
1451 2882 1726 2956 Φιλήμῶν
1793 2883 2041 2955 ὀνόματι,

392 2976 642 3032 ἐδάκνετο
672 2981 791 3039 ταῖς
823 2977 1006 3054 φρεσὶν
1043 2975 1146 3030 ὑπὸ
1190 2978 1297 3030 τῶν
1347 2972 1526 3048 λόγων
1566 2976 1663 3028 τοῦ
1708 2968 1900 3046 ἀνδρὸς
1945 2991 2043 3025 κα-

390 3067 661 3144 τανυγείς.
715 3068 990 3142 Ὁρμήσας
1047 3061 1104 3119 δὲ
1163 3063 1316 3126 εὐθὺς
1373 3061 1462 3118 ἐπὶ
1508 3063 1572 3117 τὸ
1625 3063 1912 3138 βῆμα,τῷ
1957 3058 2041 3114 δι-

389 3160 562 3229 καστῇ
594 3156 944 3229 παρειστήκει
971 3173 982 3184 ·
1019 3155 1112 3210 καὶ
1145 3173 1309 3230 φησιν
1362 3152 1511 3223 αὐτῷ
1557 3149 1646 3206 ἐπὶ
1691 3154 1788 3205 τοῦ
1834 3147 2052 3222 δήμου,

2155 553 2317 612 ἄλλοί
2347 558 2488 618 τινὲς
2514 553 3028 630 ὁμολογησάμενοι.
3054 554 3448 628 Πορευομένων
3481 549 3538 607 δὲ
3567 553 3812 622 πάντων,

2156 647 2289 701 κατὰ
2315 648 2414 715 τὴν
2449 643 2574 700 ὁδὸν
2618 643 2828 713 ἐπῆλθε
2870 645 3032 719 χάρις
3090 641 3173 697 ἐπ’
3220 642 3404 712 αὐτὸν,
3462 641 3553 696 καὶ
3609 641 3813 715 ἤρξατο

2156 732 2423 790 διδάσκειν
2467 734 2593 796 τοὺς
2641 733 2991 808 στρατιώτας.
3033 733 3123 794 Ὠς
3181 728 3238 786 δὲ
3294 733 3383 786 καὶ
3431 729 3587 786 αὐτοὶ
3639 751 3814 786 κατα-

2153 823 2397 900 νυγέντες
2446 822 2757 877 ἐπίστευσαν
2811 825 2891 893 τῷ
2970 827 3210 895 Σωτῆρι,
3277 821 3472 881 πάντες
3529 821 3812 894 ὁμοθυμα-

2155 910 2242 968 δὸν
2273 912 2362 968 ἐπὶ
2392 913 2452 968 τὸ
2489 914 2643 984 βῆμα
2675 909 2895 986 δέσμιοι
2929 910 3084 980 ἦσαν.
3129 908 3236 973 Οὕς
3287 911 3523 974 ἅπαντας
3557 910 3588 964 ὁ
3647 908 3811 985 ἔπαρ-

2153 1024 2256 1079 χος
2303 1003 2654 1076 θεασάμενος,
2695 1002 2770 1066 ὡς
2817 999 2924 1057 ἴδεν
2983 1002 3346 1075 ἀμεταθέτους
3382 1008 3484 1072 τῆς
3545 1000 3807 1071 πίστεως,

2150 1092 2231 1165 τῷ
2283 1095 2433 1168 βυθῷ
2471 1094 2571 1165 τῇς
2616 1092 2894 1162 θαλάσσης
2939 1089 3149 1146 κελεύει
3199 1088 3606 1166 παραδοθῆναι.
3639 1096 3807 1145 Τοῦτο

2156 1180 2212 1237 δὲ
2245 1177 2527 1254 σύμϐολον
2559 1181 2742 1243 αὐτοῖς
2783 1179 2992 1255 ἐγένετο
3021 1184 3118 1235 τοῦ
3149 1179 3530 1254 βαπτίσματος
3560 1195 3577 1210 ⁸
3623 1177 3813 1255 εὑρόν-

2151 1291 2237 1332 τες
2290 1267 2346 1324 δὲ
2384 1268 2579 1331 αὐτοὺς
2631 1271 2682 1323 οἱ
2732 1266 2934 1324 ο⁹ίκεῖοι
2984 1267 3119 1342 πρὸς
3171 1267 3264 1330 τάς
3305 1263 3480 1343 ὄχθας
3536 1265 3812 1341 ἐῤῥιμμέο

2151 1380 2302 1430 νους,
2339 1364 2497 1414 πᾶσιν
2540 1360 2681 1431 ὁμοῦ
2710 1360 2930 1432 τέμενος
2973 1356 3360 1412 κατεσκεύασαν
3392 1376 3406 1388 ο
3471 1353 3600 1411 ἔνθα
3654 1354 3812 1410 δυνά-

2157 1469 2275 1521 μεις
2300 1446 2506 1502 πολλαί
2538 1467 2596 1502 τε
2635 1445 3033 1504 ἐπιτελοῦνται.
3070 1444 3322 1516 Τοσαύτη
3358 1445 3460 1520 γάρ
3507 1466 3595 1506 τις
3650 1446 3812 1520 χάρις

2151 1537 2336 1612 γέγονε
2375 1541 2470 1591 τοῦ
2509 1533 2728 1611 ἀνδρὸς,
2767 1533 2906 1591 ὥστε
2962 1537 3052 1590 καὶ
3102 1535 3232 1610 ὑπὲρ
3287 1535 3361 1588 ὦν
3405 1531 3613 1606 ηὔξατο
3658 1534 3812 1594 εὐθὺς

2155 1625 2599 1694 εἶσακουσθῆναι,
2641 1630 2740 1680 τοῦ
2798 1631 3057 1700 Σωτῆρος
3107 1623 3265 1679 αὐτὸν
3344 1622 3487 1678 οὕτω
3533 1625 3813 1694 τιμήσανο

2151 1736 2242 1775 τος
2277 1734 2289 1748 ·
2335 1716 2391 1769 ὃν
2425 1713 2514 1769 καὶ
2563 1715 2726 1787 ἡμεῖς
2774 1712 2828 1769 ἐν
2869 1718 2947 1787 τῷ
2997 1712 3280 1789 μαρτυρίῳ
3328 1711 3618 1786 εὐξάμενοι
3677 1711 3811 1766 ἐθεα-

2155 1805 2362 1878 σάμεθα
2435 1805 2549 1876 ἅμα
2616 1808 2733 1866 τοῖς
2808 1803 2902 1858 σὺν
2981 1803 3134 1875 αὐτῷ
3205 1803 3644 1878 μαρτυρήσασιν.
3718 1803 3811 1855 Καὶ

2155 1894 2626 1970 προσκυνήσαντες
2662 1896 2742 1965 τῷ
2780 1896 2895 1965 Θεῷ
2923 1893 3286 1965 ⁴ἧςιπασάμεθα
3330 1892 3507 1946 αὐτῶν
3555 1893 3630 1946 τὰ
3690 1912 3813 1962 σκη-

2154 1983 2382 2056 νώματα
2411 1980 2462 2036 ἐν
2492 1985 2561 2055 τῇ
2585 1976 2838 2052 Θηϐαίδι.

2757 2079 3014 2134 ΚΕΦΔΛ.
3057 2078 3192 2134 ΞΗ’.

2405 2167 2534 2242 Περὶ
2588 2161 2763 2224 Ἀϐϐἆ
2814 2165 3113 2242 Διοσκόρου
3163 2162 3556 2241 πρεσϐυτέρου.

2227 2263 2432 2323 Ἀλλον
2465 2262 2523 2320 δὲ
2551 2260 2914 2338 πρεσϐύτερον
2962 2260 3150 2336 ἴδομεν
3184 2262 3236 2318 ἐν
3285 2258 3521 2334 Θηϐαΐδι
3571 2263 3801 2318 Διόσκο-

2155 2367 2248 2421 ρον
2283 2345 2534 2419 ὀνόματι,
2564 2345 2778 2420 Πατέρα
2810 2348 3067 2419 μοναχῶν
3109 2343 3320 2414 ἑκατὸν,
3371 2343 3452 2421 ’ὸς
3496 2341 3803 2416 μέλλοντας

2152 2420 2350 2488 αὐτοὺς
2381 2423 2703 2500 προσελθεῖν
2735 2430 2804 2498 τῇ
2845 2425 3035 2500 χάριτι
3089 2427 3186 2478 τοῦ
3236 2427 3393 2493 Θεοῦ,
3442 2420 3600 2500 ἔλεγε
3665 2426 3799 2500 πρὸς

2152 2506 2348 2568 αὐτούς
2383 2510 2613 2581 ’Ὁρᾶτε
2674 2508 2750 2578 μή
2802 2527 2885 2568 τις
2932 2503 2983 2559 ἐν
3036 2504 3302 2582 φαντασίᾳ
3357 2506 3616 2579 γυναικὸς
3651 2505 3799 2582 γενό-

2155 2608 2332 2661 μενος,
2393 2585 2444 2641 ἐν
2500 2588 2648 2642 νυκτὶ
2703 2584 3005 2659 τολμήσειε
3060 2585 3380 2660 προσελθεῖν
3446 2593 3564 2648 τοῖς
3624 2587 3795 2662 ἁγίοις

2155 2666 2518 2742 μυστηρίοιςΛ
2571 2668 2646 2738 μή
2732 2686 2814 2727 τις
2884 2665 2932 2735 ἐξ
3005 2667 3158 2739 ὑμῶν
3242 2668 3647 2742 φανταζόμενος
3715 2665 3795 2720 ἐν-

2151 2749 2443 2819 υπνιασθῇ.
2492 2748 2560 2803 Αἱ
2615 2747 2717 2822 γὰρ
2767 2744 2890 2801 ἄνευ
2945 2749 3053 2801 τῶν
3120 2750 3422 2822 φαντασιῶν
3478 2745 3784 2821 γονόβροια.

2151 2829 2473 2900 αὐτομάτως
2505 2826 2812 2902 γινόμεναι,
2865 2826 2964 2881 οὐκ
3012 2827 3072 2881 ἐκ
3119 2828 3486 2901 προαιράσεως
3536 2826 3788 2895 ἑκάστου,

2150 2907 2279 2964 ἀλλ’
2327 2904 2654 2978 ἀϐουλήτως
2712 2906 3002 2981 γενόμεναί
3060 2907 3219 2963 εἰσιν.
3276 2909 3367 2964 Ἐκ
3419 2905 3628 2982 φύσεως
3681 2909 3790 2982 γὰρ

2151 2928 2273 2964 αΛΑν
2327 2928 2654 2978 αυουΑητως
2712 2928 3002 2981 γενομεναι
3060 2928 3219 2963 εισιν.
3278 2928 3367 2964 ικ
3458 2928 3628 2968 υσεως
3681 2928 3790 2982 γαρ

2151 2987 2537 3064 προέρχονται,
2590 2987 2680 3042 καὶ
2739 2987 2799 3042 ἐκ
2854 2987 3168 3061 περιουσίας
3227 2985 3365 3056 ὕλης
3419 2928 3795 3061 ἒκκρίνονται.

2152 3063 2246 3124 Διὸ
2277 3065 2405 3124 οὐδὲ
2436 3067 2721 3124 ὑπεύθυνοί
2755 3066 2856 3122 εἶσι
2885 3072 2954 3142 τῇ
3005 3065 3267 3141 ἁμαρτίᾳ,
3298 3067 3364 3123 Αἱ
3413 3063 3472 3122 δὲ
3521 3067 3795 3144 φαντασίαι

2150 3148 2212 3205 ἐκ
2267 3148 2634 3226 προαιρέσεως
2687 3143 2964 3224 ἔρχονται,
3021 3148 3115 3202 καὶ
3170 3153 3272 3217 τῆς
3337 3143 3795 3220 κακῆςνγνώμης

389 3245 586 3302 ’Ἄδικα
628 3247 904 3321 πράττεις,
938 3243 984 3296 ὦ
1035 3240 1281 3312 δικαστᾶ,
1313 3239 1585 3317 θεοφιλεῖς
1627 3241 1716 3294 καὶ
1769 3238 2037 3298 ἀναιτίοος
2069 3213 2119 3280 C
2151 3229 2260 3286 ἐστὶ
2289 3231 2619 3321 ξεκμήριον.
2652 3234 2748 3321 Δεῖ,
2772 3228 2863 3284 οὖν
2894 3230 2984 3284 τὸν
3014 3229 3256 3321 μοναχὸν
3294 3228 3386 3321 καὶ
3435 3234 3537 3296 τῆς
3583 3229 3792 3304 φάσεως

388 3332 585 3408 ἄνδρας
636 3334 906 3403 κολάζων.
961 3328 1126 3386 Οὐδὲν
1175 3331 1278 3404 γὰρ
1340 3328 1546 3404 φαῦλον
1606 3331 1656 3382 οἳ
1717 3324 2036 3403 Χριστιανοὶ

387 3428 660 3493 ποιοῦσιν,
695 3420 820 3477 οὐδὲ
851 3419 1122 3495 λέγουσιν,
1157 3415 1412 3472 ἀλλὰκαὶ
1436 3418 1566 3476 τοὺς
1597 3415 1828 3491 ἐχθροὺς
1860 3412 2035 3469 αὐτῶν

388 3511 742 3584 εὐλογοῦσιν.
771 3512 830 3565 Ὀ
862 3506 941 3574 δὲ,
992 3510 1158 3560 ταῦτα
1217 3505 1380 3558 αὐτοῦ
1417 3503 1696 3580 λέγοντος,
1725 3506 1792 3559 τὰ
1848 3509 2038 3579 πρῶτα

393 3599 489 3670 μὲν
531 3594 668 3667 ᾤετο
717 3595 882 3649 αὐτὸν
932 3591 1308 3668 εἰρωνεύεσθαι
1363 3591 1454 3646 καὶ
1495 3591 1825 3668 γελοιάζειν,
1868 3594 1940 3655 ὡς
1982 3590 2039 3647 δὲ

389 3683 712 3758 ἐπιμένοντα
770 3681 903 3738 εἶδεν
943 3702 955 3716 ⁶
1017 3683 1301 3756 Μέμηνας,
1379 3681 1562 3759 φησίν,
1639 3679 1682 3736 ὦ
1766 3682 2037 3758 ἄνθρωπε,

390 3775 526 3850 πρὸς
574 3773 760 3844 αὐτὸν,
792 3774 882 3829 καὶ
933 3771 993 3828 ἐκ
1051 3776 1257 3850 φρενῶν
1311 3773 1535 3850 γέγονας
1586 3771 1824 3843 ἐξάπινα.
1858 3774 1918 3831 Ὁ
1959 3773 2038 3841 δὲ,

392 3863 468 3920 Οὐ
515 3861 804 3937 μαίνομαι,
855 3862 1042 3935 φησὶν,
1086 3858 1386 3916 ἀδικώτατε
1437 3858 1680 3920 δικαστά.
1712 3862 2038 3934 Χριστιανὸς

393 3956 495 4031 γάρ
559 3951 696 4027 εἰμι.
729 3955 789 4010 Ὁ
850 3948 906 4006 δὲ
963 3949 1202 4012 πολλαῖς
1251 3949 1562 4012 κολακείαις
1611 3949 1724 4025 ἅμα
1769 3955 1848 4024 τῷ
1879 3945 2041 4030 ὄχλῳ

393 4043 590 4098 πείθειν
621 4043 786 4098 αὐτὸν
811 4042 1083 4116 ἐπειρᾶτο.
1119 4044 1206 4102 Ὠς
1250 4039 1307 4095 δὲ
1353 4040 1681 4114 ἀμετάθετον
1727 4037 1856 4104 εἶδε,
1905 4061 2040 4096 παν-

392 4133 544 4193 τοίας
579 4133 844 4204 βασάνους
876 4131 1025 4201 αὐτῷ
1065 4137 1360 4206 προσῆγεν.
1392 4130 1491 4185 Τὸν
1546 4127 1603 4184 δὲ
1659 4128 2042 4185 Ἀπολλώνιον

394 4222 736 4293 ἀνάρπαστον
769 4218 1160 4292 ποιησάμενος,
1217 4219 1307 4272 καὶ
1355 4217 1593 4280 πολλαῖς
1640 4219 1844 4282 αἰκίαις
1886 4238 2044 4292 περι-

399 4305 710 4373 ϐαλὼν,ὡς
739 4306 944 4359 πλάνον
995 4306 1157 4360 αὐτὸν
1219 4300 1551 4375 ἐϐάσανιζεν.
1609 4307 1666 4360 Ὀ
1724 4303 1780 4360 δὲ
1836 4305 2044 4362 Ἀπολ-

399 4395 600 4454 λώνιος
630 4395 766 4466 πρὸς
799 4389 957 4446 αὐτὸν
991 4387 1091 4470 ἔφη
1126 4412 1139 4425 ·
1180 4392 1458 4466 Εὐξαίμην
1483 4393 1545 4448 ἃν
1571 4393 1659 4447 καὶ
1689 4394 1768 4464 σὲ,
1801 4391 2044 4466 δικαστά,

399 4481 490 4537 καὶ
533 4481 706 4535 πάντα
753 4478 886 4540 τοὺς
938 4481 1321 4554 συμπαρόντας
1374 4501 1469 4554 μοι
1518 4481 1686 4556 ταύτῃ
1731 4487 1800 4557 τῇ
1867 4483 2048 4558 πλάνῃ

2147 3307 2487 3386 ὑπερϐαίνειν
2547 3311 2638 3365 τὸν
2693 3309 2884 3384 νόμον,
2942 3308 3030 3364 καὶ
3092 3307 3232 3382 μηδέ
3290 3307 3368 3372 εἴς
3429 3330 3550 3364 τινα
3598 3309 3791 3382 μικρὸν

2149 3391 2436 3466 μολυσμὸν
2493 3391 2690 3464 σαρκὸς
2761 3392 3048 3464 εὑρεθῆναι
3107 3387 3324 3444 ’ἀλλὰ
3420 3391 3606 3459 τήκειν
3700 3390 3796 3457 τῆν

2145 3472 2338 3546 σάρκα,
2401 3471 2490 3525 καὶ
2561 3472 2636 3543 μή
2697 3476 2956 3547 συγχρεῖν
3001 3469 3052 3525 ἐν
3123 3469 3258 3544 αὐτῇ
3325 3471 3662 3546 περισσεύειν
3701 3472 3793 3541 τῄν

2145 3551 2307 3623 ὕλην.
2368 3551 2630 3626 Πειρᾶσθε
2689 3550 2750 3605 οὗ
2817 3557 3048 3606 κενῶσαι
3101 3552 3200 3619 τὴν
3262 3549 3402 3620 ὕλην
3453 3555 3524 3625 τῇ
3565 3558 3670 3620 τῆς
3701 3574 3798 3619 νη-

2147 3634 2324 3693 στείας
2380 3631 2536 3705 ῒκανῇ
2597 3633 2894 3707 παρατάσει
2939 3638 2954 3664 ⁸
3015 3632 3062 3686 εί
3127 3629 3186 3686 δὲ
3228 3633 3329 3704 μή,
3376 3632 3468 3685 καὶ
3518 3634 3660 3706 πρὸς
3706 3634 3798 3692 τὰς

2147 3712 2345 3788 ὀρέξεις
2411 3714 2559 3783 ἡμᾶς
2616 3713 2860 3788 ἐρεθίζει.
2921 3712 2994 3767 Οὐ
3054 3709 3136 3790 δεῖ
3179 3709 3237 3766 δὲ
3280 3712 3372 3766 τὸν
3410 3711 3661 3790 μοναχὸν
3691 3716 3796 3766 τῶν

2148 3791 2372 3869 ὀρέξεων
2432 3791 2580 3854 ὅλως
2637 3791 2967 3871 ἐφάπτεσθαι
2997 3809 3011 3824 ·
3071 3789 3188 3846 ἐπεὶ
3220 3791 3271 3846 ἐν
3311 3791 3416 3847 τίνι
3461 3789 3660 3846 διοίσει
3690 3796 3791 3845 τῶν

2146 3877 2477 3947 κοσμικῶνς
2538 3871 2630 3935 οὓς
2679 3871 2953 3935 πολλάκις
3008 3872 3222 3948 δρῶμεν
3275 3873 3365 3927 καὶ
3416 3876 3529 3926 τῶν
3556 3873 3792 3946 τέρψεων

2150 3951 2530 4030 ἀπεχομένους
2563 3949 2630 4007 δι’
2665 3951 2839 4027 ὑγείαν
2887 3952 3233 4030 σώματοςμῆ
3279 3948 3358 4030 δι’,
3392 3949 3585 4030 ,ἄλλας
3649 3950 3796 4011 τινάς

2151 4029 2517 4109 οὐκίάλόγους
2549 4032 2724 4095 αἰτίας
2759 4049 2773 4101 ;
2816 4031 2970 4106 πόσῳ
3017 4029 3086 4102 δὴ
3139 4029 3230 4087 οὖν
3275 4029 3487 4106 μᾶλλον
3530 4030 3799 4105 ἐπιμελη-

2149 4114 2269 4170 τέον
2325 4114 2404 4186 τῷ
2448 4118 2680 4188 μοναχῷ
2707 4119 2808 4184 τῆς
2855 4117 3040 4189 ψυχῆς
3096 4113 3197 4183 τὴν
3229 4111 3402 4168 αἰτίαν
3451 4112 3544 4167 καὶ
3599 4112 3798 4187 ὑγείαν,

2151 4196 2238 4250 καὶ
2280 4197 2380 4249 τοῦ
2411 4197 2526 4262 νοῦ,
2557 4193 2647 4248 καὶ
2678 4197 2774 4249 τοῦ
2805 4194 3113 4268 πνεύματος
3147 4215 3162 4265 ;

2760 4297 3018 4350 ΚΕΦΑΛ.
3061 4293 3187 4348 ΞΘ’.

2465 4382 2594 4455 Περὶ
2625 4385 2732 4437 τῶν
2773 4381 2825 4437 ἐν
2859 4385 2928 4456 τῇ
2970 4381 3166 4456 Νιτρίᾳ
3198 4386 3481 4455 μοναχῶν.

2227 4485 2597 4558 Κατήχθημεν
2639 4480 2697 4538 δὲ
2733 4483 2823 4538 καὶ
2868 4483 2944 4547 είς
2991 4481 3236 4557 Νιτρίαν,
3269 4477 3392 4537 ἔνθα
3435 4481 3680 4543 πολλοὺς
3709 4480 3796 4534 καὶ

403 4590 507 4642 μου
537 4567 994 4638 ἐξακολουθῆσαι.
1026 4570 1086 4626 Ὁ
1118 4566 1174 4624 δὲ
1202 4573 1298 4625 τοῦ
1348 4573 1517 4625 ταῦτα
1566 4568 1828 4646 λέγοντος
1869 4572 2044 4650 ἀμφο-
2075 4586 2123 4650 D
2159 4573 2435 4650 μεγάλους
2467 4574 2829 4649 ἀναχωρητὰς
2863 4573 3178 4649 ἑωράκαμεν
3214 4593 3226 4606 ·
3262 4576 3425 4628 τοῦτο
3476 4571 3566 4645 μὲν
3615 4569 3795 4644 ἐγχωο

396 4658 584 4734 τέρους
617 4659 743 4733 πυρὶ
800 4654 1169 4730 παραδοθῆναι
1229 4657 1549 4734 προστάττει
1601 4660 1652 4716 ἐν
1710 4657 1862 4736 ὄψεσι
1921 4683 2050 4716 παν-

396 4751 489 4812 τὸς
519 4751 616 4804 τοῦ
647 4748 918 4820 πλήθους.
955 4749 1042 4811 Ὠς
1075 4747 1132 4804 δὲ
1153 4747 1205 4804 ἐν
1255 4753 1325 4822 τῇ
1357 4748 1526 4829 φλογὶ
1575 4750 1730 4822 ἦσαν,
1780 4751 2046 4826 παρόντος

397 4843 495 4894 τυῦ
527 4836 803 4908 δικαστοῦ,
838 4839 1020 4914 φωνὴν
1053 4839 1244 4915 ἀφίησι
1287 4839 1422 4913 πρὸς
1462 4841 1554 4895 τὸν
1606 4842 1734 4896 Θεὸν
1787 4842 1814 4895 ὁ
1873 4842 2045 4915 μακά-

400 4949 516 5001 ριος
543 4924 925 4988 Ἀπολλώνιος
959 4926 1035 4988 εἷς
1072 4928 1314 4998 ὑπήκοον
1347 4929 1544 4991 παντὸς
1593 4933 1689 4985 τοῦ
1738 4927 1920 5002 δήμου
1956 4931 2046 4986 καὶ

398 5020 497 5072 τοῦ
530 5013 804 5070 δικαστοῦ
863 5017 954 5083 Μὴ
1012 5014 1290 5091 παραδῷς,
1353 5018 1613 5088 Δέσποτα,
1665 5024 1781 5084 τοῖς
1832 5019 2044 5093 θηρίοις

401 5106 582 5181 ψυχάς
632 5101 1144 5179 ἐξομολογουμένας
1193 5127 1299 5177 σοι,
1353 5105 1499 5161 ἀλλά
1547 5107 1738 5162 σαυτὸν
1791 5109 2044 5186 ἐμφανῶς

398 5199 534 5269 ἡμῖν
570 5191 852 5264 ἐπίδειξον.
887 5192 986 5249 Καὶ
1021 5191 1087 5263 δή
1119 5193 1314 5272 νεφέλη
1345 5191 1659 5269 δροσοειδής
1692 5198 1780 5251 καὶ
1813 5200 2044 5275 φωτεινὴ

398 5285 698 5341 ἐπελθοῦσα
745 5282 982 5356 ἐκάλυψε
1037 5283 1164 5346 τοὺς
1223 5281 1439 5356 ἄνδρας,
1494 5286 1556 5338 τὸ
1624 5290 1728 5359 πῦρ
1814 5283 2044 5343 ἀποσϐέ-

402 5395 554 5428 σασα.
616 5373 991 5447 Θαυμάσαντες
1055 5370 1108 5427 δὲ
1181 5372 1231 5426 οἱ
1299 5369 1468 5444 δῆμοι
1530 5373 1617 5428 καὶ
1681 5375 1708 5429 ὁ
1768 5373 2046 5447 δικαστὴς,

401 5457 593 5530 ἐϐόων,
628 5463 715 5522 Εἷς
761 5461 788 5515 6
849 5462 976 5521 Θεὸς
1035 5465 1140 5514 τῶν
1201 5467 1553 5536 Χριστιανῶν.
1615 5462 1932 5541 ’Δναγγέλει
1994 5464 2050 5521 δέ

399 5568 480 5606 τις
538 5552 703 5603 ταῦτα
779 5555 886 5605 τῶν
947 5551 1266 5625 κακούργων
1338 5556 1416 5623 τῷ
1476 5557 1576 5620 τῆς
1644 5551 2050 5630 Ἀλεξανδρείας

401 5635 628 5710 ἐπάρχῳ
679 5654 692 5670 ⁸
735 5639 796 5699 ὃς
841 5639 1026 5712 ὠμούς
1068 5660 1219 5702 τινας
1269 5641 1355 5694 καὶ
1413 5641 1637 5715 ἀγρίους
1686 5646 2047 5718 προτέκτορας

401 5725 492 5781 καὶ
559 5726 826 5794 ταξεώτας
905 5726 1317 5800 ἐπιλεξάμενος,
1393 5727 1732 5800 ἐξαπέστειλε
1789 5734 1925 5805 πρὸς
1984 5732 2057 5788 τὸ

405 5813 660 5889 δεσμίους
688 5813 892 5875 πάντας
923 5813 1164 5888 ἀχθῆναι
1192 5815 1321 5880 τοὺς
1349 5818 1475 5891 περὶ
1521 5819 1616 5874 τὸν
1664 5816 1920 5888 δικαστήν
1956 5821 2049 5876 καὶ

2151 4666 2327 4738 ρίους,
2356 4667 2521 4718 τοῦτο
2556 4661 2613 4717 δὲ
2657 4664 2746 4718 καὶ
2805 4660 3004 4735 ξένους,
3061 4659 3349 4732 ἀλλήλους
3407 4667 3525 4721 ταῖς
3580 4660 3797 4732 ἀρεταῖς

2155 4747 2622 4828 ὑπερϐάλλοντας,
2653 4751 2742 4806 καὶ
2773 4750 3228 4828 φιλονεικώτερον
3260 4751 3396 4825 πρὸς
3444 4752 3542 4818 τὴν
3575 4745 3798 4818 ἄσκησιν

2154 4839 2544 4914 διακειμένους,
2576 4841 2746 4896 πᾶσάν
2786 4860 2844 4895 τε
2909 4838 3106 4916 ἀρετὴν
3181 4836 3650 4911 ἐνδεικνυμένους,
3715 4837 3802 4891 καὶ

2151 4933 2204 4989 ἐν
2230 4936 2298 5007 τῇ
2357 4931 2608 5002 πολιτείᾳ
2645 4928 2931 5001 ἀλλήλους
2968 4925 3333 5005 ὑπερϐάλλειν
3366 4950 3378 4962 ⁸
3436 4928 3527 4983 καὶ
3588 4929 3645 4981 οἱ
3707 4928 3798 5000 μὲν

2155 5022 2328 5078 αὐτῶν
2374 5023 2495 5098 περὶ
2527 5023 2625 5090 τὴν
2681 5021 2928 5096 θεωρίαν,
2961 5021 3014 5075 οἱ
3059 5016 3115 5074 δὲ
3155 5019 3280 5095 περὶ
3337 5020 3435 5088 τὴν
3493 5019 3803 5094 πρακτικὴν

2153 5113 2502 5190 ἠσχολοῦντο
2527 5159 2541 5172 .
2576 5111 2794 5175 ’ἰδόντες
2822 5113 2926 5189 γὰρ
2952 5111 3100 5186 ἡμὰς
3122 5133 3260 5174 τινες
3290 5110 3344 5182 ἐξ
3374 5110 3554 5166 αὐτῶν
3585 5108 3807 5183 πορῥω-

2154 5205 2242 5260 θεν
2270 5202 2603 5278 ἐρχομένους
2645 5200 2733 5256 διὰ
2777 5207 2876 5270 τῆς
2906 5200 3118 5276 ἐρήμου
3154 5219 3166 5232 ·
3203 5202 3254 5255 οἱ
3291 5199 3385 5274 μὶν
3421 5199 3560 5272 μετά
3608 5195 3804 5258 ὕδατος

2153 5296 2288 5366 ἡμῖν
2321 5293 2764 5366 προῦπήντησαν,
2804 5291 2855 5344 οἱ
2885 5289 2944 5345 δὲ
2984 5289 3111 5352 τοὺς
3143 5287 3310 5350 πόδας
3353 5291 3510 5361 ἡμῶν
3566 5285 3807 5356 ἔνιπτον,

2154 5384 2204 5437 οἱ
2230 5380 2286 5437 δέ
2307 5381 2370 5438 τὰ
2397 5382 2589 5454 ἱμάτια
2619 5378 2870 5451 ἔπλυνον,
2895 5381 2947 5435 οἱ
2971 5377 3028 5435 δὲ
3058 5377 3147 5434 ἐπὶ
3171 5379 3376 5457 τροφήν
3409 5377 3761 5452 παρεκάλουν
3788 5394 3802 5406 ·

2155 5468 2320 5526 ἄλλοι
2346 5469 2403 5525 δὲ
2420 5469 2507 5526 ἐπὶ
2529 5471 2628 5538 τὴν
2652 5469 2859 5545 ἀρετῶν
2884 5469 3141 5542 μάθησιν,
3175 5467 3340 5522 ἄλλοι
3361 5463 3419 5521 δὶ
3441 5465 3530 5521 ἐπὶ
3551 5467 3652 5534 τήν
3680 5468 3808 5520 θεω-

2154 5561 2272 5633 ρίαν
2304 5560 2394 5614 καὶ
2423 5560 2521 5628 τὴν
2553 5563 2650 5614 τοῦ
2672 5563 2805 5615 Θεοῦ
2832 5563 3032 5632 γνῶσιν
3067 5577 3080 5590 ’
3105 5556 3192 5612 καὶ
3227 5555 3357 5631 ὅπερ
3387 5551 3615 5616 ἕκαστος
3633 5555 3808 5611 αὐτῶν

2155 5645 2415 5720 ἠδύνατο,
2461 5652 2622 5704 τοῦτο
2677 5645 2926 5704 ἔσπευδεν
2994 5649 3141 5720 ἡμᾶς
3208 5643 3463 5722 ὠφελεῖν.
3507 5644 3608 5697 Καὶ
3667 5645 3722 5699 τί
3753 5645 3806 5696 av

2157 5756 2237 5799 ςις
2279 5735 2423 5793 εἷ’ποι
2481 5739 2655 5800 πάσας
2714 5734 2892 5792 αὐτῶν
2947 5735 3044 5798 τὰς
3093 5735 3311 5810 ἀρετάς,
3365 5730 3534 5807 μηδὲν
3574 5730 3804 5806 ἐπαξίως

2157 5823 2336 5901 λέγειν
2395 5825 2690 5902 δυνάμενος
2723 5843 2740 5900 ;
2777 5827 3025 5901 Ἐρημον
3058 5822 3150 5881 οὖν
3179 5823 3390 5880 οἰκοῦσι
3437 5821 3530 5878 τὸν
3585 5821 3755 5878 τόπον
3789 5839 3801 5853 ·
