4078 6212
272 369 426 433 1173

1610 371 1978 434 HISTORIA
2021 372 2439 436 LAUSIACA.

3628 378 3780 439 1174

264 505 579 575 accepturi.
615 504 732 560 Hoc
771 508 969 560 autem
1001 520 1114 560 non
1149 504 1249 559 tibi
1301 505 1460 576 prius
1490 504 1793 576 declaravi,
1829 523 1900 562 ne
1923 507 1969 562 si
2001 510 2054 576 Α
2085 525 2208 564 cem
2269 511 2326 562 et
2379 505 2796 564 Philemonem.
2832 507 3163 564 Ducebatur
3211 525 3344 579 ergo
3396 527 3512 567 una
3533 526 3663 567 cum
3697 512 3782 567 eis

261 595 477 650 fuisses
506 593 712 662 elatus,
737 594 808 650 de
839 595 956 650 tuis
978 594 1377 650 detraheretur
1396 593 1636 650 meritis.
1664 596 1805 650 Cum
1828 611 1962 666 ergo

258 701 375 740 uno
393 685 508 740 solo
543 683 635 739 die
661 685 1165 754 supervixisset,et
1188 701 1287 755 per
1319 683 1722 740 revelationem
1739 685 1809 739 ad
1828 701 1961 740 eum

259 774 556 830 venissent
588 773 829 846 quidam
863 773 1202 844 presbyteri,
1234 774 1505 828 omnibus
1539 771 1661 828 illis
1694 775 1960 841 narratis,

255 863 494 918 tradidit
542 861 1052 934 animam.Aperte
1100 868 1294 918 autem
1344 863 1607 919 videntes
1641 863 1963 933 presbyteri

253 967 388 1006 eum
431 952 656 1008 assumi
679 953 737 1007 in
770 952 963 1008 choris
984 954 1280 1024 justorum
1305 961 1359 1008 et
1391 951 1960 1024 angelorum,Deum

253 1041 595 1098 laudabant.

881 1151 1114 1207 CAPUT
1148 1151 1331 1207 LXVI.

670 1243 805 1298 Vita
841 1243 1056 1299 abbatis
1085 1241 1362 1313 Apollonii
1391 1241 1560 1314 (110).

325 1335 452 1390 Fuit
485 1335 537 1389 in
582 1334 880 1390 Thebaide
909 1334 1148 1406 quidam
1182 1333 1520 1395 monachus,
1552 1333 1782 1390 nomine
1803 1333 1964 1405 Apol-

251 1423 445 1480 lonius
476 1425 665 1496 (Ra/7.,
701 1425 738 1478 Ι.
773 1441 832 1490 ιι,
857 1441 975 1495 cap.
1013 1425 1121 1494 19).
1157 1423 1210 1480 Is
1243 1420 1520 1494 plurimas
1552 1424 1807 1479 ostendit
1845 1424 1962 1478 vir-

250 1517 403 1568 tutes
433 1518 490 1568 et
532 1514 684 1569 facta
727 1513 979 1584 egregia,
1014 1513 1228 1584 dignus
1285 1529 1516 1584 quoque
1569 1513 1678 1567 fuit
1726 1513 1962 1568 habitus

248 1603 397 1659 dono
431 1605 706 1660 doctrinae
738 1621 918 1675 supra
951 1604 1162 1660 multos
1199 1605 1300 1676 qui
1333 1609 1468 1659 tunc
1513 1605 1666 1660 tuere
1698 1605 1961 1674 insignes

244 1691 580 1750 virtutibus.
605 1695 659 1750 Is
700 1694 758 1748 in
791 1699 1051 1766 tempore
1107 1693 1529 1764 persecutionis
1582 1694 1803 1748 addens
1835 1695 1960 1748 ani-

244 1800 407 1838 mum
439 1783 649 1840 Christi
681 1783 1140 1850 confessoribus,
1173 1782 1390 1838 multos
1430 1783 1620 1838 eil‘ecit
1651 1790 1954 1851 martyres.

2070 597 2425 667 Apollonius,
2457 606 2512 654 et
2559 599 2798 670 quidam
2851 599 2945 654 alii
2992 600 3370 656 confessores.
3406 602 3546 657 Cum
3580 617 3784 656 omnes

2070 690 2265 742 autem
2299 687 2403 741 iter
2435 688 2896 759 ingrederentur,
2927 704 3059 745 eum
3111 690 3322 745 invasit
3352 693 3555 762 gratia,
3590 697 3645 747 et
3676 709 3784 747 ca:-

2074 779 2157 850 pit
2182 781 2384 833 docere
2407 779 2656 834 mihites.
2683 781 2787 835 Ubi
2821 787 3014 836 autem
3053 781 3160 853 ipsi
3184 799 3416 854 quoque
3446 785 3781 854 compuncti

2071 867 2440 923 crediderunt
2460 868 2766 935 Servatori,
2790 873 2953 924 erant
2978 887 3178 926 omnes
3204 887 3316 925 uno
3350 873 3544 926 animo
3579 872 3780 927 vincti.

2073 960 2225 1023 Quos
2257 971 2458 1011 omnes
2490 972 2620 1010 cum
2644 958 2884 1013 vidisset
2933 960 3238 1028 praetectus
3261 979 3292 1014 a
3324 961 3436 1015 fide
3466 977 3580 1015 non
3615 977 3782 1031 posse

2074 1047 2557 1118 dimoveri,jussit
2593 1050 2790 1119 projici
2821 1051 2878 1103 in
2913 1051 3260 1118 protundum
3297 1054 3513 1108 maris:
3551 1054 3660 1108 hoc
3692 1070 3780 1108 διι-

2071 1142 2183 1193 tem
2219 1137 2429 1192 fuitcis
2469 1139 2704 1209 signum
2735 1139 3128 1208 baptismatis.
3161 1143 3305 1194 Cum
3340 1157 3437 1196 eos
3469 1148 3660 1198 autem
3685 1144 3780 1198 sui

2072 1226 2426 1282 invenissent
2483 1227 2757 1296 disjectas
2825 1228 2881 1280 in
2913 1227 3101 1282 littore
3157 1228 3440 1294 fecerunt,
3510 1232 3781 1286 omnibus

2072 1318 2249 1373 zedem
2302 1334 2500 1386 unam,
2535 1318 2634 1372 ubi
2692 1335 2848 1373 nunc
2906 1317 3099 1373 multae
3149 1319 3390 1374 virtutes
3425 1327 3781 1390 peraguntur

2071 1407 2260 1461 Tanta
2299 1412 2492 1462 autem
2525 1408 2630 1461 fuit
2662 1409 2760 1462 viri
2796 1409 2997 1474 gratia,
3021 1417 3080 1462 ut
3113 1407 3182 1462 de
3213 1409 3284 1462 iis
3303 1425 3428 1480 quae
3462 1414 3617 1465 esset
3649 1426 3782 1478 pre-

2070 1501 2260 1562 catus,
2293 1496 2485 1549 statim
2518 1496 2908 1555 exaudiretur,
2949 1512 3076 1550 eum
3107 1496 3190 1550 sic
3221 1497 3540 1552 honorante
3572 1499 3780 1552 Serva-

2069 1589 2210 1639 tore.
2272 1584 2451 1648 Quem
2503 1585 2678 1639 etiam
2731 1601 2833 1639 nos
2891 1585 2946 1638 in
3018 1585 3293 1656 martyrio
3352 1587 3498 1656 (112)
3543 1586 3778 1655 precati,

2067 1673 2318 1729 vidimus
2350 1690 2481 1729 cum
2507 1673 2577 1730 iis
2600 1674 2699 1745 qui
2731 1674 3003 1743 cumipso
3029 1676 3542 1743 fueruntmartyrio
3565 1675 3775 1741 effecti,

2069 1767 2124 1819 et
2155 1765 2330 1818 Deum
2364 1765 2695 1831 adorantes,
2745 1780 2943 1820 eorum
2986 1765 3358 1820 tebernacula
3388 1765 3539 1834 (113)
3563 1764 3779 1818 saluta-

244 1872 418 1928 Porro
444 1877 633 1929 autem
673 1873 800 1945 ipse
833 1888 1060 1944 quoque
1093 1872 1551 1944 comprehensus
1583 1872 1953 1927 custodieba-
1987 1878 2034 1942 Β
2066 1855 2258 1910 νίωυε
2291 1855 2351 1909 in
2375 1855 2687 1910 Thebaide-

244 1969 340 2016 tur
369 1963 425 2017 in
459 1977 726 2019 carcere:
763 1963 830 2018 ad
857 1979 1025 2034 quem
1069 1961 1398 2026 veniebant,
1432 1963 1530 2032 qui
1581 1978 1648 2016 ex
1679 1963 1952 2032 gentibus

243 2058 410 2108 erant
438 2054 766 2124 nequiores,
798 2058 855 2109 et
883 2069 1018 2109 cum
1049 2069 1114 2109 eo
1140 2053 1535 2123 disputabant,
1564 2052 1950 2108 incessebant-

244 2157 356 2211 que
387 2141 734 2210 maledictis,
768 2141 1190 2198 etirridebant.

860 2233 1094 2286 CAPUT
1137 2231 1322 2285 LXVI.

242 2319 314 2375 De
343 2319 660 2378 Philemone
697 2322 847 2392 (111)
879 2326 1223 2395 martyres!
1263 2322 1332 2376 iis
1361 2323 1456 2392 qui
1492 2337 1615 2378 cum
1653 2325 1772 2395 ipso
1801 2325 1955 2393 fuere

913 2393 1275 2464 martyribus.

311 2482 441 2536 Erat
473 2485 662 2537 autem
697 2482 934 2552 quidam
988 2499 1058 2537 ex
1102 2483 1245 2552 ipsis
1276 2482 1604 2550 choraules,
1638 2485 1721 2539 vir
1754 2485 1950 2554 nequi-

235 2570 337 2626 tiis
371 2571 649 2638 famosus,
685 2569 786 2641 qui
817 2572 1095 2626 accedens
1125 2587 1260 2626 eum
1311 2573 1620 2642 appetebat
1659 2578 1950 2628 contume-

235 2659 356 2728 liis,
391 2659 590 2715 dicens
620 2675 750 2714 eum
782 2659 1021 2730 impium
1054 2665 1112 2715 et
1161 2659 1563 2731 impostorem,
1596 2666 1653 2717 et
1685 2662 1946 2732 planum,

231 2753 291 2804 et
329 2749 431 2820 qui
487 2750 557 2803 ab
587 2749 858 2805 omnibus
890 2749 1218 2805 habebatur
1240 2753 1393 2819 odio,
1445 2757 1501 2806 et
1545 2753 1639 2822 qui
1703 2753 1950 2809 debebat

235 2839 378 2893 mori
411 2837 586 2894 citius
623 2838 816 2910 (Ruﬁl,
847 2839 884 2893 ι.
921 2856 982 2906 ιι,
1013 2855 1139 2909 cap.
1193 2840 1302 2911 19).
1334 2840 1477 2894 Cum
1548 2841 1689 2896 dicit
1721 2843 1949 2914 Apollo-

235 2928 367 2984 nius
401 2947 412 2981 :
450 2929 822 2985 Miserebitur
854 2929 938 2985 tui
1001 2933 1300 2998 Dominus,
1333 2948 1364 2986 ο
1411 2931 1607 2998 homo,
1643 2938 1698 2987 et
1745 2949 1946 2990 eorum

235 3034 362 3088 quia
394 3016 546 3073 dicta
565 3023 706 3072 sunt
729 3017 875 3072 nihil
906 3018 1010 3073 tibi
1043 3024 1344 3089 reputatur
1373 3020 1445 3074 ad
1478 3027 1796 3088 peccatum.
1824 3023 1949 3078 llam

235 3113 430 3164 autem
461 3124 592 3163 eum
625 3108 911 3165 audiisset
938 3109 1032 3165 ille
1079 3110 1404 3174 choraules,
1442 3111 1741 3167 Philemon
1767 3113 1952 3167 nomi-

236 3212 329 3264 ne,
363 3197 731 3252 mordebatur
779 3197 1000 3266 animo,
1050 3215 1084 3252 a
1128 3198 1318 3254 verbis
1370 3199 1497 3269 eius
1540 3205 1946 3272 compunctus.

239 3287 448 3342 Statim
480 3291 673 3342 autem
707 3288 775 3343 ad
813 3287 1072 3342 tribunal
1096 3288 1411 3358 profectus,
1444 3306 1640 3346 coram
1668 3292 1868 3360 judice
1886 3308 1948 3346 se

237 3375 412 3441 sistit,
447 3381 504 3429 et
560 3376 1026 3448 eidicit,populo
1077 3382 1404 3447 praesente:
1451 3382 1670 3448 Injuste
1728 3381 1944 3448 facis,o

229 3465 431 3536 judex.
473 3467 570 3536 qui
624 3467 774 3522 viros
848 3467 973 3539 pios
1021 3474 1078 3524 et
1126 3468 1272 3523 nulli
1334 3470 1518 3540 culpa:
1575 3471 1779 3526 afﬁnes
1837 3470 1944 3543 pu-

232 3555 363 3619 nis;
400 3553 546 3608 nihil
577 3553 733 3609 enim
781 3556 916 3610 mali
959 3557 1181 3613 faciunt
1225 3573 1328 3612 nec
1371 3559 1576 3614 dicunt
1605 3559 1941 3614 Christiani.

232 3643 332 3699 Ille
355 3647 548 3698 autem
581 3659 714 3698 cum
738 3643 863 3715 ipse
893 3645 1013 3700 haec
1044 3646 1281 3712 diceret,
1309 3648 1364 3703 in
1395 3647 1678 3719 principio
1703 3649 1943 3720 quidem

228 3732 596 3800 existimabat
625 3733 930 3805 sumloqui
953 3734 1170 3790 ironice
1199 3741 1258 3790 et
1289 3735 1606 3800 ludiﬁcari;
1633 3743 1943 3807 postquam

224 3824 414 3875 autem
450 3836 581 3876 eum
613 3820 757 3876 vidit
787 3822 1134 3893 persistere:
1171 3824 1648 3893 Insanis,inquit,
1683 3840 1714 3878 ο
1746 3823 1940 3896 homo,

227 3913 286 3965 et
316 3926 484 3965 mens
505 3911 609 3965 tibi
644 3917 882 3983 repente
913 3916 1002 3967 est
1032 3917 1248 3981 emota,
1285 3912 1387 3967 [lle
1446 3918 1633 3967 autem
1660 3931 1671 3967 :
1698 3915 1822 3968 Non
1858 3916 1944 3970 in-

226 3999 414 4064 sanio,
449 4001 660 4070 inquit,
696 4002 922 4072 ojudex
971 4001 1386 4070 injustissime,
1420 4018 1549 4056 sum
1593 4003 1749 4056 enim
1784 4003 1945 4059 Chri-

230 4087 476 4142 stianus.
504 4088 557 4143 Is
581 4093 776 4144 autem
809 4089 1009 4144 multis
1039 4088 1348 4145 blanditiis
1383 4107 1498 4145 una
1528 4107 1656 4146 cum
1693 4091 1862 4146 turba
1890 4097 1940 4149 ei

227 4177 552 4233 conabatur
584 4179 928 4249 persuadere
953 4197 968 4245 ;
993 4183 1304 4250 postquam
1330 4184 1528 4234 autem
1550 4181 1694 4235 vidit
1726 4181 1940 4235 immo-

230 4265 428 4334 bilem,
447 4272 504 4321 et
531 4284 703 4323 omne
731 4284 917 4338 genus
936 4274 1224 4324 tormenta
1243 4269 1530 4325 adhibuit.
1565 4269 1710 4324 Cum
1741 4275 1938 4325 autem

230 4357 936 4428 rapuissetApollonium,
976 4362 1033 4413 et
1082 4359 1275 4414 multis
1305 4376 1434 4415 eum
1476 4360 1786 4415 afﬁecisset
1807 4377 1936 4416 con-

226 4444 506 4515 tumeliis,
538 4446 732 4518 ipsum
766 4449 1076 4519 torquebat
1104 4453 1382 4521 tanquam
1420 4450 1680 4520 planum.
1704 4450 1940 4521 Apollo-

229 4533 362 4586 nius
394 4540 587 4591 autem
615 4537 666 4592 ei
697 4537 844 4593 dixit
876 4556 888 4594 :
915 4539 1203 4610 Optarem,
1237 4557 1267 4594 ο
1291 4541 1493 4610 judex,
1526 4545 1590 4595 ut
1611 4544 1671 4595 tu
1722 4547 1780 4596 et
1811 4558 1938 4597 om-

230 4639 356 4691 nes,
393 4631 698 4694 praesentes
727 4627 882 4683 hunc
915 4646 1109 4685 meum
1151 4645 1402 4686 errorem
1438 4632 1843 4701 sequeremini.
1879 4637 1933 4688 Is
1969 4615 2012 4678 Ῑ)

227 4719 420 4769 autem
449 4732 515 4770 eo
546 4715 667 4772 haec
701 4717 948 4785 dicente,
974 4719 1158 4789 jussit
1206 4719 1406 4774 ambos
1457 4719 1577 4788 igni
1621 4721 1935 4786 tradi,toto

226 4803 570 4874 inspiciente
585 4809 819 4879 populo.
840 4809 983 4864 Cum
1009 4816 1201 4864 autem
1231 4811 1288 4863 in
1317 4812 1552 4864 ﬂamma
1575 4814 1770 4864 essent
1794 4827 1937 4880 prai-

223 4899 387 4948 sente
411 4894 634 4963 judice,
666 4914 864 4954 vocem
907 4899 976 4952 ad
1039 4900 1217 4953 Deum
1260 4899 1477 4954 emittit
1519 4900 1725 4955 beatus
1761 4899 1934 4971 Apol-

222 4981 436 5053 lonius,
469 4989 589 5041 toto
648 4987 861 5057 populo
919 4988 1190 5044 audiente
1247 4993 1298 5043 et
1327 4988 1558 5057 judice:
1596 4989 1674 5043 Ne
1715 4991 1929 5044 tradas.

222 5071 489 5141 Domine,
515 5075 719 5131 bestiis
749 5077 1003 5133 animam
1028 5078 1398 5134 conﬁtentem
1423 5077 1661 5145 tibi,sed
1681 5077 1933 5149 tcipsum

227 5160 395 5216 nobis
425 5167 621 5232 aperte
651 5167 890 5222 ostende
918 5165 1095 5235 (Psal.
1141 5169 1354 5238 Lxxm).
1388 5165 1583 5223 Nubes
1605 5173 1802 5222 autem
1839 5184 1934 5221 ro-

226 5250 389 5305 scida
419 5253 684 5309 etlucida
713 5256 1047 5324 adveniens,
1081 5257 1231 5312 viros
1264 5257 1422 5325 texit,
1457 5257 1588 5326 igne
1626 5257 1931 5312 exstincto.

228 5337 537 5398 Admirati»
566 5350 761 5401 autem
810 5347 991 5401 turbae
1035 5351 1092 5400 et
1140 5347 1262 5417 ipse
1305 5347 1508 5414 judex,
1551 5345 1930 5400 clamabant:

227 5430 390 5488 Unus
420 5438 509 5488 est
539 5433 694 5490 Deus
734 5436 1198 5492 Christianorum
1227 5455 1239 5503 ;
1276 5435 1574 5490 maleticus
1619 5426 1750 5489 vero
1775 5437 1932 5506 quis-

223 5520 380 5592 piam
416 5522 535 5579 haec
583 5526 876 5580 renuntiat
929 5525 1192 5597 praefecto
1243 5523 1622 5580 Alexandriae.
1659 5524 1928 5588 Quicum

222 5611 488 5668 crudeles
519 5616 800 5685 quosdam
859 5621 914 5672 et
950 5618 1236 5670 immanes
1281 5614 1550 5685 elegisset
1582 5618 1930 5683 protectores

221 5705 282 5757 et
310 5704 692 5776 apparitores,
714 5723 814 5764 eos
855 5707 1016 5762 misit
1046 5710 1110 5761 ut
1138 5706 1362 5762 vinctos
1393 5703 1747 5760 adducerent
1767 5705 1929 5774 judi-

2665 1945 2893 2001 CAPU'I‘
2926 1945 3168 2002 LXVIII.

2320 2035 2433 2090 Vita
2453 2036 2667 2090 abbatis
2701 2036 3014 2105 DioscuriU
3035 2037 3138 2102 14).
3170 2036 3503 2106 presbyteri.

2130 2123 2394 2180 Vidimus
2415 2130 2608 2180 autem
2641 2124 2817 2179 alium
2851 2139 3079 2195 quoque
3109 2125 3507 2196 presbyterum
3540 2124 3596 2177 in
3620 2121 3774 2177 The-

2058 2213 2245 2280 baide,
2289 2214 2525 2270 nomine
2558 2215 2920 2282 Dioscurum,
2947 2213 3172 2269 Patrem
3195 2217 3424 2269 centum
3456 2213 3774 2267 monacho-

2061 2319 2188 2358 rum
2219 2303 2407 2374 (Ru/f.,
2442 2303 2478 2357 ι.
2514 2321 2574 2370 n,
2605 2320 2724 2374 cap.
2744 2305 2857 2373 20).
2901 2303 3006 2367 Qui
3068 2320 3199 2357 cum
3261 2304 3331 2357 ad
3391 2303 3488 2358 Dei
3519 2302 3765 2374 gratiam

2059 2398 2256 2447 essent
2285 2393 2596 2462 accessuri,
2621 2393 2850 2448 dicebat
2905 2393 2988 2448 eis
3024 2409 3036 2446 :
3082 2393 3280 2447 Videte
3320 2409 3390 2447 ne
3421 2392 3520 2462 qui
3598 2394 3769 2448 noctu

2060 2481 2424 2552 phantasiam
2459 2481 2663 2536 habuit
2690 2481 2940 2537 mulieris
2972 2483 3186 2536 audeat
3248 2481 3517 2536 accedere
3547 2481 3614 2533 ad
3643 2496 3777 2534 san-

2059 2575 2152 2627 cta
2189 2573 2576 2627 Sacramenta.
2610 2572 2691 2626 Ne
2722 2573 2855 2642 quis
2903 2588 2970 2626 ex
3022 2571 3176 2626 vobis
3205 2571 3343 2625 visis
3367 2575 3422 2624 et
3454 2569 3768 2641 pbautasiis

2060 2661 2264 2732 pulsus
2295 2661 2686 2716 somniaverit.
2720 2661 2862 2715 Nam
2889 2662 2988 2731 qui
3021 2662 3240 2730 absque
3266 2659 3589 2731 phantasiis
3623 2661 3767 2712 tiunt

2059 2749 2250 2804 ﬂuxus
2283 2750 2544 2816 seminis,
2571 2767 2702 2805 casu
2739 2751 2923 2816 ﬁunt;
2960 2766 3064 2806 nec
3104 2768 3171 2806 ex
3202 2751 3671 2820 uniuscujusque
3703 2749 3769 2804 li-

2059 2839 2197 2894 bero
2239 2841 2416 2895 animi
2477 2840 2713 2896 arbitrio
2763 2840 2988 2904 insunt,
3023 2843 3119 2895 sed
3173 2842 3390 2910 absque
3420 2839 3715 2895 voluntate
3749 2858 3764 2907 ;

2057 2929 2378 2997 procedunt
2397 2929 2551 2982 enim
2583 2945 2652 2983 ex
2683 2937 2908 2998 natura,
2943 2935 2996 2982 et
3027 2946 3094 2984 ex
3140 2930 3491 2984 redundanti
3525 2929 3768 2983 materia

2057 3022 2468 3083 excernuntur,
2493 3017 2762 3087 quocrica
2795 3033 2897 3072 nec
2928 3027 3062 3072 sunt
3089 3024 3319 3086 peccato
3364 3019 3661 3083 obonoxii;
3687 3017 3766 3070 vi-

2057 3123 2122 3161 sa
2154 3113 2345 3162 autem
2371 3123 2436 3161 ac
2467 3107 2786 3177 phantasia
2821 3107 3136 3175 procedunt
3168 3124 3234 3162 ex
3268 3107 3444 3162 libera
3477 3111 3533 3162 et
3562 3107 3768 3176 geniti-

2056 3195 2368 3256 voluntate,
2401 3198 2617 3251 etsunt
2647 3199 3058 3266 argumentum
3118 3196 3253 3249 mali
3305 3195 3505 3250 animi.
3531 3196 3768 3266 Oportet

2055 3293 2272 3352 autem,
2298 3285 2502 3357 inquit,
2537 3285 2888 3340 monachum
2921 3285 3215 3340 transilire
3245 3285 3418 3340 etiam
3452 3285 3632 3356 legem
3662 3303 3765 3340 na-

2055 3381 2197 3432 tura:
2232 3394 2244 3444 ;
2289 3394 2498 3448 corpus
2529 3382 2723 3432 autem
2749 3376 2992 3448 liquare,
3025 3392 3130 3432 nec
3164 3377 3410 3433 inveniri
3442 3377 3498 3431 in
3533 3375 3649 3431 ullo
3685 3377 3766 3431 in-

2055 3467 2433 3538 quinamento
2473 3467 2682 3533 carnis,
2743 3467 2845 3521 sed
2895 3481 3126 3522 carnem
3171 3481 3484 3532 macerare,
3539 3474 3589 3520 et
3652 3482 3763 3520 non

2054 3557 2367 3612 concedere
2390 3560 2452 3610 ut
2483 3555 2540 3610 in
2571 3557 2698 3628 ipsa
2717 3557 2998 3612 redundet
3021 3555 3280 3610 materia.
3306 3555 3605 3610 Conamini
3634 3572 3765 3626 ergo

2053 3628 2214 3701 illam
2247 3646 2553 3700 exhaurire
2576 3645 2975 3716 frequentibus
3006 3655 3057 3701 et
3091 3645 3327 3716 prolixis
3360 3645 3639 3716 jejuniis;
3675 3643 3763 3699 sin

2055 3736 2252 3790 minus
2290 3740 2502 3798 autem,
2529 3751 2633 3790 nos
2675 3736 2745 3789 ad
2795 3735 3179 3805 appetitiones
3210 3739 3266 3789 et
3304 3735 3593 3790 desideria
3627 3735 3766 3789 inci—

2053 3830 2200 3882 tant.
2235 3825 2358 3880 Non
2390 3829 2613 3895 oportet
2634 3831 2824 3879 autem
2867 3825 3215 3879 monachum
3276 3824 3559 3894 attingere
3593 3841 3764 3892 appe-

2050 3915 2281 3970 titiones
2337 3913 2538 3968 animi.
2576 3915 2638 3968 In
2671 3929 2782 3982 quo
2835 3913 2990 3967 enim
3052 3911 3276 3966 ditferct
3331 3930 3362 3964 a
3423 3913 3756 3976 mundanis,

2052 4021 2199 4076 quos
2231 4019 2383 4075 saepe
2416 4003 2682 4057 videmus
2713 4001 3005 4056 abstinere
3034 4018 3067 4055 a
3097 3999 3496 4070 voluptatibus
3530 4003 3763 4068 propter

2051 4094 2362 4149 sanitatem
2389 4093 2667 4162 corporis,
2692 4099 2788 4146 aut
2838 4094 3068 4160 propter
3116 4088 3341 4158 aliquas
3377 4087 3520 4141 alias
3553 4103 3762 4142 causas

2050 4199 2083 4238 a
2115 4182 2339 4238 ratione
2372 4182 2612 4236 minime
2635 4180 2902 4235 alienas?
2926 4184 3143 4248 quanto
3189 4183 3387 4231 autem
3435 4175 3640 4244 magis,
3675 4175 3763 4230 in-

2050 4274 2198 4345 quit,
2233 4271 2518 4328 monacho
2541 4271 2793 4327 curanda
2817 4273 2902 4324 est
2921 4267 3372 4339 animesanitas
3401 4272 3456 4322 et
3479 4265 3762 4337 spiritus?

2696 4357 2927 4413 CAPUT
2969 4357 3157 4412 LXIX.

2500 4452 2794 4507 Nitrienses
2823 4448 2967 4519 (115)
3003 4445 3366 4502 Anachoretae.

2119 4541 2464 4598 Devenimus
2526 4560 2761 4614 quoque
2819 4544 2887 4598 ad
2942 4536 3405 4604 Nitrienses,ubi
3457 4536 3669 4592 multos
3702 4539 3764 4590 et

2047 4647 2284 4698 magnos
2307 4632 2562 4687 vidimus
2586 4633 2967 4688 anachoretas
2994 4651 3006 4699 ;
3035 4631 3244 4702 partim
3276 4629 3515 4697 quidem
3540 4625 3763 4695 indige-

2049 4740 2176 4788 nas,
2212 4724 2415 4790 partim
2449 4741 2576 4778 vero
2610 4725 2779 4779 etiam
2812 4723 3094 4792 hospites,
3139 4719 3237 4790 qui
3297 4735 3356 4771 se
3390 4718 3638 4772 invicem
3665 4733 3762 4770 sn-

2047 4814 2323 4883 perabant
2356 4814 2502 4868 virtu
2538 4814 2690 4876 ibus,
2733 4818 2788 4866 et
2820 4827 3027 4879 magno
3060 4809 3247 4863 studio
3298 4821 3358 4859 se
3389 4805 3758 4869 exercebant,

2045 4909 2102 4959 et
2132 4903 2187 4957 in
2212 4903 2328 4958 vita
2359 4921 2421 4958 se
2464 4903 2713 4957 invicem
2763 4899 3200 4956 contendebant
3258 4895 3748 4966 superare(Ru/}.,

2046 4994 2080 5048 ι.
2117 5011 2179 5048 ιι.
2219 5012 2340 5064 cap.
2364 4994 2475 5062 21).
2511 4992 2578 5045 Et
2609 4990 2705 5044 alii
2739 4991 2974 5061 quidem
2999 5004 3066 5044 ex
3101 4987 3243 5058 ipsis
3277 4986 3658 5041 versabantur
3692 4984 3748 5036 in

2045 5081 2551 5152 contemplatione,
2585 5079 2678 5133 alii
2731 5096 2863 5133 vero
2914 5079 2971 5133 in
3031 5077 3275 5132 actione.
3300 5077 3439 5132 Cum
3475 5073 3757 5129 vidissent

2044 5176 2235 5225 autem
2277 5169 2454 5238 aliqui
2504 5184 2571 5222 ex
2615 5168 2760 5239 ipsis
2809 5185 2912 5222 nos
2964 5165 3161 5238 procul
3221 5168 3536 5229 venientes,
3573 5161 3752 5230 aliqui

2043 5260 2276 5331 quidem
2308 5258 2476 5314 nobis
2504 5273 2638 5312 cum
2671 5274 2821 5329 aqua
2867 5260 3280 5322 occurrerunt;
3311 5260 3367 5309 et
3387 5252 3484 5308 alii
3518 5249 3752 5321 quidem

2044 5352 2218 5420 pedes
2251 5356 2477 5404 nostros
2497 5347 2783 5413 Iavabant,
2817 5348 2912 5402 alii
2945 5364 3077 5403 vero
3125 5351 3312 5401 vestes
3363 5342 3746 5405 mundabant,

2040 5439 2135 5493 alii
2171 5456 2301 5494 vero
2335 5439 2405 5494 ad
2436 5441 2629 5495 cibum
2665 5439 3004 5504 invitabant,
3030 5437 3129 5492 alii
3159 5441 3347 5490 autem
3379 5434 3449 5489 ad
3481 5437 3735 5490 contem-

2040 5529 2358 5599 plationem
2391 5534 2447 5584 et
2480 5530 2576 5584 Dei
2617 5528 3032 5599 cognitionem,
3067 5530 3122 5581 et
3142 5525 3294 5596 quod
3338 5522 3747 5594 unusquisque

2039 5619 2198 5674 exiis
2233 5624 2471 5687 poterat,
2505 5619 2561 5673 in
2597 5634 2662 5673 eo
2695 5617 2967 5673 studebat
3003 5633 3106 5673 nos
3141 5617 3362 5684 juvare.
3400 5613 3466 5668 Et
3495 5612 3634 5683 quid
3669 5611 3751 5665 di-

2038 5709 2187 5766 xerit
2209 5707 2501 5780 quispiam
2525 5725 2728 5766 omnes
2774 5724 2975 5763 eorum
2998 5707 3258 5774 virtutes,
3291 5722 3424 5762 cum
3458 5703 3603 5760 nihil
3621 5715 3751 5772 pos-
