4112 6210
286 343 442 405 1175

1868 339 1963 400 PA
1976 339 2235 401 LLADII

3675 331 3843 391 1116

285 477 364 534 sit
394 476 586 532 dicere
615 490 717 546 pro
750 474 1030 546 dignitate
1050 474 1077 529 ‘t
1106 474 1383 531 Habitant
1428 474 1621 546 itaque
1672 474 1863 531 locum
1896 473 1997 529 de-
2026 478 2085 542 Α
2115 472 2345 542 quando
2373 470 2841 541 uniuscujusque
2856 468 3105 524 venisset
3137 464 3464 531 translatio,
3484 464 3542 519 id
3562 463 3846 520 omnibus

290 570 539 632 sertum,
573 570 630 620 et
662 565 881 620 habent
910 564 1086 620 cellas
1134 580 1345 636 magno
1406 565 1558 621 inter
1603 580 1665 619 se
1708 563 2010 619 intervallo

294 656 639 727 disjunctas,
674 659 738 710 ut
770 654 970 710 nullus
1002 654 1187 725 possit
1217 654 1413 725 procul
1438 654 1673 726 agnosci
1707 654 1778 709 ab
1812 653 2010 716 altero,

290 763 481 817 neque
541 746 653 801 cito
710 745 911 809 videri,
946 761 1050 799 nec
1097 761 1200 800 vox
1248 744 1434 800 audiri
1472 763 1484 813 ;
1520 744 1615 800 sed
1672 744 1888 815 degunt
1950 744 2011 799 in

294 837 482 891 multa
514 836 725 906 quiete,
762 834 1171 906 unusquisque
1232 851 1333 906 per
1380 849 1441 890 se
1478 833 1761 889 inclusus.
1813 832 2009 888 Solum

294 932 484 980 autem
504 926 757 981 Sabbato
778 929 832 979 et
862 924 1167 980 Dominico
1203 932 1631 996 congregantur
1648 925 1706 979 in
1725 922 2009 989 ecclesiis,

293 1020 346 1070 et
386 1032 447 1070 se
504 1014 752 1069 invicem
811 1014 1127 1084 excipiunt.
1162 1014 1329 1069 Multi
1361 1018 1555 1068 autem
1621 1030 1689 1068 ex
1741 1013 1811 1067 iis
1860 1028 2014 1083 saepe

293 1105 458 1159 etiam
493 1113 744 1174 quatuor
774 1103 899 1158 dies
931 1103 1311 1160 inveniuntur
1356 1104 1413 1157 in
1446 1103 1631 1171 cellis,
1665 1120 1730 1158 eo
1764 1103 1917 1173 quod
1950 1117 2012 1157 se

294 1195 539 1249 invicem
576 1211 690 1249 non
713 1194 963 1259 videant,
1000 1198 1384 1264 praeterquam
1428 1194 1487 1248 in
1520 1194 1780 1249 collecta.
1819 1194 1885 1247 Et
1914 1191 2013 1247 alii

297 1283 530 1353 quidem
589 1297 657 1335 ex
709 1280 800 1336 his
856 1281 1164 1336 veniebant
1229 1283 1298 1336 ad
1332 1282 1632 1337 collectam
1683 1281 1909 1337 atertio
1958 1286 2015 1335 et

296 1374 506 1444 quarto
537 1370 751 1441 lapide,
785 1374 903 1426 tam
939 1370 1110 1442 longe
1150 1375 1286 1425 sunt
1336 1371 1539 1426 remoti
1581 1388 1613 1425 a
1644 1387 1705 1425 se
1745 1370 2011 1425 invicem.

306 1462 555 1516 Tantam
591 1463 781 1515 autem
816 1460 1035 1515 habent
1058 1461 1208 1515 inter
1234 1477 1292 1515 se
1309 1460 1675 1527 charitatem,
1708 1460 1881 1515 etiam
1915 1477 2014 1514 su-

297 1566 398 1619 pra
446 1548 734 1619 reliquam
797 1549 1228 1617 fraternitatem,
1290 1554 1353 1604 ut
1436 1549 1639 1604 multis
1715 1548 1815 1620 qui
1883 1564 2014 1602 cum

296 1637 439 1707 ipsis
472 1635 613 1690 salvi
643 1652 772 1691 esse
802 1636 1111 1706 voluerint,
1147 1638 1549 1709 unusquisque
1580 1638 1813 1693 studeat
1842 1652 2011 1692 suam

299 1726 505 1783 cellam
540 1726 621 1780 eis
656 1726 790 1781 dare
830 1727 898 1782 ad
932 1744 993 1782 se
1025 1727 1425 1783 reficiendum.

936 1816 1170 1871 CAPUT
1216 1818 1378 1872 LXX.

372 1908 447 1960 De
475 1906 677 1961 Abbate
698 1906 981 1962 Ammonio
1002 1906 1151 1977 (116)
1176 1912 1227 1961 et
1248 1906 1315 1961 iis
1336 1908 1433 1978 qui
1461 1913 1621 1961 erant
1649 1923 1773 1961 cum
1806 1908 1940 1977 ipso.

373 1995 641 2049 Vidimus
694 2000 884 2050 autem
956 1997 1182 2051 Patrem
1233 2012 1466 2067 quoque
1514 2012 1711 2052 eorum
1762 1995 1863 2066 qui
1896 1993 2015 2049 illic

306 2089 495 2153 erant,
530 2086 767 2141 nomine
787 2086 1519 2153 Ammonium,habentem
1551 2086 1794 2142 eximias
1818 2085 2013 2151 cellas,

307 2184 361 2232 et
391 2174 620 2243 atrium,
652 2182 706 2231 et
732 2179 996 2245 puteum,
1032 2180 1087 2232 et
1117 2176 1341 2247 reliqua
1375 2177 1720 2232 necessaria.
1745 2176 1887 2231 Cum
1921 2192 2020 2230 au-

310 2271 429 2322 tem
463 2266 536 2322 ad
561 2282 692 2323 eum
724 2267 975 2323 venisset
997 2268 1234 2338 quidam
1266 2268 1441 2323 frater
1462 2267 1562 2338 qui
1585 2266 1810 2323 volebat
1830 2266 2019 2322 salvus

312 2358 456 2426 fieri,
481 2361 537 2412 et
566 2357 852 2412 eidicoret
883 2364 943 2411 ut
963 2356 1073 2426 ipsi
1107 2358 1389 2413 inveniret
1413 2356 1618 2414 cellam
1649 2358 1721 2412 ad
1752 2356 2024 2412 habitan-

308 2446 453 2501 dum
512 2446 667 2502 illico
725 2462 1011 2517 egressus,
1046 2447 1314 2517 praecepit
1360 2448 1412 2501 ei
1453 2463 1524 2503 ne
1564 2448 1937 2517 egrederetur
1965 2448 2021 2500 et

309 2536 490 2606 cellis,
526 2536 709 2591 donec
740 2534 850 2605 ipsi
884 2535 1203 2590 invenisset
1249 2540 1448 2605 aptum
1498 2534 1935 2601 habitaculum;
1964 2536 2023 2588 et

307 2642 442 2680 cum
486 2625 597 2694 ipsi
630 2624 962 2693 reliquisset
984 2624 1177 2677 omnia
1235 2640 1360 2691 quae
1420 2622 1693 2691 habebat,
1718 2638 1847 2676 cum
1879 2619 2023 2692 ipsis

307 2712 488 2778 cellis,
522 2711 780 2780 seipsum
814 2711 1052 2765 inclusit
1098 2712 1155 2764 in
1222 2726 1447 2780 pravam
1504 2711 1731 2765 cellam.
1783 2710 1945 2775 Quod
1975 2709 2024 2764 si

310 2803 503 2874 plures
529 2804 695 2855 erant
752 2800 853 2872 qui
913 2800 1343 2856 conveniebant
1400 2800 1655 2856 volentes
1696 2800 1839 2856 salvi
1876 2798 2023 2865 fieri,

311 2892 701 2964 congregabat
730 2890 1059 2945 universam
1113 2891 1549 2961 fraternitatem,
1580 2896 1637 2946 et
1664 2890 1760 2946 illo
1791 2890 2025 2960 quidem

311 2984 581 3039 tradente
638 2980 867 3050 lateres,
925 2980 1035 3036 hoc
1092 2997 1224 3037 vero
1275 2997 1516 3051 aquam,
1576 2981 2029 3052 perficiebantur

315 3072 470 3128 cellae
502 3071 564 3127 in
599 3088 716 3127 uno
750 3071 862 3127 die.
896 3072 1006 3127 Eos
1036 3079 1228 3127 autem
1273 3072 1373 3143 qui
1422 3076 1586 3127 erant
1624 3069 1938 3126 habitaturi
1970 3068 2030 3124 in

319 3162 569 3230 cellis,in
584 3162 885 3218 ecclesiam
900 3164 1183 3218 vocabant
1195 3164 1266 3217 ad
1281 3162 1563 3229 convivia;
1578 3162 1717 3217 dum
1733 3177 1845 3232 que
1863 3159 1944 3215 illi
1970 3175 2033 3214 se

322 3257 587 3310 recreant
616 3258 673 3309 et
702 3252 1049 3322 exhilarant,
1094 3253 1503 3323 unusquisque
1543 3269 1675 3307 cum
1700 3268 1731 3307 e
1756 3268 1861 3307 sua
1891 3252 2036 3307 cella

322 3346 553 3401 ovillam
587 3360 753 3400 suam
789 3344 995 3413 pellem
1028 3349 1128 3398 aut
1174 3349 1427 3414 sportam
1479 3359 1625 3413 pane
1672 3342 1759 3398 vel
1817 3342 2037 3397 czeteris

319 3435 624 3505 implesset
654 3433 1020 3499 necessariis,
1056 3432 1385 3487 deferebant
1423 3433 1490 3485 ad
1536 3449 1716 3488 novas
1752 3431 1943 3497 cellas,
1973 3435 2039 3485 ut

321 3524 466 3578 nulli
502 3528 636 3578 nota
664 3522 1299 3592 essetuniuscujusque
1330 3520 1563 3577 oblatio.
1598 3521 1782 3576 Noctu
1839 3525 2035 3575 autem

322 3613 619 3667 venientes
641 3611 957 3666 habitaturi
987 3628 1125 3665 suae
1156 3610 1354 3679 cellas,
1389 3615 1624 3682 repente
1662 3610 2039 3666 inveniebant

319 3702 516 3755 omnia
548 3700 893 3756 necessaria.
926 3700 1091 3755 Multi
1127 3704 1322 3757 autem
1338 3717 1404 3756 ex
1445 3702 1587 3772 ipsis
1612 3717 1799 3773 neque
1838 3716 2038 3772 panem

317 3790 696 3847 comedebant
729 3806 834 3846 nec
866 3790 1112 3858 fructus,
1145 3792 1244 3847 sed
1289 3791 1477 3847 solum
1511 3792 1716 3863 intyba
1763 3792 2039 3862 agrestia.

319 3881 563 3947 Quidam
596 3884 787 3936 autem
821 3896 890 3937 ex
920 3880 1065 3952 ipsis
1096 3885 1217 3937 tota
1247 3885 1415 3937 nocte
1457 3898 1572 3937 non
1631 3881 2037 3945 dormiebant;

323 3972 423 4026 sed
457 3971 724 4028 sedentes
755 3970 843 4029 vel
867 3976 1091 4029 stantes
1133 3988 1319 4044 usque
1364 3972 1434 4027 ad
1481 3988 1670 4039 mane,
1704 3986 2038 4043 persevera-

322 4061 464 4116 bant
491 4062 550 4116 in
584 4062 860 4118 oratione.

942 4152 1178 4208 CAPUT
1218 4150 1418 4205 LXXI.

334 4240 466 4295 Vita
488 4242 707 4295 abbatis
736 4240 937 4294 Isidori
964 4241 1112 4310 (117)
1137 4247 1189 4294 et
1218 4256 1407 4295 eorum
1444 4240 1540 4310 qui
1567 4246 1724 4293 erant
1752 4254 1876 4291 cum
1904 4240 2039 4307 ipso.

402 4328 664 4382 Vidimus
678 4328 946 4383 autemin
966 4328 1259 4383 Thebaide
1281 4327 1697 4383 monasterium
1734 4326 2041 4396 cujusdam

334 4417 529 4488 magni
562 4417 792 4484 Isidori,
824 4418 978 4486 quod
1039 4418 1197 4471 intus
1247 4416 1495 4471 habebat
1534 4415 1691 4470 mille
1726 4415 2041 4471 monachos

328 4509 521 4578 (Ra/7.,
567 4508 602 4559 ι.
640 4524 700 4573 ιι,
731 4523 850 4578 cap.
880 4508 989 4577 17).
1027 4506 1285 4561 Habebat
1316 4511 1507 4561 autem
1549 4507 1709 4561 intus
1750 4512 1956 4578 puteos
1988 4510 2044 4562 et

330 4599 544 4667 hortos,
563 4601 997 4668 ctquaacunque
1019 4600 1240 4653 suntad
1263 4614 1436 4653 usum
1450 4598 2041 4664 necessaria,nemiue
2072 4589 2118 4653 D

324 4689 657 4761 egrediente
689 4691 848 4745 extra
909 4687 1327 4745 monasterium
1363 4705 1375 4743 :
1409 4689 1507 4744 sed
1559 4692 1683 4744 erat
1739 4688 2041 4759 presbyter

314 4780 554 4852 janitor,
589 4782 684 4852 qui
718 4778 940 4836 nullum
973 4780 1341 4852 permittebat
1382 4779 1599 4851 egredi,
1624 4794 1813 4849 neque
1860 4778 2037 4833 alium

323 4871 568 4943 ingredi,
603 4874 986 4941 prmterquam
1020 4870 1067 4924 si
1100 4870 1232 4940 quis
1262 4869 1432 4925 vellet
1460 4884 1642 4939 usque
1685 4869 1751 4922 ad
1792 4872 2037 4922 mortem

325 4961 445 5017 illic
495 4978 833 5034 permanere
882 4978 1169 5032 nusquam
1212 4960 1610 5033 progrediens.
1645 4960 1813 5015 Porro
1846 4966 2039 5013 autem

332 5069 426 5108 eos
457 5051 557 5124 qui
589 5051 1382 5123 portamingrediebanturin
1406 5067 1577 5122 parvo
1608 5047 1919 5104 labitaculo
1951 5064 2042 5104 ex-

330 5142 582 5215 cipiebat
612 5141 861 5213 hospitio
888 5156 901 5209 ;
934 5144 989 5196 et
1018 5157 1149 5196 cum
1184 5157 1353 5198 mane
1378 5139 1637 5196 dedisset
1667 5138 1947 5209 eulogias,
1981 5138 2040 5192 in

328 5252 468 5305 pace
498 5235 840 5293 deducebat.
870 5234 990 5291 Duo
1010 5237 1202 5290 autem
1234 5250 1302 5288 ex
1332 5232 1475 5303 ipsis
1506 5231 1823 5303 presbyteri
1854 5229 2041 5285 solum

326 5326 559 5383 exibant
589 5344 763 5399 opera
794 5328 1036 5381 fratrum
1090 5323 1585 5391 administrantes,
1618 5325 1675 5375 et
1722 5320 2045 5376 referebant

325 5430 392 5467 ea
424 5431 553 5485 quae
584 5420 751 5472 erant
780 5416 925 5487 ipsis
958 5415 1031 5470 ad
1080 5429 1239 5468 usum
1288 5409 1635 5467 necessaria.
1671 5410 1825 5464 Dixit
1847 5412 2043 5465 autem

332 5502 475 5557 mihi
509 5506 557 5558 is
570 5507 670 5574 qui
689 5515 913 5577 portam
931 5504 1293 5562 custodiebat
1308 5501 1627 5574 presbyter,
1643 5516 1739 5556 eos
1763 5500 1863 5571 qui
1886 5499 2044 5555 intus

328 5601 463 5651 sunt
480 5597 719 5649 sanctus
733 5612 859 5651 esse
878 5596 1039 5663 tales,
1057 5598 1119 5649 ut
1137 5593 1365 5665 possint
1385 5605 1589 5645 omnes
1612 5590 1776 5661 signa
1793 5589 2043 5657 efficere;

322 5688 378 5743 et
409 5680 708 5743 neminem
739 5687 872 5739 ante
903 5685 1207 5741 decessum
1248 5681 1309 5739 in
1333 5680 1603 5737 morbum
1626 5677 1883 5735 incidere
1908 5694 1921 5744 ;
1945 5677 2046 5732 sed

2046 1850 2093 1913 B

2123 563 2281 634 prius
2312 562 2739 632 signiﬁcantem
2767 561 2823 614 et
2844 574 2908 613 se
2937 556 3338 623 reclinantem,
3372 553 3652 610 dormire.

2727 647 2960 703 CAPUT
3004 648 3226 703 LXXII.

2393 744 2509 797 Vita
2540 740 2752 796 abbati:
2781 741 3048 793 Ammona
3075 737 3230 807 (118)
3248 734 3574 808 presbyteri.

2196 835 2297 889 Est
2320 836 2516 887 autem
2541 831 2655 886 alia
2704 843 2931 900 quoque
2983 826 3238 883 solitudo
3292 826 3349 880 in
3384 824 3653 897 Egypto,
3676 823 3857 879 mari-

2123 923 2264 979 tima
2296 923 2557 995 quidem,
2590 921 2690 975 sed
2717 917 3066 985 difficilima,
3104 917 3163 972 in
3196 932 3316 987 qua
3364 914 3538 970 multi
3565 917 3626 969 et
3657 913 3855 985 magni

2124 1014 2383 1070 habitant
2416 1009 2775 1068 anachoretas
2799 1025 2924 1079 qua:
2981 1011 3071 1061 est
3128 1021 3306 1076 prope
3345 1004 3547 1059 urbem
3609 1002 3856 1058 Diolcon

2126 1104 2313 1175 (Ra/ﬁ,
2349 1103 2389 1169 ι,
2422 1118 2481 1167 ιι,
2538 1117 2658 1171 cap.
2692 1099 2780 1157 32,
2820 1099 2911 1153 cui
2957 1095 3169 1150 dicitur
3210 1094 3547 1163 Piammon).
3579 1092 3859 1148 Vidimus

2126 1199 2320 1249 autem
2357 1192 2475 1247 illic
2509 1191 2913 1262 presbyterum
2945 1188 3133 1242 virum
3169 1188 3432 1241 sanctum
3473 1188 3531 1240 et
3550 1184 3719 1239 valde
3742 1183 3859 1237 hu-

2126 1284 2345 1349 milem,
2378 1288 2436 1337 et
2460 1281 2698 1337 assidue
2728 1280 3020 1334 videntem
3052 1276 3331 1341 visiones,
3359 1274 3597 1330 nomine
3624 1276 3860 1328 Ammo-

2125 1390 2283 1429 nam.
2322 1376 2375 1427 Is
2444 1370 2759 1441 aliquando
2817 1368 3063 1423 offerens
3123 1365 3239 1421 Deo
3291 1363 3647 1420 sacrificium
3684 1363 3859 1433 (119),

2122 1466 2278 1521 videt
2304 1462 2573 1534 angelum
2606 1464 2860 1517 stantem
2893 1475 2927 1513 a
2957 1455 3170 1513 dextris
3207 1455 3432 1522 altaris,
3462 1458 3519 1509 et
3554 1459 3860 1509 notantem

2126 1557 2331 1611 fratres
2359 1554 2696 1609 accedentes
2719 1551 2789 1607 ad
2826 1549 3124 1621 gratriam,
3157 1552 3215 1602 et
3248 1546 3673 1602 scribentemin
3709 1544 3862 1599 libro

2126 1662 2327 1702 eorum
2360 1642 2615 1699 nomina.
2659 1644 2799 1696 Cum
2832 1644 3021 1696 autem
3061 1654 3178 1694 non
3231 1635 3557 1691 adfuissent
3586 1634 3772 1706 aliqui
3804 1636 3860 1690 in

2125 1735 2349 1808 synaxi,
2384 1732 2528 1787 vidit
2581 1730 2761 1786 deleri
2810 1745 3010 1785 eorum
3071 1725 3329 1793 nomine,
3391 1724 3492 1796 qui
3550 1730 3685 1796 post
3741 1729 3862 1781 tres

2125 1827 2248 1883 dies
2281 1828 2420 1880 sunt
2451 1822 2689 1877 mortui.
2724 1822 2865 1875 Eum
2903 1834 3059 1891 saepe
3084 1820 3426 1888 torquentes
3459 1816 3766 1871 daemones
3806 1816 3861 1870 in

2124 1920 2348 1971 tantam
2383 1913 2747 1968 adduxerunt
2769 1908 3326 1975 imbecillitatem,ut
3360 1921 3476 1960 non
3512 1906 3860 1976 possetipse

2125 2011 2275 2060 stare
2302 2003 2369 2058 ad
2398 2019 2580 2069 aram,
2615 2017 2719 2056 nec
2762 1999 2966 2055 offerre
2998 2016 3016 2052 :
3040 1995 3292 2067 angelus
3354 1998 3549 2049 autem
3592 1995 3855 2051 veniens,

2125 2095 2252 2164 ejus
2286 2108 2462 2148 manu
2511 2090 2897 2162 apprehensa,
2934 2087 3196 2156 protinus
3246 2101 3379 2140 eum
3463 2083 3839 2138 confirmavit‘

2131 2188 2185 2238 et
2215 2197 2427 2238 sanum
2459 2181 2530 2236 ad
2561 2196 2723 2235 aram
2755 2178 2981 2233 statuit.
3001 2176 3175 2246 Cujus
3195 2178 3488 2231 tormenta
3509 2189 3642 2229 cum
3666 2174 3850 2229 vidis-

2130 2281 2258 2328 sent
2292 2270 2515 2341 fratres,
2550 2269 2996 2339 obstupuerunt.

2727 2356 2955 2412 CAPUT
3004 2355 3254 2411 LXXIII.

2628 2449 2701 2502 De
2721 2447 2926 2502 abbate
2952 2448 3159 2502 Joanne
3184 2444 3353 2514 (120).

2200 2540 2467 2595 Vidimus
2499 2541 2697 2594 autem
2729 2536 2908 2592 alium
2939 2550 3167 2606 quoque
3196 2534 3255 2589 in
3287 2531 3502 2600 Diolco,
3571 2531 3857 2587 Joannem

2134 2630 2369 2687 nomine
2399 2630 2592 2702 (Ruﬂ.,
2616 2630 2653 2698 ι,
2690 2644 2752 2694 ιι,
2784 2643 2902 2697 cap.
2938 2626 3047 2695 33),
3083 2629 3307 2695 patrem
3350 2622 3860 2678 monasteriorum.

2134 2719 2235 2790 qui
2264 2720 2389 2790 ipse
2421 2732 2650 2788 quoque
2678 2714 2921 2771 multam
2952 2714 3207 2770 habebat
3237 2712 3495 2783 gratiam,
3529 2714 3587 2766 et
3612 2708 3864 2764 Abrahae

2136 2810 2422 2875 habitum,
2456 2816 2508 2864 et
2536 2807 2775 2862 barbam
2802 2807 3013 2861 Aaron.
3038 2802 3332 2859 Efficiebat
3379 2804 3574 2856 autem
3602 2800 3861 2854 virtutes

2134 2906 2305 2971 atque
2335 2898 2688 2964 curationes,
2708 2900 2770 2952 ut
2802 2896 2907 2968 qui
2940 2893 3160 2950 multos
3192 2890 3405 2948 curavit
3426 2887 3786 2961 paralyticos
3808 2892 3866 2943 et

2141 2991 2397 3063 podagra
2426 2989 2779 3045 laborantes.

2737 3076 2971 3132 CAPUT
3016 3074 3264 3130 LXXIV.

2153 3172 2266 3228 Vita
2298 3169 2515 3225 abbatis
2572 3169 2882 3239 Pityrionis
2927 3171 2979 3222 et
3035 3165 3181 3235 (121)
3204 3179 3394 3219 eorum
3448 3162 3695 3232 quicum
3724 3160 3836 3229 ipso

2921 3259 3098 3311 erant.

2222 3350 2486 3405 Vidimus
2518 3352 2710 3404 autem
2735 3347 2793 3402 in
2824 3345 3113 3401 Thebaide
3162 3344 3349 3400 altum
3404 3344 3658 3397 montem
3691 3338 3863 3393 fluvio

2147 3440 2582 3504 imminentem,
2611 3436 2777 3492 valde
2802 3433 3114 3490 terribilem
3156 3441 3207 3489 et
3242 3430 3617 3503 praecipitem,
3651 3434 3708 3483 et
3735 3444 3862 3483 mo-

2147 3529 2367 3585 nachos
2393 3528 2509 3582 illic
2534 3527 2793 3584 viventes
2814 3525 2872 3579 in
2906 3522 3203 3595 speluncis
3232 3521 3423 3592 (Ruﬂ.,
3452 3519 3493 3588 ἰ,
3518 3537 3578 3587 ιι,
3613 3535 3730 3590 cap.
3758 3518 3864 3585 31).

2148 3622 2356 3675 Εοιιιιιι
2388 3621 2587 3673 autem
2646 3620 2808 3686 pater
2866 3618 2987 3669 erat
3028 3612 3265 3667 nomine
3324 3608 3731 3681 Pityrion,qui
3766 3606 3869 3660 fuit

2152 3725 2301 3766 unus
2332 3725 2399 3765 ex
2425 3706 2754 3778 discipulis.
2779 3704 3031 3775 Antonii,
3052 3707 3110 3759 et
3131 3702 3344 3758 tertius
3367 3701 3469 3771 qui
3490 3698 3661 3754 illum
3686 3697 3869 3752 locum

2147 3798 2394 3870 excepit,
2429 3797 2529 3868 qui
2560 3796 2793 3866 quidem
2826 3793 3041 3849 multas
3070 3791 3312 3846 virtutes
3330 3788 3645 3855 efficiebat,
3668 3790 3727 3841 et
3745 3785 3867 3841 effi-

2150 3888 2364 3946 caciter
2416 3887 2659 3957 spiritus
2709 3882 3052 3955 expellebat.
3102 3883 3245 3937 Cum
3314 3879 3471 3934 enim
3540 3875 3874 3932 accessisset

2152 3978 2402 4033 Antonio
2425 3980 2481 4033 et
2531 3976 2658 4045 ejus
2716 3972 3008 4044 discipulo
3066 3975 3392 4037 Ammonae,
3436 3967 3648 4023 merito
3698 3966 3870 4021 etiam

2153 4069 2401 4124 sucessit
2459 4066 2778 4121 haereditati
2836 4064 3121 4119 donorum
3158 4077 3171 4117 :
3205 4060 3307 4132 qui
3368 4058 3585 4114 multos
3634 4056 3868 4127 quidem

2154 4158 2299 4213 alios
2334 4172 2566 4228 quoque
2586 4154 2735 4226 apud
2772 4170 2874 4209 nos
2892 4151 3430 4215 babuitsermones,
3448 4146 3781 4219 quinetiam
3804 4144 3874 4198 de

2152 4248 2503 4303 discretione
2535 4245 2853 4317 spirituum
2890 4247 3157 4299 accurate
3188 4240 3484 4306 disseruit,
3516 4237 3719 4293 dicens
3749 4249 3873 4289 esse

2153 4336 2380 4406 aliquos
2412 4338 2702 4391 damones
2734 4334 2835 4405 qui
2864 4336 3191 4404 sequuntur
3212 4330 3389 4386 animi
3424 4331 3638 4389 motus.
3662 4329 3719 4380 et
3741 4340 3875 4377 nos-

2152 4435 2271 4481 tras
2306 4426 2638 4481 affectiones
2679 4424 2750 4479 ad
2782 4423 3001 4479 malum
3036 4437 3186 4492 saepe
3219 4420 3580 4475 convertunt.
3606 4410 3877 4481 Quisquis

2153 4532 2310 4587 ergo,
2335 4532 2367 4570 ο
2403 4515 2505 4569 ﬁlii
2539 4515 2770 4570 dicebat
2799 4514 2850 4568 is
2884 4512 3073 4579 nobis,
3107 4509 3231 4566 vult
3281 4509 3513 4579 exigere
3561 4506 3877 4563 daemones,

2150 4606 2312 4678 prius
2344 4605 2401 4659 in
2421 4604 2757 4660 servitutem
2794 4603 3017 4674 redigat
3037 4600 3370 4657 affectiones
3384 4596 3567 4653 animi
3595 4609 3609 4659 ;
3641 4590 3875 4663 qualem

2149 4696 2305 4750 enim
2334 4694 2468 4765 quis
2499 4694 2790 4766 superarit
2820 4692 3204 4758 affectionem,
3223 4690 3353 4759 ejus
3383 4700 3613 4758 quoque
3641 4679 3879 4753 eXpellit

2151 4785 2733 4856 daamonemﬂportet
2763 4786 2953 4839 autem
2976 4798 3079 4837 vos
3110 4778 3392 4853 paulatim
3438 4776 3668 4831 vincere
3700 4772 3872 4827 affec-

2150 4878 2358 4940 tiones,
2394 4882 2456 4931 ut
2485 4893 2685 4931 earum
2717 4874 3012 4946 expellatis
3043 4864 3648 4938 daamones.Sequitur
3678 4863 3873 4933 gulam

2152 4968 2400 5023 daemon.
2464 4966 2522 5021 Si
2581 4965 2715 5036 quis
2775 4981 2911 5035 ergo
2967 4962 3159 5033 gulam
3228 4954 3612 5031 superaverit,
3681 4950 3877 5023 expel-

2150 5058 2219 5113 lit
2283 5058 2408 5127 ejus
2482 5057 2836 5111 dasmonem.
2877 5056 2933 5109 Is
3001 5057 3196 5109 autem
3263 5046 3609 5105 comedebat
3669 5042 3764 5097 bis
3820 5040 3877 5095 in

2151 5146 2535 5213 hebdomade,
2559 5146 2856 5201 Dominico.
2877 5148 2934 5200 et
2955 5144 3155 5213 quinta
3177 5139 3341 5206 feria,
3359 5152 3595 5209 parvam
3628 5133 3876 5206 pultem,

2151 5253 2219 5292 ex
2253 5236 2438 5291 farina
2467 5236 2657 5307 (122);
2690 5251 2794 5290 nec
2849 5240 3074 5306 poterat
3131 5229 3349 5300 aliquid
3410 5225 3568 5282 aliud
3617 5236 3877 5285 sumere,

2152 5334 2455 5399 propterea
2484 5326 2631 5396 quod
2660 5342 2832 5381 suum
2865 5323 3129 5379 habitum
3152 5321 3233 5375 ita
3263 5318 3600 5374 formasset.

2776 5412 3007 5469 CAPUT
3047 5409 3258 5468 LXXV.

2564 5507 2676 5563 Vita
2708 5504 2931 5576 Eulogii
2962 5503 3105 5574 (123)
3132 5498 3462 5573 presbyteri.

2224 5597 2489 5654 Vidimus
2520 5602 2710 5654 autem
2736 5596 2916 5653 alium
2941 5610 3167 5668 quoque
3190 5592 3621 5665 presbyterum,
3647 5582 3881 5640 nomine

2156 5686 2484 5760 Eulogium,
2513 5690 2614 5760 qui
2643 5689 2702 5745 in
2733 5685 3045 5744 efferendis
3063 5684 3178 5741 Deo
3200 5682 3370 5738 donis
3390 5681 3623 5734 tantam
3654 5671 3881 5741 accepit
