  <div class='ocr_page' id='page_1' title='image "/cluster/home/n/w/nwhite01/storage/ocr_20150623/34/hvd.32044073501835/598.png"; bbox 0 0 4112 6210; ppageno 0'>
   <div class='ocr_carea' id='block_1_1' title="bbox 376 357 536 418">
    <p class='ocr_par' dir='ltr' id='par_1_1' title="bbox 376 357 536 418">
     <span class='ocr_line' id='line_1_1' title="bbox 376 357 536 418; baseline -0.006 -2"><span class='ocrx_word' id='word_1_1' title='bbox 376 357 536 418; x_wconf 71' lang='grc'>1177</span> 
     </span>
    </p>
   </div>
   <div class='ocr_carea' id='block_1_2' title="bbox 374 486 1638 569">
    <p class='ocr_par' dir='ltr' id='par_1_2' title="bbox 374 486 1638 569">
     <span class='ocr_line' id='line_1_2' title="bbox 374 486 1638 569; baseline -0.001 -23"><span class='ocrx_word' id='word_1_2' title='bbox 374 490 463 546; x_wconf 81' lang='grc' dir='ltr'>καὶ</span> <span class='ocrx_word' id='word_1_3' title='bbox 498 490 565 544; x_wconf 80' lang='grc' dir='ltr'>τὰ</span> <span class='ocrx_word' id='word_1_4' title='bbox 595 487 794 544; x_wconf 89' lang='grc' dir='ltr'>κελλία</span> <span class='ocrx_word' id='word_1_5' title='bbox 844 488 902 544; x_wconf 86' lang='grc' dir='ltr'>ἐκ</span> <span class='ocrx_word' id='word_1_6' title='bbox 953 487 1321 564; x_wconf 87' lang='grc' dir='ltr'>διαστήματος</span> <span class='ocrx_word' id='word_1_7' title='bbox 1367 486 1588 569; x_wconf 76' lang='grc' dir='ltr'>ἔχουσιν</span> <span class='ocrx_word' id='word_1_8' title='bbox 1624 510 1638 524; x_wconf 87' lang='grc'><strong>·</strong></span> 
     </span>
    </p>
   </div>
   <div class='ocr_carea' id='block_1_3' title="bbox 378 576 2014 658">
    <p class='ocr_par' dir='ltr' id='par_1_3' title="bbox 378 576 2014 658">
     <span class='ocr_line' id='line_1_3' title="bbox 378 576 2014 658; baseline 0.003 -26"><span class='ocrx_word' id='word_1_9' title='bbox 378 576 816 654; x_wconf 86' lang='grc' dir='ltr'>διαγνωρίζεσθαι</span> <span class='ocrx_word' id='word_1_10' title='bbox 866 577 1145 655; x_wconf 75' lang='grc' dir='ltr'>πόρῥωθεν</span> <span class='ocrx_word' id='word_1_11' title='bbox 1199 581 1282 658; x_wconf 83' lang='grc' dir='ltr'>ὑφ’</span> <span class='ocrx_word' id='word_1_12' title='bbox 1334 580 1539 655; x_wconf 74' lang='grc' dir='ltr'>ἐτέρου,</span> <span class='ocrx_word' id='word_1_13' title='bbox 1592 578 1731 654; x_wconf 80' lang='grc' dir='ltr'>μηδὲ</span> <span class='ocrx_word' id='word_1_14' title='bbox 1791 582 2014 655; x_wconf 77' lang='grc' dir='ltr'>ὁρᾶσθαι</span> 
     </span>
    </p>
   </div>
   <div class='ocr_carea' id='block_1_4' title="bbox 375 665 2018 748">
    <p class='ocr_par' dir='ltr' id='par_1_4' title="bbox 375 665 2018 748">
     <span class='ocr_line' id='line_1_4' title="bbox 375 665 2018 748; baseline 0.001 -25"><span class='ocrx_word' id='word_1_15' title='bbox 375 665 616 743; x_wconf 69' lang='grc' dir='ltr'>ταχέως,</span> <span class='ocrx_word' id='word_1_16' title='bbox 664 665 806 741; x_wconf 72' lang='grc' dir='ltr'>μηδὲ</span> <span class='ocrx_word' id='word_1_17' title='bbox 847 675 1032 748; x_wconf 77' lang='grc' dir='ltr'>φωνῆς</span> <span class='ocrx_word' id='word_1_18' title='bbox 1083 668 1390 740; x_wconf 85' lang='grc' dir='ltr'>ἐπακούειν,</span> <span class='ocrx_word' id='word_1_19' title='bbox 1448 669 1675 725; x_wconf 82' lang='grc' dir='ltr'>ἐκάστου</span> <span class='ocrx_word' id='word_1_20' title='bbox 1723 671 1842 724; x_wconf 85' lang='grc' dir='ltr'>καθ’</span> <span class='ocrx_word' id='word_1_21' title='bbox 1901 672 2018 726; x_wconf 74' lang='grc' dir='ltr'>ἐαυ-</span> 
     </span>
    </p>
   </div>
   <div class='ocr_carea' id='block_1_5' title="bbox 374 752 2018 833">
    <p class='ocr_par' dir='ltr' id='par_1_5' title="bbox 374 752 2018 833">
     <span class='ocr_line' id='line_1_5' title="bbox 374 752 2018 833; baseline 0.001 -21"><span class='ocrx_word' id='word_1_22' title='bbox 374 757 467 812; x_wconf 90' lang='grc' dir='ltr'>τὸν</span> <span class='ocrx_word' id='word_1_23' title='bbox 518 757 932 833; x_wconf 81' lang='grc' dir='ltr'>καθειργμένου.</span> <span class='ocrx_word' id='word_1_24' title='bbox 983 759 1161 815; x_wconf 81' lang='grc' dir='ltr'>Μόνον</span> <span class='ocrx_word' id='word_1_25' title='bbox 1224 756 1281 813; x_wconf 75' lang='grc' dir='ltr'>δὲ</span> <span class='ocrx_word' id='word_1_26' title='bbox 1334 756 1388 813; x_wconf 83' lang='grc' dir='ltr'>ἐν</span> <span class='ocrx_word' id='word_1_27' title='bbox 1449 752 1719 830; x_wconf 82' lang='grc' dir='ltr'>Σαϐϐάτῳ</span> <span class='ocrx_word' id='word_1_28' title='bbox 1773 758 1864 813; x_wconf 88' lang='grc' dir='ltr'>καὶ</span> <span class='ocrx_word' id='word_1_29' title='bbox 1911 765 2018 813; x_wconf 84' lang='grc' dir='ltr'>Κυ-</span> 
     </span>
    </p>
   </div>
   <div class='ocr_carea' id='block_1_6' title="bbox 381 844 2018 922">
    <p class='ocr_par' dir='ltr' id='par_1_6' title="bbox 381 844 2018 922">
     <span class='ocr_line' id='line_1_6' title="bbox 381 844 2018 922; baseline 0.002 -22"><span class='ocrx_word' id='word_1_30' title='bbox 381 848 543 920; x_wconf 81' lang='grc' dir='ltr'>ριακῇ</span> <span class='ocrx_word' id='word_1_31' title='bbox 589 845 641 900; x_wconf 89' lang='grc' dir='ltr'>ἐν</span> <span class='ocrx_word' id='word_1_32' title='bbox 682 851 800 908; x_wconf 91' lang='grc' dir='ltr'>ταῖς</span> <span class='ocrx_word' id='word_1_33' title='bbox 849 844 1142 917; x_wconf 78' lang='grc' dir='ltr'>ἐκκλησίας</span> <span class='ocrx_word' id='word_1_34' title='bbox 1200 848 1543 922; x_wconf 86' lang='grc' dir='ltr'>συνάγονται,</span> <span class='ocrx_word' id='word_1_35' title='bbox 1591 848 1682 901; x_wconf 89' lang='grc' dir='ltr'>καὶ</span> <span class='ocrx_word' id='word_1_36' title='bbox 1730 847 2018 918; x_wconf 78' lang='grc' dir='ltr'>ἀλλήλους</span> 
     </span>
    </p>
   </div>
   <div class='ocr_carea' id='block_1_7' title="bbox 377 929 2013 1007">
    <p class='ocr_par' dir='ltr' id='par_1_7' title="bbox 377 929 2013 1007">
     <span class='ocr_line' id='line_1_7' title="bbox 377 929 2013 1007; baseline 0.002 -20"><span class='ocrx_word' id='word_1_37' title='bbox 377 929 886 1007; x_wconf 80' lang='grc' dir='ltr'>ἀπολαμϐάνουσιν.</span> <span class='ocrx_word' id='word_1_38' title='bbox 946 932 1161 989; x_wconf 82' lang='grc' dir='ltr'>Πολλοὶ</span> <span class='ocrx_word' id='word_1_39' title='bbox 1221 932 1277 989; x_wconf 74' lang='grc' dir='ltr'>δὲ</span> <span class='ocrx_word' id='word_1_40' title='bbox 1327 936 1506 991; x_wconf 81' lang='grc' dir='ltr'>αὐτῶν</span> <span class='ocrx_word' id='word_1_41' title='bbox 1574 932 1852 997; x_wconf 81' lang='grc' dir='ltr'>πολλάκις</span> <span class='ocrx_word' id='word_1_42' title='bbox 1924 937 2013 990; x_wconf 81' lang='grc' dir='ltr'>καὶ</span> 
     </span>
    </p>
   </div>
   <div class='ocr_carea' id='block_1_8' title="bbox 376 1022 2016 1099">
    <p class='ocr_par' dir='ltr' id='par_1_8' title="bbox 376 1022 2016 1099">
     <span class='ocr_line' id='line_1_8' title="bbox 376 1022 2016 1099; baseline 0.001 -22"><span class='ocrx_word' id='word_1_43' title='bbox 376 1023 681 1096; x_wconf 81' lang='grc' dir='ltr'>τεταρταῖοι</span> <span class='ocrx_word' id='word_1_44' title='bbox 756 1022 808 1078; x_wconf 79' lang='grc' dir='ltr'>ἐν</span> <span class='ocrx_word' id='word_1_45' title='bbox 881 1030 1004 1086; x_wconf 88' lang='grc' dir='ltr'>τοῖς</span> <span class='ocrx_word' id='word_1_46' title='bbox 1074 1023 1327 1087; x_wconf 86' lang='grc' dir='ltr'>κελλίοις</span> <span class='ocrx_word' id='word_1_47' title='bbox 1400 1023 1580 1079; x_wconf 73' lang='grc' dir='ltr'>αὐτῶν</span> <span class='ocrx_word' id='word_1_48' title='bbox 1660 1024 2016 1099; x_wconf 82' lang='grc' dir='ltr'>εὑρίσκονται,</span> 
     </span>
    </p>
   </div>
   <div class='ocr_carea' id='block_1_9' title="bbox 378 1110 2015 1186">
    <p class='ocr_par' dir='ltr' id='par_1_9' title="bbox 378 1110 2015 1186">
     <span class='ocr_line' id='line_1_9' title="bbox 378 1110 2015 1186; baseline 0.001 -20"><span class='ocrx_word' id='word_1_49' title='bbox 378 1111 437 1166; x_wconf 86' lang='grc' dir='ltr'>ἐκ</span> <span class='ocrx_word' id='word_1_50' title='bbox 477 1115 574 1166; x_wconf 79' lang='grc' dir='ltr'>τοῦ</span> <span class='ocrx_word' id='word_1_51' title='bbox 626 1112 703 1185; x_wconf 79' lang='grc' dir='ltr'>μή</span> <span class='ocrx_word' id='word_1_52' title='bbox 751 1113 878 1186; x_wconf 85' lang='grc' dir='ltr'>ὁρᾷν</span> <span class='ocrx_word' id='word_1_53' title='bbox 925 1111 1212 1184; x_wconf 71' lang='grc' dir='ltr'>ἀλλήλους</span> <span class='ocrx_word' id='word_1_54' title='bbox 1267 1110 1415 1183; x_wconf 75' lang='grc' dir='ltr'>πλὴν</span> <span class='ocrx_word' id='word_1_55' title='bbox 1467 1110 1521 1168; x_wconf 79' lang='grc' dir='ltr'>ἒν</span> <span class='ocrx_word' id='word_1_56' title='bbox 1575 1119 1696 1176; x_wconf 88' lang='grc' dir='ltr'>ταῖς</span> <span class='ocrx_word' id='word_1_57' title='bbox 1746 1113 2015 1185; x_wconf 81' lang='grc' dir='ltr'>συνάξεσι.</span> 
     </span>
    </p>
   </div>
   <div class='ocr_carea' id='block_1_10' title="bbox 382 1199 2013 1278">
    <p class='ocr_par' dir='ltr' id='par_1_10' title="bbox 382 1199 2013 1278">
     <span class='ocr_line' id='line_1_10' title="bbox 382 1199 2013 1278; baseline -0.001 -22"><span class='ocrx_word' id='word_1_58' title='bbox 382 1202 478 1256; x_wconf 79' lang='grc' dir='ltr'>Καὶ</span> <span class='ocrx_word' id='word_1_59' title='bbox 512 1203 565 1256; x_wconf 78' lang='grc' dir='ltr'>οἱ</span> <span class='ocrx_word' id='word_1_60' title='bbox 616 1202 710 1274; x_wconf 77' lang='grc' dir='ltr'>μέν</span> <span class='ocrx_word' id='word_1_61' title='bbox 739 1199 913 1257; x_wconf 77' lang='grc' dir='ltr'>αὐτῶν</span> <span class='ocrx_word' id='word_1_62' title='bbox 964 1201 1070 1257; x_wconf 86' lang='grc' dir='ltr'>ἀπὸ</span> <span class='ocrx_word' id='word_1_63' title='bbox 1114 1205 1282 1275; x_wconf 91' lang='grc' dir='ltr'>τριῶν</span> <span class='ocrx_word' id='word_1_64' title='bbox 1324 1202 1566 1275; x_wconf 82' lang='grc' dir='ltr'>σημείων</span> <span class='ocrx_word' id='word_1_65' title='bbox 1616 1203 1706 1257; x_wconf 78' lang='grc' dir='ltr'>καὶ</span> <span class='ocrx_word' id='word_1_66' title='bbox 1742 1205 2013 1278; x_wconf 78' lang='grc' dir='ltr'>τεσσάρων</span> 
     </span>
    </p>
   </div>
   <div class='ocr_carea' id='block_1_11' title="bbox 380 1286 2015 1367">
    <p class='ocr_par' dir='ltr' id='par_1_11' title="bbox 380 1286 2015 1367">
     <span class='ocr_line' id='line_1_11' title="bbox 380 1286 2015 1367; baseline 0 -22"><span class='ocrx_word' id='word_1_67' title='bbox 380 1290 456 1351; x_wconf 86' lang='grc' dir='ltr'>εἰς</span> <span class='ocrx_word' id='word_1_68' title='bbox 511 1292 610 1359; x_wconf 80' lang='grc' dir='ltr'>τὴν</span> <span class='ocrx_word' id='word_1_69' title='bbox 665 1290 872 1360; x_wconf 80' lang='grc' dir='ltr'>σύναξιν</span> <span class='ocrx_word' id='word_1_70' title='bbox 940 1286 1220 1365; x_wconf 82' lang='grc' dir='ltr'>ἔρχονται,</span> <span class='ocrx_word' id='word_1_71' title='bbox 1281 1294 1538 1345; x_wconf 78' lang='grc' dir='ltr'>τοσοῦτον</span> <span class='ocrx_word' id='word_1_72' title='bbox 1621 1293 1827 1367; x_wconf 81' lang='grc' dir='ltr'>μακρὰν</span> <span class='ocrx_word' id='word_1_73' title='bbox 1887 1290 2015 1345; x_wconf 81' lang='grc' dir='ltr'>ἀλλ’</span> 
     </span>
    </p>
   </div>
   <div class='ocr_carea' id='block_1_12' title="bbox 379 1375 2018 1455">
    <p class='ocr_par' dir='ltr' id='par_1_12' title="bbox 379 1375 2018 1455">
     <span class='ocr_line' id='line_1_12' title="bbox 379 1375 2018 1455; baseline 0 -21"><span class='ocrx_word' id='word_1_74' title='bbox 379 1378 644 1451; x_wconf 84' lang='grc' dir='ltr'>ἀλλήλων</span> <span class='ocrx_word' id='word_1_75' title='bbox 692 1377 1052 1451; x_wconf 84' lang='grc' dir='ltr'>διεστήκασιν.</span> <span class='ocrx_word' id='word_1_76' title='bbox 1100 1380 1348 1455; x_wconf 84' lang='grc' dir='ltr'>Ἀγάπην</span> <span class='ocrx_word' id='word_1_77' title='bbox 1405 1378 1461 1434; x_wconf 69' lang='grc' dir='ltr'>δὲ</span> <span class='ocrx_word' id='word_1_78' title='bbox 1507 1381 1776 1450; x_wconf 75' lang='grc' dir='ltr'>τοσαύτην</span> <span class='ocrx_word' id='word_1_79' title='bbox 1824 1375 2018 1455; x_wconf 79' lang='grc' dir='ltr'>ἔχουσι</span> 
     </span>
    </p>
   </div>
   <div class='ocr_carea' id='block_1_13' title="bbox 377 1465 2018 1545">
    <p class='ocr_par' dir='ltr' id='par_1_13' title="bbox 377 1465 2018 1545">
     <span class='ocr_line' id='line_1_13' title="bbox 377 1465 2018 1545; baseline -0.002 -21"><span class='ocrx_word' id='word_1_80' title='bbox 377 1474 515 1544; x_wconf 86' lang='grc' dir='ltr'>πρὸς</span> <span class='ocrx_word' id='word_1_81' title='bbox 544 1467 852 1540; x_wconf 79' lang='grc' dir='ltr'>ἀλλήλους,</span> <span class='ocrx_word' id='word_1_82' title='bbox 882 1468 971 1523; x_wconf 82' lang='grc' dir='ltr'>καὶ</span> <span class='ocrx_word' id='word_1_83' title='bbox 1002 1467 1125 1540; x_wconf 86' lang='grc' dir='ltr'>περὶ</span> <span class='ocrx_word' id='word_1_84' title='bbox 1154 1469 1256 1538; x_wconf 80' lang='grc' dir='ltr'>τήν</span> <span class='ocrx_word' id='word_1_85' title='bbox 1286 1466 1491 1538; x_wconf 77' lang='grc' dir='ltr'>λοιπὴν</span> <span class='ocrx_word' id='word_1_86' title='bbox 1538 1465 1909 1545; x_wconf 81' lang='grc' dir='ltr'>ἀδελφότητα,</span> <span class='ocrx_word' id='word_1_87' title='bbox 1943 1468 2018 1528; x_wconf 82' lang='grc' dir='ltr'>ὡς</span> 
     </span>
    </p>
   </div>
   <div class='ocr_carea' id='block_1_14' title="bbox 378 1553 2018 1631">
    <p class='ocr_par' dir='ltr' id='par_1_14' title="bbox 378 1553 2018 1631">
     <span class='ocr_line' id='line_1_14' title="bbox 378 1553 2018 1631; baseline -0.002 -17"><span class='ocrx_word' id='word_1_88' title='bbox 378 1558 619 1620; x_wconf 84' lang='grc' dir='ltr'>πολλοῖς</span> <span class='ocrx_word' id='word_1_89' title='bbox 650 1553 1046 1631; x_wconf 87' lang='grc' dir='ltr'>συμϐουλεύειν</span> <span class='ocrx_word' id='word_1_90' title='bbox 1077 1555 1266 1619; x_wconf 76' lang='grc' dir='ltr'>αὒτοῖς</span> <span class='ocrx_word' id='word_1_91' title='bbox 1298 1558 1666 1630; x_wconf 80' lang='grc' dir='ltr'>συσσωθῆναι,</span> <span class='ocrx_word' id='word_1_92' title='bbox 1696 1553 1924 1611; x_wconf 75' lang='grc' dir='ltr'>ἕκαστον</span> <span class='ocrx_word' id='word_1_93' title='bbox 1954 1555 2018 1611; x_wconf 84' lang='grc' dir='ltr'>τὸ</span> 
     </span>
    </p>
   </div>
   <div class='ocr_carea' id='block_1_15' title="bbox 378 1642 2017 1708">
    <p class='ocr_par' dir='ltr' id='par_1_15' title="bbox 378 1642 2017 1708">
     <span class='ocr_line' id='line_1_15' title="bbox 378 1642 2017 1708; baseline 0.001 -6"><span class='ocrx_word' id='word_1_94' title='bbox 378 1648 571 1702; x_wconf 76' lang='grc' dir='ltr'>ἑαυτοῦ</span> <span class='ocrx_word' id='word_1_95' title='bbox 598 1645 823 1703; x_wconf 87' lang='grc' dir='ltr'>κελλίον</span> <span class='ocrx_word' id='word_1_96' title='bbox 857 1642 1104 1702; x_wconf 78' lang='grc' dir='ltr'>σπεύδειν</span> <span class='ocrx_word' id='word_1_97' title='bbox 1137 1644 1325 1708; x_wconf 85' lang='grc' dir='ltr'>αὐτοῖς</span> <span class='ocrx_word' id='word_1_98' title='bbox 1358 1645 1434 1708; x_wconf 87' lang='grc' dir='ltr'>εἰς</span> <span class='ocrx_word' id='word_1_99' title='bbox 1460 1646 1757 1702; x_wconf 81' lang='grc' dir='ltr'>ἀνάπαυσιν</span> <span class='ocrx_word' id='word_1_100' title='bbox 1805 1642 2017 1703; x_wconf 76' lang='grc' dir='ltr'>δοῦναι.</span> 
     </span>
    </p>
   </div>
   <div class='ocr_carea' id='block_1_16' title="bbox 1011 1738 1384 1794">
    <p class='ocr_par' dir='ltr' id='par_1_16' title="bbox 1011 1738 1384 1794">
     <span class='ocr_line' id='line_1_16' title="bbox 1011 1738 1384 1794; baseline 0.008 -4"><span class='ocrx_word' id='word_1_101' title='bbox 1011 1742 1265 1794; x_wconf 80' lang='grc' dir='ltr'>ΚΕΦΛΛ.</span> <span class='ocrx_word' id='word_1_102' title='bbox 1307 1738 1384 1793; x_wconf 81' lang='grc' dir='ltr'>Ο’.</span> 
     </span>
    </p>
   </div>
   <div class='ocr_carea' id='block_1_17' title="bbox 518 1820 1872 1902">
    <p class='ocr_par' dir='ltr' id='par_1_17' title="bbox 518 1820 1872 1902">
     <span class='ocr_line' id='line_1_17' title="bbox 518 1820 1872 1902; baseline -0.002 -20"><span class='ocrx_word' id='word_1_103' title='bbox 518 1826 649 1902; x_wconf 81' lang='grc' dir='ltr'>Περὶ</span> <span class='ocrx_word' id='word_1_104' title='bbox 676 1831 773 1882; x_wconf 77' lang='grc' dir='ltr'>τοῦ</span> <span class='ocrx_word' id='word_1_105' title='bbox 802 1820 946 1881; x_wconf 84' lang='grc' dir='ltr'>ἆϐϐἆ</span> <span class='ocrx_word' id='word_1_106' title='bbox 976 1826 1301 1899; x_wconf 80' lang='grc' dir='ltr'>’Δμμωνίου</span> <span class='ocrx_word' id='word_1_107' title='bbox 1325 1824 1413 1881; x_wconf 85' lang='grc' dir='ltr'>καὶ</span> <span class='ocrx_word' id='word_1_108' title='bbox 1443 1828 1551 1880; x_wconf 88' lang='grc' dir='ltr'>τῶν</span> <span class='ocrx_word' id='word_1_109' title='bbox 1584 1825 1677 1879; x_wconf 82' lang='grc' dir='ltr'>σὺν</span> <span class='ocrx_word' id='word_1_110' title='bbox 1704 1823 1872 1897; x_wconf 79' lang='grc' dir='ltr'>αύτῷ.</span> 
     </span>
    </p>
   </div>
   <div class='ocr_carea' id='block_1_18' title="bbox 1655 359 2488 423">
    <p class='ocr_par' dir='ltr' id='par_1_18' title="bbox 1655 359 2488 423">
     <span class='ocr_line' id='line_1_18' title="bbox 1655 359 2488 423; baseline -0.002 -1"><span class='ocrx_word' id='word_1_111' title='bbox 1655 360 2030 423; x_wconf 78' lang='lat' dir='ltr'>HISTORIA</span> <span class='ocrx_word' id='word_1_112' title='bbox 2073 359 2488 423; x_wconf 83' lang='lat' dir='ltr'>LAUSIACA.</span> 
     </span>
    </p>
   </div>
   <div class='ocr_carea' id='block_1_19' title="bbox 1690 492 3771 581">
    <p class='ocr_par' dir='ltr' id='par_1_19' title="bbox 1690 492 3771 581">
     <span class='ocr_line' id='line_1_19' title="bbox 1690 492 3771 581; baseline 0.009 -35"><span class='ocrx_word' id='word_1_113' title='bbox 1690 492 1765 581; x_wconf 75' lang='grc' dir='ltr'>ὡς</span> <span class='ocrx_word' id='word_1_114' title='bbox 1812 494 1902 548; x_wconf 80' lang='grc' dir='ltr'>καί</span> <span class='ocrx_word' id='word_1_115' title='bbox 1937 494 2101 577; x_wconf 21' lang='grc' dir='ltr'>μήἰΑ</span> <span class='ocrx_word' id='word_1_116' title='bbox 2132 492 2256 548; x_wconf 78' lang='grc' dir='ltr'>ἄλλ’</span> <span class='ocrx_word' id='word_1_117' title='bbox 2291 494 2416 549; x_wconf 80' lang='grc' dir='ltr'>ὅταν</span> <span class='ocrx_word' id='word_1_118' title='bbox 2463 495 2689 581; x_wconf 76' lang='grc' dir='ltr'>ἑκάστου</span> <span class='ocrx_word' id='word_1_119' title='bbox 2731 498 2766 567; x_wconf 76' lang='grc' dir='ltr'><strong>ἡ</strong></span> <span class='ocrx_word' id='word_1_120' title='bbox 2821 501 3099 571; x_wconf 80' lang='grc' dir='ltr'>μετάθεσις</span> <span class='ocrx_word' id='word_1_121' title='bbox 3148 500 3381 579; x_wconf 75' lang='grc' dir='ltr'>ἤρχετο,</span> <span class='ocrx_word' id='word_1_122' title='bbox 3431 509 3771 581; x_wconf 85' lang='grc' dir='ltr'>προμηνύων</span> 
     </span>
    </p>
   </div>
   <div class='ocr_carea' id='block_1_20' title="bbox 3614 375 3770 436">
    <p class='ocr_par' dir='ltr' id='par_1_20' title="bbox 3614 375 3770 436">
     <span class='ocr_line' id='line_1_20' title="bbox 3614 375 3770 436; baseline 0.013 -2"><span class='ocrx_word' id='word_1_123' title='bbox 3614 375 3770 436; x_wconf 79' lang='lat' dir='ltr'>H78</span> 
     </span>
    </p>
   </div>
   <div class='ocr_carea' id='block_1_21' title="bbox 2124 578 2988 658">
    <p class='ocr_par' dir='ltr' id='par_1_21' title="bbox 2124 578 2988 658">
     <span class='ocr_line' id='line_1_21' title="bbox 2124 578 2988 658; baseline 0.012 -24"><span class='ocrx_word' id='word_1_124' title='bbox 2124 582 2291 634; x_wconf 78' lang='grc' dir='ltr'>ἅπασι</span> <span class='ocrx_word' id='word_1_125' title='bbox 2319 578 2670 646; x_wconf 84' lang='grc' dir='ltr'>κατακλιθεὶς</span> <span class='ocrx_word' id='word_1_126' title='bbox 2702 582 2988 658; x_wconf 78' lang='grc' dir='ltr'>ἐκοιμᾶτο.</span> 
     </span>
    </p>
   </div>
   <div class='ocr_carea' id='block_1_22' title="bbox 2750 680 3163 735">
    <p class='ocr_par' dir='ltr' id='par_1_22' title="bbox 2750 680 3163 735">
     <span class='ocr_line' id='line_1_22' title="bbox 2750 680 3163 735; baseline 0.012 -5"><span class='ocrx_word' id='word_1_127' title='bbox 2750 680 3163 735; x_wconf 61' lang='grc' dir='ltr'>ΚΕΦΛΛ.ΟΕ.</span> 
     </span>
    </p>
   </div>
   <div class='ocr_carea' id='block_1_23' title="bbox 2694 765 3195 841">
    <p class='ocr_par' dir='ltr' id='par_1_23' title="bbox 2694 765 3195 841">
     <span class='ocr_line' id='line_1_23' title="bbox 2694 765 3195 841; baseline 0.016 -24"><span class='ocrx_word' id='word_1_128' title='bbox 2694 765 2822 839; x_wconf 82' lang='grc' dir='ltr'>Περὶ</span> <span class='ocrx_word' id='word_1_129' title='bbox 2880 766 3195 841; x_wconf 79' lang='grc' dir='ltr'>’Δμμωνᾶν.</span> 
     </span>
    </p>
   </div>
   <div class='ocr_carea' id='block_1_24' title="bbox 2198 847 3765 936">
    <p class='ocr_par' dir='ltr' id='par_1_24' title="bbox 2198 847 3765 936">
     <span class='ocr_line' id='line_1_24' title="bbox 2198 847 3765 936; baseline 0.012 -36"><span class='ocrx_word' id='word_1_130' title='bbox 2198 852 2348 901; x_wconf 82' lang='grc' dir='ltr'>Ἔστι</span> <span class='ocrx_word' id='word_1_131' title='bbox 2380 849 2469 903; x_wconf 79' lang='grc' dir='ltr'>καὶ</span> <span class='ocrx_word' id='word_1_132' title='bbox 2500 847 2646 921; x_wconf 78' lang='grc' dir='ltr'>ἄλλη</span> <span class='ocrx_word' id='word_1_133' title='bbox 2697 847 2903 926; x_wconf 75' lang='grc' dir='ltr'>ἔρημος</span> <span class='ocrx_word' id='word_1_134' title='bbox 2934 856 2986 911; x_wconf 87' lang='grc' dir='ltr'>ἐν</span> <span class='ocrx_word' id='word_1_135' title='bbox 3037 858 3321 935; x_wconf 73' lang='grc' dir='ltr'>Αἴγυπτῳ,</span> <span class='ocrx_word' id='word_1_136' title='bbox 3364 861 3634 936; x_wconf 72' lang='grc' dir='ltr'>παράλιος</span> <span class='ocrx_word' id='word_1_137' title='bbox 3669 864 3765 936; x_wconf 75' lang='grc' dir='ltr'>μὲν</span> 
     </span>
    </p>
   </div>
   <div class='ocr_carea' id='block_1_25' title="bbox 2126 934 3762 1029">
    <p class='ocr_par' dir='ltr' id='par_1_25' title="bbox 2126 934 3762 1029">
     <span class='ocr_line' id='line_1_25' title="bbox 2126 934 3762 1029; baseline 0.012 -40"><span class='ocrx_word' id='word_1_138' title='bbox 2126 934 2279 1003; x_wconf 68' lang='grc' dir='ltr'>οὖσα,</span> <span class='ocrx_word' id='word_1_139' title='bbox 2309 936 2457 992; x_wconf 73' lang='grc' dir='ltr'>ἄλλα</span> <span class='ocrx_word' id='word_1_140' title='bbox 2501 938 2871 1015; x_wconf 79' lang='grc' dir='ltr'>χαλεπωτάτη</span> <span class='ocrx_word' id='word_1_141' title='bbox 2908 963 2919 974; x_wconf 91' lang='grc'>·</span> <span class='ocrx_word' id='word_1_142' title='bbox 2973 944 3025 999; x_wconf 89' lang='grc' dir='ltr'>ἐν</span> <span class='ocrx_word' id='word_1_143' title='bbox 3136 947 3342 1005; x_wconf 84' lang='grc' dir='ltr'>πολλοὶ</span> <span class='ocrx_word' id='word_1_144' title='bbox 3389 934 3479 1005; x_wconf 80' lang='grc' dir='ltr'>καὶ</span> <span class='ocrx_word' id='word_1_145' title='bbox 3528 934 3762 1029; x_wconf 84' lang='grc' dir='ltr'>μεγάλοι</span> 
     </span>
    </p>
   </div>
   <div class='ocr_carea' id='block_1_26' title="bbox 2124 1023 3764 1115">
    <p class='ocr_par' dir='ltr' id='par_1_26' title="bbox 2124 1023 3764 1115">
     <span class='ocr_line' id='line_1_26' title="bbox 2124 1023 3764 1115; baseline 0.012 -37"><span class='ocrx_word' id='word_1_146' title='bbox 2124 1023 2479 1100; x_wconf 82' lang='grc' dir='ltr'>ἆναχωρηταί</span> <span class='ocrx_word' id='word_1_147' title='bbox 2547 1028 2859 1086; x_wconf 77' lang='grc' dir='ltr'>κατοικοῦσι</span> <span class='ocrx_word' id='word_1_148' title='bbox 2896 1050 2908 1063; x_wconf 72' lang='grc' dir='ltr'><strong><em>ο</em></strong></span> <span class='ocrx_word' id='word_1_149' title='bbox 2971 1035 3208 1104; x_wconf 82' lang='grc' dir='ltr'>πλησίον</span> <span class='ocrx_word' id='word_1_150' title='bbox 3290 1023 3622 1115; x_wconf 28' lang='grc' dir='ltr'>ὑπάρχουσα,</span> <span class='ocrx_word' id='word_1_151' title='bbox 3664 1046 3764 1110; x_wconf 78' lang='grc' dir='ltr'>τῆς</span> 
     </span>
    </p>
   </div>
   <div class='ocr_carea' id='block_1_27' title="bbox 2125 1114 3765 1206">
    <p class='ocr_par' dir='ltr' id='par_1_27' title="bbox 2125 1114 3765 1206">
     <span class='ocr_line' id='line_1_27' title="bbox 2125 1114 3765 1206; baseline 0.012 -38"><span class='ocrx_word' id='word_1_152' title='bbox 2125 1114 2344 1187; x_wconf 85' lang='grc' dir='ltr'>Διόλκῳ</span> <span class='ocrx_word' id='word_1_153' title='bbox 2374 1114 2610 1179; x_wconf 88' lang='grc' dir='ltr'>πόλεως.</span> <span class='ocrx_word' id='word_1_154' title='bbox 2644 1116 2859 1192; x_wconf 85' lang='grc' dir='ltr'>Ἵδομεν</span> <span class='ocrx_word' id='word_1_155' title='bbox 2894 1118 2951 1174; x_wconf 73' lang='grc' dir='ltr'>δὲ</span> <span class='ocrx_word' id='word_1_156' title='bbox 2999 1121 3111 1176; x_wconf 82' lang='grc' dir='ltr'>ἐκεί</span> <span class='ocrx_word' id='word_1_157' title='bbox 3138 1114 3501 1201; x_wconf 81' lang='grc' dir='ltr'>πρεσϐύτερον</span> <span class='ocrx_word' id='word_1_158' title='bbox 3555 1131 3765 1206; x_wconf 78' lang='grc' dir='ltr'>Πατέρα</span> 
     </span>
    </p>
   </div>
   <div class='ocr_carea' id='block_1_28' title="bbox 2110 1204 3763 1286">
    <p class='ocr_par' dir='ltr' id='par_1_28' title="bbox 2110 1204 3763 1286">
     <span class='ocr_line' id='line_1_28' title="bbox 2110 1204 3763 1286; baseline 0.011 -29"><span class='ocrx_word' id='word_1_159' title='bbox 2110 1204 2299 1278; x_wconf 61' lang='grc' dir='ltr'>ἅγιον,</span> <span class='ocrx_word' id='word_1_160' title='bbox 2348 1206 2439 1260; x_wconf 86' lang='grc' dir='ltr'>καὶ</span> <span class='ocrx_word' id='word_1_161' title='bbox 2497 1204 2618 1262; x_wconf 90' lang='grc' dir='ltr'>λίαν</span> <span class='ocrx_word' id='word_1_162' title='bbox 2673 1209 2841 1282; x_wconf 75' lang='grc' dir='ltr'>μέγαν</span> <span class='ocrx_word' id='word_1_163' title='bbox 2896 1208 3453 1286; x_wconf 84' lang='grc' dir='ltr'>ταπεινόφρονα,καὶ</span> <span class='ocrx_word' id='word_1_164' title='bbox 3503 1204 3763 1283; x_wconf 76' lang='grc' dir='ltr'>ὀπτασίας</span> 
     </span>
    </p>
   </div>
   <div class='ocr_carea' id='block_1_29' title="bbox 2124 1297 3767 1382">
    <p class='ocr_par' dir='ltr' id='par_1_29' title="bbox 2124 1297 3767 1382">
     <span class='ocr_line' id='line_1_29' title="bbox 2124 1297 3767 1382; baseline 0.01 -35"><span class='ocrx_word' id='word_1_165' title='bbox 2124 1299 2370 1368; x_wconf 82' lang='grc' dir='ltr'>συνεχεῖς</span> <span class='ocrx_word' id='word_1_166' title='bbox 2417 1297 2649 1367; x_wconf 84' lang='grc' dir='ltr'>ὁρῶντα,</span> <span class='ocrx_word' id='word_1_167' title='bbox 2706 1299 2934 1371; x_wconf 86' lang='grc' dir='ltr'>ὀνόματι</span> <span class='ocrx_word' id='word_1_168' title='bbox 2987 1300 3308 1374; x_wconf 82' lang='grc' dir='ltr'>Ἀμμωνᾶν.</span> <span class='ocrx_word' id='word_1_169' title='bbox 3371 1304 3538 1367; x_wconf 79' lang='grc' dir='ltr'>Οὗτος</span> <span class='ocrx_word' id='word_1_170' title='bbox 3594 1328 3767 1382; x_wconf 90' lang='grc' dir='ltr'>προσ-</span> 
     </span>
    </p>
   </div>
   <div class='ocr_carea' id='block_1_30' title="bbox 2123 1382 3763 1469">
    <p class='ocr_par' dir='ltr' id='par_1_30' title="bbox 2123 1382 3763 1469">
     <span class='ocr_line' id='line_1_30' title="bbox 2123 1382 3763 1469; baseline 0.01 -35"><span class='ocrx_word' id='word_1_171' title='bbox 2123 1382 2298 1459; x_wconf 81' lang='grc' dir='ltr'>φέρων</span> <span class='ocrx_word' id='word_1_172' title='bbox 2356 1387 2433 1453; x_wconf 80' lang='grc' dir='ltr'>τῷ</span> <span class='ocrx_word' id='word_1_173' title='bbox 2486 1389 2601 1456; x_wconf 82' lang='grc' dir='ltr'>Θεῷ</span> <span class='ocrx_word' id='word_1_174' title='bbox 2658 1386 2792 1459; x_wconf 79' lang='grc' dir='ltr'>ἅπαξ</span> <span class='ocrx_word' id='word_1_175' title='bbox 2850 1389 2943 1450; x_wconf 74' lang='grc' dir='ltr'>τὰς</span> <span class='ocrx_word' id='word_1_176' title='bbox 3017 1387 3295 1467; x_wconf 83' lang='grc' dir='ltr'>λατρείας,</span> <span class='ocrx_word' id='word_1_177' title='bbox 3355 1394 3456 1467; x_wconf 83' lang='grc' dir='ltr'>ὁρᾷ</span> <span class='ocrx_word' id='word_1_178' title='bbox 3530 1394 3763 1469; x_wconf 84' lang='grc' dir='ltr'>ἄγγελον</span> 
     </span>
    </p>
   </div>
   <div class='ocr_carea' id='block_1_31' title="bbox 2124 1469 3766 1562">
    <p class='ocr_par' dir='ltr' id='par_1_31' title="bbox 2124 1469 3766 1562">
     <span class='ocr_line' id='line_1_31' title="bbox 2124 1469 3766 1562; baseline 0.01 -38"><span class='ocrx_word' id='word_1_179' title='bbox 2124 1470 2329 1525; x_wconf 75' lang='grc' dir='ltr'>ἑστῶτα</span> <span class='ocrx_word' id='word_1_180' title='bbox 2359 1470 2418 1524; x_wconf 82' lang='grc' dir='ltr'>ἐκ</span> <span class='ocrx_word' id='word_1_181' title='bbox 2466 1469 2649 1541; x_wconf 81' lang='grc' dir='ltr'>δεξιῶν</span> <span class='ocrx_word' id='word_1_182' title='bbox 2679 1479 2775 1529; x_wconf 78' lang='grc' dir='ltr'>τοῦ</span> <span class='ocrx_word' id='word_1_183' title='bbox 2824 1477 3231 1554; x_wconf 80' lang='grc' dir='ltr'>θυσιαστηρίου,</span> <span class='ocrx_word' id='word_1_184' title='bbox 3275 1482 3363 1536; x_wconf 79' lang='grc' dir='ltr'>καὶ</span> <span class='ocrx_word' id='word_1_185' title='bbox 3411 1482 3538 1545; x_wconf 71' lang='grc' dir='ltr'>τοὺς</span> <span class='ocrx_word' id='word_1_186' title='bbox 3592 1506 3766 1562; x_wconf 89' lang='grc' dir='ltr'>προσ-</span> 
     </span>
    </p>
   </div>
   <div class='ocr_carea' id='block_1_32' title="bbox 2125 1561 3765 1643">
    <p class='ocr_par' dir='ltr' id='par_1_32' title="bbox 2125 1561 3765 1643">
     <span class='ocr_line' id='line_1_32' title="bbox 2125 1561 3765 1643; baseline 0.011 -32"><span class='ocrx_word' id='word_1_187' title='bbox 2125 1562 2461 1633; x_wconf 66' lang='grc' dir='ltr'>ερχομένους</span> <span class='ocrx_word' id='word_1_188' title='bbox 2507 1565 2575 1633; x_wconf 81' lang='grc' dir='ltr'>τῇ</span> <span class='ocrx_word' id='word_1_189' title='bbox 2635 1564 2821 1636; x_wconf 86' lang='grc' dir='ltr'>χάριτι</span> <span class='ocrx_word' id='word_1_190' title='bbox 2880 1561 3149 1640; x_wconf 77' lang='grc' dir='ltr'>ἀδελφοὺς</span> <span class='ocrx_word' id='word_1_191' title='bbox 3200 1561 3642 1643; x_wconf 70' lang='grc' dir='ltr'>σημειούμενον.</span> <span class='ocrx_word' id='word_1_192' title='bbox 3674 1576 3765 1629; x_wconf 68' lang='grc' dir='ltr'>καὶ</span> 
     </span>
    </p>
   </div>
   <div class='ocr_carea' id='block_1_33' title="bbox 2122 1648 3765 1736">
    <p class='ocr_par' dir='ltr' id='par_1_33' title="bbox 2122 1648 3765 1736">
     <span class='ocr_line' id='line_1_33' title="bbox 2122 1648 3765 1736; baseline 0.011 -36"><span class='ocrx_word' id='word_1_193' title='bbox 2122 1648 2398 1726; x_wconf 77' lang='grc' dir='ltr'>γράφοντα</span> <span class='ocrx_word' id='word_1_194' title='bbox 2443 1649 2621 1736; x_wconf 76' lang='grc' dir='ltr'>αύτῶν</span> <span class='ocrx_word' id='word_1_195' title='bbox 2668 1652 2736 1705; x_wconf 73' lang='grc' dir='ltr'>τά</span> <span class='ocrx_word' id='word_1_196' title='bbox 2784 1652 3025 1725; x_wconf 80' lang='grc' dir='ltr'>ὀνόματα</span> <span class='ocrx_word' id='word_1_197' title='bbox 3072 1653 3123 1709; x_wconf 79' lang='grc' dir='ltr'>ἐν</span> <span class='ocrx_word' id='word_1_198' title='bbox 3172 1652 3396 1730; x_wconf 81' lang='grc' dir='ltr'>βιϐλίῳ.</span> <span class='ocrx_word' id='word_1_199' title='bbox 3452 1661 3541 1728; x_wconf 81' lang='grc' dir='ltr'>Μὴ</span> <span class='ocrx_word' id='word_1_200' title='bbox 3593 1683 3765 1736; x_wconf 83' lang='grc' dir='ltr'>παρα-</span> 
     </span>
    </p>
   </div>
   <div class='ocr_carea' id='block_1_34' title="bbox 2122 1735 3765 1823">
    <p class='ocr_par' dir='ltr' id='par_1_34' title="bbox 2122 1735 3765 1823">
     <span class='ocr_line' id='line_1_34' title="bbox 2122 1735 3765 1823; baseline 0.009 -33"><span class='ocrx_word' id='word_1_201' title='bbox 2122 1736 2423 1810; x_wconf 75' lang='grc' dir='ltr'>γενομένων</span> <span class='ocrx_word' id='word_1_202' title='bbox 2484 1735 2540 1792; x_wconf 77' lang='grc' dir='ltr'>δὲ</span> <span class='ocrx_word' id='word_1_203' title='bbox 2613 1760 2774 1795; x_wconf 90' lang='grc' dir='ltr'>τινων</span> <span class='ocrx_word' id='word_1_204' title='bbox 2831 1739 2885 1795; x_wconf 89' lang='grc' dir='ltr'>ἐν</span> <span class='ocrx_word' id='word_1_205' title='bbox 2964 1744 3194 1816; x_wconf 78' lang='grc' dir='ltr'>συνάξει,</span> <span class='ocrx_word' id='word_1_206' title='bbox 3253 1743 3334 1800; x_wconf 69' lang='grc' dir='ltr'>ἴδε</span> <span class='ocrx_word' id='word_1_207' title='bbox 3406 1748 3474 1803; x_wconf 75' lang='grc' dir='ltr'>τά</span> <span class='ocrx_word' id='word_1_208' title='bbox 3528 1735 3765 1823; x_wconf 86' lang='grc' dir='ltr'>ὀνόματα</span> 
     </span>
    </p>
   </div>
   <div class='ocr_carea' id='block_1_35' title="bbox 2125 1824 3766 1914">
    <p class='ocr_par' dir='ltr' id='par_1_35' title="bbox 2125 1824 3766 1914">
     <span class='ocr_line' id='line_1_35' title="bbox 2125 1824 3766 1914; baseline 0.009 -35"><span class='ocrx_word' id='word_1_209' title='bbox 2125 1824 2301 1881; x_wconf 84' lang='grc' dir='ltr'>αὐτῶν</span> <span class='ocrx_word' id='word_1_210' title='bbox 2350 1825 2777 1905; x_wconf 82' lang='grc' dir='ltr'>ἆπαλειφόμενα.</span> <span class='ocrx_word' id='word_1_211' title='bbox 2829 1833 2890 1886; x_wconf 80' lang='grc' dir='ltr'>Οἱ</span> <span class='ocrx_word' id='word_1_212' title='bbox 2942 1829 2999 1886; x_wconf 77' lang='grc' dir='ltr'>δὲ</span> <span class='ocrx_word' id='word_1_213' title='bbox 3045 1833 3181 1904; x_wconf 78' lang='grc' dir='ltr'>μετὰ</span> <span class='ocrx_word' id='word_1_214' title='bbox 3226 1832 3501 1910; x_wconf 84' lang='grc' dir='ltr'>δεκατρεῖς</span> <span class='ocrx_word' id='word_1_215' title='bbox 3555 1839 3766 1914; x_wconf 65' lang='grc' dir='ltr'>ἡμέρας</span> 
     </span>
    </p>
   </div>
   <div class='ocr_carea' id='block_1_36' title="bbox 453 1887 3768 2004">
    <p class='ocr_par' dir='ltr' id='par_1_36' title="bbox 453 1887 3768 2004">
     <span class='ocr_line' id='line_1_36' title="bbox 453 1887 3768 2004; baseline 0.004 -33"><span class='ocrx_word' id='word_1_216' title='bbox 453 1913 669 1990; x_wconf 86' lang='grc' dir='ltr'>’Ίδομεν</span> <span class='ocrx_word' id='word_1_217' title='bbox 704 1912 762 1970; x_wconf 77' lang='grc' dir='ltr'>δὲ</span> <span class='ocrx_word' id='word_1_218' title='bbox 806 1914 897 1971; x_wconf 84' lang='grc' dir='ltr'>καὶ</span> <span class='ocrx_word' id='word_1_219' title='bbox 947 1914 1158 1990; x_wconf 79' lang='grc' dir='ltr'>Πατέρα</span> <span class='ocrx_word' id='word_1_220' title='bbox 1201 1915 1319 1969; x_wconf 85' lang='grc' dir='ltr'>τινὰ</span> <span class='ocrx_word' id='word_1_221' title='bbox 1364 1919 1473 1969; x_wconf 88' lang='grc' dir='ltr'>τῶν</span> <span class='ocrx_word' id='word_1_222' title='bbox 1524 1914 1654 1983; x_wconf 81' lang='grc' dir='ltr'>ἐκεῖ,</span> <span class='ocrx_word' id='word_1_223' title='bbox 1693 1914 2015 1987; x_wconf 81' lang='grc' dir='ltr'>’Λμμώνιον</span> <span class='ocrx_word' id='word_1_224' title='bbox 2046 1887 2096 1955; x_wconf 79' lang='grc' dir='ltr'><strong>Β</strong></span> <span class='ocrx_word' id='word_1_225' title='bbox 2128 1915 2503 1989; x_wconf 84' lang='grc' dir='ltr'>ἐτελεύτησαν.</span> <span class='ocrx_word' id='word_1_226' title='bbox 2552 1924 2750 1976; x_wconf 73' lang='grc' dir='ltr'>Τοῦτον</span> <span class='ocrx_word' id='word_1_227' title='bbox 2800 1920 3073 1986; x_wconf 80' lang='grc' dir='ltr'>πολλάκις</span> <span class='ocrx_word' id='word_1_228' title='bbox 3123 1925 3175 1979; x_wconf 74' lang='grc' dir='ltr'>οἱ</span> <span class='ocrx_word' id='word_1_229' title='bbox 3234 1887 3487 2000; x_wconf 58' lang='grc' dir='ltr'>δαίμοΓνες</span> <span class='ocrx_word' id='word_1_230' title='bbox 3538 1887 3768 2004; x_wconf 53' lang='grc' dir='ltr'>βαῖαῖις</span> 
     </span>
    </p>
   </div>
   <div class='ocr_carea' id='block_1_37' title="bbox 382 2002 2018 2081">
    <p class='ocr_par' dir='ltr' id='par_1_37' title="bbox 382 2002 2018 2081">
     <span class='ocr_line' id='line_1_37' title="bbox 382 2002 2018 2081; baseline -0.002 -21"><span class='ocrx_word' id='word_1_231' title='bbox 382 2004 634 2078; x_wconf 80' lang='grc' dir='ltr'>ὀνόματι,</span> <span class='ocrx_word' id='word_1_232' title='bbox 694 2004 934 2081; x_wconf 78' lang='grc' dir='ltr'>ἐξαίρετα</span> <span class='ocrx_word' id='word_1_233' title='bbox 994 2002 1192 2060; x_wconf 75' lang='grc' dir='ltr'>κέλλια</span> <span class='ocrx_word' id='word_1_234' title='bbox 1265 2002 1463 2079; x_wconf 79' lang='grc' dir='ltr'>ἔχοντα</span> <span class='ocrx_word' id='word_1_235' title='bbox 1530 2003 1620 2059; x_wconf 75' lang='grc' dir='ltr'>καὶ</span> <span class='ocrx_word' id='word_1_236' title='bbox 1679 2002 1854 2072; x_wconf 82' lang='grc' dir='ltr'>αύλήν</span> <span class='ocrx_word' id='word_1_237' title='bbox 1927 2004 2018 2057; x_wconf 85' lang='grc' dir='ltr'>καὶ</span> 
     </span>
    </p>
   </div>
   <div class='ocr_carea' id='block_1_38' title="bbox 381 2089 2017 2172">
    <p class='ocr_par' dir='ltr' id='par_1_38' title="bbox 381 2089 2017 2172">
     <span class='ocr_line' id='line_1_38' title="bbox 381 2089 2017 2172; baseline -0.002 -22"><span class='ocrx_word' id='word_1_238' title='bbox 381 2094 547 2172; x_wconf 86' lang='grc' dir='ltr'>φρέαρ</span> <span class='ocrx_word' id='word_1_239' title='bbox 604 2097 695 2150; x_wconf 79' lang='grc' dir='ltr'>καὶ</span> <span class='ocrx_word' id='word_1_240' title='bbox 746 2096 839 2157; x_wconf 72' lang='grc' dir='ltr'>τὰς</span> <span class='ocrx_word' id='word_1_241' title='bbox 898 2093 1098 2156; x_wconf 79' lang='grc' dir='ltr'>λοιπάς</span> <span class='ocrx_word' id='word_1_242' title='bbox 1155 2093 1366 2170; x_wconf 89' lang='grc' dir='ltr'>χρείας.</span> <span class='ocrx_word' id='word_1_243' title='bbox 1424 2093 1714 2155; x_wconf 89' lang='grc' dir='ltr'>Ἐλθόντος</span> <span class='ocrx_word' id='word_1_244' title='bbox 1772 2089 1830 2147; x_wconf 77' lang='grc' dir='ltr'>δὲ</span> <span class='ocrx_word' id='word_1_245' title='bbox 1881 2092 2017 2166; x_wconf 82' lang='grc' dir='ltr'>πρὸς</span> 
     </span>
    </p>
   </div>
   <div class='ocr_carea' id='block_1_39' title="bbox 381 2179 2018 2261">
    <p class='ocr_par' dir='ltr' id='par_1_39' title="bbox 381 2179 2018 2261">
     <span class='ocr_line' id='line_1_39' title="bbox 381 2179 2018 2261; baseline -0.002 -22"><span class='ocrx_word' id='word_1_246' title='bbox 381 2186 543 2241; x_wconf 84' lang='grc' dir='ltr'>αὐτόν</span> <span class='ocrx_word' id='word_1_247' title='bbox 584 2203 732 2247; x_wconf 92' lang='grc' dir='ltr'>τινος</span> <span class='ocrx_word' id='word_1_248' title='bbox 782 2180 1042 2261; x_wconf 81' lang='grc' dir='ltr'>ἀδελφοῦ,</span> <span class='ocrx_word' id='word_1_249' title='bbox 1096 2185 1335 2253; x_wconf 85' lang='grc' dir='ltr'>σωθῆναι</span> <span class='ocrx_word' id='word_1_250' title='bbox 1385 2179 1734 2253; x_wconf 77' lang='grc' dir='ltr'>σπεύδοντος,</span> <span class='ocrx_word' id='word_1_251' title='bbox 1782 2180 1871 2236; x_wconf 86' lang='grc' dir='ltr'>καὶ</span> <span class='ocrx_word' id='word_1_252' title='bbox 1924 2179 2018 2236; x_wconf 80' lang='grc' dir='ltr'>λέ-</span> 
     </span>
    </p>
   </div>
   <div class='ocr_carea' id='block_1_40' title="bbox 379 2269 2018 2352">
    <p class='ocr_par' dir='ltr' id='par_1_40' title="bbox 379 2269 2018 2352">
     <span class='ocr_line' id='line_1_40' title="bbox 379 2269 2018 2352; baseline -0.004 -22"><span class='ocrx_word' id='word_1_253' title='bbox 379 2295 568 2352; x_wconf 86' lang='grc' dir='ltr'>γοντος</span> <span class='ocrx_word' id='word_1_254' title='bbox 620 2273 766 2347; x_wconf 84' lang='grc' dir='ltr'>αύτῷ</span> <span class='ocrx_word' id='word_1_255' title='bbox 822 2272 1055 2328; x_wconf 84' lang='grc' dir='ltr'>ἐπινοεῖν</span> <span class='ocrx_word' id='word_1_256' title='bbox 1110 2272 1255 2344; x_wconf 84' lang='grc' dir='ltr'>αὐτῷ</span> <span class='ocrx_word' id='word_1_257' title='bbox 1312 2271 1530 2327; x_wconf 81' lang='grc' dir='ltr'>κελλίον</span> <span class='ocrx_word' id='word_1_258' title='bbox 1590 2272 1727 2347; x_wconf 83' lang='grc' dir='ltr'>πρὸς</span> <span class='ocrx_word' id='word_1_259' title='bbox 1778 2269 2018 2342; x_wconf 78' lang='grc' dir='ltr'>οἷ’κησιν,</span> 
     </span>
    </p>
   </div>
   <div class='ocr_carea' id='block_1_41' title="bbox 381 2359 2023 2438">
    <p class='ocr_par' dir='ltr' id='par_1_41' title="bbox 381 2359 2023 2438">
     <span class='ocr_line' id='line_1_41' title="bbox 381 2359 2023 2438; baseline -0.002 -19"><span class='ocrx_word' id='word_1_260' title='bbox 381 2364 442 2429; x_wconf 83' lang='grc' dir='ltr'>’ὀς</span> <span class='ocrx_word' id='word_1_261' title='bbox 467 2363 555 2418; x_wconf 87' lang='grc' dir='ltr'>ἐπὶ</span> <span class='ocrx_word' id='word_1_262' title='bbox 585 2363 763 2436; x_wconf 89' lang='grc' dir='ltr'>τούτῳ</span> <span class='ocrx_word' id='word_1_263' title='bbox 811 2360 1063 2432; x_wconf 80' lang='grc' dir='ltr'>ἐξελθὼν,</span> <span class='ocrx_word' id='word_1_264' title='bbox 1095 2359 1469 2438; x_wconf 84' lang='grc' dir='ltr'>παρήγγειλεν</span> <span class='ocrx_word' id='word_1_265' title='bbox 1516 2361 1664 2434; x_wconf 79' lang='grc' dir='ltr'>αὐτῷ</span> <span class='ocrx_word' id='word_1_266' title='bbox 1697 2363 1773 2434; x_wconf 74' lang='grc' dir='ltr'>μὴ</span> <span class='ocrx_word' id='word_1_267' title='bbox 1804 2361 2023 2437; x_wconf 85' lang='grc' dir='ltr'>ἀναχω-</span> 
     </span>
    </p>
   </div>
   <div class='ocr_carea' id='block_1_42' title="bbox 382 2447 2020 2528">
    <p class='ocr_par' dir='ltr' id='par_1_42' title="bbox 382 2447 2020 2528">
     <span class='ocr_line' id='line_1_42' title="bbox 382 2447 2020 2528; baseline -0.002 -20"><span class='ocrx_word' id='word_1_268' title='bbox 382 2458 494 2528; x_wconf 89' lang='grc' dir='ltr'>ρεῖν</span> <span class='ocrx_word' id='word_1_269' title='bbox 525 2451 686 2507; x_wconf 81' lang='grc' dir='ltr'>αὐτὸν</span> <span class='ocrx_word' id='word_1_270' title='bbox 714 2450 774 2506; x_wconf 87' lang='grc' dir='ltr'>ἐκ</span> <span class='ocrx_word' id='word_1_271' title='bbox 801 2456 909 2506; x_wconf 90' lang='grc' dir='ltr'>τῶν</span> <span class='ocrx_word' id='word_1_272' title='bbox 955 2448 1215 2520; x_wconf 87' lang='grc' dir='ltr'>κελλίων,</span> <span class='ocrx_word' id='word_1_273' title='bbox 1247 2447 1412 2525; x_wconf 76' lang='grc' dir='ltr'>ἄχρις</span> <span class='ocrx_word' id='word_1_274' title='bbox 1441 2448 1503 2504; x_wconf 78' lang='grc' dir='ltr'>ἂν</span> <span class='ocrx_word' id='word_1_275' title='bbox 1556 2450 1686 2525; x_wconf 78' lang='grc' dir='ltr'>εὕρῃ</span> <span class='ocrx_word' id='word_1_276' title='bbox 1720 2451 1869 2522; x_wconf 79' lang='grc' dir='ltr'>αὐτῷ</span> <span class='ocrx_word' id='word_1_277' title='bbox 1901 2449 2020 2528; x_wconf 83' lang='grc' dir='ltr'>ἐπι-</span> 
     </span>
    </p>
   </div>
   <div class='ocr_carea' id='block_1_43' title="bbox 378 2526 2020 2617">
    <p class='ocr_par' dir='ltr' id='par_1_43' title="bbox 378 2535 2020 2617">
     <span class='ocr_line' id='line_1_43' title="bbox 378 2535 2020 2617; baseline -0.002 -20"><span class='ocrx_word' id='word_1_278' title='bbox 378 2539 595 2613; x_wconf 86' lang='grc' dir='ltr'>τήδειον</span> <span class='ocrx_word' id='word_1_279' title='bbox 624 2541 964 2617; x_wconf 84' lang='grc' dir='ltr'>καταγώγιον</span> <span class='ocrx_word' id='word_1_280' title='bbox 999 2559 1013 2573; x_wconf 75' lang='grc' dir='ltr'><strong>ο</strong></span> <span class='ocrx_word' id='word_1_281' title='bbox 1045 2539 1134 2595; x_wconf 83' lang='grc' dir='ltr'>καὶ</span> <span class='ocrx_word' id='word_1_282' title='bbox 1165 2537 1481 2596; x_wconf 87' lang='grc' dir='ltr'>καταλιπὼν</span> <span class='ocrx_word' id='word_1_283' title='bbox 1516 2538 1663 2611; x_wconf 79' lang='grc' dir='ltr'>αύτῷ</span> <span class='ocrx_word' id='word_1_284' title='bbox 1695 2541 1871 2595; x_wconf 84' lang='grc' dir='ltr'>πάντα</span> <span class='ocrx_word' id='word_1_285' title='bbox 1923 2535 2020 2594; x_wconf 78' lang='grc' dir='ltr'>ὅσα</span> 
     </span>
    </p>
   </div>
   <div class='ocr_carea' id='block_1_44' title="bbox 381 2627 2022 2706">
    <p class='ocr_par' dir='ltr' id='par_1_44' title="bbox 381 2627 2022 2706">
     <span class='ocr_line' id='line_1_44' title="bbox 381 2627 2022 2706; baseline -0.002 -19"><span class='ocrx_word' id='word_1_286' title='bbox 381 2632 497 2706; x_wconf 74' lang='grc' dir='ltr'>εἶχε</span> <span class='ocrx_word' id='word_1_287' title='bbox 526 2629 621 2684; x_wconf 72' lang='grc' dir='ltr'>σὺν</span> <span class='ocrx_word' id='word_1_288' title='bbox 668 2628 856 2691; x_wconf 77' lang='grc' dir='ltr'>αὐτοῖς</span> <span class='ocrx_word' id='word_1_289' title='bbox 897 2634 1013 2692; x_wconf 90' lang='grc' dir='ltr'>τοῖς</span> <span class='ocrx_word' id='word_1_290' title='bbox 1058 2627 1325 2698; x_wconf 82' lang='grc' dir='ltr'>κελλίοις,</span> <span class='ocrx_word' id='word_1_291' title='bbox 1356 2629 1543 2684; x_wconf 76' lang='grc' dir='ltr'>ἑαυτὸν</span> <span class='ocrx_word' id='word_1_292' title='bbox 1597 2628 1674 2690; x_wconf 86' lang='grc' dir='ltr'>εἰς</span> <span class='ocrx_word' id='word_1_293' title='bbox 1727 2630 1921 2704; x_wconf 88' lang='grc' dir='ltr'>μικρόν</span> <span class='ocrx_word' id='word_1_294' title='bbox 1968 2650 2022 2684; x_wconf 91' lang='grc' dir='ltr'>τι</span> 
     </span>
    </p>
   </div>
   <div class='ocr_carea' id='block_1_45' title="bbox 380 2715 2021 2794">
    <p class='ocr_par' dir='ltr' id='par_1_45' title="bbox 380 2715 2021 2794">
     <span class='ocr_line' id='line_1_45' title="bbox 380 2715 2021 2794; baseline -0.001 -19"><span class='ocrx_word' id='word_1_295' title='bbox 380 2719 603 2776; x_wconf 90' lang='grc' dir='ltr'>κελλίον</span> <span class='ocrx_word' id='word_1_296' title='bbox 634 2718 840 2794; x_wconf 71' lang='grc' dir='ltr'>μακρὰν</span> <span class='ocrx_word' id='word_1_297' title='bbox 869 2718 1067 2774; x_wconf 87' lang='grc' dir='ltr'>ἐκεῖθεν</span> <span class='ocrx_word' id='word_1_298' title='bbox 1097 2717 1438 2774; x_wconf 76' lang='grc' dir='ltr'>ἀπέκλεισεν.</span> <span class='ocrx_word' id='word_1_299' title='bbox 1473 2717 1534 2774; x_wconf 85' lang='grc' dir='ltr'>Εἰ</span> <span class='ocrx_word' id='word_1_300' title='bbox 1568 2715 1624 2773; x_wconf 78' lang='grc' dir='ltr'>δὲ</span> <span class='ocrx_word' id='word_1_301' title='bbox 1653 2717 1743 2772; x_wconf 83' lang='grc' dir='ltr'>καὶ</span> <span class='ocrx_word' id='word_1_302' title='bbox 1774 2716 2021 2780; x_wconf 88' lang='grc' dir='ltr'>πλείονες</span> 
     </span>
    </p>
   </div>
   <div class='ocr_carea' id='block_1_46' title="bbox 381 2807 2021 2885">
    <p class='ocr_par' dir='ltr' id='par_1_46' title="bbox 381 2807 2021 2885">
     <span class='ocr_line' id='line_1_46' title="bbox 381 2807 2021 2885; baseline -0.001 -20"><span class='ocrx_word' id='word_1_303' title='bbox 381 2810 518 2879; x_wconf 75' lang='grc' dir='ltr'>ἦσαν</span> <span class='ocrx_word' id='word_1_304' title='bbox 550 2811 602 2864; x_wconf 77' lang='grc' dir='ltr'>οἱ</span> <span class='ocrx_word' id='word_1_305' title='bbox 634 2808 1025 2885; x_wconf 88' lang='grc' dir='ltr'>συνερχόμενοι</span> <span class='ocrx_word' id='word_1_306' title='bbox 1056 2810 1293 2878; x_wconf 79' lang='grc' dir='ltr'>σωθῆναι</span> <span class='ocrx_word' id='word_1_307' title='bbox 1324 2807 1594 2877; x_wconf 79' lang='grc' dir='ltr'>θέλοντες,</span> <span class='ocrx_word' id='word_1_308' title='bbox 1623 2811 1819 2884; x_wconf 75' lang='grc' dir='ltr'>συνῆγε</span> <span class='ocrx_word' id='word_1_309' title='bbox 1848 2813 2021 2864; x_wconf 80' lang='grc' dir='ltr'>πᾶσαν</span> 
     </span>
    </p>
   </div>
   <div class='ocr_carea' id='block_1_47' title="bbox 383 2894 2023 2974">
    <p class='ocr_par' dir='ltr' id='par_1_47' title="bbox 383 2894 2023 2974">
     <span class='ocr_line' id='line_1_47' title="bbox 383 2894 2023 2974; baseline -0.001 -21"><span class='ocrx_word' id='word_1_310' title='bbox 383 2899 483 2967; x_wconf 74' lang='grc' dir='ltr'>τὴν</span> <span class='ocrx_word' id='word_1_311' title='bbox 512 2894 857 2974; x_wconf 76' lang='grc' dir='ltr'>ἀδελφότητα</span> <span class='ocrx_word' id='word_1_312' title='bbox 887 2916 902 2930; x_wconf 79' lang='grc'><strong>“</strong></span> <span class='ocrx_word' id='word_1_313' title='bbox 952 2897 1168 2953; x_wconf 76' lang='grc' dir='ltr'>καὶτοῦ</span> <span class='ocrx_word' id='word_1_314' title='bbox 1210 2897 1304 2969; x_wconf 74' lang='grc' dir='ltr'>μὲν</span> <span class='ocrx_word' id='word_1_315' title='bbox 1352 2896 1612 2958; x_wconf 81' lang='grc' dir='ltr'>πλίνθους</span> <span class='ocrx_word' id='word_1_316' title='bbox 1657 2894 2023 2965; x_wconf 82' lang='grc' dir='ltr'>ἐπιδιδόντος,</span> 
     </span>
    </p>
   </div>
   <div class='ocr_carea' id='block_1_48' title="bbox 384 2985 2021 3064">
    <p class='ocr_par' dir='ltr' id='par_1_48' title="bbox 384 2985 2021 3064">
     <span class='ocr_line' id='line_1_48' title="bbox 384 2985 2021 3064; baseline 0.001 -22"><span class='ocrx_word' id='word_1_317' title='bbox 384 2991 480 3043; x_wconf 79' lang='grc' dir='ltr'>τοῦ</span> <span class='ocrx_word' id='word_1_318' title='bbox 511 2985 569 3043; x_wconf 68' lang='grc' dir='ltr'>δὲ</span> <span class='ocrx_word' id='word_1_319' title='bbox 597 2985 767 3064; x_wconf 78' lang='grc' dir='ltr'>ὕδωρ,</span> <span class='ocrx_word' id='word_1_320' title='bbox 800 2986 853 3043; x_wconf 83' lang='grc' dir='ltr'>ἐν</span> <span class='ocrx_word' id='word_1_321' title='bbox 887 2988 1070 3064; x_wconf 77' lang='grc' dir='ltr'>ἡμέρᾳ</span> <span class='ocrx_word' id='word_1_322' title='bbox 1120 2992 1218 3060; x_wconf 85' lang='grc' dir='ltr'>μιᾷ</span> <span class='ocrx_word' id='word_1_323' title='bbox 1243 2986 1310 3042; x_wconf 77' lang='grc' dir='ltr'>τὰ</span> <span class='ocrx_word' id='word_1_324' title='bbox 1359 2985 1555 3042; x_wconf 89' lang='grc' dir='ltr'>κελλία</span> <span class='ocrx_word' id='word_1_325' title='bbox 1585 2987 2021 3060; x_wconf 79' lang='grc' dir='ltr'>ἀπεπληροῧντο.</span> 
     </span>
    </p>
   </div>
   <div class='ocr_carea' id='block_1_49' title="bbox 385 3074 2020 3151">
    <p class='ocr_par' dir='ltr' id='par_1_49' title="bbox 385 3074 2020 3151">
     <span class='ocr_line' id='line_1_49' title="bbox 385 3074 2020 3151; baseline 0 -20"><span class='ocrx_word' id='word_1_326' title='bbox 385 3076 517 3140; x_wconf 76' lang='grc' dir='ltr'>Τοὺς</span> <span class='ocrx_word' id='word_1_327' title='bbox 546 3075 603 3132; x_wconf 78' lang='grc' dir='ltr'>δὲ</span> <span class='ocrx_word' id='word_1_328' title='bbox 636 3076 939 3151; x_wconf 81' lang='grc' dir='ltr'>μέλλοντας</span> <span class='ocrx_word' id='word_1_329' title='bbox 968 3076 1134 3132; x_wconf 86' lang='grc' dir='ltr'>οἰκεῖν</span> <span class='ocrx_word' id='word_1_330' title='bbox 1162 3077 1229 3131; x_wconf 79' lang='grc' dir='ltr'>τὰ</span> <span class='ocrx_word' id='word_1_331' title='bbox 1254 3074 1451 3131; x_wconf 88' lang='grc' dir='ltr'>κελλία</span> <span class='ocrx_word' id='word_1_332' title='bbox 1480 3075 1707 3131; x_wconf 81' lang='grc' dir='ltr'>ἐκάλουν</span> <span class='ocrx_word' id='word_1_333' title='bbox 1738 3076 1875 3150; x_wconf 88' lang='grc' dir='ltr'>πρὸς</span> <span class='ocrx_word' id='word_1_334' title='bbox 1921 3077 2020 3145; x_wconf 80' lang='grc' dir='ltr'>τήν</span> 
     </span>
    </p>
   </div>
   <div class='ocr_carea' id='block_1_50' title="bbox 388 3161 2024 3245">
    <p class='ocr_par' dir='ltr' id='par_1_50' title="bbox 388 3161 2024 3245">
     <span class='ocr_line' id='line_1_50' title="bbox 388 3161 2024 3245; baseline -0.001 -23"><span class='ocrx_word' id='word_1_335' title='bbox 388 3166 676 3239; x_wconf 86' lang='grc' dir='ltr'>ἐκκλησίαν</span> <span class='ocrx_word' id='word_1_336' title='bbox 710 3168 785 3228; x_wconf 83' lang='grc' dir='ltr'>εἰς</span> <span class='ocrx_word' id='word_1_337' title='bbox 833 3165 1071 3245; x_wconf 79' lang='grc' dir='ltr'>εὐωχίαν</span> <span class='ocrx_word' id='word_1_338' title='bbox 1103 3186 1116 3200; x_wconf 79' lang='grc'><em>’</em></span> <span class='ocrx_word' id='word_1_339' title='bbox 1166 3165 1255 3220; x_wconf 85' lang='grc' dir='ltr'>καὶ</span> <span class='ocrx_word' id='word_1_340' title='bbox 1287 3167 1361 3227; x_wconf 84' lang='grc' dir='ltr'>ὡς</span> <span class='ocrx_word' id='word_1_341' title='bbox 1410 3161 1489 3220; x_wconf 80' lang='grc' dir='ltr'>ἔτι</span> <span class='ocrx_word' id='word_1_342' title='bbox 1538 3163 1733 3220; x_wconf 84' lang='grc' dir='ltr'>ἐκεῖνοι</span> <span class='ocrx_word' id='word_1_343' title='bbox 1782 3164 2024 3243; x_wconf 83' lang='grc' dir='ltr'>ηὐφραί-</span> 
     </span>
    </p>
   </div>
   <div class='ocr_carea' id='block_1_51' title="bbox 387 3253 2107 3329">
    <p class='ocr_par' dir='ltr' id='par_1_51' title="bbox 387 3253 2107 3329">
     <span class='ocr_line' id='line_1_51' title="bbox 387 3253 2107 3329; baseline -0.001 -18"><span class='ocrx_word' id='word_1_344' title='bbox 387 3278 565 3328; x_wconf 86' lang='grc' dir='ltr'>νοντο,</span> <span class='ocrx_word' id='word_1_345' title='bbox 590 3255 814 3321; x_wconf 70' lang='grc' dir='ltr'>ἕκαστος</span> <span class='ocrx_word' id='word_1_346' title='bbox 843 3257 902 3312; x_wconf 86' lang='grc' dir='ltr'>ἐκ</span> <span class='ocrx_word' id='word_1_347' title='bbox 924 3259 1021 3311; x_wconf 74' lang='grc' dir='ltr'>τοῦ</span> <span class='ocrx_word' id='word_1_348' title='bbox 1052 3255 1256 3311; x_wconf 76' lang='grc' dir='ltr'>οἰκείου</span> <span class='ocrx_word' id='word_1_349' title='bbox 1304 3253 1530 3311; x_wconf 90' lang='grc' dir='ltr'>κελλίου</span> <span class='ocrx_word' id='word_1_350' title='bbox 1561 3255 1788 3329; x_wconf 84' lang='grc' dir='ltr'>γεμίσας</span> <span class='ocrx_word' id='word_1_351' title='bbox 1834 3255 2024 3311; x_wconf 71' lang='grc' dir='ltr'>ἑαυτοῦ</span> <span class='ocrx_word' id='word_1_352' title='bbox 2057 3261 2107 3327; x_wconf 80' lang='lat' dir='ltr'><strong><em>C</em></strong></span> 
     </span>
    </p>
   </div>
   <div class='ocr_carea' id='block_1_52' title="bbox 386 3342 2022 3420">
    <p class='ocr_par' dir='ltr' id='par_1_52' title="bbox 386 3342 2022 3420">
     <span class='ocr_line' id='line_1_52' title="bbox 386 3342 2022 3420; baseline -0.001 -19"><span class='ocrx_word' id='word_1_353' title='bbox 386 3348 485 3416; x_wconf 77' lang='grc' dir='ltr'>τήν</span> <span class='ocrx_word' id='word_1_354' title='bbox 523 3344 790 3420; x_wconf 74' lang='grc' dir='ltr'>μηλωτῆν</span> <span class='ocrx_word' id='word_1_355' title='bbox 830 3347 865 3417; x_wconf 75' lang='grc' dir='ltr'><strong>ἢ</strong></span> <span class='ocrx_word' id='word_1_356' title='bbox 912 3346 1010 3414; x_wconf 77' lang='grc' dir='ltr'>τὴν</span> <span class='ocrx_word' id='word_1_357' title='bbox 1060 3343 1292 3419; x_wconf 86' lang='grc' dir='ltr'>σπυρίδα</span> <span class='ocrx_word' id='word_1_358' title='bbox 1341 3342 1540 3420; x_wconf 81' lang='grc' dir='ltr'>ἇίρτων,</span> <span class='ocrx_word' id='word_1_359' title='bbox 1571 3345 1607 3413; x_wconf 72' lang='grc' dir='ltr'><strong>ἢ</strong></span> <span class='ocrx_word' id='word_1_360' title='bbox 1657 3348 1764 3399; x_wconf 88' lang='grc' dir='ltr'>τῶν</span> <span class='ocrx_word' id='word_1_361' title='bbox 1812 3343 2022 3400; x_wconf 78' lang='grc' dir='ltr'>λοιπῶν</span> 
     </span>
    </p>
   </div>
   <div class='ocr_carea' id='block_1_53' title="bbox 390 3431 2024 3511">
    <p class='ocr_par' dir='ltr' id='par_1_53' title="bbox 390 3431 2024 3511">
     <span class='ocr_line' id='line_1_53' title="bbox 390 3431 2024 3511; baseline 0 -23"><span class='ocrx_word' id='word_1_362' title='bbox 390 3432 730 3505; x_wconf 75' lang='grc' dir='ltr'>ἐπιτηδείων,</span> <span class='ocrx_word' id='word_1_363' title='bbox 762 3434 837 3496; x_wconf 89' lang='grc' dir='ltr'>εἰς</span> <span class='ocrx_word' id='word_1_364' title='bbox 882 3434 949 3490; x_wconf 77' lang='grc' dir='ltr'>τὰ</span> <span class='ocrx_word' id='word_1_365' title='bbox 977 3434 1068 3507; x_wconf 82' lang='grc' dir='ltr'>νέα</span> <span class='ocrx_word' id='word_1_366' title='bbox 1108 3432 1304 3489; x_wconf 89' lang='grc' dir='ltr'>κελλία</span> <span class='ocrx_word' id='word_1_367' title='bbox 1354 3432 1627 3511; x_wconf 66' lang='grc' dir='ltr'>ἐπέφερεν,</span> <span class='ocrx_word' id='word_1_368' title='bbox 1658 3431 1751 3487; x_wconf 66' lang='grc' dir='ltr'>’ίνα</span> <span class='ocrx_word' id='word_1_369' title='bbox 1802 3432 2024 3508; x_wconf 83' lang='grc' dir='ltr'>μεηδενί</span> 
     </span>
    </p>
   </div>
   <div class='ocr_carea' id='block_1_54' title="bbox 392 3524 2027 3601">
    <p class='ocr_par' dir='ltr' id='par_1_54' title="bbox 392 3524 2027 3601">
     <span class='ocr_line' id='line_1_54' title="bbox 392 3524 2027 3601; baseline 0 -21"><span class='ocrx_word' id='word_1_370' title='bbox 392 3525 618 3599; x_wconf 84' lang='grc' dir='ltr'>φανερὸν</span> <span class='ocrx_word' id='word_1_371' title='bbox 666 3525 953 3599; x_wconf 84' lang='grc' dir='ltr'>γένηταιή</span> <span class='ocrx_word' id='word_1_372' title='bbox 1006 3524 1233 3579; x_wconf 70' lang='grc' dir='ltr'>ἑκάστου</span> <span class='ocrx_word' id='word_1_373' title='bbox 1282 3524 1646 3601; x_wconf 87' lang='grc' dir='ltr'>καρποφορία.</span> <span class='ocrx_word' id='word_1_374' title='bbox 1699 3525 2027 3599; x_wconf 87' lang='grc' dir='ltr'>Ἐρχόμενοι</span> 
     </span>
    </p>
   </div>
   <div class='ocr_carea' id='block_1_55' title="bbox 394 3611 2028 3691">
    <p class='ocr_par' dir='ltr' id='par_1_55' title="bbox 394 3611 2028 3691">
     <span class='ocr_line' id='line_1_55' title="bbox 394 3611 2028 3691; baseline 0 -22"><span class='ocrx_word' id='word_1_375' title='bbox 394 3611 452 3669; x_wconf 74' lang='grc' dir='ltr'>δὲ</span> <span class='ocrx_word' id='word_1_376' title='bbox 482 3613 557 3676; x_wconf 88' lang='grc' dir='ltr'>εἰς</span> <span class='ocrx_word' id='word_1_377' title='bbox 586 3613 807 3689; x_wconf 76' lang='grc' dir='ltr'>ἒσπέραν</span> <span class='ocrx_word' id='word_1_378' title='bbox 840 3615 891 3669; x_wconf 77' lang='grc' dir='ltr'>οἱ</span> <span class='ocrx_word' id='word_1_379' title='bbox 944 3611 1239 3688; x_wconf 79' lang='grc' dir='ltr'>μέλλοντες</span> <span class='ocrx_word' id='word_1_380' title='bbox 1271 3612 1436 3668; x_wconf 90' lang='grc' dir='ltr'>οἰκεῖν</span> <span class='ocrx_word' id='word_1_381' title='bbox 1464 3614 1531 3670; x_wconf 77' lang='grc' dir='ltr'>τά</span> <span class='ocrx_word' id='word_1_382' title='bbox 1572 3611 1791 3684; x_wconf 88' lang='grc' dir='ltr'>κελλία,</span> <span class='ocrx_word' id='word_1_383' title='bbox 1823 3614 2028 3691; x_wconf 79' lang='grc' dir='ltr'>ηὕρισ-</span> 
     </span>
    </p>
   </div>
   <div class='ocr_carea' id='block_1_56' title="bbox 391 3700 1361 3784">
    <p class='ocr_par' dir='ltr' id='par_1_56' title="bbox 391 3700 1361 3784">
     <span class='ocr_line' id='line_1_56' title="bbox 391 3700 1361 3784; baseline 0.004 -25"><span class='ocrx_word' id='word_1_384' title='bbox 391 3725 487 3760; x_wconf 88' lang='grc' dir='ltr'>κον</span> <span class='ocrx_word' id='word_1_385' title='bbox 512 3703 734 3784; x_wconf 81' lang='grc' dir='ltr'>ἐξαίφης</span> <span class='ocrx_word' id='word_1_386' title='bbox 763 3703 931 3760; x_wconf 87' lang='grc' dir='ltr'>πάντα</span> <span class='ocrx_word' id='word_1_387' title='bbox 960 3705 1025 3759; x_wconf 78' lang='grc' dir='ltr'>τά</span> <span class='ocrx_word' id='word_1_388' title='bbox 1058 3700 1361 3774; x_wconf 87' lang='grc' dir='ltr'>ἐπιτήδεια.</span> 
     </span>
    </p>
   </div>
   <div class='ocr_carea' id='block_1_57' title="bbox 468 3790 2032 3866">
    <p class='ocr_par' dir='ltr' id='par_1_57' title="bbox 468 3790 2032 3866">
     <span class='ocr_line' id='line_1_57' title="bbox 468 3790 2032 3866; baseline -0.003 -16"><span class='ocrx_word' id='word_1_389' title='bbox 468 3792 681 3850; x_wconf 92' lang='grc' dir='ltr'>Πολλοί</span> <span class='ocrx_word' id='word_1_390' title='bbox 708 3814 767 3850; x_wconf 81' lang='grc' dir='ltr'>τε</span> <span class='ocrx_word' id='word_1_391' title='bbox 815 3792 991 3849; x_wconf 78' lang='grc' dir='ltr'>αὐτῶν</span> <span class='ocrx_word' id='word_1_392' title='bbox 1036 3790 1159 3847; x_wconf 69' lang='grc' dir='ltr'>οὔτε</span> <span class='ocrx_word' id='word_1_393' title='bbox 1191 3794 1287 3866; x_wconf 81' lang='grc' dir='ltr'>[ιιι.</span> <span class='ocrx_word' id='word_1_394' title='bbox 1322 3790 1379 3846; x_wconf 72' lang='grc' dir='ltr'>δὲ</span> <span class='ocrx_word' id='word_1_395' title='bbox 1421 3792 1528 3846; x_wconf 82' lang='grc' dir='ltr'>τῶν</span> <span class='ocrx_word' id='word_1_396' title='bbox 1578 3791 1747 3846; x_wconf 88' lang='grc' dir='ltr'>ἐκεῖσε</span> <span class='ocrx_word' id='word_1_397' title='bbox 1779 3791 2032 3866; x_wconf 81' lang='grc' dir='ltr'>Πατέρων</span> 
     </span>
    </p>
   </div>
   <div class='ocr_carea' id='block_1_58' title="bbox 396 3876 2033 3960">
    <p class='ocr_par' dir='ltr' id='par_1_58' title="bbox 396 3876 2033 3960">
     <span class='ocr_line' id='line_1_58' title="bbox 396 3876 2033 3960; baseline -0.003 -21"><span class='ocrx_word' id='word_1_398' title='bbox 396 3882 515 3956; x_wconf 72' lang='grc' dir='ltr'>οὐκ]</span> <span class='ocrx_word' id='word_1_399' title='bbox 546 3881 706 3960; x_wconf 78' lang='grc' dir='ltr'>ἄρτον</span> <span class='ocrx_word' id='word_1_400' title='bbox 751 3879 964 3952; x_wconf 75' lang='grc' dir='ltr'>ἤσθιον,</span> <span class='ocrx_word' id='word_1_401' title='bbox 996 3878 1119 3934; x_wconf 72' lang='grc' dir='ltr'>οὔτε</span> <span class='ocrx_word' id='word_1_402' title='bbox 1167 3880 1411 3953; x_wconf 81' lang='grc' dir='ltr'>ὀπώρας,</span> <span class='ocrx_word' id='word_1_403' title='bbox 1451 3876 1600 3933; x_wconf 80' lang='grc' dir='ltr'>ἀλλὰ</span> <span class='ocrx_word' id='word_1_404' title='bbox 1645 3876 1895 3953; x_wconf 86' lang='grc' dir='ltr'>πικρίδας</span> <span class='ocrx_word' id='word_1_405' title='bbox 1928 3881 2033 3951; x_wconf 85' lang='grc' dir='ltr'>μό-</span> 
     </span>
    </p>
   </div>
   <div class='ocr_carea' id='block_1_59' title="bbox 394 3964 2031 4037">
    <p class='ocr_par' dir='ltr' id='par_1_59' title="bbox 394 3964 2031 4037">
     <span class='ocr_line' id='line_1_59' title="bbox 394 3964 2031 4037; baseline -0.004 -9"><span class='ocrx_word' id='word_1_406' title='bbox 394 3994 507 4030; x_wconf 90' lang='grc' dir='ltr'>νον.</span> <span class='ocrx_word' id='word_1_407' title='bbox 535 3973 689 4034; x_wconf 77' lang='grc' dir='ltr'>Τινὲς</span> <span class='ocrx_word' id='word_1_408' title='bbox 723 3969 780 4025; x_wconf 72' lang='grc' dir='ltr'>δὲ</span> <span class='ocrx_word' id='word_1_409' title='bbox 828 3967 1004 4024; x_wconf 75' lang='grc' dir='ltr'>αὒτῶν</span> <span class='ocrx_word' id='word_1_410' title='bbox 1052 3965 1176 4023; x_wconf 76' lang='grc' dir='ltr'>οὒδὲ</span> <span class='ocrx_word' id='word_1_411' title='bbox 1207 3964 1490 4022; x_wconf 82' lang='grc' dir='ltr'>ἐκάθευδον</span> <span class='ocrx_word' id='word_1_412' title='bbox 1532 3965 1668 4037; x_wconf 79' lang='grc' dir='ltr'>ὅλην</span> <span class='ocrx_word' id='word_1_413' title='bbox 1699 3967 1800 4035; x_wconf 76' lang='grc' dir='ltr'>τὴν</span> <span class='ocrx_word' id='word_1_414' title='bbox 1845 3967 2031 4037; x_wconf 85' lang='grc' dir='ltr'>νύκτα,</span> 
     </span>
    </p>
   </div>
   <div class='ocr_carea' id='block_1_60' title="bbox 396 4052 2032 4133">
    <p class='ocr_par' dir='ltr' id='par_1_60' title="bbox 396 4052 2032 4133">
     <span class='ocr_line' id='line_1_60' title="bbox 396 4052 2032 4133; baseline -0.004 -15"><span class='ocrx_word' id='word_1_415' title='bbox 396 4060 542 4117; x_wconf 75' lang='grc' dir='ltr'>αλλὰ</span> <span class='ocrx_word' id='word_1_416' title='bbox 594 4061 893 4133; x_wconf 86' lang='grc' dir='ltr'>καθήμενοι</span> <span class='ocrx_word' id='word_1_417' title='bbox 949 4056 985 4127; x_wconf 76' lang='grc' dir='ltr'><strong>ἢ</strong></span> <span class='ocrx_word' id='word_1_418' title='bbox 1044 4056 1270 4119; x_wconf 76' lang='grc' dir='ltr'>ἑστῶτες</span> <span class='ocrx_word' id='word_1_419' title='bbox 1324 4054 1457 4131; x_wconf 77' lang='grc' dir='ltr'>ἄχρι</span> <span class='ocrx_word' id='word_1_420' title='bbox 1512 4055 1662 4131; x_wconf 74' lang='grc' dir='ltr'>πρωῒ</span> <span class='ocrx_word' id='word_1_421' title='bbox 1714 4052 2032 4132; x_wconf 74' lang='grc' dir='ltr'>ἐκαρτέρουν</span> 
     </span>
    </p>
   </div>
   <div class='ocr_carea' id='block_1_61' title="bbox 394 4148 1025 4225">
    <p class='ocr_par' dir='ltr' id='par_1_61' title="bbox 394 4148 1025 4225">
     <span class='ocr_line' id='line_1_61' title="bbox 394 4148 1025 4225; baseline 0.002 -19"><span class='ocrx_word' id='word_1_422' title='bbox 394 4148 861 4225; x_wconf 82' lang='grc' dir='ltr'>προσευχόμενοι.</span> <span class='ocrx_word' id='word_1_423' title='bbox 1018 4214 1025 4221; x_wconf 27' lang='grc' dir='ltr'><em>ί</em></span> 
     </span>
    </p>
   </div>
   <div class='ocr_carea' id='block_1_62' title="bbox 1000 4236 1430 4293">
    <p class='ocr_par' dir='ltr' id='par_1_62' title="bbox 1000 4236 1430 4293">
     <span class='ocr_line' id='line_1_62' title="bbox 1000 4236 1430 4293; baseline 0 -2"><span class='ocrx_word' id='word_1_424' title='bbox 1000 4238 1258 4293; x_wconf 80' lang='grc' dir='ltr'>ΚΕΦΑΛ.</span> <span class='ocrx_word' id='word_1_425' title='bbox 1300 4236 1430 4292; x_wconf 85' lang='grc' dir='ltr'>ΟΑ’.</span> 
     </span>
    </p>
   </div>
   <div class='ocr_carea' id='block_1_63' title="bbox 895 4320 1533 4402">
    <p class='ocr_par' dir='ltr' id='par_1_63' title="bbox 895 4320 1533 4402">
     <span class='ocr_line' id='line_1_63' title="bbox 895 4320 1533 4402; baseline -0.003 -20"><span class='ocrx_word' id='word_1_426' title='bbox 895 4327 1021 4402; x_wconf 86' lang='grc' dir='ltr'>Περί</span> <span class='ocrx_word' id='word_1_427' title='bbox 1056 4320 1199 4380; x_wconf 80' lang='grc' dir='ltr'>ἀϐϐἇ</span> <span class='ocrx_word' id='word_1_428' title='bbox 1228 4322 1533 4401; x_wconf 79' lang='grc' dir='ltr'>Ἰσιδώρὸυ.</span> 
     </span>
    </p>
   </div>
   <div class='ocr_carea' id='block_1_64' title="bbox 467 4408 2033 4494">
    <p class='ocr_par' dir='ltr' id='par_1_64' title="bbox 467 4408 2033 4494">
     <span class='ocr_line' id='line_1_64' title="bbox 467 4408 2033 4494; baseline -0.007 -16"><span class='ocrx_word' id='word_1_429' title='bbox 467 4416 683 4494; x_wconf 83' lang='grc' dir='ltr'>Ἴδομεν</span> <span class='ocrx_word' id='word_1_430' title='bbox 711 4417 799 4474; x_wconf 80' lang='grc' dir='ltr'>καὶ</span> <span class='ocrx_word' id='word_1_431' title='bbox 830 4418 966 4473; x_wconf 84' lang='grc' dir='ltr'>κατὰ</span> <span class='ocrx_word' id='word_1_432' title='bbox 997 4417 1097 4486; x_wconf 84' lang='grc' dir='ltr'>τήν</span> <span class='ocrx_word' id='word_1_433' title='bbox 1139 4408 1387 4486; x_wconf 78' lang='grc' dir='ltr'>Θηϐαίδα</span> <span class='ocrx_word' id='word_1_434' title='bbox 1422 4413 1593 4489; x_wconf 81' lang='grc' dir='ltr'>μονὴν</span> <span class='ocrx_word' id='word_1_435' title='bbox 1641 4414 1763 4469; x_wconf 84' lang='grc' dir='ltr'>τινὰ</span> <span class='ocrx_word' id='word_1_436' title='bbox 1815 4410 2033 4468; x_wconf 85' lang='grc' dir='ltr'>Ἰσιδώ-</span> 
     </span>
    </p>
   </div>
   <div class='ocr_carea' id='block_1_65' title="bbox 398 4501 2034 4589">
    <p class='ocr_par' dir='ltr' id='par_1_65' title="bbox 398 4501 2034 4589">
     <span class='ocr_line' id='line_1_65' title="bbox 398 4501 2034 4589; baseline -0.007 -22"><span class='ocrx_word' id='word_1_437' title='bbox 398 4533 494 4589; x_wconf 89' lang='grc' dir='ltr'>ρου</span> <span class='ocrx_word' id='word_1_438' title='bbox 549 4510 695 4571; x_wconf 89' lang='grc' dir='ltr'>τινὸς</span> <span class='ocrx_word' id='word_1_439' title='bbox 752 4506 972 4582; x_wconf 86' lang='grc' dir='ltr'>μεγάλῳ</span> <span class='ocrx_word' id='word_1_440' title='bbox 1030 4504 1202 4580; x_wconf 89' lang='grc' dir='ltr'>τείχει</span> <span class='ocrx_word' id='word_1_441' title='bbox 1259 4501 1558 4559; x_wconf 88' lang='grc' dir='ltr'>πλινθίνων</span> <span class='ocrx_word' id='word_1_442' title='bbox 1631 4502 2034 4578; x_wconf 68' lang='grc' dir='ltr'>ὠχυρωμένην,</span> 
     </span>
    </p>
   </div>
   <div class='ocr_carea' id='block_1_66' title="bbox 2125 2008 3764 2090">
    <p class='ocr_par' dir='ltr' id='par_1_66' title="bbox 2125 2008 3764 2090">
     <span class='ocr_line' id='line_1_66' title="bbox 2125 2008 3764 2090; baseline 0.008 -30"><span class='ocrx_word' id='word_1_443' title='bbox 2125 2026 2308 2068; x_wconf 87' lang='grc' dir='ltr'>σαντες</span> <span class='ocrx_word' id='word_1_444' title='bbox 2358 2008 2594 2083; x_wconf 79' lang='grc' dir='ltr'>τοσαύτῃ</span> <span class='ocrx_word' id='word_1_445' title='bbox 2656 2009 2896 2082; x_wconf 76' lang='grc' dir='ltr'>ἀσθενείᾳ</span> <span class='ocrx_word' id='word_1_446' title='bbox 2950 2008 3333 2086; x_wconf 71' lang='grc' dir='ltr'>περιέϐαλλον,</span> <span class='ocrx_word' id='word_1_447' title='bbox 3394 2017 3468 2079; x_wconf 86' lang='grc' dir='ltr'>ὡς</span> <span class='ocrx_word' id='word_1_448' title='bbox 3532 2019 3608 2090; x_wconf 77' lang='grc' dir='ltr'>μή</span> <span class='ocrx_word' id='word_1_449' title='bbox 3670 2017 3764 2072; x_wconf 85' lang='grc' dir='ltr'>δύ-</span> 
     </span>
    </p>
   </div>
   <div class='ocr_carea' id='block_1_67' title="bbox 2126 2096 3765 2182">
    <p class='ocr_par' dir='ltr' id='par_1_67' title="bbox 2126 2096 3765 2182">
     <span class='ocr_line' id='line_1_67' title="bbox 2126 2096 3765 2182; baseline 0.009 -33"><span class='ocrx_word' id='word_1_450' title='bbox 2126 2098 2312 2150; x_wconf 80' lang='grc' dir='ltr'>νασθαι</span> <span class='ocrx_word' id='word_1_451' title='bbox 2344 2096 2505 2153; x_wconf 83' lang='grc' dir='ltr'>αὐτὸν</span> <span class='ocrx_word' id='word_1_452' title='bbox 2555 2105 2742 2169; x_wconf 87' lang='grc' dir='ltr'>στῆναι</span> <span class='ocrx_word' id='word_1_453' title='bbox 2773 2101 2825 2156; x_wconf 84' lang='grc' dir='ltr'>ἐν</span> <span class='ocrx_word' id='word_1_454' title='bbox 2875 2105 2953 2174; x_wconf 80' lang='grc' dir='ltr'>τῷ</span> <span class='ocrx_word' id='word_1_455' title='bbox 2986 2102 3378 2178; x_wconf 82' lang='grc' dir='ltr'>θυσιαστηρίῳ,</span> <span class='ocrx_word' id='word_1_456' title='bbox 3413 2105 3556 2178; x_wconf 73' lang='grc' dir='ltr'>μηδὲ</span> <span class='ocrx_word' id='word_1_457' title='bbox 3593 2127 3765 2182; x_wconf 85' lang='grc' dir='ltr'>προσ-</span> 
     </span>
    </p>
   </div>
   <div class='ocr_carea' id='block_1_68' title="bbox 2127 2183 3764 2267">
    <p class='ocr_par' dir='ltr' id='par_1_68' title="bbox 2127 2183 3764 2267">
     <span class='ocr_line' id='line_1_68' title="bbox 2127 2183 3764 2267; baseline 0.009 -28"><span class='ocrx_word' id='word_1_458' title='bbox 2127 2183 2325 2262; x_wconf 70' lang='grc' dir='ltr'>φέρειν.</span> <span class='ocrx_word' id='word_1_459' title='bbox 2355 2186 2631 2263; x_wconf 82' lang='grc' dir='ltr'>’Ἀγγελος</span> <span class='ocrx_word' id='word_1_460' title='bbox 2664 2186 2721 2244; x_wconf 73' lang='grc' dir='ltr'>δὲ</span> <span class='ocrx_word' id='word_1_461' title='bbox 2768 2188 2941 2246; x_wconf 85' lang='grc' dir='ltr'>ἐλθὼν</span> <span class='ocrx_word' id='word_1_462' title='bbox 2973 2192 3063 2246; x_wconf 84' lang='grc' dir='ltr'>καὶ</span> <span class='ocrx_word' id='word_1_463' title='bbox 3113 2188 3413 2267; x_wconf 85' lang='grc' dir='ltr'>λαϐόμενος</span> <span class='ocrx_word' id='word_1_464' title='bbox 3462 2195 3627 2252; x_wconf 79' lang='grc' dir='ltr'>αὐτοῦ</span> <span class='ocrx_word' id='word_1_465' title='bbox 3666 2200 3764 2267; x_wconf 76' lang='grc' dir='ltr'>τῆς</span> 
     </span>
    </p>
   </div>
   <div class='ocr_carea' id='block_1_69' title="bbox 2129 2274 3764 2363">
    <p class='ocr_par' dir='ltr' id='par_1_69' title="bbox 2129 2274 3764 2363">
     <span class='ocr_line' id='line_1_69' title="bbox 2129 2274 3764 2363; baseline 0.009 -35"><span class='ocrx_word' id='word_1_466' title='bbox 2129 2275 2336 2349; x_wconf 87' lang='grc' dir='ltr'>χειρὸς,</span> <span class='ocrx_word' id='word_1_467' title='bbox 2394 2274 2790 2351; x_wconf 86' lang='grc' dir='ltr'>ἐνεδυνάμωσεν</span> <span class='ocrx_word' id='word_1_468' title='bbox 2848 2279 3009 2336; x_wconf 80' lang='grc' dir='ltr'>αὐτὸν</span> <span class='ocrx_word' id='word_1_469' title='bbox 3061 2287 3426 2359; x_wconf 77' lang='grc' dir='ltr'>παραχρῆμα,</span> <span class='ocrx_word' id='word_1_470' title='bbox 3487 2287 3573 2340; x_wconf 86' lang='grc' dir='ltr'>καὶ</span> <span class='ocrx_word' id='word_1_471' title='bbox 3634 2288 3764 2363; x_wconf 84' lang='grc' dir='ltr'>ὑγιῆ</span> 
     </span>
    </p>
   </div>
   <div class='ocr_carea' id='block_1_70' title="bbox 2128 2366 3869 2449">
    <p class='ocr_par' dir='ltr' id='par_1_70' title="bbox 2128 2366 3869 2449">
     <span class='ocr_line' id='line_1_70' title="bbox 2128 2366 3869 2449; baseline 0.008 -32"><span class='ocrx_word' id='word_1_472' title='bbox 2128 2367 2208 2434; x_wconf 80' lang='grc' dir='ltr'>τῷ</span> <span class='ocrx_word' id='word_1_473' title='bbox 2255 2366 2623 2441; x_wconf 88' lang='grc' dir='ltr'>θυσιαστηρίῳ</span> <span class='ocrx_word' id='word_1_474' title='bbox 2670 2366 3028 2445; x_wconf 82' lang='grc' dir='ltr'>παρέστησεν,</span> <span class='ocrx_word' id='word_1_475' title='bbox 3074 2372 3135 2426; x_wconf 76' lang='grc' dir='ltr'>ού</span> <span class='ocrx_word' id='word_1_476' title='bbox 3181 2373 3278 2435; x_wconf 81' lang='grc' dir='ltr'>τὰς</span> <span class='ocrx_word' id='word_1_477' title='bbox 3330 2375 3591 2449; x_wconf 85' lang='grc' dir='ltr'>βασάνους</span> <span class='ocrx_word' id='word_1_478' title='bbox 3643 2378 3781 2430; x_wconf 57' lang='grc' dir='ltr'>θεά-ί</span> <span class='ocrx_word' id='word_1_479' title='bbox 3862 2404 3869 2413; x_wconf 64' lang='grc' dir='ltr'>ί</span> 
     </span>
    </p>
   </div>
   <div class='ocr_carea' id='block_1_71' title="bbox 2133 2452 3126 2535">
    <p class='ocr_par' dir='ltr' id='par_1_71' title="bbox 2133 2452 3126 2535">
     <span class='ocr_line' id='line_1_71' title="bbox 2133 2452 3126 2535; baseline 0.01 -29"><span class='ocrx_word' id='word_1_480' title='bbox 2133 2452 2354 2526; x_wconf 85' lang='grc' dir='ltr'>σάμενοι</span> <span class='ocrx_word' id='word_1_481' title='bbox 2388 2454 2439 2509; x_wconf 78' lang='grc' dir='ltr'>οἱ</span> <span class='ocrx_word' id='word_1_482' title='bbox 2469 2452 2699 2535; x_wconf 81' lang='grc' dir='ltr'>ἀδελφοὶ</span> <span class='ocrx_word' id='word_1_483' title='bbox 2731 2456 3126 2534; x_wconf 80' lang='grc' dir='ltr'>ἐξεπλάγησαν.</span> 
     </span>
    </p>
   </div>
   <div class='ocr_carea' id='block_1_72' title="bbox 2738 2552 3164 2608">
    <p class='ocr_par' dir='ltr' id='par_1_72' title="bbox 2738 2552 3164 2608">
     <span class='ocr_line' id='line_1_72' title="bbox 2738 2552 3164 2608; baseline 0.012 -5"><span class='ocrx_word' id='word_1_484' title='bbox 2738 2554 2994 2608; x_wconf 79' lang='grc' dir='ltr'>ΚΕΦΑΛ.</span> <span class='ocrx_word' id='word_1_485' title='bbox 3047 2552 3164 2608; x_wconf 81' lang='lat' dir='ltr'>Ol&quot;.</span> 
     </span>
    </p>
   </div>
   <div class='ocr_carea' id='block_1_73' title="bbox 2650 2632 3265 2710">
    <p class='ocr_par' dir='ltr' id='par_1_73' title="bbox 2650 2632 3265 2710">
     <span class='ocr_line' id='line_1_73' title="bbox 2650 2632 3265 2710; baseline 0.01 -19"><span class='ocrx_word' id='word_1_486' title='bbox 2650 2636 2780 2710; x_wconf 77' lang='grc' dir='ltr'>Περὶ</span> <span class='ocrx_word' id='word_1_487' title='bbox 2811 2632 2955 2692; x_wconf 81' lang='grc' dir='ltr'>ἆϐϐἆ</span> <span class='ocrx_word' id='word_1_488' title='bbox 2985 2639 3265 2697; x_wconf 83' lang='grc' dir='ltr'>Ἰωάννου.</span> 
     </span>
    </p>
   </div>
   <div class='ocr_carea' id='block_1_74' title="bbox 2203 2718 3774 2807">
    <p class='ocr_par' dir='ltr' id='par_1_74' title="bbox 2203 2718 3774 2807">
     <span class='ocr_line' id='line_1_74' title="bbox 2203 2718 3774 2807; baseline 0.008 -32"><span class='ocrx_word' id='word_1_489' title='bbox 2203 2718 2419 2794; x_wconf 88' lang='grc' dir='ltr'>Ἴδομεν</span> <span class='ocrx_word' id='word_1_490' title='bbox 2451 2719 2509 2778; x_wconf 78' lang='grc' dir='ltr'>δὲ</span> <span class='ocrx_word' id='word_1_491' title='bbox 2555 2724 2645 2778; x_wconf 81' lang='grc' dir='ltr'>καὶ</span> <span class='ocrx_word' id='word_1_492' title='bbox 2676 2721 2847 2780; x_wconf 71' lang='grc' dir='ltr'>ἄλλον</span> <span class='ocrx_word' id='word_1_493' title='bbox 2899 2727 3155 2797; x_wconf 80' lang='grc' dir='ltr'>Ἰωάννην</span> <span class='ocrx_word' id='word_1_494' title='bbox 3192 2725 3245 2783; x_wconf 80' lang='grc' dir='ltr'>ἐν</span> <span class='ocrx_word' id='word_1_495' title='bbox 3292 2729 3509 2803; x_wconf 86' lang='grc' dir='ltr'>Διόλκῳ</span> <span class='ocrx_word' id='word_1_496' title='bbox 3558 2730 3774 2807; x_wconf 70' lang='grc' dir='ltr'>Πατέρα</span> 
     </span>
    </p>
   </div>
   <div class='ocr_carea' id='block_1_75' title="bbox 2136 2810 3779 2896">
    <p class='ocr_par' dir='ltr' id='par_1_75' title="bbox 2136 2810 3774 2896">
     <span class='ocr_line' id='line_1_75' title="bbox 2136 2810 3774 2896; baseline 0.007 -33"><span class='ocrx_word' id='word_1_497' title='bbox 2136 2810 2538 2884; x_wconf 87' lang='grc' dir='ltr'>μοναστηρίων,</span> <span class='ocrx_word' id='word_1_498' title='bbox 2569 2811 2659 2866; x_wconf 84' lang='grc' dir='ltr'>καὶ</span> <span class='ocrx_word' id='word_1_499' title='bbox 2698 2814 2859 2869; x_wconf 77' lang='grc' dir='ltr'>αὐτὸν</span> <span class='ocrx_word' id='word_1_500' title='bbox 2902 2814 3118 2886; x_wconf 71' lang='grc' dir='ltr'>πολλὴν</span> <span class='ocrx_word' id='word_1_501' title='bbox 3161 2816 3323 2896; x_wconf 89' lang='grc' dir='ltr'>χάριν</span> <span class='ocrx_word' id='word_1_502' title='bbox 3364 2813 3589 2894; x_wconf 77' lang='grc' dir='ltr'>ἔχοντα,</span> <span class='ocrx_word' id='word_1_503' title='bbox 3618 2818 3681 2876; x_wconf 89' lang='grc' dir='ltr'>τό</span> <span class='ocrx_word' id='word_1_504' title='bbox 3716 2841 3774 2875; x_wconf 87' lang='grc' dir='ltr'>τε</span> 
     </span>
    </p>
   </div>
   <div class='ocr_carea' id='block_1_76' title="bbox 2132 2893 3774 2984">
    <p class='ocr_par' dir='ltr' id='par_1_76' title="bbox 2132 2893 3774 2984">
     <span class='ocr_line' id='line_1_76' title="bbox 2132 2893 3774 2984; baseline 0.008 -31"><span class='ocrx_word' id='word_1_505' title='bbox 2132 2893 2490 2973; x_wconf 77' lang='grc' dir='ltr'>’Δϐραμιαῖον</span> <span class='ocrx_word' id='word_1_506' title='bbox 2542 2909 2753 2977; x_wconf 84' lang='grc' dir='ltr'>σχῆμα,</span> <span class='ocrx_word' id='word_1_507' title='bbox 2787 2903 2874 2959; x_wconf 80' lang='grc' dir='ltr'>καὶ</span> <span class='ocrx_word' id='word_1_508' title='bbox 2920 2906 3011 2960; x_wconf 88' lang='grc' dir='ltr'>τὸν</span> <span class='ocrx_word' id='word_1_509' title='bbox 3049 2907 3288 2982; x_wconf 85' lang='grc' dir='ltr'>πώγωνα</span> <span class='ocrx_word' id='word_1_510' title='bbox 3336 2909 3567 2984; x_wconf 83' lang='grc' dir='ltr'>Ἀαρὼν,</span> <span class='ocrx_word' id='word_1_511' title='bbox 3614 2896 3774 2966; x_wconf 59' lang='grc' dir='ltr'>δυνάὲ</span> 
     </span>
    </p>
   </div>
   <div class='ocr_carea' id='block_1_77' title="bbox 2137 2986 3773 3071">
    <p class='ocr_par' dir='ltr' id='par_1_77' title="bbox 2137 2986 3773 3071">
     <span class='ocr_line' id='line_1_77' title="bbox 2137 2986 3773 3071; baseline 0.008 -31"><span class='ocrx_word' id='word_1_512' title='bbox 2137 3006 2255 3057; x_wconf 88' lang='grc' dir='ltr'>μεις</span> <span class='ocrx_word' id='word_1_513' title='bbox 2285 3006 2342 3041; x_wconf 87' lang='grc' dir='ltr'>τε</span> <span class='ocrx_word' id='word_1_514' title='bbox 2371 2988 2460 3042; x_wconf 82' lang='grc' dir='ltr'>καὶ</span> <span class='ocrx_word' id='word_1_515' title='bbox 2494 2986 2660 3051; x_wconf 81' lang='grc' dir='ltr'>ἰάσεις</span> <span class='ocrx_word' id='word_1_516' title='bbox 2693 2989 3098 3063; x_wconf 83' lang='grc' dir='ltr'>ἐπιτελέσαντα,</span> <span class='ocrx_word' id='word_1_517' title='bbox 3127 2994 3218 3048; x_wconf 84' lang='grc' dir='ltr'>καὶ</span> <span class='ocrx_word' id='word_1_518' title='bbox 3249 2993 3497 3059; x_wconf 76' lang='grc' dir='ltr'>πολλοὺς</span> <span class='ocrx_word' id='word_1_519' title='bbox 3527 2997 3773 3071; x_wconf 73' lang='grc' dir='ltr'>παραλυ-</span> 
     </span>
    </p>
   </div>
   <div class='ocr_carea' id='block_1_78' title="bbox 2132 3075 3229 3155">
    <p class='ocr_par' dir='ltr' id='par_1_78' title="bbox 2132 3075 3229 3155">
     <span class='ocr_line' id='line_1_78' title="bbox 2132 3075 3229 3155; baseline 0.006 -26"><span class='ocrx_word' id='word_1_520' title='bbox 2132 3076 2318 3138; x_wconf 79' lang='grc' dir='ltr'>τικοὺς</span> <span class='ocrx_word' id='word_1_521' title='bbox 2348 3077 2439 3132; x_wconf 81' lang='grc' dir='ltr'>καὶ</span> <span class='ocrx_word' id='word_1_522' title='bbox 2468 3075 2781 3155; x_wconf 83' lang='grc' dir='ltr'>ποδαγροὺς</span> <span class='ocrx_word' id='word_1_523' title='bbox 2811 3082 3229 3155; x_wconf 86' lang='grc' dir='ltr'>θεραπεύσαντα.</span> 
     </span>
    </p>
   </div>
   <div class='ocr_carea' id='block_1_79' title="bbox 2740 3172 3162 3226">
    <p class='ocr_par' dir='ltr' id='par_1_79' title="bbox 2740 3172 3162 3226">
     <span class='ocr_line' id='line_1_79' title="bbox 2740 3172 3162 3226; baseline 0.012 -6"><span class='ocrx_word' id='word_1_524' title='bbox 2740 3172 2999 3224; x_wconf 81' lang='grc' dir='ltr'>ΚΕΦΑΛ.</span> <span class='ocrx_word' id='word_1_525' title='bbox 3041 3173 3162 3226; x_wconf 89' lang='grc' dir='ltr'>ΟΔ’.</span> 
     </span>
    </p>
   </div>
   <div class='ocr_carea' id='block_1_80' title="bbox 2599 3252 3311 3333">
    <p class='ocr_par' dir='ltr' id='par_1_80' title="bbox 2599 3252 3311 3333">
     <span class='ocr_line' id='line_1_80' title="bbox 2599 3252 3311 3333; baseline 0.008 -22"><span class='ocrx_word' id='word_1_526' title='bbox 2599 3256 2729 3331; x_wconf 86' lang='grc' dir='ltr'>Περὶ</span> <span class='ocrx_word' id='word_1_527' title='bbox 2769 3252 2911 3312; x_wconf 79' lang='grc' dir='ltr'>άϐϐᾶ</span> <span class='ocrx_word' id='word_1_528' title='bbox 2954 3259 3311 3333; x_wconf 85' lang='grc' dir='ltr'>Πιτυρίωνος.</span> 
     </span>
    </p>
   </div>
   <div class='ocr_carea' id='block_1_81' title="bbox 2213 3342 3775 3423">
    <p class='ocr_par' dir='ltr' id='par_1_81' title="bbox 2213 3342 3775 3423">
     <span class='ocr_line' id='line_1_81' title="bbox 2213 3344 3629 3370; baseline 0 -3"><span class='ocrx_word' id='word_1_529' title='bbox 2213 3351 2231 3370; x_wconf 75' lang='grc' dir='ltr'><strong><em>ν</em></strong></span> <span class='ocrx_word' id='word_1_530' title='bbox 2265 3347 2288 3367; x_wconf 60' lang='grc' dir='ltr'>α</span> <span class='ocrx_word' id='word_1_531' title='bbox 2463 3344 2505 3365; x_wconf 62' lang='grc' dir='ltr'>αι</span> <span class='ocrx_word' id='word_1_532' title='bbox 2652 3347 2666 3365; x_wconf 61' lang='grc' dir='ltr'>τ</span> <span class='ocrx_word' id='word_1_533' title='bbox 2760 3348 2773 3365; x_wconf 61' lang='grc' dir='ltr'>ι</span> <span class='ocrx_word' id='word_1_534' title='bbox 3003 3344 3057 3367; x_wconf 62' lang='lat' dir='ltr'>1&#39;s</span> <span class='ocrx_word' id='word_1_535' title='bbox 3149 3347 3173 3365; x_wconf 72' lang='grc' dir='ltr'><strong><em>ν</em></strong></span> <span class='ocrx_word' id='word_1_536' title='bbox 3475 3349 3490 3367; x_wconf 60' lang='grc' dir='ltr'>ε</span> <span class='ocrx_word' id='word_1_537' title='bbox 3602 3353 3629 3366; x_wconf 65' lang='grc' dir='ltr'><strong><em>ο</em></strong></span> 
     </span>
     <span class='ocr_line' id='line_1_82' title="bbox 2235 3342 3775 3423; baseline -0.005 -20"><span class='ocrx_word' id='word_1_538' title='bbox 2235 3357 2425 3422; x_wconf 83' lang='grc' dir='ltr'>Ιοομεν</span> <span class='ocrx_word' id='word_1_539' title='bbox 2459 3366 2515 3402; x_wconf 87' lang='grc' dir='ltr'>οε</span> <span class='ocrx_word' id='word_1_540' title='bbox 2542 3367 2677 3402; x_wconf 88' lang='grc' dir='ltr'>κατα</span> <span class='ocrx_word' id='word_1_541' title='bbox 2715 3367 2813 3416; x_wconf 89' lang='grc' dir='ltr'>την</span> <span class='ocrx_word' id='word_1_542' title='bbox 2847 3342 3113 3418; x_wconf 83' lang='grc' dir='ltr'>Θηϐαιοα,</span> <span class='ocrx_word' id='word_1_543' title='bbox 3145 3368 3272 3422; x_wconf 83' lang='grc' dir='ltr'>ορος</span> <span class='ocrx_word' id='word_1_544' title='bbox 3315 3346 3528 3423; x_wconf 80' lang='grc' dir='ltr'>ὑψηλον</span> <span class='ocrx_word' id='word_1_545' title='bbox 3565 3370 3644 3422; x_wconf 87' lang='grc' dir='ltr'>τῳ</span> <span class='ocrx_word' id='word_1_546' title='bbox 3672 3371 3775 3406; x_wconf 84' lang='grc' dir='ltr'>πο..</span> 
     </span>
    </p>
   </div>
   <div class='ocr_carea' id='block_1_82' title="bbox 2134 3431 3774 3514">
    <p class='ocr_par' dir='ltr' id='par_1_82' title="bbox 2134 3431 3774 3514">
     <span class='ocr_line' id='line_1_83' title="bbox 2134 3431 3774 3514; baseline 0 -20"><span class='ocrx_word' id='word_1_547' title='bbox 2134 3443 2297 3512; x_wconf 79' lang='grc' dir='ltr'>ταμῷ</span> <span class='ocrx_word' id='word_1_548' title='bbox 2354 3436 2718 3510; x_wconf 83' lang='grc' dir='ltr'>ἐπικείμενον,</span> <span class='ocrx_word' id='word_1_549' title='bbox 2774 3431 3004 3514; x_wconf 84' lang='grc' dir='ltr'>φοϐερὸν</span> <span class='ocrx_word' id='word_1_550' title='bbox 3065 3435 3199 3512; x_wconf 76' lang='grc' dir='ltr'>ἄγαν</span> <span class='ocrx_word' id='word_1_551' title='bbox 3263 3439 3353 3492; x_wconf 81' lang='grc' dir='ltr'>καὶ</span> <span class='ocrx_word' id='word_1_552' title='bbox 3427 3437 3774 3513; x_wconf 86' lang='grc' dir='ltr'>κρημνῶδες,</span> 
     </span>
    </p>
   </div>
   <div class='ocr_carea' id='block_1_83' title="bbox 2136 3524 3775 3604">
    <p class='ocr_par' dir='ltr' id='par_1_83' title="bbox 2136 3524 3775 3604">
     <span class='ocr_line' id='line_1_84' title="bbox 2136 3524 3775 3604; baseline 0.001 -21"><span class='ocrx_word' id='word_1_553' title='bbox 2136 3526 2229 3583; x_wconf 81' lang='grc' dir='ltr'>καὶ</span> <span class='ocrx_word' id='word_1_554' title='bbox 2290 3526 2569 3604; x_wconf 78' lang='grc' dir='ltr'>μοναχοὺς</span> <span class='ocrx_word' id='word_1_555' title='bbox 2645 3524 2757 3580; x_wconf 83' lang='grc' dir='ltr'>ἐκεῖ</span> <span class='ocrx_word' id='word_1_556' title='bbox 2832 3526 3081 3600; x_wconf 81' lang='grc' dir='ltr'>βιοῦντας</span> <span class='ocrx_word' id='word_1_557' title='bbox 3149 3524 3201 3581; x_wconf 89' lang='grc' dir='ltr'>ἐν</span> <span class='ocrx_word' id='word_1_558' title='bbox 3273 3532 3389 3590; x_wconf 86' lang='grc' dir='ltr'>τοῖς</span> <span class='ocrx_word' id='word_1_559' title='bbox 3458 3526 3775 3598; x_wconf 87' lang='grc' dir='ltr'>σπηλαίοις.</span> 
     </span>
    </p>
   </div>
   <div class='ocr_carea' id='block_1_84' title="bbox 2140 3612 3777 3689">
    <p class='ocr_par' dir='ltr' id='par_1_84' title="bbox 2140 3612 3777 3689">
     <span class='ocr_line' id='line_1_85' title="bbox 2140 3612 3777 3689; baseline 0 -18"><span class='ocrx_word' id='word_1_560' title='bbox 2140 3615 2331 3689; x_wconf 73' lang='grc' dir='ltr'>Πατὴρ</span> <span class='ocrx_word' id='word_1_561' title='bbox 2359 3613 2417 3668; x_wconf 73' lang='grc' dir='ltr'>δὲ</span> <span class='ocrx_word' id='word_1_562' title='bbox 2462 3614 2530 3683; x_wconf 81' lang='grc' dir='ltr'>ἧν</span> <span class='ocrx_word' id='word_1_563' title='bbox 2564 3634 2648 3676; x_wconf 93' lang='grc' dir='ltr'>τις</span> <span class='ocrx_word' id='word_1_564' title='bbox 2698 3612 2871 3668; x_wconf 83' lang='grc' dir='ltr'>αὐτῶν</span> <span class='ocrx_word' id='word_1_565' title='bbox 2922 3614 3153 3687; x_wconf 81' lang='grc' dir='ltr'>ὀνόματι</span> <span class='ocrx_word' id='word_1_566' title='bbox 3199 3615 3491 3687; x_wconf 84' lang='grc' dir='ltr'>Πιτυρίων,</span> <span class='ocrx_word' id='word_1_567' title='bbox 3543 3616 3625 3679; x_wconf 82' lang='grc' dir='ltr'>εἷς</span> <span class='ocrx_word' id='word_1_568' title='bbox 3669 3620 3777 3671; x_wconf 84' lang='grc' dir='ltr'>τῶν</span> 
     </span>
    </p>
   </div>
   <div class='ocr_carea' id='block_1_85' title="bbox 2144 3700 3776 3778">
    <p class='ocr_par' dir='ltr' id='par_1_85' title="bbox 2144 3700 3776 3778">
     <span class='ocr_line' id='line_1_86' title="bbox 2144 3700 3776 3778; baseline 0 -19"><span class='ocrx_word' id='word_1_569' title='bbox 2144 3705 2404 3777; x_wconf 88' lang='grc' dir='ltr'>μαθητῶν</span> <span class='ocrx_word' id='word_1_570' title='bbox 2432 3700 2729 3758; x_wconf 82' lang='grc' dir='ltr'>Ἀντωνίου</span> <span class='ocrx_word' id='word_1_571' title='bbox 2770 3701 3061 3777; x_wconf 83' lang='grc' dir='ltr'>γένομενος</span> <span class='ocrx_word' id='word_1_572' title='bbox 3094 3724 3106 3736; x_wconf 91' lang='grc'><strong>·</strong></span> <span class='ocrx_word' id='word_1_573' title='bbox 3139 3703 3229 3758; x_wconf 85' lang='grc' dir='ltr'>καὶ</span> <span class='ocrx_word' id='word_1_574' title='bbox 3267 3703 3449 3778; x_wconf 80' lang='grc' dir='ltr'>τρίτος</span> <span class='ocrx_word' id='word_1_575' title='bbox 3488 3704 3579 3759; x_wconf 85' lang='grc' dir='ltr'>τὸν</span> <span class='ocrx_word' id='word_1_576' title='bbox 3609 3705 3776 3760; x_wconf 86' lang='grc' dir='ltr'>τόπον</span> 
     </span>
    </p>
   </div>
   <div class='ocr_carea' id='block_1_86' title="bbox 2140 3788 3779 3863">
    <p class='ocr_par' dir='ltr' id='par_1_86' title="bbox 2140 3788 3779 3863">
     <span class='ocr_line' id='line_1_87' title="bbox 2140 3788 3779 3863; baseline 0.001 -17"><span class='ocrx_word' id='word_1_577' title='bbox 2140 3790 2344 3847; x_wconf 71' lang='grc' dir='ltr'>ἐκεῖνον</span> <span class='ocrx_word' id='word_1_578' title='bbox 2396 3788 2793 3863; x_wconf 76' lang='grc' dir='ltr'>διαδεξάμενος,</span> <span class='ocrx_word' id='word_1_579' title='bbox 2825 3791 2883 3853; x_wconf 80' lang='grc' dir='ltr'>ὃς</span> <span class='ocrx_word' id='word_1_580' title='bbox 2932 3791 3207 3856; x_wconf 81' lang='grc' dir='ltr'>πολλάκις</span> <span class='ocrx_word' id='word_1_581' title='bbox 3252 3794 3341 3847; x_wconf 86' lang='grc' dir='ltr'>καὶ</span> <span class='ocrx_word' id='word_1_582' title='bbox 3391 3792 3568 3855; x_wconf 73' lang='grc' dir='ltr'>ἄλλας</span> <span class='ocrx_word' id='word_1_583' title='bbox 3618 3791 3779 3848; x_wconf 81' lang='grc' dir='ltr'>δυνά-</span> 
     </span>
    </p>
   </div>
   <div class='ocr_carea' id='block_1_87' title="bbox 2146 3864 3780 3957">
    <p class='ocr_par' dir='ltr' id='par_1_87' title="bbox 2146 3864 3780 3957">
     <span class='ocr_line' id='line_1_88' title="bbox 2146 3864 3780 3957; baseline 0.002 -24"><span class='ocrx_word' id='word_1_584' title='bbox 2146 3900 2264 3953; x_wconf 90' lang='grc' dir='ltr'>μεις</span> <span class='ocrx_word' id='word_1_585' title='bbox 2295 3876 2586 3947; x_wconf 83' lang='grc' dir='ltr'>ἐπιτελῶν,</span> <span class='ocrx_word' id='word_1_586' title='bbox 2618 3880 2717 3947; x_wconf 74' lang='grc' dir='ltr'>τὴν</span> <span class='ocrx_word' id='word_1_587' title='bbox 2761 3883 2871 3933; x_wconf 88' lang='grc' dir='ltr'>τῶν</span> <span class='ocrx_word' id='word_1_588' title='bbox 2910 3881 3230 3951; x_wconf 85' lang='grc' dir='ltr'>πνευμάτων</span> <span class='ocrx_word' id='word_1_589' title='bbox 3279 3864 3496 3934; x_wconf 68' lang='grc' dir='ltr'>ἐλασίαν</span> <span class='ocrx_word' id='word_1_590' title='bbox 3548 3882 3780 3957; x_wconf 81' lang='grc' dir='ltr'>ἐνεργῶς</span> 
     </span>
    </p>
   </div>
   <div class='ocr_carea' id='block_1_88' title="bbox 2143 3964 3779 4041">
    <p class='ocr_par' dir='ltr' id='par_1_88' title="bbox 2143 3964 3779 4041">
     <span class='ocr_line' id='line_1_89' title="bbox 2143 3964 3779 4041; baseline -0.001 -18"><span class='ocrx_word' id='word_1_591' title='bbox 2143 3968 2401 4025; x_wconf 86' lang='grc' dir='ltr'>ἐποιεῖτο.</span> <span class='ocrx_word' id='word_1_592' title='bbox 2453 3964 2841 4040; x_wconf 79' lang='grc' dir='ltr'>Διαδεξάμενος</span> <span class='ocrx_word' id='word_1_593' title='bbox 2889 3965 2993 4041; x_wconf 79' lang='grc' dir='ltr'>γὰρ</span> <span class='ocrx_word' id='word_1_594' title='bbox 3043 3968 3337 4023; x_wconf 80' lang='grc' dir='ltr'>’Λντώνιον</span> <span class='ocrx_word' id='word_1_595' title='bbox 3376 3969 3466 4023; x_wconf 78' lang='grc' dir='ltr'>καὶ</span> <span class='ocrx_word' id='word_1_596' title='bbox 3508 3968 3600 4023; x_wconf 81' lang='grc' dir='ltr'>τόν</span> <span class='ocrx_word' id='word_1_597' title='bbox 3648 3971 3779 4025; x_wconf 86' lang='grc' dir='ltr'>τού-</span> 
     </span>
    </p>
   </div>
   <div class='ocr_carea' id='block_1_89' title="bbox 2142 4056 3779 4133">
    <p class='ocr_par' dir='ltr' id='par_1_89' title="bbox 2142 4056 3779 4133">
     <span class='ocr_line' id='line_1_90' title="bbox 2142 4056 3779 4133; baseline 0.001 -20"><span class='ocrx_word' id='word_1_598' title='bbox 2142 4079 2237 4114; x_wconf 90' lang='grc' dir='ltr'>του</span> <span class='ocrx_word' id='word_1_599' title='bbox 2273 4057 2522 4133; x_wconf 76' lang='grc' dir='ltr'>μαθητὴν</span> <span class='ocrx_word' id='word_1_600' title='bbox 2549 4057 2868 4129; x_wconf 83' lang='grc' dir='ltr'>Ἀμμωνᾶν,</span> <span class='ocrx_word' id='word_1_601' title='bbox 2898 4056 3123 4120; x_wconf 78' lang='grc' dir='ltr'>εἰκότως</span> <span class='ocrx_word' id='word_1_602' title='bbox 3151 4057 3240 4111; x_wconf 82' lang='grc' dir='ltr'>καὶ</span> <span class='ocrx_word' id='word_1_603' title='bbox 3270 4057 3370 4126; x_wconf 68' lang='grc' dir='ltr'>τὴν</span> <span class='ocrx_word' id='word_1_604' title='bbox 3402 4056 3779 4133; x_wconf 81' lang='grc' dir='ltr'>κληρονομίαν</span> 
     </span>
    </p>
   </div>
   <div class='ocr_carea' id='block_1_90' title="bbox 2141 4142 3778 4222">
    <p class='ocr_par' dir='ltr' id='par_1_90' title="bbox 2141 4142 3778 4222">
     <span class='ocr_line' id='line_1_91' title="bbox 2141 4142 3778 4222; baseline -0.001 -19"><span class='ocrx_word' id='word_1_605' title='bbox 2141 4152 2249 4203; x_wconf 89' lang='grc' dir='ltr'>τῶν</span> <span class='ocrx_word' id='word_1_606' title='bbox 2306 4145 2664 4222; x_wconf 85' lang='grc' dir='ltr'>χαρισμάτων</span> <span class='ocrx_word' id='word_1_607' title='bbox 2703 4142 3010 4219; x_wconf 73' lang='grc' dir='ltr'>ὑπεδέξατο,</span> <span class='ocrx_word' id='word_1_608' title='bbox 3043 4144 3104 4207; x_wconf 75' lang='grc' dir='ltr'>’ὸς</span> <span class='ocrx_word' id='word_1_609' title='bbox 3144 4143 3392 4207; x_wconf 81' lang='grc' dir='ltr'>πολλοὺς</span> <span class='ocrx_word' id='word_1_610' title='bbox 3435 4146 3528 4220; x_wconf 76' lang='grc' dir='ltr'>μὲν</span> <span class='ocrx_word' id='word_1_611' title='bbox 3560 4146 3648 4200; x_wconf 82' lang='grc' dir='ltr'>καὶ</span> <span class='ocrx_word' id='word_1_612' title='bbox 3680 4146 3778 4202; x_wconf 73' lang='grc' dir='ltr'>ἆλ-</span> 
     </span>
    </p>
   </div>
   <div class='ocr_carea' id='block_1_91' title="bbox 2146 4231 3781 4310">
    <p class='ocr_par' dir='ltr' id='par_1_91' title="bbox 2146 4231 3781 4310">
     <span class='ocr_line' id='line_1_92' title="bbox 2146 4231 3781 4310; baseline -0.002 -18"><span class='ocrx_word' id='word_1_613' title='bbox 2146 4235 2276 4299; x_wconf 89' lang='grc' dir='ltr'>λους</span> <span class='ocrx_word' id='word_1_614' title='bbox 2307 4235 2441 4309; x_wconf 87' lang='grc' dir='ltr'>πρὸς</span> <span class='ocrx_word' id='word_1_615' title='bbox 2480 4236 2629 4307; x_wconf 75' lang='grc' dir='ltr'>ἡμᾶς</span> <span class='ocrx_word' id='word_1_616' title='bbox 2658 4232 2953 4305; x_wconf 85' lang='grc' dir='ltr'>ἐποιήσατο</span> <span class='ocrx_word' id='word_1_617' title='bbox 2993 4231 3216 4310; x_wconf 85' lang='grc' dir='ltr'>λόγους.</span> <span class='ocrx_word' id='word_1_618' title='bbox 3248 4233 3320 4290; x_wconf 87' lang='grc' dir='ltr'>Ού</span> <span class='ocrx_word' id='word_1_619' title='bbox 3364 4236 3474 4310; x_wconf 72' lang='grc' dir='ltr'>μὴν</span> <span class='ocrx_word' id='word_1_620' title='bbox 3514 4232 3664 4290; x_wconf 75' lang='grc' dir='ltr'>ἀλλὰ</span> <span class='ocrx_word' id='word_1_621' title='bbox 3691 4236 3781 4291; x_wconf 87' lang='grc' dir='ltr'>καὶ</span> 
     </span>
    </p>
   </div>
   <div class='ocr_carea' id='block_1_92' title="bbox 2143 4321 3782 4401">
    <p class='ocr_par' dir='ltr' id='par_1_92' title="bbox 2143 4321 3782 4401">
     <span class='ocr_line' id='line_1_93' title="bbox 2143 4321 3782 4401; baseline -0.001 -20"><span class='ocrx_word' id='word_1_622' title='bbox 2143 4324 2269 4401; x_wconf 79' lang='grc' dir='ltr'>περὶ</span> <span class='ocrx_word' id='word_1_623' title='bbox 2316 4331 2417 4394; x_wconf 83' lang='grc' dir='ltr'>τῆς</span> <span class='ocrx_word' id='word_1_624' title='bbox 2466 4328 2574 4378; x_wconf 88' lang='grc' dir='ltr'>τῶν</span> <span class='ocrx_word' id='word_1_625' title='bbox 2625 4324 2947 4397; x_wconf 87' lang='grc' dir='ltr'>πνευμάτων</span> <span class='ocrx_word' id='word_1_626' title='bbox 2995 4321 3318 4399; x_wconf 88' lang='grc' dir='ltr'>διακρίσεως</span> <span class='ocrx_word' id='word_1_627' title='bbox 3369 4322 3617 4399; x_wconf 81' lang='grc' dir='ltr'>ἰσχυρῶς</span> <span class='ocrx_word' id='word_1_628' title='bbox 3673 4322 3782 4381; x_wconf 83' lang='grc' dir='ltr'>διε-</span> 
     </span>
    </p>
   </div>
   <div class='ocr_carea' id='block_1_93' title="bbox 2145 4410 3782 4487">
    <p class='ocr_par' dir='ltr' id='par_1_93' title="bbox 2145 4410 3782 4487">
     <span class='ocr_line' id='line_1_94' title="bbox 2145 4410 3782 4487; baseline -0.001 -17"><span class='ocrx_word' id='word_1_629' title='bbox 2145 4411 2330 4484; x_wconf 68' lang='grc' dir='ltr'>δέξατο</span> <span class='ocrx_word' id='word_1_630' title='bbox 2362 4410 2625 4487; x_wconf 88' lang='grc' dir='ltr'>δαίμονας</span> <span class='ocrx_word' id='word_1_631' title='bbox 2654 4411 2789 4467; x_wconf 79' lang='grc' dir='ltr'>εἶναί</span> <span class='ocrx_word' id='word_1_632' title='bbox 2816 4433 2961 4477; x_wconf 90' lang='grc' dir='ltr'>τινας</span> <span class='ocrx_word' id='word_1_633' title='bbox 2993 4410 3119 4476; x_wconf 75' lang='grc' dir='ltr'>τοὺς</span> <span class='ocrx_word' id='word_1_634' title='bbox 3150 4417 3266 4475; x_wconf 88' lang='grc' dir='ltr'>τοῖς</span> <span class='ocrx_word' id='word_1_635' title='bbox 3296 4411 3516 4469; x_wconf 88' lang='grc' dir='ltr'>πάθεσιν</span> <span class='ocrx_word' id='word_1_636' title='bbox 3541 4411 3782 4469; x_wconf 85' lang='grc' dir='ltr'>ἀκολου-</span> 
     </span>
    </p>
   </div>
   <div class='ocr_carea' id='block_1_94' title="bbox 2146 4501 3780 4577">
    <p class='ocr_par' dir='ltr' id='par_1_94' title="bbox 2146 4501 3780 4577">
     <span class='ocr_line' id='line_1_95' title="bbox 2146 4501 3780 4577; baseline 0 -18"><span class='ocrx_word' id='word_1_637' title='bbox 2146 4505 2395 4576; x_wconf 79' lang='grc' dir='ltr'>θόῦντας,</span> <span class='ocrx_word' id='word_1_638' title='bbox 2426 4502 2516 4558; x_wconf 78' lang='grc' dir='ltr'>καὶ</span> <span class='ocrx_word' id='word_1_639' title='bbox 2559 4503 2627 4559; x_wconf 80' lang='grc' dir='ltr'>τὰ</span> <span class='ocrx_word' id='word_1_640' title='bbox 2674 4503 2821 4575; x_wconf 87' lang='grc' dir='ltr'>πάθη</span> <span class='ocrx_word' id='word_1_641' title='bbox 2871 4504 3032 4577; x_wconf 76' lang='grc' dir='ltr'>ἡμῶν</span> <span class='ocrx_word' id='word_1_642' title='bbox 3063 4501 3336 4566; x_wconf 83' lang='grc' dir='ltr'>πολλάκις</span> <span class='ocrx_word' id='word_1_643' title='bbox 3389 4502 3476 4559; x_wconf 84' lang='grc' dir='ltr'>ἐπὶ</span> <span class='ocrx_word' id='word_1_644' title='bbox 3507 4504 3568 4561; x_wconf 84' lang='grc' dir='ltr'>τὸ</span> <span class='ocrx_word' id='word_1_645' title='bbox 3617 4505 3780 4559; x_wconf 82' lang='grc' dir='ltr'>κακὸν</span> 
     </span>
    </p>
   </div>
   <div class='ocr_carea' id='block_1_95' title="bbox 397 4589 3783 4691">
    <p class='ocr_par' dir='ltr' id='par_1_95' title="bbox 397 4589 3783 4691">
     <span class='ocr_line' id='line_1_96' title="bbox 397 4589 3783 4691; baseline -0.003 -36"><span class='ocrx_word' id='word_1_646' title='bbox 397 4601 619 4680; x_wconf 77' lang='grc' dir='ltr'>χιλίούς</span> <span class='ocrx_word' id='word_1_647' title='bbox 652 4595 929 4677; x_wconf 75' lang='grc' dir='ltr'>μοναχοὺς</span> <span class='ocrx_word' id='word_1_648' title='bbox 976 4591 1123 4651; x_wconf 79' lang='grc' dir='ltr'>ἔνδον</span> <span class='ocrx_word' id='word_1_649' title='bbox 1174 4589 1430 4672; x_wconf 76' lang='grc' dir='ltr'>ἔχουσαν.</span> <span class='ocrx_word' id='word_1_650' title='bbox 1466 4594 1597 4668; x_wconf 80' lang='grc' dir='ltr'>Εἶχε</span> <span class='ocrx_word' id='word_1_651' title='bbox 1644 4591 1702 4647; x_wconf 77' lang='grc' dir='ltr'>δὲ</span> <span class='ocrx_word' id='word_1_652' title='bbox 1746 4589 1897 4646; x_wconf 82' lang='grc' dir='ltr'>ἔνδον</span> <span class='ocrx_word' id='word_1_653' title='bbox 1943 4592 2032 4646; x_wconf 82' lang='grc' dir='ltr'>καὶ</span> <span class='ocrx_word' id='word_1_654' title='bbox 2065 4590 2115 4691; x_wconf 68' lang='grc' dir='ltr'>Π</span> <span class='ocrx_word' id='word_1_655' title='bbox 2147 4592 2559 4670; x_wconf 80' lang='grc' dir='ltr'>διατρέποντας.</span> <span class='ocrx_word' id='word_1_656' title='bbox 2594 4594 2689 4655; x_wconf 73' lang='lat' dir='ltr'>&quot;Oc</span> <span class='ocrx_word' id='word_1_657' title='bbox 2720 4612 2804 4654; x_wconf 88' lang='grc' dir='ltr'>τις</span> <span class='ocrx_word' id='word_1_658' title='bbox 2837 4591 2953 4663; x_wconf 74' lang='grc' dir='ltr'>οὖν,</span> <span class='ocrx_word' id='word_1_659' title='bbox 2982 4594 3027 4648; x_wconf 83' lang='grc' dir='ltr'>ὦ</span> <span class='ocrx_word' id='word_1_660' title='bbox 3056 4594 3240 4665; x_wconf 81' lang='grc' dir='ltr'>τέκνα,</span> <span class='ocrx_word' id='word_1_661' title='bbox 3271 4593 3406 4672; x_wconf 84' lang='grc' dir='ltr'>φησὶ</span> <span class='ocrx_word' id='word_1_662' title='bbox 3445 4595 3579 4668; x_wconf 76' lang='grc' dir='ltr'>πρὸς</span> <span class='ocrx_word' id='word_1_663' title='bbox 3612 4595 3783 4664; x_wconf 68' lang='grc' dir='ltr'>ἡμᾶς,</span> 
     </span>
    </p>
   </div>
   <div class='ocr_carea' id='block_1_96' title="bbox 397 4681 2032 4769">
    <p class='ocr_par' dir='ltr' id='par_1_96' title="bbox 397 4681 2032 4769">
     <span class='ocr_line' id='line_1_97' title="bbox 397 4681 2032 4769; baseline -0.007 -23"><span class='ocrx_word' id='word_1_664' title='bbox 397 4691 621 4769; x_wconf 79' lang='grc' dir='ltr'>φρέατα,</span> <span class='ocrx_word' id='word_1_665' title='bbox 664 4689 753 4744; x_wconf 83' lang='grc' dir='ltr'>καὶ</span> <span class='ocrx_word' id='word_1_666' title='bbox 813 4683 1196 4761; x_wconf 87' lang='grc' dir='ltr'>παραδείσους,</span> <span class='ocrx_word' id='word_1_667' title='bbox 1243 4683 1334 4738; x_wconf 82' lang='grc' dir='ltr'>καὶ</span> <span class='ocrx_word' id='word_1_668' title='bbox 1392 4682 1490 4738; x_wconf 82' lang='grc' dir='ltr'>ὅσα</span> <span class='ocrx_word' id='word_1_669' title='bbox 1546 4681 1687 4737; x_wconf 81' lang='grc' dir='ltr'>ἐστὶν</span> <span class='ocrx_word' id='word_1_670' title='bbox 1750 4681 2032 4756; x_wconf 84' lang='grc' dir='ltr'>ἀναγκαῖα,</span> 
     </span>
    </p>
   </div>
   <div class='ocr_carea' id='block_1_97' title="bbox 402 4770 2038 4854">
    <p class='ocr_par' dir='ltr' id='par_1_97' title="bbox 402 4770 2038 4854">
     <span class='ocr_line' id='line_1_98' title="bbox 402 4770 2038 4854; baseline -0.007 -19"><span class='ocrx_word' id='word_1_671' title='bbox 402 4779 635 4854; x_wconf 87' lang='grc' dir='ltr'>μηδενὸς</span> <span class='ocrx_word' id='word_1_672' title='bbox 690 4775 792 4849; x_wconf 77' lang='grc' dir='ltr'>ἔξω</span> <span class='ocrx_word' id='word_1_673' title='bbox 848 4777 980 4833; x_wconf 77' lang='grc' dir='ltr'>ποτὶ</span> <span class='ocrx_word' id='word_1_674' title='bbox 1033 4781 1142 4831; x_wconf 84' lang='grc' dir='ltr'>τῶν</span> <span class='ocrx_word' id='word_1_675' title='bbox 1207 4777 1464 4848; x_wconf 88' lang='grc' dir='ltr'>μοναχῶν</span> <span class='ocrx_word' id='word_1_676' title='bbox 1523 4770 1797 4841; x_wconf 82' lang='grc' dir='ltr'>ἐξιόντων.</span> <span class='ocrx_word' id='word_1_677' title='bbox 1859 4770 2038 4828; x_wconf 80' lang='grc' dir='ltr'>Ἀλλὰ</span> 
     </span>
    </p>
   </div>
   <div class='ocr_carea' id='block_1_98' title="bbox 397 4856 2036 4943">
    <p class='ocr_par' dir='ltr' id='par_1_98' title="bbox 397 4856 2036 4943">
     <span class='ocr_line' id='line_1_99' title="bbox 397 4856 2036 4943; baseline -0.008 -18"><span class='ocrx_word' id='word_1_678' title='bbox 397 4864 759 4943; x_wconf 79' lang='grc' dir='ltr'>πρεσϐύτερος</span> <span class='ocrx_word' id='word_1_679' title='bbox 788 4868 855 4936; x_wconf 73' lang='grc' dir='ltr'>ἦν</span> <span class='ocrx_word' id='word_1_680' title='bbox 908 4867 935 4922; x_wconf 85' lang='grc' dir='ltr'>ὁ</span> <span class='ocrx_word' id='word_1_681' title='bbox 983 4864 1251 4939; x_wconf 85' lang='grc' dir='ltr'>θυρωρὸς,</span> <span class='ocrx_word' id='word_1_682' title='bbox 1306 4860 1514 4936; x_wconf 71' lang='grc' dir='ltr'>μηδένα</span> <span class='ocrx_word' id='word_1_683' title='bbox 1565 4864 1863 4937; x_wconf 85' lang='grc' dir='ltr'>συγχωρῶν</span> <span class='ocrx_word' id='word_1_684' title='bbox 1905 4856 2036 4929; x_wconf 81' lang='grc' dir='ltr'>ἐξιέ-</span> 
     </span>
    </p>
   </div>
   <div class='ocr_carea' id='block_1_99' title="bbox 399 4944 2038 5033">
    <p class='ocr_par' dir='ltr' id='par_1_99' title="bbox 399 4944 2038 5033">
     <span class='ocr_line' id='line_1_100' title="bbox 399 4944 2038 5033; baseline -0.007 -19"><span class='ocrx_word' id='word_1_685' title='bbox 399 4980 505 5033; x_wconf 86' lang='grc' dir='ltr'>ναι,</span> <span class='ocrx_word' id='word_1_686' title='bbox 542 4955 686 5033; x_wconf 74' lang='grc' dir='ltr'>μηδὲ</span> <span class='ocrx_word' id='word_1_687' title='bbox 732 4956 951 5012; x_wconf 70' lang='grc' dir='ltr'>εἰσιέναι</span> <span class='ocrx_word' id='word_1_688' title='bbox 999 4952 1194 5023; x_wconf 78' lang='grc' dir='ltr'>ἄλλον,</span> <span class='ocrx_word' id='word_1_689' title='bbox 1226 4950 1376 5022; x_wconf 74' lang='grc' dir='ltr'>πλὴν</span> <span class='ocrx_word' id='word_1_690' title='bbox 1407 4950 1462 5006; x_wconf 84' lang='grc' dir='ltr'>εἷ’</span> <span class='ocrx_word' id='word_1_691' title='bbox 1501 4971 1605 5006; x_wconf 89' lang='grc' dir='ltr'>που</span> <span class='ocrx_word' id='word_1_692' title='bbox 1645 4969 1730 5012; x_wconf 87' lang='grc' dir='ltr'>τις</span> <span class='ocrx_word' id='word_1_693' title='bbox 1780 4944 2038 5004; x_wconf 74' lang='grc' dir='ltr'>ἐϐούλετο</span> 
     </span>
    </p>
   </div>
   <div class='ocr_carea' id='block_1_100' title="bbox 400 5038 2041 5126">
    <p class='ocr_par' dir='ltr' id='par_1_100' title="bbox 400 5038 2041 5126">
     <span class='ocr_line' id='line_1_101' title="bbox 400 5038 2041 5126; baseline -0.008 -21"><span class='ocrx_word' id='word_1_694' title='bbox 400 5049 532 5126; x_wconf 77' lang='grc' dir='ltr'>ἄχρι</span> <span class='ocrx_word' id='word_1_695' title='bbox 589 5044 849 5116; x_wconf 81' lang='grc' dir='ltr'>τελευτῆς</span> <span class='ocrx_word' id='word_1_696' title='bbox 907 5044 1020 5100; x_wconf 86' lang='grc' dir='ltr'>ἐκεῖ</span> <span class='ocrx_word' id='word_1_697' title='bbox 1074 5041 1401 5119; x_wconf 75' lang='grc' dir='ltr'>παραμένειν</span> <span class='ocrx_word' id='word_1_698' title='bbox 1464 5038 1728 5115; x_wconf 80' lang='grc' dir='ltr'>μηδαμοῦ</span> <span class='ocrx_word' id='word_1_699' title='bbox 1778 5038 2041 5116; x_wconf 81' lang='grc' dir='ltr'>προερχό-</span> 
     </span>
    </p>
   </div>
   <div class='ocr_carea' id='block_1_101' title="bbox 405 5129 2041 5213">
    <p class='ocr_par' dir='ltr' id='par_1_101' title="bbox 405 5129 2041 5213">
     <span class='ocr_line' id='line_1_102' title="bbox 405 5129 2041 5213; baseline -0.008 -18"><span class='ocrx_word' id='word_1_700' title='bbox 405 5158 565 5213; x_wconf 87' lang='grc' dir='ltr'>μενος</span> <span class='ocrx_word' id='word_1_701' title='bbox 599 5156 611 5170; x_wconf 91' lang='grc'><strong>·</strong></span> <span class='ocrx_word' id='word_1_702' title='bbox 644 5137 704 5200; x_wconf 77' lang='grc' dir='ltr'>ὃς</span> <span class='ocrx_word' id='word_1_703' title='bbox 737 5134 804 5206; x_wconf 75' lang='grc' dir='ltr'>δὴ</span> <span class='ocrx_word' id='word_1_704' title='bbox 835 5136 926 5190; x_wconf 87' lang='grc' dir='ltr'>καὶ</span> <span class='ocrx_word' id='word_1_705' title='bbox 974 5135 1111 5209; x_wconf 88' lang='grc' dir='ltr'>πρὸς</span> <span class='ocrx_word' id='word_1_706' title='bbox 1140 5134 1232 5189; x_wconf 84' lang='grc' dir='ltr'>τὸν</span> <span class='ocrx_word' id='word_1_707' title='bbox 1264 5129 1494 5188; x_wconf 88' lang='grc' dir='ltr'>πυλῶνα</span> <span class='ocrx_word' id='word_1_708' title='bbox 1540 5129 1616 5191; x_wconf 79' lang='grc' dir='ltr'>εἷς</span> <span class='ocrx_word' id='word_1_709' title='bbox 1652 5129 1844 5205; x_wconf 86' lang='grc' dir='ltr'>μικρὸν</span> <span class='ocrx_word' id='word_1_710' title='bbox 1878 5148 2041 5184; x_wconf 90' lang='grc' dir='ltr'>κατα-</span> 
     </span>
    </p>
   </div>
   <div class='ocr_carea' id='block_1_102' title="bbox 400 5215 2041 5304">
    <p class='ocr_par' dir='ltr' id='par_1_102' title="bbox 400 5215 2041 5304">
     <span class='ocr_line' id='line_1_103' title="bbox 400 5215 2041 5304; baseline -0.007 -21"><span class='ocrx_word' id='word_1_711' title='bbox 400 5229 605 5304; x_wconf 86' lang='grc' dir='ltr'>γώγιον</span> <span class='ocrx_word' id='word_1_712' title='bbox 632 5224 764 5288; x_wconf 80' lang='grc' dir='ltr'>τοὺς</span> <span class='ocrx_word' id='word_1_713' title='bbox 811 5223 1146 5303; x_wconf 82' lang='grc' dir='ltr'>ἐρχομένους</span> <span class='ocrx_word' id='word_1_714' title='bbox 1177 5220 1391 5292; x_wconf 73' lang='grc' dir='ltr'>ἐξένιζε,</span> <span class='ocrx_word' id='word_1_715' title='bbox 1423 5218 1514 5276; x_wconf 89' lang='grc' dir='ltr'>καὶ</span> <span class='ocrx_word' id='word_1_716' title='bbox 1563 5217 1748 5281; x_wconf 69' lang='grc' dir='ltr'>διδους</span> <span class='ocrx_word' id='word_1_717' title='bbox 1790 5215 2041 5293; x_wconf 79' lang='grc' dir='ltr'>εὐλογίας</span> 
     </span>
    </p>
   </div>
   <div class='ocr_carea' id='block_1_103' title="bbox 402 5306 2045 5391">
    <p class='ocr_par' dir='ltr' id='par_1_103' title="bbox 402 5306 2045 5391">
     <span class='ocr_line' id='line_1_104' title="bbox 402 5306 2045 5391; baseline -0.007 -18"><span class='ocrx_word' id='word_1_718' title='bbox 402 5316 553 5391; x_wconf 77' lang='grc' dir='ltr'>πρωῒ</span> <span class='ocrx_word' id='word_1_719' title='bbox 595 5314 649 5376; x_wconf 72' lang='grc' dir='ltr'>ἐν</span> <span class='ocrx_word' id='word_1_720' title='bbox 694 5314 885 5389; x_wconf 80' lang='grc' dir='ltr'>εἰρήνῃ</span> <span class='ocrx_word' id='word_1_721' title='bbox 936 5310 1272 5387; x_wconf 74' lang='grc' dir='ltr'>προέπεμπε.</span> <span class='ocrx_word' id='word_1_722' title='bbox 1318 5310 1424 5364; x_wconf 84' lang='grc' dir='ltr'>Δύο</span> <span class='ocrx_word' id='word_1_723' title='bbox 1479 5306 1537 5364; x_wconf 77' lang='grc' dir='ltr'>δὲ</span> <span class='ocrx_word' id='word_1_724' title='bbox 1584 5307 1635 5378; x_wconf 80' lang='grc' dir='ltr'>ἐξ</span> <span class='ocrx_word' id='word_1_725' title='bbox 1685 5308 1863 5363; x_wconf 85' lang='grc' dir='ltr'>αὐτῶν</span> <span class='ocrx_word' id='word_1_726' title='bbox 1909 5326 2045 5379; x_wconf 84' lang='grc' dir='ltr'>πρε-</span> 
     </span>
    </p>
   </div>
   <div class='ocr_carea' id='block_1_104' title="bbox 403 5393 2043 5481">
    <p class='ocr_par' dir='ltr' id='par_1_104' title="bbox 403 5393 2043 5481">
     <span class='ocr_line' id='line_1_105' title="bbox 403 5393 2043 5481; baseline -0.007 -18"><span class='ocrx_word' id='word_1_727' title='bbox 403 5401 654 5481; x_wconf 83' lang='grc' dir='ltr'>σϐύτεροι</span> <span class='ocrx_word' id='word_1_728' title='bbox 711 5404 872 5477; x_wconf 87' lang='grc' dir='ltr'>μόνον</span> <span class='ocrx_word' id='word_1_729' title='bbox 920 5400 988 5457; x_wconf 78' lang='grc' dir='ltr'>τὰ</span> <span class='ocrx_word' id='word_1_730' title='bbox 1044 5394 1172 5476; x_wconf 77' lang='grc' dir='ltr'>ἔργα</span> <span class='ocrx_word' id='word_1_731' title='bbox 1225 5402 1335 5453; x_wconf 89' lang='grc' dir='ltr'>τῶν</span> <span class='ocrx_word' id='word_1_732' title='bbox 1392 5393 1644 5472; x_wconf 81' lang='grc' dir='ltr'>ἀδελφῶν</span> <span class='ocrx_word' id='word_1_733' title='bbox 1710 5393 2043 5456; x_wconf 79' lang='grc' dir='ltr'>διοικοῦντες</span> 
     </span>
    </p>
   </div>
   <div class='ocr_carea' id='block_1_105' title="bbox 402 5484 2044 5567">
    <p class='ocr_par' dir='ltr' id='par_1_105' title="bbox 402 5484 2044 5567">
     <span class='ocr_line' id='line_1_106' title="bbox 402 5484 2044 5567; baseline -0.009 -15"><span class='ocrx_word' id='word_1_734' title='bbox 402 5495 626 5567; x_wconf 80' lang='grc' dir='ltr'>ἐξίεσαν,</span> <span class='ocrx_word' id='word_1_735' title='bbox 674 5492 766 5549; x_wconf 85' lang='grc' dir='ltr'>καὶ</span> <span class='ocrx_word' id='word_1_736' title='bbox 820 5491 917 5553; x_wconf 70' lang='grc' dir='ltr'>τὰς</span> <span class='ocrx_word' id='word_1_737' title='bbox 972 5486 1263 5566; x_wconf 84' lang='grc' dir='ltr'>ἀναγκαίας</span> <span class='ocrx_word' id='word_1_738' title='bbox 1320 5485 1505 5547; x_wconf 85' lang='grc' dir='ltr'>αὐτοῖς</span> <span class='ocrx_word' id='word_1_739' title='bbox 1576 5484 1767 5562; x_wconf 81' lang='grc' dir='ltr'>χρείας</span> <span class='ocrx_word' id='word_1_740' title='bbox 1846 5484 2044 5539; x_wconf 83' lang='grc' dir='ltr'>ἀπεκό-</span> 
     </span>
    </p>
   </div>
   <div class='ocr_carea' id='block_1_106' title="bbox 408 5571 2045 5660">
    <p class='ocr_par' dir='ltr' id='par_1_106' title="bbox 408 5571 2045 5660">
     <span class='ocr_line' id='line_1_107' title="bbox 408 5571 2045 5660; baseline -0.007 -21"><span class='ocrx_word' id='word_1_741' title='bbox 408 5590 585 5660; x_wconf 85' lang='grc' dir='ltr'>μιζον.</span> <span class='ocrx_word' id='word_1_742' title='bbox 613 5581 836 5659; x_wconf 74' lang='grc' dir='ltr'>Ἔλεγεν</span> <span class='ocrx_word' id='word_1_743' title='bbox 884 5577 941 5635; x_wconf 74' lang='grc' dir='ltr'>δὲ</span> <span class='ocrx_word' id='word_1_744' title='bbox 978 5580 1114 5651; x_wconf 73' lang='grc' dir='ltr'>ἡμῖν</span> <span class='ocrx_word' id='word_1_745' title='bbox 1166 5577 1194 5632; x_wconf 81' lang='grc' dir='ltr'><strong>ὁ</strong></span> <span class='ocrx_word' id='word_1_746' title='bbox 1238 5580 1319 5649; x_wconf 79' lang='grc' dir='ltr'>τῷ</span> <span class='ocrx_word' id='word_1_747' title='bbox 1365 5571 1578 5660; x_wconf 88' lang='grc' dir='ltr'>πυλῶνι</span> <span class='ocrx_word' id='word_1_748' title='bbox 1622 5578 2045 5649; x_wconf 83' lang='grc' dir='ltr'>προσκαρτερῶν</span> 
     </span>
    </p>
   </div>
   <div class='ocr_carea' id='block_1_107' title="bbox 404 5659 2048 5750">
    <p class='ocr_par' dir='ltr' id='par_1_107' title="bbox 404 5659 2048 5750">
     <span class='ocr_line' id='line_1_108' title="bbox 404 5659 2048 5750; baseline -0.008 -19"><span class='ocrx_word' id='word_1_749' title='bbox 404 5659 793 5750; x_wconf 74' lang='grc' dir='ltr'>πρεσϐύτερος,</span> <span class='ocrx_word' id='word_1_750' title='bbox 838 5667 1122 5730; x_wconf 87' lang='grc' dir='ltr'>τοιούτους</span> <span class='ocrx_word' id='word_1_751' title='bbox 1171 5667 1301 5722; x_wconf 76' lang='grc' dir='ltr'>εἶναι</span> <span class='ocrx_word' id='word_1_752' title='bbox 1347 5662 1477 5728; x_wconf 78' lang='grc' dir='ltr'>τοὺς</span> <span class='ocrx_word' id='word_1_753' title='bbox 1521 5659 1672 5719; x_wconf 81' lang='grc' dir='ltr'>ἔνδον</span> <span class='ocrx_word' id='word_1_754' title='bbox 1720 5663 1930 5741; x_wconf 83' lang='grc' dir='ltr'>ἁγίους,</span> <span class='ocrx_word' id='word_1_755' title='bbox 1973 5663 2048 5729; x_wconf 84' lang='grc' dir='ltr'>ὡς</span> 
     </span>
    </p>
   </div>
   <div class='ocr_carea' id='block_1_108' title="bbox 408 5750 2046 5833">
    <p class='ocr_par' dir='ltr' id='par_1_108' title="bbox 408 5750 2046 5833">
     <span class='ocr_line' id='line_1_109' title="bbox 408 5750 2046 5833; baseline -0.007 -13"><span class='ocrx_word' id='word_1_756' title='bbox 408 5762 661 5821; x_wconf 84' lang='grc' dir='ltr'>δύνασθαι</span> <span class='ocrx_word' id='word_1_757' title='bbox 715 5762 918 5824; x_wconf 82' lang='grc' dir='ltr'>πάντας</span> <span class='ocrx_word' id='word_1_758' title='bbox 972 5761 1176 5833; x_wconf 85' lang='grc' dir='ltr'>σημεῖα</span> <span class='ocrx_word' id='word_1_759' title='bbox 1229 5752 1522 5829; x_wconf 77' lang='grc' dir='ltr'>ἐπιτελεῖν,</span> <span class='ocrx_word' id='word_1_760' title='bbox 1576 5752 1671 5811; x_wconf 80' lang='grc' dir='ltr'>καὶ</span> <span class='ocrx_word' id='word_1_761' title='bbox 1729 5750 1938 5830; x_wconf 66' lang='grc' dir='ltr'>μηδένα</span> <span class='ocrx_word' id='word_1_762' title='bbox 1995 5752 2046 5824; x_wconf 80' lang='grc' dir='ltr'>ἐξ</span> 
     </span>
    </p>
   </div>
   <div class='ocr_carea' id='block_1_109' title="bbox 409 5847 2048 5933">
    <p class='ocr_par' dir='ltr' id='par_1_109' title="bbox 409 5847 2048 5933">
     <span class='ocr_line' id='line_1_110' title="bbox 409 5847 2048 5933; baseline -0.004 -20"><span class='ocrx_word' id='word_1_763' title='bbox 409 5854 584 5913; x_wconf 75' lang='grc' dir='ltr'>αὒτῶν</span> <span class='ocrx_word' id='word_1_764' title='bbox 638 5856 998 5933; x_wconf 85' lang='grc' dir='ltr'>προεμπεσεῖν</span> <span class='ocrx_word' id='word_1_765' title='bbox 1053 5849 1131 5917; x_wconf 89' lang='grc' dir='ltr'>εἰς</span> <span class='ocrx_word' id='word_1_766' title='bbox 1179 5850 1338 5908; x_wconf 85' lang='grc' dir='ltr'>νόσον</span> <span class='ocrx_word' id='word_1_767' title='bbox 1394 5851 1502 5927; x_wconf 86' lang='grc' dir='ltr'>πρὸ</span> <span class='ocrx_word' id='word_1_768' title='bbox 1560 5851 1660 5917; x_wconf 79' lang='grc' dir='ltr'>τῇς</span> <span class='ocrx_word' id='word_1_769' title='bbox 1734 5847 1998 5919; x_wconf 82' lang='grc' dir='ltr'>τελευτῆς</span> <span class='ocrx_word' id='word_1_770' title='bbox 2032 5863 2048 5882; x_wconf 81' lang='grc'><strong>⁹</strong></span> 
     </span>
    </p>
   </div>
   <div class='ocr_carea' id='block_1_110' title="bbox 2149 4679 3782 4758">
    <p class='ocr_par' dir='ltr' id='par_1_110' title="bbox 2149 4679 3782 4758">
     <span class='ocr_line' id='line_1_111' title="bbox 2149 4679 3782 4758; baseline -0.001 -21"><span class='ocrx_word' id='word_1_771' title='bbox 2149 4681 2403 4758; x_wconf 78' lang='grc' dir='ltr'>βούλεται</span> <span class='ocrx_word' id='word_1_772' title='bbox 2435 4682 2559 4744; x_wconf 75' lang='grc' dir='ltr'>τοὺς</span> <span class='ocrx_word' id='word_1_773' title='bbox 2591 4679 2852 4755; x_wconf 84' lang='grc' dir='ltr'>δαίμονας</span> <span class='ocrx_word' id='word_1_774' title='bbox 2882 4680 3227 4750; x_wconf 83' lang='grc' dir='ltr'>ἀπελαύνειν,</span> <span class='ocrx_word' id='word_1_775' title='bbox 3248 4682 3514 4756; x_wconf 86' lang='grc' dir='ltr'>πρότερον</span> <span class='ocrx_word' id='word_1_776' title='bbox 3544 4682 3608 4736; x_wconf 73' lang='grc' dir='ltr'>τά</span> <span class='ocrx_word' id='word_1_777' title='bbox 3638 4684 3782 4749; x_wconf 88' lang='grc' dir='ltr'>πάθη</span> 
     </span>
    </p>
   </div>
   <div class='ocr_carea' id='block_1_111' title="bbox 2147 4767 3783 4846">
    <p class='ocr_par' dir='ltr' id='par_1_111' title="bbox 2147 4767 3783 4846">
     <span class='ocr_line' id='line_1_112' title="bbox 2147 4767 3783 4846; baseline -0.003 -20"><span class='ocrx_word' id='word_1_778' title='bbox 2147 4769 2425 4845; x_wconf 86' lang='grc' dir='ltr'>δουλώσῃ.</span> <span class='ocrx_word' id='word_1_779' title='bbox 2452 4771 2530 4825; x_wconf 70' lang='lat' dir='ltr'>OG</span> <span class='ocrx_word' id='word_1_780' title='bbox 2573 4771 2676 4846; x_wconf 79' lang='grc' dir='ltr'>γὰρ</span> <span class='ocrx_word' id='word_1_781' title='bbox 2708 4770 2769 4825; x_wconf 80' lang='grc' dir='ltr'>ἃν</span> <span class='ocrx_word' id='word_1_782' title='bbox 2816 4770 3019 4832; x_wconf 88' lang='grc' dir='ltr'>πάθους</span> <span class='ocrx_word' id='word_1_783' title='bbox 3060 4792 3144 4832; x_wconf 90' lang='grc' dir='ltr'>τις</span> <span class='ocrx_word' id='word_1_784' title='bbox 3194 4770 3559 4843; x_wconf 78' lang='grc' dir='ltr'>περιγένηται,</span> <span class='ocrx_word' id='word_1_785' title='bbox 3589 4767 3783 4822; x_wconf 83' lang='grc' dir='ltr'>τούτου</span> 
     </span>
    </p>
   </div>
   <div class='ocr_carea' id='block_1_112' title="bbox 2144 4854 3784 4932">
    <p class='ocr_par' dir='ltr' id='par_1_112' title="bbox 2144 4854 3784 4932">
     <span class='ocr_line' id='line_1_113' title="bbox 2144 4854 3784 4932; baseline -0.004 -16"><span class='ocrx_word' id='word_1_786' title='bbox 2144 4864 2235 4917; x_wconf 80' lang='grc' dir='ltr'>καί</span> <span class='ocrx_word' id='word_1_787' title='bbox 2264 4862 2356 4916; x_wconf 87' lang='grc' dir='ltr'>τὸν</span> <span class='ocrx_word' id='word_1_788' title='bbox 2388 4858 2620 4932; x_wconf 84' lang='grc' dir='ltr'>δαίμονα</span> <span class='ocrx_word' id='word_1_789' title='bbox 2649 4857 2939 4914; x_wconf 82' lang='grc' dir='ltr'>ἀπελαύνει</span> <span class='ocrx_word' id='word_1_790' title='bbox 2975 4877 2988 4892; x_wconf 84' lang='grc'>⁶</span> <span class='ocrx_word' id='word_1_791' title='bbox 3021 4857 3112 4912; x_wconf 86' lang='grc' dir='ltr'>καὶ</span> <span class='ocrx_word' id='word_1_792' title='bbox 3145 4854 3228 4911; x_wconf 87' lang='grc' dir='ltr'>δεῖ</span> <span class='ocrx_word' id='word_1_793' title='bbox 3251 4857 3386 4911; x_wconf 78' lang='grc' dir='ltr'>κατὰ</span> <span class='ocrx_word' id='word_1_794' title='bbox 3420 4857 3611 4932; x_wconf 83' lang='grc' dir='ltr'>μικρὸν</span> <span class='ocrx_word' id='word_1_795' title='bbox 3644 4856 3784 4929; x_wconf 75' lang='grc' dir='ltr'>ὑμᾶς</span> 
     </span>
    </p>
   </div>
   <div class='ocr_carea' id='block_1_113' title="bbox 2149 4941 3788 5021">
    <p class='ocr_par' dir='ltr' id='par_1_113' title="bbox 2149 4941 3788 5021">
     <span class='ocr_line' id='line_1_114' title="bbox 2149 4941 3788 5021; baseline -0.003 -15"><span class='ocrx_word' id='word_1_796' title='bbox 2149 4950 2422 5006; x_wconf 83' lang='grc' dir='ltr'>δουλῶσαι</span> <span class='ocrx_word' id='word_1_797' title='bbox 2452 4949 2521 5003; x_wconf 74' lang='grc' dir='ltr'>τὰ</span> <span class='ocrx_word' id='word_1_798' title='bbox 2566 4949 2735 5018; x_wconf 84' lang='grc' dir='ltr'>πάθη,</span> <span class='ocrx_word' id='word_1_799' title='bbox 2772 4947 2864 5001; x_wconf 61' lang='grc' dir='ltr'>*ίνα</span> <span class='ocrx_word' id='word_1_800' title='bbox 2910 4947 3118 5002; x_wconf 88' lang='grc' dir='ltr'>τούτων</span> <span class='ocrx_word' id='word_1_801' title='bbox 3164 4945 3291 5008; x_wconf 76' lang='grc' dir='ltr'>τοὺς</span> <span class='ocrx_word' id='word_1_802' title='bbox 3342 4941 3601 5021; x_wconf 79' lang='grc' dir='ltr'>δαίμονας</span> <span class='ocrx_word' id='word_1_803' title='bbox 3652 4944 3788 5001; x_wconf 71' lang='grc' dir='ltr'>ἄπε-</span> 
     </span>
    </p>
   </div>
   <div class='ocr_carea' id='block_1_114' title="bbox 2149 5032 3783 5111">
    <p class='ocr_par' dir='ltr' id='par_1_114' title="bbox 2149 5032 3783 5111">
     <span class='ocr_line' id='line_1_115' title="bbox 2149 5032 3783 5111; baseline -0.006 -14"><span class='ocrx_word' id='word_1_804' title='bbox 2149 5039 2374 5110; x_wconf 84' lang='grc' dir='ltr'>λάσητε.</span> <span class='ocrx_word' id='word_1_805' title='bbox 2406 5040 2633 5093; x_wconf 83' lang='grc' dir='ltr'>Ἕπεται</span> <span class='ocrx_word' id='word_1_806' title='bbox 2684 5034 2894 5111; x_wconf 86' lang='grc' dir='ltr'>δαίμων</span> <span class='ocrx_word' id='word_1_807' title='bbox 2939 5038 3007 5109; x_wconf 77' lang='grc' dir='ltr'>τῇ</span> <span class='ocrx_word' id='word_1_808' title='bbox 3054 5032 3475 5110; x_wconf 82' lang='grc' dir='ltr'>γαστριμαργίᾳ.</span> <span class='ocrx_word' id='word_1_809' title='bbox 3527 5035 3650 5092; x_wconf 68' lang='grc' dir='ltr'>Ἐάν</span> <span class='ocrx_word' id='word_1_810' title='bbox 3690 5032 3783 5088; x_wconf 71' lang='grc' dir='ltr'>οὖν</span> 
     </span>
    </p>
   </div>
   <div class='ocr_carea' id='block_1_115' title="bbox 2148 5123 3788 5204">
    <p class='ocr_par' dir='ltr' id='par_1_115' title="bbox 2148 5123 3788 5204">
     <span class='ocr_line' id='line_1_116' title="bbox 2148 5123 3788 5204; baseline -0.002 -22"><span class='ocrx_word' id='word_1_811' title='bbox 2148 5138 2249 5200; x_wconf 72' lang='grc' dir='ltr'>τῆς</span> <span class='ocrx_word' id='word_1_812' title='bbox 2278 5129 2710 5203; x_wconf 83' lang='grc' dir='ltr'>γαστριμαργίας</span> <span class='ocrx_word' id='word_1_813' title='bbox 2737 5128 3068 5204; x_wconf 87' lang='grc' dir='ltr'>κρατήσητε,</span> <span class='ocrx_word' id='word_1_814' title='bbox 3101 5123 3426 5182; x_wconf 83' lang='grc' dir='ltr'>ἀπελαύνετε</span> <span class='ocrx_word' id='word_1_815' title='bbox 3464 5127 3666 5196; x_wconf 83' lang='grc' dir='ltr'>ταύτης</span> <span class='ocrx_word' id='word_1_816' title='bbox 3696 5126 3788 5181; x_wconf 87' lang='grc' dir='ltr'>τὸν</span> 
     </span>
    </p>
   </div>
   <div class='ocr_carea' id='block_1_116' title="bbox 2153 5209 3786 5292">
    <p class='ocr_par' dir='ltr' id='par_1_116' title="bbox 2153 5209 3786 5292">
     <span class='ocr_line' id='line_1_117' title="bbox 2153 5209 3786 5292; baseline -0.003 -18"><span class='ocrx_word' id='word_1_817' title='bbox 2153 5217 2406 5292; x_wconf 78' lang='grc' dir='ltr'>δαίμονα.</span> <span class='ocrx_word' id='word_1_818' title='bbox 2437 5219 2653 5273; x_wconf 81' lang='grc' dir='ltr'>Ἠσθιεν</span> <span class='ocrx_word' id='word_1_819' title='bbox 2687 5215 2743 5273; x_wconf 70' lang='grc' dir='ltr'>δὲ</span> <span class='ocrx_word' id='word_1_820' title='bbox 2773 5218 2800 5272; x_wconf 87' lang='grc' dir='ltr'>ὁ</span> <span class='ocrx_word' id='word_1_821' title='bbox 2850 5218 2986 5290; x_wconf 77' lang='grc' dir='ltr'>ἀνὴρ</span> <span class='ocrx_word' id='word_1_822' title='bbox 3017 5222 3118 5285; x_wconf 79' lang='grc' dir='ltr'>τῆς</span> <span class='ocrx_word' id='word_1_823' title='bbox 3169 5209 3481 5289; x_wconf 74' lang='grc' dir='ltr'>ἑϐδομάδος</span> <span class='ocrx_word' id='word_1_824' title='bbox 3517 5212 3786 5289; x_wconf 81' lang='grc' dir='ltr'>δεύτερον,</span> 
     </span>
    </p>
   </div>
   <div class='ocr_carea' id='block_1_117' title="bbox 2152 5301 3787 5380">
    <p class='ocr_par' dir='ltr' id='par_1_117' title="bbox 2152 5301 3787 5380">
     <span class='ocr_line' id='line_1_118' title="bbox 2152 5301 3787 5380; baseline -0.002 -18"><span class='ocrx_word' id='word_1_825' title='bbox 2152 5305 2204 5362; x_wconf 82' lang='grc' dir='ltr'>ἔν</span> <span class='ocrx_word' id='word_1_826' title='bbox 2232 5327 2291 5361; x_wconf 87' lang='grc' dir='ltr'>τε</span> <span class='ocrx_word' id='word_1_827' title='bbox 2316 5310 2386 5379; x_wconf 76' lang='grc' dir='ltr'>τῇ</span> <span class='ocrx_word' id='word_1_828' title='bbox 2436 5310 2699 5380; x_wconf 81' lang='grc' dir='ltr'>Κυριακῇ,</span> <span class='ocrx_word' id='word_1_829' title='bbox 2740 5306 2828 5361; x_wconf 85' lang='grc' dir='ltr'>καί</span> <span class='ocrx_word' id='word_1_830' title='bbox 2879 5308 2947 5378; x_wconf 79' lang='grc' dir='ltr'>τῇ</span> <span class='ocrx_word' id='word_1_831' title='bbox 2998 5304 3248 5378; x_wconf 82' lang='grc' dir='ltr'>πέμπτῃ,</span> <span class='ocrx_word' id='word_1_832' title='bbox 3300 5304 3483 5376; x_wconf 84' lang='grc' dir='ltr'>ζωμὸν</span> <span class='ocrx_word' id='word_1_833' title='bbox 3529 5301 3787 5378; x_wconf 84' lang='grc' dir='ltr'>ἀλεύρου,</span> 
     </span>
    </p>
   </div>
   <div class='ocr_carea' id='block_1_118' title="bbox 2158 5388 3787 5471">
    <p class='ocr_par' dir='ltr' id='par_1_118' title="bbox 2158 5388 3787 5471">
     <span class='ocr_line' id='line_1_119' title="bbox 2158 5388 3787 5471; baseline -0.002 -21"><span class='ocrx_word' id='word_1_834' title='bbox 2158 5393 2387 5471; x_wconf 85' lang='grc' dir='ltr'>μηδενὸς</span> <span class='ocrx_word' id='word_1_835' title='bbox 2416 5395 2601 5471; x_wconf 77' lang='grc' dir='ltr'>ἒτέρου</span> <span class='ocrx_word' id='word_1_836' title='bbox 2634 5388 3070 5469; x_wconf 84' lang='grc' dir='ltr'>μεταλαμϐάνειν</span> <span class='ocrx_word' id='word_1_837' title='bbox 3106 5390 3429 5467; x_wconf 85' lang='grc' dir='ltr'>δυνάμενος,</span> <span class='ocrx_word' id='word_1_838' title='bbox 3463 5390 3553 5448; x_wconf 77' lang='grc' dir='ltr'>διὰ</span> <span class='ocrx_word' id='word_1_839' title='bbox 3590 5391 3653 5448; x_wconf 86' lang='grc' dir='ltr'>τὸ</span> <span class='ocrx_word' id='word_1_840' title='bbox 3684 5394 3787 5465; x_wconf 71' lang='grc' dir='ltr'>τὴν</span> 
     </span>
    </p>
   </div>
   <div class='ocr_carea' id='block_1_119' title="bbox 2149 5481 3043 5557">
    <p class='ocr_par' dir='ltr' id='par_1_119' title="bbox 2149 5481 3043 5557">
     <span class='ocr_line' id='line_1_120' title="bbox 2149 5481 3043 5557; baseline -0.004 -17"><span class='ocrx_word' id='word_1_841' title='bbox 2149 5482 2255 5557; x_wconf 62' lang='grc' dir='ltr'>ἕξιν</span> <span class='ocrx_word' id='word_1_842' title='bbox 2285 5483 2448 5539; x_wconf 73' lang='grc' dir='ltr'>αὐτοῦ</span> <span class='ocrx_word' id='word_1_843' title='bbox 2476 5481 2621 5539; x_wconf 73' lang='grc' dir='ltr'>οίίτω</span> <span class='ocrx_word' id='word_1_844' title='bbox 2650 5483 3043 5545; x_wconf 79' lang='grc' dir='ltr'>τετυπωκέναι,</span> 
     </span>
    </p>
   </div>
   <div class='ocr_carea' id='block_1_120' title="bbox 2756 5573 3182 5631">
    <p class='ocr_par' dir='ltr' id='par_1_120' title="bbox 2756 5573 3182 5631">
     <span class='ocr_line' id='line_1_121' title="bbox 2756 5573 3182 5631; baseline -0.002 0"><span class='ocrx_word' id='word_1_845' title='bbox 2756 5577 3015 5631; x_wconf 73' lang='grc' dir='ltr'>ΚΕΦΔΛ.</span> <span class='ocrx_word' id='word_1_846' title='bbox 3057 5573 3182 5630; x_wconf 81' lang='lat' dir='ltr'>OE&#39;.</span> 
     </span>
    </p>
   </div>
   <div class='ocr_carea' id='block_1_121' title="bbox 2456 5655 3489 5740">
    <p class='ocr_par' dir='ltr' id='par_1_121' title="bbox 2456 5655 3489 5740">
     <span class='ocr_line' id='line_1_122' title="bbox 2456 5655 3489 5740; baseline 0.002 -19"><span class='ocrx_word' id='word_1_847' title='bbox 2456 5664 2586 5739; x_wconf 80' lang='grc' dir='ltr'>Περὶ</span> <span class='ocrx_word' id='word_1_848' title='bbox 2615 5658 2759 5721; x_wconf 85' lang='grc' dir='ltr'>ἆϐϐἆ</span> <span class='ocrx_word' id='word_1_849' title='bbox 2786 5661 3060 5740; x_wconf 82' lang='grc' dir='ltr'>Εύλογίου</span> <span class='ocrx_word' id='word_1_850' title='bbox 3092 5655 3489 5740; x_wconf 74' lang='grc' dir='ltr'>πρεσϐυτέρου.</span> 
     </span>
    </p>
   </div>
   <div class='ocr_carea' id='block_1_122' title="bbox 2225 5748 3796 5834">
    <p class='ocr_par' dir='ltr' id='par_1_122' title="bbox 2225 5748 3796 5834">
     <span class='ocr_line' id='line_1_123' title="bbox 2225 5748 3796 5834; baseline -0.003 -23"><span class='ocrx_word' id='word_1_851' title='bbox 2225 5750 2440 5831; x_wconf 84' lang='grc' dir='ltr'>Ἰδομεν</span> <span class='ocrx_word' id='word_1_852' title='bbox 2469 5752 2528 5812; x_wconf 69' lang='grc' dir='ltr'>δὲ</span> <span class='ocrx_word' id='word_1_853' title='bbox 2567 5756 2660 5812; x_wconf 77' lang='grc' dir='ltr'>καὶ</span> <span class='ocrx_word' id='word_1_854' title='bbox 2707 5751 2884 5810; x_wconf 79' lang='grc' dir='ltr'>ἄλλον</span> <span class='ocrx_word' id='word_1_855' title='bbox 2932 5748 3297 5832; x_wconf 83' lang='grc' dir='ltr'>πρεσϐύτερον</span> <span class='ocrx_word' id='word_1_856' title='bbox 3342 5752 3616 5834; x_wconf 82' lang='grc' dir='ltr'>Εύλόγιον</span> <span class='ocrx_word' id='word_1_857' title='bbox 3669 5752 3796 5807; x_wconf 82' lang='grc' dir='ltr'>ὀνό-</span> 
     </span>
    </p>
   </div>
   <div class='ocr_carea' id='block_1_123' title="bbox 2159 5840 3795 5926">
    <p class='ocr_par' dir='ltr' id='par_1_123' title="bbox 2159 5840 3795 5926">
     <span class='ocr_line' id='line_1_124' title="bbox 2159 5840 3795 5926; baseline -0.004 -24"><span class='ocrx_word' id='word_1_858' title='bbox 2159 5866 2311 5920; x_wconf 85' lang='grc' dir='ltr'>ματι,</span> <span class='ocrx_word' id='word_1_859' title='bbox 2341 5846 2403 5911; x_wconf 75' lang='grc' dir='ltr'>ὃς</span> <span class='ocrx_word' id='word_1_860' title='bbox 2429 5844 2482 5905; x_wconf 68' lang='grc' dir='ltr'>ἐν</span> <span class='ocrx_word' id='word_1_861' title='bbox 2511 5850 2592 5922; x_wconf 79' lang='grc' dir='ltr'>τῷ</span> <span class='ocrx_word' id='word_1_862' title='bbox 2619 5846 2943 5926; x_wconf 71' lang='grc' dir='ltr'>προσφέρειν</span> <span class='ocrx_word' id='word_1_863' title='bbox 2969 5848 3050 5920; x_wconf 76' lang='grc' dir='ltr'>τῷ</span> <span class='ocrx_word' id='word_1_864' title='bbox 3078 5849 3195 5919; x_wconf 74' lang='grc' dir='ltr'>Θεῷ</span> <span class='ocrx_word' id='word_1_865' title='bbox 3221 5845 3289 5901; x_wconf 75' lang='grc' dir='ltr'>τὰ</span> <span class='ocrx_word' id='word_1_866' title='bbox 3318 5842 3488 5921; x_wconf 83' lang='grc' dir='ltr'>δῶρα,</span> <span class='ocrx_word' id='word_1_867' title='bbox 3518 5840 3795 5915; x_wconf 86' lang='grc' dir='ltr'>τοσαύτην</span> 
     </span>
    </p>
   </div>
  </div>
