4112 6210
238 341 394 401 1181

1579 338 1952 402 HISTORIA
1994 338 2406 402 LAUSIACA.

3590 349 3744 410 1182

230 473 477 544 gratiam
500 474 866 546 cognitionis,
902 477 964 528 ut
995 473 1437 543 unuscujusque
1467 487 1534 528 ex
1563 471 1637 528 iis
1655 472 1752 542 qui
1773 488 1932 530 acce-
1964 473 2020 539 Α
2122 472 2238 527 Hoc
2269 475 2464 527 autem
2497 473 2845 530 miraculum
2881 475 3010 530 fecit
3058 476 3262 533 beatus
3312 479 3655 537 Posidonius
3690 483 3747 538 in

230 563 766 619 debantmonaehis
789 568 1044 618 mentem
1069 561 1651 633 cognosceret(Ruﬂ'.,
1668 562 1705 615 ι.
1732 579 1794 629 n,
1816 579 1934 632 cap.

234 653 346 725 14).
378 653 432 708 Is
462 669 595 710 eum
627 669 775 724 saepe
807 653 1042 709 vidisset
1072 652 1298 723 aliquos
1329 651 1648 708 monachos
1679 652 1747 706 ad
1775 667 1935 706 aram

233 759 597 807 accessuros,
639 758 740 798 eos
791 742 1046 809 retinuit,
1097 741 1329 798 dicens:
1365 741 1662 804 Quomodo
1711 741 1938 796 audetis

234 833 306 888 ad
341 837 549 889 sancta
574 833 843 889 accedere
875 836 1262 900 sacramenta,
1294 847 1425 886 cum
1460 830 1725 886 habeatis
1756 829 1940 884 malas

235 922 660 993 cogitationes?
689 925 756 978 Et
779 928 834 977 tu
860 921 1094 994 quidem
1128 921 1234 976 hac
1255 924 1419 977 nocte
1451 920 1648 976 animo
1697 918 1938 974 versasli

235 1017 466 1084 turpem
518 1012 920 1068 fornicationis
963 1010 1414 1083 cogitationem;
1466 1009 1616 1064 alius
1657 1015 1846 1064 autem
1879 1007 1937 1061 in

237 1103 437 1158 animo
467 1117 571 1158 suo
601 1101 1130 1174 reputavit,dieens
1154 1101 1296 1156 nihil
1325 1100 1536 1156 referre
1566 1116 1640 1154 an
1673 1101 1942 1170 peccator

237 1208 310 1245 an
336 1191 535 1261 justus
583 1193 822 1249 accedat
869 1192 940 1246 ad
995 1191 1092 1246 Dei
1137 1189 1382 1261 gratiam
1411 1206 1424 1256 ;
1458 1189 1609 1244 alius
1640 1192 1835 1242 autem
1870 1187 1940 1242 de

239 1279 392 1334 dono
441 1279 740 1344 dubitavit,
792 1279 992 1334 dicens
1035 1294 1048 1333 :
1095 1277 1370 1348 Nunquid
1431 1292 1521 1332 me
1569 1275 1938 1331 accedentem

237 1368 669 1425 sanctiﬁcabit?
699 1371 914 1425 Parum
969 1384 1104 1438 ergo
1153 1366 1401 1423 secedite
1431 1383 1464 1422 a
1493 1365 1712 1420 sanctis
1744 1381 1939 1420 sacra-

238 1457 472 1520 mentis,
505 1460 562 1512 et
591 1472 658 1513 ex
691 1456 884 1512 animo
931 1455 1083 1528 agite
1114 1454 1539 1526 pcenitentiam,
1573 1459 1637 1508 ut
1669 1453 1747 1508 sit
1777 1451 1938 1507 vobis

237 1544 508 1601 remissio
543 1549 934 1617 peccatorum,
969 1549 1024 1600 et
1063 1543 1189 1600 sitis
1239 1543 1400 1616 digni
1432 1541 1640 1597 Christi
1675 1557 1938 1597 commu-

236 1635 431 1692 nione.
466 1635 586 1691 Nisi
616 1635 770 1691 enim
806 1635 1055 1707 primum
1091 1632 1509 1690 mundaveritis
1539 1631 1938 1703 cogitationes,

237 1740 352 1780 non
386 1725 650 1796 poteritis
678 1726 746 1781 ad
778 1723 990 1781 Christi
1019 1725 1264 1796 gratiam
1299 1723 1588 1779 accedere.

824 1814 1054 1871 CAPUT
1094 1813 1344 1870 LXXVI.

591 1906 709 1961 Vita
739 1904 1056 1975 Serapionis
1087 1904 1233 1974 (124)
1263 1902 1585 1974 presbyteri.

308 1993 576 2050 Vidimus
609 2010 742 2051 vero
764 1995 938 2051 etiam
971 1996 1028 2050 in
1062 1993 1328 2064 partibus
1358 1992 1669 2048 Arsenoita:
1705 1991 1938 2062 presby-

234 2087 423 2137 terum
469 2085 802 2155 quemdam,
855 2084 1089 2140 nomine
1121 2082 1491 2154 Serapionem
1543 2082 1729 2152 (Ruﬂ.,
1785 2079 1826 2136 ι.
1875 2096 1936 2148 n,

232 2186 355 2244 cap.
392 2173 501 2247 18),
549 2173 780 2230 Patrem
835 2172 1153 2230 multorum
1198 2171 1704 2237 monasteriorum,
1749 2175 1805 2225 et
1835 2169 1936 2241 qui

232 2267 444 2334 praeest
493 2264 687 2320 multa:
734 2264 1108 2330 fraternitati,
1159 2267 1224 2318 ut
1272 2263 1371 2334 qui
1405 2263 1524 2319 sint
1555 2262 1746 2318 decios
1779 2260 1936 2316 mille

233 2368 496 2424 numero,
532 2369 919 2425 magnamque
951 2369 1052 2425 per
1083 2354 1286 2408 fratres
1335 2351 1668 2423 exsequitur
1697 2351 1939 2422 dispen-

233 2442 544 2511 sationem,
577 2457 712 2500 cum
743 2458 946 2499 omnes
962 2441 1163 2511 simul,
1188 2446 1447 2513 tempore
1479 2441 1709 2510 messis,
1733 2456 1937 2496 omnes

232 2549 374 2588 suos
406 2533 630 2590 fructus
662 2534 730 2588 ad
759 2535 948 2602 ipsum
970 2533 1232 2601 afferant,
1259 2547 1404 2602 quos
1430 2545 1529 2602 pro
1554 2530 1763 2586 messis
1791 2546 1937 2586 mer-

234 2623 373 2678 cede
404 2627 766 2696 acceperunt,
800 2624 1205 2696 unusquisque
1234 2621 1514 2678 frumenti
1543 2638 1769 2677 annuas
1801 2622 1940 2676 duo-

233 2714 422 2768 decim
464 2715 695 2771 artabas
727 2715 893 2786 (125),
927 2715 1024 2786 qui
1054 2718 1190 2768 sunt
1217 2712 1393 2768 veluti
1427 2711 1815 2785 quadraginta
1838 2709 1941 2781 qui

234 2803 387 2872 apud
417 2818 522 2858 nos
553 2803 823 2859 dicuntur
856 2803 1027 2860 modii
1056 2819 1070 2869 ;
1105 2810 1157 2857 et
1188 2818 1254 2858 ea
1275 2801 1343 2858 ad
1373 2801 1760 2856 ministerium
1796 2816 1941 2870 pau-

236 2907 435 2962 perum
478 2907 580 2962 per
610 2907 670 2946 se
700 2892 1016 2963 dispensat,
1047 2891 1190 2946 adeo
1222 2895 1287 2946 ut
1317 2890 1589 2960 deinceps
1619 2889 1679 2942 in
1713 2905 1780 2944 ea
1813 2904 1940 2958 quas

233 2981 318 3032 est
347 2978 723 3034 circumcirca
752 2979 987 3050 regione
1021 2977 1219 3033 nullus
1249 2978 1326 3032 sit
1367 2992 1605 3047 pauper,
1643 2974 1744 3029 sed
1768 2975 1941 3028 etiam

232 3066 426 3122 mittat
458 3068 527 3124 ad
561 3083 658 3124 eos
691 3068 788 3138 qui
817 3079 955 3124 sunt
989 3067 1347 3122 Alexandria:
1390 3081 1694 3137 panperes.
1719 3065 1823 3118 Sed
1851 3079 1942 3118 ne-

1969 1846 2022 1911 B

2051 562 2368 618 Bethleem.
2401 561 2670 624 Quasdam
2705 565 2916 621 mulier
2935 568 3174 637 gravida
3195 567 3445 625 habebat
3472 572 3745 642 spiritum

2048 652 2441 718 immundum,
2477 661 2528 708 et
2582 654 2640 709 in
2677 655 2801 726 ipso
2855 659 3114 728 tempore
3164 675 3278 730 quo
3327 664 3449 714 erat
3497 662 3749 730 paritura

2049 741 2348 796 laborabat
2376 741 2432 794 in
2486 751 2676 811 partu,
2722 745 2910 816 ipsam
2963 752 3294 804 conterente
3341 750 3571 819 spiritu.
3605 753 3745 805 Cum

2049 844 2185 899 ergo
2218 846 2251 884 a
2281 829 2540 886 demonc
2569 837 2870 889 vexaretur
2904 835 3131 904 mulier,
3163 838 3396 894 advenit
3426 840 3551 909 ejus
3575 840 3751 895 mari—
3856 907 3863 914 ,

2049 923 2166 983 tus,
2215 921 2272 972 ct
2320 918 2542 988 rogavit
2591 927 2858 976 sanctum
2892 923 3058 980 illum
3103 930 3166 980 ut
3195 927 3458 982 adesset:
3493 933 3550 983 et
3583 929 3751 984 nobis

2049 1005 2329 1076 ingressis
2383 1007 2457 1061 ad
2514 1009 2823 1076 orandum,
2875 1027 3008 1066 cum
3084 1015 3336 1071 stetisset
3395 1021 3449 1072 et
3481 1022 3752 1089 precatus

2049 1102 2222 1165 esset,
2253 1101 2381 1167 post
2414 1099 2730 1153 secundam
2764 1102 3229 1170 genuﬂexionem
3254 1107 3424 1175 ejecit
3457 1109 3748 1177 spiritum.

2049 1187 2306 1256 Surgens
2344 1190 2538 1242 autem
2581 1188 2722 1241 dixit
2773 1189 2976 1248 nobis:
3013 1190 3203 1258 Orate,
3257 1195 3428 1248 modo
3469 1196 3624 1250 enim
3657 1213 3750 1250 ex-

2048 1275 2276 1344 pellitur
2307 1276 2647 1330 immundus
2689 1277 2950 1346 spiritus.
2985 1280 3223 1350 Oportet
3274 1286 3465 1336 autem
3499 1299 3622 1338 esse
3649 1284 3756 1338 ali-

2049 1367 2202 1435 quod
2236 1367 2470 1437 signum
2520 1372 2581 1420 ut
2612 1370 2681 1424 de
2727 1385 2791 1425 eo
2834 1370 3046 1425 fiamus
3099 1372 3388 1428 certiores.
3445 1372 3755 1444 Egrediens

2050 1457 2242 1510 autem
2276 1456 2522 1522 daemon,
2555 1456 2734 1511 diruit
2782 1475 2814 1512 a
2846 1459 3228 1515 fundamento
3258 1465 3437 1517 totum
3474 1463 3616 1518 aula:
3648 1479 3754 1534 pa-

2049 1543 2266 1598 rietem.
2319 1542 2522 1598 Mulier
2572 1549 2766 1599 autem
2820 1546 3092 1602 sexennio
3145 1565 3258 1603 non
3312 1549 3496 1605 fuerat
3528 1551 3750 1607 locuta:

2049 1637 2355 1704 postquam
2389 1637 2583 1688 autem
2617 1650 2884 1706 egressus
2924 1639 3013 1691 est
3045 1637 3292 1706 daemon,
3327 1642 3383 1693 et
3427 1639 3665 1709 peperit,
3702 1645 3757 1695 et

2049 1722 2246 1780 locuta
2275 1729 2382 1779 est.

2606 1813 2840 1869 CAPUT
2890 1815 3188 1871 LXXVIII.

2585 1903 2658 1957 De
2687 1901 3014 1975 Hieronymo
3045 1904 3214 1974 (127).

2118 1990 2304 2061 Hujus
2335 1991 2525 2047 sancti
2558 1993 2688 2047 novi
2723 1992 2868 2048 hanc
2919 2009 3150 2064 quoque
3185 1994 3585 2064 prophetiam;
3625 1997 3754 2051 Ilie-

2049 2096 2324 2151 ronymus
2355 2081 2511 2136 enim
2571 2080 2809 2152 quidam
2875 2083 3171 2153 presbyter
3223 2082 3519 2139 habitabat
3551 2085 3609 2139 in
3639 2084 3756 2142 illis

2049 2167 2212 2238 locis,
2257 2169 2358 2239 qui
2408 2171 2464 2224 in
2512 2185 2784 2226 sermone
2825 2171 3083 2226 Romano
3134 2187 3345 2241 magna
3391 2181 3508 2228 erat
3539 2174 3752 2230 virtute

2048 2264 2305 2326 ornatus,
2337 2265 2394 2317 et
2423 2261 2696 2332 praeclaro
2737 2262 3010 2333 ingenio;
3043 2264 3138 2318 sed
3174 2267 3332 2320 tanta
3361 2265 3470 2320 fuit
3499 2265 3626 2334 ejus
3657 2266 3745 2321 in-

2045 2350 2220 2418 vidia,
2253 2355 2316 2405 ut
2346 2352 2417 2406 ab
2448 2368 2518 2408 ea
2546 2353 2886 2409 obrueretur
2916 2353 3096 2408 virtus
3125 2354 3414 2410 doctrinae.
3448 2355 3588 2410 Cum
3614 2371 3748 2427 ergo

2051 2442 2252 2498 multis
2292 2443 2498 2500 diebus
2532 2459 2663 2499 cum
2696 2459 2760 2500 eo
2791 2449 3055 2500 versatus
3078 2451 3232 2501 esset
3255 2449 3496 2502 sanctus
3517 2446 3755 2502 Posido-

2051 2529 2206 2598 nius,
2235 2530 2377 2586 dicit
2406 2531 2550 2586 mihi
2579 2531 2638 2587 in
2672 2547 2871 2587 aurem
2903 2547 2916 2586 :

2643 2639 2875 2694 CAPUT
2916 2639 3156 2696 LXXIX.

2654 2729 2728 2783 De
2765 2728 2941 2784 Paula
2972 2728 3145 2800 (128).

2123 2819 2382 2891 lngenua
2409 2820 2640 2891 quidem
2667 2818 2864 2887 Paula,
2897 2835 3022 2890 quae
3046 2821 3172 2889 ejus
3195 2837 3394 2877 curam
3418 2823 3585 2892 gerit,
3623 2841 3760 2896 pras-

2053 2911 2329 2964 morietur
2362 2910 2600 2964 liberata
2632 2909 2703 2963 ab
2734 2910 2859 2978 ejus
2892 2911 3126 2965 invidia.
3163 2912 3231 2965 Ut
3258 2917 3450 2968 autem
3487 2915 3757 2984 arbitror,

2058 3001 2294 3068 propter
2340 2997 2495 3052 hunc
2547 2996 2738 3051 virum
2793 3014 2904 3051 non
2957 2998 3245 3053 habitabit
3293 3001 3379 3054 vir
3425 3007 3667 3058 sanctus
3697 3005 3758 3058 in

2055 3083 2147 3138 bis
2196 3081 2357 3149 locis,
2412 3082 2510 3136 sed
2563 3083 2691 3150 ejus
2743 3082 3012 3150 pervadet
3062 3082 3275 3138 invidia
3319 3083 3407 3139 vel
3453 3101 3638 3157 usque
3685 3090 3756 3144 ad

230 3171 338 3226 que
372 3157 631 3228 pradicti
685 3157 884 3213 Patres
934 3173 1036 3229 per
1085 3161 1266 3211 totam
1317 3157 1625 3227 [Egyptum
1678 3169 1936 3225 unquam

230 3246 603 3268 _-_.__-____.
625 3246 773 3268 tu-
803 3246 1357 3268 _,#=‘:_.__-.gr___
1392 3262 1404 3268 _
1432 3246 1525 3268 η,
1553 3261 1612 3268 -_
1641 3242 1934 3268 .__._-_:L.,_

2063 3171 2354 3244 proprium
2387 3171 2647 3225 fratrem.
2683 3171 2914 3240 Resque
2945 3170 3019 3226 ita
3054 3170 3284 3227 accidit.

230 3246 608 3317 neglexerunt
625 3246 776 3302 hanc
801 3246 1362 3302 administrationem
1391 3262 1404 3313 ;
1430 3246 1527 3301 sed
1548 3261 1616 3300 ex
1639 3242 1936 3300 laboribus

228 3334 632 3404 fraternitatis,
669 3337 899 3407 navigia
930 3335 1102 3406 plena
1153 3337 1443 3390 frumento
1483 3337 1538 3389 et
1569 3333 1932 3388 vestimentis

231 3424 588 3496 pauperibus
639 3425 919 3480 miserunt
962 3424 1395 3492 Alexandriam,
1447 3426 1749 3495 propterea
1782 3424 1928 3494 quod

230 3513 344 3568 rari
378 3522 571 3569 essent
602 3515 754 3586 apud
785 3515 943 3587 ipsos
975 3514 1076 3586 qui
1108 3518 1360 3585 egerent.

812 3603 1039 3660 CAPUT
1079 3603 1348 3659 LXXVII.

737 3695 852 3750 Vita
882 3695 1097 3751 abbatis
1127 3693 1436 3750 Posidonii.

306 3783 597 3840 Posidonii
627 3783 887 3840 Thebani
923 3783 1109 3839 multa
1135 3782 1368 3853 quidem
1402 3786 1563 3849 sunt,
1596 3797 1779 3853 eaque
1809 3797 1938 3836 nar-

229 3882 359 3929 ratu
409 3872 689 3943 difficilia,
737 3873 1234 3945 quemadmodum
1285 3875 1408 3927 erat
1453 3870 1628 3936 mitis,
1677 3875 1734 3926 et
1765 3871 1820 3924 in
1879 3886 1938 3926 se

227 3963 550 4018 exercendo
583 3962 957 4031 accerrimus,
1002 3965 1058 4016 et
1109 3967 1324 4031 quanta
1375 3960 1546 4014 fuerit
1577 3960 1633 4013 in
1667 3975 1732 4014 eo
1765 3959 1938 4014 inno-

227 4051 434 4107 centia.
466 4050 670 4107 Nescio
695 4066 768 4105 an
797 4048 983 4104 ullum
1007 4047 1183 4103 talem
1207 4046 1596 4104 convenerim.
1625 4046 1754 4101 Vixi
1778 4047 1934 4101 enim

228 4157 360 4196 cum
397 4157 464 4196 eo
493 4157 644 4195 anno
695 4155 812 4193 uno
839 4137 897 4192 in
951 4137 1266 4204 Bethleem,
1318 4137 1555 4207 quando
1602 4137 1749 4192 sedit
1782 4135 1937 4190 ultra

225 4229 593 4285 Pmmenium
616 4226 789 4299 (126),
815 4233 868 4282 et
899 4225 1112 4281 multas
1143 4225 1256 4281 vidi
1289 4225 1420 4292 ejus
1451 4225 1729 4295 virtutes;
1763 4228 1937 4296 atque

225 4319 378 4372 inter
406 4322 610 4371 caetera
650 4315 776 4387 ipse
820 4314 965 4369 mihi
1015 4314 1268 4386 quodam
1323 4312 1415 4367 die
1465 4314 1757 4368 narravit:
1790 4313 1932 4370 Cum

225 4405 574 4472 habitarem,
608 4405 820 4477 inquit,
855 4405 914 4461 in
946 4403 1070 4459 loco
1103 4403 1441 4475 Porphyrite
1468 4420 1622 4459 anno
1656 4420 1789 4472 uno,
1817 4407 1932 4460 toto

226 4513 380 4552 anno
415 4495 642 4550 nullum
674 4495 973 4552 hominem
999 4494 1263 4560 conveni,
1300 4509 1414 4549 non
1439 4493 1635 4548 audivi
1668 4494 1934 4550 sermoci-

2665 3279 2896 3336 CAPUT
2947 3280 3163 3335 LXXX.

2651 3370 2725 3424 De
2764 3369 3148 3440 Oxyperontio.

2114 3460 2340 3516 Etenim
2387 3459 2616 3515 beatum
2668 3459 3122 3530 Oxyperentium
3156 3459 3370 3516 Italum
3403 3462 3452 3518 is
3487 3463 3620 3520 binc
3654 3483 3752 3521 ex—

2048 3549 2217 3621 pulit.

2641 3657 2868 3713 CAPUT
2913 3658 3149 3715 LXXXI.

2755 3749 2828 3803 De
2855 3750 3038 3804 Petro.

2118 3836 2182 3890 Et
2212 3835 2446 3890 Petrum
2481 3836 2658 3890 alium
2692 3837 3008 3904 quemdam
3042 3837 3390 3909 rEgyptium.

2620 3943 2850 4000 CAPUT
2891 3943 3165 4001 LXXXII.

2707 4033 2779 4086 De
2810 4031 3079 4088 Simeone.

2117 4121 2184 4175 Et
2205 4121 2559 4188 Simeonem,
2582 4121 2735 4176 viros
2759 4120 3154 4192 admirabiles,
3179 4139 3319 4194 quos
3337 4137 3441 4195 ego
3461 4126 3749 4185 adnotavi.

2117 4210 2374 4265 Narravit
2407 4209 2546 4264 mihi
2597 4210 2691 4266 hic
2732 4209 3074 4266 Posidonius
3113 4211 3661 4271 continentissimus
3695 4221 3752 4273 et

2045 4301 2270 4357 virtutis
2302 4300 2868 4372 observantissimus,
2916 4301 3071 4372 quod
3113 4303 3501 4375 quadraginta
3531 4307 3746 4364 abhinc

2045 4393 2214 4447 annis
2246 4408 2450 4464 panem
2483 4408 2596 4447 non
2643 4395 2954 4463 gustasset,
3006 4407 3194 4462 neque
3243 4397 3488 4466 acceptas
3521 4394 3746 4466 injuria

2044 4480 2122 4536 sit
2153 4483 2702 4552 recordatus-usque
2731 4482 2797 4536 ad
2829 4481 2945 4537 diei
2977 4481 3310 4539 dimidium.

224 4585 545 4646 nationem.
578 4602 689 4642 non
725 4601 928 4657 panem
963 4585 1207 4657 gustavi,
1241 4584 1352 4639 nisi
1385 4583 1433 4639 si
1465 4583 1692 4654 quando
1725 4583 1926 4654 paucis
1961 4571 2011 4636 D
2118 4569 2409 4657 Hmﬁunt
2432 4569 2745 4657 certamina
2775 4574 2830 4626 et
2855 4571 3018 4641 Signa
3040 4571 3298 4642 Ρνεεοῖπί
3327 4573 3538 4631 Christi
3571 4576 3752 4632 athle-

226 4679 421 4732 uterer
450 4675 712 4747 dactylis,
741 4691 797 4731 et
827 4675 1010 4732 sicubi
1044 4675 1252 4730 herbas
1300 4673 1619 4729 invenirem
1654 4679 1931 4745 agrestes.

223 4769 348 4833 Quo
377 4766 612 4838 quidem
649 4769 907 4838 tempore
932 4781 1064 4821 cum
1109 4765 1218 4820 mei
1259 4780 1438 4835 panes
1480 4764 1796 4834 aliquando
1831 4764 1936 4819 de-

221 4854 536 4921 fecissent,
569 4871 838 4926 egressus
884 4869 1016 4910 sum
1054 4867 1083 4908 e
1131 4850 1430 4924 spelunca,
1477 4856 1540 4906 ut
1586 4851 1844 4908 venirem
1877 4853 1934 4907 in

223 4944 424 5000 orbem
446 4948 608 5000 terrae.
640 4943 1047 5010 habitabilem,
1088 4946 1146 4997 et
1188 4958 1324 4999 cum
1359 4945 1480 4998 toto
1509 4941 1602 4996 die
1634 4939 1935 4996 ambulas-

223 5049 371 5103 sem,
404 5034 494 5089 vix
525 5035 758 5090 aberam
792 5052 824 5090 a
856 5033 1132 5106 spelunca
1163 5034 1278 5089 duo
1311 5031 1602 5088 milliaria.
1626 5031 1770 5087 Cum
1799 5047 1935 5103 ergo

223 5123 441 5179 circum
465 5123 780 5195 pexissem,
812 5124 974 5179 video
1005 5123 1260 5194 equitem
1291 5121 1496 5177 militis
1527 5121 1790 5176 habitum
1819 5138 1936 5192 prm

222 5228 288 5268 se
319 5211 624 5280 ferentem,
667 5213 978 5270 habentem
1011 5213 1070 5268 in
1103 5213 1285 5283 capite
1317 5211 1538 5283 galeam
1571 5210 1887 5266 tiariferam
1919 5229 1932 5279 ;

221 5309 446 5361 etcum
492 5307 904 5377 conjectassem
966 5320 1098 5360 eum
1149 5319 1279 5359 esse
1326 5303 1599 5370 militem,
1643 5303 1936 5373 profectus

223 5410 358 5452 sum
395 5409 581 5465 usque
607 5396 679 5450 ad
720 5395 1088 5466 speluncam,
1122 5401 1177 5448 et
1217 5392 1408 5447 inveni
1437 5391 1761 5447 canistrum
1796 5408 1938 5447 uva-

223 5499 357 5540 rum
389 5490 444 5539 et
479 5483 693 5540 ficuum
728 5501 911 5556 nuper
929 5485 1334 5554 decerptarum
1363 5498 1377 5536 :
1413 5495 1585 5551 quem
1609 5495 1744 5535 cum
1773 5496 1938 5536 acce-

223 5571 467 5646 pissem,
520 5573 685 5631 laetus
729 5576 857 5631 veni
905 5573 974 5629 ad
1026 5571 1395 5643 speluncam,
1448 5569 1674 5625 habens
1708 5570 1936 5628 duobus

223 5662 529 5721 mensibus
560 5665 721 5722 cibos
754 5664 886 5721 illos
911 5664 978 5720 ad
1016 5679 1202 5719 meam
1239 5660 1639 5718 refectionem.

2048 4662 2101 4713 te
2133 4655 2448 4722 Posidonii,
2479 4674 2605 4729 quas
2639 4656 2767 4714 fecit
2800 4658 3166 4727 providentia
3197 4660 3324 4728 ejus
3357 4677 3483 4730 quae
3515 4666 3600 4716 est
3626 4679 3752 4718 om-

2048 4749 2210 4803 nium
2264 4747 2540 4802 virtutum
2587 4746 2882 4815 maxima;
2916 4753 2972 4803 et
3002 4747 3060 4802 in
3098 4748 3184 4802 bis
3213 4752 3303 4803 est
3333 4749 3581 4818 insignis
3617 4749 3750 4805 finis

2047 4837 2170 4892 vitae
2201 4836 2379 4907 huius
2410 4837 2586 4893 beati.

2435 4989 2440 4995 .
2613 4943 2845 5000 CAPUT
2885 4941 3178 4998 LXXXIII.

2399 5034 2508 5087 Vita
2539 5031 2854 5102 Serapionis
2891 5031 3039 5101 (129)
3073 5027 3400 5086 Sindonitae.

2120 5121 2249 5177 Fuit
2278 5121 2428 5178 alius
2459 5123 2700 5193 quidam
2734 5120 3009 5192 Serapion
3044 5118 3378 5176 Sindonites
3408 5120 3570 5191 (nam
3605 5137 3748 5190 prse-

2055 5219 2140 5268 ter
2189 5212 2494 5268 sindonem
2548 5212 2692 5267 nihil
2724 5227 2982 5283 unquam
3027 5209 3331 5275 induebat,
3366 5211 3464 5281 qui
3497 5212 3752 5268 exercuit

2047 5318 2311 5373 magnam
2360 5303 2792 5372 possessionum
2845 5305 2902 5356 et
2954 5299 3295 5355 facultatum
3346 5298 3748 5354 vacuitatem:

2047 5408 2224 5462 quam
2255 5391 2326 5446 ob
2357 5407 2592 5448 causam
2626 5397 2682 5447 et
2718 5390 3114 5463 impassabilis
3144 5390 3477 5445 vocabatur.
3504 5389 3647 5446 Cum
3669 5406 3754 5448 es-

2046 5484 2133 5538 set
2163 5487 2356 5536 autem
2386 5481 2695 5554 imperitus
2746 5483 3091 5547 litterarum,
3153 5479 3493 5536 memoriter
3525 5480 3757 5538 dicebat

2047 5585 2249 5627 omnes
2278 5571 2620 5645 Scripturas.
2657 5573 2724 5629 Et
2750 5587 2935 5642 neque
2959 5572 3031 5627 ob
3065 5571 3506 5644 possessionum
3538 5578 3757 5646 egesta-

2047 5665 2168 5719 tem
2218 5667 2272 5720 et
2330 5662 2761 5737 Scripturarum
2819 5662 3255 5721 meditationem
3308 5663 3494 5738 potuit
3525 5664 3582 5721 in
3615 5664 3756 5720 cella
