4078 6212
399 332 554 394 1183

1963 325 2337 386 PALLADII

3762 329 3931 389 1181

401 470 699 538 quiescere
735 507 747 531 ,
781 480 897 519 non
932 462 1085 534 quod
1133 460 1464 516 traheretur
1512 476 1545 514 a
1575 461 1806 514 terrena
1836 459 2099 526 materia,
2133 462 2185 525 Α
2216 457 2285 512 de
2317 455 2741 512 feneratoribus
2772 455 2934 510 uteie
2957 455 3378 522 satisfacerent,
3401 456 3595 528 ipsum
3618 459 3934 531 rogabant:

406 559 509 614 sed
551 556 704 628 quod
735 553 1108 625 apostolicam
1129 551 1305 606 vitam
1340 549 1686 617 sectabatur,
1719 549 1918 605 orbem
1941 555 2103 606 terra:

404 647 605 702 obiens
639 643 1074 700 exactissimam
1109 637 1467 711 paupertatis
1517 638 1786 693 virtutem
1828 638 2102 708 praesefe-

404 739 585 804 rebat,
610 736 692 793 sic
727 741 790 790 ut
820 734 1133 804 perfectam
1167 727 1705 801 impassabilitatem
1739 727 1832 782 hic
1860 728 1934 782 sit
1956 743 2109 782 asse-

402 832 594 884 cutus.
629 825 811 881 Natus
843 823 998 878 enim
1034 825 1152 876 erat
1185 820 1292 874 hac
1318 822 1556 885 natura;
1591 821 1730 872 sunt
1751 816 1906 872 enim
1936 820 2105 870 natu-

405 933 627 981 rarum,
679 930 794 969 non
849 912 1315 968 substantiarum
1367 908 1700 964 differentias
1732 907 1920 976 (Caute
1951 908 2103 977 lege).

405 1007 734 1062 Narrabant
766 1005 964 1074 itaque
997 1003 1212 1067 Patres,
1247 1000 1399 1069 quod
1432 1014 1564 1053 cum
1599 998 1907 1067 quemdam
1938 1012 2106 1053 acce-

406 1098 590 1168 pisset
620 1094 1048 1150 exercitatorem
1085 1089 1182 1159 qui
1216 1104 1346 1142 cum
1395 1103 1458 1142 eo
1502 1087 1741 1153 luderet,
1781 1103 1840 1141 se
1870 1086 1927 1140 in
1960 1103 2108 1156 qua-

407 1190 541 1243 dam
563 1186 702 1240 urbe
725 1182 1040 1253 gentilibus
1069 1179 1325 1234 vendidit
1342 1177 1727 1232 histrionibus
1748 1177 1952 1247 viginti
1975 1177 2108 1233 soli-

410 1276 499 1330 dis
529 1274 700 1344 (130),
752 1275 807 1326 et
855 1287 986 1325 cum
1039 1268 1462 1324 recondidisset
1504 1267 1718 1323 solidos
1750 1267 1857 1322 sub
1889 1266 2106 1338 sigillo,

405 1382 501 1420 eos
533 1364 688 1435 apud
721 1379 781 1417 se
829 1361 1116 1416 servabat.
1168 1359 1396 1414 Tandiu
1448 1362 1641 1413 autem
1703 1357 2024 1427 permansit
2055 1361 2111 1412 et

405 1454 605 1510 serviit
637 1451 835 1507 mimis
870 1450 970 1522 qui
993 1465 1126 1504 eum
1150 1450 1430 1514 emerant,
1463 1448 1644 1502 donec
1673 1463 1768 1502 eos
1800 1446 2114 1502 fecitChri-

405 1546 656 1602 stianos,
701 1546 757 1596 et
787 1557 886 1596 eos
920 1539 1128 1595 avulsit
1175 1557 1207 1593 a
1237 1538 1458 1594 theatro
1493 1553 1506 1604 ;
1556 1543 1758 1608 prazter
1805 1552 2016 1608 panem
2057 1543 2110 1592 et

406 1649 620 1703 aquam
643 1630 786 1688 nihil
809 1645 1069 1698 sumens,
1095 1643 1280 1698 neque
1306 1645 1419 1698 prtB
1461 1627 1835 1682 meditatione
1857 1627 2110 1696 Scriptu-

408 1739 608 1779 rarum
641 1737 736 1776 ore
769 1721 947 1776 silens
974 1736 984 1774 :
1021 1719 1192 1787 longo
1213 1723 1403 1772 autem
1428 1721 1687 1786 tempore
1711 1716 1932 1787 primus
1956 1732 2112 1771 com-

2212 547 2311 603 Ubi
2346 549 2528 602 sunt?
2559 547 2688 617 quis
2722 548 2810 600 est
2841 545 2940 615 qui
2961 544 3063 600 tibi
3096 545 3321 601 exhibet
3344 547 3673 604 molestiam
3697 550 3724 602 ‘3
3751 556 3932 608 osten-

2209 635 2278 690 de
2322 635 2493 690 nobis
2527 650 2684 698 eum,
2722 639 2787 688 ut
2818 632 2924 686 tibi
2952 632 3207 688 feramus
3231 634 3530 690 auxilium.
3553 637 3718 692 Tunc
3742 639 3830 694 eis
3853 640 3937 694 di-

2211 721 2328 775 cit:
2375 720 2700 775 Molestiam
2753 719 2898 774 mihi
2947 719 3207 775 exhibuit
3251 722 3511 788 avaritia,
3572 727 3630 778 et
3675 725 3843 795 gula,
3875 731 3934 780 et

2211 809 2552 876 fornicatio;
2588 814 2644 864 et
2684 826 2717 863 a
2747 809 2979 863 duobus
3002 809 3236 880 quidem
3261 827 3389 866 sum
3413 811 3709 879 liberatus,
3734 816 3934 869 avari-

2211 899 2290 954 tia
2315 898 2535 954 scilicet
2555 902 2612 954 et
2637 898 3017 954 fornicatione
3043 918 3057 967 ;
3091 915 3275 970 neque
3299 900 3455 956 enim
3480 918 3692 957 aurum
3714 903 3936 966 habeo,

2209 1005 2400 1060 neque
2431 988 2648 1060 aliquid
2681 987 2830 1042 aliud
2868 989 3176 1059 possideo;
3211 1005 3324 1046 non
3357 991 3516 1045 fruor
3541 991 3768 1048 deliciis
3804 1010 3930 1064 qua:

2209 1086 2346 1134 sunt
2368 1079 2625 1134 nutrices
2657 1078 2833 1148 hujus
2857 1078 3082 1133 morbi:
3113 1079 3384 1149 quocirca
3416 1080 3562 1134 nihil
3594 1081 3740 1136 mihi
3757 1082 3937 1136 exhi-

2210 1169 2350 1224 bent
2400 1169 2654 1238 amplius
2705 1167 3006 1224 molestiaa.
3045 1169 3090 1221 A
3139 1168 3274 1238 gula
3305 1172 3499 1225 autem
3532 1186 3650 1225 non
3681 1187 3930 1241 possum

2211 1255 2474 1310 recedere
2498 1272 2512 1322 ;
2533 1256 2656 1325 jam
2690 1255 2845 1310 enim
2880 1257 3129 1324 quatuor
3160 1253 3366 1309 diebus
3418 1254 3561 1310 nihil
3593 1255 3841 1324 comedi,
3873 1262 3933 1310 et

2215 1343 2355 1398 mihi
2389 1343 2574 1413 pergit
2607 1348 2804 1398 venter
2831 1341 3162 1397 molestiam
3180 1341 3470 1405 exhibere,
3500 1359 3769 1413 quaerens
3792 1361 3932 1400 con-

2215 1436 2450 1488 suetum
2487 1433 2770 1502 debitum,
2805 1431 2931 1489 sine
2957 1449 3072 1504 quo
3104 1449 3217 1488 non
3249 1449 3487 1504 possum
3519 1433 3728 1490 vivere.
3759 1435 3931 1489 Tunc

2216 1522 2455 1592 quidam
2479 1521 2812 1593 philosophi
2835 1521 3116 1593 suspicati
3141 1537 3275 1577 eum
3308 1522 3637 1594 composita
3658 1523 3929 1594 quaedam

2217 1616 2270 1667 et
2303 1612 2436 1667 ﬁcta
2483 1627 2738 1678 narrare,
2786 1612 2926 1666 dant
2973 1611 3026 1667 ei
3076 1611 3364 1667 solidum:
3403 1628 3578 1684 quem
3629 1622 3928 1684 acceptum

2217 1701 2416 1770 posuit
2447 1701 2506 1754 in
2538 1700 2777 1756 ofﬁcina
2808 1699 3071 1771 panaria,
3108 1703 3165 1755 et
3205 1704 3433 1771 accepto
3467 1716 3618 1772 pane
3648 1703 3887 1757 recessit
3916 1721 3926 1766 ;

411 1817 663 1888 punctus
696 1815 783 1866 est
840 1810 1057 1876 minus,
1108 1808 1311 1861 deinde
1357 1807 1558 1872 mima,
1610 1807 1816 1860 deinde
1847 1807 2111 1861 universa
2143 1829 2188 1894 Β
2225 1791 2425 1891 Statii?
2471 1793 2765 1862 Ρτοῖθοίυε
2788 1809 2820 1845 a
2871 1790 3118 1858 οίνίίθιίεῖ»
3257 1790 3316 1845 in
3347 1807 3468 1894 etim
3502 1808 3617 1846 BOD
3667 1807 3931 1847 reversus

407 1920 604 1959 eorum
637 1899 878 1956 familia.
919 1899 1144 1953 Dictum
1177 1901 1266 1952 est
1298 1899 1490 1950 autem
1521 1896 1672 1966 quod
1700 1912 1813 1965 quo
1853 1901 2110 1965 tempore

407 2011 538 2050 eum
573 1991 940 2063 ignorabant,
966 1988 1190 2042 lavabat
1212 1989 1384 2057 pedes
1408 1985 1737 2042 amborum.
1771 1984 1953 2040 Ambo
1975 2001 2109 2056 ergo

405 2081 700 2152 baptizati,
735 2098 764 2134 a
815 2079 1034 2134 theatro
1091 2079 1496 2143 recesserunt;
1532 2083 1586 2130 et
1626 2091 1760 2130 cum
1812 2075 1881 2129 ad
1932 2075 2110 2130 vitam

405 2175 714 2228 honestam
747 2174 805 2225 et
827 2169 978 2239 piam
1003 2167 1450 2239 processissent,
1500 2167 1692 2220 virum
1711 2165 1872 2220 valde
1897 2180 2114 2220 revere-

406 2263 636 2318 bantur.
679 2260 740 2313 Ei
790 2259 983 2328 itaque
1032 2258 1276 2311 dicunt:
1330 2255 1648 2321 Adesdum,
1703 2255 1895 2321 frater,
1931 2269 2033 2309 nos
2057 2257 2112 2310 te

403 2350 804 2415 liberabimus,
830 2347 1064 2418 quando
1089 2346 1324 2418 quidem
1347 2345 1470 2415 ipse
1492 2362 1596 2401 nos
1621 2344 1882 2400 liberasti
1905 2343 2109 2414 aturpi

406 2441 700 2497 servitute.
733 2438 883 2494 Dicit
913 2453 1049 2508 ergo
1081 2437 1165 2492 eis
1195 2452 1207 2490 :
1242 2434 1724 2506 Quandoquidem
1765 2434 1916 2488 Deus
1947 2449 2111 2487 meus

405 2534 493 2584 est
525 2533 820 2600 operatus,
853 2531 909 2580 et
941 2544 1038 2582 vos
1066 2525 1353 2596 cooperati
1386 2525 1550 2592 estis,
1582 2528 1638 2578 et
1670 2523 1825 2579 salva
1857 2524 2004 2577 facta
2025 2525 2110 2577 est

402 2623 592 2672 vestra
623 2617 840 2684 anima,
875 2615 1036 2670 vobis
1067 2615 1253 2668 dicam
1281 2614 1624 2682 mysterium
1657 2619 1840 2667 actus.

474 2708 590 2774 Ego
620 2708 824 2758 vestrae
857 2703 1064 2756 animae
1116 2702 1395 2756 misertus
1446 2716 1574 2770 qua:
1604 2701 1662 2754 in
1707 2701 1888 2756 multo
1921 2717 2110 2757 errore

400 2794 764 2859 versabatur,
799 2806 931 2845 cum
956 2807 1143 2846 essem
1168 2789 1312 2844 liber
1333 2789 1696 2857 exercitator,
1718 2805 1925 2861 genere
1945 2795 2108 2860 Egy-

402 2884 581 2953 ptius,
614 2897 682 2935 ea
701 2881 769 2936 de
791 2896 969 2935 causa
993 2881 1281 2950 meipsum
1306 2877 1557 2945 vendidi,
1583 2884 1646 2933 ut
1676 2896 1775 2935 vos
1806 2894 2106 2934 servarem.

403 2971 685 3039 Quoniam
720 2977 912 3026 autem
947 2969 1050 3025 hoc
1084 2969 1216 3024 fecit
1247 2969 1420 3034 Deus,
1453 2973 1508 3024 et
1540 2985 1636 3040 per
1660 2985 1849 3024 meam
1874 2968 2106 3024 humili-

402 3067 580 3118 tatem
617 3061 776 3117 salva
809 3059 988 3115 evasit
1017 3059 1214 3114 anima
1243 3063 1455 3119 vestra,
1499 3057 1738 3129 accipite
1769 3075 1977 3114 aurum
2010 3075 2108 3114 ve-

403 3155 615 3217 strum,
636 3153 699 3204 ut
716 3149 891 3204 etiam
916 3148 1044 3202 aliis
1066 3163 1232 3217 opem
1261 3147 1458 3202 feram.
1487 3146 1570 3200 Illi
1595 3152 1787 3202 autem
1813 3164 1943 3201 cum
1965 3147 2108 3202 mul-

2224 1882 2500 1954 amplius.
2515 1883 2678 1936 Tunc
2701 1886 3095 1954 cognoverunt
3113 1881 3443 1952 philosophi
3457 1899 3589 1938 eum
3605 1899 3736 1938 vere
3749 1884 3928 1938 fuisse

2218 1972 2438 2028 virtute
2469 1973 2779 2044 praditum
2805 1990 2820 2042 ;
2853 1976 2909 2028 et
2937 1987 3069 2028 cum
3114 1972 3317 2044 pistori
3347 1972 3649 2028 dedissent
3679 1974 3926 2044 pretium

2223 2065 2410 2134 panis,
2442 2067 2791 2136 acceperunt
2821 2063 3098 2119 solidum.

2292 2154 2431 2210 Cum
2458 2158 2649 2208 autem
2675 2153 2936 2209 venisset
2957 2153 3016 2206 in
3039 2153 3165 2208 loca
3189 2153 3616 2209 Lacedaemonis
3639 2156 3927 2225 proxima,

2223 2244 2442 2298 audivit
2501 2244 2809 2314 quemdam
2867 2259 2935 2298 ex
2989 2242 3192 2312 primis
3251 2242 3498 2298 civitatis
3562 2259 3681 2299 esse
3740 2243 3927 2299 Mani-

2223 2332 2447 2387 chzeum
2479 2331 2657 2388 simul
2689 2347 2826 2388 cum
2856 2335 2978 2386 tota
3011 2332 3204 2402 domo,
3237 2331 3451 2402 alioqui
3472 2331 3656 2387 virum
3683 2333 3927 2396 bonum,

2219 2422 2323 2478 Ilio
2354 2423 2608 2493 Optimus
2641 2421 2964 2478 monachus
2995 2420 3130 2476 huic
3153 2437 3358 2477 rursus
3381 2421 3639 2492 seipsum
3667 2423 3926 2477 vendidit

2226 2513 2376 2568 sicut
2408 2513 2465 2566 in
2500 2512 2685 2581 primo
2719 2519 2876 2568 actu.
2907 2512 2977 2566 Et
3008 2528 3141 2567 cum
3167 2511 3318 2566 intra
3348 2512 3495 2566 duos
3518 2527 3701 2567 annos
3726 2511 3918 2581 ipsum

2221 2603 2551 2659 abduxisset
2583 2601 2652 2657 ab
2687 2602 2889 2656 haeresi
2920 2605 2976 2656 et
3006 2601 3135 2671 ejus
3180 2616 3416 2655 uxorem
3449 2617 3584 2656 cum
3615 2605 3730 2656 tota
3754 2603 3924 2656 fami-

2221 2693 2318 2759 lia,
2351 2691 2590 2747 adduxit
2626 2691 2685 2746 in
2732 2690 3068 2746 Ecclesiam.
3118 2690 3281 2745 Tunc
3330 2706 3460 2746 eum
3488 2695 3772 2756 amantes,
3807 2708 3923 2746 non

2220 2781 2475 2852 amplius
2516 2780 2811 2835 habebant
2839 2783 3116 2851 tanquam
3156 2795 3409 2847 servum,
3453 2780 3546 2834 sed
3589 2779 3921 2849 plusquam

2219 2887 2562 2944 germanum
2595 2871 2829 2925 fratrem
2857 2874 2912 2925 et
2944 2874 3189 2940 patrem,
3223 2877 3276 2924 et
3309 2885 3502 2940 magno
3535 2868 3750 2923 honore
3786 2870 3929 2924 affi-

2220 2963 2469 3029 ciebant,
2503 2965 2559 3016 et
2590 2977 2721 3015 cum
2755 2976 2820 3016 eo
2851 2959 3029 3014 Deum
3064 2959 3398 3014 laudabant.

2285 3051 2461 3107 Paulo
2505 3054 2635 3122 post
2669 3050 2763 3105 ubi
2797 3065 2894 3105 eos
2945 3049 3213 3120 pluribus
3245 3049 3578 3104 cohortatus
3607 3053 3761 3103 esset
3798 3049 3910 3104 illis

2218 3141 2432 3196 relictis
2465 3139 2783 3212 spiritualis
2830 3140 2922 3194 hic
2969 3140 3207 3195 adamas
3260 3141 3558 3210 Serapion,
3611 3155 3733 3194 cum
3765 3141 3918 3194 heris

406 3245 530 3296 tum
563 3196 861 3310 rogassent
890 3246 942 3291 et
970 3196 1380 3302 alﬂrinassent,
1403 3237 1668 3290 dicendo.
1721 3237 1799 3290 Te
1831 3244 2104 3306 tanquam
2138 3196 2187 3261 C‘
2216 3232 2348 3287 istis
2382 3231 2630 3303 pretium
2663 3247 2836 3286 suum
2868 3229 3254 3300 persolvisset,
3290 3231 3550 3300 seipsum
3585 3231 3833 3300 conjecit
3861 3230 3913 3282 in

407 3337 626 3399 patrem
661 3332 716 3383 et
746 3326 1045 3382 dominum
1077 3326 1444 3392 habebimus,
1483 3325 1671 3380 solum
1715 3341 1883 3379 mane
1907 3325 2110 3380 nobis-

408 3433 582 3483 cum;
626 3433 739 3471 non
783 3421 1096 3486 potuerunt
1127 3417 1178 3470 ei
1212 3415 1582 3485 persuadere.
1608 3415 1771 3468 Tunc
1795 3414 2104 3469 dicuntei:

409 3507 490 3560 Da
523 3513 584 3560 tu
626 3523 831 3561 aurum
878 3506 1249 3576 pauperibus,
1303 3523 1431 3560 nam
1467 3506 1522 3559 id
1575 3505 1744 3560 nobis
1797 3505 1906 3562 fuit
1936 3521 2110 3560 causa

406 3595 640 3650 salutis.
672 3596 771 3649 Ait
801 3595 959 3650 illis:
999 3595 1136 3651 Date
1167 3613 1264 3651 vos
1316 3596 1478 3662 illud,
1523 3595 1658 3665 quia
1687 3609 1947 3650 vestrum
1981 3601 2104 3664 est;

402 3701 509 3755 ego
541 3685 696 3739 enim
730 3684 937 3739 alienis
981 3685 1259 3755 pecunias
1291 3702 1402 3739 non
1439 3687 1509 3738 do
1545 3685 1922 3756 pauperibus.
1958 3686 2109 3739 Tum

402 3775 485 3830 illi
512 3774 894 3831 cohortantur
910 3792 1064 3841 eum,
1082 3775 1371 3831 dicentes:
1396 3776 1501 3830 Sed
1520 3779 1721 3830 saltem
1748 3780 1874 3846 post
1897 3791 2110 3831 annum

401 3883 506 3922 nos
551 3865 794 3922 invisas.
829 3868 895 3922 Et
927 3866 1009 3922 sic
1040 3866 1109 3920 ab
1140 3866 1211 3921 iis
1245 3867 1403 3921 abiit.

475 3956 528 4012 Is
559 3957 961 4029 frequentibus
995 3957 1559 4028 peregrinationibus
1591 3958 1853 4028 pervenit
1875 3957 1930 4011 in
1965 3956 2115 4011 Grae-

406 4047 554 4101 ciam
585 4066 598 4115 ;
634 4052 690 4102 et
723 4064 853 4101 cum
889 4046 1078 4101 tribus
1110 4046 1315 4101 diebus
1350 4054 1606 4101 moratus
1655 4051 1809 4103 esset
1846 4046 2108 4116 Athenis,

405 4151 522 4190 non
557 4137 662 4190 fuit
693 4136 791 4205 qui
823 4135 871 4188 ei
906 4151 1108 4204 panem
1145 4135 1456 4206 praeberet;
1489 4152 1622 4189 nam
1659 4152 1846 4206 neque
1873 4153 1946 4189 aes
1973 4135 2112 4188 fere-

404 4225 524 4286 bat,
559 4238 746 4292 neque
778 4239 996 4292 peram,
1031 4240 1144 4277 non
1198 4225 1401 4293 pellem
1446 4223 1676 4277 ovillam
1719 4239 1830 4277 non
1864 4223 2107 4292 virgam,

400 4312 546 4366 nihil
608 4312 840 4373 horum,
892 4313 991 4364 sed
1043 4312 1166 4366 sola
1215 4313 1459 4366 sindone
1503 4311 1745 4366 amictus
1774 4317 1916 4365 erat.
1967 4313 2108 4367 Cum

398 4404 592 4454 autem
618 4399 869 4452 venisset
892 4404 1136 4467 quartus
1159 4401 1301 4468 dies,
1327 4400 1486 4455 valde
1510 4399 1748 4467 esuriit;
1786 4399 1927 4454 nihil
1951 4402 2106 4456 enim

399 4487 503 4541 illo
538 4491 798 4556 tempore
829 4492 1181 4554 gustaverat.
1228 4490 1336 4544 Res
1377 4494 1466 4544 est
1504 4489 1656 4545 enim
1690 4490 1881 4560 gravis
1923 4491 2104 4546 fames

2219 3339 2422 3379 navem
2455 3326 2733 3392 tanquam
2766 3322 3008 3376 Romam
3042 3321 3470 3391 navigaturum.
3504 3321 3701 3375 Naute
3733 3325 3920 3373 autem

2219 3412 2588 3482 conjicientes
2619 3428 2750 3466 eum
2794 3411 2881 3464 vel
2927 3411 3197 3466 intulisse
3238 3415 3533 3481 sumptus,
3567 3410 3654 3465 vel
3685 3410 3739 3463 in
3775 3427 3909 3463 auro

2221 3502 2434 3556 habere
2466 3500 2621 3572 quod
2655 3501 2912 3571 expende
2941 3504 3017 3568 et,
3066 3500 3212 3554 nihil
3253 3499 3402 3554 aliud
3437 3498 3752 3570 percontati
3782 3514 3907 3554 eum

2218 3598 2585 3662 exceperunt,
2621 3591 2772 3646 alius
2804 3589 2982 3645 alium
3038 3589 3378 3645 existimans
3429 3591 3721 3661 accepisse
3781 3590 3904 3658 ejus

2221 3680 2516 3735 utensilia.
2549 3680 2694 3734 Cum
2738 3687 2931 3734 autem
2968 3677 3078 3750 ipsi
3106 3679 3532 3747 enavigassent,
3566 3683 3620 3733 et
3651 3679 3912 3732 abessent

2221 3770 2558 3842 quingentis
2592 3770 2796 3825 stadiis
2828 3770 2898 3824 ab
2928 3769 3291 3836 Alexandria,
3341 3774 3641 3839 coeperunt
3671 3773 3906 3824 vectores

2219 3859 2371 3915 vesci
2403 3860 2553 3915 circa
2587 3875 2860 3914 occasum
2893 3857 3057 3928 solis,
3080 3874 3207 3914 cum
3242 3862 3430 3913 nauta
3463 3858 3628 3930 prius
3651 3857 3907 3914 comedis-

2222 3955 2371 4005 sent.
2407 3948 2698 4004 Vinerunt
2720 3952 2914 4003 autem
2947 3964 3080 4004 eum
3101 3948 3286 4018 primo
3315 3948 3407 4002 die
3441 3965 3556 4003 non
3587 3947 3900 4010 comedere;

2223 4045 2278 4096 et
2310 4041 2656 4112 putaverunt
2675 4054 2910 4093 causam
2942 4054 3068 4094 esse
3099 4037 3547 4108 navigationem,
3579 4037 3833 4093 similiter
3861 4044 3904 4088 et

2223 4131 2496 4197 secundo,
2540 4133 2596 4184 et
2635 4129 2824 4196 tertio,
2859 4133 2916 4184 et
2961 4133 3163 4199 quarto
3213 4127 3344 4197 die;
3375 4127 3575 4198 quinto
3607 4134 3793 4183 autem
3825 4127 3907 4180 die

2221 4221 2419 4276 vident
2451 4221 2644 4291 ipsum
2675 4219 2973 4274 sedentem
3009 4219 3291 4290 quietum,
3325 4219 3462 4273 dum
3491 4234 3696 4272 omnes
3725 4232 3908 4272 come-

2221 4313 2444 4376 derent,
2491 4315 2547 4366 et
2596 4310 2801 4366 dicunt
2831 4310 2920 4366 ei:
2972 4309 3178 4377 Homo,
3228 4325 3330 4364 cur
3375 4325 3489 4364 non
3539 4307 3832 4364 comedis?
3861 4308 3906 4360 Is

2220 4416 2353 4455 vero
2387 4399 2533 4456 dicit
2564 4399 2685 4455 eis:
2721 4398 3008 4462 Quoniam
3031 4414 3148 4455 non
3170 4398 3352 4454 habeo
3375 4399 3528 4468 quod
3561 4399 3747 4453 edam.
3772 4396 3902 4452 Cum

2221 4505 2356 4562 ergo
2388 4489 2542 4546 inter
2574 4505 2636 4545 se
2668 4488 3069 4559 quasivissent
3098 4489 3226 4558 quis
3258 4490 3383 4558 ejus
3419 4488 3723 4559 accepisset
3757 4495 3905 4540 uten-

403 4575 820 4644 involuntaria,
863 4591 984 4645 qua
1018 4578 1356 4646 adjutricem
1399 4579 1573 4635 habet
1620 4580 2110 4637 incredulitatem:
2144 4568 2189 4632 D
2221 4580 2356 4636 silia
2385 4579 2472 4635 vel
2505 4580 2826 4651 impensas,
2859 4579 3148 4635 vidissent
3187 4583 3380 4634 autem
3431 4579 3710 4634 neminem
3743 4591 3903 4631 acce-

404 4665 474 4721 Et
503 4669 669 4720 stans
701 4679 874 4734 super
905 4665 1197 4721 tumulum
1246 4666 1512 4736 civitatis,
1546 4669 1604 4721 in
1656 4683 1767 4738 quo
1800 4683 2110 4740 congrega-

407 4757 618 4812 bantur
649 4754 749 4825 qui
781 4757 944 4810 erant
973 4753 1031 4809 in
1065 4756 1342 4824 dignitate
1374 4757 1520 4828 (131)
1555 4756 1850 4812 constituti
1882 4757 1939 4811 in
1974 4758 2108 4812 civi-

403 4850 538 4915 tate,
572 4845 748 4915 ccepit
783 4844 1153 4900 vehementer
1183 4858 1238 4901 et
1268 4861 1400 4900 cum
1451 4847 1689 4917 planctu
1725 4847 2028 4901 lamentari
2050 4851 2107 4902 et

407 4935 690 4990 clamare:
722 4933 845 4989 Viri
877 4935 1283 5004 Athenienses,
1318 4937 1458 4991 ferte
1485 4953 1667 5008 opem.
1699 4938 1784 4992 Ad
1809 4953 1980 5007 quem
2015 4954 2110 4992 ac-

408 5028 706 5080 currentes
720 5042 919 5082 omnes
934 5027 1032 5097 qui
1047 5027 1287 5097 pallium
1303 5030 1614 5098 gestabant
1629 5029 1920 5100 etbyrrum
1938 5029 2106 5100 (132),

405 5115 610 5170 dicunt
676 5115 777 5171 ei:
845 5116 990 5180 Quid
1063 5117 1265 5186 habes,
1341 5121 1634 5176 undenam
1706 5137 1785 5188 es,
1854 5124 1911 5173 et
1967 5120 2103 5189 quid

407 5204 679 5276 pateris?
733 5206 783 5259 Is
834 5221 964 5260 vero
1015 5205 1155 5261 dicit
1205 5207 1385 5276 ipsis:
1421 5209 1638 5265 Genere
1691 5209 1929 5279 quidem
1981 5225 2105 5265 sum

405 5295 724 5365 Egyptius,
759 5293 1080 5350 monachus
1113 5297 1274 5367 profe
1304 5297 1589 5366 sione;cx
1621 5315 1732 5368 quo
1768 5303 1957 5354 autem
1995 5299 2104 5353 ab-

403 5398 530 5437 sum
564 5402 594 5438 a
623 5401 759 5441 vera
791 5400 923 5440 mea
953 5385 1155 5454 patria,
1210 5384 1385 5440 incidi
1435 5385 1492 5440 in
1555 5392 1670 5443 tres
1705 5388 2096 5444 feneratores:

402 5475 458 5525 et
487 5473 597 5529 duo
631 5476 862 5544 quidem
907 5491 1048 5531 ame
1081 5481 1448 5532 recesserunt
1479 5478 1733 5533 exsoluto
1765 5479 1849 5534 eis
1882 5480 2096 5549 debito,

402 5574 536 5616 cum
566 5577 678 5618 non
711 5563 990 5621 haberent
1018 5565 1086 5620 de
1115 5582 1230 5637 quo
1263 5581 1352 5621 me
1379 5575 1735 5623 accerserent
1761 5585 1774 5636 ;
1810 5584 1963 5624 unus
1995 5585 2096 5624 au-

401 5652 520 5710 tem
556 5668 588 5707 a
619 5667 709 5707 me
741 5671 854 5709 non
887 5655 1153 5714 discedit.
1197 5656 1278 5711 Illi
1314 5673 1448 5729 ergo
1481 5657 1740 5714 studiose
1771 5662 2095 5730 quaerentes

2220 4672 2375 4742 pisse
2411 4671 2627 4742 (neque
2658 4669 2813 4725 enim
2833 4669 3081 4726 habebat
3105 4669 3352 4741 aliquid)
3380 4670 3666 4741 cceperunt
3690 4683 3828 4722 cum
3843 4681 3901 4720 eo

2219 4761 2609 4818 contendere:
2663 4760 2964 4822 Quomodo
3008 4761 3094 4816 sic
3141 4761 3440 4832 ingressus
3471 4775 3532 4816 es
3561 4760 3772 4828 absque
3805 4757 3900 4812 im-

2217 4849 2414 4919 pensis
2437 4849 2463 4902 ?
2494 4849 2785 4918 quomodo
2816 4848 2980 4903 dabis
3013 4847 3182 4904 nobis
3215 4847 3500 4904 naulum?
3531 4861 3782 4917 quonam
3813 4860 3902 4898 au-

2215 4943 2330 4994 tem
2364 4937 2534 4993 aleris
2560 4939 2587 4992 ?
2619 4938 2670 4993 Is
2699 4953 2828 4994 vero
2859 4937 2944 4993 eis
2983 4938 3162 4993 dicit:
3196 4939 3312 5009 Ego
3361 4937 3506 4993 nihil
3557 4937 3771 4998 habeo;
3807 4951 3898 4988 an-

2215 5027 2354 5082 ferte
2405 5041 2518 5094 me,
2570 5030 2628 5082 et
2677 5026 2911 5098 abjicite
2961 5027 3060 5081 ubi
3109 5026 3438 5082 invenistis.
3474 5024 3563 5080 llli
3600 5041 3765 5079 vero:
3799 5023 3899 5077 Cur

2215 5118 2480 5174 irasceris
2501 5119 2527 5173 ?
2561 5134 2630 5173 ne
2661 5117 2712 5174 si
2741 5125 2968 5174 centum
3021 5117 3258 5188 quidem
3292 5132 3495 5173 aureos
3527 5117 3691 5172 nobis
3721 5115 3895 5172 dares.

2211 5208 2476 5263 lubenter
2505 5208 2612 5263 hoc
2641 5207 2981 5274 faceremus,
3034 5224 3170 5263 cum
3219 5207 3294 5262 sit
3325 5206 3492 5262 nobis
3535 5213 3738 5261 ventus
3768 5205 3894 5258 adeo

2209 5299 2539 5354 secundus:
2574 5314 2816 5368 scopum
2861 5313 2997 5369 ergo
3043 5313 3378 5369 urgeamus,
3426 5301 3758 5368 peragentes
3785 5310 3892 5364 qua:

2208 5393 2342 5444 sunt
2374 5389 2538 5444 nobis
2572 5388 2884 5458 proposita.
2917 5389 3012 5444 Sic
3054 5389 3165 5443 fuit
3218 5389 3274 5443 in
3310 5389 3462 5455 navi,
3495 5393 3554 5443 et
3584 5403 3717 5443 eum
3747 5385 3893 5439 alue-

2207 5481 2342 5533 runt
2373 5477 2616 5532 Romam
2651 5493 2856 5548 usque.
2908 5478 3052 5533 Cum
3102 5481 3296 5533 autem
3347 5477 3593 5531 Romam
3638 5473 3890 5531 venisset.

2205 5568 2429 5624 curiose
2458 5567 2757 5638 indagavit
2784 5567 2917 5639 quis
2948 5575 3097 5625 esset
3127 5567 3184 5624 in
3208 5567 3438 5625 civitate
3467 5582 3724 5639 magnus
3750 5577 3892 5619 exet.

2204 5657 2408 5714 citator
2437 5660 2537 5713 aut
2565 5657 2947 5715 exercitatrix.
