4078 6212
200 402 357 462 1189

760 534 989 590 CAPUT
1043 536 1336 592 LXXXIV.

669 624 788 679 Vita
817 623 1036 679 abbatis
1069 625 1411 680 Domitianis.

239 753 244 759 ι
279 718 433 771 Inter
461 729 603 785 quos
643 713 844 770 incidit
873 714 931 770 in
966 716 1275 787 quemdam
1308 715 1682 771 Domnionem
1715 715 1903 771 fortis-

198 805 418 859 simum
443 807 617 874 atque
638 804 1228 873 abstinentissimum,
1249 804 1514 875 Origenis
1531 803 1900 874 discipulum,

202 911 376 967 quem
411 911 613 950 rumor
651 899 775 950 erat
816 894 1001 951 multa
1033 896 1315 952 miracula
1344 895 1615 963 edidisse,
1648 899 1703 950 et
1730 896 1899 965 cujus

195 984 384 1040 lectus
424 985 650 1040 curavit
679 990 923 1056 aegrotos
955 990 1085 1054 post
1117 989 1382 1041 mortem.

778 1074 1010 1130 CAPUT
1051 1074 1311 1131 LXXXV.

758 1169 834 1220 De
878 1166 1094 1236 Virgine
1123 1166 1335 1221 silente.

269 1255 410 1310 Cum
444 1268 582 1326 ergo
612 1254 669 1309 in
711 1269 843 1309 eum
889 1254 1209 1319 incidisset,
1261 1258 1317 1309 et
1359 1268 1426 1309 ex
1473 1269 1539 1308 eo
1582 1253 1893 1309 utilitatem

200 1344 520 1415 accepisset
549 1343 695 1413 (erat
724 1343 879 1398 enim
913 1343 997 1398 vir
1018 1348 1075 1399 et
1100 1344 1364 1399 moribus
1394 1345 1653 1410 ornatus,
1684 1346 1741 1397 et
1770 1359 1895 1398 eru-

198 1432 416 1488 ditione
449 1441 506 1489 et
534 1448 800 1489 sermone
832 1437 887 1488 et
916 1433 1077 1503 vita),
1111 1436 1168 1487 et
1199 1431 1269 1487 ab
1302 1447 1366 1488 eo
1399 1431 1701 1487 didicisset
1733 1432 1891 1502 quis-

194 1539 327 1578 nam
379 1526 533 1578 esset
580 1521 697 1578 illic
751 1521 904 1577 alius
954 1522 1293 1578 exercitator
1340 1526 1442 1577 aut
1505 1521 1890 1591 exercitatrix,

187 1613 463 1685 cognovit
490 1628 617 1669 esse
647 1613 963 1683 quamdam
998 1612 1279 1683 virginem
1304 1610 1601 1667 silentium
1627 1616 1892 1681 agentem

185 1710 240 1758 et
272 1702 697 1772 quiescentem,
724 1703 989 1774 quaejam
1014 1701 1218 1772 viginti
1237 1701 1493 1771 quinque
1515 1700 1759 1755 annisin
1783 1700 1892 1756 cel-

181 1790 242 1846 la
283 1795 407 1847 erat
438 1792 682 1861 inclusa,
715 1796 769 1846 et
800 1806 934 1847 cum
969 1790 1198 1845 nemine
1233 1805 1492 1860 unquam
1525 1789 1890 1860 colloqueba-

183 1882 306 1934 tur.
360 1879 502 1934 Cum
547 1884 738 1935 autem
790 1880 918 1949 ejus
958 1878 1198 1934 domum
1248 1876 1569 1944 didicisset,
1610 1878 1788 1941 venit,
1833 1882 1891 1932 et

184 1968 329 2025 dicit
368 1968 571 2023 vetulae
606 1986 731 2040 qua:
765 1969 816 2024 ei
847 1968 1200 2023 inserviebat
1230 1983 1244 2022 :
1280 1966 1381 2021 Dic
1411 1966 1619 2038 virgini
1652 1981 1741 2021 me
1782 1984 1890 2022 ne-

188 2073 351 2112 cesse
382 2057 594 2113 habere
638 2073 763 2113 eam
799 2058 1126 2113 convenire.
1169 2058 1331 2111 Anus
1372 2071 1502 2110 vero
1545 2071 1889 2125 responsum

188 2147 442 2202 reddidit
480 2146 639 2202 illam
671 2162 737 2202 ex
770 2146 967 2201 multis
1002 2145 1173 2201 annis
1204 2144 1497 2200 neminem
1530 2144 1885 2201 convenisse.

184 2238 333 2293 Tum
366 2239 443 2293 ait
479 2238 562 2293 illi
598 2255 611 2292 :
645 2238 747 2294 Dic
777 2239 828 2294 ei
860 2243 923 2293 ut
953 2237 1291 2293 conveniam
1324 2237 1497 2302 illam,
1539 2237 1691 2293 Deus
1728 2239 1883 2293 enim

181 2344 273 2383 me
310 2328 494 2383 misit.
528 2331 599 2382 At
631 2326 729 2382 illa
763 2343 833 2383 ne
864 2326 945 2382 sic
977 2326 1213 2396 quidem
1246 2325 1547 2395 acquievit.
1596 2326 1738 2380 Cum
1787 2343 1885 2382 au-

181 2420 299 2472 tem
341 2418 486 2473 duos
534 2416 619 2472 vel
673 2420 789 2471 tres
839 2416 962 2470 dies
1009 2414 1438 2481 intermisisset,
1491 2431 1616 2469 eam
1668 2432 1881 2471 conve-

178 2507 262 2561 nit
311 2513 531 2578 postea.
582 2508 648 2561 Et
694 2507 746 2561 ei
794 2506 971 2560 dixit:
1023 2506 1161 2577 quid
1214 2505 1423 2560 sedes?
1454 2506 1531 2560 Ea
1562 2522 1693 2561 vero
1743 2507 1882 2562 dicit

179 2595 341 2666 ipsi:
395 2597 523 2653 Non
572 2595 761 2662 sedeo,
812 2596 913 2650 sed
962 2595 1221 2649 ambulo.
1272 2594 1323 2649 Is
1355 2612 1486 2650 vero
1538 2596 1720 2651 dicit:
1756 2597 1877 2661 Quo

174 2686 445 2742 ambulas
466 2686 493 2740 ?
524 2685 628 2741 Illa
658 2702 791 2741 vera
820 2685 996 2740 dicit:
1030 2685 1112 2739 Ad
1146 2684 1350 2740 Deum.
1386 2686 1437 2739 Is
1469 2689 1662 2740 autem
1697 2686 1873 2743 dicit:

176 2772 429 2843 Vivisne,
462 2789 533 2828 an
576 2790 635 2829 es
669 2772 945 2829 mortua?
974 2772 1076 2827 Illa
1115 2789 1243 2828 vero
1277 2772 1325 2827 ei
1367 2773 1509 2829 dicit
1543 2791 1555 2827 :
1598 2774 1773 2830 Credo
1814 2777 1873 2833 in

167 2865 353 2921 Deum
380 2881 470 2921 me
487 2880 614 2921 esse
637 2868 924 2922 mortuam
950 2865 1170 2920 mundo
1189 2881 1201 2918 :
1223 2864 1325 2929 Qui
1346 2864 1499 2920 enim
1525 2882 1694 2921 carne
1713 2868 1871 2936 vivit,

168 2970 285 3010 non
320 2959 507 3026 potest
536 2955 607 3011 ad
640 2954 825 3011 Deum
859 2954 1177 3010 ambulare.
1207 2954 1259 3008 Is
1291 2958 1485 3009 autem
1518 2954 1659 3010 dicit
1688 2956 1768 3011 ei:
1801 2957 1874 3012 Ut

168 3060 270 3100 me
301 3059 435 3116 ergo
469 3043 773 3101 certiorem
808 3043 1017 3099 reddas
1048 3047 1102 3098 te
1134 3059 1262 3098 esse
1293 3047 1586 3098 mortuam
1629 3046 1871 3112 mundo,

167 3136 260 3191 fac
291 3136 440 3204 quod
474 3134 643 3191 facio.
675 3135 755 3189 Ea
786 3134 871 3190 illi
906 3132 1045 3188 dicit
1076 3151 1088 3188 :
1124 3133 1346 3204 Impera
1379 3134 1523 3189 mihi
1564 3151 1693 3205 quae
1732 3152 1873 3207 pos—

171 3229 312 3279 sunt
337 3224 478 3290 ﬁeri,
512 3228 570 3279 et
600 3223 833 3279 faciam.
860 3223 913 3278 Is
945 3226 1143 3278 autem
1166 3221 1302 3277 dicit
1323 3222 1407 3277 ei:
1436 3222 1592 3277 Nihil
1615 3228 1700 3279 est
1722 3224 1867 3295 quod

172 3330 288 3370 non
322 3313 503 3384 possit
532 3317 823 3373 mortuus,
855 3312 1072 3383 absque
1102 3328 1168 3366 eo
1199 3312 1353 3381 quod
1388 3328 1502 3366 non
1535 3317 1722 3384 potest
1742 3329 1871 3370 esse

171 3400 415 3472 impius.
446 3401 609 3455 Tunc
639 3400 779 3455 dicit
817 3400 865 3455 ei
902 3416 914 3452 :
947 3398 1261 3465 Descende,
1304 3406 1356 3454 et
1389 3401 1751 3471 progredere.
1796 3406 1871 3457 Ea

170 3507 304 3547 vero
348 3490 651 3560 respondit
684 3489 847 3545 :Jam
874 3490 1066 3559 agitur
1086 3489 1402 3561 vigesimus
1424 3490 1661 3561 quintus
1684 3509 1871 3547 annus

174 3596 239 3637 ex
275 3594 395 3650 quo
429 3594 541 3633 non
576 3593 706 3633 sum
741 3593 1063 3648 progressa,
1086 3582 1141 3632 et
1166 3595 1268 3633 cur
1287 3580 1662 3651 progrediar?
1686 3581 1745 3634 Ei
1767 3598 1870 3636 au-

172 3678 283 3726 tem
323 3667 461 3723 dicit
494 3683 508 3723 :
542 3666 663 3722 Vah
693 3666 704 3720 !
740 3683 931 3722 nonne
964 3676 1021 3721 tu
1062 3668 1282 3739 dixisti,
1317 3673 1546 3724 mortua
1576 3686 1704 3725 sum
1738 3670 1869 3726 huic

171 3759 387 3814 mundo
406 3757 433 3811 ?
464 3756 619 3812 unde
638 3761 694 3811 et
714 3756 1089 3811 manifestum
1113 3762 1196 3812 est
1212 3762 1266 3811 et
1287 3759 1574 3813 mundum
1599 3759 1698 3814 tibi
1722 3776 1869 3815 mor-

166 3855 335 3907 tuum
370 3866 514 3905 esse.
564 3849 623 3903 Si
666 3848 775 3904 hoc
816 3849 1052 3919 quidem
1103 3864 1305 3903 verum
1352 3854 1460 3915 est,
1506 3853 1561 3904 et
1605 3858 1868 3906 mortuus

164 3939 314 3996 nihil
349 3939 546 4008 sentit,
572 3937 728 3992 idem
762 3942 849 3993 est
880 3937 986 3992 tibi
1018 3937 1281 4009 progredi
1318 3941 1373 3992 et
1404 3954 1516 3993 non
1561 3940 1823 4009 progredi
1853 3964 1867 4007 ;

161 4045 297 4101 ergo
333 4028 693 4101 progredere.
721 4026 825 4082 Illa
847 4044 978 4083 vero
1002 4043 1304 4098 progressa
1330 4033 1437 4083 est.
1471 4029 1537 4083 Et
1555 4033 1866 4099 postquam

160 4134 467 4191 progressa
499 4118 610 4173 fuit
636 4134 817 4187 usque
847 4118 916 4171 ad
944 4117 1261 4189 quamdam
1294 4116 1621 4183 ecclesiam,
1653 4118 1704 4174 ei
1728 4118 1868 4174 dicit

158 4207 220 4264 in
251 4207 500 4265 ecclesia
538 4223 549 4263 :
584 4206 645 4262 Si
675 4206 762 4261 vis
793 4222 925 4276 ergo
958 4222 1046 4261 me
1077 4206 1385 4261 certiorem
1436 4207 1672 4262 reddere
1711 4207 1863 4278 quod

156 4314 289 4354 vere
322 4297 405 4353 sis
437 4302 689 4365 mortua,
721 4299 778 4351 et
808 4311 921 4351 non
952 4296 1205 4367 amplius
1243 4295 1384 4352 vivis
1415 4295 1650 4367 placens
1682 4298 1866 4353 homi-

160 4386 358 4455 nibus,
395 4385 485 4441 l‘ac
517 4384 675 4457 quod
706 4384 872 4451 facio,
906 4387 961 4439 et
991 4384 1174 4440 sciam
1208 4388 1265 4440 te
1293 4401 1418 4441 esse
1454 4394 1756 4442 mortuam.
1795 4388 1864 4444 Et

161 4476 246 4533 ita
266 4492 337 4531 ue
367 4475 541 4531 dicit:
580 4474 811 4530 Exuens
841 4473 996 4529 sicut
1025 4490 1129 4545 ego
1161 4474 1355 4530 omnia
1384 4476 1751 4545 vestimenta,
1795 4494 1863 4534 ea

161 4564 396 4637 impone
427 4563 711 4630 humeris,
738 4565 795 4618 et
832 4562 1014 4618 transi
1049 4564 1297 4619 mediam
1329 4564 1648 4633 civitatem,
1686 4584 1774 4621 me
1800 4567 1860 4622 in

1544 403 1907 465 HISTORIA
1953 407 2367 472 LAUSIACA.

1932 543 1977 605 Α
2013 541 2141 611 ipsa
2182 544 2419 600 ostendo
2462 561 2553 600 me
2586 561 2711 602 esse
2762 551 3054 604 mortuum
3108 552 3348 618 mundo,
3391 569 3524 608 nam
3570 554 3714 610 citra

3563 422 3721 483 1190

2014 630 2195 686 ullam
2228 634 2409 689 animi
2442 636 2941 705 perturbationem
2975 643 3030 694 et
3059 641 3340 711 pudorem
3382 641 3495 698 hoc
3544 643 3711 699 facio.

2013 718 2177 776 Tunc
2200 739 2332 777 cum
2359 740 2486 778 eam
2512 725 2583 779 ad
2605 726 2995 784 humilitatem
3021 730 3450 799 instituisset,et
3468 732 3592 802 ejus
3614 734 3715 789 frc-

2009 807 2191 877 gisset
2220 814 2642 882 arrogantiam,
2673 817 2931 873 recessit.

2082 899 2227 954 Sunt
2258 904 2454 956 autem
2489 902 2673 958 multa
2703 921 2933 978 quoque
2962 908 3077 970 alia
3110 926 3323 982 magna
3365 914 3422 967 et
3460 911 3717 969 illustria

2007 988 2158 1042 facta
2236 988 2409 1045 istius
2499 991 2714 1047 Christi
2800 996 3072 1066 doctoris,
3163 1000 3373 1057 virtute
3459 1003 3715 1073 praediti,

2008 1094 2134 1148 quas
2188 1080 2482 1150 pertinent
2531 1083 2601 1136 ad
2656 1083 3169 1157 impatibilitatem,
3211 1106 3334 1159 quae
3392 1106 3459 1146 ex
3508 1093 3711 1149 multis

2003 1183 2187 1236 pauca
2218 1169 2427 1225 selecta
2475 1171 2939 1243 perscripsimus,
2982 1180 3048 1229 ut
3086 1192 3154 1230 ex
3190 1177 3260 1232 iis
3309 1180 3542 1248 puritas
3586 1182 3713 1252 ejus

2001 1255 2133 1312 vita:
2165 1258 2477 1329 pateﬁeret.
2515 1264 2567 1316 Is
2598 1262 2841 1317 decessit
2873 1278 3049 1334 agens
3081 1280 3299 1320 annum
3332 1267 3517 1322 aetatis
3548 1283 3710 1323 sexa-

1999 1346 2310 1415 gesimum,
2340 1348 2397 1403 in
2432 1351 2572 1405 locis
2604 1351 2851 1406 desertis
2883 1352 3149 1423 sepultus
3181 1361 3283 1409 est.

2584 1438 2815 1494 CAPUT
2857 1439 3134 1495 LXXXVI.

2310 1529 2387 1582 Dc
2419 1526 2440 1561 ²
2470 1529 2701 1598 Evagrio
2732 1528 2881 1599 (133)
2912 1530 3115 1585 celebri
3140 1532 3387 1587 diacono.

2069 1613 2149 1669 De
2180 1615 2420 1686 Evagrio
2452 1617 2604 1671 claro
2650 1617 2865 1674 Christi
2897 1619 3160 1686 diacono,
3195 1620 3295 1691 qui
3327 1620 3466 1676 vixit
3518 1623 3702 1679 instar

1999 1705 2416 1774 apostolorum,
2456 1724 2571 1762 non
2611 1713 2697 1764 est
2730 1724 2965 1779 aequum
3006 1713 3228 1777 tacere;
3270 1712 3368 1766 sed
3401 1728 3468 1767 ea
3497 1711 3706 1770 litteris

1998 1794 2272 1849 mandare
2305 1796 2375 1849 ad
2399 1796 2847 1853 mdificationem
2878 1813 3076 1854 eorum
3108 1799 3204 1870 qui
3236 1807 3373 1855 sunt
3396 1801 3622 1869 lecturi,
3648 1808 3707 1859 et

1997 1882 2067 1936 ad
2103 1882 2382 1939 bonitatis
2415 1884 2739 1941 Servatoris
2771 1886 2953 1942 nostri
2984 1888 3223 1955 gloriam
3271 1905 3503 1960 aequum
3552 1889 3711 1945 arbi-

2000 1974 2211 2037 tratus,
2246 1973 2316 2028 ab
2342 1972 2457 2029 alto
2487 1990 2730 2047 expono,
2770 1980 2828 2031 et
2858 1978 3353 2047 quemadmodum
3386 1980 3605 2034 venerit
3633 1980 3703 2035 ad

2000 2058 2330 2117 institutum
2375 2065 2790 2132 monasticum,
2823 2070 2880 2120 et
2910 2067 3201 2137 quomodo
3257 2082 3393 2122 cum
3435 2083 3497 2123 se
3530 2067 3705 2140 digne

1997 2150 2363 2220 exercuisset,
2394 2153 2638 2209 moritur
2666 2154 3091 2226 quinquaginta
3120 2167 3373 2226 quatuor
3400 2173 3585 2213 annos
3610 2174 3701 2215 na-

1996 2243 2109 2307 tus,
2146 2241 2203 2296 in
2253 2242 2615 2299 solitudine:
2665 2244 2785 2315 qui,
2842 2250 2905 2299 ut
2954 2246 3235 2313 scriptum
3284 2250 3392 2314 est,
3428 2246 3491 2303 In
3540 2248 3699 2304 brevi

1993 2337 2459 2402 consummatus,
2495 2333 2759 2406 implevit
2789 2334 2960 2403 longa
2991 2338 3255 2408 tempora
3275 2335 3423 2407 (Sap.
3446 2337 3542 2408 ιν).
3570 2337 3696 2393 Fuit

1992 2421 2146 2476 enim
2176 2439 2370 2479 revera
2400 2424 2526 2493 ejus
2553 2424 2750 2480 anima
2787 2430 2952 2496 grata
2982 2426 3244 2481 Domino.
3270 2427 3322 2482 Is
3344 2441 3552 2496 genere
3574 2426 3697 2497 qui-

1991 2510 2118 2564 dem
2145 2511 2253 2567 fuit
2274 2512 2544 2569 Ponticus
2564 2513 2818 2570 civitatis
2842 2515 3137 2570 [berorum
3162 2514 3335 2587 (134),
3361 2514 3517 2571 ﬁlius
3536 2531 3691 2586 pres-

1988 2596 2190 2669 byteri,
2250 2600 2432 2657 lector
2479 2608 2780 2674 promotus
2825 2621 2858 2658 a
2906 2608 3107 2660 sancto
3155 2602 3363 2661 Basilio
3414 2605 3685 2676 episcopo

1984 2689 2236 2745 ecclesiae
2268 2691 2539 2747 Caesarea;
2582 2694 2651 2748 ad
2702 2696 2947 2765 Argeum
2997 2694 3167 2765 (135).
3210 2694 3346 2750 Post
3382 2694 3689 2750 decessum

1985 2782 2177 2834 autem
2210 2782 2395 2836 sancti
2429 2781 2623 2836 Basilii
2657 2782 2931 2853 episcopi,
2965 2783 3269 2838 attendens
3299 2782 3427 2852 ejus
3467 2782 3692 2854 aptitu-

1986 2867 2198 2936 dinem,
2232 2872 2732 2941 sapientissimus,
2766 2876 2821 2926 et
2850 2887 2883 2926 a
2928 2871 3465 2943 perturbationibus
3507 2871 3689 2927 animi

1984 2956 2228 3025 alienus,
2266 2968 2321 3013 et
2351 2962 2512 3015 omni
2555 2961 2819 3015 doctrina
2865 2961 3059 3016 clarus
3104 2961 3415 3032 Gregorius
3455 2962 3688 3032 episco-

1983 3062 2092 3116 pus
2126 3046 2417 3116 Nyssenus
2470 3049 2639 3118 (135),
2681 3048 2858 3103 frater
2889 3050 3143 3119 episcopi
3176 3050 3267 3104 cui
3300 3052 3470 3104 datur
3501 3050 3688 3117 honor

1980 3135 2134 3192 inter
2177 3137 2492 3209 apostolos.
2550 3153 2678 3193 eum
2713 3137 2944 3194 ordinot
2972 3138 3303 3194 diaconum.
3340 3138 3509 3194 Illinc
3554 3156 3688 3195 cum

1986 3226 2239 3281 venisset
2259 3232 2497 3283 sanctus
2519 3227 2830 3299 Gregorius
2859 3228 3168 3299 episcopus
3190 3227 3250 3282 in
3270 3243 3539 3297 magnam
3566 3244 3692 3299 syn-

1904 3286 1953 3352 C
1989 3317 2164 3371 odum
2217 3286 2949 3389 Constantinopblitanam,
3000 3286 3278 3389 relinquit
3325 3286 3460 3373 eum
3518 3286 3689 3374 beato

1988 3403 2248 3461 Nectario
2272 3406 2561 3477 episcopo,
2586 3422 2717 3461 cum
2742 3414 2893 3462 esset
2915 3405 3179 3462 omnium
3202 3405 3527 3462 disserendi
3550 3405 3692 3463 artis

1981 3494 2399 3564 peritissimus.
2432 3496 2648 3551 Floruit
2676 3512 2811 3567 ergo
2843 3497 2903 3551 in
2936 3511 3151 3567 magna
3179 3496 3433 3563 civitate,
3476 3496 3534 3551 in
3570 3496 3691 3551 dis-

1980 3584 2384 3652 putationibus
2414 3584 2752 3654 juveniliter
2781 3585 3081 3641 exsultans
3125 3584 3408 3641 adversus
3454 3599 3688 3640 omnem

1980 3672 2269 3731 haeresim.
2296 3674 2509 3729 Accisit
2538 3684 2725 3731 autem
2759 3680 2822 3730 ut
2851 3675 2906 3730 id
2940 3675 3041 3746 qui
3071 3678 3303 3746 propter
3333 3690 3561 3731 morum
3593 3674 3686 3730 in-

1979 3764 2203 3833 signem
2231 3764 2547 3819 bonitatem
2574 3764 2967 3820 honorabatur
2989 3768 3157 3820 atota
3170 3764 3687 3835 civitate,conﬁge-

1978 3858 2135 3906 retur
2166 3868 2197 3905 a
2226 3852 2535 3907 simulacro
2587 3852 2887 3908 muliebris
2917 3854 3419 3924 concupiscentiae,
3454 3858 3520 3909 ut
3557 3853 3684 3923 ipse

1978 3941 2146 3996 nobis
2188 3942 2439 3996 narravit
2471 3945 2682 4011 postea,
2725 3958 2854 3996 cum
2898 3946 3052 3997 esset
3083 3957 3249 3998 mens
3290 3943 3418 4011 ejus
3460 3941 3679 3996 hibera.

1981 4030 2121 4085 Eum
2155 4036 2344 4085 autem
2380 4030 2635 4086 vicissim
2670 4031 2885 4086 amavit
2914 4030 3280 4086 muliercula.
3325 4030 3459 4086 Erat
3488 4032 3682 4086 autem

1976 4134 2041 4174 ea
2073 4136 2191 4174 una
2222 4135 2291 4174 ex
2322 4119 2548 4189 primis.
2583 4119 2860 4191 Evagrius
2900 4123 3092 4175 autem
3127 4123 3183 4175 et
3225 4119 3405 4175 Deum
3443 4117 3680 4186 timene,

1976 4215 2027 4263 et
2060 4224 2229 4264 suam
2261 4208 2481 4264 veritus
2511 4209 2953 4276 conscientiam,
2978 4214 3035 4264 et
3064 4208 3450 4277 habensiante
3484 4206 3684 4263 oculos

1976 4299 2229 4355 dedecus
2280 4297 2685 4369 turpitudinis,
2736 4302 2793 4354 et
2839 4315 3017 4369 quam
3066 4297 3313 4354 hereses
3361 4297 3433 4354 de
3482 4295 3684 4353 alienis

1975 4387 2147 4443 malis
2177 4388 2515 4459 concipiunt
2542 4388 2823 4455 laetitiam,
2857 4392 3036 4444 Deum
3073 4386 3319 4460 supplex
3360 4387 3580 4459 rogavit
3619 4390 3684 4441 ut

1974 4478 2045 4531 ab
2088 4478 2217 4549 ipso
2256 4478 2636 4548 impediretur
2676 4495 2890 4551 scopus
2930 4494 3099 4549 quem
3142 4477 3255 4533 sibi
3295 4480 3680 4548 proposuerat

1972 4566 2205 4635 mulier,
2239 4582 2364 4637 quae
2396 4583 2526 4623 eum
2561 4568 2796 4639 urgebat
2834 4568 3171 4639 cupiditate.
3204 4571 3263 4623 et
3311 4567 3439 4637 ejus
3470 4566 3679 4622 insano

160 4655 269 4712 hoc
298 4656 499 4710 habitu
532 4658 822 4726 praeeunte
850 4658 889 4708 ¹.
926 4654 1030 4710 Illa
1060 4672 1192 4711 vero
1223 4655 1272 4711 ei
1302 4656 1476 4711 dicit:
1512 4661 1631 4713 Hac
1656 4674 1714 4713 re
1748 4659 1858 4714 mi-
1893 4661 1937 4725 D
1970 4658 2273 4714 tenebatur
2296 4657 2599 4714 desiderio.
2639 4659 2899 4730 Cumque
2943 4660 3114 4715 vellet
3161 4658 3231 4712 ab
3275 4673 3340 4712 ea
3380 4657 3668 4722 recedere,

158 4745 312 4800 nime
344 4744 589 4800 honesta
628 4744 837 4799 multes
886 4744 1190 4812 offendam,
1243 4750 1299 4800 et
1345 4750 1618 4815 poterunt
1666 4746 1856 4803 dicere

156 4848 251 4890 me
281 4849 409 4889 esse
450 4836 652 4889 emotae
697 4832 907 4888 mentis
958 4833 1397 4889 daemoniacam.
1441 4835 1492 4889 Is
1532 4841 1717 4891 autem
1761 4836 1856 4890 di-

154 4923 232 4979 cit
264 4922 312 4979 ei
350 4941 362 4979 :
397 4924 463 4979 Et
496 4922 635 4995 quid
667 4922 770 4979 tibi
802 4927 888 4978 est
918 4940 1087 4991 curse,
1122 4923 1171 4979 si
1201 4923 1451 4979 dixerint
1482 4928 1533 4979 te
1557 4941 1684 4982 esse
1704 4942 1857 4983 emo-

152 5020 224 5072 tae
258 5014 472 5071 mentis
498 5019 552 5070 et
592 5013 1010 5070 daemoniacam
1032 5013 1059 5068 ?
1093 5020 1152 5070 tu
1187 5016 1342 5071 enim
1376 5031 1437 5072 es
1471 5016 1554 5072 eis
1586 5023 1850 5080 mortua:

152 5110 377 5161 mortuo
409 5121 542 5160 vero
575 5119 690 5159 non
736 5112 818 5159 est
868 5120 1025 5171 cura,
1072 5105 1119 5160 si
1162 5104 1289 5176 quis
1328 5107 1377 5161 ei
1420 5106 1505 5162 vel
1545 5108 1856 5163 detraxerit

147 5190 237 5247 vel
270 5208 400 5247 eum
434 5192 683 5247 irriserit
708 5233 723 5261 ,
758 5190 900 5246 nihil
924 5192 1074 5246 enim
1113 5196 1295 5263 potest
1325 5196 1555 5250 sentire.
1579 5198 1734 5250 Tunc
1758 5194 1855 5250 illa

148 5283 200 5337 ei
233 5283 374 5337 dicit
408 5299 419 5337 :
448 5282 547 5337 Dic
576 5282 620 5337 si
654 5282 791 5353 quid
823 5281 977 5337 aliud
1011 5283 1173 5351 velis,
1197 5300 1383 5355 neque
1414 5284 1568 5341 enim
1602 5286 1669 5340 ad
1698 5285 1853 5339 hunc

149 5388 337 5443 usque
370 5372 611 5427 modum
646 5387 737 5426 me
767 5371 995 5427 venisse
1025 5370 1260 5442 glorior.
1292 5373 1454 5428 Tunc
1496 5373 1547 5427 ei
1596 5374 1736 5428 dicit
1758 5373 1855 5427 Se-

149 5460 351 5532 rapion
388 5458 766 5530 impassibilis
798 5476 810 5512 :
840 5459 980 5514 Ecce
1006 5474 1164 5531 ergo,
1198 5477 1269 5516 ne
1301 5462 1554 5532 amplius
1584 5466 1638 5516 te
1665 5462 1854 5531 jactes

147 5558 201 5607 et
234 5550 336 5605 tibi
361 5548 613 5621 placeas,
646 5553 917 5621 tanquam
953 5550 1227 5605 omnibus
1261 5551 1445 5622 magis
1473 5551 1568 5621 pia
1594 5556 1650 5605 et
1688 5567 1855 5605 mun-

151 5643 225 5699 do
260 5648 506 5697 mortua.
550 5641 668 5713 Ego
700 5641 853 5697 enim
887 5656 1019 5696 sum
1051 5644 1106 5696 te
1140 5642 1324 5712 magis
1365 5648 1666 5711 mortuus;
1710 5646 1765 5697 et
1797 5657 1856 5696 rc

222 5729 243 5771 ί
276 5730 605 5791 Mirandum
638 5730 767 5799 hoc,
802 5746 919 5789 non
955 5729 1320 5790 imitandum.

1963 4765 2079 4806 non
2114 4752 2353 4819 poterat,
2390 4753 2452 4803 ut
2480 4748 2578 4819 qui
2610 4749 2737 4819 ejus
2766 4748 3031 4818 obsequii
3065 4745 3296 4801 blandis
3319 4745 3679 4799 detineretur

1962 4839 2235 4896 vinculis.
2272 4839 2434 4894 Haud
2470 4839 2654 4893 multo
2682 4846 2810 4909 post
2843 4841 3037 4893 autem
3067 4852 3192 4891 eam
3227 4850 3349 4905 quas
3382 4832 3679 4904 praecessit

1966 4928 2309 4994 orationem,
2357 4930 2673 4995 antequam
2717 4942 2833 4981 rem
2874 4928 3029 4980 esset
3068 4925 3359 4994 expertus,
3397 4920 3584 4976 astitit
3623 4919 3675 4975 ei

1963 5018 2107 5074 visio
2140 5016 2422 5088 angelica,
2457 5031 2574 5085 prae
2605 5030 2663 5068 se
2698 5013 2884 5069 ferens
2926 5013 3183 5084 speciem
3228 5010 3483 5066 militum
3527 5025 3674 5080 prae-

1964 5107 2118 5173 fecti,
2152 5122 2280 5176 quas
2311 5120 2445 5159 eum
2481 5102 2648 5172 rapit,
2682 5106 2739 5156 et
2770 5102 2930 5157 ducit
2959 5109 3235 5173 tanquam
3269 5100 3328 5155 in
3355 5098 3669 5170 judicium,

1964 5199 2019 5251 et
2041 5193 2279 5263 conjicit
2310 5208 2442 5247 eum
2465 5191 2522 5246 in
2548 5207 2675 5246 eam
2701 5206 2828 5262 quae
2851 5190 3066 5246 dicitur
3089 5189 3437 5251 custodiam,
3474 5182 3673 5272 collari

1964 5283 2148 5338 ferreo
2191 5282 2318 5349 ejus
2359 5278 2507 5335 collo
2550 5279 2786 5350 injecto,
2834 5284 2891 5335 et
2928 5283 3135 5335 catena
3186 5280 3370 5333 ferrea
3417 5271 3674 5343 alligatis

1967 5370 2250 5435 manibus,
2282 5369 2357 5424 iis
2391 5368 2655 5424 videlicet
2685 5369 2780 5439 qui
2812 5369 2885 5425 ad
2917 5368 3106 5440 ipsum
3139 5368 3435 5423 venerant.
3470 5363 3521 5416 ei
3545 5377 3679 5417 cau-

1963 5476 2088 5517 sam
2134 5458 2369 5514 minime
2401 5456 2754 5514 dicentibus.
2788 5458 2914 5529 Ipse
2946 5462 3141 5513 autem
3175 5455 3274 5527 qui
3311 5452 3675 5525 pangebatur

1963 5549 2321 5607 conscientia
2350 5548 2719 5605 existimabat
2757 5564 2818 5605 se
2862 5565 2926 5604 ea
2956 5548 3152 5604 subire
3181 5547 3308 5619 eius
3339 5542 3539 5614 gratia,
3575 5556 3667 5597 ar-

1967 5641 2190 5698 bitrans
2224 5639 2493 5696 maritum
2528 5638 2792 5696 mulieris
2821 5638 2891 5695 de
2921 5637 3029 5695 hac
3062 5655 3122 5697 re
3162 5635 3419 5710 judicem
3462 5646 3673 5691 conve-

2036 5732 2057 5768 ²
2098 5731 2430 5806 Origenista
2461 5730 2554 5787 hic
2584 5729 2714 5789 fuit.
