4112 6210
430 372 577 434 1191

1992 364 2369 428 PALLADII

3786 353 3943 414 H92

424 514 603 569 niese.
636 508 829 566 Animi
870 509 1064 579 itaque
1103 507 1413 562 admodum
1447 505 1651 561 anxius
1683 506 1941 562 constitit
1972 507 2119 561 Eva—
2153 507 2205 574 Α
2235 506 2378 560 Cum
2420 500 2613 569 itaque
2640 496 2883 551 vixisset
2912 493 3356 567 quatuordecim
3396 493 3566 548 annis
3606 493 3667 548 in
3698 492 3775 548 iis
3814 509 3941 564 quae

423 603 606 676 grius,
640 602 780 657 dum
814 600 882 655 de
912 597 1026 653 alia
1054 613 1227 654 causa
1248 600 1539 668 ageretur,
1571 600 1628 651 et
1647 596 1717 651 de
1740 596 1869 651 aliis
1894 602 2122 668 propter

422 694 539 751 tale
569 694 786 750 crimen
819 690 1127 746 haberetur
1170 689 1437 761 quaestio.
1484 692 1623 744 Post
1667 703 1944 759 magnum
1988 704 2119 757 ergo

422 786 589 842 illum
632 789 853 840 metum
895 788 950 839 et
985 798 1287 838 summum
1318 780 1499 837 animi
1536 796 1831 851 angorem,
1877 779 2120 849 angelus

424 878 523 948 qui
556 876 627 931 ab
648 874 813 930 initio
848 872 1169 945 praebuerat
1200 871 1500 937 visionem,
1533 871 1614 926 ita
1643 870 2117 936 transformatur,

425 974 489 1024 ut
532 968 826 1023 videretur
859 966 1063 1021 adesse
1106 980 1423 1035 germanus
1473 970 1525 1017 et
1583 961 1848 1017 sincerus
1897 962 2120 1017 amicus

423 1058 670 1129 Evagrii,
704 1054 863 1110 valde
895 1053 1355 1124 obstupefactus,
1398 1056 1456 1106 et
1496 1050 1730 1105 tristitia
1775 1050 2017 1107 affectus
2049 1048 2120 1105 ob

422 1152 644 1203 tantam
673 1144 1034 1201 vinculorum
1067 1142 1388 1209 infamiam,
1424 1144 1479 1196 et
1510 1140 1707 1196 dicens
1740 1140 1791 1196 ei
1821 1140 2012 1196 vincto
2038 1140 2121 1193 in-

422 1246 505 1291 ter
548 1238 779 1290 catenas
830 1231 1220 1304 quadraginta
1279 1246 1560 1287 reorum:
1611 1231 1726 1287 Cur
1765 1245 1898 1285 eum
1958 1232 2121 1284 tanta

421 1322 746 1396 ignominia
784 1322 1065 1378 detineris
1096 1337 1226 1376 cum
1261 1322 1396 1386 reis,
1430 1319 1663 1376 domine
1695 1320 1938 1375 diacone
1960 1319 1989 1373 ‘2
2020 1316 2123 1373 Ille

418 1414 469 1469 ei
496 1413 636 1470 dicit
668 1430 680 1468 :
717 1413 935 1467 ltevera
964 1411 1200 1481 quidem
1236 1410 1465 1477 nescio;
1500 1410 1765 1481 suspicor
1804 1416 1996 1465 autem
2024 1409 2117 1479 N.,

419 1504 517 1575 qui
553 1507 639 1557 est
670 1518 735 1556 ex
769 1500 1071 1571 praefectis,
1102 1516 1195 1555 me
1236 1499 1536 1567 detulisse,
1582 1501 1805 1555 motum
1840 1497 2120 1569 zelotypia

418 1593 561 1648 citra
593 1591 772 1647 ullam
806 1591 1086 1646 rationem
1114 1608 1127 1659 ;
1160 1595 1218 1645 et
1248 1605 1443 1647 vereor
1474 1605 1546 1646 ne
1578 1588 1952 1660 magistratus
1991 1588 2118 1644 fuc-

416 1683 489 1738 rit
519 1682 591 1737 ab
621 1697 685 1737 eo
718 1684 1027 1751 corruptus
1069 1679 1336 1751 pecunia,
1368 1683 1423 1735 et
1471 1696 1563 1735 me
1604 1678 1855 1734 maxime
1906 1678 2118 1733 alliciat

416 1770 720 1842 supplicio.
754 1770 904 1826 Dicit
936 1770 985 1825 ei
1017 1771 1065 1825 is
1098 1770 1197 1841 qui
1230 1769 1399 1825 amici
1441 1770 1687 1840 figuram
1731 1774 2068 1840 susceperat
2101 1783 2114 1822 :

416 1860 475 1915 Si
505 1860 708 1916 audias
740 1860 1017 1928 amicum,
1052 1860 1157 1915 tibi
1189 1859 1463 1928 consulo;
1498 1875 1612 1914 non
1644 1858 1749 1913 tibi
1782 1858 2009 1929 expedit
2031 1858 2118 1913 de-
2152 1886 2197 1949 Β

416 1966 546 2023 gere
577 1952 635 2007 in
673 1951 778 2007 hac
816 1951 1070 2007 civitate.
1114 1950 1263 2005 Dicit
1303 1950 1353 2005 ei
1397 1949 1676 2021 Evagrius
1706 1964 1719 2004 :
1755 1949 1813 2004 Si
1844 1950 1996 2004 Deus
2028 1964 2120 2003 me

416 2043 745 2100 liberaverit
776 2044 847 2098 ab
880 2043 985 2097 hac
1020 2042 1371 2111 calamitate,
1403 2046 1459 2097 et
1490 2058 1583 2096 me
1615 2041 1820 2096 videris
1845 2041 2122 2095 Constan-

417 2133 681 2204 tinopoli,
715 2132 865 2189 scias
899 2130 1135 2203 mejure
1166 2132 1363 2187 subire
1384 2132 1493 2187 hoc
1516 2129 1890 2201 supplicium,
1916 2133 1971 2186 et
1994 2145 2121 2185 esse

414 2224 656 2296 dignum
690 2224 801 2278 alio
835 2224 1071 2293 majore.
1106 2222 1255 2278 Dicit
1294 2226 1349 2277 et
1382 2220 1606 2277 amicus
1641 2236 1654 2275 :
1696 2220 1753 2276 Si
1803 2221 1883 2275 ita
1924 2220 2118 2285 habet,

416 2315 533 2370 fere
564 2314 630 2368 ad
667 2317 720 2369 te
752 2320 1011 2368 sanctum
1044 2310 1409 2381 evangelium
1437 2311 1605 2381 ;jura
1628 2309 1773 2366 mihi
1796 2309 1855 2365 in
1880 2325 1944 2364 eo
1970 2309 2118 2379 quod

416 2400 644 2456 recedes
673 2399 743 2455 ab
787 2400 896 2454 hac
929 2399 1179 2468 civitate,
1222 2404 1275 2453 et
1314 2404 1425 2454 tuae
1468 2400 1673 2455 animae
1721 2415 1916 2454 curam
1950 2414 2118 2469 gere;

414 2493 471 2544 et
502 2493 555 2544 te
596 2488 635 2544 li
667 2487 839 2544 erabo
872 2488 941 2543 ab
988 2488 1087 2542 hac
1132 2488 1499 2544 necessitate.
1546 2487 1831 2559 Evagrius
1876 2492 2069 2543 autem
2102 2501 2117 2541 :

414 2578 572 2649 Rogo
607 2582 682 2649 te,
715 2577 925 2649 inquit,
966 2577 1174 2647 jurabo
1216 2581 1280 2631 ut
1310 2577 1590 2645 volueris;
1634 2594 1725 2631 me
1757 2577 2119 2632 solummodo

414 2667 595 2721 libera
624 2667 695 2720 ab
727 2665 833 2720 hac
864 2665 1017 2721 nube
1047 2667 1371 2721 tenebrosa.
1400 2667 1640 2721 Interim
1666 2670 1859 2722 autem
1888 2666 1937 2721 ei
1961 2666 2123 2721 affert

414 2759 681 2811 sanctum
699 2752 1089 2826 evangelium,
1111 2762 1163 2811 et
1186 2756 1817 2827 exigitjusjurandum.
1844 2754 2121 2827 Evagrius

414 2848 611 2900 autem
642 2843 692 2899 ei
718 2845 877 2913 jurat
906 2860 1007 2915 per
1037 2844 1401 2917 evangelium
1433 2845 1623 2901 verbis
1655 2846 1735 2900 sic
1784 2844 2116 2915 conceptis;

413 2935 538 2991 Non
581 2935 825 2991 manebo
856 2934 950 2989 hic
992 2939 1196 3004 praeter
1240 2952 1421 2991 unum
1443 2936 1617 3005 diem,
1651 2936 1828 3006 idque
1870 2940 1933 2990 ut
1964 2951 2121 2991 meas

413 3028 602 3081 vestes
634 3025 690 3079 in
724 3040 928 3080 navem
962 3024 1306 3080 immittam.
1340 3026 1478 3080 Cum
1515 3032 1708 3080 autem
1742 3024 2124 3096 processisset

410 3113 856 3185 jusjurandum,
897 3116 968 3170 ad
1010 3131 1071 3170 se
1110 3114 1282 3170 rediit
1322 3115 1390 3170 ab
1439 3116 1643 3170 ecslasi
1681 3132 1807 3186 quae
1855 3114 1905 3169 ei
1950 3124 2119 3169 noctu

414 3209 700 3261 evenerat.
750 3204 1015 3276 Cumque
1058 3205 1425 3271 surrexisset,
1469 3205 1745 3275 cogitavit
1779 3221 1791 3258 :
1826 3204 1945 3258 Etsi
1982 3204 2118 3259 mihi

415 3295 527 3349 fuit
545 3296 747 3349 datum
764 3296 1183 3364 jusjurandum
1208 3296 1265 3348 in
1289 3294 1522 3361 ecstasi,
1540 3293 1733 3364 juravi
1760 3301 1972 3348 tamen.
1990 3293 2121 3348 Om-

416 3384 588 3439 nibus
618 3401 751 3455 ergo
780 3400 905 3455 quae
938 3384 1189 3438 habebat
1222 3386 1279 3438 in
1320 3399 1461 3438 nave
1492 3384 1791 3452 conjectis,
1834 3383 1991 3437 venit
2020 3384 2120 3437 Je-

416 3472 729 3543 rosolyma.
755 3476 809 3526 et
838 3471 956 3526 illic
987 3472 1272 3541 excipitur
1304 3490 1336 3526 a
1367 3472 1535 3527 beata
1565 3472 1810 3526 Melania
1832 3476 2117 3527 Romana.

418 3562 644 3615 Rursus
675 3576 809 3615 cum
863 3560 1129 3615 diabolus
1169 3561 1295 3631 ejus
1337 3578 1435 3616 cor
1471 3566 1747 3632 tanquam
1800 3561 2119 3616 Pharaonis

420 3650 768 3719 indurasset,
804 3652 1004 3720 utpote
1045 3650 1431 3707 adolescentis
1465 3656 1520 3707 et
1553 3657 1715 3708 aelate
1746 3653 2117 3723 luxuriantis,

421 3756 553 3795 eum
588 3739 1045 3795 rursusincessit
1076 3740 1384 3808 dubitatio,
1420 3747 1475 3797 et
1498 3743 1675 3798 animi
1699 3744 1802 3799 fait
1826 3745 2119 3815 ancipitis,

423 3845 554 3884 cum
587 3832 777 3884 tamen
812 3829 1031 3885 nemini
1072 3830 1393 3902 quidquam
1450 3831 1703 3889 dixisset.
1739 3833 1859 3896 Quo
1907 3835 2121 3889 factum

422 3924 509 3976 est
541 3924 689 3975 utet
736 3922 923 3976 vestes
964 3938 1171 3977 rursus
1212 3926 1482 3990 mutaret,
1518 3931 1570 3978 et
1615 3924 1673 3977 in
1716 3923 2031 3979 differendo
2073 3925 2123 3980 ei

421 4015 724 4066 veternum
750 4012 975 4066 efferret
1005 4028 1149 4067 vana
1180 4011 1369 4083 gloria
1403 4029 1415 4069 :
1445 4013 1545 4067 sed
1580 4012 1733 4069 Dens
1767 4014 1857 4084 qui
1884 4014 2125 4085 impedit

422 4100 683 4155 omnium
720 4105 986 4156 nostrum
1021 4101 1345 4169 interitum,
1368 4103 1420 4158 ei
1442 4120 1647 4158 rursus
1672 4104 1871 4158 attulit
1894 4104 2127 4159 calami-

422 4195 619 4257 tatem,
655 4206 856 4245 rursus
886 4190 946 4244 in
981 4190 1201 4246 febrem
1231 4191 1568 4260 conjiciens,
1604 4196 1659 4246 et
1683 4192 1890 4246 deinde
1922 4192 1981 4246 in
2006 4191 2129 4246 lon-

422 4297 555 4351 gum
589 4280 883 4345 morbum,
919 4287 1176 4350 tempore
1206 4282 1471 4336 semestri
1503 4282 1630 4351 ejus
1671 4298 1901 4336 carnem
1938 4298 2126 4339 mace-

424 4384 581 4434 rans,
616 4384 741 4439 quis
773 4366 823 4422 ei
864 4368 1139 4422 afferebat
1168 4370 1651 4439 impedimentum
1708 4372 1777 4425 ad
1831 4372 2124 4441 virtutem,

427 4456 667 4509 medicis
721 4455 1144 4526 dubitantibus,
1177 4462 1235 4512 et
1264 4475 1379 4513 non
1410 4458 1848 4516 invenientibus
1884 4464 2125 4519 modum

425 4544 764 4601 curationis.
790 4544 941 4600 Dicit
967 4560 1097 4617 ergo
1130 4548 1179 4602 ei
1215 4548 1383 4603 beata
1412 4548 1757 4607 Melanium:
1790 4552 1914 4609 Non
1939 4553 2129 4625 placet

2151 3254 2201 3319 Ο

2232 594 2509 648 dicuntur
2537 587 2756 652 Celliis,
2796 586 3135 641 comedebat
3166 583 3400 656 quidem
3436 583 3603 655 panis
3636 582 3849 638 libram
3882 585 3934 639 in

2232 682 2360 749 die;
2410 678 2693 735 trimestri
2743 680 2937 731 autem
2986 679 3247 745 tempore
3297 671 3406 728 olei
3462 672 3811 738 sextarium,
3860 674 3939 728 vir

2234 770 2333 842 qui
2383 771 2439 825 in
2486 767 2647 823 molli
2679 766 2922 822 delicata
2960 772 3016 820 et
3046 765 3200 820 lauta
3228 764 3347 819 vita
3393 763 3579 819 fuerat
3634 764 3936 819 educatus.

2233 860 2501 917 Faciebat
2529 863 2719 914 autem
2752 861 2984 913 centum
3015 853 3609 922 orationes,scribens
3633 854 3936 908 annuatim

2232 949 2481 1023 pretium
2538 946 2730 1004 solum
2772 961 2969 1002 eorum
3033 960 3158 1015 quae
3201 942 3567 1011 comedebat;
3643 944 3941 1014 eleganter

2231 1040 2386 1097 enim
2427 1038 2715 1094 scribebat
2759 1032 3003 1091 celerem
3046 1034 3462 1090 characterem.
3496 1034 3645 1088 Cum
3678 1050 3818 1105 ergo
3854 1034 3938 1087 in-

2231 1136 2319 1187 tra
2350 1127 2678 1201 quindecim
2719 1142 3008 1182 annorum
3040 1125 3291 1196 spatium
3328 1128 3578 1180 mentem
3626 1124 3935 1194 expiasset,

2231 1222 2444 1292 dignus
2484 1223 2573 1275 est
2602 1218 2840 1273 habitus
2870 1217 3023 1272 dono
3059 1216 3407 1287 cognitionis
3437 1219 3495 1271 et
3524 1215 3853 1285 sapientiae,
3886 1220 3938 1270 et

2231 1309 2601 1366 discretionis
2633 1307 2960 1378 spirituum.
2992 1307 3048 1362 Is
3078 1306 3406 1376 composuit
3449 1310 3561 1360 tres
3610 1322 3812 1360 sacros
3859 1305 3932 1360 li-

2232 1401 2365 1456 bros
2398 1399 2841 1463 monachorum,
2874 1396 2974 1467 qui
3007 1394 3215 1451 dicitur
3254 1391 3660 1468 ’Δντιρῥήτικα,
3696 1397 3807 1449 hoc
3851 1400 3935 1449 est

2228 1488 2703 1554 Contradictoria,
2753 1485 3136 1559 suppeditans
3185 1489 3337 1540 artes
3385 1484 3605 1556 quibus
3656 1484 3737 1539 sit
3771 1490 3935 1541 uten—

2229 1584 2366 1638 dum
2399 1583 2674 1638 adversus
2706 1580 3013 1635 dmmones.
3048 1576 3112 1631 Ei
3144 1575 3455 1645 aliquando
3486 1591 3725 1649 gravem
3774 1576 3932 1631 exhi-

2228 1672 2357 1728 buit
2388 1670 2711 1727 molestiam
2743 1670 2971 1724 daemon
3022 1664 3442 1733 fornicationis,
3495 1669 3560 1721 ut
3597 1666 3725 1738 ipse
3772 1666 3935 1723 nobis

2230 1761 2529 1829 narravit;
2572 1764 2627 1815 et
2667 1763 2787 1814 tota
2836 1766 2999 1814 nocte
3048 1756 3206 1813 stetit
3250 1756 3313 1812 in
3362 1760 3536 1827 puteo
3596 1772 3733 1811 cum
3786 1760 3933 1813 esset

2229 1850 2438 1917 hiems,
2482 1851 2624 1905 adeo
2674 1854 2737 1905 ut
2778 1850 2906 1919 ejus
2951 1864 3153 1904 carnes
3198 1846 3325 1917 gelu
3370 1847 3928 1917 constringerentur.

2228 1940 2555 2011 Aliquando
2601 1943 2795 1995 autem
2830 1955 3034 1993 rursus
3066 1937 3117 1993 ei
3160 1935 3487 1992 molestiam
3518 1937 3789 1993 exhibuit
3817 1936 3933 2008 spi-

2231 2030 2378 2086 ritus
2430 2030 2843 2101 blasphemim;
2896 2036 2953 2084 et
3002 2028 3386 2100 quadraginta
3425 2027 3635 2083 diebus
3684 2044 3804 2084 non
3854 2034 3936 2084 est

2232 2124 2447 2177 tectum
2498 2120 2818 2189 ingressus,
2866 2123 2927 2174 ut
2972 2117 3098 2190 ipse
3142 2117 3309 2173 nobis
3360 2117 3637 2173 narravit.
3695 2120 3839 2173 adeo
3878 2124 3939 2173 ut

2231 2227 2439 2280 corpus
2484 2210 2629 2280 ejus,
2676 2227 2790 2265 non
2824 2225 2992 2265 secus
3024 2225 3091 2264 ac
3121 2224 3333 2279 corpus
3366 2208 3618 2264 ferarum
3667 2210 3936 2265 animan-

2230 2300 2397 2366 tium,
2423 2300 2620 2355 ricinis
2653 2303 2898 2355 scateret
2928 2298 3107 2369 (137).
3143 2299 3203 2353 Ei
3238 2302 3357 2355 tres
3392 2304 3792 2371 apparuerunt
3823 2302 3934 2354 dae-

2232 2405 2432 2444 mones
2473 2390 2529 2444 in
2569 2389 2771 2444 habitu
2803 2388 3163 2452 clericorum,
3198 2389 3270 2444 de
3304 2388 3419 2444 fide
3449 2405 3587 2444 cum
3632 2406 3695 2446 eo
3740 2391 3937 2462 inqui-

2231 2486 2451 2548 rentes;
2487 2484 2543 2535 et
2570 2496 2723 2535 unus
2755 2479 2993 2550 quidem
3026 2478 3259 2534 dicebat
3288 2494 3421 2535 eum
3469 2495 3595 2535 esse
3632 2482 3937 2551 Arianum,

2230 2568 2371 2623 alter
2426 2584 2557 2624 vero
2617 2568 3067 2633 Eunomianum,
3131 2568 3336 2624 tertius
3400 2576 3593 2625 autem
3648 2569 3939 2640 Apollina-

2230 2660 2453 2728 ristam,
2508 2664 2565 2715 et
2615 2676 2712 2716 eos
2758 2660 2954 2731 paucis
3010 2660 3306 2731 superavit
3358 2660 3565 2731 spiritu
3612 2661 3939 2731 sapientiae.

2231 2751 2455 2804 Rursus
2490 2765 2617 2805 cum
2661 2750 2915 2821 quodam
2965 2749 3057 2805 die
3110 2750 3370 2819 periisset
3417 2748 3593 2804 clavis
3644 2750 3942 2818 ecclesiae,

2230 2855 2357 2895 sera
2387 2856 2555 2895 cruce
2586 2839 2830 2910 signata,
2868 2854 3043 2894 manu
3078 2838 3309 2894 trudens
3335 2854 3455 2893 eam
3485 2839 3741 2909 aperuit,
3778 2838 3944 2895 Chri-

2232 2932 2322 2984 sto
2358 2929 2638 2984 invocato.
2682 2930 2737 2983 Is
2770 2945 2803 2983 a
2843 2928 3208 2984 daemonibus
3248 2929 3383 2983 adeo
3424 2927 3533 2983 fuit
3570 2927 3940 2999 ﬂageliatus,

2232 3024 2287 3074 et
2336 3018 2624 3074 variorum
2676 3019 2998 3073 daemonum
3045 3022 3271 3073 tantam
3317 3018 3448 3073 fecit
3484 3018 3938 3088 experientiam,

2233 3114 2291 3164 ut
2323 3109 2362 3163 ii
2394 3126 2507 3163 non
2541 3109 2765 3179 possint
2796 3109 2960 3163 facile
2990 3110 3341 3165 enumerari.
3378 3107 3486 3163 Uni
3516 3125 3587 3164 ex
3639 3109 3942 3179 discipulis

2232 3197 2374 3264 suis,
2410 3213 2534 3267 quae
2576 3202 2705 3267 post
2747 3196 2945 3251 decem
2977 3201 3033 3252 et
3072 3201 3198 3253 octo
3247 3214 3431 3252 annos
3461 3201 3628 3252 erant
3657 3200 3940 3251 eventura

2230 3288 2301 3357 ei,
2338 3289 2497 3357 dixit,
2542 3287 2741 3343 omnia
2776 3288 2825 3342 ei
2860 3290 3178 3358 praedicens
3220 3289 3279 3343 in
3310 3289 3527 3360 specie.
3560 3287 3803 3343 Dicebat
3835 3305 3938 3344 au-

2230 3384 2346 3435 tem
2382 3379 2474 3434 hic
2505 3379 2743 3433 beatus:
2780 3378 2860 3433 Ex
2892 3395 3003 3449 quo
3034 3379 3163 3435 veni
3195 3380 3253 3434 in
3283 3379 3689 3445 solitudinem,
3720 3394 3840 3434 non
3864 3382 3937 3433 te-

2228 3470 2332 3539 tigi
2365 3468 2671 3531 lactucam,
2706 3485 2821 3525 non
2858 3469 3148 3524 minutum
3182 3470 3311 3525 olus
3344 3487 3459 3526 non
3483 3469 3707 3541 aliquid
3735 3468 3934 3534 viride,

2228 3576 2341 3614 non
2374 3560 2648 3629 fructum,
2682 3576 2795 3615 non
2827 3576 3019 3631 uvam,
3056 3577 3169 3615 non
3201 3560 3520 3629 lavacrum,
3546 3578 3662 3617 non
3687 3576 3935 3627 carnem,

2230 3666 2343 3705 non
2372 3666 2604 3721 panem,
2640 3667 2753 3706 non
2777 3651 2996 3719 vinum,
3028 3667 3217 3723 neque
3249 3652 3489 3708 omnino
3520 3652 3750 3725 aliquid
3782 3668 3849 3707 ex
3871 3652 3933 3705 iis

2231 3756 2355 3810 qua:
2403 3757 2503 3810 per
2562 3741 2757 3811 ignem
2826 3746 3147 3808 transeunt,
3204 3746 3413 3812 praeter
3462 3743 3729 3814 quaedam
3782 3742 3934 3797 olera

2232 3831 2431 3897 cruda,
2465 3838 2517 3885 et
2550 3832 2846 3886 modicum
2896 3848 3079 3903 aquae.
3130 3834 3338 3890 Postea
3379 3837 3578 3889 autem
3626 3837 3791 3889 sexto
3836 3832 3933 3886 de-

2232 3921 2383 3975 cimo
2416 3937 2566 3975 anno
2599 3921 2853 3977 instituti
2885 3922 3011 3977 vitae
3046 3940 3159 3978 suae
3192 3929 3331 3980 actm
3356 3924 3582 3995 obsqne
3604 3925 3935 3980 decoctione

2234 4009 2405 4080 ignis,
2436 4027 2568 4065 cum
2601 4027 2753 4079 caro,
2806 4018 3038 4083 prepter
3082 4013 3541 4069 imbecillitatem
3591 4015 3847 4085 corporis
3884 4017 3937 4069 et

2232 4100 2539 4165 stomachi,
2572 4118 2717 4172 opus
2750 4101 2986 4158 haberet
3019 4108 3079 4158 ut
3111 4103 3326 4174 aliquid
3361 4109 3621 4159 sumeret
3655 4105 3812 4174 quod
3852 4120 3945 4168 per

2233 4190 2427 4261 ignem
2460 4191 2807 4261 transiisset,
2840 4209 3050 4262 panem
3085 4193 3313 4265 quidem
3333 4194 3543 4266 tetigit,
3571 4211 3940 4267 nequaquam

2233 4285 2423 4335 autem
2465 4281 2722 4351 sumpsit
2759 4286 2921 4337 cocta
2962 4283 3177 4353 olerat;
3218 4286 3315 4339 sed
3363 4284 3449 4341 vel
3498 4286 3819 4356 ptisanam,
3859 4286 3944 4341 vel

2236 4367 2527 4440 legamina
2558 4370 2704 4426 duos
2737 4388 2943 4428 annos.
2975 4373 3041 4427 In
3075 4373 3164 4429 his
3195 4390 3404 4445 corpus
3436 4378 3825 4431 consumebat
3854 4375 3944 4430 hic

2237 4460 2462 4529 beatus,
2494 4461 2796 4518 vivificans
2829 4464 3089 4520 animam
3142 4471 3344 4522 sancto
3393 4466 3630 4538 Spiritu,
3685 4467 3745 4521 in
3808 4467 3952 4539 Epi-

2237 4551 2469 4620 plianiis
2500 4551 2560 4606 in
2591 4552 2834 4609 ecclesia
2867 4558 3334 4611 communicans.
3366 4556 3541 4612 Nobis
3571 4560 3770 4611 autem
3818 4575 3949 4613 nar-

427 4636 592 4704 mihi,
627 4635 728 4702 fili,
758 4635 996 4693 morbus
1020 4643 1154 4693 tuus
1187 4637 1531 4707 diuturnus;
1563 4640 1654 4697 die
1677 4658 1809 4713 ergo
1830 4643 1973 4698 mihi
2000 4662 2126 4716 quae
2159 4630 2203 4695 D
2237 4640 2399 4695 rabat
2431 4640 2521 4695 hic
2551 4656 2867 4712 generosus
2889 4644 3103 4699 Christi
3127 4645 3343 4701 athleta
3365 4647 3513 4702 circa
3532 4650 3770 4716 tempus
3798 4664 3952 4703 mor-

422 4726 605 4783 habes
636 4725 920 4795 inanimo,
944 4743 1057 4783 non
1092 4732 1179 4785 est
1197 4728 1353 4784 enim
1375 4746 1546 4786 verus
1579 4730 1671 4786 hic
1706 4736 1840 4788 tuus
1862 4736 2121 4791 morbus.

422 4816 734 4874 Confessus
764 4824 849 4873 est
878 4834 1013 4889 ergo
1046 4819 1094 4873 ei
1129 4836 1250 4874 rem
1276 4836 1405 4890 quae
1432 4819 1544 4875 sibi
1566 4826 1831 4877 evenerat
1852 4822 2128 4879 Constan-

422 4906 687 4977 tinopoli.
755 4906 907 4961 Dicit
972 4908 1023 4963 ei
1092 4908 1258 4964 beata
1327 4926 1340 4964 :
1422 4910 1697 4966 Promitte
1768 4911 1913 4966 mihi
1985 4917 2125 4972 teste

425 4997 689 5065 Domino,
722 5001 778 5052 te
809 4996 934 5051 vitae
970 5000 1299 5055 monasticae
1332 5016 1574 5071 scopum
1607 5016 1734 5056 esse
1759 5006 2122 5072 secuturum,

422 5093 475 5142 et
504 5101 609 5157 ego
642 5085 773 5142 licet
804 5088 1109 5158 peccatrix,
1140 5089 1314 5145 orabo
1348 5091 1549 5159 Deum,
1580 5095 1642 5146 ut
1663 5092 1830 5147 detur
1858 5092 1960 5147 tibi
1984 5098 2128 5150 tem-

425 5192 534 5246 pus
565 5181 943 5246 commeatus,
986 5181 1040 5232 et
1080 5179 1209 5257 vitae
1249 5180 1555 5236 terminus.
1604 5182 1659 5235 Is
1691 5186 1881 5237 autem
1913 5188 2000 5238 est
2031 5201 2127 5240 as-

423 5284 652 5323 sensus.
696 5268 840 5323 Cum
892 5284 958 5323 ea
1009 5272 1199 5324 autem
1252 5275 1495 5341 orasset,
1548 5271 1702 5327 intra
1752 5289 1962 5342 paucos
2002 5276 2126 5332 dies

423 5358 748 5427 convaluit;
783 5376 1034 5431 cumque
1074 5360 1124 5415 is
1175 5361 1549 5429 surrexisset,
1599 5363 1669 5416 ab
1719 5363 1819 5418 illa
1870 5363 1995 5434 ipsa
2040 5369 2127 5422 est

424 5445 632 5500 amictu
668 5449 988 5503 monastico
1034 5448 1293 5509 indutus,
1348 5452 1403 5503 et
1458 5465 1691 5520 peregre
1740 5453 2129 5522 proficiscitur

425 5530 483 5584 in
518 5542 774 5593 montem
806 5538 1024 5605 Nitriae,
1060 5542 1156 5611 qui
1198 5545 1285 5596 est
1328 5540 1384 5594 in
1424 5540 1664 5611 [Egypto
1698 5558 1709 5597 :
1755 5543 1813 5597 in
1848 5561 1960 5615 quo
1992 5562 2125 5601 eum

426 5618 745 5679 habitasset
801 5628 1054 5697 biennio,
1122 5631 1290 5685 tertio
1343 5631 1669 5701 ingreditur
1730 5634 2124 5690 solitudinem.

498 5710 518 5744 ²
550 5710 749 5767 Simile
780 5730 977 5787 supra,
1010 5719 1068 5775 in
1098 5719 1313 5789 Pelag,
1345 5718 1521 5775 libell.
1557 5738 1595 5790 ι,
1629 5738 1789 5777 num.
1822 5725 1874 5777 5.

2233 4730 2307 4785 tis
2344 4747 2355 4785 :
2390 4731 2519 4785 Jam
2553 4736 2690 4786 sunt
2744 4736 2859 4788 tres
2910 4735 3047 4789 anni
3090 4751 3156 4790 ex
3187 4754 3302 4807 quo
3346 4754 3459 4791 non
3511 4753 3643 4791 sum
3686 4738 3942 4809 amplius

2232 4824 2469 4875 vexatus
2500 4839 2531 4875 a
2562 4821 2877 4892 cupiditate
2922 4825 3127 4879 carnis.
3163 4826 3216 4879 Si
3262 4831 3454 4882 autem
3492 4832 3625 4896 post
3650 4826 3837 4882 vitam
3870 4828 3945 4883 ita

2233 4926 2301 4964 ex
2332 4910 2545 4965 virtute
2593 4916 2803 4979 actam,
2846 4917 2902 4968 et
2948 4915 3304 4971 immensum
3351 4916 3611 4973 laborem
3662 4920 3948 4974 exercita-

2236 4999 2432 5067 tionis,
2466 5017 2710 5072 eumque
2738 5002 2821 5058 vel
2874 5005 3121 5060 maxime
3154 5006 3551 5074 inflexibilem,
3584 5012 3644 5062 et
3686 5009 3945 5063 sobriam

2236 5095 2510 5161 perpetuo
2543 5093 2888 5157 orationem,
2921 5093 3077 5150 hunc
3111 5096 3532 5165 immortalem,
3566 5098 3711 5154 adeo
3738 5099 3950 5155 invasit

2234 5178 2404 5233 bonis
2438 5180 2678 5236 infestus
2709 5187 2763 5236 et
2792 5183 3073 5240 exitiosus
3111 5185 3373 5252 daemon;
3409 5187 3551 5258 quid
3588 5188 3661 5242 ab
3692 5204 3947 5245 exsecra-

2236 5268 2335 5324 bili
2368 5269 2627 5325 daemone
2661 5272 2779 5342 pati
2815 5277 3093 5343 putamus
3124 5290 3222 5329 eos
3257 5276 3348 5345 qui
3384 5280 3523 5331 sunt
3555 5278 3939 5339 socordiores,

2236 5362 2466 5428 prepter
2497 5376 2664 5414 suam
2700 5362 3110 5432 negligentiam
3136 5364 3162 5417 ?
3194 5364 3338 5420 Huic
3372 5372 3575 5421 saneto
3622 5366 3952 5438 signiﬁcata

2235 5454 2324 5504 est
2355 5449 2665 5520 aliquando
2699 5468 2854 5507 mors
2888 5454 3066 5521 patris
3106 5455 3218 5522 sui,
3252 5459 3306 5511 et
3339 5456 3477 5511 dicit
3518 5456 3573 5511 ei
3602 5458 3707 5528 qui
3742 5474 3950 5513 renun-

2235 5540 2401 5596 tiavit
2437 5557 2449 5595 :
2483 5540 2692 5597 Desine
2724 5541 3149 5616 blasphemare,
3185 5561 3346 5601 meus
3363 5546 3520 5602 enim
3547 5548 3720 5606 Pater
3741 5556 3831 5605 est
3854 5550 3951 5605 im-

2236 5631 2498 5687 mortalis
2533 5635 2571 5686 ¹.
2610 5634 2789 5691 Deum
2822 5639 3019 5692 autem
3052 5636 3297 5693 dicebat.
3333 5637 3652 5711 Hucusque
3682 5644 3769 5697 est
3799 5655 3951 5695 exac-
