4112 6210
271 407 426 467 1197

1616 406 1989 468 IlISTORIA
2035 405 2446 468 LAUSIACA.

3637 408 3792 466 1198

269 539 565 599 tissimum
595 545 652 598 et
683 541 1171 613 perfectissimum
1203 540 1334 596 vitae
1368 540 1697 597 institutum
1731 540 1975 614 insignis
2006 547 2059 613 Α
2089 541 2170 596 illi
2206 541 2320 596 vim
2355 541 2606 596 facerent
2640 548 2696 596 ut
2755 541 2872 597 illic
2913 544 3261 612 comederet,
3306 561 3420 600 non
3490 545 3678 617 potuit
3731 545 3790 598 in

270 628 518 701 Evagrii.

828 720 1061 776 CAPUT
1095 720 1411 776 LXXXVII.

756 811 887 864 Vita
915 811 1135 865 abbatis
1165 811 1296 864 Pior
1326 810 1502 881 (138).

338 901 583 968 Quidam
615 903 748 957 Pior
797 900 1032 957 nomine
1074 903 1264 974 (Ruﬂ.,
1297 901 1334 956 1.
1372 918 1456 970 111,
1491 919 1547 962 n,
1599 901 1657 957 31
1690 919 1704 969 ;
1753 900 1972 970 Pelag.,

263 992 435 1048 tibelt.
471 1009 544 1059 ιν,
585 1009 643 1046 η.
676 992 787 1059 34).
849 991 1146 1065 ίΕεγρῐίυε
1205 1007 1435 1063 genere,
1486 994 1649 1046 aetate
1709 991 1972 1061 juvenis,

263 1096 393 1136 cum
422 1081 641 1136 mundo
692 1082 1108 1148 renuntiasset,
1141 1080 1277 1136 exiit
1310 1097 1340 1135 e
1397 1081 1570 1135 domo
1613 1083 1884 1152 paterna;
1918 1084 1975 1134 et

263 1175 499 1242 propter
529 1169 820 1242 insignem
852 1186 1110 1226 amorem
1151 1168 1491 1241 spiritalem,
1535 1169 1649 1226 Deo
1697 1176 1784 1226 est
1832 1185 1964 1241 pro-

263 1258 449 1316 fessus
480 1277 541 1315 se
565 1259 790 1316 nullum
825 1277 894 1315 ex
915 1260 1042 1316 suis
1070 1260 1333 1316 visurum
1365 1260 1640 1332 amplius.
1676 1260 1967 1332 Quinqua-

261 1350 424 1421 ginta
453 1366 586 1422 ergo
617 1355 745 1421 post
776 1350 945 1406 annis
977 1366 1142 1406 soror
1197 1351 1324 1420 ejus
1382 1366 1510 1421 quae
1563 1355 1967 1424 consenuerat,

261 1444 320 1497 et
349 1439 418 1495 ab
441 1439 638 1511 aliquo
671 1440 980 1496 resciverat
1014 1442 1245 1496 fratrem
1308 1457 1481 1496 suum
1523 1439 1729 1510 vivere,
1783 1442 1970 1515 venie,

259 1529 361 1584 bat
389 1528 445 1583 in
479 1528 689 1583 mentis
719 1534 924 1584 emotis
959 1528 1306 1600 periculum,
1339 1528 1452 1583 nisi
1483 1529 1674 1600 ipsum
1727 1529 1963 1586 videret.

257 1619 400 1675 Cum
441 1622 638 1672 autem
673 1634 788 1672 non
821 1623 1020 1689 posset
1050 1617 1242 1674 venire
1274 1618 1332 1672 in
1365 1623 1592 1674 vastum
1644 1619 1963 1691 desertum,

255 1706 481 1775 rogavit
514 1706 671 1762 illius
705 1707 812 1761 loci
845 1707 1189 1779 episcOpum
1225 1711 1286 1762 ut
1317 1708 1593 1763 scriberet
1622 1709 1691 1764 ad
1725 1715 1963 1766 sanctos

253 1797 460 1851 Patres
477 1796 576 1868 qui
609 1799 775 1852 erant
798 1797 856 1850 in
872 1795 1206 1863 solitudine,
1242 1797 1518 1868 utipsum
1559 1798 1878 1867 mitterent,
1908 1803 1964 1855 et

2091 631 2354 686 animum
2390 630 2686 696 inducere,
2711 631 2913 688 dicens
2948 649 2961 687 :
2987 633 3223 703 Pmpter
3245 635 3397 705 quod
3424 634 3642 690 missus
3664 651 3791 690 sum

2087 718 2238 789 (141)
2264 718 2370 773 hoc
2407 720 2622 776 factum
2654 727 2760 776 est.
2796 721 2889 776 Hae
2923 727 3060 778 sunt
3088 737 3182 778 res
3233 721 3601 778 admirabiles
3659 723 3792 778 Pior

2086 807 2374 878 praeclarae
2406 809 2689 865 columnae
2721 811 3084 881 tolerantiae;
3120 817 3175 869 et
3207 813 3300 869 hic
3331 817 3419 869 est
3450 812 3580 868 finis
3629 813 3789 867 illius

2086 897 2334 966 virtutis,
2365 900 2464 970 qui
2497 917 2598 971 pro
2631 917 2828 957 amaro
2861 903 3016 958 fonte
3075 904 3283 960 fruitur
3323 909 3600 975 perpetuo
3658 902 3790 957 dul-

2085 988 2304 1044 cedinis
2334 989 2551 1045 fluento
2583 1005 2713 1044 cum
2747 1007 2960 1062 magno
2991 993 3238 1063 spiritali
3278 993 3509 1065 gaudio.

2654 1094 2886 1150 CAPUT
2927 1096 3217 1154 LXXXIX.

2514 1186 2639 1241 Vita
2667 1184 2882 1240 abbatis
2913 1184 3141 1240 Chronii
3178 1187 3347 1256 (142).

2151 1273 2393 1337 Quidam
2426 1273 2522 1344 qui
2563 1273 2864 1329 dicebatur
2908 1272 3217 1341 Chronius,
3249 1289 3318 1327 ex
3358 1273 3479 1328 vico
3506 1277 3602 1344 qui
3653 1277 3790 1330 dici-

2082 1367 2174 1418 tur
2201 1362 2466 1418 Phcsnix.
2497 1379 2632 1419 cum
2661 1380 2694 1417 a
2739 1379 2842 1418 suo
2875 1363 2995 1418 vico
3043 1362 3141 1432 qui
3173 1366 3261 1417 est
3291 1378 3468 1432 prope
3522 1361 3790 1416 solitudi-

2081 1452 3000 1522 nem,mensusessetquindecim
3028 1451 3214 1506 millia
3241 1467 3524 1522 passuum
3553 1453 3788 1507 dextero

2078 1544 2222 1614 pede
2255 1549 2704 1606 numeratorum,
2755 1540 2872 1595 illic
2905 1545 3174 1611 precatus
3217 1539 3359 1595 fodit
3419 1545 3656 1610 puteum
3685 1559 3699 1606 ;
3733 1545 3788 1596 et

2078 1650 2211 1688 cum
2242 1649 2453 1704 aquam
2498 1632 2812 1688 invenisset
2869 1632 3165 1702 Optimam,
3191 1648 3316 1702 quis
3372 1631 3435 1686 in
3495 1633 3785 1702 profundo

2077 1725 2277 1779 aberat
2297 1727 2518 1794 septem
2554 1721 2730 1789 ulnis,
2763 1721 2880 1777 illic
2911 1737 3140 1793 quoque
3163 1721 3274 1776 sibi
3315 1721 3619 1776 aediﬁcavit
3651 1738 3784 1792 par-

2076 1830 2210 1869 vum
2244 1813 2641 1886 hospitiolum.
2677 1815 2746 1867 Et
2775 1829 2841 1867 ex
2881 1829 2995 1883 quo
3043 1812 3135 1867 die
3193 1813 3445 1880 seipsum
3490 1811 3786 1868 collocavit

253 1902 388 1942 eum
423 1887 663 1942 videret.
696 1887 835 1942 Cum
867 1903 1000 1956 ergo
1034 1887 1083 1942 ei
1126 1890 1211 1942 vis
1245 1903 1459 1958 magna
1507 1889 1836 1955 efferretur,
1863 1889 1948 1944 Pa-

2101 1921 2133 1958 n
2167 1904 2540 1971 monasterio,
2570 1904 2752 1957 Deum
2786 1901 3001 1974 rogavit
3035 1917 3106 1957 ne
3137 1905 3517 1956 reverteretur
3576 1900 3633 1954 in
3699 1901 3783 1958 lo-

254 1976 444 2032 tribus
464 1976 761 2044 obediens,
810 1978 1014 2032 statuit
1045 1994 1156 2032 uno
1189 1977 1301 2032 alio
1347 1978 1879 2049 assumpto,abire;
1907 1985 1964 2035 et
2000 1976 2038 1982 ”
2074 2008 2206 2050 cum
2239 1993 2338 2064 qui
2370 1993 2687 2047 habitatur,
2722 1992 2864 2046 cum
2890 1991 3058 2063 pauci
3091 1994 3282 2046 autem
3316 1989 3453 2045 anni
3479 1989 3787 2060 materiis-

251 2064 612 2136 significavit
641 2065 838 2120 domui
871 2067 1087 2121 sororis
1123 2066 1361 2122 fratrem
1389 2081 1562 2121 suum
1595 2066 1726 2121 Pior
1791 2068 1963 2123 adve-

253 2154 396 2219 nire,
430 2157 487 2208 et
518 2153 656 2208 foris
690 2161 860 2209 stare.
896 2153 1038 2209 Cum
1089 2160 1280 2210 autem
1323 2154 1603 2210 sensisset
1652 2155 1962 2227 strepitum

249 2240 406 2308 ostii,
425 2244 480 2297 et
510 2243 664 2313 quod
691 2244 818 2313 ejus
842 2259 1009 2298 soror
1038 2244 1088 2298 ei
1112 2244 1335 2299 veniret
1349 2245 1575 2299 obviam
1592 2286 1606 2311 ,
1630 2244 1786 2314 Pior,
1809 2245 1965 2302 clau-

249 2331 329 2386 sis
359 2330 557 2400 oculis,
600 2331 869 2387 clamavit
896 2333 963 2388 ad
1009 2334 1193 2404 ipsam
1227 2349 1239 2387 ε
1277 2336 1322 2388 Ο
1351 2349 1512 2390 soror
1541 2333 1633 2403 N.,
1667 2350 1772 2406 ego
1825 2351 1956 2390 sum

249 2419 382 2476 Pior
422 2421 596 2476 frater
629 2425 784 2488 tuus,
819 2437 924 2493 ego
957 2437 1088 2478 sum
1123 2439 1136 2478 :
1171 2439 1320 2492 ecce,
1366 2422 1517 2492 vide,
1549 2423 1745 2495 aspice
1776 2440 1958 2495 quan-

248 2514 376 2567 tum
400 2509 558 2566 velis.
593 2509 696 2565 Illa
725 2527 859 2582 ergo
900 2511 1052 2566 facta
1107 2512 1318 2568 certior
1371 2513 1546 2568 Deum
1587 2513 1956 2586 gloriﬁcavit,

245 2606 305 2659 et
335 2617 467 2657 cum
527 2601 713 2656 multa
753 2602 1000 2663 fecisset,
1034 2618 1148 2658 non
1198 2603 1386 2674 potuit
1407 2603 1456 2660 ei
1499 2607 1849 2675 persuadere
1897 2610 1961 2662 ut

247 2691 491 2746 domum
525 2690 923 2761 ingrederetur
957 2707 969 2745 :
1004 2693 1105 2746 sed
1139 2692 1399 2749 oratione
1448 2692 1598 2750 facta
1629 2695 1686 2750 in
1733 2695 1953 2764 limine,

249 2793 514 2834 reversus
545 2779 715 2836 estin
745 2780 1146 2847 solitudinem,
1190 2783 1484 2854 propriam
1531 2786 1779 2854 patriam
1838 2785 1958 2841 illio

247 2867 360 2923 sibi
401 2867 609 2923 virtute
649 2885 1019 2940 comparans.
1053 2871 1169 2927 Hoc
1197 2873 1325 2942 ejus
1359 2873 1539 2928 fertur
1579 2877 1953 2944 miraculum,

247 2958 400 3028 quod
433 2974 564 3014 cum
597 2959 838 3016 fodisset
867 2960 926 3015 in
968 2960 1094 3017 loco
1153 2978 1318 3033 quem
1381 2965 1701 3033 aedificavit,
1735 2965 1958 3022 invenit

246 3063 462 3120 aquam
495 3050 950 3121 amarissimam,
981 3061 1034 3108 et
1077 3053 1259 3108 donec
1325 3053 1584 3122 decessit,
1644 3055 1762 3110 illic
1820 3072 1954 3126 per-

243 3139 794 3205 mansit,contentus
817 3140 1572 3198 inventisamaritudinibus
1597 3160 1760 3214 aquae
1781 3145 1954 3217 (139),

243 3236 306 3283 ut
335 3229 592 3297 generosi
624 3229 804 3302 hujus
838 3230 1148 3287 tolerantia
1207 3232 1613 3289 innotesceret.
1651 3233 1818 3289 Multi
1849 3252 1954 3290 au-

243 3325 357 3374 tem
397 3319 813 3391 monachipost
853 3322 982 3392 ejus
1015 3326 1263 3378 mortem
1295 3339 1432 3379 cum
1462 3323 1518 3377 in
1543 3323 1688 3380 cella
1719 3341 1951 3382 manere

241 3408 696 3475 contendissent,
751 3427 860 3465 non
899 3415 1214 3480 potuerunt
1245 3429 1427 3468 unum
1461 3429 1681 3468 annum
1736 3414 1792 3468 id
1825 3415 1948 3470 effi-

239 3513 389 3554 cere.
426 3498 523 3554 Est
552 3499 709 3555 enim
758 3501 925 3558 locus
956 3502 1257 3569 terribilis,
1291 3511 1344 3559 et
1400 3503 1628 3560 alienus
1659 3505 1730 3561 ab
1789 3505 1948 3562 omni

238 3587 656 3645 consolatione.

788 3680 1020 3737 CAPUT
1044 3683 1394 3739 LXXXVIII.

581 3770 700 3825 Vita
731 3771 942 3826 abbatis
973 3772 1168 3842 Moysi:
1199 3775 1343 3843 (140)
1391 3774 1598 3845 Libyci.

343 3857 568 3929 Moyses
665 3859 916 3931 Libycus
1016 3861 1126 3915 fuit
1227 3861 1314 3915 vir
1417 3863 1786 3929 mitissimus,
1889 3869 1947 3920 et

233 3947 491 4001 maxime
508 3945 791 4002 charitate
807 3948 1086 4018 praeditus
1111 3963 1124 4002 :
1153 3949 1202 4003 is
1216 3949 1429 4019 dignus
1443 3953 1526 4004 est
1541 3950 1774 4008 habitus
1794 3954 1944 4010 dono

228 4035 626 4090 curationum.
662 4033 715 4090 Is
746 4033 853 4090 hoc
885 4037 1176 4092 narravit:
1229 4037 1292 4092 In
1326 4042 1697 4108 monasterio,
1733 4041 1943 4113 inquit,

227 4140 390 4180 eram
423 4124 585 4180 valde
617 4125 866 4194 juvenis.
902 4133 956 4181 et
989 4125 1281 4182 fodiebam
1322 4129 1643 4184 maximum
1678 4135 1943 4203 puteum,

225 4209 413 4266 latum
446 4210 648 4280 viginti
684 4211 861 4282 pedes
894 4228 907 4266 :
942 4211 1002 4268 in
1033 4228 1100 4268 eo
1132 4229 1263 4269 cum
1288 4219 1402 4270 tres
1436 4215 1558 4270 dies
1591 4215 1942 4272 fodissemus

226 4297 332 4353 viri
367 4300 683 4371 octoginta,
716 4305 773 4356 et
803 4318 1012 4358 venam
1043 4311 1405 4371 consuetam,
1458 4310 1514 4360 et
1545 4321 1672 4377 quae
1705 4307 1944 4378 aspicie-

229 4387 400 4443 batur
431 4391 877 4446 transiissemus
905 4392 1059 4447 circa
1091 4393 1372 4460 cubitum,
1407 4412 1617 4466 aquam
1637 4413 1750 4452 non
1780 4396 1938 4454 inve-

231 4477 452 4532 nimus.
488 4477 697 4550 Magna
727 4496 863 4551 ergo
914 4481 1110 4537 affecti
1146 4484 1432 4549 molestia,
1467 4484 1938 4544 deliberabamus

231 4566 303 4620 de
341 4565 679 4622 desistendo
710 4570 783 4622 ab
814 4586 1022 4642 opere;
1074 4571 1330 4645 dumque
1373 4573 1443 4628 de
1473 4589 1538 4629 eo
1589 4575 1938 4632 deliberare-

230 4671 378 4722 mus,
412 4657 482 4712 ad
516 4673 619 4713 nos
665 4659 980 4717 adveniens
1013 4661 1142 4718 Pior
1199 4680 1268 4719 ex
1325 4670 1488 4720 vasta
1516 4665 1852 4733 solitudine,
1887 4667 1945 4721 in
1975 4655 2024 4717 D

226 4745 358 4817 ipsa
388 4751 548 4802 sexta
577 4747 718 4804 hora
749 4755 948 4821 aestus,
982 4768 1116 4807 cum
1147 4757 1299 4809 esset
1324 4769 1501 4810 senex
1545 4755 1780 4810 indutus
1829 4771 1938 4809 sua

226 4835 375 4907 pelle
405 4836 596 4906 ovilla,
628 4844 847 4895 etcum
889 4855 992 4896 nos
1049 4841 1385 4911 salutasset,
1421 4843 1562 4900 dicit
1603 4844 1769 4900 nobis
1809 4856 1937 4917 post

227 4922 645 4980 salutationem
680 4944 692 4981 :
727 4925 874 4990 Quid
897 4927 1162 4985 animum
1187 4929 1505 5001 abjeoistis,
1539 4932 1804 4990 homines
1822 4951 1936 4994 mo-

227 5014 371 5069 dica:
397 5014 528 5071 fidei
552 5018 581 5071 ?
609 5017 722 5072 vidi
753 5018 909 5073 enim
941 5035 1041 5075 vos
1063 5021 1188 5091 jam
1222 5023 1293 5077 ab
1352 5021 1625 5080 hesterno
1655 5023 1748 5081 die
1777 5026 1935 5098 abje-

228 5105 381 5160 cisse
403 5104 689 5162 animum.
722 5107 884 5171 Quod
933 5124 1064 5165 cum
1105 5110 1358 5179 dixisset,
1410 5113 1470 5168 in
1501 5115 1659 5184 putei
1719 5117 1934 5174 fossam

229 5194 427 5249 statim
452 5195 685 5251 demisit
716 5197 927 5264 scalas,
959 5201 1015 5253 et
1047 5214 1178 5256 cum
1211 5201 1292 5258 eis
1332 5203 1464 5258 facit
1491 5205 1805 5262 orationem
1833 5225 1846 5275 ;
1878 5216 1936 5269 et

231 5288 466 5354 accepto
507 5283 720 5356 ligone,
753 5291 811 5341 et
859 5287 1025 5343 tertio
1082 5287 1197 5344 ictu
1256 5291 1512 5360 incusso,
1543 5295 1725 5353 dixit:
1771 5297 1924 5356 Deus

230 5377 570 5428 sanctorum
605 5374 1092 5444 patriarcharum,
1115 5392 1188 5431 ne
1218 5377 1442 5435 irritum
1463 5389 1515 5436 et
1549 5383 1811 5441 inutilem
1849 5388 1934 5441 fe-

231 5462 380 5516 ceris
409 5460 663 5518 laborem
712 5480 1008 5519 servorum
1059 5467 1320 5537 tuorum,
1353 5469 1450 5523 sed
1490 5471 1654 5526 mitte
1708 5476 1776 5529 ad
1836 5491 1934 5532 eos

234 5566 409 5606 usum
440 5568 625 5623 aquas.
661 5553 729 5608 Et
760 5553 954 5609 statim
1005 5571 1154 5626 aqua
1185 5555 1344 5624 exiit,
1376 5561 1440 5613 ut
1493 5575 1597 5615 nos
1623 5577 1820 5619 omnes
1868 5580 1934 5620 ea

231 5655 690 5712 aspergeremur.
725 5642 792 5698 Et
822 5659 952 5699 cum
985 5661 1193 5700 rursus
1224 5649 1464 5715 orasset,
1495 5649 1659 5711 abiit,
1703 5651 1928 5709 dicens:

233 5727 351 5786 Hac
382 5729 453 5786 de
483 5747 659 5788 causa
686 5731 906 5789 missus
940 5750 1091 5791 sum.
1128 5734 1197 5792 Et
1220 5739 1420 5807 aperta
1441 5742 1547 5794 est.
1580 5738 1726 5798 Cum
1749 5747 1932 5802 autem

2073 2088 2229 2154 sent,
2260 2084 2475 2155 dignus
2525 2083 2634 2138 fuit
2692 2082 2923 2138 habitus
2953 2082 3374 2154 presbyteratu,
3407 2082 3636 2138 circiter
3666 2081 3783 2136 du-

2075 2182 2373 2230 centorum
2408 2173 2660 2228 virorum
2721 2173 2868 2228 circa
2897 2172 3091 2242 ipsum
3145 2175 3491 2243 congregata
3509 2170 3784 2226 fraterni-

2069 2269 2204 2322 tate.
2231 2269 2363 2321 Hec
2396 2280 2531 2336 ergo
2563 2264 2745 2319 fertur
2766 2265 2893 2333 ejus
2926 2262 3108 2319 virtus
3141 2262 3592 2330 exercitationis,
3625 2262 3781 2332 quod

2069 2373 2203 2415 cum
2235 2355 2531 2428 sexaginta
2561 2355 2733 2411 annis
2755 2371 2864 2410 arae
2888 2354 3199 2412 assedisset
3231 2354 3477 2424 fungens
3506 2352 3775 2409 sacerdo-

2068 2447 2173 2516 tio,
2205 2462 2320 2502 non
2347 2461 2620 2518 egressus
2668 2450 2754 2500 est
2783 2459 2814 2500 e
2862 2445 3107 2515 deserto,
3161 2460 3276 2500 non
3307 2447 3465 2499 extra
3516 2442 3770 2498 laborem

2068 2551 2354 2592 manuum
2386 2534 2642 2591 comedit
2671 2550 2902 2604 panem.

2742 2641 2971 2698 CAPUT
3009 2641 3120 2697 XC.

2620 2729 2739 2786 Vita
2768 2730 2980 2785 abbatis
3008 2731 3214 2785 Jacobi.

2135 2824 2278 2878 Cum
2311 2839 2376 2878 eo
2406 2821 2690 2878 habitavit
2721 2820 2960 2892 quidam
2992 2819 3170 2875 Jacob
3203 2834 3234 2874 e
3264 2817 3495 2884 vicinis,
3545 2817 3647 2890 qui
3677 2833 3774 2874 co-

2063 2912 2435 2982 gnominatus
2467 2915 2558 2967 est
2585 2911 2862 2977 Claudus,
2894 2909 2982 2965 vir
3016 2925 3248 2965 summa
3277 2907 3610 2980 cognitione
3633 2923 3776 2979 prea-

2065 3001 2242 3057 ditus.
2274 3000 2453 3056 Erant
2493 3004 2687 3055 autem
2721 2999 2892 3054 ambo
2917 2999 3039 3054 noti
3071 2999 3242 3054 beato
3272 2995 3543 3054 Antonio.

2705 3105 2939 3161 CAPUT
2986 3104 3133 3160 XCI.

2335 3196 2449 3251 Vita
2477 3195 2688 3250 abbatis
2718 3195 3024 3266 Paphnutii
3052 3194 3303 3266 Cephata
3331 3193 3502 3264 (143).

2137 3284 2282 3338 Cum
2314 3299 2448 3356 ergo
2471 3284 2726 3354 quodam
2757 3281 2850 3337 die
2881 3282 3246 3338 convenisset
3275 3281 3452 3336 etiam
3505 3279 3773 3349 Paphnu-

2064 3373 2182 3430 tius
2211 3373 2296 3428 vir
2329 3373 2613 3429 mirabilis
2645 3373 2742 3444 qui
2779 3372 3081 3430 dicebatur
3110 3370 3385 3442 Cephala,
3407 3369 3508 3441 qui
3532 3369 3767 3440 quidem

2058 3461 2263 3518 habuit
2293 3463 2512 3518 donum
2562 3461 2913 3535 cognitionis
2946 3461 3275 3516 divinarum
3333 3458 3767 3528 Scripturarum

2056 3551 2282 3608 Veteris
2312 3556 2370 3608 et
2397 3553 2540 3609 Novi
2571 3553 2945 3616 Testamenti,
2981 3566 3183 3606 omnes
3212 3565 3310 3605 eas
3355 3547 3766 3618 interpretans,

2057 3657 2190 3699 cum
2223 3658 2338 3698 non
2371 3643 2609 3714 legisset
2649 3641 2978 3713 Scripturas
3012 3656 3024 3694 :
3061 3643 3183 3695 erat
3233 3641 3430 3694 autem
3464 3634 3606 3692 adeo
3643 3650 3768 3690 mo-

2057 3734 2280 3804 destus,
2314 3737 2376 3788 ut
2406 3733 2621 3788 celaret
2649 3733 2926 3788 virtutem
2971 3728 3392 3802 propheticam.
3429 3728 3505 3782 De
3536 3741 3651 3797 quo
3683 3725 3768 3780 di-

2056 3820 2226 3888 citur,
2263 3823 2419 3892 quod
2453 3821 2747 3893 octoginta
2777 3820 2945 3876 annis
2969 3837 3083 3876 non
3125 3818 3332 3874 habuit
3387 3815 3563 3872 simul
3622 3815 3767 3870 duas

2055 3910 2306 3968 tunicas.
2339 3913 2486 3968 Cum
2520 3928 2637 3967 una
2667 3911 2772 3967 hos
2803 3910 3303 3977 convenissemus,
3336 3923 3441 3979 ego
3499 3909 3556 3962 et
3608 3906 3763 3962 beati

2055 3999 2574 4070 diaconiEvagrius
2596 4008 2649 4054 et
2680 3999 2940 4062 Albinus,
2965 3996 3534 4068 quarebamusscire
3555 4011 3765 4051 causas

2054 4087 2300 4143 fratrum
2333 4088 2790 4160 quidecidebant
2817 4087 2905 4144 vel
2935 4086 3607 4144 labebanturinhoneeta
3628 4085 3760 4142 vita.

2681 4195 2913 4252 CAPUT
2970 4195 3137 4250 XCII.

2675 4286 2750 4342 De
2787 4285 3145 4343 Cheremone.

2121 4375 2346 4432 Accidit
2377 4375 2537 4432 enim
2578 4373 2693 4430 illis
2722 4373 2926 4430 diebus
2958 4377 3023 4429 ut
3060 4373 3386 4430 Cheremon
3418 4371 3764 4428 exercitator

2043 4467 2263 4522 sedens
2293 4465 2620 4532 decederet,
2651 4469 2710 4521 et
2739 4464 3102 4520 inveniretur
3159 4466 3428 4520 mortuus
3459 4461 3671 4519 sedens
3700 4461 3759 4516 in

2050 4555 2348 4621 cathedra,
2371 4561 2431 4610 et
2459 4560 2844 4642 tenens'opus
2866 4554 2926 4610 in
2958 4554 3250 4615 manibus.

2667 4662 2902 4720 CAPUT
2943 4662 3142 4719 XCIII.

2784 4754 2857 4808 De
2889 4753 3017 4806 alio.

2120 4841 2345 4898 Accidit
2390 4842 2567 4898 etiam
2627 4845 2690 4898 ut
2740 4838 2887 4897 alius
2952 4837 3130 4892 frater
3183 4833 3408 4891 fodiens
3489 4830 3755 4901 puteum,

2051 4931 2395 4990 obrueretur
2426 4951 2460 4988 a
2490 4937 2682 5004 puteo.

2685 5020 2914 5079 CAPUT
2949 5015 3134 5075 XCIV.

2787 5111 2860 5166 De
2894 5111 3023 5165 alio.

2117 5202 2342 5259 Accidit
2370 5203 2546 5258 etiam
2579 5205 2645 5258 ut
2684 5201 2837 5256 alius
2869 5199 3106 5254 veniens
3129 5213 3163 5252 a
3207 5196 3397 5263 Scete,
3443 5191 3539 5248 siti
3589 5203 3756 5260 aquae

2048 5297 2392 5350 moreretur.

2685 5381 2917 5438 CAPUT
2955 5380 3117 5435 XCV.

2512 5475 2587 5528 De
2627 5471 2896 5542 Stephano
2927 5471 3078 5540 lapso
3119 5467 3286 5538 (144).

2118 5567 2275 5624 Inter
2306 5583 2452 5640 quos
2503 5562 3094 5622 commemoravimus
3151 5559 3327 5615 etiam
3360 5554 3747 5628 Stephanum,

2048 5657 2142 5729 qui
2176 5657 2233 5712 in
2269 5661 2495 5729 turpem
2528 5655 2728 5727 lapsus
2758 5657 2846 5708 est
2877 5652 3052 5708 intem
3068 5649 3408 5722 perantiam,
3443 5648 3498 5700 et
3529 5645 3747 5700 Eucar-

2049 5748 2234 5819 pium,
2267 5752 2323 5806 et
2362 5748 2646 5805 Heronem
2677 5743 3134 5802 Alexandrinum
3192 5746 3248 5798 et
3302 5737 3603 5795 Valentem
3642 5733 3746 5788 Pa-
