4112 6210
367 359 528 425 1199

1952 359 2312 422 PALLADII

3764 362 3929 425 1200

362 495 678 563 lmstinum,
704 496 761 551 et
790 491 1169 549 Ptolommum
1200 492 1527 565 Egyptium
1560 493 1659 565 qui
1699 498 1823 550 erat
1854 495 1911 550 in
1944 496 2075 551 Sce-
2108 497 2162 564 Α
2193 500 2351 549 tuum
2382 493 2552 563 (Psal.
2586 494 2677 563 49)
2701 492 2729 545 ?
2758 492 2974 547 Eorum
3006 491 3161 547 enim
3196 489 3403 546 animae
3430 491 3525 563 qui
3557 493 3721 549 vitiis
3752 494 3911 551 labo-

370 590 475 643 te‘.
519 584 707 642 Simul
766 598 903 655 ergo
963 583 1297 655 rogavimus
1348 600 1616 655 quaenam
1676 592 1824 640 esset
1873 602 2074 655 causa,

366 677 524 749 quod
556 674 760 746 quisic
791 673 993 728 vivunt
1040 673 1099 728 in
1146 673 1480 740 solitudine,
1520 674 1678 730 exiis
1700 675 1798 730 alii
1840 676 2074 746 quidem

362 773 559 826 mente
590 765 981 838 decipiuntur,
1016 763 1113 819 alii
1149 780 1284 821 vero
1323 774 1633 836 erumpunt
1692 765 1751 820 in
1787 767 2076 838 intempe-

365 858 637 915 rantiam.
671 861 786 911 Hoc
818 870 950 927 ergo
983 870 1329 925 responsum
1363 855 1529 911 nobis
1547 855 1832 911 dederunt
1858 862 1913 913 et
1942 872 2073 912 cum

364 947 482 1003 illis
513 950 749 1004 sanctus
780 944 1161 1016 Paphnutius,
1194 946 1280 999 vir
1309 947 1563 1000 maxima
1593 946 1917 1016 cognitione
1940 963 2073 1017 pras-

364 1037 522 1094 ditus
557 1054 569 1091 :
604 1038 969 1105 Quaecunque
994 1034 1160 1100 fiunt,
1193 1033 1252 1087 in
1312 1035 1427 1090 duo
1485 1035 1841 1104 dividuntur,
1868 1036 1927 1091 in
1971 1036 2074 1092 Dei

364 1125 664 1198 placitum,
722 1128 778 1179 et
821 1123 920 1179 Dei
970 1122 1432 1193 permissionem.
1494 1126 1680 1195 Atque
1711 1142 2073 1197 quiscunque

364 1215 603 1287 quidem
644 1214 794 1268 fiunt
826 1228 895 1267 ex
926 1212 1135 1267 virtute
1169 1212 1238 1266 ad
1274 1211 1373 1267 Dei
1406 1212 1670 1283 gloriam,
1704 1230 1770 1269 ea
1788 1216 1937 1271 fiunt
1971 1216 2073 1271 Dei

362 1302 575 1375 placito
603 1319 614 1357 :
642 1318 768 1373 quae
798 1316 932 1356 vero
977 1302 1286 1369 damnosa,
1347 1302 1690 1371 periculosa,
1750 1309 1807 1360 et
1854 1323 1980 1377 quae
2012 1307 2071 1363 in

362 1391 617 1450 fortunis
646 1395 703 1447 et
724 1406 892 1447 casus
924 1391 1350 1461 important,ea
1381 1391 1529 1447 fiunt
1550 1392 2068 1463 Deipermissione.

363 1480 673 1539 Permissio
707 1483 899 1536 autem
921 1496 990 1535 ex
1020 1482 1273 1548 egestate
1310 1480 1571 1550 rationis,
1604 1482 1687 1537 vel
1726 1483 2071 1543 infidelitate

364 1587 566 1628 eorum
602 1572 703 1641 qui
735 1571 1101 1626 deseruntur.
1126 1569 1275 1625 Fieri
1307 1571 1463 1625 enim
1487 1588 1598 1625 non
1620 1571 1824 1642 ipotest
1855 1582 1913 1631 ut
1970 1579 2069 1647 qui

364 1662 457 1733 pie
487 1660 626 1716 vivit
648 1664 703 1715 et
732 1664 885 1715 recte
916 1660 1148 1731 cogitat,
1183 1660 1402 1715 incidat
1433 1661 1491 1713 in
1526 1660 2071 1735 ignominiaelapsns

362 1749 451 1806 vel
501 1749 837 1821 imposturae
890 1750 1243 1805 daemonum.
1304 1749 1643 1821 Quicunque
1701 1769 1833 1824 ergo
1893 1772 2068 1825 pravo

364 1857 540 1912 scopo
573 1857 636 1896 ac
669 1841 961 1907 instituto,
995 1856 1204 1912 nempe
1237 1845 1299 1894 ut
1330 1840 1665 1897 hominibus
1699 1842 1980 1914 placeant,
2015 1851 2071 1901 ct

364 1930 659 2002 arroganti
683 1930 1058 2001 cogitatione,
1091 1930 1366 1986 virtutem
1401 1930 1673 1987 videntur
1687 1935 1940 2007 aggredi,
1957 1936 1996 1990 ii
2010 1938 2067 1992 in

362 2037 537 2079 casus
603 2020 891 2087 incidunt,
960 2020 1074 2077 Deo
1142 2037 1240 2077 eos
1325 2022 1626 2078 deserente
1694 2024 1763 2079 ad
1864 2042 2070 2082 eorum

364 2111 703 2180 utilitatem;
744 2115 809 2167 ut
862 2126 991 2167 cum
1037 2126 1136 2181 per
1188 2110 1623 2169 derelictionem
1683 2115 2069 2173 mutationem

365 2202 679 2271 senserint,
722 2207 824 2258 aut
854 2203 1237 2275 propositum,
1272 2206 1376 2258 aut
1423 2204 1710 2260 actionem
1760 2207 2067 2279 corrigant.

363 2291 510 2348 Nam
542 2292 852 2364 aliquando
884 2292 1114 2365 quidem
1146 2296 1342 2365 peccat
1400 2293 1785 2365 propositum,
1837 2297 2067 2367 quando

361 2382 429 2439 fit
460 2382 613 2440 malo
644 2399 818 2455 scopo
844 2404 858 2452 ;
892 2392 955 2440 ut
983 2400 1141 2455 scepe
1172 2382 1381 2440 accidit
1413 2383 1900 2456 intemperantem
1937 2404 2066 2457 pra-

359 2492 427 2532 vo
490 2490 663 2546 scopo
733 2476 918 2530 facere
984 2471 1414 2544 eleemosynam
1482 2474 1541 2528 in
1601 2475 2064 2533 adolescentulas

360 2567 596 2637 prOpter
623 2567 851 2634 turpem
884 2562 1060 2617 finem
1086 2576 1099 2615 :
1134 2565 1190 2617 et
1219 2562 1503 2617 actionem
1531 2579 1654 2618 esse
1686 2565 1893 2619 rationi
1926 2582 2066 2621 con-

361 2656 727 2719 sentaneam,
772 2654 836 2705 ut
866 2649 1161 2719 orphanze,
1193 2654 1249 2704 et
1279 2666 1405 2719 quae
1437 2655 1733 2707 exercetur
1764 2654 2064 2709 monachae

356 2740 495 2795 dare
516 2738 819 2794 auxilium.
849 2736 1073 2793 Accidit
1102 2744 1290 2793 autem
1320 2742 1475 2793 recto
1507 2754 1738 2809 quoque
1770 2756 1942 2814 scopo
1989 2745 2069 2799 fa-

356 2839 483 2881 cere
512 2823 965 2897 eleemosynam,
998 2823 1056 2879 in
1115 2828 1360 2895 aegrotos
1426 2825 1511 2881 vel
1570 2842 1668 2883 eos
1722 2829 1821 2900 qui
1879 2833 2063 2888 eversi

354 2918 495 2971 sunt
525 2914 715 2977 bonis,
748 2913 834 2971 vel
861 2930 958 2971 eos
1009 2916 1109 2986 qui
1141 2921 1576 2972 consenuerunt
1608 2934 1621 2973 :
1655 2920 1754 2974 sed
1788 2937 1957 2991 parce
2010 2926 2067 2978 et

356 3022 491 3063 cum
522 3004 1024 3074 murmuratione;
1060 3004 1256 3076 etjesse
1285 3021 1525 3075 scopum
1555 3008 1790 3079 quidem
1819 3016 2062 3083 rectum,

355 3096 641 3153 actionem
673 3098 869 3152 autem
902 3110 1075 3165 accpo
1111 3094 1433 3166 indignam.
1468 3100 1705 3167 Oportet
1724 3100 1877 3155 enim
1896 3103 2067 3159 mise-

358 3184 649 3241 ricordem
681 3183 940 3240 misereri
973 3182 1031 3237 in
1058 3183 1349 3239 hilaritate
1375 3188 1431 3239 et
1461 3185 1737 3255 largitate.
1773 3188 1890 3245 Hoc
1922 3206 2065 3261 quo-

358 3291 470 3347 que
500 3273 729 3330 dicebat
761 3290 774 3329 :
812 3274 873 3328 In
906 3273 1102 3329 multis
1160 3273 1374 3329 animis
1409 3279 1549 3330 sunt
1589 3277 1753 3333 dotes
1804 3282 2069 3350 quaadam

360 3362 690 3435 praecipuas,
720 3362 780 3417 in
810 3362 942 3417 aliis
983 3363 1218 3432 quidem
1257 3362 1484 3419 bonitas
1536 3365 1791 3435 ingenii;
1829 3368 1889 3423 in
1939 3370 2069 3426 aliis

354 3464 490 3505 vero
515 3450 776 3520 aptitudo
810 3450 881 3505 ad
914 3449 1422 3517 exercitationem;
1458 3452 1559 3507 sed
1593 3456 1827 3524 quando
1853 3474 1964 3513 non
2007 3460 2071 3514 fit

360 3542 593 3607 propter
616 3539 813 3609 ipsum
848 3538 1063 3594 bonum
1097 3542 1153 3593 et
1202 3555 1271 3594 ex
1298 3539 1494 3596 divino
1528 3558 1723 3612 scopo,
1758 3562 1944 3616 neque
1976 3564 2071 3603 ac-

360 3625 461 3688 tio,
496 3641 685 3696 neque
712 3627 930 3696 ingenii
963 3627 1214 3695 bonitas,
1248 3644 1437 3699 neque
1464 3630 1501 3684 ii
1534 3631 1633 3701 qui
1660 3633 1823 3689 dotes
1857 3635 2071 3693 habent

361 3713 705 3785 precipuas,
740 3732 855 3772 non
881 3717 1169 3773 bonorum
1200 3718 1389 3774 datori
1415 3721 1528 3776 Deo
1562 3722 1940 3793 ascribcntes,
1972 3730 2069 3783 sed

360 3817 469 3858 suo
500 3800 683 3860 libero
714 3805 976 3875 arbitrio,
1008 3806 1262 3878 ingenio,
1288 3812 1343 3864 et
1375 3810 1774 3881 sufficientia};
1799 3815 1895 3886 qui
1930 3816 2070 3875 tales

356 3898 518 3961 sunt,
550 3895 733 3953 relicti
767 3914 801 3953 a
826 3898 1211 3970 providentia,
1246 3900 1514 3959 incidunt
1552 3904 1610 3959 in
1670 3905 1819 3962 facta
1860 3909 2067 3979 turpia,

356 3991 556 4059 turpes
588 3989 1359 4063 perpessiones,probraquc
1389 3997 1445 4047 et
1475 3994 1776 4051 dedecora.
1805 3998 2070 4054 Derelicti

359 4091 513 4146 ergo,
530 4093 629 4148 per
649 4079 1052 4135 advenientem
1074 4080 1458 4137 humilitatem
1477 4088 1533 4139 et
1549 4085 2069 4155 pudorem,sensim

364 4166 560 4223 nescio
592 4170 885 4238 quomodo
918 4170 1217 4241 expellunt
1246 4173 1850 4246 arrogantiam,quam
1884 4194 2073 4233 susce-

371 4262 576 4323 perant
605 4271 673 4311 ex
701 4273 769 4313 ea
799 4274 927 4328 quae
958 4259 1141 4315 virtus
1173 4262 1576 4330 reputabatur;
1615 4280 1729 4318 non
1768 4264 1825 4317 in
1861 4265 2074 4337 seipsis

364 4342 573 4397 confisi
605 4345 879 4415 amplius,
912 4348 1014 4402 sed
1037 4348 1173 4415 Deo,
1206 4351 1306 4418 qui
1339 4356 1549 4407 cuncta
1571 4351 1834 4422 largitur,
1860 4355 2074 4410 benefi-

362 4430 515 4487 cium
549 4447 656 4487 sua
686 4434 1041 4490 confessione
1074 4436 1356 4493 tribuunt.
1390 4438 1497 4502 Qui
1528 4441 1680 4495 enim
1708 4443 2069 4518 estinflatus,

364 4521 465 4590 qui
495 4521 566 4576 de
597 4522 852 4579 bonitate
874 4524 1114 4596 inquam
1162 4527 1381 4598 ingenii
1422 4530 1677 4601 effertur,
1710 4537 1765 4589 et
1803 4534 1919 4591 Deo
1954 4556 2067 4595 non

2099 3253 2150 3317 Ο

2188 589 2337 650 rant,
2363 589 2495 639 sunt
2536 599 2735 639 revera
2784 582 3029 637 diversis
3075 580 3335 638 fontibus
3391 583 3709 640 assimiles.
3766 586 3913 641 Nam

2186 674 2285 743 qui
2316 677 2455 727 sunt
2485 672 2632 744 gulae
2659 675 2717 727 et
2748 670 2877 727 vino
2912 671 3119 738 dediti,
3144 670 3452 726 lutulentis
3483 672 3781 741 fontibus;
3814 677 3915 745 qui

2182 778 2316 817 vero
2348 766 2623 819 tenentur
2658 760 2901 816 avaritia
2932 764 2990 815 et
3030 759 3197 831 plura
3249 761 3504 816 habendi
3562 763 3915 835 cupiditate,

2184 854 2446 911 fontibus
2479 870 2648 909 ranas
2679 852 3065 918 habentibus;
3102 851 3518 920 invidiautem,
3554 852 3657 924 qui
3691 854 3915 910 habent

2184 942 2571 1014 aptitudinem
2602 939 2973 1012 cognitionis,
2992 939 3253 994 fontibus
3270 944 3567 1011 serpentes
3584 941 3911 1007 alentibus,

2187 1032 2248 1088 in
2277 1033 2491 1105 quibus
2516 1029 3160 1103 semperﬂuctuatratio
3186 1044 3199 1095 ;
3230 1034 3535 1101 propterea
3557 1033 3712 1100 quod
3739 1050 3914 1089 nemo

2182 1126 2377 1181 haurit
2433 1140 2501 1178 ex
2549 1122 2717 1192 ipsis,
2774 1126 3009 1193 propter
3069 1136 3299 1175 morum
3350 1122 3759 1191 acerbitatem,
3819 1128 3909 1181 vel

2184 1219 2416 1287 propter
2446 1212 2800 1281 injustarum
2857 1208 3148 1264 actionum
3184 1209 3440 1264 odorem.
3475 1212 3765 1273 Quocirca
3799 1215 3908 1269 tria

2182 1306 2346 1371 rogat
2370 1300 2544 1355 David
2580 1316 2613 1353 a
2648 1300 2757 1353 Deo
2792 1298 3005 1364 doceri,
3042 1298 3385 1366 bonitatem,
3420 1302 3477 1353 et
3507 1299 3908 1370 disciplinam,

2182 1397 2239 1447 et
2268 1389 2659 1462 cognitionem
2708 1388 2879 1458 (Psal.
2911 1386 3129 1457 cxvui).
3163 1386 3308 1441 Nam
3355 1388 3578 1459 absque
3640 1389 3909 1448 bonitate

2184 1480 2437 1552 cognitio
2469 1484 2559 1535 est
2588 1477 2853 1546 inutilis;
2890 1482 2946 1533 et
2976 1477 3025 1532 si
3050 1480 3343 1533 correctus
3366 1478 3604 1547 quidem
3654 1479 3830 1535 fuerit
3856 1484 3903 1539 is

2181 1572 2411 1643 quiest
2477 1567 2835 1638 hujusmodi,
2910 1566 3175 1637 deposita
3242 1583 3420 1623 causa
3472 1568 3901 1635 derelictionis,

2184 1677 2387 1729 nempe
2420 1657 2841 1729 arrogantia,et
2872 1657 3263 1727 assumpserit
3287 1656 3708 1727 humilitatem,
3742 1663 3898 1715 etsui

2180 1751 2421 1804 modum
2443 1748 2797 1819 cognoverit,
2824 1762 3010 1815 neque
3050 1747 3327 1801 adversus
3356 1746 3608 1817 aliquem
3650 1766 3710 1804 se
3753 1752 3893 1804 effe-

2106 1878 2158 1941 B
2186 1843 2411 1905 rens,et
2434 1838 2547 1893 Deo
2579 1853 2756 1905 agens
2789 1837 3027 1907 gratias,
3060 1837 3129 1889 ad
3163 1852 3295 1891 eum
3328 1852 3535 1891 rursus
3569 1843 3897 1907 revertitur,

2189 1945 2309 2000 qua
2346 1928 2681 1983 testimonio
2741 1926 2982 1980 fulcitur
3043 1924 3319 1996 cognitio,
3382 1926 3690 1984 Orationes
3742 1931 3897 1985 enim

2185 2018 2497 2091 spiritales,
2528 2034 2655 2088 qua:
2688 2032 2801 2072 non
2825 2016 3233 2071 habentvitam
3261 2017 3568 2073 honestam
3599 2025 3658 2075 et
3688 2028 3900 2091 tempe~

2183 2112 2407 2164 rantem
2439 2105 2621 2163 simul
2650 2106 3037 2176 equitantem,
3073 2110 3209 2160 sunt
3234 2106 3405 2174 spica:
3431 2117 3790 2179 quaeavento
3815 2111 3900 2166 in-

2181 2200 2428 2264 tereunt,
2453 2213 2577 2269 quas
2597 2194 2813 2251 habent
2832 2195 3065 2266 quidem
3083 2194 3381 2265 spicarum
3406 2196 3673 2268 figuram,
3699 2202 3803 2255 sed
3828 2202 3897 2255 ab

2182 2289 2265 2343 eis
2298 2293 2566 2361 ereptum
2598 2294 2685 2342 est
2717 2285 3081 2343 alimentum.
3114 2286 3321 2343 Omnis
3352 2303 3489 2358 ergo
3523 2288 3743 2361 lapsus,
3786 2292 3905 2347 sive

2180 2379 2281 2434 fiat
2313 2396 2415 2451 per
2447 2378 2733 2449 linguam,
2769 2376 2890 2432 sive
2921 2392 3024 2448 per
3044 2392 3303 2442 sensum,
3336 2377 3457 2433 sive
3484 2396 3584 2450 per
3619 2381 3902 2447 actiones,

2178 2468 2298 2523 sive
2329 2485 2429 2539 per
2457 2471 2644 2523 totum
2670 2483 2903 2538 corpus,
2941 2466 3352 2521 convenienter
3379 2469 3741 2539 proportioni
3790 2489 3893 2525 ar-

2178 2560 2473 2629 rogantiae,
2507 2558 2571 2612 fit
2603 2573 2703 2629 per
2744 2557 2845 2611 Dei
2879 2556 3324 2611 derelictionem
3357 2560 3650 2628 parcentis
3681 2560 3753 2615 iis
3795 2562 3892 2633 qui

2178 2649 2695 2719 derelinquuntur.
2730 2647 2786 2701 Si
2825 2647 2980 2701 enim
3012 2662 3143 2700 cum
3176 2645 3650 2718 intemperantia,
3689 2667 3891 2707 eorum

2177 2754 2407 2810 quoque
2440 2737 2678 2793 bonitati
2710 2736 2928 2805 ingenii
2960 2736 3239 2791 Dominus
3258 2736 3867 2794 tulerittestimonium

2186 2828 2615 2900 suppeditanda
2639 2826 3051 2897 eloquentiam,
3086 2826 3369 2882 daemones
3423 2827 3579 2897 ipsos
3619 2828 3763 2884 facit
3797 2846 3903 2885 su~

2184 2918 2400 2989 perbia,
2434 2932 2495 2972 se
2517 2914 2853 2971 extollentes
2876 2930 3009 2969 cum
3034 2913 3418 2970 immunditia.

2255 3008 2385 3063 Haec
2417 3022 2651 3079 quoque
2681 3005 2951 3061 dicebant
2984 3005 3155 3060 nobis
3191 3005 3249 3059 hi
3279 3005 3461 3059 sancti
3491 3005 3622 3073 viri,
3652 3010 3715 3062 et
3746 3009 3900 3078 cpti-

2177 3099 2255 3155 mi
2292 3102 2489 3154 Patres
2524 3113 2686 3152 :cum
2708 3095 2971 3151 videritis
2993 3095 3251 3166 aliquem
3275 3096 3392 3150 vita
3419 3097 3657 3167 quidem
3679 3116 3898 3168 perver-

2182 3205 2337 3258 sum,
2370 3188 2625 3244 oratione
2655 3189 2852 3242 autem
2874 3191 3075 3257 aptum
3102 3186 3171 3241 ad
3192 3186 3687 3257 persuadendum,
3706 3204 3895 3244 recor-

2180 3280 2398 3337 demini
2427 3278 2705 3335 daemonis
2729 3278 2829 3349 qui
2862 3277 2921 3332 in
2956 3293 3120 3331 sacra
3150 3277 3454 3348 Scriptura
3500 3294 3631 3333 cum
3664 3278 3895 3334 Christo

2180 3371 2450 3443 loquitur,
2484 3375 2539 3425 et
2560 3369 2880 3426 testimonii
2905 3369 3055 3439 quod
3081 3366 3218 3422 dicit
3253 3385 3265 3422 :
3292 3369 3545 3438 Serpens
3560 3374 3751 3424 autem
3775 3380 3900 3429 erat

2190 3460 2686 3533 prudentissimus
2711 3458 2976 3514 omnium
3009 3458 3333 3512 bestiarum
3369 3474 3495 3528 quae
3532 3464 3701 3523 erant
3728 3478 3902 3533 super

2188 3553 2400 3606 terram
2432 3550 2588 3621 (Gen.
2622 3550 2707 3621 ιι).
2733 3548 3153 3619 Cuiprudentia
3171 3549 3365 3618 potius
3382 3548 3795 3606 detrimentum
3813 3558 3896 3608 at-

2184 3639 2341 3705 tulit,
2374 3655 2504 3694 cum
2537 3639 2649 3694 alia
2680 3639 2859 3693 virtus
2886 3654 3001 3693 non
3051 3643 3442 3694 concurreret.
3478 3640 3719 3711 Oportet
3748 3644 3892 3696 enim

2186 3744 2319 3783 eum
2347 3728 2445 3799 qui
2479 3731 2566 3782 est
2597 3726 2783 3782 fidelis
2815 3730 2871 3781 et
2894 3727 3081 3781 bonus
3104 3742 3171 3781 ea
3202 3727 3440 3798 quidem
3468 3729 3667 3783 animo
3686 3732 3892 3786 sentire

2192 3834 2317 3889 qua":
2350 3818 2449 3872 dat
2478 3817 2651 3883 Deus,
2688 3816 2843 3886 loqui
2876 3820 3072 3871 autem
3099 3832 3223 3887 qua:
3246 3817 3447 3884 sentit,
3483 3818 3671 3874 facere
3702 3826 3889 3875 autem

2179 3923 2303 3978 quai
2334 3907 2612 3977 loquitur.
2647 3905 2704 3961 Si
2737 3906 2892 3961 enim
2950 3922 3084 3960 cum
3127 3906 3364 3961 veritate
3413 3907 3725 3964 verborum
3782 3927 3897 3966 non

2182 4000 2493 4053 concurrat
2522 3996 2646 4050 vitae
2676 3994 2970 4066 cognatio,
3007 3996 3174 4066 panis
3214 4000 3299 4051 est
3324 3997 3450 4051 sine
3474 3996 3619 4065 sale,
3656 4002 3720 4053 ut
3758 3999 3894 4055 dicit

2185 4085 2288 4139 Job
2321 4087 2462 4156 (Job.
2487 4086 2565 4156 v1)
2594 4103 2606 4152 ;
2635 4085 2731 4156 qui
2786 4088 2981 4140 autem
3012 4084 3167 4151 talis,
3221 4084 3464 4140 minime
3504 4087 3842 4143 comedetur
3873 4104 3885 4142 :

2184 4176 2340 4245 quod
2375 4176 2424 4229 si
2446 4175 2613 4230 etiam
2650 4175 3006 4243 comedetur,
3040 4174 3425 4244 conjiciteum
3449 4176 3551 4246 qui
3575 4178 3894 4232 comeditin

2184 4263 2393 4319 malam
2418 4264 2846 4319 habitudinem.
2868 4263 2927 4319 Si
2950 4264 3710 4335 comedeturcnim,inquil,
3731 4267 3893 4337 panis

2184 4354 2308 4407 sine
2336 4354 2474 4418 sale,
2497 4358 2552 4408 et
2583 4353 2630 4409 si
2661 4361 2745 4408 est
2776 4358 2982 4423 gustus
3012 4354 3069 4407 in
3100 4353 3291 4409 verbis
3334 4353 3632 4419 inanibus,
3669 4356 3777 4410 hoc
3807 4361 3892 4411 est

2191 4458 2306 4497 non
2330 4443 2401 4497 ad
2434 4443 2745 4498 utilitatem
2778 4442 2950 4511 (145),
3004 4442 3259 4511 impletis
3320 4442 3605 4497 bonorum
3655 4460 3893 4513 operum

2186 4532 2534 4588 testimonio.
2580 4532 3035 4588 Derelictionum
3068 4548 3204 4605 ergo
3248 4532 3442 4603 plures
3473 4540 3603 4588 sunt
3653 4550 3849 4589 causa:
3884 4554 3895 4593 :

364 4608 607 4699 ascribit
636 4608 954 4668 bonitatem
985 4614 1229 4687 ingenii,
1264 4634 1448 4690 neque
1478 4635 1605 4675 eam
1639 4638 1765 4694 qua:
1798 4626 1907 4681 sibi
1941 4643 2073 4699 sup-
2105 4626 2150 4691 D
2186 4638 2297 4677 una
2331 4624 2563 4692 quidem
2610 4632 2693 4679 est
2739 4626 2800 4678 ut
2846 4622 3034 4678 virtus
3066 4622 3352 4678 occultata
3384 4622 3809 4688 manifestatur,
3836 4632 3897 4680 ut

366 4698 662 4770 peditatur
719 4702 1134 4775 cognitionem,
1168 4708 1269 4764 sed
1336 4707 1425 4764 vel
1470 4726 1588 4765 sua:
1677 4715 2071 4772 exercitationi

366 4788 457 4846 vel
489 4792 732 4860 naturae,
789 4790 1027 4849 abducit
1084 4795 1156 4851 ab
1214 4810 1281 4852 eo
1339 4796 1490 4854 Deus
1540 4800 1815 4871 angelum
1876 4806 2074 4876 provi-

366 4879 597 4950 dentia,
637 4880 775 4939 huic
818 4883 1015 4953 gratias
1068 4887 1428 4957 praefectum.
1454 4891 1574 4955 Quo
1611 4906 1831 4962 averso,
1892 4912 2075 4967 supe-

366 4971 531 5024 ratus
562 4985 596 5025 a
616 4970 836 5028 viribus
867 4974 1179 5031 adversarii
1210 4978 1260 5032 is
1289 4978 1383 5048 qui
1408 4980 1641 5035 effertur
1658 4982 1729 5037 ob
1756 4982 2075 5043 bonitatem

364 5056 607 5130 ingenii,
638 5058 840 5117 incidit
870 5062 927 5118 id
960 5064 1474 5138 intemperantiam
1527 5075 1762 5143 propter
1820 5073 2074 5131 insolen-

363 5148 528 5220 tiam,
561 5156 622 5206 ut
644 5150 835 5209 ablata
865 5156 1011 5211 teste
1032 5157 1437 5229 temperantia,
1476 5176 1592 5216 non
1625 5162 1921 5219 videantur
1952 5181 2075 5221 cre-

366 5237 571 5296 dibilia
602 5256 732 5312 quae
762 5243 1127 5301 dicunturab
1158 5247 1323 5319 ipsis,
1361 5249 1711 5321 fugientibus
1731 5254 1842 5326 piis
1862 5255 2072 5311 doctri-

361 5344 499 5385 nam
532 5347 660 5419 quaa
691 5349 759 5388 ex
791 5334 887 5389 tali
921 5352 1016 5393 ore
1048 5338 1328 5408 procedit,
1382 5343 1664 5411 tanquam
1700 5344 1910 5401 fontem
1972 5347 2073 5419 qui

363 5420 545 5471 scatet
577 5417 970 5494 hirudinibus,
1008 5428 1072 5480 ut
1102 5425 1402 5496 impleatur
1434 5430 1583 5498 quod
1616 5432 1900 5501 scriptum
1932 5417 2019 5490 est
2052 5450 2066 5489 :

366 5506 659 5593 Peccatori
693 5514 889 5569 autem
922 5513 1066 5570 dixit
1095 5515 1248 5572 Deus
1282 5517 1511 5572 :Curtu
1545 5523 2075 5593 enerrasjustitica-

376 5590 567 5685 tiones
592 5610 768 5685 meas.
804 5606 859 5656 et
890 5605 1137 5661 assumis
1169 5610 1581 5663 testamentum
1628 5590 1823 5667 meum
1884 5630 1984 5685 per
2005 5630 2069 5670 os

2182 4712 2364 4768 virtus
2386 4712 2517 4783 Job,
2551 4714 2666 4769 Deo
2724 4713 3107 4783 respondente
3167 4717 3224 4767 et
3283 4711 3507 4767 dicente
3577 4711 3691 4783 (Job
3752 4716 3891 4784 XL):

2183 4805 2266 4857 Ne
2298 4802 2835 4873 rejiciasjudicium
2868 4817 3086 4869 meum,
3120 4818 3309 4874 neque
3335 4806 3505 4873 putes
3538 4816 3628 4857 me
3656 4801 3766 4857 tibi
3802 4802 3897 4857 ali-

2184 4895 2272 4946 ter
2296 4893 2683 4964 rospondisse,
2736 4893 2834 4948 sed
2894 4896 2956 4948 ut
3000 4893 3198 4962 justus
3246 4907 3571 4965 appareas;
3619 4908 3684 4948 es
3742 4893 3893 4947 enim

2184 4981 2329 5036 mihi
2365 4989 2533 5037 notus
2568 4982 2663 5053 qui
2696 4982 2828 5036 novi
2878 4980 3124 5047 occulta,
3160 4986 3217 5037 et
3274 4981 3563 5052 profunda
3593 4981 3895 5053 cogitatio—

2182 5088 2323 5128 num
2351 5072 2581 5128 intueor
2624 5072 3035 5127 humanarum.
3099 5071 3210 5126 Sed
3261 5070 3543 5143 quoniam
3606 5070 3893 5141 ignoraris

2182 5164 2252 5217 ab
2299 5162 2659 5227 hominibus,
2717 5162 3099 5231 suspicantur
3145 5161 3299 5216 enim
3348 5175 3776 5230 nonnunquam
3810 5178 3896 5217 me

2181 5270 2213 5307 a
2237 5255 2291 5307 to
2319 5252 2427 5308 coli
2462 5259 2694 5322 propter
2725 5250 2977 5320 divitias,
3022 5251 3148 5306 ideo
3182 5250 3283 5307 feci
3339 5253 3402 5305 ut
3436 5248 3495 5305 in
3554 5250 3893 5320 hujusmodi

2180 5359 2377 5399 casum
2404 5343 2709 5399 incideres.
2755 5343 3055 5399 Demessui
3091 5342 3342 5409 divitias,
3379 5344 3443 5395 ut
3474 5342 3782 5396 ostendam
3815 5345 3893 5398 eis

2179 5438 2338 5491 tuam
2398 5432 2720 5505 gratiarum
2765 5432 3055 5489 actionem
3125 5436 3181 5488 et
3240 5430 3702 5503 philosophiam.
3764 5433 3886 5488 Alia

2179 5530 2367 5581 autem
2401 5527 2634 5597 propter
2666 5525 3035 5579 avertendam
3086 5522 3447 5595 superbiam,
3484 5525 3548 5577 ut
3580 5520 3639 5576 in
3691 5522 3887 5581 Paulo.

2182 5615 2437 5672 Reiictus
2483 5618 2573 5671 est
2602 5614 2754 5669 enim
2788 5613 3001 5671 Paulus
3033 5614 3284 5681 casibus,
3311 5622 3366 5670 et
3388 5610 3779 5684 colaphorum
3810 5615 3894 5669 in-

444 5684 560 5738 ‘De
592 5684 1075 5765 Herone,"supra,
1108 5710 1227 5766 cap.
1262 5696 1352 5752 32.
1376 5695 1454 5752 De
1487 5696 1743 5772 Valente,
1774 5684 1974 5774 supra,
2006 5720 2134 5777 cap.
2156 5706 2244 5763 31.
2278 5706 2357 5764 De
2393 5705 2724 5774 Ptolomeo,
2759 5720 2957 5777 supra,
2991 5722 3117 5777 cap.
3152 5704 3237 5759 33.
