4112 6210
384 345 538 408 1201

3702 308 3707 314 ι
3728 306 3753 317 o

1665 353 2038 417 HISTORIA
2079 357 2492 420 LAUSIACA.

384 475 637 533 εὐδοκίαν
667 485 822 552 Θεοῦ,
855 480 945 538 καὶ
997 480 1372 560 συγχώρησιν.
1404 486 1544 542 ’Ὁσα
1587 484 1767 541 τοίνυν
1814 489 2021 563 γίνεται
2053 491 2107 559 Α
2136 493 2258 565 γαῖς
2290 487 2441 567 ὄφεις
2488 488 2834 570 τρεφούσαις,
2884 493 2973 554 αῖς
3021 493 3103 548 ἀεὶ
3152 492 3460 568 ἐνλιμνάζει
3509 494 3538 549 ό
3582 492 3770 569 λόγος,

382 569 499 623 κατ’
555 568 751 645 ἀρετήν
831 572 909 635 εἰς
966 571 1123 644 δόξαν
1198 579 1295 629 τοῦ
1352 580 1509 648 Θεοῦ,
1585 580 1749 631 ταῦτα
1821 577 2026 652 γίνεται

383 657 605 732 εὐδοκία
650 667 785 718 Θεοῦ
818 682 831 696 °
880 662 977 720 ὅσα
1024 665 1070 720 δ’
1118 663 1185 720 αὖ
1213 665 1378 722 πάλιν
1428 666 1716 740 ἐπιζήμια,
1764 668 1855 723 καὶ
1903 667 2024 723 ἐπι-

381 748 622 822 κίνδυνα,
673 753 764 808 καὶ
821 757 1193 830 περιπατικά,
1230 760 1398 812 ταῦτα
1455 756 1659 834 γίνεται
1709 757 1847 813 κατά
1892 780 2022 834 συγ-

382 842 542 916 ’χώρη
553 863 635 897 σιν
667 848 799 898 Θεοῦ
832 860 846 874 ⁸

383 929 530 993 στίας
578 935 684 987 τῶν
738 931 1382 1008 ἐγκαταλιμπανομένων.
1435 934 1728 994 Ἀδύνατον
1775 937 1881 1013 γὰρ
1926 937 2017 992 τὸν

382 1019 558 1093 ὀρθῶς
635 1028 954 1100 φρονοῦντα,
1008 1023 1097 1079 καὶ
1175 1020 1408 1088 εὐσεϐῶς
1485 1027 1729 1100 βιοῦντα,
1796 1024 2022 1104 ἐγκατα-

380 1107 694 1187 λειφθῆναι,
749 1112 841 1168 καὶ
898 1120 1206 1189 περιπεσεῖν
1277 1116 1579 1189 πταίσματι
1636 1115 1947 1191 αἰσχύνης,
1981 1115 2017 1186 ἢ

380 1199 558 1276 πλάνῃ
606 1200 901 1277 δαιμόνων.
950 1207 1107 1263 Ὅσοι
1154 1205 1337 1262 τοίνυν
1386 1204 1761 1285 διεφθαρμένῳ
1807 1213 2014 1281 σκοπῷ,

378 1289 413 1359 ἢ
471 1290 614 1364 νόσῳ
669 1292 1200 1369 ἀνθρωπαρεσκείας,
1256 1296 1345 1350 καὶ
1405 1294 1666 1368 αὐθαδείᾳ
1734 1296 2016 1372 λογισμῶν

380 1380 736 1460 μετέρχεσθαι
769 1382 991 1439 δοκοῦσι
1016 1387 1116 1455 τήν
1164 1386 1383 1461 ἀρετὴν,
1415 1387 1567 1440 οὗτοι
1596 1387 1687 1441 καὶ
1736 1387 2017 1464 σφάλματι

370 1471 812 1545 περιπίπτουσιν,
885 1478 982 1529 τοῦ
1054 1479 1187 1530 Θεοῦ
1260 1476 1396 1550 πρὸς
1452 1477 1544 1531 τὸν
1598 1475 1809 1531 ἐκείνων
1884 1497 2014 1533 κατ-

373 1561 742 1637 εστραμμένον
796 1564 993 1619 σκοπὸν
1044 1563 1615 1641 ἐγκαταλιμπάνοντος
1672 1565 1889 1639 αὐτοὺς,
1927 1565 2017 1622 ’ίνα

373 1646 461 1704 διὰ
505 1658 604 1722 τῆς
654 1648 1086 1729 ἔγκαταλείῷεως
1135 1656 1449 1729 αἰσθόμενοι
1494 1657 1593 1726 τὴν
1648 1656 1707 1711 ἐκ
1762 1663 1862 1726 τῆς
1921 1678 2012 1731 με-

370 1733 617 1806 ταϐολῆς
656 1740 979 1815 ἀλλοίωσιν,
1015 1742 1423 1821 διορθώσωνται
1456 1744 1492 1814 ἢ
1541 1746 1640 1814 τήν
1690 1747 1942 1822 πρόθεσιν
1975 1748 2011 1817 ἢ

899 847 934 913 ἡ
969 841 1025 899 δὲ
1068 847 1417 922 συγχώρησις
1461 845 1512 917 ἐξ
1538 844 1768 922 ἀλογίας
1818 847 1854 917 ἤ
1904 847 2024 902 ἀπι-

2132 578 2373 653 καθάπερ
2428 576 2572 654 ὕδωρ
2632 579 2758 649 ὄζον
2815 581 2865 636 ἐν
2925 581 3119 657 λίμνῃ,
3178 588 3257 656 τῷ
3311 582 3515 658 μηδένα
3572 582 3771 637 ἐκεῖθεν

2133 663 2310 734 ἡδέως
2342 665 2616 740 ἀρύεσθαι,
2650 667 2739 723 διὰ
2787 672 2886 739 τὴν
2919 672 3134 747 πικρίαν
3175 676 3269 727 τοῦ
3316 673 3506 741 ἤθους,
3552 670 3639 725 καὶ
3682 667 3770 723 διά

2129 755 2229 823 τὴν
2285 754 2464 829 όσμὴν
2510 761 2622 813 τῶν
2672 760 2983 833 ἀκαθάρτων
3029 761 3294 836 πράξεων.
3327 763 3485 819 ’Ὀθεν
3530 761 3556 815 ὁ
3603 754 3767 814 Δαϐἒδ

2130 842 2425 918 παρεκάλει
2454 846 2579 919 τρία
2627 847 2791 902 αἰτῶν
2833 849 3146 924 χαρίσματα
3194 850 3338 924 παρά
3366 854 3462 904 τοῦ
3512 851 3645 904 Θεοῦ
3686 843 3766 900 δι-

2131 929 2425 1008 δαχθῆναι,
2487 938 2861 1009 χρηστότητα,
2922 941 3012 993 καὶ
3068 937 3338 1011 παιδείαν,
3398 940 3487 994 καὶ
3545 941 3765 1016 γνῶσιν.

2128 1024 2287 1074 ’Ἄνευ
2320 1022 2422 1096 γὰρ
2456 1023 2837 1095 χρηστότητος
2862 1029 3064 1098 γνῶσις
3094 1023 3371 1103 ἄχρηστος
3394 1044 3407 1058 ·
3441 1026 3530 1080 καί
3555 1025 3639 1079 ἐὰν
3669 1023 3765 1096 μέν

2128 1107 2497 1185 διορθώσηται
2521 1113 2548 1166 ὁ
2578 1116 2850 1183 τοιοῦτος,
2872 1116 2970 1183 τήν
3001 1116 3175 1170 αἰτίαν
3198 1124 3298 1185 τῆς
3324 1115 3762 1193 ἐγκαταλείψεως

2126 1194 2757 1273 ἀποθέμενοςῇτουτέστι
2790 1204 2882 1257 τὸν
2930 1204 3118 1282 τύφον,
3160 1204 3249 1258 καὶ
3299 1199 3543 1277 ἀναλάϐῃ
3574 1224 3764 1258 ταπει-

2123 1294 2485 1371 νοφροσύνην,
2540 1294 2629 1348 καὶ
2704 1294 2907 1369 ἐπιγνῷ
2984 1295 3175 1349 ἑαυτοῦ
3229 1294 3296 1349 τὰ
3371 1295 3561 1368 μέτρα,
3622 1294 3760 1365 μήτε

2123 1384 2259 1437 κατά
2307 1404 2454 1444 τινος
2503 1382 2880 1456 ἐπαιρόμενος,
2916 1382 3062 1438 ἀλλά
3108 1383 3197 1438 καὶ
3242 1382 3356 1456 Θεῷ
3401 1382 3760 1456 εὐχαριστῶν,

2126 1472 2482 1550 ἐπανέρχεται
2514 1471 2677 1526 πάλιν
2712 1472 2788 1535 εἰς
2818 1472 2980 1527 αὐτὸν
3021 1471 3369 1547 ἐμμάρτυρος
3399 1476 3618 1547 γνῶσις.
3653 1470 3764 1523 Λό-

2122 1583 2209 1637 γοι
2255 1563 2358 1636 γὰρ
2402 1560 2759 1634 πνευματικοὶ
2814 1560 2931 1636 βίον
2987 1563 3182 1635 σεμνὸν
3227 1563 3318 1616 καὶ
3373 1562 3625 1639 σώφρονα
3685 1559 3761 1632 μὴ

2122 1652 2348 1729 ἔχοντες
2379 1657 2798 1722 συνιππαζοντα,
2835 1651 3067 1726 στάχυές
3100 1650 3230 1706 εἶσιν
3277 1650 3670 1730 ἂνεμόφθοροι,
3699 1648 3762 1703 τὸ

2127 1745 2218 1820 μέν
2253 1750 2449 1819 σχῆμα
2478 1742 2729 1817 σταχύων
2761 1741 3003 1819 ἔχοντες,
3036 1741 3098 1797 τὸ
3129 1740 3187 1797 δὲ
3215 1741 3481 1821 τρόφιμον
3522 1747 3622 1809 τῆς
3653 1747 3758 1808 Δη-

372 1827 472 1895 τῆν
506 1831 695 1902 πρᾶξιν
732 1848 745 1862 ’
795 1832 927 1887 ποτὲ
970 1832 1066 1906 μὲν
1099 1836 1205 1910 γὰρ
1252 1837 1287 1904 ἡ
1337 1833 1589 1910 πρόθεσις
1634 1832 2010 1910 ἐξαμαρτάνει,
2042 1864 2089 1929 Β
2124 1837 2334 1911 μήτρας
2387 1831 2803 1897 ὑποκλαπέντες.
2840 1838 2991 1888 Πᾶσα
3039 1830 3128 1887 οῦν
3163 1836 3392 1901 πτῶσις,
3438 1829 3544 1886 εἴτε
3587 1831 3621 1900 ἡ
3669 1826 3758 1885 διά

370 1919 502 1971 ποτε
533 1915 590 1972 δὲ
619 1921 652 1989 ἡ
703 1922 894 1996 πρᾶξις
927 1941 940 1956 ·
993 1921 1119 1978 ὅταν
1150 1920 1528 2001 διεφθαρμένῳ
1577 1928 1787 1997 σκοπῷ,
1820 1927 1853 1996 ἢ
1885 1928 2006 1981 καθ’

370 2004 429 2059 δν
463 2004 544 2062 δεῖ
590 2008 790 2083 τρόπον
840 2013 916 2084 μή
955 2013 1171 2089 γένηται
1206 2035 1221 2049 ο
1274 2012 1406 2088 ὅπερ
1457 2008 1741 2087 συμϐαίνει
1792 2014 2004 2071 πολλᾶ-

366 2118 475 2170 κις,
506 2100 595 2155 καὶ
643 2102 737 2157 τὸν
786 2102 1111 2171 ἀκόλαστον,
1163 2101 1541 2185 διεφθαρμένῳ
1592 2110 1780 2179 σκοπῷ
1827 2111 2003 2162 ποιεῖν

364 2188 463 2256 τὴν
513 2188 885 2265 ἐλεημοσύνην
934 2193 1019 2250 ἐπὶ
1078 2194 1495 2271 νεωτέραςδιᾶ
1543 2196 1706 2261 τέλος
1752 2197 2002 2273 αἰσχρόν.

366 2282 562 2352 Πρᾶξίν
619 2279 677 2337 δὲ
732 2281 981 2360 εὔλογον,
1038 2286 1101 2339 τὸ
1159 2286 1233 2348 ὡς
1294 2286 1500 2361 ὀρφανῇ
1560 2286 1652 2342 καὶ
1714 2286 1853 2362 μόνῃ
1915 2288 2005 2343 καὶ

364 2367 666 2446 ἀσκουμένῃ
745 2369 955 2428 διδόναι
1029 2373 1358 2447 ἐπικουρίαν.
1420 2371 1712 2450 Συμϐαίνει
1786 2374 1841 2432 δὲ
1915 2376 2002 2431 καὶ

364 2464 552 2533 σκοπῷ
582 2461 730 2535 ὀρθῷ
778 2467 951 2518 ποιεῖν
1004 2464 1097 2536 μέν
1146 2462 1520 2539 ἐλεημοσύνην
1570 2466 1645 2527 εἰς
1692 2470 2001 2538 νοσοῦντας,

360 2551 395 2633 ᾖ
437 2552 896 2633 γεγηρακότας,ἣ
944 2552 1360 2620 ἐκπεπτωκότας
1406 2556 1511 2611 ἀπὸ
1557 2555 1800 2611 πλούτου
1833 2576 1846 2589 '
1893 2579 2003 2633 φει-

362 2627 557 2694 δωλῶς
603 2629 678 2702 δὲ,
727 2634 815 2689 καὶ
868 2631 1006 2707 μετά
1052 2642 1391 2713 γογγυσμοῦ,
1440 2640 1530 2692 καὶ
1586 2639 1718 2693 εἶναι
1764 2640 1856 2694 τὸν
1905 2627 2002 2712 μὲν

359 2711 559 2766 σκοπὸν
612 2713 792 2788 ὀρθὸν,
840 2716 941 2784 τήν
1001 2711 1073 2771 δεῖ
1114 2711 1305 2791 πρᾶξιν
1359 2722 1456 2773 τοῦ
1516 2724 1720 2773 σκοποῦ
1769 2711 1999 2789 ἀναξίαν.

360 2796 452 2845 Δεῖ
490 2794 603 2873 γὰρ
642 2795 733 2849 τὸν
784 2794 1061 2869 ἐλεήμονα
1110 2796 1163 2852 ἐν
1217 2796 1510 2873 ἱλαρότητι
1560 2797 1751 2869 ἐλεεῖν,
1801 2800 1890 2855 καὶ
1949 2801 2001 2856 ἐν

359 2872 591 2957 ἀφειδίᾳ.
626 2874 949 2957 Ἕλεγονᾲδε
986 2886 1075 2933 καὶ
1106 2882 1270 2934 τοῦτο
1303 2872 1354 2933 οἳ
1396 2881 1565 2957 ἅγιοι,
1596 2879 1681 2935 ὅτι
1721 2883 1998 2955 Προτερή-

360 2954 503 3035 ματά
528 2954 658 3009 εἰσιν
710 2954 763 3010 ἐν
794 2955 1032 3020 πολλαῖς
1086 2961 1291 3034 ψυχαῖς
1323 2977 1336 2991 ·
1389 2954 1453 3014 ἐν’
1484 2964 1603 3021 ταῖς
1659 2961 1778 3033 μὲν,
1810 2959 2000 3035 εὐφυΐα

358 3029 619 3104 διανοίας,
678 3033 730 3090 ἐν
786 3041 907 3100 ταῖς
966 3035 1022 3093 δὲ
1079 3029 1462 3110 ἐπιτηδειότης
1519 3046 1618 3108 τῆς
1660 3029 1995 3111 ἀσκήσεως.

356 3112 511 3171 Ἀλλ’
540 3114 665 3171 ὅταν
702 3119 777 3189 μὴ
809 3118 1025 3194 γένηται
1060 3116 1131 3174 δι’
1169 3120 1299 3175 αὐτὸ
1329 3121 1392 3175 τὸ
1442 3121 1636 3190 καλὸν,
1675 3118 1815 3194 μηδὲ
1863 3121 2000 3177 κάτά

354 3197 495 3251 θεῖον
554 3200 778 3267 σκοπὸν,
843 3202 980 3273 μήτε
1037 3199 1098 3256 ἐκ
1151 3206 1252 3256 τοῦ
1310 3206 1727 3278 προτερήματος
1781 3206 1994 3280 πρᾶξις,
2028 3231 2077 3299 C

360 3277 489 3299 __,',,
535 3280 551 3299 ι
650 3279 663 3299 ἳ
748 3278 770 3299 ,ι
925 3283 937 3299 Ι
1077 3283 1090 3299 ε
1171 3284 1184 3299 1
1305 3280 1331 3299 ν
1384 3286 1394 3299 ι
1566 3283 1585 3299 κ
1618 3285 1629 3299 ι

357 3277 497 3357 μήτε
525 3280 559 3348 ἡ
614 3278 826 3357 εὐφυΐα,
861 3283 999 3354 μήτε
1045 3283 1095 3335 οἱ
1124 3284 1223 3352 τὴν
1276 3277 1522 3339 εὔκλειαν
1566 3283 1749 3357 λόγων
1796 3277 1994 3355 κεκτη-

355 3355 528 3442 μένοι,
586 3355 698 3413 οὐκ
731 3359 1093 3442 ἐπιγράφουσι
1142 3362 1242 3431 τήν
1299 3364 1463 3442 χάριν
1516 3369 1596 3437 τῷ
1641 3355 1832 3440 δοτῆρι
1888 3363 1994 3419 τῶν

350 3436 565 3514 ἀγαθῶν
598 3445 734 3513 Θεῷ,
767 3436 913 3497 ἀλλὰ
960 3446 1028 3518 τῇ
1073 3442 1251 3515 οἰκεία
1300 3436 1639 3519 προαιρέσει,
1686 3436 1790 3501 καῖ
1822 3448 1995 3501 εὐπα-

350 3519 485 3590 θείᾳ,
519 3519 607 3573 καὶ
639 3521 916 3595 ἱκανότητι
952 3541 965 3557 ·
1018 3524 1110 3579 καὶ
1141 3524 1291 3580 οὗτοι
1343 3522 1856 3603 ἐγκαταλειφθέντες
1891 3527 1993 3581 ὑπὸ

347 3607 448 3684 τῇς
527 3604 794 3684 Προνοίας
871 3603 1231 3677 ἐμπίπτουσιν
1311 3608 1389 3671 εἰς
1464 3607 1881 3684 αἰσχρουργίαν,
1955 3608 1989 3677 ἢ

349 3679 775 3766 αἰσχροπάθειαν
839 3684 934 3739 καὶ
1008 3685 1296 3764 αἰσχύνην.
1371 3679 1822 3766 Καταλείφθέντες
1899 3686 1990 3741 οῦν

349 3757 440 3815 διά
474 3769 575 3830 τῆς
623 3761 1011 3838 ἐπιγενομένης
1064 3757 1247 3826 αὐτοῖς
1292 3757 1696 3834 ταπεινώσεώς,
1740 3768 1830 3822 καὶ
1888 3769 1996 3821 ἀτι-

350 3841 503 3911 μίας,
536 3841 716 3915 ἡμέρα
759 3864 879 3904 πως
928 3844 1186 3898 καὶκατὰ
1227 3846 1418 3921 μικρὸν
1465 3848 1559 3900 τὸν
1592 3845 1678 3900 ἐπὶ
1728 3846 1795 3921 τῇ
1843 3869 1996 3920 νομι-

347 3921 550 4004 ζομένῃ
610 3921 773 3997 ἀρετῇ
835 3923 1039 4004 ἑαυτῶν
1083 3920 1486 4004 -ἀποτρίϐονται
1544 3925 1737 4004 τύφον,
1799 3931 1992 4000 μηκέτι

346 3998 429 4081 ἐφ’
459 3998 676 4081 έαυτοῖς
725 4001 1041 4081 πεποιθότες
1071 4001 1218 4059 ἀλλά
1260 4008 1338 4075 τῷ
1370 4004 1485 4077 Θεῷ
1533 3998 1994 4081 τιξίχαριζομένῳ

343 4079 412 4133 τὰ
458 4078 1087 4162 πάνταᾼὸμολογοῦντες
1135 4084 1233 4152 τήν
1295 4084 1482 4159 χάριν.
1534 4078 1764 4154 Ἐπειδῆ
1812 4078 1915 4162 γὰρ
1967 4078 1993 4141 δ

344 4159 755 4238 πεφυσιωμένος
788 4160 876 4217 ἐπὶ
925 4162 1112 4236 εὐροίᾳ
1157 4162 1332 4237 λόγων
1386 4163 1766 4240 ἐπαιρόμενος,
1816 4159 1991 4223 οὐκέτι

344 4241 634 4319 ἐπιγράφει
661 4248 739 4315 τῷ
772 4249 889 4316 Θεῷ
934 4246 1030 4314 τήν
1066 4244 1271 4318 δωρεὰν
1312 4255 1413 4318 τῆς
1459 4247 1702 4321 εὐφυΐας,
1738 4246 1862 4305 οὐδὲ
1892 4253 1991 4321 τήν

344 4323 614 4399 χορηγίαν
642 4326 739 4393 τῆς
789 4326 1068 4400 γνώσεως,
1118 4325 1264 4382 ἀλλᾶ
1312 4333 1380 4402 τῇ
1432 4329 1625 4385 ἑαυτοῦ
1675 4331 1923 4401 ἀσκήσει,
1956 4333 1991 4401 ἢ

346 4403 522 4483 φύσει,
554 4405 747 4480 ἀριστᾷ
776 4408 805 4462 ὁ
852 4408 980 4469 Θεὸς
1017 4408 1106 4463 τὸν
1158 4406 1395 4484 ἄγγελον
1441 4417 1543 4480 τῆς
1592 4411 1853 4485 προνοίας
1899 4413 1990 4467 τὸν

346 4487 434 4542 ἐπὶ
491 4487 661 4562 ταύτῃ
716 4493 784 4563 τῇ
849 4487 1032 4564 χάριτι
1085 4491 1406 4567 τεταγμένον
1440 4511 1452 4525 ·
1514 4492 1576 4547 οὗ
1656 4493 1994 4558 ἀποστάντος

2119 1927 2400 2005 γλώσσης,
2434 1921 2541 1979 εἷ’τε
2570 1926 2604 1993 ἡ
2639 1920 2709 1978 δι’
2736 1924 2998 1997 ὁράσεως,
3030 1924 3066 1993 ἢ
3100 1923 3291 1992 ἀκοῆς,
3324 1923 3359 1992 ἢ
3411 1918 3750 1996 ὀσφρήσεως,

2117 2021 2152 2091 ἢ
2185 2017 2449 2091 πράξεως,
2482 2012 2587 2071 εἴτε
2635 2016 2670 2083 ἡ
2716 2011 2786 2068 δι’
2839 2012 2972 2069 ὅλου
3021 2018 3117 2070 τοῦ
3168 2013 3440 2087 σώματος,
3473 2010 3611 2085 πρὸς
3657 2012 3754 2079 τὴν

2118 2106 2408 2183 ἀναλογίαν
2440 2111 2539 2174 τῆς
2592 2104 2983 2183 ὑπερηφανίας,
3013 2106 3050 2176 ἢ
3084 2112 3184 2174 τῆς
3237 2102 3491 2174 οἰήσεως,
3523 2102 3640 2156 κατ’
3672 2100 3758 2174 ἐγ-

2114 2195 2430 2269 κατάλειψιν
2476 2193 2680 2271 γίνεται
2728 2198 2861 2249 Θεοῦ
2894 2192 3234 2273 Δφειδομένου
3294 2198 3367 2248 ῶν
3418 2190 3756 2270 ἐγκαταλιμα

2115 2288 2459 2360 πανομένων.
2494 2285 2557 2341 Εἴ
2586 2285 2690 2361 γὰρ
2726 2286 2861 2359 μετά
2885 2262 2984 2351 έῆς
3015 2283 3315 2348 ἀκολασίας
3344 2286 3436 2340 καὶ
3464 2287 3533 2359 τῇ
3565 2279 3755 2361 εὐφυίᾳ

2116 2380 2293 2435 αὐτῶν
2327 2378 2648 2453 μαρτυρήσῃ
2700 2380 2769 2449 τῇ
2803 2376 3052 2452 χορηγίᾳ
3092 2380 3199 2431 τῶν
3234 2375 3414 2451 λόγων
3456 2375 3483 2430 ὁ
3534 2372 3755 2449 Κύριος,

2115 2458 2373 2533 δαίμονας
2427 2455 2623 2518 αὐτοὺς
2680 2456 2743 2511 ἂν
2801 2457 3170 2533 ἀπεργάσαιτο
3228 2454 3618 2531 ἐπαιρομένους
3671 2458 3750 2526 τῷ

2111 2541 2265 2620 τύφῳ
2301 2537 2434 2614 μετά
2463 2536 2788 2611 ἀκαθαρσίας
2801 2582 2813 2594 .

2184 2628 2289 2685 Καὶ
2321 2631 2488 2683 ταῦτα
2513 2625 2571 2683 δὲ
2600 2626 2783 2702 ἔλεγον
2820 2629 2956 2699 ἡμῖν
2988 2628 3039 2682 οἱ
3073 2626 3214 2683 ὅσιοι
3259 2622 3445 2700 ἄνδρες
3476 2625 3628 2681 οὗτοι
3658 2624 3746 2678 καὶ

2108 2709 2319 2785 ἄριστοι
2350 2711 2457 2762 τῶν
2511 2706 2764 2783 Πατέρων
2796 2725 2811 2742 ⁸
2860 2710 3025 2765 ’Όταν
3075 2705 3248 2778 ἴδητε,
3298 2706 3447 2782 φασὶ,
3476 2706 3599 2760 τινὰ
3640 2702 3749 2778 βίῳ

2116 2793 2207 2863 μὲν
2258 2787 2523 2863 χαλεπὸν,
2559 2787 2752 2864 λόγοις
2804 2785 2860 2843 δὲ
2902 2789 3152 2857 πιθανὸν,
3191 2786 3604 2860 μνημονεύσατε
3653 2789 3750 2839 τοῦ

2113 2869 2367 2944 δαίμονος
2397 2873 2495 2924 τοῦ
2544 2868 2596 2924 ἐν
2640 2874 2718 2940 τῷ
2768 2869 3082 2944 Εὐαγγελίῳ
3124 2873 3205 2941 τῷ
3255 2868 3437 2945 Κυρίῳ
3477 2887 3752 2942 προσομι-

2112 2952 2360 3018 λοῦντος,
2391 2949 2480 3005 καὶ
2523 2957 2623 3019 τῆς
2655 2948 2929 3023 λεγούσης
2978 2955 3082 3006 τῶν
3124 2955 3349 3026 Γραφῶν
3402 2948 3698 3023 μαρτυρίας
3732 2966 3747 2979 ’

2109 3037 2171 3091 '0
2202 3029 2258 3087 δὲ
2289 3028 2408 3108 ὄφις
2437 3030 2502 3099 ἦν
2536 3030 2955 3105 φρονιμώτατος
3000 3029 3214 3085 πάντων
3246 3035 3351 3084 τῶν
3403 3028 3609 3108 θηρίων
3641 3031 3748 3082 τῶν

2110 3114 2194 3169 ἐπὶ
2231 3105 2343 3182 τῆς
2359 3118 2486 3187 γῆς’
2520 3111 2565 3183 ᾧ
2597 3112 2631 3179 ἡ
2664 3109 2925 3188 φρόνησις
2960 3108 3177 3181 μᾶλλον
3210 3108 3288 3171 εἷς
3324 3105 3536 3188 βλάϐην
3566 3109 3745 3188 τούτῳ

2106 3186 2412 3270 γεγένηται,
2460 3190 2641 3261 ἄλλης
2678 3186 2887 3265 ἀρετῆς
2931 3190 3110 3263 τούτῳ
3172 3191 3246 3263 μὴ
3306 3186 3742 3270 συνδραμούσης.

2110 3265 2198 3330 Ᾰεῖ
2229 3274 2334 3349 γὰρ
2361 3273 2453 3328 τὸν
2482 3272 2671 3327 πιστὸν
2704 3272 2793 3326 καὶ
2827 3271 3020 3348 ἀγαθὸν
3054 3274 3265 3347 φρονεῖν
3313 3270 3408 3343 μὲν
3440 3268 3474 3322 ἃ
3520 3265 3742 3323 δίδωσιν

2103 3365 2130 3419 ὁ
2163 3364 2314 3433 Θεὸς,
2346 3361 2533 3418 λαλεῖν
2586 3358 2643 3415 δὲ
2670 3360 2703 3415 ἃ
2746 3365 2950 3439 φρονεῖ,
2983 3364 3159 3415 ποιεῖν
3211 3357 3268 3414 δὲ
3318 3359 3351 3412 ἃ
3399 3357 3577 3415 λαλεῖ.
3617 3358 3743 3413 Ἐὰν

2100 3454 2208 3530 γὰρ
2247 3454 2323 3526 μὴ
2356 3456 2424 3527 τῇ
2457 3449 2688 3522 ἀληθείᾳ
2718 3454 2825 3506 τῶν
2860 3450 3042 3525 λόγων
3071 3452 3105 3518 ἡ
3137 3449 3303 3524 ἀρετὴ
3336 3453 3432 3505 τοῦ
3468 3449 3589 3524 βίου
3622 3468 3743 3502 συν-

2102 3544 2300 3621 τρέχῃ,
2330 3542 2420 3599 καὶ
2471 3546 2505 3613 ἠ
2552 3541 2723 3613 λοιπή
2756 3546 2863 3598 τῶν
2906 3546 3167 3618 χρηστῶν
3212 3543 3432 3617 τρόπων
3481 3539 3741 3621 εὐγένεια,

2102 3617 2264 3702 ἄρτος
2295 3624 2436 3680 ἐστὶν
2461 3623 2582 3678 ἄνευ
2616 3622 2772 3691 ἁλὸς,
2804 3617 2944 3679 κατά
2968 3624 3057 3679 τὸν
3102 3624 3365 3698 μακάριον
3417 3617 3564 3679 Ἰώϐ.
3598 3626 3654 3675 ‘0
3686 3618 3744 3675 δὲ

2101 3712 2349 3770 τοιοῦτος
2382 3707 2723 3780 βρωθήσεται
2755 3704 3034 3776 οὐδαμῶςο
3071 3706 3130 3767 ’ὸς
3152 3705 3248 3760 κᾶν
3285 3706 3472 3779 βρωθῇ
3495 3704 3571 3765 εἷς
3600 3703 3744 3758 πολ-

2104 3787 2206 3855 λὴν
2239 3787 2492 3860 καχεξίαν
2539 3781 2809 3858 ἐμϐάλλει
2840 3786 2931 3839 τὸν
2983 3785 3248 3843 ἐσθίοντα.
3281 3785 3349 3860 Εἰ
3401 3785 3742 3859 βρωθήσεται

2101 3866 2224 3943 γὰρ,
2257 3858 2441 3943 φησὶν,
2478 3863 2639 3939 ἄρτος
2670 3863 2788 3919 ἄνευ
2816 3863 2949 3926 ἁλός
2980 3882 2994 3932 ;
3026 3864 3072 3919 εἰ
3106 3863 3162 3919 δὲ
3200 3866 3287 3917 καὶ
3321 3858 3433 3918 ἔστι
3465 3868 3644 3943 γεῦμα
3692 3863 3742 3917 ἐν

2105 3941 2312 4023 ῥήμασι
2340 3952 2540 4014 κενοῖς,
2569 3948 2715 4000 τοῦτ’
2748 3941 2889 4000 ἔστιν
2923 3944 2998 4007 εἰς
3032 3945 3297 4024 ὠφέλειαν
3340 3945 3415 4017 μὴ
3448 3941 3749 4024 πεπληρω-

2107 4020 2288 4101 μένοις
2318 4031 2388 4092 τῇ
2440 4025 2713 4100 μαρτυρίᾳ
2740 4030 2844 4081 τῶν
2896 4020 3103 4080 καλῶν
3127 4020 3323 4099 ἔργων.
3356 4028 3469 4078 Τῶν
3521 4021 3612 4077 οῦν
3653 4022 3746 4098 ἐγ-

2103 4106 2479 4181 καταλείψεων
2516 4102 2769 4185 διάφοροί
2801 4105 2931 4160 εἰσιν
2964 4106 3017 4161 αἱ
3067 4106 3258 4160 αἰτίαι.
3290 4105 3352 4159 Ἠ
3389 4104 3483 4177 μέν
3525 4104 3631 4185 γὰρ
3659 4104 3747 4177 γί-

2102 4208 2251 4243 νεται
2307 4184 2396 4241 διὰ
2442 4183 2824 4260 κεκρυμμένην
2870 4186 3087 4260 ἀρετήν,
3132 4185 3225 4240 ’ίνα
3269 4186 3553 4263 φανερωθῇ
3605 4183 3678 4247 ὡς
3710 4187 3743 4253 ἡ

2100 4273 2196 4325 τοῦ
2231 4267 2469 4344 μεγάλου
2516 4275 2615 4337 τῆς
2672 4269 2954 4340 ὑπομονῆς
2994 4267 3239 4338 ἀθλητοῦ
3283 4261 3435 4335 Ἰὼϐ,
3467 4269 3564 4321 τοῦ
3614 4270 3745 4322 Θεοῦ

2104 4350 2541 4427 χρηματίζοντος
2568 4350 2767 4423 τούτῳ,
2792 4349 2881 4405 καὶ
2914 4348 3185 4425 λέγοντοςο
3210 4349 3300 4419 Μὴ
3333 4347 3606 4403 ἀποποιοῦ
3641 4369 3744 4419 μου

2100 4433 2162 4489 τὸ
2201 4437 2374 4505 κρῖμα
2404 4449 2416 4463 ·
2472 4427 2615 4504 μηδὲ
2660 4428 2744 4503 οἵῃ
2779 4450 2845 4503 με
2891 4428 3079 4491 ἄλλως
3131 4450 3214 4484 σοι
3255 4427 3742 4504 κεχρηματικέναι,

2102 4510 2228 4567 ἀλλ’
2255 4510 2350 4566 ’ίνα
2381 4512 2647 4589 ἀναφανῇς
2683 4508 2909 4573 δίκαιος,
2944 4511 3105 4583 Ἐμοὶ
3139 4512 3235 4585 μέν
3268 4510 3369 4587 γὰρ
3402 4509 3644 4585 γνωστὸς
3676 4508 3745 4577 ἧς

344 4565 853 4669 καταδυναστερθεὶς
914 4570 1015 4625 ὑπὸ
1075 4573 1173 4669 τρῦ
1227 4565 1611 4645 ἀντικειμένου
1646 4575 1700 4669 ,ὁ
1778 4572 1992 4647 έπαιρό-
2020 4602 2068 4668 D
2180 4565 2363 4669 ἀρχῆς
2393 4565 2764 4665 τῷίβλὲξξοντι
2793 4565 3118 4665 τά’κρ.,τξτά,
3139 4565 3241 4645 ’καὶ
3274 4565 3467 4662 ἐρῶνῖτι
3492 4589 3566 4650 εἷς
3603 4565 3740 4663 βάθή

347 4671 508 4722 μενος
554 4653 624 4723 τῇ
668 4650 882 4728 εὐφυΐᾳ,
930 4651 1246 4726 περιπίπτει
1299 4654 1585 4726 ἀκολασίᾳ,
1631 4654 1727 4710 ’ίνα
1774 4659 1987 4727 κτηνώ-

345 4730 464 4801 δης,
494 4730 530 4800 ἢ
563 4732 597 4800 ἡ
628 4730 878 4803 κυνώδης
923 4733 1187 4791 ἀκολασία
1234 4733 1458 4809 ἐξελάσῃ
1486 4738 1584 4804 τὴν
1638 4735 1986 4810 δαιμονιώδη

344 4810 629 4886 φυσίωσιν,
662 4814 794 4893 ὅπερ
826 4811 967 4869 ἐστὶν
1005 4814 1347 4891 ὑπερηφκνία
1379 4830 1393 4846 ⁶
1439 4813 1531 4870 ’ίνα
1563 4820 1663 4870 τοῦ
1717 4818 1990 4893 μάρτυρος

339 4898 440 4963 τῆς
492 4892 851 4974 σωφροσύνης
901 4894 1302 4971 ἀφαιρεθέντος,
1344 4894 1443 4951 οὐκ
1492 4896 1776 4966 ἀξιόπιστα
1822 4892 1992 4974 γένη-

339 4994 427 5029 ται
458 4974 524 5028 τὰ
556 4972 828 5051 λεγόμενα
878 4977 1004 5052 παρ’
1034 4975 1211 5032 αὐτῶν
1249 4996 1261 5010 °
1314 4976 1618 5054 φευγόντων
1668 4982 1778 5034 τῶν
1832 4972 1991 5036 εὐλα-

342 5050 452 5109 ϐῶν
510 5050 727 5125 τὴννέκ
798 5060 895 5111 τοῦ
950 5050 1203 5135 τοιούτου
1272 5050 1542 5131 στόματος
1602 5056 1987 5135 διδασκαλίαν,

340 5134 579 5210 καθάπερ
612 5138 795 5213 πηγὴν
833 5134 1070 5210 βδέλλας
1101 5131 1335 5214 ἔχουσαν
1365 5159 1379 5173 ο
1414 5141 1489 5204 ὡς
1528 5139 1875 5215 πληροῦσθαι
1925 5131 1987 5200 τό

339 5217 719 5294 γεγραμμένον
755 5236 769 5249 ·
819 5221 905 5289 Τῷ
938 5215 994 5272 δέ
1040 5218 1356 5294 ἀμαρτωλῷ
1404 5221 1551 5275 εἶπεν
1582 5220 1609 5273 ό
1663 5224 1793 5282 Θεός
1832 5243 1843 5255 ·
1879 5224 1988 5279 Ἵνα

337 5296 392 5350 τί
425 5316 486 5350 συ
517 5293 749 5372 ἐκδιηγῇ
778 5298 844 5353 τὰ
902 5293 1249 5370 δικαιώματά
1295 5320 1421 5372 μου,
1452 5300 1541 5354 καὶ
1588 5296 1988 5373 ἀναλαμϐάνεις

336 5378 437 5448 τὴν
491 5375 755 5451 διαθήκην
810 5400 920 5452 μου
970 5376 1059 5433 διὰ
1090 5378 1361 5451 στόματος
1412 5398 1547 5447 σου;
1602 5380 1842 5435 Ἐοίκασι
1886 5383 1988 5457 γάρ

338 5457 561 5531 ἀληθῶς
611 5460 665 5514 αἱ
711 5464 821 5515 τῶν
870 5459 1128 5533 ἐμπαθῶν
1176 5459 1353 5537 ψυχαὶ
1409 5457 1692 5536 διαφόροις
1736 5469 1939 5535 πηγαῖς
1969 5484 1981 5497 ·

339 5540 393 5618 αὶ
428 5542 524 5613 μὲν
569 5540 965 5618 γαστρίμαργοι
998 5540 1085 5594 καὶ
1128 5539 1402 5616 οἰνόφιλοι
1450 5545 1654 5613 πηγαῖς
1705 5538 1987 5618 βορϐορώ-

341 5617 509 5692 δεσιν,
564 5622 618 5677 αἱ
676 5620 733 5702 δέ
789 5620 1124 5702 φιλάργυροι
1175 5621 1265 5702 καί
1319 5620 1701 5676 πλεονεκτικαὶ
1778 5617 1984 5699 πηγαῖς

348 5702 663 5783 βατράχους
696 5698 972 5783 ἐχούσαις.
1004 5703 1071 5761 Αἱ
1106 5698 1163 5758 δὲ
1196 5700 1453 5783 βάσκανοι
1482 5703 1571 5783 κάί
1625 5698 1984 5782 ὑπερήφανοι,

346 5779 767 5860 ἐπιτηδειότητα
814 5782 873 5841 δὲ
917 5784 1168 5862 γνώσεως
1221 5779 1471 5861 ἔχουσαι,
1502 5782 1696 5859 ὅμοιαί
1729 5779 1848 5843 εἰσι
1886 5808 1987 5862 πη.

516 5924 693 5973 ','r

2101 4668 2382 4747 λογισμῶν
2424 4670 2795 4746 ἀνθρωπίνων.
2842 4669 3066 4740 Ἐπειδὴ
3119 4668 3176 4724 δὲ
3220 4669 3465 4739 ἠγνόητό
3517 4689 3611 4722 σου
3657 4688 3745 4722 το-

2100 4758 2268 4810 σαῦτα
2319 4754 2724 4827 κατορθώματα
2789 4758 2907 4813 τοῖς
2978 4752 3305 4825 ἀνθρώποις,
3368 4748 3745 4803 ὑπονοούντων

2094 4838 2203 4889 τῶν
2238 4832 2597 4908 κατοσχόλων
2646 4830 2736 4887 διὰ
2762 4833 2851 4887 τὸν
2897 4830 3133 4886 πλοῦτόν
3179 4850 3237 4884 σε
3286 4828 3595 4908 θεραπεύειν
3624 4827 3742 4901 ἐμὲ,

2095 4912 2379 4991 ἐπαγαγὼν
2413 4906 2530 4983 τὴν
2583 4910 2850 4982 τοσαύτην
2905 4910 3239 4985 περίστασιν,
3298 4906 3593 4981 ἀπεθέρισα
3647 4908 3738 4962 τὸν

2093 4989 2355 5066 πλοῦτον,
2401 4992 2492 5049 ’ίνα
2551 4990 2708 5064 δείξω
2767 4993 2975 5071 αὐτοῖς,
3013 4993 3341 5071 εὐχάριστον
3386 4989 3736 5071 φιλοσοφίαν.

2092 5079 2249 5133 ’Έστι
2284 5075 2348 5130 δά
2378 5074 2467 5129 καὶ
2519 5074 2715 5149 ἓτέρως
2766 5070 3256 5151 ἐγκαταλειφθῆναι
3300 5068 3369 5125 δι’
3400 5068 3735 5145 ⁷ἀποτροπήν

2099 5156 2471 5231 ὑπερηφανίας
2499 5156 2588 5209 καὶ
2622 5150 2911 5231 ἀποφυγήν
2942 5154 3179 5223 οἰήσεως
3208 5152 3243 5220 ἢ
3275 5151 3566 5231 ἀλαζονίας
3662 5150 3736 5211 ὡς

2094 5228 2330 5293 ἐπὶ-τοῦ
2394 5238 2663 5311 μακαρίου
2718 5228 3029 5293 ἀποστόλου
3083 5233 3306 5289 Παύλου
3365 5228 3503 5287 ἔστιν
3577 5228 3731 5289 ἰδεῖν.

2095 5316 2519 5395 Ἐγκατελείφθη
2554 5317 2657 5394 γὰρ
2687 5317 2776 5373 καὶ
2824 5318 2985 5380 αὐτὸς
3014 5315 3386 5390 περιστάσεσιν
3441 5314 3733 5393 ἐναφεθεὶς,

2093 5402 2182 5456 καὶ
2212 5399 2606 5477 κολαφισμοῖς,
2639 5400 2728 5455 καὶ
2776 5398 3053 5477 διαφόροις
3103 5397 3410 5462 ἐλλείψεσιν
3446 5396 3734 5472 βαλλόμε-

2092 5502 2202 5541 νος.
2239 5481 2340 5542 Διὸ
2373 5476 2462 5534 καὶ
2493 5478 2672 5556 ἔλεγεν
2707 5497 2721 5510 ’
2756 5476 2950 5550 Ἐδόθη
2991 5500 3084 5553 μοι
3118 5476 3327 5551 σκόλοψ
3356 5483 3425 5552 τῇ
3456 5478 3611 5552 σαρκὶ
3645 5478 3733 5554 ἅγ-

2092 5558 2251 5637 γελος
2284 5567 2478 5634 Σατᾶν,
2505 5560 2597 5617 *ίνα
2641 5585 2707 5635 με
2735 5561 3030 5640 κολαφίζῃ,
3054 5562 3141 5616 ’ίνα
3175 5563 3249 5634 μὴ
3300 5561 3679 5635 ὑπεραίρωμαι
3714 5582 3726 5596 ’

2086 5639 2178 5697 ἳνα
2212 5645 2287 5717 μή
2321 5663 2452 5699 ποτε
2503 5640 2594 5698 διὰ
2622 5649 2730 5698 τῶν
2774 5643 3051 5698 τοσούτων
3101 5642 3414 5715 θαυμάτων,
3446 5640 3535 5695 καὶ
3567 5644 3600 5711 ἡ
3636 5641 3731 5697 Ξέν-

2092 5743 2225 5795 εσις,
2255 5722 2345 5779 καὶ
2374 5726 2410 5796 ἡ
2447 5723 2691 5794 εὐθηνία,
2725 5722 2814 5778 καὶ
2845 5725 2879 5793 ἠ
2927 5725 3064 5797 τιμὴ
3095 5723 3273 5795 τούτῳ
3320 5722 3727 5799 προσγενομένη

2090 5804 2168 5871 εἴς
2195 5804 2360 5884 τύφον
2411 5806 2576 5865 αὐτὸν
2623 5799 2883 5884 ἐμϐάλλῃ
2916 5800 3232 5864 διαϐολικὸν
3276 5804 3379 5863 ὑπό
3410 5810 3509 5876 τῆς
3545 5799 3728 5864 ἀδείας

2186 5978 2189 5981 ι
2269 5966 2273 5989 ί
