4112 6210
423 341 574 405 1203

1937 345 2296 407 PALLADII

3667 341 3829 403 12οι

418 479 781 558 χαυνωθέντα.
833 477 1256 556 Ἐγκατελείφθη
1307 479 1398 534 καὶ
1451 479 1478 532 6
1529 477 1918 553 παραλυτικὸς,
1967 479 2253 551 διάΑτῷ
2306 482 2404 544 τῆς
2464 475 2751 550 ἐπιθυμίας
2813 472 3030 549 δαίμονι
3090 472 3402 558 περιπίπτει
3483 477 3562 545 τῷ
3635 471 3825 558 ἄγοντι

418 557 685 638 ἁμαρτίας
716 580 729 593 ·
765 562 810 632 ᾧ
843 561 986 615 εἶπεν
1019 562 1046 614 6
1079 563 1294 631 Ἰησοῦς
1326 557 1554 635 Χριστός
1581 580 1592 592 ·
1619 558 1747 627 Ἴδε,
1784 561 1940 635 ὑγιὴς
1969 561 2054 634 γέ-

416 661 600 718 γονας,
638 641 830 713 μηκέτι
886 643 1181 715 ἁμάρτανε,
1210 639 1300 695 ’ίνα
1353 641 1428 714 μῆ
1463 641 1649 716 χεῖρόν
1702 640 1752 695 τί
1781 663 1866 696 σοι
1913 640 2064 715 γένη·

417 745 526 778 ται.
565 720 988 798 Ἐγκατελείφθη
1023 723 1111 776 καὶ
1154 725 1182 776 6
1233 720 1466 791 Ἰούλας,
1498 724 1848 796 προτιμήσας
1895 722 2062 798 ἀργύ-

419 824 533 879 ριον
561 807 658 856 τοῦ
687 809 786 870 τῆς
839 807 985 870 ζωῆς
1018 801 1209 876 λόγου,
1245 799 1330 855 διὸ
1375 804 1462 856 καὶ
1498 801 1773 877 ἀπήγξατο
1803 821 1814 832 '
1859 803 2058 876 ἐγκατ-

417 882 637 960 ελείφθη
688 882 778 936 καὶ
828 883 855 935 6
902 883 1088 951 Ἡσαῦ,
1143 880 1226 936 διὸ
1274 881 1363 936 καὶ
1413 881 1678 953 ἀκολασίᾳ
1726 882 2056 958 περιέπεσεν,

417 965 762 1038 προτιμήσας
842 961 1044 1038 κόπρον
1130 961 1358 1036 ἐντέρων
1439 961 1692 1039 εύλογίας
1768 971 2058 1036 πατρικῆς.

415 1048 589 1099 Ταῦτα
633 1041 722 1097 οῦν
768 1044 944 1098 πάντα
995 1043 1405 1117 συναισθόμενος
1461 1049 1539 1116 τῷ
1597 1042 1734 1119 άγίῳ
1786 1045 2060 1116 Πνεύματι

417 1126 444 1178 6
481 1122 748 1198 μακάριος
769 1121 1076 1185 ἀπόστολος
1103 1121 1316 1184 Παῦλος
1346 1119 1529 1198 ἔλεγεν
1552 1125 1800 1198 περὶτῶν
1828 1122 2060 1196 τοιούτῳ

412 1205 602 1278 τρόπῳ
631 1202 1237 1278 ἐγκαταλελειμμένων·
1266 1205 1454 1266 Καθὼς
1487 1201 1579 1258 οὖν
1604 1204 1704 1258 οὐκ
1733 1203 2060 1276 ἐδοκίμασαν

413 1286 503 1340 τὸν
564 1285 694 1339 Θεὸν
755 1283 901 1359 ἔχειν
952 1284 1002 1339 ἐν
1061 1283 1371 1359 ἐπιγνώσει,
1425 1283 1734 1358 παρέδωκεν
1784 1285 1981 1346 αὐτοὺς
2030 1285 2058 1339 6

416 1366 544 1427 Θεὸς
581 1365 654 1425 εἷς
686 1363 949 1437 ἀδόκιμον
978 1369 1102 1418 νοῦν
1135 1371 1308 1419 ποιεῖν
1341 1366 1406 1419 τὰ
1443 1367 1518 1436 μὴ
1564 1367 1890 1434 καθήκοντα.
1930 1365 2058 1438 Περὶ

415 1447 607 1521 ἐτέρων
638 1451 743 1500 τῶν
799 1444 1107 1501 δοκούντων
1160 1447 1360 1522 γνῶσιν
1414 1445 1559 1522 ἔχειν
1613 1452 1746 1503 Θεοῦ
1795 1449 1927 1521 μετά
1976 1448 2061 1504 δι-

415 1526 756 1604 εφθαρμένης
785 1527 1015 1602 γνώμης
1047 1526 1135 1581 καὶ
1168 1531 1324 1580 κενοῦ
1358 1529 1702 1602 φυσήματος,
1725 1528 1888 1602 λέγει’
1911 1531 2058 1585 Διότι

414 1608 626 1683 γνόντες
659 1608 749 1662 τὸν
785 1607 940 1675 Θεὸν,
973 1606 1080 1684 οὐχ
1111 1607 1184 1666 ὡς
1217 1608 1343 1662 Θεὸν
1378 1605 1692 1678 ἐδόξασαν,ῆ
1726 1608 2062 1684 εὐχαρίστη-

415 1709 529 1758 σαν,
558 1686 684 1742 ἀλλ’
718 1687 1136 1760 ἐματαιώθησαν
1171 1686 1219 1743 ἐν
1254 1693 1370 1747 τοῖς
1420 1685 1805 1762 διαλογισμοῖς
1854 1689 2055 1763 αὐτῶν,

412 1770 500 1824 καὶ
547 1767 830 1838 ἐσκοτίσθη
885 1771 918 1836 ἡ
966 1767 1218 1829 ἀσύνετος
1271 1767 1441 1822 αὐτῶν
1487 1767 1704 1843 καρδία.
1748 1769 2056 1834 Φάσκοντες

2174 559 2250 620 εἰς
2309 558 2691 627 ἄκολασίαν,ἣ
2750 558 2831 628 τῷ
2881 558 3097 628 θυμικῷ
3165 553 3428 627 πνεύματι
3504 555 3826 625 περιπίπτει

2171 643 2248 711 τῷ
2302 644 2550 712 πονηρῷ,
2583 640 2705 692 ὅθεν
2762 637 2819 691 αἱ
2877 635 3071 711 ἄλογοι
3126 636 3398 690 τίκτονται
3469 636 3661 710 ὁρμαί.
3725 637 3827 690 Καὶ

2171 721 2268 789 τῆν
2309 721 2402 790 μὲν
2433 718 2735 775 ἀκόλαστον
2787 717 3076 790 ἐπιθυμίαν
3127 712 3312 790 ἔλεγεν
3353 716 3485 771 εἶναι
3534 715 3824 786 κτηνώδη,

2171 802 2260 856 τὸν
2296 799 2352 855 δὲ
2383 801 2550 873 θυμὸν
2599 799 2810 870 κίνησιν
2859 794 3224 871 δαιμονιώδη.
3274 799 3448 870 Ἑμοῦ
3499 793 3556 852 δέ
3604 797 3825 853 ἀντιλέ-

2167 902 2378 957 γοντος,
2414 881 2496 936 ὅτι
2542 885 2664 941 Πῶς
2716 877 2938 934 δύνατόν
2987 877 3128 932 ἐστιν
3179 877 3316 932 εἶναι
3372 881 3496 932 νοῦν
3545 879 3829 952 ἀνθρώπι-

2169 983 2254 1017 νον
2287 960 2655 1023 ἀδιαλείπτως
2712 961 2844 1034 μετά
2893 963 3048 1027 Θεοῦ,
3091 957 3275 1033 ἔλεγεν
3328 959 3509 1026 οὗτος,
3539 958 3624 1013 6'1:
3655 960 3744 1015 Ἐν
3779 961 3826 1032 ᾧ

2171 1040 2218 1096 δ’
2267 1041 2328 1095 ἃν
2376 1043 2608 1112 νοήματι
2649 1041 2684 1109 ἢ
2741 1040 3022 1114 πράγματι
3067 1038 3328 1115 τυγχάνει
3377 1039 3412 1106 ἠ
3458 1039 3612 1112 ψυχὴ
3663 1036 3824 1110 οὖσα,

2175 1123 2335 1195 μόνον
2377 1120 2430 1176 ἐν
2473 1117 2682 1176 εὐσεϐεῖ
2723 1118 2978 1194 λογισμῷ
3007 1118 3093 1172 καὶ
3128 1119 3279 1190 θείῳ,
3313 1119 3448 1191 μετά
3477 1122 3613 1173 Θεοῦ
3651 1116 3819 1175 ἐστιν.

2785 1199 3209 1276 ΚΕΦΑΑ.ισ.

2737 1281 2866 1356 Περὶ
2914 1280 3246 1342 Καπίτωνος.

2238 1369 2439 1420 Τοῦτου
2470 1367 2567 1418 τοῦ
2597 1363 2973 1438 γενναιοτάτου
3004 1361 3251 1432 ἀθλητοῦ
3293 1362 3531 1433 πλησίον
3582 1365 3821 1436 κατῴκει

2171 1445 2420 1502 Καπίτων
2451 1466 2536 1508 τις
2566 1445 2671 1500 ἀπὸ
2712 1443 2932 1518 λῃστῶν
2965 1443 3205 1518 γεγονὼς
3257 1443 3504 1518 μοναχὸς
3563 1441 3825 1517 δοκιμώ-

2167 1548 2351 1589 τατος.
2411 1526 2578 1590 Οὗτος
2643 1527 2980 1596 πεντήκοντα
3036 1519 3127 1595 ἔτη
3198 1525 3501 1599 πληρώσας
3579 1523 3632 1579 ἓν
3702 1532 3822 1588 τοῖς

2168 1606 2483 1678 σπηλαίοις,
2526 1607 2631 1661 ἀπὸ
2684 1606 2957 1681 τεσσάρων
3013 1604 3215 1679 μιλίων
3273 1613 3374 1676 τῆς
3419 1605 3640 1669 πόλεως
3696 1607 3820 1662 Ἀν-

2163 1689 2371 1759 τινόου,
2421 1687 2481 1742 οὐ
2535 1685 2799 1758 κατῆλθεν
2874 1687 2980 1742 ἀπὸ
3059 1687 3154 1742 τοῦ
3237 1686 3514 1758 σπηλαίου
3602 1689 3820 1758 ἐαυτοῦ,

2167 1766 2292 1823 οὐδὲ
2325 1767 2489 1843 μέχρι
2521 1772 2618 1823 τοῦ
2656 1772 2913 1841 ποταμοῦ
2957 1771 3054 1822 τοῦ
3107 1766 3334 1837 Νείλου,
3386 1765 3585 1846 λέγων,
3649 1771 3819 1841 μήπω

415 1850 550 1904 εἶναι
583 1848 763 1927 σοφοὶ,
796 1848 1204 1921 ἐμωράνθησαν·
1229 1849 1280 1902 οἱ
1312 1853 1391 1920 τῷ
1419 1855 1518 1917 τῆς
1549 1848 1778 1919 οἰήσεως
1800 1850 1890 1904 καὶ
1912 1851 2052 1906 ἀπο-
2083 1849 2130 1915 Β
2163 1846 2415 1904 δύνασθαι
2458 1849 2615 1904 αὐτὸν
2659 1849 3048 1924 συντυγχάνειν
3095 1853 3211 1910 τοῖς
3251 1846 3472 1926 ὃχλοις,
3504 1853 3584 1921 τῷ
3632 1848 3815 1924 ἀκμὴν

411 1929 560 1990 νοίας
593 1926 808 2003 δαίμονι
857 1928 1246 2005 προσραγέντες
1282 1948 1294 1962 ⁸
1343 1926 1426 1983 διὸ
1458 1927 1766 2003 παρέδωκεν
1798 1929 1993 1994 αὐτοὺς
2025 1934 2054 1988 6

412 2012 540 2072 Θεὸς
573 2009 647 2071 εἷς
697 2009 843 2080 πάθη
893 2008 1138 2081 ἀτιμίας,
1168 2013 1265 2064 τοῦ
1315 2010 1670 2082 ἀτιμάζεσθαι
1717 2009 1782 2064 τὰ
1828 2012 2056 2085 σώματα

411 2090 609 2146 αὐτῶν.
643 2092 806 2145 ’Ὡστε
860 2088 922 2144 ἐκ
975 2090 1170 2144 τούτου
1231 2090 1512 2167 γινώσκειν
1573 2093 1721 2164 ἡμᾶς
1777 2093 1914 2166 χρὴ,
1969 2094 2053 2148 δτι

409 2169 702 2245 ἂμήχακόν
736 2170 846 2224 ἐστι
896 2176 1074 2225 πεσεῖν
1126 2191 1247 2224 τινα
1286 2171 1361 2232 εἷς
1411 2170 1728 2244 ἀκολασίαν,
1766 2173 1842 2246 μὴ
1893 2171 2054 2249 ἐγκα-

407 2248 764 2328 ταλειφθέντα
798 2251 900 2305 ὑπὸ
930 2253 1028 2320 τῆς
1054 2255 1150 2306 τοῦ
1181 2255 1315 2307 Θεοῦ
1348 2250 1604 2327 προνοίας
1646 2251 1748 2306 ὑπὸ
1792 2248 2052 2325 ἀμελείας

407 2329 514 2408 καὶῗ
549 2330 817 2408 ῥᾳθυμίας
870 2331 1075 2393 οἰκείας
1120 2335 1228 2386 τῶν
1277 2329 1912 2408 ἐγκαταλιμπανομένων
1959 2334 2050 2389 καὶ

410 2407 799 2486 διαδιδομένων
833 2412 908 2474 εἷς
939 2413 1001 2467 τὸ
1032 2412 1197 2467 ταῦτα
1232 2407 1547 2486 συμϐαίνειν
1582 2413 1785 2476 αὐτοῖς.

1007 2493 1453 2570 ΚΕΦΑΛ.ιςἚ

945 2575 1074 2647 Περὶ
1125 2572 1514 2646 Σολομῶντος.

478 2653 594 2733 ἘνΔ
617 2653 894 2711 Ἀντινόου
937 2661 1039 2723 τῆς
1086 2649 1358 2723 Θηϐαΐδος
1425 2651 1708 2729 διατρίψας
1765 2655 1869 2733 ἐγὼ
1927 2659 2047 2713 τέσ-

403 2754 538 2808 σαρα
569 2729 685 2805 ἔτη,
718 2733 769 2789 ἐν
814 2735 1060 2806 τοσούτῳ
1108 2734 1294 2808 χρόνῳ
1340 2739 1536 2808 γνῶσιν
1585 2729 2044 2812 εἷ’ληφαπάντων

404 2821 511 2870 τῶν
586 2815 758 2870 ἐκεῖσε
846 2816 1248 2889 μοναστηρίων.
1349 2817 1675 2885 Καθέζονται
1765 2819 1860 2892 μὶν
1941 2820 2044 2893 γὰρ

404 2893 544 2968 ἀμφὶ
601 2895 698 2963 τῆν
749 2893 909 2950 πόλιν
971 2891 1159 2968 ἄνδρες
1217 2895 1291 2956 ὡς
1351 2895 1529 2970 χίλιοι
1589 2891 1876 2967 διακόσιοι,
1925 2891 2044 2961 ταῖς

405 2977 591 3052 χερσὶν
641 2977 969 3048 ἀποζῶντες,
1024 2976 1099 3038 εἷς
1152 2973 1312 3051 ἄκρον
1365 2977 1689 3051 ἀσκούμενοι
1739 2983 1808 3052 τῇ
1857 2982 2040 3054 ἀρετῇ.

402 3057 492 3113 Ἐν
536 3057 750 3118 τούτοις
804 3056 905 3112 εἶσὶ
955 3057 1047 3112 καὶ
1092 3055 1445 3136 ἀναχωρηταὶ
1494 3057 1544 3114 ἐν
1590 3065 1705 3122 τοῖς
1752 3060 2045 3130 σπηλαίοις

402 3141 510 3191 τῶν
535 3143 746 3212 πετρῶν
772 3141 994 3201 ἑαυτοὺς
1025 3139 1581 3213 ἐγκαθείρξαντες.Ἐν
1617 3142 1701 3202 οἷς
1733 3141 1843 3195 ἐστι
1877 3140 2046 3196 Σολο-

407 3218 520 3288 μών
552 3224 635 3279 τις
681 3220 1073 3292 ἀναχωρητῆς,
1107 3219 1244 3291 ἀνὴρ
1291 3219 1616 3291 πραΰτατος,
1649 3220 1736 3273 καὶ
1787 3222 2042 3296 σώφρων,
2077 3217 2119 3283 C

403 3297 650 3371 χάρισμα
677 3293 819 3372 ἔχων
851 3301 1161 3370 ὑπομονῆς·
1198 3300 1255 3358 ὃς
1287 3297 1466 3372 ἔλεγεν
1498 3295 1644 3376 ἔχειν
1675 3293 2039 3370 πεντηκοστὸν

400 3371 517 3438 ἔτος
547 3375 598 3429 ἐν
633 3371 742 3448 τῷί
765 3377 1044 3449 σπηλαίῳ,
1077 3376 1372 3450 ἐπαρκέσας
1393 3371 1398 3372 ⁷
1420 3371 1593 3448 ἐαυτῷ
1625 3377 1684 3432 ἐκ
1711 3384 1818 3432 τῶν
1869 3378 2037 3454 ἔργων

400 3458 505 3509 τῶν
542 3460 765 3530 χειρῶν,
798 3457 887 3510 καὶ
920 3456 1166 3528 ἐκμαθὼν
1200 3461 1370 3509 πᾶσαν
1406 3458 1557 3531 ἁγίαν
1594 3460 1833 3535 Γραφήν,

1021 3537 1424 3613 ΚΕΦΑΛ.ιΖ.

986 3615 1118 3691 Περὶ
1178 3618 1458 3690 Δωροθέου
1476 3665 1488 3675 .

472 3693 773 3775 Δωρόθεος,
807 3693 859 3750 ἐν
893 3694 1054 3768 ἄλλῳ
1082 3695 1341 3770 σπηλαίῳ
1374 3697 1537 3752 οἰκῶν
1567 3696 2041 3775 πρεσϐύτερος,εἷς

400 3769 710 3848 ὑπερϐολήν
765 3777 1140 3852 ἀγαθώτατος,
1172 3778 1261 3831 καὶ
1313 3769 1472 3842 αὐτὸς
1520 3769 1685 3850 ζήσας
1725 3783 1819 3835 τὸν
1869 3783 2044 3836 ἀνεπί-

398 3852 606 3923 ληπτον
645 3855 783 3929 βίον,
816 3853 1206 3932 πρεσϐυτερίου
1231 3859 1556 3932 ἠξιωμένος,
1589 3862 1674 3915 καὶ
1711 3862 2039 3936 λειτουργῶν

397 3941 512 3998 τοῖς
544 3934 804 4012 ἀδελφοῖς
835 3945 954 4000 τοῖς
987 3938 1038 3993 ἐν
1093 3945 1207 4000 τοῖς
1240 3939 1555 4008 σπηλαίοις.
1587 3941 1776 4014 Τούτῳ
1807 3934 2044 4016 ποτὲ-τῷ

397 4015 758 4095 ἀφιλαργύρῳ
788 4019 880 4072 τὸν
931 4019 1132 4093 τρόπον
1165 4017 1408 4088 Μελανίη
1442 4022 1476 4087 ἡ
1530 4021 1760 4095 νεωτέρα
1808 4029 1907 4091 τῆς
1944 4015 2042 4095 μεέ-

394 4095 568 4170 γάλης
603 4094 875 4159 Μελανίας
931 4097 1147 4173 ἐκγόνη,
1197 4097 1320 4170 περί
1364 4101 1430 4164 ἧς
1478 4094 1704 4172 ὕστερον
1745 4100 1906 4171 λέξω,
1938 4094 2042 4156 ἀπ-

397 4178 630 4232 έστειλεν
678 4179 990 4251 νομίσματα
1037 4179 1382 4248 πεντακόσια,
1414 4180 1836 4254 παρακαλέσασα
1882 4183 2042 4237 αὐτὸν

397 4256 571 4310 ἐκεῖνα
623 4255 936 4325 διακονῆσαι
986 4263 1104 4318 τοῖς
1156 4255 1325 4311 ἐκεῖσε
1376 4255 1656 4335 ἀδελφοῖς.
1690 4264 1746 4315 Ὀ
1799 4259 1854 4315 δὲ
1896 4264 2041 4336 τρία,

395 4336 710 4408 νομίσματα
769 4333 982 4406 λαϐὼν,
1039 4339 1389 4410 παρέπεμψεν
1450 4333 1534 4392 τά
1577 4338 1748 4394 λοιπὰ
1824 4333 2045 4399 Διοκλεῖ

393 4419 472 4486 τῷ
534 4414 889 4490 ἂναχωρητῇ,
949 4415 1103 4488 ἀνδρὶ
1163 4418 1624 4496 γνωστικωτάτῳ,
1697 4420 1897 4496 λέγων,
1956 4427 2040 4480 6'1:

397 4496 717 4570 Σοφώτερός
769 4497 874 4574 μού
920 4498 1060 4574 ἐστιν
1114 4498 1140 4550 6
1190 4494 1427 4574 ἀδελφὸς
1487 4499 1743 4572 Διοκλῆς,
1775 4494 1882 4558 -καὶ
1945 4505 2039 4561 δύο

2163 1929 2538 2005 ἀντιπράττειν
2565 1928 2710 2002 αὐτῷ
2739 1929 2830 1984 τὸν
2867 1929 3203 1985 ὑπεναντίον.

2805 2011 3062 2066 ΚΕΦΑΔ.
3091 2011 3167 2064 Ρ“.

2485 2091 2614 2165 Περῖ
2652 2095 2751 2145 τοῦ
2773 2088 3060 2162 κενοδόξου
3092 2090 3482 2165 ἀναχωρητοῦ,

2235 2171 2433 2247 Ἑγγὺς
2480 2173 2691 2226 τούτων
2757 2172 3073 2245 ἐωράκαμεν
3135 2173 3225 2226 καὶ
3290 2171 3472 2246 ἕτερον
3517 2175 3816 2249 ἀναχωρη-

2160 2255 2283 2323 τήν,
2334 2254 2542 2326 ὁμοίως
2590 2253 2679 2307 καὶ
2741 2252 2899 2306 αὐτὸν
2944 2252 3257 2307 ἐνοικοῦντα
3295 2251 3615 2324 σπηλαίοις.
3647 2257 3820 2319 Οὗτος

2161 2332 2361 2407 οἷ’στρῳ
2389 2330 2697 2404 κενοδοξίας
2727 2331 3129 2406 ἐμπαιζόμενος
3189 2335 3293 2389 ὑπὸ
3354 2334 3645 2408 ὀνειράτων
3686 2337 3817 2390 ἀντ-

2160 2413 2428 2484 ενέπαιζεν
2507 2420 2625 2476 τοῖς
2718 2415 2853 2488 πρὸς
2952 2413 3113 2469 αὐτὸν
3186 2417 3649 2492 παραγινομένοις
3717 2417 3813 2471 καί

2157 2495 2557 2568 ἀπατωμένοις.
2605 2497 2823 2568 ’Ἄφρων
2874 2496 3129 2570 γεγονὼς,
3177 2497 3315 2550 κατά
3371 2497 3434 2552 τὸ
3490 2499 3810 2574 γεγραμμέ-

2156 2597 2268 2639 νον,
2319 2581 2434 2637 τοῖς
2495 2575 2760 2638 ἐνυπνίοις
2838 2576 3320 2652 ἀναπτερούμενος,
3389 2578 3621 2650 ἀνέμους
3681 2599 3809 2633 ποι-

2159 2657 2383 2734 μαίνων,
2441 2659 2526 2711 καὶ
2590 2653 2803 2710 διώκων
2857 2657 3031 2716 σκιάς.
3095 2658 3194 2711 Καὶ
3251 2659 3352 2726 τῆν
3408 2659 3503 2731 μὲν
3561 2659 3697 2714 κατὰ
3746 2660 3812 2713 τὸ

2156 2746 2314 2814 σῶμα
2347 2737 2699 2816 σωφροσύνην
2734 2737 2988 2808 ἐκέκτητο
3022 2755 3034 2768 ⁸
3078 2739 3167 2793 καὶ
3231 2735 3318 2793 διὰ
3345 2739 3405 2793 τὸ
3449 2746 3619 2813 γῆρας
3679 2739 3800 2793 λοι-

2154 2823 2252 2877 πὸν
2282 2820 2369 2876 καὶ
2402 2817 2489 2873 διὰ
2521 2820 2611 2874 τὸν
2645 2821 2868 2893 χρόνον,
2902 2819 3046 2874 τάχα
3073 2816 3130 2873 δὲ
3172 2819 3261 2873 καὶ
3300 2817 3384 2873 διὰ
3430 2820 3526 2886 τῆν
3571 2817 3801 2874 κενοδο-

2156 2903 2286 2975 ξίαν,
2317 2903 2415 2971 τῆν
2442 2899 2498 2956 δέ
2543 2901 2658 2955 κατ’
2701 2902 2894 2973 ἀρετὴν
2942 2903 3106 2976 φρένα
3147 2900 3442 2968 ἀπώλεσεν,
3481 2898 3804 2976 διαφθαρεὶς

2157 2986 2258 3040 ὑπὸ
2331 2991 2430 3052 τῆς
2487 2983 2791 3057 ἀκαθάρτου
2839 2981 3167 3055 κενοδοξίας,
3230 2983 3320 3038 καὶ
3384 2981 3673 3056 ἐξωκείλας
3732 2981 3806 3038 δι’

2154 3063 2319 3134 αὐτῆς
2351 3070 2449 3133 τῆς
2481 3061 2741 3136 ἐνθέσμου
2767 3061 3070 3126 πολίτείας.

2760 3147 3022 3200 ΚΕΦΑΛ.
3064 3145 3196 3202 ΡΔ’.

2762 3224 2890 3296 Περὶ
2939 3224 3194 3302 Ἐφραίμ.

2222 3306 2301 3362 Τὰ
2358 3303 2494 3359 κατά
2550 3305 2788 3380 Ἐφραίμ
2843 3303 2932 3358 τὸν
2989 3302 3232 3359 διάκονον
3302 3312 3405 3373 τῆς
3468 3304 3804 3377 Ἐδεσσηνῶν

2153 3384 2481 3454 Ἐκκλησίας
2513 3385 2729 3446 πάντως
2782 3383 3046 3454 ἀκήκοας.
3098 3383 3324 3460 Γέγονεν
3365 3387 3469 3461 γὰρ
3518 3389 3677 3448 οὗτος
3736 3390 3814 3450 εἷς

2150 3467 2211 3521 τὸ
2247 3465 2680 3538 μνημονεύεσθαι
2713 3463 2857 3534 ἄξιος
2890 3467 3034 3541 παρά
3091 3472 3201 3522 τῶν
3245 3467 3408 3521 ὁσίων
3443 3466 3659 3523 δούλων
3715 3475 3814 3524 τοῦ

2153 3548 2405 3618 Χριστοῦ.
2440 3542 2608 3605 Οὗτος
2665 3546 2692 3598 6
2745 3543 2909 3614 ἀξίως
2959 3548 3057 3616 τὴν
3107 3550 3206 3601 τοῦ
3277 3548 3438 3622 ἁγίου
3499 3548 3814 3622 Πνεύματος

2152 3624 2402 3696 ἐξανύσας
2442 3625 2541 3694 τῆν
2570 3622 2827 3696 ὁδὸν,καί
2868 3625 3002 3698 μηδ’
3036 3625 3192 3689 ὅλως
3240 3626 3526 3702 ἐκτραπεῖς
3567 3637 3666 3698 τῆς
3719 3629 3816 3684 εύ-

2153 3705 2296 3766 θείας
2363 3702 2517 3787 ὁδοῦ,
2564 3706 2877 3787 κατηξιώθη
2937 3707 3284 3782 χαρίσματος
3345 3711 3603 3784 γνώσεως
3660 3732 3819 3787 φυσι-

2149 3795 2274 3858 κῆς,
2308 3788 2374 3857 ἢν
2409 3785 2718 3862 διαδέχεται
2755 3786 3016 3862 θεολογία
3055 3789 3144 3843 καὶ
3191 3789 3394 3864 ἐσχάτη
3452 3785 3812 3865 μακαριότης.

2151 3869 2247 3922 Τὸν
2280 3867 2492 3945 ἥσυχον
2541 3867 2634 3921 οῦν
2692 3867 2774 3923 ἀεὶ
2836 3867 3134 3938 ἐξασκήσας
3200 3869 3314 3944 βίον
3372 3869 3451 3930 εἷς
3498 3870 3812 3945 ἅκρον,καὶ

2152 3949 2276 4008 τοὺς
2333 3949 2853 4023 παρατυγχάνοντας
2914 3947 2983 4002 δι’
3051 3950 3215 4004 αὐτοῦ
3261 3950 3342 4004 ἀεὶ
3380 3949 3695 4024 οἰκοδομῶν
3721 3951 3807 4006 ἐπὶ

2152 4028 2306 4082 ἰκανά
2335 4022 2452 4099 ἔτη,
2487 4027 2561 4089 εἲς
2594 4028 2816 4099 ὕστερον
2850 4029 3130 4102 προῆλθεν
3160 4036 3258 4098 τῆς
3287 4029 3495 4101 κέλλης
3530 4022 3590 4104 ἐξ-
3634 4031 3810 4095 αἰτίας

2150 4106 2366 4163 τοιᾶσδε
2399 4126 2412 4139 ⁸
2445 4113 2627 4181 Λιμοῦ
2662 4104 3076 4174 καταλαϐόντος
3128 4110 3366 4186 μεγάλου
3409 4113 3508 4180 τῆν
3559 4111 3815 4182 Ἐδεσσηο

2152 4193 2258 4242 νῶν
2292 4186 2472 4258 πόλιν,
2525 4190 2614 4243 καὶ
2666 4192 3118 4265 κατοικτειρήσας
3172 4197 3342 4246 πᾶσαν
3387 4194 3487 4261 τήν
3540 4194 3818 4268 ἀγροικίαν

2154 4265 2603 4349 διαφθειρομένην
2694 4272 2721 4324 6
2814 4266 2993 4334 ἔνθεος
3060 4271 3241 4344 οὗτος,
3303 4265 3619 4349 προσῆλθεν
3698 4282 3813 4337 τοῖς

2153 4347 2337 4428 ἀίδροῖς
2374 4349 2426 4428 ἐν
2489 4349 2619 4418 ὕλη,
2653 4350 2740 4406 καὶ
2796 4350 2942 4428 λέγει
3003 4354 3187 4417 αὐτοῖς
3219 4373 3234 4386 ·
3295 4347 3456 4415 Τίνος
3483 4352 3662 4410 ἕνεκεν
3710 4357 3811 4410 οὐκ

2155 4427 2356 4513 ἐλεεῖτε
2395 4427 2852 4508 διαφθειρομένην
2877 4427 2997 4501 τῆν
3047 4432 3392 4508 ἀνθρωπίνην
3449 4435 3628 4513 φύσιν,
3660 4435 3810 4490 ἆλλά

2151 4511 2244 4564 τὸν
2278 4511 2520 4566 πλοῦτον
2571 4513 2722 4585 ὑμῶν
2762 4515 2960 4583 σήπετε
2999 4514 3075 4578 είς
3123 4519 3434 4589 κατάκριμα
3463 4511 3568 4570 τῶν
3607 4520 3805 4590 ψυχῶν

401 4596 553 4673 ἴαται
585 4575 717 4672 σαίρτά
769 4571 1365 4673 ᾀξδξιαδιδςνδιίξξκῆσαι,
1409 4577 1773 4673 ’ἐπιστάμενος
1827 4586 2043 4657 μᾶλλον
2074 4589 2119 4654 D
2153 4590 2344 4662 ὑμῶν;
2384 4571 2616 4647 Ἐκεῖνοί
2681 4595 3020 4667 σκηψάμενοι
3074 4592 3234 4663 δῆθεν
3296 4571 3522 4673 ἐῦλογον
3578 4571 3800 4668 σκῆψιν,

399 4653 534 4727 ἐμοῦ
564 4655 691 4742 τοὺς
741 4655 984 4731 εὐλόγως
1037 4656 1358 4734 ὀφείλοντας
1407 4653 1856 4734 ἐπικουρηθῆναι.
1902 4667 2038 4742 Ἐγὼ

397 4738 499 4813 γὰρ
527 4735 745 4803 τούτοις
775 4737 1070 4813 ἀρκοῦμαι.

1007 4823 1435 4900 ΚΕΦΑΛ.ιΗι

1025 4903 1155 4977 Περὶ
1189 4903 1415 4970 Διοκλῆ.

464 4979 633 5039 Οὗτος
670 4977 728 5033 δέ
755 4979 801 5062 _6
837 4978 1074 5062 Διοκλῆς
1111 4981 1231 5062 Δἀπὸ
1279 4988 1667 5059 γραμματικῆς
1703 4988 1795 5059 μὲν
1848 4988 2036 5062 ἀχθεὶς

387 5057 452 5114 τά
480 5062 691 5136 πρῶτα,
725 5059 801 5121 εἷς
853 5059 1071 5136 ὕστερον
1107 5059 1162 5117 δὲ
1213 5057 1336 5127 δοῦς
1363 5065 1549 5120 ἐαυτὸν
1601 5065 1677 5131 εἷς
1706 5057 2036 5147 φιλοσοφού-

391 5163 544 5214 μενα,
569 5145 648 5214 τῷ
679 5139 869 5217 χρόνῳ
900 5148 1000 5211 τῆς
1029 5144 1259 5218 χάριτος
1298 5146 1457 5201 αὺτὸν
1490 5139 1795 5218 ἐλκυσάσης
1830 5139 2032 5220 εἰς’τὴν

385 5223 628 5296 οὐράνιον
677 5220 1006 5300 φιλοσοφίαν
1039 5243 1050 5255 ο
1115 5226 1361 5280 εἰκοστὸν
1424 5230 1606 5282 τοίνυν
1664 5227 1858 5297 ὄγδοον
1913 5225 2032 5294 ἔτος

383 5306 527 5377 ἄγων
586 5312 685 5373 τῆς
745 5303 990 5372 ἡλικίας,
1053 5305 1352 5375 ἀπετάξατο
1413 5309 1509 5380 μὲν
1567 5313 1672 5362 τῶν
1726 5308 2029 5383 ἐγκυκλίων

315 5415 324 5422 -
394 5383 793 5454 παιδευμάτων,
846 5385 1161 5454 συνετάξατο
1195 5386 1250 5440 δὲ
1297 5393 1406 5441 τῶν
1455 5393 1568 5448 τοῖς
1619 5390 1890 5462 ούρανίοις
1934 5398 2030 5448 τοῦ

378 5468 611 5545 Χριστοῦ
659 5467 993 5545 μαθήμασι.
1076 5469 1171 5521 Καὶ
1261 5467 1422 5528 αὐτὸς
1493 5462 1638 5545 ἔχων
1709 5474 2026 5545 τριακοστὸν

373 5539 623 5612 πέμπτον
657 5541 778 5604 ἔτος
810 5543 860 5597 ἐν
891 5552 1010 5608 τοῖς
1049 5547 1372 5618 σπηλαίοις.
1406 5539 1574 5609 οὔτὸξ
1624 5539 1807 5624 ἔλεγεν
1839 5557 1976 5625 ἡμῖν
2012 5573 2026 5588 °

373 5624 428 5674 Ὀ
447 5623 584 5704 μνοῦς
615 5623 852 5683 ἀποστας
892 5633 990 5695 τῆς
1039 5632 1135 5682 τοῦ
1168 5632 1302 5682 Θεοῦ
1354 5627 1580 5700 θεωρίας
1632 5623 1748 5684 κατέ
1799 5623 2026 5704 ἔννοιαν,

378 5701 412 5770 ἢ
445 5696 654 5773 δαίμων
683 5700 906 5776 γίνεται,
940 5708 973 5776 ἢ
1008 5715 1208 5778 κτῆνος
1242 5727 1254 5740 ·
1289 5711 1449 5781 ἡμῶν
1481 5705 1538 5762 δὲ
1581 5696 2024 5785 φιλοπευστούνέ

368 5801 475 5862 των
523 5783 615 5836 τὸν
667 5783 870 5860 τρόπον
915 5787 972 5842 ’ὸν
1029 5790 1191 5858 εἶπεν,
1237 5785 1421 5862 ἔλεγεν
1481 5783 1678 5862 οὕτως,
1741 5795 1830 5847 ὅτι
1886 5798 2024 5861 Νοῦς

368 5853 670 5938 ἀνθρώπου
702 5853 858 5920 ’Θεοῦ
918 5867 1146 5944 Θεωρίας
1178 5853 1561 5947 ’ἂναχὶυρήσας
1609 5853 1676 5948 ἐξ,
1710 5870 1956 5952 ἀνάγκης

2151 4671 2370 4755 λέγουσι
2417 4679 2497 4755 τῷ
2554 4675 2718 4749 ἁγίῳ,
2753 4677 2834 4730 6'1:
2897 4676 3006 4730 Οὐκ
3035 4672 3236 4755 ἔχομεν
3287 4700 3391 4734 τινι
3433 4671 3803 4752 πιστεύσωμεν

2145 4754 2280 4828 πρὸς
2312 4756 2374 4809 τὸ
2416 4752 2735 4822 διακονῆσαι
2758 4762 2873 4819 τοῖς
2921 4752 3292 4829 λιμώττουσιν
3346 4760 3566 4834 ἄρτους.
3599 4761 3805 4824 Πάντες

2146 4835 2251 4918 γὰρ
2318 4837 2691 4918 καπηλεύουσι
2751 4839 2818 4894 τὰ
2865 4839 3179 4916 πράγματα.
3270 4846 3431 4918 Λέγει
3516 4840 3700 4906 αῦτοῖς
3777 4847 3804 4900 ὁ

2143 4915 2400 4998 ἀνάρετος
2431 4917 2592 4982 οὗτος
2623 4937 2636 4950 ο
2669 4918 2742 4973 Τὰ
2789 4920 2912 4994 περὶ
2955 4920 3091 4992 ἐμοῦ
3152 4925 3272 4984 πῶς
3331 4915 3524 4998 ἔχετε;
3571 4926 3627 4978 τί
3678 4926 3803 4996 ὑμῖν

2145 4991 2291 5080 δοκῶ
2322 4993 2431 5073 ἐγώ
2463 4998 2825 5080 ;Ἀνθρωπόν
2861 4991 2923 5080 σε
2950 4991 3176 5073 οἷ’δαμεν
3193 5005 3292 5056 τοῦ
3322 4991 3456 5057 Θεοῦ
3496 4991 3516 5036 ’ί
3555 5002 3692 5080 φίλη
3714 4991 3802 5059 ’δᾶ

2142 5074 2373 5158 ἀλήθεια
2433 5099 2466 5158 ξ,
2499 5079 2748 5158 μεγάλην
2803 5079 3084 5156 ὑπόληψιν
3136 5083 3280 5156 εἶχεν
3337 5084 3484 5158 παρά
3542 5074 3704 5138 πᾶσιν
3736 5086 3798 5139 ού

2142 5154 2373 5239 ψευδῶς,
2422 5157 2550 5213 ἀλλ’
2587 5159 2848 5239 ἀληθῶς,
2884 5154 3043 5216 Λέλει
3103 5154 3288 5224 αὐτοῖς
3344 5164 3371 5218 6
3419 5154 3528 5219 ⁷’τοῦ
3561 5165 3797 5239 Χριστοῦ

2142 5234 2339 5292 δοῦλοι·
2374 5259 2386 5272 ·
2430 5239 2492 5294 Εἰ
2526 5238 2703 5301 οὕτως
2764 5241 2939 5296 οἶέσθε
2997 5243 3062 5296 τὰ
3111 5246 3228 5298 κατ’
3278 5243 3396 5315 ἐμὲ,
3456 5243 3583 5316 ἐμοὶ
3615 5234 3800 5318 ’ἐμπι-

2140 5318 2389 5373 στεύσατε
2445 5322 2544 5388 τῆν
2610 5327 2717 5376 τῶν
2787 5321 3198 5399 Δλιμωττόντων
3276 5322 3610 5399 ἐπιμέλειαν.
3699 5327 3794 5381 Λέ-

2136 5421 2322 5473 γουσιν
2373 5399 2532 5480 αὐτῷ
2591 5403 2642 5456 οἱ
2702 5397 2947 5478 σοϐαροί.
3003 5405 3130 5459 Εἴθε
3187 5397 3480 5478 καταξιοῖς.
3533 5407 3792 5480 ’Δποκρίο

2133 5499 2279 5558 νεται
2327 5479 2509 5542 αὐτοῖς
2571 5483 2811 5558 Ἐφραίμ
2873 5483 2900 5538 6
2963 5483 3223 5547 ἐκλεκτὸς
3279 5489 3373 5540 τοῦ
3420 5490 3589 5542 Θεοῦ·
3657 5479 3791 5544 Ἰδοὺ

2134 5557 2237 5638 ἀπὸ
2297 5561 2536 5634 σήμερον
2597 5557 2665 5614 δι’
2723 5563 2863 5634 ὑμᾶς
2948 5569 3251 5638 χειροτονῶ
3327 5564 3562 5638 ἐμαυτὸν
3648 5567 3789 5638 ξενος

2133 5635 2300 5714 δόχον
2355 5645 2462 5695 τῶν
2518 5638 2787 5716 δεομένῶν
2821 5662 2835 5678 ο
2895 5635 2988 5699 καί
3043 5635 3226 5700 λαϐὼν
3284 5635 3411 5721 παρ’
3465 5635 3789 5722 αὐτῶν-ἀρ-

2133 5720 2320 5803 γύρια,
2375 5724 2464 5777 καὶ
2525 5721 2805 5798 διαφρίξας
2871 5729 2998 5789 τοὺς
3054 5720 3368 5802 ἐμϐόλους,
3421 5730 3510 5785 καὶ
3588 5720 3789 5803 στήσας

2130 5801 2322 5888 κλίνας
2399 5803 2475 5888 ᾡς
2537 5807 2875 5888 τριακοσίας,
2945 5801 3267 5884 ἓνοσοκόμει
3353 5801 3783 5888 ἀσθενεστέρους,

2130 5879 2359 5960 ἐπήρκει
2417 5881 2477 5943 δὶ
2531 5879 2649 5953 τοῖς
2712 5885 3076 5965 λιμώττὸυσι.
3135 5879 3239 5950 κει
3305 5889 3436 5960 τοὺς
3508 5892 3604 5967 μιν
3634 5879 3646 5888 ’
3694 5879 3785 5952 Ex;
