4078 6212
310 347 465 410 1205

1651 347 2020 410 HISTORIA
2065 349 2477 414 LAUSIACA.

3670 350 3822 412 1206

307 481 702 550 cussionibus,
771 484 829 538 et
910 481 1151 538 diversis
1229 481 1486 552 jactatus
1571 480 2000 554 aﬂlictionibus,
2035 485 2090 552 Α
2120 499 2250 542 cum
2283 503 2344 542 se
2377 490 2578 558 postea
2602 487 2854 544 dedisset
2878 487 3276 560 philosophiae,
3299 487 3535 543 tandem
3558 487 3822 543 trahente

306 577 363 630 et
399 571 584 628 dixit:
620 573 796 627 Datus
841 578 922 628 est
955 571 1096 626 mihi
1145 570 1420 628 stimulus
1451 570 1664 637 carnis,
1706 576 1770 626 ut
1805 588 1892 627 me
1922 588 2010 628 co-

304 661 576 734 laphizet,
623 677 695 716 ne
725 661 872 718 forte
902 660 1142 717 extollar
1171 662 1247 732 (Il
1279 660 1399 717 Cor.
1441 663 1555 733 xi);
1591 677 1662 717 ne
1704 661 1848 717 forte
1877 678 2006 718 cum

305 749 609 806 miraculis
641 750 807 822 quies
838 753 895 805 et
917 767 1105 806 rerum
1137 766 1443 808 successus
1465 755 1522 806 et
1552 751 1734 806 honor
1762 752 1812 808 ei
1843 768 2010 808 acce-

303 841 469 907 dens,
500 858 633 898 eum
667 840 727 896 in
778 842 1168 910 arrogantiam
1220 841 1470 912 injicerit
1517 841 1862 898 diabolicam
1907 859 2009 896 su-

303 931 503 1003 perbia
534 931 774 986 elatum.
819 930 1077 986 Relictus
1107 947 1336 1004 quoque
1367 935 1453 987 est
1487 931 1841 1004 paralyticus
1875 948 2010 1003 pro-

303 1028 432 1096 pter
481 1027 805 1095 peccatum.
879 1021 983 1077 Cui
1052 1022 1200 1077 dixit
1251 1023 1533 1078 Dominus
1577 1039 1588 1076 :
1637 1023 1778 1078 Ecce
1827 1039 2008 1078 sanus

306 1117 494 1171 tactus
525 1130 609 1181 es,
650 1111 790 1168 moli
815 1111 1071 1184 amplius
1103 1127 1340 1182 peccare
1371 1112 1551 1183 (Joan.
1579 1113 1654 1184 v).
1690 1111 2008 1168 Derelictus

305 1219 534 1275 quoque
565 1206 655 1258 est
681 1202 890 1268 Judas,
923 1202 1021 1273 qui
1045 1200 1233 1272 pluris
1261 1201 1472 1256 fecerat
1504 1201 1804 1272 pecuniam
1829 1216 2005 1272 quam

302 1295 544 1350 verbum
575 1293 741 1361 vitm;
775 1291 1049 1365 quocirca
1080 1291 1387 1348 fuitetiam
1421 1293 1734 1348 suffocatus
1765 1292 1904 1363 (Act.
1939 1297 2002 1359 ι).

303 1383 622 1439 Derelictus
673 1398 901 1454 quoque
947 1397 1010 1437 es
1041 1381 1213 1449 Esau,
1264 1389 1319 1436 et
1366 1381 1573 1436 incidit
1613 1381 1671 1434 in
1720 1381 2008 1451 intempe-

304 1472 570 1538 rantiam,
620 1474 685 1525 ut
729 1470 826 1542 qui
885 1475 1107 1526 stercus
1164 1469 1576 1525 intestinorum
1628 1469 2006 1539 praeposuerit

306 1559 692 1617 benedictioni
725 1565 972 1631 paterna
1003 1559 1162 1631 (Gen.
1197 1560 1406 1629 xxvrr);
1441 1557 1582 1614 adeo
1625 1562 1689 1612 ut
1717 1573 1852 1615 cum
1884 1557 2004 1613 haec

305 1651 504 1708 omnia
534 1648 816 1706 sensisset
851 1653 1056 1704 beatus
1087 1647 1386 1721 apostolus
1419 1648 1654 1715 Paulus,
1689 1647 1900 1702 dixerit
1935 1647 2006 1702 de

307 1741 595 1811 aliquibus
637 1758 650 1797 :
701 1739 987 1806 Quoniam
1037 1739 1194 1796 enim
1243 1755 1356 1794 non
1392 1738 1784 1810 probaverunt
1816 1739 2001 1794 Deum

2115 590 2246 630 eum
2282 575 2468 646 gratia
2500 576 2572 632 ad
2595 576 2884 634 cmlestem
2917 577 3369 650 philosophiam,
3393 577 3580 633 {etatis
3600 593 3820 632 annum

2117 679 2292 734 agens
2310 664 2657 735 vigesimum
2683 672 2972 736 octavum,
2997 667 3347 723 renuntiavit
3381 667 3614 738 quidem
3648 667 3820 722 disci-

2117 751 2293 822 plinis
2324 751 2691 821 liberalibus,
2730 773 2790 813 se
2821 756 3050 814 Christo
3081 773 3214 813 vero
3247 755 3582 827 conjunxit;
3617 761 3671 811 et
3694 757 3818 825 jam

2116 839 2483 910 trigesimum
2519 845 2788 914 quintum
2823 862 3041 901 annum
3073 847 3190 917 agit
3221 845 3277 900 in
3313 845 3611 916 spelunca.
3643 845 3694 899 Is
3726 845 3822 898 di-

2116 930 2282 984 cebat
2336 930 2506 986 nobis
2559 933 2712 1002 quod
2768 950 2929 989 mens
2961 952 3086 1005 quae
3118 935 3471 1006 cogitatione
3514 934 3754 989 recessit
3787 951 3820 988 a

2117 1018 2214 1073 Dei
2267 1019 2770 1090 contemplatione,
2825 1023 2888 1076 fit
2920 1023 3005 1076 vel
3042 1025 3286 1091 daemon,
3322 1026 3407 1079 vel
3452 1023 3655 1078 bestia.
3705 1023 3819 1078 No-

2117 1106 2206 1162 bis
2259 1111 2448 1162 autem
2504 1110 2846 1178 rogantibus
2892 1114 3201 1176 :Quonam
3253 1113 3468 1167 modo?
3516 1113 3601 1167 sic
3639 1112 3814 1168 dixit:

2117 1197 2278 1252 Mens
2311 1213 2437 1268 quae
2473 1199 2712 1254 recessit
2752 1216 2785 1253 a
2820 1199 2914 1253 Dei
2955 1200 3465 1269 contemplatione,
3501 1201 3821 1256 necessario

2113 1288 2265 1357 (146)
2312 1288 2516 1343 incidit
2549 1290 2634 1344 vel
2666 1289 2721 1343 in
2758 1291 3081 1344 daemonem
3114 1289 3472 1360 cupiditatis,
3504 1289 3604 1358 qui
3654 1291 3709 1343 in
3744 1290 3822 1343 la-

2115 1378 2353 1433 sciviam
2374 1378 2643 1448 impellit,
2670 1380 2755 1435 vel
2789 1379 2847 1434 in
2880 1379 3150 1450 spiritum
3180 1380 3277 1433 ira:
3303 1378 3646 1450 malignum,
3672 1381 3824 1433 unde

2115 1467 2483 1523 irrationales
2506 1471 2796 1541 appetitus
2827 1469 3168 1541 gignuntur.
3191 1470 3257 1524 Et
3289 1469 3555 1524 lascivam
3585 1469 3822 1539 quidem

2115 1557 2494 1628 etipiditatem
2545 1575 2674 1614 esse
2722 1559 2952 1614 dicebat
2982 1558 3322 1626 belluinam,
3355 1558 3499 1613 iram
3531 1573 3662 1612 vero
3703 1557 3822 1613 daa-

2116 1647 2440 1702 moniacam
2483 1647 2960 1703 commotionem.
2995 1649 3138 1704 Cum
3172 1664 3275 1717 ego
3304 1651 3500 1702 autem
3533 1646 3821 1701 Contradi-

2114 1751 2301 1792 cerem
2345 1753 2358 1791 :
2409 1737 2709 1800 Quomodo
2761 1737 2882 1792 ﬁeri
2918 1740 3109 1809 potest
3157 1741 3221 1791 ut
3253 1752 3416 1792 mens
3445 1736 3710 1790 humana
3742 1735 3820 1790 sit

307 1832 518 1888 habere
547 1831 605 1886 in
645 1829 995 1902 cognitione,
1029 1829 1264 1884 tradidit
1293 1845 1392 1886 eos
1424 1829 1482 1885 in
1527 1830 1836 1901 reprobum
1872 1847 2002 1885 sen-
2035 1858 2080 1923 Β
2111 1843 2243 1882 cum
2277 1827 2392 1882 Deo
2423 1827 2549 1882 sine
2581 1827 3014 1882 intermissione
3036 1827 3062 1881 ?
3107 1827 3228 1898 ipse
3259 1827 3487 1881 dicebat
3520 1842 3532 1880 :
3566 1826 3726 1888 Quod
3759 1826 3819 1880 in

303 1937 456 1988 sum,
485 1925 546 1976 ut
585 1920 943 1990 faciantquae
970 1937 1081 1975 non
1105 1919 1458 1976 conveniunt
1483 1921 1656 1987 (Rom.
1683 1921 1744 1991 ι).
1774 1924 1847 1974 De
1871 1918 2002 1976 aliis
2035 1913 2078 1923 ”
2110 1931 2458 1988 quacunque
2489 1917 2823 1986 cegitatione
2847 1916 2932 1972 vel
2967 1932 3026 1972 re
3047 1917 3140 1988 pia
3171 1923 3221 1971 et
3257 1915 3454 1972 divina
3487 1913 3659 1970 fuerit
3698 1913 3816 1970 ani-

299 2016 495 2068 autem
543 2010 641 2081 qui
687 2009 1034 2066 videbantur
1072 2009 1286 2065 habere
1311 2009 1408 2064 Dei
1455 2009 1841 2080 cognitionem
1874 2026 2006 2066 cum

298 2104 490 2156 mente
536 2102 804 2170 corrupta
849 2103 908 2154 et
954 2098 1115 2153 inani
1163 2102 1416 2164 tumore,
1459 2097 1600 2154 dicit
1639 2114 1652 2153 :
1718 2098 2004 2161 Quoniam

301 2191 455 2247 enim
485 2207 618 2246 cum
649 2195 832 2246 Deum
865 2189 1296 2259 cognovissent,
1331 2205 1444 2244 non
1478 2191 1542 2244 ut
1573 2189 1754 2244 Deum
1786 2188 2006 2260 gloriﬁ-

303 2285 604 2350 caverunt,
635 2284 736 2335 aut
783 2279 1006 2352 gratias
1055 2283 1317 2347 egerunt,
1364 2279 1606 2334 tradidit
1635 2296 1733 2336 eos
1765 2286 1917 2336 Deus
1946 2281 2004 2337 in

305 2371 610 2443 passiones
661 2367 1022 2440 ignominiae;
1071 2369 1214 2424 adeo
1247 2372 1311 2424 ut
1363 2385 1467 2424 nos
1499 2385 1566 2424 ex
1595 2385 1659 2425 eo
1693 2386 2005 2442 cognosca-

302 2476 432 2516 mus
463 2457 590 2514 ﬁeri
629 2473 748 2514 non
787 2472 954 2528 posse
988 2461 1049 2513 ut
1077 2457 1248 2514 cadat
1278 2457 1490 2529 aliquis
1520 2457 1579 2513 in
1611 2458 2006 2530 intemperan-

302 2549 465 2613 tiam,
499 2547 598 2618 qui
645 2563 760 2603 non
793 2546 968 2602 fuerit
1021 2545 1332 2602 derelictus
1383 2565 1415 2602 a
1463 2547 1564 2604 Dei
1619 2549 2004 2619 providentia,

303 2640 542 2710 prepter
572 2635 985 2708 negligentiam
1023 2639 1082 2692 et
1123 2637 1448 2693 socordiam
1481 2653 1680 2693 eorum
1712 2638 1809 2709 qui
1840 2640 2006 2696 dere-

307 2725 652 2798 linquuntur
681 2730 738 2781 et
765 2725 1116 2782 deseruntur
1145 2726 1215 2780 ad
1243 2725 1350 2782 hoc
1381 2732 1446 2782 ut
1477 2727 1593 2782 haec
1611 2726 1695 2783 eis
1717 2728 2003 2785 eveniant.

912 2815 1152 2871 CAPUT
1190 2815 1390 2872 XCVI.

784 2905 904 2960 Vita
946 2903 1158 2959 abbatis
1199 2905 1525 2960 Solomonis.

373 2997 433 3050 In
465 2995 698 3050 Antinoi
739 2993 970 3051 civitate
993 2994 1244 3065 regionis
1270 2995 1586 3051 Thebaidis
1616 2995 2007 3066 quadraginta

300 3100 484 3142 annos
515 3091 796 3150 versatus,
821 3099 885 3139 eo
919 3089 1176 3153 tempore
1198 3083 1390 3153 accepi
1416 3083 1592 3139 etiam
1618 3083 2005 3151 cognitionem

2111 2021 2224 2073 ma,
2257 2022 2324 2061 ea
2354 2011 2444 2062 est
2478 2023 2610 2063 cum
2644 2007 2782 2062 Deo.

2726 2095 2949 2152 CAPUT
2997 2095 3197 2151 XCIX.

2628 2187 2750 2242 Vita
2782 2187 2998 2242 abbatis
3033 2185 3330 2257 Capitonis.

2183 2277 2362 2342 Prope
2393 2293 2526 2334 eum
2569 2277 2839 2332 manebat
2870 2276 3106 2349 quidam
3139 2276 3338 2346 Capito
3374 2275 3474 2346 qui
3520 2275 3704 2330 {uerat
3737 2274 3820 2330 la-

2111 2371 2222 2434 tro,
2256 2366 2353 2439 qui
2395 2383 2520 2422 cum
2561 2367 2992 2438 quinquaginta
3043 2383 3228 2420 annos
3261 2365 3563 2435 implesset
3595 2365 3652 2418 in
3687 2379 3819 2435 spe-

2112 2454 2319 2525 Iuncis,
2362 2461 2616 2528 quatuor
2649 2456 2908 2511 millibus
2932 2456 3098 2526 longe
3133 2455 3204 2510 ab
3240 2455 3380 2510 urbe
3415 2454 3668 2520 Antinoi,
3702 2469 3818 2509 non

2109 2544 2252 2600 abiit
2283 2562 2316 2599 a
2347 2545 2625 2616 spelunca
2665 2561 2847 2616 usque
2879 2546 2949 2600 ad
2997 2545 3238 2600 fluvium
3272 2545 3491 2611 Nilum,
3525 2543 3724 2599 dicens
3757 2557 3818 2597 se

2109 2651 2221 2691 non
2258 2651 2425 2706 posse
2460 2637 2653 2690 turbas
2693 2635 3025 2704 convenire,
3056 2651 3121 2690 eo
3154 2635 3306 2706 quod
3352 2633 3672 2690 communis
3703 2632 3814 2688 ad-

2111 2727 2405 2782 versarius
2435 2727 2486 2782 ei
2516 2726 2708 2782 adhuc
2739 2727 3057 2782 resisteret.

2798 2816 3028 2872 CAPUT
3067 2816 3128 2872 Ο.

2462 2905 2579 2960 Vita
2600 2905 2951 2961 anachoreta?
2979 2908 3076 2976 qui
3104 2905 3464 2960 illudebatur.

2179 2993 2323 3048 Cum
2357 2993 2446 3048 his
2478 2994 2732 3047 vidimus
2762 2993 2934 3048 etiam
2961 2993 3208 3049 alterum
3241 2995 3675 3060 anachoretam,
3713 2993 3813 3064 qui

2106 3081 2232 3153 ipse
2263 3097 2498 3152 quoque
2527 3085 2648 3135 erat
2690 3081 2960 3137 similiter
2992 3079 3050 3135 in
3081 3081 3381 3150 spelunca.
3421 3085 3470 3137 is
3502 3083 3557 3136 in
3594 3084 3818 3138 somnis

296 3175 561 3230 omnium
593 3188 723 3245 quae
767 3175 902 3226 sunt
950 3170 1067 3226 illic
1125 3172 1634 3227 monasteriorum.
1669 3171 1814 3229 Nam
1850 3172 2003 3229 circa
2033 3199 2076 3268 ρ
2115 3170 2327 3227 illusus
2357 3178 2529 3226 castro
2563 3186 2718 3224 vana
2749 3170 2968 3240 glorise,
2995 3169 3251 3226 vicissim
3276 3169 3558 3225 illudebat
3584 3187 3683 3225 eos
3715 3172 3816 3240 qui

295 3262 584 3318 civitatem
617 3261 822 3316 sedent
852 3259 955 3314 viri
990 3258 1223 3314 circiter
1271 3259 1358 3315 bis
1389 3260 1572 3328 mille,
1612 3261 1884 3317 manibus
1917 3263 1999 3319 vi-

294 3358 517 3423 ventes,
549 3356 606 3407 et
636 3367 696 3407 ss
745 3365 974 3406 summe
1015 3353 1374 3406 exercentes.
1425 3353 1487 3407 In
1522 3351 1611 3407 his
1658 3356 1796 3408 sunt
1825 3354 2000 3411 etiam

297 3441 659 3498 anachoreta
690 3439 786 3512 qui
829 3439 1051 3509 seipsos
1089 3438 1453 3495 incluserunt
1483 3440 1542 3495 in
1575 3441 1872 3512 speluncis
1913 3461 2000 3499 ru-

299 3530 464 3604 pium
489 3546 502 3584 :
541 3523 686 3584 int'er
717 3544 866 3600 quos
897 3533 985 3584 est
1007 3528 1279 3585 Solomon
1304 3529 1388 3586 vir
1412 3530 1924 3587 mansuetissimus
1946 3539 2000 3588 et

298 3617 900 3690 temperantissimus,
919 3622 976 3673 et
998 3617 1094 3688 qui
1119 3618 1338 3674 donum
1365 3619 1539 3675 habet
1567 3619 2000 3676 toleramtiast

298 3708 724 3780 quinquaginta
767 3723 949 3762 annos
999 3707 1160 3778 degit
1191 3708 1246 3762 in
1289 3707 1590 3780 spelunca,
1632 3709 1742 3764 sibi
1783 3709 1997 3766 vietum

298 3797 678 3868 suppeditans
701 3812 874 3868 opere
906 3812 1204 3866 manuum,
1237 3800 1295 3852 et
1323 3797 1530 3853 didicit
1557 3802 1735 3853 totam
1769 3815 1996 3853 sacram

295 3885 677 3957 Scripturam.

897 3975 1131 4030 CAPUT
1181 3975 1392 4031 XCVII.

807 4065 936 4120 Vita
961 4065 1174 4120 abbatis
1209 4065 1485 4121 Dorothei.

359 4152 490 4209 Fuit
516 4154 693 4209 etiam
713 4152 956 4223 quidam
981 4151 1306 4207 Dorotheus
1333 4153 1631 4223 presbyter
1654 4151 1711 4206 in
1735 4151 1848 4206 alia
1871 4168 1999 4223 spe-

279 4241 455 4297 lunca
487 4242 779 4308 habitans;
813 4242 913 4312 qui
948 4242 1005 4297 in
1038 4257 1272 4297 summa
1304 4241 1562 4296 bonitate
1594 4242 1720 4312 ipse
1763 4257 1997 4313 quoque

282 4331 461 4387 vitam
483 4331 625 4387 vixit
646 4331 1030 4403 inculpatam,
1055 4331 1386 4403 dignusque
1405 4340 1490 4386 est
1515 4331 1749 4386 habitus
1765 4331 1997 4403 presby-

289 4425 501 4487 teratu,
535 4426 591 4478 et
635 4421 902 4478 ministat
946 4421 1221 4477 fratribus
1252 4422 1346 4492 qui
1395 4426 1536 4476 sunt
1567 4422 1623 4476 in
1676 4421 1992 4494 speluncis.

285 4511 430 4568 Huic
479 4512 796 4584 aliquando
843 4511 1159 4567 Melanium
1195 4512 1418 4582 junior,
1462 4529 1684 4582 magnae
1733 4512 1990 4568 Melaniae

2117 3259 2568 3331 dicipiebantur,
2601 3264 2804 3314 ventos
2836 3275 3082 3331 pascens
3115 3259 3286 3330 (147),
3329 3265 3385 3314 et
3418 3259 3655 3314 umbras
3689 3276 3816 3330 per-

2115 3366 2364 3422 sequens
2395 3349 2582 3424 (Eccli.
2616 3350 2827 3421 xxxrv).
2863 3350 2930 3404 Et
2958 3348 3207 3405 habebat
3250 3349 3489 3421 quidem
3523 3349 3583 3406 in
3617 3365 3817 3422 corpo-

2115 3457 2174 3496 re
2219 3440 2682 3512 temperantiam,
2728 3443 2784 3496 et
2828 3444 3062 3511 prepter
3092 3443 3468 3507 senectutem,
3503 3444 3558 3495 et
3590 3443 3818 3510 propter

2113 3535 2365 3603 tempus,
2397 3535 2454 3587 et
2491 3531 2638 3587 forte
2683 3531 2857 3586 etiam
2902 3534 3135 3603 prepter
3164 3547 3374 3586 vanam
3405 3530 3679 3602 gloriam:
3715 3547 3816 3584 va-

2114 3637 2200 3676 nas
2239 3626 2432 3677 autem
2466 3621 2662 3692 glorias
2701 3620 3152 3693 intemperantia
3193 3625 3506 3691 corruptus
3539 3624 3661 3674 erat
3691 3621 3815 3690 ejus

2112 3710 2366 3778 animus,
2399 3717 2450 3765 et
2481 3727 2513 3764 a
2541 3709 2813 3779 religiosa
2835 3711 3274 3766 conversatione
3297 3709 3812 3766 fueratalienatus.

2779 3798 3014 3853 CAPUT
3062 3803 3147 3856 CI.

2425 3885 2546 3941 Vita
2574 3887 2748 3942 sancti
2788 3886 3047 3956 Ephrsem
3079 3887 3225 3957 (148)
3257 3887 3498 3942 diaconi.

2180 3973 2403 4028 Audisti
2428 3973 2663 4029 omnino
2686 3974 2756 4029 de
2788 3973 3050 4045 Ephrasm
3076 3974 3318 4028 diacono
3350 3971 3603 4028 ecclesiae
3627 3973 3812 4027 Edes-

2108 4079 2382 4120 senorum
2414 4063 2453 4119 ί.
2487 4063 2619 4118 Fuit
2648 4061 2803 4118 enim
2837 4078 2991 4117 unus
3039 4077 3108 4117 ex
3137 4062 3209 4116 iis
3241 4062 3341 4133 qui
3377 4061 3540 4133 digni
3572 4067 3706 4116 sunt
3738 4061 3808 4115 de

2107 4154 2322 4226 quibus
2371 4154 2471 4209 fiat
2503 4155 2720 4209 mentio
2762 4171 2793 4208 a
2824 4153 3039 4208 sanctis
3088 4153 3297 4208 Christi
3335 4152 3537 4208 servis.
3576 4153 3624 4206 Is
3673 4167 3807 4205 cum

2106 4243 2352 4316 spiritus
2382 4243 2531 4298 viam
2571 4243 2742 4312 digne
2793 4243 3126 4313 peregisset.
3161 4248 3217 4298 et
3247 4260 3277 4296 a
3329 4251 3478 4296 recta
3509 4257 3623 4296 non
3658 4240 3807 4296 decli

2107 4337 2326 4397 nasset,
2362 4333 2575 4404 dignus
2615 4337 2703 4387 est
2735 4331 2970 4387 habitus
3002 4333 3188 4402 gratia
3219 4330 3498 4386 naturalis
3530 4330 3808 4401 cognitio-

2106 4422 2217 4490 nis,
2254 4439 2429 4494 quam
2472 4422 2844 4492 consequitur
2893 4420 3204 4493 theologia,
3239 4426 3292 4476 et
3341 4426 3634 4492 postremo
3668 4419 3808 4475 bea—

2106 4513 2315 4568 titudo.
2361 4517 2505 4569 Cum
2555 4529 2690 4584 ergo
2741 4513 2919 4568 vitam
2983 4513 3343 4569 exercuisset
3409 4512 3691 4583 quietam,
3755 4516 3812 4566 et

281 4602 492 4672 neptis,
526 4579 599 4657 de
644 4618 760 4673 qua
790 4601 980 4657 dicam
1016 4579 1231 4672 postea,
1270 4579 1432 4657 misit
1472 4579 1826 4672 quingentos
1869 4601 1993 4657 seli-
2027 4579 2070 4643 Ῑ)
2107 4603 2304 4658 multis
2329 4605 2450 4673 jam
2481 4579 2651 4659 annis
2673 4604 2984 4660 aadiﬁcaret
3022 4621 3120 4661 eos
3153 4605 3254 4675 qui
3288 4579 3670 4670 ventitabant,
3710 4621 3802 4674 po-

277 4692 408 4759 dos,
441 4707 652 4763 rogans
694 4707 831 4746 eum
875 4699 936 4745 ut
968 4691 1323 4745 ministraret
1366 4690 1666 4745 fratribus.
1711 4692 1764 4746 Is
1796 4696 1991 4747 autem

277 4797 414 4837 cum
448 4786 564 4838 tres
593 4782 749 4838 solos
780 4781 1115 4852 accepisset,
1154 4782 1313 4836 misit
1345 4781 1598 4852 reliquos
1628 4780 1700 4836 ad
1737 4781 1990 4837 Dioclem

277 4870 713 4937 anachoretam,
767 4870 959 4925 virum
1007 4885 1244 4924 summa
1305 4869 1633 4941 cognitione
1682 4871 1987 4941 prmditum

276 4959 478 5016 dicens
513 4976 524 5014 :
559 4961 660 5015 Est
700 4975 792 5015 me
840 4959 1155 5030 sapientior
1207 4959 1383 5016 frater
1434 4959 1686 5026 Diocles,
1719 4965 1776 5016 et
1801 4963 1990 5030 potest

276 5066 377 5107 eos
405 5049 629 5123 integre
661 5054 718 5106 et
747 5050 1083 5106 innocenter
1115 5050 1481 5122 dispensare,
1514 5055 1578 5105 ut
1607 5049 1709 5122 qui
1744 5065 1836 5105 me
1870 5066 1988 5105 me-

271 5139 388 5195 lius
417 5141 562 5195 sciat
593 5156 691 5197 eos
740 5140 954 5211 quibus
986 5140 1062 5196 sit
1103 5141 1306 5197 merito
1352 5139 1658 5196 ferendum
1701 5139 1986 5196 auxilium

278 5245 414 5286 nam
445 5229 506 5284 hi
538 5230 679 5286 mihi
712 5230 1033 5287 sufﬁciunt.

878 5320 1104 5376 CAPUT
1143 5319 1393 5376 XCVIII.

822 5411 945 5465 Vita
975 5409 1188 5464 abbatis
1234 5411 1451 5466 Dioclis.

350 5500 452 5556 Hic
477 5500 769 5558 Dioclesin
793 5499 1178 5572 grammatica
1200 5499 1432 5568 quidem
1450 5499 1706 5570 primum
1721 5501 1987 5570 edoctus,

347 5686 360 5719 ί
390 5683 518 5740 Vita
545 5684 673 5755 ejus
702 5687 890 5740 exstat
909 5698 1083 5755 supra
1106 5680 1206 5737 lib.
1244 5681 1297 5738 Ι.

2102 4696 2223 4748 stea
2255 4708 2284 4746 e
2316 4691 2460 4746 cella
2485 4709 2826 4764 progressus
2858 4698 2946 4748 est
2978 4693 3080 4747 hac
3103 4695 3172 4747 de
3205 4709 3399 4746 causa.
3429 4695 3569 4746 Cum
3597 4709 3808 4761 magna

2105 4780 2285 4836 fames
2332 4780 2644 4836 invasisset
2695 4780 2986 4835 civitatem
3026 4781 3472 4845 Edessenorum,
3527 4779 3804 4833 misertus

2102 4871 2364 4928 omnium
2384 4871 2484 4942 qui
2512 4870 2777 4942 peribant
2799 4871 3134 4941 agrestium,
3171 4868 3450 4940 processit
3473 4866 3547 4922 ad
3580 4883 3677 4923 eos
3702 4867 3802 4938 qui

2099 4971 2263 5018 erant
2301 4962 2508 5018 divites
2540 4961 2596 5015 in
2630 4961 2880 5027 civitate,
2916 4965 2969 5015 et
3001 4960 3139 5014 dicit
3168 4959 3286 5017 eis:
3322 4959 3436 5015 Cur
3469 4975 3584 5014 non
3619 4959 3800 5014 mise-

2101 5055 2306 5111 remini
2338 5055 2606 5108 humanae
2641 5056 2859 5108 naturae
2882 5069 3008 5125 quas
3038 5052 3256 5120 interit,
3282 5053 3381 5107 sed
3419 5069 3553 5124 opes
3586 5059 3802 5107 vestras

2099 5142 2284 5197 sinitis
2335 5150 2661 5218 putrescere
2729 5141 2801 5196 ad
2863 5142 3408 5198 condemnationem
3468 5141 3800 5196 animarum

2098 5239 2422 5287 vestrarum
2461 5231 2489 5285 ‘l
2533 5231 2606 5288 Se
2639 5236 2836 5288 autem
2869 5231 3113 5288 honeste
3156 5235 3524 5296 excusantes,
3567 5229 3799 5286 dicunt:

2100 5327 2220 5377 Non
2255 5321 2534 5377 habemus
2565 5321 2653 5376 cui
2687 5323 2993 5377 credamus
3024 5323 3094 5376 ad
3119 5321 3227 5377 hoc
3259 5327 3324 5377 ut
3358 5335 3563 5391 panem
3586 5320 3804 5376 submi-

2102 5411 2308 5467 nistrat
2355 5411 2788 5468 esurientibus:
2835 5429 3036 5468 omnes
3079 5412 3238 5468 enim
3271 5428 3364 5468 res
3395 5415 3802 5481 cauponantur

2096 5501 2268 5573 (149).
2304 5501 2357 5556 ls
2389 5519 2518 5559 vero
2558 5502 2699 5558 dicit
2727 5503 2846 5559 eis:
2881 5503 3028 5568 Quid
3058 5519 3162 5573 ego
3203 5502 3360 5557 vobis
3395 5502 3592 5556 videor
3625 5501 3652 5555 ‘1
3681 5505 3803 5558 erat

2099 5596 2294 5647 autem
2325 5592 2479 5663 apud
2509 5609 2712 5648 omnes
2745 5594 2801 5648 in
2836 5608 3047 5664 magna
3067 5591 3520 5648 existimatione.
3557 5607 3672 5646 non
3705 5590 3800 5644 fal-

2098 5698 2184 5750 so,
2217 5681 2318 5737 sed
2352 5698 2560 5739 revera.
2595 5683 2654 5738 Ei
2706 5683 2900 5753 itaque
2929 5683 3136 5740 dicunt
3165 5701 3176 5736 :
3214 5681 3494 5740 Nevimus
3527 5686 3579 5738 te
3614 5677 3798 5734 homi-
