4112 6210
313 320 471 381 1207

1895 314 1993 374 ΡΑ
2006 314 2263 377 LLADII

3686 316 3849 375 1208

314 469 448 509 nem
481 452 603 507 Dei.
653 450 713 506 Si
745 467 872 507 eam
905 452 975 506 de
1020 466 1113 506 me
1156 450 1491 521 opinionem
1524 448 1896 519 concepistis,
1943 447 2021 503 ait
2054 450 2102 517 Α
2138 449 2197 506 in
2230 466 2407 506 suum
2442 449 2811 522 martyrium,
2843 449 2996 519 quod
3026 447 3152 520 ipse
3183 446 3516 515 aediﬁcarat,
3537 447 3598 502 in
3630 463 3749 519 quo
3773 449 3850 505 si-

312 542 517 598 Christi
570 557 788 611 servus,
843 541 987 596 mihi
1050 542 1120 597 de
1169 545 1372 595 caetero
1418 539 1655 595 credite.
1721 538 1880 607 Ecce,
1935 554 2026 593 me

312 636 543 702 propter
573 648 674 685 vos
709 630 858 701 eligo
895 631 1191 701 hospitum
1217 635 1604 701 exceptorem.
1638 629 1901 699 Cumque
1932 644 2027 699 pe-

312 722 547 778 cuniam
584 721 919 791 accepisset,
975 726 1031 776 et
1064 721 1260 775 inﬁxis
1293 720 1460 775 vallis
1495 728 1724 791 septum
1753 724 2024 774 constru-

313 814 512 879 xisset,
544 817 601 866 et
632 811 810 866 lectos
842 811 915 866 ad
964 814 1253 867 trecentos
1294 810 1613 878 statuisset,
1645 810 1887 864 curabat
1926 825 2022 864 eos

312 904 409 972 qui
442 901 790 957 inﬁrmiores
824 910 1009 967 erant,
1044 901 1460 973 suppeditabat
1493 901 1563 955 iis
1587 898 1686 971 qui
1709 900 1859 954 fame
1890 915 2021 954 con-

314 992 706 1046 ficiebantur:
755 1007 854 1047 eos
905 992 1139 1062 quidem
1192 992 1291 1061 qui
1326 990 1666 1045 deﬁciebant
1701 989 2019 1059 sepeliens;

312 1096 511 1135 eorum
544 1097 675 1135 vero
708 1080 805 1149 qui
835 1097 996 1151 spem
1040 1082 1172 1135 vitae
1204 1079 1502 1134 habebant
1531 1095 1735 1134 curam
1783 1094 2019 1149 gerens;

314 1175 369 1223 et
401 1175 463 1224 ut
492 1169 667 1224 semel
703 1168 911 1236 dicam,
946 1168 1262 1240 hospitium
1286 1173 1342 1222 et
1366 1168 1763 1223 ministerium
1790 1172 2023 1238 propter

315 1260 526 1313 famem
547 1257 807 1328 quotidie
829 1258 1110 1313 exhibens
1134 1259 1291 1313 exiis
1314 1276 1441 1328 quae
1465 1258 2018 1330 suppeditabantur.

312 1348 551 1419 Impleto
601 1365 735 1419 ergo
786 1366 960 1417 anno,
1015 1365 1147 1404 cum
1188 1350 1564 1403 successisset
1617 1348 1908 1413 fertilitas,
1961 1352 2017 1403 et

313 1438 509 1493 omnia
539 1446 690 1493 recte
721 1440 1123 1505 succederent,
1156 1456 1289 1493 cum
1326 1438 1468 1492 nihil
1504 1438 1743 1494 haberet
1766 1438 2019 1509 amplius

313 1528 467 1598 quod
503 1532 719 1597 ageret,
768 1528 1065 1599 ingressus
1098 1533 1187 1583 est
1242 1529 1299 1582 in
1334 1543 1500 1583 suam
1532 1527 1763 1591 cellam;
1798 1533 1851 1581 et
1893 1530 2023 1597 post

316 1630 573 1669 mensem
606 1621 661 1669 et
692 1619 982 1683 mortuus,
1028 1632 1159 1670 cum
1204 1616 1357 1670 Deus
1391 1614 1442 1668 ei
1475 1614 1625 1669 hanc
1656 1614 2020 1670 occasionem

312 1702 651 1776 praebuisset
698 1704 1085 1774 adipiscendae
1127 1720 1349 1760 coronae
1384 1705 1441 1758 in
1473 1704 1755 1759 extremis
1788 1703 2012 1758 diebus.

2138 544 2211 596 tae
2259 545 2396 596 sunt
2444 540 2699 611 reliquiae
2737 539 2977 594 Joannis
3028 538 3327 609 Baptistae;
3370 542 3425 592 et
3462 554 3597 593 cum
3638 554 3747 610 pro
3780 556 3846 595 eo

2132 636 2358 688 orasset
2382 648 2567 701 usque
2591 631 2659 685 ad
2685 629 2885 684 boram
2905 646 3116 685 nonam
3151 629 3222 683 ab
3253 629 3393 683 hora
3410 629 3601 695 tertia,
3628 646 3844 685 sanum

2132 720 2383 777 reddidit
2416 719 2843 775 adolescentem
2876 719 3068 785 matri,
3102 718 3376 773 eteodem
3410 717 3501 773 die
3534 723 3593 773 et
3618 719 3848 793 paraly-

2132 809 2244 866 sim
2276 808 2501 880 expulit
2529 812 2586 865 et
2631 810 2973 863 daemonem.
3008 808 3140 863 Erat
3169 812 3363 862 autem
3396 807 3529 863 talis
3575 810 3704 879 ejus
3740 827 3846 880 pa-

2130 899 2359 971 ralysis.
2388 904 2453 954 ut
2475 915 2695 970 spuens
2729 916 2870 969 puer
2898 904 3126 969 tergum
3160 914 3335 953 suum
3357 904 3735 969 conspueret;
3761 901 3846 955 ita

2130 995 2255 1047 erat
2286 990 2575 1045 inversus.
2611 989 2781 1045 Aliud
2814 1005 3050 1043 rursum
3094 988 3201 1043 fuit
3232 989 3359 1058 ejus
3388 989 3641 1060 signum.
3672 993 3843 1056 Que-

2128 1081 2262 1134 dam
2297 1096 2442 1135 anus
2475 1095 2602 1149 quae
2633 1095 2768 1134 oves
2800 1079 3072 1148 pascebat
3102 1078 3161 1133 in
3193 1077 3338 1133 locis
3363 1078 3597 1133 Lazario
3628 1078 3842 1136 vicinis

2128 1174 2186 1225 et
2217 1186 2382 1225 ovem
2410 1170 2703 1238 amiserat,
2756 1169 2998 1224 accessit
3047 1169 3119 1224 ad
3152 1184 3289 1223 eum
3320 1169 3501 1238 ﬂens;
3535 1186 3715 1240 quam
3748 1186 3840 1226 se-

2128 1263 2299 1315 cutus
2320 1261 2461 1316 dicit
2492 1260 2579 1315 ei:
2611 1260 2861 1315 Ostende
2900 1258 3044 1313 mihi
3078 1258 3269 1315 locum
3303 1260 3402 1315 ubi
3435 1260 3727 1317 amiseris.
3761 1264 3840 1317 Ea

2128 1368 2262 1406 vero
2293 1352 2453 1408 ducit
2482 1367 2615 1407 eum
2649 1352 2719 1405 ad
2768 1350 2893 1406 loca
2936 1367 3062 1421 quas
3123 1357 3259 1405 sunt
3316 1350 3474 1406 circa
3508 1352 3840 1408 Lazarium.

2129 1441 2304 1496 Stans
2335 1457 2470 1513 ergo
2511 1441 2714 1496 oravit.
2762 1440 2870 1505 Qui
2901 1441 3168 1496 suﬁ‘urati
3219 1448 3412 1496 autem
3444 1445 3612 1497 erant
3643 1444 3840 1499 adole-

2136 1535 2389 1600 scentes,
2422 1532 2608 1601 ipsam
2639 1531 2798 1601 prius
2838 1530 3186 1586 occiderant.
3223 1530 3368 1586 Dum
3391 1546 3525 1602 ergo
3556 1532 3685 1603 ipse
3714 1550 3843 1589 ora-

2124 1629 2232 1691 ret,
2267 1621 2499 1676 nemine
2533 1620 2864 1688 conﬁtente,
2893 1637 3067 1676 carne
3095 1620 3390 1677 occultata
3418 1620 3477 1676 in
3506 1620 3696 1687 vinea,
3728 1623 3841 1678 ali-

2128 1712 2317 1766 cunde
2346 1710 2583 1766 veniens
2614 1727 2821 1766 corvus
2840 1711 3192 1781 stetitsupra
3218 1711 3464 1777 furtum,
3488 1714 3547 1765 et
3582 1711 3838 1769 frustum

316 1793 571 1865 Reliquit
602 1798 795 1848 autem
826 1795 1042 1866 scripta
1069 1811 1298 1866 quoque
1325 1795 1513 1850 studio
1542 1794 1716 1864 digna
1747 1811 1873 1866 quae
1907 1810 2023 1849 ma-
2052 1817 2100 1882 Β
2134 1817 2201 1856 ex
2230 1800 2330 1856 illo
2361 1800 2577 1870 rapuit,
2610 1816 2675 1854 ac
2706 1816 2909 1857 rursus
2941 1799 3207 1856 evolavit.
3237 1800 3382 1856 Cum
3412 1799 3624 1856 beatus
3648 1808 3837 1858 autem

313 1900 487 1955 gnam
520 1883 624 1939 viri
657 1884 927 1940 virtutem
959 1890 1268 1941 testantur.

971 2012 1201 2067 CAPUT
1243 2012 1359 2067 CII.

846 2100 968 2158 Vita
1008 2103 1219 2158 abbatis
1248 2102 1483 2159 Iuliani.

383 2207 591 2262 Audivi
632 2225 664 2262 a
694 2210 944 2279 quodam
984 2210 1042 2265 in
1074 2210 1191 2266 illis
1224 2211 1486 2280 partibus
1519 2210 1697 2266 fuisse
1726 2208 2020 2264 lulianum

314 2300 495 2355 virum
533 2300 800 2355 maximae
826 2302 1274 2371 exercitationis,
1308 2302 1409 2373 qui
1443 2318 1572 2357 cum
1599 2317 1831 2358 carnem
1856 2316 2021 2356 suam

312 2406 491 2460 supra
522 2390 761 2446 modum
797 2392 1122 2460 afﬂixisset,
1156 2409 1291 2447 ossa
1330 2392 1518 2448 solum
1549 2396 1604 2447 et
1646 2391 1857 2463 pellem
1902 2391 2017 2447 cir-

313 2480 687 2536 cumferebat.
719 2481 773 2537 Is
796 2480 853 2536 in
878 2482 1153 2538 extremis
1174 2483 1305 2537 ﬁnis
1328 2482 1419 2539 sui
1442 2482 1646 2537 diebus
1685 2482 1898 2553 dignus
1937 2483 2023 2538 est

316 2570 551 2628 habitus
583 2572 773 2644 gratia
802 2574 1199 2630 curationum.

955 2680 1185 2736 CAPUT
1234 2681 1372 2734 CIII.

838 2768 954 2821 l’ito
992 2768 1138 2822 beati
1176 2771 1502 2824 Innocentii.

387 2876 461 2929 De
501 2873 664 2929 beato
711 2875 1048 2930 Innocentio
1100 2877 1431 2946 presbytero
1488 2875 1714 2944 Oliveti,
1749 2894 1781 2931 a
1814 2875 2015 2931 multis

311 2965 545 3036 quidem
595 2968 651 3019 et
705 2965 936 3035 magnis
978 2966 1251 3021 audiisti:
1304 2967 1487 3022 nihilo
1538 2967 1729 3022 secius
1760 2974 1948 3021 autem
1989 2983 2021 3019 a

313 3055 478 3111 nobis
500 3071 732 3126 quoque
762 3057 1103 3127 audies,qui
1139 3061 1256 3111 tres
1284 3074 1469 3112 annos
1501 3073 1634 3111 cum
1660 3073 1724 3112 eo
1754 3057 2017 3122 viximus,

311 3149 456 3202 Nam
504 3163 629 3217 quae
681 3164 833 3219 saepe
882 3148 1013 3203 illos
1070 3148 1390 3213 latuerunt,
1432 3148 1599 3202 nobis
1647 3148 2015 3215 innoterunt;

314 3252 499 3307 neque
530 3252 662 3291 vero
701 3254 853 3293 unus
888 3236 974 3291 vel
1009 3237 1177 3298 alter,
1223 3238 1321 3291 sed
1358 3254 1545 3307 neque
1577 3238 1773 3292 decem
1810 3241 2015 3307 potue-

313 3330 447 3379 runt
478 3325 657 3395 hujus
690 3326 795 3380 viri
832 3342 1063 3381 narrare
1096 3327 1358 3380 virtutes.
1396 3328 1449 3379 Is
1478 3326 1582 3379 fuit
1604 3325 1773 3396 longe
1791 3326 2014 3395 simpli-

312 3413 601 3468 cissimus.
628 3414 769 3468 Cum
794 3420 986 3469 autem
1014 3415 1060 3466 is
1086 3413 1547 3468 fuissetillustris
1576 3414 1631 3466 in
1660 3413 1872 3481 palatio
1908 3414 2014 3468 sub

310 3503 658 3571 imperatore
692 3505 1034 3558 Constantio
1053 3505 1203 3573 (150)
1220 3504 1275 3556 in
1305 3503 1608 3573 principiis
1622 3503 2010 3574 ejusimperii,

313 3592 534 3644 mundo
569 3592 938 3657 renuntiavit,
976 3596 1269 3663 profectus
1300 3610 1331 3646 a
1366 3592 1773 3648 matrimonio:
1811 3593 1868 3647 in
1901 3608 2018 3662 quo

312 3678 481 3732 etiam
516 3679 721 3735 habuit
772 3680 979 3751 ﬁlium,
1018 3683 1256 3737 Paulum
1309 3682 1561 3746 nomine,
1598 3682 1697 3752 qui
1730 3680 1877 3737 inter
1916 3683 2017 3737 do-

316 3768 589 3823 mesticos
640 3769 923 3825 militabat
960 3773 1132 3843 (151).
1177 3772 1228 3826 Is
1260 3788 1389 3827 cum
1423 3780 1714 3842 peccasset
1746 3773 1802 3826 in
1839 3772 2015 3827 ﬁliam

316 3857 655 3931 presbyteri,
692 3860 1045 3930 imprecatus
1086 3867 1174 3918 est
1198 3862 1429 3933 proprio
1462 3862 1579 3917 ﬁlio
1616 3862 2012 3928 Innocentius,

314 3949 497 4005 Deum
527 3969 756 4021 rogans,
790 3959 846 4009 et
874 3954 1074 4009 dicens
1104 3971 1116 4010 :
1154 3954 1420 4019 Domine,
1457 3955 1530 4008 da
1552 3955 1601 4008 ei
1628 3954 1921 4025 spiritum,
1946 3969 2017 4007 ne

314 4040 569 4111 amplius
602 4042 857 4097 inveniat
889 4046 1017 4113 ejus
1054 4060 1184 4097 caro
1210 4047 1443 4114 tempus
1477 4042 1776 4113 peccandi,
1810 4041 2017 4097 melius

314 4132 627 4188 arbitratus
659 4149 791 4188 eum
819 4149 1078 4204 pugnare
1111 4148 1239 4187 cum
1269 4135 1526 4187 daemone
1560 4148 1736 4203 quam
1769 4147 1901 4188 cum
1936 4132 2015 4185 in-

315 4222 717 4291 temperantia.
770 4224 929 4286 Quod
974 4223 1147 4277 etiam
1193 4222 1408 4275 factum
1454 4227 1543 4276 est
1586 4237 1599 4275 :
1660 4237 1795 4275 nam
1864 4236 2019 4275 nunc

313 4325 546 4378 quoque
578 4312 768 4364 adhuc
805 4320 887 4364 est
938 4312 995 4365 in
1049 4316 1242 4365 monte
1293 4311 1614 4377 Olivarum,
1654 4312 1870 4365 ferrum
1914 4327 2016 4381 ge-

314 4402 497 4464 stans,
532 4403 586 4453 et
635 4398 957 4469 castigatus
991 4417 1023 4453 a
1056 4400 1296 4469 spiritu;
1332 4405 1387 4453 et
1421 4402 1573 4470 quod
1612 4399 1876 4454 mirabile
1908 4404 2016 4468 est,

314 4488 413 4555 qui
446 4490 605 4540 tanto
642 4491 899 4555 tempore
924 4488 1235 4541 adaemone
1258 4492 1578 4559 torquetur.
1605 4488 1707 4543 Hic
1739 4489 2020 4546 Innocen-

314 4575 430 4628 tius
491 4574 631 4628 adeo
676 4575 785 4629 fuit
834 4575 1157 4631 misericors
1206 4577 1476 4646 (fortasse
1525 4582 1717 4633 autem
1783 4580 2018 4636 videbor

314 4664 486 4720 etiam
515 4664 720 4738 nugari
751 4666 889 4720 dum
915 4682 1049 4721 vera
1076 4668 1291 4737 narro),
1327 4673 1388 4723 ut
1410 4683 1560 4739 saepe
1584 4669 1965 4725 suﬁ'uraretur
1986 4687 2017 4725 a

312 4756 610 4827 fratribus,
666 4760 721 4813 et
770 4757 932 4812 daret
982 4758 1309 4830 egentibus.
1364 4758 1493 4814 Fuit
1542 4764 1738 4814 autem
1786 4776 2018 4816 summe

315 4849 562 4920 simplex
592 4853 649 4904 et
678 4848 984 4905 innocens.
1018 4850 1070 4904 Is
1105 4849 1315 4919 dignus
1350 4858 1435 4906 est
1466 4850 1701 4906 habitus
1736 4851 1884 4905 dono
1917 4851 2016 4905 ad-

311 4954 510 4993 versus
534 4939 822 4994 daemones
860 4954 873 4993 :
907 4943 963 4994 et
1004 4940 1073 4994 ad
1107 4956 1240 4995 eum
1274 4940 1587 5011 aliquando
1618 4941 1905 4995 adductus
1936 4948 2019 4995 est

313 5029 481 5084 nobis
511 5028 847 5085 videntibus
877 5028 1217 5087 adolescens
1246 5047 1416 5102 quem
1457 5030 1748 5086 invaserat
1777 5029 2016 5101 spiritus

311 5127 363 5175 et
396 5119 700 5193 paralysis,
751 5124 815 5175 ut
848 5135 952 5191 ego
1000 5137 1129 5176 cum
1164 5120 1459 5187 vidissem,
1505 5120 1788 5176 voluerim
1821 5124 2017 5192 aperte

310 5216 556 5267 matrem
586 5210 866 5283 expellere
908 5228 1039 5265 cum
1072 5211 1143 5266 iis
1176 5230 1205 5266 a
1242 5213 1455 5283 quibus
1489 5213 1677 5267 fuerat
1704 5213 2013 5282 adductus,

314 5302 625 5371 desperans
656 5319 789 5358 eum
824 5319 993 5373 posse
1024 5303 1239 5357 curari.
1290 5303 1513 5360 Accidit
1544 5307 1739 5357 autem
1774 5307 1838 5357 ut
1866 5301 2013 5357 inte-

312 5388 421 5442 rim
469 5394 705 5447 veniens
754 5408 931 5447 senex
983 5393 1133 5447 hanc
1186 5392 1405 5449 videret
1443 5394 1751 5457 astantem,
1792 5391 2017 5445 deflen-

312 5481 563 5547 temque,
598 5486 654 5536 et
684 5481 997 5552 ejulantem
1027 5487 1259 5555 propter
1280 5481 1731 5538 inenarrabilem
1772 5480 2017 5550 calami-

310 5570 489 5622 tatem
523 5570 646 5623 ﬁlii.
672 5575 1048 5643 Lacrymatus
1071 5590 1201 5646 ergo
1236 5573 1551 5645 praeclarus
1575 5586 1750 5627 senex
1781 5575 1835 5627 et
1866 5587 2016 5627 com-

313 5660 506 5714 motus
535 5656 877 5733 visceribus,
930 5670 1161 5735 accepto
1194 5664 1557 5722 adolescente
1599 5662 1898 5732 ingressus
1929 5665 2018 5717 est

2134 1889 2660 1957 animadvertisset,
2715 1889 2857 1945 vidit
2921 1893 3238 1945 mactatam
3275 1888 3601 1946 victimam.
3651 1892 3718 1946 Et
3759 1893 3836 1947 sic

2122 1981 2363 2050 juvenes
2408 1980 2479 2034 ad
2511 1980 2684 2049 pedes
2729 1980 2858 2049 ejus
2908 1979 3239 2035 accidentes
3288 1979 3543 2034 confessi
3594 1986 3737 2036 sunt
3779 1999 3837 2038 se

2128 2069 2431 2133 occidisse,
2452 2070 2739 2139 etjustum
2761 2068 3013 2138 pretium
3036 2068 3143 2124 fuit
3157 2068 3230 2123 ab
3245 2068 3328 2125 eis
3340 2073 3644 2139 exactum;
3671 2075 3838 2141 atque

2128 2160 2212 2216 ita
2242 2159 2506 2231 castigati
2538 2162 2696 2220 sunt,
2732 2162 2797 2214 ut
2826 2174 2897 2213 ne
2929 2158 3069 2229 quid
3102 2166 3214 2214 tate
3242 2159 3495 2230 amplius
3528 2160 3833 2217 auderent.

2776 2247 3003 2303 CAPUT
3044 2248 3177 2305 CIV.

2667 2343 2782 2396 Vita
2814 2341 3028 2396 abbatis
3060 2341 3286 2397 Adoliis.

2201 2432 2424 2487 Rursus
2458 2431 2588 2486 novi
2638 2430 3017 2502 Jerosolymis
3051 2432 3387 2502 quemdam,
3418 2434 3657 2489 nomine
3684 2435 3833 2490 Ado-

2126 2523 2294 2588 lium,
2339 2537 2550 2593 genere
2580 2523 2969 2578 Tarsensem:
3014 2523 3115 2593 qui
3147 2538 3280 2578 eum
3310 2522 3565 2580 venisset
3601 2526 3831 2581 Jerosoo

2128 2612 2305 2683 lyma,
2345 2612 2652 2683 ingressus
2691 2616 2781 2667 est
2806 2612 2956 2667 viam
2986 2611 3232 2668 minime
3282 2612 3474 2669 tritam
3505 2614 3684 2685 (152),
3719 2632 3833 2670 non

2129 2718 2308 2773 quam
2350 2702 2521 2757 multi
2563 2702 2812 2772 ingressi
2866 2706 3024 2770 sunt,
3058 2703 3160 2758 sed
3194 2702 3399 2758 selecto
3432 2704 3541 2758 sibi
3573 2706 3832 2774 quodam

2128 2808 2275 2847 novo
2319 2792 2446 2846 vitae
2496 2792 2788 2848 instituto.
2839 2792 2912 2847 Se
2941 2792 3097 2847 enim
3137 2807 3307 2863 snper
3343 2792 3634 2847 hominem
3667 2808 3835 2849 exer-

2127 2880 2306 2947 cuit;
2374 2888 2437 2935 ut
2507 2880 2683 2936 etiam
2736 2880 2846 2951 ipsi
2924 2881 3087 2951 pravi
3166 2882 3449 2936 daemones
3516 2881 3839 2938 horrentes

2127 2971 2254 3041 ejus
2286 2972 2705 3040 austeritatem,
2739 2986 2810 3025 ne
2842 2970 2912 3024 ad
2943 2970 3341 3041 eum‘quidem
3375 2970 3650 3026 auderent
3682 2988 3840 3028 acce-

2128 3057 2279 3111 dere.
2316 3060 2551 3127 Propter
2588 3073 2883 3112 summam
2914 3062 3107 3113 autem
3157 3058 3623 3113 exercitationem
3658 3062 3715 3114 et
3747 3060 3837 3113 vi—

2131 3146 2351 3217 giliam,
2386 3147 2755 3202 existimatus
2788 3152 2877 3202 est
2905 3163 3033 3203 esse
3065 3151 3384 3219 spectrum.
3411 3149 3475 3203 In
3510 3149 3835 3220 quadrage-

2130 3238 2277 3291 sima
2318 3238 2471 3292 enim
2507 3237 2845 3292 comedebat
2864 3244 2993 3309 post
3016 3238 3277 3309 quinque
3298 3238 3446 3305 dies,
3490 3242 3606 3293 toto
3638 3244 3833 3294 autem

2129 3325 2241 3381 alio
2272 3329 2551 3396 tempore,
2592 3342 2708 3381 uno
2739 3325 2833 3381 die
2854 3326 3179 3395 interjecto.
3214 3327 3334 3381 Hoc
3357 3334 3551 3381 autem
3577 3328 3684 3381 fuit
3704 3329 3833 3395 eius

2128 3415 2355 3470 virtutis
2408 3431 2686 3487 magnum
2721 3416 2967 3471 facinus.
3002 3417 3047 3469 Α
3094 3432 3334 3485 vespera
3367 3433 3557 3488 usque
3588 3419 3656 3472 ad
3692 3418 3832 3473 illud

2128 3508 2361 3573 tempus
2400 3520 2515 3574 quo
2561 3504 3018 3575 congregabatur
3059 3505 3391 3561 fraternitas
3438 3506 3498 3561 in
3546 3508 3829 3573 oratoriis,

2127 3593 2185 3647 in
2218 3592 2459 3659 Oliveto,
2511 3593 2570 3646 in
2601 3594 2748 3649 colle
2776 3595 3204 3665 Assemptionis
3247 3596 3403 3649 unde
3434 3597 3698 3652 ascendit
3732 3597 3834 3651 Je-

2128 3699 2247 3744 sus,
2284 3687 2559 3753 perpetuo
2590 3683 2781 3739 stabat
2811 3683 3087 3756 psallens,
3113 3688 3170 3739 et
3198 3702 3399 3751 orans,
3423 3691 3478 3741 et
3500 3687 3830 3756 jejunabat;

2128 3778 2184 3828 et
2213 3773 2332 3829 sive
2365 3774 2623 3844 pluebat,
2665 3775 2783 3830 sive
2814 3776 3220 3846 grandinabat,
3268 3779 3548 3832 manebat
3576 3777 3832 3833 immobi-

2127 3862 2216 3917 lis.
2276 3863 2515 3935 Impleto
2574 3869 2764 3920 autem
2834 3870 3094 3936 tempore
3151 3871 3449 3937 consueto,
3502 3868 3832 3923 excitatorio

2128 3954 2334 4009 malleo
2384 3954 2651 4025 pulsabat
2698 3956 2874 4011 cellas
2924 3957 3208 4027 omnium,
3242 3974 3341 4013 eos
3371 3974 3740 4029 congregans
3764 3960 3830 4013 ad

2127 4046 2396 4110 oratoria,
2459 4051 2516 4100 et
2560 4046 2615 4100 in
2687 4063 3041 4117 unoquoque
3106 4049 3357 4104 oratorio
3403 4065 3523 4104 una
3591 4066 3721 4104 cum
3749 4049 3831 4105 eis

2128 4134 2380 4205 psallens
2412 4151 2583 4189 unam
2632 4141 2731 4191 aut
2761 4137 2908 4192 duas
2941 4137 3316 4205 antiphonas,
3348 4142 3406 4193 et
3438 4155 3558 4193 una
3587 4154 3717 4194 cum
3752 4140 3831 4193 eis

2128 4243 2330 4293 orans;
2365 4234 2417 4282 et
2439 4228 2518 4282 sic
2549 4228 2642 4283 die
2673 4229 3176 4300 appropinquante
3200 4230 3323 4284 ibat
3355 4229 3415 4284 in
3449 4229 3748 4293 cellulam,
3779 4238 3827 4284 et

2129 4331 2322 4371 revera
2350 4317 2626 4372 fratribus
2658 4334 2787 4373 eum
2821 4320 3192 4386 exuentibus,
3212 4322 3267 4375 et
3290 4324 3480 4374 vestes
3504 4320 3831 4391 exprimen-

2127 4404 2285 4460 tibus
2309 4406 2543 4475 perinde
2564 4408 2732 4479 quasi
2758 4409 2885 4464 lotae
2916 4409 3157 4465 fuissent
3184 4409 3267 4464 ita
3296 4408 3671 4474 distillantes,
3696 4423 3829 4463 eum

2128 4492 2255 4547 aliis
2299 4494 2633 4551 induebant.
2688 4498 2748 4552 Et
2780 4514 2911 4553 eum
2946 4498 3260 4569 quievisset
3300 4512 3486 4569 usque
3516 4498 3585 4553 ad
3628 4498 3828 4551 horam

2052 4561 2094 4624 D
2129 4578 2381 4647 tertiam,
2434 4581 2757 4651 psalmodia
2785 4561 3093 4653 excit-atus,
3126 4590 3251 4641 erat
3282 4584 3333 4640 ei
3366 4561 3617 4640 intentus
3637 4598 3829 4653 usque

2129 4671 2198 4724 ad
2232 4685 2554 4742 vesperam.
2593 4678 2723 4728 Haec
2769 4682 2854 4730 est
2894 4692 3030 4747 ergo
3080 4676 3265 4731 virtus
3297 4674 3483 4730 Adolii
3510 4672 3829 4740 Tarsensis,

2131 4759 2231 4831 qui
2263 4767 2701 4818 consummatus
2730 4764 3134 4837 Jerosolymis,
3164 4770 3221 4821 et
3253 4764 3331 4821 ibi
3362 4768 3644 4821 aeternum
3673 4778 3831 4819 som-

2129 4864 2273 4907 num
2305 4852 2560 4921 dormiit,
2592 4858 2648 4909 et
2677 4855 2945 4925 sepultus
2978 4861 3085 4911 est.

2786 4943 3006 5000 CAPUT
3057 4944 3167 5000 CV.

2706 5034 2775 5089 De
2806 5036 3061 5091 Abramio
3084 5036 3257 5106 (153).

2198 5119 2328 5175 Fuit
2378 5121 2616 5192 quidam
2663 5123 2992 5191 Abramius,
3025 5140 3233 5196 genere
3265 5124 3587 5197 Egyptius,
3624 5123 3722 5194 qui
3752 5124 3831 5176 vi-

2127 5215 2245 5266 tam
2278 5212 2659 5283 asperrimam
2692 5218 2748 5268 et
2780 5215 3032 5269 maxime
3064 5218 3353 5286 agrestem
3384 5216 3501 5282 egit
3533 5215 3592 5269 in
3630 5212 3835 5269 solitu-

2126 5302 2280 5357 dine.
2302 5305 2353 5357 Is
2376 5304 2571 5358 animo
2596 5305 2891 5360 sauciatus
2909 5306 2977 5360 ab
3004 5306 3418 5376 intempestiva
3432 5305 3831 5377 persuasione,

2126 5393 2360 5448 veniens
2392 5394 2451 5449 in
2483 5394 2807 5463 ecclesiam,
2842 5395 3138 5451 contendit
3182 5412 3316 5452 cum
3351 5393 3727 5468 presbyteris,
3758 5393 3833 5448 di-

2128 5499 2261 5537 cens
2287 5499 2299 5537 :
2335 5486 2515 5538 Noctu
2546 5501 2577 5538 a
2607 5484 2833 5539 Christo
2857 5485 3159 5541 ordinatus
3185 5501 3318 5541 sum
3350 5484 3679 5555 presbyter,
3713 5499 3832 5538 sus-

2127 5571 2298 5643 cipite
2339 5587 2431 5627 me
2471 5580 2532 5627 ut
2596 5573 2978 5629 sacerdotem.
3013 5575 3213 5630 Patres
3264 5590 3399 5629 cum
3452 5573 3832 5628 abduxissent

2126 5676 2261 5717 eum
2293 5680 2325 5718 a
2354 5661 2689 5732 solitudine,
2714 5669 2769 5719 et
2790 5663 2862 5721 ad
2888 5662 3067 5722 vitam
3090 5663 3469 5722 deduxissent
3488 5663 3833 5721 crassiorem
