4078 6212
319 385 474 447 1209

317 617 412 658 τας
473 596 775 672 διατρέφων
820 598 911 652 καὶ
959 601 1300 671 νοσοκομῶν,
1331 596 1419 652 καὶ
1475 595 1807 667 ἁπαξαπλῶς
1836 607 1967 656 πᾶσι

312 681 429 739 τοῖς
480 676 937 753 ἐπιχωριάζουσιν
972 677 1119 751 αὐτῷ
1166 682 1264 734 τοῦ
1308 678 1479 752 λιμοῦ
1525 676 1703 735 ἕνεκεν
1757 680 1966 752 ξενοδο-

313 757 466 833 χείαν
494 758 584 814 καὶ
643 758 935 833 ὑπηρεσίαν
986 764 1251 834 παρεῖχεν
1308 760 1438 815 καθ’
1474 759 1683 836 ἡμέραν
1750 761 1811 818 ἐκ
1856 770 1966 819 τῶν

313 841 710 916 παρεχομένων
770 840 937 912 αὐτῷ.
990 840 1390 916 Πληρωθέντος
1443 838 1502 895 δὲ
1558 847 1656 897 τοῦ
1696 842 1964 913 ἐνιαυτοῦ,

315 922 405 977 καὶ
474 919 858 995 διαδεξαμένης
912 928 1013 990 τῆς
1069 922 1319 992 εὐθηνίας
1379 924 1470 978 καὶ
1534 925 1750 979 πάντων
1822 923 1965 979 οἷ’κοι

313 1000 723 1077 πορευομένων,
781 1003 814 1055 ἁ
867 998 1123 1075 ἀοίδίμος
1181 1003 1342 1064 οὗτος
1420 1006 1614 1081 μηκέτι
1699 1000 1844 1080 ἔχων
1936 1006 1967 1058 6'

313 1084 486 1158 πράξη
559 1082 713 1145 αὖθις
768 1082 1108 1158 ὑποστρέψας
1166 1085 1241 1147 εἰς
1307 1086 1409 1155 τὴν
1494 1087 1687 1141 ἑαυτοῦ
1762 1085 1963 1141 κέλλαν

312 1162 480 1220 πάλιν
536 1161 810 1234 εἷσῆλθεν,
868 1163 957 1218 καῖ
1014 1169 1273 1239 κοιμᾶται
1335 1168 1467 1239 μετά
1536 1170 1699 1240 μῆνα,
1756 1166 1965 1241 κληρο-

314 1246 560 1322 νομήσας
620 1245 719 1313 τὴν
793 1244 1056 1321 μακαρίαν
1142 1252 1247 1320 γῆν
1312 1251 1423 1301 τῶν
1508 1248 1747 1320 πραέων,
1830 1249 1967 1322 πρὸς

321 1329 437 1385 τοῖς
481 1321 679 1387 ἄλλοις
735 1323 900 1378 αὑτοῦ
958 1324 1365 1399 κατορθώμασι.
1429 1326 1529 1381 Καὶ
1584 1328 1786 1396 ταύτην
1863 1321 1965 1395 τήν

312 1402 586 1460 διακονίαν
617 1404 1004 1479 παρασχόντος
1035 1404 1183 1478 αὐτῷ
1213 1411 1308 1460 τοῦ
1341 1410 1476 1461 Θεοῦ
1525 1406 1601 1468 εἷς
1649 1409 1714 1460 τὰ
1762 1402 1966 1481 ἔσχατα

314 1486 451 1560 πρὸς
509 1484 758 1540 ὑπόθεσιν
816 1484 1214 1561 λαμπροτέρων
1273 1486 1548 1561 στεφάνων
1605 1485 1695 1543 διὰ
1748 1488 1966 1560 τρόπων

313 1564 614 1635 πραότητα.
672 1563 1084 1621 Καταλέλοιπεν
1138 1563 1194 1620 δὲ
1259 1568 1349 1621 καὶ
1408 1569 1753 1643 συντάγματα
1811 1565 1969 1628 οὖτος

315 1646 343 1699 6
377 1642 773 1719 δοκιμώτατος,
806 1646 881 1700 ὧν
938 1646 1004 1701 τὰ
1060 1643 1295 1701 πλεῖστα
1344 1642 1591 1716 σπουδῆς
1632 1646 1774 1701 ἐστιν
1825 1645 1964 1717 ἄξια,

318 1724 508 1796 πολλὴ
541 1727 733 1802 ἀρετήν
760 1730 840 1801 τῷ
871 1724 1026 1802 ἀνδρὶ
1070 1725 1463 1803 μαρτυροῦντα.

936 1814 1192 1864 ΚΕΦΔΛ.
1238 1810 1352 1866 ΡΒ’.

882 1881 1011 1955 Περὶ
1074 1878 1394 1937 Ἰουλιανοῦ.

385 1963 632 2032 Ἀκήκοά
686 1962 810 2035 περὶ
853 1959 1154 2016 Ἰουλιανοῦ
1221 1982 1365 2024 τινος
1450 1961 1501 2016 ἐν
1580 1967 1698 2023 τοῖς
1781 1962 1965 2036 μέρεσι

311 2051 419 2102 τῶν
486 2040 845 2112 Ἐδεσσηνῶν,
905 2040 1095 2116 ἀνδρὸς
1157 2041 1601 2113 ἁσκητικωτάτου
1655 2064 1668 2077 ·
1730 2042 1790 2105 ὅς
1848 2043 1966 2096 καθ’

318 2120 627 2200 ὑπερϐολήν
688 2121 880 2177 ἐαυτοῦ
946 2124 1247 2193 κατατήξας
1304 2123 1367 2178 τὸ
1428 2123 1638 2196 σαρκίεν
1688 2122 1844 2178 ὀστέα
1876 2123 1966 2179 καὶ

313 2206 489 2283 δέρμα
544 2203 852 2281 περιέφερεν
914 2205 1109 2283 μόνον.Δ
1164 2204 1334 2266 Θῦτος
1395 2203 1471 2267 είς
1523 2205 1590 2259 τὰ
1637 2199 1841 2279 ἔσχατα
1869 2208 1967 2259 τοῦ

311 2280 503 2349 τέλους
536 2280 848 2356 κατηξιώθη
886 2290 1056 2355 τιμῆς
1086 2280 1259 2339 ἕνεκεν
1311 2284 1653 2359 χαρίσματος
1700 2284 1966 2360 ῗαμάτων.

939 2367 1200 2420 ΚΕΦΑΛ.
1260 2366 1373 2420 PI".

868 2446 1000 2520 Περὶ
1049 2447 1429 2506 Ἰννοκεντίου.

386 2530 467 2586 Τὰ
514 2529 651 2583 κατὰ
699 2526 791 2582 τὸν
846 2526 1109 2600 μακάριον
1162 2526 1504 2582 Ἰννοκέντιον
1570 2527 1663 2584 τόν
1730 2526 1966 2605 πρεσϐύ-

316 2629 475 2683 τερον
503 2608 599 2663 τόῦ
628 2607 926 2668 Ἐλαιῶνος
953 2605 1099 2683 παρά
1146 2606 1374 2663 πολλῶν
1429 2608 1526 2682 μὲν
1569 2608 1659 2665 καὶ
1713 2610 1966 2685 μεγάλων

317 2691 561 2760 ἀκήκοας
594 2708 608 2723 ’
670 2686 819 2743 οὐδὲν
885 2688 943 2743 δὲ
979 2690 1169 2759 ἧττον,
1224 2688 1269 2743 εί
1326 2688 1417 2744 καὶ
1476 2691 1600 2765 παρ’
1656 2693 1818 2765 ἡμῶν
1859 2697 1965 2747 τῶν

317 2774 583 2825 ταπεινῶν
643 2769 843 2843 μάθοις
896 2767 964 2823 τὰ
1010 2769 1135 2845 περὶ
1194 2769 1359 2824 αὐτοῦ
1432 2775 1540 2826 τῶν
1618 2774 1965 2843 συζησάντων

319 2849 467 2922 αὐτῷ
496 2856 679 2924 τριετῆ
717 2848 937 2924 χρόνον.
968 2852 1036 2904 "A
1084 2854 1187 2923 γὰρ
1234 2848 1469 2914 ἐκείνους
1506 2850 1781 2915 πολλάκις
1839 2851 1971 2908 ἔλα-

321 2932 405 2984 θεν
470 2933 576 2984 τῶν
626 2929 833 3003 ἀρετῶν
908 2933 1004 2983 τοῦ
1079 2926 1291 3002 ἀνδρος,
1368 2933 1503 3002 ἡμῖν
1576 2932 1967 3009 πεφανέρωται.

317 3009 393 3069 Οὐ
423 3012 527 3085 γὰρ
569 3008 752 3087 ῥᾴδιον
802 3008 1028 3065 τιούτου
1083 3007 1295 3087 ἀνδρὸς
1323 3011 1514 3087 ἀρετὰς
1563 3007 1966 3086 ἐξεργάσασθαι.

315 3087 344 3145 ἐ
440 3084 443 3085 ν
502 3084 528 3110 ⁸
570 3084 617 3144 ⁷δ
662 3090 677 3110 ’
918 3087 1046 3143 ἀλλ’
1135 3084 1160 3103 ”
1283 3085 1349 3119 Μ·
1695 3084 1701 3086 ⁷

346 3111 407 3145 να
441 3110 530 3145 και
624 3108 859 3164 ευτερον,
1100 3109 1219 3143 ουτε
1281 3108 1519 3146 οεκατον.
1572 3092 1744 3153 Ουτος
1791 3091 1966 3147 τοίνυν

319 3172 346 3225 6
378 3168 598 3244 ἄριστος
629 3173 736 3225 τῶν
768 3169 1019 3239 ἀσκητῶν
1052 3167 1425 3230 άπλούστατος
1456 3170 1522 3238 ἦν
1568 3172 1687 3224 καθ’
1742 3167 1969 3247 ὑπερϐο-

1609 383 1995 461 HISTORIA.
2021 379 2425 446 LAUSIACA.

318 514 693 590 λιμπάνοντας
725 517 965 586 θάπτων,
1021 517 1147 578 τοὺς
1196 516 1252 572 δὲ
1320 513 1517 572 ἐλπίδα
1578 519 1722 585 ζωῆς
1798 515 2046 593 ἔχον-Α
2080 512 2311 593 λείψανα
2366 513 2467 565 τοῦ
2524 509 2668 593 θείου
2700 510 2976 593 ,Ἰωάννου
3037 514 3134 565 τοῦ

3563 385 3723 446 1210

3220 513 3536 585 βαπτιστοῦ,
3622 514 3720 570 Καὶ

2081 592 2434 665 ἐπιυξάμενος
2493 592 2642 672 αὐτῷ
2688 591 2794 646 ἀπὸ
2849 590 3035 666 τρίτης
3105 593 3248 666 ὧρας
3324 592 3521 672 μέχρις
3569 594 3722 649 ἐννά-

2077 696 2199 745 της,
2235 674 2362 747 ὑγιῆ
2401 670 2677 728 ἀπέδωκεν
2724 673 2817 727 τὸν
2859 673 3133 729 νεανίσκον
3178 678 3247 748 τῇ
3289 670 3455 730 αὐτοῦ
3499 679 3668 751 μητρί
3708 723 3724 735 .

2073 754 2164 808 καὶ
2192 754 2286 808 τὸν
2338 750 2573 825 δαίμονα
2619 751 2869 822 ἐξελάσας
2926 754 3019 809 ἀπ’
3065 756 3254 823 αὐτοῦ,
3304 757 3393 810 καὶ
3440 757 3541 825 τὴν
3585 750 3722 828 πάρ-

2076 855 2188 889 εσιν
2249 832 2555 905 ἰασάμενος.
2629 836 2861 905 Τοιαύτη
2941 832 2999 890 δὲ
3082 835 3148 903 ἧν
3220 838 3256 905 ἡ
3340 837 3583 907 πάρεσις,
3648 838 3721 899 ὡς

2075 913 2314 969 πτύοντα
2367 914 2457 968 τὸν
2517 917 2683 967 παῖσα
2743 915 2829 968 ἐπὶ
2886 916 2976 970 τὸν
3036 921 3204 971 νῶτον
3267 917 3453 971 ἑαυτὸν
3512 918 3721 974 πτύειν.

2076 994 2259 1055 Οὕτως
2316 995 2397 1073 ἦν,
2450 992 2763 1071 ἐκστραφεῖς
2811 1014 2823 1028 ’
2882 997 2972 1051 καὶ
3043 998 3070 1050 ὁ
3138 998 3311 1059 οὑτως
3362 998 3594 1061 ἐλεεινὸς
3652 1004 3721 1073 τῇ

2081 1075 2220 1149 εὐχῇ
2250 1079 2347 1130 τοῦ
2380 1071 2589 1128 δικαίου
2621 1082 2965 1149 παραχρῆμα
2997 1075 3142 1147 ἰάθη.
3176 1077 3271 1139 Εἰς
3312 1078 3438 1141 τοὺς
3488 1081 3611 1151 περὶ
3658 1071 3719 1136 τὸ

2075 1156 2343 1229 Λαζάριον
2374 1155 2575 1214 τόπους
2622 1153 2862 1226 νέμουσα
2919 1151 3164 1228 πρόϐατα
3221 1162 3388 1230 γραῦς
3445 1159 3719 1215 ἀπώλεσεν

2072 1233 2151 1303 ἓν,
2181 1236 2459 1311 νεωτέρων
2489 1239 2597 1289 τῶν
2630 1236 2775 1307 [κατὰ
2819 1234 2909 1288 τὸν
2966 1234 3131 1289 τόπον
3176 1234 3337 1290 τοῦτὸ
3385 1237 3719 1311 κλεψάντων.

2078 1316 2354 1370 Κλαίουσα
2396 1312 2486 1369 οὖν
2532 1317 2566 1383 ἡ
2618 1319 2786 1390 γραῦς
2827 1313 3134 1388 προσῆλθεν
3192 1316 3371 1389 τούτῳ
3427 1321 3506 1387 τῷ
3561 1318 3723 1389 ἐνθέῳ

2077 1392 2248 1468 ἀνδρί.
2282 1396 2343 1452 Ὁ
2375 1392 2431 1448 δὲ
2464 1394 2612 1470 λέγει
2659 1394 2818 1466 αὐτῇ.
2873 1395 3050 1466 Δεῖξόν
3107 1415 3200 1468 μοι
3246 1396 3338 1450 τὸν
3380 1394 3545 1452 τόπον
3601 1394 3723 1451 ἔνθα

2075 1480 2241 1529 τοῦτο
2308 1474 2621 1535 ἀπώλεσας.
2684 1474 2979 1544 Ἀπιούσης
3034 1475 3124 1530 οὖν
3178 1475 3345 1545 αὐτῆς
3388 1476 3473 1533 ἐπὶ
3522 1480 3583 1533 τὸ
3622 1487 3725 1533 Λα-

2083 1555 2286 1630 ζάριον,
2340 1554 2633 1625 ἠκολούθει
2698 1554 2726 1607 6
2789 1555 2978 1629 μέγας.
3040 1557 3140 1611 Καὶ
3218 1558 3505 1632 γενόμενος
3589 1561 3725 1615 κατᾶ

2074 1635 2167 1689 τὸν
2224 1636 2415 1701 τόπον,
2479 1635 2605 1697 στὰς
2663 1635 3030 1707 προσηύξατο.
3109 1637 3170 1689 Οἱ
3249 1634 3340 1691 οῦν
3426 1638 3725 1712 κλέψαντες

2075 1719 2236 1770 τοῦτο
2290 1712 2582 1789 πρόϐατον,
2642 1710 2885 1792 ἔσφαξαν,
2942 1717 3033 1770 καὶ
3089 1717 3155 1770 τὰ
3213 1716 3344 1793 κρέα
3394 1717 3443 1772 ἐν
3498 1710 3565 1792 τῇ
3620 1722 3724 1793 ἀμ-

2076 1794 2230 1867 πέλῳ
2256 1796 2615 1870 κατέκρυψαν.
2647 1796 2736 1852 Ἐν
2768 1797 2846 1869 τῷ
2877 1795 2969 1851 οὖν
3018 1797 3108 1851 τὸν
3157 1798 3306 1853 ὅσιον
3346 1797 3513 1874 ἄνδρα
3553 1820 3725 1874 προσ-

1995 1874 2326 1949 Βεύχεσθαι
2389 1874 2620 1949 μηδενὸς
2677 1880 2784 1930 τῶν
2857 1876 3044 1931 αἷτίων
3124 1879 3575 1956 ὑμαλογούντων,
3625 1884 3722 1950 τῆς

2074 1956 2305 2030 χάριτος
2337 1955 2683 2031 ἐνεργούσης,
2711 1956 2875 2028 κόραξ
2916 1959 3075 2012 ποθὲν
3133 1955 3333 2029 ἐλθὼν,
3363 1961 3451 2015 καὶ
3501 1958 3724 2023 ἐπιστάς

2073 2040 2141 2111 τῇ
2172 2037 2378 2109 κλοπῇ,
2410 2032 2593 2093 λαϐὼν
2624 2035 2885 2094 κοπάδιον
2927 2038 3018 2093 ἀπ’
3058 2039 3222 2095 αὐτοῦ
3269 2041 3434 2097 πάλιν
3484 2041 3717 2113 ἀπέπτη.

2077 2119 2480 2192 Προσεσχηκὼς
2530 2118 2623 2172 οὖν
2657 2124 2819 2174 τοῦτο
2879 2121 2905 2174 6
2969 2121 3231 2195 μακάριος
3289 2124 3467 2194 οὗτος,
3531 2125 3721 2199 μικρὸν

2075 2196 2360 2272 προελθὼν
2390 2198 2537 2271 εὗρεν
2564 2199 2625 2253 τὸ
2667 2200 2830 2272 θῦμα,
2881 2201 2969 2254 καὶ
3017 2200 3144 2263 τοὺς
3194 2200 3495 2276 κλέψαντας
3534 2196 3723 2262 τοῦτο.

2077 2279 2192 2335 Εἶθ’
2252 2279 2423 2341 οὕτως
2474 2279 2872 2355 προσπεσόντες
2928 2280 3077 2354 αὐτῷ
3135 2282 3185 2338 οἱ
3237 2282 3532 2355 κλέψαντες
3562 2289 3725 2340 τοῦτο

2076 2362 2350 2436 νεώτεροι,
2396 2359 2483 2416 καὶ
2531 2364 2632 2431 τὴν
2692 2361 2863 2417 αἰτίαν
2920 2361 3382 2439 ὁμολογήσαντες,
3438 2367 3725 2440 ἀπῃτήθη-

2078 2463 2172 2497 σαν
2229 2442 2291 2496 τὸ
2344 2440 2489 2510 ἄξιον
2543 2441 2786 2515 τίμημα,
2844 2444 2932 2497 καὶ
2999 2442 3172 2505 οὕτως
3223 2447 3723 2524 ἒσωφρονίσθησαν,

2084 2527 2181 2580 τοῦ
2215 2523 2409 2596 μηκέτι
2448 2523 2513 2577 τὰ
2541 2526 2764 2577 τοιαῦτα
2793 2522 3027 2597 τολμᾷν.

2697 2608 2966 2661 ΚΕΦΑΛ.
3007 2611 3119 2663 ΡΔ¹.

2681 2683 2812 2759 Περὶ
2854 2682 3128 2740 Ἀδολίου.

2149 2768 2358 2840 Ἐγνων
2410 2762 2575 2819 πάλιν
2630 2763 2750 2818 τινα
2806 2765 2883 2826 εὶς
2940 2765 3006 2820 τὰ
3059 2765 3440 2842 Ἱεροσόλυμα,
3494 2767 3727 2843 ὀνόματι

2079 2846 2357 2916 Ἀδόλιον,
2409 2843 2612 2927 Ταρσέα
2657 2845 2948 2927 τὸμγένος.
2999 2848 3162 2910 Οὗνος
3202 2851 3642 2927 παραγενόμενος
3674 2852 3725 2906 ἐν

2076 2934 2193 2989 τοῖς
2259 2925 2667 3002 Ἱεροσολύμοις
2737 2924 2861 2980 λίαν
2916 2929 3017 2996 τήν
3071 2928 3327 3004 όίτρντττον
3365 2924 3481 3000 τῆς
3532 2932 3729 3004 ἀρετῆς

2079 3005 2309 3061 ὥδευσεν
2371 3002 2499 3058 ὁδὸν
2552 3004 2656 3078 οὐχ
2699 3005 2767 3073 ἢν
2825 3008 2987 3078 ἡμεῖς
3028 3010 3078 3061 οἱ
3137 3002 3342 3063 πολλοὶ
3389 3002 3729 3085 ὡδεύσαμεν,

2083 3086 2229 3144 ἀλλὰ
2270 3085 2421 3158 ξένην
2482 3083 2597 3138 τινα
2656 3085 2741 3139 καὶ
2794 3086 2983 3154 καινὴν
3036 3087 3208 3158 ἑαυτῷ
3267 3089 3546 3162 ἀνατεμών
3597 3083 3730 3165 ὑπὲρ

2083 3173 2368 3246 ἄνθρωπον
2426 3166 2708 3223 πολιτείαν
2764 3167 2999 3239 ἤσκησεν
3048 3171 3100 3226 ἐν
3147 3172 3282 3245 αύτῇ
3320 3190 3332 3206 ·
3378 3174 3453 3235 ὡς
3495 3176 3580 3229 καὶ
3633 3175 3733 3229 αὖ..

320 3249 445 3321 λην.
480 3251 776 3323 Γενόμενος
816 3253 924 3304 τῶν
960 3245 1224 3317 ἐπιδόξων
1256 3252 1363 3305 τῶν
1412 3248 1463 3303 ἐν
1512 3254 1591 3321 τῷ
1640 3245 1888 3324 παλατίῴ
1919 3246 2047 3314 ἕνα
2083 3245 2211 3315 τοὺς
2264 3252 2391 3311 τοὺς
2445 3246 2707 3322 δαίμονας
2764 3251 3039 3324 πονηροὺς
3099 3252 3383 3325 φρίξαντας
3446 3254 3613 3308 αὐτοῦ
3668 3254 3731 3309 τὸ

320 3337 439 3393 ταῖς
484 3330 684 3408 ἀρχαῖς
733 3328 1109 3385 Κωνσταντίου
1155 3333 1254 3384 τοῦ
1317 3328 1610 3402 βασιλέως,
1670 3331 1970 3402 ἀπετάξατο

325 3407 649 3485 ὁρμώμενος
679 3409 784 3488 ἀπὸ
815 3408 994 3484 γάμου
1016 3428 1028 3441 ⁸
1063 3407 1113 3463 ἐν
1146 3408 1227 3471 οἶς
1259 3409 1346 3463 καὶ
1378 3409 1528 3488 εἶχεν
1555 3410 1646 3466 καὶ
1678 3412 1974 3482 0161,1115-

323 3491 421 3548 λον
456 3489 706 3563 ὀνόματι,
740 3487 1063 3564 δομέστικον
1097 3487 1534 3564 στρατευόμενον.
1570 3496 1771 3547 Τοῦτον
1801 3493 1974 3569 ἁμαρ-

319 3574 557 3643 τήσαντα
613 3572 751 3645 πρὸς
823 3570 1087 3646 θυγατέρα
1160 3567 1527 3645 πρεσϐυτέρου
1585 3571 1886 3647 ἐπαράσατο
1922 3567 1971 3628 ’ὁ

322 3652 481 3727 ἅγιος
556 3650 909 3713 Ἰννοκέντιος
966 3655 1044 3723 τῷ
1119 3648 1245 3723 ἷδίῳ
1304 3652 1407 3723 υἱῷ
1463 3653 1840 3725 παρακαλέσας
1877 3656 1969 3711 τὸν

323 3733 476 3800 Θεὸν,
507 3731 596 3787 καὶ
628 3729 795 3785 εἰπὼν
846 3729 1012 3804 αὐτῷ,
1044 3732 1128 3785 ὅτι
1177 3730 1357 3806 Κύριε,
1393 3729 1484 3795 δὸς
1532 3732 1679 3804 αὐτῷ
1724 3739 1970 3791 τοιοῦτον

326 3816 563 3884 Πνεῦμα,
610 3811 697 3866 ἳνα
752 3813 948 3884 μηκέτι
1011 3809 1157 3885 εὕροι
1221 3812 1407 3885 καιρὸν
1458 3816 1555 3887 τοῦ
1605 3812 1973 3887 ἐξαμαρτῆσαι

322 3895 402 3962 τῷ
460 3888 682 3965 σαρκίῳ.
734 3888 996 3961 ’Άμεινόν
1053 3888 1217 3957 ἐστιν,
1280 3889 1472 3959 εἰπών,
1513 3886 1730 3962 δαίμονι
1784 3886 1976 3949 τοῦτον

326 3969 629 4039 πυκτεύειν,
663 3969 696 4037 ἢ
749 3967 1016 4040 ἀκολασίᾳ
1047 3965 1342 4030 δουλεύειν.
1377 3970 1445 4026 Ὅ
1487 3965 1553 4037 δὴ
1610 3969 1699 4024 καὶ
1748 3970 1977 4048 γεγένη-

326 4071 435 4108 ται.
467 4052 559 4113 Ὃς
592 4046 670 4105 ἔτι
702 4048 791 4105 καὶ
821 4054 917 4105 νῦν
940 4048 1079 4104 ἐστιν
1123 4048 1199 4110 εἷς
1231 4045 1359 4123 ὅρος
1387 4054 1495 4105 τῶν
1546 4045 1777 4106 Ἐλαιῶν
1812 4045 1975 4124 σιδη-

332 4134 602 4210 ροιρορῶν,
634 4131 724 4185 καὶ
754 4127 1149 4203 παιδευόμενος
1204 4130 1307 4186 ὑπὸ
1363 4135 1464 4185 τοῦ
1512 4130 1839 4204 πνεύματος.
1874 4135 1978 4189 Καὶ

329 4214 392 4268 τὸ
450 4213 756 4288 θαυμαστὸν
807 4214 833 4267 ὁ
898 4211 1092 4268 τούτου
1180 4213 1366 4286 Πατὴρ
1442 4210 1655 4286 ἐτέρους
1727 4213 1976 4286 ἰώμενος,

329 4297 520 4348 τοῦτον
574 4292 673 4347 οὐκ
714 4290 920 4364 ἠλέησε
975 4295 1235 4347 τοσοῦντο
1294 4292 1492 4370 χρόνον
1561 4294 1976 4367 τιμωρούμενον

335 4374 435 4428 ὑπὸ
466 4377 562 4427 τοῦ
594 4370 877 4446 δαίμονος.
910 4371 1082 4435 Οὗτος
1118 4372 1145 4426 ὁ
1179 4369 1432 4446 ἀοίδιμος
1474 4372 1819 4436 Ἰννοκέντιος
1859 4376 1979 4438 οἷος

336 4454 430 4526 μὲν
462 4454 684 4529 γέγονεν
744 4452 1022 4526 ἐλεήμων,
1055 4453 1176 4515 οἶος
1227 4450 1284 4506 δὲ
1330 4450 1496 4507 πάλιν
1544 4450 1774 4525 ἁπλοῦς,
1807 4452 1980 4529 λῆρος

332 4534 645 4610 ὀφθήσομαι
675 4534 722 4589 τ’
756 4532 944 4610 Δἀληθῆ
980 4532 1103 4608 περὶ
1146 4533 1313 4587 αὐτοῦ
1365 4530 1726 4608 διηγούμενος
1759 4551 1772 4564 ·
1822 4535 1980 4596 οὗτος

2083 3331 2355 3407 αὐστηρὸν
2410 3336 2511 3396 τῆς
2564 3328 2787 3402 ἀρίστης
2847 3328 3135 3392 πολιαείας
3195 3332 3270 3405 μὴ
3326 3329 3540 3406 τολμᾷν
3586 3335 3733 3406 αὐτῷ

2082 3411 2457 3487 προσεγγίσαι.
2531 3411 2619 3470 Δι’
2692 3407 3007 3485 ὑπερϐολὴν
3081 3413 3184 3490 γὰρ
3264 3414 3577 3489 ἐγκρατείας
3640 3415 3731 3470 καὶ

2081 3493 2372 3569 ἀγρυπνίας
2433 3490 2709 3564 σάντασμα
2768 3492 2900 3546 εἶναι
2972 3493 3271 3564 ὑπενοήθη.
3332 3495 3419 3550 Ἐν
3475 3495 3570 3567 μὲν
3628 3497 3730 3570 γάρ

2082 3577 2225 3649 πάσῃ
2256 3576 2325 3647 τῇ
2384 3576 2786 3647 τεσσαρακοστῇ
2827 3572 3009 3643 ἤσθιεν
3060 3571 3149 3629 διά
3200 3573 3389 3646 πάντε,
3427 3576 3518 3630 καὶ
3566 3580 3730 3631 τοῦτο

2227 3653 2237 3672 1
2495 3655 2508 3671 \
2590 3652 2612 3670 ἢ
2691 3652 2715 3671 ν
2759 3652 2775 3664 ‘
2982 3654 2991 3669 Ι
3132 3655 3155 3673 ’1
3411 3654 3422 3675 1
3620 3656 3633 3673 \
3679 3654 3720 3673 δῖ

2084 3655 2134 3710 έν
2179 3674 2361 3727 μετρῳ
2394 3673 2406 3686 ο
2457 3675 2547 3708 τον
2587 3654 2643 3708 οὶ
2682 3654 2854 3707 αλλον
2887 3674 3088 3728 χρονον
3121 3656 3306 3723 ησθιεν
3336 3675 3535 3729 τριτον.
3566 3661 3642 3711 Το
3676 3678 3733 3711 οε

2088 3737 2222 3809 μέγα
2269 3734 2359 3789 καὶ
2408 3732 2708 3809 παράδοξον
2761 3735 2921 3788 τοῦτο
2960 3733 3023 3801 ἦν
3078 3736 3245 3790 αὐτοῦ
3304 3742 3405 3806 τῆς
3486 3738 3682 3811 ἀρετῆς
3717 3758 3729 3773 ·

2086 3817 2242 3876 οὗτος
2274 3815 2606 3893 τρεφόμενος
2649 3816 2737 3891 ἀφ’
2767 3814 2992 3889 έσπέρας
3046 3815 3242 3889 μέχρις
3294 3816 3381 3871 ὅτε
3410 3821 3478 3889 τῇ
3532 3819 3732 3893 έωθινῇ

2085 3894 2201 3968 ὥρά
2230 3890 2393 3948 πάλιν
2423 3896 2457 3962 ἡ
2499 3890 2807 3971 ἀδελφότης
2855 3892 2905 3946 ἐν
2935 3899 3052 3954 τοῖς
3084 3892 3390 3967 εὐκτηρίοις
3446 3890 3730 3969 συνήγετο.

2086 3977 2255 4037 Οὗτος
2289 3975 2317 4028 6
2365 3972 2613 4043 ἀθλητὴς
2671 3974 2836 4034 ἑστὼς
2873 3971 2924 4027 ἐν
2972 3977 3050 4044 τῷ
3107 3971 3331 4028 ἐλαιῶνι
3380 3973 3455 4036 εἷς
3502 3976 3594 4030 τὸν
3632 3982 3731 4044 τῆς

2086 4053 2411 4127 ἀναλήψεως
2457 4054 2669 4127 βουνὸν,
2717 4054 2833 4106 ὅθεν
2885 4052 3159 4129 άνεγήφθη
3197 4055 3225 4107 6
3267 4057 3500 4125 Ἰησοῦς,
3548 4054 3734 4121 ἑστὼς,

2159 4136 2173 4157 \
2266 4136 2275 4155 1
2572 4132 2587 4153 \
2840 4152 2855 4169 ﬁ
2898 4133 2909 4152 1
3128 4131 3153 4150 '\
3207 4135 3262 4169 ,ι
3514 4134 3527 4149 ι
3641 4139 3666 4149 κ

2087 4157 2176 4192 και
2208 4131 2457 4209 ψάλλων,
2498 4154 2589 4189 και
2636 4152 3077 4209 προσευχομενος
3125 4132 3373 4209 οιειιλειι
3428 4141 3531 4188 Και
3569 4155 3737 4191 τουτο

2086 4208 2256 4272 ἐποίει
2286 4213 2337 4268 έν
2371 4214 2530 4268 παντὶ
2577 4217 2776 4288 καιρῷ,
2810 4212 2919 4269 εἴτε
2971 4211 3165 4291 ἔνιςρεν,
3200 4211 3308 4268 εἴτε
3345 4208 3595 4289 ἔϐρεχεν,
3628 4214 3738 4272 εἶ’τε

2089 4297 2401 4373 ἐπάχνιζεν,
2432 4293 2726 4357 ἀσάλευτος
2758 4292 2962 4367 ἔμενεν.
2999 4294 3095 4349 Καὶ
3140 4293 3440 4369 πληρώσας
3470 4296 3563 4350 τὸν
3614 4317 3737 4351 συν-

2091 4380 2197 4450 ήθη
2242 4382 2351 4433 τῶν
2410 4377 2585 4454 εὐχῶν
2637 4374 2854 4443 κανόνα,
2906 4374 2971 4430 τὸ
3031 4380 3331 4446 τηνικαῦτα
3378 4379 3456 4448 τῷ
3488 4374 3738 4449 ἐξυπνια-

2093 4464 2260 4531 στικῷ
2292 4459 2501 4537 σφυρίῳ
2548 4457 2644 4520 τὰς
2685 4454 2898 4512 πάντων
2950 4454 3168 4533 ἔκρουεν
3220 4454 3447 4528 κέλλας,
3498 4459 3737 4534 συνάγων

2094 4538 2285 4602 αὐτοὺς
2326 4536 2401 4603 εἰς
2444 4540 2571 4601 τοὺς
2634 4536 2955 4612 εὐκτηρίους
3026 4537 3210 4600 οἷ’κους
3278 4538 3414 4613 πρὸς
3483 4538 3739 4614 όρθρινήν

330 4608 608 4677 πολλάκις
662 4608 911 4693 κλέπτων
969 4615 1116 4690 παρὰ
1164 4618 1273 4669 τῶν
1313 4611 1590 4693 ἀδελφῶν,
1625 4613 1678 4669 εἷ’
1735 4637 1789 4693 τι
1838 4614 1983 4693 αὐτῷ
2013 4618 2060 4683 D
2093 4616 2432 4693 δοξολογίαν,
2478 4620 2596 4674 καθ’
2637 4608 2862 4689 ἑκάστην
2913 4617 3114 4673 κέλλαν
3156 4608 3526 4692 συμψάλλων’
3560 4608 3743 4680 αὐτοῖς

333 4694 595 4762 ἐνέπεσεν,
646 4691 824 4750 ἐδίδου
871 4699 987 4757 τοῖς
1040 4693 1343 4768 δεομένοις.
1396 4690 1520 4748 Καθ’
1584 4690 1897 4767 ὑπερϐολήν
1931 4691 1987 4749 δὲ

334 4776 579 4855 γερονὼς
628 4772 848 4842 ἄκακος,
889 4776 978 4830 καὶ
1030 4776 1120 4830 τὸν
1167 4774 1368 4848 τρόπον
1407 4771 1638 4843 ἁπλοῦς,
1669 4774 1979 4845 κατηξιώθη

332 4854 677 4932 χαρίσματος
739 4858 874 4911 κατά
946 4854 1243 4929 δαιμόνων.
1297 4856 1381 4910 Ἐν
1451 4855 1537 4917 οἷς
1597 4875 1730 4910 ποτε
1775 4854 1981 4930 ἠνέχθη

336 4937 487 5009 αὐτῷ
523 4938 798 4999 νεανίσκος
829 4936 1081 5011 ὁρώντων
1109 4935 1394 5011 ἡμετέρων
1448 4935 1552 4989 ὑπὸ
1608 4939 1706 4990 τοῦ
1755 4934 1988 5007 πνεύμα-

333 5037 427 5079 τος
495 5014 724 5094 ληφθεὶς
788 5016 879 5071 καὶ
935 5014 1211 5091 παρέσεως
1268 5057 1281 5071 .
1351 5015 1425 5077 ὡς
1490 5012 1588 5088 ἐμὲ
1665 5015 1988 5088 θεασάμενον

337 5098 589 5171 ἄντικρὺς
660 5096 1027 5163 ἂπευδοκῆσαι
1109 5105 1209 5167 τῆς
1285 5098 1452 5153 αὐτοῦ
1527 5098 1829 5173 θεραπείας,
1896 5098 1988 5153 καὶ

338 5179 565 5251 θελῆσαι
624 5177 813 5251 διῶξαι
887 5179 1083 5235 ἐκεῖθεν
1167 5181 1267 5250 τήν
1353 5180 1562 5253 μητέρα
1644 5180 1739 5234 τοῦ
1787 5177 1992 5255 δαιμο-

336 5266 562 5324 νιῶντος
622 5262 715 5316 σύν
762 5266 880 5325 τοῖς
920 5261 1079 5318 αὐτὸν
1130 5262 1462 5336 ἐνεγκοῦσιν.
1508 5258 1717 5332 Συνέϐη
1777 5261 1879 5317 οῦν
1935 5262 1986 5318 ἐν

338 5346 418 5420 τῷ
468 5344 661 5415 μεταξὺ
712 5343 1061 5416 θεωρούντων
1121 5343 1282 5413 ἡμῶν
1329 5343 1394 5395 τὸ
1459 5339 1735 5419 ἀφόρητον
1766 5338 1988 5420 Δάλγος,

340 5419 520 5478 ἐλθεῖν
604 5423 701 5478 τὸν
776 5427 856 5495 τῷ
930 5420 1192 5494 πνεύματί
1247 5417 1658 5494 νεανιευόμενον
1718 5417 1942 5497 γέρτντα
1974 5442 1988 5457 ο

338 5504 430 5560 καὶ
497 5503 827 5577 θεασάμενον
900 5504 992 5559 τὸν
1068 5499 1461 5576 δαιμονιῶντα,
1515 5502 1624 5555 ’καὶ
1698 5506 1993 5575 περιεστῶ-

343 5606 435 5641 σαν
494 5586 593 5654 τήν
652 5584 848 5641 τούτου
918 5582 1126 5659 μητέρα
1188 5580 1511 5651 κλαίουσαν,
1568 5583 1659 5637 καὶ
1732 5580 1994 5656 ὀδυρομέ-

341 5686 441 5738 νην
474 5664 578 5721 ’ἑπὶ
622 5670 691 5741 τῇ
740 5662 1119 5742 ἀνεκδιηγήτῳ
1181 5666 1435 5742 συμφορᾷ
1474 5664 1572 5742 τοῦ
1629 5663 1750 5719 υἱου
1804 5663 1991 5731 αὐτῆς.

346 5744 621 5819 Δακρύσας
668 5740 762 5801 οῦν
818 5746 846 5801 6
901 5740 1237 5821 καλόγηρος,
1293 5740 1385 5798 καὶ
1435 5740 1859 5821 σπλαγχνισθεὶς
1912 5743 1996 5801 ἐπ’

344 5827 567 5897 αὐτοὺς,
608 5821 791 5883 λαϐὼν
835 5827 929 5883 τὸν
976 5825 1248 5882 νεανίσκον
1302 5822 1548 5900 είσῇλθεν
1604 5825 1680 5888 εἰς
1732 5826 1795 5881 τὸ
1855 5846 1995 5903 μαρ-

344 5906 535 5987 τύριον
585 5906 798 5980 ἑαυτοῦ,
842 5908 872 5962 6
936 5904 1287 5983 ᾠκοδομήκει
1330 5904 1513 5976 αὐτὸς,
1544 5903 1597 5961 ἐν
1629 5906 1676 5981 ᾧ
1719 5906 1997 5965 κατέκειτο

2093 4696 2146 4753 ἓν
2198 4698 2232 4768 ἢ
2292 4696 2536 4774 δεύτερον
2597 4698 2917 4774 ἀντίφωνον,
2967 4698 3057 4751 καὶ
3116 4698 3512 4774 συνευχόμενος
3570 4697 3745 4774 οὕτως

2094 4779 2255 4853 ἀπῄει
2287 4778 2392 4853 πρὸ
2424 4772 2634 4853 ἡμέρας
2663 4772 2741 4838 εἷς
2770 4778 2830 4831 τὸ
2861 4774 3084 4831 κελλίον
3113 4777 3203 4836 Ὠς
3236 4773 3293 4829 δὲ
3461 4777 3559 4837 τῆς
3601 4773 3745 4843 ἀλη-

2095 4849 2238 4922 θείας
2270 4849 2561 4931 ἐπίσταμαι
2609 4856 2769 4918 αὐτὸς
2820 4853 3092 4916 πολλάκις
3140 4858 3247 4908 τῶν
3296 4849 3545 4926 ἀδελφῶν
3580 4854 3743 4909 αὐτὸν

2096 4938 2440 4995 ἀποδυόντων
2471 4938 2523 4993 ἐν
2577 4940 2753 5010 καιρῷ
2793 4936 2979 5009 θέρους
3026 4934 3117 4989 καὶ
3184 4932 3588 5003 ἆποπιεζόντων
3636 4938 3742 4990 τῶν

2095 5020 2327 5096 ἱματίων
2366 5019 2530 5073 αὐτοῦ
2590 5015 2680 5070 τὸν
2738 5013 2966 5089 ἱδρῶτα,
2999 5014 3071 5076 ὡς
3132 5012 3238 5068 ἀπὸ
3289 5012 3525 5089 λουτροῦ
3574 5014 3747 5077 οὕτως

2097 5090 2417 5168 ἀπέσταζον,
2463 5094 2609 5151 ἆλλά
2667 5093 2723 5149 δὲ
2780 5090 3249 5169 περιϐαλλόμενοι
3305 5091 3410 5156 ἕως
3460 5094 3527 5148 οῦ
3580 5098 3747 5149 ταῦτα

2098 5180 2391 5255 ἐψύχοντο.
2427 5176 2524 5232 Καὶ
2558 5174 2739 5255 μέχρι,
2780 5174 2972 5255 τρίτης
3025 5174 3203 5255 ᾥραςᾲ
3231 5172 3746 5255 διαναπαυσάμενος,

2100 5251 2242 5315 οὕτω
2269 5256 2433 5315 πάλιν
2460 5256 2553 5318 τὰς
2587 5254 2785 5317 λοιπάς
2834 5251 2984 5329 ὥρας
3024 5252 3129 5317 ἕως
3189 5253 3411 5328 ἑσπέρας
3461 5256 3528 5327 τῇ
3570 5251 3751 5327 ψαλμ-

2101 5338 2239 5414 ῳδίᾳ
2268 5338 2357 5394 καὶ
2410 5338 2506 5400 τάς
2556 5340 2891 5413 προσευχαῖς
2936 5340 3248 5414 προσεῖχεν.
3294 5332 3443 5404 Αὕτη
3499 5332 3680 5390 τοίνυν
3713 5338 3747 5404 ἡ

2100 5413 2262 5497 ἀρετή
2295 5426 2395 5489 τῆς
2428 5418 2593 5495 ἄκρας
2642 5417 2928 5497 ὑπομονῆς
2959 5413 3234 5497 ἈδολίουΔ
3258 5421 3363 5497 τῆς
3401 5414 3598 5497 πέτρας
3648 5422 3748 5485 τῆς

2102 5492 2336 5575 στερεᾶς,
2368 5500 2428 5563 ὃς
2462 5492 2674 5573 ἐγένετο
2721 5498 2784 5551 τὸ
2830 5495 2983 5570 γένος
3030 5492 3291 5568 Ταρσεύς.
3354 5495 3749 5556 Ἐντελειωθεῖς

2102 5580 2161 5636 δέ
2196 5579 2361 5659 μέχρι
2416 5579 2608 5640 τέλους
2654 5583 2773 5642 τοῖς
2824 5576 3016 5638 ἄθλοις
3062 5575 3346 5659 καρτερίας
3399 5578 3488 5632 τὸν
3528 5577 3748 5632 αἰώνιον

2103 5655 2556 5736 ὕπνονκοιμᾶται
2595 5658 2646 5714 ἐν
2701 5663 2818 5719 τοῖς
2869 5655 3300 5733 Ἰεροσολύμοις,
3330 5658 3421 5714 καὶ
3466 5658 3746 5715 θάπτεται.

2710 5742 2970 5798 ΚΕΦΑΛ.
3022 5742 3143 5798 ΡΕ’.

2657 5822 2785 5897 Περὶ
2825 5815 3184 5897 ’Δϐρααμίου.
3410 5896 3415 5897 ί
3704 5868 3765 5896 Α..

2176 5903 2509 5986 Ἀϐραάμιός
2564 5925 2647 5968 τις
2703 5896 2935 5984 γέγονεν
2975 5904 3216 5979 μοναχὸς
3265 5896 3497 5978 ἀκριϐὴς
3552 5897 3635 5970 τῷ
3659 5908 3701 5928 ~“
