4078 6212
386 377 537 436 1211

1902 369 2266 436 PALLADII

3631 367 3790 427 1212

385 529 461 563 νει
491 505 809 581 Αιγύπτιος,
842 503 1187 584 τραχύτατον
1219 506 1308 560 καὶ
1341 504 1640 582 ἁγιώτάτον
1695 505 1812 579 βίον
1867 506 2030 575 ζήσας
2060 509 2114 575 Α
2144 504 2394 574 ἀθλητὴς
2424 508 2522 572 τῆς
2553 501 2835 573 ὑπομονῆς
2866 498 2955 572 ἀφ’
2985 498 3047 584 ρῦ
3097 494 3350 565 είσῆλθκν
3401 495 3476 584 είς
3521 497 3588 551 τὸ
3637 499 3791 568 61:15-

387 589 438 643 ἐν
488 593 555 662 τῇ
606 588 820 664 ἐρήμῳ.
865 587 1037 649 Οὗτος
1104 585 1323 662 ἐπλήγη
1373 587 1471 655 τήν
1515 586 1675 664 φρένα
1723 586 1826 640 ὑπὸ
1867 587 2033 660 ἄκρας

389 663 676 738 οἷ’ήσεως·
733 669 819 722 καὶ
884 667 1058 721 ἐλθὼν
1109 672 1177 740 τῇ
1232 665 1516 737 ἐκκλησίᾳ,
1569 663 1866 739 διεμάχετο
1914 669 2031 726 τοῖς

385 744 795 824 πρεσϐυτέροις,
824 745 1024 824 λέγων,
1057 747 1137 801 δτι
1170 747 1269 800 Καὶ
1318 746 1427 822 ἐγὼ
1475 744 1838 821 πρεσϐύτερος
1885 745 2036 819 ἐχει-

389 831 694 903 ροτονήθην
755 829 924 901 ταύτῃ
983 829 1052 900 τῇ
1109 827 1250 882 νυκτὶ
1311 826 1414 881 ὑπὸ
1466 829 1560 880 τοῦ
1631 828 1894 900 Χριστοῦ,
1941 824 2032 879 καὶ

387 902 635 983 ὀφείλετε
693 906 934 978 δέξασθαί
999 929 1066 980 με
1144 908 1224 983 ,ὡς
1307 902 1667 982 πρεσϐύτερον
1745 905 2029 981 ἰερατεύειν

393 982 686 1061 μέλλοντα.
754 993 954 1043 Τοῦτον
1012 989 1066 1042 οἱ
1123 982 1266 1063 ἅγιοι
1314 987 1545 1061 Πατέρες
1609 983 2033 1060 διαχωρίσαντες

390 1075 489 1137 τῆς
520 1068 754 1143 ἐρήμου,
785 1069 874 1122 καὶ
907 1068 992 1122 ἐπὶ
1024 1068 1116 1122 τὸν
1150 1066 1463 1141 παχύτερον
1493 1066 1580 1120 καὶ
1630 1063 2032 1144 διαφορώτερον

387 1148 678 1224 ἀγαγόντες
743 1150 882 1223 βίον,
949 1148 1379 1222 ἀπεθεράπευσαν
1459 1155 1560 1217 τῆς
1641 1146 2031 1223 ὑπερηφανίας,

384 1233 474 1283 καὶ
523 1231 598 1292 εἰς
657 1235 854 1304 γνῶσιν
909 1228 1067 1284 αὐτὸν
1104 1229 1391 1305 ἀγαγόντες
1439 1231 1536 1296 τῆς
1596 1227 1799 1290 οἷ’κείας
1875 1229 2030 1283 ἀσθε-

392 1309 546 1378 ιείας,
606 1307 807 1380 ἔδειξαν
856 1313 1047 1365 τοῦτον
1107 1312 1402 1385 παιχθέντα
1459 1311 1562 1366 ὑπὸ
1617 1314 1713 1366 τοῦ
1775 1307 2032 1384 δαίμονος

379 1397 485 1458 τῆσ
516 1390 908 1470 ὑπερηφανίας,
959 1391 1050 1446 καὶ
1095 1397 1214 1451 ταῖς
1264 1391 1437 1464 ἁγίαις
1490 1390 1670 1446 αὐτῶν
1721 1391 1917 1470 εὐχαῖς
1957 1392 2031 1454 εἷς

375 1471 476 1539 τήν
507 1469 741 1544 ἀρχαίαν
785 1469 907 1544 βίου
938 1469 1135 1544 ἀρετὴν
1174 1469 1635 1543 ἀποκατέστησαν.

983 1573 1240 1627 ΚΕΦΑΛ.
1285 1572 1425 1646 pg“.

950 1659 1080 1735 Περὶ
1149 1659 1455 1717 Ἐλπιδίου.

452 1756 592 1816 ’Ίδον
627 1757 802 1813 δὲκαὶ
842 1757 1029 1834 ἓτερον
1071 1755 1234 1832 ἄνδρα
1273 1759 1773 1832 ἀξιομνημόνευτον
1815 1757 1868 1813 ἐν
1909 1763 2027 1820 τοῖς

377 1843 514 1896 κατά
544 1839 761 1915 Ἰεριχὼ
797 1839 1114 1912 σπηλαίοις,
1146 1845 1255 1896 τῶν
1295 1843 1410 1896 κατ’
1441 1839 1616 1914 ἀρχὰς
1669 1844 1776 1894 τῶν
1823 1838 2030 1915 ’Δμοῤ-

378 1920 543 1996 ῥαίων
626 1921 954 1997 γεγονότων,
1036 1923 1170 1996 ἀπερ
1261 1920 1669 1990 λελαξεύκεισαν

377 2001 536 2070 ἡνίκα
579 2001 683 2056 ὑπὸ
714 2003 897 2071 Ἰησοῦ
951 2006 1048 2056 τοῦ
1105 2005 1263 2071 Ναυῆ
1320 2001 1734 2076 ἐξεπορθοῦντο,
1773 2001 1909 2073 πρὸς
1964 2001 2026 2054 τὸ

377 2077 707 2157 ἐγκρυϐῆναι
747 2080 798 2135 ἐν
842 2081 1026 2142 αὐτοῖς
1071 2081 1150 2157 εἷς
1178 2083 1258 2157 ’τὸ
1308 2081 1434 2157 ὅρος
1491 2084 1588 2157 τοῦ
1640 2079 1846 2157 Λουκά,
1906 2078 2029 2134 Ἐλ-

377 2149 560 2208 πίδίον
601 2149 878 2227 τοῦνομα,
929 2151 1295 2224 Καππαδόκην
1342 2149 1423 2224 τῷ
1469 2154 1631 2226 γένει,
1682 2149 1757 2212 εἷς
1807 2152 2026 2225 ὕστερον

375 2231 762 2310 πρεσϐυτερίου
806 2235 1108 2308 ἠξιωμένον
1158 2240 1254 2290 τοῦ
1313 2237 1679 2309 μοναστήριου
1727 2232 1897 2287 ἐκεῖσε
1947 2253 2030 2305 γε-

367 2315 600 2389 νόμενον
636 2317 739 2371 ὑπὸ
788 2320 885 2370 τοῦ
935 2314 1361 2391 χωρεπισκόποὺ
1413 2313 1680 2388 Τιμοθέου
1727 2319 1829 2382 τῆς
1878 2319 2026 2366 Καπ-

372 2395 660 2464 παδοκίας,
692 2395 888 2471 ἀνδρὸς
916 2397 1276 2455 ἱκανωτάτου.
1320 2398 1492 2459 Οὗτος
1553 2394 1726 2450 ἐλθὼν
1755 2395 2028 2468 παρῴκη-

375 2501 460 2535 σεν
511 2477 561 2534 ἐν
624 2480 703 2533 ἐνὶ
750 2483 856 2533 τῶν
921 2478 1234 2549 σπηλαίων,
1287 2478 1345 2540 ’ὀς
1394 2478 1661 2546 τοσαύτην
1718 2475 2025 2550 ἐγκράτειαν

371 2562 651 2628 ἀσκήσεως
736 2556 1053 2629 ἐνεδείξατο,
1113 2561 1187 2621 ὡς
1271 2556 1512 2631 καλύψαι
1588 2556 1714 2617 τοὺς
1800 2554 2020 2618 πάντας.

367 2643 542 2710 Ζήσας
570 2640 672 2715 γὰρ
711 2637 879 2694 εἶ’κοσι
912 2641 998 2694 καὶ
1033 2636 1191 2694 πέντε
1242 2636 1360 2707 ἔτη,
1391 2638 1459 2691 τὰ
1507 2631 1752 2691 σάϐϐατα
1794 2635 1884 2689 καί
1925 2635 2023 2696 τάς

365 2713 650 2790 Κυριακᾶς
686 2716 1057 2792 μετελάμδανε
1108 2718 1295 2792 μόνον.
1341 2719 1442 2778 Τὰς
1505 2713 1560 2770 δὲ
1607 2716 1804 2776 νύκτας
1847 2715 2020 2776 πάσας

361 2801 529 2862 ἑστὼς
570 2798 778 2874 ἔψαλλε
814 2819 827 2832 ·
875 2799 1116 2872 καθάπερ
1171 2795 1428 2873 βασιλεὺς
1475 2800 1579 2874 τῶν
1635 2793 1929 2868 μελισσῶν,
1965 2793 2020 2849 ἐν

367 2883 518 2954 μέσῳ
546 2873 643 2950 τῆς
674 2877 1050 2956 ἀδελφότητος
1081 2879 1332 2949 οἰκήσας,
1378 2878 1441 2932 τὸ
1490 2873 1615 2952 ὅρος
1667 2874 1846 2956 ἐκεῖνο
1889 2874 2020 2956 ἐπό-

369 2951 507 3030 λισε,
539 2962 627 3015 καὶ
659 2960 724 3030 ἧν
763 2951 897 3014 ἰδεῖν
956 2959 1069 3014 ἐκεῖ
1126 2957 1322 3014 λοιπὸν
1378 2951 1531 3033 παρ’
1562 2956 1770 3028 ἑκάστῳ
1827 2951 2020 3029 διαφό-

365 3061 492 3116 ρους
538 3047 637 3110 τῆς
676 3043 954 3111 ἀσκήσεως
1007 3040 1310 3102 πολιτείας.
1345 3039 1548 3094 Τοῦτόν
1603 3056 1735 3092 ποτε
1767 3034 2018 3116 τδνἘλ-

363 3113 544 3176 πίδιον
601 3123 692 3176 τὸν
749 3118 922 3183 ὅντως
980 3120 1049 3195 τῇ
1109 3117 1295 3176 ἐλπίδι
1353 3118 1635 3193 χαίροντα,
1667 3117 1757 3171 καὶ
1808 3113 1894 3170 διὰ
1921 3116 2014 3170 τὸν

361 3204 596 3279 Χριστὸν
644 3205 712 3276 τῇ
777 3201 960 3276 θλίψει
1011 3202 1377 3274 ὑπομένοντα,
1420 3199 1698 3272 ψάλλοντα
1747 3197 1797 3252 ἐν
1838 3197 2014 3268 νυκτὶ,

360 3275 803 3358 συμψαλλόντων
853 3275 1013 3356 ἡμῶν
1055 3280 1224 3352 αὐτῷ,
1286 3279 1549 3352 σκορπίος
1619 3275 1853 3350 ἕπληξεν
1885 3297 1897 3310 ·
1959 3278 2018 3340 ’ὀς

358 3367 604 3435 πατήσας
664 3364 846 3432 αὑτὸν,
904 3359 1027 3416 οὐδὲ
1085 3360 1314 3434 μετέστη
1373 3366 1474 3427 τῆς
1545 3362 1642 3413 τοῦ
1725 3361 2016 3432 σχήματος

358 3447 624 3518 στάσεως,
681 3447 941 3499 τοσοῦτον
994 3445 1062 3514 τῇ
1114 3442 1362 3513 ὑπομονῇ
1403 3439 1680 3514 ἀλογήσας
1730 3446 1831 3508 τῆς
1879 3441 2016 3494 κατὰ

357 3527 448 3579 τὸν
511 3516 770 3597 σκορπίον
832 3519 1050 3590 ὅδύνης.
1099 3525 1240 3582 Μιᾶς
1301 3516 1358 3573 δὲ
1412 3518 1576 3574 πάλιν
1635 3524 1741 3574 τῶν
1791 3521 2012 3592 ἡμερῶν

363 3603 603 3680 ἀδελφοῦ
659 3624 807 3664 τινος
855 3603 1054 3675 κόμμα
1117 3602 1448 3676 κατέχοντος
1501 3601 1812 3672 κλήματος,
1850 3602 2013 3653 τοῦτο

362 3679 546 3740 λαϐὼν
605 3684 632 3737 ὁ
691 3685 957 3758 μακάριος
1017 3682 1068 3737 έν
1116 3687 1193 3755 τῷ
1237 3685 1502 3752 καθῆσθαι
1535 3681 1679 3755 παρά
1715 3683 1813 3751 τῆν
1845 3679 2016 3759 ὄχθαν

353 3767 452 3819 τοῦ
485 3759 666 3837 ὅρους,
703 3761 914 3841 ἔχωσεν
950 3764 1024 3825 ὡς
1083 3764 1344 3836 φυτεύων,
1379 3763 1571 3837 καίπερ
1626 3759 1678 3816 ἐν
1730 3759 1792 3815 06
1840 3763 2016 3836 καιρῷ

357 3844 487 3908 θείς,
554 3839 826 3900 Τοσοῦτον
890 3841 945 3899 δὲ
1003 3844 1213 3915 πύξήθη
1279 3845 1365 3898 καὶ
1445 3841 1657 3918 γέγονεν
1742 3839 2012 3914 ἄμπελος,

359 3923 497 3981 ὥστε
527 3925 813 3996 σκεπάζειν
844 3930 1016 3981 πᾶσαν
1048 3927 1146 3996 τήν
1177 3923 1532 3994 Ἐκκλησίαν.

971 4027 1056 4082 ΚΕ
1065 4031 1228 4081 ΦΑΛ.
1292 4025 1403 4082 ΡΖ’.

839 4115 962 4176 Βίος
995 4113 1241 4170 Αἶνεσίου
1277 4116 1374 4169 τοῦ
1406 4107 1567 4168 ἁϐϐἆ.

431 4216 620 4286 Τούτῳ
658 4219 739 4286 τῷ
773 4213 910 4287 ἁγίῳ
942 4211 1156 4285 ἀθλητῇ
1187 4216 1285 4266 τοῦ
1331 4213 1570 4284 Χριστοῦ
1620 4207 2009 4276 συνετελειώθη

359 4297 446 4349 καὶ
479 4297 507 4347 6
538 4291 788 4364 ἀοίδιμος
838 4289 1039 4351 δοῦλος
1095 4295 1192 4345 τοῦ
1247 4294 1385 4346 Θεοῦ
1441 4288 1710 4359 Αἷνέσιος,
1742 4287 1875 4361 ἀνήρ
1929 4307 2012 4348 τις

359 4372 661 4442 ἀξιόλονος,
694 4373 784 4426 καί
816 4375 886 4443 τῇ
917 4371 1142 4439 ἀσκήσει
1174 4367 1499 4445 διαπρέψας.

965 4472 1226 4522 ΛΕΦΑΔ.
1278 4466 1400 4522 PII"

787 4553 920 4615 Αίος
953 4553 1256 4610 Εὐσταθίου
1287 4573 1382 4608 του
1415 4547 1580 4610 ἀϐϐἆ.

429 4657 524 4712 Καὶ
573 4654 874 4716 Εὐστάθιος
924 4651 1157 4734 ἀδελφὸς
1195 4653 1392 4709 τούτου
1437 4654 1733 4734 ῥμότιμος,
1765 4655 2009 4717 καὶτοὺς

359 4738 558 4801 ἄθλους
607 4745 707 4809 τῆς
759 4736 896 4792 κατὰ
945 4732 1176 4810 Χριστὸν
1228 4732 1513 4798 πολιτείας
1573 4733 1830 4805 ἐξανύσας
1870 4755 2007 4810 προ-

362 4822 572 4893 θύμως.

433 4902 554 4955 Ἐπὶ
612 4905 868 4956 τοσοῦτον
918 4896 975 4954 δὲ
1033 4899 1060 4952 6
1131 4899 1395 4973 μακάριος
1467 4895 1752 4961 Ἐλπίδιος
1805 4897 2003 4965 ἤλασεν

357 4980 634 5052 ἀπαθείας,
691 4982 1018 5056 ταριχεύσας
1084 4982 1146 5035 τὸ
1207 4985 1392 5053 σῶμα,
1445 4982 1520 5044 ὡς
1569 4979 1698 5035 ὅλον
1733 4975 2004 5056 διαφαίνε-

357 5066 477 5118 σθαι
526 5061 693 5116 αύτοῦ
749 5067 858 5116 τῶν
915 5061 1115 5115 ὀστέων
1165 5061 1226 5114 τὸ
1279 5067 1498 5137 πῆγμα.
1553 5060 1780 5136 Φέρεται
1829 5056 1887 5114 δὲ
1915 5059 2006 5114 καὶ

353 5148 516 5199 τοῦτο
577 5140 626 5196 ἐν
682 5146 799 5204 τοῖς
860 5147 960 5211 τῆς
1019 5139 1215 5214 ἀρετῆς
1274 5140 1442 5195 αὐτοῦ
1475 5139 1812 5215 διηγήμασιν
1860 5140 2008 5215 παρά

356 5228 462 5278 τῶν
502 5218 811 5277 σπουδαίων
858 5221 1024 5276 αὑτοῦ
1068 5221 1350 5294 μαθητῶν,
1410 5221 1492 5274 6::
1547 5220 1597 5274 ἐν
1646 5220 1802 5282 ὅλοις
1833 5219 2006 5276 εἷ’κοσι

357 5303 515 5356 πέντε
567 5302 734 5357 ἔτεσιν
795 5298 1054 5356 οὐδέποτε
1120 5299 1207 5354 ἐπὶ
1271 5296 1416 5353 δύσιν
1452 5297 2005 5375 ἐστράφη,καίτοιγε

360 5386 456 5434 τοῦ
488 5383 761 5450 σπηλαίου
785 5386 883 5447 τῆς
911 5381 1072 5455 θύρας
1106 5378 1180 5442 εἲς
1225 5379 1286 5432 τὸ
1347 5380 1482 5451 ὕψος
1522 5385 1619 5456 τοῦ
1679 5377 1839 5454 ὅρους
1889 5379 2004 5435 ἐπι-

361 5459 640 5536 κειμένης,
673 5459 797 5517 ούδὲ
859 5461 974 5534 μετ’
1025 5459 1282 5532 έξαωρίαν
1331 5458 1422 5513 τὸν
1475 5456 1637 5526 ἥλιον
1690 5459 1820 5534 ὑπὲρ
1851 5481 2008 5536 κεφα-

361 5535 466 5605 λῆς
494 5540 687 5594 τούτου
716 5541 1002 5616 γενόμενον
1040 5536 1144 5593 ἴδεν
1187 5537 1317 5592 ποτέ
1356 5536 1494 5591 κατὰ
1535 5535 1680 5592 δύσιν
1728 5535 2006 5614 κλίναντα,

360 5615 485 5674 οὐδὲ
518 5619 644 5680 τοὺς
699 5615 834 5675 κατὰ
889 5619 1094 5692 δυσμὰς
1154 5617 1548 5681 ἀνατέλλοντας
1603 5619 1825 5693 ἀστέρας
1877 5620 2009 5676 ποτε

361 5699 616 5759 ἐθεάσατο
673 5697 724 5756 ἐν
783 5705 900 5764 τοῖς
945 5699 1273 5758 εἰκοσιπέντε
1316 5697 1505 5762 ἔτεσιν.
1539 5705 1714 5766 Ουτος
1772 5702 1800 5757 ὁ
1843 5700 2009 5778 μέγας

1768 1919 2035 1996 φυγόντες

2047 3261 2098 3328 G

2146 573 2326 652 λαιον,
2359 583 2421 638 06
2453 579 2722 651 κατῆλθεν
2748 577 2808 633 ἐκ
2837 583 2934 633 τοῦ
2966 573 3128 651 ὅρους
3162 577 3356 650 μέχρις
3405 573 3532 630 ὅτου
3594 575 3793 654 ἐτάφη.

2142 668 2316 718 Ταῦτα
2359 664 2426 718 τά
2471 662 2699 736 οὐράνια
2749 658 3129 734 ἐγχειρήματα
3173 659 3269 711 :06
3322 656 3641 734 πεφανίτου
3705 659 3794 710 καὶ

2142 745 2418 817 ἀηττήτου
2475 741 2779 799 παλαιστοῦ
2836 736 3124 795 Ἐλπιδίου
3170 741 3266 792 τοῦ
3321 741 3410 792 νῦν
3485 737 3537 793 ἐν
3615 757 3795 811 παρα-

2144 822 2308 898 δείσῳ
2339 823 2700 898 διαιτωμένου
2735 821 2869 893 μετὰ
2895 824 3007 875 τῶν
3037 818 3204 874 αὑτοῦ
3235 817 3467 892 ὁμοίων.

2771 925 3027 976 ΚΕΦΔΛ.
3061 923 3186 976 ΡΘ’.

2722 1010 2853 1086 Περὶ
2913 1008 3207 1066 Σισιννίου.

2211 1115 2415 1171 Τούτου
2447 1119 2543 1169 τοῦ
2599 1111 2870 1168 ἀθανάτου
2917 1106 3204 1165 Ἐλπιδίου
3265 1109 3518 1182 μαθητὴς
3576 1108 3789 1183 γέγονεν

2142 1198 2409 1257 Σισίννιος
2459 1195 2707 1268 ὀνόματι,
2765 1192 2814 1264 ἐξ
2865 1192 3140 1259 οἰκετικῆς
3176 1190 3269 1263 μὲν
3320 1190 3648 1263 ὁρμώμενος
3695 1189 3796 1243 τύ-

2143 1299 2273 1356 χης,
2304 1276 2592 1351 ἐλεύθερος
2627 1275 2682 1329 δὲ
2723 1273 2858 1328 κατά
2902 1274 3002 1341 τήν
3052 1270 3253 1340 πίστιν,
3312 1274 3390 1341 τῷ
3444 1269 3586 1344 γένει
3637 1277 3798 1356 Τίαπ-

2139 1347 2405 1428 παδόκης.
2441 1347 2532 1412 Δεῖ
2560 1355 2662 1431 γὰρ
2697 1356 2787 1410 καὶ
2816 1353 2882 1408 τὰ
2932 1351 3058 1428 γένη
3111 1350 3391 1425 σημαίνειν
3451 1351 3592 1426 πρὸς
3633 1347 3792 1419 δόξαν

2138 1450 2235 1502 τοῦ
2268 1444 2689 1520 ἐξευγενίζοντος
2727 1444 2875 1514 ἡμᾶς
2934 1441 3191 1514 Χριστοῦ,
3240 1437 3330 1492 καὶ
3388 1436 3467 1520 εἷς
3515 1438 3618 1520 τῆν
3684 1458 3798 1520 μα-

2142 1517 2332 1602 καρίαν
2372 1517 2462 1580 καὶ
2521 1524 2790 1592 ἀληθινήν
2845 1520 3152 1602 ἀπάγοντος
3210 1521 3356 1602 ἡμᾶς
3412 1517 3685 1602 εὐγένειαν
3718 1519 3795 1602 εἰς

2141 1599 2240 1676 τήν
2281 1610 2386 1662 τῶν
2452 1606 2692 1680 οὐρανῶν
2718 1679 2722 1680 ν
2747 1600 3049 1680 βασιλείαν.
3107 1599 3382 1674 Χρονίσας
3425 1599 3605 1655 τοίνυν
3645 1601 3793 1674 παρά

2138 1691 2218 1758 τῷ
2251 1687 2501 1761 μακαρίῳ
2527 1678 2812 1755 -Ἑλπιδίῳ
2857 1682 2884 1736 6
2935 1679 3200 1761 διάπυρος
3251 1678 3483 1755 ἐραστὴς
3531 1685 3643 1761 τῶν
3689 1687 3793 1750 τῆς

2139 1756 2414 1837 ἀσκήσεως
2475 1756 2680 1842 ἀρετῶν
2740 1761 3007 1824 Σισίννιος
3063 1758 3221 1816 ἕκτον
3291 1761 3324 1830 ἢ
3381 1761 3471 1816 καὶ
3545 1756 3791 1834 ’ἕϐδομον

2141 1843 2280 1916 ἔτος,
2327 1848 2415 1902 καὶ
2464 1839 2865 1919 ἐκμεμαθηκὼς
2908 1846 3006 1898 τοῦ
3056 1839 3248 1916 ἀνδρὸς
3297 1843 3391 1903 τὰς
3437 1841 3655 1916 ἀρετὰς,
3703 1843 3792 1896 καὶ

2138 1927 2200 1984 τὸ
2232 1928 2488 2003 καρτερὸν
2530 1931 2639 1983 τῶν
2673 1928 2771 1994 τῆς
2830 1925 3111 1994 ἀσκήσεως
3168 1923 3367 1991 πόνων,
3426 1921 3506 1987 εἴς
3562 1923 3790 1995 ὕστερον

2140 2000 2313 2072 οὗτος
2357 2000 2601 2082 μνήματι
2671 2007 2860 2060 ἐαυτὸν
2935 2003 3287 2079 ἐγκαθεῖρξεν.
3339 2001 3462 2058 Ἐπὶ
3507 2005 3640 2075 τρία
3691 2000 3788 2073 ἒτη

2139 2079 2426 2150 παθεὶςὴέν
2473 2079 2554 2159 τῷ
2607 2088 2876 2159 μνήματι,
2924 2082 2976 2139 ἐν
3027 2087 3361 2157 προσευχαῖς
3420 2079 3676 2153 διετέλει,
3708 2085 3787 2155 μή

2136 2169 2370 2240 νύκτωρ,
2424 2169 2499 2241 μὴ
2568 2167 2681 2239 μεθ’
2743 2165 2978 2239 ἡμέραν,
3029 2166 3103 2237 μὴ
3154 2165 3401 2234 καθίσας,
3454 2163 3530 2236 μὴ
3584 2163 3786 2218 ἀναπε-

2137 2249 2265 2320 σὼν,
2314 2250 2390 2322 μὴ
2429 2240 2668 2324 βαδίσας
2724 2240 2848 2319 ἔξω.
2905 2245 3085 2306 Οὗτος
3137 2245 3455 2315 κατηξιώθη
3516 2241 3790 2318 χαρίσμα-

2133 2351 2226 2393 τος
2256 2331 2392 2386 κατὰ
2425 2327 2725 2404 δαιμόνων.
2767 2329 2896 2384 Νυνὶ
2933 2325 2990 2382 δὲ
3039 2325 3348 2383 ἐπανελθὼν
3399 2325 3490 2382 ἐπὶ
3535 2329 3636 2395 τὴν
3681 2348 3788 2381 πα-

2132 2410 2288 2487 τρίδα
2335 2412 2544 2481 ἠξιώθη
2607 2406 3017 2484 πρεσϐυτερίου,
3079 2409 3384 2484 συναγαγὼν
3435 2405 3787 2482 ἀδελφότητα

2134 2489 2340 2565 ἀνδρῶν
2371 2511 2428 2546 τε
2457 2490 2867 2564 καὶγυναικῶν,
2910 2493 2978 2562 τῇ
3033 2489 3301 2562 μαρτυρίᾳ
3349 2495 3452 2557 τῆς
3504 2488 3786 2563 ἀπαθείας,

2134 2569 2224 2626 διὰ
2249 2579 2349 2642 τῆς
2379 2577 2583 2644 σεμνῆς
2629 2568 2931 2639 πολιτείας,
2965 2570 3054 2623 καὶ
3102 2570 3163 2624 :6
3223 2570 3415 2624 ἐαυτοῦ
3472 2565 3636 2644 ἅρῥεν
3689 2576 3790 2638 τῆς

2131 2651 2421 2725 ἐπιθυμίας
2477 2650 2692 2719 ἐλάσας,
2751 2649 2842 2705 καὶ
2900 2650 2963 2705 :6
3015 2653 3123 2704 τῶν
3182 2654 3452 2726 γυναικῶν
3511 2651 3658 2720 θῆλυ
3714 2655 3786 2724 τῇ

2130 2732 2409 2809 ἐγκρατείᾳ
2482 2733 2757 2810 φιμώσας,
2818 2732 2892 2794 ὡς
2951 2733 3296 2810 πληροῦσθαι
3347 2733 3408 2786 τὸ
3465 2732 3788 2808 γεγραμμέ-

2129 2808 2270 2869 νονο
2329 2815 2381 2868 ἐν
2438 2808 2661 2888 Φριστῷ
2725 2815 2908 2883 Ἰησοῦ
2968 2814 3066 2867 ούκ
3115 2808 3257 2888 ἔστιν
3285 2809 3431 2886 ἄρσεν
3482 2813 3572 2866 καί
3604 2811 3773 2879 θῆλυ.

2128 2895 2311 2950 Ἔστιν
2343 2887 2521 2948 δὲκαὶ
2572 2891 2854 2970 φιλόξενος
2913 2893 3032 2946 καθ’
3091 2887 3639 2968 ὑπερϐολῆν,καίπερ
3694 2888 3776 2944 ὢν

2127 2973 2264 3045 ἀκτή
2277 2994 2415 3048 μων,
2439 2973 2516 3037 εἷς
2545 2971 2774 3047 ἔλεγχον
2805 2976 2911 3027 τῶν
2945 2970 3294 3046 ἀμεταδότων
3337 2970 3633 3030 πλουσίων.

2762 3067 3018 3117 ΚΕΦΑΛ.
3070 3063 3172 3120 PI'.

2731 3153 2862 3226 Περὶ
2907 3149 3172 3209 Γαδδανᾶ.

2198 3247 2400 3321 Ἔγνων
2478 3241 2584 3320 ἐγὼ
2641 3243 2870 3319 γέροντά
2936 3263 3058 3321 τινα
3115 3240 3481 3298 Παλαιστῖνον
3539 3239 3777 3297 Γαδδανᾶ

2127 3318 2361 3400 ἀνόματι
2392 3344 2406 3359 ο
2442 3325 2500 3387 ’ὀς
2520 3318 2623 3379 τὸν
2648 3318 2875 3399 ἄστεγον
2924 3318 3083 3392 ἔζησε
3135 3323 3252 3398 βίον
3301 3323 3393 3378 τὸν
3446 3322 3622 3377 πάντα
3675 3328 3776 3390 τῆς

2131 3413 2275 3476 ζωῆς
2307 3405 2475 3460 αὐτοῦ
2497 3406 2722 3480 χρόνον,
2747 3406 2820 3466 εἱς
2843 3404 2970 3468 τοὺς
2989 3403 3112 3477 περὶ
3133 3404 3225 3459 τὸν
3250 3401 3535 3477 Ἰορδάνην
3556 3403 3777 3466 τόπους.

2125 3488 2316 3558 Τούτῳ
2338 3486 2470 3540 ποτὲ
2500 3491 2580 3558 τῷ
2614 3484 2862 3559 μακαρίῳ
2886 3483 3123 3558 ἐρημίτῃ
3150 3481 3413 3540 Ἰουδαῖοι
3444 3485 3584 3538 κατά
3610 3483 3777 3552 ζῆλον

2127 3567 2436 3640 ἐπιθέμενοι
2469 3565 2521 3620 ἐν
2563 3571 2682 3628 τοῖς
2712 3566 2834 3640 περὶ
2868 3566 2966 3632 τῆν
2997 3565 3204 3638 Νεκράν
3246 3563 3520 3619 θάλασσαν
3558 3565 3775 3640 τόποις,

2127 3647 2277 3725 ξίφος
2308 3648 2692 3720 γυμνώσαντες
2722 3639 2838 3701 κατ’
2869 3645 3034 3702 αὐτοῦ
3063 3643 3304 3709 ἐπῆλθον
3348 3646 3519 3716 αὐτῷ.
3563 3639 3776 3713 Συνέϐη

2127 3730 2184 3787 δὲ
2205 3733 2384 3803 θαῦμα
2406 3733 2662 3784 τοιοῦτον
2685 3729 2954 3804 γενέσθαι.
2985 3728 3069 3782 Ἐν
3089 3731 3166 3797 τῷ
3187 3726 3248 3782 :6
3269 3727 3421 3802 ξίφος
3445 3726 3659 3800 ἐπᾶραι,
3681 3725 3774 3779 καὶ

2127 3810 2474 3886 βουληθῆναι
2507 3815 2704 3864 σπᾶσαι
2741 3810 2874 3865 κατὰ
2905 3811 3000 3864 τοῦ
3023 3804 3268 3863 Γαδδανᾶ
3285 3806 3378 3862 τὸν
3399 3806 3653 3880 ὄλεθρον,
3675 3804 3778 3859 ἃπ-

2126 3885 2387 3966 εξηράνθη
2418 3893 2451 3961 ἡ
2473 3892 2600 3968 χεὶρ
2620 3895 2717 3944 τοῦ
2737 3890 2798 3944 τὸ
2822 3889 2970 3965 ξίφος
2992 3888 3328 3962 κατέχοντος
3349 3906 3364 3919 ο
3388 3888 3480 3942 καὶ
3501 3891 3663 3968 τοῦτο
3685 3885 3772 3968 ἀπ’

2123 3972 2288 4027 αὐτοῦ
2310 3967 2654 4041 ἀναισθήτως
2675 3971 2982 4025 κατέπεσεν.
3007 3967 3152 4039 Αὕτη
3184 3972 3219 4038 ἡ
3251 3969 3398 4043 παρά
3442 3972 3580 4023 Θεοῦ
3636 3967 3777 4041 βοή-

2123 4054 2239 4107 θεια
2269 4052 2568 4126 σύμμαχος
2599 4049 2821 4128 γέγονεν
2852 4053 2948 4105 τοῦ
2997 4049 3154 4128 ἁγίου
3199 4045 3464 4128 Γαδδανᾶ,
3497 4048 3591 4128 καὶ
3641 4045 3772 4116 αὕτη

2125 4134 2158 4200 ἡ
2192 4133 2354 4206 ἀρετή
2391 4124 2505 4187 τοῦ
2531 4124 2803 4206 μακαρίου
2833 4127 3025 4204 ἀνδρὸς
3052 4127 3157 4194 ἓως
3185 4124 3286 4200 ἔξω
3321 4131 3420 4184 τοῦ
3452 4126 3604 4203 βίου.

2709 4231 2968 4287 ΚΕΦΑΛ.
3028 4231 3184 4286 PIA'.

2763 4321 2893 4397 Περῖ
2946 4320 3130 4378 Ἠλία.

2193 4415 2386 4478 Ἠλίας
2443 4417 2611 4473 πάλιν
2661 4417 2888 4491 ὀνόματι
2940 4418 3188 4492 μονάζων
3235 4414 3678 4491 εὐδοκιμώτατος
3717 4415 3767 4470 ἐν

2116 4503 2233 4561 τοῖς
2264 4497 2453 4561 αὐτοῖς
2493 4499 2685 4560 τόποις
2733 4496 2788 4552 ἒν
2838 4497 3099 4570 σπηλαίῳ
3148 4497 3402 4569 κατῴκει,
3433 4495 3767 4567 σεμνοτάτου

2117 4580 2205 4634 καὶ
2265 4575 2533 4652 ἐνθέσμου
2596 4579 2720 4653 βίου
2782 4579 3071 4654 ὑπάρχων,
3110 4580 3179 4651 τῇ
3238 4575 3505 4653 ἐγκρατείᾳ
3548 4573 3637 4628 καί

2119 4658 2260 4734 εύχῇ
2286 4664 2666 4735 προσανεῖχεν,
2699 4658 3053 4735 φιλοφρόνως
3083 4657 3286 4721 πάντας
3318 4654 3764 4735 ξενοδοχῶν-τοῦς

2115 4732 2608 4815 παραγινομένους.
2666 4732 2807 4803 Μιᾶς
2852 4732 2957 4795 οῦν
3025 4744 3133 4794 τῶν
3207 4741 3431 4813 ἡμερῶν
3514 4732 3767 4815 ἀδελφῶν

2117 4811 2288 4892 αὐτῷ’
2316 4811 2740 4891 ἐπεληλυθότων
2794 4819 3062 4875 πλειόνων
3112 4819 3202 4892 (ἦν
3243 4811 3348 4894 γὰρ
3405 4811 3674 4888 πάροδος
3701 4811 3775 4868 δι’

2118 4898 2302 4970 αὑτοῦ)
2357 4899 2579 4978 ἐλείφθη
2641 4899 2816 4975 ἄρτων
2879 4921 2892 4934 ·
2967 4900 3055 4955 καὶ
3125 4897 3490 4978 διομνύμενος
3564 4894 3775 4978 ἔπεισεν

2117 4981 2284 5054 ἡμᾶς,
2337 4978 2420 5034 ὅτι
2472 4975 2606 5055 Παρ“
2669 4979 2859 5054 ὀλίγον
2901 4978 3285 5052 ἐλιποθύμησα
3332 4975 3420 5032 ἐπὶ
3459 4981 3529 5050 τῇ
3581 4976 3777 5030 σπάνει

2117 5065 2224 5115 τῶν
2255 5061 2492 5139 τροφῶν.
2526 5060 2801 5118 Εἰσελθὼν
2827 5059 2922 5115 οῦν
2965 5060 3016 5116 ἐν
3044 5065 3124 5132 τῷ
3165 5057 3376 5132 κελλίῳ
3424 5059 3562 5139 πάνυ
3614 5056 3784 5139 mpli-

2118 5140 2291 5203 λυπος
2322 5137 2384 5195 :6
2432 5145 2550 5202 πῶς
2600 5141 2675 5204 εἷς
2711 5141 2839 5204 τοὺς
2882 5139 3355 5218 πᾶραγενομένους
3407 5137 3544 5214 πρός
3584 5158 3670 5218 ,με
3715 5137 3775 5192 τὸ

2117 5227 2218 5291 τῆς
2249 5220 2462 5294 ἀγάπης
2495 5224 2690 5298 μέτρον
2722 5217 3146 5297 ἀποπληρώσω,
3177 5221 3332 5298 εὗρον
3359 5225 3538 5295 τρεῖςς
3573 5217 3781 5293 ἄρτους

2122 5299 2394 5375 μεγάλους
2423 5302 2647 5377 νεαροὺς
2677 5303 2979 5377 κειμένους,
3013 5301 3106 5364 οῦς
3153 5299 3338 5357 λαϐὼν
3370 5299 3585 5375 χαίρων
3639 5318 3782 5373 παρ-

2119 5381 2304 5451 έθηκα.
2339 5384 2438 5437 Καὶ
2471 5383 2753 5461 φαγόντων
2804 5383 2880 5445 εἷς
2937 5381 3100 5458 κόρον
3152 5381 3322 5436 εἴκοσι
3380 5378 3591 5461 ἀνδρῶν
3653 5378 3784 5461 ἐπε-

2120 5461 2389 5537 ρίσσευσεν
2432 5464 2459 5517 6
2483 5457 2570 5526 ἐἷς
2597 5463 2779 5540 ἄρτος.
2816 5469 2982 5537 Ἄρας
3011 5457 3108 5518 οὖν
3157 5467 3348 5518 τοῦτον
3377 5459 3484 5535 ἐγὼ
3517 5457 3740 5532 ἐχρησά
3764 5477 3778 5490 ·

2120 5564 2228 5616 μην
2261 5542 2348 5598 ἐπὶ
2380 5546 2586 5619 ἡμέρας
2618 5545 2790 5602 εἷ’κοσι
2822 5547 3001 5604 πέντε.
3032 5543 3178 5616 Αὕτη
3221 5547 3256 5615 ἡ
3291 5545 3452 5619 χάρις
3501 5540 3645 5616 μετά
3683 5543 3780 5594 τοῦ

2117 5624 2403 5700 φιλοξένου
2418 5629 2633 5703 γέγονεν
2654 5626 2836 5697 Ἠλία,
2857 5627 2919 5682 οὗ
2939 5627 2992 5681 αἱ
3019 5621 3254 5701 ἀμοιϐαὶ
3284 5630 3390 5681 τῶν
3421 5623 3612 5679 πόνων
3631 5620 3779 5696 παρὸ

2114 5709 2193 5780 τῷ
2225 5704 2596 5790 φιλανθρώπῳ
2627 5709 2869 5787 Δεσπότῃ
2913 5706 3359 5788 εὖτρεπιζόμεναι
3401 5706 3774 5780 ὑπαρχουσιν.
