4112 6210
239 342 396 406 1213

231 566 590 621 deducentes
620 582 752 621 eum
790 566 862 621 ad
906 565 1294 636 cognitionem
1358 583 1474 622 sua
1515 566 1953 640 imbecillitatis,

232 654 475 711 illusum
507 673 540 712 a
579 657 842 710 daemone
871 655 1177 726 superbia,
1200 663 1252 711 et
1282 658 1501 712 sanctis
1533 659 1799 726 precibus
1831 661 1955 716 suis

233 744 292 799 in
324 745 631 816 pristinam
665 746 796 800 vita
828 746 1196 801 sanctitatem
1231 746 1628 802 restituerunt.

892 854 1125 911 CAPUT
1164 855 1300 912 CVI.

783 962 901 1018 Vita
929 963 1141 1018 abbatis
1171 963 1402 1033 Etpz’dii.

306 1072 369 1126 In
401 1070 864 1127 Amorrhaorum
900 1071 1192 1143 speluncis
1224 1088 1350 1143 qua
1391 1075 1531 1127 sunt
1587 1072 1646 1127 in
1700 1073 1948 1135 Jericho,

237 1176 386 1231 quas
411 1161 552 1216 olim
585 1165 1029 1217 construxerant
1078 1161 1365 1232 fugientes
1403 1161 1606 1217 Jesum
1651 1163 1818 1228 Nave,
1845 1163 1950 1233 qui

235 1254 377 1306 tunc
408 1250 795 1322 populabatur
850 1249 1224 1321 alienigenas,
1275 1249 1333 1304 in
1385 1255 1580 1306 monte
1631 1255 1784 1306 Luca
1841 1253 1948 1306 fuit

235 1339 472 1410 quidam
519 1339 800 1412 Elpidius,
823 1339 1132 1410 Cappadox
1188 1354 1421 1410 genere,
1493 1344 1691 1409 postea
1752 1346 1944 1395 autem

223 1429 500 1500 dignatus
534 1430 930 1501 presbyteratu
974 1429 1310 1484 monasterii
1342 1430 1495 1500 quod
1556 1429 1676 1484 illic
1727 1435 1834 1497 est,
1869 1431 1948 1484 fa-

229 1521 360 1574 ctus
389 1535 422 1574 a
454 1519 758 1574 Timotheo
790 1518 1198 1589 chorepiscOpo
1239 1518 1634 1590 Cappadocia,
1667 1517 1786 1574 viro
1822 1519 1944 1574 suf-

222 1607 648 1664 ficientissimo.
686 1613 738 1662 Is
782 1607 1066 1663 habitavit
1112 1608 1169 1661 in
1221 1609 1472 1678 quadam
1533 1607 1832 1678 spelunca,
1891 1612 1948 1664 et

229 1705 455 1756 tantam
513 1699 572 1754 in
631 1700 1044 1757 exercitatione
1093 1700 1349 1757 ostendit
1407 1699 1847 1768 continentiam,
1883 1705 1948 1756 ut

220 1805 431 1846 omnes
462 1791 823 1848 obscuraret.
856 1791 1012 1846 Vixit
1043 1791 1195 1846 enim
1223 1790 1421 1861 viginti
1454 1791 1712 1863 quinque
1735 1808 1942 1862 annos,

1607 347 1981 412 HISTORIA
2024 351 2440 414 LAUSIACA.

229 483 285 531 et
315 475 501 548 magis
558 475 1008 537 indifferentem,
1051 480 1332 532 curarunt
1380 493 1514 532 eum
1576 494 1608 533 a
1657 482 1953 550 superbia,
1985 483 2038 550 Α

3625 355 3779 416 1214

2719 485 2950 542 CAPUT
2990 485 3126 540 CIX.

2598 577 2718 630 Vita
2751 577 2962 630 abbatis
2992 576 3252 630 .Sisinnii.

2139 681 2321 750 Hujus
2343 681 2664 753 discipulus
2685 684 2978 739 Sisinnius
3009 684 3262 751 nomine,
3285 684 3381 755 qui
3408 684 3618 754 prodiit
3648 686 3780 756 qui-

2064 768 2194 823 dem
2227 784 2294 823 ex
2325 769 2516 824 servili
2561 772 2949 840 fortuna;fide
2980 778 3169 829 autem
3204 773 3370 840 liber,
3403 789 3610 845 genere
3640 773 3778 845 Cap-

2062 857 2269 927 padox.
2303 856 2544 927 Oportet
2607 861 2764 916 enim
2813 879 3026 932 genera
3083 877 3313 933 quoque
3345 863 3672 932 significare
3703 863 3772 917 ad

2059 945 2303 1017 gloriam
2338 948 2547 1004 Christi
2581 950 2681 1020 qui
2709 967 2812 1005 nos
2853 952 3041 1006 reddit
3070 952 3256 1008 claros
3301 968 3530 1024 genere,
3563 967 3772 1023 nempe

2061 1037 2295 1091 deducit
2324 1038 2392 1092 ad
2425 1038 2651 1093 beatam
2685 1045 2741 1094 et
2788 1057 2976 1095 veram
3011 1041 3400 1111 nobilitatem,
3437 1059 3644 1114 nempe
3684 1058 3770 1097 re-

2059 1141 2239 1197 gnum
2271 1125 2566 1181 cmlorum.
2602 1127 2704 1182 Hic
2733 1143 2870 1183 cum
2895 1129 3096 1183 fuisset
3129 1129 3300 1200 longo
3332 1135 3589 1202 tempore
3621 1131 3769 1200 apud

2060 1215 2286 1270 beatum
2316 1215 2603 1287 Eipidium
2637 1217 2783 1272 acris
2815 1217 3032 1273 athleta
3071 1219 3355 1272 virtutum
3415 1221 3773 1275 exercitatio-

2061 1307 2172 1375 nis,
2216 1312 2275 1360 ut
2298 1307 2396 1376 qui
2439 1323 2528 1360 sex
2555 1307 2639 1362 vel
2673 1312 2894 1378 septem
2929 1307 3097 1362 annis
3121 1307 3421 1362 didicisset
3447 1309 3550 1361 viri
3585 1310 3773 1363 virtu-

2065 1401 2171 1456 tes,
2197 1401 2250 1451 et
2285 1395 2676 1451 fortitudinem
2709 1397 2974 1452 laborum
3007 1397 3066 1452 in
3098 1397 3526 1462 exercitatione,
3550 1398 3598 1452 is
3624 1403 3775 1469 post-

2058 1502 2123 1540 ea
2144 1487 2398 1556 scipeum
2431 1486 2670 1541 inclusit
2717 1488 3100 1542 monimento.
3135 1490 3198 1542 In
3251 1504 3316 1544 eo
3367 1492 3558 1543 autem
3611 1505 3775 1543 cons-

2056 1576 2270 1632 titutus
2341 1583 2455 1631 tres
2533 1593 2740 1644 annos,
2821 1579 3208 1648 perseveravit
3282 1579 3341 1633 in
3395 1579 3774 1644 orationibus,

2057 1682 2170 1721 non
2204 1669 2400 1734 noctu,
2429 1682 2541 1721 non
2583 1665 2834 1720 interdiu
2861 1666 3092 1734 sedens,
3115 1684 3223 1721 non
3254 1668 3629 1736 accumbens,
3656 1683 3772 1723 non

2055 1756 2206 1810 foras
2237 1756 2560 1826 egrediens.
2605 1756 2657 1811 ls
2707 1759 3012 1811 assecutus
3061 1761 3149 1811 est
3205 1756 3450 1835 gratiam
3492 1757 3773 1813 adversus

218 1896 464 1936 vescens
514 1881 705 1936 solum
735 1880 1001 1935 Sabbatis
1040 1885 1097 1935 et
1149 1880 1498 1947 Dominicis;
1547 1889 1710 1936 stans
1748 1886 1941 1936 autem
1977 1857 2021 1922 Β
2052 1845 2368 1947 άξῬΟΡῨῩ
2400 1849 2780 1947 Ν⁰⁰⁰,³⁰ίθφ
2813 1861 3078 1947 reversus
3153 1860 3232 1947 ηδ,
3268 1849 3533 1947 “tria”?
3559 1847 3772 1947 ‘3'?"93

221 1973 378 2025 totas
402 1974 597 2024 noctes
637 1969 1131 2033 cantabat.Quem
1165 1970 1316 2026 sicut
1348 1987 1485 2041 apes
1527 1986 1715 2042 regem
1749 1986 1940 2040 suum,

219 2051 302 2112 ita
333 2057 639 2112 innumera
669 2056 979 2112 multitudo
1011 2057 1258 2112 fratrum
1299 2061 1520 2124 secuta,
1562 2058 1733 2114 illum
1785 2075 1944 2116 mon-

220 2150 339 2201 tem
372 2145 701 2200 adificavit:
735 2145 1060 2216 licebatque
1117 2145 1238 2201 illic
1292 2145 1486 2202 videre
1535 2147 1686 2218 apud
1724 2162 1943 2202 unum-

216 2250 508 2307 quemque
556 2235 813 2292 diversos
867 2236 1074 2290 modus
1133 2235 1256 2289 vita
1301 2235 1748 2292 exercitationis.
1775 2237 1940 2291 Hunc

217 2325 530 2395 aliquando
576 2324 970 2395 Elpidium,et
1027 2340 1156 2379 vere
1218 2323 1538 2395 Elpidium,
1583 2325 1683 2396 qui
1741 2342 1940 2382 revera

218 2431 315 2483 spe
337 2414 647 2485 gaudebat,
687 2416 744 2468 et
785 2418 1017 2484 propter
1074 2412 1369 2468 Christum
1419 2413 1750 2470 sustinebat
1805 2416 1936 2470 affi-

215 2505 493 2570 ctioncm,
537 2507 709 2558 noctu
745 2501 1080 2570 psallentem
1105 2503 1272 2558 nobis
1293 2519 1555 2558 unacum
1587 2521 1653 2560 eo
1687 2503 1935 2575 psallen-

214 2594 394 2655 tibus,
430 2594 674 2666 pupugit
703 2593 966 2663 scorpius
1001 2611 1013 2649 :
1050 2610 1221 2665 quem
1253 2610 1388 2651 cum
1421 2593 1698 2650 calcasset
1747 2600 1932 2661 stans,

213 2702 329 2739 non
359 2683 603 2738 mutavit
632 2682 888 2738 habitum
932 2683 1224 2754 corporis;
1258 2687 1420 2740 tanta
1463 2683 1769 2740 tolerantia
1800 2685 1934 2740 nul-

211 2791 334 2848 lum
368 2773 528 2828 duxit
559 2773 839 2829 rationem
873 2772 1088 2829 doloris
1140 2790 1312 2844 quem
1356 2773 1566 2829 inussit
1627 2775 1934 2845 scoripius,

215 2865 386 2920 Porro
417 2866 607 2918 autem
643 2879 777 2917 cum
812 2862 1064 2934 quodam
1097 2863 1188 2917 die
1222 2863 1455 2934 quidam
1491 2863 1667 2920 frater
1711 2869 1935 2920 teneret

215 2954 468 3010 frustum
511 2953 781 3009 sarmenti
816 2955 983 3025 (154).
1012 2953 1068 3008 id
1115 2955 1331 3024 accepit
1374 2960 1613 3010 sanctus
1673 2956 1812 3009 dum
1837 2970 1934 3009 se-

218 3046 378 3100 deret
399 3044 455 3099 in
491 3044 749 3115 margine
773 3043 1007 3110 montis,
1033 3048 1089 3098 et
1110 3043 1320 3098 infodit
1339 3051 1612 3114 tanquam
1638 3044 1932 3114 plantans,

215 3132 320 3186 etsi
373 3148 485 3186 non
563 3137 714 3185 esset
773 3134 1046 3201 tempus;
1082 3145 1269 3200 usque
1327 3130 1467 3185 adeo
1500 3135 1690 3184 autem
1733 3131 1929 3196 crevit,

2052 1940 2140 1989 est
2173 1935 2400 1989 habitus
2434 1936 2871 2006 presbyteratu;
2911 1937 2981 1990 ab
3020 1951 3085 1989 eo
3126 1933 3364 1989 collecta
3412 1936 3771 1991 fraternitate

2053 2024 2310 2080 virorum
2343 2029 2400 2080 et
2431 2025 2758 2092 mulierum,
2787 2027 2916 2079 dato
2949 2024 3280 2080 testimonio
3313 2024 3770 2095 impatibilitatis

2054 2131 2154 2185 per
2183 2115 2490 2171 honestam
2521 2117 2647 2171 vita
2679 2117 3131 2184 institutionem,
3162 2121 3219 2171 et
3243 2115 3501 2171 mascula
3534 2115 3772 2187 expulsa

2054 2221 2156 2262 sua
2186 2206 2522 2278 cupiditate,
2556 2211 2609 2262 et
2641 2207 2985 2262 feminarum
3021 2205 3262 2262 mollitie
3294 2205 3608 2261 constricta
3637 2222 3771 2262 con-

2053 2295 2318 2363 tinentia,
2351 2297 2490 2352 adeo
2523 2300 2586 2351 ut
2648 2295 2958 2367 impleatur
3016 2297 3167 2368 quod
3229 2295 3511 2368 scriptum
3540 2300 3624 2351 est
3657 2313 3670 2350 :
3709 2298 3768 2351 In

2051 2385 2277 2440 Christo
2305 2385 2443 2441 Jesu
2469 2403 2583 2441 non
2607 2390 2694 2441 est
2724 2385 3017 2441 masculus
3034 2391 3090 2440 et
3123 2386 3338 2440 femina
3361 2403 3373 2453 ;
3396 2403 3509 2441 non
3544 2391 3629 2441 est
3651 2401 3769 2440 ser-

2050 2491 2177 2535 vus,
2213 2492 2316 2532 nec
2346 2475 2493 2530 liber
2519 2476 2716 2545 (Gatat.
2753 2478 2837 2547 ιι).
2874 2476 2970 2529 Est
3000 2480 3196 2532 autem
3252 2475 3424 2531 etiam
3461 2475 3770 2546 insigniter

2050 2563 2375 2636 hospitalis,
2410 2565 2511 2620 etsi
2552 2570 2744 2621 careat
2787 2565 3281 2636 possessionibus,
3316 2565 3374 2620 in
3419 2565 3766 2636 vituperium

2048 2651 2294 2709 divitum
2329 2655 2427 2726 qui
2458 2655 2701 2710 minime
2732 2655 3161 2725 impertiuntur.

2713 2761 2948 2818 CAPUT
2986 2763 3097 2818 CX.

2478 2854 2598 2908 Vita
2645 2853 2854 2908 abbatis
2875 2853 3139 2909 Gaddana
3169 2854 3340 2923 ([57).

2117 2963 2256 3018 Novi
2307 2979 2410 3033 ego
2460 2979 2658 3017 senem
2720 2963 3030 3032 quemdam
3107 2962 3470 3018 Palastinum
3531 2977 3763 3034 genere,

2045 3051 2379 3119 Gaddanam
2415 3051 2668 3119 nomine,
2701 3051 2794 3120 qui
2855 3054 2975 3104 toto
3027 3053 3150 3104 vita
3185 3067 3304 3104 sua
3338 3055 3596 3120 tempore
3629 3051 3767 3104 vixit

2045 3141 2265 3212 absque
2299 3145 2469 3206 tecto,
2503 3140 2643 3194 vixit
2681 3145 2874 3194 autem
2907 3139 3058 3194 circa
3077 3138 3596 3194 Jordanem.Hunc
3628 3140 3765 3194 bea-

214 3227 408 3277 ettam
467 3221 660 3290 ampla
703 3219 838 3275 vitis
895 3220 1098 3286 evasit,
1133 3226 1197 3275 ut
1265 3222 1480 3290 tegeret
1533 3223 1713 3274 totam
1747 3221 1930 3276 echa-

2108 3247 2162 3286 m
2197 3230 2520 3296 crcmitam,
2556 3245 2687 3285 cum
2719 3229 2905 3283 Judaei
2940 3229 3078 3283 moti
3111 3227 3506 3295 amulatione,
3532 3229 3588 3282 in
3620 3227 3763 3284 locis

213 3310 386 3367 siam.

841 3416 1077 3473 CAPUT
1107 3415 1271 3472 CVII.

759 3528 888 3581 Vita
917 3526 1127 3581 abbatis
1158 3527 1390 3581 [Εηεείἰ.

289 3633 429 3688 Cum
472 3633 578 3688 hoc
617 3636 816 3688 sancto
867 3631 965 3686 Dei
1015 3631 1229 3686 athleta
1262 3648 1376 3686 una
1428 3631 1601 3686 etiam
1651 3631 1758 3685 fuit
1797 3646 1936 3685 con-

216 3726 542 3778 summatus
597 3722 852 3794 inclytus
901 3721 1002 3776 Dei
1061 3738 1261 3777 servus
1319 3721 1612 3789 lEnesiue,
1667 3721 1754 3773 vir
1814 3737 1938 3774 ma-

216 3831 340 3881 gna
380 3813 846 3878 existimationis,
888 3817 944 3867 et
971 3813 1069 3883 qui
1104 3813 1213 3868 fuit
1269 3811 1518 3881 insignis
1555 3811 1613 3864 in
1660 3810 1935 3865 exercita-

216 3904 397 3958 tione.

861 4001 1092 4082 CAPUT
1133 4025 1324 4082 cvm.

551 4155 558 4162 '
612 4137 726 4193 Vita
757 4134 972 4192 abbatis
1003 4135 1277 4190 Eustathii
1316 4135 1484 4207 (155).

288 4245 356 4300 Et
412 4246 536 4316 ejus
589 4247 762 4302 frater
820 4245 1160 4302 Eustathius
1239 4250 1296 4301 et
1374 4245 1591 4301 honore
1673 4242 1938 4314 aqualis,

214 4342 602 4410 promptoque
663 4343 720 4394 et
777 4338 954 4394 alacri
1008 4338 1204 4393 animo
1263 4352 1532 4392 exercens
1580 4336 1709 4390 vita
1755 4339 1942 4390 certa-

217 4444 400 4483 mina.

293 4517 367 4572 Eo
403 4528 596 4574 autem
619 4519 897 4590 processit
928 4518 1130 4574 beatus
1182 4517 1446 4588 Elpidius
1505 4514 1939 4587 impatibilitate

2045 3337 2171 3392 qua
2204 3325 2340 3376 sunt
2366 3320 2517 3376 circa
2551 3335 2708 3374 mare
2741 3318 3032 3373 Mortuum
3083 3319 3291 3383 adorti,
3326 3317 3525 3374 stricto
3573 3317 3761 3387 gladio
3815 3335 3822 3340 ·

2045 3409 2418 3478 invasissent,
2449 3409 2658 3464 accidit
2699 3417 2759 3462 ut
2828 3407 2942 3462 tale
3001 3407 3157 3462 fieret
3216 3406 3584 3462 miraculum.
3618 3408 3760 3462 Dum

2045 3515 2242 3556 ensem
2267 3497 2585 3565 extolleret,
2613 3503 2671 3554 et
2700 3497 2868 3553 vellet
2888 3497 3177 3552 Gaddana
3203 3496 3404 3552 afferre
3438 3497 3757 3567 interitum,

2045 3591 2330 3646 exsiccata
2396 3595 2483 3646 est
2543 3607 2752 3645 manus
2812 3589 2938 3658 ejus
2970 3588 3060 3660 qui
3089 3588 3559 3654 ensemtenebat,
3593 3587 3760 3659 isque

2046 3681 2128 3736 illi
2181 3682 2260 3735 ita
2305 3681 2513 3736 cecidit
2543 3686 2605 3734 ut
2656 3697 2768 3735 non
2819 3679 3078 3735 sentiret.
3106 3678 3220 3736 Hoc
3271 3678 3552 3734 auxilium
3584 3697 3613 3732 a
3645 3677 3759 3734 Deo

2047 3769 2226 3823 latum
2259 3773 2348 3824 est
2378 3770 2544 3824 beato
2575 3769 2869 3837 Gaddana,
2902 3774 2959 3822 et
2989 3769 3107 3824 hac
3138 3770 3324 3824 victus
3349 3769 3495 3824 beati
3529 3768 3628 3823 viri
3659 3785 3760 3824 us-

2049 3874 2161 3928 que
2193 3859 2262 3912 ad
2299 3859 2472 3913 tinem
2507 3859 2655 3913 vita.

2692 3963 2920 4021 CAPUT
2956 3966 3100 4022 CXI.

2623 4057 2739 4111 Vita
2769 4055 2981 4110 abbatis
3015 4056 3174 4112 Etiae.

2122 4165 2338 4220 Rursus
2367 4164 2597 4234 quidam
2623 4164 2775 4221 Elias
2823 4164 3144 4220 monachus
3195 4163 3670 4236 probatissimae,
3707 4164 3767 4221 in

2049 4251 2258 4310 iisdem
2293 4253 2433 4309 locis
2461 4254 2757 4309 habitabat
2788 4254 2843 4308 in
2876 4253 3194 4325 spelunca;
3227 4258 3433 4310 etcum
3466 4258 3618 4310 esset
3639 4253 3765 4309 vita

2057 4340 2469 4396 honestissima
2500 4346 2556 4396 et
2619 4341 2678 4396 in
2732 4342 2938 4412 primis
2980 4341 3279 4412 religiosa,
3305 4343 3546 4398 vocabat
3577 4343 3762 4398 conti-

2059 4430 2266 4484 nentia
2299 4435 2355 4485 et
2386 4429 2655 4498 orationi,
2687 4445 2887 4486 omnes
2919 4429 3293 4486 advenientes
3335 4429 3584 4502 benigne
3623 4431 3770 4486 exci-

2061 4517 2244 4587 piens.
2275 4518 2532 4582 Quodam
2563 4535 2698 4591 ergo
2739 4519 2832 4574 die
2878 4535 3012 4575 cum
3081 4519 3408 4592 complures
3465 4521 3666 4575 fratres
3698 4519 3772 4575 ad

226 4622 436 4681 corpus
463 4623 784 4678 macerans,
811 4613 874 4664 ut
904 4612 1025 4664 tota
1055 4608 1183 4679 ejus
1204 4607 1358 4678 (159)
1395 4605 1614 4661 ossium
1647 4609 1941 4660 structura
1973 4598 2018 4662 D
2051 4626 2184 4666 eum
2217 4608 2624 4676 accessissent,
2656 4614 2777 4666 erat
2804 4610 2960 4664 enim
3001 4607 3134 4665 illac
3190 4609 3274 4665 eis
3317 4609 3767 4678 transeundum,

230 4697 534 4767 perspicue
574 4702 812 4769 pateret.
840 4699 1039 4754 Fertur
1065 4703 1258 4754 autem
1307 4697 1411 4752 hoc
1464 4710 1693 4767 quoque
1721 4695 1779 4748 in
1812 4693 1942 4764 ejus

230 4788 458 4844 virtutis
500 4790 931 4846 narrationibus
963 4807 996 4845 a
1017 4788 1295 4846 studiosis
1316 4788 1442 4856 ejus
1456 4783 1942 4855 discipulis,quod

232 4879 372 4934 totis
403 4879 606 4950 viginti
639 4881 897 4951 quinque
925 4878 1094 4934 annis
1117 4894 1231 4932 non
1264 4875 1371 4930 fuit
1403 4891 1718 4930 conversus
1749 4875 1820 4928 ad
1844 4873 1945 4929 0c-

234 4967 560 5036 cidentem;
593 4969 701 5023 etsi
768 4967 1061 5040 spelunca
1128 4967 1342 5022 ostium
1403 4969 1560 5020 esset
1601 4964 1855 5036 positum
1887 4963 1944 5018 in

234 5057 453 5114 montis
512 5057 831 5112 cacumine.
865 5056 1055 5127 Neque
1109 5061 1237 5125 post
1277 5055 1478 5109 horam
1513 5064 1731 5109 sextam
1763 5052 1945 5108 solem

237 5147 337 5219 qui
380 5145 720 5202 imminebat
749 5145 943 5216 capiti,
985 5145 1130 5199 vidit
1168 5159 1427 5215 unquam
1469 5142 1843 5198 inclinantem
1877 5143 1947 5197 ad

235 5237 639 5304 Occidentem;
676 5251 861 5306 neque
891 5235 1089 5290 stellas
1142 5250 1266 5304 qua
1325 5234 1383 5287 in
1429 5248 1640 5288 occasu
1681 5233 1951 5286 oriuntur

235 5326 376 5383 vidit
406 5326 606 5397 viginti
639 5328 826 5382 annis.
852 5328 955 5380 Hic
989 5339 1239 5394 magnus
1281 5322 1504 5377 athleta
1547 5321 1859 5391 patientia,
1883 5338 1950 5376 ex

233 5433 347 5489 quo
370 5415 671 5488 ingressus
693 5419 782 5471 est
804 5415 1164 5486 speluncam,
1189 5427 1304 5466 non
1335 5411 1641 5466 descendit
1671 5410 1741 5464 de
1760 5420 1952 5465 monte

233 5507 417 5564 donec
458 5507 568 5562 fuit
597 5504 878 5577 sepultus.
909 5508 1039 5560 Haec
1084 5505 1224 5558 sunt
1283 5499 1542 5556 caelestia
1572 5497 1826 5553 facinora
1856 5515 1954 5553 co-

233 5596 424 5652 ronati
454 5600 512 5653 et
540 5595 740 5652 invicti
773 5593 1000 5651 athleta
1074 5589 1304 5664 Elpidii,
1355 5587 1453 5661 qui
1512 5603 1669 5644 nunc
1701 5603 1832 5644 cum
1865 5583 1953 5645 sui

238 5685 537 5744 similibus
569 5686 729 5758 degit
759 5685 816 5741 in
849 5681 1138 5757 paradiso.

2054 4699 2104 4754 ei
2149 4714 2326 4769 panes
2355 4698 2719 4766 defecerunt;
2748 4699 3067 4768 juransque
3099 4697 3266 4752 nobis
3309 4698 3647 4752 affirmabat
3677 4697 3770 4750 di-

2054 4803 2190 4843 cens
2225 4803 2236 4840 :
2279 4787 2704 4858 Propemodum
2738 4802 2869 4840 sum
2911 4787 3277 4841 exanimatus
3324 4784 3397 4838 ob
3445 4783 3556 4838 cibi
3588 4800 3770 4854 penu-

2055 4876 2222 4932 riam.
2258 4879 2566 4948 Ingressus
2605 4892 2740 4947 ergo
2784 4874 2991 4932 cellam
3052 4889 3295 4929 maerore
3330 4873 3506 4927 animi
3568 4873 3771 4928 confe-

2053 4975 2199 5036 ctus,
2234 4969 2386 5040 quod
2437 4967 2720 5024 nescirem
2778 4965 3268 5037 quemadmodum
3312 4963 3370 5018 in
3401 4979 3496 5019 eos
3527 4961 3626 5035 qui
3658 4963 3769 5018 ad-

2054 5063 2378 5122 ventarent,
2414 5059 2704 5129 implerem
2740 5075 2838 5128 pro
2875 5055 3094 5111 viribus
3140 5069 3473 5110 mensuram
3515 5052 3768 5108 charita—

2058 5147 2368 5211 tis,inveni
2427 5152 2543 5200 tres
2603 5152 2858 5201 recentes
2916 5160 3095 5214 panes
3157 5141 3274 5197 illic
3332 5143 3572 5214 positos,
3624 5157 3766 5210 quos

2060 5236 2223 5290 latus
2253 5233 2448 5306 accepi
2478 5240 2535 5290 et
2567 5235 2827 5306 apposui.
2862 5235 3006 5290 Cum
3049 5236 3242 5287 autem
3274 5229 3482 5301 viginti
3516 5229 3620 5282 viri
3674 5244 3771 5282 co-

2061 5326 2381 5381 medissent
2409 5327 2474 5380 ad
2508 5326 2856 5391 satietatem,
2891 5324 3180 5396 superfuit
3213 5337 3365 5376 unus
3402 5321 3591 5390 panis.
3624 5321 3770 5374 Eum

2062 5420 2254 5470 autem
2288 5432 2421 5470 cum
2454 5414 3006 5481 sustulissem,usus
3037 5429 3168 5469 sum
3203 5429 3268 5467 co
3290 5409 3489 5483 viginti
3512 5409 3771 5481 quinque

2062 5503 2290 5559 diebus.
2333 5509 2462 5560 Hac
2494 5504 2714 5558 domini
2749 5502 2934 5574 gratia
2982 5503 3130 5557 facta
3195 5504 3284 5556 est
3323 5515 3454 5556 cum
3497 5498 3772 5571 hospitali

2063 5593 2205 5660 Elia,
2273 5594 2441 5663 cujus
2499 5593 2762 5650 laborum
2820 5590 3318 5647 remunerationes
3394 5594 3603 5662 parata
3637 5595 3776 5645 sunt

2064 5681 2217 5755 apud
2264 5683 2581 5757 benignum
2614 5681 2948 5739 Dominum.
