4078 6212
412 354 567 416 1215

1041 487 1273 543 CAPUT
1314 487 1478 543 CXII.

1064 579 1137 632 De
1166 578 1444 633 Sabbatio.

484 668 729 732 Quidam
749 668 1043 723 saecularis
1067 669 1380 724 Sabbatius
1405 667 1657 734 nomine,
1674 666 2111 724 Jerichuntinus

413 775 640 829 genere,
673 774 803 813 cum
836 758 1074 814 haberet
1106 774 1361 825 uxorem,
1407 763 1641 830 propter
1690 757 1789 813 Dei
1843 757 2111 812 timorem

411 850 553 904 adeo
583 850 800 906 amavit
825 849 1162 915 monachos,
1196 857 1258 903 ut
1307 849 1431 920 ipse
1497 848 1681 903 obiret
1712 847 1880 902 cellas
1912 850 1968 901 et
1999 863 2114 901 om-

414 955 544 994 nem
580 937 953 994 solitudinem
988 938 1277 1007 noctibus,
1300 944 1356 994 et
1387 938 1445 991 in
1474 953 1823 1008 unoquoque
1840 943 2114 991 monaste-

413 1029 531 1083 rios
564 1029 701 1083 toris
735 1032 972 1100 poneret
1000 1044 1182 1083 unum
1209 1027 1472 1082 modium
1504 1026 1886 1097 dactylorum,
1910 1029 1967 1081 et
1993 1024 2113 1080 ole-

412 1135 540 1173 rum
574 1120 728 1189 quod
761 1118 903 1173 satis
933 1121 1424 1187 esset,propterea
1463 1117 1618 1187 quod
1650 1133 1802 1187 pane
1843 1133 1955 1172 non
1984 1131 2113 1171 ves-

412 1212 621 1263 cantur
641 1206 737 1277 qui
763 1208 819 1261 in
850 1207 1103 1262 Jordane
1126 1206 1706 1262 suntexercitatores.
1733 1206 1877 1260 Huic
1910 1205 2113 1260 Mona-

413 1295 652 1349 chorum
713 1295 999 1365 exceptori
1030 1295 1200 1365 (158),
1260 1303 1313 1350 et
1368 1295 1683 1349 commodae
1744 1310 1956 1349 mensae
2012 1309 2113 1363 pro

410 1384 840 1440 continentibus
908 1383 1196 1451 structori,
1226 1399 1359 1440 cum
1394 1384 1444 1439 is
1493 1385 1740 1455 quodam
1764 1383 1853 1439 die
1884 1382 2117 1439 tulisset

409 1475 628 1529 sanctis
651 1491 776 1545 quae
829 1473 1230 1529 exercitationi
1272 1481 1433 1528 erant
1484 1472 1837 1540 necessaria,
1877 1471 2115 1543 maligni

409 1563 878 1619 mmulationeleo
911 1563 1184 1631 occurrit,
1227 1562 1458 1619 inimico
1491 1562 1911 1619 monachorum
1962 1562 2114 1618 exci-

413 1650 901 1708 tanteimmanem
925 1650 1103 1705 feram
1131 1649 1413 1705 adversus
1440 1649 1771 1704 ministrum
1805 1648 2116 1705 monacho-

410 1758 563 1809 rum,
597 1740 865 1796 studente
886 1744 943 1795 et
975 1739 1105 1795 illas
1135 1740 1353 1811 privare
1386 1740 1715 1805 refectione,
1748 1749 1801 1795 et
1825 1741 1978 1795 hunc
2007 1757 2113 1796 suo

408 1830 723 1902 proposito.
744 1830 963 1884 Etcum
996 1829 1115 1884 fera
1145 1844 1271 1883 eum
1296 1829 1828 1900 comprehendisset
1860 1847 1893 1883 a
1924 1829 2115 1899 lapide

411 1921 581 1975 unius
611 1938 679 1976 ex
704 1919 1030 1985 monachis,
1064 1918 1188 1974 suis
1222 1920 1520 1990 unguibus
1570 1936 1699 1975 eum
1746 1919 2027 1991 protrusit
2056 1923 2113 1974 et

407 2012 628 2066 evertit.
682 2010 792 2064 Sed
852 2009 953 2079 qui
1018 2009 1215 2063 docuit
1263 2009 1319 2062 in
1349 2008 2109 2079 Danieleleonesjejuuare,

407 2100 707 2174 prohibuit
740 2118 809 2155 ne
846 2116 977 2155 eum
1004 2100 1105 2171 qui
1165 2099 1430 2155 servabat
1476 2104 1765 2171 praecepta
1814 2101 2113 2154 devoraret

406 2192 513 2258 leo,
547 2190 653 2245 esti
691 2189 857 2245 valde
916 2190 1181 2245 esuriret.
1211 2190 1332 2253 Quo
1394 2190 1606 2244 factum
1647 2193 1738 2244 est
1779 2195 1836 2244 ut
1875 2190 2110 2259 accepto

406 2281 563 2336 senis
594 2279 759 2335 asino
791 2280 1109 2346 recederet;
1139 2280 1239 2351 qui
1283 2279 1440 2335 enim
1488 2278 1626 2334 huic
1666 2278 1842 2334 vitam
1873 2279 2113 2334 donave-

408 2377 518 2439 rat,
544 2371 674 2425 ferzc
708 2384 936 2441 quoque
968 2370 1158 2425 famen
1189 2369 1433 2425 sedavit.

1028 2460 1259 2516 CAPUT
1297 2460 1486 2516 CXIII.

763 2551 835 2606 De
866 2550 970 2605 Phi
978 2550 1189 2606 loromo
1217 2551 1362 2621 (159)
1379 2550 1720 2622 presbytero.

481 2642 950 2713 Religiossimum
1007 2643 1408 2712 presbyterum
1498 2641 1711 2711 Deique
1776 2639 2114 2697 amantissi-

409 2748 568 2788 mum
590 2732 984 2787 Philoromum
1016 2731 1074 2784 in
1106 2729 1331 2785 Galatia
1360 2730 1758 2797 convenimus,
1784 2734 1839 2784 et
1879 2746 2012 2785 cum
2046 2747 2111 2786 eo

405 2825 574 2895 longo
604 2827 864 2893 tempore
894 2820 1106 2877 versati
1139 2837 1372 2890 sumus,
1397 2820 1498 2892 qui
1534 2820 1741 2875 fuitvir
1761 2820 2114 2877 exercitatis-

406 2917 615 2971 simus.
658 2916 712 2970 Is
750 2921 908 2969 ortus
950 2912 1188 2983 quidem
1221 2916 1309 2968 est
1366 2928 1433 2968 ex
1492 2917 1677 2968 matre
1734 2929 1917 2980 serva,
1954 2918 2113 2983 patre

410 3021 534 3061 vero
590 3004 793 3060 libero.
844 3003 1090 3059 Tantam
1150 3006 1341 3058 autem
1401 3002 1683 3058 virtutum
1752 3002 2112 3059 nobilitatem

407 3092 656 3149 ostendit
687 3093 743 3148 in
779 3093 903 3149 vitae
935 3092 1275 3149 Christianas
1310 3091 1693 3157 institutione,
1718 3095 1780 3146 ut
1811 3091 2114 3163 etiamipsi

405 3184 503 3255 qui
535 3187 674 3239 sunt
703 3183 762 3239 in
796 3198 1004 3253 genere
1037 3180 1482 3252 insuperabiles,
1514 3182 1641 3251 ejus
1680 3182 1859 3237 vitam
1894 3182 2113 3254 angelis

1983 352 2351 414 PALLADII

2134 492 2185 554 Î‘
2219 485 2321 557 qui
2353 483 2613 539 adhucin
2646 481 2994 537 hodiernum
3025 480 3228 535 diema
3252 479 3477 534 calamo
3507 481 3567 533 et
3589 477 3791 533 charta
3812 496 3918 534 non

3760 347 3919 407 1216

2222 574 2477 634 recessit,
2511 587 2642 627 cum
2675 572 2753 627 sit
2805 575 2974 626 natus
3030 585 3247 624 annum
3303 567 3745 638 octogesimum.-
3779 567 3921 623 Dixit

2222 665 2314 720 hic
2345 666 2550 719 beatus
2576 680 2588 718 :
2621 664 2703 718 Ex
2734 678 2848 734 quo
2879 677 3010 716 sum
3053 659 3315 716 initiatus
3348 663 3404 715 et
3453 662 3835 729 regeneratus
3862 675 3920 712 ex

2224 754 2438 825 Spiritu
2471 759 2527 809 et
2557 770 2726 823 aqua,
2762 768 2947 822 usque
2976 752 3035 805 in
3079 749 3427 805 hodiernum
3462 748 3643 815 diem,
3674 748 3924 803 alienum

2224 859 2432 913 panem
2464 842 2645 914 gratis
2660 857 2768 897 non
2791 838 3158 908 comedi,sed
3187 854 3317 893 eum
3349 837 3447 908 qui
3480 853 3551 892 ex
3581 836 3835 907 propriis
3856 836 3927 891 la-

2221 932 2463 987 boribus
2496 939 2729 1003 paratur
2763 946 2776 985 :
2808 934 2864 984 et
2903 945 3101 984 coram
3134 928 3247 984 Deo
3291 928 3537 999 loquens
3578 926 3733 997 (I62)
3771 926 3923 980 nobis

2222 1022 2605 1094 persuadebat
2673 1038 2734 1075 sc
2784 1021 3059 1075 ducentos
3108 1016 3531 1088 quinquaginta
3587 1015 3813 1070 solidos
3866 1032 3927 1069 ex

2223 1130 2395 1184 opere
2426 1130 2710 1168 manuum
2743 1128 2983 1169 suarum
3032 1110 3261 1165 dedisse
3304 1108 3377 1164 iis
3410 1108 3512 1179 qui
3545 1111 3713 1162 erant
3743 1109 3927 1161 manci

2226 1218 2289 1259 ac
2323 1202 2536 1267 mutili,
2560 1218 2748 1273 neque
2788 1201 2891 1257 ulli
2925 1216 3186 1271 unquam
3210 1199 3414 1254 fecisse
3447 1197 3818 1267 injuriam.Is
3845 1213 3926 1268 pe-

2225 1293 2402 1347 destri
2468 1292 2675 1347 itinere
2713 1293 2870 1347 venit
2902 1290 3146 1346 Romam
3196 1303 3383 1358 usque
3438 1287 3509 1341 ad
3567 1286 3851 1340 orandum
3876 1287 3925 1340 in

2222 1383 2497 1454 martyrio
2530 1386 2870 1438 sanctorum
2904 1381 3055 1436 Petri
3088 1382 3145 1435 et
3203 1377 3367 1433 Pauli
3395 1392 3408 1432 :
3444 1376 3713 1449 pervenit
3745 1382 3925 1431 autem

2224 1474 2400 1529 etiam
2423 1490 2607 1544 usque
2638 1474 2709 1528 ad
2735 1471 3167 1539 Alexandriam,
3192 1485 3322 1525 cum
3373 1469 3652 1538 vovisset,
3690 1468 3751 1521 in
3783 1484 3928 1523 mar-

2225 1563 2439 1636 tyrium
2468 1562 2781 1619 venerandi
2838 1561 3062 1617 athletae
3106 1560 3303 1616 Marci.
3342 1559 3563 1631 Dignus
3596 1561 3821 1628 autem,
3844 1559 3925 1611 in-

2226 1654 2371 1725 quit,
2397 1670 2529 1709 sum
2566 1653 2822 1719 habitus,
2856 1651 2956 1723 qui
2987 1651 3101 1706 voti
3135 1651 3321 1722 gratia
3368 1650 3459 1704 bis
3491 1649 3749 1721 propriis
3782 1648 3925 1719 pedi-

2225 1744 2336 1800 bus
2369 1744 2625 1800 venirem
2649 1742 3005 1814 Jerosolyma
3036 1742 3108 1797 ad
3154 1740 3494 1797 honoranda
3553 1739 3685 1794 loca
3718 1743 3922 1803 sancta,

2146 1865 2190 1930 Î’
2227 1838 2283 1889 et
2310 1833 2435 1905 ipse
2494 1833 2635 1888 mihi
2695 1832 3067 1904 suppeditavi
3112 1831 3434 1901 impensas.
3470 1828 3719 1884 Dicebat
3750 1835 3925 1883 autem

2221 1924 2411 1991 nobis,
2449 1927 2512 1979 ut
2538 1922 2847 1977 utilitatem
2877 1938 2944 1977 ex
2976 1938 3040 1977 eo
3095 1936 3435 1990 caperemus
3464 1935 3477 1973 :
3508 1918 3633 1973 Non
3700 1919 3929 1973 memini

2224 2029 2316 2068 me
2348 2029 2602 2084 unquam
2636 2014 2831 2067 animo
2858 2029 2890 2066 a
2914 2011 3027 2066 Deo
3058 2026 3182 2066 meo
3208 2007 3544 2065 recessisse.
3579 2008 3772 2078 Hujus
3789 2007 3925 2062 beati

2224 2102 2540 2159 Philoromi
2572 2100 2713 2157 talia
2742 2105 2879 2156 sunt
2910 2100 3252 2166 certamina,
3282 2103 3337 2154 et
3398 2100 3459 2154 in
3493 2096 3584 2152 bis
3614 2105 3703 2152 est
3726 2098 3929 2153 invicta

2221 2194 2478 2259 victoria,
2510 2196 2568 2247 et
2600 2191 2899 2247 beatorum
2935 2191 3198 2246 laborum
3256 2188 3306 2244 ei
3358 2187 3622 2244 redditur
3649 2188 3814 2253 ï¬nis,
3838 2203 3923 2241 co-

2222 2299 2364 2338 rona
2393 2282 2588 2354 gloriae
2628 2280 3155 2336 immareescibilis.

2844 2369 3079 2425 CAPUT
3132 2368 3323 2425 CXIV.

2437 2462 2558 2519 Vita
2598 2463 2748 2518 beati
2775 2461 3062 2517 Seueriani
3094 2461 3245 2532 (163)
3277 2466 3325 2515 et
3354 2460 3475 2529 eius
3504 2461 3722 2515 uxoris.

2296 2554 2358 2607 In
2390 2554 2615 2624 Ancyra
2647 2551 2911 2620 Galatiae,
2942 2550 3000 2605 iu
3023 2550 3151 2622 ipso
3184 2551 3305 2606 loco
3338 2550 3584 2621 contigit
3617 2548 3757 2604 mihi
3788 2546 3927 2602 allo-

2224 2643 2322 2713 qui
2356 2644 2671 2714 quemdam
2702 2641 3072 2697 Severianum
3095 2656 3162 2695 ex
3193 2639 3504 2696 comitibus
3522 2656 3643 2693 una
3664 2655 3795 2693 cum
3812 2640 3931 2707 ejus

2221 2731 2840 2804 conjugc_Bosphoria,
2876 2746 2980 2786 nec
3009 2746 3212 2785 eorum
3247 2745 3511 2799 magnam
3552 2728 3929 2798 habuiexpe-

2226 2823 2518 2879 rientiam.
2556 2825 2601 2880 Ii
2632 2820 2868 2892 quidem
2894 2822 3079 2876 multa
3131 2837 3233 2892 spe
3274 2821 3413 2875 bona
3443 2818 3647 2889 repleti
3680 2822 3856 2881 sunt,
3882 2822 3937 2872 et

2225 2927 2361 2967 suos
2410 2913 2765 2967 frustrantur
2814 2909 2988 2975 filios,
3043 2925 3240 2965 revera
3276 2908 3327 2963 in
3372 2906 3559 2960 futura
3599 2905 3934 2959 intuentes.

2226 3001 2472 3056 Suorum
2502 3000 2657 3055 enim
2698 2998 3050 3071 prazdiorum
3083 2997 3305 3053 reditus
3330 2996 3689 3051 consumunt
3711 2994 3775 3048 in
3798 3009 3933 3064 ege-

2226 3112 2354 3164 nos,
2389 3094 2666 3149 habentes
2720 3098 2970 3164 quatuor
3000 3091 3173 3157 filios,
3205 3094 3263 3145 et
3303 3089 3445 3144 duas
3492 3086 3669 3153 filias,
3722 3087 3931 3157 quibus

2225 3184 2447 3240 nullam
2489 3183 2922 3256 possessionem
2979 3181 3125 3252 (164)
3177 3180 3485 3245 dederunt,
3545 3182 3927 3249 praeterquam

405 3274 678 3344 aequalem
710 3276 1130 3337 revererentur,
1164 3275 1218 3327 et
1257 3270 1546 3325 efficacem
1594 3270 1864 3327 virtutem
1896 3270 2112 3327 exerci-
2145 3244 2185 3310 (á¼¶
2224 3274 2294 3329 iis
2326 3292 2454 3344 quae
2486 3276 2823 3345 nupserant.
2858 3271 3138 3326 Dicebant
3188 3274 3381 3327 autem
3437 3266 3677 3337 reliquis
3702 3267 3833 3321 suis
3867 3265 3931 3319 ii-

406 3363 733 3418 tationis.Is
766 3362 986 3417 mundo
1018 3358 1372 3415 renuntiavit
1393 3359 1452 3413 in
1484 3359 1691 3416 diebus
1712 3360 2117 3417 Julianiexse-

404 3452 606 3506 crandi
636 3450 1021 3520 imperatoris,
1053 3452 1109 3502 et
1140 3448 1319 3502 libere
1369 3464 1504 3502 cum
1564 3448 1671 3504 hoc
1701 3449 1882 3521 impio
1913 3453 2000 3504 est
2030 3449 2114 3505 lo-

405 3544 577 3595 cutus
641 3554 960 3608 generosus
1009 3536 1219 3591 Christi
1270 3535 1484 3592 athleta
1516 3537 1907 3603 Philoromus,
1939 3555 2113 3607 quem

398 3624 746 3694 jussitradi,
778 3632 835 3683 et
865 3645 897 3683 a
928 3628 1121 3699 pueris
1168 3627 1530 3685 validissime
1581 3630 1874 3687 verberari
1938 3630 2113 3701 (160).

408 3718 460 3772 Is
488 3733 621 3772 vero
652 3733 773 3773 rem
806 3718 1030 3774 fortiter
1051 3723 1107 3774 et
1136 3718 1446 3775 toleranter
1473 3721 1625 3790 tulit,
1662 3728 1714 3777 et
1744 3722 1793 3777 ei
1846 3722 1957 3793 egit
1987 3738 2115 3792 gra-

406 3808 539 3875 tias,
575 3812 637 3863 ut
660 3810 779 3879 ipse
820 3808 988 3865 nobis
1042 3812 1319 3865 narravit.
1355 3811 1521 3867 Hune
1552 3812 1895 3882 praeclarum
1931 3814 2114 3868 virum

403 3898 762 3971 inprincipio
776 3900 1041 3955 adortum
1084 3906 1174 3956 est
1199 3901 1418 3958 bellum
1454 3902 1857 3958 fornicationis
1876 3908 1932 3958 et
1952 3906 2111 3973 gaias,

404 3993 468 4043 ut
499 3989 746 4057 dicebat,
778 4006 953 4061 quem
988 3992 1252 4047 morbum
1275 3993 1643 4065 tyrannidem
1666 3992 1818 4063 (161)
1841 4009 2116 4047 exercen-

403 4083 519 4134 tem
550 4079 627 4133 ita
658 4080 972 4149 superavit,
1006 4098 1068 4135 ac
1102 4080 1149 4135 si
1182 4081 1540 4136 immensum
1572 4082 1909 4136 incendium
1934 4082 2115 4136 multa

403 4185 557 4238 aqua
589 4170 982 4239 exstingueret
1020 4188 1031 4224 :
1064 4187 1297 4225 summa
1327 4186 1468 4225 cura
1493 4173 1863 4226 continentiae
1896 4172 2112 4225 ferrum

403 4258 700 4325 gestando,
733 4262 787 4311 et
817 4274 878 4311 se
902 4258 1323 4325 concludendo,
1359 4264 1416 4312 et
1448 4258 1795 4313 abstinendo
1828 4258 2024 4312 acibis
2056 4263 2113 4314 et

405 4356 551 4411 pane
582 4343 823 4409 triticeo,
857 4347 912 4396 et
946 4348 1005 4397 ut
1038 4347 1215 4400 semel
1242 4347 1451 4410 dicam,
1484 4346 1554 4399 ab
1609 4346 1882 4400 omnibus
1915 4347 2109 4417 coctis,

403 4434 459 4483 et
488 4430 545 4481 in
570 4430 661 4484 his
694 4446 757 4487 se
788 4432 1013 4486 fortiter
1042 4436 1290 4499 gerendo
1324 4451 1387 4488 ac
1410 4434 1712 4489 tolerando
1746 4436 1916 4490 annis
1947 4448 2109 4494 octo-

402 4514 613 4571 decim.
648 4518 753 4584 Qui
788 4534 921 4572 cum
956 4518 1014 4572 id
1044 4522 1264 4591 vicerit,
1298 4524 1486 4594 potuit
1538 4524 1821 4595 hymnum
1854 4525 2109 4582 victoriae

2222 3364 2314 3419 liis
2345 3379 2357 3419 :
2388 3367 2520 3419 Post
2560 3368 2825 3418 nostrum
2896 3361 3203 3416 decessum
3257 3357 3458 3413 omnia
3513 3362 3643 3413 sunt
3690 3359 3926 3419 vestra;

2222 3455 2481 3526 quandiu
2507 3458 2705 3508 autem
2733 3468 2943 3507 sumus
2978 3450 3468 3523 superstites,nos
3499 3447 3921 3515 possessionum

2222 3549 2554 3599 nostrarum
2590 3544 2813 3597 fruetus
2846 3540 3197 3612 colligemus,
3231 3557 3329 3596 eos
3386 3538 3809 3594 distribuentes
3834 3551 3925 3591 ec-

2222 3633 2417 3689 clesiis
2475 3641 2524 3688 et
2573 3632 2970 3701 monasteriis,
2997 3636 3055 3685 et
3109 3628 3515 3694 xenodochiis,
3556 3633 3614 3684 et
3662 3626 3924 3683 omnibus

2220 3725 2541 3794 egentibus,
2576 3738 2821 3793 quorum
2880 3737 3077 3792 preces
3106 3724 3164 3776 et
3196 3720 3360 3776 vobis
3409 3728 3464 3773 et
3500 3718 3667 3773 nobis
3701 3723 3760 3772 et
3795 3716 3923 3771 ï¬liis

2222 3832 2326 3887 pro
2360 3815 2465 3869 hac
2497 3811 2842 3881 temporaria
2860 3815 2915 3867 et
2946 3810 3235 3866 laboriosa
3264 3809 3452 3865 vitam
3472 3813 3750 3864 aeternam
3773 3822 3923 3863 comâ€”

2223 3905 2512 3977 parabunt
2567 3903 2891 3972 (Eccli.xxr,
2922 3902 3000 3972 6).
3038 3903 3097 3955 In
3147 3900 3359 3971 quibus
3407 3898 3517 3955 hoc
3578 3914 3809 3970 quoque
3845 3903 3925 3951 est

2222 4011 2419 4050 eorum
2444 3992 2674 4047 virtutis
2707 3993 2967 4063 egregiae.
2995 3990 3136 4045 Cum
3194 3993 3347 4045 esset
3396 4004 3614 4059 magna
3645 3988 3845 4054 fames,
3874 3990 3925 4037 et

2223 4100 2348 4154 quae
2381 4082 2642 4138 omnium
2675 4080 2983 4135 hominum
3008 4079 3354 4150 pervadebat
3386 4077 3633 4141 viscera,
3671 4074 3759 4128 illi
3794 4080 3925 4127 tunc

2220 4189 2319 4227 eas
2351 4189 2473 4243 qua:
2497 4176 2637 4226 tunc
2677 4173 2841 4225 erant
2872 4169 3119 4225 haereses
3179 4167 3561 4223 traduxerunt
3606 4166 3674 4219 ad
3718 4174 3925 4219 rectam

2221 4264 2578 4335 opinionem.
2612 4262 2756 4316 Nam
2817 4277 2949 4315 cum
3010 4260 3068 4314 in
3099 4259 3299 4314 multis
3322 4256 3555 4329 praediis
3587 4255 3800 4310 horrea
3830 4270 3932 4307 sua

2222 4354 2602 4422 aperuissexd,
2632 4368 2698 4406 ea
2724 4350 3055 4421 praebebant
3082 4349 3139 4405 in
3187 4348 3529 4403 alimentum
3573 4360 3926 4416 pauperum;

2219 4442 2358 4497 adeo
2382 4446 2445 4496 ut
2485 4457 2553 4497 ex
2597 4440 2702 4495 hac
2735 4439 3129 4509 inexplicabili
3200 4454 3402 4493 eorum
3460 4435 3827 4505 benignitate
3878 4435 3930 4487 in

2218 4546 2397 4586 unam
2457 4534 2621 4585 rectae
2670 4528 2803 4584 ï¬dei
2872 4528 3315 4584 consonantiam
3400 4523 3772 4581 convenerint
3840 4520 3933 4589 qui

403 4621 631 4673 canere,
692 4607 775 4662 sic
832 4607 1377 4665 dicens:Exaltabo
1410 4615 1485 4677 te,
1510 4612 1776 4679 Domine,
1833 4617 2106 4686 quoniam
2141 4632 2187 4697 D
2220 4625 2384 4676 erant
2449 4620 2729 4676 haeretica:
2796 4619 3107 4691 opinionis,
3140 4618 3256 4674 Deo
3306 4614 3510 4687 gratias
3538 4615 3784 4683 agentes
3865 4610 3935 4665 ob

404 4698 833 4769 suscepistime,
858 4703 915 4754 et
948 4717 1059 4755 non
1094 4701 1396 4757 Iaetiï¬casti
1430 4701 1699 4757 inimicos
1734 4720 1894 4760 meos
1926 4723 2106 4777 supra

404 4804 495 4842 me
555 4788 723 4857 (Psal.
775 4790 951 4861 xxxx).
989 4791 1088 4845 IIic
1148 4808 1180 4846 a
1230 4790 1439 4862 spiritu
1491 4792 1889 4850 fornicationis
1949 4797 2107 4852 varie

404 4884 793 4948 oppugnatus,
822 4882 1206 4951 perseveravit
1236 4882 1627 4953 quadraginta
1658 4900 1842 4938 annos
1882 4885 1941 4938 in
1981 4902 2110 4942 mo-

404 4967 677 5022 nasterio.
730 4969 783 5022 Is
824 4974 1018 5025 autem
1078 4972 1370 5039 narrabat,
1431 4973 1680 5028 dicens:
1734 4973 1997 5045 Triginta
2056 4982 2112 5032 et

404 5056 552 5110 duos
576 5072 757 5113 annos
777 5058 1006 5114 nullum
1048 5061 1302 5116 fructum
1353 5062 1539 5133 tetigi.
1574 5062 1718 5118 Cum
1778 5068 1995 5132 autem,
2027 5066 2112 5121 in-

405 5144 547 5215 quit,
580 5146 870 5202 timiditas
904 5164 995 5203 me
1026 5166 1254 5205 summe
1291 5158 1709 5221 oppugnasset,
1747 5154 1889 5209 adeo
1914 5159 1975 5209 ut
2021 5156 2111 5212 vel

404 5233 658 5288 interdiu
694 5237 1181 5305 pertimescerem,
1214 5254 1306 5293 me
1336 5238 1547 5293 inclusi
1571 5256 1670 5294 sex
1702 5257 1888 5297 annos
1911 5243 1967 5297 in
1995 5261 2109 5300 mo-

404 5323 693 5392 nimento;
737 5330 790 5381 et
821 5344 884 5381 ea
914 5328 1137 5383 ratione
1166 5329 1321 5383 evasi
1354 5330 1636 5398 superior,
1652 5347 1720 5385 ex
1752 5331 2108 5403 impatibili-

405 5418 518 5465 tate
550 5414 762 5470 bellum
787 5433 995 5487 gerens
1026 5435 1155 5473 cum
1182 5418 1410 5489 spiritu,
1446 5418 1544 5488 qui
1578 5420 1720 5474 mihi
1746 5421 1898 5478 hanc
1931 5427 2109 5495 impo-

407 5499 581 5552 nebat
610 5506 970 5561 servitutem.
994 5508 1172 5577 llujus
1204 5508 1310 5561 viri
1341 5506 1589 5577 insignis
1614 5526 1885 5581 magnam
1909 5530 2107 5571 curam

407 5587 642 5656 gerebat
670 5592 870 5647 beatus
922 5596 1165 5651 Basilius
1200 5597 1531 5666 episcopus,
1566 5598 1665 5666 qui
1710 5599 2107 5659 delectabatur

405 5676 532 5746 ejus
561 5677 909 5746 austeritate,
960 5686 1308 5750 constantia,
1342 5689 1399 5738 et
1445 5685 1504 5737 in
1564 5700 1732 5756 opere
1788 5690 2105 5762 diligentia,

2217 4710 2542 4782 simplicem
2608 4725 2805 4765 eorum
2890 4708 3047 4775 ï¬dei,
3088 4711 3145 4763 et
3196 4708 3540 4761 immensam
3592 4700 3933 4756 beneï¬cen-

2216 4800 2523 4856 tiam.Alia
2563 4803 2757 4854 autem
2799 4798 3140 4854 exercitatio
3170 4812 3375 4853 eorum
3399 4799 3523 4850 erat
3568 4789 3931 4847 admirabilis

2218 4891 2397 4946 vestis
2443 4905 2643 4945 eorum
2693 4888 2932 4945 habitus
2983 4892 3108 4944 erat
3163 4886 3409 4943 maxime
3457 4881 3832 4939 venerandus
3888 4883 3933 4932 et

2221 4997 2427 5053 parcus
2461 5004 2475 5047 ;
2507 4984 2736 5050 eratque
2763 4979 2819 5033 in
2854 4981 2937 5035 eis
2977 4995 3189 5050 magna
3233 4985 3287 5033 et
3320 4991 3447 5047 quae
3480 4973 3596 5029 dici
3630 4972 3837 5043 nequit
3858 4970 3933 5023 vi-

2220 5077 2350 5125 ctus
2382 5069 2637 5125 tenuitas
2658 5087 2672 5137 ;
2696 5073 2862 5124 erant
2878 5069 3045 5124 valde
3067 5067 3277 5123 modici
3311 5068 3614 5135 sumptus,
3636 5062 3933 5117 alimento-

2219 5177 2349 5216 rum
2384 5158 2714 5230 frugalitate
2766 5159 3023 5214 contenti
3075 5163 3347 5230 quanlam
3400 5154 3520 5208 vita
3574 5152 3926 5223 requirebat;

2219 5249 2489 5321 pietatem
2521 5248 2577 5302 in
2616 5249 2787 5303 Deum
2821 5248 3159 5303 mirandum
3196 5247 3253 5301 in
3294 5246 3532 5300 modum
3565 5246 3932 5299 exercentes;

2218 5342 2277 5396 in
2310 5340 2463 5412 agris
2488 5339 2761 5409 degentes
2786 5338 3040 5410 plurimo
3072 5344 3355 5410 tempore,
3388 5349 3631 5405 semper
3652 5334 3930 5404 fugientes

2218 5430 2500 5494 civitates,
2534 5433 2589 5483 et
2618 5429 2752 5484 vitia
2784 5446 2909 5499 quas
2932 5446 3000 5486 ex
3032 5430 3121 5486 eis
3159 5426 3448 5491 oriuntur,
3484 5438 3558 5477 ne
3578 5438 3652 5478 ex
3679 5420 3929 5494 jucunda

2219 5536 2348 5574 cum
2420 5518 2589 5573 turba
2647 5521 3086 5576 conversatione
3125 5516 3408 5572 tumultus
3454 5512 3661 5568 civiles
3696 5511 3931 5567 attrahe-

2217 5612 2365 5673 rent,
2397 5612 2453 5663 et
2530 5607 2856 5665 exciderent
2904 5627 2937 5664 a
2998 5610 3098 5665 Dei
3147 5606 3463 5680 proposito.
3528 5602 3785 5675 Propter
3826 5602 3925 5656 haec

2217 5696 2411 5753 omnia
2442 5695 2645 5752 horum
2677 5696 2973 5754 beatorum
3010 5702 3178 5755 recte
3210 5697 3337 5752 vita:
3362 5692 3650 5760 facinora,
3671 5690 3925 5761 hincjam
