4112 6210
239 388 396 448 1217

843 513 1099 570 ΚΕΦΑΛ.
1151 513 1294 570 PlB'.

825 601 956 676 Περὶ
991 595 1315 656 Σαϐϐατίου.

320 689 624 756 Σαϐϐάτιος
657 692 887 766 ἀνόματι
945 690 1232 764 κοσμικὸς,
1281 691 1360 761 τῷ
1410 687 1551 766 γένει
1597 685 1899 764 Ἰεριχούν-

241 807 392 855 τιος,
419 787 648 860 γυναῖκα
677 780 847 856 ἔχων,
883 777 972 835 διὰ
1002 780 1093 835 τὸν
1126 783 1226 834 τοῦ
1259 782 1396 834 Θεοῦ
1426 773 1592 857 φόϐον
1637 779 1894 832 τοσοῦτον

245 874 454 951 ἐγένετο
507 871 918 950 φιλομονᾶζων,
961 870 1034 931 ὡς
1081 866 1364 922 κυκλεύειν
1415 869 1606 922 τοῦτον
1663 864 1763 922 ἀνὰ
1802 865 1898 924 τὰς

245 963 474 1032 κέλλας,
531 961 622 1016 καὶ
669 961 770 1029 τὴν
837 955 1044 1032 ἔρημον
1105 961 1276 1011 πᾶσαν
1331 954 1384 1010 ἐν
1427 960 1548 1017 ταῖς
1592 953 1754 1026 νυξίν.
1797 952 1897 1008 Καὶ

245 1053 364 1107 καθ’
422 1050 652 1120 ἑκάστην
731 1048 904 1120 μον-ἧν
983 1043 1158 1120 λάθρα
1231 1042 1331 1116 ἔξω
1385 1044 1588 1100 τιθέναι
1637 1041 1896 1121 φοινίκων

253 1138 444 1214 μόδιον
503 1135 622 1210 ἕνα,
655 1140 746 1193 καὶ
799 1137 1054 1212 λαχάνων
1109 1134 1172 1190 τὸ
1222 1131 1503 1210 αῦταρκες,
1557 1131 1646 1188 διὰ
1696 1133 1758 1186 τὸ
1821 1131 1896 1204 μὴ

249 1229 446 1286 ἐσθίειν
501 1229 662 1303 ἄρτον
715 1225 844 1288 τοὺς
913 1225 1150 1294 ἀσκητας
1207 1224 1342 1276 κατά
1415 1223 1506 1276 τὸν
1599 1217 1896 1296 Ἰορδάνην,

248 1319 438 1391 Τούτῳ
477 1316 532 1372 δὲ
569 1321 648 1388 τῷ
679 1315 908 1388 δεξιωτῇ
953 1319 1060 1366 τῶν
1115 1317 1400 1385 μοναχῶν,
1447 1311 1537 1366 καὶ
1591 1310 1901 1383 εύτραπέζῳ

249 1413 360 1464 τῶν
389 1407 692 1483 ἐγκρατῶν,
729 1409 828 1478 μιᾷ
883 1408 990 1457 τῶν
1051 1401 1276 1476 ἡμερῶν
1337 1398 1728 1472 ἀποκομίσαντι
1783 1403 1898 1458 τοῖς

247 1497 430 1572 ἁγίοις
457 1497 524 1552 τά
567 1503 668 1564 τῆς
723 1493 1004 1562 ἀσκήσεως
1053 1486 1358 1560 ἐπιτήδεια,
1395 1487 1550 1560 ζήλῳ
1591 1492 1688 1542 τοῦ
1725 1507 1900 1556 πονη-

252 1591 350 1660 ροῦ
379 1587 558 1657 τούτῳ
589 1583 728 1639 λέων
763 1583 1096 1652 ὑπήντησεν,
1129 1583 1224 1632 τοῦ
1257 1577 1462 1654 ἐχθροῦ
1489 1581 1598 1632 τῶν
1643 1579 1900 1650 μοναχῶν

249 1677 344 1730 τὸν
376 1676 649 1749 ἀνήμερον
687 1675 827 1746 θῆρα
857 1671 993 1726 κατᾶ
1028 1672 1126 1723 τοῦ
1185 1666 1432 1722 διακόνου
1485 1665 1658 1721 αὐτῶν
1711 1664 1904 1741 ἐξεγεί-

253 1784 472 1840 ραντος,
521 1768 774 1834 στερῆσαι
831 1756 1226 1826 σπουδάζοντος
1283 1753 1556 1816 κάκείνοις
1611 1757 1712 1823 τήν
1779 1754 1906 1808 ἀνά-

251 1839 474 1922 παυσιν,
513 1851 603 1906 καὶ
667 1854 860 1905 τοῦτον
925 1853 1024 1915 τῆς
1081 1845 1410 1920 προθέσεως.
1457 1843 1554 1900 Καὶ
1583 1839 1906 1898 καταλαϐὼν

251 1943 412 1998 αὐτὸν
445 1943 474 1996 ὁ
509 1941 610 2014 θήρ
643 1941 748 1994 ἀπὸ
779 1939 1014 2011 σημείου
1046 1935 1160 1998 ἑνὸς
1198 1941 1306 1990 τῶν
1357 1939 1642 2008 μοναχῶν,
1671 1939 1739 2008 τῇ
1789 1931 1900 2004 ἶδίᾳ

255 2030 410 2104 δρακὶ
471 2029 606 2084 ὦσεν
667 2029 852 2093 αὐτὸν,
915 2026 1004 2080 καὶ
1059 2027 1433 2100 κατέστρεψεν,
1491 2021 1649 2080 Ἀλλ’
1707 2024 1734 2076 ὁ
1811 2023 1898 2077 ἐπὶ

253 2125 350 2176 τοῦ
408 2117 614 2188 Δανιὴλ
673 2113 888 2186 διδάξας
948 2115 1222 2186 νηστεύειν
1303 2115 1429 2174 τοὺς
1510 2111 1750 2182 λέοντας,
1809 2112 1900 2166 καὶ

253 2213 444 2266 τοῦτον
471 2215 570 2278 τῆς
600 2209 696 2262 τοῦ
727 2204 1054 2284 φιλεντόλου
1113 2203 1301 2275 θοίνης
1335 2201 1604 2258 ἐκώλυσεν
1648 2198 1900 2278 σφοδρῶς

257 2305 524 2356 πεινῶντα
551 2299 642 2353 τὸν
663 2295 886 2372 ελέοντα.
925 2298 1008 2364 Ἐξ
1053 2296 1126 2348 ὧν
1176 2293 1270 2348 τὸν
1320 2295 1441 2348 ὅνον
1495 2291 1592 2347 τοῦ
1649 2292 1906 2368 γέροντος

259 2387 443 2446 λαϐὼν
475 2389 847 2462 ἀνεχώρησεν,
881 2390 936 2440 '0
977 2385 1081 2460 γὰρ
1129 2385 1308 2456 τούτῳ
1351 2385 1452 2452 τὴν
1489 2384 1634 2452 ζωὴν
1675 2382 1902 2460 χαρισά-

263 2501 448 2554 μενος,
479 2479 568 2534 καὶ
597 2477 693 2532 τοό
725 2477 889 2550 θηρὸς
919 2475 1018 2543 τήν
1059 2478 1239 2530 πεῖναν
1263 2473 1710 2548 παρεουθήσατμ.

869 2569 1124 2622 ΚΕΦΑΛ.
1161 2569 1302 2619 PII".

825 2655 956 2730 Περὶ
987 2651 1350 2728 Φιλορώμου.

335 2745 740 2822 Περιετύχομεν
815 2745 868 2799 έν
950 2741 1194 2814 Γαλατίᾳ
1280 2741 1370 2798 καὶ
1445 2740 1904 2817 συνεχρονίσαμεν

269 2839 464 2912 μακρῷ
496 2834 686 2910 χρόνῳ
739 2838 819 2906 τῷ
877 2831 1282 2908 θεοφιλεστάτῳ
1337 2825 1682 2908 πρεσϐυτέρῳ
1733 2829 1910 2886 Φιλο-

260 2925 460 3002 ρώμῳ,
519 2920 670 2999 ἀνδρὶ
747 2921 1178 2994 ἀσκητικωτάτῳ
1262 2919 1354 2975 καὶ
1437 2920 1907 2995 καρτερικωτάτῳ.

260 3020 356 3076 ῗΟς
415 3013 648 3089 ὥρμητο
699 3013 794 3086 μὲν
851 3010 902 3085 ἒξ
953 3009 1220 3073 οἶκέτιδος
1273 3012 1481 3084 μητρὸς
1530 3007 1814 3084 ἐλευθέρου
1855 3007 1912 3064 δὲ

259 3103 488 3178 πατρός.
545 3103 821 3173 Τοσαύτην
881 3098 938 3156 δὲ
1023 3099 1286 3176 εὐγένειαν
1377 3099 1624 3176 ἐνάρετον
1681 3097 1758 3161 εἷς
1815 3099 1912 3167 τήν

261 3197 400 3252 κατᾶ
450 3196 543 3250 τὸν
603 3194 834 3266 Χριστὸν
889 3189 1184 3261 ἐνεδείξατο
1229 3188 1532 3258 πολιτείαν,
1575 3191 1648 3252 ὡς
1697 3189 1786 3244 καὶ
1819 3189 1914 3245 αὖ·

1529 373 1892 437 HISTORIA
1938 371 2347 435 LAUSIAGA.

1915 515 1965 580 Α
2003 509 2212 570 σίλειος
2243 507 2566 574 ἐπίσκοπος,
2596 501 2869 579 ἡδόμενος
2901 507 3066 563 αὐτοῦ
3104 515 3174 583 τῇ
3219 511 3511 585 αὐστηρίᾳ,
3560 515 3651 568 καὶ

3487 377 3640 436 1218

2003 605 2072 674 τῇ
2124 603 2445 674 στυφότητι,
2493 597 2584 652 καὶ
2627 597 2926 673 προσεχείᾳ
2972 605 3070 654 τοῦ
3120 595 3322 678 ἔργου·
3379 603 3439 664 ὃς
3490 603 3650 658 εἰσέτι

2005 689 2095 743 καὶ
2125 693 2218 744 νῦν
2247 693 2346 744 τοῦ
2380 683 2638 758 καλάμου
2687 686 2777 741 καὶ
2825 694 2925 757 τῆς
2975 685 3236 762 τετράδος
3281 693 3377 746 τοῦ
3427 693 3654 770 γράφειν

2007 775 2476 854 οὐκένεχώρησεν,
2539 773 2908 850 ὀγδοηκοστόν
2967 799 3074 832 που
3149 777 3292 855 ἄγων
3357 777 3475 844 ἔτος
3549 789 3652 852 τῆς

2005 867 2226 938 ἡλικίας
2256 911 2270 926 .
2315 869 2484 928 Οὗτος
2517 861 2712 942 ἔφησεν
2761 869 2788 921 ὁ
2843 869 3129 941 μακάριος,
3181 871 3262 924 ὅτι
3291 871 3378 949 ἀφ’
3410 872 3472 926 οὗ
3521 871 3653 945 ἐμυ-

2007 959 2339 1033 σταγωγήθη
2373 957 2462 1011 καὶ
2495 955 2826 1031 ἀνεγεννήθη
2861 955 2910 1030 ἐξ
2951 956 3146 1021 ὕδατος
3174 960 3262 1015 καὶ
3314 961 3654 1035 Πνεύματος,

2011 1048 2175 1122 μέχρι
2205 1053 2306 1116 τῆς
2339 1047 2581 1120 σήμερον
2615 1046 2848 1118 ἡμέρας,
2893 1045 3054 1120 ὄίρτον
3103 1048 3398 1124 ἀλλότριον
3449 1051 3654 1127 δωρεὰν

2008 1136 2070 1192 ού
2117 1131 2392 1212 βέϐρωκεν
2445 1135 2590 1208 παρά
2637 1155 2762 1202 τινι,
2813 1133 2942 1188 ἀλλ’
2991 1137 3050 1190 ἐκ
3095 1141 3202 1192 τῶν
3249 1135 3399 1194 ίδίων
3447 1141 3651 1210 πόνων,

2007 1225 2097 1279 καὶ
2129 1224 2216 1279 ἐπὶ
2265 1229 2400 1280 Θεοῦ
2441 1227 2589 1298 ἡμᾶς
2629 1220 2856 1292 ἔπεισεν,
2897 1223 2980 1276 δτι
3024 1222 3272 1280 διακόσια
3323 1231 3658 1297 πεντήκοντα

2009 1315 2322 1387 νομίσματα
2353 1313 2410 1368 ἐκ
2437 1317 2538 1366 τοῦ
2577 1307 2741 1386 ἔργου
2779 1315 2888 1365 τῶν
2933 1317 3138 1386 χειρῶν
3187 1313 3351 1368 αὐτοῦ
3401 1311 3660 1386 λελωϐη-

2013 1401 2195 1475 μένοις
2264 1399 2520 1466 δέδωκεν,
2583 1398 2848 1471 ἀδικήσας
2929 1397 3123 1455 οὐδένα
3191 1400 3494 1460 οὐδέποτε.
3559 1405 3658 1466 “Ος

2009 1495 2147 1564 πεζῇ
2179 1496 2246 1565 τῇ
2277 1491 2472 1565 πορείᾳ
2509 1489 2598 1544 καὶ
2651 1489 2848 1565 μέχρις
2897 1490 3064 1560 αὐτῆς
3115 1493 3340 1566 Ῥώμης
3395 1493 3656 1564 ἀπῆλθεν,

2011 1579 2298 1650 εύξὸμενος
2359 1577 2436 1640 είς
2489 1578 2550 1632 τὸ
2611 1577 2918 1650 ἁγιώτατον
2981 1579 3275 1653 μαρτύριον
3321 1585 3430 1635 τῶν
3481 1585 3657 1655 μακά-

2014 1685 2122 1740 ρων
2151 1667 2240 1721 καὶ
2283 1667 2448 1740 ἱερῶν
2500 1665 2827 1720 ἀποστόλων
2873 1670 2968 1720 τοῦ
3019 1666 3259 1740 Χριστοῦ
3311 1671 3518 1744 Πέτρου
3567 1673 3656 1726 καί

2013 1755 2272 1814 Παύλου.
2331 1757 2567 1834 ’Έφθασε
2617 1753 2675 1810 δὲ
2721 1755 2810 1809 καὶ
2867 1755 3062 1830 μέχρις
3111 1757 3536 1832 ’Δλεξανδρείας,
3571 1761 3660 1816 εὖ-

2011 1846 2236 1920 ξόμενος
2278 1847 2353 1906 εἰς
2381 1846 2444 1900 τὸ
2499 1844 2794 1920 μαρτύριον
2841 1850 2938 1900 τοῦ
2983 1848 3174 1919 τιμίου
3209 1847 3454 1919 ἀθλητοῦ
3505 1849 3656 1924 Μάρ-

2009 1957 2128 1992 κου.
2165 1935 2520 2006 Κατηξιώθην
2556 1931 2632 2003 δέ,
2667 1929 2792 2011 ἔφη,
2828 1936 2990 2013 χάριν
3021 1937 3218 2010 εὐχῆς,
3264 1939 3354 1992 καὶ
3408 1935 3656 2013 δεύτερον

2010 2023 2062 2078 έν
2103 2023 2511 2100 Ἱεροσολύμοις
2545 2023 2620 2086 εἰς
2661 2024 2830 2096 τιμήν
2884 2027 2991 2080 τῶν
3043 2025 3214 2101 ἁγίων
3263 2026 3444 2082 τόπων
3497 2025 3657 2089 ἰδίοις

2009 2111 2261 2169 ἀπελθὼν
2307 2113 2490 2183 ποσὶν,
2542 2113 2632 2166 καὶ
2692 2111 3047 2186 ἀναλώμασιν
3105 2113 3282 2188 ἑαυτῷ
3338 2113 3656 2191 ἐπαρκέσας.

2010 2201 2238 2280 Ἔλεγεν
2269 2199 2326 2256 δὲ
2356 2203 2492 2276 ἡμῖν
2523 2201 2680 2266 οὗτος
2709 2199 2872 2264 αὐτὸς
2911 2203 3072 2278 χάριν
3127 2207 3224 2259 τοῦ
3255 2205 3402 2278 ἡμᾶς
3433 2205 3657 2281 ὠφελη-

2013 2295 2198 2364 θῆναι,
2249 2295 2330 2348 ὅτι
2391 2289 2462 2347 Οὔ
2525 2291 2808 2366 μέμνημαί
2863 2313 2996 2348 ποτε
3050 2293 3294 2358 ἀποστὰς
3341 2296 3479 2352 κατᾶ
3529 2299 3656 2352 νοῦν

2011 2387 2112 2438 τοῦ
2143 2385 2278 2437 Θεοῦ
2311 2403 2436 2456 μου.
2481 2385 2660 2436 Ταῦτα
2701 2383 2769 2437 τὰ
2815 2381 2955 2438 ἆθλα
3002 2386 3098 2438 τοῦ
3155 2385 3422 2461 μακαρίου
3473 2384 3652 2442 Φιλοα

2017 2475 2230 2550 ρώμου,
2279 2472 2370 2527 καὶ
2421 2472 2474 2528 ἐν
2518 2473 2734 2534 τούτοις
2767 2474 2801 2541 ἡ
2833 2472 3106 2544 ἀήττητος
3141 2473 3262 2546 νίκη
3297 2491 3312 2508 ⁸
3363 2475 3453 2529 καὶ
3505 2474 3654 2548 αὐτῷ

2011 2559 2338 2617 ἀποδέδοται
2383 2564 2492 2617 τῶν
2537 2560 2816 2635 μακαρίων
2863 2562 3046 2618 πόνων
3089 2563 3152 2618 τὸ
3199 2564 3387 2639 πέρας,
3429 2563 3458 2618 ὁ
3507 2562 3652 2638 ἀμα-

2018 2652 2264 2727 ράντινος
2291 2658 2392 2722 τῆς
2424 2647 2584 2722 δόξης
2617 2650 2876 2728 στέφανος
2902 2693 2918 2708 .

2597 2745 2836 2797 ΚΕΦΔΛ
2856 2781 2872 2797 .
2915 2741 3036 2797 ΡΙΔ’
3059 2783 3074 2800 .

2576 2831 2706 2905 Περὶ
2751 2835 3082 2908 Σευηριανοῦ
3109 2877 3122 2892 .

2095 2923 2183 2978 Ἐν
2211 2919 2452 2996 Ἀγκύρᾳ
2477 2927 2580 2990 τῆς
2623 2918 2910 2987 Γαλατίας,
2962 2922 3016 2978 ἐν
3065 2923 3203 2998 αὐτῇ
3333 2925 3517 2997 πόλει,
3567 2946 3668 2982 πε-

2023 3011 2288 3089 ριέτυχον
2337 3014 2654 3084 Σευηριανῷ
2681 3031 2786 3065 τινι
2833 3010 3212 3088 λαμπροτάτῳ
3255 3013 3362 3070 ἀπὸ
3407 3017 3669 3089 κομήτων

2021 3095 2136 3172 ἅμα
2183 3103 2254 3173 τῇ
2289 3097 2488 3154 τούτου
2537 3097 2794 3175 ἐλευθέρᾳ
2841 3101 3114 3171 Βοσπορίᾳ
3143 3120 3156 3134 ·
3207 3101 3282 3156 ὧν
3329 3103 3418 3158 καὶ
3471 3103 3666 3178 μικρὰν

2025 3192 2216 3261 πεῖραν
2275 3179 2478 3260 ἔσχον·
2531 3183 2736 3248 σ’ίτινες
2779 3184 2867 3242 ἐπὶ
2915 3191 3172 3243 τοσοῦτον
3229 3187 3470 3244 ἐλπίδων
3523 3209 3668 3268 χρη-

261 3285 389 3348 τοὺς
446 3285 573 3348 τοὺς
627 3284 918 3353 ἀνικήτους
969 3283 1022 3336 έν
1077 3278 1220 3356 γένει
1277 3277 1540 3334 αἰδεῖσθαι
1607 3277 1772 3334 αὐτοῦ
1815 3281 1916 3349 τήν
1949 3266 1992 3334 C
2031 3282 2168 3334 στῶν
2218 3273 2644 3350 ἐπληρώθησαν,
2695 3277 2770 3338 ὡς
2815 3277 2908 3332 καὶ
2957 3277 3024 3333 τὰ
3063 3277 3220 3334 τέκνα
3267 3277 3444 3336 αὒτῶν
3492 3266 3667 3358 παρα·

267 3372 591 3450 ίσάγγελλον
651 3373 824 3442 ζωὴν,
875 3369 964 3425 καὶ
1022 3371 1122 3440 τήν
1175 3377 1278 3440 τῆς
1345 3369 1622 3440 ἀσκήσεως
1701 3369 1917 3444 ἐνεργὸν

263 3465 486 3539 ἀρετήν.
541 3462 711 3522 Οὗτος
776 3460 1072 3530 ἀπετάξατο
1131 3459 1184 3514 ἐι
1239 3464 1358 3522 ταῖς
1415 3461 1650 3533 ἡμέραις
1682 3457 1920 3513 Ἰουλια-

271 3557 368 3608 νοῦ
423 3555 522 3606 τοῦ
581 3547 898 3622 δυσωνύμου
956 3547 1249 3625 βασιλέως,
1279 3547 1370 3602 καὶ
1431 3569 1563 3622 μετα
1611 3546 1920 3624 παῤῥησίας

275 3641 540 3716 διελέχθη
599 3639 780 3712 τούτῳ
835 3633 1084 3694 δυσσεϐεῖ
1127 3639 1154 3694 ὁ
1213 3643 1454 3714 γενναῖος
1519 3641 1616 3692 τοῦ
1684 3639 1920 3712 Χριστοῦ

275 3731 525 3801 ἀθλητὴς
557 3729 585 3783 ὁ
617 3726 953 3802 Φιλόρωμος
993 3747 1006 3761 °
1052 3728 1108 3782 δν
1149 3729 1463 3802 ξυρισθῆναι
1505 3723 1803 3794 ἐκέλευσεν,
1831 3726 1920 3780 καὶ

275 3821 382 3877 ὑπὸ
439 3817 743 3892 παιδαρίων
795 3817 1132 3872 ἐντονώτατα
1183 3816 1555 3884 κοσσισθῆναι.
1589 3817 1684 3874 ’Ὀς
1733 3811 1924 3887 ἐγκαρ-

271 3911 506 3984 τερήσας
535 3907 616 3981 τῷ
655 3909 956 3982 πράγματι,
989 3905 1080 3959 καὶ
1129 3904 1362 3980 χάριτας
1419 3903 1566 3974 αύτῷ
1622 3903 1924 3977 ὡμολόγη-

275 4019 388 4070 σεν,
437 3999 511 4060 ὡς
561 3997 720 4058 αὐτὸς
766 3997 901 4064 ἡμῖν
954 3991 1278 4066 διηγήσατο.
1320 3992 1506 4064 Τούτῳ
1570 3991 1789 4046 ἐπέθετο
1845 3989 1924 4064 τῷ

268 4087 498 4164 γενναίῳ
529 4086 582 4140 έν
633 4081 951 4158 προοιμίοις
1007 4082 1036 4136 ὁ
1105 4087 1206 4148 τῆς
1254 4080 1504 4156 πορνείας
1556 4079 1802 4152 πόλεμος
1833 4081 1922 4136 καί

270 4180 374 4246 τῆς
435 4171 890 4251 γαστριμαργίας,
952 4171 1026 4232 ὡς
1081 4165 1260 4244 ἔλεγεν
1296 4190 1309 4202 ·
1365 4165 1423 4232 ὅς
1479 4175 1812 4244 τυραννῆσαν
1857 4171 1920 4224 τὸ

271 4267 446 4326 πάθος
497 4260 754 4334 ἐξήλασεν
788 4280 802 4295 ο
872 4259 1112 4334 καθάπερ
1167 4257 1434 4332 πυρκαϊάν
1483 4255 1716 4334 ἄμετρον
1773 4256 1924 4314 ὕδατι

277 4349 472 4430 λάϐρῳ
528 4345 865 4412 κατασϐέσας
921 4347 1084 4420 ἄκρας
1147 4347 1452 4424 ἐγκρατείας
1510 4349 1644 4422 ὅρῳ,
1702 4345 1926 4422 σιδηρο-

278 4443 444 4523 φορίᾳ
473 4463 552 4512 τε,
602 4439 692 4496 καὶ
741 4437 1078 4515 ἐγκλεισμῷ,
1119 4439 1208 4494 καὶ
1239 4438 1428 4512 ἀποχῇ
1484 4439 1790 4514 βρωμάτων
1837 4440 1926 4492 καὶ

283 4535 490 4589 σιτίνου
539 4529 728 4604 ἄρτου,
759 4531 850 4584 καὶ
907 4527 1240 4598 ἁπαξαπλῶς
1293 4527 1504 4582 πάντων
1567 4531 1676 4582 τῶν
1737 4527 1930 4602 ἑψομέ-

2027 3366 2372 3442 λογίσασθαι,
2420 3363 2562 3441 ἔργῳ
2601 3367 2669 3422 τὰ
2723 3363 2996 3440 μέλλοντα
3041 3367 3369 3443 βλέποντες.
3415 3371 3516 3433 Τὰς
3563 3373 3665 3448 γὰρ

2023 3453 2332 3531 προσόδους
2388 3459 2495 3510 τῶν
2547 3454 2774 3531 χωρίων
2827 3455 3206 3514 ἀναλίσκουσιν
3251 3459 3328 3522 εἰς
3371 3459 3498 3522 τοὺς
3546 3457 3665 3516 δεο-

2030 3545 2241 3620 μένους,
2285 3539 2508 3620 ἔχοντες
2552 3547 2818 3620 τέσσαρας
2863 3548 3014 3610 υἱοὺς
3059 3549 3150 3604 καὶ
3200 3545 3296 3605 δύο
3350 3551 3670 3626 θυγατέρας,

2027 3638 2112 3698 οἷς
2141 3634 2269 3690 οὐδὲ
2298 3643 2488 3708 κτῆμα
2521 3633 2789 3705 ἐδίδοσαν,
2821 3638 3087 3712 παρεκτὸς
3115 3643 3226 3693 τῶν
3275 3641 3626 3718 γαμηθεισῶν
3653 3658 3669 3676 ·

2030 3725 2278 3801 λέγοντες
2309 3731 2426 3786 τοῖς
2457 3725 2677 3787 λοιποῖς
2698 3729 2806 3780 τῶν
2829 3727 3056 3796 τέκνων,
3089 3727 3172 3783 ὅτι
3195 3731 3343 3784 Μετά
3363 3731 3457 3802 μὲν
3481 3732 3676 3804 ἡμετέ-

2031 3832 2122 3886 ραν
2175 3807 2484 3866 ἀποϐίωσιν
2532 3814 2708 3867 πάντα
2761 3812 2906 3868 ἐστὶν
2955 3815 3209 3890 ὑμέτερα,
3259 3815 3311 3870 ἐν
3339 3819 3386 3889 ᾧ
3417 3815 3474 3873 δὲ
3519 3821 3676 3894 περί-

2030 3920 2210 3972 εσμεν,
2241 3900 2368 3962 τοὺς
2398 3899 2640 3975 καρποὺς
2669 3905 2780 3956 τῶν
2809 3904 3112 3976 κτημάτων
3145 3906 3312 3977 ἡμεῖς
3334 3909 3679 3980 κομισόμεθα

2029 3985 2371 4062 διανέμοντες
2399 3989 2744 4061 ἐκκλησίαις,
2767 3991 2856 4045 καὶ
2895 3993 3304 4068 μοναστηρίοις,
3341 3993 3430 4048 καῖ
3462 3993 3680 4064 ξενοδο-

2031 4078 2220 4154 χείως,
2256 4079 2346 4134 καὶ
2379 4085 2510 4134 πᾶσι
2537 4085 2660 4144 τοῖς
2689 4078 2966 4154 δεομένοις
2987 4101 3001 4114 ’
3035 4079 3109 4137 ὦν
3142 4083 3197 4137 αἱ
3227 4082 3389 4159 εὐχαὶ
3418 4085 3507 4139 καὶ
3549 4086 3678 4158 ὑμῖν

2029 4171 2118 4226 καὶ
2160 4172 2318 4244 ἡμῖν,
2352 4171 2397 4224 ὦ
2427 4170 2610 4241 τέκνα,
2637 4173 2738 4239 τὴν
2771 4170 2988 4226 αίώνιον
3021 4173 3168 4242 ζωὴν
3200 4173 3318 4229 ἀντὶ
3373 4179 3469 4244 τῆς
3513 4194 3678 4250 προσ-

2031 4259 2222 4336 καίρου
2253 4261 2458 4330 ταύτην
2486 4260 2576 4314 καὶ
2609 4259 2872 4316 ἐπιπόνου
2895 4263 3188 4337 παρέξουσι
3219 4305 3232 4318 .
3275 4263 3373 4319 Καὶ
3425 4267 3588 4320 τοῦτο
3620 4261 3678 4319 δὲ

2035 4351 2220 4411 αὐτοῖς
2253 4349 2502 4425 ἐνάρετον
2539 4351 2772 4425 ὑπῆρξεν
2797 4371 2808 4384 ·
2855 4350 3025 4426 λιμοῦ
3063 4353 3360 4428 γενομένου
3412 4353 3678 4430 μεγάλου,

2033 4442 2124 4496 καὶ
2155 4441 2292 4496 κατὰ
2333 4439 2669 4516 σπλάγχνων
2723 4446 3042 4520 χωροῦντος
3087 4445 3306 4500 πάντων
3355 4443 3682 4514 ἀνθρώπων,

2035 4532 2160 4586 τότε
2199 4529 2396 4586 ἐκεῖνοι
2443 4531 2538 4592 τάς
2591 4531 2824 4604 αἱρέσεις
2883 4531 2980 4596 τὰς
3025 4531 3196 4589 ἐκεῖσε
3245 4533 3320 4598 εἷς
3372 4533 3686 4608 ὀρθοδοξίαν

281 4645 388 4678 νων
429 4619 516 4676 διά
573 4620 770 4694 πυρὸς,
799 4616 1226 4692 διακαρτερήσας
1283 4615 1334 4670 έν
1385 4614 1601 4678 τούτοις
1657 4615 1744 4670 ἐπὶ
1804 4615 1932 4670 δέκα
1967 4655 2012 4718 D
2046 4621 2376 4695 μετήνεγκαν
2405 4663 2416 4676 .
2453 4621 2538 4674 Ἐν
2570 4619 2808 4682 πολλοῖς
2855 4621 2960 4697 γάρ
3001 4624 3238 4698 χωρίοις
3287 4623 3418 4686 τοὺς
3468 4620 3684 4678 011030-

283 4712 372 4767 καὶ
451 4711 594 4764 ὀκτὼ
679 4705 868 4766 ἔτεσιν.
926 4711 1108 4767 Ὅστις
1177 4709 1346 4760 ταῦτα
1421 4705 1786 4776 ὑπερνικήσας
1867 4707 1934 4760 τά

285 4801 490 4856 ἄτακτα
517 4799 686 4870 πάθη,
725 4797 852 4872 ᾖσεν
880 4798 972 4851 τὸν
1011 4795 1270 4850 ἐπινίκιον
1317 4793 1486 4866 ὕμνον
1533 4799 1612 4866 τῷ
1659 4796 1882 4870 Χριστῷ
1918 4813 1932 4828 ο

285 4892 516 4965 ’Υψώσω
549 4909 628 4958 σε,
679 4887 862 4962 Κύριε,
887 4887 970 4940 ὅτι
1023 4879 1290 4946 ὑπέλαϐές
1328 4904 1415 4956 με,
1447 4881 1536 4938 καὶ
1577 4882 1680 4938 ούκ
1738 4879 1937 4960 εὔφρα-

285 4999 378 5041 νας
408 4979 534 5042 τοὺς
565 4976 798 5053 ἐχθρούς
834 4997 938 5049 μου
969 4972 1050 5029 ἐπ’
1100 4971 1216 5047 ἐμέ.
1275 4972 1450 5034 Οὗτος
1483 4972 1586 5027 ὑπὸ
1647 4977 1754 5028 τῶν
1788 4994 1938 5028 πνευ-

289 5069 474 5146 μάτων
529 5075 628 5138 τῆς
677 5067 941 5142 πονηρίας
1007 5062 1280 5142 διαφόρως
1334 5061 1672 5137 πολεμηθεὶς
1719 5063 1936 5142 ἐνεκαρ-

285 5163 508 5236 τέρησεν
599 5157 649 5214 ἐν
738 5157 816 5212 ἐνὶ
903 5156 1254 5230 μοναστηρίῳ
1335 5155 1731 5230 τεσσαράκοντα
1815 5151 1934 5226 ἕτη.

283 5253 576 5330 ’Δφηγεῖτο
601 5245 658 5303 δὲ
695 5247 873 5312 οὗτος.
907 5247 990 5300 δτι
1036 5245 1156 5300 Ἐπὶ
1206 5243 1490 5318 τριάκοντα
1547 5245 1638 5300 καὶ
1695 5242 1790 5300 δύο
1839 5241 1932 5316 ἔτη

287 5339 544 5413 οὐδεμιᾶς
581 5337 800 5412 ὀπώρας
831 5337 1085 5409 ἡψάμηο.
1141 5331 1356 5398 Δειλίας
1393 5331 1452 5388 δέ
1479 5335 1612 5390 ποτέ
1645 5355 1732 5406 με,
1781 5336 1934 5412 φησὶ,

287 5428 686 5502 πολεμησάσης
745 5427 818 5486 εἰς
885 5423 1074 5498 ἄκρον,
1106 5423 1180 5484 ὡς
1239 5421 1332 5476 καὶ
1382 5423 1480 5492 τήν
1533 5421 1739 5498 ἡμέραν
1769 5422 1938 5492 αὐτὴν

285 5514 518 5592 ἔκφοϐον
585 5516 848 5592 γίνεσθαι,
921 5511 1056 5586 πρὸς
1120 5511 1182 5565 τὸ
1255 5511 1456 5581 ταύτης
1545 5513 1936 5588 περιγενέσθαι,

290 5610 534 5682 μνήματι
593 5605 778 5661 ἐαδτὸν
837 5601 1108 5674 καθεῖρξεν
1167 5597 1254 5653 ἐπὶ
1313 5595 1408 5668 ἔτη
1593 5599 1690 5655 Καὶ
1739 5601 1940 5674 ταύτης

285 5697 624 5772 περιεγένετο
672 5696 762 5750 τὸν
811 5693 862 5762 ἐξ
911 5691 1123 5770 ἐπαφῆς
1169 5687 1416 5761 πόλεμον
1451 5687 1774 5764 πολεμήσας
1807 5693 1942 5767 μετᾶ

285 5791 383 5844 τοῦ
451 5783 756 5861 πνεύματος
821 5785 917 5837 τοῦ
974 5781 1076 5850 τὴν
1131 5777 1338 5834 δειλίαν
1383 5777 1564 5853 τούτῳ
1620 5779 1938 5860 ἐπάγοντος.

285 5875 494 5932 Τούτου
551 5877 650 5930 τοῦ
705 5867 966 5944 ἀοιδίμου
1019 5868 1160 5922 πάνυ
1217 5863 1444 5938 ἐκήδετο
1487 5869 1515 5922 ὁ
1550 5870 1814 5950 μακάριος
1845 5879 1940 5932 Βα-

614 5981 868 6038 ΡΛτιιοῑ..
913 5975 1026 6032 Gn.
1069 5971 1326 6034 XXXIV.

2043 4708 2222 4769 λῶνας
2281 4709 2484 4764 ἑαυτῶν
2539 4708 2844 4780 ἀνοίξαντες
2893 4712 3206 4786 παρέθηκαν
3255 4711 3330 4773 εἷς
3384 4709 3684 4788 διατροφην

2039 4804 2158 4862 τοῖς
2183 4803 2440 4854 πεινῶσιν
2463 4845 2476 4858 .
2511 4803 2597 4862 Ὡς
2633 4799 2691 4854 ἐκ
2719 4807 2819 4869 τῆς
2867 4801 3072 4856 τούτων
3124 4800 3326 4877 ἀφάτου
3379 4799 3689 4876 φιλανθρω-

2043 4889 2170 4952 πίας
2203 4889 2278 4950 είς
2324 4887 2452 4963 μίαν
2503 4889 2819 4964 συμφωνίαν
2869 4895 2968 4959 τῆς
3013 4890 3180 4962 ὀρθῆς
3229 4889 3464 4952 πίστεως
3510 4887 3688 4944 συνελ·

2043 4981 2152 5035 θεῖν
2181 4979 2276 5042 τὰς
2307 4981 2562 5056 αἱρέσεις,
2615 4975 2936 5047 δοξάζοντας
2983 4979 3076 5034 τὸν
3127 4979 3256 5034 Θεὸν
3302 4977 3389 5034 ἐπὶ
3437 4983 3506 5053 τῇ
3559 4981 3687 5034 τού-

2043 5090 2152 5123 των
2183 5067 2334 5142 άπλῇ
2383 5065 2558 5120 πίστει
2605 5066 2694 5118 καὶ
2743 5065 2964 5140 ἀμέτρῳ
3009 5065 3262 5138 εὐποιίᾳ.
3312 5065 3379 5121 Ἢ
3429 5063 3486 5120 δὲ
3533 5065 3682 5136 ἄλλη

2044 5157 2272 5228 ἄσκησις
2327 5155 2536 5210 τούτων
2595 5155 2888 5228 θαυμασία,
2941 5161 3136 5230 σχῆμα
3185 5157 3516 5226 σεμνότατον
3565 5157 3686 5210 καθ’

2049 5239 2382 5320 ὑπερϐολήν,
2417 5244 2641 5314 λιτότης
2673 5243 2902 5310 ἐσθῆτος
2931 5243 3020 5297 καὶ
3061 5241 3301 5298 εὐτέλεια
3331 5247 3458 5318 παρ’
3501 5243 3686 5307 αὐτοῖς

2043 5334 2232 5403 πολλή
2263 5333 2352 5388 καὶ
2383 5333 2748 5410 ἀνέκφραστος
2774 5375 2788 5389 .
2821 5329 3239 5406 Ὀλιγοδάπανοι
3282 5331 3488 5408 σφόδρα
3535 5333 3690 5390 λιτό-

2043 5445 2168 5495 τητι
2227 5429 2436 5500 τροφῆς
2513 5423 2910 5498 ἀποχρώμενοι
2965 5420 3090 5476 ὅσον
3157 5423 3218 5477 τὸ
3279 5425 3376 5494 ζῇν
3434 5423 3688 5480 ἀπαιτεῖ·

2046 5516 2387 5586 ἐξασκοῦντες
2439 5514 2540 5584 τὴν
2600 5513 2676 5574 εἷς
2733 5513 2864 5568 Θεὸν
2949 5511 3306 5588 σωφροσύνην
3367 5513 3693 5591 ὑπερφυῶςο

2045 5609 2108 5659 τὸ
2139 5601 2398 5660 πλεῖστον
2429 5606 2536 5658 τῶν
2567 5603 2784 5680 χρόνων
2815 5601 2866 5656 ἐν
2897 5601 3091 5678 ἀγροῖς
3142 5599 3520 5680 διαιτώμενοι,
3567 5603 3693 5675 ἥδι-

2051 5715 2150 5750 στα
2199 5692 2412 5769 μᾶλλον
2471 5699 2538 5768 τῇ
2593 5695 2800 5770 ἡσυχίᾳ
2845 5689 3322 5769 προσομιλοῦντες
3351 5713 3364 5726 ⁶
3413 5695 3697 5775 φεύγοντες

2049 5783 2132 5838 ἀεὶ
2161 5783 2257 5846 τὰς
2286 5781 2478 5844 πόλεις
2508 5781 2720 5840 καὶτὰς
2751 5779 2812 5836 έκ
2839 5780 3054 5838 τούτων
3085 5785 3412 5860 τικτομένας
3461 5785 3652 5846 κακίας
3679 5801 3692 5816 ’

2055 5875 2270 5947 μήποτε
2297 5877 2375 5946 τῷ
2405 5875 2820 5948 συνασμενισμῷ
2847 5875 2956 5926 τῶν
2990 5867 3184 5948 ὄχλων
3217 5875 3462 5930 σπάτιυσί
3505 5893 3558 5928 τι
3591 5874 3697 5928 τῶν

3381 5975 3459 6036 39
