4078 6212
1978 307 2338 369 PALLADII
3720 303 3872 364 1220

1943 441 2120 496 ἐνθέον
2151 443 2203 510 Α
2236 437 2515 513 Βησαρίων
2549 437 2778 511 ὀνόματι
2807 478 2820 492 .
2853 437 3023 497 Οὗτος
3053 435 3326 491 κατελθὼν
3360 435 3435 496 εἷς
3478 438 3678 508 κώμην
3731 439 3875 506 τινὰ,

2237 528 2345 586 ἴδεν
2375 530 2580 605 γυμνὸν
2620 528 2844 602 πτωχὸν
2897 526 2947 581 ἐν
2980 532 3049 600 τῇ
3099 526 3268 600 ἀγορᾷ
3316 526 3652 596 τεθνηκότα.
3707 528 3874 589 Αὐτὸς

2235 619 2291 676 δέ
2318 618 2411 675 ἕνα
2460 624 2669 694 χιτῶνα
2712 623 2918 695 φορῶν,
2967 616 3104 672 κατά
3152 619 3249 686 τὴν
3301 617 3659 692 εύαΠελικῆν
3710 621 3878 693 παρά.

2237 709 2406 782 δοσιν,
2465 710 2552 764 καὶ
2614 709 2808 782 μικρὸν
2873 707 3141 783 μαφόριον
3176 725 3189 740 °
3248 704 3399 762 οὐδὲν
3455 708 3560 782 γὰρ
3620 706 3878 778 ἐκέκτητο

2238 801 2383 870 πλὴν
2413 799 2608 855 τούτου
2655 802 2752 853 106
2802 795 3095 872 ἀναγκαίου
3139 798 3559 870 σκεπάσματος.
3612 799 3775 874 Εἶχεν
3825 797 3882 853 δέ

2237 892 2327 946 καὶ
2364 891 2555 964 μικρὸν
2585 886 2918 962 Εὐαγγέλιον
2951 889 3053 942 ὑπὸ
3082 888 3182 955 τὴν
3215 886 3397 960 μάλην
3429 886 3530 955 ἀεὶ,
3554 889 3692 960 πρὸς
3727 883 3880 962 ἔλεγ-

471 318 628 377 1219

472 445 719 522 θορύϐων
775 453 880 504 τῶν
938 449 1262 516 πολιτικῶν,

476 543 782 615 προθέσεως
810 584 823 598 .
857 541 954 595 Διά
984 562 1066 596 τοι
1096 545 1263 596 ταῦτα
1296 538 1467 594 πάντα
1496 540 1561 593 τὰ
1591 534 1989 609 κατορθώματα
2019 539 2118 602 τῆς

478 629 728 708 ἐναρέτου
786 631 1069 698 πολιτείας
1127 630 1335 686 τούτων
1387 633 1496 686 τῶν
1559 626 1836 703 μακαρίων
1889 625 2123 680 ἐντεῦθεν

481 723 591 795 ἥδη
627 722 890 798 βλέπουσι
922 728 1038 784 τοῖς
1071 727 1290 793 νοητοῖς
1321 719 1632 798 ὀφθαλμοῖς
1661 719 1728 774 τά
1747 715 2126 789 ἡτοιμασμένα

485 813 668 874 αὐτοῖς
701 813 847 888 παρά
873 819 975 882 τῆς
1009 808 1170 881 δόξης
1202 815 1300 866 106
1331 814 1462 866 Θεοῦ
1491 811 1557 865 τὰ
1587 811 1778 864 αἱώνια
1808 806 1980 881 ἀγαθά
2004 845 2016 858 .

1069 906 1308 957 ΚΕΦΑΛ
1332 941 1348 957 .
1390 903 1515 955 PIE'
1542 942 1556 956 .

1341 445 1685 506 ἐκπίπτοντες
1761 450 1859 514 τῆς

865 994 994 1065 Περὶ
1026 996 1124 1046 106
1153 991 1278 1062 ἐλεή
1292 1012 1452 1064 μονος
1489 985 1731 1065 μοναχοῦ
1758 1030 1770 1045 .

561 1084 803 1157 Ὁμοίως
834 1081 887 1138 ἐν
917 1084 1085 1157 ταύτῃ
1113 1086 1182 1156 τῇ
1232 1081 1392 1136 πόλει
1444 1081 1747 1155 εὑρήκαμεν
1803 1079 2126 1153 μονάζοντα,

491 1174 832 1249 χειροτονίαν
924 1175 1016 1245 μὲν
1083 1167 1472 1246 πρεσϐυτερίου
1553 1173 1629 1244 μὴ
1716 1166 2129 1240 καταδεξαμένῳ

491 1263 758 1336 δέξασθαι,
790 1262 894 1317 ἀπὸ
927 1261 1204 1335 στρατείας
1236 1261 1476 1336 ἠγμένον
1514 1259 1709 1335 ὀλίγου
1739 1259 1940 1333 χρόνου
1969 1298 1980 1310 .
2037 1257 2133 1316 "Oc

494 1352 741 1408 εἴκοστὸν
773 1349 892 1412 ἓτος
922 1349 1063 1427 ἄγων
1107 1351 1160 1404 ἐν
1209 1351 1431 1419 ἀσκήσει
1482 1349 1685 1418 ταύτην
1736 1348 1851 1420 εἶχε
1899 1348 1996 1414 τήν
2027 1365 2132 1398 πο-

495 1442 702 1498 λιτείαν
737 1458 752 1475 °
810 1441 1103 1514 παραμένει
1159 1440 1253 1512 μὲν
1299 1443 1378 1511 τῷ
1425 1437 1706 1509 έπισκόπῳ
1763 1442 1862 1505 τῆς
1920 1433 2137 1495 πόλεως

496 1527 647 1606 ἀνδρὶ
680 1529 1002 1607 ἁγιωτάτῳ.
1047 1531 1311 1583 Τοσοῦτον
1347 1524 1403 1582 δέ
1451 1527 1560 1581 ἐστι
1607 1525 1993 1606 φιλάνθρωπος
2046 1527 2138 1580 καὶ

501 1619 780 1694 ἐλεήμων,
841 1621 916 1682 ὡς
965 1618 1054 1673 καὶ
1103 1620 1196 1680 τὰς
1239 1616 1430 1680 πόλεις
1483 1619 1771 1693 περιιέναι,
1822 1616 1912 1670 καὶ
1973 1614 2141 1670 ἐλεεῖν

501 1712 629 1772 τοὺς
663 1707 954 1780 δεομένους
982 1754 994 1766 .
1039 1709 1206 1769 Οὗτος
1257 1707 1358 1762 οὐκ
1403 1707 1600 1780 ἀμελεῖ
1647 1707 1706 1762 οὐ
1757 1704 2028 1784 φυλακῆς,
2079 1705 2140 1760 οὐ

2241 1002 2343 1059 χον
2392 982 2581 1036 έαυτοΰ
2627 983 2723 1035 106
2774 975 3065 1036 διαπαντὸς
3118 975 3404 1030 ὑπακούειν
3459 978 3529 1048 τῇ
3567 979 3879 1049 Δεσποτικῇ

2242 1075 2416 1149 φωνῇ,
2447 1072 2481 1142 ἢ
2518 1068 2732 1144 μᾶλλον
2764 1063 2908 1143 ἔργῳ
2937 1066 3346 1140 κατορθωθέντα
3375 1068 3466 1122 τὸν
3497 1065 3666 1144 λόγον
3697 1066 3880 1145 ἐπιφε-

2245 1163 2472 1238 ρόμενος
2498 1205 2512 1219 .
2543 1160 2778 1233 Τοιαύτῃ
2812 1157 2915 1233 γὰρ
2947 1158 2975 1211 ὁ
3006 1157 3143 1231 ἀνὴρ
3174 1152 3454 1231 ὑπερϐολῇ
3505 1157 3629 1231 βίου
3659 1160 3882 1232 χρησά-

2248 1273 2426 1326 μενος,
2458 1249 2897 1325 ἀνεπαισχύντως
2927 1249 3001 1310 ὡς
3031 1246 3274 1321 ἐπίγειος
3307 1245 3538 1324 ἅγγελος
3570 1249 3671 1317 τὴν
3726 1248 3885 1303 ἐπου-

2246 1342 2425 1415 ράνιον
2455 1341 2506 1396 ἐν
2534 1343 2691 1413 νόμῳ
2723 1337 2970 1409 διήνυσεν
3004 1342 3223 1411 πυρεῖαν
3251 1380 3265 1395 .
3298 1337 3466 1400 Οὗτος
3498 1337 3592 1391 οὗν
3627 1338 3882 1412 ἑωρακὼς

2244 1433 2306 1488 τὸ
2337 1432 2610 1505 λείψανον,
2651 1430 2863 1507 εὐφυῶς
2905 1428 2967 1482 τὸ
3015 1431 3279 1503 μαφόριον
3329 1427 3886 1503 ἀποφορτωσάμενος,

2248 1520 2525 1576 ἐναπέθετο
2555 1523 2633 1590 τῷ
2671 1518 2996 1587 τεθνηκότι.
3040 1515 3137 1570 Καὶ
3178 1513 3342 1570 πάλιν
3396 1514 3589 1592 ὀλίγον
3645 1513 3888 1589 βαδίσας,

2252 1606 2494 1683 δεομένῳ
2535 1608 2726 1684 γυμνῷ
2767 1609 3092 1676 συνήντησεν
3118 1621 3132 1636 '
3165 1604 3254 1658 καὶ
3305 1601 3718 1679 διακρινόμενος
3769 1605 3886 1678 ἔστη

2249 1703 2364 1756 καθ’
2397 1699 2582 1754 ἑαυτὸν
2617 1697 2976 1771 Λογιζόμενος
3017 1691 3191 1756 οὕτως
3218 1713 3229 1726 ο
3268 1699 3390 1756 Πῶς
3436 1693 3547 1769 ἐγὼ
3585 1696 3710 1766 μὲν,
3743 1697 3772 1750 ὁ
3801 1695 3888 1766 ei.

504 1799 883 1873 νοσοκομείου,
915 1798 977 1853 οὐ
1017 1797 1319 1874 πτωχείου,
1353 1797 1415 1852 οὑ
1446 1795 1735 1866 πλουσίου,
1785 1797 1847 1850 οὐ
1888 1795 2142 1865 πένητος,
2176 1819 2223 1884 Β
2253 1795 2338 1847 θεν
2385 1790 2788 1862 ἀποταξάμενος
2835 1787 2915 1858 τῷ
2963 1784 3175 1858 κόσμῳ,
3225 1785 3440 1857 ἱμάτιον
3493 1785 3892 1861 περίκειμαι,ὂ

507 1890 654 1945 ἀλλά
709 1894 868 1944 πᾶσιν
921 1888 1237 1961 ἐπικουρεῖ⁶
1288 1893 1405 1949 τοῖς
1459 1888 1554 1961 μέν
1602 1885 1887 1948 πλουσίοις
1939 1884 2143 1961 λόγους

509 1979 917 2055 εὐσπλαγχνίας
959 1980 1217 2053 παρέχων
1265 1979 1354 2032 καὶ
1404 1975 1612 2046 ἐλέους,
1645 1977 1718 2038 ὡς
1768 1974 2144 2050 ὀισπλάγχνοις

510 2072 596 2126 καὶ
646 2068 1008 2142 ἀνελεήμοσιν
1034 2088 1047 2099 ⁸
1087 2072 1194 2122 τῶν
1243 2065 1301 2121 δὲ
1347 2064 1541 2122 ἐνδεῶν
1575 2065 1873 2144 φροντίζων
1917 2064 2145 2120 ἑκάστου

508 2161 575 2216 τά
631 2162 765 2236 πρὸς
823 2161 918 2220 τὰς
978 2158 1205 2234 χρείας⁶
1255 2160 1380 2220 τοὺς
1434 2157 1780 2232 μαχομένους
1828 2157 2148 2234 εἷρηνεύων,

510 2256 628 2313 τοῖς
673 2255 898 2326 γυμνοῖς
947 2253 1204 2323 χορηγῶν
1254 2247 1540 2322 ἐνδύματα,
1589 2254 1706 2313 τοῖς
1753 2249 2034 2304 ἀσθενοῦσι
2084 2247 2152 2303 τὰ

511 2341 826 2415 ἀλεξιτήρια
857 2339 994 2415 πρὸς
1025 2340 1308 2412 θεράπειαν
1333 2382 1344 2395 .
1397 2340 1498 2394 Οἷα
1529 2336 1587 2393 δὲ
1629 2339 1781 2412 φιλεῖ
1828 2339 2062 2413 γίνεσθαι
2095 2338 2150 2395 ἐν

515 2429 710 2493 πάσαις
737 2434 857 2493 ταῖς
885 2427 1078 2483 πόλεσι
1108 2433 1230 2491 ταῖς
1280 2427 1568 2506 μεγάλαις,
1611 2423 1723 2483 ἔστι
1753 2429 1840 2482 καὶ
1872 2427 1925 2483 ἐν
1973 2429 2111 2503 αὐτῇ
2140 2475 2154 2488 .

519 2523 606 2578 Ἐν
639 2521 744 2596 γὰρ
773 2523 840 2593 τῇ
873 2523 1005 2590 στοᾷ
1041 2524 1140 2588 τῆς
1189 2517 1482 2589 ἐκκλησίας
1535 2517 1748 2588 πλῆθος
1794 2523 1900 2574 τῶν
1955 2515 2152 2574 λωϐῶν

522 2608 633 2664 ἐστι
717 2606 1126 2680 κατακείμενον,
1210 2606 1588 2681 ἐρανιζόμενον
1637 2609 1736 2676 τὴν
1794 2610 1998 2686 τροφὴν
2056 2611 2157 2679 τὴν

521 2703 816 2778 ἐφήμερον,
859 2704 965 2754 τῶν
1019 2701 1115 2772 μὲν
1163 2699 1415 2774 ἀγάμων,
1460 2705 1567 2754 τῶν
1620 2697 1676 2754 δὲ
1720 2700 2114 2777 γεγαμηκότων
2143 2745 2159 2761 .

524 2787 732 2860 Συνέϐη
766 2788 857 2845 οὖν
901 2793 1002 2863 μιᾷ
1042 2793 1150 2844 τῶν
1207 2792 1431 2864 ἡμερῶν
1491 2789 1545 2846 ἐν
1595 2792 1746 2845 νυκτὶ
1793 2790 1991 2846 τίκτειν
2046 2793 2160 2854 ένὸς

519 2883 728 2937 τούτων
766 2881 865 2948 τὴν
895 2883 1128 2954 γυναῖκα
1158 2878 1210 2933 ἐν
1258 2882 1327 2953 τῇ
1378 2885 1529 2951 στοᾷ,
1580 2881 1669 2935 καὶ
1718 2885 1883 2934 τοῦτο
1933 2879 1984 2936 ἐν
2039 2901 2162 2956 χει-

526 2977 668 3047 μῶνι
695 3014 710 3029 .
742 2970 973 3040 Βοώσης
1005 2968 1097 3025 οὖν
1129 2969 1324 3040 αὐτῆς,
1353 2970 1443 3025 καὶ
1493 2970 1857 3044 κεντουμένης
1905 2971 2009 3027 ὑπὸ
2062 2979 2163 3042 τῆς

523 3065 802 3142 ἀφορήτου
862 3059 1072 3132 ἐκείνης
1131 3059 1348 3131 ὀδύνης,
1392 3061 1692 3132 ἐπήκουσεν
1739 3069 1836 3131 τῆς
1884 3061 2164 3139 ὀλολυγῆς

525 3154 553 3208 ὁ
615 3153 879 3227 μακάριος
939 3152 1098 3216 οὗτος
1151 3152 1593 3227 προσευχόμενος
1653 3151 1704 3206 ἐν
1758 3155 1826 3225 τῇ
1875 3151 2162 3225 ἐκκλησίᾳ,

523 3242 612 3297 καὶ
645 3240 976 3316 καταλείψας
1003 3242 1098 3303 τὰς
1126 3242 1374 3310 συνήθεις
1411 3241 1572 3295 ούτοῦ
1625 3243 1962 3316 προσευχὰς,
2013 3240 2160 3312 ἐξελ-

527 3332 633 3385 θὼν
663 3328 834 3402 ἐπίδε,
855 3331 945 3384 καὶ
996 3327 1199 3401 μηδένα
1249 3329 1418 3402 εὑρὼν
1467 3330 1558 3383 τὸν
1602 3329 1772 3402 ταύτῃ
1823 3333 2168 3405 παραστησό-

533 3441 693 3494 μενον
753 3418 806 3473 ἐν
865 3422 933 3490 τῇ
993 3417 1198 3491 ἀνάγκη
1248 3415 1439 3490 ἐκείνῃ,
1494 3417 1656 3478 αὐτὸς
1706 3417 1954 3492 ἰατρίνης
2001 3418 2169 3474 τόπον

531 3510 778 3581 ἐπέσχεν,
831 3508 895 3561 οὐ
945 3502 1346 3579 βδελυξάμενος
1390 3505 1452 3559 τὸ
1501 3509 1671 3578 μῦσος
1721 3508 1782 3561 τὸ
1829 3506 2173 3582 παρακολου-

531 3598 660 3652 006v
727 3600 846 3656 ταῖς
911 3595 1218 3656 τικτούσαις
1283 3598 1391 3650 τῶν
1461 3601 1752 3671 γυναικῶν,
1822 3596 2173 3668 ἀναισθησίαν

530 3688 681 3758 αὐτῷ
738 3685 1111 3760 χαρισαμένης
1138 3693 1241 3755 τῆς
1277 3687 1581 3760 βαθυτάτης
1621 3689 1822 3758 ταύτης
1873 3686 2175 3761 ἐλεημοσύ-

530 3797 628 3846 νης
671 3782 769 3844 τῆς
826 3780 956 3848 παρ’
1006 3773 1170 3831 αὐτοῦ
1224 3776 1598 3850 γεγενημένης
1627 3822 1639 3834 .
1685 3777 1887 3832 Τούτου
1942 3779 2034 3850 μέν
2075 3783 2172 3834 106

533 3867 900 3948 φιλοχρίστου
929 3867 992 3921 τὸ
1026 3863 1166 3928 εἶδος
1196 3871 1306 3922 τῶν
1336 3867 1597 3940 ἱματίων,
1648 3869 1723 3922 ὧν
1757 3864 2173 3944 περιϐέϐληται,

535 3962 637 4015 οὐκ
666 3953 807 4014 ἔστιν
844 3957 990 4028 ἄξιον
1035 3951 1280 4015 ὀϐολοῦ.
1324 3957 1400 4014 Τὸ
1455 3955 1509 4011 δὲ
1557 3959 1756 4031 βρῶμα
1785 3963 1894 4013 τῶν
1941 3960 2173 4032 ἱματίων

533 4051 878 4129 ἀμφήσιστον
915 4065 929 4078 ο
971 4049 1185 4118 πυκτίῳ
1230 4045 1455 4120 ἐγκύψαι
1489 4047 1550 4100 οὐ
1579 4054 1848 4123 καρτερεῖ,
1897 4057 1999 4118 τῆς
2047 4048 2178 4128 φιλ-

535 4139 846 4211 ανθρωπίας
913 4135 1075 4189 αὐτὸν
1163 4135 1578 4206 ἀπελαυνούσης
1652 4142 1760 4190 τῶν
1821 4138 2180 4214 ἀναγνωσμά-

534 4247 644 4283 των
671 4271 683 4284 .
721 4223 940 4282 Βιϐλίον
971 4223 1059 4279 ἐάν
1091 4245 1174 4288 τις
1216 4225 1364 4298 αύτῷ
1413 4226 1706 4300 χαρίσηται
1754 4233 1861 4281 τῶν
1908 4225 2177 4305 ἀδελφῶν,

538 4322 884 4388 παραχρῆμα
925 4317 1088 4367 τοῦτο
1133 4316 1448 4387 πιπράσκει,
1494 4323 1610 4376 τοὶς
1662 4313 2001 4387 ἐνδεομένοις
2033 4315 2088 4373 δὲ
2117 4322 2181 4376 τὸ

539 4403 761 4475 τίμημα
794 4400 1086 4472 διανέμων,
1120 4399 1389 4478 ἐπιλέγων
1419 4407 1580 4457 τοῦτο
1610 4409 1726 4465 τοῖς
1765 4404 2182 4481 ἐπισκήπτουσι,

543 4491 632 4544 διὰ
665 4492 712 4545 τί
741 4495 910 4545 ταῦτα
939 4488 1138 4557 πωλεῖ,
1185 4490 1266 4546 ὅτι
1320 4493 1487 4546 Πόθεν
1535 4490 1650 4567 ἕχω
1699 4516 1804 4566 μου
1857 4502 2038 4554 πεῖσαι
2086 4502 2178 4556 τὸν

545 4575 896 4644 διδασκαλον,
957 4575 1039 4630 ὅτι
1078 4577 1179 4646 τὴν
1224 4579 1426 4657 τέχνην
1475 4579 1639 4636 αὐτοῦ
1692 4583 1982 4656 μεμάθηκα
2031 4588 2182 4661 ἀκρι-

547 4665 680 4735 ϐῶς,
723 4667 809 4722 ἐὰν
847 4668 922 4740 μὴ
973 4664 1121 4738 αὐτῷ
1162 4666 1352 4742 ἐκείνῳ
1402 4673 1839 4746 καταχρήσωμαι
1872 4674 1946 4737 εἷς
1990 4677 2052 4730 τὸ
2085 4684 2186 4746 τῆς

545 4761 741 4834 τέχνης
792 4759 1161 4833 κατόρθωμα;
1196 4764 1251 4814 '0
1279 4757 1536 4822 ἀθάνατος
1569 4761 1726 4823 οὗτος
1773 4762 1825 4818 ἐν
1875 4765 2040 4840 ταύτῃ
2082 4788 2182 4821 παο

551 4849 806 4922 ραμείνας
835 4853 904 4922 τῇ
936 4849 1122 4925 πράξει
1156 4849 1286 4926 ἄχρι
1319 4856 1417 4918 τῆς
1459 4848 1614 4925 δεῦρο
1663 4851 1908 4915 ἀειθαλὲς
1960 4859 2184 4928 μνήμης

550 4939 726 5010 ὄνομα
782 4937 924 5012 πάσῃ
984 4942 1052 5012 τῇ
1111 4938 1374 5012 περιοίκῳ
1433 4939 1604 5013 ἐκείνῃ
1665 4940 1977 5013 κατέλιπεν,
2029 4946 2188 5009 αὐτὸς

547 5029 649 5097 τὴν
676 5026 894 5082 αἰώνιον
925 5029 1098 5104 χαρὰν
1132 5029 1182 5084 ἐν
1211 5034 1278 5103 τῇ
1328 5033 1434 5084 τῶν
1482 5030 1726 5106 οὐρανῶν
1770 5033 2022 5108 βασιλείᾳ
2070 5059 2189 5114 καρ-

551 5117 823 5190 πούμενος
855 5137 868 5150 °
927 5115 1332 5192 ἀπολαμϐάνων
1387 5124 1494 5174 τῶν
1550 5122 1826 5197 μακαρίων
1893 5127 2074 5183 πόνων
2127 5129 2194 5183 τά

552 5206 673 5279 ἄξια
732 5205 978 5262 ἔπαθλα·
1034 5213 1335 5271 πεινῶντας
1393 5211 1594 5284 θρέψας
1675 5211 1880 5281 ἐνθάδε,
1956 5219 2047 5272 καὶ
2101 5240 2196 5292 γυ-

558 5303 710 5370 μνοῖς
759 5293 1087 5371 περιϐόλαια
1136 5297 1529 5372 χαρισάμενος,
1561 5301 1674 5354 νυνὶ
1707 5305 1854 5376 παρά
1900 5309 1979 5376 τῷ
2028 5309 2194 5380 μισθ-

556 5382 801 5459 αποδότῃ
832 5389 938 5442 τῶν
987 5385 1170 5443 καλῶν
1213 5383 1381 5460 ἔργων
1427 5385 1782 5459 παντοδαπῆς
1825 5401 2032 5474 τρυφῆς
2065 5396 2197 5453 ἀπο-

561 5469 742 5529 λαύων
771 5519 784 5534 .

1133 5570 1366 5620 ΚΕΦΔΛ
1390 5606 1403 5623 .
1447 5567 1594 5640 νίς-⁸
1621 5612 1636 5629 ,

971 5652 1092 5712 Βίος
1121 5658 1217 5706 106
1249 5648 1389 5706 ἀϐϐἆ
1421 5656 1769 5730 Βησαρίωνος
1794 5703 1806 5719 .

639 5729 875 5805 Ἐγένετό
934 5760 1014 5800 τις
1065 5740 1237 5816 γέρων
1285 5742 1547 5816 ἀκτήμων
1581 5729 1678 5802 καὶ
1735 5751 2009 5828 ἐλεήμων.
2059 5753 2204 5814 ἀϐϐἆ

2257 1881 2313 1938 δέ
2343 1883 2473 1956 ἐμὸς
2502 1877 2738 1957 ἀδελφὸς
2771 1877 2934 1951 ψύχει
2964 1877 3373 1950 καταπήγνυται
3399 1894 3413 1946 ;
3448 1876 3515 1933 Εἴ
3544 1879 3733 1933 τοίνυν
3761 1878 3892 1935 ἐάσω

2255 1977 2445 2028 τοῦτον
2511 1972 2937 2043 λιποψυχῆσαι,
3008 1965 3234 2020 θανάτου
3301 1966 3515 2031 πάντως
3583 1967 3760 2032 αἴτιος
3825 1973 3895 2042 τῷ

2257 2063 2498 2131 πλησίον
2543 2061 2842 2137 γενήσομαι
2869 2099 2884 2116 .
2924 2057 2985 2112 Τί
3035 2058 3125 2112 οὗν
3158 2077 3174 2128 ;
3219 2054 3635 2131 ἀποδυσάμενος
3670 2063 3894 2136 μερίσω,

2258 2156 2350 2209 τὸν
2392 2157 2598 2228 χιτῶνα
2644 2151 2840 2222 κόψας,
2885 2147 2919 2215 ἤ
2972 2146 3035 2201 τὸ
3084 2152 3187 2201 πᾶν
3235 2150 3313 2218 τῷ
3363 2151 3483 2202 κατ¹
3529 2148 3711 2204 εἰκόνα
3768 2158 3899 2207 Θεοῦ

2264 2243 2424 2299 δώσω
2449 2262 2463 2312 ;
2494 2238 2669 2296 Ἀλλὰ
2698 2239 2749 2293 τί
2781 2233 3059 2312 χρήσιμον
3094 2236 3217 2309 ἐμοί
3247 2257 3305 2292 τε
3335 2237 3570 2311 κάκείνῳ
3599 2243 3662 2295 τὸ
3709 2244 3901 2321 σχιζά-

2270 2355 2426 2408 μενον
2486 2330 2689 2405 μέρος;
2752 2329 2849 2382 Καὶ
2899 2323 3191 2391 διακριθεὶς
3239 2324 3382 2405 ἔφη·
3437 2331 3530 2399 Μὴ
3581 2328 3768 2405 βλάϐη
3821 2357 3898 2397 τις

2265 2428 2421 2499 ἡμῖν,
2455 2422 2499 2477 εἷ
2529 2419 2696 2475 πλέον
2729 2418 3050 2490 ποιήσωμεν
3096 2423 3197 2486 τῆς
3241 2416 3466 2489 ἐντολῆς
3493 2442 3506 2490 ;
3547 2427 3843 2501 Τοιγαροῦν
3875 2429 3901 2479 ὁ

2265 2519 2476 2590 γεναῖος
2506 2512 2662 2574 οὗτος
2708 2507 2974 2577 ἀθλήσας,
3013 2508 3309 2582 προθύμως
3348 2509 3510 2565 καλεῖ
3538 2502 3632 2567 τὸν
3683 2519 3901 2591 πτωχόν

2270 2606 2346 2667 εἱς
2383 2606 2473 2660 τὸν
2524 2602 2769 2670 πυλῶνα,
2819 2601 2908 2654 καὶ
2953 2603 3144 2654 τοῦτον
3197 2597 3545 2675 ἐνδεδυμένον
3603 2605 3903 2679 ἀπολύσας,

2270 2696 2395 2768 ἔστη
2425 2697 2652 2772 γυμνὸς,
2685 2693 2870 2748 ἑαυτὸν
2900 2697 3019 2755 ταῖς
3053 2694 3212 2769 χερσὶ
3253 2697 3611 2769 περισκέπων,
3673 2700 3908 2763 ὀκλάσας

2271 2791 2360 2844 καὶ
2420 2786 2858 2858 ὑποκαθήμενος,
2917 2783 3077 2857 μόνον
3147 2777 3292 2858 ἔχων
3344 2786 3432 2838 τὸν
3498 2786 3907 2844 πλουσιοποιὸν

2274 2877 2435 2951 λόγον
2471 2876 2575 2931 ὑπὸ
2603 2875 2700 2943 τὴν
2727 2873 2907 2946 μάλην
2931 2917 2946 2933 .
2979 2874 3106 2928 Κατ’
3136 2871 3436 2947 οἰκονομίαν
3456 2872 3511 2930 δὲ
3538 2879 3742 2933 τούτου
3768 2900 3913 2954 παρ-

2280 2970 2457 3030 ιόντος
2488 2968 2514 3021 ὁ
2562 2967 2648 3022 ἐπὶ
2698 2973 2797 3035 τῆς
2848 2964 3070 3038 εἰρήνης
3118 2962 3322 3040 ἐπέγνω
3363 2970 3452 3024 τὸν
3500 2969 3758 3045 γέροντα.
3823 2970 3910 3035 καὶ

2278 3060 2412 3134 πρὸς
2443 3059 2532 3113 τὸν
2566 3055 2830 3132 ἐχόμενον
2877 3054 3174 3130 σύμμαχον
3225 3058 3376 3114 εἴπεο
3427 3058 3611 3116 Βλέπε
3657 3059 3770 3117 ἐκεῖ
3815 3063 3911 3116 οὐκ

2278 3144 2416 3203 ἔστιν
2464 3148 2491 3202 ὁ
2535 3146 2705 3222 γέρων
2765 3140 2907 3199 ἀϐϐἆ
2964 3144 3284 3218 Βησαρίων;
3342 3153 3440 3203 106
3499 3147 3556 3204 δὲ
3617 3153 3906 3228 φήσαντος,

2276 3238 2415 3295 Ναί·
2475 3231 2714 3298 καταϐὰς
2761 3233 2821 3290 ἐκ
2865 3232 2962 3289 106
2995 3234 3136 3302 ζώου
3191 3236 3430 3311 ταχέως,
3478 3240 3758 3312 ἠρώτησεν
3817 3242 3907 3294 τὸν

2277 3329 2454 3401 ἅγιον,
2486 3326 2569 3393 ὅτι
2599 3325 2688 3388 Τίς
2720 3346 2776 3380 σε
2809 3323 3044 3397 ἐξέδυσεν
3074 3344 3088 3395 ;
3138 3326 3195 3380 Ὀ
3222 3324 3279 3382 δέ
3309 3333 3377 3403 τῇ
3425 3327 3569 3401 δεξιᾷ
3617 3351 3912 3404 προσενεγ-

2278 3418 2386 3472 κὼν
2417 3418 2480 3471 τὸ
2523 3415 2878 3491 Εὑαγγέλιον,
2928 3413 3117 3484 Τοῦτο,
3166 3418 3347 3495 φησὶν,
3395 3417 3633 3491 ἐξέδυσέν
3669 3441 3735 3495 με
3762 3465 3774 3477 .
3807 3428 3914 3476 II:-

2280 3512 2545 3581 ραχρῆμα
2603 3503 2659 3559 δὲ
2714 3505 2777 3559 τὸ
2833 3505 3022 3558 ἑαυτοῦ
3079 3506 3303 3578 ἱμάτιον
3337 3509 3365 3562 ὁ
3398 3507 3486 3564 ἐπὶ
3544 3517 3644 3580 τῆς
3696 3511 3911 3584 εἰρήνης

2280 3593 2707 3668 ἀποδυσάμενος,
2739 3595 2828 3649 τὸν
2855 3594 3064 3650 τέλειον
3096 3596 3432 3671 στρατιώτην
3485 3597 3725 3655 ἐνέδυσεν
3758 3647 3771 3659 .
3823 3602 3912 3657 Καὶ

2280 3687 2499 3747 ἀπαθῶς
2532 3684 2761 3762 φορέσας
2790 3687 2888 3755 τὴν
2919 3685 2992 3748 ὡς
3037 3687 3232 3762 μικρὰν
3263 3686 3463 3758 ἐσθῆτα
3514 3694 3622 3745 τῶν
3660 3697 3908 3765 μοναχῶν

2280 3780 2376 3832 106
2406 3775 2616 3849 κόσμου
2648 3776 2992 3850 ἀνεχώρησεν
3025 3776 3258 3855 ἀφανὴς,
3287 3779 3484 3834 τούτου
3516 3781 3618 3847 τήν
3641 3781 3907 3835 πολιτείαν

2284 3867 2615 3941 ἑωρακότος,
2689 3865 2950 3921 ἐκκλίνων
3025 3867 3116 3921 τὸν
3176 3863 3409 3932 ἔπαινον,
3463 3871 3568 3938 τήν
3629 3873 3770 3945 παρὰ
3823 3877 3912 3926 τοῦ

2283 3959 2527 4034 κρυπτοῦ
2574 3959 2742 4032 τιμὴν
2793 3960 2820 4013 ὁ
2852 3959 3223 4036 κρυπτόμενος
3272 3960 3552 4033 ἀναμένων
3582 4006 3597 4018 .
3651 3967 3706 4018 Ὀ
3759 3961 3912 4022 αὐτός

2287 4048 2444 4110 οὗτος
2516 4047 2649 4120 μετά
2712 4048 2773 4101 τὸ
2839 4047 3254 4123 κατωρθωκέναι
3337 4056 3512 4106 πᾶσαν
3568 4051 3918 4128 εὐαγγελικην

2286 4137 2536 4208 ἐντολὴν,
2574 4134 2713 4210 μηδέ
2742 4132 2886 4213 ἔχων
2915 4143 3012 4193 106
3044 4139 3252 4213 κόσμου
3283 4141 3478 4196 τούτου
3509 4137 3587 4196 ἔτι
3638 4143 3772 4198 κατά
3810 4141 3925 4197 διά-

2285 4250 2454 4297 νοιαν,
2486 4229 2621 4302 πρὸς
2654 4226 3027 4302 ἐντελεστέραν
3058 4237 3158 4299 τῆς
3199 4230 3343 4294 θείας
3391 4231 3719 4311 ἀποφάσεως
3763 4234 3926 4310 ἔργα·

2291 4321 2432 4387 σίαν,
2462 4317 2512 4373 ἐν
2541 4317 2769 4393 παρόδῳ
2800 4321 3025 4395 πτωχὸν
3058 4322 3335 4396 ἑωρακὼς,
3369 4319 3651 4397 δρομαίως
3701 4324 3776 4385 εἷς
3827 4328 3923 4393 τὴν

2289 4409 2487 4484 ἀγορὰν
2516 4407 2782 4478 ἀπῆλθεν,
2815 4407 2934 4464 ἔνθα
2967 4413 3096 4473 στάς
3129 4411 3339 4486 ὀλίγον,
3369 4413 3538 4485 τόμον
3585 4413 3926 4489 Εύαγγελίου

2295 4495 2652 4573 διαπέπρακεν
2680 4542 2693 4555 .
2727 4500 2856 4553 Μεθ’
2888 4501 3097 4574 ἡμέρας
3140 4500 3234 4556 οὖν
3267 4504 3294 4556 ὁ
3329 4502 3418 4557 σὺν
3463 4503 3608 4572 αύτῷ
3648 4504 3932 4573 μαθητὴς,

2297 4583 2438 4642 ἀϐϐἆ
2496 4587 2702 4650 Δουλᾶς
2763 4588 3105 4664 λεγόμενος,
3161 4594 3438 4666 ἠρώτησεν
3490 4592 3580 4645 τὸν
3663 4592 3927 4668 γέροντα¹

2297 4677 2493 4754 λέγων,
2545 4678 2626 4734 ὅτι
2685 4677 2744 4732 Τί
2801 4681 3014 4755 γέγονεν
3067 4683 3129 4736 τὸ
3191 4685 3385 4757 μικρὸν
3443 4677 3686 4756 βιϐλίον,
3746 4678 3933 4748 ἓιϐϐἆ;

2295 4769 2428 4841 πρὸς
2487 4769 2545 4821 ὃν
2601 4767 2826 4842 ἡσύχως
2876 4771 2903 4822 ὁ
2955 4771 3129 4846 γέρων
3178 4773 3374 4846 σεμνὸν
3430 4773 3519 4828 καὶ
3577 4773 3932 4848 χαριέστατον

2295 4859 2446 4930 ῥῆμα
2486 4856 2606 4912 λίαν
2653 4856 2963 4935 ἐφθέγξατο,
3025 4864 3242 4934 φάσκων
3303 4863 3516 4925 οὕτως·
3578 4867 3670 4934 Μὴ
3733 4865 3935 4932 λυποῦ,

2296 4945 2529 5024 ἀδελφέ·
2563 4949 2650 5003 ἳνα
2680 4951 2783 5024 γὰρ
2833 4949 2944 5006 ἐκεῖ
2987 4953 3292 5028 παρῥησίαν
3341 4951 3582 5029 ἔχωμεν,
3641 4956 3802 5009 αὑτὸν
3847 4955 3932 5006 τὸν

2301 5035 2466 5110 λόγον
2501 5035 2762 5108 ἐπώλησα
2794 5036 2880 5093 διὰ
2911 5043 3010 5109 τὴν
3042 5041 3285 5111 ὑπακοὴν
3317 5044 3409 5097 τὸν
3441 5043 3523 5098 ἀεὶ
3561 5041 3796 5118 λέγοντά
3822 5062 3931 5114 μοι·

2300 5127 2567 5199 Πώλησόν
2600 5151 2694 5184 σου
2723 5132 2788 5185 τά
2820 5131 3158 5210 ὑπάρχοντα,
3190 5137 3280 5188 καὶ
3313 5131 3408 5197 δὸς
3445 5141 3704 5208 πτωχοῖς
3725 5179 3738 5191 .
3789 5134 3936 5188 Εὲσξν

2300 5219 2475 5276 δὲκαὶ
2507 5220 2672 5277 ἄλλαι
2704 5225 2923 5297 πράξεις
2965 5224 3292 5297 πάμπολλαι
3338 5226 3582 5301 ἐνάρεται
3632 5232 3729 5282 106
3781 5224 3940 5299 μεγά-

2302 5310 2402 5366 λου
2431 5310 2628 5366 τούτου
2664 5311 2869 5387 Πατρός
2897 5333 2908 5347 ο
2959 5316 3075 5386 μεθ’
3120 5312 3182 5368 06
3229 5315 3319 5368 καὶ
3371 5317 3536 5388 ἡμεῖς
3587 5315 3754 5390 μέρος
3797 5311 3930 5387 ἔχετε

2302 5399 2741 5475 καταξιωθῶμεν,
2777 5403 2965 5480 χάριτι
2997 5408 3095 5460 106
3125 5405 3369 5478 Χριστοῦ
3392 5448 3405 5462 .
3439 5405 3623 5477 ’Δμήν
3655 5449 3666 5461 .

2897 5537 3132 5587 ΚΕΦΑΛ
3158 5574 3171 5588 .
3216 5534 3345 5588 ΡΙΖ’
3368 5576 3383 5590 .

2898 5640 3028 5715 Περὶ
3067 5639 3328 5712 Μελάνης
3347 5681 3364 5700 .

2380 5767 2695 5843 Ἀναγκαῖον
2758 5765 2814 5826 δὲ
2873 5769 3174 5849 ἡγησάμην
3236 5767 3326 5825 καὶ
3375 5771 3645 5846 γυναικῶν
3697 5763 3952 5843 ἀνδρείων
