  <div class='ocr_page' id='page_1' title='image "/cluster/home/n/w/nwhite01/storage/ocr_20150623/34/hvd.32044073501835/620.png"; bbox 0 0 4078 6212; ppageno 0'>
   <div class='ocr_carea' id='block_1_1' title="bbox 178 369 329 429">
    <p class='ocr_par' dir='ltr' id='par_1_1' title="bbox 178 369 329 429">
     <span class='ocr_line' id='line_1_1' title="bbox 178 369 329 429; baseline -0.007 0"><span class='ocrx_word' id='word_1_1' title='bbox 178 369 329 429; x_wconf 72' lang='grc'>1221</span> 
     </span>
    </p>
   </div>
   <div class='ocr_carea' id='block_1_2' title="bbox 1530 369 2352 438">
    <p class='ocr_par' dir='ltr' id='par_1_2' title="bbox 1530 369 2352 438">
     <span class='ocr_line' id='line_1_2' title="bbox 1530 369 2352 438; baseline 0.006 -9"><span class='ocrx_word' id='word_1_2' title='bbox 1530 369 1897 433; x_wconf 80' lang='lat' dir='ltr'><strong>HISTORIA</strong></span> <span class='ocrx_word' id='word_1_3' title='bbox 1947 375 2352 438; x_wconf 73' lang='lat' dir='ltr'><strong>LAUSlACA.</strong></span> 
     </span>
    </p>
   </div>
   <div class='ocr_carea' id='block_1_3' title="bbox 3547 371 3702 431">
    <p class='ocr_par' dir='ltr' id='par_1_3' title="bbox 3547 371 3702 431">
     <span class='ocr_line' id='line_1_3' title="bbox 3547 371 3702 431; baseline -0.019 0"><span class='ocrx_word' id='word_1_4' title='bbox 3547 371 3702 431; x_wconf 70' lang='lat'><strong>1222</strong></span> 
     </span>
    </p>
   </div>
   <div class='ocr_carea' id='block_1_4' title="bbox 172 503 3702 581">
    <p class='ocr_par' dir='ltr' id='par_1_4' title="bbox 172 503 3702 581">
     <span class='ocr_line' id='line_1_4' title="bbox 172 503 3702 581; baseline 0.001 -23"><span class='ocrx_word' id='word_1_5' title='bbox 172 503 642 574; x_wconf 88' lang='lat' dir='ltr'><strong>intelligentibus</strong></span> <span class='ocrx_word' id='word_1_6' title='bbox 673 505 856 560; x_wconf 90' lang='lat' dir='ltr'><strong>oculis</strong></span> <span class='ocrx_word' id='word_1_7' title='bbox 889 505 1176 575; x_wconf 87' lang='lat' dir='ltr'><strong>aspiciunt</strong></span> <span class='ocrx_word' id='word_1_8' title='bbox 1208 510 1422 561; x_wconf 74' lang='lat' dir='ltr'><strong>aeterna</strong></span> <span class='ocrx_word' id='word_1_9' title='bbox 1450 507 1602 563; x_wconf 90' lang='lat' dir='ltr'><strong>bona</strong></span> <span class='ocrx_word' id='word_1_10' title='bbox 1624 525 1746 579; x_wconf 81' lang='lat' dir='ltr'><strong>quae</strong></span> <span class='ocrx_word' id='word_1_11' title='bbox 1791 527 1881 581; x_wconf 85' lang='lat' dir='ltr'><strong>pa-</strong></span> <span class='ocrx_word' id='word_1_12' title='bbox 1918 514 1966 578; x_wconf 79' lang='grc' dir='ltr'><strong>Α</strong></span> <span class='ocrx_word' id='word_1_13' title='bbox 2004 517 2286 569; x_wconf 89' lang='lat' dir='ltr'><strong>mentum.</strong></span> <span class='ocrx_word' id='word_1_14' title='bbox 2347 508 2604 565; x_wconf 82' lang='lat' dir='ltr'><strong>Habebat</strong></span> <span class='ocrx_word' id='word_1_15' title='bbox 2654 511 2847 563; x_wconf 89' lang='lat' dir='ltr'><strong>autem</strong></span> <span class='ocrx_word' id='word_1_16' title='bbox 2899 521 3129 577; x_wconf 84' lang='lat' dir='ltr'><strong>semper</strong></span> <span class='ocrx_word' id='word_1_17' title='bbox 3183 525 3414 581; x_wconf 90' lang='lat' dir='ltr'><strong>quoque</strong></span> <span class='ocrx_word' id='word_1_18' title='bbox 3461 525 3702 581; x_wconf 89' lang='lat' dir='ltr'><strong>parvum</strong></span> 
     </span>
    </p>
   </div>
   <div class='ocr_carea' id='block_1_5' title="bbox 177 594 899 666">
    <p class='ocr_par' dir='ltr' id='par_1_5' title="bbox 177 594 899 666">
     <span class='ocr_line' id='line_1_5' title="bbox 177 594 899 666; baseline 0.007 -18"><span class='ocrx_word' id='word_1_19' title='bbox 177 601 308 650; x_wconf 87' lang='lat' dir='ltr'><strong>rata</strong></span> <span class='ocrx_word' id='word_1_20' title='bbox 339 598 478 650; x_wconf 88' lang='lat' dir='ltr'><strong>sunt</strong></span> <span class='ocrx_word' id='word_1_21' title='bbox 504 611 536 648; x_wconf 91' lang='lat' dir='ltr'><strong>a</strong></span> <span class='ocrx_word' id='word_1_22' title='bbox 567 594 668 649; x_wconf 92' lang='lat' dir='ltr'><strong>Dei</strong></span> <span class='ocrx_word' id='word_1_23' title='bbox 700 595 899 666; x_wconf 79' lang='lat' dir='ltr'><strong>gloria.</strong></span> 
     </span>
    </p>
   </div>
   <div class='ocr_carea' id='block_1_6' title="bbox 822 685 1244 743">
    <p class='ocr_par' dir='ltr' id='par_1_6' title="bbox 822 685 1244 743">
     <span class='ocr_line' id='line_1_6' title="bbox 822 685 1244 743; baseline 0.002 -2"><span class='ocrx_word' id='word_1_24' title='bbox 822 685 1049 742; x_wconf 82' lang='lat' dir='ltr'>CAPUT</span> <span class='ocrx_word' id='word_1_25' title='bbox 1088 686 1244 743; x_wconf 86' lang='lat' dir='ltr'><strong>CXV.</strong></span> 
     </span>
    </p>
   </div>
   <div class='ocr_carea' id='block_1_7' title="bbox 661 776 1417 832">
    <p class='ocr_par' dir='ltr' id='par_1_7' title="bbox 661 776 1417 832">
     <span class='ocr_line' id='line_1_7' title="bbox 661 776 1417 832; baseline 0.003 -3"><span class='ocrx_word' id='word_1_26' title='bbox 661 776 774 829; x_wconf 76' lang='lat' dir='ltr'><strong>Vita</strong></span> <span class='ocrx_word' id='word_1_27' title='bbox 807 776 1113 832; x_wconf 80' lang='lat' dir='ltr'><strong>Eleemonis</strong></span> <span class='ocrx_word' id='word_1_28' title='bbox 1144 776 1417 831; x_wconf 80' lang='lat' dir='ltr'><strong>monachi.</strong></span> 
     </span>
    </p>
   </div>
   <div class='ocr_carea' id='block_1_8' title="bbox 254 863 1883 936">
    <p class='ocr_par' dir='ltr' id='par_1_8' title="bbox 254 863 1883 936">
     <span class='ocr_line' id='line_1_8' title="bbox 254 863 1883 936; baseline 0.002 -18"><span class='ocrx_word' id='word_1_29' title='bbox 254 863 527 919; x_wconf 83' lang='lat' dir='ltr'><strong>Vidimus</strong></span> <span class='ocrx_word' id='word_1_30' title='bbox 558 863 617 918; x_wconf 90' lang='lat' dir='ltr'><strong>in</strong></span> <span class='ocrx_word' id='word_1_31' title='bbox 648 865 756 919; x_wconf 87' lang='lat' dir='ltr'><strong>hac</strong></span> <span class='ocrx_word' id='word_1_32' title='bbox 791 865 1023 923; x_wconf 81' lang='lat' dir='ltr'><strong>civitate</strong></span> <span class='ocrx_word' id='word_1_33' title='bbox 1064 867 1439 931; x_wconf 89' lang='lat' dir='ltr'><strong>monachum,</strong></span> <span class='ocrx_word' id='word_1_34' title='bbox 1482 865 1580 936; x_wconf 91' lang='lat' dir='ltr'><strong>qui</strong></span> <span class='ocrx_word' id='word_1_35' title='bbox 1620 866 1883 923; x_wconf 82' lang='lat' dir='ltr'><strong>ordinem</strong></span> 
     </span>
    </p>
   </div>
   <div class='ocr_carea' id='block_1_9' title="bbox 177 954 1884 1026">
    <p class='ocr_par' dir='ltr' id='par_1_9' title="bbox 177 954 1884 1026">
     <span class='ocr_line' id='line_1_9' title="bbox 177 954 1884 1026; baseline 0.002 -17"><span class='ocrx_word' id='word_1_36' title='bbox 177 957 620 1026; x_wconf 84' lang='lat' dir='ltr'><strong>presbyteratus</strong></span> <span class='ocrx_word' id='word_1_37' title='bbox 650 955 944 1026; x_wconf 77' lang='lat' dir='ltr'><strong>suscipere</strong></span> <span class='ocrx_word' id='word_1_38' title='bbox 979 956 1276 1012; x_wconf 85' lang='lat' dir='ltr'><strong>recusavit.</strong></span> <span class='ocrx_word' id='word_1_39' title='bbox 1308 954 1559 1010; x_wconf 82' lang='lat' dir='ltr'><strong>Venerat</strong></span> <span class='ocrx_word' id='word_1_40' title='bbox 1586 961 1778 1011; x_wconf 90' lang='lat' dir='ltr'><strong>autem</strong></span> <span class='ocrx_word' id='word_1_41' title='bbox 1812 957 1884 1012; x_wconf 89' lang='lat' dir='ltr'><strong>ad</strong></span> 
     </span>
    </p>
   </div>
   <div class='ocr_carea' id='block_1_10' title="bbox 177 1043 1886 1116">
    <p class='ocr_par' dir='ltr' id='par_1_10' title="bbox 177 1043 1886 1116">
     <span class='ocr_line' id='line_1_10' title="bbox 177 1043 1886 1116; baseline 0.001 -17"><span class='ocrx_word' id='word_1_42' title='bbox 177 1044 295 1099; x_wconf 90' lang='lat' dir='ltr'><strong>tale</strong></span> <span class='ocrx_word' id='word_1_43' title='bbox 335 1043 694 1114; x_wconf 87' lang='lat' dir='ltr'><strong>propositum</strong></span> <span class='ocrx_word' id='word_1_44' title='bbox 747 1049 876 1115; x_wconf 91' lang='lat' dir='ltr'><strong>post</strong></span> <span class='ocrx_word' id='word_1_45' title='bbox 925 1045 1194 1100; x_wconf 78' lang='lat' dir='ltr'><strong>militiam</strong></span> <span class='ocrx_word' id='word_1_46' title='bbox 1245 1044 1436 1116; x_wconf 88' lang='lat' dir='ltr'><strong>exigiu</strong></span> <span class='ocrx_word' id='word_1_47' title='bbox 1487 1044 1788 1116; x_wconf 87' lang='lat' dir='ltr'><strong>temporis.</strong></span> <span class='ocrx_word' id='word_1_48' title='bbox 1832 1047 1886 1101; x_wconf 86' lang='lat' dir='ltr'><strong>Is</strong></span> 
     </span>
    </p>
   </div>
   <div class='ocr_carea' id='block_1_11' title="bbox 181 1133 1888 1206">
    <p class='ocr_par' dir='ltr' id='par_1_11' title="bbox 181 1133 1888 1206">
     <span class='ocr_line' id='line_1_11' title="bbox 181 1133 1888 1206; baseline -0.001 -17"><span class='ocrx_word' id='word_1_49' title='bbox 181 1133 531 1206; x_wconf 82' lang='lat' dir='ltr'><strong>vigesimum</strong></span> <span class='ocrx_word' id='word_1_50' title='bbox 563 1149 781 1189; x_wconf 88' lang='lat' dir='ltr'><strong>annum</strong></span> <span class='ocrx_word' id='word_1_51' title='bbox 815 1150 993 1205; x_wconf 90' lang='lat' dir='ltr'><strong>agens</strong></span> <span class='ocrx_word' id='word_1_52' title='bbox 1019 1134 1074 1189; x_wconf 93' lang='lat' dir='ltr'><strong>in</strong></span> <span class='ocrx_word' id='word_1_53' title='bbox 1102 1134 1527 1205; x_wconf 80' lang='lat' dir='ltr'><strong>exercitatione,</strong></span> <span class='ocrx_word' id='word_1_54' title='bbox 1551 1135 1660 1191; x_wconf 92' lang='lat' dir='ltr'><strong>hoc</strong></span> <span class='ocrx_word' id='word_1_55' title='bbox 1681 1134 1888 1190; x_wconf 84' lang='lat' dir='ltr'><strong>habuit</strong></span> 
     </span>
    </p>
   </div>
   <div class='ocr_carea' id='block_1_12' title="bbox 182 1221 1888 1294">
    <p class='ocr_par' dir='ltr' id='par_1_12' title="bbox 182 1221 1888 1294">
     <span class='ocr_line' id='line_1_12' title="bbox 182 1221 1888 1294; baseline 0.001 -15"><span class='ocrx_word' id='word_1_56' title='bbox 182 1223 313 1280; x_wconf 84' lang='lat' dir='ltr'><strong>vitae</strong></span> <span class='ocrx_word' id='word_1_57' title='bbox 344 1221 676 1277; x_wconf 87' lang='lat' dir='ltr'><strong>institutum</strong></span> <span class='ocrx_word' id='word_1_58' title='bbox 709 1225 774 1276; x_wconf 91' lang='lat' dir='ltr'><strong>ut</strong></span> <span class='ocrx_word' id='word_1_59' title='bbox 804 1227 1166 1292; x_wconf 83' lang='lat' dir='ltr'><strong>permaneret</strong></span> <span class='ocrx_word' id='word_1_60' title='bbox 1196 1222 1352 1293; x_wconf 89' lang='lat' dir='ltr'><strong>apud</strong></span> <span class='ocrx_word' id='word_1_61' title='bbox 1392 1223 1642 1279; x_wconf 82' lang='lat' dir='ltr'><strong>civitatis</strong></span> <span class='ocrx_word' id='word_1_62' title='bbox 1674 1222 1888 1294; x_wconf 88' lang='lat' dir='ltr'><strong>episco-</strong></span> 
     </span>
    </p>
   </div>
   <div class='ocr_carea' id='block_1_13' title="bbox 185 1311 1886 1384">
    <p class='ocr_par' dir='ltr' id='par_1_13' title="bbox 185 1311 1886 1384">
     <span class='ocr_line' id='line_1_13' title="bbox 185 1311 1886 1384; baseline 0.001 -17"><span class='ocrx_word' id='word_1_63' title='bbox 185 1328 328 1384; x_wconf 87' lang='lat' dir='ltr'><strong>pum</strong></span> <span class='ocrx_word' id='word_1_64' title='bbox 360 1311 543 1367; x_wconf 90' lang='lat' dir='ltr'><strong>virum</strong></span> <span class='ocrx_word' id='word_1_65' title='bbox 577 1311 1036 1367; x_wconf 88' lang='lat' dir='ltr'><strong>sanctissimum.</strong></span> <span class='ocrx_word' id='word_1_66' title='bbox 1072 1316 1167 1367; x_wconf 86' lang='lat' dir='ltr'><strong>Est</strong></span> <span class='ocrx_word' id='word_1_67' title='bbox 1200 1320 1392 1367; x_wconf 90' lang='lat' dir='ltr'><strong>autem</strong></span> <span class='ocrx_word' id='word_1_68' title='bbox 1424 1312 1564 1368; x_wconf 89' lang='lat' dir='ltr'><strong>adeo</strong></span> <span class='ocrx_word' id='word_1_69' title='bbox 1595 1313 1886 1384; x_wconf 90' lang='lat' dir='ltr'><strong>benignus</strong></span> 
     </span>
    </p>
   </div>
   <div class='ocr_carea' id='block_1_14' title="bbox 183 1401 1890 1470">
    <p class='ocr_par' dir='ltr' id='par_1_14' title="bbox 183 1401 1890 1470">
     <span class='ocr_line' id='line_1_14' title="bbox 183 1401 1890 1470; baseline -0.001 -12"><span class='ocrx_word' id='word_1_70' title='bbox 183 1406 241 1458; x_wconf 86' lang='lat' dir='ltr'><strong>et</strong></span> <span class='ocrx_word' id='word_1_71' title='bbox 273 1401 626 1468; x_wconf 84' lang='lat' dir='ltr'><strong>misericors,</strong></span> <span class='ocrx_word' id='word_1_72' title='bbox 661 1405 725 1457; x_wconf 89' lang='lat' dir='ltr'><strong>ut</strong></span> <span class='ocrx_word' id='word_1_73' title='bbox 755 1404 930 1457; x_wconf 90' lang='lat' dir='ltr'><strong>etiam</strong></span> <span class='ocrx_word' id='word_1_74' title='bbox 963 1403 1138 1458; x_wconf 88' lang='lat' dir='ltr'><strong>urbes</strong></span> <span class='ocrx_word' id='word_1_75' title='bbox 1169 1403 1506 1470; x_wconf 88' lang='lat' dir='ltr'><strong>circumeat,</strong></span> <span class='ocrx_word' id='word_1_76' title='bbox 1540 1406 1595 1457; x_wconf 91' lang='lat' dir='ltr'><strong>et</strong></span> <span class='ocrx_word' id='word_1_77' title='bbox 1627 1401 1890 1456; x_wconf 88' lang='lat' dir='ltr'><strong>miserea-</strong></span> 
     </span>
    </p>
   </div>
   <div class='ocr_carea' id='block_1_15' title="bbox 183 1490 1888 1563">
    <p class='ocr_par' dir='ltr' id='par_1_15' title="bbox 183 1490 1888 1563">
     <span class='ocr_line' id='line_1_15' title="bbox 183 1490 1888 1563; baseline 0.001 -18"><span class='ocrx_word' id='word_1_78' title='bbox 183 1495 282 1546; x_wconf 87' lang='lat' dir='ltr'><strong>tur</strong></span> <span class='ocrx_word' id='word_1_79' title='bbox 311 1507 509 1548; x_wconf 90' lang='lat' dir='ltr'><strong>eorum</strong></span> <span class='ocrx_word' id='word_1_80' title='bbox 543 1493 638 1561; x_wconf 87' lang='lat' dir='ltr'><strong>qui</strong></span> <span class='ocrx_word' id='word_1_81' title='bbox 671 1491 949 1562; x_wconf 88' lang='lat' dir='ltr'><strong>indigent.</strong></span> <span class='ocrx_word' id='word_1_82' title='bbox 984 1492 1038 1546; x_wconf 90' lang='lat' dir='ltr'><strong>Is</strong></span> <span class='ocrx_word' id='word_1_83' title='bbox 1088 1508 1204 1547; x_wconf 88' lang='lat' dir='ltr'><strong>non</strong></span> <span class='ocrx_word' id='word_1_84' title='bbox 1250 1490 1496 1563; x_wconf 87' lang='lat' dir='ltr'><strong>negligit</strong></span> <span class='ocrx_word' id='word_1_85' title='bbox 1542 1490 1888 1556; x_wconf 87' lang='lat' dir='ltr'><strong>custodiam,</strong></span> 
     </span>
    </p>
   </div>
   <div class='ocr_carea' id='block_1_16' title="bbox 184 1580 1886 1652">
    <p class='ocr_par' dir='ltr' id='par_1_16' title="bbox 184 1580 1886 1652">
     <span class='ocr_line' id='line_1_16' title="bbox 184 1580 1886 1652; baseline -0.001 -17"><span class='ocrx_word' id='word_1_86' title='bbox 184 1597 299 1636; x_wconf 89' lang='lat' dir='ltr'><strong>non</strong></span> <span class='ocrx_word' id='word_1_87' title='bbox 333 1581 754 1647; x_wconf 89' lang='lat' dir='ltr'><strong>nosocomium,</strong></span> <span class='ocrx_word' id='word_1_88' title='bbox 789 1598 902 1636; x_wconf 89' lang='lat' dir='ltr'><strong>non</strong></span> <span class='ocrx_word' id='word_1_89' title='bbox 948 1581 1268 1652; x_wconf 90' lang='lat' dir='ltr'><strong>ptochium,</strong></span> <span class='ocrx_word' id='word_1_90' title='bbox 1313 1597 1427 1636; x_wconf 90' lang='lat' dir='ltr'><strong>non</strong></span> <span class='ocrx_word' id='word_1_91' title='bbox 1474 1580 1730 1648; x_wconf 86' lang='lat' dir='ltr'><strong>divitem,</strong></span> <span class='ocrx_word' id='word_1_92' title='bbox 1773 1597 1886 1634; x_wconf 93' lang='lat' dir='ltr'><strong>non</strong></span> 
     </span>
    </p>
   </div>
   <div class='ocr_carea' id='block_1_17' title="bbox 182 1669 1890 1741">
    <p class='ocr_par' dir='ltr' id='par_1_17' title="bbox 182 1669 1890 1741">
     <span class='ocr_line' id='line_1_17' title="bbox 182 1669 1890 1741; baseline -0.002 -16"><span class='ocrx_word' id='word_1_93' title='bbox 182 1685 537 1741; x_wconf 87' lang='lat' dir='ltr'><strong>pauperem;</strong></span> <span class='ocrx_word' id='word_1_94' title='bbox 588 1670 689 1725; x_wconf 90' lang='lat' dir='ltr'><strong>sed</strong></span> <span class='ocrx_word' id='word_1_95' title='bbox 738 1669 844 1725; x_wconf 81' lang='lat' dir='ltr'><strong>fert</strong></span> <span class='ocrx_word' id='word_1_96' title='bbox 896 1686 1060 1741; x_wconf 89' lang='lat' dir='ltr'><strong>opem</strong></span> <span class='ocrx_word' id='word_1_97' title='bbox 1114 1670 1420 1726; x_wconf 90' lang='lat' dir='ltr'><strong>omnibus:</strong></span> <span class='ocrx_word' id='word_1_98' title='bbox 1475 1670 1628 1741; x_wconf 89' lang='lat' dir='ltr'><strong>apud</strong></span> <span class='ocrx_word' id='word_1_99' title='bbox 1683 1669 1890 1723; x_wconf 88' lang='lat' dir='ltr'><strong>divites</strong></span> 
     </span>
    </p>
   </div>
   <div class='ocr_carea' id='block_1_18' title="bbox 183 1759 1888 1829">
    <p class='ocr_par' dir='ltr' id='par_1_18' title="bbox 183 1759 1888 1829">
     <span class='ocr_line' id='line_1_18' title="bbox 183 1759 1888 1829; baseline 0.001 -17"><span class='ocrx_word' id='word_1_100' title='bbox 183 1759 444 1829; x_wconf 87' lang='lat' dir='ltr'><strong>quidem,</strong></span> <span class='ocrx_word' id='word_1_101' title='bbox 479 1763 542 1814; x_wconf 92' lang='lat' dir='ltr'><strong>ut</strong></span> <span class='ocrx_word' id='word_1_102' title='bbox 572 1759 830 1814; x_wconf 86' lang='lat' dir='ltr'><strong>immites</strong></span> <span class='ocrx_word' id='word_1_103' title='bbox 861 1764 916 1814; x_wconf 92' lang='lat' dir='ltr'><strong>et</strong></span> <span class='ocrx_word' id='word_1_104' title='bbox 944 1759 1453 1825; x_wconf 89' lang='lat' dir='ltr'><strong>immisericordes,</strong></span> <span class='ocrx_word' id='word_1_105' title='bbox 1476 1759 1650 1814; x_wconf 92' lang='lat' dir='ltr'><strong>verba</strong></span> <span class='ocrx_word' id='word_1_106' title='bbox 1673 1759 1888 1814; x_wconf 81' lang='lat' dir='ltr'><strong>faciens</strong></span> 
     </span>
    </p>
   </div>
   <div class='ocr_carea' id='block_1_19' title="bbox 184 1848 1888 1920">
    <p class='ocr_par' dir='ltr' id='par_1_19' title="bbox 184 1848 1888 1920">
     <span class='ocr_line' id='line_1_19' title="bbox 184 1848 1888 1920; baseline 0.001 -18"><span class='ocrx_word' id='word_1_107' title='bbox 184 1849 256 1902; x_wconf 90' lang='lat' dir='ltr'><strong>de</strong></span> <span class='ocrx_word' id='word_1_108' title='bbox 306 1849 722 1916; x_wconf 88' lang='lat' dir='ltr'><strong>misericordia,</strong></span> <span class='ocrx_word' id='word_1_109' title='bbox 773 1849 1088 1920; x_wconf 76' lang='lat' dir='ltr'><strong>unicuique</strong></span> <span class='ocrx_word' id='word_1_110' title='bbox 1129 1857 1319 1906; x_wconf 85' lang='lat' dir='ltr'><strong>autem</strong></span> <span class='ocrx_word' id='word_1_111' title='bbox 1373 1866 1439 1904; x_wconf 89' lang='lat' dir='ltr'><strong>ex</strong></span> <span class='ocrx_word' id='word_1_112' title='bbox 1490 1848 1888 1920; x_wconf 85' lang='lat' dir='ltr'><strong>indigentibus</strong></span> 
     </span>
    </p>
   </div>
   <div class='ocr_carea' id='block_1_20' title="bbox 184 1939 1886 2010">
    <p class='ocr_par' dir='ltr' id='par_1_20' title="bbox 184 1939 1886 2010">
     <span class='ocr_line' id='line_1_20' title="bbox 184 1939 1886 2010; baseline -0.001 -18"><span class='ocrx_word' id='word_1_113' title='bbox 184 1939 494 2008; x_wconf 89' lang='lat' dir='ltr'><strong>providens</strong></span> <span class='ocrx_word' id='word_1_114' title='bbox 526 1955 648 2009; x_wconf 80' lang='lat' dir='ltr'><strong>quae</strong></span> <span class='ocrx_word' id='word_1_115' title='bbox 683 1943 821 1994; x_wconf 90' lang='lat' dir='ltr'><strong>sunt</strong></span> <span class='ocrx_word' id='word_1_116' title='bbox 853 1939 1194 2004; x_wconf 86' lang='lat' dir='ltr'><strong>necessaria,</strong></span> <span class='ocrx_word' id='word_1_117' title='bbox 1226 1956 1324 1994; x_wconf 90' lang='lat' dir='ltr'><strong>eos</strong></span> <span class='ocrx_word' id='word_1_118' title='bbox 1359 1939 1454 2010; x_wconf 87' lang='lat' dir='ltr'><strong>qui</strong></span> <span class='ocrx_word' id='word_1_119' title='bbox 1491 1943 1754 2010; x_wconf 88' lang='lat' dir='ltr'><strong>pugnant</strong></span> <span class='ocrx_word' id='word_1_120' title='bbox 1787 1956 1886 2009; x_wconf 37' lang='lat' dir='ltr'><strong>pas</strong></span> 
     </span>
    </p>
   </div>
   <div class='ocr_carea' id='block_1_21' title="bbox 183 2027 1890 2099">
    <p class='ocr_par' dir='ltr' id='par_1_21' title="bbox 183 2027 1890 2099">
     <span class='ocr_line' id='line_1_21' title="bbox 183 2027 1890 2099; baseline -0.001 -15"><span class='ocrx_word' id='word_1_121' title='bbox 183 2027 448 2095; x_wconf 81' lang='lat' dir='ltr'><strong>cificans,</strong></span> <span class='ocrx_word' id='word_1_122' title='bbox 483 2028 652 2083; x_wconf 90' lang='lat' dir='ltr'><strong>nudis</strong></span> <span class='ocrx_word' id='word_1_123' title='bbox 685 2029 1064 2099; x_wconf 87' lang='lat' dir='ltr'><strong>suppeditans</strong></span> <span class='ocrx_word' id='word_1_124' title='bbox 1093 2027 1462 2094; x_wconf 86' lang='lat' dir='ltr'><strong>indumenta,</strong></span> <span class='ocrx_word' id='word_1_125' title='bbox 1496 2028 1724 2098; x_wconf 67' lang='lat' dir='ltr'><strong>aegrotis</strong></span> <span class='ocrx_word' id='word_1_126' title='bbox 1780 2042 1890 2082; x_wconf 88' lang='lat' dir='ltr'><strong>me-</strong></span> 
     </span>
    </p>
   </div>
   <div class='ocr_carea' id='block_1_22' title="bbox 183 2117 1892 2184">
    <p class='ocr_par' dir='ltr' id='par_1_22' title="bbox 183 2117 1892 2184">
     <span class='ocr_line' id='line_1_22' title="bbox 183 2117 1892 2184; baseline 0 -12"><span class='ocrx_word' id='word_1_127' title='bbox 183 2117 516 2175; x_wconf 86' lang='lat' dir='ltr'><strong>dicamenta</strong></span> <span class='ocrx_word' id='word_1_128' title='bbox 546 2119 793 2174; x_wconf 75' lang='lat' dir='ltr'><strong>efferens</strong></span> <span class='ocrx_word' id='word_1_129' title='bbox 825 2119 896 2174; x_wconf 92' lang='lat' dir='ltr'><strong>ad</strong></span> <span class='ocrx_word' id='word_1_130' title='bbox 929 2119 1318 2174; x_wconf 88' lang='lat' dir='ltr'><strong>curationem.</strong></span> <span class='ocrx_word' id='word_1_131' title='bbox 1343 2119 1501 2184; x_wconf 90' lang='lat' dir='ltr'><strong>Quod</strong></span> <span class='ocrx_word' id='word_1_132' title='bbox 1528 2123 1722 2173; x_wconf 89' lang='lat' dir='ltr'><strong>autem</strong></span> <span class='ocrx_word' id='word_1_133' title='bbox 1746 2118 1892 2173; x_wconf 91' lang='lat' dir='ltr'><strong>solet</strong></span> 
     </span>
    </p>
   </div>
   <div class='ocr_carea' id='block_1_23' title="bbox 189 2208 1891 2281">
    <p class='ocr_par' dir='ltr' id='par_1_23' title="bbox 189 2208 1891 2281">
     <span class='ocr_line' id='line_1_23' title="bbox 189 2208 1891 2281; baseline -0.001 -16"><span class='ocrx_word' id='word_1_134' title='bbox 189 2211 315 2265; x_wconf 84' lang='lat' dir='ltr'><strong>fieri</strong></span> <span class='ocrx_word' id='word_1_135' title='bbox 362 2210 416 2264; x_wconf 92' lang='lat' dir='ltr'><strong>in</strong></span> <span class='ocrx_word' id='word_1_136' title='bbox 470 2211 743 2267; x_wconf 91' lang='lat' dir='ltr'><strong>omnibus</strong></span> <span class='ocrx_word' id='word_1_137' title='bbox 785 2210 1010 2281; x_wconf 83' lang='lat' dir='ltr'><strong>magnis</strong></span> <span class='ocrx_word' id='word_1_138' title='bbox 1060 2208 1415 2275; x_wconf 85' lang='lat' dir='ltr'><strong>civitatibus,</strong></span> <span class='ocrx_word' id='word_1_139' title='bbox 1473 2209 1530 2264; x_wconf 92' lang='lat' dir='ltr'><strong>in</strong></span> <span class='ocrx_word' id='word_1_140' title='bbox 1563 2225 1628 2264; x_wconf 90' lang='lat' dir='ltr'><strong>ea</strong></span> <span class='ocrx_word' id='word_1_141' title='bbox 1660 2224 1891 2280; x_wconf 91' lang='lat' dir='ltr'><strong>quoque</strong></span> 
     </span>
    </p>
   </div>
   <div class='ocr_carea' id='block_1_24' title="bbox 193 2296 1892 2370">
    <p class='ocr_par' dir='ltr' id='par_1_24' title="bbox 193 2296 1892 2370">
     <span class='ocr_line' id='line_1_24' title="bbox 193 2296 1892 2370; baseline -0.001 -16"><span class='ocrx_word' id='word_1_142' title='bbox 193 2300 380 2368; x_wconf 84' lang='lat' dir='ltr'><strong>ﬁunt;</strong></span> <span class='ocrx_word' id='word_1_143' title='bbox 417 2301 474 2354; x_wconf 91' lang='lat' dir='ltr'><strong>in</strong></span> <span class='ocrx_word' id='word_1_144' title='bbox 508 2299 733 2370; x_wconf 86' lang='lat' dir='ltr'><strong>porticu</strong></span> <span class='ocrx_word' id='word_1_145' title='bbox 765 2299 922 2354; x_wconf 90' lang='lat' dir='ltr'><strong>enim</strong></span> <span class='ocrx_word' id='word_1_146' title='bbox 955 2296 1379 2368; x_wconf 64' lang='lat' dir='ltr'><strong>ecclesizejacet</strong></span> <span class='ocrx_word' id='word_1_147' title='bbox 1403 2297 1707 2353; x_wconf 88' lang='lat' dir='ltr'><strong>multitudo</strong></span> <span class='ocrx_word' id='word_1_148' title='bbox 1734 2314 1892 2353; x_wconf 92' lang='lat' dir='ltr'><strong>man-</strong></span> 
     </span>
    </p>
   </div>
   <div class='ocr_carea' id='block_1_25' title="bbox 190 2387 1893 2457">
    <p class='ocr_par' dir='ltr' id='par_1_25' title="bbox 190 2387 1893 2457">
     <span class='ocr_line' id='line_1_25' title="bbox 190 2387 1893 2457; baseline -0.002 -12"><span class='ocrx_word' id='word_1_149' title='bbox 190 2405 390 2445; x_wconf 90' lang='lat' dir='ltr'><strong>corum</strong></span> <span class='ocrx_word' id='word_1_150' title='bbox 423 2406 488 2444; x_wconf 89' lang='lat' dir='ltr'><strong>ac</strong></span> <span class='ocrx_word' id='word_1_151' title='bbox 523 2388 882 2456; x_wconf 89' lang='lat' dir='ltr'><strong>mutilorum,</strong></span> <span class='ocrx_word' id='word_1_152' title='bbox 917 2387 1326 2457; x_wconf 88' lang='lat' dir='ltr'><strong>quotidianum</strong></span> <span class='ocrx_word' id='word_1_153' title='bbox 1374 2387 1589 2443; x_wconf 89' lang='lat' dir='ltr'><strong>victum</strong></span> <span class='ocrx_word' id='word_1_154' title='bbox 1631 2388 1893 2442; x_wconf 90' lang='lat' dir='ltr'><strong>emendi-</strong></span> 
     </span>
    </p>
   </div>
   <div class='ocr_carea' id='block_1_26' title="bbox 193 2477 1889 2548">
    <p class='ocr_par' dir='ltr' id='par_1_26' title="bbox 193 2477 1889 2548">
     <span class='ocr_line' id='line_1_26' title="bbox 193 2477 1889 2548; baseline -0.001 -15"><span class='ocrx_word' id='word_1_155' title='bbox 193 2480 491 2545; x_wconf 88' lang='lat' dir='ltr'><strong>canlium;</strong></span> <span class='ocrx_word' id='word_1_156' title='bbox 541 2477 638 2547; x_wconf 91' lang='lat' dir='ltr'><strong>qui</strong></span> <span class='ocrx_word' id='word_1_157' title='bbox 670 2477 881 2548; x_wconf 88' lang='lat' dir='ltr'><strong>partim</strong></span> <span class='ocrx_word' id='word_1_158' title='bbox 915 2477 1150 2547; x_wconf 89' lang='lat' dir='ltr'><strong>quidem</strong></span> <span class='ocrx_word' id='word_1_159' title='bbox 1184 2494 1388 2533; x_wconf 87' lang='lat' dir='ltr'><strong>uxores</strong></span> <span class='ocrx_word' id='word_1_160' title='bbox 1422 2494 1533 2532; x_wconf 91' lang='lat' dir='ltr'><strong>non</strong></span> <span class='ocrx_word' id='word_1_161' title='bbox 1579 2477 1889 2543; x_wconf 88' lang='lat' dir='ltr'><strong>duxerunt,</strong></span> 
     </span>
    </p>
   </div>
   <div class='ocr_carea' id='block_1_27' title="bbox 187 2564 1894 2639">
    <p class='ocr_par' dir='ltr' id='par_1_27' title="bbox 187 2564 1894 2639">
     <span class='ocr_line' id='line_1_27' title="bbox 187 2564 1894 2639; baseline -0.001 -17"><span class='ocrx_word' id='word_1_162' title='bbox 187 2568 404 2639; x_wconf 82' lang='lat' dir='ltr'><strong>partim</strong></span> <span class='ocrx_word' id='word_1_163' title='bbox 437 2583 571 2621; x_wconf 88' lang='lat' dir='ltr'><strong>vero</strong></span> <span class='ocrx_word' id='word_1_164' title='bbox 602 2566 778 2621; x_wconf 89' lang='lat' dir='ltr'><strong>etiam</strong></span> <span class='ocrx_word' id='word_1_165' title='bbox 813 2564 1121 2621; x_wconf 87' lang='lat' dir='ltr'><strong>duxerunt.</strong></span> <span class='ocrx_word' id='word_1_166' title='bbox 1155 2567 1416 2632; x_wconf 89' lang='lat' dir='ltr'><strong>Quodam</strong></span> <span class='ocrx_word' id='word_1_167' title='bbox 1451 2582 1586 2638; x_wconf 89' lang='lat' dir='ltr'><strong>ergo</strong></span> <span class='ocrx_word' id='word_1_168' title='bbox 1617 2567 1709 2623; x_wconf 90' lang='lat' dir='ltr'><strong>die</strong></span> <span class='ocrx_word' id='word_1_169' title='bbox 1740 2565 1894 2622; x_wconf 89' lang='lat' dir='ltr'><strong>acci-</strong></span> 
     </span>
    </p>
   </div>
   <div class='ocr_carea' id='block_1_28' title="bbox 181 2656 1890 2728">
    <p class='ocr_par' dir='ltr' id='par_1_28' title="bbox 181 2656 1890 2728">
     <span class='ocr_line' id='line_1_28' title="bbox 181 2656 1890 2728; baseline -0.002 -14"><span class='ocrx_word' id='word_1_170' title='bbox 181 2657 272 2714; x_wconf 89' lang='lat' dir='ltr'><strong>dit</strong></span> <span class='ocrx_word' id='word_1_171' title='bbox 312 2662 379 2712; x_wconf 92' lang='lat' dir='ltr'><strong>ut</strong></span> <span class='ocrx_word' id='word_1_172' title='bbox 420 2657 593 2713; x_wconf 89' lang='lat' dir='ltr'><strong>unius</strong></span> <span class='ocrx_word' id='word_1_173' title='bbox 643 2657 844 2712; x_wconf 90' lang='lat' dir='ltr'><strong>horum</strong></span> <span class='ocrx_word' id='word_1_174' title='bbox 886 2672 1029 2711; x_wconf 86' lang='lat' dir='ltr'><strong>uxor</strong></span> <span class='ocrx_word' id='word_1_175' title='bbox 1069 2660 1293 2727; x_wconf 89' lang='lat' dir='ltr'><strong>pareret</strong></span> <span class='ocrx_word' id='word_1_176' title='bbox 1338 2657 1394 2711; x_wconf 92' lang='lat' dir='ltr'><strong>in</strong></span> <span class='ocrx_word' id='word_1_177' title='bbox 1442 2659 1688 2728; x_wconf 89' lang='lat' dir='ltr'><strong>porticu,</strong></span> <span class='ocrx_word' id='word_1_178' title='bbox 1735 2660 1792 2712; x_wconf 88' lang='lat' dir='ltr'><strong>et</strong></span> <span class='ocrx_word' id='word_1_179' title='bbox 1831 2656 1890 2711; x_wconf 89' lang='lat' dir='ltr'><strong>in</strong></span> 
     </span>
    </p>
   </div>
   <div class='ocr_carea' id='block_1_29' title="bbox 182 2743 1889 2819">
    <p class='ocr_par' dir='ltr' id='par_1_29' title="bbox 182 2743 1889 2819">
     <span class='ocr_line' id='line_1_29' title="bbox 182 2743 1889 2819; baseline -0.002 -17"><span class='ocrx_word' id='word_1_180' title='bbox 182 2749 313 2819; x_wconf 89' lang='lat' dir='ltr'><strong>ipsa</strong></span> <span class='ocrx_word' id='word_1_181' title='bbox 342 2747 560 2813; x_wconf 87' lang='lat' dir='ltr'><strong>hieme;</strong></span> <span class='ocrx_word' id='word_1_182' title='bbox 595 2761 662 2801; x_wconf 90' lang='lat' dir='ltr'><strong>ea</strong></span> <span class='ocrx_word' id='word_1_183' title='bbox 692 2762 828 2816; x_wconf 88' lang='lat' dir='ltr'><strong>ergo</strong></span> <span class='ocrx_word' id='word_1_184' title='bbox 853 2743 1144 2800; x_wconf 89' lang='lat' dir='ltr'><strong>clamante</strong></span> <span class='ocrx_word' id='word_1_185' title='bbox 1165 2762 1293 2801; x_wconf 91' lang='lat' dir='ltr'><strong>cum</strong></span> <span class='ocrx_word' id='word_1_186' title='bbox 1326 2747 1396 2801; x_wconf 92' lang='lat' dir='ltr'><strong>ab</strong></span> <span class='ocrx_word' id='word_1_187' title='bbox 1421 2745 1516 2802; x_wconf 92' lang='lat' dir='ltr'><strong>illo</strong></span> <span class='ocrx_word' id='word_1_188' title='bbox 1539 2744 1889 2801; x_wconf 85' lang='lat' dir='ltr'><strong>intolerabili</strong></span> 
     </span>
    </p>
   </div>
   <div class='ocr_carea' id='block_1_30' title="bbox 181 2833 1887 2908">
    <p class='ocr_par' dir='ltr' id='par_1_30' title="bbox 181 2833 1887 2908">
     <span class='ocr_line' id='line_1_30' title="bbox 181 2833 1887 2908; baseline 0 -18"><span class='ocrx_word' id='word_1_189' title='bbox 181 2836 382 2892; x_wconf 89' lang='lat' dir='ltr'><strong>dolore</strong></span> <span class='ocrx_word' id='word_1_190' title='bbox 448 2839 822 2908; x_wconf 87' lang='lat' dir='ltr'><strong>pungeretur,</strong></span> <span class='ocrx_word' id='word_1_191' title='bbox 881 2835 1106 2890; x_wconf 88' lang='lat' dir='ltr'><strong>audivit</strong></span> <span class='ocrx_word' id='word_1_192' title='bbox 1160 2833 1254 2890; x_wconf 91' lang='lat' dir='ltr'><strong>hic</strong></span> <span class='ocrx_word' id='word_1_193' title='bbox 1314 2836 1519 2891; x_wconf 90' lang='lat' dir='ltr'><strong>beatus</strong></span> <span class='ocrx_word' id='word_1_194' title='bbox 1578 2834 1887 2901; x_wconf 88' lang='lat' dir='ltr'><strong>ululatum,</strong></span> 
     </span>
    </p>
   </div>
   <div class='ocr_carea' id='block_1_31' title="bbox 176 2923 1892 2996">
    <p class='ocr_par' dir='ltr' id='par_1_31' title="bbox 176 2923 1892 2996">
     <span class='ocr_line' id='line_1_31' title="bbox 176 2923 1892 2996; baseline -0.001 -14"><span class='ocrx_word' id='word_1_195' title='bbox 176 2942 352 2982; x_wconf 86' lang='lat' dir='ltr'><strong>orans</strong></span> <span class='ocrx_word' id='word_1_196' title='bbox 385 2926 441 2980; x_wconf 92' lang='lat' dir='ltr'><strong>in</strong></span> <span class='ocrx_word' id='word_1_197' title='bbox 474 2923 756 2993; x_wconf 85' lang='lat' dir='ltr'><strong>ecclesia;</strong></span> <span class='ocrx_word' id='word_1_198' title='bbox 790 2927 847 2980; x_wconf 90' lang='lat' dir='ltr'><strong>et</strong></span> <span class='ocrx_word' id='word_1_199' title='bbox 876 2923 1092 2980; x_wconf 88' lang='lat' dir='ltr'><strong>relictis</strong></span> <span class='ocrx_word' id='word_1_200' title='bbox 1125 2925 1234 2981; x_wconf 87' lang='lat' dir='ltr'><strong>sibi</strong></span> <span class='ocrx_word' id='word_1_201' title='bbox 1267 2925 1556 2981; x_wconf 84' lang='lat' dir='ltr'><strong>consuetis</strong></span> <span class='ocrx_word' id='word_1_202' title='bbox 1589 2927 1892 2996; x_wconf 87' lang='lat' dir='ltr'><strong>precibus,</strong></span> 
     </span>
    </p>
   </div>
   <div class='ocr_carea' id='block_1_32' title="bbox 174 3013 1889 3088">
    <p class='ocr_par' dir='ltr' id='par_1_32' title="bbox 174 3013 1889 3088">
     <span class='ocr_line' id='line_1_32' title="bbox 174 3013 1889 3088; baseline -0.002 -16"><span class='ocrx_word' id='word_1_203' title='bbox 174 3030 452 3088; x_wconf 89' lang='lat' dir='ltr'><strong>egressus</strong></span> <span class='ocrx_word' id='word_1_204' title='bbox 482 3013 772 3086; x_wconf 84' lang='lat' dir='ltr'><strong>respexit;</strong></span> <span class='ocrx_word' id='word_1_205' title='bbox 815 3017 871 3069; x_wconf 89' lang='lat' dir='ltr'><strong>et</strong></span> <span class='ocrx_word' id='word_1_206' title='bbox 911 3029 1043 3069; x_wconf 89' lang='lat' dir='ltr'><strong>cum</strong></span> <span class='ocrx_word' id='word_1_207' title='bbox 1087 3013 1385 3070; x_wconf 89' lang='lat' dir='ltr'><strong>neminem</strong></span> <span class='ocrx_word' id='word_1_208' title='bbox 1430 3014 1755 3070; x_wconf 83' lang='lat' dir='ltr'><strong>invenisset</strong></span> <span class='ocrx_word' id='word_1_209' title='bbox 1787 3014 1889 3086; x_wconf 90' lang='lat' dir='ltr'><strong>qui</strong></span> 
     </span>
    </p>
   </div>
   <div class='ocr_carea' id='block_1_33' title="bbox 169 3103 1888 3174">
    <p class='ocr_par' dir='ltr' id='par_1_33' title="bbox 169 3103 1888 3174">
     <span class='ocr_line' id='line_1_33' title="bbox 169 3103 1888 3174; baseline -0.001 -13"><span class='ocrx_word' id='word_1_210' title='bbox 169 3105 260 3161; x_wconf 90' lang='lat' dir='ltr'><strong>illi</strong></span> <span class='ocrx_word' id='word_1_211' title='bbox 292 3106 520 3161; x_wconf 89' lang='lat' dir='ltr'><strong>adesset</strong></span> <span class='ocrx_word' id='word_1_212' title='bbox 550 3104 611 3159; x_wconf 92' lang='lat' dir='ltr'><strong>in</strong></span> <span class='ocrx_word' id='word_1_213' title='bbox 651 3103 758 3158; x_wconf 89' lang='lat' dir='ltr'><strong>hac</strong></span> <span class='ocrx_word' id='word_1_214' title='bbox 803 3103 1174 3170; x_wconf 87' lang='lat' dir='ltr'><strong>necessitate,</strong></span> <span class='ocrx_word' id='word_1_215' title='bbox 1228 3103 1352 3174; x_wconf 91' lang='lat' dir='ltr'><strong>ipse</strong></span> <span class='ocrx_word' id='word_1_216' title='bbox 1385 3103 1620 3159; x_wconf 82' lang='lat' dir='ltr'><strong>functus</strong></span> <span class='ocrx_word' id='word_1_217' title='bbox 1649 3107 1738 3159; x_wconf 90' lang='lat' dir='ltr'><strong>est</strong></span> <span class='ocrx_word' id='word_1_218' title='bbox 1766 3104 1888 3160; x_wconf 90' lang='lat' dir='ltr'><strong>vice</strong></span> 
     </span>
    </p>
   </div>
   <div class='ocr_carea' id='block_1_34' title="bbox 174 3192 1890 3266">
    <p class='ocr_par' dir='ltr' id='par_1_34' title="bbox 174 3192 1890 3266">
     <span class='ocr_line' id='line_1_34' title="bbox 174 3192 1890 3266; baseline -0.003 -13"><span class='ocrx_word' id='word_1_219' title='bbox 174 3195 528 3260; x_wconf 85' lang='lat' dir='ltr'><strong>obstetricis,</strong></span> <span class='ocrx_word' id='word_1_220' title='bbox 561 3210 678 3250; x_wconf 90' lang='lat' dir='ltr'><strong>non</strong></span> <span class='ocrx_word' id='word_1_221' title='bbox 715 3193 1035 3248; x_wconf 86' lang='lat' dir='ltr'><strong>abhorrens</strong></span> <span class='ocrx_word' id='word_1_222' title='bbox 1067 3192 1364 3248; x_wconf 85' lang='lat' dir='ltr'><strong>fastidium</strong></span> <span class='ocrx_word' id='word_1_223' title='bbox 1410 3194 1562 3263; x_wconf 89' lang='lat' dir='ltr'><strong>quod</strong></span> <span class='ocrx_word' id='word_1_224' title='bbox 1597 3195 1890 3266; x_wconf 86' lang='lat' dir='ltr'><strong>consequi-</strong></span> 
     </span>
    </p>
   </div>
   <div class='ocr_carea' id='block_1_35' title="bbox 173 3282 1889 3354">
    <p class='ocr_par' dir='ltr' id='par_1_35' title="bbox 173 3282 1889 3354">
     <span class='ocr_line' id='line_1_35' title="bbox 173 3282 1889 3354; baseline -0.001 -11"><span class='ocrx_word' id='word_1_225' title='bbox 173 3292 274 3343; x_wconf 91' lang='lat' dir='ltr'><strong>tur</strong></span> <span class='ocrx_word' id='word_1_226' title='bbox 307 3285 582 3341; x_wconf 89' lang='lat' dir='ltr'><strong>mulieres</strong></span> <span class='ocrx_word' id='word_1_227' title='bbox 615 3282 929 3354; x_wconf 88' lang='lat' dir='ltr'><strong>parientes,</strong></span> <span class='ocrx_word' id='word_1_228' title='bbox 963 3282 1277 3339; x_wconf 88' lang='lat' dir='ltr'><strong>mulierum</strong></span> <span class='ocrx_word' id='word_1_229' title='bbox 1300 3282 1815 3339; x_wconf 84' lang='lat' dir='ltr'><strong>insensibilitalem</strong></span> <span class='ocrx_word' id='word_1_230' title='bbox 1837 3284 1889 3341; x_wconf 89' lang='lat' dir='ltr'><strong>ei</strong></span> 
     </span>
    </p>
   </div>
   <div class='ocr_carea' id='block_1_36' title="bbox 174 3371 1889 3447">
    <p class='ocr_par' dir='ltr' id='par_1_36' title="bbox 174 3371 1889 3447">
     <span class='ocr_line' id='line_1_36' title="bbox 174 3371 1889 3447; baseline -0.002 -15"><span class='ocrx_word' id='word_1_231' title='bbox 174 3376 464 3447; x_wconf 88' lang='lat' dir='ltr'><strong>fargiente</strong></span> <span class='ocrx_word' id='word_1_232' title='bbox 527 3373 635 3428; x_wconf 88' lang='lat' dir='ltr'><strong>hac</strong></span> <span class='ocrx_word' id='word_1_233' title='bbox 718 3371 1178 3443; x_wconf 85' lang='lat' dir='ltr'><strong>profundissima</strong></span> <span class='ocrx_word' id='word_1_234' title='bbox 1245 3371 1629 3442; x_wconf 88' lang='lat' dir='ltr'><strong>eleemosyna.</strong></span> <span class='ocrx_word' id='word_1_235' title='bbox 1701 3375 1889 3444; x_wconf 88' lang='lat' dir='ltr'><strong>Atque</strong></span> 
     </span>
    </p>
   </div>
   <div class='ocr_carea' id='block_1_37' title="bbox 178 3461 1890 3534">
    <p class='ocr_par' dir='ltr' id='par_1_37' title="bbox 178 3461 1890 3534">
     <span class='ocr_line' id='line_1_37' title="bbox 178 3461 1890 3534; baseline -0.002 -13"><span class='ocrx_word' id='word_1_236' title='bbox 178 3463 429 3522; x_wconf 80' lang='lat' dir='ltr'><strong>vestium</strong></span> <span class='ocrx_word' id='word_1_237' title='bbox 463 3461 701 3532; x_wconf 87' lang='lat' dir='ltr'><strong>quidem</strong></span> <span class='ocrx_word' id='word_1_238' title='bbox 733 3461 944 3531; x_wconf 89' lang='lat' dir='ltr'><strong>quibus</strong></span> <span class='ocrx_word' id='word_1_239' title='bbox 980 3465 1066 3516; x_wconf 90' lang='lat' dir='ltr'><strong>est</strong></span> <span class='ocrx_word' id='word_1_240' title='bbox 1100 3462 1341 3517; x_wconf 90' lang='lat' dir='ltr'><strong>indutus</strong></span> <span class='ocrx_word' id='word_1_241' title='bbox 1373 3461 1624 3534; x_wconf 87' lang='lat' dir='ltr'><strong>pretium</strong></span> <span class='ocrx_word' id='word_1_242' title='bbox 1655 3478 1770 3518; x_wconf 90' lang='lat' dir='ltr'><strong>non</strong></span> <span class='ocrx_word' id='word_1_243' title='bbox 1803 3467 1890 3518; x_wconf 88' lang='lat' dir='ltr'><strong>est</strong></span> 
     </span>
    </p>
   </div>
   <div class='ocr_carea' id='block_1_38' title="bbox 177 3556 1884 3625">
    <p class='ocr_par' dir='ltr' id='par_1_38' title="bbox 177 3556 1884 3625">
     <span class='ocr_line' id='line_1_38' title="bbox 177 3556 1884 3625; baseline -0.002 -10"><span class='ocrx_word' id='word_1_244' title='bbox 177 3559 358 3615; x_wconf 88' lang='lat' dir='ltr'><strong>unius</strong></span> <span class='ocrx_word' id='word_1_245' title='bbox 389 3556 574 3625; x_wconf 89' lang='lat' dir='ltr'><strong>oboli;</strong></span> <span class='ocrx_word' id='word_1_246' title='bbox 619 3557 786 3612; x_wconf 89' lang='lat' dir='ltr'><strong>cibus</strong></span> <span class='ocrx_word' id='word_1_247' title='bbox 827 3562 1021 3612; x_wconf 88' lang='lat' dir='ltr'><strong>autem</strong></span> <span class='ocrx_word' id='word_1_248' title='bbox 1072 3556 1369 3612; x_wconf 88' lang='lat' dir='ltr'><strong>contendit</strong></span> <span class='ocrx_word' id='word_1_249' title='bbox 1410 3573 1540 3612; x_wconf 91' lang='lat' dir='ltr'><strong>cum</strong></span> <span class='ocrx_word' id='word_1_250' title='bbox 1577 3557 1836 3612; x_wconf 86' lang='lat' dir='ltr'><strong>vestibus</strong></span> <span class='ocrx_word' id='word_1_251' title='bbox 1871 3572 1884 3611; x_wconf 91' lang='lat'><strong>:</strong></span> 
     </span>
    </p>
   </div>
   <div class='ocr_carea' id='block_1_39' title="bbox 175 3645 1888 3712">
    <p class='ocr_par' dir='ltr' id='par_1_39' title="bbox 175 3645 1888 3712">
     <span class='ocr_line' id='line_1_39' title="bbox 175 3645 1888 3712; baseline 0 -9"><span class='ocrx_word' id='word_1_252' title='bbox 175 3647 373 3705; x_wconf 92' lang='lat' dir='ltr'><strong>libello</strong></span> <span class='ocrx_word' id='word_1_253' title='bbox 401 3654 592 3702; x_wconf 86' lang='lat' dir='ltr'><strong>autem</strong></span> <span class='ocrx_word' id='word_1_254' title='bbox 637 3663 752 3701; x_wconf 92' lang='lat' dir='ltr'><strong>non</strong></span> <span class='ocrx_word' id='word_1_255' title='bbox 800 3646 1050 3701; x_wconf 85' lang='lat' dir='ltr'><strong>sustinet</strong></span> <span class='ocrx_word' id='word_1_256' title='bbox 1090 3646 1450 3712; x_wconf 89' lang='lat' dir='ltr'><strong>incumbere,</strong></span> <span class='ocrx_word' id='word_1_257' title='bbox 1479 3665 1508 3701; x_wconf 88' lang='lat' dir='ltr'><strong>a</strong></span> <span class='ocrx_word' id='word_1_258' title='bbox 1537 3645 1888 3703; x_wconf 89' lang='lat' dir='ltr'><strong>lectionibus</strong></span> 
     </span>
    </p>
   </div>
   <div class='ocr_carea' id='block_1_40' title="bbox 177 3734 1890 3808">
    <p class='ocr_par' dir='ltr' id='par_1_40' title="bbox 177 3734 1890 3808">
     <span class='ocr_line' id='line_1_40' title="bbox 177 3734 1890 3808; baseline -0.003 -13"><span class='ocrx_word' id='word_1_259' title='bbox 177 3755 308 3795; x_wconf 91' lang='lat' dir='ltr'><strong>eum</strong></span> <span class='ocrx_word' id='word_1_260' title='bbox 343 3738 666 3793; x_wconf 86' lang='lat' dir='ltr'><strong>abducente</strong></span> <span class='ocrx_word' id='word_1_261' title='bbox 697 3734 1026 3792; x_wconf 89' lang='lat' dir='ltr'><strong>clementia.</strong></span> <span class='ocrx_word' id='word_1_262' title='bbox 1062 3736 1121 3792; x_wconf 93' lang='lat' dir='ltr'><strong>Si</strong></span> <span class='ocrx_word' id='word_1_263' title='bbox 1154 3736 1284 3808; x_wconf 86' lang='lat' dir='ltr'><strong>quis</strong></span> <span class='ocrx_word' id='word_1_264' title='bbox 1319 3752 1418 3792; x_wconf 90' lang='lat' dir='ltr'><strong>sex</strong></span> <span class='ocrx_word' id='word_1_265' title='bbox 1453 3737 1725 3792; x_wconf 84' lang='lat' dir='ltr'><strong>fratribus</strong></span> <span class='ocrx_word' id='word_1_266' title='bbox 1757 3738 1805 3792; x_wconf 90' lang='lat' dir='ltr'><strong>ei</strong></span> <span class='ocrx_word' id='word_1_267' title='bbox 1827 3737 1890 3791; x_wconf 88' lang='lat' dir='ltr'><strong>li-</strong></span> 
     </span>
    </p>
   </div>
   <div class='ocr_carea' id='block_1_41' title="bbox 181 3826 1893 3892">
    <p class='ocr_par' dir='ltr' id='par_1_41' title="bbox 181 3826 1893 3892">
     <span class='ocr_line' id='line_1_41' title="bbox 181 3826 1893 3892; baseline -0.003 -5"><span class='ocrx_word' id='word_1_268' title='bbox 181 3832 354 3887; x_wconf 91' lang='lat' dir='ltr'><strong>brum</strong></span> <span class='ocrx_word' id='word_1_269' title='bbox 411 3826 733 3892; x_wconf 88' lang='lat' dir='ltr'><strong>donaverit,</strong></span> <span class='ocrx_word' id='word_1_270' title='bbox 785 3843 917 3882; x_wconf 89' lang='lat' dir='ltr'><strong>eum</strong></span> <span class='ocrx_word' id='word_1_271' title='bbox 969 3827 1170 3882; x_wconf 87' lang='lat' dir='ltr'><strong>statim</strong></span> <span class='ocrx_word' id='word_1_272' title='bbox 1231 3827 1446 3892; x_wconf 90' lang='lat' dir='ltr'><strong>vendit,</strong></span> <span class='ocrx_word' id='word_1_273' title='bbox 1492 3831 1548 3882; x_wconf 90' lang='lat' dir='ltr'><strong>et</strong></span> <span class='ocrx_word' id='word_1_274' title='bbox 1591 3827 1893 3882; x_wconf 88' lang='lat' dir='ltr'><strong>distribuit</strong></span> 
     </span>
    </p>
   </div>
   <div class='ocr_carea' id='block_1_42' title="bbox 185 3914 1892 3991">
    <p class='ocr_par' dir='ltr' id='par_1_42' title="bbox 185 3914 1892 3991">
     <span class='ocr_line' id='line_1_42' title="bbox 185 3914 1892 3991; baseline -0.002 -17"><span class='ocrx_word' id='word_1_275' title='bbox 185 3917 556 3991; x_wconf 84' lang='lat' dir='ltr'><strong>pauperibus.</strong></span> <span class='ocrx_word' id='word_1_276' title='bbox 594 3916 669 3971; x_wconf 90' lang='lat' dir='ltr'><strong>Iis</strong></span> <span class='ocrx_word' id='word_1_277' title='bbox 702 3923 894 3971; x_wconf 84' lang='lat' dir='ltr'><strong>autem</strong></span> <span class='ocrx_word' id='word_1_278' title='bbox 927 3915 1028 3985; x_wconf 87' lang='lat' dir='ltr'><strong>qui</strong></span> <span class='ocrx_word' id='word_1_279' title='bbox 1073 3914 1560 3970; x_wconf 89' lang='lat' dir='ltr'><strong>sciscitabantur:</strong></span> <span class='ocrx_word' id='word_1_280' title='bbox 1600 3915 1713 3969; x_wconf 90' lang='lat' dir='ltr'><strong>Cur</strong></span> <span class='ocrx_word' id='word_1_281' title='bbox 1772 3915 1892 3970; x_wconf 62' lang='lat' dir='ltr'><strong>haec</strong></span> 
     </span>
    </p>
   </div>
   <div class='ocr_carea' id='block_1_43' title="bbox 183 4003 1891 4075">
    <p class='ocr_par' dir='ltr' id='par_1_43' title="bbox 183 4003 1891 4075">
     <span class='ocr_line' id='line_1_43' title="bbox 183 4003 1891 4075; baseline -0.003 -12"><span class='ocrx_word' id='word_1_282' title='bbox 183 4006 435 4063; x_wconf 83' lang='lat' dir='ltr'><strong>vendis?</strong></span> <span class='ocrx_word' id='word_1_283' title='bbox 466 4005 694 4060; x_wconf 89' lang='lat' dir='ltr'><strong>dicebat</strong></span> <span class='ocrx_word' id='word_1_284' title='bbox 729 4021 740 4059; x_wconf 90' lang='lat'><strong>:</strong></span> <span class='ocrx_word' id='word_1_285' title='bbox 777 4004 881 4069; x_wconf 89' lang='lat' dir='ltr'><strong>Qui</strong></span> <span class='ocrx_word' id='word_1_286' title='bbox 923 4019 1160 4074; x_wconf 89' lang='lat' dir='ltr'><strong>possum</strong></span> <span class='ocrx_word' id='word_1_287' title='bbox 1196 4019 1320 4058; x_wconf 92' lang='lat' dir='ltr'><strong>meo</strong></span> <span class='ocrx_word' id='word_1_288' title='bbox 1353 4003 1700 4072; x_wconf 89' lang='lat' dir='ltr'><strong>persuadere</strong></span> <span class='ocrx_word' id='word_1_289' title='bbox 1735 4004 1891 4075; x_wconf 89' lang='lat' dir='ltr'><strong>magi</strong></span> 
     </span>
    </p>
   </div>
   <div class='ocr_carea' id='block_1_44' title="bbox 181 4093 1892 4166">
    <p class='ocr_par' dir='ltr' id='par_1_44' title="bbox 181 4093 1892 4166">
     <span class='ocr_line' id='line_1_44' title="bbox 181 4093 1892 4166; baseline 0 -14"><span class='ocrx_word' id='word_1_290' title='bbox 181 4103 301 4152; x_wconf 88' lang='lat' dir='ltr'><strong>stro</strong></span> <span class='ocrx_word' id='word_1_291' title='bbox 334 4112 425 4151; x_wconf 89' lang='lat' dir='ltr'><strong>me</strong></span> <span class='ocrx_word' id='word_1_292' title='bbox 454 4097 582 4166; x_wconf 88' lang='lat' dir='ltr'><strong>ejus</strong></span> <span class='ocrx_word' id='word_1_293' title='bbox 615 4098 797 4151; x_wconf 87' lang='lat' dir='ltr'><strong>artem</strong></span> <span class='ocrx_word' id='word_1_294' title='bbox 832 4099 1097 4150; x_wconf 88' lang='lat' dir='ltr'><strong>accuarte</strong></span> <span class='ocrx_word' id='word_1_295' title='bbox 1143 4094 1444 4156; x_wconf 85' lang='lat' dir='ltr'><strong>didicisse,</strong></span> <span class='ocrx_word' id='word_1_296' title='bbox 1487 4093 1598 4149; x_wconf 88' lang='lat' dir='ltr'><strong>nisi</strong></span> <span class='ocrx_word' id='word_1_297' title='bbox 1635 4095 1734 4150; x_wconf 93' lang='lat' dir='ltr'><strong>illo</strong></span> <span class='ocrx_word' id='word_1_298' title='bbox 1766 4095 1892 4166; x_wconf 91' lang='lat' dir='ltr'><strong>ipso</strong></span> 
     </span>
    </p>
   </div>
   <div class='ocr_carea' id='block_1_45' title="bbox 183 4183 1890 4241">
    <p class='ocr_par' dir='ltr' id='par_1_45' title="bbox 183 4183 1890 4241">
     <span class='ocr_line' id='line_1_45' title="bbox 183 4183 1890 4241; baseline -0.001 0"><span class='ocrx_word' id='word_1_299' title='bbox 183 4201 328 4241; x_wconf 88' lang='lat' dir='ltr'><strong>usus</strong></span> <span class='ocrx_word' id='word_1_300' title='bbox 363 4186 521 4240; x_wconf 87' lang='lat' dir='ltr'><strong>fuero</strong></span> <span class='ocrx_word' id='word_1_301' title='bbox 564 4184 635 4238; x_wconf 90' lang='lat' dir='ltr'><strong>ad</strong></span> <span class='ocrx_word' id='word_1_302' title='bbox 688 4188 871 4239; x_wconf 90' lang='lat' dir='ltr'><strong>artem</strong></span> <span class='ocrx_word' id='word_1_303' title='bbox 913 4187 1064 4239; x_wconf 88' lang='lat' dir='ltr'><strong>recte</strong></span> <span class='ocrx_word' id='word_1_304' title='bbox 1104 4183 1484 4239; x_wconf 87' lang='lat' dir='ltr'><strong>exercendam</strong></span> <span class='ocrx_word' id='word_1_305' title='bbox 1520 4187 1534 4220; x_wconf 83' lang='grc'>¹</span> <span class='ocrx_word' id='word_1_306' title='bbox 1569 4183 1596 4237; x_wconf 86' lang='lat'><strong>?</strong></span> <span class='ocrx_word' id='word_1_307' title='bbox 1641 4183 1742 4239; x_wconf 87' lang='lat' dir='ltr'><strong>Hic</strong></span> <span class='ocrx_word' id='word_1_308' title='bbox 1781 4185 1890 4240; x_wconf 85' lang='lat' dir='ltr'><strong>im-</strong></span> 
     </span>
    </p>
   </div>
   <div class='ocr_carea' id='block_1_46' title="bbox 183 4271 1890 4343">
    <p class='ocr_par' dir='ltr' id='par_1_46' title="bbox 183 4271 1890 4343">
     <span class='ocr_line' id='line_1_46' title="bbox 183 4271 1890 4343; baseline -0.001 -13"><span class='ocrx_word' id='word_1_309' title='bbox 183 4273 452 4330; x_wconf 88' lang='lat' dir='ltr'><strong>mortalis</strong></span> <span class='ocrx_word' id='word_1_310' title='bbox 481 4287 617 4329; x_wconf 89' lang='lat' dir='ltr'><strong>cum</strong></span> <span class='ocrx_word' id='word_1_311' title='bbox 643 4271 701 4327; x_wconf 90' lang='lat' dir='ltr'><strong>in</strong></span> <span class='ocrx_word' id='word_1_312' title='bbox 732 4272 839 4329; x_wconf 89' lang='lat' dir='ltr'><strong>hac</strong></span> <span class='ocrx_word' id='word_1_313' title='bbox 870 4272 1098 4327; x_wconf 84' lang='lat' dir='ltr'><strong>actione</strong></span> <span class='ocrx_word' id='word_1_314' title='bbox 1130 4271 1436 4343; x_wconf 89' lang='lat' dir='ltr'><strong>hucusque</strong></span> <span class='ocrx_word' id='word_1_315' title='bbox 1458 4273 1890 4343; x_wconf 88' lang='lat' dir='ltr'><strong>permansisset,</strong></span> 
     </span>
    </p>
   </div>
   <div class='ocr_carea' id='block_1_47' title="bbox 190 4359 1892 4435">
    <p class='ocr_par' dir='ltr' id='par_1_47' title="bbox 190 4359 1892 4435">
     <span class='ocr_line' id='line_1_47' title="bbox 190 4359 1892 4435; baseline -0.001 -17"><span class='ocrx_word' id='word_1_316' title='bbox 190 4366 472 4435; x_wconf 86' lang='lat' dir='ltr'><strong>perpetuo</strong></span> <span class='ocrx_word' id='word_1_317' title='bbox 497 4361 829 4433; x_wconf 87' lang='lat' dir='ltr'><strong>germinans</strong></span> <span class='ocrx_word' id='word_1_318' title='bbox 855 4359 1142 4416; x_wconf 85' lang='lat' dir='ltr'><strong>memoriae</strong></span> <span class='ocrx_word' id='word_1_319' title='bbox 1167 4375 1374 4416; x_wconf 88' lang='lat' dir='ltr'><strong>nomen</strong></span> <span class='ocrx_word' id='word_1_320' title='bbox 1400 4361 1638 4433; x_wconf 88' lang='lat' dir='ltr'><strong>reliquit</strong></span> <span class='ocrx_word' id='word_1_321' title='bbox 1659 4361 1745 4416; x_wconf 91' lang='lat' dir='ltr'><strong>illi</strong></span> <span class='ocrx_word' id='word_1_322' title='bbox 1766 4378 1892 4432; x_wconf 60' lang='lat' dir='ltr'><strong>quas</strong></span> 
     </span>
    </p>
   </div>
   <div class='ocr_carea' id='block_1_48' title="bbox 181 4449 1893 4523">
    <p class='ocr_par' dir='ltr' id='par_1_48' title="bbox 181 4449 1893 4523">
     <span class='ocr_line' id='line_1_48' title="bbox 181 4449 1893 4523; baseline -0.001 -15"><span class='ocrx_word' id='word_1_323' title='bbox 181 4454 272 4508; x_wconf 90' lang='lat' dir='ltr'><strong>est</strong></span> <span class='ocrx_word' id='word_1_324' title='bbox 303 4449 680 4506; x_wconf 90' lang='lat' dir='ltr'><strong>circumcirca</strong></span> <span class='ocrx_word' id='word_1_325' title='bbox 736 4449 977 4520; x_wconf 89' lang='lat' dir='ltr'><strong>regioni.</strong></span> <span class='ocrx_word' id='word_1_326' title='bbox 1024 4451 1150 4520; x_wconf 92' lang='lat' dir='ltr'><strong>lpse</strong></span> <span class='ocrx_word' id='word_1_327' title='bbox 1189 4449 1384 4504; x_wconf 89' lang='lat' dir='ltr'><strong>fruens</strong></span> <span class='ocrx_word' id='word_1_328' title='bbox 1420 4455 1634 4506; x_wconf 70' lang='lat' dir='ltr'><strong>aeterno</strong></span> <span class='ocrx_word' id='word_1_329' title='bbox 1680 4451 1893 4523; x_wconf 90' lang='lat' dir='ltr'><strong>gaudio</strong></span> 
     </span>
    </p>
   </div>
   <div class='ocr_carea' id='block_1_49' title="bbox 185 4538 1894 4611">
    <p class='ocr_par' dir='ltr' id='par_1_49' title="bbox 185 4538 1894 4611">
     <span class='ocr_line' id='line_1_49' title="bbox 185 4538 1894 4611; baseline 0.001 -16"><span class='ocrx_word' id='word_1_330' title='bbox 185 4540 246 4596; x_wconf 90' lang='lat' dir='ltr'><strong>in</strong></span> <span class='ocrx_word' id='word_1_331' title='bbox 298 4555 471 4610; x_wconf 86' lang='lat' dir='ltr'><strong>regno</strong></span> <span class='ocrx_word' id='word_1_332' title='bbox 516 4538 818 4606; x_wconf 65' lang='lat' dir='ltr'><strong>caelorum,</strong></span> <span class='ocrx_word' id='word_1_333' title='bbox 866 4539 1150 4610; x_wconf 89' lang='lat' dir='ltr'><strong>recipiens</strong></span> <span class='ocrx_word' id='word_1_334' title='bbox 1200 4539 1370 4608; x_wconf 89' lang='lat' dir='ltr'><strong>digna</strong></span> <span class='ocrx_word' id='word_1_335' title='bbox 1425 4539 1658 4611; x_wconf 82' lang='lat' dir='ltr'><strong>praemia</strong></span> <span class='ocrx_word' id='word_1_336' title='bbox 1710 4540 1894 4596; x_wconf 89' lang='lat' dir='ltr'><strong>beatis</strong></span> 
     </span>
    </p>
   </div>
   <div class='ocr_carea' id='block_1_50' title="bbox 1994 598 3704 674">
    <p class='ocr_par' dir='ltr' id='par_1_50' title="bbox 1994 598 3704 674">
     <span class='ocr_line' id='line_1_50' title="bbox 1994 598 3704 674; baseline -0.002 -16"><span class='ocrx_word' id='word_1_337' title='bbox 1994 602 2373 674; x_wconf 87' lang='lat' dir='ltr'><strong>Evangelium</strong></span> <span class='ocrx_word' id='word_1_338' title='bbox 2408 599 2734 670; x_wconf 78' lang='lat' dir='ltr'><strong>sub&#39;axilla,</strong></span> <span class='ocrx_word' id='word_1_339' title='bbox 2770 602 2869 653; x_wconf 89' lang='lat' dir='ltr'><strong>aut</strong></span> <span class='ocrx_word' id='word_1_340' title='bbox 2901 599 2971 653; x_wconf 91' lang='lat' dir='ltr'><strong>ad</strong></span> <span class='ocrx_word' id='word_1_341' title='bbox 2996 598 3089 654; x_wconf 90' lang='lat' dir='ltr'><strong>sui</strong></span> <span class='ocrx_word' id='word_1_342' title='bbox 3121 600 3449 656; x_wconf 81' lang='lat' dir='ltr'><strong>faciendum</strong></span> <span class='ocrx_word' id='word_1_343' title='bbox 3483 599 3704 672; x_wconf 88' lang='lat' dir='ltr'><strong>pericu-</strong></span> 
     </span>
    </p>
   </div>
   <div class='ocr_carea' id='block_1_51' title="bbox 1993 690 3703 763">
    <p class='ocr_par' dir='ltr' id='par_1_51' title="bbox 1993 690 3703 763">
     <span class='ocr_line' id='line_1_51' title="bbox 1993 690 3703 763; baseline -0.001 -16"><span class='ocrx_word' id='word_1_344' title='bbox 1993 693 2116 749; x_wconf 92' lang='lat' dir='ltr'><strong>lum</strong></span> <span class='ocrx_word' id='word_1_345' title='bbox 2149 709 2290 748; x_wconf 90' lang='lat' dir='ltr'><strong>num</strong></span> <span class='ocrx_word' id='word_1_346' title='bbox 2325 695 2599 763; x_wconf 89' lang='lat' dir='ltr'><strong>perpetuo</strong></span> <span class='ocrx_word' id='word_1_347' title='bbox 2631 690 2753 748; x_wconf 91' lang='lat' dir='ltr'><strong>voci</strong></span> <span class='ocrx_word' id='word_1_348' title='bbox 2791 690 3011 747; x_wconf 89' lang='lat' dir='ltr'><strong>Domini</strong></span> <span class='ocrx_word' id='word_1_349' title='bbox 3053 690 3328 762; x_wconf 89' lang='lat' dir='ltr'><strong>obediret,</strong></span> <span class='ocrx_word' id='word_1_350' title='bbox 3369 695 3470 748; x_wconf 89' lang='lat' dir='ltr'><strong>aut</strong></span> <span class='ocrx_word' id='word_1_351' title='bbox 3508 691 3703 763; x_wconf 88' lang='lat' dir='ltr'><strong>potius</strong></span> 
     </span>
    </p>
   </div>
   <div class='ocr_carea' id='block_1_52' title="bbox 1994 781 3703 854">
    <p class='ocr_par' dir='ltr' id='par_1_52' title="bbox 1994 781 3703 854">
     <span class='ocr_line' id='line_1_52' title="bbox 1994 781 3703 854; baseline -0.001 -16"><span class='ocrx_word' id='word_1_352' title='bbox 1994 788 2232 854; x_wconf 88' lang='lat' dir='ltr'><strong>gestans</strong></span> <span class='ocrx_word' id='word_1_353' title='bbox 2267 798 2594 839; x_wconf 88' lang='lat' dir='ltr'><strong>sermonem</strong></span> <span class='ocrx_word' id='word_1_354' title='bbox 2639 797 2812 852; x_wconf 90' lang='lat' dir='ltr'><strong>quem</strong></span> <span class='ocrx_word' id='word_1_355' title='bbox 2855 790 2975 838; x_wconf 87' lang='lat' dir='ltr'><strong>erat</strong></span> <span class='ocrx_word' id='word_1_356' title='bbox 3011 797 3183 853; x_wconf 89' lang='lat' dir='ltr'><strong>opere</strong></span> <span class='ocrx_word' id='word_1_357' title='bbox 3229 786 3522 840; x_wconf 88' lang='lat' dir='ltr'><strong>executus.</strong></span> <span class='ocrx_word' id='word_1_358' title='bbox 3561 781 3703 838; x_wconf 89' lang='lat' dir='ltr'><strong>Tam</strong></span> 
     </span>
    </p>
   </div>
   <div class='ocr_carea' id='block_1_53' title="bbox 1996 867 3702 939">
    <p class='ocr_par' dir='ltr' id='par_1_53' title="bbox 1996 867 3702 939">
     <span class='ocr_line' id='line_1_53' title="bbox 1996 867 3702 939; baseline -0.001 -15"><span class='ocrx_word' id='word_1_359' title='bbox 1996 868 2321 925; x_wconf 89' lang='lat' dir='ltr'><strong>admirabili</strong></span> <span class='ocrx_word' id='word_1_360' title='bbox 2364 869 2520 924; x_wconf 90' lang='lat' dir='ltr'><strong>enim</strong></span> <span class='ocrx_word' id='word_1_361' title='bbox 2552 869 2672 924; x_wconf 88' lang='lat' dir='ltr'><strong>vita</strong></span> <span class='ocrx_word' id='word_1_362' title='bbox 2703 884 2842 924; x_wconf 88' lang='lat' dir='ltr'><strong>usus</strong></span> <span class='ocrx_word' id='word_1_363' title='bbox 2867 873 2955 924; x_wconf 85' lang='lat' dir='ltr'><strong>est</strong></span> <span class='ocrx_word' id='word_1_364' title='bbox 2982 868 3076 924; x_wconf 91' lang='lat' dir='ltr'><strong>hic</strong></span> <span class='ocrx_word' id='word_1_365' title='bbox 3107 869 3212 939; x_wconf 91' lang='lat' dir='ltr'><strong>vir,</strong></span> <span class='ocrx_word' id='word_1_366' title='bbox 3244 873 3300 925; x_wconf 91' lang='lat' dir='ltr'><strong>et</strong></span> <span class='ocrx_word' id='word_1_367' title='bbox 3341 869 3487 926; x_wconf 89' lang='lat' dir='ltr'><strong>citra</strong></span> <span class='ocrx_word' id='word_1_368' title='bbox 3517 867 3702 924; x_wconf 89' lang='lat' dir='ltr'><strong>ullum</strong></span> 
     </span>
    </p>
   </div>
   <div class='ocr_carea' id='block_1_54' title="bbox 1995 958 3706 1032">
    <p class='ocr_par' dir='ltr' id='par_1_54' title="bbox 1995 958 3706 1032">
     <span class='ocr_line' id='line_1_54' title="bbox 1995 958 3706 1032; baseline -0.002 -18"><span class='ocrx_word' id='word_1_369' title='bbox 1995 960 2269 1026; x_wconf 90' lang='lat' dir='ltr'><strong>dedecus,</strong></span> <span class='ocrx_word' id='word_1_370' title='bbox 2305 964 2365 1014; x_wconf 88' lang='lat' dir='ltr'><strong>ut</strong></span> <span class='ocrx_word' id='word_1_371' title='bbox 2396 959 2634 1030; x_wconf 89' lang='lat' dir='ltr'><strong>perinde</strong></span> <span class='ocrx_word' id='word_1_372' title='bbox 2667 975 2732 1014; x_wconf 89' lang='lat' dir='ltr'><strong>ac</strong></span> <span class='ocrx_word' id='word_1_373' title='bbox 2756 960 3048 1016; x_wconf 89' lang='lat' dir='ltr'><strong>terrestris</strong></span> <span class='ocrx_word' id='word_1_374' title='bbox 3071 959 3315 1032; x_wconf 89' lang='lat' dir='ltr'><strong>angelus</strong></span> <span class='ocrx_word' id='word_1_375' title='bbox 3340 959 3574 1017; x_wconf 73' lang='lat' dir='ltr'><strong>cmleste</strong></span> <span class='ocrx_word' id='word_1_376' title='bbox 3595 958 3706 1014; x_wconf 84' lang='lat' dir='ltr'><strong>iter</strong></span> 
     </span>
    </p>
   </div>
   <div class='ocr_carea' id='block_1_55' title="bbox 1995 1047 3698 1122">
    <p class='ocr_par' dir='ltr' id='par_1_55' title="bbox 1995 1047 3698 1122">
     <span class='ocr_line' id='line_1_55' title="bbox 1995 1047 3698 1122; baseline 0 -20"><span class='ocrx_word' id='word_1_377' title='bbox 1995 1047 2250 1120; x_wconf 85' lang='lat' dir='ltr'><strong>legitime</strong></span> <span class='ocrx_word' id='word_1_378' title='bbox 2291 1048 2593 1120; x_wconf 88' lang='lat' dir='ltr'><strong>peregerit.</strong></span> <span class='ocrx_word' id='word_1_379' title='bbox 2628 1047 2734 1103; x_wconf 90' lang='lat' dir='ltr'><strong>Hie</strong></span> <span class='ocrx_word' id='word_1_380' title='bbox 2779 1065 2914 1120; x_wconf 91' lang='lat' dir='ltr'><strong>ergo</strong></span> <span class='ocrx_word' id='word_1_381' title='bbox 2960 1065 3093 1104; x_wconf 91' lang='lat' dir='ltr'><strong>cum</strong></span> <span class='ocrx_word' id='word_1_382' title='bbox 3124 1048 3360 1106; x_wconf 87' lang='lat' dir='ltr'><strong>vidisset</strong></span> <span class='ocrx_word' id='word_1_383' title='bbox 3393 1047 3698 1122; x_wconf 83' lang='lat' dir='ltr'><strong>reliquias,</strong></span> 
     </span>
    </p>
   </div>
   <div class='ocr_carea' id='block_1_56' title="bbox 1996 1137 3700 1209">
    <p class='ocr_par' dir='ltr' id='par_1_56' title="bbox 1996 1137 3700 1209">
     <span class='ocr_line' id='line_1_56' title="bbox 1996 1137 3700 1209; baseline -0.001 -16"><span class='ocrx_word' id='word_1_384' title='bbox 1996 1154 2059 1193; x_wconf 89' lang='lat' dir='ltr'><strong>se</strong></span> <span class='ocrx_word' id='word_1_385' title='bbox 2107 1138 2370 1209; x_wconf 88' lang='lat' dir='ltr'><strong>protinus</strong></span> <span class='ocrx_word' id='word_1_386' title='bbox 2415 1153 2632 1194; x_wconf 87' lang='lat' dir='ltr'><strong>exuens</strong></span> <span class='ocrx_word' id='word_1_387' title='bbox 2668 1137 3155 1207; x_wconf 87' lang='lat' dir='ltr'><strong>superhumerali,</strong></span> <span class='ocrx_word' id='word_1_388' title='bbox 3206 1153 3271 1193; x_wconf 92' lang='lat' dir='ltr'><strong>eo</strong></span> <span class='ocrx_word' id='word_1_389' title='bbox 3307 1139 3498 1194; x_wconf 89' lang='lat' dir='ltr'><strong>induit</strong></span> <span class='ocrx_word' id='word_1_390' title='bbox 3545 1154 3700 1194; x_wconf 81' lang='lat' dir='ltr'><strong>mor-</strong></span> 
     </span>
    </p>
   </div>
   <div class='ocr_carea' id='block_1_57' title="bbox 1997 1228 3702 1298">
    <p class='ocr_par' dir='ltr' id='par_1_57' title="bbox 1997 1228 3702 1298">
     <span class='ocr_line' id='line_1_57' title="bbox 1997 1228 3702 1298; baseline 0 -16"><span class='ocrx_word' id='word_1_391' title='bbox 1997 1235 2182 1283; x_wconf 91' lang='lat' dir='ltr'><strong>tuum.</strong></span> <span class='ocrx_word' id='word_1_392' title='bbox 2235 1228 2304 1283; x_wconf 89' lang='lat' dir='ltr'><strong>Et</strong></span> <span class='ocrx_word' id='word_1_393' title='bbox 2359 1243 2566 1283; x_wconf 83' lang='lat' dir='ltr'><strong>rursus</strong></span> <span class='ocrx_word' id='word_1_394' title='bbox 2635 1243 2769 1282; x_wconf 91' lang='lat' dir='ltr'><strong>cum</strong></span> <span class='ocrx_word' id='word_1_395' title='bbox 2830 1243 3030 1298; x_wconf 90' lang='lat' dir='ltr'><strong>parum</strong></span> <span class='ocrx_word' id='word_1_396' title='bbox 3082 1229 3486 1298; x_wconf 80' lang='lat' dir='ltr'><strong>processisset,</strong></span> <span class='ocrx_word' id='word_1_397' title='bbox 3545 1230 3702 1284; x_wconf 85' lang='lat' dir='ltr'><strong>nudo</strong></span> 
     </span>
    </p>
   </div>
   <div class='ocr_carea' id='block_1_58' title="bbox 1999 1316 3700 1388">
    <p class='ocr_par' dir='ltr' id='par_1_58' title="bbox 1999 1316 3700 1388">
     <span class='ocr_line' id='line_1_58' title="bbox 1999 1316 3700 1388; baseline 0 -16"><span class='ocrx_word' id='word_1_398' title='bbox 1999 1318 2190 1388; x_wconf 87' lang='lat' dir='ltr'><strong>egenti</strong></span> <span class='ocrx_word' id='word_1_399' title='bbox 2235 1317 2507 1386; x_wconf 89' lang='lat' dir='ltr'><strong>occurrit,</strong></span> <span class='ocrx_word' id='word_1_400' title='bbox 2549 1321 2605 1372; x_wconf 89' lang='lat' dir='ltr'><strong>et</strong></span> <span class='ocrx_word' id='word_1_401' title='bbox 2651 1317 2809 1372; x_wconf 89' lang='lat' dir='ltr'><strong>stetit</strong></span> <span class='ocrx_word' id='word_1_402' title='bbox 2850 1318 3002 1388; x_wconf 92' lang='lat' dir='ltr'><strong>apud</strong></span> <span class='ocrx_word' id='word_1_403' title='bbox 3037 1333 3095 1372; x_wconf 91' lang='lat' dir='ltr'><strong>se</strong></span> <span class='ocrx_word' id='word_1_404' title='bbox 3131 1316 3484 1387; x_wconf 85' lang='lat' dir='ltr'><strong>disceptans,</strong></span> <span class='ocrx_word' id='word_1_405' title='bbox 3526 1325 3578 1372; x_wconf 91' lang='lat' dir='ltr'><strong>et</strong></span> <span class='ocrx_word' id='word_1_406' title='bbox 3616 1319 3700 1373; x_wconf 88' lang='lat' dir='ltr'><strong>sic</strong></span> 
     </span>
    </p>
   </div>
   <div class='ocr_carea' id='block_1_59' title="bbox 1999 1405 3704 1477">
    <p class='ocr_par' dir='ltr' id='par_1_59' title="bbox 1999 1405 3704 1477">
     <span class='ocr_line' id='line_1_59' title="bbox 1999 1405 3704 1477; baseline 0 -16"><span class='ocrx_word' id='word_1_407' title='bbox 1999 1407 2352 1462; x_wconf 89' lang='lat' dir='ltr'><strong>ratiocinans</strong></span> <span class='ocrx_word' id='word_1_408' title='bbox 2387 1423 2399 1458; x_wconf 87' lang='lat'>:</span> <span class='ocrx_word' id='word_1_409' title='bbox 2442 1407 2737 1468; x_wconf 89' lang='lat' dir='ltr'><strong>Quomodo</strong></span> <span class='ocrx_word' id='word_1_410' title='bbox 2777 1421 2880 1477; x_wconf 89' lang='lat' dir='ltr'><strong>ego</strong></span> <span class='ocrx_word' id='word_1_411' title='bbox 2911 1405 3170 1476; x_wconf 89' lang='lat' dir='ltr'><strong>quidem,</strong></span> <span class='ocrx_word' id='word_1_412' title='bbox 3214 1406 3312 1477; x_wconf 91' lang='lat' dir='ltr'><strong>qui</strong></span> <span class='ocrx_word' id='word_1_413' title='bbox 3353 1405 3572 1462; x_wconf 89' lang='lat' dir='ltr'><strong>mundo</strong></span> <span class='ocrx_word' id='word_1_414' title='bbox 3618 1421 3704 1461; x_wconf 84' lang='lat' dir='ltr'><strong>re-</strong></span> 
     </span>
    </p>
   </div>
   <div class='ocr_carea' id='block_1_60' title="bbox 2001 1498 3705 1569">
    <p class='ocr_par' dir='ltr' id='par_1_60' title="bbox 2001 1498 3705 1569">
     <span class='ocr_line' id='line_1_60' title="bbox 2001 1498 3705 1569; baseline 0.001 -16"><span class='ocrx_word' id='word_1_415' title='bbox 2001 1499 2282 1565; x_wconf 89' lang='lat' dir='ltr'><strong>nuntiavi,</strong></span> <span class='ocrx_word' id='word_1_416' title='bbox 2336 1501 2496 1554; x_wconf 88' lang='lat' dir='ltr'><strong>veste</strong></span> <span class='ocrx_word' id='word_1_417' title='bbox 2546 1498 2777 1567; x_wconf 90' lang='lat' dir='ltr'><strong>induor,</strong></span> <span class='ocrx_word' id='word_1_418' title='bbox 2827 1499 3003 1553; x_wconf 87' lang='lat' dir='ltr'><strong>frater</strong></span> <span class='ocrx_word' id='word_1_419' title='bbox 3052 1502 3246 1552; x_wconf 90' lang='lat' dir='ltr'><strong>autem</strong></span> <span class='ocrx_word' id='word_1_420' title='bbox 3294 1513 3459 1554; x_wconf 90' lang='lat' dir='ltr'><strong>meus</strong></span> <span class='ocrx_word' id='word_1_421' title='bbox 3509 1498 3705 1569; x_wconf 79' lang='lat' dir='ltr'><strong>algore</strong></span> 
     </span>
    </p>
   </div>
   <div class='ocr_carea' id='block_1_61' title="bbox 1999 1587 3704 1657">
    <p class='ocr_par' dir='ltr' id='par_1_61' title="bbox 1999 1587 3704 1657">
     <span class='ocr_line' id='line_1_61' title="bbox 1999 1587 3704 1657; baseline -0.001 -13"><span class='ocrx_word' id='word_1_422' title='bbox 1999 1588 2366 1644; x_wconf 65' lang='lat' dir='ltr'><strong>concrescit?</strong></span> <span class='ocrx_word' id='word_1_423' title='bbox 2409 1589 2458 1642; x_wconf 91' lang='lat' dir='ltr'><strong>si</strong></span> <span class='ocrx_word' id='word_1_424' title='bbox 2490 1603 2626 1657; x_wconf 85' lang='lat' dir='ltr'><strong>ergo</strong></span> <span class='ocrx_word' id='word_1_425' title='bbox 2659 1602 2764 1657; x_wconf 84' lang='lat' dir='ltr'><strong>ego</strong></span> <span class='ocrx_word' id='word_1_426' title='bbox 2813 1603 2943 1642; x_wconf 90' lang='lat' dir='ltr'><strong>eum</strong></span> <span class='ocrx_word' id='word_1_427' title='bbox 2984 1587 3173 1642; x_wconf 89' lang='lat' dir='ltr'><strong>sivero</strong></span> <span class='ocrx_word' id='word_1_428' title='bbox 3220 1587 3557 1656; x_wconf 86' lang='lat' dir='ltr'><strong>exanimari,</strong></span> <span class='ocrx_word' id='word_1_429' title='bbox 3608 1604 3704 1643; x_wconf 89' lang='lat' dir='ltr'><strong>ero</strong></span> 
     </span>
    </p>
   </div>
   <div class='ocr_carea' id='block_1_62' title="bbox 1999 1675 3704 1745">
    <p class='ocr_par' dir='ltr' id='par_1_62' title="bbox 1999 1675 3704 1745">
     <span class='ocr_line' id='line_1_62' title="bbox 1999 1675 3704 1745; baseline -0.001 -13"><span class='ocrx_word' id='word_1_430' title='bbox 1999 1677 2236 1732; x_wconf 89' lang='lat' dir='ltr'><strong>omnino</strong></span> <span class='ocrx_word' id='word_1_431' title='bbox 2277 1691 2451 1731; x_wconf 89' lang='lat' dir='ltr'><strong>causa</strong></span> <span class='ocrx_word' id='word_1_432' title='bbox 2482 1675 2688 1730; x_wconf 90' lang='lat' dir='ltr'><strong>mortis</strong></span> <span class='ocrx_word' id='word_1_433' title='bbox 2738 1676 3018 1745; x_wconf 87' lang='lat' dir='ltr'><strong>proximo.</strong></span> <span class='ocrx_word' id='word_1_434' title='bbox 3043 1675 3190 1739; x_wconf 91' lang='lat' dir='ltr'><strong>Quid</strong></span> <span class='ocrx_word' id='word_1_435' title='bbox 3222 1691 3378 1745; x_wconf 88' lang='lat' dir='ltr'><strong>ergo,</strong></span> <span class='ocrx_word' id='word_1_436' title='bbox 3412 1690 3704 1731; x_wconf 85' lang='lat' dir='ltr'><strong>exuensue</strong></span> 
     </span>
    </p>
   </div>
   <div class='ocr_carea' id='block_1_63' title="bbox 1998 1764 3705 1836">
    <p class='ocr_par' dir='ltr' id='par_1_63' title="bbox 1998 1764 3705 1836">
     <span class='ocr_line' id='line_1_63' title="bbox 1998 1764 3705 1836; baseline -0.002 -15"><span class='ocrx_word' id='word_1_437' title='bbox 1998 1767 2285 1832; x_wconf 87' lang='lat' dir='ltr'><strong>scindam,</strong></span> <span class='ocrx_word' id='word_1_438' title='bbox 2319 1769 2375 1820; x_wconf 92' lang='lat' dir='ltr'><strong>et</strong></span> <span class='ocrx_word' id='word_1_439' title='bbox 2406 1769 2630 1836; x_wconf 90' lang='lat' dir='ltr'><strong>partem</strong></span> <span class='ocrx_word' id='word_1_440' title='bbox 2655 1764 3024 1830; x_wconf 86' lang='lat' dir='ltr'><strong>distribuam,</strong></span> <span class='ocrx_word' id='word_1_441' title='bbox 3051 1780 3120 1820; x_wconf 86' lang='lat' dir='ltr'><strong>an</strong></span> <span class='ocrx_word' id='word_1_442' title='bbox 3144 1768 3326 1819; x_wconf 88' lang='lat' dir='ltr'><strong>totum</strong></span> <span class='ocrx_word' id='word_1_443' title='bbox 3358 1765 3508 1818; x_wconf 86' lang='lat' dir='ltr'><strong>dabo</strong></span> <span class='ocrx_word' id='word_1_444' title='bbox 3532 1765 3580 1820; x_wconf 89' lang='lat' dir='ltr'><strong>ei</strong></span> <span class='ocrx_word' id='word_1_445' title='bbox 3604 1765 3705 1836; x_wconf 89' lang='lat' dir='ltr'><strong>qui</strong></span> 
     </span>
    </p>
   </div>
   <div class='ocr_carea' id='block_1_64' title="bbox 1999 1853 3704 1927">
    <p class='ocr_par' dir='ltr' id='par_1_64' title="bbox 1999 1853 3704 1927">
     <span class='ocr_line' id='line_1_64' title="bbox 1999 1853 3704 1927; baseline -0.003 -14"><span class='ocrx_word' id='word_1_446' title='bbox 1999 1863 2086 1913; x_wconf 89' lang='lat' dir='ltr'><strong>est</strong></span> <span class='ocrx_word' id='word_1_447' title='bbox 2119 1858 2302 1912; x_wconf 88' lang='lat' dir='ltr'><strong>factus</strong></span> <span class='ocrx_word' id='word_1_448' title='bbox 2343 1857 2412 1911; x_wconf 90' lang='lat' dir='ltr'><strong>ad</strong></span> <span class='ocrx_word' id='word_1_449' title='bbox 2455 1856 2553 1911; x_wconf 90' lang='lat' dir='ltr'><strong>Dei</strong></span> <span class='ocrx_word' id='word_1_450' title='bbox 2595 1854 2956 1927; x_wconf 80' lang='lat' dir='ltr'><strong>imaginem?</strong></span> <span class='ocrx_word' id='word_1_451' title='bbox 2996 1855 3106 1910; x_wconf 90' lang='lat' dir='ltr'><strong>Sed</strong></span> <span class='ocrx_word' id='word_1_452' title='bbox 3151 1854 3288 1925; x_wconf 91' lang='lat' dir='ltr'><strong>quid</strong></span> <span class='ocrx_word' id='word_1_453' title='bbox 3345 1853 3490 1909; x_wconf 90' lang='lat' dir='ltr'><strong>mihi</strong></span> <span class='ocrx_word' id='word_1_454' title='bbox 3522 1859 3577 1910; x_wconf 91' lang='lat' dir='ltr'><strong>et</strong></span> <span class='ocrx_word' id='word_1_455' title='bbox 3619 1853 3704 1910; x_wconf 91' lang='lat' dir='ltr'><strong>illi</strong></span> 
     </span>
    </p>
   </div>
   <div class='ocr_carea' id='block_1_65' title="bbox 2000 1941 3702 2016">
    <p class='ocr_par' dir='ltr' id='par_1_65' title="bbox 2000 1941 3702 2016">
     <span class='ocr_line' id='line_1_65' title="bbox 2000 1941 3702 2016; baseline -0.002 -17"><span class='ocrx_word' id='word_1_456' title='bbox 2000 1945 2109 2000; x_wconf 89' lang='lat' dir='ltr'><strong>erit</strong></span> <span class='ocrx_word' id='word_1_457' title='bbox 2140 1945 2300 2000; x_wconf 86' lang='lat' dir='ltr'><strong>utilis</strong></span> <span class='ocrx_word' id='word_1_458' title='bbox 2333 1961 2467 2016; x_wconf 87' lang='lat' dir='ltr'><strong>pars</strong></span> <span class='ocrx_word' id='word_1_459' title='bbox 2508 1961 2636 2015; x_wconf 65' lang='lat' dir='ltr'><strong>quas</strong></span> <span class='ocrx_word' id='word_1_460' title='bbox 2676 1942 3013 1999; x_wconf 85' lang='lat' dir='ltr'><strong>scinditus?</strong></span> <span class='ocrx_word' id='word_1_461' title='bbox 3052 1943 3120 1997; x_wconf 89' lang='lat' dir='ltr'><strong>Et</strong></span> <span class='ocrx_word' id='word_1_462' title='bbox 3155 1957 3295 1998; x_wconf 88' lang='lat' dir='ltr'><strong>cum</strong></span> <span class='ocrx_word' id='word_1_463' title='bbox 3341 1943 3490 2013; x_wconf 88' lang='lat' dir='ltr'><strong>apud</strong></span> <span class='ocrx_word' id='word_1_464' title='bbox 3525 1958 3584 1997; x_wconf 92' lang='lat' dir='ltr'><strong>se</strong></span> <span class='ocrx_word' id='word_1_465' title='bbox 3616 1941 3702 1997; x_wconf 91' lang='lat' dir='ltr'><strong>di-</strong></span> 
     </span>
    </p>
   </div>
   <div class='ocr_carea' id='block_1_66' title="bbox 2000 2030 3704 2105">
    <p class='ocr_par' dir='ltr' id='par_1_66' title="bbox 2000 2030 3704 2105">
     <span class='ocr_line' id='line_1_66' title="bbox 2000 2030 3704 2105; baseline -0.001 -15"><span class='ocrx_word' id='word_1_466' title='bbox 2000 2038 2340 2105; x_wconf 88' lang='lat' dir='ltr'><strong>sceptasset,</strong></span> <span class='ocrx_word' id='word_1_467' title='bbox 2371 2033 2552 2089; x_wconf 82' lang='lat' dir='ltr'><strong>dixit:</strong></span> <span class='ocrx_word' id='word_1_468' title='bbox 2590 2032 2873 2088; x_wconf 88' lang='lat' dir='ltr'><strong>Damnine</strong></span> <span class='ocrx_word' id='word_1_469' title='bbox 2904 2031 3123 2104; x_wconf 88' lang='lat' dir='ltr'><strong>aliquid</strong></span> <span class='ocrx_word' id='word_1_470' title='bbox 3158 2032 3468 2103; x_wconf 87' lang='lat' dir='ltr'><strong>patiemur,</strong></span> <span class='ocrx_word' id='word_1_471' title='bbox 3501 2030 3549 2087; x_wconf 88' lang='lat' dir='ltr'><strong>si</strong></span> <span class='ocrx_word' id='word_1_472' title='bbox 3574 2030 3704 2102; x_wconf 84' lang='lat' dir='ltr'><strong>plus</strong></span> 
     </span>
    </p>
   </div>
   <div class='ocr_carea' id='block_1_67' title="bbox 2001 2119 3703 2195">
    <p class='ocr_par' dir='ltr' id='par_1_67' title="bbox 2001 2119 3703 2195">
     <span class='ocr_line' id='line_1_67' title="bbox 2001 2119 3703 2195; baseline -0.002 -17"><span class='ocrx_word' id='word_1_473' title='bbox 2001 2140 2173 2195; x_wconf 80' lang='lat' dir='ltr'><strong>quam</strong></span> <span class='ocrx_word' id='word_1_474' title='bbox 2208 2122 2284 2178; x_wconf 89' lang='lat' dir='ltr'><strong>sit</strong></span> <span class='ocrx_word' id='word_1_475' title='bbox 2315 2127 2665 2194; x_wconf 71' lang='lat' dir='ltr'><strong>praeceptum</strong></span> <span class='ocrx_word' id='word_1_476' title='bbox 2698 2123 2978 2178; x_wconf 82' lang='lat' dir='ltr'><strong>faciamus</strong></span> <span class='ocrx_word' id='word_1_477' title='bbox 3000 2121 3376 2177; x_wconf 77' lang='lat' dir='ltr'><strong>‘IGenerosus</strong></span> <span class='ocrx_word' id='word_1_478' title='bbox 3400 2120 3592 2193; x_wconf 90' lang='lat' dir='ltr'><strong>itaque</strong></span> <span class='ocrx_word' id='word_1_479' title='bbox 3609 2119 3703 2176; x_wconf 90' lang='lat' dir='ltr'><strong>hic</strong></span> 
     </span>
    </p>
   </div>
   <div class='ocr_carea' id='block_1_68' title="bbox 2001 2210 3702 2283">
    <p class='ocr_par' dir='ltr' id='par_1_68' title="bbox 2001 2210 3702 2283">
     <span class='ocr_line' id='line_1_68' title="bbox 2001 2210 3702 2283; baseline -0.001 -15"><span class='ocrx_word' id='word_1_480' title='bbox 2001 2212 2216 2268; x_wconf 91' lang='lat' dir='ltr'><strong>athleta</strong></span> <span class='ocrx_word' id='word_1_481' title='bbox 2249 2216 2513 2283; x_wconf 89' lang='lat' dir='ltr'><strong>prompto</strong></span> <span class='ocrx_word' id='word_1_482' title='bbox 2556 2216 2612 2267; x_wconf 90' lang='lat' dir='ltr'><strong>et</strong></span> <span class='ocrx_word' id='word_1_483' title='bbox 2651 2211 2825 2267; x_wconf 89' lang='lat' dir='ltr'><strong>alacri</strong></span> <span class='ocrx_word' id='word_1_484' title='bbox 2881 2211 3075 2266; x_wconf 90' lang='lat' dir='ltr'><strong>animo</strong></span> <span class='ocrx_word' id='word_1_485' title='bbox 3105 2215 3268 2267; x_wconf 90' lang='lat' dir='ltr'><strong>vocat</strong></span> <span class='ocrx_word' id='word_1_486' title='bbox 3297 2225 3609 2281; x_wconf 89' lang='lat' dir='ltr'><strong>pauperem</strong></span> <span class='ocrx_word' id='word_1_487' title='bbox 3641 2210 3702 2266; x_wconf 90' lang='lat' dir='ltr'><strong>in</strong></span> 
     </span>
    </p>
   </div>
   <div class='ocr_carea' id='block_1_69' title="bbox 1999 2300 3702 2370">
    <p class='ocr_par' dir='ltr' id='par_1_69' title="bbox 1999 2300 3702 2370">
     <span class='ocr_line' id='line_1_69' title="bbox 1999 2300 3702 2370; baseline -0.002 -13"><span class='ocrx_word' id='word_1_488' title='bbox 1999 2301 2349 2357; x_wconf 87' lang='lat' dir='ltr'><strong>vestibulum</strong></span> <span class='ocrx_word' id='word_1_489' title='bbox 2376 2321 2391 2370; x_wconf 89' lang='lat'><strong>;</strong></span> <span class='ocrx_word' id='word_1_490' title='bbox 2425 2305 2480 2357; x_wconf 89' lang='lat' dir='ltr'><strong>et</strong></span> <span class='ocrx_word' id='word_1_491' title='bbox 2519 2318 2651 2356; x_wconf 91' lang='lat' dir='ltr'><strong>cum</strong></span> <span class='ocrx_word' id='word_1_492' title='bbox 2683 2318 2812 2357; x_wconf 88' lang='lat' dir='ltr'><strong>eum</strong></span> <span class='ocrx_word' id='word_1_493' title='bbox 2845 2300 3162 2357; x_wconf 87' lang='lat' dir='ltr'><strong>dimisisset</strong></span> <span class='ocrx_word' id='word_1_494' title='bbox 3194 2301 3491 2368; x_wconf 88' lang='lat' dir='ltr'><strong>indutum,</strong></span> <span class='ocrx_word' id='word_1_495' title='bbox 3539 2300 3702 2356; x_wconf 86' lang='lat' dir='ltr'><strong>stetit</strong></span> 
     </span>
    </p>
   </div>
   <div class='ocr_carea' id='block_1_70' title="bbox 2003 2391 3705 2465">
    <p class='ocr_par' dir='ltr' id='par_1_70' title="bbox 2003 2391 3705 2465">
     <span class='ocr_line' id='line_1_70' title="bbox 2003 2391 3705 2465; baseline -0.002 -15"><span class='ocrx_word' id='word_1_496' title='bbox 2003 2394 2214 2460; x_wconf 89' lang='lat' dir='ltr'><strong>nudus,</strong></span> <span class='ocrx_word' id='word_1_497' title='bbox 2249 2410 2310 2449; x_wconf 88' lang='lat' dir='ltr'><strong>se</strong></span> <span class='ocrx_word' id='word_1_498' title='bbox 2341 2393 2606 2465; x_wconf 91' lang='lat' dir='ltr'><strong>operiens</strong></span> <span class='ocrx_word' id='word_1_499' title='bbox 2641 2394 2937 2463; x_wconf 88' lang='lat' dir='ltr'><strong>manibus,</strong></span> <span class='ocrx_word' id='word_1_500' title='bbox 2969 2408 3157 2465; x_wconf 88' lang='lat' dir='ltr'><strong>genua</strong></span> <span class='ocrx_word' id='word_1_501' title='bbox 3182 2393 3421 2449; x_wconf 83' lang='lat' dir='ltr'><strong>flectens</strong></span> <span class='ocrx_word' id='word_1_502' title='bbox 3445 2395 3504 2448; x_wconf 90' lang='lat' dir='ltr'><strong>et</strong></span> <span class='ocrx_word' id='word_1_503' title='bbox 3525 2391 3705 2448; x_wconf 85' lang='lat' dir='ltr'><strong>subsi-</strong></span> 
     </span>
    </p>
   </div>
   <div class='ocr_carea' id='block_1_71' title="bbox 2001 2479 3705 2554">
    <p class='ocr_par' dir='ltr' id='par_1_71' title="bbox 2001 2479 3705 2554">
     <span class='ocr_line' id='line_1_71' title="bbox 2001 2479 3705 2554; baseline -0.002 -15"><span class='ocrx_word' id='word_1_504' title='bbox 2001 2485 2183 2554; x_wconf 89' lang='lat' dir='ltr'><strong>dens;</strong></span> <span class='ocrx_word' id='word_1_505' title='bbox 2218 2483 2408 2539; x_wconf 93' lang='lat' dir='ltr'><strong>solum</strong></span> <span class='ocrx_word' id='word_1_506' title='bbox 2455 2484 2676 2539; x_wconf 89' lang='lat' dir='ltr'><strong>habens</strong></span> <span class='ocrx_word' id='word_1_507' title='bbox 2725 2484 2834 2538; x_wconf 89' lang='lat' dir='ltr'><strong>sub</strong></span> <span class='ocrx_word' id='word_1_508' title='bbox 2881 2482 3050 2539; x_wconf 85' lang='lat' dir='ltr'><strong>axilla</strong></span> <span class='ocrx_word' id='word_1_509' title='bbox 3088 2482 3328 2538; x_wconf 89' lang='lat' dir='ltr'><strong>verbum</strong></span> <span class='ocrx_word' id='word_1_510' title='bbox 3379 2483 3528 2551; x_wconf 88' lang='lat' dir='ltr'><strong>quod</strong></span> <span class='ocrx_word' id='word_1_511' title='bbox 3571 2479 3705 2537; x_wconf 89' lang='lat' dir='ltr'><strong>facit</strong></span> 
     </span>
    </p>
   </div>
   <div class='ocr_carea' id='block_1_72' title="bbox 2001 2569 3702 2644">
    <p class='ocr_par' dir='ltr' id='par_1_72' title="bbox 2001 2569 3702 2644">
     <span class='ocr_line' id='line_1_72' title="bbox 2001 2569 3702 2644; baseline -0.002 -16"><span class='ocrx_word' id='word_1_512' title='bbox 2001 2573 2229 2629; x_wconf 90' lang='lat' dir='ltr'><strong>divites.</strong></span> <span class='ocrx_word' id='word_1_513' title='bbox 2265 2573 2403 2643; x_wconf 86' lang='lat' dir='ltr'><strong>Ejus</strong></span> <span class='ocrx_word' id='word_1_514' title='bbox 2434 2576 2624 2628; x_wconf 90' lang='lat' dir='ltr'><strong>autem</strong></span> <span class='ocrx_word' id='word_1_515' title='bbox 2658 2572 2896 2629; x_wconf 88' lang='lat' dir='ltr'><strong>consilio</strong></span> <span class='ocrx_word' id='word_1_516' title='bbox 2929 2576 2985 2628; x_wconf 92' lang='lat' dir='ltr'><strong>et</strong></span> <span class='ocrx_word' id='word_1_517' title='bbox 3015 2571 3370 2644; x_wconf 77' lang='lat' dir='ltr'><strong>providentia</strong></span> <span class='ocrx_word' id='word_1_518' title='bbox 3409 2569 3702 2627; x_wconf 87' lang='lat' dir='ltr'><strong>transiens</strong></span> 
     </span>
    </p>
   </div>
   <div class='ocr_carea' id='block_1_73' title="bbox 1999 2661 3707 2736">
    <p class='ocr_par' dir='ltr' id='par_1_73' title="bbox 1999 2661 3707 2736">
     <span class='ocr_line' id='line_1_73' title="bbox 1999 2661 3707 2736; baseline -0.002 -17"><span class='ocrx_word' id='word_1_519' title='bbox 1999 2664 2233 2735; x_wconf 91' lang='lat' dir='ltr'><strong>quidam</strong></span> <span class='ocrx_word' id='word_1_520' title='bbox 2291 2662 2596 2720; x_wconf 87' lang='lat' dir='ltr'><strong>irenarcha</strong></span> <span class='ocrx_word' id='word_1_521' title='bbox 2642 2665 2814 2734; x_wconf 78' lang='lat'><strong>(166),</strong></span> <span class='ocrx_word' id='word_1_522' title='bbox 2866 2663 3102 2736; x_wconf 87' lang='lat' dir='ltr'><strong>agnovit</strong></span> <span class='ocrx_word' id='word_1_523' title='bbox 3155 2679 3391 2732; x_wconf 88' lang='lat' dir='ltr'><strong>semen;</strong></span> <span class='ocrx_word' id='word_1_524' title='bbox 3450 2667 3507 2720; x_wconf 89' lang='lat' dir='ltr'><strong>et</strong></span> <span class='ocrx_word' id='word_1_525' title='bbox 3560 2661 3707 2717; x_wconf 87' lang='lat' dir='ltr'><strong>dixit</strong></span> 
     </span>
    </p>
   </div>
   <div class='ocr_carea' id='block_1_74' title="bbox 1999 2752 3707 2824">
    <p class='ocr_par' dir='ltr' id='par_1_74' title="bbox 1999 2752 3707 2824">
     <span class='ocr_line' id='line_1_74' title="bbox 1999 2752 3707 2824; baseline -0.001 -15"><span class='ocrx_word' id='word_1_526' title='bbox 1999 2754 2260 2824; x_wconf 90' lang='lat' dir='ltr'><strong>proximo</strong></span> <span class='ocrx_word' id='word_1_527' title='bbox 2293 2770 2399 2809; x_wconf 91' lang='lat' dir='ltr'><strong>suo</strong></span> <span class='ocrx_word' id='word_1_528' title='bbox 2431 2754 2624 2810; x_wconf 84' lang='lat' dir='ltr'><strong>socio:</strong></span> <span class='ocrx_word' id='word_1_529' title='bbox 2658 2753 2895 2824; x_wconf 88' lang='lat' dir='ltr'><strong>Respice</strong></span> <span class='ocrx_word' id='word_1_530' title='bbox 2924 2752 3100 2822; x_wconf 90' lang='lat' dir='ltr'><strong>illuc;</strong></span> <span class='ocrx_word' id='word_1_531' title='bbox 3137 2770 3248 2810; x_wconf 91' lang='lat' dir='ltr'><strong>non</strong></span> <span class='ocrx_word' id='word_1_532' title='bbox 3285 2756 3374 2810; x_wconf 90' lang='lat' dir='ltr'><strong>est</strong></span> <span class='ocrx_word' id='word_1_533' title='bbox 3407 2752 3500 2808; x_wconf 88' lang='lat' dir='ltr'><strong>hic</strong></span> <span class='ocrx_word' id='word_1_534' title='bbox 3531 2767 3707 2809; x_wconf 82' lang='lat' dir='ltr'><strong>senex</strong></span> 
     </span>
    </p>
   </div>
   <div class='ocr_carea' id='block_1_75' title="bbox 1999 2837 3706 2910">
    <p class='ocr_par' dir='ltr' id='par_1_75' title="bbox 1999 2837 3706 2910">
     <span class='ocr_line' id='line_1_75' title="bbox 1999 2837 3706 2910; baseline -0.001 -12"><span class='ocrx_word' id='word_1_535' title='bbox 1999 2843 2182 2898; x_wconf 88' lang='lat' dir='ltr'><strong>abbas</strong></span> <span class='ocrx_word' id='word_1_536' title='bbox 2216 2843 2473 2899; x_wconf 89' lang='lat' dir='ltr'><strong>Bisarion</strong></span> <span class='ocrx_word' id='word_1_537' title='bbox 2505 2843 2533 2898; x_wconf 70' lang='lat'><strong>‘2</strong></span> <span class='ocrx_word' id='word_1_538' title='bbox 2563 2841 2705 2898; x_wconf 90' lang='lat' dir='ltr'><strong>Cum</strong></span> <span class='ocrx_word' id='word_1_539' title='bbox 2729 2843 2777 2898; x_wconf 91' lang='lat' dir='ltr'><strong>is</strong></span> <span class='ocrx_word' id='word_1_540' title='bbox 2800 2848 2996 2899; x_wconf 89' lang='lat' dir='ltr'><strong>autem</strong></span> <span class='ocrx_word' id='word_1_541' title='bbox 3019 2842 3262 2899; x_wconf 84' lang='lat' dir='ltr'><strong>dixisset</strong></span> <span class='ocrx_word' id='word_1_542' title='bbox 3289 2859 3302 2898; x_wconf 90' lang='lat'><strong>:</strong></span> <span class='ocrx_word' id='word_1_543' title='bbox 3329 2837 3608 2910; x_wconf 80' lang='lat' dir='ltr'><strong>Maxime;</strong></span> <span class='ocrx_word' id='word_1_544' title='bbox 3634 2840 3706 2897; x_wconf 88' lang='lat' dir='ltr'><strong>de</strong></span> 
     </span>
    </p>
   </div>
   <div class='ocr_carea' id='block_1_76' title="bbox 1999 2930 3798 3004">
    <p class='ocr_par' dir='ltr' id='par_1_76' title="bbox 1999 2930 3798 3004">
     <span class='ocr_line' id='line_1_76' title="bbox 1999 2930 3798 3004; baseline -0.002 -16"><span class='ocrx_word' id='word_1_545' title='bbox 1999 2949 2148 3004; x_wconf 89' lang='lat' dir='ltr'><strong>equo</strong></span> <span class='ocrx_word' id='word_1_546' title='bbox 2179 2933 2539 2989; x_wconf 89' lang='lat' dir='ltr'><strong>descendens</strong></span> <span class='ocrx_word' id='word_1_547' title='bbox 2580 2933 2803 3003; x_wconf 88' lang='lat' dir='ltr'><strong>rogavit</strong></span> <span class='ocrx_word' id='word_1_548' title='bbox 2846 2937 3140 3001; x_wconf 89' lang='lat' dir='ltr'><strong>sanctum,</strong></span> <span class='ocrx_word' id='word_1_549' title='bbox 3187 2932 3388 2988; x_wconf 89' lang='lat' dir='ltr'><strong>dicens</strong></span> <span class='ocrx_word' id='word_1_550' title='bbox 3421 2948 3435 2988; x_wconf 90' lang='lat'><strong>:</strong></span> <span class='ocrx_word' id='word_1_551' title='bbox 3479 2930 3618 2997; x_wconf 91' lang='lat' dir='ltr'><strong>Quis</strong></span> <span class='ocrx_word' id='word_1_552' title='bbox 3649 2935 3706 2986; x_wconf 90' lang='lat' dir='ltr'><strong>te</strong></span> <span class='ocrx_word' id='word_1_553' title='bbox 3796 2969 3798 2972; x_wconf 53' lang='grc' dir='ltr'>μ</span> 
     </span>
    </p>
   </div>
   <div class='ocr_carea' id='block_1_77' title="bbox 1999 3019 3703 3092">
    <p class='ocr_par' dir='ltr' id='par_1_77' title="bbox 1999 3019 3703 3092">
     <span class='ocr_line' id='line_1_77' title="bbox 1999 3019 3703 3092; baseline -0.002 -16"><span class='ocrx_word' id='word_1_554' title='bbox 1999 3021 2158 3076; x_wconf 89' lang='lat' dir='ltr'><strong>exuit</strong></span> <span class='ocrx_word' id='word_1_555' title='bbox 2202 3021 2230 3073; x_wconf 86' lang='lat'><strong>?</strong></span> <span class='ocrx_word' id='word_1_556' title='bbox 2279 3019 2380 3076; x_wconf 92' lang='lat' dir='ltr'><strong>Ille</strong></span> <span class='ocrx_word' id='word_1_557' title='bbox 2429 3037 2560 3077; x_wconf 85' lang='lat' dir='ltr'><strong>vero</strong></span> <span class='ocrx_word' id='word_1_558' title='bbox 2609 3021 2842 3076; x_wconf 87' lang='lat' dir='ltr'><strong>dextera</strong></span> <span class='ocrx_word' id='word_1_559' title='bbox 2889 3021 3243 3091; x_wconf 86' lang='lat' dir='ltr'><strong>protendens</strong></span> <span class='ocrx_word' id='word_1_560' title='bbox 3301 3019 3703 3092; x_wconf 83' lang='lat' dir='ltr'><strong>Evangelium,</strong></span> 
     </span>
    </p>
   </div>
   <div class='ocr_carea' id='block_1_78' title="bbox 2000 3109 3706 3182">
    <p class='ocr_par' dir='ltr' id='par_1_78' title="bbox 2000 3109 3706 3182">
     <span class='ocr_line' id='line_1_78' title="bbox 2000 3109 3706 3182; baseline -0.002 -16"><span class='ocrx_word' id='word_1_561' title='bbox 2000 3109 2139 3178; x_wconf 87' lang='lat' dir='ltr'><strong>Hoc,</strong></span> <span class='ocrx_word' id='word_1_562' title='bbox 2173 3111 2387 3182; x_wconf 90' lang='lat' dir='ltr'><strong>inquit,</strong></span> <span class='ocrx_word' id='word_1_563' title='bbox 2433 3126 2524 3166; x_wconf 91' lang='lat' dir='ltr'><strong>me</strong></span> <span class='ocrx_word' id='word_1_564' title='bbox 2574 3110 2753 3167; x_wconf 84' lang='lat' dir='ltr'><strong>exuit.</strong></span> <span class='ocrx_word' id='word_1_565' title='bbox 2797 3109 3004 3165; x_wconf 86' lang='lat' dir='ltr'><strong>Statim</strong></span> <span class='ocrx_word' id='word_1_566' title='bbox 3055 3113 3251 3165; x_wconf 90' lang='lat' dir='ltr'><strong>autem</strong></span> <span class='ocrx_word' id='word_1_567' title='bbox 3293 3125 3354 3164; x_wconf 91' lang='lat' dir='ltr'><strong>se</strong></span> <span class='ocrx_word' id='word_1_568' title='bbox 3399 3125 3505 3164; x_wconf 87' lang='lat' dir='ltr'><strong>sua</strong></span> <span class='ocrx_word' id='word_1_569' title='bbox 3547 3113 3706 3163; x_wconf 91' lang='lat' dir='ltr'><strong>veste</strong></span> 
     </span>
    </p>
   </div>
   <div class='ocr_carea' id='block_1_79' title="bbox 2001 3197 3706 3274">
    <p class='ocr_par' dir='ltr' id='par_1_79' title="bbox 2001 3197 3706 3274">
     <span class='ocr_line' id='line_1_79' title="bbox 2001 3197 3706 3274; baseline -0.003 -17"><span class='ocrx_word' id='word_1_570' title='bbox 2001 3218 2219 3258; x_wconf 85' lang='lat' dir='ltr'><strong>exuens</strong></span> <span class='ocrx_word' id='word_1_571' title='bbox 2251 3202 2580 3268; x_wconf 83' lang='lat' dir='ltr'><strong>irenarcsea,</strong></span> <span class='ocrx_word' id='word_1_572' title='bbox 2614 3201 2928 3274; x_wconf 86' lang='lat' dir='ltr'><strong>perfectum</strong></span> <span class='ocrx_word' id='word_1_573' title='bbox 2963 3197 3202 3255; x_wconf 89' lang='lat' dir='ltr'><strong>militem</strong></span> <span class='ocrx_word' id='word_1_574' title='bbox 3234 3197 3442 3266; x_wconf 87' lang='lat' dir='ltr'><strong>induit,</strong></span> <span class='ocrx_word' id='word_1_575' title='bbox 3485 3202 3540 3254; x_wconf 90' lang='lat' dir='ltr'><strong>et</strong></span> <span class='ocrx_word' id='word_1_576' title='bbox 3572 3213 3706 3268; x_wconf 88' lang='lat' dir='ltr'><strong>pro-</strong></span> 
     </span>
    </p>
   </div>
   <div class='ocr_carea' id='block_1_80' title="bbox 2000 3289 3705 3364">
    <p class='ocr_par' dir='ltr' id='par_1_80' title="bbox 2000 3289 3705 3364">
     <span class='ocr_line' id='line_1_80' title="bbox 2000 3289 3705 3364; baseline -0.003 -16"><span class='ocrx_word' id='word_1_577' title='bbox 2000 3292 2160 3348; x_wconf 90' lang='lat' dir='ltr'><strong>tinus</strong></span> <span class='ocrx_word' id='word_1_578' title='bbox 2192 3295 2427 3364; x_wconf 87' lang='lat' dir='ltr'><strong>gestans</strong></span> <span class='ocrx_word' id='word_1_579' title='bbox 2457 3290 2636 3347; x_wconf 91' lang='lat' dir='ltr'><strong>veluti</strong></span> <span class='ocrx_word' id='word_1_580' title='bbox 2670 3289 2984 3362; x_wconf 88' lang='lat' dir='ltr'><strong>quamdam</strong></span> <span class='ocrx_word' id='word_1_581' title='bbox 3010 3303 3244 3360; x_wconf 86' lang='lat' dir='ltr'><strong>parvam</strong></span> <span class='ocrx_word' id='word_1_582' title='bbox 3269 3290 3486 3342; x_wconf 88' lang='lat' dir='ltr'><strong>vestem</strong></span> <span class='ocrx_word' id='word_1_583' title='bbox 3511 3301 3705 3344; x_wconf 86' lang='lat' dir='ltr'><strong>mona-</strong></span> 
     </span>
    </p>
   </div>
   <div class='ocr_carea' id='block_1_81' title="bbox 2000 3375 3704 3447">
    <p class='ocr_par' dir='ltr' id='par_1_81' title="bbox 2000 3375 3704 3447">
     <span class='ocr_line' id='line_1_81' title="bbox 2000 3375 3704 3447; baseline -0.002 -11"><span class='ocrx_word' id='word_1_584' title='bbox 2000 3381 2267 3446; x_wconf 88' lang='lat' dir='ltr'><strong>chorum,</strong></span> <span class='ocrx_word' id='word_1_585' title='bbox 2300 3397 2333 3436; x_wconf 88' lang='lat' dir='ltr'><strong>a</strong></span> <span class='ocrx_word' id='word_1_586' title='bbox 2365 3380 2582 3436; x_wconf 87' lang='lat' dir='ltr'><strong>mundo</strong></span> <span class='ocrx_word' id='word_1_587' title='bbox 2612 3378 2801 3436; x_wconf 91' lang='lat' dir='ltr'><strong>latens</strong></span> <span class='ocrx_word' id='word_1_588' title='bbox 2827 3379 3104 3447; x_wconf 85' lang='lat' dir='ltr'><strong>recessit;</strong></span> <span class='ocrx_word' id='word_1_589' title='bbox 3138 3376 3440 3434; x_wconf 90' lang='lat' dir='ltr'><strong>declinans</strong></span> <span class='ocrx_word' id='word_1_590' title='bbox 3471 3375 3704 3432; x_wconf 87' lang='lat' dir='ltr'><strong>laudem</strong></span> 
     </span>
    </p>
   </div>
   <div class='ocr_carea' id='block_1_82' title="bbox 1999 3466 3707 3541">
    <p class='ocr_par' dir='ltr' id='par_1_82' title="bbox 1999 3466 3707 3541">
     <span class='ocr_line' id='line_1_82' title="bbox 1999 3466 3707 3541; baseline -0.003 -15"><span class='ocrx_word' id='word_1_591' title='bbox 1999 3470 2127 3541; x_wconf 91' lang='lat' dir='ltr'><strong>ejus</strong></span> <span class='ocrx_word' id='word_1_592' title='bbox 2157 3470 2258 3540; x_wconf 92' lang='lat' dir='ltr'><strong>qui</strong></span> <span class='ocrx_word' id='word_1_593' title='bbox 2290 3486 2465 3526; x_wconf 91' lang='lat' dir='ltr'><strong>suum</strong></span> <span class='ocrx_word' id='word_1_594' title='bbox 2497 3470 2738 3526; x_wconf 86' lang='lat' dir='ltr'><strong>vidisset</strong></span> <span class='ocrx_word' id='word_1_595' title='bbox 2768 3469 2901 3524; x_wconf 70' lang='lat' dir='ltr'><strong>vitae</strong></span> <span class='ocrx_word' id='word_1_596' title='bbox 2929 3469 3284 3535; x_wconf 84' lang='lat' dir='ltr'><strong>institutum,</strong></span> <span class='ocrx_word' id='word_1_597' title='bbox 3319 3482 3453 3522; x_wconf 90' lang='lat' dir='ltr'><strong>eum</strong></span> <span class='ocrx_word' id='word_1_598' title='bbox 3485 3466 3587 3539; x_wconf 91' lang='lat' dir='ltr'><strong>qui</strong></span> <span class='ocrx_word' id='word_1_599' title='bbox 3615 3469 3707 3522; x_wconf 87' lang='lat' dir='ltr'><strong>est</strong></span> 
     </span>
    </p>
   </div>
   <div class='ocr_carea' id='block_1_83' title="bbox 1998 3557 3706 3631">
    <p class='ocr_par' dir='ltr' id='par_1_83' title="bbox 1998 3557 3706 3631">
     <span class='ocr_line' id='line_1_83' title="bbox 1998 3557 3706 3631; baseline -0.001 -17"><span class='ocrx_word' id='word_1_600' title='bbox 1998 3560 2069 3616; x_wconf 90' lang='lat' dir='ltr'><strong>ab</strong></span> <span class='ocrx_word' id='word_1_601' title='bbox 2126 3560 2350 3616; x_wconf 90' lang='lat' dir='ltr'><strong>occulto</strong></span> <span class='ocrx_word' id='word_1_602' title='bbox 2409 3561 2685 3617; x_wconf 88' lang='lat' dir='ltr'><strong>honorem</strong></span> <span class='ocrx_word' id='word_1_603' title='bbox 2729 3559 2967 3616; x_wconf 90' lang='lat' dir='ltr'><strong>celando</strong></span> <span class='ocrx_word' id='word_1_604' title='bbox 3017 3563 3376 3631; x_wconf 88' lang='lat' dir='ltr'><strong>exspectans.</strong></span> <span class='ocrx_word' id='word_1_605' title='bbox 3429 3557 3532 3613; x_wconf 88' lang='lat' dir='ltr'><strong>Hic</strong></span> <span class='ocrx_word' id='word_1_606' title='bbox 3580 3557 3706 3629; x_wconf 88' lang='lat' dir='ltr'><strong>ipse</strong></span> 
     </span>
    </p>
   </div>
   <div class='ocr_carea' id='block_1_84' title="bbox 1999 3648 3705 3722">
    <p class='ocr_par' dir='ltr' id='par_1_84' title="bbox 1999 3648 3705 3722">
     <span class='ocr_line' id='line_1_84' title="bbox 1999 3648 3705 3722; baseline -0.002 -16"><span class='ocrx_word' id='word_1_607' title='bbox 1999 3655 2310 3722; x_wconf 90' lang='lat' dir='ltr'><strong>postquam</strong></span> <span class='ocrx_word' id='word_1_608' title='bbox 2344 3666 2514 3705; x_wconf 90' lang='lat' dir='ltr'><strong>omne</strong></span> <span class='ocrx_word' id='word_1_609' title='bbox 2545 3655 2899 3721; x_wconf 81' lang='lat' dir='ltr'><strong>praeceptum</strong></span> <span class='ocrx_word' id='word_1_610' title='bbox 2932 3648 3324 3721; x_wconf 88' lang='lat' dir='ltr'><strong>evangelicum</strong></span> <span class='ocrx_word' id='word_1_611' title='bbox 3357 3652 3509 3704; x_wconf 88' lang='lat' dir='ltr'><strong>recte</strong></span> <span class='ocrx_word' id='word_1_612' title='bbox 3551 3651 3705 3703; x_wconf 87' lang='lat' dir='ltr'><strong>esset</strong></span> 
     </span>
    </p>
   </div>
   <div class='ocr_carea' id='block_1_85' title="bbox 1998 3737 3707 3810">
    <p class='ocr_par' dir='ltr' id='par_1_85' title="bbox 1998 3737 3707 3810">
     <span class='ocr_line' id='line_1_85' title="bbox 1998 3737 3707 3810; baseline -0.001 -16"><span class='ocrx_word' id='word_1_613' title='bbox 1998 3744 2329 3808; x_wconf 83' lang='lat' dir='ltr'><strong>exsecutus,</strong></span> <span class='ocrx_word' id='word_1_614' title='bbox 2374 3755 2506 3794; x_wconf 88' lang='lat' dir='ltr'><strong>cum</strong></span> <span class='ocrx_word' id='word_1_615' title='bbox 2542 3739 2689 3793; x_wconf 91' lang='lat' dir='ltr'><strong>nihil</strong></span> <span class='ocrx_word' id='word_1_616' title='bbox 2721 3738 2902 3809; x_wconf 86' lang='lat' dir='ltr'><strong>hujus</strong></span> <span class='ocrx_word' id='word_1_617' title='bbox 2934 3739 3139 3794; x_wconf 90' lang='lat' dir='ltr'><strong>mundi</strong></span> <span class='ocrx_word' id='word_1_618' title='bbox 3173 3738 3426 3810; x_wconf 88' lang='lat' dir='ltr'><strong>amplius</strong></span> <span class='ocrx_word' id='word_1_619' title='bbox 3468 3737 3707 3794; x_wconf 87' lang='lat' dir='ltr'><strong>haberet</strong></span> 
     </span>
    </p>
   </div>
   <div class='ocr_carea' id='block_1_86' title="bbox 2000 3829 3706 3901">
    <p class='ocr_par' dir='ltr' id='par_1_86' title="bbox 2000 3829 3706 3901">
     <span class='ocr_line' id='line_1_86' title="bbox 2000 3829 3706 3901; baseline 0.001 -19"><span class='ocrx_word' id='word_1_620' title='bbox 2000 3829 2056 3882; x_wconf 90' lang='lat' dir='ltr'><strong>in</strong></span> <span class='ocrx_word' id='word_1_621' title='bbox 2091 3829 2309 3900; x_wconf 90' lang='lat' dir='ltr'><strong>animo,</strong></span> <span class='ocrx_word' id='word_1_622' title='bbox 2342 3830 2412 3884; x_wconf 91' lang='lat' dir='ltr'><strong>ad</strong></span> <span class='ocrx_word' id='word_1_623' title='bbox 2447 3829 2777 3884; x_wconf 89' lang='lat' dir='ltr'><strong>divinorum</strong></span> <span class='ocrx_word' id='word_1_624' title='bbox 2810 3830 3094 3885; x_wconf 90' lang='lat' dir='ltr'><strong>dictorum</strong></span> <span class='ocrx_word' id='word_1_625' title='bbox 3126 3830 3526 3901; x_wconf 87' lang='lat' dir='ltr'><strong>perfectiorem</strong></span> <span class='ocrx_word' id='word_1_626' title='bbox 3553 3844 3706 3885; x_wconf 86' lang='lat' dir='ltr'><strong>exse-</strong></span> 
     </span>
    </p>
   </div>
   <div class='ocr_carea' id='block_1_87' title="bbox 1998 3917 3702 3989">
    <p class='ocr_par' dir='ltr' id='par_1_87' title="bbox 1998 3917 3702 3989">
     <span class='ocr_line' id='line_1_87' title="bbox 1998 3917 3702 3989; baseline -0.001 -15"><span class='ocrx_word' id='word_1_627' title='bbox 1998 3919 2314 3988; x_wconf 89' lang='lat' dir='ltr'><strong>cutionem,</strong></span> <span class='ocrx_word' id='word_1_628' title='bbox 2341 3933 2474 3975; x_wconf 91' lang='lat' dir='ltr'><strong>cum</strong></span> <span class='ocrx_word' id='word_1_629' title='bbox 2509 3917 2566 3972; x_wconf 91' lang='lat' dir='ltr'><strong>ni</strong></span> <span class='ocrx_word' id='word_1_630' title='bbox 2599 3917 2845 3973; x_wconf 88' lang='lat' dir='ltr'><strong>transitu</strong></span> <span class='ocrx_word' id='word_1_631' title='bbox 2879 3918 3117 3973; x_wconf 81' lang='lat' dir='ltr'><strong>vidisset</strong></span> <span class='ocrx_word' id='word_1_632' title='bbox 3147 3933 3486 3989; x_wconf 88' lang='lat' dir='ltr'><strong>pauperem,</strong></span> <span class='ocrx_word' id='word_1_633' title='bbox 3528 3933 3702 3973; x_wconf 90' lang='lat' dir='ltr'><strong>cursu</strong></span> 
     </span>
    </p>
   </div>
   <div class='ocr_carea' id='block_1_88' title="bbox 2000 4005 3700 4079">
    <p class='ocr_par' dir='ltr' id='par_1_88' title="bbox 2000 4005 3700 4079">
     <span class='ocr_line' id='line_1_88' title="bbox 2000 4005 3700 4079; baseline -0.001 -17"><span class='ocrx_word' id='word_1_634' title='bbox 2000 4008 2058 4063; x_wconf 90' lang='lat' dir='ltr'><strong>in</strong></span> <span class='ocrx_word' id='word_1_635' title='bbox 2094 4008 2280 4063; x_wconf 85' lang='lat' dir='ltr'><strong>forum</strong></span> <span class='ocrx_word' id='word_1_636' title='bbox 2314 4008 2611 4064; x_wconf 91' lang='lat' dir='ltr'><strong>contendit</strong></span> <span class='ocrx_word' id='word_1_637' title='bbox 2644 4024 2656 4062; x_wconf 91' lang='lat'>:</span> <span class='ocrx_word' id='word_1_638' title='bbox 2694 4009 2791 4063; x_wconf 92' lang='lat' dir='ltr'><strong>ubi</strong></span> <span class='ocrx_word' id='word_1_639' title='bbox 2826 4023 2957 4063; x_wconf 90' lang='lat' dir='ltr'><strong>cum</strong></span> <span class='ocrx_word' id='word_1_640' title='bbox 2991 4007 3285 4079; x_wconf 88' lang='lat' dir='ltr'><strong>paulisper</strong></span> <span class='ocrx_word' id='word_1_641' title='bbox 3315 4005 3700 4075; x_wconf 86' lang='lat' dir='ltr'><strong>constitisset,</strong></span> 
     </span>
    </p>
   </div>
   <div class='ocr_carea' id='block_1_89' title="bbox 1999 4095 3704 4168">
    <p class='ocr_par' dir='ltr' id='par_1_89' title="bbox 1999 4095 3704 4168">
     <span class='ocr_line' id='line_1_89' title="bbox 1999 4095 3704 4168; baseline -0.002 -14"><span class='ocrx_word' id='word_1_642' title='bbox 1999 4097 2261 4154; x_wconf 89' lang='lat' dir='ltr'><strong>vendidit</strong></span> <span class='ocrx_word' id='word_1_643' title='bbox 2291 4096 2688 4168; x_wconf 88' lang='lat' dir='ltr'><strong>Evangelium.</strong></span> <span class='ocrx_word' id='word_1_644' title='bbox 2726 4097 2932 4153; x_wconf 91' lang='lat' dir='ltr'><strong>Paucis</strong></span> <span class='ocrx_word' id='word_1_645' title='bbox 2960 4095 3138 4168; x_wconf 88' lang='lat' dir='ltr'><strong>igitur</strong></span> <span class='ocrx_word' id='word_1_646' title='bbox 3171 4099 3302 4168; x_wconf 89' lang='lat' dir='ltr'><strong>post</strong></span> <span class='ocrx_word' id='word_1_647' title='bbox 3330 4095 3557 4164; x_wconf 90' lang='lat' dir='ltr'><strong>diebus,</strong></span> <span class='ocrx_word' id='word_1_648' title='bbox 3600 4096 3704 4167; x_wconf 89' lang='lat' dir='ltr'><strong>qui</strong></span> 
     </span>
    </p>
   </div>
   <div class='ocr_carea' id='block_1_90' title="bbox 2000 4185 3704 4259">
    <p class='ocr_par' dir='ltr' id='par_1_90' title="bbox 2000 4185 3704 4259">
     <span class='ocr_line' id='line_1_90' title="bbox 2000 4185 3704 4259; baseline 0 -15"><span class='ocrx_word' id='word_1_649' title='bbox 2000 4205 2132 4245; x_wconf 90' lang='lat' dir='ltr'><strong>cum</strong></span> <span class='ocrx_word' id='word_1_650' title='bbox 2166 4205 2232 4244; x_wconf 91' lang='lat' dir='ltr'><strong>eo</strong></span> <span class='ocrx_word' id='word_1_651' title='bbox 2264 4192 2387 4244; x_wconf 88' lang='lat' dir='ltr'><strong>erat</strong></span> <span class='ocrx_word' id='word_1_652' title='bbox 2418 4188 2647 4244; x_wconf 86' lang='lat' dir='ltr'><strong>abbatis</strong></span> <span class='ocrx_word' id='word_1_653' title='bbox 2677 4186 3028 4259; x_wconf 89' lang='lat' dir='ltr'><strong>discipulus,</strong></span> <span class='ocrx_word' id='word_1_654' title='bbox 3051 4187 3231 4242; x_wconf 90' lang='lat' dir='ltr'><strong>Dulas</strong></span> <span class='ocrx_word' id='word_1_655' title='bbox 3258 4185 3514 4255; x_wconf 88' lang='lat' dir='ltr'><strong>nomine,</strong></span> <span class='ocrx_word' id='word_1_656' title='bbox 3539 4201 3704 4258; x_wconf 85' lang='lat' dir='ltr'><strong>roga-</strong></span> 
     </span>
    </p>
   </div>
   <div class='ocr_carea' id='block_1_91' title="bbox 1998 4275 3702 4347">
    <p class='ocr_par' dir='ltr' id='par_1_91' title="bbox 1998 4275 3702 4347">
     <span class='ocr_line' id='line_1_91' title="bbox 1998 4275 3702 4347; baseline -0.001 -14"><span class='ocrx_word' id='word_1_657' title='bbox 1998 4280 2082 4334; x_wconf 91' lang='lat' dir='ltr'><strong>vit</strong></span> <span class='ocrx_word' id='word_1_658' title='bbox 2111 4293 2334 4345; x_wconf 89' lang='lat' dir='ltr'><strong>senem,</strong></span> <span class='ocrx_word' id='word_1_659' title='bbox 2369 4278 2566 4333; x_wconf 89' lang='lat' dir='ltr'><strong>dicens</strong></span> <span class='ocrx_word' id='word_1_660' title='bbox 2602 4295 2614 4332; x_wconf 87' lang='lat'><strong>:</strong></span> <span class='ocrx_word' id='word_1_661' title='bbox 2649 4277 2795 4344; x_wconf 89' lang='lat' dir='ltr'><strong>Quid</strong></span> <span class='ocrx_word' id='word_1_662' title='bbox 2829 4293 2998 4347; x_wconf 77' lang='lat' dir='ltr'><strong>parvo</strong></span> <span class='ocrx_word' id='word_1_663' title='bbox 3043 4275 3236 4332; x_wconf 89' lang='lat' dir='ltr'><strong>libello</strong></span> <span class='ocrx_word' id='word_1_664' title='bbox 3278 4276 3498 4332; x_wconf 86' lang='lat' dir='ltr'><strong>factum</strong></span> <span class='ocrx_word' id='word_1_665' title='bbox 3529 4280 3638 4346; x_wconf 89' lang='lat' dir='ltr'><strong>est,</strong></span> <span class='ocrx_word' id='word_1_666' title='bbox 3669 4293 3702 4332; x_wconf 92' lang='grc' dir='ltr'>ο</span> 
     </span>
    </p>
   </div>
   <div class='ocr_carea' id='block_1_92' title="bbox 2002 4366 3700 4438">
    <p class='ocr_par' dir='ltr' id='par_1_92' title="bbox 2002 4366 3700 4438">
     <span class='ocr_line' id='line_1_92' title="bbox 2002 4366 3700 4438; baseline -0.001 -14"><span class='ocrx_word' id='word_1_667' title='bbox 2002 4367 2193 4424; x_wconf 86' lang='lat' dir='ltr'><strong>abba?</strong></span> <span class='ocrx_word' id='word_1_668' title='bbox 2213 4368 2316 4424; x_wconf 88' lang='lat' dir='ltr'><strong>Cui</strong></span> <span class='ocrx_word' id='word_1_669' title='bbox 2344 4385 2516 4426; x_wconf 87' lang='lat' dir='ltr'><strong>senex</strong></span> <span class='ocrx_word' id='word_1_670' title='bbox 2536 4368 2759 4438; x_wconf 90' lang='lat' dir='ltr'><strong>placide</strong></span> <span class='ocrx_word' id='word_1_671' title='bbox 2784 4368 3019 4424; x_wconf 89' lang='lat' dir='ltr'><strong>verbum</strong></span> <span class='ocrx_word' id='word_1_672' title='bbox 3045 4366 3353 4438; x_wconf 89' lang='lat' dir='ltr'><strong>pulchrum</strong></span> <span class='ocrx_word' id='word_1_673' title='bbox 3379 4367 3700 4423; x_wconf 81' lang='lat' dir='ltr'><strong>admodum</strong></span> 
     </span>
    </p>
   </div>
   <div class='ocr_carea' id='block_1_93' title="bbox 2001 4454 3703 4528">
    <p class='ocr_par' dir='ltr' id='par_1_93' title="bbox 2001 4454 3703 4528">
     <span class='ocr_line' id='line_1_93' title="bbox 2001 4454 3703 4528; baseline -0.001 -15"><span class='ocrx_word' id='word_1_674' title='bbox 2001 4462 2069 4513; x_wconf 88' lang='lat' dir='ltr'><strong>et</strong></span> <span class='ocrx_word' id='word_1_675' title='bbox 2097 4458 2266 4514; x_wconf 88' lang='lat' dir='ltr'><strong>valde</strong></span> <span class='ocrx_word' id='word_1_676' title='bbox 2307 4457 2520 4513; x_wconf 90' lang='lat' dir='ltr'><strong>scitum</strong></span> <span class='ocrx_word' id='word_1_677' title='bbox 2561 4462 2650 4514; x_wconf 89' lang='lat' dir='ltr'><strong>est</strong></span> <span class='ocrx_word' id='word_1_678' title='bbox 2681 4457 2927 4528; x_wconf 88' lang='lat' dir='ltr'><strong>locutus,</strong></span> <span class='ocrx_word' id='word_1_679' title='bbox 2959 4455 3040 4513; x_wconf 91' lang='lat' dir='ltr'><strong>sic</strong></span> <span class='ocrx_word' id='word_1_680' title='bbox 3071 4457 3305 4513; x_wconf 90' lang='lat' dir='ltr'><strong>dicens:</strong></span> <span class='ocrx_word' id='word_1_681' title='bbox 3346 4454 3428 4512; x_wconf 89' lang='lat' dir='ltr'><strong>Ne</strong></span> <span class='ocrx_word' id='word_1_682' title='bbox 3467 4456 3703 4512; x_wconf 89' lang='lat' dir='ltr'><strong>tristitia</strong></span> 
     </span>
    </p>
   </div>
   <div class='ocr_carea' id='block_1_94' title="bbox 2003 4546 3702 4616">
    <p class='ocr_par' dir='ltr' id='par_1_94' title="bbox 2003 4546 3702 4616">
     <span class='ocr_line' id='line_1_94' title="bbox 2003 4546 3702 4616; baseline -0.001 -12"><span class='ocrx_word' id='word_1_683' title='bbox 2003 4548 2300 4616; x_wconf 86' lang='lat' dir='ltr'><strong>afﬁciaris,</strong></span> <span class='ocrx_word' id='word_1_684' title='bbox 2333 4565 2365 4603; x_wconf 91' lang='grc' dir='ltr'>ο</span> <span class='ocrx_word' id='word_1_685' title='bbox 2397 4548 2609 4610; x_wconf 85' lang='lat' dir='ltr'><strong>frater;</strong></span> <span class='ocrx_word' id='word_1_686' title='bbox 2644 4565 2775 4603; x_wconf 89' lang='lat' dir='ltr'><strong>nam</strong></span> <span class='ocrx_word' id='word_1_687' title='bbox 2804 4551 2863 4604; x_wconf 89' lang='lat' dir='ltr'><strong>ut</strong></span> <span class='ocrx_word' id='word_1_688' title='bbox 2887 4546 3007 4604; x_wconf 91' lang='lat' dir='ltr'><strong>illic</strong></span> <span class='ocrx_word' id='word_1_689' title='bbox 3038 4547 3360 4604; x_wconf 88' lang='lat' dir='ltr'><strong>habeamus</strong></span> <span class='ocrx_word' id='word_1_690' title='bbox 3399 4546 3702 4611; x_wconf 77' lang='lat' dir='ltr'><strong>fiduciam,</strong></span> 
     </span>
    </p>
   </div>
   <div class='ocr_carea' id='block_1_95' title="bbox 184 4627 3703 4710">
    <p class='ocr_par' dir='ltr' id='par_1_95' title="bbox 184 4627 3703 4710">
     <span class='ocr_line' id='line_1_95' title="bbox 184 4627 3703 4710; baseline -0 -26"><span class='ocrx_word' id='word_1_691' title='bbox 184 4629 521 4685; x_wconf 74' lang='lat' dir='ltr'><strong>laboribus:</strong></span> <span class='ocrx_word' id='word_1_692' title='bbox 557 4635 612 4684; x_wconf 89' lang='lat' dir='ltr'><strong>et</strong></span> <span class='ocrx_word' id='word_1_693' title='bbox 638 4629 740 4700; x_wconf 89' lang='lat' dir='ltr'><strong>qui</strong></span> <span class='ocrx_word' id='word_1_694' title='bbox 771 4627 1089 4684; x_wconf 76' lang='lat' dir='ltr'><strong>esurientes</strong></span> <span class='ocrx_word' id='word_1_695' title='bbox 1120 4627 1214 4685; x_wconf 90' lang='lat' dir='ltr'><strong>hic</strong></span> <span class='ocrx_word' id='word_1_696' title='bbox 1256 4629 1481 4696; x_wconf 89' lang='lat' dir='ltr'><strong>nutriit,</strong></span> <span class='ocrx_word' id='word_1_697' title='bbox 1515 4633 1570 4684; x_wconf 92' lang='lat' dir='ltr'><strong>et</strong></span> <span class='ocrx_word' id='word_1_698' title='bbox 1601 4630 1776 4685; x_wconf 90' lang='lat' dir='ltr'><strong>nudis</strong></span> <span class='ocrx_word' id='word_1_699' title='bbox 1799 4631 1894 4685; x_wconf 91' lang='lat' dir='ltr'><strong>de-</strong></span> <span class='ocrx_word' id='word_1_700' title='bbox 1930 4627 1972 4692; x_wconf 85' lang='lat' dir='ltr'>D</span> <span class='ocrx_word' id='word_1_701' title='bbox 2005 4645 2238 4710; x_wconf 76' lang='lat' dir='ltr'><strong>propter</strong></span> <span class='ocrx_word' id='word_1_702' title='bbox 2277 4637 2662 4694; x_wconf 77' lang='lat' dir='ltr'><strong>ebedientiam</strong></span> <span class='ocrx_word' id='word_1_703' title='bbox 2703 4638 2933 4694; x_wconf 79' lang='lat' dir='ltr'><strong>vendidi</strong></span> <span class='ocrx_word' id='word_1_704' title='bbox 2965 4638 3151 4709; x_wconf 76' lang='lat' dir='ltr'><strong>ipsum</strong></span> <span class='ocrx_word' id='word_1_705' title='bbox 3203 4652 3556 4704; x_wconf 69' lang='lat' dir='ltr'><strong>sermonem,</strong></span> <span class='ocrx_word' id='word_1_706' title='bbox 3602 4636 3703 4708; x_wconf 83' lang='lat' dir='ltr'><strong>qui</strong></span> 
     </span>
    </p>
   </div>
   <div class='ocr_carea' id='block_1_96' title="bbox 184 4717 1896 4789">
    <p class='ocr_par' dir='ltr' id='par_1_96' title="bbox 184 4717 1896 4789">
     <span class='ocr_line' id='line_1_96' title="bbox 184 4717 1896 4789; baseline 0.001 -15"><span class='ocrx_word' id='word_1_707' title='bbox 184 4720 273 4774; x_wconf 89' lang='lat' dir='ltr'><strong>dit</strong></span> <span class='ocrx_word' id='word_1_708' title='bbox 302 4718 670 4788; x_wconf 84' lang='lat' dir='ltr'><strong>vestimenta,</strong></span> <span class='ocrx_word' id='word_1_709' title='bbox 705 4733 857 4774; x_wconf 89' lang='lat' dir='ltr'><strong>nunc</strong></span> <span class='ocrx_word' id='word_1_710' title='bbox 887 4719 1040 4789; x_wconf 88' lang='lat' dir='ltr'><strong>apud</strong></span> <span class='ocrx_word' id='word_1_711' title='bbox 1062 4717 1344 4774; x_wconf 87' lang='lat' dir='ltr'><strong>bonorum</strong></span> <span class='ocrx_word' id='word_1_712' title='bbox 1369 4735 1609 4789; x_wconf 88' lang='lat' dir='ltr'><strong>operum</strong></span> <span class='ocrx_word' id='word_1_713' title='bbox 1635 4735 1896 4776; x_wconf 86' lang='lat' dir='ltr'><strong>remune-</strong></span> 
     </span>
    </p>
   </div>
   <div class='ocr_carea' id='block_1_97' title="bbox 181 4807 1368 4879">
    <p class='ocr_par' dir='ltr' id='par_1_97' title="bbox 181 4807 1368 4879">
     <span class='ocr_line' id='line_1_97' title="bbox 181 4807 1368 4879; baseline -0.001 -15"><span class='ocrx_word' id='word_1_714' title='bbox 181 4813 428 4864; x_wconf 83' lang='lat' dir='ltr'><strong>ratorem</strong></span> <span class='ocrx_word' id='word_1_715' title='bbox 462 4807 675 4864; x_wconf 86' lang='lat' dir='ltr'><strong>fruitur</strong></span> <span class='ocrx_word' id='word_1_716' title='bbox 705 4824 876 4863; x_wconf 89' lang='lat' dir='ltr'><strong>omne</strong></span> <span class='ocrx_word' id='word_1_717' title='bbox 906 4823 1094 4879; x_wconf 87' lang='lat' dir='ltr'><strong>genus</strong></span> <span class='ocrx_word' id='word_1_718' title='bbox 1125 4807 1368 4863; x_wconf 90' lang='lat' dir='ltr'><strong>deliciis.</strong></span> 
     </span>
    </p>
   </div>
   <div class='ocr_carea' id='block_1_98' title="bbox 811 4895 1275 4954">
    <p class='ocr_par' dir='ltr' id='par_1_98' title="bbox 811 4895 1275 4954">
     <span class='ocr_line' id='line_1_98' title="bbox 811 4895 1275 4954; baseline -0.004 -1"><span class='ocrx_word' id='word_1_719' title='bbox 811 4897 1044 4954; x_wconf 86' lang='lat' dir='ltr'><strong>CAPUT</strong></span> <span class='ocrx_word' id='word_1_720' title='bbox 1083 4895 1275 4952; x_wconf 87' lang='lat' dir='ltr'><strong>CXVI.</strong></span> 
     </span>
    </p>
   </div>
   <div class='ocr_carea' id='block_1_99' title="bbox 580 4986 1474 5059">
    <p class='ocr_par' dir='ltr' id='par_1_99' title="bbox 580 4986 1474 5059">
     <span class='ocr_line' id='line_1_99' title="bbox 580 4986 1474 5059; baseline -0.006 -14"><span class='ocrx_word' id='word_1_721' title='bbox 580 4990 694 5045; x_wconf 76' lang='lat' dir='ltr'><strong>Vita</strong></span> <span class='ocrx_word' id='word_1_722' title='bbox 723 4987 938 5044; x_wconf 82' lang='lat' dir='ltr'><strong>abbatis</strong></span> <span class='ocrx_word' id='word_1_723' title='bbox 969 4986 1274 5042; x_wconf 77' lang='lat' dir='ltr'><strong>Bisarionis</strong></span> <span class='ocrx_word' id='word_1_724' title='bbox 1306 4987 1474 5059; x_wconf 83' lang='grc'><strong>(165).</strong></span> 
     </span>
    </p>
   </div>
   <div class='ocr_carea' id='block_1_100' title="bbox 255 5077 1891 5151">
    <p class='ocr_par' dir='ltr' id='par_1_100' title="bbox 255 5077 1891 5151">
     <span class='ocr_line' id='line_1_100' title="bbox 255 5077 1891 5151; baseline -0.002 -16"><span class='ocrx_word' id='word_1_725' title='bbox 255 5078 388 5135; x_wconf 80' lang='lat' dir='ltr'><strong>Fuit</strong></span> <span class='ocrx_word' id='word_1_726' title='bbox 418 5078 657 5151; x_wconf 90' lang='lat' dir='ltr'><strong>quidam</strong></span> <span class='ocrx_word' id='word_1_727' title='bbox 691 5094 884 5146; x_wconf 89' lang='lat' dir='ltr'><strong>senex,</strong></span> <span class='ocrx_word' id='word_1_728' title='bbox 927 5077 1399 5149; x_wconf 87' lang='lat' dir='ltr'><strong>possessionibus</strong></span> <span class='ocrx_word' id='word_1_729' title='bbox 1430 5093 1652 5146; x_wconf 86' lang='lat' dir='ltr'><strong>carens,</strong></span> <span class='ocrx_word' id='word_1_730' title='bbox 1685 5082 1740 5132; x_wconf 86' lang='lat' dir='ltr'><strong>et</strong></span> <span class='ocrx_word' id='word_1_731' title='bbox 1775 5077 1891 5132; x_wconf 89' lang='lat' dir='ltr'><strong>mi-</strong></span> 
     </span>
    </p>
   </div>
   <div class='ocr_carea' id='block_1_101' title="bbox 181 5168 1894 5239">
    <p class='ocr_par' dir='ltr' id='par_1_101' title="bbox 181 5168 1894 5239">
     <span class='ocr_line' id='line_1_101' title="bbox 181 5168 1894 5239; baseline -0.002 -12"><span class='ocrx_word' id='word_1_732' title='bbox 181 5169 450 5235; x_wconf 86' lang='lat' dir='ltr'><strong>sericors,</strong></span> <span class='ocrx_word' id='word_1_733' title='bbox 488 5168 724 5226; x_wconf 90' lang='lat' dir='ltr'><strong>nomine</strong></span> <span class='ocrx_word' id='word_1_734' title='bbox 755 5169 1038 5223; x_wconf 86' lang='lat' dir='ltr'><strong>Bisarion.</strong></span> <span class='ocrx_word' id='word_1_735' title='bbox 1079 5169 1130 5222; x_wconf 91' lang='lat' dir='ltr'><strong>ls</strong></span> <span class='ocrx_word' id='word_1_736' title='bbox 1160 5183 1294 5223; x_wconf 91' lang='lat' dir='ltr'><strong>cum</strong></span> <span class='ocrx_word' id='word_1_737' title='bbox 1325 5169 1575 5223; x_wconf 89' lang='lat' dir='ltr'><strong>venisset</strong></span> <span class='ocrx_word' id='word_1_738' title='bbox 1605 5169 1664 5223; x_wconf 92' lang='lat' dir='ltr'><strong>in</strong></span> <span class='ocrx_word' id='word_1_739' title='bbox 1697 5184 1894 5239; x_wconf 87' lang='lat' dir='ltr'><strong>quem-</strong></span> 
     </span>
    </p>
   </div>
   <div class='ocr_carea' id='block_1_102' title="bbox 184 5258 1893 5328">
    <p class='ocr_par' dir='ltr' id='par_1_102' title="bbox 184 5258 1893 5328">
     <span class='ocr_line' id='line_1_102' title="bbox 184 5258 1893 5328; baseline 0 -13"><span class='ocrx_word' id='word_1_740' title='bbox 184 5261 320 5315; x_wconf 88' lang='lat' dir='ltr'><strong>dam</strong></span> <span class='ocrx_word' id='word_1_741' title='bbox 365 5259 583 5328; x_wconf 91' lang='lat' dir='ltr'><strong>vicum,</strong></span> <span class='ocrx_word' id='word_1_742' title='bbox 637 5259 771 5314; x_wconf 88' lang='lat' dir='ltr'><strong>vidit</strong></span> <span class='ocrx_word' id='word_1_743' title='bbox 829 5259 1160 5313; x_wconf 83' lang='lat' dir='ltr'><strong>mendicum</strong></span> <span class='ocrx_word' id='word_1_744' title='bbox 1220 5258 1443 5313; x_wconf 90' lang='lat' dir='ltr'><strong>nudum</strong></span> <span class='ocrx_word' id='word_1_745' title='bbox 1494 5260 1553 5314; x_wconf 91' lang='lat' dir='ltr'><strong>in</strong></span> <span class='ocrx_word' id='word_1_746' title='bbox 1586 5258 1707 5314; x_wconf 90' lang='lat' dir='ltr'><strong>foro</strong></span> <span class='ocrx_word' id='word_1_747' title='bbox 1738 5275 1893 5315; x_wconf 90' lang='lat' dir='ltr'><strong>mor-</strong></span> 
     </span>
    </p>
   </div>
   <div class='ocr_carea' id='block_1_103' title="bbox 181 5347 1892 5418">
    <p class='ocr_par' dir='ltr' id='par_1_103' title="bbox 181 5347 1892 5418">
     <span class='ocr_line' id='line_1_103' title="bbox 181 5347 1892 5418; baseline 0.001 -14"><span class='ocrx_word' id='word_1_748' title='bbox 181 5351 376 5416; x_wconf 88' lang='lat' dir='ltr'><strong>tuum,</strong></span> <span class='ocrx_word' id='word_1_749' title='bbox 419 5365 596 5404; x_wconf 90' lang='lat' dir='ltr'><strong>unam</strong></span> <span class='ocrx_word' id='word_1_750' title='bbox 654 5348 887 5418; x_wconf 84' lang='lat' dir='ltr'><strong>quidem</strong></span> <span class='ocrx_word' id='word_1_751' title='bbox 928 5348 1120 5402; x_wconf 87' lang='lat' dir='ltr'><strong>ferens</strong></span> <span class='ocrx_word' id='word_1_752' title='bbox 1171 5347 1430 5402; x_wconf 91' lang='lat' dir='ltr'><strong>tunicam</strong></span> <span class='ocrx_word' id='word_1_753' title='bbox 1488 5348 1892 5405; x_wconf 90' lang='lat' dir='ltr'><strong>convenienter</strong></span> 
     </span>
    </p>
   </div>
   <div class='ocr_carea' id='block_1_104' title="bbox 184 5435 1890 5508">
    <p class='ocr_par' dir='ltr' id='par_1_104' title="bbox 184 5435 1890 5508">
     <span class='ocr_line' id='line_1_104' title="bbox 184 5435 1890 5508; baseline -0.002 -14"><span class='ocrx_word' id='word_1_754' title='bbox 184 5436 527 5505; x_wconf 67' lang='lat' dir='ltr'><strong>evangelica:</strong></span> <span class='ocrx_word' id='word_1_755' title='bbox 599 5436 915 5499; x_wconf 87' lang='lat' dir='ltr'><strong>traditioni,</strong></span> <span class='ocrx_word' id='word_1_756' title='bbox 976 5439 1032 5490; x_wconf 89' lang='lat' dir='ltr'><strong>et</strong></span> <span class='ocrx_word' id='word_1_757' title='bbox 1089 5449 1326 5506; x_wconf 86' lang='lat' dir='ltr'><strong>parvum</strong></span> <span class='ocrx_word' id='word_1_758' title='bbox 1379 5435 1890 5508; x_wconf 87' lang='lat' dir='ltr'><strong>superhumerale;</strong></span> 
     </span>
    </p>
   </div>
   <div class='ocr_carea' id='block_1_105' title="bbox 185 5524 1893 5601">
    <p class='ocr_par' dir='ltr' id='par_1_105' title="bbox 185 5524 1893 5601">
     <span class='ocr_line' id='line_1_105' title="bbox 185 5524 1893 5601; baseline -0.001 -17"><span class='ocrx_word' id='word_1_759' title='bbox 185 5527 334 5584; x_wconf 87' lang='lat' dir='ltr'><strong>nihil</strong></span> <span class='ocrx_word' id='word_1_760' title='bbox 363 5528 517 5584; x_wconf 90' lang='lat' dir='ltr'><strong>enim</strong></span> <span class='ocrx_word' id='word_1_761' title='bbox 554 5528 889 5601; x_wconf 89' lang='lat' dir='ltr'><strong>possidebat</strong></span> <span class='ocrx_word' id='word_1_762' title='bbox 914 5530 1116 5599; x_wconf 74' lang='lat' dir='ltr'><strong>praeter</strong></span> <span class='ocrx_word' id='word_1_763' title='bbox 1158 5524 1264 5581; x_wconf 84' lang='lat' dir='ltr'><strong>hoc</strong></span> <span class='ocrx_word' id='word_1_764' title='bbox 1289 5525 1680 5582; x_wconf 91' lang='lat' dir='ltr'><strong>necessarium</strong></span> <span class='ocrx_word' id='word_1_765' title='bbox 1722 5529 1893 5598; x_wconf 88' lang='lat' dir='ltr'><strong>tegu-</strong></span> 
     </span>
    </p>
   </div>
   <div class='ocr_carea' id='block_1_106' title="bbox 2006 4725 3706 4798">
    <p class='ocr_par' dir='ltr' id='par_1_106' title="bbox 2006 4725 3706 4798">
     <span class='ocr_line' id='line_1_106' title="bbox 2006 4725 3706 4798; baseline -0.002 -16"><span class='ocrx_word' id='word_1_766' title='bbox 2006 4727 2150 4782; x_wconf 90' lang='lat' dir='ltr'><strong>mihi</strong></span> <span class='ocrx_word' id='word_1_767' title='bbox 2182 4743 2410 4798; x_wconf 90' lang='lat' dir='ltr'><strong>semper</strong></span> <span class='ocrx_word' id='word_1_768' title='bbox 2442 4727 2668 4783; x_wconf 90' lang='lat' dir='ltr'><strong>dicebat</strong></span> <span class='ocrx_word' id='word_1_769' title='bbox 2701 4744 2714 4781; x_wconf 95' lang='lat'>:</span> <span class='ocrx_word' id='word_1_770' title='bbox 2751 4726 2942 4782; x_wconf 88' lang='lat' dir='ltr'><strong>Vende</strong></span> <span class='ocrx_word' id='word_1_771' title='bbox 2971 4741 3099 4798; x_wconf 70' lang='lat' dir='ltr'><strong>quas</strong></span> <span class='ocrx_word' id='word_1_772' title='bbox 3129 4725 3327 4791; x_wconf 88' lang='lat' dir='ltr'><strong>habes,</strong></span> <span class='ocrx_word' id='word_1_773' title='bbox 3360 4728 3417 4779; x_wconf 89' lang='lat' dir='ltr'><strong>et</strong></span> <span class='ocrx_word' id='word_1_774' title='bbox 3455 4726 3530 4780; x_wconf 88' lang='lat' dir='ltr'><strong>da</strong></span> <span class='ocrx_word' id='word_1_775' title='bbox 3561 4741 3706 4796; x_wconf 90' lang='lat' dir='ltr'><strong>pau-</strong></span> 
     </span>
    </p>
   </div>
   <div class='ocr_carea' id='block_1_107' title="bbox 2005 4813 3707 4889">
    <p class='ocr_par' dir='ltr' id='par_1_107' title="bbox 2005 4813 3707 4889">
     <span class='ocr_line' id='line_1_107' title="bbox 2005 4813 3707 4889; baseline -0.002 -17"><span class='ocrx_word' id='word_1_776' title='bbox 2005 4816 2239 4889; x_wconf 90' lang='lat' dir='ltr'><strong>peribus</strong></span> <span class='ocrx_word' id='word_1_777' title='bbox 2268 4817 2456 4886; x_wconf 79' lang='lat' dir='ltr'><strong>(Marc.</strong></span> <span class='ocrx_word' id='word_1_778' title='bbox 2489 4834 2560 4884; x_wconf 89' lang='lat' dir='ltr'><strong>x;</strong></span> <span class='ocrx_word' id='word_1_779' title='bbox 2597 4817 2753 4871; x_wconf 61' lang='lat' dir='ltr'><strong>Luem</strong></span> <span class='ocrx_word' id='word_1_780' title='bbox 2784 4820 2958 4880; x_wconf 87' lang='lat' dir='ltr'><strong>xvm).</strong></span> <span class='ocrx_word' id='word_1_781' title='bbox 2991 4817 3139 4870; x_wconf 84' lang='lat' dir='ltr'><strong>Sunt</strong></span> <span class='ocrx_word' id='word_1_782' title='bbox 3167 4817 3357 4869; x_wconf 88' lang='lat' dir='ltr'><strong>autem</strong></span> <span class='ocrx_word' id='word_1_783' title='bbox 3390 4813 3516 4867; x_wconf 71' lang='lat' dir='ltr'><strong>alia:</strong></span> <span class='ocrx_word' id='word_1_784' title='bbox 3557 4828 3707 4884; x_wconf 90' lang='lat' dir='ltr'><strong>quo-</strong></span> 
     </span>
    </p>
   </div>
   <div class='ocr_carea' id='block_1_108' title="bbox 2003 4899 3702 4979">
    <p class='ocr_par' dir='ltr' id='par_1_108' title="bbox 2003 4899 3702 4979">
     <span class='ocr_line' id='line_1_108' title="bbox 2003 4899 3702 4979; baseline -0.002 -18"><span class='ocrx_word' id='word_1_785' title='bbox 2003 4924 2116 4979; x_wconf 90' lang='lat' dir='ltr'><strong>que</strong></span> <span class='ocrx_word' id='word_1_786' title='bbox 2148 4923 2241 4963; x_wconf 91' lang='lat' dir='ltr'><strong>res</strong></span> <span class='ocrx_word' id='word_1_787' title='bbox 2275 4907 2537 4978; x_wconf 84' lang='lat' dir='ltr'><strong>plurimae</strong></span> <span class='ocrx_word' id='word_1_788' title='bbox 2569 4921 2636 4961; x_wconf 90' lang='lat' dir='ltr'><strong>ex</strong></span> <span class='ocrx_word' id='word_1_789' title='bbox 2658 4906 2866 4962; x_wconf 89' lang='lat' dir='ltr'><strong>virtute</strong></span> <span class='ocrx_word' id='word_1_790' title='bbox 2884 4907 3057 4975; x_wconf 77' lang='lat' dir='ltr'><strong>gestae</strong></span> <span class='ocrx_word' id='word_1_791' title='bbox 3081 4903 3259 4973; x_wconf 86' lang='lat' dir='ltr'><strong>hujus</strong></span> <span class='ocrx_word' id='word_1_792' title='bbox 3281 4901 3476 4972; x_wconf 86' lang='lat' dir='ltr'><strong>magni</strong></span> <span class='ocrx_word' id='word_1_793' title='bbox 3499 4899 3702 4971; x_wconf 87' lang='lat' dir='ltr'><strong>Patris,</strong></span> 
     </span>
    </p>
   </div>
   <div class='ocr_carea' id='block_1_109' title="bbox 2002 4992 3706 5069">
    <p class='ocr_par' dir='ltr' id='par_1_109' title="bbox 2002 4992 3706 5069">
     <span class='ocr_line' id='line_1_109' title="bbox 2002 4992 3706 5069; baseline -0.003 -18"><span class='ocrx_word' id='word_1_794' title='bbox 2002 5013 2136 5052; x_wconf 91' lang='lat' dir='ltr'><strong>cum</strong></span> <span class='ocrx_word' id='word_1_795' title='bbox 2175 5013 2290 5068; x_wconf 91' lang='lat' dir='ltr'><strong>quo</strong></span> <span class='ocrx_word' id='word_1_796' title='bbox 2314 5013 2420 5052; x_wconf 90' lang='lat' dir='ltr'><strong>nos</strong></span> <span class='ocrx_word' id='word_1_797' title='bbox 2444 5012 2675 5069; x_wconf 91' lang='lat' dir='ltr'><strong>quoque</strong></span> <span class='ocrx_word' id='word_1_798' title='bbox 2702 4995 2863 5068; x_wconf 90' lang='lat' dir='ltr'><strong>digni</strong></span> <span class='ocrx_word' id='word_1_799' title='bbox 2888 4994 3208 5050; x_wconf 86' lang='lat' dir='ltr'><strong>habeamur</strong></span> <span class='ocrx_word' id='word_1_800' title='bbox 3224 4992 3437 5050; x_wconf 90' lang='lat' dir='ltr'><strong>habere</strong></span> <span class='ocrx_word' id='word_1_801' title='bbox 3456 4996 3706 5064; x_wconf 87' lang='lat' dir='ltr'><strong>partem,</strong></span> 
     </span>
    </p>
   </div>
   <div class='ocr_carea' id='block_1_110' title="bbox 2001 5085 2691 5158">
    <p class='ocr_par' dir='ltr' id='par_1_110' title="bbox 2001 5085 2691 5158">
     <span class='ocr_line' id='line_1_110' title="bbox 2001 5085 2691 5158; baseline -0.003 -17"><span class='ocrx_word' id='word_1_802' title='bbox 2001 5087 2186 5158; x_wconf 85' lang='lat' dir='ltr'><strong>gratia</strong></span> <span class='ocrx_word' id='word_1_803' title='bbox 2218 5085 2451 5141; x_wconf 90' lang='lat' dir='ltr'><strong>Christi.</strong></span> <span class='ocrx_word' id='word_1_804' title='bbox 2487 5090 2691 5141; x_wconf 83' lang='lat' dir='ltr'><strong>Amen.</strong></span> 
     </span>
    </p>
   </div>
   <div class='ocr_carea' id='block_1_111' title="bbox 2607 5170 3091 5231">
    <p class='ocr_par' dir='ltr' id='par_1_111' title="bbox 2607 5170 3091 5231">
     <span class='ocr_line' id='line_1_111' title="bbox 2607 5170 3091 5231; baseline -0.004 0"><span class='ocrx_word' id='word_1_805' title='bbox 2607 5173 2839 5231; x_wconf 84' lang='lat' dir='ltr'>CAPUT</span> <span class='ocrx_word' id='word_1_806' title='bbox 2877 5170 3091 5231; x_wconf 84' lang='lat' dir='ltr'><strong>CXVII.</strong></span> 
     </span>
    </p>
   </div>
   <div class='ocr_carea' id='block_1_112' title="bbox 2457 5262 3262 5335">
    <p class='ocr_par' dir='ltr' id='par_1_112' title="bbox 2457 5262 3262 5335">
     <span class='ocr_line' id='line_1_112' title="bbox 2457 5262 3262 5335; baseline -0.006 -15"><span class='ocrx_word' id='word_1_807' title='bbox 2457 5265 2576 5321; x_wconf 77' lang='lat' dir='ltr'><strong>Vita</strong></span> <span class='ocrx_word' id='word_1_808' title='bbox 2613 5267 2782 5320; x_wconf 59' lang='lat' dir='ltr'><strong>beata</strong></span> <span class='ocrx_word' id='word_1_809' title='bbox 2811 5264 3064 5321; x_wconf 71' lang='lat' dir='ltr'><strong>Melianae</strong></span> <span class='ocrx_word' id='word_1_810' title='bbox 3092 5262 3262 5335; x_wconf 75' lang='lat'><strong>(167).</strong></span> 
     </span>
    </p>
   </div>
   <div class='ocr_carea' id='block_1_113' title="bbox 2072 5351 3706 5421">
    <p class='ocr_par' dir='ltr' id='par_1_113' title="bbox 2072 5351 3706 5421">
     <span class='ocr_line' id='line_1_113' title="bbox 2072 5351 3706 5421; baseline -0.001 -13"><span class='ocrx_word' id='word_1_811' title='bbox 2072 5353 2480 5410; x_wconf 85' lang='lat' dir='ltr'><strong>Necessarium</strong></span> <span class='ocrx_word' id='word_1_812' title='bbox 2513 5359 2706 5410; x_wconf 89' lang='lat' dir='ltr'><strong>autem</strong></span> <span class='ocrx_word' id='word_1_813' title='bbox 2740 5353 3087 5417; x_wconf 87' lang='lat' dir='ltr'><strong>existimavi,</strong></span> <span class='ocrx_word' id='word_1_814' title='bbox 3119 5351 3375 5407; x_wconf 90' lang='lat' dir='ltr'><strong>virilium</strong></span> <span class='ocrx_word' id='word_1_815' title='bbox 3402 5365 3631 5421; x_wconf 84' lang='lat' dir='ltr'><strong>quoque</strong></span> <span class='ocrx_word' id='word_1_816' title='bbox 3648 5352 3706 5406; x_wconf 87' lang='lat' dir='ltr'><strong>et</strong></span> 
     </span>
    </p>
   </div>
   <div class='ocr_carea' id='block_1_114' title="bbox 2002 5438 3709 5511">
    <p class='ocr_par' dir='ltr' id='par_1_114' title="bbox 2002 5438 3709 5511">
     <span class='ocr_line' id='line_1_114' title="bbox 2002 5438 3709 5511; baseline -0.003 -13"><span class='ocrx_word' id='word_1_817' title='bbox 2002 5443 2375 5500; x_wconf 87' lang='lat' dir='ltr'><strong>honestarum</strong></span> <span class='ocrx_word' id='word_1_818' title='bbox 2409 5443 2727 5499; x_wconf 89' lang='lat' dir='ltr'><strong>mulierum</strong></span> <span class='ocrx_word' id='word_1_819' title='bbox 2759 5442 3096 5500; x_wconf 90' lang='lat' dir='ltr'><strong>meminisse</strong></span> <span class='ocrx_word' id='word_1_820' title='bbox 3144 5441 3204 5496; x_wconf 89' lang='lat' dir='ltr'><strong>in</strong></span> <span class='ocrx_word' id='word_1_821' title='bbox 3235 5439 3347 5496; x_wconf 88' lang='lat' dir='ltr'><strong>hoc</strong></span> <span class='ocrx_word' id='word_1_822' title='bbox 3377 5439 3546 5507; x_wconf 91' lang='lat' dir='ltr'><strong>libro,</strong></span> <span class='ocrx_word' id='word_1_823' title='bbox 3579 5438 3709 5511; x_wconf 84' lang='lat' dir='ltr'><strong>qui-</strong></span> 
     </span>
    </p>
   </div>
   <div class='ocr_carea' id='block_1_115' title="bbox 2000 5527 3707 5605">
    <p class='ocr_par' dir='ltr' id='par_1_115' title="bbox 2000 5527 3707 5605">
     <span class='ocr_line' id='line_1_115' title="bbox 2000 5527 3707 5605; baseline -0.002 -17"><span class='ocrx_word' id='word_1_824' title='bbox 2000 5532 2112 5589; x_wconf 91' lang='lat' dir='ltr'><strong>bus</strong></span> <span class='ocrx_word' id='word_1_825' title='bbox 2161 5534 2310 5590; x_wconf 90' lang='lat' dir='ltr'><strong>Deus</strong></span> <span class='ocrx_word' id='word_1_826' title='bbox 2361 5532 2597 5605; x_wconf 64' lang='lat' dir='ltr'><strong>aequalia</strong></span> <span class='ocrx_word' id='word_1_827' title='bbox 2636 5533 2868 5590; x_wconf 89' lang='lat' dir='ltr'><strong>donavit</strong></span> <span class='ocrx_word' id='word_1_828' title='bbox 2911 5531 3148 5605; x_wconf 65' lang='lat' dir='ltr'><strong>prmmia</strong></span> <span class='ocrx_word' id='word_1_829' title='bbox 3190 5529 3329 5588; x_wconf 82' lang='lat' dir='ltr'><strong>viris</strong></span> <span class='ocrx_word' id='word_1_830' title='bbox 3368 5530 3462 5602; x_wconf 88' lang='lat' dir='ltr'><strong>qui</strong></span> <span class='ocrx_word' id='word_1_831' title='bbox 3493 5545 3562 5586; x_wconf 86' lang='lat' dir='ltr'><strong>ex</strong></span> <span class='ocrx_word' id='word_1_832' title='bbox 3588 5527 3707 5587; x_wconf 76' lang='lat' dir='ltr'><strong>vir-</strong></span> 
     </span>
    </p>
   </div>
   <div class='ocr_carea' id='block_1_116' title="bbox 261 5634 3703 5716">
    <p class='ocr_par' dir='ltr' id='par_1_116' title="bbox 261 5634 3703 5716">
     <span class='ocr_line' id='line_1_116' title="bbox 261 5634 3703 5716; baseline 0.002 -24"><span class='ocrx_word' id='word_1_833' title='bbox 261 5640 281 5674; x_wconf 70' lang='grc' dir='ltr'><strong>ι</strong></span> <span class='ocrx_word' id='word_1_834' title='bbox 341 5638 540 5716; x_wconf 79' lang='lat' dir='ltr'><strong>Simile</strong></span> <span class='ocrx_word' id='word_1_835' title='bbox 597 5640 814 5697; x_wconf 87' lang='lat' dir='ltr'><strong>dictum</strong></span> <span class='ocrx_word' id='word_1_836' title='bbox 870 5653 998 5709; x_wconf 85' lang='lat' dir='ltr'><strong>cap.</strong></span> <span class='ocrx_word' id='word_1_837' title='bbox 1049 5650 1209 5706; x_wconf 87' lang='lat' dir='ltr'><strong>seq.;</strong></span> <span class='ocrx_word' id='word_1_838' title='bbox 1243 5639 1298 5691; x_wconf 91' lang='lat' dir='ltr'><strong>et</strong></span> <span class='ocrx_word' id='word_1_839' title='bbox 1329 5652 1484 5708; x_wconf 89' lang='lat' dir='ltr'><strong>sup.,</strong></span> <span class='ocrx_word' id='word_1_840' title='bbox 1537 5634 1687 5706; x_wconf 87' lang='lat' dir='ltr'><strong>apud</strong></span> <span class='ocrx_word' id='word_1_841' title='bbox 1750 5634 1964 5711; x_wconf 62' lang='lat' dir='ltr'><strong>Pelag,</strong></span> <span class='ocrx_word' id='word_1_842' title='bbox 2028 5641 2184 5699; x_wconf 89' lang='lat' dir='ltr'><strong>libel.</strong></span> <span class='ocrx_word' id='word_1_843' title='bbox 2245 5661 2322 5714; x_wconf 81' lang='lat' dir='ltr'><strong>v1,</strong></span> <span class='ocrx_word' id='word_1_844' title='bbox 2359 5662 2520 5702; x_wconf 91' lang='lat' dir='ltr'><strong>num.</strong></span> <span class='ocrx_word' id='word_1_845' title='bbox 2554 5647 2634 5716; x_wconf 86' lang='lat'><strong>5;</strong></span> <span class='ocrx_word' id='word_1_846' title='bbox 2699 5643 2872 5715; x_wconf 57' lang='lat' dir='ltr'><strong>Ruit,</strong></span> <span class='ocrx_word' id='word_1_847' title='bbox 2907 5645 2943 5698; x_wconf 94' lang='lat' dir='ltr'><strong>l.</strong></span> <span class='ocrx_word' id='word_1_848' title='bbox 3006 5660 3091 5715; x_wconf 82' lang='grc' dir='ltr'>ιιι,</span> <span class='ocrx_word' id='word_1_849' title='bbox 3151 5639 3703 5710; x_wconf 80' lang='lat' dir='ltr'><strong>num.70,nomin0</strong></span> 
     </span>
    </p>
   </div>
   <div class='ocr_carea' id='block_1_117' title="bbox 184 5709 520 5783">
    <p class='ocr_par' dir='ltr' id='par_1_117' title="bbox 184 5709 520 5783">
     <span class='ocr_line' id='line_1_117' title="bbox 184 5709 520 5783; baseline 0 -15"><span class='ocrx_word' id='word_1_850' title='bbox 184 5709 520 5783; x_wconf 75' lang='lat' dir='ltr'><strong>Serapionis.</strong></span> 
     </span>
    </p>
   </div>
  </div>
