4112 6210
436 393 591 451 1223

2009 386 2371 448 PALLADII

3792 371 3943 433 1224

432 530 553 582 tute
584 528 751 584 vitam
786 541 974 598 egere,
1016 530 1072 580 et
1113 525 1258 597 ipsis
1304 523 1558 579 reddidit
1605 539 1877 579 coronam
1925 539 2125 578 eorum
2160 526 2209 590 Α
2243 529 2330 578 est
2360 524 2417 579 in
2448 523 2791 591 Jerusalem,
2824 520 3045 575 habens
3078 521 3426 573 conventum
3462 514 3760 586 virginum
3784 513 3946 583 quin-

430 616 528 688 qui
560 617 673 688 ipsi
716 616 1034 687 placerunt,
1083 631 1154 669 ne
1195 614 1403 669 molles
1442 617 1768 683 teneraeque
1810 613 2129 668 reddantur

430 723 556 777 quae
588 714 720 761 sunt
762 705 1140 771 socordiores,
1183 708 1238 759 et
1281 707 1619 775 praatextum
1666 707 1924 772 quaerant
1965 707 2021 757 et
2060 718 2128 756 ex

428 799 815 864 cusationem,
849 800 1132 865 tanquam
1165 810 1291 865 quae
1321 793 1435 848 sint
1468 792 1875 848 imbecilliores
1904 792 1972 845 ad
2006 807 2127 847 cer-

428 885 646 941 tamina
680 885 928 955 virtutis,
962 894 1015 939 et
1054 884 1124 938 ad
1158 883 1461 939 honestam
1496 882 1667 937 vitam
1704 882 1991 951 ogendam
2026 883 2127 936 At-

424 991 535 1046 que
566 974 778 1030 multas
806 975 1043 1045 quidem
1078 974 1193 1027 vidi
1228 973 1346 1041 pias
1378 988 1444 1026 ac
1487 971 1808 1041 religiosas,
1856 976 1911 1025 et
1943 969 2125 1041 pluri-

427 1080 556 1120 mas
586 1064 814 1119 virtutis
844 1078 978 1133 ergo
1009 1061 1246 1118 conveni
1278 1066 1335 1115 et
1356 1061 1611 1131 virgines
1641 1064 1697 1115 et
1722 1060 1922 1114 viduas
1943 1076 1956 1127 ;
1979 1060 2127 1113 inter

426 1170 573 1224 quas
613 1158 736 1209 erat
772 1154 944 1207 etiam
994 1152 1328 1206 beatissima
1372 1148 1620 1205 Melania
1656 1151 1911 1205 Romana
1950 1149 2124 1220 (168),

423 1259 550 1313 quae
582 1243 691 1296 fuit
720 1242 957 1312 quidem
989 1240 1110 1295 filia
1141 1238 1395 1296 Marcelli
1427 1239 1755 1295 consularis
1788 1240 1956 1309 (169),
1986 1256 2127 1294 uxor

423 1333 727 1401 cujusdam
771 1330 875 1385 viri
910 1329 1153 1401 quierat
1191 1330 1251 1384 in
1295 1345 1510 1399 magna
1554 1330 1917 1397 auctoritate,
1957 1328 2125 1397 cujus

421 1418 677 1475 nominis
709 1435 825 1473 non
873 1422 1025 1473 recte
1076 1417 1336 1472 memini.
1385 1416 1513 1471 Haec
1557 1434 1689 1471 cum
1733 1425 1886 1472 esset
1925 1416 2122 1484 vidua,

420 1526 594 1581 agens
642 1524 863 1563 annum
913 1508 1263 1579 vigesimum
1326 1508 1649 1563 secundum
1703 1508 1870 1578 (170),
1927 1507 2124 1562 divino

420 1615 617 1655 amore
643 1598 819 1669 digna
851 1596 955 1651 fuit
986 1596 1224 1663 habita;
1258 1601 1314 1651 et
1337 1597 1551 1651 nemini
1577 1598 1897 1668 quidquam
1926 1596 2123 1650 dicens

418 1686 865 1758 (prohibebatur
895 1687 1050 1741 enim
1084 1686 1154 1742 iis
1186 1686 1571 1756 temporibus,
1615 1686 1853 1741 Valente
1893 1689 2123 1741 tenente

418 1776 757 1848 imperium)
790 1792 923 1832 cum
956 1784 1215 1833 curasset
1246 1781 1310 1833 ut
1342 1776 1444 1830 ﬁlii
1476 1776 1565 1831 sui
1598 1776 1993 1831 nominaretur
2027 1783 2125 1829 tu-

2239 617 2537 686 quaginta.

2310 704 2454 759 Cum
2495 719 2607 774 qua
2645 702 2788 757 vixit
2826 701 3001 757 etiam
3044 697 3452 755 nobilissimus
3486 701 3543 750 et
3574 694 3842 749 moribus
3874 693 3944 748 si-

2243 794 2522 849 millimus
2544 800 2600 848 et
2632 793 2985 849 fortissimus
3018 790 3287 845 Ruffinus
3320 803 3389 842 ex
3419 785 3687 856 Aquileia
3717 784 3946 839 civitate

2237 883 2433 952 Italiae,
2468 883 2569 954 qui
2606 891 2803 954 postea
2842 882 3053 952 dignus
3105 884 3190 934 est
3235 879 3470 932 habitus
3522 875 3938 946 presbyteratu,

2237 989 2348 1046 quo
2380 990 2495 1029 non
2527 978 2614 1028 est
2644 974 2913 1029 inventus
2946 972 3091 1026 inter
3122 968 3390 1024 homines
3440 982 3547 1021 nec
3591 965 3750 1020 docti
3783 979 3948 1019 renec

2238 1063 2448 1119 mitior.
2502 1062 2714 1133 Viginti
2748 1066 2939 1117 autem
2986 1064 3042 1116 et
3088 1062 3307 1131 septem
3352 1057 3526 1111 annis
3580 1054 3950 1125 excipiebant

2235 1168 2331 1207 eos
2363 1153 2460 1221 qui
2490 1152 2791 1207 veniebant
2818 1148 3175 1217 Jerosolyma
3208 1146 3324 1202 voti
3368 1162 3567 1213 causa,
3615 1148 3673 1198 et
3717 1143 3947 1213 episco-

2239 1258 2364 1312 pos,
2392 1246 2448 1297 et
2479 1240 2817 1304 monachos,
2852 1245 2908 1295 et
2929 1238 3185 1310 virgines
3209 1242 3266 1292 et
3288 1233 3943 1304 matrimoniojunctos,

2235 1338 2288 1385 et
2318 1330 2575 1385 illustres
2622 1334 2678 1384 et
2723 1330 2958 1400 privatae
2991 1326 3362 1393 conditionis,
3396 1326 3448 1380 ei
3478 1338 3686 1379 omnes
3719 1322 3818 1392 qui
3840 1324 3942 1377 ad-

2234 1422 2546 1477 ventabant
2589 1421 2713 1476 suis
2758 1421 3028 1477 fovebant
3066 1418 3353 1491 expensis.
3386 1416 3681 1471 Juverunt
3710 1431 3944 1487 quoque

2234 1511 2670 1583 schisma(l76)
2722 1509 2878 1581 quod
2937 1509 3250 1565 Paulinum
3301 1506 3663 1571 sectabatur,
3714 1504 3945 1560 circiter

2233 1602 2790 1673 quadringentorum
2833 1602 3089 1655 virorum
3119 1599 3291 1654 vitam
3329 1596 3727 1652 monasticam
3768 1611 3946 1666 agen-

2234 1689 2375 1743 tium
2401 1708 2415 1756 ;
2446 1692 2500 1742 et
2528 1704 2760 1743 omnem
2788 1686 3123 1742 haereticum
3146 1702 3214 1741 ex
3237 1683 3814 1740 Pneumatomachis.
3840 1682 3945 1737 hoc

2233 1782 2322 1832 est
2352 1794 2420 1833 ex
2450 1778 2518 1832 iis
2549 1778 2647 1849 qui
2700 1776 2919 1833 bellum
2952 1783 3156 1848 gerunt
3188 1776 3465 1830 adversus
3498 1777 3773 1828 sanctum
3817 1772 3942 1843 Spi-

418 1871 510 1921 tor
565 1867 691 1936 ipsa
757 1867 1009 1937 acceptis
1075 1866 1199 1920 suis
1260 1865 1598 1934 mobilibus,
1672 1870 1729 1920 et
1793 1866 1849 1920 in
1908 1880 2119 1919 navem
2154 1868 2411 1951 Britum
2466 1884 2808 1937 persuasum
2856 1867 3301 1921 introduxerunt
3358 1864 3419 1919 in
3464 1863 3827 1928 Ecclesium;
3886 1868 3938 1917 et

416 1955 643 2025 injectis
683 1970 816 2011 cum
849 1955 1069 2025 aliquot
1102 1955 1334 2010 famulis
1365 1960 1422 2010 et
1453 1955 1700 2022 ancillis,
1746 1971 1921 2009 cursu
1961 1955 2119 2009 navi-

417 2045 576 2115 gavit
608 2044 1048 2111 Alexandriam;
1083 2053 1133 2099 et
1166 2060 1297 2101 cum
1325 2044 1442 2100 illic
1466 2060 1556 2099 res
1580 2062 1717 2099 suas
1742 2043 2118 2111 vendidisset,

415 2141 471 2189 et
502 2134 560 2189 in
591 2150 801 2189 aurum
855 2134 1143 2189 minutum
1188 2134 1593 2203 convertisset,
1638 2136 1900 2205 ingressa
1940 2137 2029 2188 est
2061 2134 2119 2187 in

413 2229 671 2279 montem
703 2223 920 2289 Nitriaa,
954 2228 1186 2280 sanctos
1232 2224 1425 2279 Patres
1466 2224 1835 2291 conveniens,
1879 2223 2115 2291 Pambo,

411 2319 468 2368 et
496 2314 787 2369 Arsisium
828 2313 999 2384 (171),
1042 2317 1098 2369 et
1143 2314 1518 2385 Serapionem
1572 2329 1876 2385 magnum,
1917 2317 1968 2368 et
2010 2315 2119 2369 Pa-

413 2404 724 2475 pbnutium
757 2403 1086 2473 Scetiotem,
1126 2407 1183 2459 et
1222 2403 1511 2460 lsidorum
1558 2403 1945 2459 confessorem
1993 2404 2118 2475 epi-

414 2508 657 2564 scopum
706 2492 1076 2564 llermipolis,
1118 2500 1173 2547 et
1220 2493 1609 2563 Dioscurum;
1660 2499 1716 2549 et
1752 2497 1981 2549 versata
2028 2496 2118 2549 est

415 2583 569 2654 apud
598 2599 697 2638 eos
726 2583 959 2638 circiter
989 2600 1209 2638 annum
1242 2583 1576 2649 dimidium,
1611 2584 1815 2639 obiens
1846 2581 2115 2637 solitudi-

412 2687 565 2739 nem,
598 2676 655 2727 et
680 2672 886 2727 videns
916 2688 1117 2727 omnes
1147 2677 1402 2727 sanctos.
1438 2677 1573 2727 Post
1606 2672 1724 2725 haec
1757 2679 1945 2726 autem
1980 2688 2114 2726 cum

410 2762 750 2834 Augustalis
780 2760 1140 2816 Alexandria
1173 2761 1486 2831 relegasset
1514 2761 1823 2830 Ieidorum,
1850 2765 1907 2816 et
1937 2760 2115 2816 Pissi-

411 2852 617 2918 mium,
637 2854 692 2905 et
716 2850 1069 2921 Adelphium
1093 2850 1264 2920 (172),
1286 2858 1339 2905 et
1360 2850 1779 2922 Paphnutium,
1802 2854 1858 2905 et
1879 2849 2111 2918 Pambo,

409 2944 467 2995 et
494 2940 645 2995 inter
676 2955 774 2994 eos
821 2940 998 2994 etiam
1042 2939 1415 2995 Ammonium
1464 2940 1758 2995 Parotium
1789 2955 1891 2995 seu
1940 2954 2113 2994 unam

407 3028 723 3084 habentem
757 3028 1106 3095 auriculam,
1132 3040 1184 3084 et
1207 3029 1515 3086 duodecim
1540 3030 1861 3100 episcopos,
1886 3034 1943 3085 et
1967 3044 2117 3101 pres-

409 3119 640 3195 byteros
686 3123 742 3174 et
791 3119 1052 3189 clericos,
1106 3124 1162 3174 et
1220 3118 1625 3187 anachoretas,
1667 3123 1729 3172 ut
1768 3126 1961 3173 essent
1998 3135 2118 3173 om-

408 3222 508 3263 nes
540 3224 783 3263 numero
814 3212 1048 3263 centum
1076 3207 1274 3279 viginti
1310 3224 1429 3271 sex,
1462 3208 1518 3261 in
1555 3206 1921 3262 Palaestinam
1967 3207 2115 3262 circa

406 3299 842 3367 Diocaasaream,
876 3299 1001 3369 ipsa
1040 3316 1138 3353 eos
1168 3304 1253 3352 est
1284 3305 1500 3365 secula,
1544 3298 1628 3353 eis
1686 3314 1752 3352 ex
1806 3298 1927 3352 suis
1978 3315 2108 3368 pro-

409 3384 549 3455 priis
582 3386 845 3457 pecuniis
876 3386 1359 3451 subministrans,
1392 3387 1447 3437 in
1474 3384 1917 3440 necessitatibus
1951 3404 2110 3441 sum-

407 3481 615 3544 ptuum
650 3481 818 3545 utque
850 3476 1122 3529 omnibus
1153 3474 1558 3544 suppeditans.
1592 3474 1734 3529 Cum
1768 3480 1961 3529 autem
1984 3493 2111 3544 pro-

406 3564 743 3619 hiberentur
777 3564 1047 3633 ministri,
1080 3572 1139 3618 ut
1171 3564 1486 3619 narrabant
1516 3569 1915 3631 (conveneram
1952 3568 2105 3623 enim

406 3659 676 3708 sacntum
723 3655 1085 3725 Pissimium,
1145 3657 1456 3725 Ieidorum,
1508 3661 1564 3712 et
1612 3657 2024 3727 Paphnutium,
2056 3669 2111 3716 et

407 3742 837 3813 Ammonium),
883 3744 1003 3800 haec
1034 3746 1199 3800 fortis
1234 3745 1443 3800 mulier
1488 3746 1689 3800 induta
1723 3746 1915 3801 servili
1948 3765 2109 3803 cara-

407 3831 551 3887 cella
580 3833 753 3905 (173),
786 3849 1022 3905 vespere
1070 3835 1153 3891 eis
1206 3834 1432 3890 furebat
1472 3851 1595 3904 quae
1638 3840 1802 3891 erant
1831 3838 1901 3890 ad
1936 3854 2108 3893 usum

406 3924 754 3981 necessaria.
816 3925 958 3981 Cum
1006 3930 1194 3981 autem
1259 3926 1313 3979 id
1366 3926 1732 3996 cognovisset
1788 3927 2112 3982 consularis

407 4012 744 4083 Palestina,
794 4021 851 4070 et
902 4014 1070 4070 vellet
1116 4015 1305 4069 sinum
1356 4031 1527 4070 suum
1570 4016 1833 4085 implere,
1860 4017 2113 4087 speravit

405 4103 529 4158 fore
559 4108 623 4158 ut
650 4120 779 4160 eam
811 4109 1049 4161 terreret
1094 4105 1281 4175 (174);
1315 4120 1564 4175 eamque
1596 4109 1881 4160 retentam
1914 4108 2114 4177 conje-

406 4194 487 4248 cit
517 4194 574 4247 in
620 4210 928 4265 carcerem,
974 4196 1252 4266 ignorans
1294 4196 1418 4264 ejus
1459 4195 1807 4249 libertatem.
1844 4195 1972 4249 Haec
2003 4212 2113 4249 au-

409 4292 521 4336 tem
554 4283 850 4351 signiﬁcat
879 4284 953 4347 ei,
985 4284 1184 4337 dicens
1220 4284 1376 4353 :Ego
1409 4284 1566 4338 illius
1600 4284 1831 4353 quidem
1864 4282 1948 4336 fui
1974 4284 2112 4353 tilia,

412 4370 587 4439 hujus
619 4386 750 4424 vero
785 4386 927 4426 uxor
953 4370 1049 4439 qui
1083 4371 1139 4424 in
1174 4376 1325 4425 terra
1355 4372 1466 4425 fuit
1497 4387 1703 4441 genere
1726 4371 1938 4440 clarus,
1960 4389 2115 4429 nunc

409 4464 599 4512 autem
629 4473 759 4512 sum
790 4457 1001 4512 Christi
1034 4458 1261 4512 ancilla.
1296 4460 1490 4530 Neque
1523 4475 1716 4515 meum
1750 4460 1919 4516 vilem
1960 4463 2113 4519 babi-

408 4550 535 4601 tum
569 4546 919 4617 despexeris,
964 4562 1203 4618 possum
1237 4548 1390 4601 enim
1444 4564 1555 4617 me,
1591 4549 1639 4603 si
1686 4550 1878 4612 velim,
1930 4553 2112 4607 extol-

2233 1957 2433 2013 clerum
2456 1956 2554 2029 qui
2586 1961 2710 2011 erat
2748 1955 2809 2010 in
2841 1970 2906 2011 eo
2946 1954 3090 2018 loco,
3124 1962 3178 2009 et
3222 1952 3390 2009 donis
3421 1956 3478 2008 et
3511 1952 3806 2006 alimentis
3837 1953 3938 2007 ho-

2229 2054 2521 2114 norantes,
2546 2046 2625 2101 sic
2656 2045 2830 2100 vitam
2857 2047 3293 2115 transegerunt,
3318 2041 3616 2098 neminem
3641 2040 3940 2096 oti'enden-

2231 2140 2334 2197 tes.
2369 2137 2462 2192 sed
2509 2151 2743 2191 omnem
2794 2134 3217 2207 propemodum
3265 2132 3467 2189 orbem
3518 2136 3685 2186 terra:
3730 2133 3937 2202 juvan-

2228 2231 2337 2282 tes.

2298 2320 2483 2389 Atque
2536 2318 2608 2371 de
2666 2315 2994 2372 admirabili
3049 2314 3283 2386 quidem
3332 2318 3389 2368 et
3438 2317 3646 2369 sancta
3696 2313 3935 2369 muliere

2227 2405 2476 2462 Melania
2498 2407 2771 2477 superius
2802 2406 3035 2476 quidem
3069 2404 3293 2460 narravi
3325 2402 3669 2474 attingenda
3692 2402 3888 2459 leviter
3914 2422 3932 2471 ;

2230 2494 2413 2551 nihilo
2444 2495 2635 2551 secius
2667 2501 2858 2551 autem
2891 2495 3134 2565 reliqua,
3167 2493 3253 2549 vel
3286 2493 3479 2564 potius
3508 2509 3573 2547 ea
3609 2510 3735 2565 quis
3769 2498 3930 2547 teneo

2226 2585 2507 2639 memoria
2536 2584 2606 2639 de
2628 2586 2756 2655 ejus
2779 2584 3103 2651 virtutibus,
3126 2584 3391 2638 adtexam
3416 2583 3701 2649 oratione,
3726 2598 3931 2653 nempe

2225 2673 2675 2730 inenarrabilem
2694 2674 3146 2745 religiosissima:
3171 2673 3430 2729 mulieris
3458 2673 3935 2741 beneficentiam,

2228 2780 2329 2834 per
2370 2781 2541 2835 quam
2584 2782 2718 2821 cum
2759 2766 2989 2821 beatum
3032 2764 3469 2833 incorruptionis
3511 2763 3929 2820 indumentum

2226 2859 2346 2913 suis
2375 2858 2650 2912 texuisset
2679 2856 2999 2925 laboribus,
3032 2861 3088 2911 et
3117 2872 3244 2926 qua:
3284 2871 3388 2910 non
3430 2858 3615 2925 potest
3661 2870 3938 2909 marces-

2226 2964 2353 3005 cere
2384 2949 2579 3020 gloriae
2620 2964 2918 3015 coronam,
2952 2946 3075 3002 suis
3117 2946 3388 3018 pecuniis,
3420 2945 3654 3016 proprio
3690 2962 3805 3000 suo
3849 2962 3941 3000 cae

2227 3040 2329 3111 piti
2364 3039 2639 3094 fabricata
2669 3044 2819 3094 esset
2846 3041 2903 3092 et
2949 3036 3261 3103 induisset,
3305 3052 3435 3091 cum
3485 3035 3676 3090 multa
3720 3034 3934 3090 fiducia

2225 3131 2360 3185 hinc
2404 3129 2652 3185 excessit
2703 3130 2773 3184 ad
2823 3128 3156 3185 Dominum.
3220 3128 3305 3183 Me
3364 3142 3499 3199 ergo
3554 3125 3930 3197 incipientem

2231 3236 2403 3273 narra
2444 3218 2719 3290 praeclara
2765 3217 2942 3288 hujus
2986 3217 3156 3272 beataa
3188 3216 3467 3284 facinora,
3502 3215 3553 3270 si
3587 3214 3714 3270 volo
3740 3216 3931 3270 dicere

2227 3325 2355 3379 quis
2388 3310 2528 3377 scio,
2565 3317 2790 3380 tempus
2818 3308 3139 3363 deficiente.
3174 3307 3462 3370 Quantam
3490 3305 3723 3376 quidem
3748 3320 3930 3375 opum

2221 3400 2524 3453 materiam
2556 3413 2621 3453 ea
2651 3398 3021 3469 consumpsit
3042 3398 3099 3452 in
3128 3401 3384 3467 egentes,
3419 3393 3636 3451 ccelesti
3669 3398 3932 3465 correpta

2221 3486 2529 3551 desiderio,
2564 3504 2679 3543 non
2721 3488 2969 3541 arbitror
3016 3486 3317 3541 ﬂammam
3364 3486 3541 3556 ignis,
3589 3485 3637 3540 si
3682 3485 3931 3554 incopio-

2221 3592 2347 3631 sam
2381 3576 2649 3631 inciderit
2680 3578 3006 3645 materiam,
3040 3584 3261 3632 tantam
3296 3593 3465 3647 posse
3507 3591 3770 3632 exurere.
3812 3576 3925 3631 Hoc

2221 3672 2416 3722 autem
2451 3683 2565 3723 non
2598 3673 2687 3723 est
2732 3684 2927 3723 meum
2972 3666 3160 3722 solum
3208 3681 3463 3735 narrare,
3495 3666 3598 3721 sed
3640 3668 3817 3721 etiam
3862 3682 3925 3722 eo

2220 3772 2349 3811 rum
2383 3758 2478 3828 qui
2511 3758 2805 3814 Persidem
2839 3764 2895 3813 et
2926 3756 3307 3821 Britanniam,
3339 3760 3395 3813 et
3426 3771 3631 3812 omnes
3664 3755 3929 3811 habitant

2223 3847 2461 3904 insulas.
2494 3848 2912 3903 Beneficiorum
2941 3848 3094 3903 enim
3129 3852 3185 3902 et
3217 3846 3595 3918 largitionum
3628 3846 3806 3915 hujus
3828 3847 3931 3899 im-

2223 3937 2482 3993 mortalis
2544 3939 2771 3993 femina:
2838 3955 2949 3994 non
3002 3938 3299 4003 Occidens,
3362 3953 3479 3991 non
3528 3936 3759 4004 Oriens,
3820 3951 3936 3991 non

2220 4028 2544 4099 Septentrio
2578 4029 2686 4084 fuit
2724 4045 2949 4101 eXpers,
2994 4045 3101 4084 nec
3150 4029 3442 4083 Meridies.
3486 4026 3746 4099 Triginta
3777 4026 3938 4081 enim

2222 4124 2279 4172 et
2322 4126 2534 4189 septem
2584 4136 2767 4174 annos
2819 4118 3081 4190 hospites
3133 4118 3449 4189 excipiens,
3503 4117 3623 4171 illis
3684 4133 3750 4171 ea
3800 4132 3929 4186 quae

2223 4214 2388 4262 erant
2430 4209 2561 4264 usui
2607 4210 2731 4264 suis
2771 4210 3019 4280 praebuit
3056 4207 3416 4278 sumptibus,
3467 4206 3855 4277 ecclesiisque
3884 4213 3937 4260 et

2223 4298 2593 4353 monasteriis
2641 4304 2699 4353 et
2733 4298 3001 4370 hospitiis
3036 4302 3091 4354 et
3141 4297 3510 4363 carceribus;
3558 4300 3615 4352 et
3663 4305 3721 4350 ut
3754 4295 3937 4350 semel

2226 4385 2439 4454 dicam,
2475 4387 2674 4442 nullus
2706 4404 2770 4442 ex
2806 4389 2876 4443 iis
2909 4388 3008 4459 qui
3042 4404 3166 4443 eam
3207 4388 3478 4443 convenit
3526 4402 3643 4441 non
3697 4390 3786 4440 est
3828 4384 3933 4441 ali-

2224 4490 2393 4543 quam
2420 4481 2644 4545 partem
2673 4479 2798 4547 ejus
2821 4492 2997 4548 opum
3023 4481 3392 4541 consecutus,
3416 4474 3935 4547 suppeditantibus

2227 4562 2276 4616 ci
2336 4566 2804 4634 consanguineis,
2855 4570 2910 4622 et
2966 4565 3091 4637 ipso
3149 4566 3292 4634 filio,
3343 4571 3396 4620 et
3451 4562 3935 4634 procuratoribus

405 4636 561 4704 ῙθῐὌξ
606 4650 709 4693 nec
745 4640 905 4708 Ροιθε
957 4652 1049 4693 [ΗΘ
1102 4641 1338 4703 terrere:
1392 4654 1579 4709 neque
1625 4656 1691 4695 ex
1741 4642 1913 4697 rebus
1965 4643 2110 4697 meis
2144 4627 2185 4689 D
2220 4653 2528 4722 quotannis
2576 4657 2850 4725 pecunias
2899 4661 2952 4711 et
2991 4627 3284 4725 tanquam
3328 4651 3625 4709 luculenta:
3671 4650 3933 4707 lucerna

404 4725 625 4798 aliquid
671 4726 930 4798 accipere
958 4745 969 4793 ;
1020 4745 1089 4783 ne
1121 4744 1256 4799 ergo
1306 4728 1449 4783 forte
1482 4728 1755 4798 ignorans
1788 4730 1843 4783 in
1875 4732 2108 4802 aliquod

402 4820 620 4874 crimen
655 4821 898 4890 incidas,
932 4837 1193 4891 quamam
1228 4819 1338 4874 sim
1372 4820 1475 4874 tibi
1524 4818 1826 4875 declaravi.
1875 4823 2111 4894 Oportet

402 4908 557 4962 enim
599 4908 877 4965 adversus
928 4910 1193 4976 stolidos,
1239 4916 1511 4981 tanquam
1556 4925 1695 4964 cane
1733 4914 1789 4964 et
1837 4912 2110 4982 accipitre

402 4998 481 5052 uti
517 4997 697 5052 animi
731 4997 997 5059 elatione,
1032 5004 1088 5053 et
1120 4998 1177 5053 in
1215 5004 1470 5069 tempore
1501 5014 1697 5053 eorum
1733 5000 2017 5070 superbiae
2051 5002 2108 5056 in

398 5089 557 5159 ipsos
579 5086 914 5143 immittere.
955 5089 1116 5143 Tunc
1147 5092 1299 5144 certe
1324 5089 1503 5157 judex
1535 5105 1663 5142 cum
1699 5088 1818 5143 haec
1850 5092 2111 5161 accepis-

397 5182 507 5243 set,
541 5194 598 5233 se
627 5179 944 5244 excusavit,
979 5187 1062 5233 est
1092 5194 1217 5235 eam
1252 5178 1528 5246 adoravit,
1549 5184 1604 5233 et
1626 5178 1803 5247 jussit
1829 5195 1954 5234 eam
1982 5180 2109 5236 abs-

397 5283 509 5337 que
544 5266 659 5324 ullo
690 5266 1109 5338 impedimento
1142 5283 1275 5323 cum
1308 5266 1521 5321 sanctis
1554 5268 1694 5323 viris
1727 5268 1961 5325 versari.

991 5394 1222 5450 CAPUT
1262 5393 1499 5449 CXVIII.

812 5506 928 5561 Vita
961 5505 1174 5577 Ruf/ini
1206 5504 1352 5576 (175)
1382 5501 1713 5572 presbyteri.

472 5627 620 5694 Haec,
672 5634 983 5701 postquam
1034 5632 1093 5686 hi
1145 5634 1375 5688 fuerunt
1427 5629 1694 5697 revocati,
1746 5633 2100 5690 monasterio

399 5717 683 5775 aediﬁcato
712 5717 1115 5791 Jerosolymis,
1150 5722 1351 5792 viginti
1387 5723 1605 5791 septem
1638 5735 1823 5775 annos
1870 5727 2098 5781 versata

2221 4740 2411 4796 oleum
2457 4744 2947 4808 ministrantibus,
2982 4749 3045 4799 ut
3086 4744 3305 4815 fulgido
3356 4743 3575 4798 lumine
3622 4740 3930 4795 ﬂammam

2221 4832 2543 4889 accendens
2561 4832 3261 4906 eleemosynaelargitione
3280 4837 3522 4890 cunctos
3548 4830 3929 4885 illuminaret.

2220 4922 2299 4975 Ea
2341 4927 2533 4976 autem
2571 4939 2701 4979 cum
2745 4925 2801 4977 in
2840 4925 3231 4996 hospitalitate
3271 4924 3409 4978 adeo
3456 4921 3929 4992 perseveraverit,

2217 5027 2285 5065 ne
2322 5011 2580 5082 palmum
2617 5015 2853 5084 quidem
2878 5019 3039 5070 terra:
3072 5014 3348 5084 possedit,
3382 5029 3496 5067 non
3530 5013 3928 5066 abstractaest

2217 5118 2249 5154 a
2288 5101 2601 5171 cupiditate
2636 5102 2736 5157 filii
2764 5105 2833 5157 ab
2867 5120 3060 5159 amore
3083 5102 3438 5169 solitudinis,
3483 5117 3599 5154 non
3623 5115 3748 5153 eam
3784 5098 3927 5154 divi.

2214 5189 2288 5242 sit
2317 5206 2350 5242 a
2380 5188 2657 5245 charitate
2690 5192 2747 5246 in
2778 5191 3075 5247 Christum
3109 5192 3395 5263 unigeniti
3428 5189 3587 5260 (I77)
3621 5188 3721 5242 filii
3773 5186 3932 5241 desi-

2215 5278 2459 5332 derium.
2495 5280 2607 5334 Sed
2640 5282 2768 5350 ejus
2798 5281 3073 5353 precibus
3094 5282 3430 5336 adolescens
3454 5283 3509 5334 et
3534 5279 3605 5333 ad
3629 5292 3925 5333 summam

2212 5368 2470 5435 pervenit
2513 5370 2863 5439 doctrinam,
2908 5372 3293 5442 moribusque
3345 5369 3456 5424 fuit
3493 5368 3928 5431 ornatissimus,

2213 5455 2485 5529 claroque
2517 5464 2573 5514 et
2602 5459 2819 5516 illustri
2868 5462 2979 5517 fuit
3026 5460 3397 5517 matrimonio
3445 5457 3823 5527 conjunctns,
3871 5463 3926 5509 et

2211 5550 2543 5607 mundanos
2566 5560 2651 5607 est
2681 5551 2933 5609 honores
2963 5556 3344 5618 consecutus;
3377 5550 3473 5621 qui
3505 5550 3660 5606 duos
3692 5562 3921 5622 Quoque

2214 5638 2415 5695 habuit
2446 5640 2596 5700 filios
2634 5642 2806 5715 (178),
2859 5644 2956 5716 qui
2989 5648 3334 5700 testarentur
3362 5642 3588 5713 justum
3620 5640 3921 5697 matrimo-

2212 5745 2397 5789 nium.
