4078 6212
248 338 397 401 1225
1535 335 1919 398 HISTORIA
1964 336 2371 400 LAUSIACA.

240 472 329 527 καί
383 469 751 548 εὐσχημόνων
805 472 1176 545 μνημονεῦσαι
1225 470 1277 525 ἐν
1323 464 1658 548 τῷΑβιϐλίῳ
1688 469 1888 543 τούτῳ,
1923 474 1966 540 Α

245 553 329 613 αἰς
381 552 407 605 6
452 546 582 612 Θεὸς
632 548 821 604 τὰ“ίσα
875 553 985 604 τῶν
1030 548 1082 605 ἒν
1132 551 1296 624 ἀρετῇ
1346 546 1693 625 βεϐιωκότων
1740 552 1891 622 αὐτῷ

244 630 501 709 στέφανον
560 628 923 702 ἀποδέδωκεν,
978 631 1110 706 ὑπὲρ
1158 635 1257 685 τοῦ
1310 634 1387 705 μὴ
1443 630 1887 704 καταμαλακίζε-

241 714 361 767 σθαι
403 711 499 774 τὰς
552 711 944 788 ῥᾳθυμοτέρας,
978 713 1069 766 καὶ
1123 712 1491 787 ἀναχαιτίζειν
1545 713 1620 773 ὡς
1670 712 1883 767 ἀσθενε-

238 793 428 869 στέρας
486 792 623 867 πρὸς
679 790 805 855 τοὺς
864 792 1067 853 ἄθλους
1122 795 1223 857 τῆς
1282 794 1481 866 ἀρετῆς
1537 794 1628 847 καὶ
1684 796 1882 869 σεμνοῦ

239 868 361 948 βίου
404 873 762 947 κατόρθωσιν.
798 872 1018 935 Πολλὰς
1073 874 1166 945 μὲν
1206 872 1421 946 ἑώρακα
1468 877 1575 927 τῶν
1624 868 1878 943 εὐσεϐῶν,

233 952 515 1014 πλείσταις
565 950 623 1008 δὲ
668 952 905 1017 ἀστείαις
946 953 1024 1013 εἰς
1076 952 1270 1027 ἀρετήν
1321 952 1696 1028 συντετύχηκα
1740 974 1875 1027 παρ-

233 1036 403 1096 θένοις
433 1056 490 1090 τε
518 1034 608 1091 καί
657 1037 881 1109 χήραις.
915 1040 978 1091 Ἠ
1007 1034 1373 1110 τρισμακαρία
1416 1034 1636 1103 Μελάνη
1690 1037 1873 1104 Σπανή

232 1115 299 1184 ἦν
328 1116 390 1170 τὸ
438 1114 614 1187 γένος,
663 1114 839 1170 εἴτουν
884 1114 1153 1187 Ῥωμαία.
1204 1113 1457 1190 Θυγάτηρ
1514 1114 1609 1186 μὲν
1658 1112 1872 1189 γέγονεν

232 1192 615 1268 Μαρκελλίνου
660 1198 758 1249 τοῦ
809 1194 916 1251 ἀπὸ
966 1194 1206 1265 ὑπάτων,
1256 1192 1445 1269 ἂνδρὸς
1477 1191 1535 1249 δέ
1580 1215 1725 1256 τινος
1769 1195 1873 1250 ἀπὸ

229 1274 555 1349 ἀξιωμάτων
586 1277 720 1351 γυνή
757 1295 770 1308 ’
822 1276 883 1331 οῦ
913 1276 1098 1337 καλῶς
1146 1276 1208 1330 τὸ
1239 1275 1412 1348 ὄνομα
1460 1274 1520 1329 οὐ
1564 1276 1871 1347 μέμνημαι.

226 1356 440 1427 Ταύτης
474 1358 825 1431 χηρευσάσης
874 1355 1117 1411 εἰκοστὸν
1149 1352 1396 1430 δεύτερον
1442 1354 1677 1429 ἀγούσης
1706 1352 1825 1418 ἔτος
1854 1370 1869 1386 ⁸

227 1434 353 1507 ἥτις
414 1437 552 1509 μετὰ
622 1438 721 1505 τήν
796 1436 1001 1492 ἐκείνου
1077 1433 1379 1491 ἀποϐίωσιν
1456 1432 1656 1508 ἔρωτος
1724 1435 1870 1491 θείου

224 1518 617 1588 καταξιωθεῖσα
640 1521 720 1590 τῷ
768 1515 976 1589 αἰωνίῳ
1021 1517 1253 1595 Νυμφίῳ
1304 1518 1547 1595 συνήφθη
1590 1515 1665 1576 εἰς
1710 1517 1870 1578 τέλος

224 1598 554 1675 ἀγαπήσασα
604 1601 795 1652 τοῦτον
833 1619 846 1633 ·
906 1598 994 1652 καὶ
1064 1593 1257 1671 μηδενὶ
1320 1593 1487 1670 μηδὲν
1568 1595 1819 1671 εἰρηκυῖα
1852 1613 1865 1627 ·

220 1675 497 1733 ἐκωλύετο
525 1678 626 1753 γὰρ
672 1676 726 1732 ἐν
770 1682 887 1739 τοῖς
932 1683 1166 1750 καιροῖς.
1213 1675 1517 1757 Οὐάλεντος
1559 1680 1658 1731 τοῦ
1712 1678 1866 1757 βᾷισιτ-
1971 1680 2165 1757 τυχίας
2194 1682 2375 1738 αὐτῶν
2405 1680 2774 1754 καταλλήλως
2815 1682 3197 1754 ἀναπαύοντες,
3231 1683 3451 1746 οἰκείοις
3493 1686 3614 1740 ἀνα-

223 1757 371 1822 λέως
411 1756 587 1837 ἀρχὴν
638 1754 949 1839 ἔχοντοςέν
995 1763 1064 1833 τῇ
1114 1756 1390 1833 βασιλείᾳ,
1429 1759 1704 1830 ποιήσασα
1751 1755 1865 1811 ἐπί·
1901 1835 1934 1839 _
1972 1754 2226 1834 λώμασιν
2276 1759 2699 1837 οἰκοδομοῦντες
2746 1763 2949 1827 πάντας
2996 1764 3123 1827 τοὺς
3167 1763 3615 1839 παρατυγχάνον-

223 1860 427 1914 τροπον
487 1835 584 1895 τοῦ
655 1842 780 1895 υἱοῦ
833 1838 999 1911 αὐτῆς
1079 1841 1466 1913 ὀνομασθῆναι,
1525 1839 1606 1921 τὰΔ
1668 1839 1862 1909 κινητά
1895 1835 2085 1903 Βτας.
2140 1843 2390 1897 ’Ἠνωσαν
2435 1835 2491 1896 δέ
2539 1844 2627 1898 καὶ
2677 1844 2739 1898 τὸ
2791 1843 3002 1921 σχίσμα
3042 1844 3106 1899 τὸ
3154 1835 3290 1899 κατὰ
3337 1835 3609 1901 Παυλῖνον
3698 1860 3701 1865 ’

3508 346 3533 405 1
3546 342 3662 402 226

2603 482 2857 532 ΚΕΦΑΛ.
2901 478 3051 535 Ρ[Η’.

2568 558 2698 632 Περί
2757 558 3036 631 Ῥουφίνου
3072 602 3084 615 .

2065 630 2215 702 Αὕτη
2278 635 2413 705 μετά
2469 636 2567 703 τὴν
2624 630 2927 707 ἀνάκλησιν
2984 639 3091 693 τῶν
3162 638 3355 695 ἒνθὲων
3430 638 3640 714 ἀνδρῶν

1994 718 2359 794 μοναστήριον
2416 716 2644 772 κτίσασα
2700 718 2751 772 ἐν
2806 719 3220 794 Ἱεροσολύμοις
3282 718 3450 775 ε’ίκοσι
3506 721 3637 777 ἑπτά

1990 791 2157 849 ἔτεσιν
2205 793 2479 868 ἐχρόνισεν
2510 797 2564 851 ἐν
2599 800 2667 871 τῇ
2718 791 3105 873 Ἰερουσαλὴμ,
3136 794 3342 875 ἔχουσα
3385 798 3634 855 συνοδίαν

1986 876 2270 947 παρθένων
2304 878 2661 946 πεντήκοντα.

2058 958 2127 1040 ἘΙ
2158 956 2345 1025 συνέζη
2392 957 2481 1011 καὶ
2514 959 2542 1011 6
2588 959 2959 1034 εὐγενέστατος
3004 961 3093 1015 καὶ
3147 962 3489 1040 μονότροφος
3536 961 3626 1016 καὶ

1985 1030 2388 1115 πιϐαρώτατος
2455 1030 2760 1115 Ῥουφῖνος,
2820 1040 2848 1093 6
2906 1041 3009 1095 ἀπὸ
3069 1030 3411 1115 Ἰταλίαίέέ
3471 1048 3628 1099 Ἀκυ-

1983 1114 2145 1186 ληίας
2174 1123 2275 1184 τῆς
2303 1114 2522 1179 πόλεως
2552 1113 2943 1192 πρεσϐυτερίου
2983 1119 3061 1183 εἰς
3089 1120 3311 1195 ὕστερον
3361 1113 3625 1195 καταξιω-

1980 1194 2089 1258 θείς
2122 1213 2136 1229 ·
2188 1196 2250 1250 οὗ
2281 1198 2724 1271 γνωστικώτερον
2755 1198 2847 1252 καὶ
2894 1194 3287 1275 ἐπιεικέστερον
3322 1200 3374 1256 ἓν
3424 1194 3627 1275 ἀνδρᾶ-

1979 1296 2060 1330 σιν
2103 1275 2210 1351 οὐχ
2255 1276 2546 1351 ηὑρίσκετο
2585 1297 2599 1310 ·
2652 1275 2990 1351 δεξιούμενοι
3038 1279 3345 1359 ἀμφότεροι
3394 1280 3445 1336 ἐν
3502 1288 3621 1343 τοῖς

1978 1353 2146 1411 ε’ίκοσι
2189 1358 2324 1411 ἑπτὰ
2372 1356 2541 1413 ἔτεσιν
2586 1358 2714 1421 τοὺς
2763 1353 3398 1435 ἐπιχωριάζοντας-τοῖς
3448 1365 3624 1437 Ἱερο-

1976 1436 2246 1510 σολύμοις
2295 1439 2468 1513 εὐχῆς
2517 1439 2704 1515 χάριν,
2736 1440 3066 1502 ἐπισκόπους
3115 1462 3175 1496 τε
3220 1443 3310 1497 καὶ
3361 1445 3626 1516 μονάζον-

1973 1539 2091 1602 τας,
2116 1517 2416 1602 ,παρθένους
2450 1522 2564 1602 καἰῄ
2588 1521 2715 1584 τοὺς
2744 1521 2796 1602 ἐν
2853 1523 3157 1602 συζυγίαις,
3191 1525 3516 1602 ἀξιολόγους
3563 1547 3622 1581 τε

1974 1599 2063 1655 καὶ
2115 1597 2357 1671 ἰδιώτας,
2404 1601 2495 1656 καὶ
2544 1600 2876 1672 ἁπαξαπλῶς
2935 1597 3314 1675 ἐπιδεομένους
3354 1597 3456 1673 τῆς
3508 1626 3623 1658 συν.

222 1921 396 1977 πάντα
426 1921 621 1991 ἑαυτῆς
670 1918 933 1992 λαϐοῦσα,
983 1923 1073 1976 καὶ
1127 1921 1203 1982 εἰς
1254 1920 1450 1975 πλοῖον
1502 1914 1858 1994 ἐμϐαλομένη

221 2001 358 2074 μετά
389 2007 631 2079 φανερῶν
663 1999 897 2057 παιδίων
929 2003 1018 2057 καὶ
1061 2003 1242 2076 ῥητῶν
1272 1997 1573 2056 παιδισκῶν
1622 1998 1860 2074 δρομαία

213 2082 573 2159 κατέπλευσεν
647 2083 735 2139 ἐπὶ
812 2086 909 2154 τήν
984 2080 1412 2159 Ἀλεξανδρείαν.
1488 2082 1586 2136 Καὶ
1659 2080 1860 2150 ταύτην

210 2158 617 2234 καταλαϐοῦσα,
666 2162 777 2218 ἐκεῖ
832 2158 1253 2233 διαπωλήσασα
1284 2162 1382 2223 τὰς
1439 2160 1597 2231 ὕλας,
1636 2160 1726 2215 καὶ
1783 2161 1858 2224 εἰς

207 2244 415 2318 χρυσὸν
460 2245 994 2318 κατακερματίσασα,
1049 2242 1296 2312 εἰσῆλθεν
1348 2241 1423 2305 εἰς
1474 2242 1537 2297 τὸ
1586 2240 1714 2317 ὄρος
1754 2245 1857 2308 τῆς

210 2323 459 2398 Νιτρίας,
506 2329 623 2386 τοῖς
668 2326 845 2400 ἁγίοις
892 2325 1161 2458 Πατϐράσιν
1208 2320 1681 2399 περιτυγχάνουσα
1731 2329 1852 2386 τοῖς

210 2405 333 2458 περὶ
389 2406 482 2458 τὸν
538 2405 802 2458 μακάριον
863 2411 991 2458 Παυ.
1031 2406 1097 2458 ὼ.
1155 2405 1246 2458 καὶ
1293 2403 1386 2458 τὸν
1443 2406 1544 2457 τοῦ
1609 2405 1852 2458 Χριστοῦ

205 2405 333 2478 περὶ
389 2406 482 2460 τὸν
537 2405 802 2480 μακάριον
862 2403 1097 2478 Παμϐὼ,
1155 2405 1246 2459 καὶ
1293 2403 1386 2458 τὸν
1443 2406 1544 2457 τοῦ
1609 2405 1852 2480 Χριστοῦ

202 2479 405 2539 δοῦλον
469 2479 762 2560 ’Δρσίσιον,
817 2484 909 2541 καὶ
966 2485 1059 2541 τὸν
1121 2485 1284 2560 μέγαν
1360 2485 1698 2560 Σεραπίωνα,
1758 2487 1850 2542 καὶ

198 2565 297 2619 τὸν
345 2566 504 2639 ἅγιον
561 2566 918 2641 Παφνούτιον,
965 2566 1057 2621 καὶ
1116 2566 1206 2620 τὸν
1265 2562 1517 2638 ἀοίδιμον
1571 2563 1846 2641 Ἰσίδωρον

191 2646 294 2700 τὸν
351 2644 728 2721 ὁμολογητην,
787 2647 1080 2703 ἐπίσκοπον
1137 2643 1193 2701 δὲ
1249 2645 1698 2722 Ἐρμουπόλεως,
1747 2651 1840 2705 καὶ

198 2726 298 2780 τὸν
360 2723 733 2799 δοκιμώτατον
794 2730 1091 2803 Διόσκορον
1125 2746 1138 2760 θ
1198 2728 1289 2782 καὶ
1349 2730 1649 2802 χρονίσασα
1713 2733 1841 2807 παρ’

200 2804 392 2869 αὐτοῖς
424 2807 500 2869 ὡς
531 2806 702 2881 ἥμισυ
748 2804 922 2872 ἔτους,
953 2806 1291 2864 κυκλεύουσα
1337 2808 1435 2863 ἀνὰ
1465 2810 1564 2878 τήν
1613 2804 1840 2885 ἔρημον,

198 2887 291 2940 καὶ
334 2891 467 2941 πᾶσι
512 2889 958 2966 συντυγχάνουσα
1000 2893 1118 2951 τοῖς
1149 2887 1345 2965 ἁγίοις.
1380 2891 1527 2944 Μετά
1576 2886 1631 2943 δὲ
1672 2896 1842 2947 ταῦτα

196 2966 299 3021 τοῦ
338 2967 747 3041 Δύγουσταλίου
795 2969 1133 3043 έξορίσαντος
1179 2967 1304 3030 τοὺς
1352 2968 1538 3042 ἁγίους
1582 2972 1839 3044 Πατέρας,

197 3044 507 3123 Ἰσίδωρον,
538 3050 625 3104 καί
658 3050 972 3123 Πισσίμιον,
995 3049 1084 3104 καὶ
1117 3046 1427 3124 Ἀδέλφιον,
1459 3049 1547 3102 καὶ
1582 3051 1842 3125 Παφνού-

194 3148 344 3197 τιον,
373 3130 463 3184 καὶ
513 3126 749 3203 Παμϐὼ,
780 3129 871 3185 καὶ
920 3130 1235 3203 Ἀμμώνιον
1278 3128 1369 3183 τὸν
1418 3128 1717 3202 παρώτιον,
1748 3134 1835 3188 καὶ

1971 1920 2048 1983 ὡς
2080 1917 2287 1996 ἀνδρῶν
2319 1923 2682 1997 τετρακοσίων
2714 1917 3084 1997 μοναζόντων,
3115 1924 3205 1978 καί
3243 1922 3412 1979 πάντα
3460 1927 3610 1999 αἰρε-

1968 2004 2120 2056 τικὸν
2180 2003 2649 2079 Πνευματομάχον
2711 2004 3097 2078 συμπείσαντες
3164 2003 3455 2080 εἰσήγαγον
3532 2005 3611 2068 εἰς

1964 2083 2068 2151 τὴν
2120 2081 2473 2153 Ἐκκλησίαν,
2522 2086 2790 2158 τιμῶντες
2837 2084 2929 2139 τὸν
2975 2082 3114 2139 κατὰ
3166 2082 3334 2139 τόπον
3377 2083 3610 2158 κλῆρον,

1969 2159 2169 2237 δώροις
2219 2184 2275 2218 τε
2321 2164 2409 2218 καὶ
2460 2169 2710 2242 τροφαῖς.
2759 2164 2857 2219 Καὶ
2903 2169 3072 2220 ταῦτα
3121 2170 3402 2228 ποιοῦντες
3462 2165 3606 2222 οὕτω

1964 2242 2055 2319 τὸν
2103 2240 2220 2317 βίον
2273 2243 2326 2298 ἐν
2375 2239 2621 2314 εὐσεϐείᾳ
2669 2241 2993 2316 διετέλεσαν,
3047 2242 3256 2318 μηδένα
3305 2248 3399 2319 μὲν
3447 2268 3607 2303 σκαν-

1965 2318 2301 2395 δαλίσαντες,
2337 2321 2535 2400 σχεδὸν
2567 2322 2625 2381 δὲ
2671 2330 2843 2382 πᾶσαν
2874 2328 2974 2398 τήν
3018 2318 3348 2401 οἰκουμένην
3380 2327 3608 2407 ὠφελή-

1964 2424 2151 2467 σαντες
2163 2450 2172 2461 .

2031 2486 2161 2565 Περὶ
2193 2491 2294 2565 τῆς
2343 2488 2643 2559 θαυμασίας
2671 2488 2763 2543 καὶ
2793 2487 2946 2563 ἁγίας
2988 2486 3261 2551 Μελανίας
3293 2489 3597 2565 ἀκροθιγῶς

1962 2565 2056 2638 μὲν
2085 2564 2195 2620 ἄνω
2246 2563 2598 2642 διηγησάμην
2639 2567 2762 2637 περὶ
2811 2568 3003 2637 αὐτῆς,
3039 2566 3189 2623 οὐδὲν
3239 2565 3296 2623 δὲ
3342 2563 3509 2638 ἧττον
3535 2571 3603 2624 τά

1959 2643 2148 2705 λοιπὰ.
2201 2644 2416 2721 μᾶλλον
2463 2644 2521 2702 δὲ
2567 2646 2600 2702 ἃ
2658 2643 3066 2722 καταλαμϐάνω
3114 2651 3183 2722 τῇ
3246 2650 3440 2724 μνήμῃ
3490 2653 3598 2705 τῶν

1953 2726 2156 2806 ταύτης
2213 2728 2416 2803 ἃρετῶν
2470 2728 2560 2784 καὶ
2618 2732 2708 2784 νῦν
2769 2728 3016 2806 ένυφανῶ
3068 2734 3150 2802 τῷ
3205 2727 3449 2802 ποικίλῳ
3502 2734 3598 2786 τοῦ

1954 2803 2128 2883 λόγου
2157 2813 2378 2889 χιτῶνι,
2412 2805 2775 2883 διηγούμενος
2822 2803 2918 2873 τὰς
2950 2808 3189 2887 ἀφάτους
3212 2815 3314 2878 τῆς
3345 2810 3594 2889 θεοφιλε-

1952 2888 2152 2956 στάτης
2206 2887 2409 2964 ταύτης
2467 2889 2731 2953 εὐποιίας.
2789 2891 2866 2944 Δι’
2925 2891 2997 2945 ὧν
3060 2891 3120 2945 τὸ
3182 2887 3459 2964 μακάριον*
3496 2898 3598 2961 τῆς

1951 2964 2247 3040 ἀφθαρσίας
2294 2962 2499 3039 ἔνδυμα
2555 2968 2778 3030 οἰκείοις
2826 2970 3011 3032 πόνοις
3069 2962 3233 3042 ἑαυτῇ
3274 2962 3590 3045 ἔξυφάνασαί

1948 3047 2160 3101 καὶτὸν
2213 3046 2576 3121 ἀμαράντινον
2613 3055 2711 3117 τῆς
2761 3045 2920 3121 δόξης
2971 3049 3224 3124 στέφανον
3269 3055 3388 3111 τοῖς
3435 3049 3597 3116 ἰδίοις

1949 3132 2062 3205 χρή
2074 3151 2202 3204 μασι
2224 3134 2293 3204 τῇ
2322 3129 2484 3202 τιμία
2505 3128 2673 3198 αὐτῆς
2703 3128 2914 3205 κεφαλῆ
2936 3127 3124 3190 καλῶς
3155 3127 3590 3206 ἐκχαλκεύσασα,

195 3205 417 3288 έτέρορς
464 3197 634 3283 τινὰς,
677 3197 806 3274 τοὺς
852 3197 1053 3274 πάντας
1114 3207 1325 3265 δώδεκα
1378 3197 1713 3274 ἐπισκόπους,
1746 3214 1838 3269 καὶ
1870 3197 1913 3264 C
1951 3197 2579 3288 καῖ”μεταμφιασαμὲνη
2627 3197 3028 3282 μετὰ’πολλῆς
3075 3197 3412 3288 παρρησίας,
3456 3197 3594 3282 πρὸς

189 3285 617 3366 πρεσϐυτέρους,
666 3294 757 3347 καὶ
806 3291 1035 3356 λοιποὺς
1090 3290 1395 3365 κληρικούς
1451 3312 1511 3347 τι
1564 3293 1656 3347 καὶ
1701 3293 1835 3350 ἀνα-

189 3370 484 3442 χωρητάς,
541 3372 615 3433 ὡς
666 3372 903 3447 γίνεσθαι
957 3373 1052 3428 τὸν
1110 3371 1342 3447 ἀριθμὸν
1403 3371 1590 3427 ἑκατὸν
1666 3371 1838 3429 εἷ’κοσι

184 3448 241 3520 ’ἐξ
303 3447 436 3511 τοὺς
490 3450 691 3514 πάντας
750 3448 979 3507 δεκαδύο
1027 3451 1357 3513 ἐπισκόπους
1401 3451 1490 3506 καὶ
1537 3447 1832 3527 πρεσϐυτέ-

192 3549 327 3599 ρους
361 3534 437 3592 εῖς
483 3532 583 3609 τήν
634 3529 1019 3603 Παλαιστίνην,
1050 3533 1172 3607 περῖ
1219 3534 1320 3602 τήν
1372 3533 1784 3609 Διοκαισάρειαν
1818 3554 1831 3568 ·

193 3609 245 3664 ἐν
287 3611 369 3671 οἷς
398 3611 484 3664 καί
518 3608 653 3680 αὑτή
688 3611 1015 3667 συνελθοῦσα
1050 3615 1084 3683 ἡ
1121 3617 1406 3688 μακαρῖτις
1437 3612 1498 3668 ἐκ
1524 3618 1632 3668 τῶν
1680 3611 1835 3671 ἰδίων

194 3690 556 3765 ὑπαρχόντων
605 3688 932 3748 διακονοῦσα
973 3694 1181 3757 αὐτοῖς.
1214 3693 1593 3766 Κωλυομένων
1640 3693 1697 3750 δὲ
1724 3700 1833 3750 τῶν

192 3769 653 3854 ὑπηρετουμένων
732 3772 945 3844 αὐτοῖς,
1005 3775 1079 3837 ὡς
1157 3772 1448 3851 διηγοῦντο
1514 3777 1833 3854 (συνέτυχον

188 3850 323 3931 γὰρ,
356 3850 462 3931 ἐγὼ
511 3859 592 3927 τῷ
647 3852 790 3931 ἁγίῳ
847 3854 1150 3928 Πισσιμίῳ,
1200 3850 1291 3910 καὶ
1350 3855 1695 3931 Παφνουτίῳ,
1734 3850 1833 3912 ⁷καὶ

191 3928 488 4008 Ἰσιδώρῳ,
536 3932 625 3988 καί
675 3928 1028 4007 ’Άμμωνίῳ),
1076 3934 1211 4005 αὕτη
1270 3936 1305 4003 ἡ
1359 3928 1578 4009 ἀνδρεία
1635 3933 1833 3991 παιδα-

193 4012 317 4084 ρίου
366 4012 697 4088 καρακᾶλιον
750 4010 1104 4085 λαμϐάνουσα
1132 4016 1251 4070 καθ’
1293 4016 1519 4088 ἑσπέραν
1570 4014 1834 4093 εἰσέφερεν

190 4094 382 4155 αὐτοῖς
409 4094 475 4148 τὰ
506 4096 641 4167 πρὸς
670 4095 765 4160 τὰς
792 4096 1012 4170 χρείας.
1053 4095 1342 4172 Ἐγνωκὼσ
1370 4094 1462 4151 οὖν
1490 4097 1518 4151 6
1571 4096 1831 4163 ὑπατικὸς

190 4180 296 4243 τῆς
355 4173 740 4246 Παλαιστίνης,
800 4174 1035 4247 θελήσας
1087 4177 1179 4231 ἀπ’
1236 4176 1402 4246 αὐτῆς
1460 4177 1553 4233 τὸν
1624 4179 1832 4235 κόλπον

190 4251 511 4329 πληρῶσαι,
558 4257 646 4311 καὶ
700 4254 1099 4331 προσεδόκησεν
1144 4257 1345 4329 ταύτην
1402 4259 1679 4315 καπνίσαι,
1729 4261 1830 4317 Καὶ

189 4335 481 4410 κατασχὼν
530 4331 724 4392 ἔϐαλεν
774 4337 976 4408 ταύτην
1026 4338 1100 4399 εἰς
1150 4338 1421 4415 φυλακὴν,
1469 4339 1679 4414 ἀγνοῶν
1732 4344 1832 4413 τὴν

189 4414 520 4502 ἐλευθερίαν,
577 4419 764 4489 αὐτῆς.
814 4414 1265 4502 ’Συγκλεισθεῖσα
1324 4419 1380 4475 δὲ
1544 4421 1830 4502 θεοφιλὴς,

191 4495 466 4570 δηλοῖτῷ
502 4499 769 4572 ὑπατικῷ,
814 4498 1049 4575 λέγουσα
1078 4520 1091 4534 ·
1139 4501 1280 4576 Ἐγὼ
1326 4498 1485 4557 τοῦδε
1530 4503 1624 4575 μὲν
1650 4495 1827 4579 ’γεγέ-

188 4597 365 4658 νημαι
413 4579 680 4656 θυγάτηρ,
725 4586 823 4636 τοῦ
875 4580 931 4637 δὲ
975 4583 1107 4657 γυνὴ
1146 4587 1243 4638 τοῦ
1290 4579 1540 4654 ἐπιδόξου
1589 4583 1777 4658 γένους
1811 4606 1824 4619 ·

192 4659 259 4712 τὰ
291 4656 350 4712 δὲ
396 4663 486 4713 νῦν
536 4660 652 4733 εἰμί
697 4658 869 4730 δούλη
906 4656 1160 4736 Χριστοῦ.
1204 4664 1304 4719 Καὶ
1366 4664 1441 4735 μὴ
1487 4667 1556 4736 τῇ
1589 4656 1832 4739 εὐτελείᾳ

192 4742 291 4820 τοῦ
347 4741 633 4820 σχήματός
683 4763 788 4816 μου
836 4740 1126 4820 προσέχων
1176 4743 1544 4817 καταπτύσῃς.
1592 4744 1832 4818 Δύναμαι

192 4818 318 4894 γὰρ,
351 4817 440 4875 ἐὰν
487 4819 652 4893 θέλω,
699 4820 942 4895 ἐμαυτήν
991 4817 1081 4875 καὶ
1133 4822 1341 4894 ὑψῶσαι
1390 4822 1477 4876 καὶ
1529 4820 1832 4895 ἐκδικῆσαι,

193 4901 283 4955 καὶ
316 4902 415 4955 οὐκ
456 4896 604 4976 ἔχεις
637 4925 705 4976 με
749 4902 805 4957 έο
854 4901 1030 4975 τούτῳ
1057 4900 1329 4971 καπνίσαι,
1380 4899 1505 4958 οὐδὲ
1532 4907 1639 4959 τῶν
1686 4902 1832 4977 ἔμῶν

191 5002 242 5036 τι
278 4976 485 5039 λαϐεῖν.
518 4986 680 5038 Ὥστε
711 4980 802 5039 οὖν
828 4980 927 5063 ’ίνα
950 4983 1225 5059 ἀγνοήσας
1261 4985 1337 5059 μή
1388 4982 1601 5060 μέλλῃς
1633 4976 1833 5063 ἐγκλή-

197 5082 327 5134 μασι
387 5063 754 5138 περιπίπτειν,
817 5062 1074 5135 ἐδήλωσά
1146 5085 1253 5121 σοι.
1331 5070 1421 5120 Δεῖ
1476 5066 1606 5141 γὰρ,
1676 5062 1834 5144 φησὶ,

193 5145 331 5199 κατὰ
384 5148 493 5199 τῶν
551 5145 889 5217 ἀναισθήτων
945 5147 1186 5222 καθάπερ
1242 5148 1359 5203 κυνὶ
1421 5146 1455 5215 ἢ
1522 5148 1698 5223 ἱέρακι
1755 5153 1835 5219 τῷ

195 5224 349 5300 τύφῳ
397 5229 723 5305 κεχρῆσθαι,
780 5230 870 5282 καὶ
921 5226 972 5281 ἐν
1016 5228 1191 5303 καιρῷ
1248 5226 1613 5305 ὑπερηφανίας
1658 5229 1836 5283 αὐτῶν

195 5305 426 5368 τούτους
484 5304 781 5387 ἐπαφιέναι.
831 5305 967 5362 Τότε
1015 5308 1248 5370 ἀκούσας
1298 5304 1462 5362 ταῦτα
1510 5308 1538 5360 6
1579 5305 1838 5377 δικαστὴς

198 5384 273 5445 εἰς
307 5384 650 5457 συναίσθησιν
693 5385 892 5457 ἐλθὼν,
923 5388 1011 5442 καὶ
1063 5384 1468 5463 ἀπελογήσατο,
1499 5387 1589 5440 καὶ
1639 5384 1832 5458 ἐδεήθη

198 5463 388 5535 αὐτῆς,
418 5466 506 5520 καί
558 5464 832 5522 ἐκέλευσεν
874 5467 1045 5537 αὐτὴν
1091 5464 1392 5528 ἀκωλύτως
1442 5467 1835 5540 συντυγχάνειν

197 5549 315 5607 τοῖς
346 5544 526 5620 ἁγίοις
558 5545 832 5622 ἀνδράσιν.

1944 3292 2036 3346 τὸν
2071 3291 2200 3346 Θεὸν
2250 3286 2628 3364 ἀπεδήμησεν.
2678 3288 2999 3364 Ἀρξάμενόν
3056 3309 3121 3361 με
3168 3288 3349 3343 τοίνυν
3396 3286 3595 3365 διηγή-

1948 3372 2139 3425 σασθαι
2187 3370 2253 3426 τὰ
2299 3371 2501 3441 ταύτης
2550 3376 2651 3440 τῆς
2706 3368 2973 3444 μακαρίας
3031 3369 3455 3444 κατορθώματα,
3504 3370 3592 3426 έάν

1948 3450 2092 3506 θέλω
2123 3452 2257 3526 ἅπερ
2289 3449 2603 3522 ἐπίσταμαι,
2636 3449 2833 3526 λέγειν,
2869 3447 3140 3523 ἐπιλείψεί
3170 3448 3260 3503 καὶ
3291 3450 3321 3504 6
3372 3451 3589 3526 χρόνος.

1948 3472 2092 3506 υεΛω
2123 3472 2257 3526 απερ
2289 3472 2603 3522 επισταμαι,
2638 3472 2699 3505 Αε
2738 3472 2833 3518 ειν,
2869 3472 3140 3523 επιΑειψει
3170 3472 3260 3503 και
3291 3472 3321 3504 ο
3372 3472 3589 3526 χρονος.

1945 3534 2116 3604 ’Ὀσην
2141 3532 2236 3605 μὲν
2267 3530 2404 3601 ὕλην
2434 3529 2570 3601 αὕτη
2597 3530 2672 3593 εἰς
2700 3472 2998 3603 δεομένους
3019 3526 3292 3599 ἠνάκωσεν
3322 3528 3592 3606 ληφθεῖσα

1945 3618 2026 3686 τῷ
2056 3613 2295 3689 οὐρανίῳ
2329 3611 2507 3684 ζήλῳ,
2542 3610 2640 3666 οὐκ
2690 3611 2847 3683 οἶμαι
2880 3610 3055 3689 πυρὸς
3101 3608 3283 3688 φλόγα
3327 3608 3594 3685 ἐμπεσοῦ-

1946 3715 2041 3749 σαν
2097 3694 2172 3757 εἰς
2220 3691 2479 3772 ἀφθονίαν
2529 3691 2668 3763 ὕλης
2715 3691 2988 3772 τοσαύτης
3043 3688 3347 3772 δυνηθῆναι,
3380 3691 3592 3768 ἐμπρῆ-

1946 3795 2054 3830 σαι.
2082 3769 2356 3829 Τοῦτοδὲ
2405 3772 2503 3827 οὐκ
2534 3773 2665 3844 ἐμόν
2712 3769 2821 3826 ἐστι
2869 3769 3254 3848 διηγήσασθαι,
3304 3770 3451 3828 ἀλλὰ
3496 3775 3588 3830 καὶ

1942 3857 2051 3908 τῶν
2083 3853 2184 3922 τήν
2215 3849 2471 3925 Περσίδα,
2501 3852 2592 3905 καὶ
2645 3849 2985 3925 Βρεττανίας,
3016 3852 3105 3906 καὶ
3154 3850 3248 3912 τὰς
3280 3852 3453 3913 πάσας
3483 3854 3588 3922 νή-

1945 3954 2072 3997 σους
2101 3931 2419 3988 οἰκούντων.
2452 3934 2573 3986 Τῶν
2601 3933 2706 4007 γὰρ
2733 3930 2991 3987 εὐποιιῶν
3018 3929 3110 3985 καὶ
3138 3928 3431 3985 ἐπιδόσεων
3480 3938 3581 3999 τῆς

1941 4014 2206 4069 ἀθανάτου
2255 4010 2479 4081 ταύτης,
2513 4008 2574 4064 οὐ
2623 4011 2802 4082 Δύσις,
2837 4011 2937 4065 οὐκ
2982 4007 3274 4077 Ἀνατολὴ,
3308 4009 3408 4065 οὐκ
3449 4011 3581 4083 Ἀρ-

1940 4114 2090 4166 κτος,
2122 4089 2244 4147 οὔτε
2272 4086 2943 4169 Μεσημϐρίαήστόχησε.
2976 4090 3299 4167 Τριακοστὸν
3333 4092 3435 4167 γὰρ
3485 4092 3576 4146 καὶ

1939 4169 2177 4248 ἕϐδομον
2226 4170 2567 4246 ξενιτεύσασα
2611 4168 2752 4235 ἔτος,
2795 4168 2959 4235 ἰδίοις
3006 4171 3362 4247 ἀναλώμασιν
3407 4172 3578 4246 ἐπήρ-

1940 4275 2082 4327 κεσε,
2123 4254 2213 4309 καὶ
2262 4250 2602 4323 ἐκκλησίαις,
2634 4252 2723 4307 καὶ
2777 4252 3195 4329 μοναστηρίοις,
3243 4255 3333 4309 καὶ
3383 4254 3573 4327 ξένοις,

1939 4335 2029 4391 καὶ
2078 4334 2394 4414 φυλακαῖς⁸
2455 4333 2548 4388 καὶ
2600 4331 2955 4404 ἁπαξαπλῶς,
3007 4329 3184 4396 οὐδεὶς
3238 4337 3346 4390 τῶν
3406 4356 3580 4412 παρα-

1939 4413 2314 4491 τυγχάνοντων
2346 4413 2578 4488 ἄμοιρος
2625 4416 2795 4495 αὐτῆς
2830 4414 3176 4490 ἀνεχώρησεν
3209 4434 3223 4449 °
3274 4419 3586 4495 χορηγούν-

1946 4501 2055 4551 τῶν
2082 4496 2241 4569 αὐτῇ,
2271 4499 2379 4551 τῶν
2429 4496 2564 4569 πρὸς
2594 4494 2766 4570 γένος,
2797 4496 2887 4549 καί
2935 4494 3102 4551 αὐτοῦ
3152 4500 3249 4552 τοῦ
3299 4498 3443 4568 υἱοῦ,
3494 4500 3586 4555 καὶ

1947 4580 2055 4634 τῶν
2087 4576 2257 4645 αὐτῆς
2294 4574 2603 4649 ἐπιτρόπων
2650 4576 2767 4631 κατ’
2796 4570 3022 4656 ἔτος-τὰ
3070 4579 3354 4651 χρήματα,
3406 4580 3585 4656 ὥσπερ

1945 4658 2138 4734 λύχνῳ
2168 4652 2383 4732 φαιδρῷ
2412 4658 2777 4731 χορῆγοῦντες
2806 4655 2869 4711 τὸ
2908 4652 3092 4711 ἔλαιον
3128 4675 3140 4690 ·
3193 4658 3315 4725 ἥτις
3346 4652 3586 4734 λαμπρῷ

1942 4744 2021 4811 τῷ
2077 4736 2217 4815 φωτὶ
2266 4741 2366 4815 τῆς
2425 4734 2803 4809 ἐλεημοσύνης
2868 4738 2969 4803 τήν
3028 4734 3207 4811 φλόγα
3275 4737 3587 4793 ἀνάπτουσα

1944 4812 2111 4893 ἰλαρᾷ
2156 4821 2225 4891 τῇ
2274 4812 2418 4871 δόσει
2468 4816 2669 4876 πάντας
2716 4815 2994 4893 ἐφώτισεν.
3043 4815 3165 4869 Ἐπὶ
3221 4820 3479 4870 τοσοῦτον
3530 4817 3587 4873 δὲ

1944 4903 2013 4972 τῇ
2044 4897 2270 4970 ξενίτείᾳ
2317 4896 2781 4971 ἒγκαρτερήσασα,
2815 4892 2939 4949 οὐδὲ
2991 4896 3268 4969 σπιθαμήν
3321 4895 3584 4969 ἐκτήσατο

1943 4982 2042 5055 γῆς
2076 4995 2089 5009 ⁸
2125 4979 2226 5033 οὐκ
2267 4975 2560 5055 ἐξελκύσθη
2593 4977 2688 5055 τοῦ
2735 4975 2908 5055 πόθου
2939 4977 3037 5042 τῆς
3088 4974 3321 5051 ἐρημίας
3356 4978 3457 5033 ὑπὸ
3485 4984 3585 5046 τῆς

1942 5052 2041 5113 τοῦ
2090 5060 2211 5112 υἱοῦ
2260 5054 2545 5128 ἐπιθυμίας
2581 5075 2593 5088 ·
2643 5052 2741 5108 οὐκ
2802 5054 3047 5128 ἐμέρισεν
3097 5055 3264 5125 αὐτὴν
3309 5060 3409 5124 τῆς
3450 5061 3588 5130 πρὸς

1945 5139 2172 5213 Χριστὸν
2204 5135 2422 5213 ἀγάπης
2457 5136 2484 5190 6
2511 5139 2610 5190 τοῦ
2661 5139 2981 5209 μονογενοῦς
3014 5136 3141 5191 Υἱοῦ
3174 5137 3343 5207 αὐτῆς
3391 5138 3585 5201 πόθος.

1946 5217 2123 5275 Ἀλλά
2168 5222 2287 5278 ταῖς
2351 5221 2685 5292 προσευχαῖς
2743 5220 2859 5277 ταῖς
2913 5217 3089 5280 ὁσίαις
3145 5216 3349 5288 ταύτης
3412 5218 3500 5274 καὶ
3562 5222 3589 5275 6

1945 5300 2212 5372 νεώτερος
2245 5295 2322 5358 εἰς
2373 5293 2532 5369 ἄκρον
2581 5293 2826 5357 παιδείας
2861 5294 3086 5367 ἤλασεν,
3116 5298 3205 5352 καὶ
3244 5298 3321 5361 εἰς
3368 5299 3587 5373 τρόπων

1947 5378 2325 5459 χρηστότητα.
2376 5378 2640 5459 ’Έφθασεν
2692 5374 2750 5430 δὲ
2793 5376 2881 5459 καὶ
2934 5377 3245 5459 εἰς’γάμον
3305 5379 3443 5435 κατὰ
3494 5381 3589 5437 τὸν

1948 5455 2157 5533 κόσμον
2215 5460 2407 5513 τοῦτον
2458 5455 2725 5529 ἐπίδοξον,
2785 5456 2876 5513 καὶ
2934 5458 3084 5521 ἐντὸς
3137 5463 3245 5514 τῶν
3304 5467 3584 5536 κοσμικῶν

1948 5542 2280 5617 ἀξιωμάτων
2311 5537 2542 5617 ἐγένετο.
2576 5541 2776 5614 ’Έσχεν
2811 5537 2868 5595 δὲ
2897 5540 2985 5596 καὶ
3014 5540 3212 5597 τέκνων
3248 5538 3434 5598 δυάδα.
