4078 6212
468 395 493 454 Ι
506 396 618 455 227

1980 381 2346 444 PALLADII

3715 382 3876 442 1238

537 527 686 583 Μετά
714 521 960 586 πολλοὺς
1000 523 1090 578 οὗν
1140 518 1265 582 τοὺς
1297 519 1529 596 χρόνους
1577 517 1853 575 ἀκούσασα
1901 515 2036 585 αὕτη
2071 519 2103 585 ἡ
2137 521 2194 585 Α
2225 535 2408 570 τευτον
2463 515 2814 592 καταλεῖψαι,
2864 511 3099 593 γραίδων
3156 512 3301 590 τάχα
3357 511 3586 570 πὸλλῶν
3640 520 3877 568 συνετῶν

467 617 773 691 σεμνοτάτη
825 615 945 688 περὶ
998 616 1097 682 τῆς
1153 611 1528 672 καταστάσεως
1572 613 1671 675 τῆς
1720 609 1965 685 ἐκγόνης,
2029 607 2110 661 ὅτι

467 702 690 784 ἔγημεν,
730 705 819 760 καὶ
872 701 1185 779 προῄρηται
1239 699 1630 770 ἀποτάξασθαι,
1679 693 1984 777 φοϐηθεῖσα
2034 697 2108 769 μή

466 817 600 852 ποτε
641 794 1011 874 περιρῥαγῶσι
1061 787 1546 860 κακοδιδασκαλίᾳ,
1587 788 1623 858 ἢ
1657 789 1882 862 αἱρέσει,
1931 786 1980 874 ἢΔ
2015 806 2113 840 κα·-

457 871 721 958 ’κοζωίᾳ,ν
768 871 1022 956 ἐξήκοντα
1099 880 1231 937 ἐτῶν
1310 875 1602 954 πρεσϐύτις
1659 875 1795 932 οὖσα
1871 871 2114 932 ἐνέϐαλεν

468 975 666 1044 ἑαυτὴν
701 975 776 1037 εἰς
807 973 1003 1028 πλοῖον
1039 991 1052 1004 ·
1086 972 1172 1025 καὶ
1208 970 1312 1024 ἀπὸ
1343 975 1444 1038 τῆς
1477 968 1786 1042 Καισαρέων
1834 962 2113 1020 ἀποπλεύ-

468 1087 604 1121 σασα
635 1063 706 1122 δι’
756 1064 926 1120 ε’ίκοσι
965 1065 1190 1136 ἡμερῶν
1241 1055 1566 1134 παρεγένετο
1617 1058 1691 1119 εἷς
1725 1057 1972 1129 Ῥώμην,
2021 1055 2112 1109 καί

469 1159 583 1216 τοῖς
629 1153 742 1208 ἐκεῖ
789 1154 1150 1226 συντυχοῦσα,
1190 1149 1280 1202 τὸν
1336 1148 1430 1220 μὲν
1487 1148 1899 1222 μακαριώτατον
1948 1141 2114 1217 ἄνδρα

467 1242 557 1295 καὶ
617 1240 1082 1316 ἀξιολογώτατον,
1136 1236 1524 1310 λαμπρότατον
1572 1235 1924 1314 ’Δπρονιανὸν
1975 1232 2114 1288 "El-

468 1329 610 1400 ληνα
656 1329 780 1386 ὄντα
823 1331 1204 1404 κατηχήσασα,
1263 1327 1582 1400 Χριστιανὸν
1643 1325 1933 1394 ἐποίησεν·
1998 1323 2112 1376 πεί-

467 1441 600 1475 σασα
658 1420 816 1475 αὐτὸν
876 1418 965 1474 καὶ
1023 1416 1438 1492 ἐγκρατεύεσθαι
1494 1416 1628 1488 μετά
1685 1418 1784 1479 τῆς
1857 1413 2114 1488 γυναικὸς

465 1511 678 1571 ἑαυτοῦ.
724 1506 1023 1587 ἀδελφιδῆς
1081 1506 1137 1562 δὲ
1179 1507 1382 1566 ταύτπς
1438 1509 1538 1571 τῆς
1588 1507 1856 1578 μακαρίας
1903 1503 2118 1558 καλου-

468 1600 635 1672 μένης
666 1595 916 1661 Ἀϐίττας
951 1615 963 1628 ·
1001 1596 1293 1672 στηρίξάσα
1336 1593 1392 1651 δὲ
1420 1597 1508 1650 καὶ
1561 1597 1659 1665 τήν
1693 1594 1834 1650 ἰδίαν
1886 1592 2116 1668 ἐκγόνην

466 1687 734 1745 Μελανίαν
764 1690 866 1759 τήν
905 1686 1166 1762 νεωτέραν
1198 1688 1290 1740 σὺν
1337 1689 1416 1757 τῷ
1450 1685 1615 1757 αύτῇς
1648 1682 1802 1758 ἀνδρὶ
1853 1687 2114 1754 Πινιανῶ.

468 1779 788 1852 Κατήχησεν
823 1774 880 1832 δὲ
921 1777 1010 1831 καί
1039 1770 1292 1832 Ἀλϐίναν
1344 1775 1443 1843 τήν
1493 1775 1692 1843 εαυτῆς
1743 1774 1984 1852 νύμφην,
2016 1793 2112 1848 γυ-

466 1872 624 1922 ναῖκα
656 1863 713 1922 δὲ
741 1870 837 1921 τοῦ
868 1867 989 1920 υἱοῦ
1021 1867 1193 1934 αὐτῆς
1221 1883 1234 1896 ·
1284 1865 1372 1919 καὶ
1422 1863 1872 1940 παρασκευάσασα
1911 1863 2113 1925 πάντας

467 1955 694 2019 τούτους
751 1953 1102 2027 διάπῶλῆσαι
1171 1955 1238 2009 τὰ
1316 1956 1656 2029 ὑπάρχοντα,
1707 1960 1808 2023 τῆς
1889 1954 2112 2026 Ῥώμης

471 2047 747 2125 ἐξήγαγεν,
778 2048 867 2102 καὶ
901 2047 988 2102 ἐπὶ
1037 2047 1129 2100 τὸν
1161 2046 1351 2119 σεμνὸν
1399 2045 1487 2100 καὶ
1521 2044 1869 2120 γαληνιῶντα
1917 2044 2116 2118 λιμένα

471 2140 567 2193 τοῦ
601 2138 725 2213 βίου
764 2131 988 2214 ἤγαγεν.
1023 2135 1120 2190 Καὶ
1169 2136 1346 2197 οὕτως
1375 2136 1509 2209 πρὸς
1541 2135 1742 2196 πάντας
1787 2137 1918 2197 τοὺς
1949 2134 1999 2189 ἐν
2046 2137 2116 2208 τῇ

468 2228 657 2302 Ῥώμῃ
713 2223 1108 2302 συγκλθτικοὸς
1156 2225 1623 2300 ἔθηριομάχησεν,
1680 2226 1768 2280 καὶ
1829 2225 1962 2299 πρὸς
2017 2225 2112 2288 τὰς

461 2315 669 2372 τούτων
698 2313 1004 2389 ἐλευθέρας,
1049 2316 1378 2372 κωλυόντων
1430 2313 1567 2387 αὐτῇ
1619 2312 1706 2369 ἐπὶ
1757 2318 1827 2388 τῇ
1863 2315 2110 2390 ἀποταγῇ

463 2410 570 2462 τῶν
601 2405 814 2461 λοιπῶν
847 2405 1085 2460 οἰκείων.
1119 2406 1182 2460 Ἣ
1215 2402 1272 2459 δὲ
1299 2407 1396 2458 τοῦ
1426 2405 1665 2478 Χριστοῦ
1697 2401 1872 2473 δούλη
1926 2402 2108 2478 ἔλεγεν

462 2497 649 2558 αὐτοῖς
681 2517 694 2531 ο
746 2493 965 2564 Παιδία,
1010 2496 1116 2568 πρὸ
1160 2493 1524 2568 τετρακοσίων
1577 2493 1710 2548 ἐτῶν
1763 2492 1969 2572 ἐγράφη
2027 2493 2110 2548 ὅτι

459 2585 668 2664 ’ἐσχάτη
701 2583 818 2658 ὥρα
847 2584 988 2640 ἐστίν
1025 2604 1038 2616 ⁸
1071 2586 1124 2640 τί
1158 2583 1250 2638 οῦν
1284 2582 1731 2657 έμφιλοχωρεῖτε
1761 2586 1828 2654 τῇ
1881 2584 2110 2654 ματαιό-

458 2694 586 2742 τητι
634 2677 730 2728 τοῦ
792 2673 936 2745 βίου,
1000 2675 1076 2742 μή
1127 2692 1259 2726 ποτε
1319 2671 1594 2748 φθάσωσιν
1652 2671 1706 2724 αἱ
1760 2670 1964 2745 ἡμέραι
2013 2675 2110 2726 τοῦ

463 2762 869 2837 Ἀντιχρίστου,
912 2763 998 2816 καί
1038 2763 1114 2834 μή
1164 2759 1426 2830 δυνηθῆτε
1455 2759 1762 2815 ἀπολαῦσαι
1814 2759 1969 2833 ὑμῶν
2015 2764 2111 2816 τοῦ

462 2850 708 2908 πλούτου
737 2852 828 2906 καὶ
865 2855 972 2906 τῶν
1019 2855 1368 2928 προγονικῶν
1405 2851 1556 2924 ὑμῶν
1609 2852 1971 2927 πραγμάτων.
2007 2851 2110 2908 Καὶ

465 2939 556 2998 διὰ
583 2941 789 2998 τούτων
833 2946 942 2998 τῶν
976 2941 1160 3018 λόγων
1210 2943 1417 3004 πάντας
1449 2939 1856 3016 ἐλευθερώσασα
1903 2945 2108 3020 ἤγαγεν

464 3032 552 3088 ἐπὶ
583 3035 675 3088 τὸν
709 3034 926 3108 μονήρη
963 3034 1106 3109 βίον.
1144 3034 1243 3089 Καὶ
1269 3033 1364 3088 τὸν
1399 3030 1725 3088 Ποπλικόλα
1755 3030 1812 3088 δὲ
1839 3035 1952 3088 υἱὸν
1986 3056 2112 3091 κατ-

465 3127 726 3200 ηχήσασα
783 3125 878 3180 τὸν
934 3125 1220 3199 νεώτερον,
1277 3121 1477 3198 ἤγαγεν
1537 3121 1625 3178 ἐπὶ
1681 3125 1781 3192 τὴν
1832 3123 2110 3196 Σικελίαν,

461 3214 530 3269 τά
585 3213 781 3283 ἑαυτῆς
842 3212 1234 3289 ὑπολειφθέντα
1289 3212 1465 3266 πάντα
1523 3210 1964 3282 διαπωλήσασα³
2018 3215 2108 3268 καὶ

2144 1913 2196 1978 Β

2221 607 2308 660 καὶ
2369 605 2675 662 σπουδαίων
2732 608 2930 676 ταύτην
2991 604 3136 662 πολὺ
3200 605 3413 679 μᾶλλον
3485 599 3875 680 διαφέρουσαν.

2221 696 2326 764 Τὴν
2355 695 2472 751 νέαν
2520 695 2700 752 τοίνυν
2746 701 2816 771 τῇ
2847 694 3063 768 ἡλικίᾳ,
3112 690 3402 770 πρεσϐύτιν
3455 691 3509 750 δέ
3558 698 3629 767 τῇ
3680 697 3877 770 γνώμῃ

2220 791 2320 853 τῆς
2353 781 2622 848 εὐσεϐείας
2659 807 2670 820 ·
2721 785 2925 857 ταύτην
2961 785 3053 858 μὶν
3109 787 3204 859 βίᾳ
3234 786 3287 838 οἱ
3336 785 3686 862 γεννήσαντες
3726 785 3879 856 ἤγα-

2221 895 2314 951 γον
2362 877 2500 949 πρὸς
2557 876 2754 952 γάμον,
2817 876 3087 949 ζεύξαντες
3149 875 3314 945 αὐτὴν
3377 879 3455 947 τῷ
3509 877 3718 949 πρώτῳ
3771 882 3875 944 τῆς

2224 967 2466 1037 Ῥώμης.
2499 969 2656 1030 ’Ἠτις
2705 966 2788 1023 ἀεὶ
2818 972 2934 1028 τοῖς
2983 965 3287 1042 διηγήμασι
3338 972 3439 1035 τῆς
3482 966 3680 1034 ἑαυτῆς
3715 967 3880 1037 μάμ-

2227 1077 2335 1127 μης
2393 1056 2694 1131 νυττομένη
2755 1057 2841 1112 ἐπὶ
2899 1063 3147 1112 τοιοῦτον
3207 1055 3538 1129 έκεντρώθη,
3599 1057 3677 1117 ὡς
3732 1053 3879 1128 μηδὲ

2225 1143 2521 1216 δυνηθῆναι
2590 1147 3086 1223 ἐξυπηρετήσασθαι
3158 1151 3240 1219 τῷ
3310 1149 3493 1222 γάμῳ.
3557 1149 3874 1218 Γενομένων

2224 1237 2326 1312 γὰρ
2358 1235 2494 1310 αύτῇ
2535 1234 2630 1292 δύο
2683 1235 2916 1293 παιδίων
2970 1236 3224 1313 ἀρρένων,
3256 1239 3343 1292 καὶ
3397 1238 3501 1290 τῶν
3538 1234 3633 1291 δύο
3685 1237 3882 1292 τελευ-

2224 1325 2528 1395 τησάντων,
2561 1325 2636 1386 εἰς
2680 1332 2938 1382 τοσοῦτον
2971 1332 3126 1400 μῖσος
3169 1331 3267 1382 τοῦ
3304 1328 3483 1402 γάμου
3536 1326 3765 1393 ἤλασεν,
3801 1330 3881 1391 ὡς

2226 1413 2392 1468 εἰπεῖν
2441 1420 2520 1486 τῷ
2568 1416 2759 1485 ἑαυτῆς
2808 1415 2962 1490 ἀνδρὶ
3013 1422 3272 1490 Πινιανῷ,
3323 1421 3403 1488 τῷ
3459 1418 3563 1488 υἱῷ
3619 1421 3873 1490 Σευήρου

2223 1508 2321 1558 τοῦ
2363 1503 2470 1558 ἀπὸ
2518 1503 2797 1580 ἐπάρχων,
2850 1505 2934 1560 ὅτι
2985 1505 3045 1561 Εἰ
3099 1507 3195 1578 μὲν
3242 1507 3494 1581 αἰρήσαις
3547 1510 3874 1576 συνοικῆσαί

2230 1611 2324 1664 μοι
2353 1593 2487 1646 κατά
2516 1593 2607 1647 τὸν
2635 1595 2733 1662 τῆς
2769 1595 3124 1672 σωφροσύνης
3157 1594 3349 1669 λόγον,
3381 1596 3471 1649 καὶ
3501 1593 3776 1665 δεσπότην
3811 1618 3868 1651 σε

2227 1677 2479 1752 οἶδα,καὶ
2529 1681 2714 1756 κύριον
2743 1690 2844 1753 τῆς
2893 1682 3033 1757 ἐμῆς
3073 1689 3220 1753 ζωῆς
3270 1681 3611 1760 ὁμολογήσω
3665 1705 3722 1739 σε
3755 1706 3767 1718 ·
3823 1688 3866 1741 εἶ

2226 1769 2282 1826 δὲ
2317 1772 2483 1848 βάρος
2515 1793 2600 1827 σοι
2627 1778 2789 1829 τοῦτο
2838 1775 2914 1838 ὡς
2941 1775 3191 1849 νεωτέρῳ
3241 1774 3500 1854 φαίνεται,
3532 1776 3709 1830 πάντα
3762 1799 3866 1849 μου

2225 1858 2456 1918 λάϐετᾶ
2502 1865 2820 1940 πράγματα,
2853 1865 2941 1920 καὶ
2992 1866 3156 1938 μόνον
3187 1866 3249 1920 τὸ
3297 1867 3456 1937 σῶμά
3504 1887 3608 1938 μου
3661 1866 3870 1922 ἐλευθέο

2227 1972 2421 2027 ρωσον,
2460 1951 2552 2008 ’ίνα
2600 1953 3018 2035 πληροφορήσῶ
3053 1977 3156 2028 μου
3206 1956 3343 2010 κατά
3372 1957 3499 2010 Θεὸν
3549 1955 3874 2031 ἐπιθυμίαν,

2223 2040 2573 2117 κληρονόμος
2631 2043 2898 2119 γενομένη
2957 2051 3057 2108 τῆς
3117 2043 3250 2099 κατά
3307 2045 3436 2099 Θεὸν
3491 2046 3695 2120 ἀρετῆς

2225 2129 2362 2203 ἐμῆς
2397 2132 2654 2204 μάμμης,
2684 2135 2749 2200 ἧς
2782 2133 2870 2187 καὶ
2900 2133 2961 2187 τὸ
2989 2127 3165 2206 ὄνομα
3196 2131 3333 2208 ἔχω.
3371 2133 3430 2189 Εἰ
3461 2134 3564 2208 γάρ
3595 2130 3863 2190 ἐϐούλετο

2224 2223 2371 2293 ἡμᾶς
2400 2223 2428 2275 6
2459 2222 2588 2282 Θεὸς
2629 2220 2680 2276 ἐν
2729 2227 2808 2294 τῷ
2839 2224 3031 2296 κόσμῳ
3071 2223 3252 2294 τούτῳ
3283 2222 3508 2300 διάγειν,
3542 2226 3627 2279 καὶ
3673 2230 3781 2280 τῶν
3819 2226 3867 2297 ἐξ

2221 2309 2388 2366 αὐτοῦ
2436 2310 2752 2379 ἀπολαύειν,
2803 2311 2902 2366 οὐκ
2945 2310 3003 2367 ἆίν
3052 2335 3160 2386 μου
3209 2308 3400 2369 ἔλαϐεν
3458 2312 3606 2388 ἕέωρα
3658 2317 3725 2368 τα
3770 2337 3866 2370 τε-

2223 2402 2416 2478 χθέντα
2446 2400 2655 2460 παιδία.
2690 2404 2813 2460 Ἐπὶ
2861 2404 3032 2462 πολὺν
3075 2403 3131 2460 δέ
3180 2407 3378 2481 χρόνον
3431 2412 3868 2484 ζυγομαχησάν-

2219 2511 2328 2546 των
2377 2491 2553 2546 αὐτῶν
2614 2491 2690 2555 εἰς
2742 2493 2963 2567 ὕστερον
3011 2495 3038 2549 6
3101 2496 3230 2556 Θεὸς
3277 2500 3728 2570 κατοικτειρήσας
3775 2501 3868 2552 τὸν

2219 2580 2362 2649 νέον,
2395 2579 2640 2650 ἐνέθηκεν
2690 2583 2777 2636 καὶ
2808 2582 2986 2654 τούτῳ
3037 2581 3206 2653 ζῆλον
3245 2581 3574 2658 θεοσεϐείας,
3607 2587 3683 2649 ὡς
3732 2589 3870 2642 ἀποο

2219 2667 2469 2737 τάξασθαι
2515 2671 2658 2744 πάσῃ
2699 2674 2767 2744 τῇ
2814 2669 2918 2743 ὕλῃ
2964 2676 3062 2726 τοῦ
3110 2673 3343 2746 κόσμου,
3376 2674 3450 2735 ὡς
3495 2673 3868 2749 πληρωθῆναι

2220 2757 2282 2811 τὸ
2311 2757 2684 2833 γεγραμμένον
2715 2763 2812 2814 τοῦ
2845 2759 3184 2817 Ἀποστόλου
3217 2761 3379 2838 ῥητόν
3410 2781 3423 2794 ’
3454 2764 3512 2818 Τί
3541 2767 3644 2838 γάρ
3678 2763 3839 2826 οἶδας
3861 2814 3878 2836 ,

2218 2846 2394 2922 γύναι,
2429 2847 2474 2900 εἰ
2506 2847 2596 2902 τὸν
2626 2845 2794 2924 ἄνδρα
2837 2850 3067 2922 σώσεις;
3101 2851 3137 2920 ἢ
3187 2853 3242 2906 τί
3284 2849 3444 2921 οἶδας,
3477 2851 3622 2926 ἄνερ,
3655 2852 3701 2906 εἰ
3753 2857 3866 2924 τὴν

2220 2942 2445 3014 γυναῖκα
2481 2937 2711 3010 σώσεις;
2749 2941 3048 3014 Γημαμένη
3101 2941 3190 2997 οὖν
3241 2940 3519 3016 δεκατριῶν
3565 2941 3735 3015 ἐτῶν,
3765 2947 3869 2999 καὶ

2220 3030 2493 3099 συζήσασα
2538 3033 2617 3101 τῷ
2663 3026 2814 3104 ἀνδρὶ
2868 3032 3005 3086 ἐπτά
3051 3027 3170 3104 ἔτη,
3210 3039 3291 3106 τῷ
3334 3032 3560 3106 εἰκοστῷ
3599 3029 3708 3089 ἔτει
3755 3036 3872 3090 ἀπ-

2221 3119 2568 3191 ετάξατο.Καὶ
2593 3122 2805 3186 πρῶτον
2835 3121 2929 3193 μὲν
2953 3121 3125 3176 πάντα
3147 3122 3314 3192 αὐτῆς
3336 3123 3402 3178 τὰ
3423 3125 3622 3198 σηρικά
3651 3127 3865 3201 ἡμισό-

2222 3229 2335 3282 ρια,
2359 3207 2694 3282 καλύμματα
2721 3216 2838 3274 τοῖς
2887 3212 3289 3286 θυσιαστηρίοις
3329 3211 3662 3289 ἐδωρήσατο.
3691 3222 3865 3272 Τοῦτο

3806 2054 3832 2064 ~

3765 2067 3834 2114 τη
3847 2069 3870 2107 ς

463 3302 557 3364 τὰς
580 3301 743 3376 τιμὰς
795 3299 1169 3374 ὑποδεξαμένη
1203 3299 1368 3369 ἦλθεν
1419 3299 1585 3355 πάλιν
1632 3301 1720 3355 ἐπὶ
1767 3302 1832 3356 τὰ
1873 3303 2109 3376 Ἱεροσό-
2137 3307 2182 3376 C
2223 3296 2279 3354 δὲ
2308 3296 2608 3368 πεποίηκεν
2639 3299 2728 3354 καὶ
2769 3301 2804 3367 ἡ
2855 3296 3271 3374 σεϐασμιωτάτη
3326 3303 3648 3378 Ὀλυμπιάς.
3677 3306 3752 3359 Τὰ
3806 3305 3867 3362 δὲ

464 3387 636 3462 λυμα,
676 3388 766 3443 καὶ
817 3385 1143 3460 διανείμασα
1190 3388 1287 3449 τὰς
1339 3386 1472 3448 ὕλας
1517 3387 1665 3449 ἐντὸς
1714 3389 2110 3462 τεσσαράκοντα

463 3480 686 3552 ἡμερῶν
738 3476 1011 3552 ἐκοιμήθη
1059 3473 1111 3530 ἐν
1161 3477 1318 3552 γήρει
1364 3475 1521 3548 καλῷ
1566 3477 1654 3530 καὶ
1703 3476 1862 3549 τιμίᾳ
1914 3480 2109 3553 μνήμη

464 3567 553 3620 καὶ
602 3565 876 3640 βαθυτάτῃ
931 3565 1194 3640 πραΰτητι
1243 3569 1471 3639 κομῶσα
1513 3569 1632 3627 ταῖς
1691 3564 2110 3640 ἐλεημοσύναις,

465 3651 553 3707 καί
583 3654 662 3725 τῷ
691 3655 884 3727 καρπῷ
931 3655 1038 3710 τὼν
1072 3652 1290 3729 ἀγαθῶν
1338 3650 1509 3730 ἔργων
1545 3655 1843 3730 βριθομένη
1880 3675 1892 3688 ⁸
1945 3678 2108 3713 κατα-

465 3740 697 3816 λείψασα
751 3745 840 3802 καὶ
893 3745 1261 3819 μοναστήριον
1319 3742 1370 3800 ἐν
1427 3743 1856 3821 Ἱεροσολύμοις,
1912 3747 2001 3802 καὶ
2045 3748 2111 3802 τὰ

462 3839 563 3904 τῆς
596 3840 773 3908 μονῆς
803 3835 1162 3908 ἀναλώματα.

535 3929 624 3989 Ὠς
656 3924 713 3982 δὲ
743 3927 937 3988 πάντες
979 3926 1129 3982 οὗτοι
1181 3928 1232 3982 οἱ
1271 3928 1374 3982 ὑπὸ
1404 3933 1504 3996 τῆς
1559 3926 1825 4003 μακαρίας
1858 3929 2112 4000 Μελάνης

463 4017 862 4091 κατηχηθέντες
910 4023 1008 4086 τῆς
1059 4016 1278 4091 Ῥώμης
1328 4015 1708 4092 ἀνεχώρησαν,
1769 4015 1974 4073 θύελλά
2027 4039 2111 4080 τις

466 4101 798 4180 βαρϐαρική,
858 4106 892 4174 ἡ
954 4104 1044 4159 καὶ
1102 4104 1153 4159 ἐν
1210 4105 1573 4182 προφητείαις
1633 4105 1801 4161 πάλαι
1861 4106 2108 4180 κειμένη,

464 4190 660 4263 ἐπέστη
720 4197 788 4266 τῇ
846 4194 1057 4265 Ῥώμῃ,
1119 4194 1208 4247 καὶ
1271 4194 1372 4248 οὐκ
1425 4190 1603 4248 ε⁸ίασεν
1666 4192 1790 4249 οὐδὲ
1846 4196 1972 4256 τοὺς
2028 4193 2110 4249 ἐπ’

462 4285 639 4358 ἀγορᾷ
680 4281 999 4356 ἀνδριάντας
1051 4282 1317 4355 χαλκοῦς,
1351 4281 1517 4352 ἀλλά,
1569 4284 1744 4337 πάντα
1794 4285 2111 4359 πορθήσασα

465 4368 774 4445 βαρϐαρικῇ
825 4371 1072 4441 ἀπονοίᾳ,
1124 4370 1439 4445 παρέδωκεν
1501 4371 1773 4444 ἀπωλείᾳ,
1834 4374 1909 4436 ὡς
1960 4375 2109 4451 γενέ-

465 4463 583 4514 σθαι
617 4461 717 4527 τὴν
764 4461 1009 4531 Ῥώμην,
1059 4462 1160 4529 τὴν
1219 4461 1271 4516 ἐν
1333 4463 1543 4536 χιλίοις
1595 4459 1902 4527 διακοσίοις
1944 4464 2111 4523 ἔτεσιν

465 4547 949 4626 φιλοκαληθεῖσαν,
981 4551 1116 4605 κατά
1162 4552 1260 4620 τὴν
1291 4558 1389 4620 τῆς
1444 4548 1729 4626 Σιϐύλλης
1781 4557 1960 4630 ῥῆσιν,
2005 4559 2108 4630 ῥύ-

467 4662 600 4713 μην.
629 4641 761 4696 Τότε
809 4641 860 4696 oi
906 4642 1313 4717 κατηχηθέντες
1361 4638 1584 4721 ἔχαιρον
1630 4648 1707 4720 μὴ
1759 4669 2112 4722 συμπαραπε-

465 4731 646 4794 σὸντες
703 4736 818 4794 τοῖς
881 4731 1264 4802 ἀνηκεστάτοις
1325 4740 1515 4800 κακοῖς
1587 4743 1686 4806 τῆς
1763 4741 2105 4812 πορθήσεως,

464 4821 778 4891 δοξάζοντες
835 4822 924 4876 τὸν
977 4822 1106 4878 Θεὸν
1158 4821 1246 4878 ἐπὶ
1302 4829 1372 4899 τῇ
1422 4824 1615 4900 ἀρίστῃ
1665 4823 1944 4903 μεταϐολῇ
1996 4834 2104 4885 τῶν

464 4913 820 4987 πραγμάτων,
872 4911 961 4966 καὶ
1009 4917 1077 4987 τῇ
1129 4911 1417 4990 παραδόξῳ
1467 4916 1639 4972 αὐτῶν
1691 4921 1960 4994 σωτηρίᾳ,
2013 4921 2102 4976 τὸν

463 5000 649 5062 αὐτοῖς
680 4996 861 5077 ἔργοις
894 5001 1150 5058 πείσαντα
1179 5004 1306 5068 τοὺς
1337 5005 1618 5070 ἀπίστους,
1654 5008 1737 5062 ὅτι
1780 5013 1885 5063 τῶν
1921 5007 2105 5066 ἄλλων

462 5091 680 5146 πάντων
728 5089 1286 5166 αἰχμαλωτισθέντων
1340 5095 1492 5149 οὗτοι
1555 5097 1712 5169 μόνοι
1772 5094 2105 5169 διεσώθησαν

463 5181 514 5236 οἱ
576 5181 713 5236 οἶκοι
774 5180 1140 5256 ὁλοκαύτωμα
1197 5185 1474 5260 γενόμενοι
1523 5190 1602 5258 τῷ
1662 5187 1842 5262 Κυρίῳ
1892 5171 2103 5264 σπουδῇ

461 5269 719 5342 Μελάνης
747 5279 846 5342 τῆς
895 5270 1151 5346 ἀοιδίμου
1190 5275 1280 5328 καὶ
1333 5275 1626 5346 ἀθανάτου,
1675 5281 1781 5331 τῶν
1831 5275 2103 5334 ἐναντιου-

462 5361 636 5432 μένων
714 5362 962 5436 σωτηρίᾳ
1031 5360 1277 5438 ἄπρακτα
1358 5365 1760 5436 μετανοούντων
1836 5367 1934 5442 όψέ
2007 5374 2102 5425 τοῦ

458 5456 669 5526 καιροῦ.

1056 5539 1308 5592 ΚΕΦΔΛ.
1352 5539 1502 5593 ΡΙΘ’.

853 5613 980 5689 Περί
1015 5611 1272 5686 Μελάνης
1295 5617 1392 5684 τῆς
1425 5617 1708 5691 νεωτέρας.

534 5688 754 5778 ’ξῖπειδὴ
804 5688 888 5778 δέε
933 5688 1380 5774 νπροϋπεσχόμην
1422 5688 1680 5774 ἀνωτέρω
1739 5697 2099 5778 διηγήσασθαι

462 5768 581 5855 περί
615 5774 709 5823 τοῦ
740 5769 957 5825 παιδίου
1007 5768 1281 5844 Μελαίνης,
1316 5768 1610 5852 ἀναγκαῖον
1654 5779 1716 5834 τὸ
1751 5768 1914 5855 χρέος
1963 5785 2100 5838 ἀπο-

462 5844 644 5901 δοῦναί
683 5870 748 5920 με
777 5854 891 5902 νῦν.
925 5850 997 5903 Ού
1047 5854 1153 5926 γὰρ
1184 5852 1391 5908 δίκαιον
1429 5844 1802 5933 ’ὑπεριδόντάξ
1845 5865 1993 5935 ἡμᾶς
2039 5867 2098 5920 τὸ

458 5926 658 5999 ταύτης
687 5927 947 6001 νεώτερον
992 5928 1046 5983 ἐν
1095 5934 1273 6006 σαρκὶ,
1306 5926 1570 6014 τοσαύτην
1619 5939 1819 6018 ἀρετὴν
1867 5926 2097 6020 ἀστηλί-

2223 3386 2397 3442 λοιπά
2426 3388 2624 3462 σηρικά
2655 3387 2923 3462 ἐνδύματα
2955 3393 3291 3468 συγκόψασα,
3324 3390 3559 3470 διάφορα
3603 3393 3860 3465 ἐποίησεν

2221 3477 2644 3547 ἐκκλησιαστικά
2691 3476 2917 3537 ἔπιπλα.
2949 3480 3049 3536 Τὸν
3098 3479 3153 3536 δὲ
3184 3480 3414 3559 ἄργυρον
3466 3485 3555 3539 καὶ
3598 3488 3692 3540 τὸν
3729 3507 3864 3562 χρυ-

2221 3568 2313 3622 σὸν
2365 3567 2769 3639 έμπιστεύσασα
2815 3570 3014 3644 Παύλῳ
3060 3573 3167 3627 τινὶ
3215 3570 3589 3650 πρεσϐυτέρῳ,
3627 3586 3861 3653 μοναχῷ

2223 3655 2626 3731 Δαλματησίῳ,
2678 3657 2765 3714 διὰ
2803 3659 3077 3732 θαλάσσης
3121 3661 3435 3718 ἀπέστειλεν
3486 3664 3538 3719 ἐν
3586 3672 3653 3740 τῇ
3706 3670 3863 3724 Ἀνα-

2217 3745 2381 3821 τολῇ,
2417 3746 2704 3824 Αἰγύπτῳ,
2735 3749 2822 3803 καὶ
2856 3745 3090 3821 Θηϐαίδι
3118 3754 3432 3826 νομίσματα
3466 3775 3635 3828 μυρια
3668 3774 3682 3789 ⁸
3741 3759 3864 3814 Ἀνο

2219 3836 2434 3911 τιοχείᾳ
2480 3837 2569 3892 καὶ
2616 3844 2732 3900 τοῖς
2785 3840 2998 3915 μέρεσιν
3058 3843 3229 3912 αὐτῆς
3278 3843 3595 3918 νομίσματα
3646 3849 3814 3922 μύρια
3849 3869 3864 3880 ·

2222 3924 2556 4002 Παλαιστίνῃ
2589 3931 2904 4002 νομίσματα
2937 3931 3104 4007 μύρια
3142 3934 3562 4010 πεντακισχίλια
3595 3955 3609 3970 ·
3641 3944 3762 4000 ταῖς
3813 3938 3867 3992 ἐν

2218 4021 2337 4078 ταῖς
2385 4017 2572 4086 νήσοις
2620 4016 2958 4089 ἐκκλησίαις,
3009 4022 3098 4076 καὶ
3150 4028 3267 4086 τοῖς
3322 4023 3373 4077 ἐν
3424 4030 3546 4087 ταῖς
3605 4026 3869 4102 ἐξορίαις,

2218 4105 2528 4179 νομίσματα
2563 4105 2728 4183 μύρια
2761 4128 2773 4141 ·
2817 4115 2936 4171 ταῖς
2979 4112 3111 4166 κατὰ
3161 4114 3260 4181 τὴν
3312 4112 3468 4168 Δύσιν
3518 4113 3869 4186 ἐκκλησίαις,

2220 4198 2306 4250 καὶ
2363 4197 2769 4272 μοναστηρίοις,
2827 4200 2915 4254 καὶ
2972 4198 3363 4277 ξενοδοχείοις,
3416 4206 3506 4258 καὶ
3561 4212 3696 4260 πᾶσι
3755 4214 3873 4269 τοῖς

2222 4286 2524 4360 δεομένοις,
2584 4285 2652 4343 δι’
2710 4290 2903 4360 ἑαυτῆς
2959 4295 3326 4367 χορηγήσασα
3383 4293 3472 4349 καί
3543 4301 3869 4373 χορηγοῦσα

2220 4377 2426 4433 τούτων
2453 4379 2886 4452 τετραπλασίονα
2920 4401 2932 4413 ι
2987 4381 3186 4444 ὡςέπὶ
3233 4387 3366 4438 Θεοῦ
3416 4383 3758 4457 ἐξαρπάσασα
3809 4387 3876 4442 ἐκ

2217 4472 2315 4522 τοῦ
2349 4467 2618 4540 στόματος
2665 4473 2761 4524 τοῦ
2809 4467 3028 4533 λέοντος
3077 4471 3379 4548 Ἀλαρίχου
3423 4473 3489 4546 τῇ
3536 4475 3738 4543 ἑαυτῆς
3778 4478 3872 4530 πί-

2221 4577 2352 4612 στει.
2414 4553 2810 4631 Ἠλευθέρωσεν
2865 4556 2923 4613 δὲ
2977 4559 3043 4614 τά
3113 4559 3448 4634 βουληθέντα
3514 4559 3874 4634 ἀνδράποδα,

2222 4643 2348 4701 αλλ’
2392 4646 2665 4722 ἠρήσαντο
2716 4647 2926 4721 μᾶλλον
2959 4647 3246 4706 δουλεῦσαι
3293 4657 3373 4723 τῷ
3418 4649 3624 4723 ἀδιλθῷ
3657 4652 3870 4723 αὐτῆς,

2217 4727 2279 4807 ᾦ,
2319 4729 2732 4802 παρεχώρησεν.
2789 4727 2946 4786 Ἀλλ’
3004 4732 3038 4799 ἡ
3093 4731 3198 4785 ἀπὸ
3254 4737 3417 4807 τριῶν
3479 4733 3871 4805 νομισμάτων,

2214 4806 2387 4861 πάντα
2431 4808 2498 4862 τά
2553 4811 2804 4881 κτήματα
2852 4809 2917 4863 τὰ
2967 4809 3018 4864 ἐν
3067 4816 3188 4873 ταῖς
3234 4806 3516 4875 Σπανίαις,
3566 4814 3658 4866 καὶ
3710 4816 3874 4869 ’Δκυ-

2213 4888 2388 4957 τανίᾳ,
2419 4889 2506 4942 καὶ
2540 4889 2958 4963 Ταρακωνησίᾳ,
2990 4888 3079 4944 καὶ
3127 4889 3387 4951 Γαλλίαις
3439 4889 3868 4963 διαπωλήσασα,

2213 4967 2279 5020 τὰ
2326 4967 2377 5048 ἐν
2419 4969 2672 5048 κΣικελίᾳ,
2719 4969 2806 5024 καὶ
2858 4972 3169 5042 Καμπανίᾳ,
3216 4971 3306 5025 καὶ
3379 4972 3636 5048 Ἀφρικῇ,
3697 4975 3866 5046 ἑαυτῇ

2211 5046 2602 5102 καταλέλυιπεν
2637 5049 2711 5112 εἰς
2741 5049 3014 5127 χορηγίαν
3067 5046 3470 5124 μοναστηρίων,
3502 5054 3594 5106 καὶ
3647 5055 3868 5110 πάντων

2209 5129 2317 5178 τῶν
2349 5123 2638 5199 δεομένων.
2672 5123 2826 5198 Αίίτη
2871 5131 2905 5198 ἡ
2939 5129 3100 5208 σοφία
3133 5137 3233 5200 τῆς
3283 5123 3743 5207 θεοφιλεστάτης,
3775 5135 3870 5187 καὶ

2209 5202 2566 5276 πρεσϐυτικὸν
2606 5214 2728 5264 νοῦν
2759 5208 2936 5266 ἔνθεον
2985 5202 3363 5289 ἀνειληφυίας,
3389 5202 3520 5287 ’περὶ
3568 5202 3680 5282 τῆς
3722 5216 3870 5286 ὕλης

2208 5291 2304 5342 τοῦ
2337 5288 2559 5364 φορτίου
2588 5294 2695 5344 τῶν
2729 5291 3058 5365 χρημάτων,
3093 5288 3370 5363 Μελανίης
3404 5300 3501 5363 τῆς
3530 5293 3681 5356 νέας.

2279 5377 2347 5434 Ἡ
2390 5375 2446 5432 δὲ
2493 5376 2717 5450 ἄσκησις
2767 5380 2932 5449 αὐτῆς
2986 5380 3097 5437 ἐστι
3143 5382 3370 5452 τοιαύτη
3407 5401 3420 5413 ⁸
3474 5382 3676 5439 ἐσθίειν
3734 5389 3864 5458 μίαν

2209 5458 2352 5531 παρά
2403 5458 2524 5531 μίαν
2562 5479 2574 5492 ·
2626 5459 2677 5514 ἐν
2726 5458 2783 5514 δέ
2829 5466 2946 5522 ταῖς
2999 5462 3192 5537 ἀρχαῖς
3239 5464 3328 5518 καὶ
3383 5463 3518 5537 ὑπὲρ
3572 5467 3733 5522 πέντε
3785 5467 3864 5525 εἰς

2208 5535 2505 5614 έφημερίαν
2554 5539 2745 5610 ἐαυτήν
2791 5542 2990 5613 τάξασα
3036 5535 3143 5599 τῶν
3195 5545 3393 5612 ἑαυτῆς
3446 5535 3756 5616 δουλίδων,
3803 5548 3867 5608 ἃς

2210 5620 2601 5694 συνασκητρίας
2634 5621 2946 5696 εἰργάσατο.

2280 5712 2381 5765 Καὶ
2431 5709 2566 5782 αῦτη
2617 5708 2672 5765 δὲ
2720 5710 2970 5773 πολλοὺς
3018 5718 3125 5768 τῶν
3176 5715 3372 5782 ἑαυτῆς
3425 5722 3732 5790 συγγενῶν,
3791 5717 3869 5776 εἷς

2210 5788 2376 5857 ζῆλον
2407 5792 2549 5845 θεῖον
2601 5788 2893 5867 ὁδηγοῦσα,
2927 5790 3194 5849 θεοσεϐεῖν
3241 5794 3378 5857 τίσως
3412 5788 3612 5858 αὐτοὺς
3666 5796 3868 5866 ἐποίη-

2207 5888 2314 5924 σεν.
2347 5870 2512 5932 Οὗτος
2546 5871 2573 5924 6
2609 5871 2725 5946 βίος
2778 5879 2874 5941 τῆς
2907 5871 3026 5938 νέας
3074 5874 3351 5948 Μελινίης
3386 5871 3478 5930 διά
3506 5880 3611 5931 τοῦ
3657 5878 3862 5952 Κυρίου

2206 5951 2240 6020 ἡ
2254 5952 2370 6024 μῶν
2406 5952 2588 6026 Ἰησοῦ
2616 5954 2877 6028 Χριστοῦ.
