4112 6210
228 406 400 466 1229

1593 406 1963 470 HISTORIA
2011 413 2408 478 LAUSIACA.

3611 425 3766 484 1230

315 539 510 596 Multis
549 539 743 610 itaque
802 542 931 609 post
987 537 1156 594 annis
1205 554 1339 595 cum
1401 539 1470 594 de
1550 539 1738 611 neptis
1789 546 1942 598 statu
1980 548 2025 612 Α
2061 549 2300 607 invitam
2335 557 2582 624 nuptum
2617 555 2844 623 dedere,
2878 571 3002 612 eam
3046 556 3362 628 jungentes
3394 557 3766 612 matrimento

228 630 529 696 audisset,
559 644 686 684 eam
722 635 774 684 et
835 629 1120 698 nupsisse,
1168 632 1225 684 et
1267 628 1408 684 velle
1466 629 1675 684 saeculo
1727 646 1945 687 renun-

226 720 621 790 tiare;verita
644 736 716 775 ne
748 721 890 776 forte
940 720 996 774 in
1029 720 1282 790 aliquam
1338 720 1551 776 malam
1613 721 1942 788 abriperen-

223 817 336 869 tur
363 811 712 877 doctrinam,
743 811 830 865 vel
863 810 1151 878 haeresim,
1188 810 1274 866 vel
1307 811 1518 866 malam
1553 811 1752 878 vitam,
1797 828 1946 868 anus

225 903 540 972 sexaginta
566 917 749 957 annos
783 904 919 956 nata
965 915 1165 955 navem
1225 901 1510 966 ascendit,
1570 905 1626 955 et
1691 902 1945 957 Caesarea

225 994 518 1064 navigans
550 990 752 1062 viginti
784 990 1012 1045 dierum
1046 990 1233 1060 spatio
1265 995 1508 1047 Romam
1546 991 1722 1046 venit.
1756 995 1943 1064 Atque

222 1081 356 1136 illic
387 1080 620 1151 quidem
654 1095 785 1134 cum
820 1083 989 1146 esset,
1025 1079 1434 1134 beatissimum
1469 1079 1657 1134 virum
1690 1081 1941 1137 maximae

223 1169 680 1225 existimationis
721 1168 1114 1224 clarissimum
1173 1169 1567 1240 Apronianum
1627 1170 1797 1242 (179),
1840 1173 1941 1243 qui

223 1268 355 1316 erat
385 1259 636 1330 gentilis,
661 1257 1230 1325 catechesiinstituit,
1256 1263 1312 1312 et
1341 1257 1739 1314 Christianum
1788 1261 1940 1327 fecit,

225 1348 642 1420 persuasitque
673 1348 1075 1404 utcontineret
1099 1347 1272 1403 etiam
1305 1363 1438 1402 cum
1461 1365 1570 1402 sua
1598 1365 1792 1414 uxore,
1821 1349 1943 1418 ejus

225 1445 428 1495 autem
452 1439 670 1496 sororis
703 1438 839 1494 filia.
871 1441 1036 1493 Avita
1084 1439 1335 1494 nomine.
1372 1438 1512 1494 Cum
1546 1444 1740 1495 autem
1774 1456 1941 1496 suam

223 1542 466 1597 quoque
497 1530 728 1597 neptem
753 1525 1156 1580 confirmasset
1177 1524 1489 1579 Melanium
1518 1542 1634 1579 una
1658 1541 1790 1579 cum
1815 1525 1944 1594 ejus

222 1617 442 1671 marito
484 1615 724 1670 Piniano
751 1614 923 1685 (180),
957 1619 1011 1670 et
1050 1615 1334 1671 catechesi
1393 1615 1748 1670 instituisset
1789 1613 1946 1668 Albi-

219 1723 366 1762 nam
400 1721 614 1759 nurum
639 1721 830 1774 suam,
884 1721 1117 1761 uxorem
1152 1709 1344 1760 autem
1381 1705 1472 1761 sui
1531 1705 1633 1760 filii
1684 1705 1856 1774 (181),
1888 1707 1944 1759 et

225 1795 631 1867 persuasisset
663 1795 752 1851 his
813 1795 1082 1850 omnibus
1138 1796 1383 1850 vendere
1444 1811 1569 1866 quas
1623 1794 1940 1857 habebant,

2062 639 2176 696 viro
2211 641 2374 697 urbis
2399 643 2589 699 Romae
2649 647 2945 717 primario.
3010 647 3136 702 "(eo
3195 663 3419 717 semper
3468 647 3768 703 stimulata

2057 731 2192 783 aviae
2223 747 2340 785 suae
2375 734 2832 803 narrationibus,
2860 740 3083 791 tantum
3119 737 3520 801 fuitsauciata,
3556 740 3616 791 ut
3639 753 3763 792 ma-

2056 818 2326 874 trimonio
2360 838 2472 876 non
2508 828 2701 892 posset
2739 825 3035 880 inservire.
3090 825 3232 880 Cum
3266 831 3463 880 autem
3532 826 3581 880 ei
3644 827 3760 882 nati

2055 913 2250 964 essent
2280 910 2394 964 duo
2441 912 2540 965 filii
2577 914 2844 982 masculi,
2888 916 3042 986 iique
3091 915 3502 985 decessissent,
3537 921 3759 971 tantum

2053 999 2589 1068 eamecspitodium
2622 1003 2998 1069 matrimonii,
3037 1007 3099 1057 ut
3151 1004 3359 1059 dixerit
3417 1004 3623 1060 marito
3654 1019 3760 1058 suo

2055 1084 2292 1140 Piniano
2323 1087 2474 1159 (184)
2511 1089 2627 1144 tilio
2657 1090 2847 1144 Severi
2881 1091 3052 1160 (185),
3085 1091 3185 1162 qui
3209 1096 3332 1147 erat
3363 1109 3429 1147 ex
3452 1092 3757 1164 praefectis:

2052 1176 2110 1231 Si
2133 1176 2383 1234 volueris
2406 1179 2645 1249 quidem
2673 1195 2901 1236 mecum
2933 1180 3266 1236 cohabitare
3299 1189 3359 1236 ut
3397 1183 3543 1237 ratio
3576 1183 3761 1238 dictat

2054 1269 2466 1336 temperantiae,
2503 1273 2636 1324 ette
2684 1270 2985 1324 dominum
3049 1286 3319 1339 agnosco,
3380 1275 3439 1325 et
3489 1272 3764 1341 profiteor

2055 1371 2244 1411 meam
2277 1358 2454 1413 vitam
2477 1359 2676 1414 essein
2702 1364 2803 1413 tua
2835 1363 3114 1430 potestate
3143 1375 3156 1425 ;
3191 1359 3281 1414 sin
3313 1362 3503 1414 autem
3531 1360 3633 1414 hos
3656 1359 3766 1414 tibi

2053 1459 2225 1515 grave
2247 1443 2468 1500 videtur
2509 1449 2707 1516 utpote
2757 1447 2983 1514 juveni,
3045 1463 3135 1501 res
3183 1462 3384 1502 omnes
3441 1462 3602 1501 meas
3661 1446 3767 1501 tibi

2055 1533 2225 1601 habe,
2254 1541 2306 1587 et
2339 1534 2530 1589 solum
2566 1535 2689 1589 sine
2721 1550 2812 1590 me
2844 1552 3079 1604 corpore
3102 1551 3230 1591 esse
3259 1535 3526 1600 liberam,
3559 1544 3620 1590 ut
3669 1553 3768 1593 sav

2053 1621 2341 1677 tisfaciam
2377 1639 2500 1679 meo
2534 1624 2688 1692 quod
2721 1629 2898 1678 estex
2931 1623 3046 1677 Deo
3077 1623 3385 1688 desiderio,
3411 1625 3557 1679 facta
3580 1624 3764 1680 haeres

2053 1714 2182 1783 ejus
2214 1729 2340 1783 quas
2369 1721 2455 1769 est
2476 1730 2546 1770 ex
2587 1715 2700 1769 Deo
2722 1713 2953 1768 virtutis
2988 1729 3130 1768 mets
3162 1713 3322 1780 aviae,
3356 1715 3522 1784 cujus
3581 1714 3756 1770 etiam

2054 1820 2267 1859 nomen
2299 1819 2454 1874 gero.
2489 1805 2547 1859 Si
2573 1803 2728 1859 enim
2759 1803 2928 1858 vellet
2957 1819 3061 1857 nos
3103 1802 3256 1857 Deus
3289 1803 3494 1874 degere
3535 1803 3595 1859 in
3652 1803 3763 1860 hoc

226 1885 419 1983 Rpma
449 1901 546 1983 eos
579 1885 798 1983 adurit,
831 1884 1370 1983 ethadnhonestum
1431 1901 1497 1940 ac
1556 1883 1940 1983 tranquillum
1975 1919 2023 1983 Β
2056 1895 2300 1963 mundo,
2333 1901 2391 1950 et
2413 1895 2523 1950 frui
2556 1895 2732 1950 rebus
2750 1893 3088 1958 mundanis,
3113 1909 3227 1948 non
3244 1891 3394 1948 fillos
3427 1892 3571 1948 mihi
3595 1897 3763 1948 natos

225 1974 360 2030 vitae
417 1977 644 2044 portum
691 1973 952 2030 deduxit.
1005 1974 1068 2028 Et
1131 1975 1215 2030 sic
1266 1973 1618 2044 depugnavit
1667 1975 1943 2028 adversus

232 2064 478 2129 bestias,
522 2080 730 2136 nempe
774 2080 870 2119 eos
914 2063 1013 2134 qui
1063 2068 1231 2120 erant
1276 2064 1500 2120 ordinis
1540 2063 1836 2129 senatorii,
1887 2067 1946 2118 et

233 2169 440 2210 eorum
476 2170 715 2218 uxores;
751 2153 1122 2225 prohibentes
1153 2170 1280 2209 eam
1335 2155 1670 2209 renuntiare
1702 2152 1945 2222 reliquis

231 2244 363 2300 suis
391 2245 630 2300 aadihus.
665 2244 876 2300 Christi
913 2252 1105 2300 autem
1136 2245 1347 2300 ancilla
1376 2245 1460 2300 eis
1484 2245 1712 2300 dicebat
1743 2259 1756 2297 :
1791 2242 1940 2302 Filii.

230 2332 544 2403 plusquam
577 2331 1018 2401 quadringentis
1046 2332 1257 2386 abhinc
1287 2333 1456 2386 annis
1488 2331 1770 2403 scriptum
1809 2337 1941 2386 est:

229 2421 450 2477 Ultima
481 2421 622 2474 hora
652 2424 740 2474 est
768 2421 815 2488 (ι
841 2421 996 2475 Ιοαη.
1033 2420 1117 2491 ιι).
1181 2419 1323 2487 Quid
1384 2435 1522 2490 ergo
1555 2421 1820 2476 lubentes
1875 2437 1942 2478 ac

228 2510 492 2567 volentes
522 2509 921 2566 immoramini
961 2511 1019 2564 in
1052 2509 1302 2566 vanitate
1360 2512 1483 2566 vitai
1508 2511 1535 2564 ?
1559 2527 1628 2566 ne
1661 2511 1804 2566 forte
1844 2527 1941 2566 ve-

226 2601 398 2656 niant
436 2599 558 2655 dies
588 2599 950 2666 Antichristi,
992 2604 1049 2654 et
1107 2616 1217 2655 non
1275 2600 1514 2670 possitis
1569 2599 1682 2654 frui
1735 2600 1938 2655 vestris

223 2691 458 2760 opibus,
489 2695 544 2747 et
575 2690 748 2746 rebus
782 2691 1069 2760 majorum
1111 2695 1432 2746 vestrorum
1465 2690 1491 2744 ?
1526 2691 1784 2762 Cumque
1815 2709 1944 2747 om-

228 2796 335 2836 nes
367 2779 459 2834 his
491 2779 678 2835 verbis
693 2778 997 2834 liberasset
1020 2779 1192 2851 (182),
1221 2781 1291 2834 ad
1332 2780 1712 2836 monasticam
1759 2781 1934 2837 vitam

229 2869 1080 2940 traduxit,etfiliumjuniorem
1105 2869 1460 2926 Publicolam
1475 2886 1609 2925 eum
1632 2869 1942 2925 instruxis-

231 2964 344 3025 set,
394 2960 557 3015 duxit
611 2959 668 3014 in
701 2959 1003 3026 Siciliam;
1053 2975 1304 3030 cumque
1353 2960 1578 3031 reliqua
1606 2959 1798 3015 omnia
1841 2977 1943 3015 sua

232 3049 690 3116 vendidisset,et
719 3048 970 3118 pretium
998 3050 1332 3120 accepisset,
1366 3049 1530 3104 duxit
1559 3049 1938 3121 Jerosolyma;

233 3146 294 3196 et
325 3155 456 3194 cum
490 3138 795 3194 facultates
820 3139 1134 3207 divisisset,
1167 3139 1320 3194 intra
1377 3139 1762 3210 quadraginta
1817 3139 1942 3195 dies

2057 1985 2377 2056 accepisset
2405 1984 2767 2039 immaturos.
2800 1983 2944 2038 Cum
2977 1985 3172 2038 autem
3195 1982 3369 2054 longo
3392 1987 3652 2055 tempore
3674 1983 3758 2038 in-

2058 2080 2142 2131 ter
2180 2091 2242 2131 se
2273 2075 2708 2140 contenderent,
2732 2074 2883 2129 Deus
2905 2077 3107 2143 postea
3129 2073 3395 2128 misertus
3427 2072 3768 2128 adolescen-

2055 2168 2147 2232 tis,
2182 2165 2230 2221 ei
2265 2179 2497 2236 quoque
2526 2163 2711 2219 zelum
2747 2162 2994 2218 immisit
3023 2160 3345 2233 religionis,
3378 2161 3590 2233 utipse
3617 2178 3768 2233 quo-

2054 2270 2166 2326 que
2199 2253 2403 2309 mundi
2439 2253 2716 2308 universa
2773 2251 3136 2307 renuntiaret
3183 2254 3428 2306 terrane:
3481 2253 3761 2316 materiae,

2051 2345 2195 2399 adeo
2229 2347 2290 2397 ut
2318 2340 2626 2412 impletum
2651 2341 2824 2397 fuerit
2845 2341 3000 2411 quod
3043 2339 3325 2411 scriptum
3370 2344 3456 2395 est
3504 2341 3574 2396 ab
3608 2343 3763 2411 Apo-

2051 2433 2201 2488 stolo
2233 2449 2247 2487 :
2281 2432 2429 2496 Quid
2462 2431 2616 2487 enim
2659 2430 2799 2501 scis,
2847 2430 3082 2499 mulier,
3137 2447 3208 2485 an
3261 2430 3452 2485 virum
3506 2429 3766 2486 servabis

2051 2523 2101 2593 (ι
2121 2523 2240 2579 Cor.
2272 2521 2406 2589 vn)?
2435 2521 2582 2576 Cum
2614 2537 2750 2592 ergo
2782 2520 3078 2592 nupsisset
3099 2520 3222 2577 viro
3251 2519 3528 2576 tredecim
3577 2535 3763 2576 annos

2051 2617 2209 2682 nata,
2256 2615 2481 2681 septem
2523 2627 2656 2665 vero
2706 2626 2842 2665 cum
2881 2626 2947 2666 eo
2987 2609 3249 2678 vixisset,
3309 2608 3590 2681 vigesimo
3643 2624 3758 2664 suae

2051 2701 2240 2757 aetatis
2286 2716 2437 2756 anno
2471 2701 2685 2755 mundo
2732 2698 3067 2767 renuntiat;
3121 2707 3174 2754 et
3220 2698 3475 2769 primum
3525 2697 3759 2768 quidem

2051 2791 2250 2846 omnia
2289 2806 2398 2845 sua
2430 2789 2616 2845 serica
2664 2788 3172 2860 superhumeralia
3231 2788 3382 2860 (186)
3430 2791 3775 2858 tegumenta

2050 2881 2206 2935 dedit
2237 2879 2518 2934 altaribus
2550 2879 2729 2950 (quod
2762 2883 2818 2933 et
2848 2878 3178 2934 veneranda
3237 2878 3369 2933 fecit
3415 2876 3755 2950 Olympias),

2052 2968 2277 3039 reliqua
2302 2972 2498 3022 autem
2549 2967 2736 3021 serica
2783 2967 3126 3022 indumenta
3164 2982 3299 3021 cum
3356 2966 3763 3032 conscidisset,

2051 3057 2342 3113 diversam
2377 3054 2793 3126 supellectilem
2826 3055 2961 3111 fecit
3010 3053 3485 3110 ecclesiasticam.
3535 3060 3768 3126 Argen-

2052 3151 2180 3202 tum
2210 3150 2407 3201 autem
2439 3149 2495 3200 et
2525 3159 2727 3200 aurum
2763 3160 2896 3200 cum
2961 3143 3240 3198 credisset
3298 3143 3532 3198 cuidam
3584 3141 3764 3198 Paulo

232 3229 472 3286 dormiit
502 3229 559 3283 in
589 3230 741 3284 bona
772 3237 1065 3284 senectute
1095 3235 1151 3284 et
1194 3245 1429 3285 summa
1468 3229 1940 3295 mansuetudine,
1979 3270 2023 3339 c
2060 3235 2394 3308 presbytero
2431 3235 2580 3304 (187)
2629 3233 2917 3289 monacho
2975 3233 3277 3299 Dalmata,
3338 3232 3394 3286 id
3454 3247 3554 3303 per
3608 3247 3769 3287 mare

227 3325 288 3374 et
319 3319 646 3374 veneranda
696 3318 971 3374 memoria
1021 3319 1410 3390 eleemosynis
1468 3318 1824 3387 redundans,
1852 3335 1941 3373 re-

230 3410 372 3465 licto
421 3412 595 3465 etiam
657 3410 1007 3466 monasterio
1062 3409 1436 3483 Jerosolymis
1497 3416 1552 3464 et
1608 3409 1945 3481 sumptibus

231 3501 594 3556 monasterii.

306 3591 617 3663 Postquam
650 3595 842 3647 autem
899 3591 958 3647 hi
1017 3608 1221 3648 omnes
1279 3591 1464 3647 Roma
1511 3591 1939 3648 abscessissent

230 3681 333 3752 qui
381 3681 663 3737 catechesi
714 3681 964 3737 instituti
1005 3682 1232 3738 fuerant
1263 3699 1296 3737 a
1335 3682 1504 3737 beata
1534 3680 1764 3748 Melani,
1807 3682 1934 3737 bar-

230 3771 426 3827 barica
457 3771 725 3840 quaedam
775 3772 1046 3841 procella,
1108 3787 1239 3841 quas
1293 3771 1470 3826 etiam
1526 3771 1584 3824 in
1644 3772 1939 3842 prephetis

223 3861 347 3929 jam
382 3859 517 3914 olim
535 3860 939 3928 positafuerat,
961 3859 1020 3912 in
1051 3859 1286 3914 Romam
1313 3858 1504 3925 irruit,
1546 3864 1601 3913 et
1626 3876 1730 3913 nec
1756 3873 1947 3914 mneas

231 3949 474 4022 quidem
507 3952 731 4003 statuas
758 3946 992 4017 reliquit
1021 3946 1078 4000 in
1115 3946 1255 4013 foro,
1281 3947 1378 4000 sed
1409 3947 1604 4002 omnia
1639 3948 1944 4004 barbarica

229 4038 516 4109 diripiens
564 4036 895 4103 insolentia,
927 4036 1228 4106 corrupit;
1290 4036 1430 4090 adeo
1467 4039 1528 4089 ut
1587 4036 1766 4091 Roma
1809 4053 1936 4108 ques

228 4128 390 4184 mille
415 4130 471 4181 et
499 4124 764 4181 ducentis
798 4123 966 4179 annis
990 4123 1382 4195 pulcherrima
1399 4126 1584 4180 fuerat
1605 4130 1661 4180 et
1675 4125 1941 4196 frequen-

226 4217 482 4284 tissima,
517 4215 866 4282 dirueretur,
900 4213 1177 4286 fieretque
1225 4215 1470 4282 deserta,
1523 4219 1673 4269 etut
1720 4215 1800 4270 ait
1850 4217 1936 4272 Si-

227 4305 410 4380 bylla,
459 4303 606 4380 ῥύμη
655 4305 763 4360 hoc
809 4315 896 4360 est
945 4303 1126 4369 vicus,
1185 4321 1298 4360 non
1358 4305 1562 4360 Roma.
1622 4306 1785 4360 Tunc
1835 4307 1935 4378 qui

226 4396 516 4452 catechesi
549 4395 775 4449 fuerant
808 4393 1156 4459 instituti,et
1217 4395 1271 4449 ei
1330 4395 1573 4450 minime
1625 4395 1933 4452 adversati.

235 4489 408 4542 Deum
446 4484 940 4554 laudaveruntqui
966 4500 1157 4539 rerum
1189 4492 1348 4540 muta
1373 4485 1522 4540 tione
1547 4487 1937 4556 persuasisset

230 4575 725 4646 incredulis,quod
760 4573 887 4629 aliis
910 4573 1180 4630 omnibus
1208 4574 1454 4628 redactis
1484 4574 1539 4629 in
1565 4577 1926 4643 servitutem,

2063 3327 2222 3382 misit
2251 3326 2319 3381 ad
2343 3325 2674 3392 Orientem;
2700 3329 2873 3395 atque
2892 3327 3135 3396 Egypto
3150 3322 3386 3393 quidem
3416 3320 3764 3377 etThebaidi

2057 3415 2247 3473 decies
2281 3413 2436 3470 mille
2484 3412 2726 3483 solidos,
2776 3412 3092 3469 Antiochiae
3150 3415 3342 3467 autem
3373 3415 3430 3467 et
3459 3412 3586 3481 ejus
3635 3426 3765 3482 quas

2057 3506 2210 3562 circa
2256 3506 2443 3576 ipsam
2477 3507 2616 3559 sunt
2672 3503 3009 3575 regionibus
3047 3500 3265 3559 solidos
3323 3501 3516 3557 decies
3565 3499 3768 3568 mille;

2059 3593 2378 3650 Palaestinae
2410 3592 2622 3648 solidos
2645 3590 2984 3662 quindecies
3010 3589 3168 3647 mille
3199 3588 3519 3645 distribuit.
3567 3586 3766 3643 Eccle-

2059 3686 2160 3741 siis
2184 3690 2378 3740 autem
2413 3700 2540 3754 quis
2573 3687 2707 3738 sunt
2730 3682 2789 3736 in
2811 3681 3140 3749 Occidente,
3192 3684 3252 3736 et
3293 3679 3681 3745 monasteriis,
3714 3684 3768 3733 et

2053 3773 2446 3838 xenodochiis,
2480 3771 2828 3828 etomnibus
2852 3770 3156 3840 egentibus
3189 3786 3288 3840 per
3333 3770 3587 3840 seipsam
3634 3784 3768 3837 sup-

2053 3861 2350 3933 peditavit,
2384 3865 2440 3914 et
2460 3858 2795 3930 suppeditat
2825 3858 2913 3912 bis
2945 3857 3269 3927 quadruplo
3303 3856 3486 3926 plura,
3523 3865 3584 3912 ut
3607 3861 3754 3911 Deus

2053 3949 2216 4006 novit
2251 3966 2318 4004 ex
2365 3964 2464 4003 ore
2493 3947 2674 4004 leonis
2716 3947 2867 4017 (188)
2899 3945 3109 4002 Alarici
3165 3946 3420 4017 eripiens
3477 3946 3590 3999 fide
3651 3961 3761 4000 sua

2049 4043 2123 4111 (ll
2158 4039 2383 4094 Timoth.
2418 4054 2493 4104 ιν,
2534 4037 2643 4107 17).
2705 4036 2996 4092 Liberavit
3042 4039 3236 4091 autem
3297 4050 3593 4090 servorum
3650 4036 3749 4105 qui

2048 4128 2351 4198 voluerun,
2376 4132 2504 4184 octo
2539 4126 2759 4195 millia;
2794 4125 3002 4198 reliqui
3043 4127 3197 4181 enim
3250 4124 3612 4191 moluerunt,
3660 4123 3762 4178 sed

2051 4220 2380 4275 maluerunt
2405 4233 2637 4273 manere
2668 4233 2801 4272 cum
2841 4216 3010 4271 fratre
3055 4215 3201 4286 (189)
3234 4215 3384 4284 ejus.
3418 4215 3634 4270 Omnes
3664 4229 3761 4267 au-

2048 4313 2164 4365 tem
2207 4307 2606 4381 possessiones
2639 4322 2785 4377 quas
2811 4304 3012 4360 habuit
3041 4303 3102 4359 in
3134 4303 3448 4375 Hispaniis,
3483 4303 3541 4358 in
3574 4300 3756 4374 Aqui-

2048 4398 2224 4464 tania,
2249 4397 2306 4452 in
2331 4395 2749 4452 Tarraconensi
2772 4401 2826 4450 et
2858 4392 3061 4460 Gallis,
3080 4399 3134 4448 et
3165 4393 3220 4447 in
3247 4390 3401 4446 alliis
3429 4390 3761 4448 civitatibus

2046 4505 2183 4544 cum
2234 4487 2613 4552 vendidisset,
2666 4500 2764 4540 eas
2823 4485 2894 4538 ad
2931 4492 3040 4539 tres
3099 4497 3286 4554 usque
3351 4480 3573 4537 solidos
3641 4479 3762 4534 dis-

2050 4579 2291 4644 tribuit;
2325 4594 2452 4648 quaa
2484 4581 2677 4631 autem
2707 4573 2959 4629 habebat
2983 4573 3041 4628 in
3065 4571 3283 4637 Sicilia,
3333 4569 3674 4641 Campania,
3709 4576 3764 4624 et

234 4683 312 4720 ea
340 4666 478 4720 solae
508 4666 680 4720 salvas
713 4663 928 4718 fuerint
961 4662 1213 4723 familias,
1239 4681 1364 4735 quea
1402 4664 1642 4719 Domino
1695 4666 1931 4721 fuerunt
1975 4647 2017 4711 Ῑ)
2056 4670 2266 4739 Africa,
2288 4647 2402 4724 sibi
2433 4663 3154 4736 reliquit,utsuppeditare
3175 4665 3372 4733 posset
3388 4659 3758 4715 monasteriis

235 4755 593 4822 holocausta,
622 4753 818 4808 studio
851 4753 1030 4807 beatae
1081 4752 1371 4820 Melaniae;
1416 4769 1548 4806 cum
1609 4754 1797 4808 caeteri
1839 4755 1936 4826 qui

238 4860 436 4900 eorum
469 4843 645 4899 saluti
676 4842 1149 4909 adversabantur,
1166 4857 1365 4898 eorum
1399 4843 1944 4914 inutilipcenitentia

240 4933 659 4990 detinerenlur.

859 5022 1092 5079 CAPUT
1125 5021 1312 5079 CXIX.

693 5116 808 5171 Vita
837 5131 1027 5188 parvae
1046 5115 1296 5171 Melaniae
1315 5116 1486 5187 (183).

306 5205 588 5274 Quoniam
606 5211 799 5262 autem
835 5206 1151 5262 relaturum
1185 5207 1361 5263 mede
1393 5206 1514 5260 filia
1538 5205 1795 5262 Malenim
1811 5224 1941 5278 spo-

237 5299 434 5370 pondi,
472 5297 864 5354 necessarium
887 5302 972 5354 est
994 5301 1058 5353 ut
1081 5313 1236 5353 nunc
1251 5297 1512 5352 debitum
1531 5299 1791 5354 reddam.
1818 5299 1942 5355 Non

236 5389 383 5445 enim
415 5391 632 5456 justum
670 5393 731 5442 ut
753 5387 1008 5458 junioris
1041 5387 1343 5457 quoquein
1377 5402 1550 5440 carne
1577 5386 1833 5442 Melaniae
1860 5388 1944 5441 vi-

237 5486 350 5533 tam
384 5478 796 5549 despiciemus,
828 5481 886 5532 et
916 5475 1104 5546 neptis
1145 5489 1366 5545 magna:
1400 5473 1657 5529 Melanizs
1717 5479 1939 5530 tantam

239 5570 511 5625 virtutem
545 5568 781 5624 tacitam
815 5571 1223 5639 praetereamus
1248 5580 1374 5634 quae
1427 5564 1596 5634 longe
1629 5565 1773 5620 forte
1806 5581 1943 5634 prse-

242 5664 356 5715 stat
389 5659 767 5730 prudentibus
800 5662 854 5713 et
886 5655 1162 5713 studiosis
1192 5654 1422 5710 vetulis.
1459 5655 1760 5727 Hancergo
1783 5657 1949 5710 astate

230 5752 531 5822 juvenem,
566 5750 798 5822 pietatis
818 5757 1004 5806 autem
1038 5747 1323 5804 sententia
1375 5745 1648 5814 vetulam,
1686 5749 1948 5819 parentes

2053 4765 2110 4814 et
2138 4757 2358 4830 egenis.
2393 4756 2516 4811 Haec
2537 4759 2628 4811 est
2657 4752 2940 4823 sapientia
2971 4751 3030 4805 in
3082 4749 3281 4820 primis
3341 4747 3646 4814 religiosae,
3705 4750 3761 4800 et

2053 4867 2180 4922 quis
2203 4853 2452 4905 mentem
2482 4845 2725 4903 senilem
2755 4843 3083 4911 susceperat
3115 4839 3186 4894 de
3216 4834 3758 4909 pecuniamateria,

2056 4940 2315 4996 Melaniae
2342 4934 2614 5008 junioris.
2851 4932 2856 4936 ’

2125 5029 2252 5084 Haec
2281 5031 2472 5082 autem
2496 5029 2618 5082 erat
2647 5025 2773 5094 ejus
2804 5017 3136 5079 exercitatio
3175 5033 3189 5074 :
3226 5016 3362 5073 Post
3392 5015 3545 5072 diem
3579 5030 3759 5070 unum

2053 5117 2424 5182 comedebat;
2459 5115 2517 5169 in
2544 5113 2830 5184 principio
2863 5114 3058 5165 autem
3106 5111 3238 5179 post
3296 5106 3573 5177 quinque,
3607 5102 3760 5159 varie

2055 5205 2285 5264 ancillis
2317 5205 2436 5261 suis
2469 5202 2728 5258 serviens
2751 5217 2765 5268 ;
2787 5216 2932 5272 quas
2949 5200 3124 5254 etiam
3147 5211 3349 5252 secum
3366 5211 3482 5251 una
3510 5192 3760 5250 reddidit

2055 5293 2499 5352 exercitatrices.
2531 5294 2658 5348 Jam
2699 5307 2833 5346 vero
2864 5291 2989 5360 ipsa
3031 5303 3263 5360 quoque
3295 5285 3511 5340 multos
3534 5301 3602 5339 ex
3637 5283 3764 5340 suis

2055 5385 2313 5458 cognatis
2345 5383 2564 5439 ducens
2595 5382 2664 5437 ad
2688 5381 2875 5436 zelum
2908 5378 3192 5446 divinum,
3235 5376 3369 5432 fecit
3399 5379 3463 5428 ut
3495 5371 3763 5430 similiter

2056 5482 2228 5547 atque
2258 5474 2386 5544 ipsa
2419 5472 2681 5542 religiose
2714 5471 2896 5525 Deum
2931 5468 3201 5524 colerent.
3228 5465 3354 5521 Heio
3387 5468 3477 5519 est
3517 5463 3635 5519 vita
3673 5463 3768 5536 ju-

2055 5565 2219 5622 venis
2250 5563 2510 5620 Melaniai
2546 5577 2645 5633 per
2701 5558 3015 5615 Dominum
3051 5560 3314 5612 nostrum
3348 5555 3547 5612 Iesum
3600 5552 3765 5608 Chri.

2058 5659 2235 5710 stum.
