4078 6212
434 319 584 380 1231

1080 473 1310 531 CAPUT
1341 475 1501 536 CXX.

1022 561 1097 615 De
1132 563 1330 620 Albina
1373 567 1544 639 (l90).

507 638 764 697 Habebat
780 650 974 704 autem
994 665 1190 707 secum
1207 671 1436 728 quoque
1454 661 1696 714 matrem
1711 660 2137 732 Albinam,qua3

433 726 707 785 similiter
753 741 1071 807 exercetur,
1107 748 1157 796 et
1192 726 1461 802 similiter
1500 765 1706 804 rursus
1759 752 2006 806 seorsim
2058 752 2136 806 di-

430 822 644 890 spergit
675 839 808 879 suas
840 829 1136 897 pecunias.
1173 833 1446 892 Habitant
1501 838 1697 910 itaque
1729 843 1785 896 in
1819 843 1993 912 agris,
2027 843 2129 897 ali-

431 910 664 976 quando
688 913 921 983 quidem
982 918 1212 987 Siciliaa,
1263 924 1574 996 aliquando
1625 946 1757 985 vero
1805 910 2131 1002 Campaniae

430 1011 563 1052 cum
587 1004 868 1061 eunuchis
891 1007 1248 1080 quindecim,
1282 1016 1684 1086 etvirginibus
1716 1024 1772 1074 et
1810 1019 2056 1076 ancillis.

1051 1118 1283 1175 CAPUT
1313 1123 1497 1179 CXXI.

1009 1206 1082 1262 De
1111 1209 1346 1268 Piniano
1377 1214 1544 1285 (191).

495 1286 775 1344 Similiter
826 1298 1022 1350 autem
1071 1297 1352 1359 Pinianus
1384 1321 1612 1376 quoque
1653 1308 1778 1378 ejus
1836 1312 2130 1380 quondam

426 1377 690 1448 maritus,
724 1396 880 1438 nunc
910 1389 1103 1441 autem
1136 1388 1194 1443 in
1225 1407 1395 1462 opere
1425 1395 1656 1452 virtutis
1689 1377 1938 1468 adjutor
1989 1417 2130 1456 una-

425 1463 622 1531 nimis,
657 1471 753 1538 qui
787 1482 1084 1530 exercetur
1115 1495 1250 1534 cum
1285 1482 1524 1553 triginta
1544 1489 1868 1556 monachis,
1906 1495 1962 1545 et
1993 1492 2131 1562 legit

421 1553 647 1612 divinas
677 1560 1022 1630 Scripturas,
1059 1566 1336 1642 hortoque
1369 1574 1607 1632 colendo
1658 1584 1744 1634 est
1772 1553 2033 1637 intentus
2050 1553 2130 1637 vet

425 1647 956 1714 congressionibus.
991 1658 1114 1711 Non
1147 1675 1321 1728 parvo
1353 1671 1543 1720 autem
1577 1684 1681 1722 nos
1741 1668 1959 1726 honore
1999 1670 2129 1726 aﬂ‘e-

423 1738 774 1794 ceruntcum
803 1739 1047 1800 Romam
1067 1749 1432 1808 venissemus
1456 1764 1688 1827 propter
1704 1758 1938 1815 beatum
1959 1762 2130 1815 Joan-

422 1837 556 1878 nem
589 1825 929 1901 episcopum
959 1851 1063 1891 nos
1113 1825 1464 1912 reﬁcientes,
1490 1825 1581 1900 et“
1604 1847 2128 1906 abundantissimis
2165 1862 2208 1928 Β

419 1911 647 1969 viaticis
677 1917 1053 1989 excipientes,
1089 1911 1450 1988 accersentes
1497 1941 1770 1992 aeternam
1805 1939 1982 1995 vitam
2015 1941 2130 1994 Do-

415 2002 560 2058 mini
588 2008 935 2068 nostri'Jesu
969 2014 1206 2085 Christi,
1231 2026 1287 2075 et
1310 2023 1542 2092 optimae
1567 2026 2123 2086 vitaeinstitutionis.

1027 2122 1260 2182 CAPUT
1287 2128 1519 2185 CXXII.

951 2209 1023 2266 De
1052 2213 1406 2275 Pammachio
1428 2221 1605 2292 (192).

480 2287 696 2347 Horum
721 2301 1002 2368 cognatus
1035 2303 1142 2359 fuit
1172 2307 1259 2361 vir
1287 2325 1355 2364 ex
1379 2314 1850 2383 proconsulibus,
1885 2318 2120 2374 nomine

413 2377 864 2458 Pammachius;
899 2392 1002 2462 qui
1049 2410 1182 2452 cum
1234 2401 1453 2456 mundo
1494 2407 1904 2474 renuntiasset,
1941 2408 2116 2465 vitam

408 2469 880 2568 egitpptimam;
913 2486 969 2537 et
997 2500 1137 2542 suas
1177 2504 1316 2560 opes
1371 2495 1577 2562 partim
1633 2496 1794 2552 vivus
1833 2469 2124 2568 dispersit,

411 2560 625 2630 partim
657 2570 850 2625 autem
885 2574 1141 2632 moriens
1167 2560 1405 2651 reliquit
1437 2585 1809 2656 pauperibus.

1023 2683 1253 2742 CAPUT
1292 2688 1547 2746 CXXIII.

999 2772 1072 2828 De
1093 2774 1332 2832 Macario
1363 2779 1528 2851 (193).

477 2867 760 2928 Similiter
792 2878 967 2932 etiam
1002 2879 1238 2950 quidam
1293 2886 1531 2943 nomine
1573 2889 1857 2948 Macarius
1915 2910 1979 2949 ex
2027 2897 2118 2952 vi-

403 2958 563 3014 caria
588 2960 758 3036 (194).

1009 3059 1243 3118 CAPUT
1283 3063 1516 3121 CXXIV.

951 3148 1027 3202 De
1049 3149 1358 3208 Constantio
1394 3157 1568 3226 (195).

472 3247 846 3310 Constantius
867 3271 1101 3329 quoque
1138 3277 1400 3318 assessor
1460 3267 1873 3334 praefectorum
1937 3276 2118 3334 Italiae
2149 3238 2192 3304 C

404 3335 667 3409 insignes
706 3341 811 3398 viri
863 3348 922 3400 et
977 3349 1387 3420 eruditissimi,
1448 3357 1549 3426 qui
1603 3368 1986 3429 pervenerunt
2041 3368 2110 3422 ad

405 3442 705 3486 summum
728 3432 958 3502 pietatis
980 3441 1032 3490 et
1074 3437 1402 3510 religionis;
1431 3461 1573 3516 quos
1625 3450 1891 3508 existimo
1925 3454 2112 3512 adhuc

408 3531 562 3571 nunc
594 3534 824 3592 quoque
839 3538 967 3579 esse
999 3524 1056 3580 in
1078 3543 1265 3597 carne,
1301 3533 1577 3602 optimam
1606 3538 1972 3598 instituenda:
1988 3546 2111 3602 vitae

405 3604 690 3661 rationem
711 3617 1065 3685 exercentes,
1098 3615 1448 3694 beatamque
1472 3626 1642 3683 vitam
1676 3633 1731 3686 et
1761 3632 1904 3688 nulli
1938 3635 2109 3693 exitio

403 3692 716 3753 obnoxiam
749 3707 1136 3773 expectantes.

1013 3778 1245 3839 CAPUT
1281 3785 1483 3843 CXXV.

877 3866 950 3921 De
981 3869 1158 3927 Paula
1191 3873 1340 3948 (t96)
1375 3878 1634 3937 Romana.

470 3969 626 4024 Inter
657 3987 804 4042 quos
819 3972 928 4031 fuit
959 3979 1131 4036 etiam
1157 3984 1337 4040 Paula
1361 3987 1622 4047 Romana
1645 3998 1833 4050 mater
1862 3997 2106 4067 Toxotii,

397 4070 540 4113 uxor
581 4059 671 4130 N.,
697 4062 766 4116 ad
801 4065 1124 4136 spiritalem
1150 4071 1281 4128 vitae
1315 4075 1743 4138 institutionem
1778 4102 2108 4144 accommo-

398 4147 720 4248 datissima.
755 4155 854 4210 Cui
889 4156 1303 4230 impedimento
1327 4167 1434 4222 fuit
1467 4169 1852 4245 Hieronymus
1868 4179 2107 4248 quidam

399 4234 730 4307 Dalmata';
781 4260 918 4299 nam
975 4263 1106 4305 cum
1166 4260 1362 4322 posset
1412 4275 1685 4329 superare
1743 4265 1977 4331 multas,
2039 4284 2108 4324 ne

402 4323 590 4380 dicam
616 4333 878 4398 cunctas,
914 4341 972 4388 ut
1005 4353 1127 4405 quae
1159 4343 1227 4396 ad
1283 4344 1459 4400 vitam
1519 4364 1588 4403 ex
1637 4351 1848 4408 virtute
1897 4370 2109 4426 geren—

411 4412 544 4506 dam
579 4419 728 4506 esset
759 4420 977 4490 optimo
1009 4425 1242 4496 ingenio
1282 4435 1543 4505 praedita,
1579 4454 1703 4495 eam
1755 4460 1860 4499 sua
1895 4412 2107 4506 invidia

404 4499 670 4570 impedit,
701 4504 888 4576 ipsam
921 4511 1157 4571 trahens
1191 4521 1256 4574 ad
1282 4499 1540 4595 scopum
1566 4532 1888 4602 proprium.

1004 4620 1234 4683 CAPUT
1266 4627 1497 4688 CXXVI.

1044 4713 1117 4769 De
1150 4717 1458 4777 Eustochio.

468 4810 800 4914 Cujuslllia
850 4834 1006 4875 nunc
1029 4839 1259 4897 quoque
1317 4838 1614 4890 exercetur
1669 4838 1727 4893 in
1778 4841 2096 4914 Bethleem,

394 4900 629 4955 nomine
661 4902 1063 4981 Eustochium,
1097 4931 1272 4984 quam
1298 4935 1401 4991 ego
1435 4938 1548 4977 non
1581 4930 1846 4983 conveni.
1881 4934 2101 4990 Dicitur

392 4989 581 5040 autem
615 5003 743 5046 esse
769 4996 1110 5068 castissima,
1142 4989 1359 5060 habens
1409 5023 1752 5070 conventum
1810 5020 2098 5092 quinqua-

387 5072 553 5145 ginta
586 5077 898 5150 virginum.

976 5178 1204 5238 CAPU'I‘
1233 5187 1498 5246 CXXVII.

1058 5270 1131 5324 De
1167 5274 1415 5330 Venerea.

465 5364 870 5426 Inveniaulem
901 5375 1206 5432 Veneream
1251 5381 1561 5440 Ballomeci
1605 5391 1834 5450 comitis
1885 5397 2090 5467 filiam,

396 5464 521 5516 quae
555 5469 701 5510 onus
726 5462 927 5516 cameli
953 5473 1102 5520 recte
1143 5468 1433 5540 dispersit,
1485 5473 1720 5536 liberata
1778 5489 1862 5540 est
1888 5504 1918 5541 a
1968 5462 2093 5546 vul;

399 5539 631 5595 neribus
663 5561 785 5614 quae
824 5553 1093 5610 oriuntur
1121 5574 1185 5612 ex
1221 5563 1478 5619 materia.

474 5637 485 5668 ¹
525 5635 818 5696 Palladius
859 5644 1251 5706 calumniatur
1270 5657 1713 5717 sanctissimum
1747 5663 2188 5741 Hieronymum.

2011 343 2381 404 PALLADII

2167 481 2220 546 Α
2817 486 3052 544 CAPUT
3093 490 3382 548 CXXVIII.

3786 366 3922 424 1232

2813 577 2886 631 De
2917 579 3184 635 Theodoro.
3226 583 3388 651 (197).

2317 660 2385 715 Et
2416 661 2642 717 beatam
2686 663 3048 724 Theodoram
3083 670 3301 727 tribuni
3327 672 3528 744 filiam,
3554 692 3679 747 quae
3712 678 3782 733 ad
3813 685 3923 738 tan.

2247 753 2367 804 tam
2401 754 2680 821 processit
2709 761 3019 828 egestatem
3049 765 3515 834 possessionum,
3550 770 3614 820 ut
3649 767 3769 838 ipsa
3799 771 3927 827 e‘ee-

2246 855 2548 912 mosynam
2585 844 2874 916 accipiens
2900 849 2971 902 sit
3004 855 3253 906 mortua.

2842 936 3075 992 CAPUT
3106 939 3352 997 CXXIX.

2885 1025 2959 1080 De
2983 1026 3108 1082 Usia
3133 1028 3302 1100 (198).

2315 1111 2376 1162 ln
2413 1110 2761 1167 monasterio
2796 1112 3058 1185 Hesycha
3112 1123 3347 1189 propter
3379 1137 3560 1189 mare,
3586 1126 3714 1180 novi
3755 1128 3932 1184 mulie-

2242 1214 2364 1253 rem
2397 1201 2632 1255 nomine
2655 1202 2866 1272 Usiam,
2883 1204 3054 1276 longe
3076 1206 3133 1262 in
3155 1210 3426 1267 omnibus
3451 1213 3930 1274 honestissimam.

2854 1294 3085 1350 CAPUT
3129 1297 3336 1354 CXXX.

2934 1384 3007 1438 De
3047 1385 3256 1441 Adolt'a.

2313 1463 2380 1517 Et
2413 1465 2543 1534 ejus
2572 1482 2825 1523 sororem
2857 1471 3143 1542 Adoliam,
3196 1491 3319 1545 quae
3354 1477 3474 1547 ipsa
3533 1496 3768 1551 quoque
3816 1484 3933 1539 vixit

2239 1551 2295 1604 in
2326 1552 2559 1620 virtute,
2592 1561 2648 1611 et
2679 1574 2791 1613 non
2828 1577 2928 1630 pro
2961 1563 3087 1632 ejus
3114 1565 3348 1634 quidem
3388 1568 3689 1639 dignitate,
3730 1574 3826 1627 sed
3849 1592 3930 1645 pro

2240 1654 2483 1696 suarum
2516 1643 2728 1699 virium
2766 1647 3034 1704 facultate
3064 1651 3203 1706 vixit
3236 1653 3292 1709 in
3323 1654 3443 1710 zelo
3479 1657 3599 1712 Dei.

2856 1737 3089 1794 CAPUT
3121 1741 3312 1796 XXXI.

2877 1829 2951 1882 De
2981 1829 3180 1883 .Basz'an
3189 1829 3310 1885 illa.

2317 1912 2458 1967 Novi
2492 1916 2686 1969 autem
2719 1914 2892 1970 etiam
2926 1917 3304 1975 Basianillam
3337 1920 3615 1978 Candiani
3687 1929 3932 1998 magistri

2243 1999 2496 2056 militum
2523 2002 2723 2072 ﬁliam,
2749 2020 2875 2074 quae
2898 2004 3019 2074 ipsa
3052 2005 3143 2076 pio
3175 2012 3232 2062 et
3255 2007 3430 2064 alacri
3463 2012 3661 2068 animo
3677 2015 3928 2071 virtutem

2241 2091 2516 2158 exercuit,
2567 2097 2622 2146 et
2677 2092 2734 2148 in
2787 2093 3132 2150 hodiernum
3175 2113 3362 2168 usque
3412 2101 3563 2155 diem
3628 2107 3932 2161 certamina

2240 2178 2447 2234 acriter
2476 2180 2827 2251 exsequitur.

2822 2271 3052 2328 CAPUT
3089 2273 3350 2331 CXXXII.

2913 2362 2985 2416 De
3014 2362 3268 2419 Photina.

2311 2451 2376 2501 Et
2407 2447 2716 2504 Photinam
2776 2449 3052 2521 virginem
3116 2469 3338 2510 summe
3380 2457 3711 2528 honestam,
3764 2463 3920 2519 ﬁliam

2233 2535 2552 2593 Theoctisti
2585 2539 2909 2612 presbyteri
2941 2541 2997 2594 in
3033 2542 3337 2599 Laodicea.

2802 2629 3030 2685 CAPUT
3066 2631 3370 2689 CXXXIII.

2930 2723 3009 2775 De
3037 2721 3238 2777 Asella.

2306 2806 2439 2861 Vidi
2475 2810 2671 2862 autem
2702 2807 2895 2862 Romae
2929 2825 3156 2881 quoque
3205 2812 3458 2870 Asellam
3505 2815 3806 2876 honestam
3835 2823 3924 2877 Dei

2226 2898 2533 2969 virginem,
2568 2916 2691 2969 qua
2720 2898 2962 2957 honeste
2991 2906 3369 2960 consenuitin
3405 2913 3782 2983 monasterio,
3814 2932 3926 2970 mu-

2224 2987 2330 3043 lier
2364 2988 2529 3060 longe
2561 2988 2897 3058 mitissima,
2931 2996 2986 3046 et
3008 3009 3132 3064 qua:
3165 2995 3448 3051 retinebat
3499 3007 3831 3071 conventus,
3872 3007 3918 3058 in

2227 3078 2438 3148 quibus
2471 3077 2585 3132 vidi
2618 3086 2668 3134 et
2709 3078 2861 3135 viros
2910 3085 2968 3136 et
2999 3082 3272 3139 mulieres
3335 3089 3624 3145 catechesi
3678 3100 3920 3150 recenter

2228 3165 2548 3224 institutos.

2791 3260 3020 3316 CAPUT
3057 3261 3360 3321 CXXXIV.

2846 3353 2918 3406 De
2950 3353 3105 3407 sz'ta
3135 3355 3305 3424 (199).

2289 3435 2615 3492 Vidietiam
2677 3438 2898 3494 beatam
2951 3441 3174 3496 Avitam
3224 3444 3340 3499 Deo
3370 3446 3604 3518 dignam
3638 3467 3769 3506 cum
3799 3456 3914 3524 ejus

2217 3525 2425 3580 marito
2491 3528 2848 3597 Aproniano,
2909 3535 2964 3585 et
3025 3546 3227 3587 eorum
3310 3534 3432 3590 tilia
3517 3539 3816 3609 Eunomia,
3865 3545 3912 3596 in

2216 3615 2491 3670 omnibus
2525 3618 2634 3672 Deo
2661 3619 2804 3674 bene
2836 3618 3147 3689 placentes;
3174 3629 3233 3678 ut
3263 3631 3460 3694 aperte
3484 3628 3653 3686 facile
3681 3634 3913 3688 traducti

2217 3704 2433 3759 fuerint
2463 3707 2794 3763 adissolula
2817 3714 2872 3764 et
2903 3711 3226 3782 voluptaria
3250 3715 3367 3768 vita
3405 3721 3471 3771 ad
3515 3718 3818 3775 honestam
3867 3728 3912 3776 et

2216 3795 2613 3851 continentem
2646 3797 2773 3851 vita:
2800 3798 3257 3869 institutionem,
3293 3804 3350 3858 in
3385 3806 3475 3861 his
3508 3824 3741 3881 quoque
3766 3811 3912 3883 digni

2216 3885 2399 3939 habiti
2424 3889 2487 3939 ut
2517 3885 2573 3940 in
2607 3886 2836 3943 Christo
2859 3890 3198 3959 dormirent,
3233 3894 3303 3947 ab
3336 3897 3496 3950 omni
3530 3899 3763 3968 quidem
3796 3918 3912 3972 pec—

2216 3980 2341 4030 cato
2375 3976 2563 4044 liberi,
2592 3980 2838 4048 perfecte
2859 3978 2915 4034 in
2941 3979 3182 4037 honesto
3197 3987 3516 4042 certamine
3539 3989 3910 4057 decertantes,

2215 4067 2274 4120 in
2307 4067 2459 4121 bona
2500 4069 2778 4123 memoria
2807 4069 2983 4124 vitam
3018 4089 3187 4129 suam
3213 4075 3636 4148 relinquentes.

2799 4158 3030 4214 CAPUT
3062 4162 3325 4218 CXXXV.

2815 4248 2886 4302 De
2904 4249 3106 4321 Magna.
3159 4254 3328 4325 (200).

2283 4335 2347 4386 In
2380 4333 2614 4390 civitate
2647 4337 2873 4408 Ancyra
2903 4345 3043 4396 sunt
3077 4342 3272 4399 multa:
3323 4347 3555 4417 quidem
3591 4352 3715 4406 alia
3751 4354 3914 4418 virgi—

2211 4438 2336 4488 nes,
2370 4439 2580 4496 nempe
2603 4427 2672 4480 ad
2716 4429 2913 4483 decem
2953 4430 3158 4500 millia,
3209 4436 3322 4491 duo
3372 4443 3565 4494 autem
3611 4442 3693 4496 vel
3726 4444 3915 4512 plura,

2211 4529 2335 4583 quae
2369 4520 2732 4585 exercentur,
2759 4523 2814 4573 et
2860 4518 2917 4573 in
2953 4522 3108 4578 omni
3145 4524 3375 4582 virtutis
3405 4529 3764 4586 institutione
3801 4535 3914 4588 mi-

2135 4622 2187 4687 D
2222 4601 2425 4672 litant;
2457 4621 2771 4678 omnesque
2804 4612 3197 4681 temperantia:
3233 4615 3459 4688 legibus
3490 4620 3644 4675 clarae
3677 4625 3736 4677 et
3777 4622 3919 4678 insi-

2217 4707 2358 4764 gnes
2391 4694 2640 4762 feminea,
2675 4700 2730 4752 et
2758 4699 3015 4757 divinum
3047 4708 3342 4762 certamen
3373 4710 3563 4766 studio
3593 4727 3912 4783 exsequen-
3969 4743 3975 4748 -

2213 4786 2317 4838 tes.
2354 4784 2506 4839 Inter
2531 4802 2674 4856 quas
2707 4787 3095 4861 principatum
3127 4794 3352 4853 obtinet
3382 4799 3440 4854 in
3473 4802 3685 4872 pietate
3711 4803 3911 4873 Magna

2212 4871 2628 4930 honestissima
2661 4877 2876 4934 femina
2927 4884 2983 4936 et
3042 4884 3430 4957 probissima;
3480 4871 3666 4962 quam
3731 4896 3909 4949 nescio

2212 4962 2351 5033 quid
2377 4964 2486 5019 sim
2511 4965 2939 5038 nominaturus,
2972 4971 3326 5044 virginemne
3348 4995 3419 5033 an
3455 4981 3712 5037 viduam.
3739 4986 3909 5038 Ama-

2210 5056 2294 5107 tre
2343 5055 2510 5108 enim
2571 5055 2624 5109 vi
2691 5057 2812 5112 viro
2873 5061 3202 5134 conjuncta,
3272 5084 3406 5123 eum
3475 5074 3674 5128 tamen
3748 5076 3907 5128 variis

2209 5141 2477 5199 inescans
2502 5144 2901 5215 dilationibus,
2922 5153 2978 5204 et
3007 5155 3262 5225 corporis
3294 5160 3526 5216 morbos
3572 5173 3905 5233 praetexens.

2208 5247 2239 5284 a
2270 5234 2654 5304 corruptionis
2686 5236 2824 5292 vitio
2859 5237 3081 5310 integra
3137 5251 3189 5298 et
3224 5244 3443 5304 intacta
3475 5255 3813 5322 permansit,
3853 5260 3905 5306 ut

2206 5321 2406 5377 dicunt
2438 5325 2562 5394 ejus
2579 5327 2910 5382 necessarii.
2939 5332 3196 5403 Cumque
3221 5337 3390 5405 paulo
3414 5347 3544 5411 post
3569 5343 3901 5398 decessisset

2204 5412 2609 5480 ejusmaritus,
2645 5417 2908 5473 omnium
2942 5422 3121 5478 simul
3170 5426 3318 5482 facta
3371 5436 3459 5486 est
3492 5432 3675 5488 haeres
3725 5436 3899 5490 unica.

2204 5511 2257 5558 et
2286 5505 2704 5577 temporalibus
2726 5508 3000 5583 deinceps
3041 5523 3412 5577 commutans
3470 5527 3712 5593 aterna,
3745 5531 3898 5580 totam

2203 5592 2453 5664 seipsam
2487 5595 2600 5652 Deo
2632 5596 2857 5669 obtulit,
2891 5618 3122 5661 summe
3153 5623 3350 5665 curam
3378 5627 3582 5682 gerens
3611 5615 3752 5670 vita:
3791 5632 3894 5685 quae
