4078 6212
292 343 447 407 1233

866 557 995 632 Περὶ
1064 551 1322 617 ’Λλὸίνας
1354 598 1366 613 .

363 657 522 731 Ἔχει
575 647 633 705 δὲ
692 647 808 722 μεθ’
865 646 1061 715 ἑαυτῆς
1097 644 1207 731 ,καὶ
1261 645 1359 713 τῆν
1424 641 1633 719 μητέρα
1685 639 1936 701 Ἀλϐίναν

291 730 635 814 ἀσκουμένην
688 735 898 810 ὁμοίως
945 732 1032 789 καὶ
1091 730 1578 806 διασκορπίζουσαν
1626 739 1742 788 κατ’
1800 730 1938 787 ἰδίαν

294 829 461 887 πάλιν
492 830 561 885 τὰ
590 825 701 883 ἴδια
732 826 842 902 χρή
856 844 1016 898 ματα.
1051 822 1200 879 Εἰσὶν
1234 818 1325 876 οῦν
1358 820 1607 877 οἰκοῦσαι
1638 820 1692 877 έν
1722 820 1937 897 ἀγροῖςο

297 920 430 976 ποτὶ
460 919 513 974 ἐν
544 920 662 977 τοῖς
714 913 989 982 Σικελίας,
1020 911 1151 968 ποτὶ
1178 912 1237 965 ἓν
1284 915 1401 973 τοῖς
1432 910 1773 984 Καμπανίας,
1808 909 1943 983 μετά

297 1008 576 1084 εύνούχών
611 1002 921 1072 δεκαπέντε,
951 1001 1042 1059 καὶ
1074 999 1377 1077 παρθένων,
1407 999 1498 1056 καὶ
1531 996 1832 1057 δουλίδων.

883 1094 1148 1150 ΚΕΦΑΛ.
1189 1090 1359 1149 PKA'.

906 1172 1038 1248 Περί
1066 1174 1343 1231 Πινιανοῦ.

368 1268 607 1343 Ὁμοίως
639 1265 727 1321 καὶ
763 1264 791 1319 ὁ
824 1262 1078 1327 Πινιανὸς
1107 1262 1135 1316 ὁ
1164 1261 1289 1316 τότε
1319 1260 1455 1335 ἀνὴρ
1486 1258 1681 1330 αὐτῆς,
1712 1262 1807 1315 νῦν
1862 1256 1941 1329 δὲ,

297 1358 552 1440 ἀδελφοὶ,
584 1355 674 1413 διά
716 1357 810 1412 τὸν
844 1353 1075 1431 Χριστὸν
1120 1356 1219 1422 τῆς
1253 1352 1449 1425 ἀρετῆς
1498 1350 1749 1427 συνεργὸς
1800 1351 1946 1423 ὁμό-

300 1473 474 1533 φρων,
532 1446 968 1520 κυνασκούμενος
1030 1442 1165 1517 μετά
1223 1438 1576 1516 μοναζὸντων
1631 1440 1945 1515 τριάκοντα,

299 1530 392 1601 καὶ
422 1541 813 1619 ἀναγινώσκων
859 1537 955 1599 τὰς
987 1535 1133 1595 θείας
1182 1531 1420 1608 Γραφὰς.
1468 1530 1568 1586 Καὶ
1597 1530 1723 1605 περὶ
1770 1534 1945 1598 κῆπον

307 1616 768 1708 μετεωριξσμενος
818 1626 909 1682 καὶ
968 1621 1283 1698 συντυχίας.
1337 1621 1410 1677 Ού
1472 1623 1683 1694 μικρῶς
1744 1616 1802 1674 δὲ
1856 1619 1943 1673 καὶ

304 1707 453 1796 ἡμᾶς
482 1717 737 1778 πλείονας
769 1714 925 1776 ὄντας
966 1712 1231 1786 ἐτίμησαν
1261 1709 1595 1772 ἀπελθόντας
1633 1707 1685 1762 ἐν
1732 1707 1944 1782 Ῥώμῃ,

312 1773 452 1796 ἠννντ
490 1773 579 1775 -νη
625 1773 628 1774 ν
723 1773 734 1778 -
912 1773 922 1776 -
1054 1773 1065 1786 ι
1119 1773 1129 1782 -
1847 1773 1857 1781 .
1896 1773 1940 1782 ν,

307 1809 395 1866 διὰ
442 1810 534 1865 τὸν
579 1806 844 1883 μακάριον
898 1803 1145 1873 Ἰωάννην
1192 1800 1283 1856 τὸν
1335 1798 1651 1868 ἐπίσκοπον,
1700 1796 1794 1853 καὶ
1853 1798 1950 1852 ἀν-
1978 1859 2025 1883 n
2056 1799 2163 1835 νων
2196 1773 2484 1851 σφοδρῶς·

305 1859 534 1956 ἐπαυσάν
899 1859 1247 1968 ξενοδοχείῳ,
1288 1888 1376 1944 καὶ
1428 1859 1670 1963 ἐφοδίοις
1720 1884 1946 1961 δαψιλε-
1978 1859 2026 1928 Β

304 1988 543 2063 στάτοις,
577 1986 714 2063 μετά
758 1982 977 2052 πολλῆς
1021 1984 1196 2057 χαρᾶς
1241 1976 1614 2053 καρπούμενοι
1661 1977 1759 2045 τήν
1808 1976 1944 2032 αἰώ-

223 2109 232 2122 ·
302 2099 414 2135 νιον
450 2078 596 2150 ζωὴν
628 2079 742 2138 τοῖς
791 2069 1160 2146 θεοδωρήτοις
1189 2063 1372 2145 ἔργοις
1421 2073 1522 2138 τῆς
1570 2065 1796 2141 ἀρίστης
1846 2086 1947 2122 πο-

199 2208 202 2215 ι
305 2166 531 2231 λιτείας.

891 2236 1152 2287 ΚΕΦΑΛ.
1194 2229 1358 2285 ΡΚΒ’.

838 2312 971 2388 Περὶ
1030 2310 1369 2385 Παμμαχίου
1393 2351 1407 2364 .

374 2407 589 2465 Τούτων
651 2402 908 2480 συγγενὴς
963 2400 1193 2473 ὀνόματι
1252 2398 1594 2477 Παμμάχιος
1651 2397 1759 2452 ἀπὸ
1832 2394 1952 2450 ἀνθ-

304 2499 521 2553 υπάτων
556 2492 763 2569 ὁμοίως
796 2487 1199 2561 ἀποταξάμενος
1228 2485 1386 2558 ἔζησε
1417 2486 1512 2542 τὸν
1546 2482 1766 2558 ἄριστον
1804 2485 1947 2561 βίον,

305 2586 477 2643 πάντα
504 2584 596 2639 τὸν
639 2582 877 2639 πλοῦτον
909 2578 1093 2647 αὐτοῦ,
1124 2578 1216 2632 τὸν
1253 2576 1347 2650 μὲν
1397 2581 1502 2645 ζῶν
1538 2572 1948 2650 διασκορπίσας,

305 2677 398 2730 τὸν
433 2672 491 2729 δὲ
536 2671 805 2731 τελευτῶν
835 2674 952 2731 τοῖς
1002 2671 1256 2742 πτωχοῖς
1286 2663 1647 2741 καταλείψας,
1676 2665 1812 2739 πρὸς
1858 2664 1949 2720 τὸν

315 2764 514 2840 Κύριον
538 2759 915 2836 ἀπεδήμησεν.

905 2852 1158 2904 ΚΕΦΑΛ.
1194 2845 1357 2901 ΡΚΓ’.

868 2927 1000 3002 Περὶ
1057 2922 1342 2997 Μακαρίου
1373 2964 1388 2982 .

379 3022 618 3098 Ὁμοίως
649 3022 737 3077 καὶ
769 3017 1050 3093 Μακάριός
1073 3037 1156 3079 τις
1186 3015 1415 3087 ὀνόματι
1445 3014 1553 3068 ἀπὸ
1586 3012 1859 3086 Βικαρίας.

902 3110 1156 3161 ΚΕΦΔΛ.
1192 3109 1353 3160 PKA'.

833 3194 961 3269 Περί
992 3189 1330 3251 Κωνσταντίν
1340 3212 1423 3246 ου.

381 3292 483 3347 Καὶ
542 3290 965 3354 Κωνσταντῖνος,
1037 3277 1403 3359 συγκάθεδρος
1474 3279 1767 3354 γενόμενος
1844 3280 1953 3333 τῶν

308 3381 446 3436 κατὰ
476 3377 712 3434 Ἰταλίαν
748 3376 1028 3450 ἐπάρχων,
1060 3368 1250 3446 ἄνδρες
1296 3370 1559 3443 ἐπίσημοι
1592 3369 1681 3424 καὶ
1732 3367 1951 3441 ἐλλογι-

312 3468 578 3541 μώτατοι,
628 3465 717 3520 καί
779 3465 854 3526 εἰς
912 3461 1073 3537 ἀκρον
1128 3456 1408 3538 φιλοθείας
1467 3456 1800 3523 ἐλάσαντες⁹
1859 3455 1952 3520 οὓς

307 3558 387 3614 ἔτι
437 3556 652 3629 νομίζω
694 3556 784 3611 καὶ
832 3558 922 3609 νῦν
969 3551 1021 3607 ἐν
1070 3550 1227 3627 σαρκὶ
1280 3549 1565 3624 ὑπάρχειν,
1597 3551 1688 3605 τὸν
1738 3549 1956 3625 ἄριστον

308 3654 413 3717 τῆς
469 3645 748 3706 πολιτείας
808 3642 1005 3716 θεσμὸν
1078 3640 1455 3712 ἐξασκοῦντας,
1512 3639 1610 3709 τὴν
1688 3640 1953 3718 μακαρίαν

313 3734 403 3790 καὶ
435 3735 704 3808 ἀκήρατον
735 3733 885 3803 ζωὴν
916 3728 1301 3803 ἀναμένοντας.

907 3822 1166 3875 ΚΕΦΑΛ.
1204 3819 1364 3874 ΡΚΕ’.

930 3899 1063 3974 Περὶ
1094 3898 1341 3968 Παύλης.

384 3997 474 4051 Ἐν
506 3995 591 4056 αῖς
621 3991 711 4049 καὶ
764 3986 956 4063 Παύλῃ
987 3990 1057 4062 τῇ
1105 3985 1352 4060 Ῥωμαία
1376 3989 1445 4059 τῇ
1494 3987 1663 4059 μητρὶ
1704 3987 1958 4057 Τοξοτίου

313 4083 555 4164 γυναικὶ,
601 4081 677 4145 εἰς
723 4081 820 4149 τήν
853 4076 1225 4150 πνευματικὴν
1275 4072 1561 4130 πολιτείαν
1614 4073 1956 4152 ἀστειοτάτῃ.

311 4162 413 4236 Ἦς
444 4168 708 4247 ἐμπόδιον
737 4170 954 4245 γέγονεν
982 4164 1311 4240 Ἱερώνυμός
1355 4185 1440 4227 τις
1470 4163 1577 4219 ἀπὸ
1623 4162 1957 4235 Δαλματίας.

316 4260 631 4336 Δυναμένην
673 4259 779 4335 γὰρ
830 4257 999 4326 αύτήν
1060 4254 1395 4328 ὑπερπτῆναι
1451 4251 1704 4315 πολλῶν,
1735 4250 1831 4307 ’ίνα
1881 4255 1957 4326 μή

315 4351 455 4407 εἴπω
486 4353 693 4418 πασῶν,
730 4345 1063 4424 εὐφυεστάτη
1116 4340 1269 4413 οῦσα,
1315 4345 1394 4406 εἰς
1438 4343 1539 4411 τήν
1587 4340 1834 4415 ἐνάρετον
1862 4363 1959 4396 πο-

322 4438 552 4507 λιτείαν,
582 4433 1028 4511 προσενεπόδισεν
1078 4437 1149 4507 τῇ
1180 4433 1370 4487 ἑαυτοῦ
1421 4430 1685 4506 βασκανίᾳ
1726 4430 1957 4493 ἐκλύσας

318 4529 488 4599 αὐτὴν
521 4529 660 4603 πρὸς
689 4528 781 4582 τὸν
813 4522 950 4581 ἴδιον
983 4524 1153 4580 αὐτοῦ
1184 4522 1408 4577 σκοπόν.

902 4615 1158 4671 manu.
1193 4611 1373 4685 PKQ".

890 4694 1023 4769 Περὶ
1067 4691 1391 4766 Εὖστοχίας.

1583 332 1957 397 HISTORIA
1995 332 2407 399 LAUSIACA.

899 480 1157 538 ΚΕΦΑΛ.
1200 476 1329 533 PK'.
1963 475 2021 547 Α

2050 829 2280 902 γυναῖκα
2307 866 2322 882 .

1994 4593 2042 4659 D

3510 310 3690 411 ’1234

2615 472 2857 526 ΚΕΦΑΛ
2882 508 2895 522 .
2939 463 3078 519 ΡΚΘ¹
3105 505 3118 519 .

2664 549 2793 626 Περὶ
2834 544 3033 605 Οὐσίας
3059 586 3073 600 .

2120 651 2205 702 Ἐν
2252 648 2331 716 τῷ
2384 638 2734 716 μοναστηρίῳ
2789 641 2886 692 τοῦ
2945 638 3156 707 Ἡσυχᾶ
3212 626 3358 708 παρά
3415 626 3685 681 θάλασσαν

2048 729 2215 808 ἔγνων
2282 730 2479 788 Οὐσίαν
2548 728 2795 803 ὀνόματι,
2861 726 2928 781 τα
2996 720 3099 779 ὅλα
3163 717 3252 776 καὶ
3340 715 3680 788 σεμνοτάτην

2626 891 2861 944 ΚΕΦΑΛ
2887 926 2900 940 .
2959 885 3056 939 ΡΛ¹
3086 926 3099 941 .

2636 969 2766 1042 Περὶ
2807 963 3062 1027 Ἀδολίας
3087 1006 3100 1020 .

2123 1066 2223 1121 Καὶ
2279 1065 2377 1134 τήν
2437 1062 2641 1130 ταύτης
2697 1054 2939 1133 ἀδελφὴν
2996 1049 3277 1119 Ἀδολίαν,
3336 1047 3427 1103 καὶ
3483 1046 3681 1117 ταύτην

2056 1151 2381 1231 βεϐιωκυῖαν
2409 1152 2460 1207 ἐν
2495 1151 2681 1224 ἂρετῇ,
2715 1145 2814 1201 οὐκ
2842 1142 3003 1213 ἀξίως
3045 1141 3137 1212 μὲν
3187 1138 3412 1205 ταύτης,
3461 1136 3690 1207 ἐπαξίως

2055 1226 2112 1301 δὲ
2139 1252 2241 1315 τῆς
2269 1240 2549 1315 δυνάμεως
2581 1240 2776 1306 ἑαυτῆς
2810 1235 3046 1305 ζήσασαν
3081 1227 3237 1300 ζήλῳ
3269 1226 3402 1281 Θεοῦ
3433 1268 3446 1282 .

2180 1368 2184 1371 ν
2626 1329 2860 1385 ΚΕΦΔᾹ
2886 1367 2900 1382 .
2944 1320 3095 1377 PAA'
3121 1361 3134 1375 .

2589 1408 2720 1483 Περὶ
2765 1400 3126 1463 Βασιανίλλας
3158 1444 3171 1457 .

2128 1511 2331 1584 Ἐγνων
2380 1504 2487 1581 ἐγὼ
2533 1506 2622 1558 καὶ
2664 1495 3044 1566 Βασιανίλλαν,
3087 1495 3187 1561 τὴν
3242 1488 3540 1548 Κανδιανοῦ
3599 1492 3695 1542 τοῦ

2057 1578 2455 1673 στρατηλάτου,
2522 1589 2822 1667 προθύμως
2883 1584 2973 1642 καὶ
3033 1578 3281 1643 εὐλαϐῶς
3340 1580 3438 1647 τὴν
3497 1578 3695 1651 ἀρετὴν

2058 1687 2439 1759 ἐξασκήσασαν,
2465 1682 2555 1738 καὶ
2588 1679 2856 1756 ἐχομένην
2899 1673 3059 1730 εἰσέτι
3109 1672 3199 1727 καὶ
3246 1674 3338 1724 νῦν
3377 1672 3485 1723 τῶν
3538 1666 3696 1742 ἀγώ-

2616 1846 2851 1898 ΚΕΦΛΛ
2876 1881 2890 1894 .
2933 1837 3078 1891 ΡΛΒ¹
3110 1877 3123 1891 .

2634 1923 2761 1996 Περὶ
2797 1922 3076 1986 Φωτεινῆς
3104 1957 3117 1972 .

2127 2017 2228 2074 Καὶ
2295 2014 2572 2085 Φωτεινῆν
2632 2011 2894 2087 παρθένον
2965 2001 3303 2080 σεμνοτάτην
3338 2016 3342 2019 ⁷
3380 1998 3454 2060 εἰς
3512 1999 3697 2071 ἀκρον,

2057 2107 2317 2187 θυγατέρα
2366 2103 2424 2161 δὲ
2471 2100 2792 2160 Θεοκτίστου
2848 2100 2946 2154 τοῦ
2994 2088 3360 2169 πρεσϐυτέρου
3412 2091 3512 2145 τοῦ
3560 2087 3697 2141 κατά

2057 2194 2376 2254 Λαοδίκειαν
2404 2236 2419 2252 .

2630 2264 2864 2318 ΚΕΦΑΛ
2891 2297 2904 2313 .
2949 2254 3092 2311 ΡΛΓ¹
3114 2294 3127 2308 .

2640 2340 2769 2416 Περὶ
2809 2335 3078 2399 Ἀσέλλας
3096 2377 3109 2392 .

2128 2438 2272 2496 Ἵδον
2333 2432 2411 2494 δὲ’
2443 2436 2531 2492 καὶ
2576 2432 2629 2489 ἐν
2685 2431 2869 2505 Ῥώμῃ
2913 2427 3013 2496 τήν
3062 2422 3236 2492 καλὴν
3296 2416 3555 2477 Ἀσέλλαν
3601 2418 3700 2485 τήν

2057 2528 2318 2606 παρθένον
2371 2527 2612 2601 Χριστοῦ
2659 2518 2845 2580 καλῶς
2891 2516 3251 2592 γεγηρακυῖαν
3300 2509 3351 2565 ἐν
3399 2512 3479 2581 τῷ
3530 2525 3701 2580 μονα-

2060 2619 2289 2697 στηρίῳ,
2324 2613 2530 2696 σφόδρα
2579 2610 2893 2688 πραϋτάτην
2940 2608 3169 2682 γυναῖκα
3216 2601 3307 2656 καὶ
3359 2595 3696 2673 ἀνεχομένην

2057 2689 2339 2770 συνοδίας.
2368 2689 2463 2765 Ἕν
2508 2705 2593 2766 οἷς
2639 2698 2942 2772 ἐθεασάμην
2976 2691 3168 2765 ἄνδρας
3199 2712 3257 2746 τε
3298 2689 3389 2746 καὶ
3441 2691 3695 2763 γυναῖκας

2058 2798 2503 2871 νεοκατηχήτους
2529 2835 2540 2850 .

2612 2865 2853 2919 ΚΕΦΑΛ
2879 2901 2891 2914 .
2933 2856 3094 2913 ῬΛΔ’
3120 2897 3133 2913 .

2647 2940 2776 3015 Περὶ
2817 2932 3070 2997 Ἀῦίττας
3092 2978 3105 2992 .

2131 3035 2471 3106 Ἐθεασάμην
2524 3030 2615 3086 καὶ
2672 3030 2771 3098 τῆν
2826 3025 3088 3099 μακαρίαν
3147 3016 3397 3077 ’Λϐίτταν
3445 3019 3544 3086 τῆν
3602 3022 3700 3071 τοῦ

2060 3130 2195 3183 Θεοῦ
2234 3123 2407 3195 ἀξίαν,
2466 3120 2558 3176 σὺν
2614 3122 2694 3190 τῷ
2739 3118 2939 3182 ταύτης
2997 3108 3151 3185 ἀνδρί
3199 3109 3551 3184 Ἀπρινιανῷ,
3607 3103 3695 3159 καὶ

1981 3224 2032 3291 C
2058 3218 2129 3289 τῇ
2161 3212 2372 3270 τούτων
2407 3208 2630 3288 θυγατρὶ
2671 3205 2943 3279 Εύνομίῃ,
2975 3200 3030 3257 ἐν
3069 3204 3227 3254 πᾶσιν
3278 3196 3695 3272 εύαρεστοῦντας

2064 3284 2146 3377 τῶ
2195 3307 2351 3375 Θεῖν’
2384 3302 2460 3365 ὼς
2488 3284 2751 3373 ,ἄντικρυς
2805 3292 3157 3367 μετατεθῆναι
3203 3284 3405 3362 ῥᾳδίως
3455 3284 3560 3339 ἀπὸ
3607 3285 3703 3337 τοῦ

2062 3391 2343 3466 ἀνειμὲνοῦ
2386 3389 2478 3445 καί
2527 3384 2812 3464 τρυφηλοῦ
2859 3383 2989 3457 βίου
3039 3378 3126 3434 ἐπὶ
3173 3379 3272 3445 τήν
3322 3374 3565 3448 ἐνάρετον
3611 3371 3704 3425 καὶ

2064 3482 2296 3557 ἐγκρατῆ
2357 3459 2689 3535 πολιτείαν.⁸
2750 3472 3169 3546 καταξιωθέντες
3246 3465 3301 3521 ἐν
3350 3462 3568 3525 τούτοις
3615 3459 3705 3514 καὶ

2202 3569 2257 3627 ἒν
2288 3573 2507 3644 Χριστῷ
2553 3569 2904 3640 κοιμήσεως’
2951 3556 3397 3633 ἐλευθερωθέντες
3453 3554 3548 3625 μὲν
3599 3550 3706 3604 πά-

2066 3640 2168 3731 σης
2197 3640 2465 3733 ἁμαρτίας
2483 3640 2756 3716 γτελείωςθ
2808 3651 2957 3712 ἐντὸς
3006 3647 3062 3704 δὲ
3108 3647 3198 3703 καὶ
3246 3645 3498 3722 γνώσεως
3545 3640 3706 3714 γενό-

2072 3769 2223 3823 μενοι
2240 3732 2530 3822 ίένγμνήμῃ
2565 3744 2736 3819 ἀγαθῇ
2754 3742 2847 3796 τὸν
2873 3739 2992 3813 βίον
3015 3740 3215 3793 έαυτῶν
3245 3732 3662 3806 καταλείψαντες
3690 3772 3705 3786 .

2628 3835 2861 3887 ΚΕΦΑΛ
2887 3871 2899 3885 .
2942 3829 3097 3884 PAE'
3124 3870 3136 3884 .

2688 3910 2821 3986 Περί
2860 3908 3044 3982 Μάγνα
3068 3949 3082 3964 .

2143 4009 2230 4064 Ἐν
2263 4004 2430 4079 ταύτῃ
2476 4005 2545 4077 τῇ
2577 3999 2736 4057 πόλει
2783 3997 3024 4071 Ἀγκύρᾳ
3072 3990 3281 4049 πολλαὶ
3329 3990 3423 4065 μέν
3472 3990 3573 4045 εἰσι
3620 3986 3709 4043 καὶ

2070 4098 2236 4154 ἄλλαι
2266 4093 2521 4169 παρθένοι
2555 4091 2628 4153 ὡς
2662 4085 2913 4164 χιλιάδες
2941 4083 3035 4140 δύο
3066 4084 3101 4153 ἢ
3133 4082 3332 4153 πλείω,
3379 4081 3709 4152 ἀσκούμενοι

2066 4190 2167 4258 τὴν
2226 4183 2401 4241 ἔνθεον
2461 4179 2745 4237 πολιτείαν
2805 4183 2905 4246 τῆς
2982 4176 3197 4248 ἀρετῆς,
3254 4170 3710 4249 ἐγκρατευόμεναι

2068 4280 2159 4334 καὶ
2205 4274 2394 4348 πολλῇ
2438 4267 2903 4347 ταπεινοφροσύνῃ
2960 4264 3150 4337 τρόπῳ
3193 4264 3374 4334 ἠπίων
3428 4265 3663 4332 συζῶσαι
3696 4301 3708 4313 .

2072 4367 2189 4424 Εἰσὶ
2257 4363 2315 4421 δὲ
2370 4364 2460 4419 καὶ
2519 4359 2783 4432 ἐπίσημοι
2838 4360 3086 4431 γυναῖκες
3147 4351 3562 4426 διαπρέπουσαι,
3620 4348 3707 4402 καὶ

2067 4460 2157 4514 τὸν
2188 4461 2330 4514 θεῖον
2375 4457 2557 4532 ἀγῶνα
2609 4451 2743 4525 μετά
2793 4447 3015 4517 πολλῆς
3072 4442 3313 4514 σπουδῆς
3362 4442 3708 4513 ἐξανύουσαι.

2072 4550 2159 4604 Ἐν
2218 4549 2307 4610 αἷς
2366 4546 2645 4619 ἐπικρατεῖ
2700 4543 2816 4597 κατ’
2882 4533 3152 4594 εῢσέϐειαν
3228 4536 3438 4610 Μάγνα,
3520 4551 3716 4604 σεμνο-

2070 4638 2206 4707 τάτη
2241 4637 2376 4712 γυνή
2408 4632 2497 4689 καί
2532 4627 2883 4703 δοκιμωτάτη
2914 4670 2928 4685 .
2957 4628 3056 4682 Ἢν
3091 4625 3190 4679 οὐκ
3216 4621 3339 4678 οἶδα
3360 4642 3411 4675 τι
3433 4618 3709 4692 ὀνομάσω,

2074 4702 2502 4800 ἄρατπαρθένον,
2543 4719 2578 4789 ἢ
2632 4702 2810 4793 χήραν
2839 4758 2850 4770 .
2910 4713 3013 4786 Βία
3049 4713 3151 4788 γὰρ
3197 4710 3518 4784 συναφθεῖσα
3558 4702 3713 4779 ἀνδρὶ

392 4792 492 4851 Ἥς
539 4787 783 4863 θυγάτηρ
830 4783 996 4854 ἐστίν,
1046 4782 1136 4837 καὶ
1189 4785 1279 4835 νῦν
1340 4781 1603 4851 ἀσκεῖται,
1656 4778 1961 4858 Εύστόχιον

323 4879 551 4951 ὀνόματι
582 4874 634 4932 ἒν
678 4872 952 4947 Βηθλεέμ.
983 4873 1083 4933 Ἦς
1133 4868 1244 4945 ἐγὼ
1283 4868 1338 4925 ἐν
1387 4866 1649 4943 συντυχίᾳ
1700 4867 1798 4923 οὐκ
1843 4867 1965 4946 ἔγε-

317 4970 513 5046 γόνειν.
548 4967 772 5041 Λέγεται
805 4961 863 5018 δὲ
892 4958 1100 5042 σφόδρα
1130 4959 1269 5015 εἶναι
1316 4958 1766 5033 σωφρονεστάτη,
1799 4979 1963 5013 συνο-

321 5056 437 5115 δίαν
465 5054 676 5137 ἔχουσα
705 5052 1041 5125 πεντήκοντα
1069 5048 1368 5123 παρθένων.

908 5142 1167 5197 ΚΕΦΑΛ.
1208 5139 1366 5196 PKZ'.

923 5219 1057 5295 Ηερὶ
1085 5218 1360 5293 Βενερίας.

391 5317 600 5390 ’Ἑγνων
644 5309 704 5367 δὶ
744 5308 838 5390 καί
881 5306 1125 5390 Βενερίαν
1178 5308 1278 5390 τήν
1331 5303 1678 5390 Καλλοδίκου
1725 5308 1823 5360 τοῦ
1874 5302 1966 5390 κό-

322 5383 497 5473 μητος
527 5391 713 5454 καλῶς
738 5388 1194 5473 διασκορπίβσασαν
1309 5394 1408 5457 τῆς
1431 5383 1693 5473 καμήλου
1725 5384 1965 5462 φορτίον,

320 5463 411 5536 καὶ
441 5473 852 5551 ἀπαλλαγεῖσαν
880 5463 988 5527 τῶν
1020 5467 1079 5523 ἐκ
1107 5469 1206 5537 τῆς
1237 5465 1376 5537 ὕλης
1403 5463 1751 5542 τραυμάτων.

909 5563 1165 5615 ΚΕΦΑΛ.
1211 5558 1384 5612 ΡΚΗ’.

896 5639 1027 5714 Περὶ
1089 5633 1394 5713 Θεοδώρας.

395 5738 499 5797 Καὶ
529 5736 630 5804 τὴν
695 5728 959 5807 μακαρίαν
1018 5724 1302 5800 Θεοδώραν
1347 5726 1445 5807 τῆν
1497 5726 1595 5781 τοῦ
1651 5719 1965 5800 τριϐούνου,

327 5821 425 5892 τὴν
479 5803 877 5892 έπὶίτοσοῦτον
917 5806 1323 5892 ⁸ὅικτημοσύνης
1379 5804 1665 5879 ἐλάσασαν,
1698 5804 1771 5870 ὡς
1814 5803 1969 5879 ἐλεη-

335 5886 576 5979 μοσύνην
608 5894 810 5971 ταύτην
835 5887 1109 5951 λαϐοῦσαν
1143 5886 1290 5948 οὕτω
1318 5887 1662 5963 τελευτῆσαι.

2072 4792 2217 4889 παρά
2244 4792 2351 4882 τῆς·
2380 4810 2615 4887 μητρὸς,
2647 4792 2799 4881 ὅμως
2849 4801 3145 4859 δελεάσασα
3190 4803 3381 4853 τοῦτον
3432 4792 3713 4871 διαφόροις

2076 4901 2416 4979 ὑπερθέσεσιν
2455 4943 2470 4968 ,
2537 4893 2894 4968 σκηπτομένη
2963 4892 3148 4951 νόσους
3214 4884 3552 4960 σωματικὰς,
3617 4886 3714 4938 τοῦ

2077 4993 2282 5066 μύσους
2319 4993 2592 5065 ἄψαυστος
2636 4986 2726 5043 καὶ
2760 4984 3011 5059 ἀμύητος
3056 4977 3286 5053 ἔμεινεν,
3339 4977 3413 5038 ὡς
3463 4994 3619 5052 φασιν
3662 4974 3715 5027 οἱ

2072 5084 2275 5151 ταύτης
2308 5080 2541 5135 οἰκεῖοιο
2592 5076 2643 5132 ἐν
2678 5076 2767 5140 οἷς
2815 5073 2934 5148 μετ’
2983 5068 3320 5144 ὀλιγώτατον
3374 5063 3573 5141 χρόνον
3620 5082 3715 5116 τε-

2079 5170 2443 5243 μευτήσαντος
2469 5170 2565 5221 τοῦ
2598 5162 2815 5239 ἀνδρὸς,
2848 5161 3064 5217 πάντων
3118 5157 3262 5230 ὁμοῦ
3315 5151 3720 5229 μονοκληρονό-

2081 5278 2185 5335 μος
2244 5255 2504 5332 γενομένη
2556 5254 2646 5331 καὶ
2706 5250 2796 5307 διὰ
2851 5255 2957 5308 τῶν
3008 5243 3357 5321 προσκαίρων
3404 5242 3470 5297 τὰ
3524 5239 3718 5295 αἰώνια

2079 5333 2454 5421 ἀλλαξαμένη,
2506 5342 2703 5399 λοιπὸν
2762 5339 2897 5411 ὅλην
2956 5337 3151 5405 ἑαυτὴν
3210 5333 3585 5410 προσενήνοχε
3640 5334 3719 5401 τῷ

2078 5444 2213 5511 Θεῷ,
2247 5438 2324 5500 εἰς
2355 5437 2517 5509 ἄκρον
2568 5431 2896 5512 φροντίσασα
2936 5436 3035 5497 τῆς
3088 5426 3174 5482 ἀεὶ
3230 5424 3500 5500 μενούσης
3549 5426 3717 5492 ζωῆς,

2078 5527 2444 5605 προΐσταμένη
2506 5526 2714 5597 σεμνῶς
2769 5524 2875 5576 τῶν
2938 5515 3089 5572 ἰδίων
3150 5516 3377 5571 οἰκετῶν
3414 5533 3424 5545 ⁸
3487 5514 3716 5583 ζήσασα,

2075 5618 2518 5690 ἀσκητικώτατον
2556 5612 2672 5690 βίον
2704 5610 2794 5666 καὶ
2827 5607 3179 5686 σωφροσύνης
3220 5607 3459 5680 γέμοντα
3483 5624 3495 5637 ·
3530 5600 3717 5658 τοιαύ-

2074 5730 2173 5779 την
2232 5703 2437 5785 ἔχουσα
2484 5698 2684 5777 ἀκριϐῆ
2738 5697 3055 5777 συντυχίαν,
3106 5697 3180 5758 ὡς
3235 5691 3499 5750 αἰδεῖσθαι
3550 5692 3720 5753 αὐτῆς

2074 5775 2177 5870 τῆν
2206 5775 2462 5871 ἀν’τοψίαν
2496 5775 2584 5850 καὶ
2613 5790 2742 5855 τοὺς
2775 5789 2826 5846 ἐν
2857 5775 3024 5865 ἐξοχῇ
3058 5785 3408 5856 ἐπισκόπους,
3434 5775 3720 5856 ὑπερϐολῇ

2080 5862 2363 5950 εὐλαϐείας
2386 5926 2403 5945 .
2434 5878 2583 5960 Αῧτη
2615 5882 2718 5956 τὴν
2753 5879 2850 5957 μὶν
2883 5862 3104 5953 πολλὴν
3151 5875 3243 5934 καὶ
3272 5872 3533 5951 περισσὴν
3580 5864 3724 5941 ὕλην
3918 5884 3939 5895 ⁶
3966 5864 4042 5936 ηιμ]
