4112 6210
398 315 551 380 1235

395 455 474 523 τῷ
522 455 624 521 τῆς
681 443 1072 521 ἀκτήμοσύνης
1125 447 1253 520 πυρὶ
1312 446 1693 518 κατηνάλωσεν
1747 463 1760 477 ⁸

397 538 819 613 περισσευσάσας
868 536 1055 612 χρείας
1104 535 1382 606 κατέταξεν
1432 536 1507 598 εἰς
1560 533 1833 592 διακονίαν
1883 557 2052 608 μονα-

399 629 669 704 στηρίοις,
696 632 971 705 πτωχοῖς,
1004 622 1397 700 ξενοδοχείοις,
1427 626 1517 681 καὶ
1558 625 1929 697 Ἐκκλησίαις,
1960 627 2046 681 πέ-

398 742 548 791 νησι,
607 715 968 789 διοδεύουσιν,
1046 714 1386 783 ἐπισκόποις,
1446 716 1723 794 ὀρφανοῖς,
1794 718 2045 793 χήραις·

400 809 490 865 καὶ
529 812 663 862 πᾶσι
718 812 835 866 τοῖς
866 806 1168 880 χρῄζουσιν
1220 802 1531 879 ἐπικουρίας
1573 810 1896 881 χορηγοῦσα
1945 807 2049 862 οὐκ

402 897 628 953 ἒπαύετο
687 895 896 970 ἱλαρῶς
952 893 1291 969 ἐργαζομένη
1352 896 1450 963 τὴν
1512 888 1781 949 εὐσέϐειαν
1812 894 1947 950 κατά
1978 895 2040 950 τὸ

404 987 663 1057 λεληθὸς,
695 983 785 1040 καὶ
817 985 887 1038 δι’
921 984 1116 1051 ἑαυτῆς
1147 984 1237 1037 καί
1269 979 1357 1037 διά
1389 981 1611 1037 οῗκετῶν
1664 984 2000 1040 πιστοτάτων
2031 1004 2045 1017 ·

407 1078 485 1149 μὴ
520 1072 1018 1146 ἀπολιμπανομένη
1050 1078 1149 1141 τῆς
1182 1070 1509 1140 Ἐκκλησίας
1552 1069 1792 1143 μάλιστα
1831 1070 1883 1127 ἐν
1932 1078 2050 1135 ταῖς

401 1164 546 1235 νυξίν
582 1182 595 1194 ·
625 1162 677 1218 έν
711 1168 872 1217 πᾶσιν
928 1160 1312 1235 ἐξεργαζομένη
1346 1168 1445 1231 τῆς
1499 1162 1778 1232 ἀσκήσεως
1829 1161 2047 1236 ἀρετὴν,

401 1254 487 1309 ἐπ’
526 1250 710 1308 έλπίδι
738 1253 839 1321 τῆς
871 1250 1093 1305 α’ίωνίου
1124 1256 1295 1319 ζωῆς.

973 1342 1229 1395 ΚΕΦΑΛ.
1284 1339 1476 1413 ΡΛς’.

406 1439 535 1509 Περί
592 1432 861 1507 παρθένου
926 1428 1516 1509 τῆςλρποδεξαμένης
1599 1432 1691 1487 τὸν
1780 1430 2045 1509 μακάριον

1058 1503 1391 1560 ’Δθνάασιον.

474 1592 741 1670 Παρθένον
782 1590 899 1649 οῖδα
938 1592 1038 1661 τήν
1071 1591 1121 1646 έν
1170 1589 1573 1665 Ἀλεξανδρείᾳ,
1631 1594 1698 1663 ἢν
1746 1591 2049 1669 κατείληφα

404 1688 477 1748 ὡς
511 1684 643 1740 έτῶν
674 1679 1057 1757 ἑϐδομήκοντα
1088 1699 1101 1715 ·
1151 1681 1320 1755 ταύτῃ
1370 1683 1399 1735 6
1438 1681 1645 1757 κλῆρος
1694 1682 1832 1745 ἅπας
1872 1702 2045 1758 προσ-

403 1774 716 1849 εμαρτύρει,
748 1771 830 1828 ὅτι
881 1772 972 1826 νέα
1021 1770 1153 1826 οὖσα
1197 1769 1267 1846 τῇ
1312 1768 1522 1842 ἡλικίᾳ,
1573 1771 1649 1832 ὡς
1696 1770 1831 1828 έτῶν
1874 1771 2046 1827 εἰκοσι

404 1835 624 1942 σφόδρα.
641 1835 948 1938 ὡραιοτάτη
986 1835 1564 1939 ὑπάρχουσαίφευκτή
1595 1862 1662 1930 ἦν
1702 1866 1821 1926 τοῖς
1867 1861 2047 1936 έναρέ-
2080 1835 2128 1898 Β

402 1973 542 2023 τοις,
576 1949 665 2008 διά
691 1954 754 2008 τὸ
785 1949 1014 2020 κάλλος,
1044 1948 1134 2005 ’ίνα
1168 1951 1244 2023 μή
1275 1970 1397 2005 τινα
1447 1953 1642 2024 μῶμον
1693 1947 1771 2023 δῷ
1800 1948 1849 2020 ἒξ
1902 1950 2045 2007 ὑπο-

402 2045 575 2104 νοίας.
608 2047 729 2101 Ὁτι
769 2040 866 2096 οὖν
918 2035 1114 2109 συνέϐη
1162 2037 1289 2100 τοὺς
1336 2038 1649 2114 Ἀρειανοὺς
1718 2040 2047 2095 συσκευάσα-

405 2135 525 2188 σθαι
554 2132 647 2187 τὸν
698 2131 961 2205 μακάριον
1006 2130 1343 2200 Ἀθανάσιον,
1376 2129 1467 2183 τὸν
1518 2127 1812 2185 ἐπίσκοπον
1862 2128 2048 2202 Ἀλεξ-

409 2219 675 2295 ανδρείας,
721 2219 789 2275 δι’
836 2214 1095 2276 Εὗσεϐίου
1124 2222 1221 2273 τοῦ
1270 2217 1404 2273 κατά
1443 2218 1535 2273 τὸν
1577 2218 1766 2294 καιρὸν
1814 2237 2051 2292 πραιπο-

409 2311 561 2367 σίτου
592 2309 679 2366 ἐπὶ
712 2308 1087 2366 Κωνσταντίου
1116 2311 1212 2363 τοῦ
1262 2306 1556 2380 βασιλέως,
1602 2306 1802 2380 ἀέμιτα
1853 2307 2051 2363 τούτου

408 2404 837 2476 κατηγοροῦντες
875 2398 1289 2475 ἐσυκοφάντουν.
1346 2396 1575 2472 Φεύγων
1624 2394 1716 2451 οὖν
1781 2397 1810 2450 6
1875 2398 2054 2470 μακά-

408 2512 524 2567 ριος
554 2492 617 2546 τὸ
666 2490 812 2564 παρά
868 2486 1264 2563 διεφθαρμένου
1317 2487 1601 2563 κριτηρίου
1646 2490 1922 2561 κριθῆναι,
1953 2486 2053 2543 οὐκ

407 2576 697 2652 έθάρῥησεν
735 2574 931 2647 οὐδενὶ,
964 2573 1026 2630 οἰ)
1053 2575 1315 2650 συγγενεῖ,
1350 2576 1413 2629 οὐ
1455 2574 1619 2651 φίλῳ,
1666 2573 1727 2630 οὐ
1774 2572 2051 2651 κληρίκῷ,

407 2664 505 2721 οὐκ
535 2663 693 2739 ἄλλῳ
723 2667 825 2721 τινὶ
870 2668 979 2718 τῶν
1026 2665 1268 2733 συνήθων
1304 2681 1318 2695 ·
1371 2661 1497 2717 ἀλλ’
1544 2660 1900 2720 εἰσελθόντων
1944 2668 2052 2719 τῶν

407 2754 718 2829 ἐπαρχικῶν
749 2749 1015 2829 αἰφνίδιον
1046 2750 1123 2815 είς
1162 2752 1224 2806 τὸ
1270 2749 1639 2821 ἐπισκοπεῖον,
1670 2752 1761 2807 καὶ
1812 2758 2052 2823 ζητούν-

405 2863 510 2899 των
543 2841 722 2912 αὖτὸν,
756 2836 942 2895 λαϐὼν
973 2840 1169 2895 ἑαυτοῦ
1214 2838 1276 2893 τὸ
1326 2842 1634 2915 στιχάριον,
1666 2842 1758 2895 καὶ
1805 2843 1867 2897 τὸ
1920 2843 2050 2919 βιῤ-

407 2932 546 3007 ῥίον,
594 2930 647 2986 έν
711 2932 980 3005 μεσοτάτῃ
1029 2930 1208 2999 νυκτὶ,
1265 2930 1401 3004 πρὸς
1476 2928 1677 3000 ταύτην
1753 2930 2049 3009 κατέφυγεν

404 3023 503 3091 τήν
552 3022 841 3096 παρθένον.
899 3020 964 3078 Ἠ
1008 3016 1065 3074 δὲ
1121 3019 1414 3089 ξενισθεῖσα
1471 3019 1557 3074 έπὶ
1618 3040 1697 3094 τῳ
1768 3022 2049 3095 πράγματι

408 3109 731 3182 διεπτοήθη.
766 3110 917 3185 Δέγει
948 3108 1044 3163 οὖν
1073 3106 1210 3181 αὐτῇ
1251 3108 1279 3162 6
1337 3107 1654 3180 ἐπίσκοπος,
1687 3110 1773 3164 δτι
1825 3108 2048 3179 Ἐπειδή

410 3202 853 3275 ζητοῦμαιπαρά
901 3203 1009 3255 τῶν
1059 3198 1353 3272 Ἀρειανῶν
1401 3197 1631 3271 ἀθέμιτα
1675 3200 2051 3273 συκοφαντού-
2082 3195 2126 3262 C

410 3310 570 3364 μενος
598 3290 724 3362 παρ’
756 3287 932 3343 αὐτῶν
966 3306 977 3319 °
1018 3285 1113 3340 ’ίνα
1162 3292 1239 3359 μή
1283 3288 1375 3341 οὗν
1419 3286 1567 3361 ἀκγὼ
1615 3284 1811 3342 ἅλονον
1863 3288 2052 3342 ἀπενέ-

406 3398 628 3454 γκωμαι
661 3375 837 3450 δόξαν,
875 3375 964 3454 καὶ
996 3375 1079 3454 εἰς.
1114 3374 1380 3454 ἁμαρτίαν
1422 3373 1651 3447 έμϐάλω
1701 3374 1827 3437 τοὺς
1871 3397 2051 3447 τιμω-

407 3450 674 3531 ρήσασθαί
719 3470 785 3528 με
836 3450 1228 3529 βουλομένους,
1261 3452 1455 3508 τούτον
1507 3454 1667 3528 χάριν
1717 3455 2049 3529 ἐνεθυμήθην

407 3541 611 3611 φυγεῖν.
645 3531 1018 3607 Ἀπεκάλυψεν
1051 3531 1142 3587 οὖν
1178 3554 1273 3604 μοι
1305 3535 1332 3588 6
1380 3534 1510 3595 Θεὸς
1541 3534 1710 3609 ταύτῃ
1755 3538 1825 3609 τῇ
1874 3537 2047 3608 νυκτὶ,

407 3616 489 3671 ὅτι
523 3618 654 3687 Παρ⁹
689 3611 868 3669 οὐδενὶ
913 3614 1079 3690 ἑτέρῳ
1129 3611 1347 3669 δύνασαι
1394 3616 1658 3684 σωθῆναι,
1691 3615 1736 3670 εί
1791 3617 1865 3689 μή
1926 3620 2053 3691 παρ’

405 3695 603 3770 ἐκείνῃ.
636 3695 772 3752 Ἀπὸ
802 3693 1025 3763 πολλῆς
1058 3693 1151 3749 οῦν
1197 3700 1372 3771 χαρᾶς
1412 3694 1586 3767 ἐκείνη
1638 3696 1840 3771 ῥίψασα
1878 3700 2051 3755 πάντα

405 3776 693 3853 λογισμὸν,
725 3774 831 3846 ὂλη
872 3783 1157 3853 γεγένηται
1188 3777 1284 3832 τοῦ
1319 3778 1541 3851 Κυρίου*
1612 3779 1701 3833 καὶ
1751 3778 2051 3853 προθύμως

407 3860 732 3934 κατέκροψεν
789 3858 879 3913 τὸν
939 3859 1245 3934 ἁγιώτατον
1318 3857 1611 3913 ἐπίσκοπον
1662 3856 1748 3913 ἐπὶ
1814 3858 1906 3930 ἔτη
1972 3857 2051 3931 ἓξ,

412 3939 580 4017 μέχρι
608 3947 709 4011 τῆς
743 3946 889 4011 ζωῆς
916 3941 1295 3996 Κωνσταντίου
1324 3943 1420 3995 τοῦ
1457 3938 1724 4014 βασιλέως
1758 3959 1770 3972 ⁶
1796 3940 1932 4008 αὕτη
1958 3940 2050 3997 καὶ

407 4021 795 4099 περινίπτουσα
832 4020 959 4083 τοὺς
1001 4019 1173 4083 πόδας
1206 4021 1396 4089 αὐτοῦ,
1441 4019 1532 4075 καὶ
1568 4021 1635 4075 τὰ
1664 4022 2051 4095 περιττώματα

410 4102 755 4174 διακονοῦσα,
784 4103 877 4158 καὶ
908 4102 1005 4163 τὰς
1037 4099 1212 4162 ἄλλας
1245 4100 1394 4172 αὐτῷ
1426 4099 1614 4174 χρείας
1641 4100 1812 4164 πάσας
1844 4101 2055 4157 οἰκονο-

414 4190 611 4259 μοῦσα,
642 4184 731 4238 καὶ
767 4178 959 4257 βιϐλία
998 4182 1322 4260 κιχρωλμένη
1356 4178 1444 4260 καὶ
1493 4178 1813 4260 παρέχουσα
1856 4180 2004 4252 αἶ)τῷ
2038 4200 2051 4215 ·

407 4256 500 4319 καὶ
554 4262 730 4323 οὐδεὶς
770 4256 1099 4333 ἀνθρώπων
1143 4258 1279 4328 ὅλης
1337 4256 1746 4333 Ἀλεξανδρείας
1786 4256 1919 4334 ἔγνω
1948 4267 2053 4316 ποῦ

413 4340 583 4416 διάγει
618 4343 645 4395 6
699 4342 965 4413 μακάριος
1008 4337 1323 4399 Ἀθανάσιος
1355 4339 1383 4391 6
1439 4336 1756 4400 ἒπίσκυπος.
1814 4344 1903 4403 Ὦς
1960 4340 2051 4398 οὖν

410 4420 660 4500 ἠγγέλθη
715 4422 742 4474 6
792 4421 1019 4500 θάνατος
1065 4419 1436 4500 Κωνσταντίοῦ
1490 4424 1587 4475 τοῦ
1639 4420 1930 4496 βασιλέως,
1963 4426 2054 4480 καὶ

409 4499 575 4571 ἦλθεν
603 4499 767 4555 αὐτοῦ
798 4499 873 4561 εἰς
920 4500 1013 4560 τὰς
1062 4499 1250 4567 ἀκοὰς,
1285 4503 1496 4572 σεμνῶς
1545 4502 1632 4555 καὶ
1682 4503 1925 4575 κοσμίως
1968 4504 2050 4561 έν-

412 4581 710 4656 δυσάμενος
744 4579 906 4635 πάλιν
941 4577 994 4634 ἐν
1022 4584 1090 4653 τῇ
1120 4581 1269 4635 νυκτὶ
1300 4579 1504 4654 ηύρέθη
1556 4580 1606 4637 έν
1646 4588 1715 4657 τῇ
1765 4583 2045 4657 έκκλησίᾳ.

409 4665 507 4722 Καὶ
566 4662 767 4725 ἰδόντες
800 4661 960 4718 αὐτὸν
1006 4664 1213 4745 ,πάντες
1268 4660 1548 4735 ἐξέστησαν
1600 4666 1682 4745 ,ὡς
1740 4664 1800 4722 ἐκ
1846 4674 2046 4745 νεκρῶν

413 4749 585 4816 ζῶντα
629 4749 821 4801 τοῦτον
877 4742 1265 4821 ἀπειληφότες,
1299 4745 1411 4817 ἅμα
1452 4746 1541 4800 καὶ
1596 4742 1949 4822 ἒγκαλοῦντες
1998 4752 2048 4805 οῖ

409 4826 562 4904 φίλοι
607 4827 706 4895 τὴν
765 4825 1048 4901 ἀνεύρετον
1102 4828 1298 4881 τούτου
1356 4823 1646 4881 κατάδυσιν
1703 4830 1772 4892 τῇ
1831 4828 2043 4884 ἐκείνων

408 4906 615 4982 ἀγνοίᾳ.
651 4906 1010 4983 Ἀπελογεῖτο
1042 4905 1131 4961 οὖν
1166 4907 1193 4961 6
1228 4907 1492 4980 μακάριος
1522 4910 1638 4968 τοῖς
1679 4906 1923 4981 γνησίοις
1953 4907 2049 4963 αὒ-

407 4991 506 5044 τοῦ
537 4986 720 5064 φίλοις
753 4987 841 5041 καὶ
874 4988 1142 5057 υνήθεσιν,
1177 4985 1484 5042 ὅτιΤούτου
1514 4986 1675 5061 χάριν
1726 4988 1860 5060 πρὸς
1909 4987 2049 5063 ὑμᾶς

409 5068 470 5124 οὐ
528 5067 847 5145 κατέφυγον,
875 5065 962 5121 ’ἶνα
1012 5064 1236 5143 εὔορκον
1272 5066 1398 5145 ὑμῖν
1451 5066 1695 5143 ὑπάρχῃ,
1761 5066 1947 5131 ἄλλως
1992 5067 2049 5125 δὲ

405 5149 493 5205 καὶ
529 5146 616 5204 διά
645 5143 742 5217 τήν
773 5143 1008 5222 ἔρευναν.
1034 5146 1343 5224 Κατέφυγον
1373 5143 1429 5200 δέ
1465 5147 1601 5220 πρὸς
1648 5146 1881 5220 ἐκείνην,
1912 5150 2049 5224 πρὸς

404 5231 471 5298 ἢν
533 5229 764 5303 ὑποψίαν
804 5221 991 5288 οὐδεὶς
1041 5221 1269 5281 ἐδύνατο
1318 5221 1487 5300 ἔχειν,
1536 5226 1611 5286 ὠς
1659 5228 1794 5302 πρὸς
1845 5221 2045 5302 ὡραίαν

407 5310 495 5363 καὶ
526 5310 788 5384 νεωτέραν
824 5328 836 5340 ·
873 5305 970 5362 δύο
1003 5307 1453 5379 σνηστετσάμενος
1492 5308 1561 5361 τά
1605 5308 1768 5375 καλὰ,
1801 5309 1889 5364 καὶ
1945 5312 2045 5380 τὴν

408 5390 678 5466 σωτηρίαν
712 5390 940 5459 έκείνης.
976 5386 1248 5465 Ὠφέλησα
1273 5389 1377 5463 γάρ
1402 5386 1588 5457 αὑτὴν,
1618 5388 1706 5443 καὶ
1755 5390 1854 5459 τήν
1904 5390 2044 5464 έμήν

408 5466 560 5541 δόξαν
590 5471 677 5524 καὶ
713 5468 1028 5547 ἀσφάλειαν.

994 5564 1247 5615 ΚΕΦΔΛ.
1281 5559 1443 5616 ΡΛΖ’.

950 5640 1081 5712 Περὶ
1129 5635 1515 5712 ’Δματαλίδος.

476 5731 561 5787 Ἐν
588 5726 755 5803 ταύτῃ
784 5731 851 5802 τῇ
884 5728 1041 5784 πόλει
1096 5730 1374 5785 ’Δντινόου
1427 5730 1767 5803 μοναστήριά
1814 5728 1922 5784 έστι
1954 5752 2045 5804 γυ-

403 5814 603 5870 ναικῶν
643 5805 857 5868 δώδεκα
908 5813 1284 5889 κατορθουσῶν
1328 5806 1608 5867 πολιτείαν
1665 5809 1913 5887 ἀρίστην.
1955 5812 2045 5870 Ἐν

1918 315 2277 379 PALLADII

3654 320 3808 382 1236

1822 444 1915 509 τάς
1985 444 2042 502 δὲ
2071 448 2124 518 Α
2221 448 2593 526 συντετύχηκα
2640 456 2707 527 τῇ
2750 448 2925 527 δούλῃ
2975 455 3071 507 τοῦ
3112 456 3245 507 Θεοῦ
3296 449 3527 526 ὀνόματι
3576 452 3819 525 Ἀματα-

2154 536 2290 602 λίδι,
2323 538 2508 615 γραίδι
2540 540 2882 618 ὀγδοήκοντα
2914 539 3009 612 ἔτη
3046 540 3253 621 ἐχούσῃ
3278 537 3333 596 ἒν
3364 545 3434 615 τῇ
3457 542 3707 612 ἀσκήσει,
3739 542 3816 603 ὡς

2153 629 2245 683 καὶ
2275 628 2409 699 αύτή
2441 629 2530 685 καὶ
2574 632 2627 685 αἱ
2677 637 2994 708 γειτνιῶσαι
3036 630 3173 704 αὐτῇ
3229 629 3553 707 διηγοῦντο,
3695 652 3815 687 συν-

2153 719 2329 789 ῴκουν
2362 720 2618 789 ἐξήκοντα
2655 718 2893 783 νεάνιδες
2926 720 3183 795 παρθένοι
3229 720 3319 775 τὸν
3368 721 3466 791 τῇς
3516 720 3801 790 ἀσκήσεως

2155 809 2402 882 καθαρῶς
2435 806 2743 879 έξανύουσαι
2796 806 3006 883 δρόμον
3046 814 3117 883 τῇ
3149 808 3354 879 ταύτης
3402 814 3504 878 τῆς
3557 808 3809 883 καλογή-

2156 915 2254 971 ρου
2285 894 2630 969 διδασκαλίᾳ.
2664 895 2875 958 Δτίτινες
2914 902 3172 952 τοσοῦτον
3225 894 3392 967 αὑτὴν
3435 898 3667 973 ἠγάπων
3700 902 3814 955 πᾶ-

2156 1005 2267 1055 σαι,
2312 986 2387 1047 ὡς
2449 983 2590 1059 μηδὲ
2639 985 2833 1041 κλεῖδα
2889 984 3168 1063 έφεστᾶναι
3210 985 3261 1041 έν
3316 990 3397 1058 τῷ
3458 987 3812 1060 μοναστηρίῳ

2155 1073 2342 1146 ἐκείνῳ
2373 1076 2449 1136 ὠς
2473 1074 2524 1129 έν
2551 1080 2671 1137 τοῖς
2702 1074 2899 1136 ἄλλοις
2931 1094 2944 1107 ⁸
2969 1074 3115 1131 ἀλλά
3152 1077 3463 1149 κρατεῖσθαι
3498 1076 3675 1139 πάσας
3706 1077 3809 1132 ὑπὸ

2155 1167 2255 1229 τῆς
2305 1164 2543 1239 ἀμέτρου
2589 1166 2793 1236 ταύτης
2825 1166 3064 1241 ἀγάπης,
3113 1165 3204 1220 καὶ
3251 1172 3352 1234 τῆς
3400 1163 3588 1221 ἒνθέου
3643 1164 3803 1221 διδα-

2157 1250 2409 1325 σκαλίας,
2487 1253 2564 1316 εἰς
2638 1253 2935 1332 ἀφθαρσίαν
2998 1254 3649 1329 μετασχηματιζόμεναι.
3713 1256 3806 1316 Εἷς

2156 1346 2417 1397 τοσοῦτον
2448 1338 2505 1397 δὲ
2538 1339 2743 1411 ἤλασεν
2772 1341 3037 1406 ἀπαθείας
3077 1344 3111 1411 ἡ
3161 1347 3351 1418 γραῦς,
3384 1343 3458 1406 ὡς
3509 1342 3811 1400 εἰσελθόντι

2159 1451 2254 1503 μοι
2287 1432 2372 1486 καὶ
2425 1431 2729 1487 καθεσθέντι
2779 1429 3013 1487 ἒλθοῦσα
3066 1432 3496 1510 συγκαθεφθῆναί
3553 1453 3678 1506 μοι,
3722 1434 3814 1488 καὶ

2154 1519 2250 1583 τὰς
2280 1525 2470 1596 χεῖρας
2501 1520 2668 1588 αὐτῆς
2698 1520 2960 1578 ἐπιθεῖναι
2990 1526 3107 1583 τοῖς
3132 1517 3310 1595 ὤμοις
3340 1543 3469 1596 μου,
3519 1517 3810 1597 ὑπερϐολῇ

2153 1608 2461 1686 παρρησίας
2491 1612 2589 1679 τῆς
2620 1609 2698 1672 εἷς
2730 1612 2981 1685 Χριστόν.

2731 1704 2989 1757 ΚΕΦΑΛ.
3031 1701 3213 1759 ΡΛΙΓ.

2658 1788 2788 1863 Περὶ
2820 1791 2984 1863 Ταὼρ
3015 1790 3310 1865 παρθένου.

2230 1879 2314 1933 Ἐν
2396 1879 2576 1951 τούτῳ
2621 1883 2700 1950 τῷ
2762 1878 3113 1954 μοναστηρίῳ
3170 1879 3440 1953 παρθένος
3530 1881 3809 1954 μαθήτρια

2155 1968 2382 2038 ταύτης,
2428 1968 2583 2041 Ταὼρ
2644 1966 2894 2042 δνόματι,
2935 1963 3141 2043 ἔχουσα
3177 1969 3467 2042 τριάκοντα
3504 1965 3601 2038 ἔτη
3645 1968 3696 2024 έν
3729 1974 3814 2041 τῷ

2162 2057 2533 2132 μοναστηρίῳ.
2578 2058 2818 2130 Ἱμάτιον
2868 2058 3077 2127 καινὸν,
3131 2059 3166 2129 ἣ
3208 2056 3555 2136 ὠμοφόριον,
3586 2058 3624 2127 ἢ
3678 2058 3813 2114 ὑπό-

2160 2143 2312 2220 δημα
2360 2143 2620 2203 οὐδέποτε
2687 2141 2877 2202 λαϐεῖν
2934 2146 3227 2218 ῆθέλησεν,
3287 2147 3544 2222 λέγουσα,
3595 2148 3683 2204 ὅτι
3733 2146 3814 2205 Ού

2162 2236 2351 2313 χρείαν
2406 2233 2546 2312 ἔχω,
2592 2236 2679 2291 ἵνα
2721 2237 2799 2309 μὴ
2865 2237 2954 2292 καὶ
3020 2236 3307 2313 προελθεῖν
3360 2238 3707 2314 ἀναγκασθῶ.
3739 2239 3812 2294 Αἱ

2162 2327 2259 2399 μὶν
2290 2327 2395 2400 γὰρ
2427 2324 2596 2383 ἄλλαι
2624 2329 2790 2381 πᾶσαι
2821 2327 2957 2381 κατὰ
3005 2328 3278 2401 Κυριακήν
3333 2326 3701 2403 προέρχονται
3748 2326 3802 2383 ἐν

2157 2418 2227 2489 τῇ
2269 2411 2535 2486 ἐκκλησίᾳ
2557 2416 2720 2493 χάριν
2748 2421 2847 2484 τῆς
2871 2415 3152 2477 κοινωνίας
3185 2433 3199 2446 ·
3233 2415 3409 2485 έκείνη
3460 2414 3519 2472 δὶ
3569 2414 3805 2492 ῥακοδυ-

2157 2506 2324 2560 τοῦσα
2346 2500 2712 2567 ἀδιαλείπτως
2746 2503 2797 2560 έν
2827 2508 2897 2578 τῇ
2950 2508 3094 2579 μονῇ
3152 2503 3204 2559 ἒν
3262 2509 3344 2577 τῷ
3398 2503 3539 2581 ἔργῳ
3585 2508 3811 2577 καθεζο-

2163 2593 2320 2666 μένη.
2353 2592 2511 2650 Οὕτω
2543 2592 2599 2648 δὲ
2630 2592 2990 2671 εὐφυεστάτην
3028 2595 3174 2673 εἶχεν
3204 2595 3304 2663 τὴν
3355 2591 3502 2669 ὄψιν,
3533 2597 3608 2658 ὡς
3646 2594 3812 2673 ἔγγὺς

2161 2682 2398 2759 γίνεσθαι
2428 2683 2518 2737 καὶ
2548 2683 2640 2737 τὸν
2683 2682 2821 2738 πάνυ
2871 2682 3093 2757 στεῤῥὸν
3145 2682 3443 2740 ἀπατᾶσθαι
3482 2689 3561 2756 τῷ
3600 2685 3814 2755 ταύτης

2159 2770 2377 2843 κάλλει,
2409 2771 2457 2825 εί
2500 2774 2575 2845 μὴ
2618 2773 2854 2851 φρουρὸν
2901 2774 3051 2848 εἶχεν
3111 2767 3514 2848 ὑπερϐάλλοντα
3540 2774 3641 2841 τήν
3690 2792 3805 2826 σω-

2162 2860 2459 2938 φροσύνην,
2493 2861 2568 2923 είς
2608 2858 2744 2916 αἷδὼ
2774 2862 2863 2916 καὶ
2896 2856 3066 2940 φόϐον
3115 2859 3319 2938 ἄγουσα
3353 2865 3420 2927 τῇ
3463 2864 3806 2934 κοσμιότητι

2161 2955 2259 3006 τοῦ
2287 2948 2454 3019 ἤθους
2486 2950 2575 3005 καὶ
2604 2951 2696 3005 τὸν
2729 2949 2808 3011 εἷς
2836 2947 2970 3025 ἄγαν
3000 2949 3301 3007 ἀκόλαστον
3333 2950 3640 3030 ὀφθαλμόν.

2746 3042 3013 3098 ΚΕΦΑΛ.
3047 3041 3222 3099 ΡΛΘ⁸.

2431 3128 2560 3205 Περὶ
2590 3129 2859 3203 παρθένου
2890 3130 3058 3201 τινὸς,
3090 3131 3181 3185 καὶ
3212 3129 3555 3186 Κολλούθου.

2234 3217 2420 3290 ’Δλλη
2450 3239 2534 3281 τις
2561 3219 2627 3273 αὖ
2672 3222 2741 3293 τῇ
2790 3217 3020 3291 ἀληθείᾳ
3048 3220 3319 3294 παρθένος
3359 3224 3439 3291 τῷ
3482 3225 3583 3289 τῆς
3628 3217 3803 3290 ἀσκή-

2157 3328 2294 3363 σεως
2338 3303 2486 3382 ἔργῳ
2538 3307 2819 3382 νηφόντως
2857 3307 3229 3387 προσέχουσα,
3286 3307 3415 3380 ἐμοὶ
3472 3311 3801 3383 γειτνιῶσαθ

2153 3398 2219 3465 ἧς
2250 3399 2347 3465 τὴν
2377 3391 2501 3470 ὄψιν
2535 3397 2629 3469 μὲν
2661 3395 2772 3475 οὐχ
2800 3396 3031 3469 ἑώρακα.
3085 3396 3338 3471 Προῆλθε
3384 3397 3488 3472 γὰρ
3535 3395 3699 3466 αὕτη,
3731 3398 3809 3460 ὡς

2153 3483 2342 3560 ἔλεγον
2376 3486 2427 3539 οἱ
2459 3482 2685 3555 εἰδότες,
2736 3482 2995 3543 οὐδέποτε
3025 3486 3117 3560 ἀφ’
3174 3486 3238 3540 οὗ
3297 3484 3620 3556 ἀπετάξατο,
3669 3485 3809 3556 πλη-

2156 3575 2370 3649 ρώσασα
2418 3573 2678 3645 ἑξήκοντα
2722 3572 2814 3645 ἔτη
2865 3574 2916 3629 έν
2956 3577 3025 3647 τῇ
3072 3573 3299 3644 ἀσκήσει
3335 3573 3473 3646 μετά
3508 3580 3613 3643 τῆς
3673 3571 3811 3636 ἰδίας

2157 3662 2387 3737 μητρός.
2423 3662 2515 3724 Εἰς
2546 3662 2767 3738 ὕστερον
2804 3660 2862 3717 δὲ
2895 3660 3208 3737 μελλούσης
3248 3662 3417 3731 αὐτῆς
3459 3657 3808 3736 μεταϐαίνειν

2152 3752 2245 3808 τὸν
2275 3752 2394 3807 Βίον
2441 3753 2575 3825 πρὸς
2615 3754 2715 3822 τήν
2759 3753 2909 3822 ζωὴν
2950 3753 3050 3822 τὴν
3096 3750 3396 3825 ἀκήρατον,
3428 3750 3707 3826 παραστάς
3738 3755 3810 3823 τῇ

2154 3838 2372 3915 ἀνδρείᾳ
2401 3842 2429 3895 6
2459 3840 2595 3896 κατά
2622 3842 2715 3896 τὸν
2743 3842 2909 3896 τόπον
2958 3839 3155 3896 ἒκεῖνον
3205 3841 3359 3914 ἅγιος
3411 3839 3619 3914 μάρτυς
3669 3837 3814 3893 Κόλ-

2156 3928 2376 4001 λουθος,
2418 3929 2563 4006 λέγει
2610 3931 2750 4004 αὐτῇ
2782 3946 2796 3961 '
2847 3932 3094 4003 Σήμερον
3134 3926 3356 4002 μέλλεις
3421 3926 3632 3983 ἀδεύειν
3673 3930 3812 4001 πρὸς

2154 4019 2245 4075 τὸν
2280 4019 2554 4089 Δεσπότην
2603 4039 2720 4089 σου,
2779 4017 2871 4074 καὶ
2926 4020 3053 4092 ὁρᾷν
3122 4013 3356 4081 ἅπαντας
3416 4016 3545 4078 τοὺς
3602 4019 3811 4091 ἁγίους.

2156 4106 2427 4165 Ἐλθοῦσα
2457 4107 2554 4162 οὖν
2588 4106 2883 4185 ἀρίστησον
2911 4107 3026 4180 μεθ’
3055 4108 3214 4181 ἡμῶν
3248 4106 3303 4163 έν
3323 4110 3401 4179 τῷ
3428 4107 3812 4180 μοναστηρίῳ,

2156 4200 2464 4255 Ἀναστᾶσα
2510 4195 2601 4253 οὖν
2662 4196 2861 4272 ὄρθρου
2905 4199 2939 4266 ἡ
2994 4195 3255 4269 μακαρία,
3303 4197 3391 4250 καὶ
3442 4192 3810 4268 ἒνδυσαμένη,

2156 4286 2244 4342 καὶ
2278 4282 2520 4349 λαϐοῦςα
2552 4287 2731 4361 ἄρτον,
2764 4284 2852 4341 καί
2886 4284 3094 4353 έλαίας,
3114 4286 3202 4340 καὶ
3231 4282 3619 4359 λεπτυλάχανα
3650 4283 3703 4339 ἐν
3738 4288 3808 4357 τῇ

2157 4376 2352 4431 ἑαυτοῦ
2382 4372 2621 4449 σπυρίδι,
2666 4374 2954 4445 ἐξελθοῦσα
2999 4374 3242 4444 ἀπῆλθεν
3286 4374 3361 4436 εὶς
3399 4374 3464 4429 τὸ
3503 4371 3809 4447 μαρτύριον

2158 4467 2192 4533 ἡ
2229 4469 2467 4519 τοσαῦτα
2497 4461 2591 4534 ἔτη
2656 4465 2732 4537 μὴ
2791 4463 3155 4538 προελθοῦσα.
3216 4464 3316 4517 Καὶ
3373 4460 3805 4537 προσευξαμένη,

2085 4563 2129 4627 D
2156 4552 2245 4609 καὶ
2275 4554 2614 4622 καθεσθεῖσα,
2644 4552 2831 4627 καιρὸν
2875 4549 3184 4624 ἐπιτήδειον
3225 4552 3363 4628 πρὸς
3406 4551 3467 4606 τὸ
3508 4549 3803 4627 γεύσασθαι

2160 4642 2409 4717 ἐπετήρει
2452 4639 2541 4697 διὸ.
2590 4641 2762 4712 πάσης
2820 4641 3049 4715 ἡμέρας.
3110 4634 3561 4717 Παραγενομένης
3608 4634 3666 4693 δὲ
3700 4643 3809 4706 τῆς

2156 4732 2399 4803 ἓννάτης,
2457 4731 2546 4786 καὶ
2602 4734 2703 4797 τῆς
2758 4735 2855 4786 τοῦ
2912 4736 3097 4806 φαγεῖν
3157 4728 3301 4803 ὥρας
3358 4729 3644 4798 ένστάσης,
3704 4748 3812 4799 μη-

2158 4820 2307 4884 δενὸς
2364 4820 2511 4877 ἔνδον
2579 4822 2947 4897 ὑπάρχοντος,
3032 4822 3301 4875 τεθεικυῖα
3387 4821 3454 4873 τά
3539 4820 3814 4893 βρώματα

2156 4909 2546 4987 προσκαλεῖται
2597 4912 2687 4967 τὸν
2735 4910 3001 4985 μάρτυρα,
3029 4909 3262 4987 λέγουσα
3296 4929 3309 4944 ·
3346 4907 3668 4985 Εύλόγησόν
3704 4929 3812 4982 μου

2154 5001 2221 5057 τά
2253 5002 2539 5077 βρώματα,
2571 5000 2690 5076 ἅγιε
2720 4998 3029 5070 Κόλλουθε,
3067 5000 3155 5055 καὶ
3195 4996 3673 5055 συνοδευσάτωσάν
3709 5020 3807 5070 μοι

2155 5090 2211 5145 αἱ
2243 5085 2521 5164 πρεσϐεῖαί
2568 5110 2683 5146 σου.
2721 5089 2821 5145 Καὶ
2868 5090 3188 5144 καθεσθεῖσα
3234 5083 3446 5167 ἔφαγεν.
3481 5088 3585 5144 Καὶ
3633 5085 3803 5142 πάλιν

2155 5177 2562 5255 προσευξαμένη
2615 5178 2780 5249 ἦλθεν
2831 5179 2957 5253 περὶ
2996 5179 3163 5248 ἡλίου
3212 5175 3422 5251 δυσμὰς
3463 5176 3543 5239 είς
3591 5179 3686 5232 τὸν
3732 5177 3814 5232 οἷς

2155 5291 2247 5325 κον
2286 5287 2299 5303 ·
2346 5270 2435 5324 καὶ
2485 5266 2674 5324 δίδωσι
2728 5273 2797 5342 τῇ
2855 5269 3049 5339 έαυτῆς
3098 5265 3265 5342 μητρὶ
3298 5266 3635 5342 σύγγραμμα
3665 5264 3817 5335 Κλήο

2159 5380 2350 5434 μεντος
2392 5363 2490 5413 τοῦ
2541 5359 2919 5432 Στρωματὲως
2967 5357 3042 5417 εἰς
3098 5357 3192 5411 τὸν
3244 5357 3539 5428 προφήτην
3600 5357 3813 5427 Ἀμὼς,

2154 5450 2242 5505 καὶ
2303 5448 2452 5525 λέγει
2491 5446 2627 5520 αὐτῇ
2660 5464 2673 5477 ³
2737 5447 2836 5507 Δὸς
2896 5450 3059 5502 τοῦτο
3104 5448 3183 5518 τῷ
3214 5443 3497 5515 έπισκόπῳ
3523 5448 3606 5516 τῷ
3626 5444 3815 5520 ’ἐξωρι-

2155 5539 2357 5612 σμένῳ,
2389 5536 2479 5593 καὶ
2528 5536 2645 5592 είπὲ
2685 5535 2833 5609 αὐτῷ
2856 5554 2871 5569 ⁸
2905 5533 3066 5607 Εὗξαι
3114 5535 3236 5609 περὶ
3260 5531 3397 5607 έμοῦ
3428 5552 3441 5565 ’
3494 5530 3676 5588 ὁδεύω
3705 5534 3812 5609 γὰρ

2154 5628 2287 5700 πρὸς
2337 5625 2428 5681 τὸν
2488 5624 2681 5701 Κύριόν
2742 5645 2866 5698 μου.
2904 5625 2997 5681 Καὶ
3042 5621 3393 5691 ἐτελεύτησεν
3441 5622 3494 5677 ιν
3551 5620 3694 5694 αὐτῇ
3740 5624 3810 5696 τῇ

2153 5715 2327 5788 νυκτὶ,
2371 5715 2447 5789 μή
2480 5713 2767 5790 πυρέξασα,
2804 5715 2879 5789 μή
2912 5710 3398 5789 κεφαλαλγήσασα,
3431 5708 3558 5767 ἀλλ’
3605 5711 3806 5780 ἑαυτὴν

2152 5803 2528 5885 ἆνταφιάσασα,
2561 5802 2637 5871 εἰς
2693 5808 2885 5883 χεῖρας
2942 5805 3077 5861 Θεοῦ
3132 5802 3196 5858 τὸ
3249 5803 3465 5877 πνεῦμα
3510 5801 3808 5878 παρέθετο.
