4112 6210
285 391 438 454 1237

1656 399 2022 463 HISTORIA
2066 399 2478 463 LAUSIACA.

3644 407 3799 469 1238

278 543 508 598 semper
542 530 757 597 manet,
779 525 904 583 suis
927 526 1161 584 famulis
1189 527 1427 586 honeste
1459 529 1774 602 imperans,
1811 551 1986 608 agens
2017 543 2062 606 Α
2090 537 2380 608 juniorem
2410 552 2422 589 :
2453 537 2567 593 duo
2591 537 2741 594 bona
2765 555 3101 612 procurans,
3138 545 3190 596 et
3213 540 3368 597 illius
3391 541 3638 599 salutem
3667 565 3680 614 ;
3711 544 3792 599 illi

282 617 462 673 vitam
502 617 1024 674 laboriosissimum
1077 621 1133 674 et
1188 619 1417 690 plenam
1464 625 1892 693 temperantia:
1927 626 1987 681 in

283 724 597 780 congressu
631 711 748 763 tam
782 723 998 775 severa,
1033 710 1096 762 ut
1126 707 1318 778 ipsum
1349 711 1476 778 eius
1500 717 1803 782 aspectum
1837 731 1990 772 reve-

292 802 554 853 rerentur
584 797 758 854 etiam
809 797 1283 853 excellentissimi
1331 800 1588 872 episcopi
1623 809 1857 876 propter
1889 805 1986 860 in-

291 889 513 957 signem
547 889 818 961 pietatem
865 892 920 943 et
968 887 1325 960 religionem.
1375 895 1563 962 Atque
1595 893 1720 964 ipsa
1753 895 1988 966 quidem

293 993 787 1047 supervacaneam
813 981 867 1032 et
890 976 1127 1032 nimiam
1153 994 1330 1049 opum
1363 979 1662 1036 materiam
1691 987 1992 1054 pauperta-

285 1066 361 1120 tis
382 1067 512 1138 igne
529 1069 896 1137 consumpsit
921 1083 1075 1138 :quaa
1093 1072 1285 1122 autem
1308 1075 1674 1140 supererant,
1695 1074 1988 1129 eaconsti-

285 1156 400 1210 tuit
414 1159 484 1212 ad
499 1157 1106 1213 subministrationem
1121 1158 1991 1234 monasteriis,ptochotrophiis,

285 1246 687 1313 xenodochiis,
702 1246 982 1316 ecclesiis,
1003 1247 1378 1318 pauperibus,
1401 1251 1863 1318 transeuntibus,
1881 1253 1992 1324 epi-

285 1335 498 1406 scopis,
533 1334 831 1407 orphanis,
872 1334 1084 1402 viduis,
1122 1339 1178 1390 et
1209 1336 1484 1392 omnibus
1515 1339 1820 1409 egentibus
1851 1359 1986 1412 sup-

287 1425 550 1496 peditans
599 1424 900 1495 auxilium,
954 1441 1069 1480 non
1120 1425 1388 1481 cessabat
1446 1426 1710 1482 hilariter
1761 1432 1987 1499 Operari

284 1513 557 1583 pietatem
589 1513 854 1580 latenter,
907 1517 963 1569 et
994 1529 1096 1585 per
1149 1529 1231 1581 se,
1275 1519 1331 1569 et
1366 1531 1466 1585 per
1491 1531 1684 1572 servos
1718 1517 1991 1574 fidelissi-

282 1617 430 1668 mos,
482 1604 556 1657 ab
599 1603 845 1660 ecclesia
893 1619 1007 1658 non
1043 1602 1317 1658 recedens
1371 1609 1545 1660 noctu
1595 1607 1845 1662 maxime
1883 1624 1896 1663 :
1932 1607 1990 1663 in

279 1691 636 1746 omnibusin
658 1691 876 1747 virtute
900 1707 961 1746 se
978 1707 1251 1747 exercens
1274 1697 1507 1764 propter
1522 1710 1686 1765 spem
1709 1696 1838 1765 ejus
1862 1713 1988 1768 quae

278 1795 416 1834 vere
447 1787 533 1835 est
567 1779 702 1837 vita.

859 1870 1090 1927 CAPUT
1137 1871 1419 1928 CXXXVI.

281 1959 355 2012 De
397 1958 616 2029 Virgine
652 1959 806 2029 (201)
838 1975 964 2031 qua?
1010 1963 1225 2030 excepit
1275 1961 1633 2016 Athanasium
1662 1966 1987 2035 episcopum.

357 2046 495 2102 Novi
541 2063 644 2120 ego
698 2048 1058 2104 Alexandrina
1098 2049 1402 2121 virginem,
1435 2066 1610 2122 quam
1645 2052 1853 2107 offendi
1893 2071 1996 2109 na-

279 2139 404 2192 tam
453 2137 684 2194 circiter
731 2138 1070 2210 sptuaginta
1109 2157 1313 2196 annos.
1354 2141 1415 2196 Ei
1445 2141 1639 2197 clerus
1686 2142 1994 2201 universus

280 2227 466 2282 dabat
499 2227 896 2299 estimonium,
925 2230 1074 2300 quod
1110 2246 1242 2284 cum
1271 2231 1698 2300 essetjuvenis,
1732 2238 1865 2288 nata
1889 2251 1992 2290 an-

278 2331 392 2372 nos
423 2316 652 2371 circiter
680 2315 910 2385 viginti,
953 2318 1122 2388 longe
1172 2318 1614 2388 formosissima,
1665 2321 1996 2393 fugiebatur

278 2404 354 2459 ab
390 2403 461 2460 iis
493 2405 592 2476 qui
627 2413 785 2460 erant
814 2405 1063 2461 studiosi
1088 2407 1323 2462 virtutis
1346 2412 1582 2478 propter
1604 2410 1992 2480 pulchritudi-

284 2511 445 2559 nem,
483 2511 553 2549 ne
592 2493 854 2550 inureret
883 2495 966 2550 eis
999 2496 1252 2567 aliquam
1308 2496 1500 2553 labem
1533 2516 1601 2554 ex
1631 2502 1984 2573 suspicione.

279 2582 525 2644 Quando
571 2597 708 2653 ergo
771 2583 979 2638 accidit
1027 2588 1090 2638 ut
1139 2585 1335 2640 Ariani
1402 2590 1692 2643 struerent
1747 2589 1986 2646 insidias

285 2671 451 2725 beato
476 2670 800 2726 Athanasio
830 2672 1212 2729 Alexandrino
1236 2674 1501 2745 episcopo
1527 2692 1626 2745 per
1655 2680 1989 2750 Eusebium,

288 2759 384 2830 qui
421 2765 544 2815 erat
575 2777 640 2816 eo
689 2765 948 2832 tempore
989 2764 1337 2834 przepositus
1369 2767 1475 2820 sub
1519 2768 1850 2823 Constantio
1884 2770 1992 2825 im-

281 2850 570 2918 peratore,
624 2849 974 2906 nefariorum
1024 2851 1336 2906 criminum
1385 2869 1517 2909 eum
1565 2861 1907 2912 accusantes
1937 2862 1996 2912 et

281 2937 733 3009 calumniantes,
756 2939 942 2995 vitans
965 2941 1208 3010 iudicari
1240 2943 1811 3015 acorruptojudicio,
1837 2948 1990 3018 apud

290 3029 582 3082 neminem
606 3045 787 3084 ausus
810 3032 900 3084 est
934 3029 1292 3098 delitescere,
1335 3048 1449 3087 non
1474 3034 1625 3102 apud
1657 3039 1989 3105 cognatum,

288 3132 404 3172 non
427 3117 708 3184 amicum,
732 3135 846 3174 non
869 3119 1169 3187 clericum,
1195 3137 1308 3176 non
1333 3123 1482 3192 apud
1517 3122 1774 3195 aliquem
1806 3125 1989 3181 alium

286 3207 662 3274 familiarem;
699 3210 797 3265 sed
833 3213 1065 3279 repente
1096 3211 1490 3283 episcopatum
1525 3213 1807 3286 ingressis
1842 3233 1986 3288 prae-

283 3296 416 3351 fecti
435 3297 958 3365 ministris,eteum
976 3280 1394 3371 quaerentibus,
1411 3280 1642 3375 accepto
1657 3320 1760 3360 suo
1782 3280 1990 3362 sticha-
2021 3280 2063 3346 (δ

287 3385 374 3439 rio
396 3402 496 3441 seu
529 3387 744 3454 tunica,
777 3395 828 3443 et
862 3388 1208 3458 birro(202t,
1241 3392 1428 3447 media
1450 3398 1619 3449 nocte
1642 3395 1897 3464 confugit
1920 3397 1992 3451 ad

283 3473 433 3529 hanc
466 3475 768 3546 virginem.
804 3476 909 3532 Illa
959 3483 1146 3534 autem
1183 3481 1292 3536 fuit
1324 3481 1404 3536 rei
1439 3483 1694 3538 novitate
1719 3484 1994 3556 obstupe-

287 3564 440 3618 facta
499 3568 553 3619 et
601 3565 809 3621 timore
857 3572 1136 3639 correpta.
1181 3568 1330 3624 Dicit
1380 3586 1514 3642 ergo
1547 3571 1597 3627 ei
1645 3573 1990 3646 episcopus:

290 3656 767 3728 Quandoquidem
796 3675 1022 3728 quaeror
1051 3660 1122 3714 ab
1149 3662 1399 3730 Arianis,
1425 3663 1775 3720 nefariorum
1799 3665 1994 3721 crimio

290 3758 432 3797 num
461 3745 531 3799 ab
555 3745 638 3799 eis
662 3755 993 3814 accusatus,
1015 3764 1084 3802 ne
1098 3758 1296 3818 ergoet
1318 3766 1424 3820 ego
1446 3750 1674 3804 veniam
1699 3751 1756 3805 in
1778 3752 1992 3807 malam

290 3831 806 3902 existimationem,
829 3842 882 3888 et
914 3835 969 3887 in
996 3841 1294 3902 peccatum
1319 3837 1624 3906 conjiciam
1649 3855 1748 3893 eos
1780 3841 1880 3908 qui
1906 3857 1995 3895 me

285 3918 493 3972 volunt
521 3919 752 3974 afﬁcere
793 3919 1102 3990 supplicio,
1135 3938 1201 3976 ea
1243 3924 1310 3976 de
1341 3939 1519 3977 causa
1549 3924 1747 3994 fugere
1777 3926 1995 3981 consti-

284 4009 406 4076 tui;
464 4008 607 4063 mihi
664 4024 801 4079 ergo
858 4010 1006 4064 Deus
1057 4010 1327 4066 revelavit
1353 4011 1461 4068 hac
1516 4017 1682 4068 nocte
1715 4030 1806 4070 me
1839 4018 1991 4086 apud

286 4096 518 4154 nullum
567 4096 745 4152 alium
787 4112 955 4167 posse
1009 4114 1139 4155 esse
1186 4100 1413 4155 salvum
1467 4101 1554 4156 nis
1588 4103 1740 4174 apud
1775 4110 1847 4159 te.
1896 4104 1995 4161 Illa

283 4203 420 4258 ergo
475 4203 588 4257 pra
640 4203 848 4258 magno
899 4189 1108 4256 gaudio
1161 4191 1320 4244 omni
1381 4190 1559 4259 ejecta
1612 4192 1988 4261 dubitatione,

286 4290 421 4330 cum
459 4279 573 4330 tota
604 4282 757 4332 esset
792 4277 1046 4345 Domini,
1083 4282 1348 4350 prompto
1381 4284 1438 4334 et
1467 4279 1642 4336 alacri
1677 4281 1871 4337 animo
1903 4299 1993 4339 oc-

286 4365 531 4422 cultavit
557 4368 994 4424 sanctissimum
1027 4369 1358 4440 episcopum
1393 4387 1493 4427 sex
1523 4388 1709 4428 annos
1731 4373 1991 4442 quandiu

284 4455 426 4511 vixit
457 4456 772 4528 imperator
809 4457 1218 4514 Constantius:
1255 4459 1378 4530 ipsa
1418 4464 1472 4516 et
1528 4463 1659 4536 ejus
1704 4464 1875 4533 pedes
1908 4468 1993 4518 ia»

287 4560 448 4611 vans,
483 4550 536 4601 et
570 4552 940 4602 excrementa
972 4563 1323 4620 expurgans,
1358 4557 1410 4605 et
1433 4549 1490 4604 in
1515 4550 1647 4606 aliis
1671 4569 1797 4623 qua:
1829 4558 1992 4608 erant

2099 627 2252 682 enim
2286 627 2496 697 profui,
2530 634 2584 684 et
2616 645 2757 684 meae
2781 629 3193 686 existimationi
3227 636 3282 687 et
3313 633 3636 688 securitati.

2648 738 2878 795 CAPUT
2917 740 3239 797 CXXXVII.

2658 839 2774 893 Vita
2808 840 3009 895 Ammae
3040 842 3243 897 Talida.

2175 947 2236 998 In
2287 943 2520 999 civitate
2557 946 2790 1001 Antinoi
2851 952 2990 1002 sunt
3041 949 3391 1004 feminarum
3439 953 3797 1008 monasteria

2100 1034 2440 1101 duodecim;
2475 1035 2533 1087 in
2566 1034 2779 1105 quibus
2809 1039 3240 1093 convenietiam
3266 1042 3532 1096 Ammam
3565 1042 3794 1110 Talida,

2100 1141 2219 1195 quae
2252 1124 2542 1194 octoginta
2570 1141 2755 1179 annos
2798 1125 2984 1180 fuerat
3017 1127 3076 1181 in
3106 1129 3535 1197 exercitatione,
3573 1136 3636 1186 ut
3666 1149 3796 1186 nar-

2102 1215 2260 1269 rabat
2282 1213 2410 1285 ipsa
2430 1218 2485 1269 et
2507 1213 2631 1283 ejus
2655 1213 2874 1268 vicinia.
2903 1219 3026 1269 Una
3042 1231 3169 1269 cum
3192 1232 3260 1270 ea
3275 1217 3614 1274 habitabant
3639 1237 3800 1275 sexa-

2101 1303 2255 1373 ginta
2286 1304 2746 1358 adolescentutaz.
2781 1305 2919 1358 Eam
2952 1307 3142 1359 autem
3176 1304 3316 1360 adeo
3357 1305 3698 1376 diligebant,
3736 1313 3801 1362 ut

2104 1410 2175 1449 ne
2204 1398 2353 1449 esset
2384 1393 2620 1464 quidem
2669 1394 2843 1449 clavis
2888 1394 3030 1448 aulae
3063 1398 3425 1462 monasterii,
3459 1400 3523 1451 ut
3553 1397 3608 1451 in
3645 1398 3800 1462 aliis,

2103 1483 2202 1539 sed
2237 1483 2372 1552 ipsas
2399 1484 2470 1537 ab
2502 1484 2630 1552 ejus
2662 1499 2855 1537 amore
2887 1499 3090 1538 omnes
3133 1485 3551 1541 detinerentur.
3584 1487 3662 1542 Eo
3694 1504 3800 1542 au-

2101 1577 2220 1629 tem
2253 1572 2703 1644 impatibilitalis
2726 1573 3006 1645 processit
3029 1591 3197 1640 anus,
3227 1579 3290 1630 ut
3311 1591 3440 1631 cum
3469 1593 3574 1647 ego
3611 1593 3802 1634 essem

2103 1662 2404 1734 ingressus
2443 1666 2499 1717 et
2528 1662 2942 1730 consedissem,
2977 1662 3104 1734 ipsa
3137 1679 3368 1735 quoque
3399 1664 3665 1736 ingressa
3698 1667 3796 1732 sit,

2103 1757 2159 1809 et
2188 1770 2306 1808 una
2345 1769 2572 1808 mecum
2606 1753 2837 1820 sederit,
2871 1761 2923 1809 et
2954 1768 3162 1824 magna
3201 1752 3464 1810 libertate
3492 1771 3557 1812 ac
3591 1756 3800 1812 ﬁducia

2105 1841 2163 1898 in
2187 1842 2414 1898 Christo
2445 1842 2589 1898 meis
2619 1842 2881 1899 humeris
2913 1858 3153 1898 manum
3189 1843 3549 1915 imposuerit.

2637 1951 2873 2007 CAPUT
2913 1952 3269 2007 CXXXVIII.

2677 2052 2795 2109 Vita
2824 2055 3034 2108 Ammae
3077 2056 3234 2108 Taor.

2178 2159 2241 2214 In
2273 2158 2379 2214 hoc
2412 2160 2766 2215 monasterio
2805 2164 2930 2215 erat
2959 2162 3114 2228 virgo
3145 2160 3321 2230 hujus
3354 2161 3659 2233 discipula,
3708 2178 3807 2218 no-

2106 2250 2261 2304 mine
2291 2251 2460 2318 Taor,
2494 2267 2621 2322 quae
2684 2251 2920 2322 triginta
2959 2269 3142 2307 annos
3178 2260 3402 2308 versata
3434 2257 3558 2308 erat
3586 2253 3644 2307 in
3680 2269 3802 2307 mo-

2105 2340 2378 2407 nasterio,
2415 2345 2476 2395 ut
2517 2341 2830 2396 narrabant
2874 2342 2971 2413 qui
3008 2348 3304 2401 noverant.
3340 2344 3419 2398 Ea
3450 2348 3665 2398 vestem
3700 2358 3804 2397 no-

2103 2445 2233 2485 vam
2285 2434 2385 2485 aut
2425 2435 2736 2485 mavortem
2799 2437 2901 2486 aut
2959 2432 3218 2488 calceum
3269 2431 3452 2488 noluit
3522 2432 3804 2502 accipere,

2107 2520 2301 2576 dicens
2337 2539 2349 2574 :
2384 2525 2507 2574 Non
2540 2528 2622 2575 est
2655 2522 2795 2576 mihi
2821 2539 2988 2592 opus,
3012 2538 3080 2578 ne
3109 2524 3282 2578 etiam
3322 2539 3490 2593 cogar
3514 2522 3803 2594 progredi.

2106 2609 2241 2664 Alia:
2272 2611 2427 2665 enim
2461 2627 2664 2666 omnes
2696 2611 2787 2666 die
2811 2613 3110 2667 Dominico
3143 2613 3593 2684 progrediuntur
3625 2613 3681 2666 in
3715 2628 3806 2667 ec-

2102 2698 2338 2754 clesiam
2373 2699 2559 2770 gratia
2589 2700 3046 2756 communionis:
3073 2701 3172 2755 illa
3195 2704 3390 2756 autem
3427 2703 3484 2754 in
3523 2705 3811 2756 monaste-

2103 2789 2187 2844 rio
2223 2790 2714 2859 manebat‘pannis
2737 2791 2944 2858 obsita,
2970 2790 3126 2862 operi
3155 2791 3391 2847 assidue
3415 2791 3698 2845 assidens.
3729 2792 3809 2845 Ea

2104 2888 2296 2933 autem
2329 2879 2438 2933 fuit
2475 2883 2596 2935 tam
2644 2879 2893 2949 eleganti
2927 2884 3182 2952 aspectu,
3219 2885 3282 2935 ut
3333 2896 3532 2950 parum
3578 2879 3808 2934 abesset

2104 2965 2244 3036 quin
2279 2967 2451 3020 etiam
2482 2968 2649 3021 valde
2689 2973 3028 3023 constantes
3070 2968 3476 3037 deciperentur
3516 2968 3644 3037 ejus
3678 2967 3808 3038 pul-

2103 3055 2456 3124 chritudine,
2489 3055 2601 3110 nisi
2634 3055 2864 3128 insigne
2897 3057 3236 3127 praesidium
3261 3056 3557 3111 habuisset
3592 3060 3810 3126 tempe-

2101 3143 2375 3214 rantiam,
2406 3161 2532 3216 quis
2565 3145 2634 3200 ad
2669 3153 2888 3200 metum
2937 3150 2996 3201 et
3025 3145 3442 3202 verecundiam
3485 3144 3808 3200 deducebat

2101 3235 2404 3291 honestate
2435 3234 2762 3306 impudicos
2793 3234 3008 3290 oculos.

2661 3343 2892 3400 CAPUT
2940 3343 3246 3399 CXXXIX.

2487 3453 2560 3507 De
2591 3452 2808 3522 virgine
2837 3468 2957 3525 quae
2987 3456 3421 3509 renuntiaverat.

2179 3561 2309 3616 Erat
2340 3561 2605 3632 quaedam
2656 3560 2770 3616 alia
2813 3561 2973 3634 virgo
3028 3561 3310 3633 religiosae
3362 3561 3484 3615 vita
3535 3561 3807 3632 operibus

2104 3649 2664 3718 viriliterinsistens,
2699 3651 2838 3706 mihi
2872 3652 3080 3718 vicina,
3113 3653 3285 3722 cujus
3315 3651 3540 3706 vultum
3563 3651 3796 3720 quidem

2103 3757 2218 3795 non
2250 3741 2407 3795 vidi:
2444 3758 2747 3811 nunquam
2779 3744 2958 3808 enim,
2995 3748 3057 3797 ut
3079 3744 3260 3810 aiunt,
3290 3747 3378 3798 est
3403 3759 3700 3812 progressa
3731 3758 3796 3796 ex

2105 3844 2216 3897 quo
2248 3829 2621 3884 renuntiavit.
2654 3830 2797 3885 Cum
2829 3835 3021 3886 autem
3051 3831 3349 3902 implesset
3378 3833 3676 3901 sexaginta
3707 3847 3805 3886 au-

2107 3933 2212 3971 nos
2259 3917 2321 3972 in
2370 3918 2776 3973 exercitatione
2824 3936 2957 3972 cum
3009 3924 3192 3974 matre
3244 3937 3350 3973 sua
3385 3919 3640 3989 propria,
3678 3924 3804 3972 erat

2105 4011 2306 4078 postea
2352 4007 2469 4063 vita
2510 4025 2837 4064 excessura.
2891 4009 2953 4063 Ei
2985 4013 3178 4064 autem
3211 4011 3268 4064 in
3302 4008 3522 4063 visione
3578 4007 3807 4062 adstitit

2103 4096 2405 4153 Colluthus
2435 4099 2584 4169 (203)
2621 4097 2900 4153 vocabulo
2934 4105 3169 4165 martyr,
3203 4098 3301 4170 qui
3334 4099 3392 4152 in
3427 4097 3540 4152 illis
3573 4095 3803 4152 coleba-

2105 4191 2202 4242 tur
2231 4187 2392 4255 locis,
2429 4187 2535 4243 hoc
2566 4189 2617 4243 ei
2647 4190 2878 4244 dicens:
2905 4189 3083 4244 Ilodie
3105 4205 3164 4244 es
3193 4190 3342 4244 itura
3368 4189 3436 4242 ad
3465 4189 3800 4254 Dominum,

2103 4282 2160 4332 et
2188 4277 2379 4332 visura
2409 4287 2638 4334 sanctos
2685 4295 2920 4347 omnes;
2972 4279 3092 4333 veni
3128 4295 3263 4350 ergo
3295 4285 3350 4333 et
3384 4278 3596 4350 prande
3632 4277 3800 4334 nobis

2103 4383 2222 4421 cum
2253 4367 2309 4422 in
2357 4368 2658 4439 martyrio.
2689 4371 2828 4422 Cum
2864 4385 2996 4440 ergo
3047 4385 3213 4423 mane
3259 4369 3607 4424 surrexisset
3658 4379 3708 4423 et
3742 4385 3803 4423 se

2103 4456 2406 4524 induisset,
2441 4462 2495 4513 et
2527 4459 2585 4512 in
2617 4464 2815 4529 sporta
2849 4475 3048 4530 panem
3085 4461 3403 4531 accepisset
3431 4469 3482 4514 et
3513 4459 3714 4526 olivas,
3749 4463 3806 4514 et

2108 4546 2329 4602 minuta
2375 4547 2554 4617 olera,
2617 4555 2747 4620 post
2791 4554 2876 4604 tot
2927 4567 3110 4605 annos
3151 4555 3238 4606 est
3281 4568 3550 4623 egressa;
3584 4555 3640 4605 et
3678 4565 3805 4604 curn

290 4634 338 4688 ei
374 4635 508 4689 usui
549 4635 894 4702 inserviens,
931 4637 1224 4709 librosque
1254 4640 1303 4694 ei
1336 4641 1715 4696 commodans
1746 4646 1800 4695 et
1845 4659 1990 4714 prae-

2110 4637 2358 4691 venisset
2398 4637 2456 4690 in
2508 4638 2875 4709 martyrium,
2909 4641 3119 4706 oravit;
3153 4645 3208 4694 et
3247 4658 3379 4695 cum
3420 4644 3540 4696 toto
3573 4640 3665 4693 die
3697 4640 3804 4692 ob-

291 4722 456 4778 bens.
493 4726 690 4796 Neque
739 4724 893 4781 ullus
941 4742 1042 4780 sex
1071 4727 1242 4782 annis
1275 4727 1434 4782 novit
1477 4727 1832 4784 Alexandrize
1864 4732 1994 4787 ubi-

293 4827 428 4866 nam
461 4818 653 4884 ageret
682 4814 888 4869 beatus
923 4815 1270 4869 Athanasius
1310 4816 1637 4887 episcopus.
1680 4817 1998 4890 Postquam

293 4915 425 4970 ergo
459 4902 570 4957 fuit
599 4902 946 4958 annuntiata
979 4919 1134 4960 mors
1164 4903 1544 4975 imperatoris
1565 4909 1911 4975 Constantii,
1945 4915 2003 4966 et

292 4989 545 5060 pervenit
575 4991 644 5045 ad
677 4992 806 5061 ejus
855 5008 1047 5059 aures,
1087 4993 1326 5048 honesto
1366 4997 1422 5049 et
1454 4995 1766 5051 venerabili
1798 4995 2000 5052 habitu

287 5079 546 5147 indutus,
582 5096 788 5136 rursus
810 5085 983 5137 noctu
1009 5081 1118 5137 fuit
1143 5082 1410 5138 inventus
1443 5083 1500 5138 in
1524 5084 1787 5140 ecclesia.
1817 5087 1998 5151 Quem

283 5165 545 5223 videntes
593 5184 795 5224 omnes
843 5185 1054 5241 magna
1085 5174 1224 5226 sunt
1272 5171 1459 5228 affecti
1493 5173 1900 5242 admiratione,
1934 5180 1998 5232 ut

285 5257 387 5328 qui
419 5259 611 5328 ipsum
635 5258 827 5313 vivum
854 5259 1212 5330 accepissent
1233 5277 1298 5316 ex
1340 5262 1801 5331 mortuis,simut
1823 5263 1998 5321 etiam

289 5347 422 5418 post
452 5344 638 5402 lentes
668 5348 796 5417 ejus
819 5348 992 5403 amici
1018 5349 1087 5403 de
1109 5348 1349 5403 latebris
1372 5366 1498 5419 qua)
1521 5351 1591 5404 ab
1611 5367 1810 5407 eorum
1835 5353 2000 5422 igno-

287 5435 510 5491 ratione
561 5435 808 5491 inveniri
865 5453 977 5491 non
1028 5440 1358 5506 potuerant.
1435 5437 1761 5506 Respondit
1807 5440 2001 5510 itaque

287 5525 494 5581 beatus
516 5525 874 5581 Athanasius
896 5525 1192 5597 germanis
1215 5526 1338 5580 suis
1365 5525 1607 5581 amicis:
1633 5527 1714 5582 Ea
1737 5529 1806 5583 de
1829 5546 2004 5586 causa

288 5615 360 5668 ad
390 5631 492 5670 vos
525 5630 640 5669 non
673 5613 933 5682 confugi,
970 5617 1033 5668 ut
1063 5629 1192 5669 vere
1215 5615 1416 5684 jurare
1456 5615 1736 5685 possetis;
1771 5621 1827 5672 et
1859 5616 2002 5673 alio-

288 5707 386 5774 qui
419 5705 594 5761 etiam
629 5708 870 5776 propter
911 5703 1441 5776 investigationem,
1465 5705 1536 5760 ad
1572 5705 1734 5763 illam
1770 5707 2002 5774 confugi

291 5794 362 5850 de
389 5810 503 5864 qua
553 5809 722 5850 nemo
767 5793 1060 5865 suspicari
1091 5798 1333 5865 poterat,
1370 5797 1566 5866 utpote
1597 5796 1916 5853 formosam
1948 5801 2005 5853 et

2107 4729 2394 4779 servasset
2433 4729 2661 4794 tempus
2693 4725 2752 4779 in
2807 4743 2921 4795 quo
2957 4726 3152 4780 nullus
3202 4733 3326 4781 erat
3359 4728 3536 4789 intus,
3572 4731 3628 4778 et
3663 4743 3806 4779 nons

2104 4813 2227 4884 jam
2261 4815 2572 4869 advenerat
2603 4815 2765 4882 hora,
2810 4819 2866 4869 et
2899 4815 3167 4880 sedisset,
3221 4816 3437 4882 rogavit
3468 4818 3804 4884 martyrem,

2109 4903 2344 4958 dicens:
2388 4904 2635 4959 Benedic
2665 4905 2823 4959 cibos
2858 4920 3035 4966 meos.
3072 4902 3333 4958 Colluthe
3363 4907 3582 4967 sancte,
3618 4908 3673 4959 et
3716 4921 3810 4959 me

2109 4989 2167 5046 in
2192 4991 2288 5047 via
2321 4992 2597 5047 comitare
2628 4992 2745 5046 tuis
2789 4992 3080 5060 precibus.
3114 4991 3256 5045 Cum
3289 5007 3424 5061 ergo
3463 4993 3811 5048 comedisset

2108 5085 2163 5135 et
2195 5097 2396 5136 rursus
2428 5087 2666 5151 orasset,
2711 5083 2947 5137 domum
2981 5082 3135 5136 venit
3163 5083 3612 5138 circa‘Occasurn
3648 5083 3806 5138 solis.

2113 5172 2179 5226 Et
2209 5187 2336 5226 cum
2372 5173 2619 5228 dedisset
2647 5173 2814 5228 matri
2850 5190 2970 5228 suze
2991 5189 3137 5242 opus
3159 5171 3470 5228 Clementis
3499 5172 3807 5227 Siromatei

2109 5262 2165 5317 in
2199 5265 2537 5334 prophetam
2573 5267 2769 5330 Amos,
2822 5263 3056 5334 dixitiei
3099 5278 3112 5328 ;
3147 5263 3228 5317 Da
3259 5264 3313 5316 id
3349 5263 3616 5332 episcopo
3667 5263 3810 5319 rele-

2111 5356 2258 5421 gato.
2303 5352 2372 5406 Et
2419 5353 2562 5407 dixit
2593 5354 2684 5408 ei:
2735 5353 2847 5408 Ora
2898 5370 2998 5423 pro
3017 5355 3029 5362 “
3053 5369 3171 5418 me;
3210 5351 3538 5421 vadogenim
3583 5353 3652 5406 ad
3699 5354 3811 5408 Do-

2113 5439 2335 5495 minum
2363 5458 2576 5496 meum.
2604 5442 2863 5498 Decessit
2888 5441 3215 5512 ipsafnocte.
3241 5440 3505 5508 Cumque
3532 5457 3635 5497 nec
3667 5443 3812 5498 febri

2113 5532 2444 5598 laborasset,
2480 5548 2583 5588 nec
2616 5533 2666 5588 ei
2698 5536 2869 5604 caput
2901 5532 3195 5598 doluisset,
3221 5534 3316 5587 sed
3345 5532 3592 5603 seipsain
3624 5535 3690 5590 ad
3727 5551 3812 5590 se-

2114 5620 2409 5692 pulturam
2432 5623 2876 5695 composuisset,
2903 5623 2956 5677 in
2985 5638 3196 5677 manus
3219 5621 3316 5678 Dei
3340 5623 3610 5696 Spiritum
3641 5640 3809 5679 suum

2112 5713 2561 5768 commendavit.
