4112 6210
363 289 522 355 1239
1916 301 1987 361 Pt‘

2254 301 2275 360 Ι
3724 302 3871 362 1240

994 438 1221 494 CAPUT
1260 438 1415 493 CXL.
2088 440 2141 506 Α
2172 438 2593 511 scapi,rogavit
2632 440 2833 494 dicens
2858 454 2871 493 :
2896 439 2953 493 Si
2979 439 3085 493 hoc
3117 439 3222 494 tibi
3261 438 3453 494 visum
3484 442 3595 503 est,
3635 438 3869 493 domine

484 523 555 577 De
586 527 802 593 virgine
832 541 955 597 quae
986 528 1142 597 lapsa
1178 538 1277 596 est,
1310 536 1360 583 et
1392 532 1500 599 egit
1530 530 1929 599 paenitentiam.
2166 528 2453 599 episcopo,
2498 534 2558 583 ut
2588 528 2863 598 quoniam
2906 528 3043 595 dixi,
3086 528 3201 595 Nae,
3236 527 3435 599 lapsus
3467 544 3619 593 sum,
3652 526 3764 582 sim
3799 528 3860 582 de

430 614 702 677 Quaedam
762 616 919 685 virgo
951 618 1313 672 exercitatrix
1366 635 1607 674 manens
1654 635 1785 673 cum
1831 620 2057 674 duabus
2165 621 2347 691 gradu
2381 619 2771 674 ecclesiastico
2803 620 3084 689 dejectus,
3115 624 3171 675 et
3212 636 3323 673 non
3358 619 3471 673 sim
3503 619 3721 689 dignus
3745 635 3863 675 csse

360 702 489 756 aliis
519 702 869 774 virginibus,
904 723 961 759 se
989 708 1241 763 exercuit
1276 725 1476 763 novem
1510 708 1597 762 vel
1631 710 1828 763 decem
1863 710 2050 764 annis.
2165 710 2410 764 clericus
2482 718 2588 765 tua:
2652 710 2999 777 sanctitatis,
3061 710 3204 777 jube
3280 714 3345 764 ut
3401 708 3543 763 mihi
3612 709 3679 763 ab
3759 710 3866 764 hoc

356 792 669 863 Aquodam
696 800 885 849 autem
914 796 1431 852 cantoreinescata
1455 814 1586 852 cum
1612 814 1677 852 eo
1709 798 1907 852 habuit
1932 807 2054 853 slu-
2162 803 2423 871 tempore
2482 817 2548 853 ea
2594 802 2759 854 detur
2824 799 2880 853 in
2934 816 3205 865 uxorem;
3266 815 3453 869 neque
3521 798 3678 853 enim
3759 816 3862 871 ego

358 883 442 951 pri
492 885 963 941 consuetudinem
1006 890 1110 955 ;et
1159 903 1291 941 cum
1334 892 1496 943 utero
1535 888 1911 958 concepisset,
1954 906 2052 959 pe—
2164 905 2289 945 sum
2360 889 2635 959 deinceqs
2700 888 2966 955 clericus,
3036 905 3222 960 neque
3287 889 3391 945 illa
3452 889 3639 960 virgo.
3724 892 3863 944 Cum

356 972 522 1042 perit.
557 973 697 1029 Cum
730 982 921 1030 autem
955 976 1012 1030 in
1045 994 1345 1033 summum
1378 978 1577 1032 odium
1622 982 1889 1049 prorupit
1924 981 2051 1050 ejus
2160 976 2281 1033 haec
2338 977 2622 1033 audiisset
2665 978 2975 1048 episcopus
3025 982 3081 1032 et
3109 976 3419 1048 presbiter,
3459 992 3588 1032 eam
3624 978 3864 1033 tradidit

357 1063 457 1132 qui
508 1062 694 1132 ipsam
738 1065 1063 1135 deceperat,
1116 1066 1173 1120 in
1228 1068 1511 1138 profundo
1564 1072 1916 1139 compuncta
1965 1075 2052 1126 est
2161 1070 2326 1137 pater
2366 1066 2494 1136 ejus
2538 1065 2761 1132 lectori,
2811 1082 3057 1136 sperans
3087 1065 3204 1121 fore
3237 1066 3561 1135 utjuvenis
3594 1066 3741 1121 bene
3773 1082 3862 1120 as-

353 1152 571 1217 animo,
617 1161 669 1207 et
708 1155 778 1209 ad
829 1170 950 1209 eam
994 1157 1249 1227 pervenit
1292 1173 1626 1213 mensuram
1676 1160 2047 1228 pmnitentiae,
2162 1160 2250 1211 set
2307 1156 2367 1211 in
2415 1172 2543 1212 eam
2594 1156 2859 1223 affectus,
2906 1161 2963 1211 et
3015 1154 3229 1227 alioqui
3262 1156 3505 1211 credens
3538 1172 3655 1213 non
3697 1173 3863 1227 posse

356 1249 409 1295 ut
464 1242 520 1295 in
571 1259 637 1297 ea
685 1260 1058 1312 perseverans
1116 1262 1173 1300 se
1221 1247 1371 1303 fame
1414 1248 1585 1303 vellet
1625 1250 1906 1316 occidere,
1942 1249 2049 1306 hoc
2158 1264 2291 1303 eum
2318 1245 2576 1302 abstrahi
2606 1263 2640 1302 a
2687 1246 3120 1302 consuetudine.
3155 1246 3301 1301 Cum
3334 1262 3462 1301 eam
3507 1254 3700 1303 autem
3724 1249 3863 1302 ado-

353 1347 483 1386 cum
527 1332 800 1403 lacrymis
841 1351 1038 1400 orans,
1083 1336 1388 1407 Deumque
1437 1354 1669 1408 rogans,
1718 1342 1776 1393 et
1807 1339 2045 1395 dicens:
2160 1337 2387 1392 lescens
2455 1337 2774 1407 accepisset
2812 1336 2871 1390 in
2935 1351 3143 1390 manus
3208 1336 3280 1391 ab
3323 1336 3581 1407 episcpo,
3635 1345 3687 1392 et
3738 1338 3861 1407 ejus

350 1420 503 1475 Deus
543 1438 770 1491 magne,
807 1424 904 1493 qui
943 1425 1202 1479 omnium
1252 1430 1518 1481 nostrum
1563 1431 1797 1497 peccata
1829 1433 2046 1499 portas,
2159 1431 2340 1499 patre,
2383 1442 2629 1498 eamque
2656 1430 2808 1481 esset
2839 1425 3201 1491 consolatus,
3231 1425 3473 1480 abduxit
3506 1429 3564 1481 et
3593 1426 3862 1496 deposuit

348 1514 404 1564 et
434 1511 783 1566 immensum
808 1513 987 1569 totius
1010 1514 1437 1571 mundi-vitium
1462 1535 1476 1584 ;
1505 1517 1603 1587 qui
1634 1533 1747 1572 non
1780 1519 1867 1572 vis
1896 1534 2047 1574 mor-
2156 1519 2216 1573 in
2250 1519 2593 1573 monasterio
2640 1516 2969 1585 mulierum,
3016 1530 3227 1587 rogans
3271 1531 3400 1570 eam
3434 1532 3563 1587 quae
3596 1516 3717 1571 illic
3744 1520 3859 1572 erat

349 1604 463 1653 tem
498 1605 885 1671 peccatorum,
931 1607 988 1657 et
1036 1621 1226 1660 eorum
1273 1606 1374 1676 qui
1407 1605 1683 1661 labuntur
1722 1606 2045 1677 interitum,
2155 1607 2623 1679 primaministra
2645 1605 3021 1661 fraternitatis
3045 1609 3107 1661 ut
3127 1621 3256 1660 eam
3285 1603 3404 1660 illic
3424 1604 3860 1663 tolerarentus-

348 1690 447 1743 sed
482 1689 775 1745 misereris
819 1692 1100 1748 universae
1132 1702 1431 1761 creaturae;
1469 1702 1553 1751 est
1585 1696 1741 1750 enim
1772 1696 2044 1752 voluntas
2155 1713 2268 1769 que
2289 1698 2358 1753 ad
2380 1704 2608 1767 partum
2629 1697 2774 1766 ejus.
2800 1694 2905 1749 Illa
2924 1710 3053 1750 vero
3077 1694 3275 1751 relicta
3296 1694 3354 1748 in
3373 1694 3750 1763 monasterio,
3783 1696 3859 1753 le-

346 1781 447 1831 tua
481 1782 542 1831 ut
590 1794 794 1835 omnes
838 1787 1141 1837 serventur
1188 1784 1400 1854 (Ezech.
1442 1786 1661 1855 xxxm).
1697 1783 1755 1840 Si
1786 1799 1921 1856 ergo
1953 1802 2043 1843 me
2072 1821 2120 1886 B
2153 1792 2277 1843 ctor
2299 1787 2500 1841 abiens
2519 1785 2765 1856 scipsum
2786 1782 3027 1840 inclusit
3049 1784 3106 1839 in
3127 1784 3856 1849 cellasordida,vitesum-

347 1884 596 1939 quoque,
648 1887 774 1941 quae
817 1888 1007 1943 pereo,
1060 1872 1145 1929 vis
1176 1890 1302 1930 esse
1349 1874 1590 1943 salvam,
1642 1876 1701 1930 in
1748 1876 1852 1932 hoc
1896 1877 2040 1932 mihi
2072 1872 2119 1886 ⁵’
2156 1893 2312 1933 mam
2345 1874 2667 1945 suscipiens
2710 1874 3101 1945 asperitatem,
3139 1874 3210 1928 ad
3246 1872 3545 1928 Christum
3576 1874 3860 1929 accedens

344 1962 505 2013 tuam
544 1963 783 2016 ostende
832 1964 1168 2030 bonitatem,
1204 1969 1259 2020 et
1291 1982 1444 2020 nunc
1476 1970 1576 2021 tua
1615 1968 1686 2021 ad
1721 1982 1810 2021 me
1845 1982 2042 2037 perve-
2153 1969 2214 2023 in
2244 1966 2417 2023 corde
2437 1964 2679 2020 contrito
2710 1980 2843 2019 cum
2886 1962 3083 2017 multis
3124 1962 3400 2032 lacrymis
3432 1971 3483 2019 et
3514 1963 3856 2035 gemitibus,

343 2050 508 2104 niant
548 2050 868 2119 mirabilia;
905 2059 960 2107 et
989 2054 1127 2125 jube
1160 2054 1294 2111 hinc
1324 2056 1534 2110 abduci
1574 2059 1631 2111 et
1662 2056 1858 2128 colligi
1892 2058 2043 2129 (204)
2152 2057 2351 2112 dicens
2384 2072 2396 2109 :
2444 2054 2551 2122 Tu,
2599 2052 2861 2119 Domine,
2896 2068 3055 2107 meas
3099 2052 3357 2108 actiones
3388 2052 3564 2121 nosti,
3597 2054 3699 2124 qui
3744 2054 3857 2110 scis

344 2140 597 2193 fructum
631 2157 770 2196 mea
802 2142 1150 2214 iniquitatis,
1186 2145 1285 2215 qui
1318 2149 1632 2216 conceptus
1662 2147 1832 2201 estin
1866 2147 2037 2203 lasci-
2152 2145 2370 2213 omnia,
2402 2158 2573 2214 quem
2624 2142 2769 2197 nihil
2822 2142 2981 2209 latet,
3029 2157 3215 2213 neque
3246 2145 3335 2195 est
3368 2140 3529 2197 ullus
3561 2142 3719 2197 locus
3760 2160 3855 2198 oc-

339 2226 454 2295 via,
499 2235 553 2282 et
610 2228 843 2299 genitus
891 2231 948 2285 in
982 2238 1243 2302 peccato;
1290 2250 1451 2297 nam,
1494 2234 1606 2289 nisi
1642 2235 1748 2290 hoc
1772 2236 1893 2301 ﬁat,
1934 2252 2039 2309 ego
2152 2237 2343 2292 cultus
2388 2233 2448 2287 in
2499 2249 2613 2303 quo
2658 2231 2787 2300 quis
2818 2247 2877 2286 se
2916 2232 3233 2286 abscondat
3262 2248 3298 2286 a
3336 2235 3437 2285 tua
3492 2247 3615 2302 quae
3662 2233 3852 2287 omnia

342 2315 447 2371 hac
479 2317 549 2370 de
589 2332 767 2373 causa
797 2320 883 2373 vel
918 2336 1007 2375 me
1034 2321 1240 2392 laqueo
1271 2322 1585 2389 suﬂocabo,
1616 2323 1703 2379 vel
1752 2326 2039 2395 meipsam
2151 2324 2356 2393 aspicit
2387 2324 2688 2391 potestate,
2741 2318 2843 2389 qui
2890 2318 3049 2373 vides
3095 2317 3294 2373 omnia
3334 2319 3672 2389 priusquam
3707 2319 3850 2375 fiant

342 2405 399 2460 in
433 2423 687 2477 praeceps
718 2408 1007 2478 dejiciam.
1041 2410 1185 2465 Cum
1233 2411 1317 2467 sic
1349 2416 1557 2478 oraret,
1593 2412 1702 2467 fuit
1731 2415 2035 2484 exaudita;
2147 2415 2232 2469 Tu
2280 2412 2436 2467 solus
2485 2410 2645 2464 vides
2700 2409 2979 2479 profunda
3026 2408 3468 2479 cogitationum,
3532 2414 3589 2463 et
3660 2411 3847 2466 omnis

340 2511 474 2550 nam
535 2495 635 2565 qui
708 2500 883 2553 natus
942 2500 1129 2553 fuerat
1194 2499 1407 2568 infans,
1462 2518 1575 2556 non
1643 2503 1829 2558 multo
1905 2512 2039 2575 post
2148 2502 2361 2558 mentis
2388 2498 2685 2569 conceptio
2718 2516 2750 2553 a
2778 2502 2834 2553 te
2872 2498 3150 2563 cernitur,
3182 2496 3423 2567 perinde
3457 2514 3523 2553 ac
3556 2498 3605 2553 si
3638 2501 3848 2570 aspici-

340 2584 611 2639 decessit.
671 2584 754 2639 Ab
806 2586 905 2641 illo
954 2604 1090 2657 ergo
1149 2588 1241 2643 die
1300 2606 1413 2643 non
1465 2590 1720 2661 amplius
1770 2596 2036 2651 convenit
2145 2598 2243 2648 tur
2290 2590 2494 2646 oculis.
2536 2592 2618 2643 Tu
2663 2603 2794 2643 cum
2844 2587 3226 2657 cogitatorum
3259 2587 3341 2642 sis
3391 2603 3523 2643 acer
3557 2590 3849 2645 examina-

336 2688 469 2729 eum
496 2672 592 2740 qui
612 2672 803 2742 ipsam
826 2674 1127 2745 redegerat
1150 2674 1209 2728 in
1234 2678 1601 2743 scrvilutem;
1634 2679 1738 2733 sed
1768 2696 1829 2735 se
1852 2685 2030 2741 totam
2142 2681 2521 2753 tor,perfecte
2541 2678 2791 2749 judicas.
2810 2678 2894 2733 Tu
2921 2678 3019 2747 qui
3043 2677 3124 2733 eis
3152 2678 3250 2748 qui
3272 2678 3606 2733 afﬁciuntur
3630 2679 3847 2749 injuria

334 2759 1935 2841 insigniterdedenscontinentiae,aegrostismancisque
1966 2790 2031 2829 ac
2141 2771 2257 2828 fers
2352 2769 2659 2836 auxilium,
2736 2767 2831 2839 qui
2903 2766 3024 2822 falli
3094 2785 3209 2822 non
3275 2775 3445 2838 potes,
3528 2767 3669 2823 dum
3732 2785 3839 2825 eos

333 2848 618 2903 mutilatis
651 2848 908 2904 serviens
938 2851 1176 2921 triginta
1208 2869 1413 2921 annos,
1438 2854 1517 2909 ita
1545 2854 1724 2911 Deum
1760 2857 2030 2930 placavit,
2141 2860 2424 2925 vindicas,
2490 2857 2587 2927 qui
2665 2860 3021 2928 appetuntur
3089 2854 3441 2921 calumniis;
3516 2856 3613 2911 cui
3690 2855 3845 2911 nihil

333 2936 770 3009 prepitiumque
818 2940 1072 2996 reddidit
1129 2946 1192 2997 ut
1222 2944 1453 2999 cuidam
1504 2951 1705 3001 sancto
1740 2950 2028 3022 presbyte-
2145 2949 2330 3021 placet
2376 2948 2683 3017 injuslum,
2734 2960 2905 3001 omne
2956 2950 3155 3001 autem
3206 2950 3565 3001 momentum
3611 2948 3844 3000 staterae

333 3044 395 3082 ro
429 3027 798 3095 revelaretur,
834 3029 989 3085 illam
1032 3031 1146 3087 Deo
1199 3034 1384 3104 magis
1417 3033 1705 3104 placuisse
1747 3037 1802 3091 in
1837 3040 2028 3108 poeni-
2133 3037 2379 3109 justitiae
2410 3044 2495 3091 est
2527 3053 2559 3090 a
2589 3039 2642 3090 te
2674 3050 2929 3106 semper;
2956 3038 3107 3090 astat
3135 3034 3411 3091 enimtibi
3440 3040 3722 3106 perpetuo
3750 3036 3843 3091 lux

333 3116 514 3172 tentia
546 3132 724 3187 quam
758 3117 814 3171 in
851 3118 1199 3189 virginitate.
1230 3122 1353 3176 llaec
1387 3126 1581 3177 autem
1607 3125 1907 3192 scribo,ne
1932 3145 2029 3183 eos
2141 3130 2212 3183 ad
2237 3143 2410 3197 quam
2457 3142 2570 3181 non
2595 3128 2754 3196 patet
2784 3126 2999 3193 aditus,
3023 3129 3077 3179 et
3100 3141 3270 3180 omne
3293 3140 3443 3195 opus
3466 3125 3728 3181 hominis
3759 3134 3842 3180 est

335 3206 433 3277 qui
486 3207 672 3262 multa
728 3214 990 3277 peccant,
1039 3214 1096 3264 et
1141 3227 1208 3265 ex
1255 3212 1447 3267 animo
1487 3229 1552 3268 ac
1582 3214 1806 3270 sincere
1856 3224 2030 3287 agunt
2059 3200 2108 3262 Ο
2138 3234 2331 3273 coram
2374 3221 2446 3271 te.
2499 3216 2595 3270 Est
2643 3230 2777 3285 ergo
2812 3214 2895 3269 tui
2933 3215 3076 3284 justi
3116 3219 3171 3269 et
3199 3214 3587 3270 immutabilis
3613 3215 3841 3284 judicii,

332 3293 759 3363 paenitentiam,
808 3302 1254 3353 contemnamus
1301 3302 1501 3354 :sicut
1532 3301 1651 3357 haec
1681 3303 1871 3371 beata,
1901 3324 2026 3377 quae
2134 3309 2228 3379 jus
2270 3322 2501 3379 quoque
2547 3322 2737 3361 meum
2802 3305 3202 3376 pronuntiare.
3257 3304 3583 3361 Efﬁcaciter
3639 3310 3837 3362 autem

330 3398 425 3435 cor
457 3398 628 3437 suum
661 3384 947 3449 contrivit,
993 3390 1048 3439 et
1099 3386 1155 3440 in
1193 3386 1515 3443 humilitate
1546 3390 1717 3445 vitam
1752 3410 1919 3447 suam
1956 3394 2025 3449 li-
2136 3401 2335 3452 orante
2367 3395 2752 3462 adolescente,
2802 3400 2859 3450 et
2888 3395 2946 3449 in
2971 3394 3195 3466 jejunio
3227 3393 3541 3465 diligenter
3576 3411 3842 3465 perseve-

328 3472 597 3540 quefecit,
628 3488 738 3527 non
771 3474 1042 3543 despecta
1075 3474 1181 3528 fuit
1211 3496 1242 3529 a
1274 3476 1518 3533 Domino
1550 3494 1749 3538 eorum
1787 3484 1885 3553 qui
1920 3485 2025 3539 du-
2137 3492 2320 3553 rante,
2401 3489 2553 3541 intra
2633 3487 2802 3543 breve
2897 3491 3131 3559 tempus
3227 3487 3545 3542 adfuerunt
3624 3488 3844 3543 dolores

328 3562 539 3614 cuntur
570 3560 922 3628 pcenitentia.
2134 3578 2261 3648 ejus
2349 3580 2570 3649 partus.
2650 3577 2911 3647 Cumque
2988 3575 3314 3633 advenisset
3386 3576 3556 3646 hora,
3665 3577 3841 3633 adfuit

941 3670 1181 3725 CAPUT
1231 3671 1408 3728 CXLI.
2134 3667 2311 3723 etiam
2337 3668 2563 3737 justum
2596 3666 3026 3736 Deijudicium,
3062 3666 3309 3721 atl‘erens
3340 3666 3743 3724 vehementem
3788 3674 3845 3723 et

330 3754 407 3808 De
434 3754 553 3823 ﬁlia
589 3756 1389 3841 presbyterihqugutectorem
1419 3765 1761 3823 calumniam
1799 3776 1937 3841 εναι,
1977 3776 2026 3827 ει
2134 3755 2557 3813 intolerabilem
2607 3755 2862 3810 dolorem
2913 3756 2965 3810 ei
3016 3772 3142 3826 qua:
3192 3756 3384 3811 fuerat
3426 3756 3785 3813 calumniata
3825 3777 3838 3814 :

916 3833 1191 3887 Eustathio
1224 3836 1437 3891 lectore.
1925 3833 1935 3841 ’
2134 3848 2461 3918 gemituum
2511 3846 2540 3900 i1

2216 3848 2461 3901 mituum
2511 3846 2799 3901 immensa
2844 3845 3247 3911 multitudino,
3291 3846 3519 3901 labores
3551 3853 3752 3917 partus
3784 3850 3840 3904 in

396 3917 706 3986 Cujusdam
762 3920 1076 3992 presbyteri
1122 3923 1239 3977 {ilia
1274 3928 1433 3994 virgo
1464 3926 1522 3979 in
1552 3930 1812 3985 Caesarea
1842 3931 2015 3989 Palas-
2132 3917 2503 4006 enarrabiles,
2541 3934 2751 3990 inferni
2788 3935 3206 4005 suppliciorum
3246 3934 3497 3991 visiones
3548 3938 3839 3994 terribiles

326 4005 493 4099 stinaa
550 4006 732 4077 lapsa,
791 4010 861 4063 ab
896 4026 978 4099 eo
1028 4012 1142 4099 qui,
1174 4013 1222 4066 ei
1279 4013 1483 4069 vitium
1540 4018 1813 4074 attulerat
1856 4023 2025 4079 docta
2133 4027 2282 4083 hanc
2317 4005 2589 4081 miseram
2634 4025 2856 4079 fortiter
2903 4025 3261 4091 obsidentes,
3296 4034 3351 4079 et
3380 4026 3575 4083 infans
3609 4034 3841 4099 propter

328 4094 531 4161 fuerat,
584 4101 641 4147 ut
695 4098 1004 4165 quemdam
1040 4098 1289 4154 civitatis
1333 4100 1602 4159 lectorem
1634 4106 2019 4166 calumniare-
2135 4114 2593 4185 magnitudinem
2635 4131 2751 4169 non
2794 4115 3063 4184 prodibat
3101 4129 3169 4168 ex
3197 4119 3376 4171 utero.
3406 4094 3687 4170 Praeteriit
3719 4094 3840 4173 dies

327 4188 439 4249 tur,
471 4191 523 4275 et
566 4186 721 4253 quod
756 4191 1035 4275 corrupta
1066 4194 1237 4257 esset,
1272 4190 1327 4244 in
1360 4207 1489 4247 eum
1524 4196 1755 4266 culpam
1800 4200 2020 4254 confer-
2133 4206 2354 4275 primus
2376 4209 2432 4260 et
2452 4206 2766 4271 secundus,
2790 4208 2847 4258 et
2878 4204 3107 4260 dolores
3131 4211 3299 4260 erant
3324 4205 3835 4275 intolerabiliorcs;

327 4280 429 4325 τθί·
461 4272 715 4366 Qumle
747 4274 912 4366 Γβττθί
944 4284 1213 4343 venirem:
1258 4298 1287 4333 ³
1320 4286 1482 4348 Patre
1521 4300 1625 4339 su0
1668 4287 2018 4353 examinata,
2133 4272 2462 4350 adventavit
2501 4296 2710 4350 tertius
2759 4298 2815 4349 et
2864 4299 3136 4366 quartus,
3168 4299 3226 4350 et
3272 4301 3510 4351 secutus
3554 4302 3643 4351 est
3675 4272 3840 4353 dolor

328 4358 647 4456 “Ominifvlt
685 4360 979 4456 Ῑθθίφῖῗῐη·
1031 4366 1144 4419 Hoc
1206 4383 1338 4423 cum
1390 4372 1672 4426 αυάίίεευί
1729 4374 2023 4447 presbyter
2132 4385 2336 4440 multis
2367 4384 2649 4454 partubus
2681 4358 2936 4453 gravior;
2991 4358 3231 4455 quintus
3261 4388 3318 4441 et
3348 4392 3535 4442 sextus
3565 4389 3623 4440 et
3656 4387 3835 4456 septi.

327 4448 712 4505 conturbatus
745 4452 940 4506 retulit
970 4456 1035 4508 ad
1070 4456 1427 4528 episcopum.
1450 4461 1565 4515 Hoc
1589 4478 1720 4516 cum
1740 4465 2021 4524 audiisset
2133 4490 2261 4528 mus
2308 4448 2773 4534 tenebrosum-ret
2802 4448 3254 4529 infelix-mulier
3301 4490 3370 4530 ex
3405 4474 3581 4530 multo
3625 4448 3832 4529 dolore

324 4538 654 4609 episcopus,
679 4542 1348 4603 convocavibconcilium
1365 4550 1746 4617 sacerdotum,
1772 4555 1939 4627 fecitq

2206 4561 2462 4617 rsabatur
2506 4562 2562 4616 in
2615 4562 2831 4617 inferis.
2880 4562 2942 4617 In
2975 4562 3251 4618 omnibus
3295 4563 3387 4619 his
3419 4563 3613 4619 diebus
3659 4578 3830 4618 man-

322 4628 511 4721 vocari
563 4629 857 4721 lectorem,
908 4634 1095 4704 deque
1125 4652 1189 4691 eo
1225 4636 1429 4692 habuit
1460 4640 1861 4711 quaestionem,
1898 4662 2013 4703 rem
2129 4651 2207 4707 sit
2228 4666 2416 4721 neque
2438 4650 2675 4705 omnino
2705 4650 2899 4705 cibum
2927 4667 3192 4712 sumens.
3223 4669 3327 4707 nec
3357 4651 3651 4707 tantillum
3678 4668 3837 4709 som-

324 4720 679 4811 examinans.
734 4720 983 4793 Rogatus
1035 4730 1225 4781 autem
1270 4726 1339 4781 ab
1372 4727 1663 4800 episcopo,
1722 4748 1840 4788 rem
1904 4753 2017 4793 non
2129 4758 2268 4797 num
2316 4720 2555 4806 videns;
2604 4740 2700 4794 sed
2759 4740 3016 4796 luctibus
3049 4745 3105 4795 et
3148 4741 3511 4811 gravissimis
3560 4743 3834 4800 dolorum

324 4809 989 4881 fatebaturlector;nam
1018 4817 1168 4883 quod
1198 4816 1497 4873 factumab
1521 4818 1646 4889 ipso
1673 4838 1785 4878 non
1811 4824 2015 4896 fuerat,
2127 4829 2430 4886 tormentis
2466 4828 2933 4897 succedentibus,
2980 4834 3110 4899 post
3150 4809 3271 4885 haec
3292 4831 3505 4897 omnia,
3529 4833 3750 4889 vitiatae
3781 4838 3838 4889 et

323 4899 607 4993 quomodo
640 4899 751 4955 dici
801 4905 1059 4971 poterat?
1088 4910 1251 4977 Εετο
1290 4922 1424 4977 ergo
1463 4908 1649 4963 ferens
1685 4910 2013 4985 episcopus,
2128 4918 2285 4975 falsae
2338 4917 2713 4974 accusatricis
2760 4933 2857 4973 cor
2906 4918 3241 4987 inﬂexibile,
3282 4919 3431 4975 victa
3472 4938 3506 4976 a
3537 4921 3640 4977 Dei
3674 4928 3835 4993 pote-

321 4989 660 5061 gravissima
710 5008 843 5047 voce
893 4993 941 5047 ei
994 4994 1218 5049 dicebat
1262 5012 1273 5050 :
1319 4995 1439 5051 Non
1476 4998 1742 5056 fateberis
1784 5002 2014 5074 lapsum
2128 5012 2298 5075 state,
2331 5024 2457 5079 quae
2508 5024 2621 5062 non
2663 5007 2818 5062 cadit
2848 5007 2958 5063 sub
3003 5012 3329 5079 aspectum,
3361 4989 3835 5066 intolerabilibus

320 5083 569 5173 tum,_et_
591 5096 727 5151 ages
761 5082 1184 5173 paenitentiam,
1208 5102 1239 5138 ο
1262 5084 1459 5139 infelix
1477 5091 1532 5141 et
1571 5088 1740 5159 plene
1763 5092 2015 5150 immun-
2127 5099 2428 5156 doloribus
2465 5097 2685 5153 addidit
2707 5099 2882 5153 etiam
2926 5098 3377 5167 confessionem,
3430 5099 3665 5173 lugubri
3699 5118 3835 5157 voce

322 5168 509 5261 ditia?
542 5170 863 5241 Respondit
910 5172 1120 5226 lector:
1175 5173 1330 5243 Rogo
1390 5178 1473 5242 te;
1509 5177 1623 5232 dixi
1658 5178 1712 5233 id
1744 5184 1887 5250 quod
1924 5201 2014 5242 res
2126 5190 2459 5248 exclamans
2484 5204 2496 5242 ε
2520 5188 2617 5243 Hei
2643 5188 2783 5242 mihi
2822 5188 3070 5244 misera!
3112 5189 3275 5245 venio
3300 5190 3359 5244 in
3413 5168 3741 5261 periculum
3768 5206 3837 5246 ne

321 5263 429 5352 est,
483 5259 631 5314 hanc
682 5276 801 5315 rem
846 5262 912 5314 ad
967 5278 1057 5317 me
1121 5263 1263 5317 nihil
1313 5264 1615 5333 pertinere.
1653 5268 1827 5326 Plane
1858 5274 2010 5332 enim
2126 5295 2377 5352 peream,
2411 5282 2473 5333 ut
2514 5294 2640 5348 quas
2684 5277 2743 5332 iu
2784 5279 2896 5333 duo
2943 5278 3094 5334 mala
3144 5259 3472 5345 inciderim,
3522 5296 3737 5352 nempe
3778 5281 3836 5336 in

322 5348 489 5441 culpa
521 5366 707 5415 careo,
740 5357 803 5405 ut
844 5354 943 5423 qui
994 5354 1061 5408 de
1102 5372 1163 5408 ea
1211 5370 1282 5407 ne
1331 5356 1699 5425 cogitaverim
1735 5361 2012 5435 quidem;
2125 5348 2476 5426 calumniam
2527 5371 2582 5421 et
2634 5366 3095 5435 fornicationem,
3145 5373 3202 5425 et
3243 5369 3463 5425 amissa
3502 5370 3838 5441 virginitate

323 5438 415 5493 sin
455 5445 644 5493 autem
685 5441 859 5496 vultis
896 5444 1091 5498 audire
1144 5444 1201 5497 id
1255 5447 1408 5515 quod
1455 5463 1567 5501 non
1612 5453 1719 5516 est,
1772 5452 1958 5509 dicam
1998 5473 2011 5511 :
2125 5475 2258 5515 sum
2292 5458 2505 5512 tradita
2526 5456 2906 5523 detractioni;
2936 5462 2994 5513 et
3045 5474 3179 5513 cum
3212 5459 3359 5515 mihi
3391 5460 3469 5516 sit
3500 5461 3574 5515 ab
3598 5438 3724 5516 alio
3756 5459 3837 5515 al-

322 5526 473 5584 Feci.
509 5529 623 5580 Hoc
656 5546 785 5583 cum
808 5532 929 5601 ipse
952 5533 1212 5600 dixisset,
1247 5535 1517 5606 deposuit
1544 5552 1673 5593 eum
1708 5542 2012 5616 episcOpus
2122 5550 2301 5606 latum
2350 5546 2575 5612 vitium,
2628 5548 2891 5603 accesani
2951 5548 3261 5605 lectorem.’
3288 5550 3434 5604 Cum
3485 5548 3609 5604 haec
3641 5554 3839 5605 autem

318 5620 389 5677 ab
424 5616 613 5674 οίίῖθίο
645 5617 894 5677 “moris-
942 5623 1077 5681 Ροεῖ
1109 5625 1213 5682 hoc
1266 5626 1529 5684 accidens
1561 5629 1629 5686 ad
1684 5632 1856 5701 Pedes
1887 5638 2012 5708 epi-
2123 5642 2445 5701 audiissent
2484 5639 2736 5712 virgines
2771 5641 3131 5711 monasterii,
3163 5641 3327 5698 Patri
3358 5642 3487 5713 ejus
3507 5642 3713 5699 omnia
3750 5656 3840 5699 re-
