4078 6212
327 313 479 374 1241
1617 317 1991 381 HISTORIA
2033 289 2447 383 IJAUSIACA.
3572 325 3729 386 1242

918 448 1149 504 ΚΕΦΑΛ
1176 487 1189 503 .
1232 452 1339 502 ΡΜ¹
1373 490 1385 506 .

327 537 463 610 Περὶ
531 541 632 607 τῆς
699 534 1071 608 ἀπατηθείσης
1137 536 1446 611 παρθένου,
1512 538 1603 592 καὶ
1675 542 1981 616 μεταγνού-

894 628 899 633 ’
1091 629 1211 676 σης.

404 698 701 773 ’Δσκητρία
757 719 841 761 τις
900 698 1164 773 παρθένος
1214 703 1535 755 συνοικοῦσα
1603 698 1803 763 ἄλλαις
1860 700 1979 757 δυσὶ

332 786 620 862 παρθένοις
650 789 869 859 ἠσκήθη
902 786 991 843 ἐπὶ
1021 787 1113 858 ἔτη
1148 786 1297 843 ἐννέα
1326 788 1362 857 ἢ
1395 786 1522 844 δέκα
1548 832 1561 845 .
1610 790 1756 860 Αὕτη
1791 789 1979 846 δελεα-

337 878 522 932 σθεῖσα
551 878 699 951 παρά
728 875 943 950 ψάλτου
972 878 1120 939 τινὸς
1149 876 1331 949 τούτῳ
1364 880 1691 956 συνεφθάρη,
1733 880 1821 934 καὶ
1876 878 1979 934 λα-

336 961 506 1021 ϐοῦσα
536 965 672 1021 κατά
698 967 927 1042 γαστρὸς
974 961 1149 1022 ἔτεκεν
1176 1012 1189 1024 .
1242 967 1333 1029 Εἰς
1385 966 1550 1043 ἄκρον
1579 965 1635 1023 δὲ
1687 973 1843 1042 μῖσος
1892 967 1981 1024 έλ-

339 1057 507 1111 θοῦσα
534 1059 633 1110 τοῦ
667 1055 869 1126 ταύτην
914 1055 1293 1126 ἀπατήσαντος
1340 1056 1609 1134 κατενύγη
1641 1060 1743 1127 τὴν
1793 1059 1978 1134 ψυχήν

336 1145 411 1207 εἰς
463 1142 648 1221 βάθὸς,
705 1145 792 1199 καὶ
844 1143 921 1209 εἰς
964 1149 1224 1200 τοσοῦτον
1281 1139 1503 1224 ἔφθασεν
1554 1146 1757 1224 μέτρον
1815 1169 1982 1222 μετα-

334 1233 482 1295 νοίας
512 1234 588 1297 ὡς
634 1234 694 1287 ἄν
743 1232 1258 1311 ἀποκαρτερήσασαν
1308 1233 1509 1306 ταύτην
1554 1239 1623 1309 τῇ
1676 1236 1977 1312 ἐγκρατείᾳ,

335 1323 428 1380 καί
460 1323 615 1397 λιμῷ
643 1321 818 1379 θέλειν
852 1325 1048 1395 ἑαυτὴν
1076 1325 1391 1381 ἀποκτεῖναι
1417 1343 1430 1356 ’
1459 1330 1622 1381 τοῦτο
1672 1347 1982 1402 προσευχο-

338 1414 471 1489 μένη
510 1415 645 1488 μετά
689 1413 958 1490 δακρύων,
1001 1415 1089 1470 καὶ
1127 1419 1226 1470 τοῦ
1265 1419 1399 1471 Θεοῦ
1449 1412 1705 1490 δεομένη,
1751 1418 1841 1472 καί
1888 1416 1980 1471 λέ-

333 1526 523 1579 γουσα,
583 1504 666 1561 ὅτι
727 1509 784 1561 Ὃ
843 1505 974 1567 Θεὸς
1026 1506 1055 1560 6
1116 1507 1310 1583 μέγας,
1356 1507 1383 1560 6
1431 1506 1712 1580 βαστάζων
1769 1509 1982 1562 πάντων

334 1597 500 1667 ἡμῶν
532 1596 596 1650 τὰ
644 1596 1035 1671 ἁμαρτήματα,
1083 1594 1173 1649 καί
1222 1596 1422 1652 παντὸς
1462 1595 1560 1651 τοῦ
1612 1596 1822 1669 κόσμου
1878 1598 1978 1666 τὴν

338 1685 576 1760 ἄμετρον
622 1686 835 1757 κακίαν,
868 1686 896 1739 6
932 1686 1006 1759 μὴ
1063 1684 1407 1760 βουλόμενος
1453 1686 1547 1741 τὸν
1599 1687 1824 1742 θάνατον
1873 1692 1981 1742 τῶν

337 1777 705 1855 ἁμαρτωλῶν,
736 1777 827 1833 καί
870 1779 969 1848 τὴν
1022 1776 1299 1833 ἀπώλειαν
1350 1783 1458 1835 τῶν
1506 1780 1803 1848 πεσόντων,
1852 1778 1979 1835 ἀλλ’

335 1865 501 1923 ἐλεῶν
529 1872 701 1923 πᾶσαν
733 1869 832 1937 τήν
860 1866 1033 1923 κτίσιν
1061 1888 1074 1901 ο
1108 1870 1200 1924 σὸν
1227 1868 1327 1943 γάρ
1360 1868 1472 1924 ἐστι
1511 1869 1727 1942 θέλημα
1768 1871 1831 1925 τὸ
1862 1872 1975 1924 σώ-

337 1962 516 2028 ζεσθαι
548 1960 781 2023 πάντας.
816 1958 880 2012 Εἰ
909 1958 1002 2013 οὖν
1033 1958 1123 2013 καί
1169 1956 1265 2031 ἐμὲ
1312 1960 1409 2028 τὴν
1460 1957 1812 2033 ἀπολομένην
1864 1981 1973 2016 σω-

335 2053 494 2122 θήναι
526 2049 721 2121 θέλεις,
754 2050 808 2106 ἐν
841 2052 1020 2124 τούτῳ
1047 2072 1140 2125 μοι
1173 2048 1342 2122 δεῖξον
1384 2053 1486 2121 τήν
1534 2053 1633 2122 σὴν
1685 2054 1976 2129 ἀγαθωσύ-

331 2162 447 2212 νην,
476 2141 568 2196 καὶ
603 2144 695 2196 νῦν
741 2137 832 2203 δὸς
876 2141 1072 2220 φθάσαι
1124 2138 1207 2195 ἐπ’
1249 2140 1375 2214 ἐμοὶ
1419 2142 1488 2196 τὰ
1537 2142 1810 2215 θαυμάσιά
1854 2164 1973 2216 σου,

329 2231 417 2284 καὶ
458 2229 711 2285 κέλευσον
760 2232 1092 2306 συναχθῆναι
1142 2230 1231 2283 τὸν
1282 2229 1484 2303 καρπὸν
1517 2237 1617 2301 τῆς
1669 2230 1806 2303 ἐμῆς
1846 2232 1973 2287 ἀνο-

333 2320 459 2393 μίας
514 2322 577 2374 τὸ
627 2316 939 2395 συλληφθὲν
1020 2316 1072 2372 έν
1124 2318 1398 2395 ἀσελγείᾳ,
1459 2322 1545 2375 καὶ
1608 2324 1861 2398 γεννηθὲν
1918 2321 1971 2378 ἐν

333 2407 572 2481 ἁμαρτίᾳ
627 2414 727 2477 τῆς
781 2404 920 2479 έμῆς
967 2404 1244 2470 ἀπωλείας
1283 2451 1297 2464 .
1351 2409 1473 2463 Ἐἀν
1522 2410 1626 2485 γὰρ
1670 2415 1831 2467 τοῦτο
1893 2413 1969 2485 μή

338 2500 583 2574 γένηται,
613 2498 648 2567 ἢ
677 2497 888 2572 ἀγχόνῃ
921 2491 1037 2572 ἔχω
1085 2500 1413 2573 χρήσασθαι,
1444 2497 1481 2569 ἤ
1515 2500 1707 2571 ἑαυτὴν
1760 2500 1974 2558 δισκεῦ-

341 2610 469 2645 σαι.
517 2592 729 2644 Ἕνεκεν
777 2586 976 2642 τούτου
1034 2584 1261 2662 δεομένη
1317 2589 1643 2661 εἰσηκούσθη
1671 2635 1686 2650 .
1745 2594 1816 2647 Τὸ
1867 2593 1972 2669 γὰρ

335 2679 523 2753 τεχθὲν
558 2674 619 2733 οὒ
654 2676 788 2750 μετά
815 2675 958 2732 πολὺ
991 2675 1365 2749 ἐτελεύτησεν
1406 2679 1538 2735 Ἀπὸ
1572 2682 1663 2737 οὗν
1691 2687 1790 2751 τῆς
1836 2684 1973 2756 ἡμέ-

330 2789 426 2845 ρας
450 2765 658 2837 ἐκείνης
686 2771 766 2839 τῷ
791 2768 884 2839 μὲν
908 2768 1109 2838 ταύτην
1137 2766 1619 2843 αἰχμαλωτίσαντι
1644 2771 1825 2827 οὐκέτι
1850 2793 1969 2828 συν-

328 2858 538 2937 έτυχεν,
574 2851 793 2912 ἔκδοτον
825 2855 883 2911 δὲ
913 2858 1106 2927 ἑαυτὴν
1132 2857 1208 2920 εἰς
1242 2860 1405 2931 ἄκραν
1437 2861 1754 2934 ἒγκράτειαν
1788 2859 1966 2917 δέδω-

322 2970 410 3005 κεν
442 2969 455 2982 °
496 2948 777 3012 νοσούσαις
804 2949 894 3002 καὶ
940 2942 1357 3019 λελωϐημέναις
1404 2946 1845 3024 έξυπηρετήσατο
1876 2950 1966 3008 ἐπὶ

318 3042 607 3115 τριάκοντα
664 3032 759 3109 ἔτη
795 3081 809 3097 .
860 3037 1047 3101 Οὕτως
1102 3038 1191 3091 τὸν
1239 3039 1369 3093 Θεὸν
1430 3035 1817 3112 δυσωπήσασα,
1873 3044 1965 3098 καί

309 3127 479 3185 ’ίλεων
508 3130 671 3201 ἑαυτῇ
700 3128 1101 3197 καταστήσασα,
1135 3126 1209 3188 ὡς
1234 3126 1687 3204 ἀποκαλυφθῆναι
1719 3151 1826 3185 τινι
1845 3136 1954 3187 τῶν

2003 459 2045 524 Α
2082 453 2259 527 χωρὶς
2288 455 2385 507 τοῦ
2416 452 2606 527 τιμίου
2641 454 2909 528 βήματος,
2940 474 3030 510 και
3066 448 3141 529 μη
3185 453 3318 510 ειναί
3360 477 3424 529 με
3454 455 3598 526 ἄξιον
3631 462 3728 514 τοῦ

2092 542 2224 596 εἰναι
2254 541 2522 617 κληρικὸν
2554 551 2654 614 τῆς
2695 553 2793 615 σῆς
2835 546 3163 621 ἁγιωσύνης,
3197 546 3449 602 κέλευσόν
3505 569 3598 621 μοι
3630 549 3731 603 αύ-

2089 632 2188 701 τὴν
2222 632 2327 687 ἀπὸ
2355 636 2453 687 τοῦ
2482 637 2572 688 νῦν
2609 632 2835 705 δοθῆναι
2867 634 2942 699 εἰς
2974 642 3201 713 γυναῖκα
3227 679 3240 692 .
3294 634 3429 692 Οῦτε
3459 638 3563 714 γὰρ
3614 636 3737 693 λοι-

2090 723 2189 776 πὸν
2221 720 2331 796 ἐγὼ
2361 721 2654 797 κληρικὸς,
2688 722 2812 780 οὔτε
2845 723 2900 781 δὲ
2930 725 3103 795 ἐκείνη
3137 725 3396 801 παρθένος
3418 769 3430 782 .
3473 727 3737 790 ’Δκούσας

2092 808 2148 864 δὲ
2192 815 2359 865 ταῦτα
2406 813 2434 866 6
2484 812 2801 885 ἐπίσκοπος,
2850 816 2941 871 καὶ
2996 816 3023 870 6
3064 812 3430 891 πρεσϐύτερος
3476 817 3503 870 6
3553 820 3733 891 πατὴρ

2092 898 2282 968 αὐτῆς,
2306 894 2525 957 ἔκδοτον
2555 904 2726 973 αὐτὴν
2759 902 3022 959 δεδώκασι
3062 910 3141 977 τῷ
3189 905 3529 980 ἀναγνώστῃ,
3563 927 3739 981 προσ-

2091 985 2419 1059 δοκήσαντες
2469 988 2767 1046 διακεῖσθαι
2796 994 2888 1046 τὸν
2940 994 3201 1068 νεώτερον
3232 996 3355 1067 περὶ
3404 995 3595 1065 αὐτὴν,
3645 995 3737 1050 καὶ

2090 1076 2279 1141 ἄλλως
2313 1080 2389 1151 μή
2423 1075 2679 1133 δύνασθαι
2728 1079 3072 1148 ἀποκοπῆναι
3103 1084 3202 1149 τῆς
3250 1083 3530 1151 συνηθείας
3557 1127 3569 1140 .
3621 1093 3735 1139 Λα-

2091 1161 2201 1221 ϐὼν
2246 1164 2303 1222 δὲ
2350 1167 2515 1238 αὐτὴν
2547 1169 2575 1222 6
2622 1169 2888 1241 νεώτερος
2939 1167 3017 1230 εἰς
3060 1168 3155 1229 τὰς
3199 1174 3409 1243 χεῖρας,
3451 1172 3541 1225 καί
3591 1174 3735 1248 παρὰ

2088 1261 2186 1312 τοῦ
2238 1258 2561 1324 ἐπισκόπου,
2613 1260 2701 1314 καί
2734 1258 2881 1333 παρά
2909 1262 3007 1313 τοῦ
3055 1259 3260 1333 πατρὸς
3314 1259 3510 1328 αὐτῆς,
3560 1282 3736 1335 παρα-

2090 1346 2321 1409 καλέσας
2371 1345 2428 1402 δὲ
2472 1348 2666 1417 αὐτὴν,
2717 1348 3013 1424 ἀπαγαγὼν
3064 1347 3263 1419 ταύτην
3316 1350 3577 1422 παρέθετο
3629 1366 3731 1423 μο-

2090 1437 2367 1511 ναστηρίῳ
2405 1443 2699 1512 γυναικῶν,
2748 1437 3130 1512 παρακαλέσας
3158 1439 3256 1507 τῆν
3304 1438 3495 1493 αύτόθι
3544 1437 3730 1495 διάκοο

2089 1548 2181 1582 νον
2212 1535 2311 1598 τῆς
2343 1526 2714 1604 ἀδελφότητος
2752 1530 2919 1605 μέχρι
2949 1532 3054 1581 τῶν
3088 1530 3309 1600 ἡμερῶν
3360 1533 3457 1581 τοῦ
3505 1536 3727 1584 τοκετοῦ

2090 1616 2259 1688 αὐτῆς
2291 1617 2619 1694 ἀνασχέσθαι
2648 1617 2849 1687 ταύτης
2882 1659 2894 1673 .
2943 1616 3046 1672 Καὶ
3091 1615 3405 1672 καταλιπὼν
3452 1617 3621 1687 αὐτὴν
3675 1620 3726 1674 ἐν

2087 1711 2168 1780 τῷ
2202 1706 2551 1781 μοναστηρίῳ
2582 1707 2609 1760 6
2640 1705 3007 1782 ἀναγνώστης,
3041 1704 3292 1761 ἀπελθὼν
3322 1706 3510 1761 ἑαυτὸν
3542 1705 3733 1783 ἐγκαθ-

2008 1833 2056 1899 Β
2091 1801 2257 1875 εἷρξεν
2315 1799 2391 1863 εἰς
2446 1798 2667 1855 κελλίον
2725 1795 3042 1873 αὒχμηρὸν,
3103 1793 3391 1852 ἀναλαϐὼν
3447 1795 3726 1853 πολιτείαν

2088 1888 2515 1967 σκληραγωγίας
2560 1888 2888 1965 ἀκροτάτην,
2940 1884 3263 1962 προσελθὼς
3294 1891 3372 1959 τῷ
3402 1891 3623 1962 Χριστῷ
3672 1888 3723 1944 ἓν

2083 1980 2279 2058 καρδίᾳ
2336 1978 2787 2058 συντετριμμὲνῃ,
2851 1979 2985 2052 μετά
3040 1977 3269 2034 πολλῶν
3328 1976 3572 2053 δακρύων
3631 1981 3721 2035 καί

2085 2069 2421 2149 στεναγμῶν,
2454 2070 2630 2148 λέγων
2656 2116 2668 2129 .
2703 2072 2777 2125 Σὺ
2802 2067 2979 2141 οἶδας,
3002 2068 3183 2143 Κύριε,
3203 2068 3298 2132 τὰς
3327 2067 3461 2142 έμάς
3481 2068 3723 2143 πράξεις,

2084 2162 2112 2215 6
2144 2160 2502 2234 ἐπιστάμενος
2533 2162 2705 2215 πάντα
2735 2160 2792 2214 ὃν
2828 2156 2981 2213 οὐδὲν
3014 2155 3247 2227 λέληθεν
3271 2201 3285 2214 .
3332 2154 3466 2213 Οὐδὲ
3497 2152 3608 2212 ἔστι
3636 2179 3721 2223 τις

2081 2250 2250 2314 τόπος
2298 2250 2607 2324 ἀπόκρυφος
2657 2247 2709 2303 ἐν
2763 2249 2809 2320 ᾧ
2849 2269 2932 2309 τις
2978 2240 3420 2321 ἀποκρυϐήσεται
3469 2253 3569 2315 τῆς
3620 2253 3720 2316 σῆς

2082 2343 2422 2419 παντεφόρου
2456 2340 2739 2413 δυνάμεως
2766 2383 2779 2397 .
2821 2344 2877 2393 Ὀ
2908 2334 3067 2399 εἰδὼς
3098 2338 3164 2391 τά
3194 2335 3361 2392 πάνεα
3409 2338 3533 2410 πρὶν
3576 2336 3725 2412 γενέ-

2083 2434 2224 2501 σθαι,
2259 2430 2321 2486 σὺ
2354 2432 2519 2504 μόνος
2554 2430 2775 2504 βλέπεις
2813 2427 2950 2501 βάθη
2985 2426 3293 2502 λογισμῶν,
3334 2427 3423 2481 καί
3454 2432 3598 2481 πᾶσα
3639 2423 3725 2481 ἔν-

2081 2545 2202 2578 νοια
2231 2523 2378 2598 παρά
2408 2525 2504 2576 σοῦ
2537 2522 2726 2595 ὁρᾶται
2777 2516 3221 2595 όφθαλμοφανῶς
3246 2536 3259 2549 ’
3296 2519 3358 2571 σὺ
3390 2516 3462 2574 ὤν
3496 2516 3724 2589 έταστὴς

2081 2612 2430 2687 ἐνθυμήσεως
2478 2610 2601 2680 ὀξὺς
2651 2607 2885 2678 δικάζεις
2919 2603 3161 2682 ἀκριϐῶς
3186 2626 3199 2639 ·
3237 2606 3298 2662 σὺ
3345 2606 3716 2681 ἀδικουμένων

2084 2703 2285 2780 βοηθός
2310 2719 2325 2735 ⁶
2352 2702 2518 2763 αὐτὸς
2550 2699 2599 2756 εἰ
2626 2698 3143 2777 συκοφαντουμένων
3188 2691 3400 2758 ἔκδικος
3435 2695 3723 2772 ἀπαραλό-

2078 2815 2284 2870 γιστος,
2315 2793 2360 2866 ᾧ
2392 2790 2543 2848 οὐδέν
2594 2790 2806 2867 ἀρέσκει
2848 2794 2956 2845 τῶν
3007 2786 3208 2843 ἀδίκων
3235 2834 3249 2847 .
3302 2792 3453 2844 Πᾶσα
3486 2784 3540 2843 δὲ
3572 2787 3716 2862 ῥοπὴ

2080 2886 2244 2959 ζυγοῦ
2281 2879 2628 2949 δικαιοσύνης
2671 2878 2816 2952 παρά
2865 2878 2953 2932 σοί
2982 2922 2995 2935 .
3050 2878 3283 2950 Πάρεστι
3330 2878 3435 2953 γὰρ
3493 2875 3722 2933 πάντοτέ

2077 2993 2163 3026 σοι
2194 2975 2310 3048 φῶς
2340 2971 2656 3045 ἀπρόσιτον,
2689 2966 2780 3021 καὶ
2812 2971 2913 3020 πᾶν
2944 2963 3097 3041 ἔργον
3132 2968 3433 3034 ἀνθρώπων
3481 2966 3715 3020 ἐνώπιόν

2076 3059 2172 3115 σού
2201 3058 2343 3115 ἐστιν
2371 3103 2384 3116 .
2435 3064 2541 3128 Τῆς
2575 3055 2665 3111 οῦν
2711 3062 2809 3125 σῆς
2845 3054 2958 3110 ἐστι
3000 3052 3209 3116 δικαίας
3257 3056 3345 3109 καί
3395 3054 3718 3128 ἀπαραλλά-

2074 3169 2205 3205 κτου
2254 3149 2489 3223 πρίσεως
2552 3146 2822 3222 ἀποφῆναι
2878 3143 2966 3197 καὶ
3023 3142 3121 3210 τὴν
3166 3139 3321 3211 δίκην
3372 3144 3469 3211 τήν
3528 3139 3665 3215 ἒμήν
3696 3185 3711 3202 .

314 3220 484 3295 ἁγίων
535 3214 938 3293 πρεσϐυτέρων,
992 3215 1074 3270 ὅτι
1108 3221 1171 3271 Ἥ
1200 3215 1345 3271 δεῖνά
1378 3238 1469 3290 μοι
1506 3217 1717 3291 μᾶλλον
1769 3221 1954 3296 εὐηρὲ-
1986 3209 2029 3277 C
2070 3209 2525 3315 Uposeuiopévou
2570 3240 2667 3292 τοῦ
2723 3234 3003 3289 νεανίσκου
3047 3231 3292 3303 ἐκτενῶς,
3342 3232 3434 3287 καὶ
3481 3233 3552 3303 τῇ
3599 3254 3706 3303 νη-

314 3330 508 3379 στησεν
538 3308 589 3363 ἐν
639 3311 708 3381 τῇ
762 3305 1037 3380 μετανοίᾳ,
1070 3304 1107 3376 ἤ
1136 3305 1188 3361 έν
1232 3310 1300 3380 τῇ
1349 3308 1608 3382 παρθενίᾳ
1632 3353 1647 3369 .
1696 3315 1868 3366 Ταῦτα
1900 3310 1956 3368 δὲ

312 3399 531 3476 γράφω,
560 3394 655 3452 ’ίνα
688 3398 764 3469 μὴ
796 3401 1220 3474 καταφρονῶμεν
1252 3401 1359 3451 τῶν
1400 3395 1586 3453 πολλά
1616 3399 1956 3474 ἁμαρτανόν-

311 3510 446 3558 των,
478 3487 568 3542 καί
602 3488 661 3542 ἐκ
706 3485 929 3561 καρδίας
974 3485 1373 3559 μετανοούντων
1400 3506 1412 3520 ⁸
1444 3489 1621 3551 καθὼς
1651 3491 1739 3545 καί
1784 3494 1818 3560 ἡ
1856 3513 1954 3566 μα-

312 3575 477 3651 καρία
524 3573 659 3644 αὕτη
689 3576 789 3645 τῆν
844 3575 1041 3643 ἑαυτῆς
1089 3571 1311 3649 καρδίαν
1361 3577 1712 3651 συντρίψασα,
1761 3579 1849 3635 καὶ
1899 3579 1951 3637 έν

310 3664 781 3744 ταπεινοφροσύνῃ
844 3666 946 3735 τὴν
1011 3665 1206 3733 ἑαυτῆς
1278 3667 1424 3735 ζωὴν
1488 3670 1901 3741 καθυποτάξασα
1933 3719 1949 3745 ,

312 3757 413 3811 οὐκ
472 3752 801 3828 έξουδενώθη
876 3753 1022 3828 παρᾶ
1080 3757 1177 3809 τοῦ
1244 3756 1518 3811 Δεσπότου
1596 3762 1702 3812 τῶν
1791 3781 1950 3832 μετα-

312 3846 587 3903 νοούντων
619 3888 633 3903 .

862 3919 1103 3971 ΚΕΦΑΛ
1137 3957 1151 3971 .
1207 3917 1375 3972 ΡΜΑ¹
1400 3959 1414 3972 .

382 3998 517 4074 Περί
547 4003 650 4066 τῆς
681 3995 1164 4073 συκοφαντησάσης
1195 3996 1545 4071 ἀναγνώστην
1574 3997 1697 4053 τινά
1719 4042 1733 4055 .

382 4074 764 4155 Πρεσϐυτέρου
793 4077 936 4157 τινὸς
966 4075 1212 4151 θυγάτηρ
1244 4076 1504 4157 παρθένος
1553 4079 1605 4132 έν
1655 4081 1951 4157 Καισαρείᾳ

309 4169 411 4231 τῆς
436 4157 825 4229 Παλαιστίνης,
850 4156 909 4211 έκ
925 4159 1162 4211 πεσοῦσα
1183 4156 1327 4231 παρὰ
1355 4161 1454 4212 τοῦ
1474 4158 1673 4229 ταύτην
1705 4160 1952 4236 φθέραν-

308 4262 422 4312 τος,
455 4237 717 4314 ἐδιδάχθη
755 4237 1100 4310 ἀναγνώστην
1127 4237 1245 4320 τινά
1273 4243 1373 4320 τῆς
1420 4236 1635 4320 πόλεως
1685 4261 1951 4320 συκοφαν-

310 4328 495 4392 τῆσαι,
524 4313 758 4391 κάκείνῳ
787 4318 1087 4392 περιθεῖναι
1134 4317 1232 4385 τὴν
1286 4313 1683 4394 διεφθαρμένην
1734 4313 1909 4379 αἰτίαν
1934 4367 1948 4381 ,

311 4402 408 4456 Καὶ
468 4400 736 4475 γενομένη
797 4398 932 4470 πρὸς
983 4397 1234 4472 γαστρὸς,
1293 4395 1590 4471 ἐταζομένη
1652 4403 1796 4476 παρά
1852 4405 1949 4459 τοῦ

306 4480 452 4537 ἰδίου
479 4481 703 4554 πατρὸς,
735 4483 987 4533 κατεῖπον
1026 4481 1125 4532 τοῦ
1164 4477 1508 4552 ἀναγνώστου
1533 4525 1547 4539 .
1597 4481 1855 4546 ’Δκούσας
1891 4485 1949 4541 δὲ

2068 3329 2217 3401 στείᾳ
2246 3330 2779 3404 προσκαρτεροῦντος
2811 3321 3092 3398 ἐμμελῶς,
3153 3320 3301 3382 ἐντὸς
3333 3319 3526 3395 ὀλίγου
3578 3321 3710 3397 χρό-

2062 3442 2155 3476 νου
2202 3419 2557 3495 παρεγένοντο
2589 3416 2643 3470 αἰ
2675 3416 2879 3491 ἡμέραι
2926 3418 3023 3469 τοῦ
3066 3417 3292 3468 τοκετοῦ
3341 3411 3512 3482 αὐτῆς
3542 3455 3555 3469 .
3605 3414 3705 3469 Καὶ

2065 3510 2322 3580 ἐνστάσης
2370 3515 2469 3579 τῆς
2514 3507 2681 3581 ὥρας,
2738 3503 3064 3581 παρεγένετο
3114 3505 3202 3558 καὶ
3233 3504 3266 3573 ἡ
3302 3500 3480 3557 δικαία
3528 3502 3703 3578 κρίσις

2061 3595 2157 3646 τοῦ
2188 3594 2321 3646 Θευῦ
2354 3588 2592 3664 φέρουσα
2622 3587 2903 3659 ἀπότομον
2959 3581 3150 3651 ὀδύνην
3183 3584 3270 3639 καί
3314 3584 3588 3661 ἀφόρητον
3632 3588 3701 3659 τῇ

2064 3661 2514 3747 συκοφαντησάσῃ
2542 3684 2555 3698 θ
2615 3665 2705 3719 καί
2757 3669 3067 3739 στεναγμῶν
3109 3662 3325 3733 πλῆθος
3371 3661 3698 3740 ἀμέτρητον,

2062 3743 2252 3811 ὠδῖνες
2300 3750 2479 3804 πόνων
2538 3743 2947 3820 ἂνεκδιήγητοι,
2997 3746 3375 3819 καταχθονίων
3423 3744 3698 3815 κολαστη-

2064 3831 2194 3905 ρίων
2227 3830 2439 3903 ὁράσεις
2470 3823 2720 3906 φοϐεραὶ,
2753 3824 2954 3906 ταύτην
2984 3826 3083 3893 τήν
3134 3822 3326 3906 ἀθλίαν
3370 3822 3699 3906 πολιορκοῦξ

2060 3899 2148 3967 σαι
2182 3899 2422 3986 ἰσχυρῶς
2446 3928 2459 3941 ·
2484 3899 2583 3963 ’καὶ
2612 3909 2675 3962 τὸ
2704 3904 2905 3983 βρέφος
2932 3910 3033 3973 τῆς
3057 3904 3287 3986 γαστρὸς
3325 3908 3406 3986 τῷ
3451 3899 3601 3986 ξγκω
3633 3904 3698 3958 οὐ

2058 3980 2434 4064 προέκυπτεν.
2478 3980 2765 4063 Παρῆλθεν
2813 3980 2995 4064 ἡμέρα
3047 3983 3266 4064 πρώτη,
3311 3983 3402 4038 καί
3457 3980 3701 4061 δευτέρα,

2058 4062 2147 4127 καὶ
2181 4069 2373 4133 ὠδῖνες
2406 4062 2802 4147 ἀφορητότεραι
2831 4086 2842 4099 ·
2882 4063 3077 4134 ἐπέστη
3108 4062 3292 4139 τρίτη,
3322 4064 3410 4118 καί
3446 4065 3703 4139 τετάρτη,

2058 4159 2148 4216 καὶ
2180 4161 2243 4215 τὸ
2273 4156 2438 4233 ἄλγος
2468 4153 2904 4233 πολλαπλασίως
2955 4152 3345 4230 χαλεπώτερον
3372 4169 3397 4233 ’Δ
3432 4147 3703 4233 διεδέξατο

2059 4241 2283 4313 πέμπτη
2316 4229 2405 4294 καί
2434 4234 2565 4307 ’έκτη
2602 4237 2692 4291 σὺν
2744 4229 2965 4307 ἑϐδόμη
2987 4229 3283 4313 σκοτεινῇ,
3314 4230 3404 4287 καὶ
3436 4233 3471 4301 ἡ
3510 4231 3706 4287 ταλαί-

2060 4310 2248 4397 πωρος
2278 4319 2409 4396 γυνή
2441 4317 2546 4372 ἀπὸ
2578 4314 2799 4383 πολλῆς
2838 4314 2988 4397 ἀνί-ας
3038 4317 3119 4385 τῷ
3163 4310 3267 4397 ᾅδῃ
3300 4313 3663 4397 νπροσωμίλει
3691 4330 3704 4345 ·

2060 4401 2111 4457 ἐν
2155 4393 2373 4465 ταύταις
2431 4399 2585 4462 ὅλαις
2640 4402 2759 4459 ταῖς
2817 4393 3052 4471 ἡμέραις
3100 4393 3240 4475 ,μηδ’
3291 4394 3437 4458 ὅλως
3493 4402 3703 4475 τροφῆς

2060 4477 2510 4558 προσλαϐομένη,
2574 4475 2714 4553 μηδὲ
2759 4475 2823 4531 τὸ
2873 4475 3045 4558 τυχὸν
3075 4473 3265 4558 -ὕπνου
3317 4473 3662 4558 μετασχοῦσα

302 4567 471 4617 τοῦτο
523 4562 551 4616 ὃ
593 4553 990 4634 πρεσϐύτερος,
1035 4556 1125 4611 καιἰ
1170 4558 1485 4639 ταραχθεὶς,
1530 4559 1823 4637 ἀνήνεγκεν
1872 4566 1954 4639 τῷ
1988 4553 2187 4635 Πάλλ³
2218 4553 2490 4639 οἰμωγαῖς
2526 4560 2772 4635 βασάνων
2812 4555 3012 4617 πόνους
3062 4554 3390 4625 ἀνηκέστους
3443 4553 3703 4639 διαδεχο-

305 4640 625 4713 ἐπισκόπῳ.
670 4639 873 4696 Μαθὼν
920 4640 1084 4691 τοῦτο
1136 4638 1164 4690 6
1205 4636 1517 4707 ἐπίσκοπος,
1566 4636 1954 4715 συνεκρότησεν

303 4725 367 4779 τὸ
398 4723 700 4792 ἱερατεῖον·
754 4719 843 4773 καὶ
893 4718 1218 4786 ποιήσαντες
1264 4716 1536 4788 κληθῆναι
1584 4720 1674 4775 τὸν
1723 4722 1954 4800 ἀναγνώ-

305 4823 437 4871 στην
471 4796 788 4868 ἐϐασάνιζον
822 4798 921 4877 τὴν
954 4796 1205 4877 ὑπόθεσιν
1251 4800 1349 4851 τοῦ
1378 4797 1695 4873 πράγματος
1722 4844 1735 4857 .
1773 4796 1951 4877 Ἐρω-

301 4882 547 4955 τώμενος
596 4877 777 4934 τοίνυν
823 4878 850 4931 6
894 4875 1246 4951 ἀναγνώστης
1298 4877 1443 4948 παρά
1491 4882 1589 4932 τοῦ
1632 4875 1950 4954 ἐπισκόπον,

305 4961 417 5056 οὐχ
445 4958 724 5056 ὡμολόγει
749 4975 762 4989 ⁸
798 4956 996 5056 τὸυγὰρ
1044 4957 1120 5029 μή
1148 4957 1413 5056 ,πραζθέγ
1446 4959 1572 5056 παρ’
1616 4959 1784 5015 αὐτοῦ
1832 4970 1951 5056 πῶς

307 5040 382 5098 ἔνι
422 5043 513 5098 καὶ
546 5042 778 5117 ῥηθῆναι
808 5057 821 5108 ;
876 5039 1214 5118 Ἀγανακτῶν
1262 5037 1354 5091 οὖν
1384 5039 1412 5093 6
1444 5037 1764 5113 ἐπίσκοπος,
1815 5046 1953 5118 μετά

307 5112 736 5198 ἐμϐριθεστάτης
781 5123 964 5201 φωνῆς
994 5112 1173 5192 ἔλεγεν
1224 5116 1440 5201 τούτωο
1488 5120 1605 5196 Οὐχ
1656 5112 1953 5201 ὁμολογεῖς

308 5196 501 5259 σουήτὸ
532 5196 801 5274 πταῖσμα,
830 5199 919 5252 καὶ
955 5201 1255 5279 μετανοεῖς,
1285 5196 1436 5251 ἄθλιε
1475 5201 1562 5254 καί
1611 5196 1948 5279 ταλαίπωρε,

303 5285 396 5339 καὶ
455 5279 787 5354 ἀκαθαρσίας
845 5275 1265 5351 μεμεστωμένες
1325 5278 1679 5354 Ἀπεκρίνατο
1735 5284 1763 5337 6
1822 5275 1949 5339 ἀναῼ

302 5367 552 5442 γνώστης
582 5382 594 5396 ·
627 5361 770 5442 ³Εξγιῖυ
802 5355 1001 5442 δέομαί
1033 5376 1150 5426 σου,
1182 5356 1244 5442 τὸ
1274 5356 1332 5410 ’ὀν
1354 5358 1537 5442 εἶπον,
1570 5359 1653 5416 ὅτι
1685 5362 1738 5417 ἐν
1769 5367 1949 5439 τούτῳ

297 5436 524 5521 πρᾶγμα
551 5442 649 5498 οὐκ
677 5436 795 5515 ἔχω
820 5458 832 5471 ·
881 5436 1134 5521 ἀναίτιος
1174 5436 1274 5511 γᾶρ
1300 5436 1440 5521 ,εἶμι
1476 5442 1566 5494 καί
1602 5449 1701 5512 τῆς
1743 5436 1949 5510 ἐννοίας

293 5516 394 5591 τῆς
422 5516 560 5600 πρὸς
589 5522 822 5592 ἐκείνην.
867 5519 931 5577 Εἰ
965 5516 1245 5600 δὶ-θέλλετε
1289 5516 1515 5600 ἀκοῦσαι
1538 5520 1602 5576 τὸ
1635 5525 1710 5597 μή
1743 5525 1801 5579 ὃν
1852 5525 1947 5583 ἵνα

294 5596 477 5678 εἴπω,
515 5605 813 5679 πέπραχα.
871 5596 1043 5655 Τοῦτδ
1102 5597 1272 5653 αὐτοῦ
1330 5598 1637 5674 εἰρηκότος,
1695 5606 1941 5664 καθεῖλεν

294 5691 487 5744 τοῦτον
516 5691 617 5743 τοῦ
646 5684 1009 5760 ἀναγνώστου.
1038 5761 1052 5766 Δ
1070 5679 1219 5766 μετὰ
1268 5683 1427 5766 τοῦτο
1458 5687 1777 5757 προσπεσὼν
1805 5710 1947 5766 παρ-

295 5767 481 5826 εκάλει
527 5767 621 5823 τὸν
671 5763 991 5846 ἐπίσκοπον,
1038 5760 1214 5846 λέγων
1322 5760 1385 5846 El
1416 5763 1577 5846 τοῦτό
1622 5787 1705 5822 σοι
1747 5760 1945 5846 ἔδοξέν,

292 5849 455 5931 κύριε
483 5847 767 5920 ἐπίσκοπε,
794 5840 981 5914 ἐπειδὴ
1021 5840 1195 5915 εἶπον,
1242 5841 1371 5911 Ναὶ,
1420 5840 1662 5918 ἔπταισα,
1716 5840 1944 5928 εἷναίμέ

2409 4643 2421 4659 \

2067 4640 2263 4716 μένων,
2300 4634 2434 4714 μετὰ
2472 4634 2639 4695 ταῦτα
2683 4638 2856 4693 πάντα
2900 4641 3019 4698 ταῖς
3070 4641 3407 4716 προσευχαῖς
3457 4634 3553 4716 τοῦ
3583 4656 3701 4716 νεα-

2057 4714 2265 4793 νίσκου,
2296 4724 2330 4792 ἡ
2371 4724 2471 4790 τῆς
2501 4718 2897 4794 διεφθαρμένης
2950 4717 3041 4771 καί
3072 4714 3416 4789 ψευδηγόρου
3468 4714 3700 4787 ἀμείλι-

2056 4825 2183 4866 κτος
2210 4800 2407 4878 καρδία
2441 4807 2556 4863 τοῖς
2589 4798 2937 4861 ἀνυποίστοις
2987 4795 3198 4878 πόνοις,
3249 4796 3342 4850 καὶ
3373 4797 3408 4865 ἡ
3444 4794 3704 4878 ἐξομολό-

2056 4906 2219 4958 γησις
2250 4876 2566 4952 συνεξῆλθεν
2612 4884 2827 4957 γοεραῖς
2879 4881 3084 4958 φωναῖς
3139 4877 3359 4951 βοῶσα⁶
3413 4876 3582 4949 Οῖμοι
3629 4879 3698 4950 τῇ

2056 4956 2240 5036 ἀθλίᾳ,
2272 4961 2568 5019 κινδυνεύω
2597 4956 2894 5016 ἀπολέσθαι
2927 4956 3046 5011 δυσί
3089 4962 3278 5020 κακοῖς
3310 4960 3697 5032 περιπεσοῦσα,

2056 5047 2386 5123 συκοφαντίᾳ
2429 5044 2517 5097 καὶ
2566 5041 2825 5119 πορνείᾳ’
2879 5038 3140 5095 ἀπώλεσά
3200 5061 3303 5114 μου
3355 5042 3452 5110 τὴν
3503 5041 3697 5111 παρθε-

2053 5120 2212 5197 νίαν,
2249 5122 2573 5199 διχοστασίᾳ
2630 5120 2971 5195 παρεδόθην·
3035 5121 3137 5174 ὑπὸ
3194 5120 3380 5194 ἑτέρου
3420 5120 3697 5199 ,καταφθαι

2056 5213 2225 5283 ρεῖσα,
2280 5197 2377 5260 τοῦ
2438 5203 2781 5279 ἀναγνώστου
2829 5198 3217 5275 κατηγόρησα.
3269 5198 3592 5283 Ἀκούσασαι
3641 5197 3698 5252 δὲ

2052 5277 2219 5343 ταῦτα
2248 5284 2302 5339 αἱ
2354 5277 2607 5358 παρθένοι
2655 5285 2751 5336 τοῦ
2800 5278 3168 5353 μοναστηρίου
3210 5278 3289 5351 τῷ
3318 5279 3480 5354 πατρὶ
3506 5277 3700 5358 ἀὐτῆς

2054 5365 2399 5443 ἀπήγγειλαν
2433 5355 2513 5418 ’τὰ
2548 5362 2718 5417 πάντα
2743 5404 2757 5420 .
2797 5362 2855 5415 Ὀ
2908 5357 2964 5414 δὲ
3011 5362 3193 5435 πατὴρ
3240 5358 3409 5443 αύτῆς
3441 5355 3691 5433 αἰδούμε.

2051 5471 2138 5512 νος
2171 5440 2298 5508 τοὺς
2330 5448 2535 5507 πάντας
2567 5445 2640 5505 ὡς
2676 5445 2753 5517 μή
2801 5444 3245 5516 καταγνωσθῆναι
3277 5440 3361 5497 ἐπὶ
3416 5444 3483 5516 τῇ
3536 5462 3697 5498 συκο-

2051 5529 2265 5610 φαντίᾳ,
2305 5531 2421 5588 τοῖς
2472 5524 2781 5599 εἰρημένοις
2833 5522 2895 5576 οὐ
2947 5518 3257 5593 πιστεύσας,
3306 5520 3581 5597 ἡσύχασεν
3628 5524 3699 5579 τὰ

2051 5600 2190 5667 δλα.
2238 5610 2328 5671 Ὠς
2385 5606 2441 5663 δὲ
2472 5608 2507 5677 ἡ
2550 5604 2731 5661 δικαία
2778 5604 2957 5679 κρίσις
3008 5600 3284 5675 έφεστῶσα
3333 5606 3368 5674 ἡ
3402 5601 3697 5674 δικάζουσα

2051 5693 2119 5748 τά
2146 5690 2341 5761 πάντα,
2372 5687 2537 5745 πάλιν
2585 5684 2939 5756 ἐπαλλήλους
2969 5687 3037 5758 τῇ
3071 5683 3238 5757 ἀθλίᾳ
3264 5683 3437 5760 ταύτῃ
3488 5681 3692 5740 ἔτικτεν

2049 5770 2278 5834 ὠδῖνας·
2333 5768 2526 5826 λοιπὸν
2591 5770 2667 5843 μή
2719 5764 3022 5839 δυναμένης
3052 5767 3087 5837 ἢ
3123 5771 3280 5837 ζῆσαι
3317 5762 3353 5837 ἤ
3385 5766 3695 5821 ἀποθανεῖν’

2048 5852 2136 5911 καὶ
2167 5856 2267 5908 τοῦ
2296 5854 2519 5907 τοκετοῦ
2553 5851 2630 5926 μή
2663 5846 3032 5925 ἑκφυγούσης,
3079 5846 3348 5928 ἐπιφαίνει
3380 5848 3414 5916 ἡ
3447 5843 3627 5919 ἡμέρα
3656 5843 3688 5896 '1‘

4004 5470 4011 5487 I

4004 5502 4009 5527 I

4004 5602 4009 5627 I

4004 5634 4009 5703 ί

4003 5716 4007 5777 ἰ

4000 5782 4007 5813 ί
