4078 6212
415 313 571 372 1243
1939 307 2086 368 PAL

2209 308 2296 370 Dll
3671 304 3806 364 nu

412 440 728 518 ὀγδόη,καῖ
773 441 940 496 πάλιν
1001 443 1034 509 ἡ
1096 441 1308 511 ἐννάτη,
1369 436 1649 513 βαθυτάτῳ
1706 440 1884 511 σκότῳ
1941 441 2254 509 τῶνΛκαὶ
2312 439 2440 502 τοῦς
2500 436 2835 516 συκοφάντας
2894 436 3249 514 φανερούσης,
3314 436 3405 490 καὶ
3463 441 3583 497 τοῖς
3663 438 3820 511 ταύτῃ

417 531 670 600 ἀλήκτων
723 531 968 607 στρόφων
1020 529 1220 598 ταύτην
1274 527 1633 603 ἀμαυρῶσαι.
1683 531 1770 588 Ὠς
1822 527 1913 582 οῦν
1961 527 2061 582 οὐκ

420 616 602 697 ἔφερεν
643 621 678 688 ἡ
714 617 930 673 συνοδία
959 619 1056 681 τάς
1099 617 1340 690 μεγάλας
1379 616 1578 686 ταύτης
1627 616 1896 692 οἱμωγάς,
1930 613 2060 690 δρο-

431 713 589 780 μαῖαι
651 707 983 762 ἀπελθοῦσαι
1044 703 1435 780 ἀναγγέλλουσι
1487 709 1567 776 τῷ
1619 703 1920 776 ἐπισκόπῳ,
1978 702 2061 758 ὅτι

424 793 566 852 ἔστιν
596 797 787 866 ἐννάτη
817 799 1055 870 σήμερον
1078 795 1260 867 ἡμέρα
1290 794 1372 848 ὅτι
1407 796 1440 863 ἡ
1477 791 1620 849 δεῖνα
1649 791 2062 870 ἐξομολογεῖται

425 886 508 942 δτι
542 884 718 943 Τοῦδε
747 890 845 942 τοῦ
876 885 1222 960 ἀναγνώστου
1251 885 1600 955 κατεστάθην,
1633 885 1724 938 καὶ
1755 883 2064 952 ἀποκυῆσαι

421 976 524 1030 οὐκ
558 975 735 1051 ἰσχύω
760 995 772 1008 ·
809 974 1222 1052 ἐσυκοφάντησα
1256 974 1360 1048 γὰρ
1389 977 1579 1028 τοῦτον
1606 1018 1618 1031 .
1653 974 1709 1026 Ὀ
1741 971 1798 1027 δέ
1845 970 2064 1027 ἐπίσκο-

421 1087 522 1129 πος
551 1065 786 1128 ἀκούσας
827 1065 974 1139 παρά
1013 1068 1121 1118 τῶν
1161 1063 1438 1137 παρθένων
1481 1063 1652 1117 πάντα
1697 1063 1763 1118 τά
1811 1061 2064 1137 ῥηθέντα,

417 1157 621 1230 πέμπει
653 1157 790 1232 πρὸς
819 1156 911 1210 τὸν
959 1153 1313 1229 ἀναγνώστην
1365 1149 1459 1206 δύο
1510 1149 1813 1218 διακόνους,
1866 1149 2052 1222 δηλῶν

2174 534 2672 605 προσκαρτεροῦσιν
2708 527 2948 603 οὐρανῶν
2987 524 3264 600 βασιλείαν
3299 523 3688 601 δωρουμένης.

2737 626 2969 675 ΚΕΦΔΛ
2995 661 3008 673 .
3070 620 3219 674 PMB'
3241 660 3254 674 .

2777 711 2908 785 Περὶ
2942 703 3182 770 Σαλϐίας
3207 752 3218 764 .

2249 805 2377 859 Κατ’
2407 803 2582 859 ἐκεῖνο
2631 806 2826 876 καιροῦ
2877 796 3073 870 συνέϐη
3109 802 3219 875 ἅμα
3268 797 3476 855 ὁδεύειν
3529 801 3685 873 ἡμᾶς
3727 802 3827 855 ἀπὸ

2175 893 2372 956 Αἱλίας
2405 893 2495 948 ἐπὶ
2526 895 2625 963 τήν
2677 891 2974 968 Δί’γυπτον,
3028 889 3451 965 προπέμποντας
3505 893 3609 959 τήν
3665 912 3832 963 μακα-

2180 985 2295 1058 ρίαν
2357 978 2622 1053 Σαλϐίαν,
2690 983 2790 1050 τήν
2844 982 3109 1054 παρθένον
3165 985 3412 1057 γυναῖκα,
3474 976 3727 1054 ἀδελφὴν
3784 979 3832 1034 δέ

2176 1070 2470 1146 Ῥουφίνου
2503 1075 2598 1126 τοῦ
2629 1070 2734 1125 ἀπὸ
2765 1068 3022 1146 ἐπάρχων
3044 1111 3058 1124 .

2757 1163 2996 1217 ΚΕΦΔΛ
3021 1200 3032 1212 .
3078 1160 3224 1214 ΡΜΓ¹
3251 1199 3263 1214 .

423 1250 578 1320 αὐτῷ
613 1248 807 1317 πάντα,
855 1245 946 1301 καὶ
985 1243 1077 1298 ’ίνα
1125 1244 1339 1314 εὔξηται
1400 1243 1602 1304 ἐκεῖνος
1659 1244 1918 1318 ῥυσθῆναι
1965 1249 2066 1312 τῆς

423 1337 659 1414 ἀνάγκης
717 1338 816 1404 τὴν
875 1333 1227 1408 ταλαίπωρον
1283 1338 1544 1406 γυναῖκα.
1603 1335 1660 1386 Ὀ
1709 1329 1766 1386 δὲ
1823 1336 2067 1408 γενναῖος

428 1428 587 1488 οὗτος
615 1426 888 1487 νεανίσκος
923 1421 1050 1479 οὐδὲ
1089 1422 1373 1496 ἀπόκρισιν
1420 1422 1601 1483 αὐτοῖς
1645 1419 1892 1491 δέδωκεν,
1930 1418 2070 1494 μηδέ

424 1520 522 1587 τὴν
563 1519 725 1589 θύραν
781 1515 992 1585 ἀνοίξας
1019 1534 1031 1546 ·
1083 1511 1210 1568 ἀλλ’
1239 1512 1328 1591 ἀφ’
1358 1515 1422 1580 ῆς
1456 1513 1666 1586 ἡμέρας
1697 1512 1774 1574 εἷς
1805 1513 1904 1580 τήν
1949 1509 2071 1565 κέλ-

423 1607 522 1663 λαν
566 1605 838 1675 εἰσῆλθεν,
885 1606 976 1658 τὸν
1031 1604 1238 1672 συνήθη
1290 1602 1488 1656 καοόνα
1535 1609 1635 1671 τῆς
1681 1600 1928 1672 νηστείας
1979 1601 2070 1654 ἐκ-

423 1699 678 1774 πληρῶν,
705 1695 794 1750 καὶ
826 1699 942 1755 ταῖς
977 1692 1220 1764 δεήσεσιν
1249 1692 1505 1748 ἱκετεύων
1537 1694 1629 1748 τὸν
1679 1692 1805 1748 Θεόν
1833 1734 1848 1748 .
1898 1698 2071 1746 Κατα-

2761 1256 2802 1305 Π
2815 1251 2892 1324 ερὶ
2937 1243 3198 1304 Ἰουϐίνου
3227 1291 3240 1305 .

2250 1343 2341 1398 Ἐν
2377 1345 2460 1405 οἷς
2507 1343 2574 1411 ἦν
2625 1341 2716 1395 σῦν
2768 1342 2902 1413 ἡμῖν
2950 1339 3040 1394 καὶ
3083 1335 3349 1400 Ἰουϐῖνος
3397 1339 3525 1395 τότε
3574 1341 3673 1412 μέν
3721 1339 3829 1394 διά-

2181 1449 2368 1502 κονος,
2419 1432 2536 1486 νυνὶ
2593 1429 2650 1486 δὲ
2703 1429 2996 1491 ἐπίσκοπος
3044 1427 3280 1503 γεγονὼς
3329 1433 3435 1497 τῆς
3482 1429 3831 1488 Ἀσκάλωνος

2182 1519 2536 1590 Ἐκκλησίας,
2569 1519 2702 1592 ἀνὴρ
2735 1513 2975 1585 εὐλαϐὴς
3007 1516 3095 1571 καὶ
3128 1515 3461 1592 φιλόλογος.
3521 1514 3825 1593 Σφοδροτά-

2180 1631 2276 1664 του
2328 1609 2418 1665 οῦν
2453 1611 2730 1683 καύματος
2779 1603 3186 1667 καταλαϐόντος
3236 1609 3411 1680 ἡμᾶς,
3462 1610 3825 1676 καταντήσαν-

2180 1716 2274 1762 τας
2306 1700 2381 1762 εἷς
2433 1700 2494 1754 τὸ
2544 1698 2880 1769 Πηλούσιον,
2933 1695 3092 1772 ἔτυχε
3140 1697 3230 1750 τὸν
3289 1691 3558 1751 Ἰουϐῖνον
3601 1704 3832 1771 νιπτῆρα

425 1787 694 1863 καμφθεὶς
727 1782 782 1839 δὲ
813 1785 842 1838 δ
873 1785 1051 1858 πατὴρ
1083 1783 1218 1856 πρὸς
1251 1782 1430 1837 οἶκτον
1463 1789 1562 1852 τῆς
1592 1780 1732 1843 ῗδίας
1781 1781 2069 1856 θυγατρὸς,
2107 1820 2154 1885 Β
2185 1785 2423 1844 λαϐόντα
2452 1789 2706 1863 νίψασθαι
2737 1790 2832 1849 τὰς
2883 1794 3074 1863 χεῖρας
3120 1787 3211 1841 καὶ
3255 1788 3384 1847 τοὺς
3434 1783 3610 1847 πόδας
3643 1791 3832 1860 πυγμῇ

432 1877 606 1932 ἐλθὼν
635 1877 770 1949 πρὸς
801 1875 892 1928 τὸν
945 1873 1233 1929 ἐπίσκοπον
1285 1871 1477 1942 ἐδεήθη
1533 1871 1698 1927 αὐτοῦ
1745 1869 1952 1950 σφόδρα
2000 1869 2075 1923 εὐ.

437 1969 545 2042 χὴν
569 1967 770 2035 ταύτης
797 1962 1039 2038 γενέσθαι
1071 1963 1125 2016 ἐν
1155 1965 1222 2035 τῇ
1257 1960 1553 2033 Ἐκκλησία
1573 1982 1584 1994 ο
1640 1961 1730 2016 καὶ
1778 1959 2073 2036 γινομένης

440 2056 542 2110 ὑπὸ
575 2054 788 2109 πάντων
825 2058 1135 2126 προσευχῆς
1167 2051 1302 2126 πρὸς
1340 2052 1430 2105 τὸν
1483 2051 1778 2120 Δεσπότην,
1829 2046 1942 2104 οὐδ’
1979 2047 2076 2101 οῦ-

440 2167 546 2206 τως
578 2146 613 2214 ἡ
647 2141 808 2197 ἀθλία
838 2146 937 2207 τῆς
960 2140 1201 2214 ἀνάγκης
1225 2139 1508 2216 ἐλυτρώθη
1540 2183 1551 2196 .
1587 2140 1650 2194 Αἱ
1672 2141 1775 2214 γάρ
1800 2137 1957 2216 εὐχαὶ
1980 2140 2076 2192 τοῦ

443 2232 939 2314 συκοφαντηθέντος
979 2231 1322 2286 δυσωποῦσαι
1372 2237 1462 2286 τὸν
1515 2233 1812 2302 Δεσπότην,
1863 2229 2080 2284 ἀπετεί-

437 2347 597 2403 χισαν
629 2325 725 2386 τὰς
778 2325 984 2378 τούτων
1027 2324 1100 2395 μὴ
1154 2319 1562 2398 παραδεχθῆναι
1597 2364 1610 2378 .
1657 2319 1882 2378 Τούτων
1936 2316 2079 2372 οὕτω

437 2418 740 2496 γεγονότων
802 2416 1028 2476 ἀναστὰς
1083 2417 1110 2468 6
1169 2413 1461 2475 ἐπίσκοπος
1518 2412 1785 2488 ἐπορεύθη
1847 2412 1922 2471 εἷς
1980 2411 2078 2479 τὴν

439 2509 642 2564 κέλλαν
695 2509 750 2561 ἐν
813 2508 877 2576 ᾖν
926 2506 953 2558 6
1006 2505 1349 2577 ἀναγνώστης
1382 2526 1394 2539 ο
1457 2505 1545 2558 καὶ
1603 2504 1928 2578 κρούσαντος
1983 2502 2080 2567 τήν

446 2599 608 2672 θύραν
641 2597 741 2651 οὐκ
769 2595 962 2663 ἤθελεν
1011 2594 1221 2663 ἀνοῖξαι
1249 2635 1261 2647 .
1312 2595 1436 2648 Ἐπὶ
1466 2591 1608 2647 πολὺ
1643 2590 1698 2646 δέ
1729 2590 1823 2646 τοῦ
1871 2589 2086 2645 ἐπισκό-

447 2708 554 2742 που
586 2685 686 2756 ἔξω
716 2687 1083 2757 παρεστῶτος,
1116 2682 1361 2736 κάκείνου
1395 2679 1540 2736 ἔνδον
1589 2681 1766 2748 ὄντος,
1813 2677 2024 2733 κελεύει
2057 2677 2086 2730 6

447 2774 741 2834 ἐπίσκοπος
771 2771 870 2837 τὴν
903 2771 1067 2842 θύραν
1099 2767 1396 2842 ἐπαρθῆναι
1423 2812 1435 2824 .
1490 2767 1586 2822 Καὶ
1636 2765 1969 2824 εἰσελθόντες
2008 2765 2090 2817 εῦ-

451 2876 543 2938 ρυν
589 2864 679 2918 τὸν
729 2859 1012 2915 νεανίσκον
1075 2861 1144 2932 τῇ
1212 2861 1495 2932 προσευχῇ
1561 2858 2085 2934 προσκαρτεροῦντα,

446 2957 534 3010 ἐπὶ
583 2958 683 3009 τοῦ
736 2949 970 3030 ἐδάφους
1029 2949 1426 3025 ἐφαπλωμένον
1460 2970 1471 2983 ·
1521 2949 1610 3002 καὶ
1659 2945 1802 3002 πολὺ
1852 2965 2091 3019 παρακα-

449 3047 608 3109 λέσας
638 3051 826 3102 τοῦτον
861 3041 1096 3120 ἤγειρεν,
1150 3042 1361 3118 λέγων’
1415 3039 1641 3114 ’Δδελφέ
1683 3039 1941 3095 Εὐστάθιε
1973 3039 2093 3092 ἀνα-

453 3140 689 3216 γνώστα,
722 3137 1126 3215 φανερωθείσης
1159 3141 1258 3202 τῆς
1309 3133 1664 3212 συκοφαντίας
1689 3174 1702 3199 ,
1756 3133 1891 3185 Θεοῦ
1941 3127 2092 3182 οἷκο-

2185 1880 2537 1952 ψυχροτάτου
2570 1877 2725 1938 ὄντος
2753 1881 2854 1932 τοῦ
2899 1873 3114 1947 ὕδατος,
3162 1875 3252 1930 καὶ
3288 1877 3423 1948 μετά
3466 1877 3533 1929 τὸ
3586 1876 3834 1947 νίψασθαι

2187 1966 2512 2042 δερμοτύλῳ
2570 1965 3041 2021 ἐπαναπαύσασθαι
3102 1964 3305 2040 ῥιφέντι
3367 1966 3509 2019 κατά
3566 1969 3666 2019 τοῦ
3723 1963 3835 2018 661'-

2187 2078 2357 2134 φους.
2412 2058 2700 2110 Ἐπιστᾶσα
2745 2053 2801 2110 δὲ
2851 2056 3032 2127 τούτῳ
3062 2056 3096 2123 ἡ
3134 2059 3425 2128 μακαρῖτις
3475 2051 3713 2125 Σαλϐία,
3766 2055 3834 2114 ὡς

2192 2149 2376 2222 μήτηρ
2413 2148 2550 2220 σοφή
2584 2146 2704 2200 υἱοῦ
2733 2143 3019 2218 κηδομένη
3068 2144 3320 2218 γνησίου,
3372 2144 3701 2214 ἐπέσκηπτεν
3737 2145 3834 2198 αύ-

3700 2237 3835 2294 Πῶς

2192 2330 2405 2403 θαρσεῖς
2439 2347 2534 2380 σου
2565 2331 2643 2398 τῷ
2675 2327 2910 2399 σώματι,
2957 2324 3212 2394 τοιαύτην
3254 2324 3398 2398 ἄγων
3446 2326 3539 2392 τὴν
3588 2321 3828 2393 ἡλικίαν,

2190 2417 2277 2472 καὶ
2313 2416 2386 2471 ἔτι
2433 2415 2646 2485 ζέοντός
2680 2436 2774 2469 σου
2809 2418 2904 2469 τοῦ
2955 2412 3224 2487 α’ίματος;
3269 2414 3442 2474 οὕτως
3486 2435 3583 2468 σου
3615 2411 3835 2489 φιλοκα-

2193 2505 2307 2569 λεῖς
2337 2506 2397 2561 τὸ
2431 2505 2671 2580 σαρκίον,
2719 2506 2794 2568 ὡς
2829 2507 2904 2578 μὴ
2956 2504 3279 2576 αἰσθόμενος
3326 2508 3435 2558 τῶν
3469 2504 3519 2573 ἐξ
3551 2505 3726 2558 αὐτοῦ
3756 2523 3836 2556 σοι

2194 2598 2528 2670 τικτομένων
2565 2591 2887 2672 βλαϐερῶν,
2920 2597 3137 2670 Θάρσει,
3189 2593 3446 2671 λέγουσα,
3492 2595 3721 2664 τέκνον,
3764 2594 3839 2648 δτι

2197 2687 2484 2758 ἑξηκοστὸν
2531 2691 2623 2740 νῦν
2675 2684 2882 2760 ἄγουσα
2931 2683 3049 2747 ἔτος
3097 2690 3197 2754 τῆς
3253 2682 3478 2753 ἡλικίας
3541 2682 3697 2744 ἐκτὸς
3744 2687 3845 2736 τῶν

3561 2238 3588 2248 «ν

2187 2241 2283 2292 τοῦ
2313 2239 2382 2309 τῇ
2413 2233 2721 2305 ἀπαλότητι
2754 2239 2850 2289 τοῦ
2882 2235 3156 2307 σώματος,
3192 2233 3427 2310 λέγουσα
3463 2233 3600 2306 αὐτῷ
3632 2252 3647 2266 ·

2197 2778 2374 2851 ἄκρων
2422 2780 2644 2851 χειρῶν,
2703 2777 2792 2830 καὶ
2847 2775 2980 2830 αὐτὸ
3037 2771 3126 2829 διὰ
3184 2775 3505 2844 κοινωνίαν,
3570 2771 3668 2827 οὐκ
3726 2773 3845 2846 ὄψις

2200 2889 2304 2942 μου
2335 2869 2506 2941 ἥψατο
2539 2863 2750 2934 ὕδατος,
2785 2864 2846 2920 οὐ
2878 2868 3034 2934 ποῦς,
3070 2861 3188 2919 οὐδ’
3221 2863 3363 2919 ἄλλο
3396 2885 3447 2918 τι
3477 2870 3588 2918 τῶν
3643 2863 3844 2935 μελῶν,

2197 2957 2390 3031 καίπερ
2432 2954 2710 3030 διαφόροις
2739 2953 3040 3034 ληφθείσης
3075 2952 3430 3028 ἀρρωστίαις,
3465 2954 3560 3008 καὶ
3595 2953 3697 3008 ὑπὸ
3743 2956 3848 3007 τῶν

2204 3049 2402 3124 ἰατρῶν
2451 3047 2892 3123 ἀναγκαζομένης
2954 3047 3169 3118 λουτρῷ
3219 3046 3556 3123 χρήσασθαι,
3605 3044 3707 3098 οὐκ
3758 3043 3852 3111 ἠν-

2205 3138 2456 3216 εσχόμην
2487 3134 2784 3191 ἀποδοῦναι
2816 3139 2884 3208 τῇ
2916 3134 3072 3209 σαρκὶ
3104 3134 3164 3188 τὸ
3194 3129 3318 3195 ἔθος
3339 3154 3352 3165 ·
3396 3134 3498 3190 οὐκ
3527 3133 3618 3189 ἐπὶ
3663 3131 3851 3201 κλίνης

467 3193 478 3216 ,
677 3193 688 3207 ν
734 3193 744 3215 ι
858 3193 867 3210 ι
1083 3193 1093 3204 .
1114 3193 1124 3196 -
1215 3193 1253 3202 .-
1457 3193 1467 3212 ,
1654 3193 1658 3194 ν
1692 3193 1699 3199 ,
2210 3193 2220 3195 -
2348 3193 2358 3211 ι
2413 3193 2422 3208 ,
2861 3193 2884 3208 ν
2987 3193 2996 3209 ,
3307 3193 3314 3195 ,

454 3229 639 3301 νομίᾳ,
670 3231 777 3280 τῶν
827 3229 932 3278 σῶν
983 3223 1161 3298 εὐχῶν
1210 3221 1676 3289 εἶσακουσθεισῶν,
1723 3218 2095 3293 κατοικτειρή-
2124 3193 2166 3259 C
2206 3193 2560 3298 ἐκζθεύδησα’
2592 3227 2659 3281 οὐ
2692 3224 2954 3297 λεκτικίῳ
2982 3222 3195 3279 ὥδευσά
3224 3245 3331 3279 που
3358 3267 3372 3282 ⁸

458 3339 550 3378 σας
579 3319 679 3385 τὴν
713 3316 788 3378 εἰς
818 3315 875 3368 σέ
905 3317 1288 3385 ἡμαρτηκυῖαν
1322 3312 1466 3368 πολὺ
1515 3313 1944 3367 καταικισθεῖσαν
1973 3311 2094 3368 ταῖς

461 3406 673 3482 μάστιξι
703 3408 808 3459 τῶν
844 3402 1112 3476 βασάνων,
1164 3401 1329 3455 λῦσον
1378 3401 1470 3462 τάς
1504 3403 1770 3477 ἁμαρτίας
1798 3419 1811 3434 ⁸
1848 3404 1968 3461 ταῖς
1995 3399 2098 3473 γὰρ

456 3501 572 3555 σαῖς
608 3495 795 3567 εὐχαῖς
845 3493 1067 3544 τοιαῦτα
1104 3490 1305 3562 πάσχει
1333 3508 1345 3521 ⁸
1394 3489 1485 3543 καὶ
1535 3489 1648 3544 εἷπέ
1679 3490 1813 3564 πρὸς
1859 3488 1951 3542 τὸν
2003 3495 2100 3541 Δε-

462 3583 689 3650 σπότην,
715 3581 806 3634 ⁹ίνα
837 3579 1010 3645 αὐτὴν
1059 3575 1396 3652 ἐλευθερώσῃ
1445 3581 1540 3633 τοῦ
1578 3582 1800 3634 τοκετοῦ
1847 3585 1947 3647 τῆς
1977 3597 2101 3631 κοι-

465 3672 586 3732 λίας
614 3712 626 3723 .
659 3667 762 3722 Τοῦ
794 3666 850 3722 δέ
877 3663 1134 3740 ἀοιδίμου
1167 3667 1512 3743 ἀναγνώστου
1544 3670 1656 3742 ἅμα
1692 3673 1772 3738 τῷ
1819 3666 2101 3737 ἐπισκόπῳ

465 3762 688 3820 ἐκτενῶς
723 3755 1176 3833 προσευξαμένου,
1225 3764 1568 3832 παραχρῆμα
1598 3759 1632 3826 ἡ
1667 3756 1828 3812 ἀθλία
1875 3755 2102 3825 ἠλευθε-

467 3853 620 3928 ρώθη
654 3855 753 3918 τῆς
786 3847 1046 3922 ἀνάγκης,
1096 3846 1449 3918 ἀποκυήσασα
1497 3844 1734 3917 παιδίον,
1791 3845 2102 3900 ἱκετεύουσα

457 3942 586 4004 τοῦς
645 3941 847 4002 πάντας
899 3939 1160 4013 ἀφεθῆναι
1209 3938 1349 4010 αὐτῇ
1394 3939 1492 4006 τὴν
1542 3936 1766 4008 ἀνομίαν
1815 3940 1932 3996 ταῖς
1979 3955 2105 4008 πρε-

463 4029 670 4094 σϐείαις
695 4033 792 4085 τοῦ
835 4027 1045 4083 δικαίου
1073 4047 1084 4059 ’
1137 4028 1194 4081 ’ὸν
1236 4025 1428 4081 λοιπὸν
1483 4027 1533 4080 οἱ
1573 4027 1764 4089 πάντες
1813 4025 1961 4099 εἶχον
2011 4026 2101 4079 τὸν

463 4127 708 4200 γενναῖον
741 4118 794 4174 ἐν
843 4118 986 4188 τάξει
1035 4120 1142 4171 τῶν
1193 4116 1479 4191 μαρτύρων
1509 4157 1522 4171 .
1573 4116 1758 4185 Πάσης
1811 4115 1914 4190 γὰρ
1951 4115 2107 4188 μερί-

465 4234 606 4288 μνης
666 4209 852 4264 ἐαυτὸν
907 4205 1274 4283 ἐλευθερώσας
1333 4205 1409 4268 εἷς
1453 4203 1620 4280 ἄκραν
1669 4203 1947 4258 πολιτείαν
2005 4209 2104 4271 τῆς

461 4303 659 4375 ἀρετῆς
722 4296 972 4366 ἀνῆλθεν,
1034 4297 1110 4357 ὡς
1169 4296 1256 4351 καὶ
1315 4293 1657 4371 χαρίσματος
1740 4296 2106 4365 πνευματικοῦ

464 4392 656 4442 τοῦτον
704 4386 1035 4456 ἀξιωθῆναιο
1067 4389 1237 4438 Ταῦτα
1281 4381 1334 4437 δὲ
1384 4383 1713 4460 ἐγράψαμεν,
1763 4378 1857 4434 ⁹ίνα
1914 4377 2106 4454 μηδεὶς

470 4474 878 4550 συκοφαντήσας
935 4477 1211 4545 περιπαγῇ
1269 4477 1383 4532 τοῖς
1443 4471 1679 4534 δικτύοις
1737 4473 1834 4525 τοῦ
1882 4468 2107 4548 ἐχθροῦ,

2277 3315 2426 3386 Αὕτη
2463 3311 2776 3389 λογιωτάτη
2811 3314 3050 3390 γέγονεν,
3083 3309 3120 3382 ἤ
3151 3310 3241 3366 καί
3271 3313 3365 3367 τὸν
3401 3313 3547 3366 θεῖον
3580 3308 3750 3384 Λόγον
3771 3329 3856 3382 9-.-

2208 3406 2422 3476 λήσασα
2453 3405 2549 3464 τὰς
2597 3402 2790 3466 νύκτας
2831 3403 2906 3465 εἷς
2965 3401 3174 3476 ἡμέρας
3231 3398 3554 3475 ἀνέστρεψεν
3612 3397 3854 3474 δαψιλῶς

2207 3494 2380 3567 ἐλαίῳ
2439 3494 2636 3556 ταύτας
2690 3491 3145 3564 καταλάμπουσα,
3205 3495 3305 3546 πᾶν
3358 3490 3701 3565 σύγγραμμα
3749 3492 3850 3542 τῶν

2208 3583 2453 3660 ἀρχαίων
2486 3583 2982 3655 ὑπομνηματιστῶν
3021 3579 3304 3636 διελθοῦσα
3329 3599 3341 3611 ·
3388 3579 3439 3633 ἐν
3495 3581 3584 3639 οἷς
3641 3580 3857 3653 Ὠριγέ-

2209 3693 2328 3734 νους
2359 3668 2624 3746 μυριάδας
2655 3669 2965 3744 τριακοσίας
2992 3713 3006 3741 ,
3057 3668 3345 3744 Γρηγορίου
3375 3667 3461 3720 καί
3499 3665 3731 3740 Πιερίου
3768 3667 3861 3720 καὶ

2215 3761 2506 3842 Στεφάνου,
2554 3762 2644 3815 καὶ
2705 3759 3014 3829 Βασιλείου,
3074 3759 3163 3814 καὶ
3217 3757 3404 3833 ἐτέρων
3451 3759 3620 3810 τινῶν
3686 3776 3865 3810 σπου-

2214 3841 2512 3910 δαιοτάτων
2549 3849 2816 3926 μυριάδας
2847 3848 3016 3906 εῗκοσι
3067 3851 3260 3905 πέντε·
3310 3847 3417 3923 οὐχ
3461 3841 3684 3915 ἁπλῶς,
3736 3845 3859 3901 ούΞὶ

2216 3947 2290 4008 ὼς
2345 3938 2534 4018 ἔτυχεν
2587 3940 2939 4014 παρελθοῦσα
2997 3943 3192 4010 ταῦτα,
3248 3937 3391 3993 ἀλλά
3441 3939 3859 4010 πεπονημένως,

2212 4031 2435 4090 ἕκαστον
2473 4026 2691 4107 βιϐλίον
2722 4025 2960 4103 ἕϐδομον
2993 4030 3027 4097 ἤ
3061 4025 3258 4104 ὄγδοον
3293 4025 3593 4082 διελθοῦσα
3619 4046 3631 4057 ·
3667 4027 3762 4081 Διὸ
3783 4026 3862 4079 καί

2217 4122 2462 4194 ἡδτνήθη
2521 4116 2881 4194 ψευδωνύμου
2965 4119 3218 4192 γνώσεως
3271 4117 3695 4190 ἐλευθερωθεῖσα
3753 4134 3865 4168 πτε-

2225 4213 2464 4286 ρωθῆναι
2496 4212 2714 4281 πρῶτον
2773 4211 2841 4281 τῇ
2890 4207 3076 4282 χάριτι
3133 4210 3232 4262 τοῦ
3290 4208 3451 4274 Θεοῦ,
3502 4203 3615 4258 εἶτα
3662 4203 3754 4259 καὶ
3801 4206 3861 4274 τῇ

2221 4298 2447 4371 δυςάμει
2479 4300 2587 4351 τῶν
2622 4295 2823 4370 λογίων
2865 4300 2960 4350 τοῦ
2993 4294 3330 4368 Πνεύματος,
3382 4293 3563 4348 ἐλπίσι
3596 4295 3860 4366 χρησταῖς

2218 4391 2410 4458 ἑαυτὴν
2467 4387 2614 4463 δρνιν
2676 4388 3010 4462 ἐργασαμένη
3069 4387 3477 4459 πνευματίκῆν,
3530 4386 3618 4438 καί
3679 4381 3860 4436 διαπε-

2219 4481 2423 4553 ράσασα
2456 4478 2548 4533 τὸν
2577 4475 2778 4532 τούτου
2817 4480 2914 4531 τοῦ
2962 4478 3086 4550 βίου
3139 4475 3304 4555 ζόφον
3358 4474 3549 4542 ἀνέπτη
3591 4472 3725 4544 πρὸς
3773 4470 3863 4524 τὸν

468 4564 558 4618 καὶ
592 4561 800 4634 ἐμπέσῃ
837 4557 912 4620 εἷς
968 4555 1156 4620 ὀδύνας
1207 4559 1514 4635 ἀφορήτους
1562 4563 1698 4624 τέως
1746 4562 1846 4628 τῆς
1895 4560 2110 4634 σαρκὸς,
2147 4566 2188 4632 ι)
2221 4567 2472 4642 Χριστὸν,
2505 4567 2600 4627 τὰς
2641 4565 2937 4627 ἀθανάτους
2985 4560 3222 4638 ἀμοιϐὰς
3272 4565 3401 4637 παρ’
3449 4563 3598 4616 αὐτοῦ
3644 4556 3864 4626 ἀπολη-

469 4652 606 4708 καθά
633 4649 723 4704 καὶ
764 4650 798 4718 ἡ
834 4652 1206 4722 προγραφεῖσα
1236 4644 1569 4720 ψευδοτόκος
1596 4668 1608 4680 ·
1646 4650 1779 4722 μετά
1811 4646 1865 4702 δέ
1893 4649 1992 4716 την
2031 4645 2110 4701 ἐν·

468 4745 650 4798 τεῦθεν
683 4743 780 4795 τοῦ
811 4738 1066 4811 σώματος
1096 4735 1424 4809 ἀπαλλαγὴν
1456 4735 1781 4808 παραδοθεὶς
1830 4738 2108 4807 κολαστη-

465 4833 603 4909 ρίοις
636 4830 879 4890 αίωνίοις
924 4827 1012 4882 καὶ
1063 4826 1444 4897 ἀτελευτήτοις
1471 4868 1483 4883 .
1527 4830 1588 4883 Ὁ
1616 4826 1718 4902 γὰρ
1767 4831 2109 4902 συκοφαντῶν

467 4918 789 4996 παροργίζει
848 4919 943 4973 τὸν
1003 4918 1174 4974 Θεόν.
1233 4918 1289 4969 '0
1347 4914 1404 4971 δέ
1463 4914 1962 4992 συκοφαντούμενος
2018 4913 2107 4968 καὶ

469 5015 754 5090 ὑποφέρων
792 5005 1061 5081 εὐλαϐῶς,
1093 5010 1182 5064 καὶ
1215 5008 1405 5086 εὐχαῖς
1449 5008 1751 5083 ἐπιτρέπων
1804 5008 1902 5078 τὴν
1951 5004 2107 5084 φανέο

470 5124 660 5179 ρωσιν,
693 5101 974 5174 ἀναμένωο
1003 5101 1104 5170 την
1137 5097 1347 5153 δικαίαν
1380 5099 1558 5174 κρίσιν
1608 5103 1704 5154 τοῦ
1743 5102 1898 5167 Θεοῦ,
1929 5095 2106 5157 καθὼς

464 5196 554 5250 καὶ
616 5194 643 5247 6
698 5189 1015 5269 στεφανίτης
1066 5193 1160 5244 τοῦ
1213 5189 1626 5264 Χριστοῦὸκαὶ
1677 5187 1921 5261 ἐνταῦθα,
1975 5187 2108 5240 κατὰ

465 5285 662 5354 κράτος
715 5279 1009 5350 δοξασθεὶς,
1051 5277 1140 5332 καὶ
1190 5280 1297 5331 τῶν
1350 5275 1585 5331 αίωνίων
1646 5279 1914 5355 στεφάνων
1974 5295 2108 5330 κατ-

469 5369 715 5440 αξίωθείς
737 5412 750 5425 .
787 5370 1056 5440 Μάθωμεν
1090 5365 1180 5420 οῦν
1209 5361 1448 5438 ἀκριϐῶς
1471 5368 1569 5436 την
1595 5367 1864 5438 ἀήττητον
1887 5363 2109 5438 δύναμιν

469 5467 566 5527 τῆς
601 5459 767 5534 εὐχῆς
795 5466 895 5528 τῆς
940 5457 1028 5513 καὶ
1078 5456 1204 5518 τοῦς
1257 5454 1306 5510 ἐν
1358 5457 1532 5511 πίστει
1584 5459 1969 5532 στηριζούσης,
2019 5456 2107 5509 καὶ

469 5549 598 5610 τοὺς
632 5550 683 5603 ἐν
713 5551 1000 5624 ἁμαρτίαις
1033 5549 1316 5619 ἐλεούσης,
1348 5549 1438 5603 καὶ
1475 5555 1592 5614 τοῖς
1619 5552 1718 5618 τήν
1751 5551 1945 5626 ἀρετὴν
1977 5568 2108 5604 κατ-

473 5640 692 5712 ορθοῦσι
755 5639 1087 5711 βοηθούσης,
1136 5640 1225 5693 καὶ
1291 5641 1388 5708 τὴν
1444 5640 1616 5695 κτίσιν
1665 5645 1833 5696 πᾶσαν
1888 5639 2111 5714 κρατού-

470 5747 592 5798 σης,
622 5725 714 5779 καὶ
751 5724 846 5779 τὸν
895 5726 1112 5797 κτίστην
1155 5728 1368 5784 πάντων
1429 5729 1813 5803 δυσωπούσης,
1845 5731 1936 5786 καὶ
1980 5727 2110 5792 τοὺς

470 5815 874 5893 κατορθοῦντας
942 5814 1039 5880 τὴν
1100 5817 1322 5888 ἀρίστην
1399 5819 1678 5874 πολιτείαν
1740 5818 2106 5902 στεφανούσης

2217 4656 2426 4732 ψομένη
2454 4697 2467 4711 .

2781 4750 3011 4799 ΚΕΦΔΛ
3037 4785 3049 4799 .
3106 4746 3262 4800 PMA'
3287 4786 3304 4801 .

2754 4833 2883 4908 Περὶ
2926 4831 3301 4906 Ὀλυμπιάδος
3322 4877 3336 4890 .

2287 4923 2496 4995 Ταύτης
2525 4923 2641 4977 κατ’
2674 4921 2830 4996 ἴχνος
2883 4922 3140 4996 βαίνουσα
3186 4923 3275 4978 καὶ
3324 4922 3462 4977 κατά
3520 4924 3694 4974 πᾶσαν
3741 4917 3859 4990 ἀρε-

2214 5016 2312 5084 τὴν
2367 5019 2467 5083 τῆς
2513 5011 2696 5066 ἐνθέου
2745 5018 3115 5084 πνευματικῆς
3160 5011 3439 5072 πολιτείας
3488 5013 3524 5079 ἠ
3564 5025 3862 5082 σεμνοπρε-

2215 5122 2451 5171 πεστατη
2504 5099 2832 5174 Ὀλυμπιὰς,
2883 5101 2974 5156 καὶ
3027 5101 3459 5171 ζηλωτικωτάτη
3509 5105 3612 5168 τῆς
3661 5098 3739 5159 εἰς
3771 5095 3862 5150 ού-

2218 5191 2372 5265 ρανὸν
2434 5188 2702 5265 φερούσης
2763 5185 2911 5259 ὁδοῦ,
2973 5188 3026 5244 ἐν
3087 5193 3248 5244 πᾶσιν
3307 5187 3738 5257 ἀκολουθήσασα
3799 5185 3863 5253 τῇ

2215 5279 2409 5355 γνώμῃ
2440 5281 2548 5332 τῶν
2580 5276 2739 5331 θείων
2785 5281 3034 5352 Γραφῶν,
3067 5280 3307 5354 θυγάτηρ
3358 5280 3611 5353 γεγονυῖα
3642 5274 3703 5329 τὸ
3737 5271 3866 5327 nni

2217 5369 2388 5442 σάρκα
2427 5363 2699 5420 Σελεύκου
2747 5369 2844 5419 τοῦ
2893 5366 2998 5422 ἀπὸ
3046 5369 3328 5438 κομήτων,
3378 5363 3642 5435 ἀληθινὸν
3689 5359 3752 5416 δὲ
3783 5361 3865 5414 τέ-

2218 5478 2340 5512 κνον
2385 5459 2518 5510 Θεοῦ
2566 5454 2703 5510 κατά
2761 5453 3002 5530 Πνεῦμα,
3064 5457 3252 5532 ἐκγόνη
3316 5453 3373 5511 δέ
3434 5447 3726 5510 Δελαῦίου
3780 5452 3863 5504 τοῦ

2222 5546 2326 5600 ἀπὸ
2360 5544 2643 5619 ἐπάρχων,
2676 5543 2858 5622 νύμφη
2893 5542 2950 5599 δὲ
2980 5548 3118 5622 πρὸς
3165 5545 3357 5620 ὀλίγας
3405 5543 3617 5617 ἡμέρας
3671 5535 3864 5613 536;:-

2221 5637 2340 5693 δίου
2368 5641 2466 5692 τοῦ
2495 5636 2604 5691 ἀπὸ
2656 5634 2913 5712 ἐπάρχων
2962 5637 3178 5702 πόλεως
3230 5635 3682 5694 Κωνσταντίνουο
3731 5630 3859 5696 αὕτη

2222 5724 2280 5783 δὲ
2306 5729 2377 5801 τῇ
2412 5724 2666 5799 ἀληθείᾳ,
2697 5726 2832 5802 γυνὴ
2882 5725 3100 5792 οὐδενός
3124 5749 3137 5764 ·
3190 5730 3415 5806 Λέγεται
3446 5725 3550 5803 γὰρ
3607 5723 3861 5798 ἀμίαντος

2218 5809 2574 5890 κεκοιμῆσθαι
2633 5816 2894 5894 παρθένος
2954 5815 3185 5897 σύμϐιος
3245 5822 3504 5897 γεγονυῖα
3561 5817 3658 5870 τοῦ
3717 5809 3857 5866 θείου
