4078 6212
223 331 386 393 1245

1576 322 1949 388 HISTORIA
1995 311 2413 378 LAUSIACA.

3601 317 3629 374 1
3641 318 3755 376 246

213 465 591 522 nuntiarunt.
628 464 795 518 Pater
826 467 1019 518 autem
1069 463 1286 520 veritus
1337 481 1408 520 ne
1452 461 1938 520 condemnaretur
1968 453 2022 519 Α
2052 449 2166 514 nis,
2199 462 2324 518 quae
2356 448 2412 499 et
2442 442 2642 497 ﬁdeles
2687 443 3014 510 conﬁrmat,
3067 448 3124 498 ει
3175 449 3536 513 ρθοθᾶῑοτυῐῐ)
3577 450 3757 505 mise-

213 559 284 609 ut
315 552 722 618 calumniator,
745 568 879 608 cum
904 569 1015 608 non
1049 553 1352 609 adhiberet
1387 553 1561 609 ﬁdem
1584 551 1776 615 dictis,
1806 546 1936 602 silet

221 646 376 701 duos
408 643 554 699 dies.
591 642 819 698 Rursus
869 651 1056 698 autem
1111 643 1346 713 misera,
1396 661 1459 700 se
1502 642 1748 698 invicem
1779 635 1932 694 exci-

224 733 527 806 pientibus
557 732 783 787 acerbis
830 732 1219 789 afﬂictabatur
1268 734 1592 798 doloribus,
1639 747 1770 786 cum
1821 743 1933 783 non

229 823 728 897 possetdeinceps
752 821 835 876 vel
887 823 1074 878 vivere
1123 822 1206 878 vel
1264 823 1435 878 mori.
1486 824 1748 892 Cumque
1774 820 1829 874 id
1861 819 1938 873 ef-

227 915 402 986 fugit,
427 913 613 970 oritur
641 913 765 967 dies
796 920 1055 982 octavus,
1097 917 1154 968 et
1190 929 1394 968 rursus
1447 929 1659 977 nonus,
1711 908 1940 981 gravis-

226 1003 411 1061 simis~
449 1005 860 1075 perpetuarum
914 1001 1262 1073 vertiginum
1297 1002 1553 1058 tenebris
1585 1016 1710 1056 eam
1763 998 1942 1053 offus-

227 1099 450 1150 cantes.
487 1096 628 1148 Cum
671 1108 804 1162 ergo
851 1092 976 1162 ejus
1027 1108 1269 1164 magnos
1320 1091 1577 1162 ejulatus
1626 1106 1740 1145 non
1775 1089 1943 1144 ferret

229 1191 574 1248 conventus,
627 1181 749 1237 haec
795 1183 1012 1238 cursim
1063 1182 1406 1237 festinantes
1457 1181 1792 1237 renuntiant
1824 1178 1943 1249 epi-

228 1273 586 1344 scopo,jam
617 1286 745 1327 esse
787 1287 1005 1326 nonum
1059 1272 1209 1326 diem
1263 1287 1331 1326 ex
1375 1285 1487 1341 quo
1513 1269 1610 1324 illa
1641 1269 1948 1323 conﬁtetur

229 1382 298 1420 se
331 1378 637 1420 accusasse
667 1361 960 1432 lectorem,
998 1379 1100 1418 nec
1135 1378 1303 1434 posse
1334 1377 1553 1433 parere,
1585 1361 1732 1430 quod
1755 1359 1946 1429 ipsum

239 1456 323 1510 sit
352 1453 731 1510 calumniata.
776 1452 1099 1524 Episcopus
1131 1457 1323 1508 autem
1359 1467 1487 1507 cum
1526 1451 1645 1504 hzec
1669 1447 1952 1504 audiisset

240 1560 276 1598 a
307 1541 654 1614 virginibus.
703 1540 773 1595 ad
823 1540 1097 1596 lectorem
1151 1541 1331 1594 mittit
1380 1539 1525 1594 duos
1575 1537 1867 1604 diaconos,
1899 1535 1951 1589 ei

238 1631 442 1687 omnia
464 1629 826 1702 signiﬁcans,
849 1634 985 1686 etut
1004 1646 1104 1700 pro
1126 1630 1251 1701 ipsa
1278 1633 1488 1695 oraret,
1517 1627 1809 1682 utmisera
1832 1639 1954 1678 mu-

237 1721 352 1776 lier
379 1719 722 1775 liberaretur
770 1719 842 1772 ab
892 1718 963 1772 iis
1014 1717 1483 1772 necessitatibus.
1543 1713 1820 1787 Egregius
1852 1728 1953 1767 au-

2050 541 2228 603 retur,
2257 542 2312 590 et
2345 533 2524 589 ﬂectit
2554 551 2620 588 ac
2654 538 2839 588 movet
2873 534 3135 589 omnium
3184 541 3520 605 creatorem,
3573 544 3628 592 et
3660 555 3756 594 eos

2048 632 2280 683 coronat
2309 623 2407 694 qui
2447 640 2508 679 se
2558 640 2624 678 ex
2665 624 2876 678 virtute
2929 629 3082 680 recte
3130 631 3366 696 gerunt,
3418 631 3474 682 et
3521 629 3605 684 eis
3657 630 3756 700 qui

2049 716 2108 770 in
2140 731 2202 769 ea
2235 719 2632 786 perseverant,
2671 712 2915 784 largitur
2944 729 3188 783 regnum
3222 716 3522 772 cmlorum.

2663 802 2895 858 CAPUT
2937 803 3142 858 CXLII.

2482 894 2596 948 Vita
2625 901 2824 948 sancta
2864 893 3132 952 Silvaniae
3159 895 3331 967 (205).

2127 983 2228 1038 Illo
2263 988 2517 1052 tempore
2547 983 2791 1052 contigit
2821 987 2884 1036 ut
2915 999 3019 1038 nos
3042 985 3220 1039 simul
3244 987 3654 1058 navigaremus
3687 989 3758 1045 ab

2055 1072 2200 1128 [Elia
2230 1073 2287 1126 in
2317 1073 2650 1142 Egyptum,
2681 1072 3032 1126 deducentes
3063 1074 3285 1130 beatam
3316 1075 3629 1132 Silvaniam
3654 1079 3762 1134 vir-

2057 1162 2273 1235 ginem,
2306 1175 2560 1216 sororem
2595 1165 2791 1216 autem
2825 1160 3060 1226 Rufﬁni,
3083 1163 3180 1232 qui
3215 1163 3324 1218 fuit
3353 1182 3419 1219 ex
3454 1169 3761 1236 prmfectis.

2653 1248 2888 1304 CAPUT
2929 1249 3166 1306 CXLIII.

2653 1339 2724 1393 De
2761 1339 2964 1393 ,Ιαὺίηο
2993 1339 3164 1410 (206).

2132 1429 2286 1484 Inter
2315 1444 2459 1498 quos
2490 1433 2612 1482 erat
2633 1427 2808 1482 etiam
2843 1429 3149 1484 nobiscum
3184 1429 3453 1498 Jubinus,
3487 1437 3621 1488 tunc
3646 1435 3766 1504 qui.

2061 1519 2192 1572 dem
2227 1518 2526 1581 diaconus,
2563 1532 2717 1571 nunc
2748 1521 2939 1571 autem
2965 1517 3271 1586 episcopus
3305 1520 3559 1576 ecclesias
3596 1527 3768 1578 Asca-

2060 1609 2234 1672 lonis,
2265 1607 2352 1662 vir
2384 1607 2511 1677 pius
2543 1611 2599 1660 et
2639 1607 2926 1660 eruditus.
2985 1606 3128 1660 Cum
3156 1614 3348 1662 autem
3382 1609 3770 1668 vehementis-

2063 1697 2248 1752 simus
2281 1713 2384 1751 nos
2416 1700 2590 1750 aestus
2622 1695 2949 1762 invasisset,
2987 1699 3043 1749 et
3095 1680 3566 1766 pervenissemus
3598 1700 3770 1755 Pelu-

237 1814 361 1865 tem
389 1808 725 1863 adolescens
754 1822 943 1878 neque
977 1807 1060 1862 eis
1092 1807 1254 1862 dedit
1281 1783 1648 1877 responsum,
1687 1783 1792 1859 nec
1823 1816 1954 1872 ape-
1986 1832 2033 1896 Β
2065 1787 2242 1852 είυτην
2295 1785 2502 1896 δοοιίάίιί
2548 1792 2611 1896 '“l
2657 1783 2931 1896 δυξῖουεν
2954 1789 3229 1896 ,ξείξεξᾨίεξ
3265 1785 3434 1855 Ρθινίι
3491 1790 3665 1858 Pedes
3713 1795 3769 1845 0t

240 1899 358 1953 ruit
389 1898 644 1966 ostium;
678 1898 778 1952 sed
814 1915 845 1952 a
876 1912 991 1967 quo
1034 1896 1124 1951 die
1174 1896 1472 1966 ingressus
1515 1898 1598 1949 est
1631 1894 1688 1947 in
1725 1891 1954 1960 cellam,

244 2004 363 2042 non
421 1986 580 2055 exiit,
631 1985 883 2057 implens
934 1987 1275 2040 consuetam
1323 1984 1588 2054 regulam
1632 1982 1866 2052 jejunii,
1903 1985 1961 2034 et

245 2080 360 2133 Deo
393 2090 588 2148 preces
610 2076 876 2131 fundens.
911 2075 1120 2130 Flexus
1154 2079 1347 2129 autem
1384 2081 1563 2144 pater,
1600 2077 1655 2127 et
1687 2071 1817 2126 ﬁlize
1842 2087 1960 2126 suae

245 2167 544 2230 misertus,
576 2165 813 2221 veniens
848 2166 918 2218 ad
970 2164 1326 2234 episcopum,
1356 2180 1490 2218 eum
1540 2161 1706 2217 valde
1737 2159 1962 2232 rogavit

249 2264 311 2310 ut
346 2271 448 2327 pro
479 2271 546 2310 ea
594 2255 882 2309 orationes
933 2254 1138 2307 ﬁerent
1185 2254 1244 2308 in
1303 2252 1562 2308 ecclesia.
1599 2252 1664 2305 Et
1695 2266 1826 2305 cum
1864 2265 1964 2319 pro

249 2361 318 2401 ea
350 2360 550 2416 preces
592 2345 729 2398 fuste
761 2350 950 2397 essent
991 2343 1062 2396 ab
1113 2343 1388 2397 omnibus
1421 2342 1489 2396 ad
1528 2341 1858 2404 Dominum,
1893 2356 1964 2394 ne

250 2436 338 2491 sic
394 2434 626 2504 quidem
679 2434 892 2488 misera
930 2433 1175 2488 liberata
1217 2440 1300 2488 est
1332 2449 1364 2487 a
1414 2433 1772 2486 necessitate.
1829 2431 1963 2499 Ejus

245 2524 408 2580 enim
440 2523 540 2594 qui
574 2539 671 2594 per
703 2523 1052 2578 calumniam
1087 2523 1271 2579 fuerat
1314 2527 1642 2587 accusatus,
1675 2520 1962 2576 orationes

254 2614 570 2669 Dominum
631 2618 953 2681 monentes,
1022 2613 1316 2680 arcebant,
1379 2629 1450 2668 ne
1504 2629 1703 2669 eorum
1766 2628 1966 2684 preces

256 2702 723 2758 admitterentur.
759 2703 858 2758 His
891 2703 975 2758 sic
1007 2696 1207 2774 gestis,
1243 2718 1491 2773 surgens
1524 2703 1830 2773 episcopus
1864 2701 1967 2757 ivit

255 2794 324 2846 ad
360 2792 565 2849 cellam
588 2794 645 2847 in
661 2809 774 2864 qua
796 2798 920 2849 erat
938 2794 1118 2848 lector
1142 2811 1154 2861 ;
1180 2797 1387 2848 etcum
1416 2793 1707 2864 pulsasset
1729 2793 1967 2861 ostium,

248 2882 480 2937 nolebat
519 2883 567 2936 is
612 2884 888 2954 aspcrire.
925 2883 1066 2938 Cum
1102 2883 1198 2938 diu
1233 2887 1426 2937 autem
1454 2883 1592 2936 foris
1621 2881 1820 2935 fuisset
1852 2881 1971 2950 epi-

255 2987 488 3043 scopus,
525 2971 620 3026 ille
645 2977 837 3026 autem
862 2972 1041 3040 intus,
1062 2972 1231 3041 jubet
1256 2973 1564 3040 episcopus
1586 2969 1710 3024 tolli
1735 2969 1968 3024 ostium.

254 3061 324 3115 Et
353 3060 604 3131 ingressi
636 3061 988 3116 invenerunt
1010 3060 1433 3114 adolescentem
1463 3058 1520 3113 in
1553 3058 1811 3113 oratione
1844 3073 1973 3128 per-

258 3158 640 3216 severantem,
673 3155 730 3204 et
758 3150 917 3204 humi
968 3149 1466 3220 procumbentem.
1503 3150 1683 3212 Quem
1720 3146 1969 3202 multum

259 3257 473 3310 rogans
505 3240 833 3310 episcopus,
868 3239 918 3293 ei
951 3237 1130 3292 dicit:
1169 3240 1365 3292 Frater
1401 3236 1666 3291 Eustathi
1693 3237 1888 3302 lector,
1912 3235 1971 3291 in

261 3333 522 3398 apertum
558 3327 777 3397 prolata
807 3327 1095 3383 calumnia
1144 3326 1242 3381 Dei
1295 3325 1678 3396 providentia,
1712 3329 1768 3380 et
1797 3342 1978 3380 exau-

263 3417 399 3471 ditis
431 3417 547 3472 tuis
579 3417 966 3483 orationibus,
1003 3416 1276 3472 miserere
1299 3417 1425 3486 ejus
1452 3432 1582 3486 quae
1612 3416 1670 3469 in
1697 3420 1751 3470 te
1785 3430 1980 3485 pecca—

260 3506 364 3571 vit,
380 3523 510 3577 quaa
526 3511 944 3562 tormentorum
966 3498 1690 3577 ﬂagellisfuitexcruciata.
1708 3504 1979 3560 Miserere

264 3597 535 3668 deinceps
548 3596 788 3664 miserae,
805 3601 860 3650 et
873 3612 1118 3667 surgens
1133 3595 1290 3650 solve
1303 3595 1458 3666 quod
1475 3594 1688 3665 ligasti,
1710 3595 1980 3665 precibus

267 3685 422 3742 enim
455 3685 573 3741 tuis
605 3686 725 3741 hzec
758 3686 995 3756 patitur,
1019 3689 1074 3741 et
1101 3685 1193 3740 dic
1214 3685 1455 3740 Domino
1489 3688 1549 3739 ut
1572 3700 1696 3739 eam
1724 3684 1928 3738 liberet
1950 3701 1983 3739 a

271 3780 436 3848 partu
484 3779 720 3830 ventris.
773 3776 916 3831 Cum
967 3778 1158 3830 autem
1214 3773 1465 3844 inclytus
1530 3773 1708 3828 lector
1758 3773 1985 3828 intensc

274 3868 458 3920 oraret
488 3862 661 3918 simul
705 3881 838 3919 cum
885 3863 1180 3935 episcopo,
1226 3862 1424 3917 statim
1478 3861 1690 3917 misera
1741 3861 1987 3917 liberata

275 3958 365 4008 est
421 3971 451 4008 a
499 3953 865 4022 necessitate,
918 3953 1086 4008 enixa
1144 3952 1470 4018 infantem;
1527 3966 1738 4021 rogans
1783 3966 1986 4006 omnes

279 4048 342 4098 ut
415 4043 464 4099 ei
534 4043 928 4099 remitteretur
996 4043 1278 4113 iniquitas
1336 4042 1518 4112 ipsius
1583 4040 1733 4110 justi
1799 4040 1987 4095 inter-

279 4133 577 4189 cessione:
611 4138 666 4188 et
689 4133 856 4188 illum
889 4133 1182 4205 egregium
1219 4134 1396 4187 virum
1424 4129 1754 4185 habuerunt
1786 4147 1988 4186 omnes

278 4222 547 4293 deinceps
578 4222 702 4278 loco
735 4224 1029 4295 martyris.
1062 4223 1206 4277 Nam
1263 4238 1394 4277 cum
1443 4237 1504 4277 se
1535 4220 1809 4290 deinceps
1842 4219 1987 4276 libe-

280 4319 464 4369 rasset
494 4314 564 4368 ab
598 4315 757 4368 omni
804 4313 1219 4382 sollicitudine,
1273 4311 1531 4384 pervenit
1580 4311 1651 4366 ad
1687 4326 1987 4365 summum

280 4403 402 4458 vita:
434 4420 559 4473 quas
586 4419 654 4458 ex
676 4402 886 4459 virtute
918 4401 1126 4473 agitur,
1151 4402 1292 4458 adeo
1317 4400 1442 4455 utis
1463 4401 1535 4455 sit
1563 4399 1800 4470 dignius
1823 4399 1986 4455 babi-

278 4501 371 4546 tus
403 4491 652 4561 spiritali
687 4493 890 4562 gratia.
928 4491 1058 4548 Ilaec
1098 4495 1294 4546 autem
1337 4490 1699 4560 scripsimus,
1737 4505 1806 4544 ne
1857 4489 1990 4559 quis

2069 1891 2278 1929 manus
2314 1873 2522 1944 palmis
2546 1874 2762 1928 lavaret
2781 1890 2929 1943 aqua
2954 1873 3356 1943 frigidissima,
3380 1883 3430 1930 et
3456 1882 3769 1948 postquam

2070 1963 2328 2028 lavisset,
2362 1979 2539 2034 super
2588 1961 2913 2033 pelliculam
2949 1961 3112 2016 humi
3147 1967 3390 2019 stratam
3442 1967 3769 2036 requiesce-

2072 2057 2174 2107 ret.
2205 2054 2348 2106 Cum
2382 2056 2571 2107 autem
2607 2051 2705 2106 illa
2736 2051 2788 2106 id
2823 2051 3184 2118 advertisset,
3229 2057 3292 2107 ut
3325 2061 3507 2109 mater
3535 2055 3771 2127 sapiens

2071 2140 2334 2210 germani
2369 2140 2492 2208 ﬁlii,
2525 2140 2653 2209 ejus
2695 2141 3009 2210 increpavit
3041 2139 3361 2209 mollitiem,
3396 2143 3628 2199 dicens:
3664 2145 3773 2208 Qui

2073 2228 2131 2282 in
2165 2230 2429 2283 animum
2463 2229 2711 2293 inducis,
2745 2229 2902 2282 illam
2935 2244 3111 2299 agens
3139 2234 3386 2297 aetatem,
3420 2231 3640 2286 vivente
3673 2234 3772 2286 ad-

2074 2316 2186 2372 huc
2215 2326 2310 2372 tuo
2343 2319 2648 2386 sanguine,
2685 2333 2865 2388 usque
2897 2318 3038 2372 adeo
3070 2325 3230 2372 tuam
3273 2320 3459 2376 fovere
3491 2337 3775 2377 caruncu-

2073 2406 2212 2476 lam,
2246 2425 2359 2463 non
2392 2407 2649 2462 sentiens
2680 2409 2893 2462 damna
2923 2424 3049 2478 quae
3082 2424 3149 2463 ex
3181 2424 3245 2462 eo
3281 2409 3550 2464 oriuntur
3577 2411 3604 2465 (ε
3633 2412 3776 2467 Con-

2075 2498 2206 2567 ﬁde,
2239 2498 2495 2554 conﬁde:
2531 2513 2659 2553 ecce
2691 2514 2793 2566 ago
2826 2514 3046 2552 annum
3085 2498 3268 2553 aetatis
3316 2499 3774 2570 sexagesimum,

2075 2593 2278 2660 praeter
2333 2596 2589 2643 extrema
2649 2604 2927 2642 manuum
2995 2588 3142 2657 (207)
3217 2604 3478 2644 mearum
3534 2591 3612 2660 (et
3668 2589 3775 2645 hoc

2075 2682 2310 2750 propter
2342 2678 2841 2748 communionem)
2871 2692 2980 2730 non
3017 2693 3116 2746 pes
3143 2693 3301 2732 meus
3331 2695 3541 2749 aquam
3571 2680 3776 2752 tetigit,

2076 2783 2192 2823 non
2223 2767 2441 2831 vultus,
2477 2783 2662 2837 neque
2703 2765 2877 2820 ullum
2909 2782 2976 2819 ex
3029 2766 3301 2821 membris
3349 2768 3514 2834 meis,
3547 2769 3777 2825 etiamsi

2079 2872 2171 2912 me
2205 2857 2367 2911 varias
2399 2856 2716 2910 invaserint
2760 2854 3167 2924 aegritudines;
3203 2860 3259 2910 et
3291 2872 3421 2910 cum
3455 2874 3487 2911 a
3528 2858 3771 2914 medicis

2081 2961 2308 3009 cogerer
2342 2945 2417 2998 uti
2453 2944 2681 3008 balneo,
2713 2960 2825 2997 non
2857 2943 3057 2998 induxi
3091 2945 3147 2998 in
3178 2945 3437 3000 animum
3469 2949 3623 3001 carni
3660 2949 3784 3002 red-

2081 3035 2214 3089 dere
2263 3033 2544 3098 debitum,
2597 3048 2712 3086 non
2761 3031 2820 3086 in
2852 3031 2998 3086 lecto
3042 3033 3366 3102 quiescens,
3416 3051 3528 3090 non
3578 3036 3782 3092 lectica

2086 3140 2337 3195 usquam
2370 3128 2595 3193 gestata
2627 3123 2979 3192 ingrediens.

2003 3193 2053 3257 Ο
2157 3193 2284 3268 Haec
2316 3228 2445 3268 cum
2479 3215 2632 3268 esset
2664 3210 3018 3277 doctissima,
3054 3211 3372 3267 doctrinam
3407 3230 3604 3270 amore
3636 3231 3787 3270 com-

2085 3304 2269 3375 plexa,
2313 3307 2509 3358 noctes
2540 3301 2700 3355 uberi
2733 3300 2856 3356 oleo
2890 3318 2922 3355 a
2955 3317 3012 3355 se
3044 3299 3404 3358 illuminatas
3433 3304 3696 3359 mutabat
3729 3305 3786 3360 in

2085 3393 2227 3459 dies,
2261 3391 2455 3447 omnia
2485 3389 2857 3460 antiquorum
2882 3389 2982 3460 qui
3010 3390 3459 3446 commentarios
3481 3391 3790 3448 ediderunt

2086 3481 2303 3551 scripta
2345 3496 2711 3551 percurrens,
2761 3477 3023 3550 Origenis
3075 3479 3262 3534 tricies
3317 3489 3558 3536 centena
3610 3482 3791 3538 millia

2090 3587 2376 3635 versuum,
2437 3569 2697 3640 Gregorii
2754 3580 2805 3622 et
2855 3568 3154 3638 Stephani,
3205 3573 3262 3624 et
3310 3569 3478 3626 Pierii
3530 3571 3702 3642 (208),
3735 3576 3793 3628 et

2091 3662 2307 3728 Basilii,
2357 3665 2413 3716 et
2456 3660 2845 3731 quorumdam
2897 3657 3142 3714 aliorum
3196 3662 3523 3729 prasstantis
3565 3663 3793 3717 virtutis

2090 3753 2345 3805 virorum
2381 3749 2564 3804 millia
2594 3749 2842 3802 ducenta
2874 3753 2930 3802 et
2978 3747 3410 3820 quinquaginta
3442 3768 3555 3806 non
3599 3751 3796 3806 leviter

2094 3856 2199 3894 nec
2255 3843 2467 3893 temere
2525 3837 2642 3891 haec
2686 3852 3043 3907 percurrens,
3097 3838 3196 3891 sed
3242 3837 3529 3893 elaborate
3580 3839 3794 3909 septies

2094 3929 2180 3984 vel
2213 3929 2388 3984 octies
2407 3941 2892 3996 unumquemque
2912 3923 3127 3979 librum
3153 3925 3474 3996 perlegens,
3502 3934 3563 3981 ut
3582 3927 3793 3982 horum

2094 4019 2399 4073 verborum
2429 4016 2614 4087 gratia
2649 4016 2704 4070 in
2757 4015 2940 4070 altum
2994 4014 3334 4086 erigerctur,
3381 4032 3481 4086 spe
3514 4017 3664 4071 bona
3696 4032 3798 4072 se-

2094 4109 2284 4181 ipsam
2342 4123 2502 4162 avem
2545 4105 2804 4160 efficiens
2853 4104 3200 4174 spiritalem,
3258 4109 3315 4160 et
3363 4107 3432 4161 ad
3485 4106 3795 4161 Christum

2096 4198 2350 4265 evolans,
2395 4194 2755 4251 immortales
2804 4195 2874 4248 ab
2927 4194 3052 4264 ipso
3104 4198 3412 4264 acceptura
3455 4211 3799 4250 remunera-

2099 4290 2304 4343 tiones.

2695 4375 2928 4431 CAPUT
2966 4375 3205 4430 CXLIV.

2641 4467 2711 4521 De
2742 4465 3061 4537 Olympiade
3092 4466 3259 4536 (209).

283 4580 666 4636 calumniatus
695 4579 1040 4650 illaqueetur
1071 4580 1163 4635 bis
1217 4580 1436 4635 inimici
1472 4580 1714 4646 retibus,
1751 4584 1807 4633 et
1840 4578 1893 4631 in

2183 4559 2303 4626 Ejus
2334 4555 2575 4627 vestigia
2595 4561 2680 4609 est
2704 4560 2924 4622 secuta,
2948 4560 3005 4612 et
3025 4571 3259 4611 omnem
3286 4555 3560 4611 virtutem
3587 4554 3793 4610 divinae

285 4671 381 4724 dat
415 4671 470 4724 in
504 4669 732 4726 dolores
763 4669 953 4726 carnis
1003 4669 1420 4734 intolerabiles,
1469 4670 1619 4722 sicut
1672 4669 1788 4722 haec
1824 4667 1986 4737 prius

288 4757 500 4830 scripta
528 4763 612 4814 est
645 4759 786 4815 falsa
825 4759 1189 4825 accusatrix;
1226 4762 1537 4829 postquam
1575 4760 1766 4811 autem
1804 4773 1835 4809 a
1864 4772 1989 4810 cor-

290 4863 422 4918 pore
457 4849 628 4903 fuerit
678 4848 979 4914 liberatus,
1033 4849 1299 4902 tradatur
1343 4844 1570 4901 aeternis
1615 4843 1990 4898 intolerabili-

289 4937 398 4990 bus
433 4939 758 5004 tormentis,
812 4943 868 4992 et
912 4954 1035 5008 qua!
1106 4951 1416 5006 nunquam
1469 4934 1758 4990 desinent.
1811 4933 1992 4988 Deum

293 5028 444 5082 enim
519 5028 588 5082 ad
667 5029 810 5082 iram
892 5035 1159 5097 provocat
1241 5026 1289 5080 is
1368 5025 1463 5096 qui
1548 5024 1993 5079 calumniatur:

293 5118 388 5186 qui
478 5121 669 5172 autem
753 5132 850 5188 per
941 5115 1296 5170 calumniam
1395 5123 1723 5180 accusatur,
1825 5112 1996 5183 idque

292 5204 400 5260 fert
443 5207 536 5276 pio
580 5211 635 5262 et
682 5223 840 5277 aequo
890 5207 1104 5275 animo,
1155 5212 1211 5261 et
1261 5207 1386 5277 ejus
1437 5204 1495 5258 in
1546 5208 1815 5274 apertum
1860 5218 1997 5272 pro-

293 5295 568 5351 lationem
635 5296 921 5368 permittit
988 5294 1275 5366 precibus,
1355 5298 1698 5365 exspectans
1767 5293 1997 5361 justum

295 5383 728 5455 Deijudicium,
761 5386 908 5442 sicut
952 5385 1045 5442 hic
1094 5402 1126 5440 a
1176 5385 1403 5440 Christo
1451 5387 1810 5450 coronatus;
1843 5382 1892 5436 is
1923 5385 1998 5448 et,

297 5477 445 5548 quod
478 5477 603 5547 ejus
633 5477 789 5533 sileri
823 5479 1031 5550 potest,
1064 5474 1360 5541 laudatur,
1396 5480 1452 5531 et
1493 5474 1551 5529 in
1585 5473 1803 5528 honore
1829 5471 2004 5527 habe-

296 5569 408 5636 tur,
440 5571 495 5622 et
526 5572 802 5625 aeternam
834 5582 1109 5623 coronam
1143 5565 1537 5636 consequitur.
1579 5563 1886 5619 Discamus
1916 5578 2002 5617 er-

303 5672 362 5729 go
392 5657 698 5730 diligenter
728 5675 900 5730 quam
950 5658 1068 5714 sint
1113 5654 1535 5728 insuperabiles
1586 5654 1732 5711 vires
1780 5651 2003 5710 oratio-

2099 4647 2225 4701 vitas
2259 4645 2553 4717 spiritalis,
2585 4646 2642 4699 in
2678 4645 2880 4716 primis
2899 4645 3228 4700 veneranda
3260 4644 3574 4699 ethonesta
3604 4644 3804 4713 Olym-

2097 4737 2244 4808 pias,
2277 4740 2334 4790 et
2365 4752 2489 4806 qua:
2521 4735 2620 4789 vise
2648 4751 2769 4803 quae
2802 4735 2910 4788 fert
2956 4734 3014 4788 in
3065 4734 3273 4787 cmlum
3305 4748 3538 4786 summo
3573 4732 3689 4786 zelo
3721 4737 3806 4788 te-

2099 4829 2367 4892 nebatur,
2392 4825 2723 4880 divinarum
2755 4822 3183 4894 Scripturarum
3213 4822 3562 4878 sententiam
3600 4827 3802 4878 secuta

2102 4919 2157 4974 in
2190 4915 2476 4972 omnibus.
2516 4913 2642 4966 Fuit
2672 4917 2864 4967 autem
2913 4911 3236 4966 secundum
3270 4926 3504 4966 carnem
3556 4910 3673 4965 ﬁlia
3704 4910 3804 4966 Se-

2106 5005 2253 5062 leuci
2285 5004 2433 5075 (210)
2464 5018 2531 5056 ex
2561 5001 2894 5066 comitibus,
2927 5016 3058 5054 vera
3088 5007 3277 5054 autem
3313 5000 3410 5056 Dei
3437 5000 3562 5054 ﬁlia
3594 5015 3802 5055 secun-

2107 5095 2246 5149 dum
2279 5091 2586 5162 spiritum;
2623 5091 2812 5160 neptis
2835 5093 3030 5144 autem
3051 5088 3275 5144 Ablavii
3305 5089 3404 5159 qui
3429 5092 3552 5143 erat
3577 5103 3645 5142 ex
3670 5104 3808 5158 prae-

2109 5184 2293 5249 fectis,
2344 5180 2564 5251 aliquot
2617 5188 2810 5234 autem
2871 5178 2992 5234 dies
3047 5195 3259 5248 sponsa
3317 5179 3466 5249 (211)
3523 5178 3803 5244 Nebridii,

2110 5275 2207 5345 qui
2241 5272 2350 5328 fuit
2398 5286 2466 5325 ex
2521 5268 2807 5341 prtefectis
2856 5269 3016 5323 urbis
3067 5267 3638 5338 Constantinopolis;
3688 5268 3812 5338 ipsa

2110 5369 2301 5420 autem
2348 5377 2543 5416 revera
2591 5360 2696 5414 fuit
2728 5375 2870 5414 uxor
2915 5358 3156 5414 nullius.
3196 5357 3411 5412 Dicitur
3442 5360 3635 5412 autem
3673 5357 3808 5411 dor-

2113 5455 2288 5510 misse
2328 5451 2490 5523 virgo
2535 5450 2890 5521 incorrupta,
2942 5449 3141 5503 effecta
3173 5447 3351 5502 divini
3400 5446 3561 5502 verbi
3609 5447 3810 5501 convi-

2112 5545 2278 5610 ctrix,
2311 5542 2520 5613 conjux
2551 5545 2744 5596 autem
2777 5539 2960 5596 totius
2979 5554 3120 5594 verte
3156 5535 3522 5604 humilitatis,
3555 5551 3814 5592 commu-

2113 5638 2319 5696 nicans
2351 5641 2399 5688 et
2437 5631 2778 5688 ministrans
2827 5629 3101 5685 omnibus
3151 5627 3478 5699 egentibus.
3516 5626 3647 5698 Ipsa
3679 5641 3812 5682 cum
