4112 6210
376 288 526 348 1247

1954 282 2315 343 PALLADII

3743 284 3899 344 1248

370 409 576 449 omnes
607 393 740 449 illas
772 393 1033 449 inﬁnitas
1063 397 1120 450 et
1152 394 1470 448 immensas
1524 391 1899 464 dispersisset
1928 390 2075 447 divi-
2108 392 2161 457 Α
2194 383 2481 443 sententia
2514 382 2861 440 distributae.
2896 384 3027 440 Haec
3077 398 3212 455 ergo
3260 398 3377 439 non
3408 384 3659 456 amplius
3693 387 3766 444 de
3793 406 3899 445 ce-

371 483 503 550 tias,
534 482 797 538 absolute
830 489 884 537 et
914 482 1430 538 indiscriminatim
1454 497 1621 553 opem
1656 479 1871 537 ferebat
1896 478 2079 536 omni-

373 573 499 627 dus.
531 574 654 627 Non
687 573 844 627 enim
879 573 1044 638 urbs,
1078 589 1189 627 non
1221 589 1343 639 rus,
1399 587 1513 626 non
1559 570 1828 638 solitudo,
1862 569 2079 624 mansit

370 677 573 731 expers
608 660 971 731 largitionum
998 660 1173 730 hujus
1206 659 1430 731 inclytae
1461 658 1733 731 virginis:
1767 660 1867 713 sed
1899 662 1955 713 et
1983 673 2073 714 ec-

372 748 563 805 clesiis
595 749 989 819 suppeditavit
1019 752 1085 804 ad
1120 750 1359 804 donaria
1389 750 1660 819 deputata
1681 748 1987 814 sacrificio,
2021 749 2077 802 et

374 841 769 909 monasteriis,
804 844 858 895 et
889 841 1188 907 ccsnobiis,
1238 844 1294 896 et
1344 839 1756 911 xenotrophiis,
1792 842 1847 894 et
1878 842 2074 894 custo-

373 930 506 996 diis,
541 938 593 985 et
624 930 920 1001 relegatis;
950 936 1025 999 et,
1063 939 1121 985 ut
1160 929 1338 985 semel
1371 930 1578 995 dicam,
1624 931 1678 983 in
1709 945 1943 984 omnem
1975 944 2075 983 or—

371 1019 502 1074 hem
536 1024 702 1074 terra;
734 1020 1008 1091 dispersit
1041 1021 1456 1090 eleemosynas.
1481 1018 1611 1073 Haec
1644 1019 1809 1073 beata
1848 1034 2075 1089 proces-

369 1108 447 1164 sit
477 1125 663 1179 usque
691 1110 761 1163 ad
796 1114 1118 1163 extremum
1150 1110 1470 1163 terminum
1513 1107 1886 1176 humilitatis,
1922 1108 2073 1163 ultra

370 1212 537 1265 quem
572 1196 715 1250 nihil
756 1197 939 1266 possit
987 1196 1231 1251 inveniri
1285 1196 1562 1267 amplius.
1615 1196 1746 1251 Vita
1776 1197 1902 1251 sine
1950 1194 2073 1251 ulla

369 1284 529 1338 inani
561 1283 762 1355 gloria,
785 1285 1007 1354 species
1031 1301 1396 1355 nequaquam
1428 1286 1581 1351 ficta,
1617 1284 1829 1340 sinceri
1859 1300 2067 1352 mores,

371 1373 544 1429 facies
578 1390 689 1429 non
722 1375 932 1441 fucata,
959 1391 1171 1444 corpus
1194 1375 1429 1441 ﬂorens,
1456 1390 1622 1429 mens
1648 1384 1762 1428 nan
1794 1373 2069 1444 gloriosa,

368 1464 602 1518 animus
626 1464 696 1519 ab
729 1464 1063 1535 arrogantia
1094 1464 1338 1531 alienus,
1374 1480 1471 1519 cor
1502 1463 1745 1519 minime
1776 1463 2072 1518 turbulen-

366 1557 512 1617 tum,
569 1552 762 1607 somni
810 1566 1013 1623 expers
1060 1552 1274 1622 vigilia,
1331 1552 1571 1624 spiritus
1613 1568 1727 1609 non
1778 1551 2065 1620 curiosus,

365 1640 618 1696 charitas
636 1643 947 1712 immensa,
980 1659 1103 1713 quae
1128 1659 1252 1698 com
1266 1642 1538 1711 prehendi
1562 1660 1678 1698 non
1704 1646 1897 1715 potest
1918 1657 2070 1698 com-

362 1731 703 1799 municatio,
734 1732 863 1786 vilis
901 1737 957 1787 et
980 1737 1309 1803 contempta
1341 1733 1537 1799 vestis,
1589 1732 1822 1787 infinita
1884 1734 2069 1787 conti-
2097 1769 2143 1834 B

365 1820 582 1889 nentia,
618 1826 775 1877 recta
818 1820 1110 1892 cogitatio,
1166 1822 1223 1876 in
1268 1822 1445 1876 Deum
1493 1838 1626 1893 spes
1666 1824 1900 1889 aeterna,
1931 1838 2063 1876 cum

364 1909 730 1981 eleemosyna
779 1927 907 1981 quae
957 1928 1069 1966 non
1121 1914 1311 1982 potest
1363 1912 1607 1979 narrari,
1657 1914 2062 1966 ornamentum

362 2002 623 2055 omnium
676 2000 1012 2071 humilium,
1063 2000 1151 2056 cui
1206 2000 1402 2056 multa:
1453 2010 1585 2057 sunt
1633 2017 1885 2056 accensae
1934 2006 2062 2055 ten-

362 2090 607 2145 tationes
638 2106 705 2144 ex
732 2090 1066 2161 operatione
1094 2091 1217 2161 ejus
1248 2090 1346 2161 qui
1384 2094 1470 2145 est
1502 2106 1608 2145 sua
1639 2094 1843 2161 sponte
1877 2090 2063 2145 malus

364 2184 421 2233 et
469 2180 659 2234 omnis
698 2179 834 2235 boni
887 2196 1107 2250 expers,
1161 2187 1386 2250 nempe'
1415 2179 1736 2236 daemonis:
1788 2196 1918 2250 qua:
1958 2195 2061 2250 pro

361 2269 601 2325 veritate
656 2285 769 2325 non
830 2286 1005 2341 parva
1064 2270 1208 2324 adiit
1277 2271 1613 2332 certamina,
1668 2284 1789 2340 quae
1848 2274 1904 2325 et
1959 2270 2059 2324 diu

362 2359 582 2413 affatim
654 2359 793 2415 vixit
864 2359 921 2413 in
984 2360 1291 2414 immensis
1364 2359 1655 2429 lacrymis,
1732 2360 1891 2414 omni
1951 2359 2058 2414 hu-

360 2464 548 2503 manae
569 2453 791 2504 naturae
824 2450 1086 2518 subjecta
1108 2454 1340 2520 propter
1362 2449 1675 2504 Dominum
1703 2465 1716 2516 ;
1741 2466 1873 2503 cum
1898 2449 2058 2505 omni

358 2538 569 2605 pietate
592 2538 812 2593 sanctis
844 2538 1075 2592 subdita
1104 2539 1417 2609 cpismpis,
1449 2554 1731 2593 venerans
1766 2539 2056 2609 presbyte-

360 2630 569 2685 ratum.
621 2625 915 2680 honorans
968 2626 1208 2695 clerum,
1258 2642 1524 2681 reverens
1568 2626 2054 2693 exercitationem,

357 2715 684 2784 suscipiens
707 2716 1126 2785 virginitatem,
1150 2732 1316 2786 opem
1341 2717 1533 2772 ferens
1550 2716 1834 2783 viduitati,
1857 2732 2053 2772 curam

354 2820 561 2875 gerens
593 2804 873 2875 orbitatis,
908 2810 1219 2877 protegens
1260 2810 1638 2874 senectutem,
1692 2813 1934 2878 aegrotos
1967 2806 2056 2861 in-

355 2892 565 2961 visens,
607 2899 976 2966 peccatorum
1024 2896 1327 2964 misereris,
1378 2902 1631 2952 errantes
1681 2897 1739 2951 in
1766 2898 1917 2953 viam
1951 2897 2054 2953 de-

354 2980 595 3051 ducens,
630 2984 687 3038 in
712 3000 916 3040 omnes
951 2988 1120 3041 utens
1146 2984 1563 3051 misericordia,
1597 2985 1831 3056 profuse
1862 2990 2052 3041 autem

354 3072 409 3126 in
440 3088 742 3144 pauperes,
773 3074 1093 3145 multisque
1119 3074 1443 3129 infidelium
1485 3075 1542 3129 in
1566 3074 1853 3131 catechesi
1885 3074 2055 3130 insti-

351 3162 495 3217 tutis
528 3163 822 3233 uxoribus,
854 3164 1028 3219 etiam
1062 3165 1131 3218 ad
1165 3164 1381 3219 victum
1415 3165 1495 3218 eis
1526 3164 1718 3219 ferens
1752 3164 2051 3232 auxilium,

352 3267 582 3322 semper
613 3254 987 3308 memorabile
1020 3270 1230 3309 nomen
1276 3254 1645 3325 benignitatis
1694 3254 1924 3325 reliquit
1956 3270 2055 3325 per

353 3345 524 3396 totam
560 3343 763 3397 vitam.
800 3345 844 3396 A
876 3342 1151 3396 servitute
1200 3343 1259 3395 in
1292 3342 1615 3397 libertatem
1650 3342 2054 3397 innumerabi—

351 3432 487 3484 lium
521 3448 818 3487 servorum
854 3434 1160 3487 restituens
1206 3433 1494 3499 examina,
1536 3434 1787 3489 reddidit
1817 3451 1916 3490 eos
1947 3434 2053 3491 ho-

348 3536 485 3573 nore
532 3521 782 3589 aequales
813 3536 926 3575 suae
976 3520 1286 3587 nobilitati,
1319 3521 1405 3576 vel
1455 3522 1646 3592 potius
1677 3524 1749 3593 (si
1798 3539 1933 3581 vera
1961 3525 2051 3580 di-

350 3623 475 3661 cere
504 3612 784 3679 oporteat)
819 3610 953 3665 facti
994 3614 1131 3665 sunt
1179 3610 1357 3680 hujus
1402 3615 1609 3666 sanctae
1644 3612 1844 3669 habitu
1876 3615 2049 3670 nobi-

350 3694 544 3753 liores.
576 3695 769 3767 Neque
798 3700 951 3754 enim
987 3698 1115 3769 ejus
1164 3699 1529 3755 indumentis
1582 3701 1825 3757 inveniri
1864 3705 2047 3773 potuit

345 3786 664 3858 quidquam
688 3788 897 3857 vilius;
922 3805 1059 3844 nam
1094 3789 1165 3845 iis
1187 3791 1358 3845 etiam
1384 3789 1483 3862 qui
1502 3797 1635 3845 sunt
1654 3794 1861 3862 pannis
1882 3794 2046 3851 valde

345 3876 518 3933 obsiti
554 3878 790 3949 indigna
822 3884 982 3934 erant
1015 3879 1196 3949 hujus
1227 3884 1443 3934 sanctae
1474 3883 1831 3951 tegumenta.
1864 3883 2045 3938 Tanta

345 3973 540 4024 autem
568 3974 691 4024 erat
719 3972 847 4040 ejus
904 3972 1313 4038 mansuetudo,
1360 3979 1423 4025 ut
1470 3973 1641 4028 etiam
1674 3972 1841 4044 longe
1873 3990 2043 4047 supe-

342 4067 491 4114 raret
516 4058 949 4130 simplicitatem
974 4061 1229 4130 ipsorum
1256 4075 1592 4130 puerorum.
1626 4061 1795 4117 Nulla
1825 4063 2045 4135 vitupe-

342 4149 564 4203 ratione
597 4166 629 4204 a
681 4150 871 4204 vicino
920 4150 1154 4221 quidem
1208 4166 1462 4220 unquam
1504 4151 1733 4207 inventa
1772 4158 1860 4207 est
1887 4155 2041 4225 apud

342 4239 492 4295 hanc
520 4256 644 4309 quae
689 4240 977 4295 Christum
1027 4241 1327 4309 gestabat;
1382 4242 1481 4295 sed
1530 4243 1716 4297 omnis
1770 4243 1895 4312 ejus
1928 4244 2043 4298 vita

341 4345 455 4382 non
487 4326 695 4393 vitalis,
731 4332 855 4383 erat
882 4329 942 4383 in
973 4328 1331 4401 compuncti:
1358 4346 1429 4385 ne
1477 4337 1534 4386 et
1588 4331 1876 4400 frequenti
1908 4349 2037 4401 pro-

342 4416 512 4469 ﬂuvio
544 4415 955 4485 lacrymarum;
998 4422 1055 4471 et
1088 4417 1274 4488 potius
1308 4418 1499 4475 videre
1522 4418 1731 4473 licebat
1763 4420 1903 4474 fonti
1928 4438 2039 4478 tes-

2189 482 2309 533 tero
2344 491 2471 547 quae
2501 478 2642 530 sunt
2664 473 2856 530 carnis
2887 474 3137 545 sapiens,
3164 474 3429 544 subjecta
3450 475 3896 547 principatibus,

2186 566 2463 622 obediens
2486 565 2897 637 potestatibus,
2937 580 3218 619 venerans
3266 565 3762 637 presbyteratum,
3795 569 3895 624 ho-

2189 672 2403 712 norans
2437 656 2772 710 universum
2807 653 3049 714 clerum.
3074 655 3440 711 confessione
3464 672 3703 728 quoque
3727 658 3897 730 digna

2185 750 2277 800 est
2303 744 2503 800 habita
2534 760 2631 814 pro
2662 744 2922 809 veritate,
2960 744 3429 815 importunarum
3458 746 3894 802 recusationum

2185 834 2389 891 multis
2412 833 2660 904 acceptis
2694 832 2981 903 procellis.
3014 833 3190 903 Cujus
3209 834 3381 889 vitam
3415 835 3570 890 inter
3604 837 3896 893 confesso-

2184 942 2276 981 res
2302 924 2577 990 referunt,
2610 922 2944 995 quicunque
2995 922 3071 993 pii
3106 922 3377 979 habitant
3409 923 3894 998 Constantinopo-

2181 1013 2311 1081 lim,
2344 1018 2409 1068 ut
2440 1029 2565 1084 quae
2588 1011 2846 1083 proxime
2868 1016 3109 1066 matrem
3136 1012 3454 1082 periclitata
3477 1014 3557 1069 sit
3579 1014 3640 1069 in
3674 1015 3749 1070 iis
3772 1033 3894 1089 que

2183 1107 2322 1159 sunt
2352 1120 2420 1158 ex
2450 1103 2566 1157 Deo
2597 1100 3016 1157 certaminibus
3042 1115 3056 1167 ;
3089 1106 3146 1155 et
3174 1101 3232 1155 in
3265 1100 3357 1156 his
3400 1106 3637 1157 mortua
3668 1103 3891 1159 beatam

2182 1192 2404 1265 accepit
2435 1193 2698 1263 gloriam,
2729 1197 2785 1247 et
2816 1191 2871 1246 in
2904 1192 3130 1246 inﬁnito
3172 1192 3381 1246 saeculo
3423 1204 3703 1249 coronata
3735 1211 3892 1267 pom-

2182 1300 2314 1354 pam
2349 1285 2487 1355 agit,
2521 1281 2665 1337 nulli
2690 1281 2945 1336 interitui
2980 1280 3258 1337 obnoxias
3279 1297 3412 1337 cum
3442 1284 3665 1338 sanctis
3697 1290 3756 1339 et
3785 1285 3891 1341 sibi

2181 1373 2472 1429 similibus
2503 1373 2561 1428 in
2581 1374 3003 1444 sempiternum
3028 1372 3365 1429 mansiones
3386 1372 3691 1445 habitans,
3717 1383 3769 1431 et
3800 1377 3893 1432 bo-

2181 1478 2387 1519 norum
2430 1478 2665 1534 cperum
2694 1480 2726 1518 a
2757 1462 2989 1518 Christo
3020 1462 3269 1518 Domino
3303 1478 3438 1519 cum
3474 1462 3697 1519 fiducia
3744 1466 3892 1521 acci-

2179 1552 2344 1623 piens
2376 1551 2900 1608 renumerationes.

2789 1640 3020 1696 CAPUT
3061 1640 3271 1697 CXLV.

2838 1733 2911 1815 pe
2952 1732 3222 1789 Candida.

2246 1822 2381 1878 Post
2411 1820 2562 1877 hanc
2592 1821 2799 1893 aequali
2831 1837 3063 1892 quoque
3095 1824 3269 1878 modo
3302 1823 3360 1877 in
3391 1823 3640 1879 Domino
3666 1825 3877 1891 vivens,

2172 1912 2337 1967 beata
2366 1910 2645 1977 Candida,
2678 1910 2912 1980 Trajani
2946 1924 3089 1965 uxor
3139 1912 3402 1983 magistri
3435 1913 3718 1981 militum,
3751 1930 3878 1970 cum

2170 2007 2228 2057 et
2258 2002 2326 2057 ad
2381 2016 2676 2055 summam
2727 2001 3078 2070 pervenisset
3129 2001 3523 2073 honestatem,
3573 2010 3631 2060 et
3676 2006 3877 2061 rationi

2170 2093 2576 2148 convenienter
2632 2100 2896 2147 ornasset
2955 2095 3250 2161 ecclesias,
3306 2100 3364 2151 et
3413 2102 3681 2153 venerata
3729 2102 3879 2154 esset

2169 2185 2467 2254 episcopos
2518 2199 2622 2252 pro
2671 2183 2954 2253 dignitate
3002 2184 3217 2239 Christi
3272 2191 3789 2253 sacramentorum,
3822 2192 3878 2242 et

2169 2289 2403 2329 omnem
2435 2272 2650 2328 Christi
2691 2272 2913 2328 clerum
2960 2279 3156 2345 aperte
3206 2274 3571 2345 honorasset,
3619 2281 3678 2334 et
3705 2294 3874 2334 suam

2167 2361 2350 2417 ﬁliam
2382 2361 2737 2417 instituisset
2766 2362 2826 2417 in
2859 2367 3014 2418 sorte
3036 2363 3415 2434 virginitatis,
3445 2382 3575 2421 eam
3601 2367 3877 2437 praemisit

2167 2452 2235 2507 ad
2267 2450 2582 2518 Christum,
2617 2452 2835 2506 donum
2870 2468 3107 2507 suorum
3156 2454 3490 2509 viscerum:
3543 2464 3747 2527 postea
3779 2474 3874 2511 au-

2165 2544 2283 2596 tem
2316 2541 2444 2611 ipsa
2477 2555 2729 2610 quoque,
2765 2541 3142 2611 temperantia
3162 2546 3219 2597 et
3238 2544 3502 2599 castitate
3533 2548 3591 2599 et
3621 2545 3872 2614 pecunia:

2166 2629 2632 2698 dispersionihus
2664 2630 2845 2684 ﬁliam
2879 2646 3047 2685 suam
3090 2636 3181 2687 est
3212 2641 3543 2688 consecuta.
3578 2632 3747 2690 Hanc
3775 2650 3873 2704 ego

2163 2718 2281 2773 vidi
2310 2719 2604 2790 egregiam
2630 2719 2932 2775 mulierem
2958 2724 3078 2776 tota
3101 2726 3267 2778 nocte
3289 2722 3646 2777 laborantem
3670 2728 3730 2778 et
3754 2740 3876 2779 mo-

2165 2807 2407 2874 lentem,
2439 2813 2495 2863 et
2527 2808 2776 2880 propriis
2809 2809 3081 2865 manibus
3114 2809 3411 2866 facientem
3446 2826 3660 2881 panem
3704 2812 3880 2868 obla-

2164 2898 2362 2965 tionis,
2395 2899 2467 2953 ad
2504 2898 2654 2953 vires
2681 2900 2943 2971 corporis
2995 2900 3420 2971 deprimendas,
3452 2905 3508 2956 et
3536 2901 3876 2959 dicentem:

2164 2988 2307 3043 Cum
2342 3005 2455 3043 non
2481 2989 2736 3044 sufficiat
2759 2990 3076 3062 jejunium,
3107 2990 3259 3047 hanc
3282 2990 3333 3045 ei
3364 2991 3435 3047 do
3465 2992 3692 3048 sociam
3722 2994 3877 3051 labo-

2168 3079 2385 3134 riosam
2416 3078 2692 3150 vigiliam,
2721 3085 2790 3134 ut
2833 3079 2981 3136 Esau
3030 3081 3348 3138 dissolvam
3380 3098 3771 3156 enervemque
3800 3087 3876 3141 la-

2168 3168 2433 3223 sciviam.
2469 3168 2546 3223 Ea
2577 3168 2647 3223 ab
2678 3168 2752 3224 iis
2783 3185 2910 3240 quae
2944 3179 3081 3226 sunt
3110 3171 3395 3242 sanguine
3422 3173 3657 3244 praadita
3678 3179 3735 3230 et
3753 3176 3874 3230 ani-

2166 3267 2322 3315 mata
2353 3260 2593 3315 omnino
2626 3260 2952 3329 abstinuit;
2989 3260 3101 3317 nisi
3135 3263 3291 3333 quod
3325 3266 3596 3321 sumebat
3615 3267 3799 3336 pisces
3820 3274 3873 3323 et

2164 3348 2358 3404 oleum
2392 3353 2447 3403 et
2476 3349 2655 3419 olera,
2686 3350 2861 3421 idque
2892 3350 3085 3406 solum
3115 3351 3175 3405 in
3225 3352 3319 3408 die
3351 3354 3538 3409 festo:
3575 3356 3733 3411 omni
3767 3372 3873 3411 au-

2162 3442 2277 3492 tem
2312 3438 2422 3493 alio
2455 3447 2712 3511 tempore
2738 3444 3007 3496 contenta
3030 3447 3154 3498 erat
3174 3448 3445 3515 oxycrato
3469 3445 3626 3517 (212)
3657 3452 3713 3502 et
3734 3462 3872 3517 pane

2160 3527 2342 3582 arido.
2376 3528 2439 3582 In
2473 3528 2579 3584 hac
2609 3530 2735 3583 vitae
2782 3530 3117 3602 asperitate,
3164 3549 3299 3588 cum
3342 3534 3509 3591 beata
3542 3536 3737 3606 requie
3765 3536 3871 3592 ob-

2162 3615 2494 3672 dormiisset
2526 3616 2645 3673 haec
2694 3618 2907 3674 mulier
2951 3620 3189 3693 inclyta,
3242 3639 3397 3678 nunc
3447 3624 3661 3680 fruitur
3708 3626 3871 3681 bonis

2160 3706 2411 3772 aeternis,
2436 3724 2562 3778 quas
2594 3712 2735 3763 sunt
2755 3714 2953 3778 parata
2972 3709 3041 3765 iis
3062 3711 3161 3783 qui
3188 3711 3520 3769 dilexerunt
3541 3714 3723 3770 vitam
3748 3731 3870 3786 quae

2160 3812 2227 3852 ex
2258 3796 2467 3853 virtute
2498 3798 2709 3869 agitur.

2752 3889 2984 3945 CAPUT
3026 3890 3270 3949 CXLVI.

2744 3984 2821 4035 De
2851 3980 3071 4038 Gelasio
3099 3983 3272 4053 (213).

2226 4069 2657 4140 Consequenter
2700 4070 2821 4127 zelo
2862 4071 3039 4142 hujus
3086 4072 3250 4128 bona
3300 4074 3559 4143 feminae,
3608 4076 3867 4134 veritatis

2153 4157 2305 4213 viam
2339 4159 2602 4229 ingressa
2631 4163 2739 4227 est,
2772 4161 2862 4230 pie
2893 4163 3135 4218 trahens
3157 4164 3369 4235 jugum
3403 4164 3781 4237 virginitatis,
3810 4167 3866 4221 in

2152 4248 2361 4319 primis
2384 4249 2711 4304 veneranda
2734 4250 2985 4321 Gclasia,
3011 4252 3314 4323 cujusdam
3341 4254 3560 4310 tribuni
3587 4256 3731 4313 filia.
3758 4256 3866 4312 Ηαο

2142 4337 2245 4406 jus
2275 4337 2514 4408 Optimae
2539 4337 2662 4395 haec
2688 4339 2867 4395 fertur
2899 4340 3101 4411 virtus,
3136 4344 3291 4413 quod
3324 4343 3410 4400 sol
3444 4361 3751 4418 nunquam
3776 4363 3863 4402 oc-

2148 4424 2291 4480 cidit
2319 4443 2494 4499 super
2524 4428 2650 4497 ejus
2682 4428 2959 4498 dolorem,
2986 4447 3101 4487 non
3141 4433 3424 4490 adversus
3452 4451 3704 4506 servum,
3743 4453 3863 4492 non

339 4508 455 4559 tate
486 4520 592 4559 sua
609 4505 853 4561 deficere
885 4506 1124 4577 ﬂuenta,
1149 4524 1319 4577 quam
1342 4508 1521 4580 hujus
1543 4525 1656 4563 non
1681 4508 2038 4568 sublimibus
2071 4516 2114 4581 D
2149 4516 2424 4572 adversus
2456 4518 2751 4590 ancillam,
2784 4536 2898 4575 non
2933 4522 3207 4579 adversus
3230 4522 3477 4596 aliquem
3500 4524 3700 4579 alium.
3726 4526 3864 4581 Haec

337 4601 392 4651 et
420 4595 712 4652 Christum
749 4612 979 4669 semper
1010 4598 1339 4655 videntibus
1378 4598 1566 4655 oculis
1596 4599 1881 4672 lacrymas
1902 4602 2045 4657 defl-

336 4703 483 4742 cere.
517 4686 582 4741 Et
606 4686 747 4759 quid
782 4687 837 4741 in
872 4686 961 4742 his
994 4687 1319 4743 immoror?
1345 4690 1465 4753 Quo
1493 4687 1646 4743 enim
1673 4692 1855 4759 magis
1879 4708 2040 4748 meus

333 4777 661 4831 versabitur
691 4778 922 4832 animus
945 4777 1001 4831 in
1028 4778 1182 4833 durae
1206 4779 1390 4833 instar
1421 4776 1539 4832 saxi
1565 4777 1772 4832 animae
1804 4796 2040 4836 narran-

336 4866 422 4919 dis
452 4867 874 4922 certaminibus
905 4872 961 4921 et
990 4867 1327 4933 virtutibus,
1359 4883 1424 4922 eo
1459 4867 1645 4939 magis
1674 4868 2038 4926 invenientur

332 4955 503 5008 verba
533 4972 562 5008 a
606 4955 772 5010 factis
826 4956 1152 5011 remotiora.
1206 4954 1320 5011 Nec
1368 4972 1460 5011 me
1506 4956 1791 5013 existimet
1823 4957 2035 5029 aliquis

334 5044 452 5099 haec
514 5044 815 5116 splendide
863 5052 919 5102 et
970 5045 1273 5117 magniﬁce
1331 5045 1604 5117 colligere
1664 5047 1733 5102 de
1793 5047 1896 5103 hac
1948 5049 2031 5106 vel

331 5134 573 5189 maxime
603 5134 934 5206 impetibili,
954 5140 1009 5189 et
1039 5134 1369 5205 perquirere
1401 5135 1673 5206 reliquias
1695 5138 2033 5194 castissima:

330 5224 699 5295 Olympiadis,
735 5242 861 5296 quas
895 5229 1015 5279 tota
1048 5224 1149 5278 fuit
1192 5224 1505 5293 pretiosum
1558 5242 1655 5281 vas
1683 5228 1868 5282 sancti
1900 5228 2030 5299 Spi-

330 5314 474 5368 ritus
510 5332 523 5380 ;
557 5316 657 5371 sed
692 5314 785 5385 qui
818 5315 907 5369 his
947 5313 1130 5369 oculis
1160 5313 1407 5368 viderim
1441 5314 1620 5384 hujus
1653 5314 1828 5372 beata:
1852 5319 2027 5374 vitam

328 5406 384 5456 et
415 5405 735 5474 angelicam
769 5405 1218 5469 institutionem,
1269 5409 1331 5459 ut
1362 5405 1457 5475 qui
1511 5405 1717 5460 fuerim
1752 5406 2029 5476 spiritalis

329 5491 508 5561 hujus
531 5509 842 5563 germanus
873 5495 1121 5560 amicus,
1155 5498 1210 5548 et
1242 5495 1367 5563 ejus
1399 5495 1662 5566 cognatis
1694 5495 2025 5555 familiaris-

328 5583 537 5651 simus,
571 5582 715 5637 adeo
738 5590 797 5637 ut
830 5583 1023 5640 multae
1046 5584 1174 5655 ejus
1200 5584 1453 5657 pecuniae
1486 5586 1601 5640 sint
1629 5602 1659 5639 a
1694 5601 1784 5641 me
1810 5602 1875 5642 ex
1897 5589 2024 5659 ejus

2151 4604 2320 4660 beata
2349 4622 2483 4661 cum
2503 4606 2803 4678 effugisset
2830 4610 2981 4665 viam
3013 4627 3216 4668 eorum
3237 4614 3337 4685 qui
3358 4617 3489 4670 sunt
3508 4618 3759 4686 acceptas
3781 4616 3863 4671 in-

2140 4694 2311 4764 juriae
2345 4712 2655 4763 memores,
2687 4714 2808 4767 quae
2843 4698 2953 4755 fert
2975 4702 3045 4757 ad
3080 4708 3317 4760 mortem
3350 4709 3650 4773 aiternam,
3679 4705 3862 4760 evasit

2149 4784 2303 4839 hunc
2337 4785 2553 4842 malum
2587 4786 2805 4843 diaboli
2838 4789 3166 4859 stimulum,
3203 4808 3410 4865 nempe
3443 4794 3562 4850 odii
3592 4798 3651 4850 et
3682 4794 3858 4851 male-

2148 4875 2448 4945 volentiae;
2480 4882 2537 4933 et
2577 4894 2711 4933 cum
2744 4879 3099 4937 desideraret
3150 4893 3425 4940 aeternam
3475 4890 3855 4957 peccatorum

2147 4964 2575 5033 remissionem,
2611 4968 2837 5024 remisit
2886 4986 3061 5041 parva
3109 4974 3343 5041 delicta,
3374 4987 3435 5030 ut
3464 4974 3594 5045 ipsa
3628 4991 3856 5047 quoque

2145 5053 2422 5110 inveniret
2451 5057 2739 5127 majorum
2776 5060 3206 5119 remissionem.

2729 5148 2966 5205 CAPUT
3008 5150 3263 5210 CXLVII.

2728 5239 2801 5293 De
2830 5238 3064 5296 Iuliana
3094 5242 3264 5314 (214).

2212 5324 2481 5389 Quasdam
2518 5327 2756 5383 nomine
2774 5328 3033 5399 Juliana,
3064 5331 3224 5404 virgo
3252 5332 3310 5388 in
3342 5332 3603 5391 Caesarea
3636 5335 3853 5409 Cappa-

2138 5415 2335 5482 dociae,
2370 5415 2522 5471 dicta
2550 5421 2635 5473 est
2664 5434 2789 5474 esse
2819 5424 2875 5475 et
2895 5421 3239 5478 doctissima
3259 5427 3315 5479 et
3344 5424 3708 5489 fidelissima.
3734 5443 3852 5499 qua:

2138 5505 2443 5576 Origenem
2502 5509 2843 5580 scriptorem
2901 5510 3209 5582 fugientem
3250 5513 3561 5585 gentilium
3596 5517 3852 5574 insurre-

2137 5594 2386 5652 ctionem
2438 5599 2678 5671 excepit,
2726 5615 2860 5656 eum
2911 5602 3058 5658 duos
3108 5618 3293 5659 annos
3350 5604 3676 5681 occultans,
3734 5606 3850 5664 suis
