4112 6210
305 308 463 372 1249

1653 309 2017 373 HISTORIA
2066 310 2474 374 LAUSIACA.

3661 318 3815 380 1250

299 449 492 526 λόγου,
551 444 799 512 σύνευνος
850 444 908 503 δὲ
960 441 1139 518 πάσης
1184 443 1428 517 ἀληθοῦς
1458 447 1953 526 ταπεινοφροσύνης
1985 468 1998 484 ·
2032 449 2318 522 Αταύτης
2377 450 2498 525 βίον
2547 447 2639 506 καὶ
2688 448 2982 528 ἀγγελικὴν
3035 451 3342 524 πολιτείαν,
3400 455 3475 518 ὡς
3534 457 3625 512 ἅτε
3662 479 3821 513 πνευ-

294 539 561 602 κοινωνὸς
621 536 679 594 δὲ
727 539 818 594 καὶ
895 535 1150 600 διάκονος
1223 536 1439 592 πάντων
1512 543 1619 594 τῶν
1709 537 2003 614 δεομένων.

292 627 442 701 Αὕτη
502 629 679 684 πάντα
710 629 802 684 τὸν
849 627 1073 703 ἄπειρον
1123 626 1324 682 ἐκεῖνον
1375 627 1466 683 καὶ
1497 627 1802 704 ἀμέτρητον
1844 631 2006 687 πλοῦ-

292 740 388 775 τον
467 717 919 793 διασκορπίσασα,
985 723 1146 774 πᾶσιν
1234 717 1426 780 ἀπλῶς
1501 719 1591 774 καὶ
1673 717 2004 797 ἀδιακρίτως

297 808 614 884 ἐπήρκεσεν.
674 804 813 866 Οῦτε
876 807 979 884 γάρ
1037 808 1225 878 πόλις,
1289 808 1351 863 ού
1409 809 1588 884 χώρα,
1621 810 1722 864 οὐκ
1775 807 2004 887 ἔρημος,

299 901 364 954 οὐ
402 907 593 970 νῆσος,
644 899 744 956 ούκ
800 899 1031 974 ἐσχατιά
1085 898 1319 973 ἄμοιρος
1379 896 1584 972 ἔμεινεν
1645 905 1753 956 τῶν
1799 903 2005 973 ταύτης

300 986 596 1045 ἐπιδόσεων
639 992 741 1055 τῆς
781 987 1038 1062 ἀοιδίμου
1071 1005 1085 1020 ·
1136 986 1267 1044 ἀλλ’
1314 987 1609 1064 ἐπήρκεσεν
1655 989 1745 1044 καὶ
1803 990 2006 1062 ἐκκλη-

303 1079 444 1141 σίαις
503 1078 579 1142 εἰς
639 1078 946 1152 ἀναθέματα
1022 1077 1364 1154 ίερουργικά,
1421 1079 1512 1133 καὶ
1591 1083 2003 1156 μοναστηρίοις,

301 1169 392 1222 καὶ
449 1164 772 1239 κοινοῦίοις,
850 1169 941 1224 καὶ
1003 1167 1497 1244 πτωχοτροφείοις,
1563 1168 1654 1223 καὶ
1712 1169 2004 1248 φυλακαῖς,

303 1258 394 1311 καὶ
440 1262 558 1318 τοῖς
597 1255 650 1310 ἐν
697 1255 955 1330 ἐξορίαις,
1003 1255 1094 1311 καὶ
1144 1260 1316 1310 πᾶσαν
1369 1255 1559 1320 ἁπλῶς
1603 1259 1703 1326 τὴν
1757 1259 2006 1332 οἰκουμέ-

298 1366 395 1415 νην
437 1344 837 1417 κατασπείρασα
885 1349 1005 1406 ταῖς
1055 1341 1472 1417 ἐλεημοσύναις·
1537 1342 1678 1414 Αὕτη
1745 1347 1780 1414 ἡ
1835 1367 2003 1418 μακα-

299 1434 389 1509 ρία
447 1434 524 1496 εἰς
581 1434 674 1489 τὸν
731 1432 1032 1507 ἀκρότατον
1092 1433 1218 1507 ’ὀρον
1253 1431 1581 1503 ἐξεπήδησεν
1618 1439 1720 1500 τῆς
1763 1455 2007 1490 ταπεινο-

297 1525 593 1603 φροσύνης,
645 1524 722 1586 εἰς
781 1522 839 1578 δν
898 1523 996 1578 οὐκ
1032 1524 1099 1592 ἦν
1153 1522 1500 1602 ἐφευρεθῆναί
1547 1544 1600 1578 τι
1645 1525 1846 1579 πλέον·
1876 1525 2008 1580 ἀκε-

296 1612 520 1684 νόδοξος
581 1614 727 1687 βίος,
786 1612 1200 1688 ἀσχημάτιστον
1247 1611 1390 1676 εἶδος
1426 1632 1438 1646 ·
1482 1611 1758 1669 ἄπλαστον
1819 1615 1954 1684 ἦθος
1988 1635 2002 1650 ·

295 1701 725 1764 ἂκαλλώπιστος
779 1700 904 1776 ὄψις
935 1721 952 1737 ·
1013 1699 1180 1758 ἅϋλον
1237 1707 1398 1774 σῶμα
1436 1720 1452 1738 ·
1494 1703 1794 1776 ἀπέρπερος
1830 1707 1952 1765 νοῦς
1986 1723 2001 1738 ·

2121 540 2353 613 ματικὸν
2401 541 2624 613 γνήσιον
2677 540 2840 615 φίλον
2888 541 2979 597 καὶ
3029 547 3296 619 συγγενῶν
3343 544 3703 600 οἰκειότατον·
3745 548 3822 608 ὡς

2115 631 2206 683 καὶ
2254 627 2440 684 πολλὰ
2495 631 2631 685 κατά
2686 633 2916 706 γνώμην
2983 637 3092 688 τῶν
3149 633 3352 703 ταύτης
3401 632 3816 709 διανεμηθῆναι.

2116 719 2435 792 Χρημάτων
2465 719 2600 790 αὕτη
2631 721 2812 776 τοίνυν
2843 725 2878 792 ἡ
2931 725 3128 796 μηκέτι
3181 721 3377 779 λοιπὸν
3424 726 3491 780 τά
3538 732 3639 794 τῆς
3688 747 3819 802 σαρ-

2114 809 2210 870 κὸς
2293 814 2588 886 φρονοῦσα,
2705 811 3112 886 ὑποταττομένη
3201 815 3431 890 ἀρχαῖς,
3530 815 3820 873 ὑπείκουσα

2114 896 2395 968 ἐξουσίαις,
2497 900 3045 975 ὑποκατακλινομένη
3157 902 3474 968 ἐπισκόποις
3525 923 3540 938 ·
3629 927 3823 980 σεμνο-

2115 985 2356 1061 λογοῦσα
2384 989 2446 1043 τὸ
2496 986 2911 1064 πρεσϐύτέριον,
2940 993 3159 1064 τιμῶσα
3197 994 3287 1048 τὸν
3335 991 3546 1067 κλῆρον
3596 994 3818 1066 ἅπαντα,

2113 1077 2202 1130 καὶ
2247 1078 2554 1154 ὁμολογίας
2600 1081 2912 1150 κατηξιώθη
2969 1082 3099 1155 ὑπὲρ
3146 1085 3245 1150 τῆς
3294 1081 3574 1153 ἀληθείας,
3606 1083 3823 1149 πολλὰς

2116 1164 2376 1240 δεξαμένη
2436 1167 2662 1245 νιφάδας
2711 1170 2948 1242 ἀκαίρων
3007 1179 3378 1246 κατηγοριῶν.
3431 1177 3528 1235 Ἦς
3565 1175 3658 1229 τὸν
3703 1175 3820 1250 βίον

2115 1253 2168 1309 ἐν
2227 1254 2662 1330 ὁμολογητρίαιι,
2722 1258 3026 1332 κρίνουσιν,
3086 1259 3208 1312 ὅσοι
3263 1265 3371 1315 τῶν
3436 1257 3667 1316 εὐσεϐῶν
3724 1263 3823 1330 τήν

2117 1345 2686 1402 Κωνσταντινούπολιν
2753 1347 3010 1402 οἰκοῦσι·
3063 1348 3185 1418 ἥτις
3251 1351 3319 1404 τά
3386 1351 3619 1405 θανάτου
3687 1348 3823 1404 ἐκιν·

2115 1430 2362 1488 δύνευσεν
2425 1440 2541 1496 τοῖς
2608 1435 2744 1490 κατά
2809 1437 2934 1491 Θεὸν
3001 1436 3206 1512 ἀγῶσιν
3251 1457 3266 1471 ·
3337 1439 3428 1493 καὶ
3488 1438 3540 1492 ἐν
3601 1439 3819 1502 τούτοις

2113 1523 2505 1595 τελευτήσασα,
2561 1526 2625 1580 τὸ
2683 1528 2949 1601 μακάριον
3001 1524 3174 1600 ἤρατο
3241 1529 3404 1590 κλέος
3472 1528 3522 1582 ἐν
3576 1535 3657 1601 τῷ
3688 1530 3822 1585 ἀπε-

2118 1613 2291 1689 ράντῳ
2349 1611 2506 1667 αἰῶνι
2587 1619 3067 1691 στεφανηφοροῦσα
3146 1616 3240 1670 καὶ
3322 1615 3652 1692 χορεύουσα,
3726 1619 3820 1681 τάς

2117 1703 2423 1778 ἀκηράτους
2495 1704 2664 1775 μονάς
2732 1704 2868 1777 μετά
2943 1704 3098 1760 θείων
3168 1709 3361 1781 ψυχῶν
3435 1707 3521 1760 καὶ
3611 1708 3818 1780 ὁμοίων

296 1790 500 1871 ἄτυφος
567 1792 765 1867 γνώμη
810 1808 824 1823 ·
885 1791 1184 1865 ἀτάρακτος
1255 1789 1494 1867 καρδία·
1571 1789 1776 1858 ἄϋπνος
1848 1793 2007 1868 ἀγρυ-
2040 1832 2087 1898 Β
2119 1791 2282 1866 ἑαυτῇ
2341 1791 2418 1854 εἷς
2475 1792 2557 1847 ἀεὶ
2621 1797 2969 1863 κατοικοῦσα,
3023 1795 3112 1849 καὶ
3168 1799 3275 1849 τῶν
3353 1794 3564 1870 ἀγαθῶν
3649 1790 3819 1871 ἔργων

297 1883 429 1937 πνία
462 1901 476 1917 ·
530 1882 849 1958 ἀπερίεργον
895 1887 1108 1956 πνεῦμα
1139 1901 1156 1916 ⁸
1225 1882 1533 1958 ἀμέτρητος
1585 1883 1770 1958 ἀγάπη
1806 1901 1824 1917 ⁶
1884 1885 2006 1938 ἀκα⁸

295 1968 582 2040 τάληπτος
633 1971 931 2026 κοινωνία·
991 1970 1468 2049 εὐκαταφρόνητος
1541 1968 1702 2041 ἐσθής
1736 1990 1750 2004 ο
1812 1969 2006 2046 ἐγκρά-

295 2077 416 2112 τεια
471 2056 704 2132 ἄμετρος
739 2077 754 2093 ·
816 2058 1050 2129 εὐθύτης
1110 2056 1349 2120 διανοίας
1408 2058 1484 2120 εἰς
1549 2059 1722 2114 Θεόν·
1786 2055 2003 2121 ἐλπίδες

295 2145 505 2202 ἀένναοι
537 2165 551 2180 ο
605 2147 974 2219 ἐλεημοσύναι
1033 2145 1420 2224 ἀνεκδιήγητοι
1470 2165 1487 2182 ⁵
1544 2149 1760 2202 πάντων
1817 2169 2003 2202 ταπει-

293 2241 398 2290 νῶν
455 2236 892 2311 ἐγκαλλώπισμα
942 2255 958 2271 ·
1037 2235 1284 2297 πολλοὺς
1345 2238 1681 2310 πειρασμοὺς
1747 2236 2002 2308 ἐξαντλή-

294 2347 429 2381 σασα
494 2326 544 2396 ἐξ
603 2327 873 2402 ἐνεργείας
937 2330 1033 2381 τοῦ
1100 2324 1432 2381 ἐθελοκάκου
1472 2327 1562 2381 καὶ
1609 2325 2001 2400 ἀπειροκάλου.

293 2417 374 2472 Ού
467 2415 693 2488 μικροὺς
771 2415 980 2489 ἀγῶνας
1065 2413 1448 2489 ἀγωνισαμένη
1539 2414 1670 2489 ὑπὲρ
1743 2413 2001 2484 ἀληθείας

292 2508 470 2559 Θεοῦ·
531 2503 792 2578 ἀμέτροις
860 2501 1116 2578 δακρύοις
1180 2503 1394 2580 νύκτωρ
1450 2503 1540 2559 καὶ
1597 2506 1709 2577 μεθ’
1789 2505 1998 2577 ἡμέραν

293 2588 556 2651 ἀνενδεῶς
626 2587 982 2662 συμϐιώσασα
1029 2610 1044 2625 ·
1123 2591 1536 2666 δποταττομένη
1616 2597 1761 2666 πάσῃ
1846 2613 2001 2668 φοσει

295 2679 613 2754 ἀνθρωπίνῃ
666 2676 755 2734 διὰ
809 2681 902 2735 τὸν
973 2680 1215 2755 Κύριον·
1292 2682 1426 2754 μετά
1487 2686 1659 2751 πάσης
1717 2676 2000 2744 εὐλαϐείας

297 2766 704 2841 ὐποκλινομένη
763 2774 880 2831 τοῖς
937 2767 1255 2832 ἐπισκόποις
1312 2775 1430 2832 τοῖς
1489 2771 1662 2846 ἁγίοις
1704 2790 1715 2803 ·
1768 2766 2001 2826 σέϐουσα

293 2857 358 2913 τὸ
407 2853 828 2934 πρεσϐυτέριον·
878 2863 1096 2931 τιμῶσα
1150 2861 1241 2915 τὸν
1286 2859 1516 2934 κλῆρον.
1555 2857 1864 2934 Αἰδουμένη
1897 2881 1998 2927 την

296 2943 524 3019 ἄσκησιν
583 2945 968 3023 ἀποδεχομένη
1019 2948 1306 3024 παρθενίαν
1338 2969 1351 2983 ·
1411 2948 1615 3026 χηρείᾳ
1643 2948 1951 3022 ἐπαρκοῦσα
1981 2967 1998 2983 ·

298 3036 554 3114 ὀρφανίαν
640 3036 1050 3115 ἄνατρεφομένη
1099 3059 1112 3072 ·
1214 3040 1400 3114 γήρως
1495 3038 1932 3113 ὑπερασπίζουσα
1980 3059 1994 3074 ·

293 3127 648 3188 ἀσθενοῦντας
724 3124 1155 3198 ἐπισκεπτομένη
1213 3145 1226 3158 ·
1323 3125 1676 3202 ἁμαρτωλοῖς
1771 3147 1998 3200 συμπεν-

296 3215 462 3269 θοῦσα
496 3235 508 3248 ·
554 3212 1009 3288 πεπλανημένους
1051 3211 1328 3289 ὁδηγοῦσα
1359 3233 1373 3247 ⁸
1432 3213 1558 3277 τοὺς
1617 3215 1820 3278 πάντας
1879 3215 1996 3271 ἐλε-

294 3307 446 3359 οῦσα·
493 3305 620 3367 τοὺς
674 3306 1007 3379 πενομένους
1055 3301 1290 3381 ἀφειδῶς
1329 3303 1673 3377 οἰκτείρουσα
1708 3324 1721 3338 ·
1783 3302 2000 3366 πολλὰς

289 3413 351 3447 τε
406 3399 516 3448 τῶν
560 3393 800 3449 ἀπίστων
855 3395 1224 3469 κατηχήσασα
1272 3399 1550 3469 γυναῖκας,
1604 3395 1694 3450 καὶ
1744 3396 1812 3449 τὰ
1859 3394 1995 3470 πρὸς

288 3484 389 3552 τὴν
465 3485 609 3552 ζωήν
687 3481 1122 3559 ἐπικουρήσασα,
1205 3482 1532 3558 ἀείμνηστον
1615 3484 1996 3559 χρηστότητος

293 3569 469 3646 ὄνομα
501 3570 589 3628 διὰ
633 3574 830 3636 παντὸς
867 3578 969 3628 τοῦ
1002 3574 1126 3648 βίου
1164 3572 1523 3645 κατηλέησεν.
1557 3574 1694 3630 Ἀπὸ
1745 3571 1995 3637 δουλείας

296 3661 372 3723 εἰς
429 3661 733 3738 ἐλευθερίαν
790 3668 896 3719 τῶν
954 3663 1179 3719 οἰκετῶν
1243 3665 1451 3738 μυρίων
1507 3663 1672 3738 ἐσμὸν
1731 3663 1994 3720 ἀνακαλε-

299 3753 527 3824 σαμένη,
585 3751 866 3825 ἰσοτίμους
938 3759 1039 3822 τῆς
1122 3751 1264 3814 ἰδίας
1347 3752 1615 3827 εὐγενείας
1677 3752 1942 3829 ἀπέφηνεν
1978 3770 1991 3786 ·

301 3839 514 3915 μᾶλλον
568 3838 625 3895 δὲ
671 3841 868 3915 εἰχρή
915 3842 1152 3911 ταληθές
1212 3839 1403 3908 εῖπεῖν,
1461 3841 1551 3893 καὶ
1633 3841 1992 3915 εὐγενέστεροι

292 3929 374 4002 τῷ
433 3930 680 4003 σχήματι
739 3936 838 3998 τῆς
892 3929 1043 4003 ἁγίας
1088 3929 1289 3996 ταύτης
1349 3925 1672 3984 ἐδείκνυντο.
1703 3925 1841 3985 Οὐδὲ
1892 3930 1993 4003 γάρ

291 4018 668 4094 εὐτελέστερόν
726 4040 780 4074 τι
845 4017 954 4074 τῶν
1043 4017 1355 4091 ἐνδυμάτων
1437 4019 1638 4089 ταύτης
1715 4017 1994 4092 εὑρεθῆναι

287 4109 533 4167 ἐδυνάτο.
567 4115 680 4166 Τῶν
741 4111 844 4187 γάρ
903 4109 1041 4164 πάνυ
1098 4106 1541 4185 ῥακοδυτούντων
1583 4107 1768 4180 ἀνάξια
1814 4107 1880 4178 ἦν
1925 4109 1992 4163 τά

281 4209 384 4270 τῆς
439 4202 590 4262 ὁσίας
640 4199 841 4270 ταύτης
893 4198 1276 4272 σκεπάσματα.
1321 4196 1562 4269 Τοιαύτη
1614 4196 1672 4252 δὲ
1727 4198 1852 4271 παρ’
1908 4198 1992 4253 αὖα

283 4296 385 4358 τῆς
445 4288 686 4359 ἠπιότης
742 4287 1015 4363 ἐτρέφετο,
1075 4287 1151 4350 ὡς
1207 4287 1297 4343 καὶ
1355 4289 1530 4343 αὐτῶν
1588 4291 1695 4342 τῶν
1757 4284 1988 4342 παιδίων

285 4377 708 4451 ὑπερακοντίσαι
753 4378 816 4432 τὸ
865 4376 1078 4454 ἀφελές.
1113 4376 1293 4451 Ψόγος
1339 4373 1517 4439 οὐδεὶς
1574 4375 1836 4432 οὐδέποτε
1866 4373 1990 4433 οὐδὲ

282 4472 391 4524 τῶν
456 4470 629 4530 πέλας
683 4466 829 4542 παρά
880 4469 948 4540 τῇ
1013 4467 1368 4544 χριστοφόρῳ
1423 4465 1591 4540 ταύτῃ
1648 4464 1937 4540 ηὑρίσκετο
1969 4483 1984 4497 ’

281 4555 426 4613 ἀλλὰ
481 4563 586 4619 πᾶς
645 4557 673 4611 ὁ
731 4556 937 4627 ταύτης
990 4552 1228 4617 ἀϐίωτος
1287 4556 1410 4630 βίος
1458 4555 1509 4610 ἐν
1564 4556 1844 4626 κατανύξει
1899 4556 1988 4610 καὶ
2022 4552 2068 4616 Ι)

283 4651 460 4721 συχνῇ
512 4643 759 4721 δακρύων
820 4647 1064 4720 ὑπῆρχεν
1127 4646 1272 4719 ῥοῇ·
1331 4645 1421 4700 καὶ
1477 4645 1544 4713 ἦν
1591 4643 1722 4701 ἰδεῖν
1769 4645 1980 4718 μᾶλλον

281 4736 463 4808 πηγὴν
517 4737 583 4789 τά
641 4735 838 4805 ἑαυτῆς
887 4755 1098 4807 ναματα
1153 4732 1536 4790 ἐπιλείπουσαν
1594 4733 1644 4787 ἐν
1699 4738 1818 4797 τοῖς
1861 4735 1986 4789 καύ-

282 4846 466 4897 μασιν,
527 4825 563 4894 ﬁ
621 4828 750 4889 τοὺς
803 4825 1236 4899 ἀμετεωρίστους
1292 4826 1517 4896 ταύτης,
1574 4825 1664 4878 καὶ
1740 4823 1820 4879 ἀεὶ
1895 4826 1985 4879 τὸν

277 4914 506 4988 Χριστὸν
583 4915 822 4988 ὁρῶντας
898 4912 1217 4990 ὀφθαλμοὺς
1273 4910 1656 4986 διαλιμπάνειν
1735 4909 1981 4988 δακρύων

276 5004 428 5060 ποτέ.
474 5002 571 5057 Καὶ
627 5004 680 5058 τί
743 5002 982 5075 μέλλως
1033 5003 1158 5058 ὅσον
1221 5002 1323 5078 γάρ
1377 5001 1437 5057 ἃν
1495 5005 1707 5077 παρέξω
1757 5006 1825 5067 τῆ
1871 5003 1978 5076 εἷμῇ

277 5089 488 5163 διανοίᾳ
536 5091 747 5168 σχολήν
805 5093 932 5156 τοὺς
976 5092 1177 5164 ταύτης
1235 5091 1436 5156 ἄθλους
1474 5100 1574 5162 τῆς
1634 5092 1980 5166 πεπετρωμέ-

273 5202 371 5252 νης
428 5185 613 5257 ψυχῆς
674 5183 764 5237 καὶ
803 5181 996 5257 ἀρετάς
1063 5179 1450 5257 διηγούμενος,
1479 5180 1624 5237 πολὺ
1670 5181 1896 5236 κατόπιν
1926 5182 1981 5236 οἱ

277 5272 441 5346 λόγοι
479 5276 590 5326 τῶν
659 5267 832 5349 ἔργων
895 5271 1294 5344 εὑρεθήσονται.
1352 5271 1448 5328 Καὶ
1511 5271 1588 5344 μὴ
1637 5291 1720 5332 τις
1774 5272 1976 5345 νομίσῃ

278 5361 347 5434 μέ
407 5360 865 5435 κεκομψευμένως
922 5359 1101 5436 λέγειν
1156 5361 1223 5416 τά
1264 5363 1388 5436 περὶ
1438 5363 1538 5426 τῆς
1605 5359 1978 5431 ἀπαθεστάτης

269 5451 496 5523 ταύτης,
525 5452 614 5507 καὶ
647 5450 847 5508 λοιπὸδ
892 5450 1030 5523 ὅλης
1076 5456 1173 5507 τοῦ
1225 5451 1380 5526 ἁγίου
1431 5452 1743 5524 Πνεύματος
1790 5450 1979 5525 τιμίου

272 5543 497 5604 σκεύους
586 5539 963 5616 Ὀλυμπιάδος
1044 5549 1145 5612 τῆς
1222 5543 1559 5615 σεμνοτάτης
1598 5559 1613 5574 ⁸
1668 5539 1795 5597 ἀλλ’
1857 5539 1981 5596 αὐτ·-

270 5633 444 5704 όπτην
489 5634 851 5712 γεγενημένον
910 5635 997 5688 καὶ
1057 5636 1359 5708 θεωροῦντα
1396 5633 1485 5688 τὸν
1542 5638 1642 5704 τῆς
1710 5631 1973 5710 μακαρίας

590 5739 858 5799 ΡΑτιιοι.
905 5740 1021 5798 Gn.
1068 5735 1341 5798 XXXIV.

2117 1882 2266 1956 παρά
2319 1886 2416 1937 τοῦ
2473 1882 2745 1939 Δεσπότου
2801 1887 2936 1938 Θεοῦ
3007 1885 3141 1957 μετά
3196 1883 3501 1960 παῤῥησίας
3539 1885 3634 1947 τάς
3661 1885 3822 1958 ἀμοι-

2115 1966 2212 2032 ϐἀς
2244 1971 2566 2027 ἀπαιτοῦσα.

2720 2065 2985 2120 ΚΕΦΔΛ.
3036 2064 3220 2123 ΡΜΕ’.

2747 2154 2876 2226 Περὶ
2910 2150 3190 2217 Κανδίδας.

2183 2240 2394 2311 Ταύτης
2431 2241 2659 2295 κατόπιν
2714 2243 2805 2295 καὶ
2857 2241 3163 2316 ἰσοτρόπως
3228 2242 3318 2298 καὶ
3378 2242 3541 2316 ἀξίως
3568 2247 3666 2298 τοῦ
3706 2250 3820 2300 Κυ-

2117 2328 2232 2404 ρίου
2295 2331 2544 2404 βιώσασα
2581 2334 2616 2401 ή
2673 2334 2908 2408 μακαρία
2967 2331 3216 2404 Κανδίδα,
3267 2335 3302 2403 ἡ
3351 2338 3620 2409 Τραϊανοῦ
3653 2336 3820 2409 θυγά-

2109 2439 2214 2491 τηρ
2272 2425 2370 2476 τοῦ
2421 2419 2817 2496 στρατηλάτου,
2863 2425 2955 2477 καὶ
3003 2423 3078 2486 εἰς
3125 2422 3290 2498 ἄκρον
3321 2425 3652 2496 σεμνότητος
3684 2425 3813 2480 ἐλά-

2110 2531 2265 2578 σασα,
2332 2510 2624 2581 ἐκκλησίας
2702 2532 2762 2566 τε
2832 2513 2966 2568 κατὰ
3049 2513 3210 2587 λόγον
3300 2515 3644 2587 κοσμήσασα,
3721 2515 3810 2569 καὶ

2109 2596 2436 2661 ἐπισκόπους
2486 2600 2645 2669 ἀξίως
2691 2606 2798 2655 τῶν
2845 2605 2941 2656 τοῦ
2989 2603 3233 2675 Χριστοῦ
3285 2601 3597 2676 μυστηρίων
3649 2598 3811 2658 σεϐα-

2109 2689 2314 2758 σθεῖσα,
2380 2688 2468 2742 καὶ
2529 2687 2704 2743 πάντα
2756 2689 2848 2744 τὸν
2903 2694 3001 2744 τοῦ
3060 2693 3303 2764 Χριστοῦ
3359 2689 3568 2764 κλῆρον
3613 2692 3817 2746 καταλ-

2110 2776 2302 2848 λήλως
2331 2779 2630 2851 τιμήσασα,
2663 2780 2754 2832 καὶ
2781 2780 2880 2848 τὴν
2935 2777 3075 2834 ἰδίαν
3125 2779 3392 2856 θυγατέρα
3428 2783 3814 2856 κατηχήσασα,

2109 2865 2184 2929 εἷς
2242 2869 2333 2923 τὸν
2391 2875 2492 2936 τῆς
2568 2869 2856 2942 παρθενίας
2926 2868 3135 2944 κλῆρον
3208 2870 3530 2946 προέπεμψε
3611 2873 3814 2942 ταύτην

2106 2957 2244 3030 πρὸς
2299 2958 2389 3010 τὸν
2451 2957 2690 3029 Χριστὸν
2763 2957 2959 3032 δῶρον,
2999 2962 3108 3014 τῶν
3159 2958 3329 3029 αὐτῆς
3387 2959 3633 3033 λαγόνων
3669 2980 3682 2992 ·
3737 2961 3812 3022 εἰς

2109 3042 2327 3119 ὕστερον
2385 3041 2442 3099 δὲ
2498 3044 2588 3099 καὶ
2643 3046 2780 3116 αὕτη
2844 3045 3166 3125 σωφροσύνῃ
3217 3068 3297 3117 τε,
3356 3048 3448 3103 καὶ
3495 3047 3695 3124 ἁγνείᾳ,
3721 3049 3813 3103 καὶ

2107 3139 2224 3196 τοῖς
2267 3138 2376 3189 τῶν
2411 3134 2716 3208 χρημάτων
2788 3140 3150 3209 σκορπισμοῖς
3207 3135 3700 3206 ἐπακολουθήσασα
3742 3141 3814 3211 τῇ

2108 3223 2305 3292 ἑαυτῆς
2353 3222 2602 3298 θυγατρί.
2660 3223 2868 3293 Ταύτην
2916 3224 3016 3294 τήν
3077 3229 3326 3301 γενναῖαν
3391 3221 3509 3280 οἶδα
3565 3223 3677 3299 ἐγὼ
3725 3224 3816 3280 διά

2107 3313 2286 3383 πάσης
2353 3317 2454 3378 τῆς
2518 3312 2713 3373 νυκτὸς
2776 3317 3076 3382 κοπιῶσαν,
3145 3313 3235 3367 καὶ
3309 3312 3622 3384 ἀλήθουσαν
3687 3319 3810 3373 ταῖς

2109 3399 2271 3464 ἰδίαις
2328 3403 2542 3477 χερσὶν,
2597 3406 2856 3458 ποιοῦσαν
2904 3403 2997 3457 τὸν
3059 3399 3219 3477 ἄρτον
3279 3409 3380 3472 τῆς
3425 3400 3806 3478 προσκομιδῆς

2105 3491 2193 3547 ἐπὶ
2249 3491 2553 3567 καθαιρέσει
2593 3499 2696 3562 τῆς
2734 3497 2832 3547 τοῦ
2891 3493 3147 3565 σώματος
3194 3489 3526 3562 δυναστείας,
3578 3490 3810 3569 διηγου-

2110 3583 2277 3655 μένην
2333 3581 2416 3637 δτι
2463 3589 2564 3652 τῆς
2613 3582 2862 3652 νηστείας
2943 3583 3018 3655 μὴ
3087 3580 3452 3656 ἐπαρκούσης,
3511 3581 3807 3657 σύμμαχον

2106 3669 2311 3745 δίδωμι
2377 3670 2545 3746 ταύτῃ
2603 3672 2695 3726 καὶ
2779 3675 2878 3740 τὴν
2941 3671 3250 3751 ἐπίμοχθον
3328 3671 3646 3748 ἀγρυπνίαν,
3723 3671 3813 3726 ἳνα

2103 3758 2394 3814 καταλύσω
2439 3760 2502 3814 τὸ
2551 3759 2811 3835 φρύαγμα
2859 3763 2956 3815 τοῦ
3006 3764 3194 3817 Ἡσαῦ.
3245 3760 3395 3832 Αὕτη
3435 3760 3672 3835 ἐναίμων
3719 3761 3815 3834 μέν

2103 3847 2195 3901 καὶ
2252 3846 2524 3924 ἐμψύχων
2589 3845 2667 3909 εἰς
2722 3845 2886 3919 ἄκρον
2947 3847 3239 3922 ἀπέσχετο,
3284 3849 3433 3917 πλὴν
3486 3849 3680 3923 ΐχθύος
3718 3848 3810 3902 καὶ

2103 3932 2295 3989 ἐλαίου
2343 3937 2432 3989 καὶ
2463 3934 2721 4010 λαχάνων
2771 3931 3073 4007 ἐλάμϐανεν
3102 3953 3114 3968 ⁸
3166 3935 3259 3989 καὶ
3307 3940 3476 3990 ταῦτα
3532 3935 3585 3990 ἐν
3645 3937 3807 4010 ἑορτῇ

2105 4023 2290 4094 μόνον.
2348 4023 2447 4078 Τὸν
2496 4021 2554 4078 δὶ
2610 4021 2782 4078 ἄλλον
2845 4023 3050 4078 ἅπαντα
3075 4023 3276 4098 χρόνον
3309 4022 3656 4094 διατελοῦσα,
3686 4025 3808 4094 ὀξυ-

2100 4112 2340 4184 κράματι
2396 4112 2486 4166 καὶ
2543 4109 2692 4186 ἄρτῳ
2748 4114 2898 4188 ξηρῷ
2953 4112 3264 4187 ἀρκουμένη
3328 4111 3380 4167 ἐν
3459 4113 3646 4186 ἑαυτῇ,
3703 4115 3803 4181 τήν

2103 4201 2366 4273 μακαρίαν
2398 4199 2694 4256 ἀνάπαυσιν
2725 4203 2761 4270 ἡ
2811 4200 3064 4275 ἀοίδιμος
3107 4203 3435 4273 κοιμηθεῖσα
3475 4205 3544 4276 τῇ
3592 4199 3803 4276 σκληρ-

2098 4288 2327 4364 αγωγίᾳ,
2375 4294 2465 4344 νῦν
2521 4287 2785 4345 ἀπολαύει
2875 4295 2982 4346 τῶν
3061 4289 3294 4346 αἰωνίων
3382 4291 3599 4365 ἀγαθῶν
3692 4295 3801 4347 τῶν

2098 4380 2518 4452 ἡτοιμασμένων
2544 4384 2660 4442 τοῖς
2694 4380 2786 4434 τὸν
2821 4376 3066 4449 ἐνάρετον
3104 4380 3223 4454 βίον
3254 4379 3619 4455 ἠγαπηκόσιν.

2702 4469 2956 4526 ΚΕΦΑΛ.
2989 4467 3192 4542 ΡΜς·’.

2725 4557 2854 4633 Περὶ
2887 4555 3173 4621 Γελασίας.

2165 4645 2373 4717 Ταύτης
2419 4654 2522 4716 τῆς
2570 4647 2818 4722 ἐναρέτου
2859 4648 2994 4702 κατά
3048 4645 3219 4716 ζῆλον
3271 4645 3500 4702 ὥδευσεν
3541 4648 3640 4715 τήν
3699 4652 3802 4712 τῆς

2096 4734 2383 4797 ἀθανασίας
2439 4733 2565 4790 ὁδὸν
2617 4731 2851 4797 εὐσεϐῶς
2922 4733 3193 4789 ἑλκύσασα
3257 4735 3346 4787 τὸν
3421 4739 3523 4800 τῆς
3597 4736 3794 4805 παρθε-

2089 4827 2204 4886 νίας
2251 4825 2413 4901 ζυγὸο
2471 4827 2506 4894 ἡ
2575 4825 2878 4898 σεμνοτάτη
2957 4819 3209 4893 Γελασία,
3269 4821 3510 4898 θυγάτηρ
3568 4817 3794 4895 τριϐού-

2089 4937 2186 4970 νου
2240 4915 2406 4978 τινός.
2457 4915 2675 4983 Ταύτης
2733 4921 2834 4982 τῆς
2878 4912 3100 4986 ἀρίστης
3157 4911 3321 4985 ἀρετὴ
3373 4909 3508 4982 αὕτη
3551 4932 3789 4988 φέρεται,

2089 5006 2174 5060 ὅτι
2211 5003 2375 5073 ἥλιος
2418 5000 2680 5058 οὐδέποτε
2727 5000 2885 5058 έπέδυ
2935 5001 3018 5055 ἐπὶ
3081 5000 3228 5075 λύπῃ
3268 4998 3490 5071 ταύτης,
3542 5001 3606 5056 ού
3656 5003 3792 5056 κατά

2089 5091 2324 5161 οἰκέτου,
2385 5091 2446 5147 ού
2504 5091 2639 5146 κατά
2698 5089 3044 5166 θεραπαίνης,
3099 5089 3160 5144 οὐ
3217 5089 3353 5144 κατά
3379 5110 3526 5152 τινος
3582 5090 3788 5164 ἐτέρου.

2093 5184 2469 5257 ’Δποφυγοῦσα
2524 5183 2650 5253 γοῦν
2710 5179 2844 5248 αὕτη
2896 5181 2930 5247 ἡ
2993 5179 3232 5254 μακαρία
3268 5179 3368 5246 τήν
3423 5180 3532 5232 τῶν
3591 5199 3791 5250 μνησι-

2087 5272 2268 5325 κάκων
2327 5265 2473 5340 ὁδὸν,
2529 5269 2630 5337 τήν
2669 5267 2745 5330 εἰς
2803 5269 3027 5322 θάνατον
3087 5266 3303 5322 αἰὼνιον
3361 5265 3642 5341 φέρνυσαν,
3687 5273 3787 5335 τῆς

2089 5357 2165 5422 είς
2197 5357 2370 5415 ἀίδιον
2402 5360 2546 5429 ζωὴν
2582 5358 2850 5436 φερούσης
2884 5353 3198 5414 ἐπελάϐετο.

2707 5454 2960 5504 ΚΕΦΛΛ,
2995 5447 3164 5505 ΡΜΖ“.

2694 5537 2823 5612 Περὶ
2854 5535 3180 5606 Ἰουλιανῆς.

2162 5628 2433 5701 Ἰουλιανή
2490 5649 2573 5690 τις
2630 5627 2794 5682 πάλιν
2833 5627 3058 5701 ὀνόματι
3089 5627 3348 5704 παρθένος
3388 5625 3440 5682 ἐν
3492 5628 3784 5706 Καισαρείᾳ

3375 5729 3454 5791 40
