4078 6212
260 392 420 458 1253

1642 392 2016 457 HISTORIA
2059 391 2463 454 LAUSIACA.

3626 394 3783 456 1254

255 527 589 599 sumptibus
620 530 676 583 et
705 542 810 584 suo
842 517 1168 583 ministerio
1196 526 1387 585 virum
1420 528 1601 587 alens.
1634 530 1829 587 Inveni
1864 546 1958 587 au-
1988 529 2044 596 Α
2074 542 2309 596 vespere
2340 522 2667 595 ingreditur
2695 522 2763 579 ad
2796 538 2930 581 eum
2974 522 3073 597 qui
3106 523 3235 581 illas
3274 526 3484 597 alebat,
3517 532 3575 584 et
3603 529 3703 585 dat
3733 527 3789 584 ei

249 623 368 674 tem
402 618 523 674 haec
566 618 625 672 in
672 616 1089 689 antiquissimo
1120 618 1268 674 libro
1309 618 1526 691 scripto
1558 620 1836 690 versibus,
1871 620 1969 692 qui

253 708 492 781 quidem
563 708 818 778 scriptus
899 712 1024 764 erat
1081 723 1253 764 manu
1320 708 1607 781 Origenis.
1676 710 1841 766 lIunc
1902 710 1967 765 li-

254 800 423 854 brum
476 796 673 853 inveni
710 812 816 867 ego
863 797 1017 867 apud
1050 796 1351 853 Julianam
1400 798 1683 870 virginem
1736 800 1793 856 in
1847 800 1969 855 Cas-

253 902 441 955 sarea,
491 886 589 958 qui
626 895 679 942 et
711 885 835 958 ipse
877 886 1025 958 (215)
1068 888 1223 959 apud
1268 904 1393 944 eam
1427 888 1751 944 occultatus
1783 905 1965 945 eram.

256 976 492 1031 Dicebat
523 979 716 1031 autem
750 991 812 1031 se
852 977 1147 1048 accepisse
1191 995 1224 1032 a
1268 978 1619 1049 Symmacho
1658 977 1967 1049 interprete

251 1065 620 1123 Judzeorum.

325 1154 449 1210 Non
473 1156 581 1210 fuit
598 1159 793 1212 autem
816 1154 1072 1211 alienum
1097 1156 1167 1211 ab
1186 1156 1454 1213 instituto
1482 1171 1673 1230 opere.
1699 1156 1965 1228 posuisse

249 1244 501 1301 virtutes
525 1245 734 1301 harum
768 1246 1115 1302 feminarum
1144 1263 1157 1313 ;
1191 1248 1287 1302 sed
1325 1252 1391 1303 ut
1415 1249 1688 1316 sciamus,
1722 1249 1875 1320 quod
1898 1264 1966 1303 ex

250 1335 493 1391 diversis
524 1336 929 1391 occasionibus
956 1336 1086 1391 licet
1116 1336 1350 1403 lucrari,
1384 1338 1434 1392 si
1465 1338 1730 1394 velimus.

826 1423 1062 1481 CAPUT
1102 1425 1392 1481 CXLVIII.

248 1515 321 1569 De
366 1516 576 1585 [emine
627 1514 777 1587 (216)
826 1515 1177 1571 nobilissima
1204 1531 1324 1587 quae
1366 1518 1482 1585 fuit
1528 1532 1741 1587 semper
1791 1517 1963 1588 virgo.

320 1606 381 1660 In
415 1604 529 1659 alio
572 1604 721 1659 libro
764 1606 1200 1678 antiquissimo,
1255 1606 1475 1677 scripto
1518 1607 1588 1662 ah
1639 1607 1963 1679 Hippolyto,

246 1695 346 1766 qui
394 1694 504 1750 fuit
542 1694 855 1752 familiaris
887 1696 1302 1768 apostolorum,
1333 1696 1527 1752 inveni
1556 1696 1730 1753 talem
1764 1714 1964 1753 narra-

246 1788 467 1840 tionem
499 1799 512 1838 :

2072 618 2333 687 quinque
2364 613 2621 682 solidos;
2654 619 2712 670 et
2755 613 2895 669 dicit
2924 615 3011 671 ei:
3067 616 3325 672 Concede
3356 617 3501 672 mihi
3547 634 3782 674 manere

2071 705 2180 760 hac
2222 708 2389 759 nocte
2430 720 2563 759 cum
2605 703 2712 759 hac
2754 704 2963 775 puella.
2998 707 3059 760 In
3092 705 3283 761 locum
3320 722 3455 778 ergo
3486 707 3787 765 occultum

2071 811 2204 850 cum
2236 810 2304 849 ea
2353 794 2670 864 ingressus,
2696 793 2837 850 dicit
2866 795 2953 850 ei:
3008 794 3206 864 Surge,
3251 812 3415 852 serva
3460 802 3515 852 te
3561 798 3775 868 ipsam-

2072 884 2297 939 Etcum
2348 899 2476 939 eam
2520 884 2645 939 suis
2699 884 2957 940 vestibus
2997 885 3304 953 induisset,
3344 886 3559 956 tunica,
3593 890 3773 944 cami-

2070 973 2157 1031 sia
2215 972 2388 1043 (218),
2420 980 2476 1031 et
2509 971 2840 1044 chlamyde,
2897 979 2954 1029 et
3003 976 3271 1031 omnibus
3301 978 3589 1042 virilibus,
3638 977 3782 1034 dicit

2068 1066 2158 1121 ei:
2196 1065 2498 1134 Egredere,
2529 1069 2585 1119 te
2616 1080 2848 1120 summa
2878 1065 3200 1138 chlamydis
3236 1073 3393 1137 parte
3443 1073 3772 1139 contegens,

2069 1155 2207 1219 Quae
2236 1169 2371 1209 cum
2394 1156 2477 1209 sic
2510 1154 2763 1220 fecisset,
2794 1162 2847 1207 et
2879 1170 2941 1209 se
2973 1162 3152 1210 totam
3203 1157 3371 1227 signo
3402 1158 3592 1213 crucis
3641 1174 3776 1212 mu-

2070 1244 2291 1308 niisset,
2342 1259 2575 1314 egressa
2624 1258 2691 1297 ex
2736 1242 2836 1298 illo
2884 1243 3006 1298 loco
3058 1246 3293 1299 omnino
3344 1247 3675 1318 incorrupta
3723 1248 3776 1302 et

2068 1334 2397 1405 impolluta,
2454 1338 2683 1388 servata
2722 1337 2811 1389 est
2839 1332 3053 1389 Christi
3085 1333 3289 1404 gratia,
3323 1344 3376 1389 et
3407 1352 3586 1391 causa
3636 1338 3777 1391 ado-

2067 1422 2342 1479 lescentis
2364 1424 2464 1493 qui
2497 1439 2622 1479 eam
2655 1439 2760 1479 suo
2785 1422 3069 1493 sanguine
3092 1423 3357 1478 liberavit
3387 1442 3420 1479 a
3444 1426 3594 1494 turpi
3617 1426 3774 1480 vitio.

2068 1513 2345 1583 Sequenti
2368 1517 2565 1568 autem
2597 1512 2689 1566 die
2722 1527 2810 1567 res
2842 1512 2949 1566 fuit
2980 1512 3228 1581 cognita,
3263 1517 3319 1569 et
3351 1514 3669 1585 productus
3692 1518 3785 1568 est

2070 1601 2485 1672 Magistrianus
2530 1603 2599 1656 ad
2650 1600 3042 1656 saavissimum
3084 1601 3371 1670 judicem.
3406 1603 3549 1658 Cum
3590 1606 3782 1657 autem

2069 1696 2381 1748 strenuum
2433 1690 2646 1747 Christi
2687 1688 2966 1746 athletam
3014 1691 3399 1747 examinasset
3445 1692 3684 1765 impius,
3717 1695 3775 1747 et

2065 1782 2265 1836 omnia
2296 1779 2622 1846 didicisset,
2648 1780 2827 1849 jussit
2856 1796 2992 1835 cum
3040 1779 3215 1850 objici
3250 1779 3473 1847 bestiis,
3510 1785 3573 1834 ut
3602 1781 3775 1835 etiam

321 1872 449 1927 Fuit
499 1874 767 1944 quaedam
826 1875 1191 1933 nobilissima
1222 1876 1384 1949 virgo
1417 1880 1475 1932 et
1509 1877 1956 1948 formosissima,
1990 1894 2037 1958 Β
2068 1874 2237 1929 malis
2272 1873 2517 1927 infestus
2566 1873 2787 1926 daemon
2848 1871 2905 1926 in
2946 1887 3013 1926 eo
3051 1869 3380 1925 afﬁceretur
3428 1869 3778 1940 ignominia.

248 1977 376 2033 quae
408 1962 469 2018 in
491 1964 610 2019 vita
640 1980 708 2020 ex
747 1965 957 2021 virtute
996 1966 1224 2038 agenda
1271 1968 1646 2023 exercebatur
1673 1967 1957 2023 Corinthi.

247 2057 409 2108 Ilanc
452 2054 550 2109 illo
599 2058 856 2127 tempore
905 2056 1239 2111 detulerunt
1279 2058 1347 2112 ad
1384 2057 1663 2126 judicem.
1706 2057 1804 2129 qui
1837 2062 1959 2113 erat

244 2144 558 2216 gentilisin
590 2150 849 2218 tempore
882 2150 1345 2218 persecutorum,
1371 2152 1433 2203 ut
1473 2162 1597 2218 qum
1630 2147 1959 2204 maledictis

242 2234 561 2291 incesseret
609 2241 666 2291 et
698 2241 982 2308 tempora,
1015 2241 1069 2293 et
1105 2239 1501 2309 imperatores,
1536 2243 1593 2293 et
1620 2238 1955 2294 simulacra.

242 2325 650 2395 Proponebant
681 2331 875 2380 autem
924 2327 1049 2396 ejus
1089 2327 1581 2397 pulchritudinem
1612 2328 1819 2382 harum
1872 2344 1958 2383 re-

239 2431 374 2469 rum
455 2420 880 2485 cauponatores
948 2416 1128 2486 impio
1180 2415 1388 2486 judici,
1448 2418 1694 2475 feminas
1750 2418 1954 2475 insano

243 2519 445 2559 amore
484 2504 860 2573 depereunti;
892 2505 942 2561 is
973 2522 1130 2573 vero,
1167 2508 1397 2578 equinis
1428 2508 1669 2565 auribus
1702 2518 1754 2565 et
1795 2509 1955 2565 femi-

242 2610 350 2648 nas
378 2595 580 2649 insane
611 2596 946 2652 amantibus
978 2597 1449 2669 cogitationibus,
1484 2600 1703 2669 accepit
1732 2598 1953 2655 calum-

245 2684 448 2737 niam:
482 2699 549 2739 ea
590 2688 782 2740 autem
824 2688 1106 2756 producta
1137 2686 1207 2741 ad
1252 2687 1543 2744 hominem
1583 2689 1951 2755 sceleratum,

245 2771 431 2827 multo
462 2773 645 2849 magis
675 2773 884 2830 insana
913 2783 1117 2847 captus
1150 2782 1238 2832 est
1277 2777 1745 2849 intemperantia.
1780 2780 1954 2834 Post-

245 2877 422 2932 quam
456 2868 648 2917 autem
684 2864 960 2921 omnibus
982 2866 1260 2922 adversus
1283 2883 1409 2923 eam
1435 2868 1714 2924 adhibitis
1735 2868 1951 2923 machi-

238 2950 354 3019 nis,
379 2951 516 3006 huic
534 2950 633 3007 Dei
655 2953 874 3009 homini
897 2954 1018 3026 (εἰς)
1036 2957 1384 3027 persuadere
1408 2974 1523 3012 non
1548 2959 1757 3028 potuit,
1774 2957 1952 3013 variis

238 3043 545 3099 tormentis
577 3044 818 3115 subjecit
849 3046 1055 3102 fortem
1086 3047 1386 3104 feminam.
1420 3048 1723 3117 Postquam
1753 3053 1950 3102 autem

235 3147 311 3186 ne
345 3132 430 3188 his
463 3134 698 3204 quidem
732 3135 789 3188 id
832 3136 986 3205 quod
1015 3135 1239 3191 volebat
1270 3140 1359 3191 est
1390 3143 1717 3205 assecutus,
1750 3146 1812 3192 ut
1846 3138 1953 3207 qui

234 3237 352 3276 non
387 3228 585 3292 posset
618 3238 744 3277 eam
786 3224 1076 3280 abducere
1128 3243 1160 3281 a
1210 3225 1423 3281 Christi
1469 3225 1857 3295 confessione,
1890 3230 1948 3283 in

231 3325 366 3364 eam
396 3309 696 3366 insaniens
719 3312 992 3379 crudelis,
1028 3329 1140 3368 non
1167 3314 1343 3369 tradit
1381 3331 1502 3370 eam
1529 3320 1950 3372 tormentorum

237 3400 617 3469 cruciatibus,
667 3401 766 3456 sed
809 3407 1032 3458 castam
1083 3407 1138 3457 et
1187 3408 1611 3474 temperantem
1672 3407 1948 3462 feminam

232 3504 463 3581 ponens
513 3489 571 3543 in
624 3490 971 3581 prostibula,
1004 3492 1189 3562 jussit
1232 3493 1282 3548 ei
1324 3493 1423 3565 qui
1455 3511 1553 3550 eas
1594 3496 1951 3581 possidebat,

236 3576 445 3632 dicens
469 3592 482 3631 :
506 3581 667 3634 Hanc
698 3580 841 3634 mihi
874 3596 1009 3648 cape
1048 3586 1105 3637 et
1134 3587 1253 3639 tres
1296 3584 1513 3640 solidos
1542 3601 1609 3639 ex
1639 3601 1704 3641 ea
1750 3586 1819 3641 ad
1861 3576 1955 3643 me

236 3664 404 3722 defer
450 3668 731 3738 quotidie.
795 3669 848 3724 Is
894 3675 1088 3725 autem
1126 3687 1332 3727 aurum
1384 3672 1621 3745 exigens
1679 3691 1746 3731 ex
1796 3677 1952 3748 turpi

238 3755 496 3822 actione,
530 3771 657 3811 eam
712 3755 946 3849 tractidit
996 3760 1324 3817 volentibus
1363 3763 1422 3817 in
1454 3763 1689 3820 officina
1727 3766 1951 3820 abomi-

238 3846 421 3901 nandi
455 3847 679 3918 flagitii.
713 3846 854 3904 Cum
886 3849 1007 3905 haec
1036 3867 1172 3923 ergo
1215 3853 1516 3909 novissent
1548 3854 1645 3925 qui
1676 3856 1953 3910 teneban-

238 3938 343 3990 tur
390 3935 594 3993 insano
646 3955 842 3993 amore
894 3939 1227 4009 mulierum,
1277 3943 1616 3999 assidebant
1663 3943 1954 4000 sceleratae

238 4024 401 4081 exitii
453 4028 721 4097 ofﬁcinae,
771 4030 1094 4086 mercedem
1146 4034 1345 4087 dantes
1391 4032 1711 4089 inhonestae
1756 4050 1957 4106 opera-

238 4115 442 4172 tionis.
473 4118 579 4174 Illa
620 4124 814 4175 autem
863 4121 1023 4193 virgo
1072 4122 1483 4178 honestissima
1533 4128 1590 4178 et
1642 4123 1699 4179 in
1753 4126 1956 4195 primis

238 4208 593 4277 veneranda,
649 4213 706 4263 et
770 4210 943 4265 verba
1014 4212 1085 4265 ad
1154 4212 1555 4284 deceptionem
1622 4212 1955 4281 deflectens,

241 4296 590 4367 suppliciter
621 4296 704 4352 eis
736 4298 988 4368 dicebat,
1023 4317 1274 4373 rogans:
1309 4301 1502 4357 Habeo
1540 4301 1708 4358 ulcus
1739 4302 1797 4357 in
1832 4303 1956 4359 loco

241 4385 494 4456 occulto,
548 4389 704 4459 quod
751 4390 1085 4446 mirandum
1137 4392 1197 4447 in
1248 4394 1487 4448 modum
1536 4393 1687 4448 male
1735 4393 1871 4461 olet,
1904 4398 1958 4449 et

242 4477 423 4533 timeo
456 4494 525 4534 ne
565 4494 665 4534 vos
707 4479 818 4535 mei
860 4481 1059 4537 odium
1106 4483 1292 4554 capiat
1340 4492 1571 4556 propter
1602 4484 1768 4539 ulcus
1798 4502 1958 4540 aver-

243 4568 534 4636 sandum;
580 4569 877 4625 concedite
918 4587 1055 4641 ergo
1096 4572 1238 4627 mihi
1280 4590 1498 4644 paucos
1539 4575 1686 4634 dies,
1727 4578 1784 4629 et
1813 4580 1953 4630 tunc

240 4656 443 4711 licebit
488 4657 649 4712 vobis
692 4658 780 4713 vel
831 4675 923 4714 me
968 4661 1175 4717 habere
1204 4662 1403 4734 gratis.
1447 4662 1545 4718 His
1588 4665 1778 4720 verbis
1826 4682 1957 4736 per-

246 4761 458 4801 suasos
537 4746 990 4819 intemperantes
1047 4751 1399 4808 amendabat
1451 4754 1658 4810 beata:
1695 4754 1955 4811 assiduis

246 4838 444 4890 autem
494 4836 760 4907 precibus
808 4838 984 4893 Deum
1033 4839 1293 4910 placens,
1324 4844 1381 4895 et
1427 4843 1789 4913 compunctis
1820 4861 1956 4913 sup-

242 4921 656 4995 plicationibus
686 4941 820 4981 eum
866 4927 1087 4982 inﬂexit
1130 4929 1199 4983 ad
1234 4929 1710 4986 misericordiam.
1756 4936 1958 4988 Atten—

243 5012 391 5068 dens
444 5029 581 5085 ergo
629 5014 783 5071 Deus
833 5016 930 5085 qui
983 5017 1141 5072 novit
1196 5018 1598 5089 cogitationes,
1663 5023 1955 5094 quomodo

241 5106 407 5159 casta
436 5103 729 5175 pudicitia:
763 5122 964 5163 curam
997 5110 1229 5181 gerebat
1260 5125 1329 5165 ex
1350 5110 1565 5184 animo,
1596 5112 1653 5167 in
1686 5111 1804 5169 illis
1835 5113 1957 5169 die-

244 5191 359 5248 bus
392 5210 496 5266 pro
522 5194 711 5252 salute
742 5198 1003 5253 omnium
1038 5200 1151 5254 tale
1183 5200 1317 5272 quid
1353 5202 1586 5260 struxit.
1896 5189 1903 5196 ’

852 5286 1088 5344 CAPUT
1128 5286 1353 5347 CXLIX.

770 5376 844 5431 De
875 5376 1239 5447 Μαρίαν-ἱαηο
1270 5380 1444 5452 (217).

321 5462 566 5527 Quidam
602 5464 941 5522 adolescens
974 5465 1410 5539 Magistrianus,
1435 5469 1625 5542 specie
1648 5471 1957 5540 formosus,

251 5557 447 5608 mente
486 5554 641 5627 pius,
677 5557 767 5612 cui
799 5556 954 5613 Deus
983 5557 1171 5614 zelum
1193 5559 1437 5615 immisit
1468 5559 1787 5632 spiritalem
1817 5562 1959 5617 adeo

248 5642 571 5714 ardentem,
622 5649 685 5701 ut
737 5646 912 5704 etiam
963 5655 1205 5704 mortem
1256 5653 1689 5706 contemneret:
1740 5650 1788 5706 is
1824 5667 1958 5706 cum

248 5735 524 5801 praetextu
597 5734 1058 5810 intemperantia
1117 5755 1182 5795 eo
1258 5738 1615 5809 accessisset,
1677 5741 1960 5812 profundo

2070 1964 2212 2022 Nam
2244 1978 2377 2020 cum
2410 1961 2806 2016 existimasset
2821 1960 3004 2014 virum
3036 1960 3243 2015 fortem
3276 1960 3335 2014 in
3368 1958 3651 2015 nefarium
3684 1958 3776 2011 in-

2057 2055 2236 2125 jicere
2266 2051 2642 2123 supplicium,
2676 2066 2809 2107 eum
2844 2049 3033 2106 ell'ecit
3063 2049 3281 2120 duplici
3314 2049 3399 2120 [Ρ.
3439 2048 3775 2120 dupliciter]

2065 2142 2279 2198 Christi
2303 2151 2631 2213 martyrem,
2655 2145 2719 2195 ut
2749 2140 2849 2210 qui
2890 2144 2947 2195 et
2993 2156 3092 2209 pro
3141 2156 3248 2196 sua
3277 2138 3474 2194 anima
3504 2137 3775 2208 praeclare

2066 2232 2462 2297 decertaverit,
2496 2236 2554 2286 et
2575 2247 2675 2302 pro
2696 2230 2797 2285 illa
2819 2231 2987 2285 beata
3003 2230 3061 2284 in
3086 2229 3386 2286 laboribus
3410 2238 3637 2283 strenue
3657 2243 3783 2298 per-

2065 2321 2428 2377 severaverit.
2447 2320 2726 2384 Quocirca
2747 2318 2963 2390 duplici
2985 2318 3202 2375 honore
3217 2323 3277 2375 et
3295 2318 3525 2373 duabus
3541 2313 3784 2387 insigni~

2066 2414 2177 2468 bus
2206 2410 2433 2467 coronis
2455 2410 2669 2482 dignus
2701 2414 2789 2465 est
2818 2408 3053 2463 habitus
3087 2424 3120 2463 a
3149 2408 3361 2464 Christi
3392 2406 3772 2476 benignitate.

2724 2496 2954 2554 CAPUT
3001 2498 3109 2553 CL.

2464 2590 2535 2645 De
2563 2604 2739 2644 uxore
2768 2588 2917 2659 (219)
2948 2589 3056 2643 viri
3085 2587 3369 2643 senatorii.

2134 2680 2372 2737 Memini
2404 2684 2599 2735 autem
2628 2677 2867 2733 alterius
2910 2693 3138 2747 quoque
3171 2676 3438 2743 historiis,
3462 2680 3519 2731 et
3539 2676 3758 2730 bonum

2062 2778 2147 2830 est
2176 2789 2304 2829 eam
2338 2787 2451 2825 non
2484 2769 2797 2840 prmterire.
2832 2767 3053 2823 Dicitur
3083 2767 3154 2822 de
3184 2766 3558 2837 Magnentino
3585 2765 3772 2819 insur-

2064 2873 2302 2930 rectore,
2354 2859 2512 2932 quod
2542 2860 2828 2915 habuerat
2878 2857 3068 2928 stupri
3118 2856 3603 2912 consuetudinem
3636 2870 3768 2909 cum

2065 2953 2266 3009 multis
2298 2949 2630 3019 gentilibus,
2661 2951 2718 3001 et
2744 2946 3005 3002 animum
3036 2947 3327 3015 adjecerat
3351 2950 3415 3001 ut
3445 2961 3567 3001 rem
3593 2944 3771 3000 etiam

2061 3042 2301 3097 haberet
2333 3052 2469 3092 cum
2513 3034 2900 3099 Christianis;
2941 3051 3018 3090 ea:
3052 3040 3248 3089 autem
3290 3034 3578 3089 malebant
3622 3031 3771 3087 mori

2061 3145 2237 3203 quam
2295 3130 2534 3202 prodere
2582 3125 2946 3197 pudicitiam.
3006 3124 3149 3181 Cum
3207 3140 3342 3195 ergo
3399 3124 3652 3179 venisset
3708 3121 3767 3177 in

2065 3234 2244 3276 unam
2270 3218 2494 3284 urbem,
2520 3214 3061 3285 amavitquamdam
3090 3229 3324 3269 uxorem
3358 3213 3463 3267 viri
3494 3209 3765 3267 senatorii

2064 3325 2133 3364 ex
2184 3306 2489 3379 praefectis.
2533 3305 2763 3361 Timore
2811 3307 3004 3359 autem
3056 3303 3299 3358 affectus
3330 3302 3457 3372 ejus
3496 3298 3763 3370 maritus,

2058 3400 2201 3456 dixit
2230 3399 2316 3454 ei:
2351 3397 2534 3464 Mitte,
2577 3394 2714 3451 tolle
2763 3410 2913 3450 earn.
2957 3393 3100 3449 Cum
3130 3398 3327 3449 autem
3368 3390 3667 3448 venissent
3696 3388 3773 3444 ad

2057 3506 2185 3546 eam
2220 3488 2453 3555 milites,
2487 3486 2630 3543 dixit
2671 3486 2752 3542 eis
2796 3484 3040 3541 mulier:
3074 3484 3412 3556 Exspectate
3454 3497 3766 3554 parumper

2058 3580 2239 3635 donec
2271 3578 2556 3633 mundum
2590 3592 2779 3631 meum
2810 3590 3182 3644 componam,
3211 3573 3305 3630 cui
3353 3589 3487 3629 sum
3510 3579 3761 3628 assueta.

2058 3669 2322 3733 Inpressa
2353 3673 2545 3723 autem
2579 3681 2752 3722 suum
2786 3664 2993 3731 cubile,
3026 3672 3259 3735 accepto
3287 3678 3450 3728 ense,
3480 3678 3615 3717 eum
3640 3660 3762 3716 suis

2056 3758 2249 3813 inﬁxit
2290 3756 2634 3813 visceribus.
2682 3755 2938 3809 Audiant
2975 3753 3228 3821 virgines
3288 3756 3343 3809 et
3390 3752 3763 3819 erubescant,

2058 3863 2183 3919 quae
2234 3846 2580 3917 profitentur
2628 3857 2690 3898 se
2738 3842 3029 3897 Christum
3089 3842 3301 3898 habere
3352 3857 3656 3911 sponsum,
3707 3845 3772 3895 et

2060 3953 2236 4009 prava
2262 3950 2395 3990 eum
2420 3933 2673 4005 produnt
2703 3931 2963 3986 libidine.
2987 3929 3166 3985 Nobis
3188 3935 3383 3985 autem
3417 3930 3511 3985 det
3543 3930 3772 3983 unicui-

2061 4046 2173 4102 que
2204 4029 2357 4083 Deus
2396 4038 2624 4080 servare
2674 4020 3085 4092 virginitatem,
3110 4025 3166 4074 et
3187 4020 3619 4075 exsultantibus
3649 4019 3767 4075 cla-

2062 4136 2219 4175 mare
2277 4132 2409 4173 cum
2456 4110 2949 4186 psalmographo:
3003 4110 3235 4181 Confige
3294 4110 3351 4164 in
3408 4109 3616 4163 timore
3666 4114 3765 4163 tuo

2062 4225 2265 4266 carnes
2299 4222 2488 4262 meas:
2523 4203 2809 4273 ajudiciis
2826 4200 2983 4256 enim
3012 4200 3127 4255 tuis
3156 4198 3328 4253 timui
3350 4198 3523 4261 (Psal.
3549 4196 3766 4268 cxvni).

2064 4299 2172 4353 Et:
2222 4296 2356 4352 Vivo
2406 4298 2598 4349 autem
2651 4291 2777 4361 jam
2830 4304 2945 4344 non
2994 4303 3124 4360 ego,
3175 4286 3311 4342 vivit
3362 4303 3495 4342 vero
3558 4286 3618 4340 in
3678 4301 3769 4340 me

2061 4385 2330 4447 Christus
2358 4384 2563 4455 (Galat.
2590 4382 2674 4453 ιι).
2710 4380 3071 4435 Concedatur
3091 4382 3286 4433 autem
3320 4380 3381 4431 ut
3402 4392 3503 4432 vos
3535 4390 3769 4446 quoque

2061 4480 2265 4537 dicatis
2297 4474 2539 4532 sobriae:
2586 4471 2703 4542 Ego
2738 4468 2987 4540 patrueli
3020 4483 3171 4533 meo,
3202 4471 3259 4523 et
3290 4466 3568 4537 patruelis
3600 4480 3767 4520 meus

2062 4575 2152 4627 est
2184 4566 2344 4633 mihi,
2378 4561 2689 4634 aliquando
2720 4558 2956 4630 quidem
3000 4573 3274 4630 sponsus,
3307 4557 3618 4628 aliquando
3640 4571 3770 4610 vero

1982 4633 2031 4697 Β
2064 4661 2254 4724 frater,
2289 4659 2355 4710 ut
2390 4651 2536 4708 nihil
2581 4650 2866 4721 cogitetur
2895 4647 3127 4703 carnale
3158 4647 3339 4722 (Cant.
3388 4646 3489 4718 v1).
3521 4645 3580 4701 Si
3621 4644 3776 4701 enim

2068 4747 2320 4806 audieris
2359 4758 2639 4816 sponsum
2688 4746 2744 4797 et
2787 4757 3085 4811 sponsam,
3126 4739 3417 4810 signiﬁcat
3445 4735 3769 4807 spiritalem

2069 4841 2344 4896 unionem
2380 4851 2509 4891 cum
2546 4836 2731 4904 patre.

2137 4928 2404 4984 Vidimus
2435 4928 2627 4980 autem
2678 4920 2824 4975 alios
2877 4934 3109 4991 quoque
3140 4917 3334 4973 Patres
3363 4918 3422 4971 et
3450 4912 3768 4971 monachos

2068 5037 2167 5093 per
2194 5024 2374 5075 totam
2407 5014 2738 5085 Egyptum,
2772 5008 2987 5065 multas
3019 5007 3262 5062 virtutes
3291 5010 3349 5061 et
3377 5005 3547 5077 signa
3568 5004 3783 5059 facien-

2064 5116 2172 5174 tes,
2204 5119 2452 5178 quorum
2484 5117 2597 5156 non
2633 5098 3012 5155 meminimus
3047 5100 3278 5168 propter
3311 5094 3771 5159 multitudinem,

2067 5202 2165 5255 sed
2201 5210 2385 5268 pauca
2416 5209 2519 5264 pro
2554 5189 2758 5245 multis
2781 5187 3145 5243 narravimus
3176 5186 3366 5257 (Ra/7.,
3402 5185 3441 5239 ι.
3478 5201 3541 5251 ιι,
3572 5184 3631 5237 in
3662 5184 3778 5253 epi-

2068 5287 2227 5358 logo).
2260 5282 2404 5349 Quid
2452 5280 2607 5336 enim
2658 5277 2867 5333 dixerit
2914 5275 3122 5347 aliquis
3171 5275 3239 5329 de
3291 5270 3578 5343 superiori
3625 5271 3772 5325 The-

2066 5378 2237 5434 baide
2284 5388 2412 5445 quis
2460 5377 2546 5426 est
2590 5386 2688 5441 per
2734 5368 2966 5436 Synem,
3014 5365 3075 5420 in
3133 5376 3249 5435 qua
3296 5369 3432 5418 sunt
3462 5360 3568 5416 viri
3598 5358 3768 5415 valde

2068 5460 2461 5529 admirabiles,
2488 5464 2545 5515 et
2576 5457 2888 5515 multitudo
2922 5454 3330 5511 monachorum
3362 5450 3610 5518 infinita,
3633 5466 3769 5521 quo-

2070 5572 2201 5613 rum
2258 5568 2376 5608 non
2425 5549 2737 5605 crediderit
2773 5544 2984 5615 aliquis
3015 5543 3145 5615 vitea
3193 5541 3483 5608 instituta,
3535 5542 3597 5594 ut
3644 5556 3775 5611 quae

2068 5648 2245 5701 vitam
2298 5642 2619 5697 humanam
2670 5643 2983 5707 superant:
3032 5634 3130 5705 qui
3176 5633 3347 5690 etiam
3397 5634 3658 5689 mortuos
3714 5630 3779 5685 in

2071 5736 2409 5795 hodiernam
2441 5744 2627 5801 usque
2660 5728 2813 5784 diem
2838 5727 3143 5795 suscitant,
3174 5728 3231 5781 et
3253 5740 3429 5797 super
3448 5738 3632 5795 aquas
3662 5733 3783 5775 am-
