  <div class='ocr_page' id='page_1' title='image "/cluster/home/n/w/nwhite01/storage/ocr_20150623/34/hvd.32044073501835/637.png"; bbox 0 0 4078 6212; ppageno 0'>
   <div class='ocr_carea' id='block_1_1' title="bbox 297 255 452 315">
    <p class='ocr_par' dir='ltr' id='par_1_1' title="bbox 297 255 452 315">
     <span class='ocr_line' id='line_1_1' title="bbox 297 255 452 315; baseline 0 0"><span class='ocrx_word' id='word_1_1' title='bbox 297 255 452 315; x_wconf 82' lang='grc'>1255</span> 
     </span>
    </p>
   </div>
   <div class='ocr_carea' id='block_1_2' title="bbox 1867 234 2230 300">
    <p class='ocr_par' dir='ltr' id='par_1_2' title="bbox 1867 234 2230 300">
     <span class='ocr_line' id='line_1_2' title="bbox 1867 234 2230 300; baseline -0.017 0"><span class='ocrx_word' id='word_1_2' title='bbox 1867 234 2230 300; x_wconf 82' lang='lat' dir='ltr'>PALLADII</span> 
     </span>
    </p>
   </div>
   <div class='ocr_carea' id='block_1_3' title="bbox 3649 242 3809 303">
    <p class='ocr_par' dir='ltr' id='par_1_3' title="bbox 3649 242 3809 303">
     <span class='ocr_line' id='line_1_3' title="bbox 3649 242 3809 303; baseline 0.006 -1"><span class='ocrx_word' id='word_1_3' title='bbox 3649 242 3681 302; x_wconf 92' lang='grc'>1</span> <span class='ocrx_word' id='word_1_4' title='bbox 3693 245 3809 303; x_wconf 80' lang='lat'>256</span> 
     </span>
    </p>
   </div>
   <div class='ocr_carea' id='block_1_4' title="bbox 289 364 3815 454">
    <p class='ocr_par' dir='ltr' id='par_1_4' title="bbox 289 364 3815 454">
     <span class='ocr_line' id='line_1_4' title="bbox 289 364 3815 454; baseline -0.003 -13"><span class='ocrx_word' id='word_1_5' title='bbox 289 387 517 454; x_wconf 88' lang='lat' dir='ltr'>bulant,</span> <span class='ocrx_word' id='word_1_6' title='bbox 549 382 701 439; x_wconf 80' lang='lat' dir='ltr'>sicut</span> <span class='ocrx_word' id='word_1_7' title='bbox 730 381 969 448; x_wconf 89' lang='lat' dir='ltr'>Petrus;</span> <span class='ocrx_word' id='word_1_8' title='bbox 1003 383 1059 434; x_wconf 92' lang='lat' dir='ltr'>et</span> <span class='ocrx_word' id='word_1_9' title='bbox 1097 376 1384 449; x_wconf 88' lang='lat' dir='ltr'>quidquid</span> <span class='ocrx_word' id='word_1_10' title='bbox 1433 375 1700 429; x_wconf 83' lang='lat' dir='ltr'>Servator</span> <span class='ocrx_word' id='word_1_11' title='bbox 1730 389 1830 444; x_wconf 93' lang='lat' dir='ltr'>per</span> <span class='ocrx_word' id='word_1_12' title='bbox 1860 389 1992 428; x_wconf 88' lang='lat' dir='ltr'>san-</span> <span class='ocrx_word' id='word_1_13' title='bbox 2021 377 2072 441; x_wconf 81' lang='grc' dir='ltr'><strong>Α</strong></span> <span class='ocrx_word' id='word_1_14' title='bbox 2103 368 2380 435; x_wconf 82' lang='lat' dir='ltr'>caruisse,</span> <span class='ocrx_word' id='word_1_15' title='bbox 2439 371 2491 422; x_wconf 91' lang='lat' dir='ltr'>et</span> <span class='ocrx_word' id='word_1_16' title='bbox 2549 364 2746 421; x_wconf 91' lang='lat' dir='ltr'>itidem</span> <span class='ocrx_word' id='word_1_17' title='bbox 2797 382 2929 422; x_wconf 89' lang='lat' dir='ltr'>cum</span> <span class='ocrx_word' id='word_1_18' title='bbox 2982 367 3292 436; x_wconf 86' lang='lat' dir='ltr'>jejunaret,</span> <span class='ocrx_word' id='word_1_19' title='bbox 3353 369 3628 429; x_wconf 78' lang='lat' dir='ltr'>affectum</span> <span class='ocrx_word' id='word_1_20' title='bbox 3689 390 3815 430; x_wconf 88' lang='lat' dir='ltr'>non</span> 
     </span>
    </p>
   </div>
   <div class='ocr_carea' id='block_1_5' title="bbox 291 461 1992 542">
    <p class='ocr_par' dir='ltr' id='par_1_5' title="bbox 291 461 1992 542">
     <span class='ocr_line' id='line_1_5' title="bbox 291 461 1992 542; baseline -0.008 -12"><span class='ocrx_word' id='word_1_21' title='bbox 291 481 417 530; x_wconf 88' lang='lat' dir='ltr'>ctos</span> <span class='ocrx_word' id='word_1_22' title='bbox 465 473 653 529; x_wconf 89' lang='lat' dir='ltr'>effecit</span> <span class='ocrx_word' id='word_1_23' title='bbox 701 468 1022 542; x_wconf 77' lang='lat' dir='ltr'>apostolos,</span> <span class='ocrx_word' id='word_1_24' title='bbox 1072 484 1136 522; x_wconf 92' lang='lat' dir='ltr'>ea</span> <span class='ocrx_word' id='word_1_25' title='bbox 1168 482 1320 521; x_wconf 90' lang='lat' dir='ltr'>nunc</span> <span class='ocrx_word' id='word_1_26' title='bbox 1369 479 1602 536; x_wconf 87' lang='lat' dir='ltr'>quoque</span> <span class='ocrx_word' id='word_1_27' title='bbox 1649 461 1844 516; x_wconf 83' lang='lat' dir='ltr'>efﬁcit.</span> <span class='ocrx_word' id='word_1_28' title='bbox 1885 462 1992 516; x_wconf 86' lang='lat' dir='ltr'>Sed</span> 
     </span>
    </p>
   </div>
   <div class='ocr_carea' id='block_1_6' title="bbox 290 552 1992 636">
    <p class='ocr_par' dir='ltr' id='par_1_6' title="bbox 290 552 1992 636">
     <span class='ocr_line' id='line_1_6' title="bbox 290 552 1992 636; baseline -0.009 -17"><span class='ocrx_word' id='word_1_29' title='bbox 290 564 429 636; x_wconf 85' lang='lat' dir='ltr'>quia</span> <span class='ocrx_word' id='word_1_30' title='bbox 474 577 754 632; x_wconf 89' lang='lat' dir='ltr'>magnum</span> <span class='ocrx_word' id='word_1_31' title='bbox 805 558 1148 614; x_wconf 84' lang='lat' dir='ltr'>imminebat</span> <span class='ocrx_word' id='word_1_32' title='bbox 1185 555 1527 625; x_wconf 91' lang='lat' dir='ltr'>periculum,</span> <span class='ocrx_word' id='word_1_33' title='bbox 1561 554 1609 608; x_wconf 91' lang='lat' dir='ltr'>si</span> <span class='ocrx_word' id='word_1_34' title='bbox 1650 552 1801 606; x_wconf 91' lang='lat' dir='ltr'>ultra</span> <span class='ocrx_word' id='word_1_35' title='bbox 1846 555 1992 619; x_wconf 89' lang='lat' dir='ltr'>Lyco</span> 
     </span>
    </p>
   </div>
   <div class='ocr_carea' id='block_1_7' title="bbox 289 637 1992 719">
    <p class='ocr_par' dir='ltr' id='par_1_7' title="bbox 289 637 1992 719">
     <span class='ocr_line' id='line_1_7' title="bbox 289 637 1992 719; baseline -0.009 -13"><span class='ocrx_word' id='word_1_36' title='bbox 289 652 695 716; x_wconf 88' lang='lat' dir='ltr'>transiremus,</span> <span class='ocrx_word' id='word_1_37' title='bbox 721 658 953 719; x_wconf 81' lang='lat' dir='ltr'>propter</span> <span class='ocrx_word' id='word_1_38' title='bbox 972 649 1261 701; x_wconf 84' lang='lat' dir='ltr'>latronum</span> <span class='ocrx_word' id='word_1_39' title='bbox 1284 643 1691 713; x_wconf 91' lang='lat' dir='ltr'>irruptionem,</span> <span class='ocrx_word' id='word_1_40' title='bbox 1728 655 1842 694; x_wconf 90' lang='lat' dir='ltr'>non</span> <span class='ocrx_word' id='word_1_41' title='bbox 1865 637 1992 692; x_wconf 84' lang='lat' dir='ltr'>ausi</span> 
     </span>
    </p>
   </div>
   <div class='ocr_carea' id='block_1_8' title="bbox 288 730 1992 804">
    <p class='ocr_par' dir='ltr' id='par_1_8' title="bbox 288 730 1992 804">
     <span class='ocr_line' id='line_1_8' title="bbox 288 730 1992 804; baseline -0.008 -8"><span class='ocrx_word' id='word_1_42' title='bbox 288 758 497 796; x_wconf 88' lang='lat' dir='ltr'>sumus</span> <span class='ocrx_word' id='word_1_43' title='bbox 535 741 730 794; x_wconf 91' lang='lat' dir='ltr'>videre</span> <span class='ocrx_word' id='word_1_44' title='bbox 777 737 907 792; x_wconf 89' lang='lat' dir='ltr'>illos</span> <span class='ocrx_word' id='word_1_45' title='bbox 939 741 1192 792; x_wconf 90' lang='lat' dir='ltr'>sanctos.</span> <span class='ocrx_word' id='word_1_46' title='bbox 1240 736 1439 804; x_wconf 86' lang='lat' dir='ltr'>Neque</span> <span class='ocrx_word' id='word_1_47' title='bbox 1487 733 1641 787; x_wconf 90' lang='lat' dir='ltr'>enim</span> <span class='ocrx_word' id='word_1_48' title='bbox 1686 730 1992 802; x_wconf 66' lang='lat' dir='ltr'>praedictos</span> 
     </span>
    </p>
   </div>
   <div class='ocr_carea' id='block_1_9' title="bbox 285 819 1991 898">
    <p class='ocr_par' dir='ltr' id='par_1_9' title="bbox 285 819 1991 898">
     <span class='ocr_line' id='line_1_9' title="bbox 285 819 1991 898; baseline -0.006 -13"><span class='ocrx_word' id='word_1_49' title='bbox 285 836 484 887; x_wconf 81' lang='lat' dir='ltr'>Patres</span> <span class='ocrx_word' id='word_1_50' title='bbox 545 831 801 885; x_wconf 88' lang='lat' dir='ltr'>vidimus</span> <span class='ocrx_word' id='word_1_51' title='bbox 859 829 981 883; x_wconf 88' lang='lat' dir='ltr'>sine</span> <span class='ocrx_word' id='word_1_52' title='bbox 1035 826 1311 898; x_wconf 88' lang='lat' dir='ltr'>periculo,</span> <span class='ocrx_word' id='word_1_53' title='bbox 1375 839 1561 894; x_wconf 92' lang='lat' dir='ltr'>neque</span> <span class='ocrx_word' id='word_1_54' title='bbox 1617 821 1739 876; x_wconf 90' lang='lat' dir='ltr'>sine</span> <span class='ocrx_word' id='word_1_55' title='bbox 1797 819 1991 874; x_wconf 88' lang='lat' dir='ltr'>labore</span> 
     </span>
    </p>
   </div>
   <div class='ocr_carea' id='block_1_10' title="bbox 285 909 1988 992">
    <p class='ocr_par' dir='ltr' id='par_1_10' title="bbox 285 909 1988 992">
     <span class='ocr_line' id='line_1_10' title="bbox 285 909 1988 992; baseline -0.009 -14"><span class='ocrx_word' id='word_1_56' title='bbox 285 925 618 992; x_wconf 79' lang='lat' dir='ltr'>aspeximus</span> <span class='ocrx_word' id='word_1_57' title='bbox 642 935 838 974; x_wconf 88' lang='lat' dir='ltr'>sacras</span> <span class='ocrx_word' id='word_1_58' title='bbox 861 919 967 972; x_wconf 90' lang='lat' dir='ltr'>has</span> <span class='ocrx_word' id='word_1_59' title='bbox 993 917 1268 972; x_wconf 79' lang='lat' dir='ltr'>feminas:</span> <span class='ocrx_word' id='word_1_60' title='bbox 1293 915 1393 969; x_wconf 91' lang='lat' dir='ltr'>sed</span> <span class='ocrx_word' id='word_1_61' title='bbox 1419 912 1601 967; x_wconf 92' lang='lat' dir='ltr'>multa</span> <span class='ocrx_word' id='word_1_62' title='bbox 1626 913 1787 982; x_wconf 92' lang='lat' dir='ltr'>prius</span> <span class='ocrx_word' id='word_1_63' title='bbox 1814 909 1988 978; x_wconf 82' lang='lat' dir='ltr'>passi,</span> 
     </span>
    </p>
   </div>
   <div class='ocr_carea' id='block_1_11' title="bbox 285 1003 1990 1083">
    <p class='ocr_par' dir='ltr' id='par_1_11' title="bbox 285 1003 1990 1083">
     <span class='ocr_line' id='line_1_11' title="bbox 285 1003 1990 1083; baseline -0.009 -16"><span class='ocrx_word' id='word_1_64' title='bbox 285 1017 342 1067; x_wconf 91' lang='lat' dir='ltr'>et</span> <span class='ocrx_word' id='word_1_65' title='bbox 374 1010 792 1083; x_wconf 84' lang='lat' dir='ltr'>prOpemodum</span> <span class='ocrx_word' id='word_1_66' title='bbox 831 1007 1157 1078; x_wconf 87' lang='lat' dir='ltr'>periclitati,</span> <span class='ocrx_word' id='word_1_67' title='bbox 1192 1005 1284 1059; x_wconf 87' lang='lat' dir='ltr'>vix</span> <span class='ocrx_word' id='word_1_68' title='bbox 1315 1003 1562 1058; x_wconf 83' lang='lat' dir='ltr'>assecuti</span> <span class='ocrx_word' id='word_1_69' title='bbox 1595 1017 1802 1056; x_wconf 91' lang='lat' dir='ltr'>sumus</span> <span class='ocrx_word' id='word_1_70' title='bbox 1835 1007 1892 1053; x_wconf 92' lang='lat' dir='ltr'>ut</span> <span class='ocrx_word' id='word_1_71' title='bbox 1921 1015 1990 1052; x_wconf 88' lang='lat' dir='ltr'>ea</span> 
     </span>
    </p>
   </div>
   <div class='ocr_carea' id='block_1_12' title="bbox 281 1088 1988 1168">
    <p class='ocr_par' dir='ltr' id='par_1_12' title="bbox 281 1088 1988 1168">
     <span class='ocr_line' id='line_1_12' title="bbox 281 1088 1988 1168; baseline -0.008 -14"><span class='ocrx_word' id='word_1_72' title='bbox 281 1101 630 1155; x_wconf 87' lang='lat' dir='ltr'>videremus.</span> <span class='ocrx_word' id='word_1_73' title='bbox 683 1097 907 1168; x_wconf 82' lang='lat' dir='ltr'>Septies</span> <span class='ocrx_word' id='word_1_74' title='bbox 952 1096 1105 1150; x_wconf 91' lang='lat' dir='ltr'>enim</span> <span class='ocrx_word' id='word_1_75' title='bbox 1157 1095 1215 1148; x_wconf 91' lang='lat' dir='ltr'>in</span> <span class='ocrx_word' id='word_1_76' title='bbox 1257 1097 1497 1147; x_wconf 87' lang='lat' dir='ltr'>mortem</span> <span class='ocrx_word' id='word_1_77' title='bbox 1540 1091 1890 1155; x_wconf 83' lang='lat' dir='ltr'>indicimus;</span> <span class='ocrx_word' id='word_1_78' title='bbox 1930 1088 1988 1141; x_wconf 88' lang='lat' dir='ltr'>in</span> 
     </span>
    </p>
   </div>
   <div class='ocr_carea' id='block_1_13' title="bbox 280 1181 1988 1250">
    <p class='ocr_par' dir='ltr' id='par_1_13' title="bbox 280 1181 1988 1250">
     <span class='ocr_line' id='line_1_13' title="bbox 280 1181 1988 1250; baseline -0.009 -4"><span class='ocrx_word' id='word_1_79' title='bbox 280 1196 478 1246; x_wconf 86' lang='lat' dir='ltr'>octavo</span> <span class='ocrx_word' id='word_1_80' title='bbox 511 1195 704 1243; x_wconf 90' lang='lat' dir='ltr'>autem</span> <span class='ocrx_word' id='word_1_81' title='bbox 741 1186 959 1240; x_wconf 90' lang='lat' dir='ltr'>malum</span> <span class='ocrx_word' id='word_1_82' title='bbox 993 1201 1096 1239; x_wconf 90' lang='lat' dir='ltr'>nos</span> <span class='ocrx_word' id='word_1_83' title='bbox 1130 1200 1240 1238; x_wconf 89' lang='lat' dir='ltr'>non</span> <span class='ocrx_word' id='word_1_84' title='bbox 1277 1181 1489 1250; x_wconf 80' lang='lat' dir='ltr'>attigit,</span> <span class='ocrx_word' id='word_1_85' title='bbox 1524 1196 1653 1234; x_wconf 91' lang='lat' dir='ltr'>cum</span> <span class='ocrx_word' id='word_1_86' title='bbox 1697 1181 1848 1233; x_wconf 84' lang='lat' dir='ltr'>Deus</span> <span class='ocrx_word' id='word_1_87' title='bbox 1883 1193 1988 1232; x_wconf 92' lang='lat' dir='ltr'>nos</span> 
     </span>
    </p>
   </div>
   <div class='ocr_carea' id='block_1_14' title="bbox 277 1269 1988 1340">
    <p class='ocr_par' dir='ltr' id='par_1_14' title="bbox 277 1269 1988 1340">
     <span class='ocr_line' id='line_1_14' title="bbox 277 1269 1988 1340; baseline -0.009 -6"><span class='ocrx_word' id='word_1_88' title='bbox 277 1280 516 1334; x_wconf 87' lang='lat' dir='ltr'>omnino</span> <span class='ocrx_word' id='word_1_89' title='bbox 577 1280 884 1330; x_wconf 81' lang='lat' dir='ltr'>servasset.</span> <span class='ocrx_word' id='word_1_90' title='bbox 926 1275 1116 1330; x_wconf 89' lang='lat' dir='ltr'>Semel</span> <span class='ocrx_word' id='word_1_91' title='bbox 1159 1272 1314 1326; x_wconf 91' lang='lat' dir='ltr'>enim</span> <span class='ocrx_word' id='word_1_92' title='bbox 1357 1270 1609 1340; x_wconf 89' lang='lat' dir='ltr'>quinque</span> <span class='ocrx_word' id='word_1_93' title='bbox 1641 1269 1765 1322; x_wconf 89' lang='lat' dir='ltr'>dies</span> <span class='ocrx_word' id='word_1_94' title='bbox 1796 1272 1852 1321; x_wconf 91' lang='lat' dir='ltr'>et</span> <span class='ocrx_word' id='word_1_95' title='bbox 1887 1283 1988 1320; x_wconf 90' lang='lat' dir='ltr'>no-</span> 
     </span>
    </p>
   </div>
   <div class='ocr_carea' id='block_1_15' title="bbox 277 1356 1988 1434">
    <p class='ocr_par' dir='ltr' id='par_1_15' title="bbox 277 1356 1988 1434">
     <span class='ocr_line' id='line_1_15' title="bbox 277 1356 1988 1434; baseline -0.008 -13"><span class='ocrx_word' id='word_1_96' title='bbox 277 1374 396 1421; x_wconf 91' lang='lat' dir='ltr'>ctes</span> <span class='ocrx_word' id='word_1_97' title='bbox 427 1364 794 1419; x_wconf 79' lang='lat' dir='ltr'>ambulantes</span> <span class='ocrx_word' id='word_1_98' title='bbox 844 1379 942 1434; x_wconf 93' lang='lat' dir='ltr'>per</span> <span class='ocrx_word' id='word_1_99' title='bbox 973 1360 1372 1424; x_wconf 90' lang='lat' dir='ltr'>solitudinem,</span> <span class='ocrx_word' id='word_1_100' title='bbox 1410 1360 1563 1412; x_wconf 90' lang='lat' dir='ltr'>fame</span> <span class='ocrx_word' id='word_1_101' title='bbox 1596 1362 1652 1412; x_wconf 88' lang='lat' dir='ltr'>et</span> <span class='ocrx_word' id='word_1_102' title='bbox 1681 1356 1779 1411; x_wconf 87' lang='lat' dir='ltr'>siti</span> <span class='ocrx_word' id='word_1_103' title='bbox 1813 1370 1988 1426; x_wconf 83' lang='lat' dir='ltr'>prape</span> 
     </span>
    </p>
   </div>
   <div class='ocr_carea' id='block_1_16' title="bbox 275 1446 1989 1521">
    <p class='ocr_par' dir='ltr' id='par_1_16' title="bbox 275 1446 1989 1521">
     <span class='ocr_line' id='line_1_16' title="bbox 275 1446 1989 1521; baseline -0.007 -12"><span class='ocrx_word' id='word_1_104' title='bbox 275 1456 498 1509; x_wconf 83' lang='lat' dir='ltr'>fuimus</span> <span class='ocrx_word' id='word_1_105' title='bbox 534 1451 865 1506; x_wconf 87' lang='lat' dir='ltr'>exanimati.</span> <span class='ocrx_word' id='word_1_106' title='bbox 928 1450 1252 1521; x_wconf 87' lang='lat' dir='ltr'>Aliquando</span> <span class='ocrx_word' id='word_1_107' title='bbox 1301 1452 1494 1501; x_wconf 91' lang='lat' dir='ltr'>autem</span> <span class='ocrx_word' id='word_1_108' title='bbox 1557 1446 1615 1499; x_wconf 92' lang='lat' dir='ltr'>in</span> <span class='ocrx_word' id='word_1_109' title='bbox 1670 1450 1874 1498; x_wconf 89' lang='lat' dir='ltr'>acutas</span> <span class='ocrx_word' id='word_1_110' title='bbox 1931 1448 1989 1498; x_wconf 90' lang='lat' dir='ltr'>et</span> 
     </span>
    </p>
   </div>
   <div class='ocr_carea' id='block_1_17' title="bbox 276 1533 1986 1614">
    <p class='ocr_par' dir='ltr' id='par_1_17' title="bbox 276 1533 1986 1614">
     <span class='ocr_line' id='line_1_17' title="bbox 276 1533 1986 1614; baseline -0.008 -13"><span class='ocrx_word' id='word_1_111' title='bbox 276 1560 512 1614; x_wconf 88' lang='lat' dir='ltr'>asperas</span> <span class='ocrx_word' id='word_1_112' title='bbox 544 1540 780 1613; x_wconf 82' lang='lat' dir='ltr'>paludes</span> <span class='ocrx_word' id='word_1_113' title='bbox 823 1541 1168 1602; x_wconf 90' lang='lat' dir='ltr'>incidentes,</span> <span class='ocrx_word' id='word_1_114' title='bbox 1202 1542 1257 1593; x_wconf 87' lang='lat' dir='ltr'>et</span> <span class='ocrx_word' id='word_1_115' title='bbox 1289 1537 1463 1607; x_wconf 85' lang='lat' dir='ltr'>pedes</span> <span class='ocrx_word' id='word_1_116' title='bbox 1509 1539 1740 1589; x_wconf 89' lang='lat' dir='ltr'>nostros</span> <span class='ocrx_word' id='word_1_117' title='bbox 1793 1533 1986 1602; x_wconf 89' lang='lat' dir='ltr'>perfo-</span> 
     </span>
    </p>
   </div>
   <div class='ocr_carea' id='block_1_18' title="bbox 271 1622 1980 1700">
    <p class='ocr_par' dir='ltr' id='par_1_18' title="bbox 271 1622 1980 1700">
     <span class='ocr_line' id='line_1_18' title="bbox 271 1622 1980 1700; baseline -0.008 -12"><span class='ocrx_word' id='word_1_118' title='bbox 271 1640 488 1700; x_wconf 70' lang='lat' dir='ltr'>rantes,</span> <span class='ocrx_word' id='word_1_119' title='bbox 517 1643 575 1687; x_wconf 90' lang='lat' dir='ltr'>ut</span> <span class='ocrx_word' id='word_1_120' title='bbox 608 1633 837 1688; x_wconf 90' lang='lat' dir='ltr'>dolores</span> <span class='ocrx_word' id='word_1_121' title='bbox 869 1635 1063 1684; x_wconf 89' lang='lat' dir='ltr'>essent</span> <span class='ocrx_word' id='word_1_122' title='bbox 1107 1625 1524 1688; x_wconf 88' lang='lat' dir='ltr'>intolerabiles,</span> <span class='ocrx_word' id='word_1_123' title='bbox 1560 1622 1980 1694; x_wconf 89' lang='lat' dir='ltr'>propemodum</span> 
     </span>
    </p>
   </div>
   <div class='ocr_carea' id='block_1_19' title="bbox 273 1711 2060 1804">
    <p class='ocr_par' dir='ltr' id='par_1_19' title="bbox 273 1711 2060 1804">
     <span class='ocr_line' id='line_1_19' title="bbox 273 1711 2060 1804; baseline -0.006 -31"><span class='ocrx_word' id='word_1_124' title='bbox 273 1723 480 1792; x_wconf 82' lang='lat' dir='ltr'>frigore</span> <span class='ocrx_word' id='word_1_125' title='bbox 514 1721 696 1776; x_wconf 88' lang='lat' dir='ltr'>enecti</span> <span class='ocrx_word' id='word_1_126' title='bbox 722 1735 949 1774; x_wconf 90' lang='lat' dir='ltr'>sumus.</span> <span class='ocrx_word' id='word_1_127' title='bbox 973 1718 1165 1771; x_wconf 88' lang='lat' dir='ltr'>Tertio</span> <span class='ocrx_word' id='word_1_128' title='bbox 1197 1720 1389 1769; x_wconf 89' lang='lat' dir='ltr'>autem</span> <span class='ocrx_word' id='word_1_129' title='bbox 1420 1729 1582 1768; x_wconf 78' lang='lat' dir='ltr'>emno</span> <span class='ocrx_word' id='word_1_130' title='bbox 1605 1711 1678 1766; x_wconf 87' lang='lat' dir='ltr'>ad</span> <span class='ocrx_word' id='word_1_131' title='bbox 1709 1711 1979 1764; x_wconf 91' lang='lat' dir='ltr'>lumbum</span> <span class='ocrx_word' id='word_1_132' title='bbox 2014 1740 2060 1804; x_wconf 83' lang='lat' dir='ltr'><strong>B</strong></span> 
     </span>
    </p>
   </div>
   <div class='ocr_carea' id='block_1_20' title="bbox 269 1798 1980 1881">
    <p class='ocr_par' dir='ltr' id='par_1_20' title="bbox 269 1798 1980 1881">
     <span class='ocr_line' id='line_1_20' title="bbox 269 1798 1980 1881; baseline -0.007 -17"><span class='ocrx_word' id='word_1_133' title='bbox 269 1827 453 1881; x_wconf 79' lang='lat' dir='ltr'>usque</span> <span class='ocrx_word' id='word_1_134' title='bbox 503 1809 864 1876; x_wconf 65' lang='lat' dir='ltr'>inhesimus,</span> <span class='ocrx_word' id='word_1_135' title='bbox 915 1811 970 1860; x_wconf 91' lang='lat' dir='ltr'>et</span> <span class='ocrx_word' id='word_1_136' title='bbox 1018 1821 1130 1860; x_wconf 91' lang='lat' dir='ltr'>non</span> <span class='ocrx_word' id='word_1_137' title='bbox 1163 1809 1281 1858; x_wconf 84' lang='lat' dir='ltr'>erat</span> <span class='ocrx_word' id='word_1_138' title='bbox 1312 1803 1409 1873; x_wconf 88' lang='lat' dir='ltr'>qui</span> <span class='ocrx_word' id='word_1_139' title='bbox 1451 1802 1728 1871; x_wconf 87' lang='lat' dir='ltr'>eriperet;</span> <span class='ocrx_word' id='word_1_140' title='bbox 1769 1804 1827 1854; x_wconf 89' lang='lat' dir='ltr'>et</span> <span class='ocrx_word' id='word_1_141' title='bbox 1874 1798 1980 1853; x_wconf 91' lang='lat' dir='ltr'>has</span> 
     </span>
    </p>
   </div>
   <div class='ocr_carea' id='block_1_21' title="bbox 273 1889 1977 1955">
    <p class='ocr_par' dir='ltr' id='par_1_21' title="bbox 273 1889 1977 1955">
     <span class='ocr_line' id='line_1_21' title="bbox 273 1889 1977 1955; baseline -0.007 -2"><span class='ocrx_word' id='word_1_142' title='bbox 273 1897 427 1954; x_wconf 88' lang='lat' dir='ltr'>beati</span> <span class='ocrx_word' id='word_1_143' title='bbox 476 1899 654 1953; x_wconf 88' lang='lat' dir='ltr'>David</span> <span class='ocrx_word' id='word_1_144' title='bbox 703 1913 870 1951; x_wconf 89' lang='lat' dir='ltr'>voces</span> <span class='ocrx_word' id='word_1_145' title='bbox 916 1893 1403 1950; x_wconf 87' lang='lat' dir='ltr'>exclamavimus:</span> <span class='ocrx_word' id='word_1_146' title='bbox 1455 1891 1686 1944; x_wconf 89' lang='lat' dir='ltr'>Salvum</span> <span class='ocrx_word' id='word_1_147' title='bbox 1733 1905 1822 1942; x_wconf 92' lang='lat' dir='ltr'>me</span> <span class='ocrx_word' id='word_1_148' title='bbox 1866 1889 1977 1955; x_wconf 87' lang='lat' dir='ltr'>fac,</span> 
     </span>
    </p>
   </div>
   <div class='ocr_carea' id='block_1_22' title="bbox 272 1980 1978 2058">
    <p class='ocr_par' dir='ltr' id='par_1_22' title="bbox 272 1980 1978 2058">
     <span class='ocr_line' id='line_1_22' title="bbox 272 1980 1978 2058; baseline -0.008 -13"><span class='ocrx_word' id='word_1_149' title='bbox 272 1991 518 2046; x_wconf 90' lang='lat' dir='ltr'>Domine</span> <span class='ocrx_word' id='word_1_150' title='bbox 551 1990 722 2056; x_wconf 88' lang='lat' dir='ltr'>Deus,</span> <span class='ocrx_word' id='word_1_151' title='bbox 748 1986 1021 2058; x_wconf 87' lang='lat' dir='ltr'>quoniam</span> <span class='ocrx_word' id='word_1_152' title='bbox 1046 1985 1320 2055; x_wconf 75' lang='lat' dir='ltr'>ingressae</span> <span class='ocrx_word' id='word_1_153' title='bbox 1343 1989 1479 2036; x_wconf 87' lang='lat' dir='ltr'>sunt</span> <span class='ocrx_word' id='word_1_154' title='bbox 1510 1997 1672 2051; x_wconf 67' lang='lat' dir='ltr'>aquas</span> <span class='ocrx_word' id='word_1_155' title='bbox 1706 1994 1888 2048; x_wconf 90' lang='lat' dir='ltr'>usque</span> <span class='ocrx_word' id='word_1_156' title='bbox 1909 1980 1978 2033; x_wconf 89' lang='lat' dir='ltr'>ad</span> 
     </span>
    </p>
   </div>
   <div class='ocr_carea' id='block_1_23' title="bbox 273 2070 1980 2141">
    <p class='ocr_par' dir='ltr' id='par_1_23' title="bbox 273 2070 1980 2141">
     <span class='ocr_line' id='line_1_23' title="bbox 273 2070 1980 2141; baseline -0.007 -7"><span class='ocrx_word' id='word_1_157' title='bbox 273 2081 529 2135; x_wconf 88' lang='lat' dir='ltr'>animam</span> <span class='ocrx_word' id='word_1_158' title='bbox 576 2095 787 2133; x_wconf 90' lang='lat' dir='ltr'>meam.</span> <span class='ocrx_word' id='word_1_159' title='bbox 834 2077 1052 2130; x_wconf 87' lang='lat' dir='ltr'>Infixus</span> <span class='ocrx_word' id='word_1_160' title='bbox 1085 2090 1211 2129; x_wconf 90' lang='lat' dir='ltr'>sum</span> <span class='ocrx_word' id='word_1_161' title='bbox 1253 2073 1312 2127; x_wconf 93' lang='lat' dir='ltr'>in</span> <span class='ocrx_word' id='word_1_162' title='bbox 1357 2071 1544 2126; x_wconf 91' lang='lat' dir='ltr'>lutum</span> <span class='ocrx_word' id='word_1_163' title='bbox 1592 2070 1882 2141; x_wconf 82' lang='lat' dir='ltr'>profundi,</span> <span class='ocrx_word' id='word_1_164' title='bbox 1924 2073 1980 2123; x_wconf 91' lang='lat' dir='ltr'>et</span> 
     </span>
    </p>
   </div>
   <div class='ocr_carea' id='block_1_24' title="bbox 273 2161 1980 2236">
    <p class='ocr_par' dir='ltr' id='par_1_24' title="bbox 273 2161 1980 2236">
     <span class='ocr_line' id='line_1_24' title="bbox 273 2161 1980 2236; baseline -0.007 -11"><span class='ocrx_word' id='word_1_165' title='bbox 273 2187 389 2224; x_wconf 89' lang='lat' dir='ltr'>non</span> <span class='ocrx_word' id='word_1_166' title='bbox 449 2175 536 2225; x_wconf 92' lang='lat' dir='ltr'>est</span> <span class='ocrx_word' id='word_1_167' title='bbox 586 2167 910 2223; x_wconf 88' lang='lat' dir='ltr'>substantia</span> <span class='ocrx_word' id='word_1_168' title='bbox 969 2165 1138 2236; x_wconf 81' lang='lat' dir='ltr'>(Psal.</span> <span class='ocrx_word' id='word_1_169' title='bbox 1174 2162 1402 2232; x_wconf 80' lang='lat' dir='ltr'>vam);</span> <span class='ocrx_word' id='word_1_170' title='bbox 1456 2166 1531 2226; x_wconf 92' lang='lat' dir='ltr'>et,</span> <span class='ocrx_word' id='word_1_171' title='bbox 1593 2161 1767 2215; x_wconf 87' lang='lat' dir='ltr'>Serva</span> <span class='ocrx_word' id='word_1_172' title='bbox 1824 2175 1980 2214; x_wconf 90' lang='lat' dir='ltr'>mea</span> 
     </span>
    </p>
   </div>
   <div class='ocr_carea' id='block_1_25' title="bbox 269 2247 1981 2326">
    <p class='ocr_par' dir='ltr' id='par_1_25' title="bbox 269 2247 1981 2326">
     <span class='ocr_line' id='line_1_25' title="bbox 269 2247 1981 2326; baseline -0.007 -13"><span class='ocrx_word' id='word_1_173' title='bbox 269 2259 414 2324; x_wconf 92' lang='lat' dir='ltr'>luto,</span> <span class='ocrx_word' id='word_1_174' title='bbox 450 2270 513 2312; x_wconf 88' lang='lat' dir='ltr'>ut</span> <span class='ocrx_word' id='word_1_175' title='bbox 545 2275 614 2313; x_wconf 91' lang='lat' dir='ltr'>ne</span> <span class='ocrx_word' id='word_1_176' title='bbox 647 2257 868 2326; x_wconf 82' lang='lat' dir='ltr'>infigar.</span> <span class='ocrx_word' id='word_1_177' title='bbox 900 2256 1180 2320; x_wconf 89' lang='lat' dir='ltr'>Quartum</span> <span class='ocrx_word' id='word_1_178' title='bbox 1217 2261 1407 2306; x_wconf 85' lang='lat' dir='ltr'>autem</span> <span class='ocrx_word' id='word_1_179' title='bbox 1442 2250 1552 2304; x_wconf 89' lang='lat' dir='ltr'>fuit</span> <span class='ocrx_word' id='word_1_180' title='bbox 1581 2266 1746 2318; x_wconf 75' lang='lat' dir='ltr'>aquas</span> <span class='ocrx_word' id='word_1_181' title='bbox 1777 2247 1981 2303; x_wconf 88' lang='lat' dir='ltr'>multi-</span> 
     </span>
    </p>
   </div>
   <div class='ocr_carea' id='block_1_26' title="bbox 267 2342 1980 2418">
    <p class='ocr_par' dir='ltr' id='par_1_26' title="bbox 267 2342 1980 2418">
     <span class='ocr_line' id='line_1_26' title="bbox 267 2342 1980 2418; baseline -0.007 -16"><span class='ocrx_word' id='word_1_182' title='bbox 267 2349 407 2402; x_wconf 87' lang='lat' dir='ltr'>tudo</span> <span class='ocrx_word' id='word_1_183' title='bbox 456 2364 582 2418; x_wconf 68' lang='lat' dir='ltr'>quaa</span> <span class='ocrx_word' id='word_1_184' title='bbox 623 2345 844 2400; x_wconf 80' lang='lat' dir='ltr'>alfluxit</span> <span class='ocrx_word' id='word_1_185' title='bbox 896 2359 964 2398; x_wconf 85' lang='lat' dir='ltr'>ex</span> <span class='ocrx_word' id='word_1_186' title='bbox 1004 2342 1118 2398; x_wconf 90' lang='lat' dir='ltr'>Nili</span> <span class='ocrx_word' id='word_1_187' title='bbox 1153 2342 1530 2406; x_wconf 91' lang='lat' dir='ltr'>incremento,</span> <span class='ocrx_word' id='word_1_188' title='bbox 1565 2355 1696 2394; x_wconf 90' lang='lat' dir='ltr'>cum</span> <span class='ocrx_word' id='word_1_189' title='bbox 1731 2343 1980 2407; x_wconf 89' lang='lat' dir='ltr'>quatuor</span> 
     </span>
    </p>
   </div>
   <div class='ocr_carea' id='block_1_27' title="bbox 270 2429 1978 2507">
    <p class='ocr_par' dir='ltr' id='par_1_27' title="bbox 270 2429 1978 2507">
     <span class='ocr_line' id='line_1_27' title="bbox 270 2429 1978 2507; baseline -0.007 -16"><span class='ocrx_word' id='word_1_190' title='bbox 270 2438 390 2492; x_wconf 89' lang='lat' dir='ltr'>dies</span> <span class='ocrx_word' id='word_1_191' title='bbox 423 2453 523 2507; x_wconf 85' lang='lat' dir='ltr'>per</span> <span class='ocrx_word' id='word_1_192' title='bbox 544 2453 723 2507; x_wconf 85' lang='lat' dir='ltr'>aquas</span> <span class='ocrx_word' id='word_1_193' title='bbox 753 2433 1230 2488; x_wconf 86' lang='lat' dir='ltr'>ambularemus:</span> <span class='ocrx_word' id='word_1_194' title='bbox 1266 2435 1323 2484; x_wconf 90' lang='lat' dir='ltr'>et</span> <span class='ocrx_word' id='word_1_195' title='bbox 1347 2430 1406 2483; x_wconf 92' lang='lat' dir='ltr'>in</span> <span class='ocrx_word' id='word_1_196' title='bbox 1431 2429 1637 2483; x_wconf 91' lang='lat' dir='ltr'>hostiis</span> <span class='ocrx_word' id='word_1_197' title='bbox 1671 2443 1978 2497; x_wconf 90' lang='lat' dir='ltr'>propemo-</span> 
     </span>
    </p>
   </div>
   <div class='ocr_carea' id='block_1_28' title="bbox 270 2518 1977 2588">
    <p class='ocr_par' dir='ltr' id='par_1_28' title="bbox 270 2518 1977 2588">
     <span class='ocr_line' id='line_1_28' title="bbox 270 2518 1977 2588; baseline -0.006 -7"><span class='ocrx_word' id='word_1_198' title='bbox 270 2530 411 2581; x_wconf 90' lang='lat' dir='ltr'>dum</span> <span class='ocrx_word' id='word_1_199' title='bbox 453 2528 695 2580; x_wconf 86' lang='lat' dir='ltr'>obrutis.</span> <span class='ocrx_word' id='word_1_200' title='bbox 740 2525 903 2578; x_wconf 88' lang='lat' dir='ltr'>’l‘unc</span> <span class='ocrx_word' id='word_1_201' title='bbox 948 2521 1356 2588; x_wconf 88' lang='lat' dir='ltr'>clamavimus,</span> <span class='ocrx_word' id='word_1_202' title='bbox 1413 2520 1712 2573; x_wconf 89' lang='lat' dir='ltr'>dicentes:</span> <span class='ocrx_word' id='word_1_203' title='bbox 1747 2518 1827 2571; x_wconf 90' lang='lat' dir='ltr'>Ne</span> <span class='ocrx_word' id='word_1_204' title='bbox 1871 2532 1977 2570; x_wconf 88' lang='lat' dir='ltr'>nos</span> 
     </span>
    </p>
   </div>
   <div class='ocr_carea' id='block_1_29' title="bbox 269 2606 1978 2684">
    <p class='ocr_par' dir='ltr' id='par_1_29' title="bbox 269 2606 1978 2684">
     <span class='ocr_line' id='line_1_29' title="bbox 269 2606 1978 2684; baseline -0.006 -14"><span class='ocrx_word' id='word_1_205' title='bbox 269 2618 567 2684; x_wconf 84' lang='lat' dir='ltr'>demergat</span> <span class='ocrx_word' id='word_1_206' title='bbox 609 2619 922 2675; x_wconf 76' lang='lat' dir='ltr'>tempestas</span> <span class='ocrx_word' id='word_1_207' title='bbox 973 2627 1161 2680; x_wconf 73' lang='lat' dir='ltr'>aquae,</span> <span class='ocrx_word' id='word_1_208' title='bbox 1195 2626 1299 2664; x_wconf 91' lang='lat' dir='ltr'>nec</span> <span class='ocrx_word' id='word_1_209' title='bbox 1335 2625 1424 2662; x_wconf 90' lang='lat' dir='ltr'>me</span> <span class='ocrx_word' id='word_1_210' title='bbox 1458 2610 1693 2662; x_wconf 90' lang='lat' dir='ltr'>devoret</span> <span class='ocrx_word' id='word_1_211' title='bbox 1733 2606 1978 2676; x_wconf 90' lang='lat' dir='ltr'>profun-</span> 
     </span>
    </p>
   </div>
   <div class='ocr_carea' id='block_1_30' title="bbox 271 2694 1978 2774">
    <p class='ocr_par' dir='ltr' id='par_1_30' title="bbox 271 2694 1978 2774">
     <span class='ocr_line' id='line_1_30' title="bbox 271 2694 1978 2774; baseline -0.006 -15"><span class='ocrx_word' id='word_1_212' title='bbox 271 2705 412 2760; x_wconf 91' lang='lat' dir='ltr'>dum</span> <span class='ocrx_word' id='word_1_213' title='bbox 445 2704 624 2774; x_wconf 69' lang='lat' dir='ltr'>(I’sal.</span> <span class='ocrx_word' id='word_1_214' title='bbox 661 2701 870 2769; x_wconf 75' lang='lat' dir='ltr'>vam).</span> <span class='ocrx_word' id='word_1_215' title='bbox 907 2700 1116 2763; x_wconf 87' lang='lat' dir='ltr'>Quinto</span> <span class='ocrx_word' id='word_1_216' title='bbox 1148 2703 1344 2752; x_wconf 90' lang='lat' dir='ltr'>autem</span> <span class='ocrx_word' id='word_1_217' title='bbox 1366 2695 1678 2750; x_wconf 88' lang='lat' dir='ltr'>incidimus</span> <span class='ocrx_word' id='word_1_218' title='bbox 1710 2695 1768 2749; x_wconf 91' lang='lat' dir='ltr'>in</span> <span class='ocrx_word' id='word_1_219' title='bbox 1803 2694 1978 2750; x_wconf 90' lang='lat' dir='ltr'>latro-</span> 
     </span>
    </p>
   </div>
   <div class='ocr_carea' id='block_1_31' title="bbox 275 2783 1976 2854">
    <p class='ocr_par' dir='ltr' id='par_1_31' title="bbox 275 2783 1976 2854">
     <span class='ocr_line' id='line_1_31' title="bbox 275 2783 1976 2854; baseline -0.006 -6"><span class='ocrx_word' id='word_1_220' title='bbox 275 2811 375 2848; x_wconf 88' lang='lat' dir='ltr'>nes</span> <span class='ocrx_word' id='word_1_221' title='bbox 405 2795 462 2846; x_wconf 91' lang='lat' dir='ltr'>in</span> <span class='ocrx_word' id='word_1_222' title='bbox 497 2791 683 2845; x_wconf 85' lang='lat' dir='ltr'>littore</span> <span class='ocrx_word' id='word_1_223' title='bbox 729 2788 930 2854; x_wconf 88' lang='lat' dir='ltr'>maris,</span> <span class='ocrx_word' id='word_1_224' title='bbox 975 2788 1273 2841; x_wconf 87' lang='lat' dir='ltr'>venientes</span> <span class='ocrx_word' id='word_1_225' title='bbox 1297 2786 1354 2839; x_wconf 91' lang='lat' dir='ltr'>in</span> <span class='ocrx_word' id='word_1_226' title='bbox 1397 2785 1674 2839; x_wconf 90' lang='lat' dir='ltr'>Diolcon:</span> <span class='ocrx_word' id='word_1_227' title='bbox 1727 2783 1825 2852; x_wconf 90' lang='lat' dir='ltr'>qui</span> <span class='ocrx_word' id='word_1_228' title='bbox 1870 2799 1976 2837; x_wconf 92' lang='lat' dir='ltr'>nos</span> 
     </span>
    </p>
   </div>
   <div class='ocr_carea' id='block_1_32' title="bbox 267 2873 1974 2951">
    <p class='ocr_par' dir='ltr' id='par_1_32' title="bbox 267 2873 1974 2951">
     <span class='ocr_line' id='line_1_32' title="bbox 267 2873 1974 2951; baseline -0.006 -15"><span class='ocrx_word' id='word_1_229' title='bbox 267 2882 442 2937; x_wconf 89' lang='lat' dir='ltr'>etiam</span> <span class='ocrx_word' id='word_1_230' title='bbox 475 2895 731 2951; x_wconf 89' lang='lat' dir='ltr'>eousque</span> <span class='ocrx_word' id='word_1_231' title='bbox 764 2881 903 2932; x_wconf 90' lang='lat' dir='ltr'>sunt</span> <span class='ocrx_word' id='word_1_232' title='bbox 945 2876 1259 2948; x_wconf 85' lang='lat' dir='ltr'>persecuti,</span> <span class='ocrx_word' id='word_1_233' title='bbox 1301 2873 1560 2929; x_wconf 88' lang='lat' dir='ltr'>volentes</span> <span class='ocrx_word' id='word_1_234' title='bbox 1591 2873 1974 2943; x_wconf 89' lang='lat' dir='ltr'>comprehen-</span> 
     </span>
    </p>
   </div>
   <div class='ocr_carea' id='block_1_33' title="bbox 267 2962 1976 3038">
    <p class='ocr_par' dir='ltr' id='par_1_33' title="bbox 267 2962 1976 3038">
     <span class='ocr_line' id='line_1_33' title="bbox 267 2962 1976 3038; baseline -0.006 -12"><span class='ocrx_word' id='word_1_235' title='bbox 267 2973 422 3038; x_wconf 90' lang='lat' dir='ltr'>dere,</span> <span class='ocrx_word' id='word_1_236' title='bbox 465 2970 646 3026; x_wconf 90' lang='lat' dir='ltr'>donec</span> <span class='ocrx_word' id='word_1_237' title='bbox 698 2969 864 3024; x_wconf 89' lang='lat' dir='ltr'>nobis</span> <span class='ocrx_word' id='word_1_238' title='bbox 909 2983 1122 3038; x_wconf 88' lang='lat' dir='ltr'>parvus</span> <span class='ocrx_word' id='word_1_239' title='bbox 1167 2964 1586 3034; x_wconf 88' lang='lat' dir='ltr'>relinqueretur</span> <span class='ocrx_word' id='word_1_240' title='bbox 1626 2962 1886 3032; x_wconf 81' lang='lat' dir='ltr'>spiritus,</span> <span class='ocrx_word' id='word_1_241' title='bbox 1917 2965 1976 3015; x_wconf 94' lang='lat' dir='ltr'>ut</span> 
     </span>
    </p>
   </div>
   <div class='ocr_carea' id='block_1_34' title="bbox 268 3051 1973 3134">
    <p class='ocr_par' dir='ltr' id='par_1_34' title="bbox 268 3051 1973 3134">
     <span class='ocr_line' id='line_1_34' title="bbox 268 3051 1973 3134; baseline -0.006 -18"><span class='ocrx_word' id='word_1_242' title='bbox 268 3062 367 3134; x_wconf 91' lang='lat' dir='ltr'>qui</span> <span class='ocrx_word' id='word_1_243' title='bbox 402 3077 506 3115; x_wconf 92' lang='lat' dir='ltr'>nos</span> <span class='ocrx_word' id='word_1_244' title='bbox 539 3059 730 3114; x_wconf 89' lang='lat' dir='ltr'>decies</span> <span class='ocrx_word' id='word_1_245' title='bbox 762 3057 920 3112; x_wconf 90' lang='lat' dir='ltr'>mille</span> <span class='ocrx_word' id='word_1_246' title='bbox 967 3072 1173 3127; x_wconf 89' lang='lat' dir='ltr'>passus</span> <span class='ocrx_word' id='word_1_247' title='bbox 1219 3059 1416 3109; x_wconf 87' lang='lat' dir='ltr'>essent</span> <span class='ocrx_word' id='word_1_248' title='bbox 1456 3051 1760 3124; x_wconf 88' lang='lat' dir='ltr'>persecuti.</span> <span class='ocrx_word' id='word_1_249' title='bbox 1804 3055 1973 3107; x_wconf 85' lang='lat' dir='ltr'>Sexto</span> 
     </span>
    </p>
   </div>
   <div class='ocr_carea' id='block_1_35' title="bbox 268 3141 1972 3217">
    <p class='ocr_par' dir='ltr' id='par_1_35' title="bbox 268 3141 1972 3217">
     <span class='ocr_line' id='line_1_35' title="bbox 268 3141 1972 3217; baseline -0.007 -10"><span class='ocrx_word' id='word_1_250' title='bbox 268 3158 484 3216; x_wconf 85' lang='lat' dir='ltr'>autem,</span> <span class='ocrx_word' id='word_1_251' title='bbox 543 3149 736 3204; x_wconf 89' lang='lat' dir='ltr'>Tilum</span> <span class='ocrx_word' id='word_1_252' title='bbox 788 3146 1148 3217; x_wconf 86' lang='lat' dir='ltr'>navigantes,</span> <span class='ocrx_word' id='word_1_253' title='bbox 1205 3144 1622 3215; x_wconf 89' lang='lat' dir='ltr'>propemodum</span> <span class='ocrx_word' id='word_1_254' title='bbox 1681 3141 1862 3196; x_wconf 78' lang='lat' dir='ltr'>eversi</span> <span class='ocrx_word' id='word_1_255' title='bbox 1907 3158 1972 3195; x_wconf 90' lang='lat' dir='ltr'>ac</span> 
     </span>
    </p>
   </div>
   <div class='ocr_carea' id='block_1_36' title="bbox 272 3229 1974 3304">
    <p class='ocr_par' dir='ltr' id='par_1_36' title="bbox 272 3229 1974 3304">
     <span class='ocr_line' id='line_1_36' title="bbox 272 3229 1974 3304; baseline -0.006 -8"><span class='ocrx_word' id='word_1_256' title='bbox 272 3240 557 3296; x_wconf 88' lang='lat' dir='ltr'>submersi</span> <span class='ocrx_word' id='word_1_257' title='bbox 591 3254 809 3292; x_wconf 91' lang='lat' dir='ltr'>sumus.</span> <span class='ocrx_word' id='word_1_258' title='bbox 853 3237 1174 3304; x_wconf 87' lang='lat' dir='ltr'>Septimum</span> <span class='ocrx_word' id='word_1_259' title='bbox 1220 3232 1344 3295; x_wconf 85' lang='lat' dir='ltr'>fuit,</span> <span class='ocrx_word' id='word_1_260' title='bbox 1387 3233 1613 3300; x_wconf 86' lang='lat' dir='ltr'>quando</span> <span class='ocrx_word' id='word_1_261' title='bbox 1667 3231 1725 3284; x_wconf 90' lang='lat' dir='ltr'>in</span> <span class='ocrx_word' id='word_1_262' title='bbox 1769 3229 1974 3300; x_wconf 89' lang='lat' dir='ltr'>palude</span> 
     </span>
    </p>
   </div>
   <div class='ocr_carea' id='block_1_37' title="bbox 270 3319 1973 3394">
    <p class='ocr_par' dir='ltr' id='par_1_37' title="bbox 270 3319 1973 3394">
     <span class='ocr_line' id='line_1_37' title="bbox 270 3319 1973 3394; baseline -0.006 -10"><span class='ocrx_word' id='word_1_263' title='bbox 270 3328 607 3394; x_wconf 86' lang='lat' dir='ltr'>Mareotide,</span> <span class='ocrx_word' id='word_1_264' title='bbox 670 3327 764 3380; x_wconf 93' lang='lat' dir='ltr'>ubi</span> <span class='ocrx_word' id='word_1_265' title='bbox 811 3324 1010 3377; x_wconf 88' lang='lat' dir='ltr'>charta</span> <span class='ocrx_word' id='word_1_266' title='bbox 1060 3322 1340 3382; x_wconf 90' lang='lat' dir='ltr'>nascitur,</span> <span class='ocrx_word' id='word_1_267' title='bbox 1390 3319 1600 3388; x_wconf 89' lang='lat' dir='ltr'>abjecti</span> <span class='ocrx_word' id='word_1_268' title='bbox 1660 3335 1866 3372; x_wconf 86' lang='lat' dir='ltr'>sumus</span> <span class='ocrx_word' id='word_1_269' title='bbox 1916 3319 1973 3373; x_wconf 90' lang='lat' dir='ltr'>in</span> 
     </span>
    </p>
   </div>
   <div class='ocr_carea' id='block_1_38' title="bbox 267 3412 1974 3488">
    <p class='ocr_par' dir='ltr' id='par_1_38' title="bbox 267 3412 1974 3488">
     <span class='ocr_line' id='line_1_38' title="bbox 267 3412 1974 3488; baseline -0.005 -15"><span class='ocrx_word' id='word_1_270' title='bbox 267 3421 577 3488; x_wconf 86' lang='lat' dir='ltr'>quamdam</span> <span class='ocrx_word' id='word_1_271' title='bbox 614 3432 842 3488; x_wconf 90' lang='lat' dir='ltr'>parvam</span> <span class='ocrx_word' id='word_1_272' title='bbox 876 3412 1128 3467; x_wconf 85' lang='lat' dir='ltr'>insulam</span> <span class='ocrx_word' id='word_1_273' title='bbox 1182 3412 1507 3476; x_wconf 87' lang='lat' dir='ltr'>desertam;</span> <span class='ocrx_word' id='word_1_274' title='bbox 1541 3415 1596 3463; x_wconf 86' lang='lat' dir='ltr'>ct</span> <span class='ocrx_word' id='word_1_275' title='bbox 1626 3415 1741 3463; x_wconf 88' lang='lat' dir='ltr'>tres</span> <span class='ocrx_word' id='word_1_276' title='bbox 1775 3415 1974 3465; x_wconf 90' lang='lat' dir='ltr'>noctes</span> 
     </span>
    </p>
   </div>
   <div class='ocr_carea' id='block_1_39' title="bbox 265 3498 1973 3570">
    <p class='ocr_par' dir='ltr' id='par_1_39' title="bbox 265 3498 1973 3570">
     <span class='ocr_line' id='line_1_39' title="bbox 265 3498 1973 3570; baseline -0.004 -10"><span class='ocrx_word' id='word_1_277' title='bbox 265 3517 318 3560; x_wconf 82' lang='lat' dir='ltr'>et</span> <span class='ocrx_word' id='word_1_278' title='bbox 343 3508 465 3560; x_wconf 90' lang='lat' dir='ltr'>dies</span> <span class='ocrx_word' id='word_1_279' title='bbox 496 3508 603 3559; x_wconf 90' lang='lat' dir='ltr'>sub</span> <span class='ocrx_word' id='word_1_280' title='bbox 635 3507 729 3558; x_wconf 91' lang='lat' dir='ltr'>dio</span> <span class='ocrx_word' id='word_1_281' title='bbox 763 3503 1110 3568; x_wconf 89' lang='lat' dir='ltr'>mansimus,</span> <span class='ocrx_word' id='word_1_282' title='bbox 1138 3516 1348 3570; x_wconf 88' lang='lat' dir='ltr'>magno</span> <span class='ocrx_word' id='word_1_283' title='bbox 1374 3501 1582 3569; x_wconf 78' lang='lat' dir='ltr'>frigore</span> <span class='ocrx_word' id='word_1_284' title='bbox 1600 3503 1654 3552; x_wconf 92' lang='lat' dir='ltr'>et</span> <span class='ocrx_word' id='word_1_285' title='bbox 1686 3498 1973 3554; x_wconf 90' lang='lat' dir='ltr'>imbribus</span> 
     </span>
    </p>
   </div>
   <div class='ocr_carea' id='block_1_40' title="bbox 264 3588 1968 3660">
    <p class='ocr_par' dir='ltr' id='par_1_40' title="bbox 264 3588 1968 3660">
     <span class='ocr_line' id='line_1_40' title="bbox 264 3588 1968 3660; baseline -0.004 -11"><span class='ocrx_word' id='word_1_286' title='bbox 264 3595 429 3649; x_wconf 88' lang='lat' dir='ltr'>nobis</span> <span class='ocrx_word' id='word_1_287' title='bbox 455 3592 920 3656; x_wconf 85' lang='lat' dir='ltr'>imminentibus,</span> <span class='ocrx_word' id='word_1_288' title='bbox 945 3599 1069 3645; x_wconf 89' lang='lat' dir='ltr'>erat</span> <span class='ocrx_word' id='word_1_289' title='bbox 1090 3591 1244 3645; x_wconf 91' lang='lat' dir='ltr'>enim</span> <span class='ocrx_word' id='word_1_290' title='bbox 1272 3599 1494 3660; x_wconf 90' lang='lat' dir='ltr'>tempus</span> <span class='ocrx_word' id='word_1_291' title='bbox 1509 3588 1968 3660; x_wconf 84' lang='lat' dir='ltr'>Epiphaniorum.</span> 
     </span>
    </p>
   </div>
   <div class='ocr_carea' id='block_1_41' title="bbox 262 3682 1971 3752">
    <p class='ocr_par' dir='ltr' id='par_1_41' title="bbox 262 3682 1971 3752">
     <span class='ocr_line' id='line_1_41' title="bbox 262 3682 1971 3752; baseline -0.003 -13"><span class='ocrx_word' id='word_1_292' title='bbox 262 3684 539 3739; x_wconf 89' lang='lat' dir='ltr'>Octavum</span> <span class='ocrx_word' id='word_1_293' title='bbox 577 3687 772 3738; x_wconf 86' lang='lat' dir='ltr'>autem</span> <span class='ocrx_word' id='word_1_294' title='bbox 808 3697 1302 3752; x_wconf 90' lang='lat' dir='ltr'>supervacaneum</span> <span class='ocrx_word' id='word_1_295' title='bbox 1339 3682 1574 3752; x_wconf 90' lang='lat' dir='ltr'>quidem</span> <span class='ocrx_word' id='word_1_296' title='bbox 1605 3686 1689 3733; x_wconf 89' lang='lat' dir='ltr'>est</span> <span class='ocrx_word' id='word_1_297' title='bbox 1719 3695 1971 3745; x_wconf 88' lang='lat' dir='ltr'>narrare,</span> 
     </span>
    </p>
   </div>
   <div class='ocr_carea' id='block_1_42' title="bbox 263 3769 1974 3841">
    <p class='ocr_par' dir='ltr' id='par_1_42' title="bbox 263 3769 1974 3841">
     <span class='ocr_line' id='line_1_42' title="bbox 263 3769 1974 3841; baseline -0.002 -14"><span class='ocrx_word' id='word_1_298' title='bbox 263 3775 358 3828; x_wconf 87' lang='lat' dir='ltr'>sed</span> <span class='ocrx_word' id='word_1_299' title='bbox 393 3779 584 3829; x_wconf 87' lang='lat' dir='ltr'>tamen</span> <span class='ocrx_word' id='word_1_300' title='bbox 618 3781 702 3827; x_wconf 91' lang='lat' dir='ltr'>est</span> <span class='ocrx_word' id='word_1_301' title='bbox 736 3771 914 3838; x_wconf 90' lang='lat' dir='ltr'>utile;</span> <span class='ocrx_word' id='word_1_302' title='bbox 959 3787 1093 3825; x_wconf 91' lang='lat' dir='ltr'>nam</span> <span class='ocrx_word' id='word_1_303' title='bbox 1118 3788 1249 3826; x_wconf 90' lang='lat' dir='ltr'>cum</span> <span class='ocrx_word' id='word_1_304' title='bbox 1283 3786 1386 3824; x_wconf 89' lang='lat' dir='ltr'>nos</span> <span class='ocrx_word' id='word_1_305' title='bbox 1429 3787 1526 3840; x_wconf 91' lang='lat' dir='ltr'>per</span> <span class='ocrx_word' id='word_1_306' title='bbox 1558 3771 1861 3841; x_wconf 85' lang='lat' dir='ltr'>quemdam</span> <span class='ocrx_word' id='word_1_307' title='bbox 1888 3769 1974 3823; x_wconf 90' lang='lat' dir='ltr'>lo-</span> 
     </span>
    </p>
   </div>
   <div class='ocr_carea' id='block_1_43' title="bbox 265 3862 1970 3932">
    <p class='ocr_par' dir='ltr' id='par_1_43' title="bbox 265 3862 1970 3932">
     <span class='ocr_line' id='line_1_43' title="bbox 265 3862 1970 3932; baseline -0.002 -13"><span class='ocrx_word' id='word_1_308' title='bbox 265 3881 395 3919; x_wconf 90' lang='lat' dir='ltr'>cum</span> <span class='ocrx_word' id='word_1_309' title='bbox 428 3865 792 3920; x_wconf 89' lang='lat' dir='ltr'>venissemus</span> <span class='ocrx_word' id='word_1_310' title='bbox 829 3863 1074 3929; x_wconf 77' lang='lat' dir='ltr'>Nilreas,</span> <span class='ocrx_word' id='word_1_311' title='bbox 1099 3867 1222 3917; x_wconf 91' lang='lat' dir='ltr'>erat</span> <span class='ocrx_word' id='word_1_312' title='bbox 1252 3864 1307 3916; x_wconf 92' lang='lat' dir='ltr'>in</span> <span class='ocrx_word' id='word_1_313' title='bbox 1332 3878 1398 3916; x_wconf 89' lang='lat' dir='ltr'>ea</span> <span class='ocrx_word' id='word_1_314' title='bbox 1422 3862 1654 3931; x_wconf 77' lang='lat' dir='ltr'>regione</span> <span class='ocrx_word' id='word_1_315' title='bbox 1677 3862 1970 3932; x_wconf 88' lang='lat' dir='ltr'>quoddam</span> 
     </span>
    </p>
   </div>
   <div class='ocr_carea' id='block_1_44' title="bbox 269 3951 1972 4027">
    <p class='ocr_par' dir='ltr' id='par_1_44' title="bbox 269 3951 1972 4027">
     <span class='ocr_line' id='line_1_44' title="bbox 269 3951 1972 4027; baseline -0.002 -19"><span class='ocrx_word' id='word_1_316' title='bbox 269 3971 546 4027; x_wconf 82' lang='lat' dir='ltr'>magnum</span> <span class='ocrx_word' id='word_1_317' title='bbox 583 3970 921 4019; x_wconf 87' lang='lat' dir='ltr'>concavum,</span> <span class='ocrx_word' id='word_1_318' title='bbox 958 3952 1015 4005; x_wconf 88' lang='lat' dir='ltr'>in</span> <span class='ocrx_word' id='word_1_319' title='bbox 1059 3969 1172 4022; x_wconf 94' lang='lat' dir='ltr'>quo</span> <span class='ocrx_word' id='word_1_320' title='bbox 1207 3951 1373 4005; x_wconf 86' lang='lat' dir='ltr'>multi</span> <span class='ocrx_word' id='word_1_321' title='bbox 1415 3960 1810 4005; x_wconf 86' lang='lat' dir='ltr'>remanserant</span> <span class='ocrx_word' id='word_1_322' title='bbox 1845 3966 1972 4006; x_wconf 89' lang='lat' dir='ltr'>cro-</span> 
     </span>
    </p>
   </div>
   <div class='ocr_carea' id='block_1_45' title="bbox 263 4041 1968 4114">
    <p class='ocr_par' dir='ltr' id='par_1_45' title="bbox 263 4041 1968 4114">
     <span class='ocr_line' id='line_1_45' title="bbox 263 4041 1968 4114; baseline -0.002 -17"><span class='ocrx_word' id='word_1_323' title='bbox 263 4045 458 4114; x_wconf 87' lang='lat' dir='ltr'>codili,</span> <span class='ocrx_word' id='word_1_324' title='bbox 509 4061 640 4099; x_wconf 91' lang='lat' dir='ltr'>cum</span> <span class='ocrx_word' id='word_1_325' title='bbox 684 4061 831 4114; x_wconf 87' lang='lat' dir='ltr'>aqua</span> <span class='ocrx_word' id='word_1_326' title='bbox 874 4043 1216 4096; x_wconf 89' lang='lat' dir='ltr'>recessisset</span> <span class='ocrx_word' id='word_1_327' title='bbox 1254 4057 1322 4095; x_wconf 86' lang='lat' dir='ltr'>ex</span> <span class='ocrx_word' id='word_1_328' title='bbox 1363 4041 1538 4111; x_wconf 81' lang='lat' dir='ltr'>agris.</span> <span class='ocrx_word' id='word_1_329' title='bbox 1585 4041 1795 4094; x_wconf 91' lang='lat' dir='ltr'>Tribus</span> <span class='ocrx_word' id='word_1_330' title='bbox 1835 4056 1968 4110; x_wconf 90' lang='lat' dir='ltr'>ergo</span> 
     </span>
    </p>
   </div>
   <div class='ocr_carea' id='block_1_46' title="bbox 261 4128 1964 4200">
    <p class='ocr_par' dir='ltr' id='par_1_46' title="bbox 261 4128 1964 4200">
     <span class='ocr_line' id='line_1_46' title="bbox 261 4128 1964 4200; baseline -0.004 -14"><span class='ocrx_word' id='word_1_331' title='bbox 261 4133 564 4187; x_wconf 81' lang='lat' dir='ltr'>crocodilis</span> <span class='ocrx_word' id='word_1_332' title='bbox 598 4135 655 4186; x_wconf 90' lang='lat' dir='ltr'>in</span> <span class='ocrx_word' id='word_1_333' title='bbox 689 4132 951 4200; x_wconf 90' lang='lat' dir='ltr'>margine</span> <span class='ocrx_word' id='word_1_334' title='bbox 989 4133 1156 4185; x_wconf 62' lang='lat' dir='ltr'>fossae</span> <span class='ocrx_word' id='word_1_335' title='bbox 1189 4129 1459 4192; x_wconf 85' lang='lat' dir='ltr'>extensis,</span> <span class='ocrx_word' id='word_1_336' title='bbox 1493 4129 1850 4183; x_wconf 87' lang='lat' dir='ltr'>accessimus</span> <span class='ocrx_word' id='word_1_337' title='bbox 1879 4128 1964 4180; x_wconf 85' lang='lat' dir='ltr'>vi-</span> 
     </span>
    </p>
   </div>
   <div class='ocr_carea' id='block_1_47' title="bbox 260 4217 1964 4290">
    <p class='ocr_par' dir='ltr' id='par_1_47' title="bbox 260 4217 1964 4290">
     <span class='ocr_line' id='line_1_47' title="bbox 260 4217 1964 4290; baseline -0.003 -16"><span class='ocrx_word' id='word_1_338' title='bbox 260 4223 380 4274; x_wconf 89' lang='lat' dir='ltr'>suri</span> <span class='ocrx_word' id='word_1_339' title='bbox 421 4220 664 4285; x_wconf 89' lang='lat' dir='ltr'>belluas,</span> <span class='ocrx_word' id='word_1_340' title='bbox 699 4225 972 4290; x_wconf 87' lang='lat' dir='ltr'>putantes</span> <span class='ocrx_word' id='word_1_341' title='bbox 1003 4235 1096 4273; x_wconf 91' lang='lat' dir='ltr'>eas</span> <span class='ocrx_word' id='word_1_342' title='bbox 1147 4234 1274 4272; x_wconf 89' lang='lat' dir='ltr'>esse</span> <span class='ocrx_word' id='word_1_343' title='bbox 1314 4223 1598 4282; x_wconf 90' lang='lat' dir='ltr'>mortuas,</span> <span class='ocrx_word' id='word_1_344' title='bbox 1633 4217 1744 4270; x_wconf 67' lang='lat' dir='ltr'>illa:</span> <span class='ocrx_word' id='word_1_345' title='bbox 1776 4223 1964 4270; x_wconf 89' lang='lat' dir='ltr'>autem</span> 
     </span>
    </p>
   </div>
   <div class='ocr_carea' id='block_1_48' title="bbox 257 4308 1964 4377">
    <p class='ocr_par' dir='ltr' id='par_1_48' title="bbox 257 4308 1964 4377">
     <span class='ocr_line' id='line_1_48' title="bbox 257 4308 1964 4377; baseline -0.001 -15"><span class='ocrx_word' id='word_1_346' title='bbox 257 4310 456 4362; x_wconf 89' lang='lat' dir='ltr'>statim</span> <span class='ocrx_word' id='word_1_347' title='bbox 495 4309 550 4360; x_wconf 89' lang='lat' dir='ltr'>in</span> <span class='ocrx_word' id='word_1_348' title='bbox 595 4324 701 4361; x_wconf 90' lang='lat' dir='ltr'>nos</span> <span class='ocrx_word' id='word_1_349' title='bbox 750 4309 1064 4362; x_wconf 91' lang='lat' dir='ltr'>irruerunt.</span> <span class='ocrx_word' id='word_1_350' title='bbox 1109 4308 1285 4362; x_wconf 85' lang='lat' dir='ltr'>Nobis</span> <span class='ocrx_word' id='word_1_351' title='bbox 1335 4314 1522 4360; x_wconf 88' lang='lat' dir='ltr'>autem</span> <span class='ocrx_word' id='word_1_352' title='bbox 1575 4322 1781 4377; x_wconf 88' lang='lat' dir='ltr'>magna</span> <span class='ocrx_word' id='word_1_353' title='bbox 1831 4321 1964 4361; x_wconf 92' lang='lat' dir='ltr'>voce</span> 
     </span>
    </p>
   </div>
   <div class='ocr_carea' id='block_1_49' title="bbox 255 4394 1960 4461">
    <p class='ocr_par' dir='ltr' id='par_1_49' title="bbox 255 4394 1960 4461">
     <span class='ocr_line' id='line_1_49' title="bbox 255 4394 1960 4461; baseline -0.001 -11"><span class='ocrx_word' id='word_1_354' title='bbox 255 4397 569 4450; x_wconf 90' lang='lat' dir='ltr'>Dominum</span> <span class='ocrx_word' id='word_1_355' title='bbox 603 4395 1064 4460; x_wconf 90' lang='lat' dir='ltr'>nominantibus,</span> <span class='ocrx_word' id='word_1_356' title='bbox 1099 4394 1342 4461; x_wconf 89' lang='lat' dir='ltr'>Christe,</span> <span class='ocrx_word' id='word_1_357' title='bbox 1368 4395 1576 4461; x_wconf 77' lang='lat' dir='ltr'>adjuva</span> <span class='ocrx_word' id='word_1_358' title='bbox 1599 4411 1726 4461; x_wconf 92' lang='lat' dir='ltr'>nos,</span> <span class='ocrx_word' id='word_1_359' title='bbox 1760 4395 1960 4450; x_wconf 87' lang='lat' dir='ltr'>statim</span> 
     </span>
    </p>
   </div>
   <div class='ocr_carea' id='block_1_50' title="bbox 2105 456 3816 536">
    <p class='ocr_par' dir='ltr' id='par_1_50' title="bbox 2105 456 3816 536">
     <span class='ocr_line' id='line_1_50' title="bbox 2105 456 3816 536; baseline 0.004 -22"><span class='ocrx_word' id='word_1_360' title='bbox 2105 461 2307 526; x_wconf 86' lang='lat' dir='ltr'>fuisse,</span> <span class='ocrx_word' id='word_1_361' title='bbox 2333 463 2396 513; x_wconf 87' lang='lat' dir='ltr'>ut</span> <span class='ocrx_word' id='word_1_362' title='bbox 2423 458 2539 527; x_wconf 91' lang='lat' dir='ltr'>qui,</span> <span class='ocrx_word' id='word_1_363' title='bbox 2565 462 2628 512; x_wconf 92' lang='lat' dir='ltr'>ut</span> <span class='ocrx_word' id='word_1_364' title='bbox 2658 456 2928 522; x_wconf 91' lang='lat' dir='ltr'>arbitror,</span> <span class='ocrx_word' id='word_1_365' title='bbox 2956 459 3189 514; x_wconf 90' lang='lat' dir='ltr'>vicisset</span> <span class='ocrx_word' id='word_1_366' title='bbox 3215 461 3606 532; x_wconf 76' lang='lat' dir='ltr'>affectionem,</span> <span class='ocrx_word' id='word_1_367' title='bbox 3634 464 3816 536; x_wconf 84' lang='lat' dir='ltr'>longe</span> 
     </span>
    </p>
   </div>
   <div class='ocr_carea' id='block_1_51' title="bbox 2103 546 3814 624">
    <p class='ocr_par' dir='ltr' id='par_1_51' title="bbox 2103 546 3814 624">
     <span class='ocr_line' id='line_1_51' title="bbox 2103 546 3814 624; baseline 0.003 -20"><span class='ocrx_word' id='word_1_368' title='bbox 2103 555 2392 604; x_wconf 88' lang='lat' dir='ltr'>remotum</span> <span class='ocrx_word' id='word_1_369' title='bbox 2432 549 2504 602; x_wconf 90' lang='lat' dir='ltr'>ab</span> <span class='ocrx_word' id='word_1_370' title='bbox 2547 546 2803 613; x_wconf 82' lang='lat' dir='ltr'>avaritia,</span> <span class='ocrx_word' id='word_1_371' title='bbox 2838 552 3175 603; x_wconf 89' lang='lat' dir='ltr'>contentum</span> <span class='ocrx_word' id='word_1_372' title='bbox 3218 566 3446 620; x_wconf 87' lang='lat' dir='ltr'>semper</span> <span class='ocrx_word' id='word_1_373' title='bbox 3492 554 3814 624; x_wconf 68' lang='lat' dir='ltr'>praesenti—</span> 
     </span>
    </p>
   </div>
   <div class='ocr_carea' id='block_1_52' title="bbox 2102 637 3815 714">
    <p class='ocr_par' dir='ltr' id='par_1_52' title="bbox 2102 637 3815 714">
     <span class='ocr_line' id='line_1_52' title="bbox 2102 637 3815 714; baseline 0.004 -22"><span class='ocrx_word' id='word_1_374' title='bbox 2102 639 2232 698; x_wconf 91' lang='lat' dir='ltr'>bus,</span> <span class='ocrx_word' id='word_1_375' title='bbox 2270 655 2382 692; x_wconf 89' lang='lat' dir='ltr'>non</span> <span class='ocrx_word' id='word_1_376' title='bbox 2415 652 2472 690; x_wconf 91' lang='lat' dir='ltr'>se</span> <span class='ocrx_word' id='word_1_377' title='bbox 2503 641 2804 692; x_wconf 89' lang='lat' dir='ltr'>ornantem</span> <span class='ocrx_word' id='word_1_378' title='bbox 2839 637 3121 704; x_wconf 87' lang='lat' dir='ltr'>vestibus,</span> <span class='ocrx_word' id='word_1_379' title='bbox 3146 644 3547 710; x_wconf 90' lang='lat' dir='ltr'>contemptum</span> <span class='ocrx_word' id='word_1_380' title='bbox 3579 644 3815 714; x_wconf 82' lang='lat' dir='ltr'>gratias</span> 
     </span>
    </p>
   </div>
   <div class='ocr_carea' id='block_1_53' title="bbox 2098 727 3814 800">
    <p class='ocr_par' dir='ltr' id='par_1_53' title="bbox 2098 727 3814 800">
     <span class='ocr_line' id='line_1_53' title="bbox 2098 727 3814 800; baseline 0.003 -16"><span class='ocrx_word' id='word_1_381' title='bbox 2098 734 2417 800; x_wconf 88' lang='lat' dir='ltr'>argentem,</span> <span class='ocrx_word' id='word_1_382' title='bbox 2461 744 2562 798; x_wconf 89' lang='lat' dir='ltr'>pro</span> <span class='ocrx_word' id='word_1_383' title='bbox 2593 727 2882 796; x_wconf 82' lang='lat' dir='ltr'>germanis</span> <span class='ocrx_word' id='word_1_384' title='bbox 2915 729 3118 782; x_wconf 86' lang='lat' dir='ltr'>amicis</span> <span class='ocrx_word' id='word_1_385' title='bbox 3160 729 3422 800; x_wconf 89' lang='lat' dir='ltr'>pericula</span> <span class='ocrx_word' id='word_1_386' title='bbox 3469 737 3814 800; x_wconf 85' lang='lat' dir='ltr'>adeuntem,</span> 
     </span>
    </p>
   </div>
   <div class='ocr_carea' id='block_1_54' title="bbox 2098 817 3820 896">
    <p class='ocr_par' dir='ltr' id='par_1_54' title="bbox 2098 817 3820 896">
     <span class='ocr_line' id='line_1_54' title="bbox 2098 817 3820 896; baseline 0.002 -21"><span class='ocrx_word' id='word_1_387' title='bbox 2098 822 2386 876; x_wconf 68' lang='lat' dir='ltr'>daamones</span> <span class='ocrx_word' id='word_1_388' title='bbox 2417 823 2712 889; x_wconf 90' lang='lat' dir='ltr'>expertum</span> <span class='ocrx_word' id='word_1_389' title='bbox 2746 817 2872 888; x_wconf 90' lang='lat' dir='ltr'>plus</span> <span class='ocrx_word' id='word_1_390' title='bbox 2903 834 3079 890; x_wconf 90' lang='lat' dir='ltr'>quam</span> <span class='ocrx_word' id='word_1_391' title='bbox 3115 820 3349 889; x_wconf 89' lang='lat' dir='ltr'>millies,</span> <span class='ocrx_word' id='word_1_392' title='bbox 3391 823 3531 877; x_wconf 91' lang='lat' dir='ltr'>adeo</span> <span class='ocrx_word' id='word_1_393' title='bbox 3567 831 3627 878; x_wconf 90' lang='lat' dir='ltr'>ut</span> <span class='ocrx_word' id='word_1_394' title='bbox 3659 843 3820 896; x_wconf 88' lang='lat' dir='ltr'>quo-</span> 
     </span>
    </p>
   </div>
   <div class='ocr_carea' id='block_1_55' title="bbox 2096 910 3819 980">
    <p class='ocr_par' dir='ltr' id='par_1_55' title="bbox 2096 910 3819 980">
     <span class='ocr_line' id='line_1_55' title="bbox 2096 910 3819 980; baseline 0.003 -14"><span class='ocrx_word' id='word_1_395' title='bbox 2096 913 2223 966; x_wconf 89' lang='lat' dir='ltr'>dam</span> <span class='ocrx_word' id='word_1_396' title='bbox 2258 912 2349 966; x_wconf 93' lang='lat' dir='ltr'>die</span> <span class='ocrx_word' id='word_1_397' title='bbox 2399 927 2534 967; x_wconf 91' lang='lat' dir='ltr'>cum</span> <span class='ocrx_word' id='word_1_398' title='bbox 2577 927 2643 965; x_wconf 92' lang='lat' dir='ltr'>eo</span> <span class='ocrx_word' id='word_1_399' title='bbox 2685 910 2909 965; x_wconf 67' lang='lat' dir='ltr'>daemon</span> <span class='ocrx_word' id='word_1_400' title='bbox 2957 917 3156 980; x_wconf 88' lang='lat' dir='ltr'>pactus</span> <span class='ocrx_word' id='word_1_401' title='bbox 3197 912 3291 980; x_wconf 91' lang='lat' dir='ltr'>sit,</span> <span class='ocrx_word' id='word_1_402' title='bbox 3335 922 3390 967; x_wconf 92' lang='lat' dir='ltr'>et</span> <span class='ocrx_word' id='word_1_403' title='bbox 3430 914 3677 971; x_wconf 87' lang='lat' dir='ltr'>dixerit:</span> <span class='ocrx_word' id='word_1_404' title='bbox 3710 918 3819 972; x_wconf 78' lang='lat' dir='ltr'>Pa-</span> 
     </span>
    </p>
   </div>
   <div class='ocr_carea' id='block_1_56' title="bbox 2096 999 3814 1078">
    <p class='ocr_par' dir='ltr' id='par_1_56' title="bbox 2096 999 3814 1078">
     <span class='ocr_line' id='line_1_56' title="bbox 2096 999 3814 1078; baseline 0.003 -22"><span class='ocrx_word' id='word_1_405' title='bbox 2096 1003 2312 1056; x_wconf 91' lang='lat' dir='ltr'>ciscere</span> <span class='ocrx_word' id='word_1_406' title='bbox 2346 1017 2575 1055; x_wconf 90' lang='lat' dir='ltr'>mecum</span> <span class='ocrx_word' id='word_1_407' title='bbox 2623 1009 2674 1055; x_wconf 91' lang='lat' dir='ltr'>te</span> <span class='ocrx_word' id='word_1_408' title='bbox 2713 1000 2800 1054; x_wconf 90' lang='lat' dir='ltr'>vel</span> <span class='ocrx_word' id='word_1_409' title='bbox 2846 999 3025 1055; x_wconf 90' lang='lat' dir='ltr'>semel</span> <span class='ocrx_word' id='word_1_410' title='bbox 3075 1007 3474 1072; x_wconf 88' lang='lat' dir='ltr'>peccaturum,</span> <span class='ocrx_word' id='word_1_411' title='bbox 3520 1011 3577 1060; x_wconf 91' lang='lat' dir='ltr'>et</span> <span class='ocrx_word' id='word_1_412' title='bbox 3622 1024 3814 1078; x_wconf 87' lang='lat' dir='ltr'>quam</span> 
     </span>
    </p>
   </div>
   <div class='ocr_carea' id='block_1_57' title="bbox 2095 1089 3808 1160">
    <p class='ocr_par' dir='ltr' id='par_1_57' title="bbox 2095 1089 3808 1160">
     <span class='ocr_line' id='line_1_57' title="bbox 2095 1089 3808 1160; baseline 0.004 -16"><span class='ocrx_word' id='word_1_413' title='bbox 2095 1091 2235 1145; x_wconf 89' lang='lat' dir='ltr'>mihi</span> <span class='ocrx_word' id='word_1_414' title='bbox 2277 1092 2332 1145; x_wconf 94' lang='lat' dir='ltr'>in</span> <span class='ocrx_word' id='word_1_415' title='bbox 2375 1092 2481 1145; x_wconf 89' lang='lat' dir='ltr'>hac</span> <span class='ocrx_word' id='word_1_416' title='bbox 2524 1091 2640 1145; x_wconf 90' lang='lat' dir='ltr'>vita</span> <span class='ocrx_word' id='word_1_417' title='bbox 2690 1089 2923 1157; x_wconf 88' lang='lat' dir='ltr'>dixeris,</span> <span class='ocrx_word' id='word_1_418' title='bbox 2966 1091 3050 1144; x_wconf 88' lang='lat' dir='ltr'>vel</span> <span class='ocrx_word' id='word_1_419' title='bbox 3102 1092 3377 1160; x_wconf 88' lang='lat' dir='ltr'>nobilem,</span> <span class='ocrx_word' id='word_1_420' title='bbox 3427 1095 3513 1148; x_wconf 91' lang='lat' dir='ltr'>vel</span> <span class='ocrx_word' id='word_1_421' title='bbox 3563 1096 3808 1152; x_wconf 86' lang='lat' dir='ltr'>divitem</span> 
     </span>
    </p>
   </div>
   <div class='ocr_carea' id='block_1_58' title="bbox 2092 1179 3814 1256">
    <p class='ocr_par' dir='ltr' id='par_1_58' title="bbox 2092 1179 3814 1256">
     <span class='ocr_line' id='line_1_58' title="bbox 2092 1179 3814 1256; baseline 0.003 -21"><span class='ocrx_word' id='word_1_422' title='bbox 2092 1196 2220 1235; x_wconf 90' lang='lat' dir='ltr'>eam</span> <span class='ocrx_word' id='word_1_423' title='bbox 2252 1182 2322 1236; x_wconf 84' lang='lat' dir='ltr'>ad</span> <span class='ocrx_word' id='word_1_424' title='bbox 2356 1184 2412 1234; x_wconf 91' lang='lat' dir='ltr'>te</span> <span class='ocrx_word' id='word_1_425' title='bbox 2444 1180 2751 1234; x_wconf 87' lang='lat' dir='ltr'>adducam.</span> <span class='ocrx_word' id='word_1_426' title='bbox 2787 1179 2854 1233; x_wconf 88' lang='lat' dir='ltr'>Et</span> <span class='ocrx_word' id='word_1_427' title='bbox 2887 1195 3092 1234; x_wconf 91' lang='lat' dir='ltr'>rursus</span> <span class='ocrx_word' id='word_1_428' title='bbox 3135 1197 3265 1235; x_wconf 92' lang='lat' dir='ltr'>cum</span> <span class='ocrx_word' id='word_1_429' title='bbox 3309 1182 3623 1254; x_wconf 90' lang='lat' dir='ltr'>aliquando</span> <span class='ocrx_word' id='word_1_430' title='bbox 3657 1203 3814 1256; x_wconf 85' lang='lat' dir='ltr'>qua-</span> 
     </span>
    </p>
   </div>
   <div class='ocr_carea' id='block_1_59' title="bbox 2091 1269 3814 1340">
    <p class='ocr_par' dir='ltr' id='par_1_59' title="bbox 2091 1269 3814 1340">
     <span class='ocr_line' id='line_1_59' title="bbox 2091 1269 3814 1340; baseline 0.003 -16"><span class='ocrx_word' id='word_1_431' title='bbox 2091 1269 2411 1324; x_wconf 87' lang='lat' dir='ltr'>tuordecim</span> <span class='ocrx_word' id='word_1_432' title='bbox 2480 1273 2676 1324; x_wconf 88' lang='lat' dir='ltr'>noctes</span> <span class='ocrx_word' id='word_1_433' title='bbox 2733 1283 2864 1322; x_wconf 89' lang='lat' dir='ltr'>cum</span> <span class='ocrx_word' id='word_1_434' title='bbox 2923 1284 2988 1322; x_wconf 93' lang='lat' dir='ltr'>eo</span> <span class='ocrx_word' id='word_1_435' title='bbox 3057 1269 3462 1340; x_wconf 84' lang='lat' dir='ltr'>depugnasset,</span> <span class='ocrx_word' id='word_1_436' title='bbox 3524 1279 3588 1327; x_wconf 89' lang='lat' dir='ltr'>ut</span> <span class='ocrx_word' id='word_1_437' title='bbox 3659 1276 3814 1330; x_wconf 89' lang='lat' dir='ltr'>mihi</span> 
     </span>
    </p>
   </div>
   <div class='ocr_carea' id='block_1_60' title="bbox 2093 1358 3813 1429">
    <p class='ocr_par' dir='ltr' id='par_1_60' title="bbox 2093 1358 3813 1429">
     <span class='ocr_line' id='line_1_60' title="bbox 2093 1358 3813 1429; baseline 0.003 -15"><span class='ocrx_word' id='word_1_438' title='bbox 2093 1361 2369 1427; x_wconf 90' lang='lat' dir='ltr'>narravit,</span> <span class='ocrx_word' id='word_1_439' title='bbox 2404 1364 2458 1413; x_wconf 88' lang='lat' dir='ltr'>et</span> <span class='ocrx_word' id='word_1_440' title='bbox 2490 1364 2664 1413; x_wconf 90' lang='lat' dir='ltr'>noctu</span> <span class='ocrx_word' id='word_1_441' title='bbox 2715 1358 2856 1428; x_wconf 91' lang='lat' dir='ltr'>pede</span> <span class='ocrx_word' id='word_1_442' title='bbox 2900 1361 3193 1427; x_wconf 86' lang='lat' dir='ltr'>traxisset,</span> <span class='ocrx_word' id='word_1_443' title='bbox 3234 1361 3428 1429; x_wconf 89' lang='lat' dir='ltr'>ipsum</span> <span class='ocrx_word' id='word_1_444' title='bbox 3469 1368 3556 1417; x_wconf 90' lang='lat' dir='ltr'>est</span> <span class='ocrx_word' id='word_1_445' title='bbox 3587 1363 3813 1420; x_wconf 87' lang='lat' dir='ltr'>allocu-</span> 
     </span>
    </p>
   </div>
   <div class='ocr_carea' id='block_1_61' title="bbox 2090 1448 3813 1516">
    <p class='ocr_par' dir='ltr' id='par_1_61' title="bbox 2090 1448 3813 1516">
     <span class='ocr_line' id='line_1_61' title="bbox 2090 1448 3813 1516; baseline 0.004 -12"><span class='ocrx_word' id='word_1_446' title='bbox 2090 1454 2208 1516; x_wconf 88' lang='lat' dir='ltr'>tus,</span> <span class='ocrx_word' id='word_1_447' title='bbox 2241 1450 2481 1506; x_wconf 85' lang='lat' dir='ltr'>dicens:</span> <span class='ocrx_word' id='word_1_448' title='bbox 2534 1448 2662 1503; x_wconf 92' lang='lat' dir='ltr'>Noli</span> <span class='ocrx_word' id='word_1_449' title='bbox 2715 1449 2956 1504; x_wconf 91' lang='lat' dir='ltr'>adorare</span> <span class='ocrx_word' id='word_1_450' title='bbox 2997 1449 3316 1515; x_wconf 86' lang='lat' dir='ltr'>Christum,</span> <span class='ocrx_word' id='word_1_451' title='bbox 3369 1457 3425 1506; x_wconf 89' lang='lat' dir='ltr'>et</span> <span class='ocrx_word' id='word_1_452' title='bbox 3484 1454 3557 1507; x_wconf 88' lang='lat' dir='ltr'>ad</span> <span class='ocrx_word' id='word_1_453' title='bbox 3590 1462 3640 1508; x_wconf 90' lang='lat' dir='ltr'>te</span> <span class='ocrx_word' id='word_1_454' title='bbox 3687 1473 3813 1511; x_wconf 84' lang='lat' dir='ltr'>non</span> 
     </span>
    </p>
   </div>
   <div class='ocr_carea' id='block_1_62' title="bbox 2091 1537 3812 1609">
    <p class='ocr_par' dir='ltr' id='par_1_62' title="bbox 2091 1537 3812 1609">
     <span class='ocr_line' id='line_1_62' title="bbox 2091 1537 3812 1609; baseline 0.003 -17"><span class='ocrx_word' id='word_1_455' title='bbox 2091 1538 2385 1592; x_wconf 86' lang='lat' dir='ltr'>accedam.</span> <span class='ocrx_word' id='word_1_456' title='bbox 2421 1540 2474 1593; x_wconf 88' lang='lat' dir='ltr'>Is</span> <span class='ocrx_word' id='word_1_457' title='bbox 2513 1538 2889 1605; x_wconf 89' lang='lat' dir='ltr'>respondens,</span> <span class='ocrx_word' id='word_1_458' title='bbox 2918 1537 3099 1592; x_wconf 88' lang='lat' dir='ltr'>dixit:</span> <span class='ocrx_word' id='word_1_459' title='bbox 3137 1538 3440 1609; x_wconf 86' lang='lat' dir='ltr'>Propterea</span> <span class='ocrx_word' id='word_1_460' title='bbox 3481 1558 3616 1596; x_wconf 91' lang='lat' dir='ltr'>eum</span> <span class='ocrx_word' id='word_1_461' title='bbox 3661 1543 3812 1597; x_wconf 87' lang='lat' dir='ltr'>ado-</span> 
     </span>
    </p>
   </div>
   <div class='ocr_carea' id='block_1_63' title="bbox 2090 1626 3805 1700">
    <p class='ocr_par' dir='ltr' id='par_1_63' title="bbox 2090 1626 3805 1700">
     <span class='ocr_line' id='line_1_63' title="bbox 2090 1626 3805 1700; baseline 0.003 -18"><span class='ocrx_word' id='word_1_462' title='bbox 2090 1644 2175 1692; x_wconf 86' lang='lat' dir='ltr'>ro,</span> <span class='ocrx_word' id='word_1_463' title='bbox 2207 1632 2264 1682; x_wconf 92' lang='lat' dir='ltr'>et</span> <span class='ocrx_word' id='word_1_464' title='bbox 2291 1626 2822 1681; x_wconf 81' lang='lat' dir='ltr'>innumerabilibus</span> <span class='ocrx_word' id='word_1_465' title='bbox 2851 1626 3105 1698; x_wconf 90' lang='lat' dir='ltr'>amplius</span> <span class='ocrx_word' id='word_1_466' title='bbox 3145 1629 3408 1696; x_wconf 90' lang='lat' dir='ltr'>partibus</span> <span class='ocrx_word' id='word_1_467' title='bbox 3434 1631 3805 1700; x_wconf 80' lang='lat' dir='ltr'>glorificabo,</span> 
     </span>
    </p>
   </div>
   <div class='ocr_carea' id='block_1_64' title="bbox 2091 1717 3804 1788">
    <p class='ocr_par' dir='ltr' id='par_1_64' title="bbox 2091 1717 3804 1788">
     <span class='ocr_line' id='line_1_64' title="bbox 2091 1717 3804 1788; baseline 0.005 -16"><span class='ocrx_word' id='word_1_468' title='bbox 2091 1723 2148 1772; x_wconf 91' lang='lat' dir='ltr'>et</span> <span class='ocrx_word' id='word_1_469' title='bbox 2178 1719 2396 1788; x_wconf 83' lang='lat' dir='ltr'>saepius</span> <span class='ocrx_word' id='word_1_470' title='bbox 2426 1718 2621 1782; x_wconf 90' lang='lat' dir='ltr'>orabo,</span> <span class='ocrx_word' id='word_1_471' title='bbox 2645 1717 2918 1787; x_wconf 75' lang='lat' dir='ltr'>quoniam</span> <span class='ocrx_word' id='word_1_472' title='bbox 2949 1718 3075 1786; x_wconf 84' lang='lat' dir='ltr'>ejus</span> <span class='ocrx_word' id='word_1_473' title='bbox 3105 1717 3300 1773; x_wconf 88' lang='lat' dir='ltr'>cultus</span> <span class='ocrx_word' id='word_1_474' title='bbox 3333 1725 3388 1774; x_wconf 91' lang='lat' dir='ltr'>te</span> <span class='ocrx_word' id='word_1_475' title='bbox 3422 1724 3571 1778; x_wconf 90' lang='lat' dir='ltr'>male</span> <span class='ocrx_word' id='word_1_476' title='bbox 3602 1724 3804 1780; x_wconf 88' lang='lat' dir='ltr'>habet.</span> 
     </span>
    </p>
   </div>
   <div class='ocr_carea' id='block_1_65' title="bbox 2091 1805 3811 1878">
    <p class='ocr_par' dir='ltr' id='par_1_65' title="bbox 2091 1805 3811 1878">
     <span class='ocr_line' id='line_1_65' title="bbox 2091 1805 3811 1878; baseline 0.005 -18"><span class='ocrx_word' id='word_1_477' title='bbox 2091 1805 2153 1860; x_wconf 92' lang='lat' dir='ltr'>In</span> <span class='ocrx_word' id='word_1_478' title='bbox 2186 1811 2419 1860; x_wconf 87' lang='lat' dir='ltr'>centum</span> <span class='ocrx_word' id='word_1_479' title='bbox 2453 1817 2506 1860; x_wconf 92' lang='lat' dir='ltr'>et</span> <span class='ocrx_word' id='word_1_480' title='bbox 2537 1821 2636 1861; x_wconf 88' lang='lat' dir='ltr'>sex</span> <span class='ocrx_word' id='word_1_481' title='bbox 2682 1805 2830 1861; x_wconf 84' lang='lat' dir='ltr'>venit</span> <span class='ocrx_word' id='word_1_482' title='bbox 2881 1805 3158 1875; x_wconf 90' lang='lat' dir='ltr'>civitates,</span> <span class='ocrx_word' id='word_1_483' title='bbox 3202 1812 3259 1862; x_wconf 92' lang='lat' dir='ltr'>et</span> <span class='ocrx_word' id='word_1_484' title='bbox 3306 1808 3364 1862; x_wconf 92' lang='lat' dir='ltr'>in</span> <span class='ocrx_word' id='word_1_485' title='bbox 3414 1810 3686 1878; x_wconf 90' lang='lat' dir='ltr'>plurimis</span> <span class='ocrx_word' id='word_1_486' title='bbox 3718 1819 3811 1868; x_wconf 88' lang='lat' dir='ltr'>est</span> 
     </span>
    </p>
   </div>
   <div class='ocr_carea' id='block_1_66' title="bbox 2091 1896 3809 1966">
    <p class='ocr_par' dir='ltr' id='par_1_66' title="bbox 2091 1896 3809 1966">
     <span class='ocr_line' id='line_1_66' title="bbox 2091 1896 3809 1966; baseline 0.003 -15"><span class='ocrx_word' id='word_1_487' title='bbox 2091 1896 2263 1951; x_wconf 90' lang='lat' dir='ltr'>etiam</span> <span class='ocrx_word' id='word_1_488' title='bbox 2297 1896 2492 1966; x_wconf 89' lang='lat' dir='ltr'>aliquo</span> <span class='ocrx_word' id='word_1_489' title='bbox 2527 1900 2785 1966; x_wconf 88' lang='lat' dir='ltr'>tempore</span> <span class='ocrx_word' id='word_1_490' title='bbox 2815 1901 3098 1951; x_wconf 88' lang='lat' dir='ltr'>versatus.</span> <span class='ocrx_word' id='word_1_491' title='bbox 3143 1896 3404 1954; x_wconf 86' lang='lat' dir='ltr'>Mulieris</span> <span class='ocrx_word' id='word_1_492' title='bbox 3437 1901 3660 1956; x_wconf 89' lang='lat' dir='ltr'>nullam</span> <span class='ocrx_word' id='word_1_493' title='bbox 3697 1903 3809 1956; x_wconf 87' lang='lat' dir='ltr'>ha-</span> 
     </span>
    </p>
   </div>
   <div class='ocr_carea' id='block_1_67' title="bbox 2091 1983 3808 2058">
    <p class='ocr_par' dir='ltr' id='par_1_67' title="bbox 2091 1983 3808 2058">
     <span class='ocr_line' id='line_1_67' title="bbox 2091 1983 3808 2058; baseline 0.005 -20"><span class='ocrx_word' id='word_1_494' title='bbox 2091 1985 2219 2038; x_wconf 90' lang='lat' dir='ltr'>buit</span> <span class='ocrx_word' id='word_1_495' title='bbox 2261 1985 2695 2056; x_wconf 86' lang='lat' dir='ltr'>experientiam,</span> <span class='ocrx_word' id='word_1_496' title='bbox 2737 2000 2810 2039; x_wconf 91' lang='lat' dir='ltr'>ne</span> <span class='ocrx_word' id='word_1_497' title='bbox 2839 1983 2898 2038; x_wconf 88' lang='lat' dir='ltr'>in</span> <span class='ocrx_word' id='word_1_498' title='bbox 2931 1986 3154 2040; x_wconf 87' lang='lat' dir='ltr'>somnis</span> <span class='ocrx_word' id='word_1_499' title='bbox 3196 1988 3452 2058; x_wconf 88' lang='lat' dir='ltr'>quidem,</span> <span class='ocrx_word' id='word_1_500' title='bbox 3500 1990 3614 2044; x_wconf 88' lang='lat' dir='ltr'>nisi</span> <span class='ocrx_word' id='word_1_501' title='bbox 3659 1993 3708 2045; x_wconf 91' lang='lat' dir='ltr'>si</span> <span class='ocrx_word' id='word_1_502' title='bbox 3741 2009 3808 2048; x_wconf 88' lang='lat' dir='ltr'>se</span> 
     </span>
    </p>
   </div>
   <div class='ocr_carea' id='block_1_68' title="bbox 2091 2074 3808 2148">
    <p class='ocr_par' dir='ltr' id='par_1_68' title="bbox 2091 2074 3808 2148">
     <span class='ocr_line' id='line_1_68' title="bbox 2091 2074 3808 2148; baseline 0.004 -19"><span class='ocrx_word' id='word_1_503' title='bbox 2091 2074 2407 2129; x_wconf 89' lang='lat' dir='ltr'>somniaret</span> <span class='ocrx_word' id='word_1_504' title='bbox 2449 2091 2481 2127; x_wconf 89' lang='lat' dir='ltr'>a</span> <span class='ocrx_word' id='word_1_505' title='bbox 2522 2074 2780 2128; x_wconf 68' lang='lat' dir='ltr'>dasmone</span> <span class='ocrx_word' id='word_1_506' title='bbox 2838 2074 3237 2130; x_wconf 81' lang='lat' dir='ltr'>fornicationis</span> <span class='ocrx_word' id='word_1_507' title='bbox 3289 2079 3628 2148; x_wconf 72' lang='lat' dir='ltr'>Oppugnari.</span> <span class='ocrx_word' id='word_1_508' title='bbox 3686 2082 3808 2136; x_wconf 84' lang='lat' dir='ltr'>Ter</span> 
     </span>
    </p>
   </div>
   <div class='ocr_carea' id='block_1_69' title="bbox 2091 2162 3797 2237">
    <p class='ocr_par' dir='ltr' id='par_1_69' title="bbox 2091 2162 3797 2237">
     <span class='ocr_line' id='line_1_69' title="bbox 2091 2162 3797 2237; baseline 0.004 -19"><span class='ocrx_word' id='word_1_509' title='bbox 2091 2179 2223 2218; x_wconf 91' lang='lat' dir='ltr'>eum</span> <span class='ocrx_word' id='word_1_510' title='bbox 2271 2163 2400 2218; x_wconf 89' lang='lat' dir='ltr'>novi</span> <span class='ocrx_word' id='word_1_511' title='bbox 2447 2163 2591 2218; x_wconf 89' lang='lat' dir='ltr'>cibis</span> <span class='ocrx_word' id='word_1_512' title='bbox 2640 2162 2997 2233; x_wconf 86' lang='lat' dir='ltr'>indigentem</span> <span class='ocrx_word' id='word_1_513' title='bbox 3045 2163 3344 2221; x_wconf 86' lang='lat' dir='ltr'>esculenta</span> <span class='ocrx_word' id='word_1_514' title='bbox 3390 2170 3671 2237; x_wconf 85' lang='lat' dir='ltr'>accepisse</span> <span class='ocrx_word' id='word_1_515' title='bbox 3712 2171 3797 2224; x_wconf 86' lang='lat' dir='ltr'>ab</span> 
     </span>
    </p>
   </div>
   <div class='ocr_carea' id='block_1_70' title="bbox 2089 2252 3793 2323">
    <p class='ocr_par' dir='ltr' id='par_1_70' title="bbox 2089 2252 3793 2323">
     <span class='ocr_line' id='line_1_70' title="bbox 2089 2252 3793 2323; baseline 0.004 -15"><span class='ocrx_word' id='word_1_516' title='bbox 2089 2253 2318 2323; x_wconf 89' lang='lat' dir='ltr'>angelo.</span> <span class='ocrx_word' id='word_1_517' title='bbox 2351 2255 2610 2318; x_wconf 87' lang='lat' dir='ltr'>Quodam</span> <span class='ocrx_word' id='word_1_518' title='bbox 2649 2253 2742 2307; x_wconf 91' lang='lat' dir='ltr'>die</span> <span class='ocrx_word' id='word_1_519' title='bbox 2788 2269 2917 2307; x_wconf 90' lang='lat' dir='ltr'>cum</span> <span class='ocrx_word' id='word_1_520' title='bbox 2965 2252 3022 2307; x_wconf 90' lang='lat' dir='ltr'>in</span> <span class='ocrx_word' id='word_1_521' title='bbox 3072 2260 3324 2309; x_wconf 86' lang='lat' dir='ltr'>extrema</span> <span class='ocrx_word' id='word_1_522' title='bbox 3364 2257 3665 2313; x_wconf 88' lang='lat' dir='ltr'>solitudine</span> <span class='ocrx_word' id='word_1_523' title='bbox 3715 2276 3793 2315; x_wconf 88' lang='lat' dir='ltr'>ne</span> 
     </span>
    </p>
   </div>
   <div class='ocr_carea' id='block_1_71' title="bbox 2090 2342 3794 2416">
    <p class='ocr_par' dir='ltr' id='par_1_71' title="bbox 2090 2342 3794 2416">
     <span class='ocr_line' id='line_1_71' title="bbox 2090 2342 3794 2416; baseline 0.004 -19"><span class='ocrx_word' id='word_1_524' title='bbox 2090 2343 2294 2397; x_wconf 84' lang='lat' dir='ltr'>micam</span> <span class='ocrx_word' id='word_1_525' title='bbox 2347 2343 2584 2412; x_wconf 87' lang='lat' dir='ltr'>quidem</span> <span class='ocrx_word' id='word_1_526' title='bbox 2636 2343 2893 2410; x_wconf 88' lang='lat' dir='ltr'>haberet,</span> <span class='ocrx_word' id='word_1_527' title='bbox 2939 2342 3163 2398; x_wconf 86' lang='lat' dir='ltr'>invenit</span> <span class='ocrx_word' id='word_1_528' title='bbox 3193 2345 3252 2398; x_wconf 94' lang='lat' dir='ltr'>in</span> <span class='ocrx_word' id='word_1_529' title='bbox 3303 2346 3451 2416; x_wconf 91' lang='lat' dir='ltr'>pelle</span> <span class='ocrx_word' id='word_1_530' title='bbox 3482 2347 3649 2402; x_wconf 85' lang='lat' dir='ltr'>ovina</span> <span class='ocrx_word' id='word_1_531' title='bbox 3681 2358 3794 2404; x_wconf 90' lang='lat' dir='ltr'>tres</span> 
     </span>
    </p>
   </div>
   <div class='ocr_carea' id='block_1_72' title="bbox 2091 2431 3798 2504">
    <p class='ocr_par' dir='ltr' id='par_1_72' title="bbox 2091 2431 3798 2504">
     <span class='ocr_line' id='line_1_72' title="bbox 2091 2431 3798 2504; baseline 0.005 -18"><span class='ocrx_word' id='word_1_532' title='bbox 2091 2449 2268 2503; x_wconf 87' lang='lat' dir='ltr'>panes</span> <span class='ocrx_word' id='word_1_533' title='bbox 2302 2431 2517 2486; x_wconf 89' lang='lat' dir='ltr'>calidos</span> <span class='ocrx_word' id='word_1_534' title='bbox 2565 2431 2953 2500; x_wconf 86' lang='lat' dir='ltr'>paxamidios;</span> <span class='ocrx_word' id='word_1_535' title='bbox 3008 2432 3322 2504; x_wconf 89' lang='lat' dir='ltr'>aliquando</span> <span class='ocrx_word' id='word_1_536' title='bbox 3365 2453 3572 2492; x_wconf 91' lang='lat' dir='ltr'>rursus</span> <span class='ocrx_word' id='word_1_537' title='bbox 3598 2441 3798 2494; x_wconf 90' lang='lat' dir='ltr'>vinum</span> 
     </span>
    </p>
   </div>
   <div class='ocr_carea' id='block_1_73' title="bbox 2089 2520 3797 2594">
    <p class='ocr_par' dir='ltr' id='par_1_73' title="bbox 2089 2520 3797 2594">
     <span class='ocr_line' id='line_1_73' title="bbox 2089 2520 3797 2594; baseline 0.005 -20"><span class='ocrx_word' id='word_1_538' title='bbox 2089 2525 2145 2575; x_wconf 92' lang='lat' dir='ltr'>et</span> <span class='ocrx_word' id='word_1_539' title='bbox 2187 2537 2436 2590; x_wconf 91' lang='lat' dir='ltr'>panem;</span> <span class='ocrx_word' id='word_1_540' title='bbox 2495 2520 2808 2591; x_wconf 86' lang='lat' dir='ltr'>aliquando</span> <span class='ocrx_word' id='word_1_541' title='bbox 2869 2537 3071 2575; x_wconf 85' lang='lat' dir='ltr'>rursus</span> <span class='ocrx_word' id='word_1_542' title='bbox 3130 2522 3284 2577; x_wconf 90' lang='lat' dir='ltr'>venit</span> <span class='ocrx_word' id='word_1_543' title='bbox 3341 2525 3412 2579; x_wconf 91' lang='lat' dir='ltr'>ad</span> <span class='ocrx_word' id='word_1_544' title='bbox 3474 2542 3609 2580; x_wconf 89' lang='lat' dir='ltr'>eum</span> <span class='ocrx_word' id='word_1_545' title='bbox 3667 2545 3797 2594; x_wconf 85' lang='lat' dir='ltr'>vox,</span> 
     </span>
    </p>
   </div>
   <div class='ocr_carea' id='block_1_74' title="bbox 2089 2609 3796 2685">
    <p class='ocr_par' dir='ltr' id='par_1_74' title="bbox 2089 2609 3796 2685">
     <span class='ocr_line' id='line_1_74' title="bbox 2089 2609 3796 2685; baseline 0.005 -21"><span class='ocrx_word' id='word_1_546' title='bbox 2089 2611 2289 2664; x_wconf 91' lang='lat' dir='ltr'>dicens</span> <span class='ocrx_word' id='word_1_547' title='bbox 2317 2626 2328 2662; x_wconf 92' lang='lat'>:</span> <span class='ocrx_word' id='word_1_548' title='bbox 2362 2609 2502 2664; x_wconf 90' lang='lat' dir='ltr'>Novi</span> <span class='ocrx_word' id='word_1_549' title='bbox 2537 2609 2640 2663; x_wconf 90' lang='lat' dir='ltr'>tibi</span> <span class='ocrx_word' id='word_1_550' title='bbox 2672 2609 2872 2664; x_wconf 90' lang='lat' dir='ltr'>deesse</span> <span class='ocrx_word' id='word_1_551' title='bbox 2894 2610 3088 2680; x_wconf 89' lang='lat' dir='ltr'>cibos;</span> <span class='ocrx_word' id='word_1_552' title='bbox 3122 2613 3262 2667; x_wconf 87' lang='lat' dir='ltr'>vade</span> <span class='ocrx_word' id='word_1_553' title='bbox 3302 2619 3360 2668; x_wconf 89' lang='lat' dir='ltr'>et</span> <span class='ocrx_word' id='word_1_554' title='bbox 3390 2615 3588 2685; x_wconf 86' lang='lat' dir='ltr'>accipe</span> <span class='ocrx_word' id='word_1_555' title='bbox 3621 2617 3694 2671; x_wconf 87' lang='lat' dir='ltr'>ab</span> <span class='ocrx_word' id='word_1_556' title='bbox 3728 2618 3796 2673; x_wconf 74' lang='grc' dir='ltr'><strong>Ν.</strong></span> 
     </span>
    </p>
   </div>
   <div class='ocr_carea' id='block_1_75' title="bbox 2086 2697 3804 2774">
    <p class='ocr_par' dir='ltr' id='par_1_75' title="bbox 2086 2697 3804 2774">
     <span class='ocr_line' id='line_1_75' title="bbox 2086 2697 3804 2774; baseline 0.006 -22"><span class='ocrx_word' id='word_1_557' title='bbox 2086 2697 2186 2752; x_wconf 92' lang='lat' dir='ltr'>illo</span> <span class='ocrx_word' id='word_1_558' title='bbox 2221 2698 2452 2753; x_wconf 90' lang='lat' dir='ltr'>homine</span> <span class='ocrx_word' id='word_1_559' title='bbox 2485 2699 2839 2753; x_wconf 87' lang='lat' dir='ltr'>frumentum</span> <span class='ocrx_word' id='word_1_560' title='bbox 2871 2707 2924 2754; x_wconf 89' lang='lat' dir='ltr'>et</span> <span class='ocrx_word' id='word_1_561' title='bbox 2947 2699 3160 2754; x_wconf 90' lang='lat' dir='ltr'>oleum.</span> <span class='ocrx_word' id='word_1_562' title='bbox 3195 2701 3335 2756; x_wconf 90' lang='lat' dir='ltr'>Cum</span> <span class='ocrx_word' id='word_1_563' title='bbox 3365 2718 3502 2774; x_wconf 86' lang='lat' dir='ltr'>ergo</span> <span class='ocrx_word' id='word_1_564' title='bbox 3543 2707 3804 2763; x_wconf 82' lang='lat' dir='ltr'>venisset</span> 
     </span>
    </p>
   </div>
   <div class='ocr_carea' id='block_1_76' title="bbox 2089 2787 3798 2860">
    <p class='ocr_par' dir='ltr' id='par_1_76' title="bbox 2089 2787 3798 2860">
     <span class='ocr_line' id='line_1_76' title="bbox 2089 2787 3798 2860; baseline 0.006 -19"><span class='ocrx_word' id='word_1_565' title='bbox 2089 2789 2159 2841; x_wconf 88' lang='lat' dir='ltr'>ad</span> <span class='ocrx_word' id='word_1_566' title='bbox 2195 2787 2360 2842; x_wconf 90' lang='lat' dir='ltr'>illum</span> <span class='ocrx_word' id='word_1_567' title='bbox 2394 2789 2464 2841; x_wconf 90' lang='lat' dir='ltr'>ad</span> <span class='ocrx_word' id='word_1_568' title='bbox 2499 2803 2673 2858; x_wconf 91' lang='lat' dir='ltr'>quem</span> <span class='ocrx_word' id='word_1_569' title='bbox 2709 2788 2926 2842; x_wconf 89' lang='lat' dir='ltr'>missus</span> <span class='ocrx_word' id='word_1_570' title='bbox 2953 2789 3152 2858; x_wconf 86' lang='lat' dir='ltr'>fuerat,</span> <span class='ocrx_word' id='word_1_571' title='bbox 3186 2789 3235 2844; x_wconf 91' lang='lat' dir='ltr'>is</span> <span class='ocrx_word' id='word_1_572' title='bbox 3269 2792 3376 2860; x_wconf 91' lang='lat' dir='ltr'>ipsi</span> <span class='ocrx_word' id='word_1_573' title='bbox 3408 2794 3577 2848; x_wconf 82' lang='lat' dir='ltr'>dixit:</span> <span class='ocrx_word' id='word_1_574' title='bbox 3613 2795 3694 2850; x_wconf 80' lang='lat' dir='ltr'>Tu</span> <span class='ocrx_word' id='word_1_575' title='bbox 3731 2815 3798 2852; x_wconf 88' lang='lat' dir='ltr'>es</span> 
     </span>
    </p>
   </div>
   <div class='ocr_carea' id='block_1_77' title="bbox 2087 2875 3799 2952">
    <p class='ocr_par' dir='ltr' id='par_1_77' title="bbox 2087 2875 3799 2952">
     <span class='ocr_line' id='line_1_77' title="bbox 2087 2875 3799 2952; baseline 0.006 -22"><span class='ocrx_word' id='word_1_576' title='bbox 2087 2876 2184 2930; x_wconf 92' lang='lat' dir='ltr'>ille</span> <span class='ocrx_word' id='word_1_577' title='bbox 2234 2875 2606 2931; x_wconf 68' lang='lat' dir='ltr'>monachus?</span> <span class='ocrx_word' id='word_1_578' title='bbox 2650 2879 2794 2931; x_wconf 91' lang='lat' dir='ltr'>Tum</span> <span class='ocrx_word' id='word_1_579' title='bbox 2844 2875 2978 2932; x_wconf 89' lang='lat' dir='ltr'>ille:</span> <span class='ocrx_word' id='word_1_580' title='bbox 3019 2877 3122 2946; x_wconf 89' lang='lat' dir='ltr'>lta,</span> <span class='ocrx_word' id='word_1_581' title='bbox 3154 2895 3284 2934; x_wconf 89' lang='lat' dir='ltr'>sum</span> <span class='ocrx_word' id='word_1_582' title='bbox 3317 2881 3368 2936; x_wconf 91' lang='lat' dir='ltr'>is</span> <span class='ocrx_word' id='word_1_583' title='bbox 3401 2899 3571 2952; x_wconf 89' lang='lat' dir='ltr'>quem</span> <span class='ocrx_word' id='word_1_584' title='bbox 3621 2886 3799 2942; x_wconf 85' lang='lat' dir='ltr'>dicis.</span> 
     </span>
    </p>
   </div>
   <div class='ocr_carea' id='block_1_78' title="bbox 2088 2965 3796 3036">
    <p class='ocr_par' dir='ltr' id='par_1_78' title="bbox 2088 2965 3796 3036">
     <span class='ocr_line' id='line_1_78' title="bbox 2088 2965 3796 3036; baseline 0.004 -13"><span class='ocrx_word' id='word_1_585' title='bbox 2088 2967 2348 3036; x_wconf 75' lang='lat' dir='ltr'>Sulijecit</span> <span class='ocrx_word' id='word_1_586' title='bbox 2379 2965 2556 3021; x_wconf 91' lang='lat' dir='ltr'>alter:</span> <span class='ocrx_word' id='word_1_587' title='bbox 2592 2966 3014 3021; x_wconf 88' lang='lat' dir='ltr'>Paterfamilias</span> <span class='ocrx_word' id='word_1_588' title='bbox 3051 2968 3226 3035; x_wconf 84' lang='lat' dir='ltr'>jussit</span> <span class='ocrx_word' id='word_1_589' title='bbox 3265 2971 3501 3036; x_wconf 89' lang='lat' dir='ltr'>quidem</span> <span class='ocrx_word' id='word_1_590' title='bbox 3556 2979 3610 3027; x_wconf 86' lang='lat' dir='ltr'>te</span> <span class='ocrx_word' id='word_1_591' title='bbox 3639 2979 3796 3030; x_wconf 84' lang='lat' dir='ltr'>acci-</span> 
     </span>
    </p>
   </div>
   <div class='ocr_carea' id='block_1_79' title="bbox 2087 3056 3799 3127">
    <p class='ocr_par' dir='ltr' id='par_1_79' title="bbox 2087 3056 3799 3127">
     <span class='ocr_line' id='line_1_79' title="bbox 2087 3056 3799 3127; baseline 0.007 -17"><span class='ocrx_word' id='word_1_592' title='bbox 2087 3072 2218 3127; x_wconf 87' lang='lat' dir='ltr'>pere</span> <span class='ocrx_word' id='word_1_593' title='bbox 2253 3057 2492 3127; x_wconf 89' lang='lat' dir='ltr'>triginta</span> <span class='ocrx_word' id='word_1_594' title='bbox 2525 3056 2751 3110; x_wconf 90' lang='lat' dir='ltr'>modios</span> <span class='ocrx_word' id='word_1_595' title='bbox 2771 3056 3066 3123; x_wconf 82' lang='lat' dir='ltr'>frumenti,</span> <span class='ocrx_word' id='word_1_596' title='bbox 3089 3065 3142 3112; x_wconf 89' lang='lat' dir='ltr'>et</span> <span class='ocrx_word' id='word_1_597' title='bbox 3172 3059 3480 3115; x_wconf 91' lang='lat' dir='ltr'>duodecim</span> <span class='ocrx_word' id='word_1_598' title='bbox 3515 3067 3799 3122; x_wconf 78' lang='lat' dir='ltr'>sextarios</span> 
     </span>
    </p>
   </div>
   <div class='ocr_carea' id='block_1_80' title="bbox 2086 3144 3793 3224">
    <p class='ocr_par' dir='ltr' id='par_1_80' title="bbox 2086 3144 3793 3224">
     <span class='ocr_line' id='line_1_80' title="bbox 2086 3144 3793 3224; baseline 0.006 -25"><span class='ocrx_word' id='word_1_599' title='bbox 2086 3144 2216 3200; x_wconf 89' lang='lat' dir='ltr'>olei.</span> <span class='ocrx_word' id='word_1_600' title='bbox 2249 3144 2328 3200; x_wconf 90' lang='lat' dir='ltr'>De</span> <span class='ocrx_word' id='word_1_601' title='bbox 2352 3161 2416 3198; x_wconf 91' lang='lat' dir='ltr'>eo</span> <span class='ocrx_word' id='word_1_602' title='bbox 2449 3151 2646 3214; x_wconf 91' lang='lat' dir='ltr'>potero</span> <span class='ocrx_word' id='word_1_603' title='bbox 2667 3144 2904 3215; x_wconf 91' lang='lat' dir='ltr'>gloriari</span> <span class='ocrx_word' id='word_1_604' title='bbox 2937 3162 3003 3200; x_wconf 91' lang='lat' dir='ltr'>ac</span> <span class='ocrx_word' id='word_1_605' title='bbox 3035 3147 3344 3217; x_wconf 62' lang='lat' dir='ltr'>praedicare</span> <span class='ocrx_word' id='word_1_606' title='bbox 3377 3153 3568 3220; x_wconf 91' lang='lat' dir='ltr'>qualis</span> <span class='ocrx_word' id='word_1_607' title='bbox 3601 3162 3793 3224; x_wconf 82' lang='lat' dir='ltr'>esset;</span> 
     </span>
    </p>
   </div>
   <div class='ocr_carea' id='block_1_81' title="bbox 2087 3233 3795 3314">
    <p class='ocr_par' dir='ltr' id='par_1_81' title="bbox 2087 3233 3795 3314">
     <span class='ocr_line' id='line_1_81' title="bbox 2087 3233 3795 3314; baseline 0.007 -27"><span class='ocrx_word' id='word_1_608' title='bbox 2087 3250 2259 3305; x_wconf 91' lang='lat' dir='ltr'>quem</span> <span class='ocrx_word' id='word_1_609' title='bbox 2287 3233 2415 3288; x_wconf 90' lang='lat' dir='ltr'>novi</span> <span class='ocrx_word' id='word_1_610' title='bbox 2448 3250 2598 3304; x_wconf 67' lang='lat' dir='ltr'>saepe</span> <span class='ocrx_word' id='word_1_611' title='bbox 2630 3250 2758 3289; x_wconf 91' lang='lat' dir='ltr'>esse</span> <span class='ocrx_word' id='word_1_612' title='bbox 2791 3235 3172 3304; x_wconf 81' lang='lat' dir='ltr'>lacrymatum</span> <span class='ocrx_word' id='word_1_613' title='bbox 3208 3245 3446 3309; x_wconf 89' lang='lat' dir='ltr'>propter</span> <span class='ocrx_word' id='word_1_614' title='bbox 3468 3257 3568 3296; x_wconf 86' lang='lat' dir='ltr'>eos</span> <span class='ocrx_word' id='word_1_615' title='bbox 3596 3247 3696 3314; x_wconf 88' lang='lat' dir='ltr'>qui</span> <span class='ocrx_word' id='word_1_616' title='bbox 3728 3263 3795 3299; x_wconf 88' lang='lat' dir='ltr'>ex</span> 
     </span>
    </p>
   </div>
   <div class='ocr_carea' id='block_1_82' title="bbox 2087 3323 3800 3401">
    <p class='ocr_par' dir='ltr' id='par_1_82' title="bbox 2087 3323 3800 3401">
     <span class='ocr_line' id='line_1_82' title="bbox 2087 3323 3800 3401; baseline 0.006 -23"><span class='ocrx_word' id='word_1_617' title='bbox 2087 3325 2429 3378; x_wconf 83' lang='lat' dir='ltr'>necessitate</span> <span class='ocrx_word' id='word_1_618' title='bbox 2457 3323 2798 3378; x_wconf 88' lang='lat' dir='ltr'>laborabant</span> <span class='ocrx_word' id='word_1_619' title='bbox 2827 3325 3023 3395; x_wconf 89' lang='lat' dir='ltr'>inopia</span> <span class='ocrx_word' id='word_1_620' title='bbox 3050 3342 3062 3391; x_wconf 93' lang='lat'>;</span> <span class='ocrx_word' id='word_1_621' title='bbox 3100 3327 3390 3395; x_wconf 74' lang='lat' dir='ltr'>praebebat</span> <span class='ocrx_word' id='word_1_622' title='bbox 3422 3347 3556 3400; x_wconf 79' lang='lat' dir='ltr'>ergo</span> <span class='ocrx_word' id='word_1_623' title='bbox 3591 3333 3639 3387; x_wconf 89' lang='lat' dir='ltr'>si</span> <span class='ocrx_word' id='word_1_624' title='bbox 3663 3336 3800 3401; x_wconf 85' lang='lat' dir='ltr'>quid</span> 
     </span>
    </p>
   </div>
   <div class='ocr_carea' id='block_1_83' title="bbox 2087 3413 3801 3485">
    <p class='ocr_par' dir='ltr' id='par_1_83' title="bbox 2087 3413 3801 3485">
     <span class='ocr_line' id='line_1_83' title="bbox 2087 3413 3801 3485; baseline 0.009 -19"><span class='ocrx_word' id='word_1_625' title='bbox 2087 3413 2357 3477; x_wconf 88' lang='lat' dir='ltr'>habebat,</span> <span class='ocrx_word' id='word_1_626' title='bbox 2392 3430 2497 3467; x_wconf 92' lang='lat' dir='ltr'>suo</span> <span class='ocrx_word' id='word_1_627' title='bbox 2531 3430 2766 3485; x_wconf 90' lang='lat' dir='ltr'>corpore</span> <span class='ocrx_word' id='word_1_628' title='bbox 2797 3421 3056 3485; x_wconf 87' lang='lat' dir='ltr'>excepto.</span> <span class='ocrx_word' id='word_1_629' title='bbox 3102 3416 3242 3470; x_wconf 88' lang='lat' dir='ltr'>Novi</span> <span class='ocrx_word' id='word_1_630' title='bbox 3285 3421 3461 3476; x_wconf 87' lang='lat' dir='ltr'>etiam</span> <span class='ocrx_word' id='word_1_631' title='bbox 3507 3439 3640 3478; x_wconf 91' lang='lat' dir='ltr'>eum</span> <span class='ocrx_word' id='word_1_632' title='bbox 3675 3442 3801 3482; x_wconf 84' lang='lat' dir='ltr'>esse</span> 
     </span>
    </p>
   </div>
   <div class='ocr_carea' id='block_1_84' title="bbox 2085 3503 3799 3581">
    <p class='ocr_par' dir='ltr' id='par_1_84' title="bbox 2085 3503 3799 3581">
     <span class='ocr_line' id='line_1_84' title="bbox 2085 3503 3799 3581; baseline 0.006 -24"><span class='ocrx_word' id='word_1_633' title='bbox 2085 3503 2466 3572; x_wconf 86' lang='lat' dir='ltr'>lacrymatum</span> <span class='ocrx_word' id='word_1_634' title='bbox 2494 3512 2726 3574; x_wconf 83' lang='lat' dir='ltr'>prOpter</span> <span class='ocrx_word' id='word_1_635' title='bbox 2755 3519 2887 3557; x_wconf 90' lang='lat' dir='ltr'>eum</span> <span class='ocrx_word' id='word_1_636' title='bbox 2922 3504 3020 3574; x_wconf 91' lang='lat' dir='ltr'>qui</span> <span class='ocrx_word' id='word_1_637' title='bbox 3055 3505 3339 3561; x_wconf 86' lang='lat' dir='ltr'>ceciderat</span> <span class='ocrx_word' id='word_1_638' title='bbox 3361 3510 3417 3563; x_wconf 91' lang='lat' dir='ltr'>in</span> <span class='ocrx_word' id='word_1_639' title='bbox 3452 3519 3713 3581; x_wconf 86' lang='lat' dir='ltr'>peccata,</span> <span class='ocrx_word' id='word_1_640' title='bbox 3747 3523 3799 3570; x_wconf 91' lang='lat' dir='ltr'>et</span> 
     </span>
    </p>
   </div>
   <div class='ocr_carea' id='block_1_85' title="bbox 2083 3593 3800 3670">
    <p class='ocr_par' dir='ltr' id='par_1_85' title="bbox 2083 3593 3800 3670">
     <span class='ocr_line' id='line_1_85' title="bbox 2083 3593 3800 3670; baseline -0.001 -22"><span class='ocrx_word' id='word_1_641' title='bbox 2083 3609 2215 3648; x_wconf 90' lang='lat' dir='ltr'>eum</span> <span class='ocrx_word' id='word_1_642' title='bbox 2249 3593 2346 3662; x_wconf 87' lang='lat' dir='ltr'>qui</span> <span class='ocrx_word' id='word_1_643' title='bbox 2385 3593 2673 3649; x_wconf 88' lang='lat' dir='ltr'>ceciderat</span> <span class='ocrx_word' id='word_1_644' title='bbox 2704 3594 3009 3648; x_wconf 85' lang='lat' dir='ltr'>adduxisse</span> <span class='ocrx_word' id='word_1_645' title='bbox 3059 3595 3327 3666; x_wconf 85' lang='lat' dir='ltr'>lacrymis</span> <span class='ocrx_word' id='word_1_646' title='bbox 3373 3601 3440 3652; x_wconf 90' lang='lat' dir='ltr'>ad</span> <span class='ocrx_word' id='word_1_647' title='bbox 3501 3603 3800 3670; x_wconf 67' lang='lat' dir='ltr'>paeniten-</span> 
     </span>
    </p>
   </div>
   <div class='ocr_carea' id='block_1_86' title="bbox 2085 3679 3799 3762">
    <p class='ocr_par' dir='ltr' id='par_1_86' title="bbox 2085 3679 3799 3762">
     <span class='ocr_line' id='line_1_86' title="bbox 2085 3679 3799 3762; baseline 0.007 -28"><span class='ocrx_word' id='word_1_648' title='bbox 2085 3680 2242 3735; x_wconf 89' lang='lat' dir='ltr'>liam.</span> <span class='ocrx_word' id='word_1_649' title='bbox 2273 3680 2327 3734; x_wconf 91' lang='lat' dir='ltr'>Is</span> <span class='ocrx_word' id='word_1_650' title='bbox 2363 3681 2502 3734; x_wconf 88' lang='lat' dir='ltr'>mibi</span> <span class='ocrx_word' id='word_1_651' title='bbox 2535 3679 2848 3750; x_wconf 86' lang='lat' dir='ltr'>aliquando</span> <span class='ocrx_word' id='word_1_652' title='bbox 2880 3681 2989 3736; x_wconf 88' lang='lat' dir='ltr'>hoc</span> <span class='ocrx_word' id='word_1_653' title='bbox 3031 3685 3327 3741; x_wconf 90' lang='lat' dir='ltr'>narravit:</span> <span class='ocrx_word' id='word_1_654' title='bbox 3363 3688 3536 3743; x_wconf 90' lang='lat' dir='ltr'>Deum</span> <span class='ocrx_word' id='word_1_655' title='bbox 3573 3695 3799 3762; x_wconf 81' lang='lat' dir='ltr'>rogavi,</span> 
     </span>
    </p>
   </div>
   <div class='ocr_carea' id='block_1_87' title="bbox 2083 3771 3798 3842">
    <p class='ocr_par' dir='ltr' id='par_1_87' title="bbox 2083 3771 3798 3842">
     <span class='ocr_line' id='line_1_87' title="bbox 2083 3771 3798 3842; baseline 0.008 -19"><span class='ocrx_word' id='word_1_656' title='bbox 2083 3777 2145 3824; x_wconf 92' lang='lat' dir='ltr'>ut</span> <span class='ocrx_word' id='word_1_657' title='bbox 2178 3771 2469 3825; x_wconf 90' lang='lat' dir='ltr'>neminem</span> <span class='ocrx_word' id='word_1_658' title='bbox 2494 3777 2926 3842; x_wconf 90' lang='lat' dir='ltr'>compungeret,</span> <span class='ocrx_word' id='word_1_659' title='bbox 2955 3776 3204 3829; x_wconf 79' lang='lat' dir='ltr'>maxime</span> <span class='ocrx_word' id='word_1_660' title='bbox 3225 3792 3290 3830; x_wconf 84' lang='lat' dir='ltr'>ex</span> <span class='ocrx_word' id='word_1_661' title='bbox 3313 3777 3598 3835; x_wconf 82' lang='lat' dir='ltr'>divitibus</span> <span class='ocrx_word' id='word_1_662' title='bbox 3622 3789 3676 3836; x_wconf 89' lang='lat' dir='ltr'>et</span> <span class='ocrx_word' id='word_1_663' title='bbox 3703 3786 3798 3837; x_wconf 84' lang='lat' dir='ltr'>im-</span> 
     </span>
    </p>
   </div>
   <div class='ocr_carea' id='block_1_88' title="bbox 2081 3859 3792 3936">
    <p class='ocr_par' dir='ltr' id='par_1_88' title="bbox 2081 3859 3792 3936">
     <span class='ocr_line' id='line_1_88' title="bbox 2081 3859 3792 3936; baseline 0.009 -24"><span class='ocrx_word' id='word_1_664' title='bbox 2081 3860 2300 3930; x_wconf 90' lang='lat' dir='ltr'>probis,</span> <span class='ocrx_word' id='word_1_665' title='bbox 2333 3867 2396 3914; x_wconf 91' lang='lat' dir='ltr'>ut</span> <span class='ocrx_word' id='word_1_666' title='bbox 2436 3859 2578 3914; x_wconf 90' lang='lat' dir='ltr'>mihi</span> <span class='ocrx_word' id='word_1_667' title='bbox 2633 3860 2851 3932; x_wconf 90' lang='lat' dir='ltr'>aliquid</span> <span class='ocrx_word' id='word_1_668' title='bbox 2906 3861 3111 3919; x_wconf 89' lang='lat' dir='ltr'>darent</span> <span class='ocrx_word' id='word_1_669' title='bbox 3142 3868 3290 3936; x_wconf 84' lang='lat' dir='ltr'>quod</span> <span class='ocrx_word' id='word_1_670' title='bbox 3323 3874 3483 3922; x_wconf 87' lang='lat' dir='ltr'>esset</span> <span class='ocrx_word' id='word_1_671' title='bbox 3515 3874 3583 3923; x_wconf 85' lang='lat' dir='ltr'>ad</span> <span class='ocrx_word' id='word_1_672' title='bbox 3623 3888 3792 3927; x_wconf 90' lang='lat' dir='ltr'>usum</span> 
     </span>
    </p>
   </div>
   <div class='ocr_carea' id='block_1_89' title="bbox 2079 3964 2493 4003">
    <p class='ocr_par' dir='ltr' id='par_1_89' title="bbox 2079 3964 2493 4003">
     <span class='ocr_line' id='line_1_89' title="bbox 2079 3964 2493 4003; baseline 0.002 -2"><span class='ocrx_word' id='word_1_673' title='bbox 2079 3964 2406 4003; x_wconf 85' lang='lat' dir='ltr'>necessariu</span> <span class='ocrx_word' id='word_1_674' title='bbox 2416 3965 2468 4002; x_wconf 80' lang='grc' dir='ltr'>[Π</span> <span class='ocrx_word' id='word_1_675' title='bbox 2480 3988 2493 4002; x_wconf 79' lang='grc' dir='ltr'><strong><em>ο</em></strong></span> 
     </span>
    </p>
   </div>
   <div class='ocr_carea' id='block_1_90' title="bbox 2152 4037 3793 4118">
    <p class='ocr_par' dir='ltr' id='par_1_90' title="bbox 2152 4037 3793 4118">
     <span class='ocr_line' id='line_1_90' title="bbox 2152 4037 3793 4118; baseline 0.01 -28"><span class='ocrx_word' id='word_1_676' title='bbox 2152 4037 2291 4091; x_wconf 89' lang='lat' dir='ltr'>Mihi</span> <span class='ocrx_word' id='word_1_677' title='bbox 2325 4043 2514 4091; x_wconf 89' lang='lat' dir='ltr'>autem</span> <span class='ocrx_word' id='word_1_678' title='bbox 2551 4037 2658 4092; x_wconf 90' lang='lat' dir='ltr'>hoc</span> <span class='ocrx_word' id='word_1_679' title='bbox 2690 4038 2930 4104; x_wconf 85' lang='lat' dir='ltr'>sufficit,</span> <span class='ocrx_word' id='word_1_680' title='bbox 2955 4042 3110 4110; x_wconf 91' lang='lat' dir='ltr'>quod</span> <span class='ocrx_word' id='word_1_681' title='bbox 3155 4042 3365 4112; x_wconf 88' lang='lat' dir='ltr'>dignus</span> <span class='ocrx_word' id='word_1_682' title='bbox 3389 4045 3501 4101; x_wconf 92' lang='lat' dir='ltr'>sim</span> <span class='ocrx_word' id='word_1_683' title='bbox 3534 4048 3793 4118; x_wconf 71' lang='lat' dir='ltr'>habitus,</span> 
     </span>
    </p>
   </div>
   <div class='ocr_carea' id='block_1_91' title="bbox 2079 4128 3792 4207">
    <p class='ocr_par' dir='ltr' id='par_1_91' title="bbox 2079 4128 3792 4207">
     <span class='ocr_line' id='line_1_91' title="bbox 2079 4128 3792 4207; baseline 0.009 -25"><span class='ocrx_word' id='word_1_684' title='bbox 2079 4129 2172 4200; x_wconf 91' lang='lat' dir='ltr'>qui</span> <span class='ocrx_word' id='word_1_685' title='bbox 2204 4129 2412 4183; x_wconf 90' lang='lat' dir='ltr'>horum</span> <span class='ocrx_word' id='word_1_686' title='bbox 2445 4128 2706 4183; x_wconf 89' lang='lat' dir='ltr'>omnium</span> <span class='ocrx_word' id='word_1_687' title='bbox 2757 4129 3147 4186; x_wconf 88' lang='lat' dir='ltr'>meminissem</span> <span class='ocrx_word' id='word_1_688' title='bbox 3188 4148 3310 4202; x_wconf 74' lang='lat' dir='ltr'>quas</span> <span class='ocrx_word' id='word_1_689' title='bbox 3343 4136 3582 4207; x_wconf 87' lang='lat' dir='ltr'>scriptis</span> <span class='ocrx_word' id='word_1_690' title='bbox 3619 4157 3792 4197; x_wconf 89' lang='lat' dir='ltr'>man-</span> 
     </span>
    </p>
   </div>
   <div class='ocr_carea' id='block_1_92' title="bbox 2079 4217 3794 4295">
    <p class='ocr_par' dir='ltr' id='par_1_92' title="bbox 2079 4217 3794 4295">
     <span class='ocr_line' id='line_1_92' title="bbox 2079 4217 3794 4295; baseline 0.009 -24"><span class='ocrx_word' id='word_1_691' title='bbox 2079 4219 2230 4273; x_wconf 91' lang='lat' dir='ltr'>davi.</span> <span class='ocrx_word' id='word_1_692' title='bbox 2262 4219 2384 4272; x_wconf 89' lang='lat' dir='ltr'>Non</span> <span class='ocrx_word' id='word_1_693' title='bbox 2419 4219 2570 4272; x_wconf 92' lang='lat' dir='ltr'>enim</span> <span class='ocrx_word' id='word_1_694' title='bbox 2606 4218 2731 4272; x_wconf 89' lang='lat' dir='ltr'>sine</span> <span class='ocrx_word' id='word_1_695' title='bbox 2761 4217 2863 4273; x_wconf 89' lang='lat' dir='ltr'>Dei</span> <span class='ocrx_word' id='word_1_696' title='bbox 2897 4222 3139 4276; x_wconf 90' lang='lat' dir='ltr'>numine</span> <span class='ocrx_word' id='word_1_697' title='bbox 3182 4223 3287 4276; x_wconf 92' lang='lat' dir='ltr'>hoc</span> <span class='ocrx_word' id='word_1_698' title='bbox 3321 4225 3538 4282; x_wconf 86' lang='lat' dir='ltr'>factum</span> <span class='ocrx_word' id='word_1_699' title='bbox 3578 4237 3688 4295; x_wconf 90' lang='lat' dir='ltr'>est,</span> <span class='ocrx_word' id='word_1_700' title='bbox 3733 4238 3794 4286; x_wconf 89' lang='lat' dir='ltr'>ut</span> 
     </span>
    </p>
   </div>
   <div class='ocr_carea' id='block_1_93' title="bbox 2078 4307 3793 4376">
    <p class='ocr_par' dir='ltr' id='par_1_93' title="bbox 2078 4307 3793 4376">
     <span class='ocr_line' id='line_1_93' title="bbox 2078 4307 3793 4376; baseline 0.009 -18"><span class='ocrx_word' id='word_1_701' title='bbox 2078 4321 2243 4359; x_wconf 90' lang='lat' dir='ltr'>mens</span> <span class='ocrx_word' id='word_1_702' title='bbox 2276 4310 2374 4358; x_wconf 88' lang='lat' dir='ltr'>tua</span> <span class='ocrx_word' id='word_1_703' title='bbox 2401 4311 2719 4360; x_wconf 88' lang='lat' dir='ltr'>moveretur</span> <span class='ocrx_word' id='word_1_704' title='bbox 2749 4311 2813 4360; x_wconf 90' lang='lat' dir='ltr'>ut</span> <span class='ocrx_word' id='word_1_705' title='bbox 2837 4307 3068 4376; x_wconf 89' lang='lat' dir='ltr'>juberes</span> <span class='ocrx_word' id='word_1_706' title='bbox 3093 4325 3183 4364; x_wconf 90' lang='lat' dir='ltr'>me</span> <span class='ocrx_word' id='word_1_707' title='bbox 3206 4309 3362 4366; x_wconf 88' lang='lat' dir='ltr'>hunc</span> <span class='ocrx_word' id='word_1_708' title='bbox 3393 4312 3608 4369; x_wconf 89' lang='lat' dir='ltr'>librum</span> <span class='ocrx_word' id='word_1_709' title='bbox 3644 4319 3793 4372; x_wconf 83' lang='lat' dir='ltr'>scri-</span> 
     </span>
    </p>
   </div>
   <div class='ocr_carea' id='block_1_94' title="bbox 2073 4393 3792 4464">
    <p class='ocr_par' dir='ltr' id='par_1_94' title="bbox 2073 4393 3792 4464">
     <span class='ocr_line' id='line_1_94' title="bbox 2073 4393 3792 4464; baseline 0.008 -17"><span class='ocrx_word' id='word_1_710' title='bbox 2073 4394 2225 4459; x_wconf 89' lang='lat' dir='ltr'>bere,</span> <span class='ocrx_word' id='word_1_711' title='bbox 2259 4393 2514 4462; x_wconf 89' lang='lat' dir='ltr'>scriptis,</span> <span class='ocrx_word' id='word_1_712' title='bbox 2552 4394 2811 4464; x_wconf 88' lang='lat' dir='ltr'>inquam,</span> <span class='ocrx_word' id='word_1_713' title='bbox 2847 4395 3072 4451; x_wconf 82' lang='lat' dir='ltr'>tradere</span> <span class='ocrx_word' id='word_1_714' title='bbox 3103 4397 3280 4454; x_wconf 86' lang='lat' dir='ltr'>vitam</span> <span class='ocrx_word' id='word_1_715' title='bbox 3314 4399 3522 4456; x_wconf 88' lang='lat' dir='ltr'>horum</span> <span class='ocrx_word' id='word_1_716' title='bbox 3554 4412 3792 4460; x_wconf 80' lang='lat' dir='ltr'>sancto-</span> 
     </span>
    </p>
   </div>
   <div class='ocr_carea' id='block_1_95' title="bbox 253 4469 2906 4554">
    <p class='ocr_par' dir='ltr' id='par_1_95' title="bbox 253 4469 2906 4554">
     <span class='ocr_line' id='line_1_95' title="bbox 253 4469 2906 4554; baseline 0 -15"><span class='ocrx_word' id='word_1_717' title='bbox 253 4484 459 4540; x_wconf 69' lang='lat' dir='ltr'>belluaa</span> <span class='ocrx_word' id='word_1_718' title='bbox 497 4489 778 4554; x_wconf 90' lang='lat' dir='ltr'>tanquam</span> <span class='ocrx_word' id='word_1_719' title='bbox 810 4483 882 4536; x_wconf 89' lang='lat' dir='ltr'>ab</span> <span class='ocrx_word' id='word_1_720' title='bbox 914 4484 1118 4552; x_wconf 88' lang='lat' dir='ltr'>angelo</span> <span class='ocrx_word' id='word_1_721' title='bbox 1153 4499 1388 4548; x_wconf 65' lang='lat' dir='ltr'>aversae,</span> <span class='ocrx_word' id='word_1_722' title='bbox 1413 4484 1637 4553; x_wconf 89' lang='lat' dir='ltr'>seipsas</span> <span class='ocrx_word' id='word_1_723' title='bbox 1663 4485 1720 4538; x_wconf 89' lang='lat' dir='ltr'>in</span> <span class='ocrx_word' id='word_1_724' title='bbox 1753 4500 1962 4554; x_wconf 90' lang='lat' dir='ltr'>aquam</span> <span class='ocrx_word' id='word_1_725' title='bbox 1996 4469 2042 4533; x_wconf 83' lang='lat' dir='ltr'>D</span> <span class='ocrx_word' id='word_1_726' title='bbox 2075 4500 2198 4536; x_wconf 90' lang='lat' dir='ltr'>rum</span> <span class='ocrx_word' id='word_1_727' title='bbox 2231 4488 2286 4535; x_wconf 91' lang='lat' dir='ltr'>et</span> <span class='ocrx_word' id='word_1_728' title='bbox 2319 4481 2613 4537; x_wconf 87' lang='lat' dir='ltr'>beatorum</span> <span class='ocrx_word' id='word_1_729' title='bbox 2647 4485 2906 4539; x_wconf 87' lang='lat' dir='ltr'>Patrum.</span> 
     </span>
    </p>
   </div>
   <div class='ocr_carea' id='block_1_96' title="bbox 255 4573 1961 4646">
    <p class='ocr_par' dir='ltr' id='par_1_96' title="bbox 255 4573 1961 4646">
     <span class='ocr_line' id='line_1_96' title="bbox 255 4573 1961 4646; baseline -0.002 -14"><span class='ocrx_word' id='word_1_730' title='bbox 255 4582 394 4632; x_wconf 88' lang='lat' dir='ltr'>sunt</span> <span class='ocrx_word' id='word_1_731' title='bbox 423 4575 710 4646; x_wconf 70' lang='lat' dir='ltr'>jaculataa.</span> <span class='ocrx_word' id='word_1_732' title='bbox 745 4573 858 4628; x_wconf 88' lang='lat' dir='ltr'>Nos</span> <span class='ocrx_word' id='word_1_733' title='bbox 891 4579 1085 4627; x_wconf 90' lang='lat' dir='ltr'>autem</span> <span class='ocrx_word' id='word_1_734' title='bbox 1119 4573 1348 4628; x_wconf 91' lang='lat' dir='ltr'>Nitreas</span> <span class='ocrx_word' id='word_1_735' title='bbox 1381 4588 1584 4644; x_wconf 85' lang='lat' dir='ltr'>magno</span> <span class='ocrx_word' id='word_1_736' title='bbox 1618 4591 1790 4628; x_wconf 89' lang='lat' dir='ltr'>cursu</span> <span class='ocrx_word' id='word_1_737' title='bbox 1824 4590 1961 4628; x_wconf 91' lang='lat' dir='ltr'>con-</span> 
     </span>
    </p>
   </div>
   <div class='ocr_carea' id='block_1_97' title="bbox 252 4662 1957 4732">
    <p class='ocr_par' dir='ltr' id='par_1_97' title="bbox 252 4662 1957 4732">
     <span class='ocr_line' id='line_1_97' title="bbox 252 4662 1957 4732; baseline -0.002 -11"><span class='ocrx_word' id='word_1_738' title='bbox 252 4668 568 4732; x_wconf 87' lang='lat' dir='ltr'>tendimus,</span> <span class='ocrx_word' id='word_1_739' title='bbox 619 4664 783 4720; x_wconf 89' lang='lat' dir='ltr'>illam</span> <span class='ocrx_word' id='word_1_740' title='bbox 833 4680 1029 4718; x_wconf 91' lang='lat' dir='ltr'>vocem</span> <span class='ocrx_word' id='word_1_741' title='bbox 1078 4665 1186 4718; x_wconf 90' lang='lat' dir='ltr'>Job</span> <span class='ocrx_word' id='word_1_742' title='bbox 1240 4662 1612 4729; x_wconf 88' lang='lat' dir='ltr'>meditantes,</span> <span class='ocrx_word' id='word_1_743' title='bbox 1647 4664 1744 4717; x_wconf 93' lang='lat' dir='ltr'>ubi</span> <span class='ocrx_word' id='word_1_744' title='bbox 1777 4665 1957 4719; x_wconf 91' lang='lat' dir='ltr'>dicit:</span> 
     </span>
    </p>
   </div>
   <div class='ocr_carea' id='block_1_98' title="bbox 251 4751 1964 4826">
    <p class='ocr_par' dir='ltr' id='par_1_98' title="bbox 251 4751 1964 4826">
     <span class='ocr_line' id='line_1_98' title="bbox 251 4751 1964 4826; baseline -0.004 -14"><span class='ocrx_word' id='word_1_745' title='bbox 251 4757 477 4826; x_wconf 89' lang='lat' dir='ltr'>Septies</span> <span class='ocrx_word' id='word_1_746' title='bbox 508 4772 576 4810; x_wconf 88' lang='lat' dir='ltr'>ex</span> <span class='ocrx_word' id='word_1_747' title='bbox 608 4754 1060 4811; x_wconf 89' lang='lat' dir='ltr'>necessitatibus</span> <span class='ocrx_word' id='word_1_748' title='bbox 1103 4754 1374 4807; x_wconf 85' lang='lat' dir='ltr'>liberabit</span> <span class='ocrx_word' id='word_1_749' title='bbox 1416 4759 1506 4818; x_wconf 90' lang='lat' dir='ltr'>te;</span> <span class='ocrx_word' id='word_1_750' title='bbox 1541 4751 1598 4806; x_wconf 90' lang='lat' dir='ltr'>in</span> <span class='ocrx_word' id='word_1_751' title='bbox 1632 4759 1832 4807; x_wconf 90' lang='lat' dir='ltr'>octavo</span> <span class='ocrx_word' id='word_1_752' title='bbox 1867 4770 1964 4806; x_wconf 84' lang='lat' dir='ltr'>au-</span> 
     </span>
    </p>
   </div>
   <div class='ocr_carea' id='block_1_99' title="bbox 250 4842 1962 4917">
    <p class='ocr_par' dir='ltr' id='par_1_99' title="bbox 250 4842 1962 4917">
     <span class='ocr_line' id='line_1_99' title="bbox 250 4842 1962 4917; baseline -0.001 -18"><span class='ocrx_word' id='word_1_753' title='bbox 250 4852 365 4900; x_wconf 90' lang='lat' dir='ltr'>tem</span> <span class='ocrx_word' id='word_1_754' title='bbox 400 4850 450 4899; x_wconf 90' lang='lat' dir='ltr'>te</span> <span class='ocrx_word' id='word_1_755' title='bbox 483 4861 599 4899; x_wconf 91' lang='lat' dir='ltr'>non</span> <span class='ocrx_word' id='word_1_756' title='bbox 631 4845 872 4917; x_wconf 89' lang='lat' dir='ltr'>attinget</span> <span class='ocrx_word' id='word_1_757' title='bbox 906 4843 1125 4898; x_wconf 85' lang='lat' dir='ltr'>malum</span> <span class='ocrx_word' id='word_1_758' title='bbox 1147 4843 1288 4914; x_wconf 85' lang='lat' dir='ltr'>(Job.</span> <span class='ocrx_word' id='word_1_759' title='bbox 1321 4845 1396 4912; x_wconf 92' lang='lat' dir='ltr'>v).</span> <span class='ocrx_word' id='word_1_760' title='bbox 1431 4842 1545 4896; x_wconf 91' lang='lat' dir='ltr'>Deo</span> <span class='ocrx_word' id='word_1_761' title='bbox 1568 4858 1702 4913; x_wconf 92' lang='lat' dir='ltr'>ergo</span> <span class='ocrx_word' id='word_1_762' title='bbox 1733 4843 1962 4912; x_wconf 88' lang='lat' dir='ltr'>agimus</span> 
     </span>
    </p>
   </div>
   <div class='ocr_carea' id='block_1_100' title="bbox 251 4931 1961 5008">
    <p class='ocr_par' dir='ltr' id='par_1_100' title="bbox 251 4931 1961 5008">
     <span class='ocr_line' id='line_1_100' title="bbox 251 4931 1961 5008; baseline -0.001 -18"><span class='ocrx_word' id='word_1_763' title='bbox 251 4936 468 5008; x_wconf 84' lang='lat' dir='ltr'>gratias</span> <span class='ocrx_word' id='word_1_764' title='bbox 513 4935 612 5004; x_wconf 93' lang='lat' dir='ltr'>qui</span> <span class='ocrx_word' id='word_1_765' title='bbox 660 4951 765 4989; x_wconf 90' lang='lat' dir='ltr'>nos</span> <span class='ocrx_word' id='word_1_766' title='bbox 808 4950 876 4988; x_wconf 84' lang='lat' dir='ltr'>ex</span> <span class='ocrx_word' id='word_1_767' title='bbox 926 4939 1008 4986; x_wconf 88' lang='lat' dir='ltr'>tot</span> <span class='ocrx_word' id='word_1_768' title='bbox 1039 4932 1307 4987; x_wconf 88' lang='lat' dir='ltr'>liberavit</span> <span class='ocrx_word' id='word_1_769' title='bbox 1363 4931 1638 5002; x_wconf 87' lang='lat' dir='ltr'>periculis</span> <span class='ocrx_word' id='word_1_770' title='bbox 1686 4939 1741 4987; x_wconf 86' lang='lat' dir='ltr'>et</span> <span class='ocrx_word' id='word_1_771' title='bbox 1795 4932 1961 4988; x_wconf 90' lang='lat' dir='ltr'>nobis</span> 
     </span>
    </p>
   </div>
   <div class='ocr_carea' id='block_1_101' title="bbox 251 5021 1115 5098">
    <p class='ocr_par' dir='ltr' id='par_1_101' title="bbox 251 5021 1115 5098">
     <span class='ocr_line' id='line_1_101' title="bbox 251 5021 1115 5098; baseline -0.005 -17"><span class='ocrx_word' id='word_1_772' title='bbox 251 5042 460 5098; x_wconf 85' lang='lat' dir='ltr'>magna</span> <span class='ocrx_word' id='word_1_773' title='bbox 489 5023 744 5079; x_wconf 89' lang='lat' dir='ltr'>ostendit</span> <span class='ocrx_word' id='word_1_774' title='bbox 768 5021 1115 5094; x_wconf 88' lang='lat' dir='ltr'>spectacula.</span> 
     </span>
    </p>
   </div>
   <div class='ocr_carea' id='block_1_102' title="bbox 899 5111 1302 5168">
    <p class='ocr_par' dir='ltr' id='par_1_102' title="bbox 899 5111 1302 5168">
     <span class='ocr_line' id='line_1_102' title="bbox 899 5111 1302 5168; baseline 0 -1"><span class='ocrx_word' id='word_1_775' title='bbox 899 5111 1130 5167; x_wconf 89' lang='lat' dir='ltr'>CAPUT</span> <span class='ocrx_word' id='word_1_776' title='bbox 1172 5113 1302 5168; x_wconf 85' lang='lat' dir='ltr'>CLI.</span> 
     </span>
    </p>
   </div>
   <div class='ocr_carea' id='block_1_103' title="bbox 482 5189 1727 5274">
    <p class='ocr_par' dir='ltr' id='par_1_103' title="bbox 482 5189 1727 5274">
     <span class='ocr_line' id='line_1_103' title="bbox 482 5189 1727 5274; baseline -0.002 -13"><span class='ocrx_word' id='word_1_777' title='bbox 482 5208 601 5261; x_wconf 79' lang='lat' dir='ltr'>Vita</span> <span class='ocrx_word' id='word_1_778' title='bbox 631 5208 826 5274; x_wconf 79' lang='lat' dir='ltr'>fratris</span> <span class='ocrx_word' id='word_1_779' title='bbox 848 5189 988 5274; x_wconf 35' lang='lat'>(22,0)</span> <span class='ocrx_word' id='word_1_780' title='bbox 1023 5207 1113 5274; x_wconf 81' lang='lat' dir='ltr'>qui</span> <span class='ocrx_word' id='word_1_781' title='bbox 1141 5221 1268 5259; x_wconf 86' lang='lat' dir='ltr'>cum</span> <span class='ocrx_word' id='word_1_782' title='bbox 1299 5219 1358 5259; x_wconf 78' lang='lat' dir='ltr'>eo</span> <span class='ocrx_word' id='word_1_783' title='bbox 1390 5204 1727 5260; x_wconf 65' lang='lat' dir='ltr'>versabatur.</span> 
     </span>
    </p>
   </div>
   <div class='ocr_carea' id='block_1_104' title="bbox 323 5293 1957 5366">
    <p class='ocr_par' dir='ltr' id='par_1_104' title="bbox 323 5293 1957 5366">
     <span class='ocr_line' id='line_1_104' title="bbox 323 5293 1957 5366; baseline 0.004 -22"><span class='ocrx_word' id='word_1_784' title='bbox 323 5293 463 5348; x_wconf 91' lang='lat' dir='ltr'>Cum</span> <span class='ocrx_word' id='word_1_785' title='bbox 496 5311 630 5366; x_wconf 86' lang='lat' dir='ltr'>ergo</span> <span class='ocrx_word' id='word_1_786' title='bbox 675 5312 854 5365; x_wconf 87' lang='lat' dir='ltr'>pauca</span> <span class='ocrx_word' id='word_1_787' title='bbox 885 5295 1079 5348; x_wconf 90' lang='lat' dir='ltr'>dixero</span> <span class='ocrx_word' id='word_1_788' title='bbox 1121 5295 1192 5348; x_wconf 88' lang='lat' dir='ltr'>de</span> <span class='ocrx_word' id='word_1_789' title='bbox 1225 5296 1420 5358; x_wconf 89' lang='lat' dir='ltr'>fratre,</span> <span class='ocrx_word' id='word_1_790' title='bbox 1453 5294 1551 5362; x_wconf 93' lang='lat' dir='ltr'>qui</span> <span class='ocrx_word' id='word_1_791' title='bbox 1580 5310 1804 5349; x_wconf 88' lang='lat' dir='ltr'>mecum</span> <span class='ocrx_word' id='word_1_792' title='bbox 1837 5311 1957 5350; x_wconf 89' lang='lat' dir='ltr'>ver-</span> 
     </span>
    </p>
   </div>
   <div class='ocr_carea' id='block_1_105' title="bbox 252 5381 1958 5453">
    <p class='ocr_par' dir='ltr' id='par_1_105' title="bbox 252 5381 1958 5453">
     <span class='ocr_line' id='line_1_105' title="bbox 252 5381 1958 5453; baseline 0.005 -23"><span class='ocrx_word' id='word_1_793' title='bbox 252 5382 414 5432; x_wconf 88' lang='lat' dir='ltr'>satur</span> <span class='ocrx_word' id='word_1_794' title='bbox 455 5398 486 5434; x_wconf 92' lang='lat' dir='ltr'>a</span> <span class='ocrx_word' id='word_1_795' title='bbox 539 5385 840 5450; x_wconf 89' lang='lat' dir='ltr'>juventule</span> <span class='ocrx_word' id='word_1_796' title='bbox 887 5400 1074 5453; x_wconf 88' lang='lat' dir='ltr'>usque</span> <span class='ocrx_word' id='word_1_797' title='bbox 1119 5382 1177 5435; x_wconf 89' lang='lat' dir='ltr'>in</span> <span class='ocrx_word' id='word_1_798' title='bbox 1233 5381 1575 5435; x_wconf 90' lang='lat' dir='ltr'>hodiernum</span> <span class='ocrx_word' id='word_1_799' title='bbox 1625 5383 1803 5450; x_wconf 91' lang='lat' dir='ltr'>diem,</span> <span class='ocrx_word' id='word_1_800' title='bbox 1865 5384 1958 5438; x_wconf 91' lang='lat' dir='ltr'>hic</span> 
     </span>
    </p>
   </div>
   <div class='ocr_carea' id='block_1_106' title="bbox 249 5466 1956 5544">
    <p class='ocr_par' dir='ltr' id='par_1_106' title="bbox 249 5466 1956 5544">
     <span class='ocr_line' id='line_1_106' title="bbox 249 5466 1956 5544; baseline 0.002 -22"><span class='ocrx_word' id='word_1_801' title='bbox 249 5466 518 5535; x_wconf 86' lang='lat' dir='ltr'>deinceps</span> <span class='ocrx_word' id='word_1_802' title='bbox 545 5472 717 5526; x_wconf 85' lang='lat' dir='ltr'>finem</span> <span class='ocrx_word' id='word_1_803' title='bbox 753 5476 1050 5544; x_wconf 89' lang='lat' dir='ltr'>imponam</span> <span class='ocrx_word' id='word_1_804' title='bbox 1089 5471 1333 5526; x_wconf 90' lang='lat' dir='ltr'>orationi</span> <span class='ocrx_word' id='word_1_805' title='bbox 1394 5472 1540 5523; x_wconf 89' lang='lat' dir='ltr'>Eum</span> <span class='ocrx_word' id='word_1_806' title='bbox 1575 5488 1680 5542; x_wconf 89' lang='lat' dir='ltr'>ego</span> <span class='ocrx_word' id='word_1_807' title='bbox 1712 5473 1956 5544; x_wconf 90' lang='lat' dir='ltr'>cognovi</span> 
     </span>
    </p>
   </div>
   <div class='ocr_carea' id='block_1_107' title="bbox 248 5556 1956 5630">
    <p class='ocr_par' dir='ltr' id='par_1_107' title="bbox 248 5556 1956 5630">
     <span class='ocr_line' id='line_1_107' title="bbox 248 5556 1956 5630; baseline 0.004 -18"><span class='ocrx_word' id='word_1_808' title='bbox 248 5556 418 5627; x_wconf 82' lang='lat' dir='ltr'>longo</span> <span class='ocrx_word' id='word_1_809' title='bbox 440 5560 720 5628; x_wconf 87' lang='lat' dir='ltr'>tempore,</span> <span class='ocrx_word' id='word_1_810' title='bbox 753 5579 882 5618; x_wconf 90' lang='lat' dir='ltr'>cum</span> <span class='ocrx_word' id='word_1_811' title='bbox 914 5560 1261 5628; x_wconf 84' lang='lat' dir='ltr'>comederet,</span> <span class='ocrx_word' id='word_1_812' title='bbox 1291 5559 1450 5614; x_wconf 89' lang='lat' dir='ltr'>omni</span> <span class='ocrx_word' id='word_1_813' title='bbox 1482 5559 1625 5630; x_wconf 82' lang='lat' dir='ltr'>gulae</span> <span class='ocrx_word' id='word_1_814' title='bbox 1653 5561 1956 5619; x_wconf 77' lang='lat' dir='ltr'>affectione</span> 
     </span>
    </p>
   </div>
   <div class='ocr_carea' id='block_1_108' title="bbox 2144 4571 3785 4638">
    <p class='ocr_par' dir='ltr' id='par_1_108' title="bbox 2144 4571 3785 4638">
     <span class='ocr_line' id='line_1_108' title="bbox 2144 4571 3785 4638; baseline 0.007 -12"><span class='ocrx_word' id='word_1_815' title='bbox 2144 4572 2228 4626; x_wconf 90' lang='lat' dir='ltr'>Tu</span> <span class='ocrx_word' id='word_1_816' title='bbox 2263 4575 2480 4637; x_wconf 87' lang='lat' dir='ltr'>autem,</span> <span class='ocrx_word' id='word_1_817' title='bbox 2518 4571 2856 4627; x_wconf 84' lang='lat' dir='ltr'>fidelissime</span> <span class='ocrx_word' id='word_1_818' title='bbox 2905 4574 3114 4629; x_wconf 86' lang='lat' dir='ltr'>Christi</span> <span class='ocrx_word' id='word_1_819' title='bbox 3147 4592 3310 4633; x_wconf 91' lang='lat' dir='ltr'>serve</span> <span class='ocrx_word' id='word_1_820' title='bbox 3354 4595 3414 4634; x_wconf 89' lang='lat' dir='ltr'>ac</span> <span class='ocrx_word' id='word_1_821' title='bbox 3461 4584 3785 4638; x_wconf 71' lang='lat' dir='ltr'>venerande</span> 
     </span>
    </p>
   </div>
   <div class='ocr_carea' id='block_1_109' title="bbox 2077 4661 3790 4742">
    <p class='ocr_par' dir='ltr' id='par_1_109' title="bbox 2077 4661 3790 4742">
     <span class='ocr_line' id='line_1_109' title="bbox 2077 4661 3790 4742; baseline 0.008 -26"><span class='ocrx_word' id='word_1_822' title='bbox 2077 4661 2270 4727; x_wconf 87' lang='lat' dir='ltr'>Lause,</span> <span class='ocrx_word' id='word_1_823' title='bbox 2304 4666 2359 4715; x_wconf 91' lang='lat' dir='ltr'>et</span> <span class='ocrx_word' id='word_1_824' title='bbox 2389 4666 2564 4731; x_wconf 86' lang='lat' dir='ltr'>caput</span> <span class='ocrx_word' id='word_1_825' title='bbox 2596 4661 2736 4716; x_wconf 82' lang='lat' dir='ltr'>mihi</span> <span class='ocrx_word' id='word_1_826' title='bbox 2760 4662 3182 4721; x_wconf 90' lang='lat' dir='ltr'>amicissimum</span> <span class='ocrx_word' id='word_1_827' title='bbox 3207 4673 3264 4722; x_wconf 88' lang='lat' dir='ltr'>et</span> <span class='ocrx_word' id='word_1_828' title='bbox 3287 4671 3538 4725; x_wconf 82' lang='lat' dir='ltr'>maxime</span> <span class='ocrx_word' id='word_1_829' title='bbox 3559 4688 3790 4742; x_wconf 79' lang='lat' dir='ltr'>germa-</span> 
     </span>
    </p>
   </div>
   <div class='ocr_carea' id='block_1_110' title="bbox 2075 4751 3784 4832">
    <p class='ocr_par' dir='ltr' id='par_1_110' title="bbox 2075 4751 3784 4832">
     <span class='ocr_line' id='line_1_110' title="bbox 2075 4751 3784 4832; baseline 0.008 -26"><span class='ocrx_word' id='word_1_830' title='bbox 2075 4770 2239 4818; x_wconf 91' lang='lat' dir='ltr'>num,</span> <span class='ocrx_word' id='word_1_831' title='bbox 2271 4751 2660 4807; x_wconf 88' lang='lat' dir='ltr'>hunclibrum</span> <span class='ocrx_word' id='word_1_832' title='bbox 2694 4751 2940 4810; x_wconf 89' lang='lat' dir='ltr'>libenter</span> <span class='ocrx_word' id='word_1_833' title='bbox 2971 4755 3192 4827; x_wconf 85' lang='lat' dir='ltr'>legens,</span> <span class='ocrx_word' id='word_1_834' title='bbox 3226 4775 3498 4832; x_wconf 85' lang='lat' dir='ltr'>magnam</span> <span class='ocrx_word' id='word_1_835' title='bbox 3533 4769 3648 4818; x_wconf 77' lang='lat' dir='ltr'>tuae</span> <span class='ocrx_word' id='word_1_836' title='bbox 3676 4765 3784 4820; x_wconf 90' lang='lat' dir='ltr'>im-</span> 
     </span>
    </p>
   </div>
   <div class='ocr_carea' id='block_1_111' title="bbox 2073 4842 3788 4918">
    <p class='ocr_par' dir='ltr' id='par_1_111' title="bbox 2073 4842 3788 4918">
     <span class='ocr_line' id='line_1_111' title="bbox 2073 4842 3788 4918; baseline 0.008 -22"><span class='ocrx_word' id='word_1_837' title='bbox 2073 4842 2298 4896; x_wconf 87' lang='lat' dir='ltr'>mortali</span> <span class='ocrx_word' id='word_1_838' title='bbox 2333 4843 2539 4896; x_wconf 71' lang='lat' dir='ltr'>animaz</span> <span class='ocrx_word' id='word_1_839' title='bbox 2573 4842 2857 4912; x_wconf 74' lang='lat' dir='ltr'>praebebis</span> <span class='ocrx_word' id='word_1_840' title='bbox 2890 4844 3221 4914; x_wconf 88' lang='lat' dir='ltr'>utilitatem,</span> <span class='ocrx_word' id='word_1_841' title='bbox 3257 4850 3312 4902; x_wconf 90' lang='lat' dir='ltr'>in</span> <span class='ocrx_word' id='word_1_842' title='bbox 3342 4850 3642 4918; x_wconf 83' lang='lat' dir='ltr'>juslorum</span> <span class='ocrx_word' id='word_1_843' title='bbox 3700 4871 3788 4909; x_wconf 84' lang='lat' dir='ltr'>re-</span> 
     </span>
    </p>
   </div>
   <div class='ocr_carea' id='block_1_112' title="bbox 2074 4931 3788 5002">
    <p class='ocr_par' dir='ltr' id='par_1_112' title="bbox 2074 4931 3788 5002">
     <span class='ocr_line' id='line_1_112' title="bbox 2074 4931 3788 5002; baseline 0.007 -16"><span class='ocrx_word' id='word_1_844' title='bbox 2074 4931 2453 4998; x_wconf 88' lang='lat' dir='ltr'>surrectione,</span> <span class='ocrx_word' id='word_1_845' title='bbox 2486 4931 2832 5002; x_wconf 85' lang='lat' dir='ltr'>inclytorum</span> <span class='ocrx_word' id='word_1_846' title='bbox 2868 4940 3036 4989; x_wconf 72' lang='lat' dir='ltr'>recta:</span> <span class='ocrx_word' id='word_1_847' title='bbox 3071 4937 3195 4990; x_wconf 75' lang='lat' dir='ltr'>vitae</span> <span class='ocrx_word' id='word_1_848' title='bbox 3218 4936 3576 4995; x_wconf 88' lang='lat' dir='ltr'>athletarum</span> <span class='ocrx_word' id='word_1_849' title='bbox 3610 4942 3788 4998; x_wconf 81' lang='lat' dir='ltr'>insti-</span> 
     </span>
    </p>
   </div>
   <div class='ocr_carea' id='block_1_113' title="bbox 2072 5018 3791 5098">
    <p class='ocr_par' dir='ltr' id='par_1_113' title="bbox 2072 5018 3791 5098">
     <span class='ocr_line' id='line_1_113' title="bbox 2072 5018 3791 5098; baseline 0.008 -24"><span class='ocrx_word' id='word_1_850' title='bbox 2072 5026 2217 5086; x_wconf 86' lang='lat' dir='ltr'>tuta,</span> <span class='ocrx_word' id='word_1_851' title='bbox 2249 5018 2500 5082; x_wconf 90' lang='lat' dir='ltr'>labores,</span> <span class='ocrx_word' id='word_1_852' title='bbox 2535 5025 2589 5073; x_wconf 91' lang='lat' dir='ltr'>et</span> <span class='ocrx_word' id='word_1_853' title='bbox 2621 5024 2844 5074; x_wconf 87' lang='lat' dir='ltr'>tantam</span> <span class='ocrx_word' id='word_1_854' title='bbox 2878 5021 3272 5091; x_wconf 89' lang='lat' dir='ltr'>tolerantiam,</span> <span class='ocrx_word' id='word_1_855' title='bbox 3296 5026 3540 5098; x_wconf 67' lang='lat' dir='ltr'>vitasque</span> <span class='ocrx_word' id='word_1_856' title='bbox 3561 5029 3791 5087; x_wconf 85' lang='lat' dir='ltr'>duriter</span> 
     </span>
    </p>
   </div>
   <div class='ocr_carea' id='block_1_114' title="bbox 2073 5109 3790 5182">
    <p class='ocr_par' dir='ltr' id='par_1_114' title="bbox 2073 5109 3790 5182">
     <span class='ocr_line' id='line_1_114' title="bbox 2073 5109 3790 5182; baseline 0.006 -15"><span class='ocrx_word' id='word_1_857' title='bbox 2073 5115 2212 5167; x_wconf 77' lang='lat' dir='ltr'>actm</span> <span class='ocrx_word' id='word_1_858' title='bbox 2248 5109 2583 5180; x_wconf 89' lang='lat' dir='ltr'>patientiam</span> <span class='ocrx_word' id='word_1_859' title='bbox 2621 5115 2812 5164; x_wconf 89' lang='lat' dir='ltr'>mente</span> <span class='ocrx_word' id='word_1_860' title='bbox 2844 5112 3256 5182; x_wconf 86' lang='lat' dir='ltr'>complectens.</span> <span class='ocrx_word' id='word_1_861' title='bbox 3293 5119 3688 5180; x_wconf 87' lang='lat' dir='ltr'>Quamobrem</span> <span class='ocrx_word' id='word_1_862' title='bbox 3725 5139 3790 5177; x_wconf 86' lang='lat' dir='ltr'>ea</span> 
     </span>
    </p>
   </div>
   <div class='ocr_carea' id='block_1_115' title="bbox 2071 5197 3790 5282">
    <p class='ocr_par' dir='ltr' id='par_1_115' title="bbox 2071 5197 3790 5282">
     <span class='ocr_line' id='line_1_115' title="bbox 2071 5197 3790 5282; baseline 0.007 -28"><span class='ocrx_word' id='word_1_863' title='bbox 2071 5204 2338 5270; x_wconf 89' lang='lat' dir='ltr'>prompto</span> <span class='ocrx_word' id='word_1_864' title='bbox 2368 5202 2424 5251; x_wconf 91' lang='lat' dir='ltr'>et</span> <span class='ocrx_word' id='word_1_865' title='bbox 2461 5197 2637 5252; x_wconf 89' lang='lat' dir='ltr'>alacri</span> <span class='ocrx_word' id='word_1_866' title='bbox 2669 5197 2864 5253; x_wconf 91' lang='lat' dir='ltr'>animo</span> <span class='ocrx_word' id='word_1_867' title='bbox 2893 5215 3156 5271; x_wconf 87' lang='lat' dir='ltr'>sequere,</span> <span class='ocrx_word' id='word_1_868' title='bbox 3191 5205 3342 5259; x_wconf 90' lang='lat' dir='ltr'>bona</span> <span class='ocrx_word' id='word_1_869' title='bbox 3359 5211 3415 5259; x_wconf 88' lang='lat' dir='ltr'>et</span> <span class='ocrx_word' id='word_1_870' title='bbox 3442 5207 3790 5282; x_wconf 86' lang='lat' dir='ltr'>incorrupta</span> 
     </span>
    </p>
   </div>
   <div class='ocr_carea' id='block_1_116' title="bbox 2071 5287 3789 5367">
    <p class='ocr_par' dir='ltr' id='par_1_116' title="bbox 2071 5287 3789 5367">
     <span class='ocr_line' id='line_1_116' title="bbox 2071 5287 3789 5367; baseline 0.007 -23"><span class='ocrx_word' id='word_1_871' title='bbox 2071 5307 2172 5358; x_wconf 91' lang='lat' dir='ltr'>spe</span> <span class='ocrx_word' id='word_1_872' title='bbox 2204 5287 2480 5356; x_wconf 88' lang='lat' dir='ltr'>nutritus,</span> <span class='ocrx_word' id='word_1_873' title='bbox 2514 5303 2743 5358; x_wconf 90' lang='lat' dir='ltr'>semper</span> <span class='ocrx_word' id='word_1_874' title='bbox 2775 5294 2924 5344; x_wconf 90' lang='lat' dir='ltr'>retro</span> <span class='ocrx_word' id='word_1_875' title='bbox 2956 5290 3154 5347; x_wconf 88' lang='lat' dir='ltr'>videns</span> <span class='ocrx_word' id='word_1_876' title='bbox 3185 5293 3309 5350; x_wconf 88' lang='lat' dir='ltr'>dies</span> <span class='ocrx_word' id='word_1_877' title='bbox 3341 5295 3441 5367; x_wconf 92' lang='lat' dir='ltr'>qui</span> <span class='ocrx_word' id='word_1_878' title='bbox 3475 5303 3614 5353; x_wconf 88' lang='lat' dir='ltr'>ante</span> <span class='ocrx_word' id='word_1_879' title='bbox 3647 5308 3789 5356; x_wconf 87' lang='lat' dir='ltr'>sunt</span> 
     </span>
    </p>
   </div>
   <div class='ocr_carea' id='block_1_117' title="bbox 2069 5381 3788 5452">
    <p class='ocr_par' dir='ltr' id='par_1_117' title="bbox 2069 5381 3788 5452">
     <span class='ocr_line' id='line_1_117' title="bbox 2069 5381 3788 5452; baseline 0.007 -17"><span class='ocrx_word' id='word_1_880' title='bbox 2069 5381 2397 5446; x_wconf 88' lang='lat' dir='ltr'>breviores;</span> <span class='ocrx_word' id='word_1_881' title='bbox 2441 5382 2496 5433; x_wconf 91' lang='lat' dir='ltr'>et</span> <span class='ocrx_word' id='word_1_882' title='bbox 2516 5394 2617 5432; x_wconf 89' lang='lat' dir='ltr'>ora</span> <span class='ocrx_word' id='word_1_883' title='bbox 2657 5395 2759 5449; x_wconf 92' lang='lat' dir='ltr'>pro</span> <span class='ocrx_word' id='word_1_884' title='bbox 2803 5396 2914 5447; x_wconf 91' lang='lat' dir='ltr'>me,</span> <span class='ocrx_word' id='word_1_885' title='bbox 2958 5384 3202 5452; x_wconf 91' lang='lat' dir='ltr'>teipsum</span> <span class='ocrx_word' id='word_1_886' title='bbox 3246 5402 3601 5444; x_wconf 87' lang='lat' dir='ltr'>conservans</span> <span class='ocrx_word' id='word_1_887' title='bbox 3645 5394 3788 5446; x_wconf 84' lang='lat' dir='ltr'>alie-</span> 
     </span>
    </p>
   </div>
   <div class='ocr_carea' id='block_1_118' title="bbox 2069 5467 3786 5553">
    <p class='ocr_par' dir='ltr' id='par_1_118' title="bbox 2069 5467 3786 5553">
     <span class='ocr_line' id='line_1_118' title="bbox 2069 5467 3786 5553; baseline 0.008 -29"><span class='ocrx_word' id='word_1_888' title='bbox 2069 5487 2210 5525; x_wconf 90' lang='lat' dir='ltr'>num</span> <span class='ocrx_word' id='word_1_889' title='bbox 2264 5486 2295 5523; x_wconf 89' lang='lat' dir='ltr'>a</span> <span class='ocrx_word' id='word_1_890' title='bbox 2328 5467 2776 5539; x_wconf 89' lang='lat' dir='ltr'>reprehensione</span> <span class='ocrx_word' id='word_1_891' title='bbox 2817 5475 2873 5526; x_wconf 92' lang='lat' dir='ltr'>et</span> <span class='ocrx_word' id='word_1_892' title='bbox 2927 5477 3221 5530; x_wconf 91' lang='lat' dir='ltr'>custodies</span> <span class='ocrx_word' id='word_1_893' title='bbox 3263 5477 3559 5548; x_wconf 87' lang='lat' dir='ltr'>integrum</span> <span class='ocrx_word' id='word_1_894' title='bbox 3601 5499 3614 5535; x_wconf 91' lang='lat'>:</span> <span class='ocrx_word' id='word_1_895' title='bbox 3650 5500 3786 5553; x_wconf 63' lang='lat' dir='ltr'>quac</span> 
     </span>
    </p>
   </div>
   <div class='ocr_carea' id='block_1_119' title="bbox 2070 5559 3781 5641">
    <p class='ocr_par' dir='ltr' id='par_1_119' title="bbox 2070 5559 3781 5641">
     <span class='ocr_line' id='line_1_119' title="bbox 2070 5559 3781 5641; baseline 0.006 -25"><span class='ocrx_word' id='word_1_896' title='bbox 2070 5561 2180 5616; x_wconf 89' lang='lat' dir='ltr'>lem</span> <span class='ocrx_word' id='word_1_897' title='bbox 2215 5567 2269 5616; x_wconf 90' lang='lat' dir='ltr'>te</span> <span class='ocrx_word' id='word_1_898' title='bbox 2302 5559 2428 5615; x_wconf 92' lang='lat' dir='ltr'>novi</span> <span class='ocrx_word' id='word_1_899' title='bbox 2461 5565 2516 5615; x_wconf 91' lang='lat' dir='ltr'>et</span> <span class='ocrx_word' id='word_1_900' title='bbox 2564 5559 2764 5632; x_wconf 83' lang='lat' dir='ltr'>habui,</span> <span class='ocrx_word' id='word_1_901' title='bbox 2798 5579 2831 5617; x_wconf 88' lang='lat' dir='ltr'>a</span> <span class='ocrx_word' id='word_1_902' title='bbox 2865 5566 3170 5621; x_wconf 87' lang='lat' dir='ltr'>consulata</span> <span class='ocrx_word' id='word_1_903' title='bbox 3209 5568 3439 5624; x_wconf 81' lang='lat' dir='ltr'>Tatiani</span> <span class='ocrx_word' id='word_1_904' title='bbox 3484 5586 3668 5641; x_wconf 90' lang='lat' dir='ltr'>usque</span> <span class='ocrx_word' id='word_1_905' title='bbox 3725 5575 3781 5628; x_wconf 87' lang='lat' dir='ltr'>in</span> 
     </span>
    </p>
   </div>
  </div>
