4112 6210
351 339 508 404 125⁸1

354 477 476 532 Ἐἆν
531 477 632 552 γὰρ
692 475 930 554 ἀκούσῃς
989 475 1206 556 νύμφην
1264 475 1354 532 καὶ
1428 478 1688 558 νυμφίον,
1745 479 1843 548 τὴν
1903 499 2058 535 πνευ-
2091 484 2146 552 Α
2180 486 2488 559 μασάντων,
2545 490 2740 564 Χριστὲ
2801 489 2990 562 βοήθει
3047 487 3204 552 εὐθὺς
3258 491 3310 544 οἱ
3358 492 3516 565 θῆρες
3561 487 3742 562 ὥσπερ
3775 490 3875 544 ὑπὸ

357 567 590 638 ματικήν
619 565 810 622 ἕνωσιν
837 569 936 636 τήν
975 569 1110 642 πρὸς
1143 567 1356 641 Πατέρα
1397 567 1670 640 σημαίνει.

427 653 659 729 Ε’ίδομεν
693 654 750 712 δὲ
778 657 870 712 καὶ
911 656 1120 719 ἄλλους
1165 656 1404 730 Πατέρας
1453 655 1544 712 καὶ
1605 659 1886 733 μοναχοὺς
1929 659 2064 714 κατᾶ

351 750 523 800 πᾶσαν
581 747 680 815 τήν
741 746 1039 820 Αἴγυπτον,
1107 743 1325 808 πολλὰς
1385 742 1638 818 δυνάμεις
1694 748 1784 802 καὶ
1862 753 2064 820 σημεῖα

351 833 739 897 ἐπιτελοῦντας
778 855 793 870 ο
848 837 922 890 ὧν
977 834 1068 890 διὰ
1113 836 1176 890 τὸ
1240 834 1455 904 πλῆθος
1502 836 1606 890 οὐκ
1651 835 2064 910 ἐμνημονεύσα-

357 945 452 997 μεν
483 943 498 958 ο
539 923 688 980 ἀλλὰ
741 925 908 1002 ὀλίγα
939 926 1054 980 ἀντὶ
1110 923 1337 980 πολλῶν
1399 923 1808 1002 διηγησάμεθα.
1841 927 1900 981 Τί
1957 927 2063 1000 γὰρ

350 1011 410 1069 ἄν
459 1035 543 1076 τις
601 1011 744 1069 εἴποι
806 1013 931 1088 περὶ
985 1018 1088 1082 τῆς
1145 1013 1420 1089 ἀνωτέρας
1479 1011 1753 1084 Θηϐαΐτος
1800 1023 1900 1085 τῆς
1931 1016 2064 1070 κατὰ

354 1106 595 1174 Συήνην,
658 1103 712 1158 έν
770 1105 806 1178 ᾖ
885 1105 1328 1178 θαυμασιώτατοι
1401 1101 1591 1178 ἄνδρες
1683 1106 2064 1181 τυγχάνουσιν,

347 1193 438 1248 καὶ
495 1191 712 1263 πλῆθος
775 1198 1035 1268 μοναχῶν
1097 1195 1372 1268 ἄπειρον;
1433 1195 1507 1248 ῶν
1569 1196 1672 1250 οὐκ
1725 1195 1790 1250 ἄν
1845 1217 1930 1258 τις
1981 1217 2067 1250 πι-

353 1283 618 1338 στεύσειεν
691 1289 811 1346 ταῖς
875 1281 1206 1352 πολιτείαις,
1281 1283 1422 1358 ὑπὲρ
1507 1284 1852 1358 ἀνθρωπίνην
1922 1287 2068 1355 ζωήν

351 1371 732 1450 ὑπαρχούσαις
771 1390 786 1403 ·
839 1372 898 1427 οἳ
943 1372 1034 1426 καὶ
1083 1373 1308 1446 νεκροὺς
1360 1374 1523 1447 μέχρι
1567 1379 1668 1442 τῆς
1701 1376 1940 1450 σήμερον
1973 1373 2066 1428 ἀν-

357 1467 600 1532 ιστῶσιν,
647 1463 737 1517 καὶ
785 1466 896 1517 τῶν
945 1459 1158 1517 ὑδάτων
1217 1457 1584 1518 ἐπιϐαίνουσιν
1645 1463 1824 1538 ὥσπερ
1883 1465 1911 1518 ὁ
1969 1463 2068 1518 Πέ-

351 1571 504 1626 τρος,
535 1554 626 1607 καὶ
655 1556 760 1606 πᾶν
793 1550 822 1605 6'
851 1571 900 1606 τι
935 1547 994 1605 ἂν
1043 1553 1073 1606 6
1133 1553 1328 1625 Σωτὴρ
1387 1549 1476 1606 διὰ
1532 1555 1641 1606 τῶν
1701 1551 1872 1628 ἁγίων
1931 1551 2070 1628 ἀποιτ

353 1641 568 1696 στόλων
619 1639 952 1708 επετέλεσεν,
1023 1645 1190 1696 ταῦτα
1264 1643 1356 1696 καὶ
1431 1645 1524 1696 νῦν
1591 1639 1850 1700 διατελεῖ.
1910 1625 2071 1698 Ἀλλ’

354 1727 542 1798 ἒπειῖδῆ
601 1728 846 1791 κίνδυνός
903 1731 970 1798 ἦν
1031 1729 1084 1784 ἐν
1140 1731 1278 1803 ἡμῖν
1326 1731 1600 1804 μέγιστος,
1627 1729 1933 1806 περαιτέρω
1971 1738 2072 1800 τῆς

1701 343 2072 411 HISTORIA
2112 349 2531 417 LAUSIACA.

3717 360 3872 418 1258

2169 574 2408 648 ἀγγέλου
2457 577 2906 653 ἀποστραφέντες,
2959 577 3186 640 ἑαυτοὺς
3241 577 3316 640 εἷς
3387 579 3448 632 τὸ
3506 575 3654 649 ὕδωρ
3707 577 3877 646 ἠκόν-

2167 685 2320 720 τισαν
2358 685 2370 697 ⁸
2403 667 2568 738 ἡμεῖς
2621 666 2676 721 δὲ
2735 665 2926 740 δρόμῳ
2987 672 3174 741 συχνῷ
3219 666 3306 722 ἐπὶ
3361 667 3456 730 τάς
3501 667 3722 741 Νιτρίας
3781 667 3878 720 ἀπ-

2171 750 2538 826 εληλύθαμεν,
2596 757 2696 825 τήν
2757 761 2852 811 τυῦ
2913 752 3038 813 Ἰὼϐ
3097 758 3280 832 φωνήν
3351 755 3705 829 μελετῶντες,
3757 754 3878 810 ἔνθα

2169 841 2331 920 φησίν
2384 861 2398 875 ⁸
2457 845 2715 906 Ἐπτάκις
2794 844 2845 916 ἐξ
2905 847 3148 920 ἀναγκῶν
3225 845 3481 920 ἐξελεὶται
3555 865 3632 911 σε,
3709 845 3759 898 ἐν
3821 841 3878 898 δὲ

2171 928 2354 1003 ὀγδόῳ
2422 933 2486 986 οὐ
2567 935 2642 1005 μὴ
2711 933 2912 1007 ἅψηταί
2993 955 3088 988 σου
3164 936 3349 990 κακόν.
3429 935 3874 1006 Εὐχαριστοῦμεν

2171 1016 2264 1072 οῦν
2323 1022 2401 1088 τῷ
2460 1023 2575 1089 Θεῷ
2635 1024 2714 1090 τῷ
2765 1020 2824 1074 ἐκ
2882 1023 3156 1076 τοσούτων
3207 1025 3356 1094 ἡμᾶς
3401 1019 3660 1076 κινδύνων
3719 1019 3879 1096 ῥυσα-

2175 1105 2340 1180 μένῳ,
2369 1105 2460 1160 καὶ
2497 1105 2738 1180 μεγάλας
2765 1108 2992 1181 θεωρίας
3021 1112 3158 1181 ἡμῖν
3191 1108 3536 1180 ἐπιδείξανσι.

2793 1205 3047 1253 ΚΕΦΛΛ.
3096 1201 3268 1256 ΡΝΑ’.

2529 1289 2660 1362 Περὶ
2699 1293 2794 1342 τοῦ
2826 1287 3077 1348 συνόντος
3109 1309 3202 1360 μοι
3257 1287 3516 1364 ἀδελφοῦ.

2245 1375 2440 1452 Ὀλίγα
2489 1377 2672 1430 τοίνυν
2727 1377 2852 1449 περῖ
2898 1381 2996 1432 τοῦ
3044 1378 3295 1438 συνόντος
3331 1397 3422 1450 μοι
3481 1367 3722 1450 ἀδελφου
3771 1375 3876 1430 ἀπὸ

2171 1464 2425 1532 νεότητος
2488 1462 2595 1526 ἓως
2651 1469 2750 1529 τῆς
2806 1468 3047 1538 σήμερον
3107 1466 3342 1540 εἰρηκὼς
3401 1465 3627 1520 ἐνταῦθα
3681 1463 3874 1519 λοιπόν

2173 1553 2503 1608 καταπαύσω
2548 1554 2640 1608 τὸν
2702 1553 2884 1630 λόγον.
2916 1559 3119 1610 Τοῦτον
3175 1556 3284 1630 ἐγὼ
3325 1549 3492 1629 ἔγνων
3539 1549 3780 1629 ἀκριϐῶς
3821 1553 3882 1608 ἐκ

2177 1648 2402 1720 μακφῶν
2441 1647 2550 1698 τῶν
2602 1644 2816 1716 χρόνων
2863 1645 2964 1712 τὴν
3011 1645 3232 1718 ἀρίσεην
3276 1643 3554 1699 πολιτείαν
3607 1644 3882 1717 κατορθώ-

2889 1737 3308 1808 κατακρατοῦντ.
3391 1733 3489 1787 Καὶ
3567 1731 3690 1786 οἶδα
3773 1731 3880 1806 ἐγὼ

2175 1753 2360 1797 σαντα,
2439 1733 2530 1787 καὶ
2607 1733 2796 1788 παθῶν

355 1825 518 1875 Λυκῶ
575 1818 844 1890 ἀνελθεῖν,
905 1817 994 1874 διὰ
1032 1821 1132 1888 τήν
1179 1824 1288 1875 τῶν
1374 1819 1592 1894 λῃστῶν
1669 1817 1885 1897 ἔφοδον,
1967 1821 2360 1904 οὑκΒτοῦτον
2403 1817 2662 1896 ἀκριϐῶς,
2723 1822 2799 1894 μὴ
2859 1821 3093 1899 φανόντα
3149 1823 3330 1891 παθει,
3399 1823 3476 1894 μή
3552 1823 3882 1895 προσπαθῶς

351 1909 738 1983 ἐτολμήσαμεν
797 1911 928 1971 τοὺς
989 1910 1174 1984 ἁγίους
1245 1909 1478 1972 ἐκείνους
1561 1907 1716 1966 ἰδεῖν.
1772 1907 1907 1966 Οὐδὲ
1961 1913 2062 1985 γάρ

349 1999 479 2063 τοὺς
553 1999 928 2074 πορῥηθέντας
994 2001 1236 2074 Πατέρας
1299 1997 1600 2062 ἀκινδύνως
1675 1997 1886 2073 ἴδομεν,
1947 1998 2062 2056 οὐδ’

352 2090 563 2150 ἀπόνως
617 2086 742 2143 οὐδὲ
790 2088 996 2161 ἀκμητὶ
1060 2089 1156 2150 τάς
1213 2089 1364 2162 ἱερὰς
1421 2089 1620 2152 ταύτας
1705 2090 2058 2165 ἑωράκαμεν·

353 2175 499 2232 ἀλλὰ
551 2173 736 2232 πολλὰ
781 2177 1180 2250 προπαθόντες,
1209 2176 1298 2232 καὶ
1361 2181 1559 2250 μικροῦ
1613 2175 1722 2232 δεῖν
1787 2176 2062 2234 κινδυνεύ-

353 2287 558 2334 σαντες,
596 2267 760 2344 μόγις
815 2267 1234 2338 κατηξιώθημεν
1289 2270 1458 2321 ταῦτα
1511 2267 1820 2327 θεάσασθαι.
1858 2264 2060 2324 "E680-

362 2373 464 2427 μον
521 2355 629 2428 γὰρ
685 2353 897 2426 θανάτῳ
951 2355 1368 2428 περιεπέσαμεν,
1402 2353 1454 2409 ἐν
1515 2353 1572 2409 δὲ
1599 2360 1678 2428 τῷ
1729 2353 1906 2430 ὀγδόῳ
1950 2356 2062 2431 οὐχ

361 2443 542 2516 ἥψατο
591 2443 754 2514 ἡμῶν
811 2441 1000 2510 κακὸν,
1029 2447 1126 2496 τοῦ
1184 2447 1316 2497 Θεοῦ
1371 2443 1604 2498 πάντοτε
1659 2446 1806 2517 ἡμᾶς
1861 2443 2062 2500 διασώ-

217 2541 290 2584 vx
349 2551 560 2595 σαντος.
616 2533 792 2603 ’Ἃπαξ
854 2533 948 2606 μὲν
1004 2532 1108 2608 γὰρ
1166 2531 1320 2606 λιμῷ
1371 2532 1460 2587 καὶ
1520 2530 1662 2608 δίψει
1709 2533 1864 2589 πέντε
1893 2536 2059 2608 νυχθ-

349 2623 530 2692 ἡμερα
588 2617 678 2674 διὰ
734 2627 836 2690 τῆς
895 2620 1106 2696 ἐρήμου
1159 2625 1650 2696 περιπατήσαντες,
1703 2627 1902 2696 μικροῦ
1947 2621 2057 2678 δεῖν

352 2706 868 2782 ἐλιποψυχήσαμεν.
915 2706 1156 2764 Ἀλλοτε
1192 2705 1250 2764 δὲ
1301 2708 1442 2780 ὀξέσι
1501 2709 1592 2764 καὶ
1646 2710 1878 2784 παχέσιν
1934 2707 2057 2766 ἕλε-

347 2817 426 2850 σιν
487 2797 835 2870 ἐμπεσόντες,
893 2798 982 2852 καὶ
1043 2797 1170 2858 τοὺς
1226 2797 1398 2861 πόδας
1451 2800 1654 2854 ἑαυτῶν
1733 2798 2058 2876 διατρήσαν-

344 2905 454 2955 τες,
512 2885 588 2948 ὡς
648 2885 1014 2948 ἀνυποίστους
1063 2887 1304 2960 γενέσθαι
1395 2889 1492 2950 τὰς
1579 2887 1910 2964 ἀλγηδόνας,
1973 2911 2060 2962 μι-

343 2979 475 3050 κροῦ
535 2971 642 3030 δεῖν
698 2973 1066 3048 ἂπεψύξαμεν.
1123 2977 1314 3048 Τρίτον
1373 2975 1452 3044 δὲ,
1535 2973 1827 3053 βορϐὸροις
1911 2978 2059 3035 ἐνεπ-

346 3067 558 3141 άγημεν
589 3059 752 3138 ἄχρις
782 3063 1010 3143 ὀσφύος,
1038 3065 1129 3118 καὶ
1173 3065 1272 3120 οὐκ
1299 3066 1370 3135 ἦν
1402 3068 1430 3122 6
1480 3065 1742 3141 ῥυόμενος
1768 3086 1782 3102 ⁸
1843 3070 1932 3122 καὶ
1961 3068 2055 3130 τὰς

343 3157 439 3208 τοῦ
501 3152 768 3228 μακαρίου
817 3149 986 3209 Δαῦὶδ
1039 3149 1353 3228 ἀνεόοῶμεν
1413 3157 1596 3236 φωνάς
1631 3173 1646 3188 ⁸
1688 3158 1871 3212 Σῶσόν
1905 3178 1993 3231 με,
2027 3158 2055 3212 6

342 3245 494 3310 Θεὸς,
578 3241 660 3296 ὅτι
743 3241 1076 3312 εἷσήλθοσαν
1158 3241 1330 3300 ὓδατα
1405 3243 1510 3308 ἓως
1586 3249 1776 3324 ψυχῆς
1867 3267 1972 3320 μου
2038 3266 2052 3280 ·

345 3331 610 3408 ἐνεπάγην
669 3332 747 3392 εἷς
807 3331 926 3387 ἰλὺν
990 3333 1180 3408 βυθοῦ,
1255 3333 1346 3388 καί
1431 3333 1530 3390 οὐκ
1612 3333 1750 3390 ἔστιν
1826 3335 2056 3391 ὑπόσεα-

345 3441 448 3481 σις.
511 3419 612 3476 Καί
647 3439 660 3453 ’
725 3419 912 3475 Σῶσόν
969 3441 1036 3493 με
1083 3421 1190 3476 ἀπὸ
1251 3421 1462 3494 πηλοῦ,
1515 3421 1608 3479 ’ίνα
1669 3427 1744 3496 μή
1805 3423 2054 3502 ἐμπαγῶ.

344 3508 612 3582 Τέταρτον
669 3509 736 3578 ἦν
771 3510 836 3563 τὸ
883 3514 990 3564 τῶν
1039 3507 1246 3565 ὑδάτων
1303 3511 1520 3582 πλῆθος
1577 3512 1824 3589 ἐπιρῥυῖεν
1875 3513 1926 3568 ἐν
1953 3521 2054 3583 τῆς

344 3603 442 3653 τοῦ
497 3599 700 3655 Νείλου
777 3599 1074 3672 αὐξήσεως,
1123 3601 1210 3656 ἐπὶ
1255 3609 1404 3679 τρεῖς
1450 3604 1661 3679 ἡμέρας
1719 3602 1790 3659 δι’
1850 3602 2055 3660 ὑδάτων

343 3687 738 3763 πορευόμενοι,
796 3691 886 3744 καὶ
933 3689 989 3745 ἐν
1042 3696 1160 3755 τοῖς
1207 3693 1458 3765 στομίοις
1508 3699 1704 3768 μικροῦ
1755 3692 1865 3750 δεῖν
1895 3715 2054 3751 κατα-

343 3777 674 3834 κλυσθεῖσιν.
732 3777 863 3834 Τότε
920 3775 1164 3854 ἐϐοῶμεν
1211 3779 1468 3856 λέγοντες
1503 3799 1517 3813 ⁸
1575 3785 1666 3854 Μή
1749 3805 1816 3857 με
1885 3807 2054 3841 κατα-

343 3869 654 3934 ποντισάτω
731 3869 980 3944 καταιγὶς
1090 3866 1285 3933 ὕδατος
1371 3867 1512 3942 μηδὲ
1593 3872 1900 3928 καταπιέτω
1987 3897 2054 3947 με

353 3957 538 4031 βυθός.
620 3957 875 4028 Πέμπτον
966 3955 1042 4028 δὲ,
1119 3955 1349 4032 λῃσταῖς
1435 3961 1826 4034 περιεπέσαμεν
1917 3966 2054 4020 κατά

341 4048 442 4116 τήν
489 4043 782 4100 θαλασσίαν
841 4045 1010 4121 ὅχθαν
1067 4046 1154 4102 ἐπὶ
1211 4049 1310 4116 τὴν
1379 4048 1606 4104 Δίολκον
1675 4050 2052 4124 ἀφικόμενοι·

346 4133 400 4191 ο’ί
431 4133 564 4214 ἄχρι
613 4135 880 4190 τοσούτου
934 4139 1080 4209 ἡμᾶς
1139 4137 1467 4210 κατεδίωξαν
1523 4137 1851 4196 καταλαϐεῖν
1921 4143 2052 4218 βουο

347 4225 594 4300 λόμενοι,
625 4223 790 4300 ἄχρις
839 4225 902 4280 ἂν
960 4228 1058 4296 τὴν
1111 4231 1286 4300 πνοὴν
1354 4231 1514 4304 ἡμῶν
1575 4231 1770 4306 μικράν
1830 4231 2054 4288 ὑπολει-

345 4317 564 4392 φθῆναι,
594 4314 668 4377 ὡς
724 4313 812 4369 ἐπὶ
870 4313 998 4372 δέκα
1044 4317 1202 4390 μίλια
1247 4321 1410 4392 ἡμῶν
1454 4317 1818 4396 διωχθέντων.
1853 4324 2048 4379 Ἕκτον

345 4405 424 4478 δὲ,
480 4408 572 4461 τὸν
633 4406 828 4462 Νεῖλον
899 4407 1180 4478 πλέοντες,
1263 4413 1456 4486 μικρὸν
1543 4413 2049 4490 κατεποντίσθημεν

343 4497 822 4572 καταστραφέντες.
853 4491 1128 4571 Ἓϐδομον
1170 4499 1262 4570 ἦν,
1295 4501 1384 4556 ὅτε
1421 4502 1556 4556 κατὰ
1585 4503 1684 4572 τὴν
1725 4503 2050 4579 Μαρεώτιδα

2169 1915 2554 1985 νηστεύσαντα,
2614 1934 2930 1982 νικησαντα,
2981 1915 3056 1976 ὡς
3097 1913 3336 1985 νομίζω,
3390 1912 3561 1974 πάθος
3612 1912 3880 1988 φιλαργυ-

2173 2005 2312 2079 ρίας,
2359 2005 2422 2059 τὸ
2475 2003 2731 2060 πλεῖστον
2793 1999 3102 2076 κενοδοξίας
3163 2001 3484 2076 ἐκφυγόντα,
3543 2000 3881 2074 ἀρκούμενον

2169 2091 2252 2146 ἀεὶ
2319 2096 2436 2152 τοῖς
2501 2095 2782 2165 παροῦσιν,
2873 2091 2948 2164 μὴ
3045 2088 3534 2160 καλλωπιζόμενον
3613 2086 3878 2160 ἱματίοις,

2168 2180 2673 2256 καταφρονούμενον
2712 2178 2814 2234 ὑπό
2860 2199 3022 2233 τινων
3063 2177 3098 2247 ἢ
3147 2176 3664 2249 κατευτελιζόμενον
3713 2175 3878 2248 εὐχα-

2171 2274 2370 2345 ριστεῖν
2429 2265 2950 2342 ὑπερκινδυνεύοντα
2995 2267 3234 2340 γνησίων
3295 2265 3494 2344 φίλων,
3545 2269 3736 2340 πεῖραν
3779 2261 3878 2318 λα-

2169 2353 2335 2415 δόντα
2393 2355 2669 2431 δαιμόνων
2722 2355 2828 2418 ἓως
2887 2355 3157 2432 χιλιάκις,
3195 2355 3285 2410 καὶ
3337 2355 3514 2410 ἐπάνω
3564 2372 3578 2387 ·
3633 2353 3715 2414 εὼς
3786 2351 3876 2406 καὶ

2172 2453 2271 2522 μιᾷ
2324 2449 2431 2502 τῶν
2481 2449 2707 2522 ἡμερῶν
2764 2444 2998 2518 δαίμονα
3056 2445 3204 2518 αύτῷ
3255 2441 3732 2518 συντετυχηκέναι,
3783 2440 3874 2495 καὶ

2169 2538 2336 2594 εἰπεῖν
2401 2537 2567 2610 μόνον
2603 2553 2618 2568 ⁸
2679 2537 2887 2590 Σύνθου
2935 2556 3031 2608 μοι
3075 2537 3173 2590 τοῦ
3221 2534 3317 2588 κὰν
3368 2532 3503 2604 ’ἅπαξ
3537 2532 3875 2605 ἀμαρτῆσαι,

2166 2627 2254 2687 καὶ
2313 2627 2378 2696 ἢν
2439 2625 2502 2680 ἂν
2570 2622 2698 2698 δόξῃ
2755 2646 2838 2678 σοι
2887 2624 3056 2678 εἰπεῖν
3107 2615 3374 2696 εύγενίόα,
3439 2620 3530 2674 καὶ
3587 2617 3878 2688 πλουσίαν,

2165 2706 2272 2792 ἐγὼ
2319 2735 2408 2770 σοι
2473 2714 2582 2786 ἄξω
2630 2712 2891 2788 εὐχερῶς.
2936 2711 3036 2766 Καὶ
3085 2709 3250 2765 πάλιν
3306 2707 3508 2764 ἄλλοτε
3576 2705 3880 2770 πυκτεύσας

2168 2807 2196 2860 6
2225 2811 2325 2874 τῆς
2361 2801 2682 2879 βλαφημίας
2735 2800 2946 2874 δαίμων
2997 2799 3048 2854 ἐν
3104 2799 3474 2875 νυχθημέροις
3519 2794 3878 2874 δεκατέσσαρ-

2167 2913 2274 2962 σιν,
2340 2893 2414 2954 ὡς
2463 2893 2628 2955 αὑτός
2697 2913 2792 2964 μοι
2861 2888 3130 2966 διηγεῖτο,
3193 2888 3282 2944 καὶ
3361 2887 3414 2944 ἐν
3481 2887 3634 2942 νυκτὶ
3713 2887 3876 2960 σύρας

2163 2985 2360 3036 τοῦτον
2417 2981 2478 3035 ἐκ
2525 2977 2691 3040 ποδὸς
2741 2983 2896 3052 φωνῇ
2943 2975 3190 3052 ὲπάνδρῳ
3241 2975 3591 3050 προσωμίλει
3649 2972 3826 3050 λέγων
3861 2993 3876 3008 ·

2165 3071 2255 3140 Μή
2323 3068 2614 3144 προσκύνει
2661 3067 2754 3123 τὸν
2815 3068 3066 3140 Χριστὸν,
3134 3066 3220 3120 καὶ
3273 3067 3334 3120 οὐ
3392 3066 3468 3139 μὴ
3540 3085 3634 3118 σου
3701 3083 3876 3138 προσ-

2165 3157 2388 3234 εγγίσω.
2443 3158 2543 3212 Τὸν
2606 3156 2663 3212 δὲ
2737 3156 3171 3230 ἀποκρινάμενον
3241 3152 3411 3209 εἰπεῖν
3475 3153 3628 3223 αὐτῷ
3671 3167 3688 3182 ⁸
3781 3151 3880 3206 Διά

2165 3251 2327 3304 τοῦτο
2394 3244 2453 3301 δὲ
2519 3243 2650 3300 αὑτό
2684 3265 2698 3279 ·
2767 3241 2954 3312 ἐπειδὴ
3025 3243 3087 3297 σὺ
3167 3245 3358 3298 τοῦτον
3451 3237 3678 3314 ἀηδίζῃ,
3761 3237 3872 3314 ἐγὼ

2167 3335 2324 3393 αὑτὸν
2367 3336 2726 3410 προσκυνήσω
2779 3333 2870 3388 καὶ
2920 3329 3148 3402 δοξάσω.
3184 3331 3286 3388 Καὶ
3343 3328 3532 3401 πάλιν,
3590 3349 3658 3383 κα
3740 3325 3878 3382 πολ-

2166 3425 2327 3487 λάκις
2409 3421 2805 3484 πολυπλασίως
2885 3419 3254 3494 δεηθήσομαι,
3325 3417 3414 3474 καί
3504 3415 3610 3478 ἕως
3703 3411 3875 3471 ἔνεστί

2169 3535 2261 3588 μοι
2321 3517 2560 3586 Πνεῦμα,
2620 3515 2811 3567 τοῦτον
2869 3509 3150 3576 ἱκετεύσω,
3208 3505 3298 3562 διὰ
3353 3506 3415 3564 τό
3477 3527 3534 3562 σε
3591 3505 3874 3561 ἐναντιοῦ-

2163 3606 2281 3660 σθαι
2311 3607 2380 3678 τῇ
2427 3607 2525 3658 τοῦ
2557 3605 2694 3657 Θεοῦ
2754 3598 2999 3675 λατρεία.
3059 3598 3278 3656 Ἑκατὸν
3334 3593 3389 3668 ’ἐξ
3453 3593 3656 3670 ,πόλεις
3697 3597 3878 3664 πατή-

2162 3715 2282 3760 σας,
2313 3693 2363 3748 ἐν
2399 3690 2456 3748 δὲ
2480 3697 2600 3753 ταῖς
2626 3689 2905 3752 πλείσταις
2957 3687 3048 3742 καὶ
3099 3687 3384 3762 χρονίσας,
3427 3687 3704 3762 γυναικὸς,
3751 3687 3869 3740 πεῖ-

2163 3805 2256 3858 ραν
2293 3783 2392 3838 οὑκ
2425 3781 2582 3856 ἔσχεν
2611 3779 2748 3835 έλέει
2797 3783 2894 3834 τοῦ
2941 3780 3198 3852 Χριστοῦ,
3233 3775 3358 3832 οὐδὲ
3411 3777 3473 3832 τό
3530 3777 3648 3832 κατ’
3716 3771 3868 3850 ὄναρ,

2158 3875 2304 3942 πλὴν
2341 3876 2438 3927 τοῦ
2479 3869 2728 3944 πολέμου
2768 3873 2864 3924 τοῦ
2931 3869 3068 3922 κατά
3121 3870 3220 3937 τὴν
3279 3867 3532 3942 πορνείαν
3579 3863 3863 3938 δαίμονος.

2160 3963 2349 4039 Τρίτον
2397 3966 2588 4017 τοῦτον
2648 3957 2818 4034 ἔγνων
2877 3955 3077 4034 ἔχοντα
3147 3956 3335 4032 χρείαν
3415 3956 3743 4032 βρωμάτων,
3805 3952 3866 4007 ἐκ

2159 4053 2345 4128 χειρὸς
2411 4051 2576 4127 ἁγίων
2647 4049 2896 4126 ἀγγέλων
2963 4043 3336 4102 λαϐόντα.Ἐν
3401 4051 3500 4118 μιᾷ
3554 4048 3661 4099 τῶν
3721 4045 3860 4114 ἡμε-

2162 4149 2266 4221 ρῶν
2335 4141 2569 4216 εὑρεθεὶς
2630 4140 2680 4195 ἐν
2737 4139 3011 4214 ἀκροτάτῃ
3072 4137 3296 4212 ἐρημίᾳ,
3355 4137 3444 4191 καὶ
3505 4131 3634 4208 μηδ’
3711 4133 3860 4196 ὃλιυς

2163 4231 2360 4308 βρῶμά
2419 4251 2470 4285 τι
2515 4230 2816 4305 βαστάζων,
2869 4232 3016 4302 τρεῖς
3073 4229 3270 4302 ἄρτους
3319 4227 3467 4300 εὗρεν
3523 4223 3758 4299 θερμοὺς
3807 4225 3860 4280 έν

2157 4319 2226 4394 τῇ
2274 4321 2535 4395 μηλωτῇ.
2583 4319 2822 4377 ’Άλλοτε
2874 4316 3040 4374 πάλιν
3105 4314 3409 4390 παξαμίδας
3439 4323 3468 4350 “·
3519 4315 3610 4370 καὶ
3667 4315 3743 4378 εἰς
3800 4316 3863 4369 τὸ

2155 4411 2362 4486 τρίτον,
2419 4411 2564 4466 οἶνον
2625 4411 2760 4483 μετά
2807 4410 3010 4484 ἄρτων.
3073 4409 3280 4484 Ἕγνων
3335 4405 3500 4462 πάλιν
3555 4410 3747 4461 τοῦτον
3781 4403 3864 4460 λι-

2157 4499 2396 4573 πόμενον
2455 4496 2830 4571 ἀναλωμάτων
2914 4497 3142 4552 ἀκοῦσαι
3220 4496 3348 4571 παρ’
3441 4493 3697 4570 ἀγγέλου,
3777 4493 3862 4548 ὅτι

343 4569 556 4658 λίμνην
583 4569 707 4638 ἔνθα
739 4584 767 4638 6
797 4569 1326 4663 χάρτηςῖγεννᾶται,
1355 4589 1434 4652 εἷς
1477 4569 1652 4656 νῆσόν*
1683 4569 1828 4648 τινα·
1855 4593 2051 4668 μικρὰν
2081 4569 2126 4633 D
2159 4569 2440 4644 Ἀπελθὼν
2493 4569 2657 4642 λάϐε-
2684 4585 2828 4660 παρὰ
2883 4583 3044 4640 τοῦδε
3097 4583 3280 4640 ἔλαιον
3303 4569 3415 4640 καὶ
3472 4569 3618 4638 σῖτον
3679 4587 3735 4637 '0
3807 4579 3864 4636 δὲ

340 4670 723 4748 ἀπερῤίφημεν
771 4671 1001 4747 ἔρημον,
1057 4676 1146 4730 καὶ
1195 4679 1321 4752 τρία
1370 4681 1696 4756 νυχθήμερα
1771 4681 2047 4756 ὑπαίθριοι

343 4760 657 4836 ἐμείναμεν,
705 4763 902 4836 κρύους
959 4766 1206 4841 μεγάλου
1235 4767 1326 4821 καὶ
1383 4763 1610 4843 ὄμϐρων
1660 4773 1796 4841 ἡμῖν
1847 4772 2047 4828 ἐπικει-

345 4849 522 4925 μένων
553 4868 568 4884 ·
628 4853 696 4922 ἦν
750 4851 852 4927 γάρ
903 4855 932 4908 ὁ
983 4856 1168 4930 καιρὸς
1215 4860 1324 4911 τῶν
1375 4859 1730 4936 Ἐπιφανίων.
1763 4861 1850 4916 Ἐν
1885 4859 1942 4916 δὲ
1968 4865 2050 4933 τῷ

343 4940 544 5014 ὀγδόῳ,
605 4940 860 5016 περισσδν
925 4943 1018 5016 μὶν
1079 4943 1190 4998 ἐστι
1245 4945 1308 5001 τὸ
1361 4944 1635 5024 διήγημα,
1694 4949 1846 5022 ὅμως
1904 4951 2048 5028 ὠφέ-

341 5030 526 5104 λιμον.
562 5033 879 5106 Παριόντων
925 5033 1028 5108 γὰρ
1083 5036 1245 5107 ἡμῶν
1299 5033 1389 5092 διά
1434 5059 1584 5100 τινος
1626 5039 1800 5094 τόπου
1845 5040 1920 5102 εἰς
1949 5042 2046 5104 τὰς

340 5121 386 5178 Ν
397 5141 476 5194 ιτρ
489 5123 592 5192 ίας,
623 5143 688 5176 κο
701 5120 820 5184 ιλάς
857 5143 940 5185 τις
970 5124 1037 5192 ἦν
1069 5127 1332 5199 κατάίτήν
1376 5129 1564 5206 χώραν
1597 5127 1810 5204 μεγάλη
1852 5127 2048 5194 ὕδατος

339 5211 588 5284 γέμουσα
643 5207 694 5265 ἐν
854 5210 1304 5285 ἐναπομείναντες
1349 5215 1694 5290 κροκόδειλοι
1741 5221 1876 5288 ἦσαν
1905 5220 2046 5276 πολ-

339 5298 450 5370 λοί,
484 5303 582 5354 τοῦ
621 5297 818 5362 ὕδατος
848 5299 908 5356 ἐκ
948 5306 1056 5357 τῶν
1105 5308 1306 5378 χωρῶν
1355 5307 1840 5382 ὑποχωρήσαντος.
1872 5315 2044 5384 Τριῶν

339 5389 432 5443 οὗν
453 5387 824 5465 κροκοδείλων
873 5391 960 5447 ἐπὶ
1007 5393 1069 5448 τὸ
1113 5395 1308 5468 χεῖλος
1354 5400 1450 5450 τοῦ
1493 5397 1690 5472 βόθρου
1750 5398 2045 5472 ἐκτεταμέ-

337 5500 468 5549 νων,
523 5479 858 5554 προσήειμεν
925 5483 1422 5558 ἡμεῖςιόψόμενοι
1495 5487 1562 5540 τὰ
1653 5487 1816 5561 θηρία
1879 5487 2047 5558 νομί-

341 5591 526 5632 σαντες
583 5569 725 5626 αὑτά
777 5571 1138 5642 τεθνηκέναι·
1199 5575 1265 5629 τὰ
1321 5573 1380 5630 δὲ
1439 5575 1592 5638 εὐθὺς
1641 5575 1720 5654 ἐφ’
1753 5579 1900 5649 ἡμᾶς
1930 5575 2046 5652 ὥρ-

347 5679 544 5734 μησαν.
605 5663 796 5732 Ἥμῶν
852 5658 910 5716 δὲ
959 5659 1174 5738 μεγάλῃ
1227 5667 1298 5738 τῇ
1355 5668 1510 5742 φωνῇ
1549 5665 1642 5721 τὸν
1693 5664 1888 5743 Κύριον
1921 5666 2047 5722 ὀνο-

2163 4673 2332 4750 μηδέν
2367 4673 2643 4750 διακρίνας
2703 4673 2922 4744 ἀπῆλθε
2978 4675 3114 4749 πρὸς
3169 4675 3262 4730 τὸν
3328 4674 3624 4746 μηνυθέντα
3692 4671 3858 4742 αὐτῷ.

2159 4771 2218 4822 '0
2249 4765 2306 4822 δὲ
2365 4765 2494 4822 ἰδὼν
2561 4765 2744 4835 αὑτὸν,
2801 4763 2950 4843 λέγει
3009 4765 3193 4838 αὐτῷ·
3255 4763 3331 4818 Σὺ
3393 4765 3442 4818 εἴ
3493 4765 3521 4818 6
3577 4761 3724 4817 δεῖνα
3757 4783 3864 4834 μο-

2157 4857 2375 4928 νάζων;
2433 4855 2822 4930 Ἀποκρίνεται,
2880 4853 2970 4908 καὶ
3020 4855 3170 4928 λέγει
3205 4870 3218 4884 ·
3281 4853 3405 4920 Ναὶ,
3475 4850 3586 4926 ἐγώ
3643 4849 3756 4923 εἷ’μι
3795 4853 3857 4906 ’όν

2157 4946 2354 5022 λέγεις,
2397 4950 2454 5001 '0
2483 4943 2577 5000 δέ·
2626 4946 2687 5002 Ὀ
2737 4941 3134 5013 οἰκοδεσπότης
3171 4939 3445 4996 ἐκέλευσέν
3497 4961 3582 4996 σοι
3631 4937 3858 5008 δοθῆναι

2156 5037 2446 5111 τριάκοντα
2500 5031 2732 5108 μοδίους
2780 5032 2954 5098 σίτου,
3011 5031 3100 5086 καὶ
3159 5027 3370 5085 δώδεκα
3419 5029 3600 5100 ξέστας
3649 5027 3856 5084 ἐλαίου.

2157 5127 2316 5199 ’Υπὲρ
2365 5127 2462 5179 τοῦ
2519 5123 2774 5179 τοιούτου
2811 5123 3191 5196 καυχήσομαι,
3251 5121 3366 5182 οἷος
3431 5121 3498 5188 ἦν
3575 5119 3734 5178 οὗτος
3805 5117 3862 5173 ὅν

2157 5215 2265 5290 ἐγὼ
2331 5209 2498 5292 ἔγνων
2523 5232 2538 5245 ·
2596 5217 2793 5270 τοῦτον
2839 5210 2959 5267 οῖδα
3001 5211 3107 5288 ἐγὼ
3157 5208 3491 5284 δακρύσαντα
3533 5207 3622 5264 ἐπὶ
3651 5205 3858 5282 ἀνδρῶν

2154 5308 2210 5361 ἓν
2258 5305 2468 5379 ἀνάγκῃ
2515 5303 2711 5374 ὄντων,
2760 5303 2851 5358 καὶ
2901 5301 3289 5377 ἀπορουμένων
3321 5300 3372 5353 ἐν
3423 5298 3650 5364 πενίαις,
3717 5317 3858 5372 παρ-

2157 5394 2432 5472 εσχηκότα
2463 5391 2516 5449 εἷ’
2551 5415 2604 5448 τι
2667 5394 2830 5469 εἶχεν,
2865 5391 3015 5462 πλὴν
3055 5398 3156 5462 τῆς
3202 5391 3392 5446 ἑαυτοῦ
3449 5389 3668 5464 σαρκός.
3727 5387 3860 5444 Οἶδα

2153 5489 2346 5540 τοῦτον
2404 5483 2516 5561 ἐγὼ
2564 5482 2874 5538 κλαύσαντα
2911 5481 3000 5537 καὶ
3069 5479 3156 5536 ἐπὶ
3207 5478 3520 5542 ἐκπεσόντος
3560 5477 3612 5534 ἐν
3680 5479 3858 5553 ἁμαρ-

2153 5573 2292 5636 τίαις
2326 5593 2338 5608 ·
2371 5573 2432 5636 ’ὸς
2461 5577 2576 5634 τοῖς
2619 5570 2873 5646 δάκρυσιν
2921 5571 2998 5634 εἰς
3047 5569 3332 5643 μετάνοιαν
3373 5567 3572 5644 ἤγαγεν
3621 5567 3712 5622 τὸν
3769 5567 3854 5620 ἐκ·

2157 5662 2406 5720 πεσόντα.
2472 5661 2647 5724 Οὗτός
2709 5661 2804 5734 μοί
2863 5681 2999 5716 ποτε
3055 5658 3391 5734 διωμόσατο,
3449 5657 3532 5714 ὅτι
3585 5659 3681 5715 τοῦ
3720 5659 3854 5710 Θεοῦ
