  <div class='ocr_page' id='page_1' title='image "/cluster/home/n/w/nwhite01/storage/ocr_20150623/34/hvd.32044073501835/639.png"; bbox 0 0 4112 6210; ppageno 0'>
   <div class='ocr_carea' id='block_1_1' title="bbox 314 269 470 328">
    <p class='ocr_par' dir='ltr' id='par_1_1' title="bbox 314 269 470 328">
     <span class='ocr_line' id='line_1_1' title="bbox 314 269 470 328; baseline 0.006 -1"><span class='ocrx_word' id='word_1_1' title='bbox 314 269 470 328; x_wconf 76' lang='grc'>1259</span> 
     </span>
    </p>
   </div>
   <div class='ocr_carea' id='block_1_2' title="bbox 1890 267 2247 329">
    <p class='ocr_par' dir='ltr' id='par_1_2' title="bbox 1890 267 2247 329">
     <span class='ocr_line' id='line_1_2' title="bbox 1890 267 2247 329; baseline 0.008 -3"><span class='ocrx_word' id='word_1_2' title='bbox 1890 267 2247 329; x_wconf 82' lang='lat' dir='ltr'>PALLADII</span> 
     </span>
    </p>
   </div>
   <div class='ocr_carea' id='block_1_3' title="bbox 3671 269 3822 330">
    <p class='ocr_par' dir='ltr' id='par_1_3' title="bbox 3671 269 3822 330">
     <span class='ocr_line' id='line_1_3' title="bbox 3671 269 3822 330; baseline 0 0"><span class='ocrx_word' id='word_1_3' title='bbox 3671 269 3822 330; x_wconf 78' lang='lat'>1260</span> 
     </span>
    </p>
   </div>
   <div class='ocr_carea' id='block_1_4' title="bbox 309 398 3828 477">
    <p class='ocr_par' dir='ltr' id='par_1_4' title="bbox 309 398 3828 477">
     <span class='ocr_line' id='line_1_4' title="bbox 309 398 3828 477; baseline 0 -22"><span class='ocrx_word' id='word_1_4' title='bbox 309 400 536 472; x_wconf 73' lang='grc' dir='ltr'>ἐδεήθην</span> <span class='ocrx_word' id='word_1_5' title='bbox 570 400 775 475; x_wconf 70' lang='grc' dir='ltr'>μηδένα</span> <span class='ocrx_word' id='word_1_6' title='bbox 804 404 968 472; x_wconf 83' lang='grc' dir='ltr'>νύξαι,</span> <span class='ocrx_word' id='word_1_7' title='bbox 1015 401 1250 475; x_wconf 74' lang='grc' dir='ltr'>μάλιστα</span> <span class='ocrx_word' id='word_1_8' title='bbox 1269 405 1377 458; x_wconf 82' lang='grc' dir='ltr'>τῶν</span> <span class='ocrx_word' id='word_1_9' title='bbox 1429 399 1650 477; x_wconf 76' lang='grc' dir='ltr'>φαύλων</span> <span class='ocrx_word' id='word_1_10' title='bbox 1702 399 2004 472; x_wconf 76' lang='grc' dir='ltr'>πλουσίων,</span> <span class='ocrx_word' id='word_1_11' title='bbox 2038 401 2332 472; x_wconf 69' lang='grc' dir='ltr'>Αλάσσων</span> <span class='ocrx_word' id='word_1_12' title='bbox 2392 401 2666 475; x_wconf 83' lang='grc' dir='ltr'>ἀκέραιον,</span> <span class='ocrx_word' id='word_1_13' title='bbox 2716 402 2835 456; x_wconf 80' lang='grc' dir='ltr'>οἷόν</span> <span class='ocrx_word' id='word_1_14' title='bbox 2878 420 2934 456; x_wconf 89' lang='grc' dir='ltr'>σε</span> <span class='ocrx_word' id='word_1_15' title='bbox 2993 398 3142 463; x_wconf 80' lang='grc' dir='ltr'>οἶδα,</span> <span class='ocrx_word' id='word_1_16' title='bbox 3201 400 3293 455; x_wconf 79' lang='grc' dir='ltr'>καὶ</span> <span class='ocrx_word' id='word_1_17' title='bbox 3350 400 3502 475; x_wconf 82' lang='grc' dir='ltr'>εἶχον</span> <span class='ocrx_word' id='word_1_18' title='bbox 3563 400 3670 456; x_wconf 84' lang='grc' dir='ltr'>ἀπὸ</span> <span class='ocrx_word' id='word_1_19' title='bbox 3729 409 3828 471; x_wconf 73' lang='grc' dir='ltr'>τῆς</span> 
     </span>
    </p>
   </div>
   <div class='ocr_carea' id='block_1_5' title="bbox 310 489 1661 569">
    <p class='ocr_par' dir='ltr' id='par_1_5' title="bbox 310 489 1661 569">
     <span class='ocr_line' id='line_1_5' title="bbox 310 489 1661 569; baseline 0.002 -23"><span class='ocrx_word' id='word_1_20' title='bbox 310 490 397 546; x_wconf 80' lang='grc' dir='ltr'>ἐπὶ</span> <span class='ocrx_word' id='word_1_21' title='bbox 427 496 506 564; x_wconf 79' lang='grc' dir='ltr'>τῷ</span> <span class='ocrx_word' id='word_1_22' title='bbox 540 489 725 548; x_wconf 87' lang='grc' dir='ltr'>δοῦναί</span> <span class='ocrx_word' id='word_1_23' title='bbox 750 494 847 567; x_wconf 85' lang='grc' dir='ltr'>μοί</span> <span class='ocrx_word' id='word_1_24' title='bbox 875 514 927 548; x_wconf 92' lang='grc' dir='ltr'>τι</span> <span class='ocrx_word' id='word_1_25' title='bbox 950 495 1058 548; x_wconf 81' lang='grc' dir='ltr'>τῶν</span> <span class='ocrx_word' id='word_1_26' title='bbox 1089 495 1292 569; x_wconf 80' lang='grc' dir='ltr'>χρειῶν</span> <span class='ocrx_word' id='word_1_27' title='bbox 1323 489 1661 559; x_wconf 76' lang='grc' dir='ltr'>λιπομένων.</span> 
     </span>
    </p>
   </div>
   <div class='ocr_carea' id='block_1_6' title="bbox 377 669 2008 748">
    <p class='ocr_par' dir='ltr' id='par_1_6' title="bbox 377 669 2008 748">
     <span class='ocr_line' id='line_1_6' title="bbox 377 669 2008 748; baseline 0.001 -22"><span class='ocrx_word' id='word_1_28' title='bbox 377 673 536 745; x_wconf 78' lang='grc' dir='ltr'>Ἐμοὶ</span> <span class='ocrx_word' id='word_1_29' title='bbox 588 669 643 728; x_wconf 80' lang='grc' dir='ltr'>δὲ</span> <span class='ocrx_word' id='word_1_30' title='bbox 680 676 842 728; x_wconf 85' lang='grc' dir='ltr'>τοῦτο</span> <span class='ocrx_word' id='word_1_31' title='bbox 874 673 1029 748; x_wconf 79' lang='grc' dir='ltr'>ἀρκεῖ</span> <span class='ocrx_word' id='word_1_32' title='bbox 1072 673 1135 728; x_wconf 87' lang='grc' dir='ltr'>τὸ</span> <span class='ocrx_word' id='word_1_33' title='bbox 1194 674 1420 746; x_wconf 84' lang='grc' dir='ltr'>μνήμην</span> <span class='ocrx_word' id='word_1_34' title='bbox 1486 674 1819 744; x_wconf 78' lang='grc' dir='ltr'>πεποιῆσθαι</span> <span class='ocrx_word' id='word_1_35' title='bbox 1875 692 2008 728; x_wconf 88' lang='grc' dir='ltr'>κατ-</span> 
     </span>
    </p>
   </div>
   <div class='ocr_carea' id='block_1_7' title="bbox 303 761 2010 839">
    <p class='ocr_par' dir='ltr' id='par_1_7' title="bbox 303 761 2010 839">
     <span class='ocr_line' id='line_1_7' title="bbox 303 761 2010 839; baseline 0.002 -24"><span class='ocrx_word' id='word_1_36' title='bbox 303 761 598 832; x_wconf 77' lang='grc' dir='ltr'>αξιωθῆναι</span> <span class='ocrx_word' id='word_1_37' title='bbox 657 765 805 839; x_wconf 86' lang='grc' dir='ltr'>παρά</span> <span class='ocrx_word' id='word_1_38' title='bbox 850 771 950 832; x_wconf 87' lang='grc' dir='ltr'>τῆς</span> <span class='ocrx_word' id='word_1_39' title='bbox 1009 764 1153 826; x_wconf 83' lang='grc' dir='ltr'>θείας</span> <span class='ocrx_word' id='word_1_40' title='bbox 1215 762 1443 839; x_wconf 75' lang='grc' dir='ltr'>χάριτος</span> <span class='ocrx_word' id='word_1_41' title='bbox 1496 761 1702 818; x_wconf 88' lang='grc' dir='ltr'>τούτων</span> <span class='ocrx_word' id='word_1_42' title='bbox 1761 763 2010 818; x_wconf 78' lang='grc' dir='ltr'>ἁπάντων</span> 
     </span>
    </p>
   </div>
   <div class='ocr_carea' id='block_1_8' title="bbox 302 849 2007 930">
    <p class='ocr_par' dir='ltr' id='par_1_8' title="bbox 302 849 2007 930">
     <span class='ocr_line' id='line_1_8' title="bbox 302 849 2007 930; baseline 0.001 -26"><span class='ocrx_word' id='word_1_43' title='bbox 302 850 393 904; x_wconf 86' lang='grc' dir='ltr'>καὶ</span> <span class='ocrx_word' id='word_1_44' title='bbox 453 849 748 922; x_wconf 74' lang='grc' dir='ltr'>δυνηθῆναι</span> <span class='ocrx_word' id='word_1_45' title='bbox 805 857 974 907; x_wconf 85' lang='grc' dir='ltr'>ταῦτα</span> <span class='ocrx_word' id='word_1_46' title='bbox 1026 857 1207 930; x_wconf 74' lang='grc' dir='ltr'>γραφῇ</span> <span class='ocrx_word' id='word_1_47' title='bbox 1283 849 1744 926; x_wconf 79' lang='grc' dir='ltr'>παραδεδωκέναι.</span> <span class='ocrx_word' id='word_1_48' title='bbox 1814 851 2007 909; x_wconf 80' lang='grc' dir='ltr'>Οὐκὲτι</span> 
     </span>
    </p>
   </div>
   <div class='ocr_carea' id='block_1_9' title="bbox 306 939 2004 1018">
    <p class='ocr_par' dir='ltr' id='par_1_9' title="bbox 306 939 2004 1018">
     <span class='ocr_line' id='line_1_9' title="bbox 306 939 2004 1018; baseline 0.002 -25"><span class='ocrx_word' id='word_1_49' title='bbox 306 941 426 1014; x_wconf 72' lang='grc' dir='ltr'>γὰρ,</span> <span class='ocrx_word' id='word_1_50' title='bbox 463 943 538 1003; x_wconf 84' lang='grc' dir='ltr'>ὡς</span> <span class='ocrx_word' id='word_1_51' title='bbox 569 942 748 1014; x_wconf 77' lang='grc' dir='ltr'>οἶμαι.</span> <span class='ocrx_word' id='word_1_52' title='bbox 781 943 842 996; x_wconf 86' lang='grc' dir='ltr'>τὸ</span> <span class='ocrx_word' id='word_1_53' title='bbox 891 942 1178 1011; x_wconf 79' lang='grc' dir='ltr'>κινηθῆναί</span> <span class='ocrx_word' id='word_1_54' title='bbox 1221 963 1315 996; x_wconf 80' lang='grc' dir='ltr'>σου</span> <span class='ocrx_word' id='word_1_55' title='bbox 1345 942 1443 1010; x_wconf 79' lang='grc' dir='ltr'>τήν</span> <span class='ocrx_word' id='word_1_56' title='bbox 1502 942 1714 1018; x_wconf 74' lang='grc' dir='ltr'>ἀγαθὴν</span> <span class='ocrx_word' id='word_1_57' title='bbox 1771 939 2004 998; x_wconf 76' lang='grc' dir='ltr'>διάνοιαν</span> 
     </span>
    </p>
   </div>
   <div class='ocr_carea' id='block_1_10' title="bbox 302 1028 2004 1107">
    <p class='ocr_par' dir='ltr' id='par_1_10' title="bbox 302 1028 2004 1107">
     <span class='ocr_line' id='line_1_10' title="bbox 302 1028 2004 1107; baseline 0.002 -25"><span class='ocrx_word' id='word_1_58' title='bbox 302 1028 428 1082; x_wconf 81' lang='grc' dir='ltr'>ἄνευ</span> <span class='ocrx_word' id='word_1_59' title='bbox 482 1037 582 1098; x_wconf 79' lang='grc' dir='ltr'>τῆς</span> <span class='ocrx_word' id='word_1_60' title='bbox 631 1034 727 1086; x_wconf 84' lang='grc' dir='ltr'>τοῦ</span> <span class='ocrx_word' id='word_1_61' title='bbox 785 1035 920 1086; x_wconf 87' lang='grc' dir='ltr'>Θεοῦ</span> <span class='ocrx_word' id='word_1_62' title='bbox 987 1029 1278 1107; x_wconf 80' lang='grc' dir='ltr'>ἐνεργείας,</span> <span class='ocrx_word' id='word_1_63' title='bbox 1338 1030 1413 1092; x_wconf 80' lang='grc' dir='ltr'>εἷς</span> <span class='ocrx_word' id='word_1_64' title='bbox 1471 1032 1534 1085; x_wconf 89' lang='grc' dir='ltr'>τὸ</span> <span class='ocrx_word' id='word_1_65' title='bbox 1619 1030 1860 1102; x_wconf 73' lang='grc' dir='ltr'>ἐπιτάξαι</span> <span class='ocrx_word' id='word_1_66' title='bbox 1935 1035 2004 1106; x_wconf 75' lang='grc' dir='ltr'>τῇ</span> 
     </span>
    </p>
   </div>
   <div class='ocr_carea' id='block_1_11' title="bbox 301 1116 2009 1196">
    <p class='ocr_par' dir='ltr' id='par_1_11' title="bbox 301 1116 2009 1196">
     <span class='ocr_line' id='line_1_11' title="bbox 301 1116 2009 1196; baseline 0.004 -26"><span class='ocrx_word' id='word_1_67' title='bbox 301 1119 408 1191; x_wconf 82' lang='grc' dir='ltr'>ἐμῇ</span> <span class='ocrx_word' id='word_1_68' title='bbox 452 1119 692 1190; x_wconf 74' lang='grc' dir='ltr'>οὐθενείᾳ</span> <span class='ocrx_word' id='word_1_69' title='bbox 739 1121 838 1189; x_wconf 80' lang='grc' dir='ltr'>τήν</span> <span class='ocrx_word' id='word_1_70' title='bbox 894 1119 1137 1189; x_wconf 78' lang='grc' dir='ltr'>σύνταξιν</span> <span class='ocrx_word' id='word_1_71' title='bbox 1187 1125 1284 1174; x_wconf 90' lang='grc' dir='ltr'>τοῦ</span> <span class='ocrx_word' id='word_1_72' title='bbox 1337 1116 1558 1196; x_wconf 87' lang='grc' dir='ltr'>βιϐλίου</span> <span class='ocrx_word' id='word_1_73' title='bbox 1604 1123 1799 1176; x_wconf 86' lang='grc' dir='ltr'>τούτου</span> <span class='ocrx_word' id='word_1_74' title='bbox 1847 1128 2009 1189; x_wconf 80' lang='grc' dir='ltr'>ποιῆ-</span> 
     </span>
    </p>
   </div>
   <div class='ocr_carea' id='block_1_12' title="bbox 299 1208 2003 1290">
    <p class='ocr_par' dir='ltr' id='par_1_12' title="bbox 299 1208 2003 1290">
     <span class='ocr_line' id='line_1_12' title="bbox 299 1208 2003 1290; baseline 0.003 -29"><span class='ocrx_word' id='word_1_75' title='bbox 299 1230 408 1276; x_wconf 83' lang='grc' dir='ltr'>σαι,</span> <span class='ocrx_word' id='word_1_76' title='bbox 469 1209 557 1262; x_wconf 83' lang='grc' dir='ltr'>καὶ</span> <span class='ocrx_word' id='word_1_77' title='bbox 615 1215 794 1286; x_wconf 74' lang='grc' dir='ltr'>γραφῇ</span> <span class='ocrx_word' id='word_1_78' title='bbox 854 1208 1192 1284; x_wconf 83' lang='grc' dir='ltr'>παραδοῦναι</span> <span class='ocrx_word' id='word_1_79' title='bbox 1247 1212 1380 1275; x_wconf 83' lang='grc' dir='ltr'>τοὺς</span> <span class='ocrx_word' id='word_1_80' title='bbox 1440 1211 1591 1287; x_wconf 84' lang='grc' dir='ltr'>βίους</span> <span class='ocrx_word' id='word_1_81' title='bbox 1649 1213 1756 1265; x_wconf 76' lang='grc' dir='ltr'>τῶν</span> <span class='ocrx_word' id='word_1_82' title='bbox 1831 1212 2003 1290; x_wconf 80' lang='grc' dir='ltr'>ἁγίων</span> 
     </span>
    </p>
   </div>
   <div class='ocr_carea' id='block_1_13' title="bbox 297 1295 1012 1372">
    <p class='ocr_par' dir='ltr' id='par_1_13' title="bbox 297 1295 1012 1372">
     <span class='ocr_line' id='line_1_13' title="bbox 297 1295 1012 1372; baseline 0.008 -24"><span class='ocrx_word' id='word_1_83' title='bbox 297 1296 386 1348; x_wconf 79' lang='grc' dir='ltr'>καὶ</span> <span class='ocrx_word' id='word_1_84' title='bbox 423 1295 703 1370; x_wconf 82' lang='grc' dir='ltr'>μακαρίων</span> <span class='ocrx_word' id='word_1_85' title='bbox 739 1297 1012 1372; x_wconf 84' lang='grc' dir='ltr'>Πατὲρων.</span> 
     </span>
    </p>
   </div>
   <div class='ocr_carea' id='block_1_14' title="bbox 364 1471 2002 1553">
    <p class='ocr_par' dir='ltr' id='par_1_14' title="bbox 364 1471 2002 1553">
     <span class='ocr_line' id='line_1_14' title="bbox 364 1471 2002 1553; baseline 0.004 -26"><span class='ocrx_word' id='word_1_86' title='bbox 364 1474 440 1527; x_wconf 81' lang='grc' dir='ltr'>Σὺ</span> <span class='ocrx_word' id='word_1_87' title='bbox 504 1471 560 1528; x_wconf 80' lang='grc' dir='ltr'>δέ</span> <span class='ocrx_word' id='word_1_88' title='bbox 609 1495 667 1547; x_wconf 84' lang='grc' dir='ltr'>γε</span> <span class='ocrx_word' id='word_1_89' title='bbox 737 1474 1026 1531; x_wconf 87' lang='grc' dir='ltr'>πίστότατε</span> <span class='ocrx_word' id='word_1_90' title='bbox 1119 1473 1281 1532; x_wconf 83' lang='grc' dir='ltr'>δοῦλε</span> <span class='ocrx_word' id='word_1_91' title='bbox 1347 1477 1442 1531; x_wconf 84' lang='grc' dir='ltr'>τοῦ</span> <span class='ocrx_word' id='word_1_92' title='bbox 1514 1481 1765 1553; x_wconf 79' lang='grc' dir='ltr'>χριστοῦ,</span> <span class='ocrx_word' id='word_1_93' title='bbox 1853 1479 2002 1552; x_wconf 86' lang='grc' dir='ltr'>τίμιε</span> 
     </span>
    </p>
   </div>
   <div class='ocr_carea' id='block_1_15' title="bbox 295 1563 1998 1648">
    <p class='ocr_par' dir='ltr' id='par_1_15' title="bbox 295 1563 1998 1648">
     <span class='ocr_line' id='line_1_15' title="bbox 295 1563 1998 1648; baseline 0.005 -33"><span class='ocrx_word' id='word_1_94' title='bbox 295 1567 492 1633; x_wconf 69' lang='grc' dir='ltr'>Λαῦσε,</span> <span class='ocrx_word' id='word_1_95' title='bbox 523 1563 614 1617; x_wconf 78' lang='grc' dir='ltr'>κιοὶ</span> <span class='ocrx_word' id='word_1_96' title='bbox 645 1569 829 1619; x_wconf 81' lang='grc' dir='ltr'>πασῶν</span> <span class='ocrx_word' id='word_1_97' title='bbox 878 1563 1001 1637; x_wconf 71' lang='grc' dir='ltr'>ἐμοὶ</span> <span class='ocrx_word' id='word_1_98' title='bbox 1052 1566 1183 1643; x_wconf 77' lang='grc' dir='ltr'>φίκη</span> <span class='ocrx_word' id='word_1_99' title='bbox 1225 1568 1311 1622; x_wconf 84' lang='grc' dir='ltr'>καὶ</span> <span class='ocrx_word' id='word_1_100' title='bbox 1363 1568 1707 1643; x_wconf 75' lang='grc' dir='ltr'>γνησιωτάτη</span> <span class='ocrx_word' id='word_1_101' title='bbox 1765 1567 1998 1648; x_wconf 76' lang='grc' dir='ltr'>κεφαλὴ,</span> 
     </span>
    </p>
   </div>
   <div class='ocr_carea' id='block_1_16' title="bbox 295 1650 1994 1737">
    <p class='ocr_par' dir='ltr' id='par_1_16' title="bbox 295 1650 1994 1737">
     <span class='ocr_line' id='line_1_16' title="bbox 295 1650 1994 1737; baseline 0.006 -31"><span class='ocrx_word' id='word_1_102' title='bbox 295 1650 472 1720; x_wconf 70' lang='grc' dir='ltr'>ἡδέως</span> <span class='ocrx_word' id='word_1_103' title='bbox 524 1651 862 1728; x_wconf 78' lang='grc' dir='ltr'>ἐντυγχάνων</span> <span class='ocrx_word' id='word_1_104' title='bbox 913 1657 1079 1730; x_wconf 78' lang='grc' dir='ltr'>ταύτῃ</span> <span class='ocrx_word' id='word_1_105' title='bbox 1126 1661 1194 1731; x_wconf 86' lang='grc' dir='ltr'>τῇ</span> <span class='ocrx_word' id='word_1_106' title='bbox 1250 1654 1449 1732; x_wconf 80' lang='grc' dir='ltr'>βίϐλῳ,</span> <span class='ocrx_word' id='word_1_107' title='bbox 1481 1659 1671 1728; x_wconf 73' lang='grc' dir='ltr'>ἱκανὴν</span> <span class='ocrx_word' id='word_1_108' title='bbox 1729 1659 1994 1737; x_wconf 75' lang='grc' dir='ltr'>ὠφέλειαν</span> 
     </span>
    </p>
   </div>
   <div class='ocr_carea' id='block_1_17' title="bbox 2124 491 3830 570">
    <p class='ocr_par' dir='ltr' id='par_1_17' title="bbox 2124 491 3830 570">
     <span class='ocr_line' id='line_1_17' title="bbox 2124 491 3830 570; baseline -0.001 -22"><span class='ocrx_word' id='word_1_109' title='bbox 2124 493 2380 555; x_wconf 83' lang='grc' dir='ltr'>ὑπατείας</span> <span class='ocrx_word' id='word_1_110' title='bbox 2437 494 2699 549; x_wconf 88' lang='grc' dir='ltr'>Τανιανοῦ</span> <span class='ocrx_word' id='word_1_111' title='bbox 2757 492 2925 570; x_wconf 69' lang='grc' dir='ltr'>μέχρι</span> <span class='ocrx_word' id='word_1_112' title='bbox 2971 497 3074 560; x_wconf 83' lang='grc' dir='ltr'>τῆς</span> <span class='ocrx_word' id='word_1_113' title='bbox 3132 491 3397 564; x_wconf 75' lang='grc' dir='ltr'>σήμερον,</span> <span class='ocrx_word' id='word_1_114' title='bbox 3447 492 3538 546; x_wconf 83' lang='grc' dir='ltr'>καὶ</span> <span class='ocrx_word' id='word_1_115' title='bbox 3583 492 3702 547; x_wconf 85' lang='grc' dir='ltr'>οἷόν</span> <span class='ocrx_word' id='word_1_116' title='bbox 3774 514 3830 547; x_wconf 85' lang='grc' dir='ltr'>σε</span> 
     </span>
    </p>
   </div>
   <div class='ocr_carea' id='block_1_18' title="bbox 2120 581 3831 658">
    <p class='ocr_par' dir='ltr' id='par_1_18' title="bbox 2120 581 3831 658">
     <span class='ocr_line' id='line_1_18' title="bbox 2120 581 3831 658; baseline -0.001 -20"><span class='ocrx_word' id='word_1_117' title='bbox 2120 581 2287 638; x_wconf 84' lang='grc' dir='ltr'>πάλιν</span> <span class='ocrx_word' id='word_1_118' title='bbox 2347 583 2500 658; x_wconf 78' lang='grc' dir='ltr'>εὗρον</span> <span class='ocrx_word' id='word_1_119' title='bbox 2569 587 2688 644; x_wconf 86' lang='grc' dir='ltr'>τοῖς</span> <span class='ocrx_word' id='word_1_120' title='bbox 2741 581 2968 655; x_wconf 85' lang='grc' dir='ltr'>τρὸποις</span> <span class='ocrx_word' id='word_1_121' title='bbox 3038 582 3432 656; x_wconf 87' lang='grc' dir='ltr'>χρηστότερον,</span> <span class='ocrx_word' id='word_1_122' title='bbox 3491 599 3831 658; x_wconf 76' lang='grc' dir='ltr'>χειροτοτη-</span> 
     </span>
    </p>
   </div>
   <div class='ocr_carea' id='block_1_19' title="bbox 2120 666 3828 748">
    <p class='ocr_par' dir='ltr' id='par_1_19' title="bbox 2120 666 3828 748">
     <span class='ocr_line' id='line_1_19' title="bbox 2120 666 3828 748; baseline 0 -20"><span class='ocrx_word' id='word_1_123' title='bbox 2120 674 2276 729; x_wconf 83' lang='grc' dir='ltr'>θὲντα</span> <span class='ocrx_word' id='word_1_124' title='bbox 2321 667 2679 748; x_wconf 81' lang='grc' dir='ltr'>πραιπόσιτον</span> <span class='ocrx_word' id='word_1_125' title='bbox 2742 675 2839 728; x_wconf 91' lang='grc' dir='ltr'>τοῦ</span> <span class='ocrx_word' id='word_1_126' title='bbox 2920 666 3306 727; x_wconf 76' lang='grc' dir='ltr'>εὐσεϐεστάτου</span> <span class='ocrx_word' id='word_1_127' title='bbox 3390 676 3678 734; x_wconf 81' lang='grc' dir='ltr'>κοιτῶνος.</span> <span class='ocrx_word' id='word_1_128' title='bbox 3735 674 3828 730; x_wconf 85' lang='grc' dir='ltr'>Όν</span> 
     </span>
    </p>
   </div>
   <div class='ocr_carea' id='block_1_20' title="bbox 2118 759 3824 838">
    <p class='ocr_par' dir='ltr' id='par_1_20' title="bbox 2118 759 3824 838">
     <span class='ocr_line' id='line_1_20' title="bbox 2118 759 3824 838; baseline 0.002 -22"><span class='ocrx_word' id='word_1_129' title='bbox 2118 763 2224 838; x_wconf 83' lang='grc' dir='ltr'>γὰρ</span> <span class='ocrx_word' id='word_1_130' title='bbox 2281 763 2398 832; x_wconf 80' lang='grc' dir='ltr'>ἀξία</span> <span class='ocrx_word' id='word_1_131' title='bbox 2456 762 2686 830; x_wconf 82' lang='grc' dir='ltr'>τοιαύτη</span> <span class='ocrx_word' id='word_1_132' title='bbox 2751 760 2888 834; x_wconf 82' lang='grc' dir='ltr'>μετὰ</span> <span class='ocrx_word' id='word_1_133' title='bbox 2973 759 3278 835; x_wconf 76' lang='grc' dir='ltr'>χρημάτων</span> <span class='ocrx_word' id='word_1_134' title='bbox 3341 759 3644 829; x_wconf 80' lang='grc' dir='ltr'>τοσούτων,</span> <span class='ocrx_word' id='word_1_135' title='bbox 3733 763 3824 819; x_wconf 79' lang='grc' dir='ltr'>καὶ</span> 
     </span>
    </p>
   </div>
   <div class='ocr_carea' id='block_1_21' title="bbox 2116 845 3831 930">
    <p class='ocr_par' dir='ltr' id='par_1_21' title="bbox 2116 845 3831 930">
     <span class='ocr_line' id='line_1_21' title="bbox 2116 845 3831 930; baseline -0.001 -23"><span class='ocrx_word' id='word_1_136' title='bbox 2116 851 2358 922; x_wconf 81' lang='grc' dir='ltr'>ἐξουσίας</span> <span class='ocrx_word' id='word_1_137' title='bbox 2407 849 2770 922; x_wconf 82' lang='grc' dir='ltr'>τηλικαύτης,</span> <span class='ocrx_word' id='word_1_138' title='bbox 2801 854 2899 906; x_wconf 85' lang='grc' dir='ltr'>τοῦ</span> <span class='ocrx_word' id='word_1_139' title='bbox 2938 845 3111 930; x_wconf 75' lang='grc' dir='ltr'>φόϐου</span> <span class='ocrx_word' id='word_1_140' title='bbox 3139 853 3238 906; x_wconf 84' lang='grc' dir='ltr'>τοῦ</span> <span class='ocrx_word' id='word_1_141' title='bbox 3285 854 3425 905; x_wconf 81' lang='grc' dir='ltr'>Θεοῦ</span> <span class='ocrx_word' id='word_1_142' title='bbox 3482 851 3585 906; x_wconf 76' lang='grc' dir='ltr'>οὐκ</span> <span class='ocrx_word' id='word_1_143' title='bbox 3633 849 3831 922; x_wconf 74' lang='grc' dir='ltr'>ἐποίη-</span> 
     </span>
    </p>
   </div>
   <div class='ocr_carea' id='block_1_22' title="bbox 2117 938 3828 1016">
    <p class='ocr_par' dir='ltr' id='par_1_22' title="bbox 2117 938 3828 1016">
     <span class='ocr_line' id='line_1_22' title="bbox 2117 938 3828 1016; baseline -0.002 -19"><span class='ocrx_word' id='word_1_144' title='bbox 2117 962 2205 997; x_wconf 87' lang='grc' dir='ltr'>σεν</span> <span class='ocrx_word' id='word_1_145' title='bbox 2267 942 2511 1016; x_wconf 84' lang='grc' dir='ltr'>χείρονα.</span> <span class='ocrx_word' id='word_1_146' title='bbox 2575 941 2732 1004; x_wconf 82' lang='grc' dir='ltr'>οὗτος</span> <span class='ocrx_word' id='word_1_147' title='bbox 2779 938 2915 1003; x_wconf 77' lang='grc' dir='ltr'>ὅλος</span> <span class='ocrx_word' id='word_1_148' title='bbox 2951 938 3226 996; x_wconf 82' lang='grc' dir='ltr'>ἀνάκειται</span> <span class='ocrx_word' id='word_1_149' title='bbox 3284 943 3368 1012; x_wconf 76' lang='grc' dir='ltr'>τῷ</span> <span class='ocrx_word' id='word_1_150' title='bbox 3443 938 3683 1013; x_wconf 76' lang='grc' dir='ltr'>Χριστῷ,</span> <span class='ocrx_word' id='word_1_151' title='bbox 3747 946 3828 1013; x_wconf 80' lang='grc' dir='ltr'>τῷ</span> 
     </span>
    </p>
   </div>
   <div class='ocr_carea' id='block_1_23' title="bbox 2116 1025 3826 1100">
    <p class='ocr_par' dir='ltr' id='par_1_23' title="bbox 2116 1025 3826 1100">
     <span class='ocr_line' id='line_1_23' title="bbox 2116 1025 3826 1100; baseline -0.002 -13"><span class='ocrx_word' id='word_1_152' title='bbox 2116 1033 2402 1087; x_wconf 80' lang='grc' dir='ltr'>ἀκούσαντι</span> <span class='ocrx_word' id='word_1_153' title='bbox 2435 1031 2537 1087; x_wconf 82' lang='grc' dir='ltr'>ὑπὸ</span> <span class='ocrx_word' id='word_1_154' title='bbox 2567 1035 2663 1086; x_wconf 88' lang='grc' dir='ltr'>τοῦ</span> <span class='ocrx_word' id='word_1_155' title='bbox 2694 1025 2960 1086; x_wconf 87' lang='grc' dir='ltr'>διαϐόλου</span> <span class='ocrx_word' id='word_1_156' title='bbox 2996 1048 3010 1064; x_wconf 87' lang='grc'>·</span> <span class='ocrx_word' id='word_1_157' title='bbox 3042 1030 3223 1088; x_wconf 86' lang='grc' dir='ltr'>Ταῦτά</span> <span class='ocrx_word' id='word_1_158' title='bbox 3270 1049 3355 1084; x_wconf 87' lang='grc' dir='ltr'>σοι</span> <span class='ocrx_word' id='word_1_159' title='bbox 3411 1029 3582 1085; x_wconf 75' lang='grc' dir='ltr'>πάντα</span> <span class='ocrx_word' id='word_1_160' title='bbox 3641 1028 3826 1100; x_wconf 83' lang='grc' dir='ltr'>δώσω,</span> 
     </span>
    </p>
   </div>
   <div class='ocr_carea' id='block_1_24' title="bbox 2112 1119 3828 1199">
    <p class='ocr_par' dir='ltr' id='par_1_24' title="bbox 2112 1119 3828 1199">
     <span class='ocr_line' id='line_1_24' title="bbox 2112 1119 3828 1199; baseline -0.001 -23"><span class='ocrx_word' id='word_1_161' title='bbox 2112 1121 2198 1176; x_wconf 70' lang='grc' dir='ltr'>ἐὰν</span> <span class='ocrx_word' id='word_1_162' title='bbox 2238 1123 2416 1178; x_wconf 85' lang='grc' dir='ltr'>πεσὼν</span> <span class='ocrx_word' id='word_1_163' title='bbox 2467 1123 2847 1195; x_wconf 73' lang='grc' dir='ltr'>προσκυνήσῃς</span> <span class='ocrx_word' id='word_1_164' title='bbox 2899 1140 3014 1192; x_wconf 89' lang='grc' dir='ltr'>μοι.</span> <span class='ocrx_word' id='word_1_165' title='bbox 3060 1119 3240 1176; x_wconf 75' lang='grc' dir='ltr'>Ἀλλὰ</span> <span class='ocrx_word' id='word_1_166' title='bbox 3295 1123 3488 1176; x_wconf 87' lang='grc' dir='ltr'>τοῦτον</span> <span class='ocrx_word' id='word_1_167' title='bbox 3545 1120 3828 1199; x_wconf 69' lang='grc' dir='ltr'>κατῄσχυο</span> 
     </span>
    </p>
   </div>
   <div class='ocr_carea' id='block_1_25' title="bbox 2109 1208 3350 1285">
    <p class='ocr_par' dir='ltr' id='par_1_25' title="bbox 2109 1208 3350 1285">
     <span class='ocr_line' id='line_1_25' title="bbox 2109 1208 3350 1285; baseline 0 -19"><span class='ocrx_word' id='word_1_168' title='bbox 2109 1232 2196 1266; x_wconf 91' lang='grc' dir='ltr'>νεν</span> <span class='ocrx_word' id='word_1_169' title='bbox 2225 1212 2252 1266; x_wconf 84' lang='grc' dir='ltr'>ὁ</span> <span class='ocrx_word' id='word_1_170' title='bbox 2287 1211 2506 1285; x_wconf 81' lang='grc' dir='ltr'>Κύριος,</span> <span class='ocrx_word' id='word_1_171' title='bbox 2538 1209 2704 1265; x_wconf 77' lang='grc' dir='ltr'>εἰπών</span> <span class='ocrx_word' id='word_1_172' title='bbox 2731 1227 2746 1242; x_wconf 76' lang='grc'><strong>⁸</strong></span> <span class='ocrx_word' id='word_1_173' title='bbox 2779 1211 2982 1284; x_wconf 80' lang='grc' dir='ltr'>Ὕπαγε</span> <span class='ocrx_word' id='word_1_174' title='bbox 3013 1208 3188 1264; x_wconf 87' lang='grc' dir='ltr'>ὀπίσω</span> <span class='ocrx_word' id='word_1_175' title='bbox 3222 1229 3350 1282; x_wconf 89' lang='grc' dir='ltr'>μου.</span> 
     </span>
    </p>
   </div>
   <div class='ocr_carea' id='block_1_26' title="bbox 2184 1296 3824 1373">
    <p class='ocr_par' dir='ltr' id='par_1_26' title="bbox 2184 1296 3824 1373">
     <span class='ocr_line' id='line_1_26' title="bbox 2184 1296 3824 1373; baseline -0.002 -19"><span class='ocrx_word' id='word_1_176' title='bbox 2184 1301 2284 1357; x_wconf 87' lang='lat' dir='ltr'>&quot;Ov</span> <span class='ocrx_word' id='word_1_177' title='bbox 2328 1297 2396 1370; x_wconf 79' lang='grc' dir='ltr'>δὴ</span> <span class='ocrx_word' id='word_1_178' title='bbox 2436 1299 2526 1354; x_wconf 81' lang='grc' dir='ltr'>καὶ</span> <span class='ocrx_word' id='word_1_179' title='bbox 2584 1298 2745 1360; x_wconf 79' lang='grc' dir='ltr'>αὐτὸς</span> <span class='ocrx_word' id='word_1_180' title='bbox 2799 1296 3161 1373; x_wconf 79' lang='grc' dir='ltr'>μιμούμενος,</span> <span class='ocrx_word' id='word_1_181' title='bbox 3192 1297 3285 1354; x_wconf 85' lang='grc' dir='ltr'>τὸν</span> <span class='ocrx_word' id='word_1_182' title='bbox 3337 1298 3524 1372; x_wconf 68' lang='grc' dir='ltr'>ῥέοντα</span> <span class='ocrx_word' id='word_1_183' title='bbox 3581 1296 3824 1355; x_wconf 83' lang='grc' dir='ltr'>πλοῦτον</span> 
     </span>
    </p>
   </div>
   <div class='ocr_carea' id='block_1_27' title="bbox 2110 1385 3822 1467">
    <p class='ocr_par' dir='ltr' id='par_1_27' title="bbox 2110 1385 3822 1467">
     <span class='ocr_line' id='line_1_27' title="bbox 2110 1385 3822 1467; baseline 0 -21"><span class='ocrx_word' id='word_1_184' title='bbox 2110 1391 2522 1467; x_wconf 83' lang='grc' dir='ltr'>παρωσάμενος,</span> <span class='ocrx_word' id='word_1_185' title='bbox 2575 1389 2665 1444; x_wconf 86' lang='grc' dir='ltr'>καὶ</span> <span class='ocrx_word' id='word_1_186' title='bbox 2729 1389 2827 1456; x_wconf 79' lang='grc' dir='ltr'>τήν</span> <span class='ocrx_word' id='word_1_187' title='bbox 2886 1386 3091 1458; x_wconf 84' lang='grc' dir='ltr'>σκιώδη</span> <span class='ocrx_word' id='word_1_188' title='bbox 3151 1385 3306 1459; x_wconf 81' lang='grc' dir='ltr'>δόξαν</span> <span class='ocrx_word' id='word_1_189' title='bbox 3376 1393 3476 1444; x_wconf 90' lang='grc' dir='ltr'>τοῦ</span> <span class='ocrx_word' id='word_1_190' title='bbox 3547 1391 3822 1466; x_wconf 84' lang='grc' dir='ltr'>παρόντος</span> 
     </span>
    </p>
   </div>
   <div class='ocr_carea' id='block_1_28' title="bbox 2112 1477 3821 1557">
    <p class='ocr_par' dir='ltr' id='par_1_28' title="bbox 2112 1477 3821 1557">
     <span class='ocr_line' id='line_1_28' title="bbox 2112 1477 3821 1557; baseline -0.002 -21"><span class='ocrx_word' id='word_1_191' title='bbox 2112 1482 2260 1557; x_wconf 80' lang='grc' dir='ltr'>βίου,</span> <span class='ocrx_word' id='word_1_192' title='bbox 2311 1482 2412 1550; x_wconf 74' lang='grc' dir='ltr'>τὴν</span> <span class='ocrx_word' id='word_1_193' title='bbox 2468 1479 2717 1554; x_wconf 77' lang='grc' dir='ltr'>οὐράνιον</span> <span class='ocrx_word' id='word_1_194' title='bbox 2769 1477 3046 1540; x_wconf 73' lang='grc' dir='ltr'>ἐπιποθεῖ(</span> <span class='ocrx_word' id='word_1_195' title='bbox 3104 1477 3380 1553; x_wconf 85' lang='grc' dir='ltr'>ἀκήρατον</span> <span class='ocrx_word' id='word_1_196' title='bbox 3477 1482 3643 1549; x_wconf 75' lang='grc' dir='ltr'>ζωὴν,</span> <span class='ocrx_word' id='word_1_197' title='bbox 3725 1483 3821 1538; x_wconf 77' lang='grc' dir='ltr'>καὶ</span> 
     </span>
    </p>
   </div>
   <div class='ocr_carea' id='block_1_29' title="bbox 2110 1565 3822 1646">
    <p class='ocr_par' dir='ltr' id='par_1_29' title="bbox 2110 1565 3822 1646">
     <span class='ocr_line' id='line_1_29' title="bbox 2110 1565 3822 1646; baseline -0.001 -20"><span class='ocrx_word' id='word_1_198' title='bbox 2110 1569 2284 1626; x_wconf 71' lang='grc' dir='ltr'>ὀιῒδιον</span> <span class='ocrx_word' id='word_1_199' title='bbox 2349 1567 2651 1646; x_wconf 85' lang='grc' dir='ltr'>βασιλείαν,</span> <span class='ocrx_word' id='word_1_200' title='bbox 2701 1568 2792 1624; x_wconf 85' lang='grc' dir='ltr'>καὶ</span> <span class='ocrx_word' id='word_1_201' title='bbox 2845 1568 3104 1641; x_wconf 83' lang='grc' dir='ltr'>μένουσαν</span> <span class='ocrx_word' id='word_1_202' title='bbox 3155 1565 3310 1640; x_wconf 78' lang='grc' dir='ltr'>δόξαν</span> <span class='ocrx_word' id='word_1_203' title='bbox 3372 1568 3463 1624; x_wconf 84' lang='grc' dir='ltr'>καὶ</span> <span class='ocrx_word' id='word_1_204' title='bbox 3521 1569 3822 1645; x_wconf 79' lang='grc' dir='ltr'>ἆνεξιχνὶαο</span> 
     </span>
    </p>
   </div>
   <div class='ocr_carea' id='block_1_30' title="bbox 2109 1656 3824 1733">
    <p class='ocr_par' dir='ltr' id='par_1_30' title="bbox 2109 1656 3824 1733">
     <span class='ocr_line' id='line_1_30' title="bbox 2109 1656 3824 1733; baseline -0.001 -15"><span class='ocrx_word' id='word_1_205' title='bbox 2109 1683 2236 1718; x_wconf 89' lang='grc' dir='ltr'>στον</span> <span class='ocrx_word' id='word_1_206' title='bbox 2291 1659 2556 1729; x_wconf 89' lang='grc' dir='ltr'>πλοῦτον,</span> <span class='ocrx_word' id='word_1_207' title='bbox 2626 1658 2716 1714; x_wconf 85' lang='grc' dir='ltr'>καὶ</span> <span class='ocrx_word' id='word_1_208' title='bbox 2779 1659 2844 1713; x_wconf 82' lang='grc' dir='ltr'>τὰ</span> <span class='ocrx_word' id='word_1_209' title='bbox 2916 1656 3203 1732; x_wconf 70' lang='grc' dir='ltr'>ἀπόρρητα</span> <span class='ocrx_word' id='word_1_210' title='bbox 3288 1657 3460 1733; x_wconf 74' lang='grc' dir='ltr'>ἀγαθά</span> <span class='ocrx_word' id='word_1_211' title='bbox 3493 1679 3508 1693; x_wconf 88' lang='grc'><strong>·</strong></span> <span class='ocrx_word' id='word_1_212' title='bbox 3597 1659 3631 1713; x_wconf 81' lang='grc' dir='ltr'><strong>ἆ</strong></span> <span class='ocrx_word' id='word_1_213' title='bbox 3701 1660 3824 1717; x_wconf 67' lang='grc' dir='ltr'>οὗτε</span> 
     </span>
    </p>
   </div>
   <div class='ocr_carea' id='block_1_31' title="bbox 288 1741 3820 1848">
    <p class='ocr_par' dir='ltr' id='par_1_31' title="bbox 288 1741 3820 1848">
     <span class='ocr_line' id='line_1_31' title="bbox 288 1741 3820 1848; baseline 0.003 -53"><span class='ocrx_word' id='word_1_214' title='bbox 288 1741 376 1796; x_wconf 79' lang='grc' dir='ltr'>ἐπὶ</span> <span class='ocrx_word' id='word_1_215' title='bbox 432 1748 502 1816; x_wconf 80' lang='grc' dir='ltr'>τῇ</span> <span class='ocrx_word' id='word_1_216' title='bbox 578 1749 684 1798; x_wconf 79' lang='grc' dir='ltr'>τῶν</span> <span class='ocrx_word' id='word_1_217' title='bbox 761 1741 984 1800; x_wconf 84' lang='grc' dir='ltr'>δικαίων</span> <span class='ocrx_word' id='word_1_218' title='bbox 1063 1747 1344 1802; x_wconf 71' lang='grc' dir='ltr'>ἀναστάσει</span> <span class='ocrx_word' id='word_1_219' title='bbox 1420 1749 1665 1823; x_wconf 78' lang='grc' dir='ltr'>παρέξεις</span> <span class='ocrx_word' id='word_1_220' title='bbox 1750 1771 1844 1805; x_wconf 88' lang='grc' dir='ltr'>σου</span> <span class='ocrx_word' id='word_1_221' title='bbox 1925 1756 1994 1825; x_wconf 82' lang='grc' dir='ltr'>τῇ</span> <span class='ocrx_word' id='word_1_222' title='bbox 2027 1781 2076 1848; x_wconf 76' lang='grc' dir='ltr'><strong>Β</strong></span> <span class='ocrx_word' id='word_1_223' title='bbox 2109 1752 2394 1831; x_wconf 79' lang='grc' dir='ltr'>ὀφθαλμὸς</span> <span class='ocrx_word' id='word_1_224' title='bbox 2453 1749 2610 1819; x_wconf 76' lang='grc' dir='ltr'>εἶδεν,</span> <span class='ocrx_word' id='word_1_225' title='bbox 2667 1748 2792 1805; x_wconf 74' lang='grc' dir='ltr'>οὔτε</span> <span class='ocrx_word' id='word_1_226' title='bbox 2850 1748 2942 1812; x_wconf 80' lang='grc' dir='ltr'>οῦς</span> <span class='ocrx_word' id='word_1_227' title='bbox 2979 1751 3229 1818; x_wconf 75' lang='grc' dir='ltr'>ἤκουσεν,</span> <span class='ocrx_word' id='word_1_228' title='bbox 3280 1747 3403 1806; x_wconf 70' lang='grc' dir='ltr'>οὔτε</span> <span class='ocrx_word' id='word_1_229' title='bbox 3455 1750 3544 1806; x_wconf 69' lang='grc' dir='ltr'>ἐπὶ</span> <span class='ocrx_word' id='word_1_230' title='bbox 3595 1750 3820 1825; x_wconf 82' lang='grc' dir='ltr'>καρδίαν</span> 
     </span>
    </p>
   </div>
   <div class='ocr_carea' id='block_1_32' title="bbox 289 1831 1994 1915">
    <p class='ocr_par' dir='ltr' id='par_1_32' title="bbox 289 1831 1994 1915">
     <span class='ocr_line' id='line_1_32' title="bbox 289 1831 1994 1915; baseline 0.007 -31"><span class='ocrx_word' id='word_1_231' title='bbox 289 1831 540 1905; x_wconf 73' lang='grc' dir='ltr'>ἀθανάτῳ</span> <span class='ocrx_word' id='word_1_232' title='bbox 572 1837 752 1909; x_wconf 79' lang='grc' dir='ltr'>ψυχῇ,</span> <span class='ocrx_word' id='word_1_233' title='bbox 789 1841 898 1890; x_wconf 82' lang='grc' dir='ltr'>τῶν</span> <span class='ocrx_word' id='word_1_234' title='bbox 945 1834 1214 1909; x_wconf 73' lang='grc' dir='ltr'>ἀοιδίμων</span> <span class='ocrx_word' id='word_1_235' title='bbox 1263 1836 1514 1908; x_wconf 76' lang='grc' dir='ltr'>ἀθλητῶν</span> <span class='ocrx_word' id='word_1_236' title='bbox 1565 1841 1660 1902; x_wconf 72' lang='grc' dir='ltr'>τὰς</span> <span class='ocrx_word' id='word_1_237' title='bbox 1719 1840 1994 1915; x_wconf 75' lang='grc' dir='ltr'>ἐναρέτους</span> 
     </span>
    </p>
   </div>
   <div class='ocr_carea' id='block_1_33' title="bbox 293 1920 1997 2002">
    <p class='ocr_par' dir='ltr' id='par_1_33' title="bbox 293 1920 1997 2002">
     <span class='ocr_line' id='line_1_33' title="bbox 293 1920 1997 2002; baseline 0.008 -27"><span class='ocrx_word' id='word_1_238' title='bbox 293 1920 598 1984; x_wconf 82' lang='grc' dir='ltr'>πολιτείας,</span> <span class='ocrx_word' id='word_1_239' title='bbox 659 1925 748 1978; x_wconf 83' lang='grc' dir='ltr'>καὶ</span> <span class='ocrx_word' id='word_1_240' title='bbox 813 1925 944 1987; x_wconf 79' lang='grc' dir='ltr'>τοὺς</span> <span class='ocrx_word' id='word_1_241' title='bbox 1004 1926 1176 2002; x_wconf 83' lang='grc' dir='ltr'>βίους,</span> <span class='ocrx_word' id='word_1_242' title='bbox 1224 1927 1315 1982; x_wconf 83' lang='grc' dir='ltr'>καὶ</span> <span class='ocrx_word' id='word_1_243' title='bbox 1361 1930 1489 1992; x_wconf 83' lang='grc' dir='ltr'>τοὺς</span> <span class='ocrx_word' id='word_1_244' title='bbox 1515 1930 1738 1999; x_wconf 88' lang='grc' dir='ltr'>πύνους,</span> <span class='ocrx_word' id='word_1_245' title='bbox 1769 1931 1857 1986; x_wconf 84' lang='grc' dir='ltr'>καὶ</span> <span class='ocrx_word' id='word_1_246' title='bbox 1898 1935 1997 2002; x_wconf 77' lang='grc' dir='ltr'>τήν</span> 
     </span>
    </p>
   </div>
   <div class='ocr_carea' id='block_1_34' title="bbox 286 2013 2000 2099">
    <p class='ocr_par' dir='ltr' id='par_1_34' title="bbox 286 2013 2000 2099">
     <span class='ocr_line' id='line_1_34' title="bbox 286 2013 2000 2099; baseline 0.008 -34"><span class='ocrx_word' id='word_1_247' title='bbox 286 2013 556 2083; x_wconf 85' lang='grc' dir='ltr'>τοσαύτην</span> <span class='ocrx_word' id='word_1_248' title='bbox 633 2015 938 2088; x_wconf 73' lang='grc' dir='ltr'>ὑπομονήν,</span> <span class='ocrx_word' id='word_1_249' title='bbox 1013 2016 1102 2071; x_wconf 83' lang='grc' dir='ltr'>καὶ</span> <span class='ocrx_word' id='word_1_250' title='bbox 1200 2018 1483 2094; x_wconf 80' lang='grc' dir='ltr'>καρτερίαν</span> <span class='ocrx_word' id='word_1_251' title='bbox 1578 2020 2000 2099; x_wconf 80' lang='grc' dir='ltr'>σκληραγωγίας</span> 
     </span>
    </p>
   </div>
   <div class='ocr_carea' id='block_1_35' title="bbox 296 2097 1994 2188">
    <p class='ocr_par' dir='ltr' id='par_1_35' title="bbox 296 2097 1994 2188">
     <span class='ocr_line' id='line_1_35' title="bbox 296 2097 1994 2188; baseline 0.007 -32"><span class='ocrx_word' id='word_1_252' title='bbox 296 2097 590 2173; x_wconf 75' lang='grc' dir='ltr'>λαμϐάνων</span> <span class='ocrx_word' id='word_1_253' title='bbox 646 2103 698 2158; x_wconf 78' lang='grc' dir='ltr'>ἐν</span> <span class='ocrx_word' id='word_1_254' title='bbox 756 2109 852 2176; x_wconf 79' lang='grc' dir='ltr'>νῷ.</span> <span class='ocrx_word' id='word_1_255' title='bbox 914 2109 1090 2162; x_wconf 87' lang='grc' dir='ltr'>Ἔπου</span> <span class='ocrx_word' id='word_1_256' title='bbox 1136 2108 1354 2170; x_wconf 89' lang='grc' dir='ltr'>τούτοις</span> <span class='ocrx_word' id='word_1_257' title='bbox 1401 2111 1722 2184; x_wconf 83' lang='grc' dir='ltr'>προθύμως,</span> <span class='ocrx_word' id='word_1_258' title='bbox 1773 2097 1994 2188; x_wconf 82' lang='grc' dir='ltr'>χρηστῇ</span> 
     </span>
    </p>
   </div>
   <div class='ocr_carea' id='block_1_36' title="bbox 281 2192 1994 2276">
    <p class='ocr_par' dir='ltr' id='par_1_36' title="bbox 281 2192 1994 2276">
     <span class='ocr_line' id='line_1_36' title="bbox 281 2192 1994 2276; baseline 0.007 -30"><span class='ocrx_word' id='word_1_259' title='bbox 281 2192 375 2246; x_wconf 80' lang='grc' dir='ltr'>καὶ</span> <span class='ocrx_word' id='word_1_260' title='bbox 427 2192 687 2267; x_wconf 77' lang='grc' dir='ltr'>ἀκηράτῳ</span> <span class='ocrx_word' id='word_1_261' title='bbox 735 2198 1070 2272; x_wconf 79' lang='grc' dir='ltr'>τρεφόμενος</span> <span class='ocrx_word' id='word_1_262' title='bbox 1120 2195 1323 2268; x_wconf 81' lang='grc' dir='ltr'>ἐλπίδι,</span> <span class='ocrx_word' id='word_1_263' title='bbox 1377 2200 1722 2276; x_wconf 73' lang='grc' dir='ltr'>βραχυτέρας</span> <span class='ocrx_word' id='word_1_264' title='bbox 1777 2201 1859 2257; x_wconf 83' lang='grc' dir='ltr'>ἀεὶ</span> <span class='ocrx_word' id='word_1_265' title='bbox 1899 2205 1994 2266; x_wconf 75' lang='grc' dir='ltr'>τὰς</span> 
     </span>
    </p>
   </div>
   <div class='ocr_carea' id='block_1_37' title="bbox 286 2279 1994 2368">
    <p class='ocr_par' dir='ltr' id='par_1_37' title="bbox 286 2279 1994 2368">
     <span class='ocr_line' id='line_1_37' title="bbox 286 2279 1994 2368; baseline 0.008 -33"><span class='ocrx_word' id='word_1_266' title='bbox 286 2279 588 2356; x_wconf 80' lang='grc' dir='ltr'>ἔμπροσθεν</span> <span class='ocrx_word' id='word_1_267' title='bbox 620 2288 726 2338; x_wconf 78' lang='grc' dir='ltr'>τῶν</span> <span class='ocrx_word' id='word_1_268' title='bbox 760 2280 980 2342; x_wconf 79' lang='grc' dir='ltr'>ὄπισθεν</span> <span class='ocrx_word' id='word_1_269' title='bbox 1015 2286 1156 2359; x_wconf 83' lang='grc' dir='ltr'>ὁρῶν</span> <span class='ocrx_word' id='word_1_270' title='bbox 1203 2289 1416 2363; x_wconf 74' lang='grc' dir='ltr'>ἡμέρας</span> <span class='ocrx_word' id='word_1_271' title='bbox 1449 2309 1466 2323; x_wconf 87' lang='grc'><strong>·</strong></span> <span class='ocrx_word' id='word_1_272' title='bbox 1523 2291 1614 2345; x_wconf 84' lang='grc' dir='ltr'>καὶ</span> <span class='ocrx_word' id='word_1_273' title='bbox 1677 2292 1811 2368; x_wconf 73' lang='grc' dir='ltr'>ὑπὲρ</span> <span class='ocrx_word' id='word_1_274' title='bbox 1855 2291 1994 2366; x_wconf 80' lang='grc' dir='ltr'>ἐμοῦ</span> 
     </span>
    </p>
   </div>
   <div class='ocr_carea' id='block_1_38' title="bbox 290 2372 1993 2459">
    <p class='ocr_par' dir='ltr' id='par_1_38' title="bbox 290 2372 1993 2459">
     <span class='ocr_line' id='line_1_38' title="bbox 290 2372 1993 2459; baseline 0.008 -35"><span class='ocrx_word' id='word_1_275' title='bbox 290 2372 602 2448; x_wconf 80' lang='grc' dir='ltr'>προσεύχου</span> <span class='ocrx_word' id='word_1_276' title='bbox 663 2374 882 2430; x_wconf 80' lang='grc' dir='ltr'>σεαυτὸν</span> <span class='ocrx_word' id='word_1_277' title='bbox 943 2372 1218 2452; x_wconf 80' lang='grc' dir='ltr'>διατηρῶν</span> <span class='ocrx_word' id='word_1_278' title='bbox 1276 2377 1699 2450; x_wconf 78' lang='grc' dir='ltr'>ἀνεπίληπτονο</span> <span class='ocrx_word' id='word_1_279' title='bbox 1758 2385 1850 2437; x_wconf 77' lang='grc' dir='ltr'>καὶ</span> <span class='ocrx_word' id='word_1_280' title='bbox 1898 2404 1993 2459; x_wconf 77' lang='grc' dir='ltr'>φυ-</span> 
     </span>
    </p>
   </div>
   <div class='ocr_carea' id='block_1_39' title="bbox 2109 1835 3822 1914">
    <p class='ocr_par' dir='ltr' id='par_1_39' title="bbox 2109 1835 3822 1914">
     <span class='ocr_line' id='line_1_39' title="bbox 2109 1835 3822 1914; baseline -0.001 -17"><span class='ocrx_word' id='word_1_281' title='bbox 2109 1842 2398 1914; x_wconf 85' lang='grc' dir='ltr'>ἀνθρώπου</span> <span class='ocrx_word' id='word_1_282' title='bbox 2449 1835 2638 1910; x_wconf 70' lang='grc' dir='ltr'>ἀνέϐη.</span> <span class='ocrx_word' id='word_1_283' title='bbox 2688 1841 2786 1893; x_wconf 81' lang='grc' dir='ltr'>Ὧν</span> <span class='ocrx_word' id='word_1_284' title='bbox 2848 1841 2996 1911; x_wconf 75' lang='grc' dir='ltr'>ἡμᾶς</span> <span class='ocrx_word' id='word_1_285' title='bbox 3055 1839 3083 1893; x_wconf 88' lang='grc' dir='ltr'>ὁ</span> <span class='ocrx_word' id='word_1_286' title='bbox 3161 1837 3359 1910; x_wconf 78' lang='grc' dir='ltr'>Κύριος</span> <span class='ocrx_word' id='word_1_287' title='bbox 3428 1838 3822 1914; x_wconf 75' lang='grc' dir='ltr'>κληρονόμους</span> 
     </span>
    </p>
   </div>
   <div class='ocr_carea' id='block_1_40' title="bbox 2109 1927 3818 2002">
    <p class='ocr_par' dir='ltr' id='par_1_40' title="bbox 2109 1927 3818 2002">
     <span class='ocr_line' id='line_1_40' title="bbox 2109 1927 3818 2002; baseline 0 -17"><span class='ocrx_word' id='word_1_288' title='bbox 2109 1927 2393 2000; x_wconf 81' lang='grc' dir='ltr'>ἀναδείξειε</span> <span class='ocrx_word' id='word_1_289' title='bbox 2442 1929 2531 1983; x_wconf 81' lang='grc' dir='ltr'>σὺν</span> <span class='ocrx_word' id='word_1_290' title='bbox 2598 1932 2729 1982; x_wconf 83' lang='grc' dir='ltr'>πᾶσι</span> <span class='ocrx_word' id='word_1_291' title='bbox 2783 1932 2902 1988; x_wconf 79' lang='grc' dir='ltr'>τοῖς</span> <span class='ocrx_word' id='word_1_292' title='bbox 2955 1927 3135 2001; x_wconf 82' lang='grc' dir='ltr'>ἁγίοις</span> <span class='ocrx_word' id='word_1_293' title='bbox 3186 1927 3558 2002; x_wconf 74' lang='grc' dir='ltr'>πατριάρχαις</span> <span class='ocrx_word' id='word_1_294' title='bbox 3615 1950 3674 1984; x_wconf 88' lang='grc' dir='ltr'>τε</span> <span class='ocrx_word' id='word_1_295' title='bbox 3730 1932 3818 1985; x_wconf 84' lang='grc' dir='ltr'>καὶ</span> 
     </span>
    </p>
   </div>
   <div class='ocr_carea' id='block_1_41' title="bbox 2105 2016 3815 2096">
    <p class='ocr_par' dir='ltr' id='par_1_41' title="bbox 2105 2016 3815 2096">
     <span class='ocr_line' id='line_1_41' title="bbox 2105 2016 3815 2096; baseline -0.002 -21"><span class='ocrx_word' id='word_1_296' title='bbox 2105 2021 2439 2096; x_wconf 78' lang='grc' dir='ltr'>προφήταις,</span> <span class='ocrx_word' id='word_1_297' title='bbox 2501 2017 2829 2078; x_wconf 86' lang='grc' dir='ltr'>ἀποστόλοις</span> <span class='ocrx_word' id='word_1_298' title='bbox 2902 2016 2992 2071; x_wconf 82' lang='grc' dir='ltr'>καὶ</span> <span class='ocrx_word' id='word_1_299' title='bbox 3063 2016 3317 2089; x_wconf 77' lang='grc' dir='ltr'>μάρτυσι,</span> <span class='ocrx_word' id='word_1_300' title='bbox 3383 2018 3476 2072; x_wconf 83' lang='grc' dir='ltr'>καὶ</span> <span class='ocrx_word' id='word_1_301' title='bbox 3558 2019 3632 2072; x_wconf 83' lang='grc' dir='ltr'>ὧν</span> <span class='ocrx_word' id='word_1_302' title='bbox 3713 2021 3815 2089; x_wconf 76' lang='grc' dir='ltr'>τήν</span> 
     </span>
    </p>
   </div>
   <div class='ocr_carea' id='block_1_42' title="bbox 2111 2099 3812 2182">
    <p class='ocr_par' dir='ltr' id='par_1_42' title="bbox 2111 2099 3812 2182">
     <span class='ocr_line' id='line_1_42' title="bbox 2111 2099 3812 2182; baseline -0.001 -19"><span class='ocrx_word' id='word_1_303' title='bbox 2111 2111 2333 2181; x_wconf 85' lang='grc' dir='ltr'>μνήμην</span> <span class='ocrx_word' id='word_1_304' title='bbox 2392 2107 2444 2161; x_wconf 81' lang='grc' dir='ltr'>ἐν</span> <span class='ocrx_word' id='word_1_305' title='bbox 2491 2109 2560 2178; x_wconf 84' lang='grc' dir='ltr'>τῇ</span> <span class='ocrx_word' id='word_1_306' title='bbox 2643 2099 2824 2180; x_wconf 78' lang='grc' dir='ltr'>βίϐλῳ</span> <span class='ocrx_word' id='word_1_307' title='bbox 2875 2100 3048 2177; x_wconf 79' lang='grc' dir='ltr'>ταύτῃ</span> <span class='ocrx_word' id='word_1_308' title='bbox 3117 2105 3468 2175; x_wconf 85' lang='grc' dir='ltr'>πεποιήμεθα</span> <span class='ocrx_word' id='word_1_309' title='bbox 3517 2124 3530 2140; x_wconf 91' lang='grc'><strong>·</strong></span> <span class='ocrx_word' id='word_1_310' title='bbox 3615 2108 3812 2182; x_wconf 76' lang='grc' dir='ltr'>χάριτι</span> 
     </span>
    </p>
   </div>
   <div class='ocr_carea' id='block_1_43' title="bbox 2105 2195 3814 2270">
    <p class='ocr_par' dir='ltr' id='par_1_43' title="bbox 2105 2195 3814 2270">
     <span class='ocr_line' id='line_1_43' title="bbox 2105 2195 3814 2270; baseline -0.005 -17"><span class='ocrx_word' id='word_1_311' title='bbox 2105 2199 2271 2253; x_wconf 79' lang='grc' dir='ltr'>αὐτοῦ</span> <span class='ocrx_word' id='word_1_312' title='bbox 2311 2201 2410 2252; x_wconf 92' lang='grc' dir='ltr'>τοῦ</span> <span class='ocrx_word' id='word_1_313' title='bbox 2458 2203 2723 2270; x_wconf 80' lang='grc' dir='ltr'>Σωτῆρος</span> <span class='ocrx_word' id='word_1_314' title='bbox 2785 2196 2946 2267; x_wconf 79' lang='grc' dir='ltr'>ἡμῶν</span> <span class='ocrx_word' id='word_1_315' title='bbox 2996 2197 3232 2266; x_wconf 79' lang='grc' dir='ltr'>Χριστοῦ</span> <span class='ocrx_word' id='word_1_316' title='bbox 3277 2195 3397 2266; x_wconf 82' lang='grc' dir='ltr'>μεθ’</span> <span class='ocrx_word' id='word_1_317' title='bbox 3440 2197 3499 2250; x_wconf 79' lang='grc' dir='ltr'>οὗ</span> <span class='ocrx_word' id='word_1_318' title='bbox 3555 2201 3634 2269; x_wconf 80' lang='grc' dir='ltr'>τῷ</span> <span class='ocrx_word' id='word_1_319' title='bbox 3693 2205 3814 2253; x_wconf 77' lang='grc' dir='ltr'>[Ια-</span> 
     </span>
    </p>
   </div>
   <div class='ocr_carea' id='block_1_44' title="bbox 2101 2283 3806 2363">
    <p class='ocr_par' dir='ltr' id='par_1_44' title="bbox 2101 2283 3806 2363">
     <span class='ocr_line' id='line_1_44' title="bbox 2101 2283 3806 2363; baseline -0.002 -18"><span class='ocrx_word' id='word_1_320' title='bbox 2101 2289 2189 2363; x_wconf 70' lang='grc' dir='ltr'>τρὶ</span> <span class='ocrx_word' id='word_1_321' title='bbox 2247 2291 2282 2358; x_wconf 77' lang='grc' dir='ltr'><strong>ἡ</strong></span> <span class='ocrx_word' id='word_1_322' title='bbox 2333 2285 2459 2360; x_wconf 75' lang='grc' dir='ltr'>δόξα</span> <span class='ocrx_word' id='word_1_323' title='bbox 2499 2286 2593 2341; x_wconf 78' lang='grc' dir='ltr'>σὺν</span> <span class='ocrx_word' id='word_1_324' title='bbox 2624 2285 2767 2362; x_wconf 82' lang='grc' dir='ltr'>ἁγίῳ</span> <span class='ocrx_word' id='word_1_325' title='bbox 2827 2283 3100 2358; x_wconf 82' lang='grc' dir='ltr'>Πνεύματι</span> <span class='ocrx_word' id='word_1_326' title='bbox 3159 2283 3236 2348; x_wconf 81' lang='grc' dir='ltr'>εἷς</span> <span class='ocrx_word' id='word_1_327' title='bbox 3269 2286 3400 2348; x_wconf 80' lang='grc' dir='ltr'>τοὺς</span> <span class='ocrx_word' id='word_1_328' title='bbox 3451 2284 3648 2351; x_wconf 76' lang='grc' dir='ltr'>αἰῶνας</span> <span class='ocrx_word' id='word_1_329' title='bbox 3697 2293 3806 2344; x_wconf 75' lang='grc' dir='ltr'>τῶν</span> 
     </span>
    </p>
   </div>
   <div class='ocr_carea' id='block_1_45' title="bbox 2103 2379 2566 2450">
    <p class='ocr_par' dir='ltr' id='par_1_45' title="bbox 2103 2379 2566 2450">
     <span class='ocr_line' id='line_1_45' title="bbox 2103 2379 2566 2450; baseline -0.004 -14"><span class='ocrx_word' id='word_1_330' title='bbox 2103 2379 2333 2439; x_wconf 73' lang='grc' dir='ltr'>αἰώνων.</span> <span class='ocrx_word' id='word_1_331' title='bbox 2366 2379 2566 2450; x_wconf 80' lang='grc' dir='ltr'>Ἀμήν.</span> 
     </span>
    </p>
   </div>
  </div>
