4078 6212
198 223 353 290 1277

1331 215 1708 284 HISTORIA
1754 214 2168 287 LAUSIACA.
2218 216 2591 290 NOTATIO.

3567 223 3724 290 12⁸78

192 357 696 436 ἆπαιτηθεὶςᾲτέλει
727 362 822 414 τοῦ
866 359 987 434 βίου
1019 357 1296 432 ἐχρήσατο
1323 374 1337 415 :
1371 381 1398 410 «
1438 360 1779 417 Parentibus
1811 378 1885 417 or-

2090 364 2234 434 (214)
2291 364 2564 436 Iuliane]
2626 362 2946 436 iBaronius,
3000 367 3156 418 temo
3215 366 3286 430 ll,
3353 381 3445 419 an.
3505 365 3723 420 Christi

191 437 326 492 bata
349 437 471 491 haec
501 434 621 488 viro
665 435 893 504 quidem
929 441 1199 503 copulata
1246 436 1357 499 est,
1397 447 1588 504 neque
1627 438 1903 504 pudorem

191 509 406 580 alioqui
445 505 742 580 virginalis
787 506 1185 580 sanctimonia:
1221 519 1350 580 eam
1383 509 1722 580 corrupisse
1751 506 1900 561 cele-

191 575 502 634 bris'tama
533 575 781 631 edocuit.
837 576 966 631 Haec
1013 591 1144 630 cum
1187 575 1535 630 convixisset
1568 576 1684 632 viro
1737 593 1906 633 men-

191 652 352 706 sibus
382 649 612 704 circiter
655 649 882 717 viginti,
917 647 1012 702 ille
1044 648 1326 717 repetitus
1376 654 1440 701 ut
1489 655 1712 703 natura?
1743 650 1906 705 debi-

189 727 317 777 tum
350 723 622 783 solveret.
654 719 762 774 hoc
805 720 1083 788 temporis
1119 719 1465 788 compendio
1519 721 1691 774 tinem
1735 737 1905 776 accc-

190 796 276 865 pit
307 796 452 847 vitae.
489 812 516 842 η
556 792 697 865 Quae
743 792 1054 865 desumpta
1098 797 1232 844 sunt
1288 807 1354 843 ex
1389 788 1903 865 Palladii‘dialogo

191 858 266 920 de
315 868 486 919 rebus
543 858 969 934 Chrysostomif
1026 867 1212 928 Quare
1268 860 1523 934 auvouciz
1575 858 1794 934 ἀνδρὸς,
1835 858 1905 916 ‘in

191 936 500 1007 epistola2
538 933 935 1004 Chrysostomi
982 937 1056 1007 ad
1090 933 1513 1004 Olympiadem,
1571 933 1902 1007 intelligen-

190 1004 333 1061 dum
369 1009 439 1060 de
466 1007 740 1073 familiari
778 1022 900 1060 cum
935 1004 1054 1060 viro
1091 1007 1521 1072 conversatione,
1574 1021 1690 1060 non
1723 1004 1792 1060 de
1822 1005 1906 1060 vi-
1939 1014 1948 1026 '

189 1081 293 1134 rilt’
315 1079 628 1132 concubitu.

265 1150 414 1220 (210)
475 1148 643 1220 Filia,
678 1146 944 1218 Seleuci.]
1004 1145 1396 1219 Menologium
1445 1149 1568 1218 jam
1637 1148 1881 1204 citatum

190 1219 370 1277 Artisii
410 1219 666 1276 Secundi.

267 1292 416 1364 (211)
485 1291 740 1364 Sponsa]
805 1288 1128 1346 Heraclidis
1198 1290 1778 1364 interprestnurus’.
1843 1292 1910 1346 1n

193 1361 403 1420 Graeco
426 1361 530 1437 est;
565 1361 778 1437 νύμφη,
812 1369 976 1437 Aquod
1003 1368 1333 1437 utrumque
1367 1363 1688 1437 eiguiﬁcat.
1737 1363 1912 1437 Baro-

196 1437 348 1503 nius,
382 1441 422 1490 t.
461 1434 555 1503 ιν,
605 1434 756 1489 anno
801 1434 1013 1488 Christi
1066 1435 1187 1488 388.
1222 1434 1384 1496 Quod
1431 1451 1562 1489 vero
1596 1435 1777 1490 Graeci
1814 1436 1914 1487 ha-

197 1508 372 1562 beant
402 1507 458 1560 in
495 1505 819 1576 Menologio
851 1506 1004 1560 hanc
1044 1506 1316 1560 Nebridio
1369 1505 1574 1577 nuptui
1617 1506 1910 1573 traditam,

193 1579 496 1634 Palladius
541 1595 672 1633 vero
716 1577 856 1648 (imo
913 1577 1266 1640 Heraclides,
1317 1593 1485 1646 quem
1522 1577 1767 1648 Palladii
1814 1593 1915 1648 no-

196 1651 359 1705 mine
401 1665 625 1718 semper
680 1651 821 1703 citat
881 1649 1206 1714 Baronius;
1269 1665 1406 1702 nam
1471 1648 1558 1702 hic
1621 1647 1913 1702 Palladius

194 1738 455 1792 sponsam
487 1722 669 1791 vocat)
700 1720 869 1792 dicat
918 1736 1119 1774 nurum
1167 1719 1344 1774 fuisse
1393 1719 1668 1784 Nebridii,
1708 1719 1910 1792 conci-

197 1790 331 1848 liari
361 1809 426 1847 eo
476 1790 655 1847 modo
694 1790 844 1863 inter
893 1809 953 1846 se
999 1797 1246 1863 possunt
1279 1797 1557 1863 auctores
1587 1796 1648 1844 ut
1695 1791 1804 1844 [ilio
1834 1790 1907 1844 il-

196 1864 314 1920 lius
371 1864 622 1919 Nebridii
676 1862 1010 1918 clarissimi
1044 1863 1150 1916 viri
1200 1862 1308 1917 sub
1359 1862 1693 1917 Constantio
1760 1863 1902 1932 imp.

197 1937 542 2006 praefectura
599 1937 844 2006 praetorii
893 1934 1170 2004 insigniti,
1223 1935 1389 2002 cujus
1439 1934 1719 2006 meminit
1764 1936 1905 1988 Am-

198 2003 438 2062 inianus
499 2003 615 2060 libf
649 2023 846 2070 xxvu;
897 2003 1169 2060 Nebridio
1207 2006 1345 2060 item
1391 2006 1546 2060 dicto
1595 2003 1907 2074 conjuncta

196 2080 376 2134 fuerit
415 2079 790 2133 matrimonio
840 2076 1276 2149 Olympias,rde
1324 2077 1741 2149 quagagimus.
1789 2076 1908 2130 lla-

196 2163 404 2206 ctenus
476 2150 775 2204 Baronius.
847 2147 964 2217 Ego
1031 2148 1293 2202 existimo
1357 2147 1690 2202 varietatem
1758 2149 1908 2202 inter

197 2230 468 2276 auctores
512 2229 705 2275 natam
739 2221 812 2275 ob
845 2222 1136 2274 diversam
1167 2219 1730 2288 interpretationem.
1765 2220 1905 2274 dum

196 2292 414 2370 νύμφην
450 2309 605 2370 unus
634 2290 1034 2370 nuruinualter
1064 2290 1538 2370 sponsam'vertit.

272 2357 418 2434 (212)
487 2361 815 2434 0.ῑῃοι·(ιιο.]ν
859 2357 1100 2427 Graece,-
1143 2357 1495 2434 ὀξυκράματι,
1555 2361 1906 2430 Heraclides,

203 2454 255 2492 c.
290 2437 376 2492 44.

275 2503 424 2576 (213)
453 2505 717 2575 ϐειαεὶα.]
749 2505 829 2559 Ad
873 2504 1022 2559 hanc
1052 2509 1240 2560 exstat
1279 2505 1395 2559 divi
1428 2503 1759 2575 Hieronymi
1791 2505 1906 2575 epi-

204 2583 375 2644 stola,
404 2583 562 2633 notat
593 2579 957 2647 marginator
987 2577 1332 2632 Parisiensis
1372 2576 1634 2631 Palladii.
1669 2577 1778 2631 Sed
1811 2592 1906 2632 ve-

206 2666 332 2705 rcor
365 2665 435 2704 ne
480 2648 732 2718 labatur,
783 2655 840 2702 et
887 2650 1176 2703 memoriae
1217 2649 1345 2718 ejus
1398 2654 1701 2703 observata
1733 2648 1909 2703 fuerit

205 2721 448 2792 Algasia,
481 2721 550 2775 ad
585 2736 753 2792 quam
790 2719 1121 2793 Hieronymi
1153 2719 1395 2792 epistola
1428 2721 1520 2775 151
1560 2719 1822 2776 habetur.

409 2433 589 2504 posca,
627 2434 708 2487 uti
742 2433 819 2486 ibi
856 2434 1100 2488 restitui.

2015 435 2140 506 205,
2179 443 2483 508 postquam
2516 435 2585 508 ex
2616 435 2846 508 Eusebii
2881 435 2979 490 lib.
3017 453 3090 500 Vl,
3122 453 3171 490 c.
3201 437 3254 501 3,
3287 437 3546 491 recitavit
3576 453 3722 508 quo-

2016 510 2189 562 modo
2220 506 2496 579 Origenes
2526 506 2888 562 Alexandriae
2935 510 3279 577 exagitatus,
3329 516 3563 562 coactus
3594 506 3724 563 t'ue-

2017 583 2088 634 rit
2121 581 2369 634 subinde
2404 586 2628 634 mutare
2657 579 3045 643 domicilium,
3079 595 3328 650 quarum
3366 579 3721 634 latebrarum

2017 651 2110 705 hic
2143 651 2267 721 ipse
2297 651 2565 721 Origines
2597 653 2746 721 apud
2799 650 3117 705 Palladium
3170 651 3456 716 meminit,
3490 652 3721 706 subdit:

2016 723 2152 786 Quae
2182 729 2334 776 certe
2368 738 2478 777 non
2530 724 2642 777 alia
2693 729 2974 792 tempore,
3022 738 3194 792 quam
3244 725 3312 776 ad
3362 724 3551 776 Severi
3597 739 3723 793 per-

2019 796 2338 848 secutionis
2373 798 2501 847 sunt
2533 795 2871 856 referenda;
2907 809 3037 847 nam
3075 794 3243 864 longe
3261 799 3393 848 ante
3428 794 3724 849 Maximini

2017 865 2103 919 vel
2140 865 2287 918 Decii
2326 868 2786 930 persecutionem
2821 866 2953 920 libri
3004 865 3088 919 illi
3127 868 3460 934 Symmachi
3513 866 3724 935 reperti

2019 945 2197 991 erant.
2239 936 2343 990 Sed
2370 938 2438 989 de
2463 938 2715 1004 acceptis
2747 953 2779 990 a
2808 936 3043 990 Juliana
3072 938 3400 1004 Symmachi
3434 938 3722 1007 interpre-

2022 1007 2232 1062 tatione
2263 1007 2524 1076 ejusdem
2573 1007 2832 1075 Origenis
2875 1023 3102 1076 quoque
3135 1009 3534 1063 testiﬁcatione
3566 1010 3723 1063 idem

2019 1078 2198 1134 tradit
2223 1083 2523 1141 Eusebtus,
2561 1077 2659 1131 lib.
2696 1094 2770 1139 v1,
2805 1095 2931 1145 cap.
2977 1079 3058 1131 12.
3102 1079 3388 1133 Hactenus
3421 1080 3720 1134 Baronius.

2090 1149 2235 1220 (215)
2282 1149 2387 1216 Qui
2427 1158 2477 1204 et
2517 1148 2675 1219 ipse.)
2702 1149 2864 1203 Nunc
2896 1164 3101 1203 sensus
3132 1151 3324 1203 clarus
3366 1160 3452 1203 est
3478 1167 3543 1204 ex
3576 1152 3724 1205 Grie-

2021 1237 2086 1276 co
2118 1221 2343 1287 Codice,
2377 1223 2520 1290 quod
2572 1220 2852 1290 Origenes
2893 1220 3153 1275 occultus
3187 1222 3380 1287 fuerit,
3415 1238 3527 1275 non
3561 1222 3723 1289 liber,

2023 1292 2105 1346 uti
2154 1298 2406 1362 verterat
2459 1293 2754 1346 Hervetus.
2798 1292 2949 1346 Bene
3001 1291 3363 1346 Heraclides:
3415 1307 3536 1345 cum
3581 1293 3726 1362 apud

2025 1367 2201 1434 ipsam
2237 1361 2488 1417 laterem.

2094 1435 2244 1504 (216)
2293 1433 2560 1502 Femina.]
2611 1433 2989 1502 Nicephorus,
3021 1434 3063 1487 Ι.
3122 1450 3222 1494 vn,
3274 1450 3323 1488 c.
3377 1434 3443 1488 12
3473 1438 3528 1488 et
3563 1435 3627 1489 13
3657 1435 3727 1490 de

2022 1506 2364 1568 Virginibus
2393 1506 2538 1559 mira
2567 1511 2691 1559 arte
2725 1505 3065 1575 pudicitiam
3102 1505 3424 1560 tuentibus.

2094 1577 2238 1644 (217)
2290 1575 2697 1647 Magistriuno.]
2747 1577 2825 1631 De
2865 1576 2974 1630 hoc
3016 1578 3247 1630 nomine
3291 1576 3406 1631 dixi
3456 1578 3722 1646 quaedam

2025 1649 2093 1702 ad
2129 1647 2226 1702 lib.
2262 1665 2292 1701 v
2325 1648 2554 1717 Pelagii,
2596 1647 2790 1703 libello
2839 1665 2914 1712 v1,
2948 1665 3004 1702 n.
3042 1650 3095 1703 2.
3130 1647 3364 1716 [PatroL
3407 1649 3554 1714 Lat.,
3585 1654 3723 1706 tom.

1938 1719 2284 1806 statuti

2087 1792 2235 1861 (218)
2268 1787 2570 1861 _C_ami.sia.]
2620 1789 2810 1846 Graece
2841 1798 2963 1846 est:
3010 1793 3136 1852 Τοῖς
3164 1808 3221 1842 τε
3270 1787 3570 1859 καμισίοις,
3634 1790 3724 1844 καὶ

2015 1858 2390 1934 τῆχλαμύδι.
2424 1858 2725 1926 Hervetus,
2765 1865 2973 1928 tunica,
3023 1864 3276 1930 camisia,
3326 1858 3379 1917 et
3407 1863 3724 1933 chlamyde.

2015 1933 2256 1987 Videtur
2305 1933 2532 1989 auctius
2592 1936 2882 2002 exemplar
2943 1934 3254 2001 habuisse;
3320 1933 3428 1988 nisi
3479 1938 3614 2004 quia
3665 1934 3724 1988 in

2016 2004 2211 2060 Graeco
2242 2011 2330 2060 est
2379 2005 2656 2075 καμισίοις
2691 1977 2897 2074 plurali
2929 2021 3192 2072 numero,
3239 1977 3291 2058 id
3328 2021 3429 2077 per
3475 1977 3725 2060 ttunicam

2017 2082 2073 2130 et
2101 2077 2396 2130 camisiam
2425 2079 2795 2146 expresserit.

2087 2149 2230 2218 (2.9)
2268 2148 2488 2218 Παίονα]
2537 2149 2694 2213 Quod
2749 2149 2838 2204 hic
2876 2158 3093 2218 accepto
3141 2162 3268 2204 ense
3295 2147 3506 2203 dicitur
3535 2164 3593 2203 se
3625 2165 3729 2204 oc-

2016 2219 2249 2287 cidisse,
2294 2223 2362 2275 de
2403 2236 2469 2276 ea
2517 2235 2577 2273 re
2630 2220 2756 2274 vide
2809 2221 3215 2287 Augustinum,
3269 2220 3369 2274 lib.
3405 2237 3424 2273 ι
3457 2221 3526 2275 de
3558 2221 3722 2275 Civit.

2019 2289 2143 2356 Dei,
2175 2308 2207 2346 a
2239 2305 2364 2361 cap-
2409 2292 2472 2346 17
2511 2292 2580 2346 ad
2633 2292 2721 2359 28,
2755 2295 2812 2346 et
2861 2289 3106 2346 aliorum
3141 2291 3375 2346 Patrum
3409 2292 3726 2346 sententias

2017 2364 2167 2432 apud
2203 2363 2566 2418 Leonardum
2600 2362 2860 2418 Lessium
2884 2369 3171 2430 nostrum,
3206 2364 3308 2418 lib.
3339 2379 3379 2417 tt
3403 2363 3730 2418 deJustitia

2017 2441 2073 2488 et
2102 2434 2265 2500 Jure,
2302 2451 2428 2504 cap.
2463 2436 2517 2502 9,
2553 2434 2741 2489 dubit.
2773 2435 2827 2489 6.

2089 2504 2736 2588 (2°29)._Frntris._]‘0uis
2784 2505 2874 2588 his
2923 2506 3118 2588 fuerit,
3172 2504 3380 2588 nullibi
3425 2505 3727 2588 “exprimit.

2018 2578 2270 2704 gilidftttcil
2326 2577 2683 2644 Heraclides,
2761 2577 2858 2648 qui
2912 2578 3114 2634 eadem
3176 2578 3438 2633 Paradisi
3496 2577 3730 2634 nomine

2020 2649 2238 2704 edidit‘l
