4112 6210
288 199 315 258 1
327 200 440 259 289

283 337 394 382 mat
423 331 487 381 ad
519 331 826 399 Dominum,
865 330 944 399 72.
977 330 1094 380 Non
1130 334 1370 399 exierna,
1401 332 1742 399 sediinterna
1779 350 1992 399 promo-

284 399 412 447 vent
443 401 534 446 aut
564 396 768 444 laedunt
799 397 1092 450 hominem.
1130 393 1236 458 136.
1258 393 1560 458 Quomodo
1600 393 1992 458 pereat‘homo.

288 472 350 507 eo
382 460 520 521 quod
554 460 783 521 propriae
815 459 1103 508 obsecutus
1135 456 1292 506 fuerit
1319 456 1612 518 voluntati,
1634 460 1743 512 187.

354 521 672 570 Humanitas
707 535 828 570 cum
855 522 1138 570 severitate
1169 521 1424 580 permista
1454 523 1540 578 sit,
1567 522 1648 572 71.

356 583 638 648 Humilitas
700 585 812 633 Hoc
863 587 944 632 est
989 581 1587 648 signuthhristiani,
1627 585 1746 648 ipsa
1806 586 2003 637 scilicet

291 643 563 714 humilitas
586 659 600 695 :
631 649 724 707 qui
750 659 858 714 non
877 643 1406 714 est_ej_usrn9_di,n_non
1425 651 1512 714 est
1538 643 1885 714 Dhristianus,
1907 649 1999 714 sed

292 721 389 756 vas
420 705 726 779 impostu'rce
773 712 826 777 et
867 705 1088 767 diaboli,
1132 705 1214 769 63,
1253 705 1335 770 97,
1387 707 1496 758 164.
1542 711 1718 761 Gratia
1750 709 1999 762 directrix

292 769 649 820 humilitatem
679 774 842 834 parit,
871 769 950 818 71.

357 919 503 984 Ignis
533 920 599 971 ad
635 923 802 984 instar
829 923 910 969 est
940 920 1109 984 virtus
1147 919 1375 984 Spiritus
1419 925 1588 974 sancti
1625 926 1680 972 in
1711 922 1870 973 corde
1901 923 2000 972 ho-

295 983 474 1040 minis,
505 984 584 1033 38.
625 983 766 1044 Ignis
802 985 895 1045 qui
936 983 1316 1046 Hierosolymis
1359 984 1701 1036 ministrabat
1743 987 1794 1035 in
1829 987 2000 1042 altari,

297 1051 538 1107 tempore
574 1047 894 1109 captivitatis
924 1045 1189 1094 defossus
1215 1052 1329 1095 erat
1374 1046 1428 1096 in
1461 1047 1634 1109 fovea,
1685 1055 1738 1098 et
1766 1048 1854 1097 ille
1887 1050 2000 1108 ipse

295 1121 430 1170 pace
451 1109 589 1156 facta
619 1122 679 1170 ac
708 1109 935 1170 reversis
961 1109 1203 1169 captivis,
1229 1109 1386 1158 veluti
1419 1117 1705 1160 renovatus
1736 1125 1830 1170 pro
1855 1125 2001 1160 inore

296 1168 579 1219 serviebat.
610 1169 689 1218 38.
716 1169 870 1233 Ignis
898 1170 954 1218 in
975 1168 1300 1233 quibusdam
1335 1174 1605 1222 montibus
1633 1179 1714 1222 est
1735 1168 1854 1222 loco
1876 1172 2002 1228 cibi,

293 1233 512 1342 requiei,
554 1231 895 1343 iugi-amenti,
935 1231 1056 1281 vitae
1095 1233 1415 1282 animalibus
1459 1235 1776 1298 quibusdam
1823 1237 2002 1284 ovium

297 1309 450 1343 simu
497 1309 578 1343 us.
674 1331 688 1343 .

297 1309 578 1344 βιωιηουε.
607 1309 688 1344 Ol.

735 1357 867 1407 vivit
899 1361 956 1406 ut
987 1361 1161 1415 vexet,
1183 1361 1236 1406 et
1257 1357 1498 1407 vexando
1522 1358 1712 1421 probet
1739 1359 2002 1415 homines,

356 1482 640 1541 lmponere
666 1480 1105 1544 psalmumquid,
1133 1479 1244 1529 243.

359 1544 632 1611 Inimicus.
672 1543 858 1611 Bonos
899 1543 1036 1611 dico,
1068 1555 1196 1611 non.
1225 1543 1352 1611 quia
1396 1543 1634 1611 infensos
1666 1544 2002 1611 remiserunt,

293 1619 480 1654 verum
511 1606 634 1667 quia
658 1606 896 1667 animam
928 1604 1156 1666 injurias
1185 1604 1503 1654 inferentem
1538 1606 1812 1655 beneﬁciis
1843 1607 2002 1656 etiam

295 1665 614 1731 iniecerunt,
647 1665 753 1714 128.
786 1667 895 1715 Lex
915 1667 1308 1731 spiritualissic
1337 1673 1543 1718 veteres
1573 1671 1775 1731 docuit,
1809 1668 1940 1719 ibid.

359 1728 668 1794 Intellectus
720 1734 772 1778 et
800 1728 1021 1794 scientia
1076 1729 1321 1794 bifariam
1345 1791 1355 1794 _
1380 1732 1735 1794 accipiuntur:
1760 1728 1769 1731 ’
1794 1737 1846 1782 et
1906 1745 2002 1794 pro

295 1792 833 1902 Lationeuutriusque
868 1791 1131 1842 donorum
1163 1793 1303 1843 Deus
1335 1791 1674 1856 judicaturus
1721 1799 1802 1844 est
1833 1791 2004 1843 homi-

337 1868 439 1902 em.
567 1891 582 1902 .

296 1866 440 1917 nem,
473 1866 582 1904 114.

359 1994 532 2065 Jesus.
591 1995 810 2065 Respice
870 1996 924 2045 in
980 1995 1186 2065 {esum,
1233 2009 1263 2046 a
1316 1997 1462 2065 quali
1495 1998 1667 2065 glorie
1699 1997 1790 2047 Dei
1813 1997 2001 2056 Filius,

300 2058 447 2122 Deus,
469 2059 600 2122 ipse,
620 2059 683 2122 in
715 2072 847 2122 quas
878 2058 1154 2121 passiones
1184 2058 1354 2121 usque
1395 2060 1462 2110 ad
1491 2058 1887 2111 cruciﬁxionem
1917 2076 2003 2112 ve-

298 2120 396 2175 nit.
431 2120 538 2176 165,
579 2121 712 2170 Vide
733 2120 1002 2170 Christus.

356 2182 489 2249 {nan
499 2197 592 2232 nes
606 2183 848 2245 Baptista
867 2183 1581 2249 complementumomnium
1597 2187 2002 2249 prOphetarum,

298 2244 403 2312 112.
444 2244 770 2312 lnt_er_natos
801 2244 1087 2312 mulierum
1121 2247 1414 2312 nullusillo
1447 2244 1635 2312 major,
1671 2244 1805 2298 ibid.

357 2307 546 2355 Judmi.
582 2308 626 2355 A
658 2312 898 2368 tempore
928 2311 1101 2358 crucis
1130 2312 1183 2358 et
1211 2308 1311 2360 veli
1341 2310 1510 2368 scissi,
1531 2307 1763 2362 recessit
1809 2311 1876 2360 ab
1904 2313 2004 2362 Ju-

296 2323 818 2429 αοὲί¹ἒ⁰ἓῗίτξῖυἱῗ¹¹³ιὲἷ

352 2430 649 2496 Jndicium.
696 2432 898 2496 Debent
941 2433 1224 2483 Christiani
1273 2448 1368 2496 per
1421 2435 1604 2484 omnia
1651 2435 1994 2493 contendere,

297 2505 475 2556 neque
505 2494 727 2542 omnino
752 2494 998 2558 judicare
1028 2494 1372 2559 quamquam,
1418 2510 1485 2547 ne
1519 2498 1733 2560 quidem
1765 2501 2009 2549 meretri-

296 2568 417 2626 cem.
442 2561 798 2626 prostitutam,
825 2570 932 2626 nec
967 2564 1284 2626 peccatores,
1317 2573 1416 2608 nec
1447 2561 1694 2626 luscones
1708 2564 1852 2626 gssit
1883 2562 2007 2610 sim-

297 2617 420 2680 plici
451 2617 757 2669 intentione
787 2624 841 2670 et
873 2617 1007 2684 pur'o
1038 2621 1194 2670 oculo
1225 2634 1410 2671 omnes
1431 2623 1686 2684 aspicere,
1707 2617 1785 2672 54.

1135 2693 1176 2748 L

359 2770 513 2837 Latro
543 2773 597 2820 in
628 2777 900 2823 momento
931 2773 1076 2837 horia
1108 2787 1203 2837 per
1231 2773 1389 2824 ﬁdem
1423 2787 1716 2825 conversus
1751 2780 1846 2831 est.
1880 2779 1931 2826 et
1951 2777 2007 2826 in

300 2835 603 2896 paradisum
635 2837 945 2894 translatus,
967 2835 1075 2885 142.

359 2895 486 2946 Lex.
536 2898 866 2957 Sacerdotes,
919 2913 1160 2954 munera,
1205 2898 1611 2960 decimationes,
1672 2899 2005 2959 sabbatismi,

302 2961 623 3022 neomeniaa,
654 2961 972 3021 ablutiones,
1012 2961 1285 3022 sacriﬁcia,
1331 2961 1639 3011 holocausta
1679 2968 1731 3011 et
1760 2965 2008 3013 universa

298 3021 1222 3086 reliquaJustitia‘consummabatur
1242 3021 1294 3071 in
1321 3023 1432 3086 lege
1455 3040 1473 3084 ,-
1508 3037 1605 3073 nec
1627 3026 1807 3074 tamen
1829 3026 2009 3076 anima

300 3085 474 3149 sanari
528 3084 580 3133 et
628 3084 898 3149 puriﬁcari
943 3087 1140 3149 potuit.
1176 3085 1347 3149 donec
1373 3084 1528 3135 venit
1567 3087 1822 3146 Salvator,
1850 3101 2009 3137 verus

303 3145 542 3210 medicus
572 3145 663 3210 qiii
699 3148 868 3210 gratis
917 3145 1088 3207 sanat,
1120 3148 1202 3204 85,
1235 3147 1341 3197 140.
1390 3149 1657 3198 Devinctm
1685 3145 1892 3199 natura
1925 3151 2008 3200 lex

304 3209 756 3277 ponimpo’nitur,
783 3210 888 3277 109.
913 3212 1014 3260 Lex
1045 3212 1190 3277 prior
1218 3216 1271 3260 et
1294 3210 1581 3277 spiritualis
1604 3225 1875 3277 quanam,
1897 3212 2004 3262 128.

301 3269 606 3334 SpirituaIis
641 3273 823 3322 docuit
853 3269 1057 3322 veteres
1095 3269 1337 3334 diligere'
1367 3269 1632 3329 inimicos,
1665 3281 1718 3323 et
1751 3274 1816 3323 iis
1849 3269 2009 3324 bene-

301 3333 493 3398 facere.
525 3334 651 3398 ibid.
691 3335 846 3384 Facta
875 3337 1119 3398 quaedam
1150 3333 1250 3384 sub
1281 3335 1396 3396 lege
1425 3337 1708 3398 allegorice
1739 3337 2008 3396 explicau-

304 3397 418 3446 tur:
445 3397 648 3461 Gloria”
674 3397 906 3461 Mogsis,’
933 3411 1096 3461 quam
1138 3398 1455 3461 gerebatin
1488 3397 1637 3454 facie,
1671 3399 1778 3447 147.
1808 3401 2010 3449 Taber-

301 3458 574 3534 naculuin,
605 3457 738 3534 ibid:
762 3457 1176 3534 'ILexhin'tabuLi‘s
1200 3459 1654 3534 lapideilsus‘cri‘pt‘a,
1828 3463 2009 3534 Agnus

302 3518 582 3585 paschalis,
616 3521 748 3585 ibid.
785 3518 1346 3585 ExitusrabigEgypto,
1382 3521 1488 3570 148.
1520 3522 1618 3585 150
1670 3518 1928 3585 Animalia
1954 3524 2007 3572 in

301 3581 615 3648 sacritlcium
665 3584 862 3648 oblata,
904 3584 1011 3648 151.
1060 3581 1478 3648 Virga'MOysis,
1509 3584 1634 3633 ibid.
1666 3584 1924 3634 Miracula
1953 3586 2006 3634 in

301 3647 462 3710 veteri
505 3646 618 3707 lege
667 3647 804 3695 Deus
852 3647 1019 3695 edidit
1068 3646 1576 3710 per'eanctosisuos
1623 3654 1676 3710 et
1715 3654 2008 3710 creaturas,

302 3705 409 3755 156.
443 3705 782 3758 Lex'naturas
814 3722 920 3758 non
952 3712 1031 3758 est
1062 3705 1309 3769 positive,
1342 3707 1431 3769 sed
1460 3707 1700 3766 arbitrio,
1732 3709 1839 3759 166.

365 3770 613 3833 Liturgim
643 3771 777 3820 ritus
806 3775 858 3820 et
887 3771 1000 3832 typi
1031 3768 1086 3818 in
1109 3769 1364 3819 Ecclesia.
1394 3768 1508 3818 207.

1129 3839 1183 3894 M

365 3914 580 3982 Macarii
610 3917 788 3982 magnl
815 3918 1048 3982 @gyptii
1078 3915 1316 3982 homilim
1335 3917 1655 3982 spirituales,
1674 3918 1722 3968 3.
1755 3917 1912 3968 Liber
1943 3920 2010 3970 de

302 3979 562 4041 custodis,
591 3977 767 4042 cordis
807 3977 930 4028 1611'
953 3977 1027 4028 De
1079 3977 1411 4042 perfectione
1457 3977 1509 4027 in
1553 3981 1762 4042 spiritu,
1797 3982 1905 4030 169.
1938 3984 2011 4033 De

301 4040 564 4097 oratione,
613 4040 722 4090 174.
773 4042 843 4090 De
895 4043 1134 4097 patiente
1186 4046 1238 4090 et
1292 4040 1633 4096 discretione,
1666 4042 1772 4092 179.
1807 4044 1879 4093 De
1911 4047 2011 4095 ele-

301 4103 517 4153 vatione
566 4105 777 4158 mentis,
839 4103 945 4152 189.
1005 4104 1078 4153 De
1132 4103 1410 4159 cbaritate,
1468 4103 1575 4154 197.
1634 4107 1707 4155 De
1766 4105 2010 4157 libertate

303 4164 516 4238 mentis,
562 4165 672 4238 209.
725 4165 853 4238 Ejus
904 4165 1080 4216 adhuc
1121 4171 1361 4238 tempore
1393 4165 1599 4238 frucius
1628 4173 1792 4238 terrai
1830 4169 2013 4238 ofiere-

305 4227 502 4276 bantur
543 4227 914 4278 dmmonibns:
959 4241 1167 4288 panem,
1216 4229 1420 4280 vinum.
1478 4229 1653 4279 oleum
1715 4229 2012 4282 offerebant

303 4289 559 4339 altaribus
589 4304 794 4348 eorum,
817 4298 868 4340 et
899 4290 1147 4340 animalia
1176 4292 1544 4351 imponebant.
1573 4291 1652 4341 40.

368 4354 560 4419 Melum
591 4354 681 4416 qui
729 4353 1000 4419 afﬁrmant
1041 4353 1440 4419 subsistentiam
1489 4355 1542 4404 in
1580 4355 1760 4419 aliquo
1791 4357 2007 4408 habere.

304 4414 546 4481 omnium
593 4414 769 4481 rerum
816 4418 980 4481 rudes
1019 4416 1291 4481 sunt,__68.
1337 4414 1684 4481 Cooperatur'
1715 4421 1768 4468 et
1812 4419 2009 4468 malum

303 4479 464 4533 bono,
498 4479 794 4527 intentione
826 4492 934 4528 non
967 4477 1108 4528 bona
1138 4478 1246 4530 165.

365 4541 705 4606 Mergaritam
735 4542 1028 4606 caelestem)
1069 4543 1359 4606 imaginem
1395 4554 1586 4605 nempe
1616 4543 1852 4603 Domini,
1882 4544 2012 4594 solis

299 4603 390 4652 Dei
418 4603 539 4652 ﬁliis
559 4611 769 4663 gestare
793 4604 932 4660 licet,
963 4603 1040 4652 88.

365 4665 608 4729 Materia.
632 4666 747 4714 Non
779 4667 976 4715 desunt
995 4666 1214 4729 quidam
1235 4666 1493 4722 heretici,
1511 4668 1599 4728 qui
1632 4669 1818 4718 dicunt
1847 4675 2013 4720 mate-

300 4727 431 4774 riam
464 4727 614 4792 initio
643 4740 844 4782 carere,
873 4733 926 4792 et
950 4727 1232 4792 materiam
1265 4729 1662 4792 esse_radicem,
1695 4737 1748 4780 et
1777 4733 2008 4782 radicem

303 4801 419 4836 esse
455 4787 726 4852 virtutem,
758 4788 1054 4852 etquidem
1088 4794 1349 4852 potestate
1382 4789 1489 4838 Deo
1520 4787 1718 4851 parem.
1741 4793 1820 4843 68.

366 4851 780 4914 Matrimonium.
808 4850 1001 4899 Mulier
1031 4850 1247 4914 quando
1296 4865 1416 4900 cum
1455 4850 1571 4900 viro
1601 4854 1773 4904 {cadus
1803 4871 2013 4907 connu-

303 4913 374 4961 bii
406 4911 522 4981 init,
578 4916 659 4961 est
717 4925 883 4981 unum
916 4911 1209 4981 cum'illoi
1259 4914 1362 4981 alia
1411 4927 1537 4981 vero
1583 4916 1714 4967 hora
1756 4919 2013 4981 disjunctl

302 4979 447 5032 sunt,
481 4988 600 5023 cum
633 4975 832 5035 saepius
869 4989 1006 5038 unus
1044 4988 1106 5025 ex
1137 4975 1242 5025 illis
1271 4977 1378 5025 vita
1406 4975 1685 5038 fungatur,
1720 4975 1853 5030 alter
1883 4996 2011 5032 vero

306 5042 578 5098 superstes
608 5042 840 5091 maneat.
870 5037 950 5086 68.

363 5101 622 5149 Matutino
654 5098 795 5148 dicto
823 5099 1016 5148 fratres
1044 5100 1256 5150 lectioni
1292 5106 1497 5157 vacent,
1527 5102 1637 5152 248.

362 5163 562 5272 Mergi:
598 5160 1026 5272 gshristianorum
1051 5164 1255 5226 primus
1308 5166 1503 5228 Aprilis
1551 5167 1634 5216 vel
1689 5167 2010 5231 Xanthicus,

301 5237 394 5274 cur
424 5238 568 5282 vero,
598 5237 678 5272 κο.

363 5287 619 5398 Mitiggula
649 5287 784 5335 Deus
815 5289 894 5336 est
927 5285 1021 5350 qui
1052 5286 1163 5336 edit
1191 5302 1286 5352 per
1322 5294 1535 5338 sanctos
1565 5305 1690 5340 suos
1725 5296 1776 5341 et
1806 5297 2009 5342 creatu-

366 5364 410 5398 s.
540 5386 550 5397 .

303 5362 410 5404 1⁵88,
440 5362 550 5398 150.

365 5413 549 5478 Missae
572 5411 766 5478 veteris
796 5409 930 5460 ritus
963 5411 1202 5475 quidam,
1239 5411 1349 5462 207.
1389 5411 1450 5462 In
1489 5427 1595 5478 quo
1629 5415 1746 5478 ejus
1779 5417 2012 5467 essentia

304 5475 578 5530 consistat,
610 5472 744 5521 ibid.

367 5534 609 5586 Monacbi
641 5534 886 5594 gloriatio
909 5549 1171 5595 quaenam.
1202 5537 1313 5586 242.
1343 5537 1594 5588 Veterum
1624 5541 2010 5591 monachorum

301 5599 602 5665 tirocinium
635 5597 811 5665 quale.
841 5597 951 5665 244:
978 5598 1057 5647 Ad
1090 5601 1391 5665 necessaria
1404 5603 1699 5665 quaerenda
1728 5604 1840 5652 bini
1861 5619 2013 5665 egre-

303 5661 607 5716 diebantur,
639 5659 722 5708 vel
754 5661 889 5709 terni
920 5660 1128 5711 fratres.
1173 5661 1284 5720 248,
1331 5659 1442 5716 25οζ
1475 5663 1611 5724 Quid
1641 5666 1684 5714 si
1715 5659 2012 5718 monachus

303 5725 507 5774 furtum
529 5722 731 5774 fecerit.
761 5721 874 5771 248.

329 5729 507 5774 urtnm
529 5722 731 5779 fecerit,
761 5722 874 5771 248.

366 5784 594 5838 Montes.
637 5784 774 5836 Sunt
828 5785 1051 5850 quidam
1090 5791 1303 5840 montes
1343 5789 1504 5854 ignei,
1556 5789 1684 5856 quia
1729 5791 1836 5841 illic
1875 5793 2014 5857 ignis

1639 200 1875 263 INDEX
1919 196 2444 262 ANALYTICUS.

3651 200 3806 262 1290

2102 336 2401 396 permanet.
2434 334 2665 396 suntque
2695 329 3086 396 illic‘animalia
3115 329 3316 396 similia
3345 331 3556 381 ovibus.
3585 333 3811 385 Venato.

2103 393 2186 459 res
2209 393 2783 459 projectosbamosin
2810 393 2988 459 ignem
3020 393 3338 459 immittunt,
3360 396 3812 459 quandoquidem

2102 458 2190 568 illi:
2213 454 2668 568 animaliaignem
2699 455 2900 506 habent
2918 454 3037 506 loco
3062 457 3185 514 cibi,
3219 454 3438 520 requiei.
3478 454 3817 519 incrementi,

2116 535 2163 568 vi
2191 534 2253 568 aa.
2353 557 2363 568 .

2116 521 2253 578 vitm,
2283 521 2363 568 51.

2173 585 2312 632 Mors
2343 596 2470 631 vera
2499 582 2640 630 intus
2689 579 2763 644 in?
2791 581 2949 644 corde
2994 581 3164 631 hmrct
3196 594 3257 629 ac
3287 580 3436 636 latet,
3468 587 3626 644 atque
3653 583 3816 633 homo

2110 645 2334 694 interior
2363 645 2603 693 moritur.
2633 644 2713 693 63.
2746 643 3144 706 subjectionem
3176 646 3372 692 carnali
3390 643 3568 694 sensui
3600 649 3820 696 mortem

2107 707 2398 770 Apostolus
2426 707 2736 770 nominavit,
2764 705 2875 754 218’.

2174 771 2404 832 Moyses.
2430 768 2492 816 In
2524 781 2592 832 eo
2639 769 3048 832 resurrectionis
3083 768 3268 832 ﬁgura,
3297 768 3378 826 25,
3415 769 3734 832 26.7Moyses
3764 771 3816 819 in

2110 830 2347 881 montem
2407 831 2644 880 ascendit
2702 831 2885 889 homo,
2929 830 3207 879 descendit
3253 830 3460 880 habens
3508 830 3692 890 Deum,
3741 833 3821 881 47.

2109 894 2320 966 Moysi_s_
2340 893 2530 966 faciem
2575 891 2843 966 refulsisse
2892 894 3048 954 primi
3091 893 3282 942 Adami
3339 893 3507 956 gloria
3537 899 3695 956 putat
3715 907 3828 944 ma-

2110 954 2248 1020 gnus
2279 956 2555 1010 Macarius,
2590 954 2696 1003 180.
3343 954 3362 956 “
3538 954 3551 956 “

2124 1081 2127 1082 ν
2173 1018 2384 1082 Mulier.
2413 1019 2543 1082 Cum
2575 1019 2793 1066 muliere
2816 1016 3180 1067 confabulatio
3210 1022 3263 1068 et
3291 1018 3624 1068 consuetudo
3659 1033 3821 1082 quam

2111 1081 2382 1140 fugienda.
2421 1079 2530 1129 242.

2174 1144 2421 1192 Mundus.
2448 1145 2584 1192 Deus
2605 1155 2667 1189 ex
2703 1142 2765 1190 iis
2813 1155 2933 1203 quae
2965 1155 3073 1190 non
3110 1147 3280 1196 erant.
3314 1149 3370 1191 ut
3401 1148 3598 1197 essent,
3633 1143 3824 1193 condi-

2112 1205 2190 1254 dit
2224 1207 2362 1254 hanc
2393 1205 2655 1253 visibilem
2705 1211 3000 1252 creaturam
3044 1217 3235 1258 magna
3274 1219 3390 1252 cum
3441 1204 3742 1256 differentia
3771 1211 3824 1256 et

2113 1269 2392 1325 varietate,
2423 1281 2562 1330 que,
2584 1272 2875 1330 antequam
2894 1266 3063 1330 ﬂeret.
3092 1279 3194 1330 non
3227 1271 3357 1323 erat,
3390 1266 3464 1314 16.
3498 1267 3627 1330 Cum
3662 1269 3821 1318 unius

2114 1330 2311 1379 animm
2342 1326 2454 1377 tide'
2479 1334 2530 1377 et
2564 1326 2778 1385 divitiis,
2814 1329 3017 1376 nullam
3036 1326 3258 1376 omnino
3288 1329 3689 1390 proportionem
3729 1333 3821 1379 ha.

2112 1392 2202 1440 bet
2231 1394 2404 1440 omnis
2431 1391 2602 1452 gloria
2635 1395 2687 1438 et
2723 1389 3062 1452 pulchritudo
3111 1391 3228 1439 coeli
3259 1396 3312 1438 et
3360 1389 3532 1446 terrm,
3567 1391 3643 1439 18.
3678 1393 3823 1442 Sata-

2114 1466 2212 1500 nas
2247 1450 2618 1500 sexies'mille
2663 1450 2925 1499 annorum
2976 1455 3187 1500 aetatem
3239 1452 3419 1506 habet.
3471 1453 3552 1502 97.
3592 1455 3823 1503 Mundus

2113 1514 2300 1562 similis
2330 1519 2408 1562 est
2443 1513 2642 1561 homini
2679 1513 2846 1566 diviti.
2887 1513 2992 1563 143.
3030 1514 3145 1561 Non
3192 1515 3320 1563 satis
3367 1521 3444 1562 est
3480 1515 3698 1564 delicias
3733 1517 3828 1565 hu-

2107 1576 2388 1640 jussaaculi
2405 1573 2699 1640 reliquisse,
2723 1575 2824 1623 nisi
2847 1574 2969 1636 quis
2991 1576 3211 1624 alterius
3231 1577 3414 1625 saeculi
3436 1577 3825 1629 beatitudinem

2114 1637 2493 1702 consequatur,
2531 1637 2637 1685 154.
2945 1700 2992 1754 Ν

2174 1798 2325 1850 Nasci
2362 1812 2424 1848 ex
2457 1801 2605 1860 patre
2639 1797 2744 1845 Deo
2771 1795 3071 1860 nitentibus
3096 1797 3222 1859 quid
3260 1797 3527 1854 agendum
3558 1798 3643 1853 sit,
3677 1798 3756 1845 51.

2173 1864 2371 1912 Natura
2424 1859 2730 1910 animalium
2784 1859 2990 1908 ratione
3046 1859 3447 1918 destitutorum,
3495 1860 3673 1909 vincta
3703 1863 3822 1919 est;

2113 1923 2273 1974 homo
2309 1937 2433 1972 vero
2465 1937 2570 1972 non
2590 1923 2662 1971 ita
2696 1935 2751 1970 se
2781 1921 2976 1970 habet:
3009 1922 3331 1984 quidamiest
3361 1922 3517 1984 lupus
3552 1925 3736 1984 rapax,
3770 1928 3822 1972 et

2112 1986 2329 2056 quidam
2361 1986 2507 2035 velut
2541 1999 2713 2045 agnus
2749 1985 2948 2056 rapinae
2985 1983 3146 2056 pat‘et.
3187 1983 3266 2033 59.
3307 1985 3370 2034 Ut
3418 1983 3668 2056 voluntas
3698 1983 3820 2056 post

2113 2045 2383 2110 acceptam
2432 2061 2646 2111 quoque
2697 2045 2918 2110 gratiam
2969 2045 3398 2111 probetur,_quo
3447 2047 3630 2111 tendat
3657 2045 3822 2111 cuive

2113 2108 2668 2164 conséntiatfnat‘ura
2703 2108 2950 2157 remanet
2973 2108 3192 2164 eadem,
3246 2108 3411 2158 durus
3459 2110 3511 2156 in
3549 2108 3742 2157 duritie
3775 2114 3828 2158 et

2115 2173 2244 2286 ﬁgis
2273 2175 2325 2222 in
2353 2173 2588 2231 levitate,
2617 2169 2697 2220 93.
2735 2172 3005 2220 Devinctus
3038 2177 3242 2221 naturae
3263 2171 3343 2220 lex
3372 2183 3480 2221 non
3501 2169 3824 2236 imponitur,

2176 2385 2374 2436 Oculus
2399 2385 2638 2435 omnium
2663 2385 3022 2448 membrorum
3069 2387 3149 2432 est
3176 2382 3464 2448 minimus;
3497 2388 3549 2434 at
3577 2383 3697 2448 ipsa
3726 2397 3825 2447 pu~

2115 2449 2396 2513 pilisque:
2426 2449 2745 2513 es_t_exigua,
2777 2452 2856 2496 est
2885 2461 2979 2496 vas
3013 2447 3220 2513 ingens,
3258 2445 3368 2494 139.

2175 2507 2438 2560 Ofﬁcium.
2474 2507 2816 2566 Matutinum,
2839 2507 3096 2572 secunda;
3124 2522 3267 2572 nona
3301 2513 3683 2572 memorantur.
3703 2507 3818 2558 248.

2177 2574 2375 2622 Oratio.
2407 2574 2507 2630 Qui
2537 2573 2800 2621 accedunt
2829 2573 2891 2620 ad
2931 2571 3213 2634 Dominum
3242 2571 3440 2634 debent
3475 2585 3657 2634 preces
3691 2585 3818 2634 suas

2119 2636 2170 2685 in
2208 2637 2407 2698 quiete,
2436 2639 2645 2698 paceiet
2676 2634 3067 2698 tranquillitate
3099 2633 3268 2698 multa
3297 2633 3520 2698 fundere
3540 2671 3553 2692 ,
3579 2633 3820 2698 nonine-

2117 2695 2347 2760 ptis—aut
2374 2695 2619 2760 confusis
2644 2695 2968 2760 clamoribus
2999 2695 3095 2749 uti.
3125 2697 3221 2760 sed
3250 2696 3546 2760 intentione
3576 2695 3750 2760 cordis
3771 2701 3825 2760 et

2118 2757 2529 2823 cogitationibus
2549 2758 2740 2823 sobriis
2762 2760 3037 2823 attendere
3073 2759 3322 2823 Dnmino,
3351 2757 3432 2823 26.
3459 2757 3610 2815 Quod
3639 2758 3682 2806 si
3701 2757 3823 2819 quis

2118 2820 2406 2884 ad'preces
2436 2823 2576 2871 solas
2605 2834 2660 2869 se
2690 2821 2865 2884 ipsum
2907 2820 3103 2884 adigat.
3141 2826 3192 2869 et
3222 2820 3288 2868 ad
3325 2821 3533 2884 reliqua
3568 2822 3826 2884 mandata

2119 2880 2330 2933 Domini
2363 2885 2542 2932 minus
2568 2880 2802 2946 seipsiim
2833 2880 3152 2946 compellat;
3197 2880 3512 2946 conceditur
3562 2880 3638 2931 illi
3670 2881 3828 2946 inter-

2118 2947 2245 2995 dum
2276 2947 2529 3008 precandi
2567 2942 2768 3008 gratia,
2803 2942 3044 3008 moribus
3073 2950 3250 3008 tamen
3299 2944 3439 3008 idem
3483 2949 3579 3003 est,
3627 2942 3824 3006 quibus

2119 3005 2442 3061 antea'erat.
2476 3005 2656 3066 81,82,
2679 3005 2794 3054 215.
2821 3007 2888 3055 At
2915 3005 3005 3067 qui
3036 3019 3090 3068 se
3127 3006 3188 3068 ad
3228 3006 3408 3068 omnia
3438 3005 3660 3067 insuper
3692 3019 3826 3068 pras-

2119 3077 2274 3132 cepta
2305 3069 2572 3132 compellit
2596 3083 2607 3120 :
2631 3082 2750 3118 eum
2788 3081 3002 3132 quoque
3025 3067 3236 3116 docebit
3264 3067 3492 3129 Spiritus
3520 3067 3722 3123 omnia,
3752 3067 3819 3116 ad

2118 3129 2238 3196 qum
2269 3129 2444 3180 antea'
2459 3144 2514 3180 se
2550 3132 2598 3180 vi
2629 3129 3010 3196 compellebat,
3040 3133 3348 3196 e_t_insupe_r
3372 3143 3567 3196 veram
3602 3142 3824 3192 precum
3885 3135 3888 3140 '

2117 3189 2400 3256 r'ationem.
2443 3207 2576 3256 quas
2611 3189 2772 3247 nunc}
2810 3206 2877 3256 ne
2906 3191 2956 3256 vi
2993 3189 3210 3256 quidem
3242 3189 3498 3256 adhibita,
3537 3189 3822 3256 possumus

2119 3255 2316 3313 facere,
2350 3255 2430 3304 83.
2459 3251 2565 3313 'Qui
2585 3269 2692 3304 non
2728 3251 3026 3304 confestim“
3042 3254 3258 3316 accipit,
3281 3255 3561 3316 ardentius
3583 3251 3826 3302 accendi-

2119 3325 2205 3368 tur
2235 3319 2714 3380 vehementiusque
2763 3314 3433 3380 appetit_cceles'tia'bona,
3481 3314 3587 3363 113.
3623 3316 3821 3380 lndesi-

2118 3387 2314 3430 neuter
2353 3385 2404 3429 et
2448 3377 2651 3430 attente
2686 3377 2935 3442 opperiet
2965 3377 3079 3442 Deo
3113 3377 3461 3442 votarifacere
3501 3382 3554 3442 et
3601 3379 3825 3442 precari,

2118 3442 2226 3492 123.
2265 3444 2463 3496 Oratio,
2495 3444 2648 3503 quies
2679 3439 2776 3500 est,
2820 3440 2925 3490 134.
2961 3441 3066 3503 Nisi
3089 3439 3383 3503 humilitas
3419 3444 3474 3488 et
3507 3439 3826 3503 simplicitas

2119 3511 2170 3554 et
2217 3501 2524 3567 benignitas
2569 3509 2789 3567 exornet
2832 3517 2948 3556 nos.
2978 3501 3191 3567 habitus
3220 3503 3477 3567 orationis
3495 3501 3636 3567 nihil
3669 3503 3826 3567 nobis

2117 3564 2370 3630 proderit,
2400 3565 2508 3616 163.
2539 3566 2730 3630 vertex
2753 3579 2974 3630 operum
3007 3564 3268 3630 bonorum
3309 3564 3590 3630 agiduitas
3619 3565 3821 3612 oratio-

2118 3625 2200 3690 nis
2229 3635 2329 3687 est,
2360 3625 2424 3676 de
2454 3643 2561 3690 qua
2590 3628 2754 3690 babes
2784 3625 3023 3676 libellum
3054 3627 3291 3683 Macarii,
3322 3625 3431 3676 174.
3461 3626 3820 3690 Ut_praastan-

2118 3689 2228 3740 tius
2258 3704 2393 3742 onus
2415 3687 2496 3738 est
2511 3688 2788 3744 orationis,
2814 3692 2886 3737 ita
2901 3690 3089 3751 majori
3110 3703 3246 3750 opus
3263 3689 3424 3737 habet
3440 3687 3822 3743 sollicitudine,

2117 3751 2248 3800 ibid.
2281 3751 2502 3814 Oportet
2529 3750 3030 3814 sem_p_e_ret_ubique
3059 3764 3229 3808 orare,
3267 3765 3364 3799 nec
3395 3764 3636 3814 unquam?
3659 3764 3825 3814 cona-

2118 3818 2229 3862 tum
2267 3810 2555 3867 remittere,
2607 3810 2738 3860 ibid.
2789 3811 2899 3859 Nisi
2944 3810 3151 3860 cmterm
3187 3814 3412 3861 virtutes
3451 3810 3504 3860 et
3537 3813 3826 3861 assiduitas

2120 3875 2276 3924 nobis
2306 3874 2598 3923 orationem
2630 3872 3020 3930 conglutinent,
3062 3875 3176 3929 ipsa
3205 3875 3376 3923 oratio
3413 3873 3546 3922 nihil
3579 3874 3832 3935 proderit,

2123 3938 2230 3987 175.
2265 3936 2531 3985 Grationis
2560 3939 2612 3984 et
2654 3935 2805 3984 verbi
2851 3949 2986 3996 opus
3034 3937 3130 3984 rite
3160 3949 3221 3983 ac
3265 3937 3648 3984 convenienter
3681 3948 3831 3984 exer-

2119 4001 2304 4053 citum,
2336 4012 2500 4059 supra
2533 4010 2747 4046 omnem
2781 3997 3054 4056 virtutem,
3075 4003 3299 4046 etomne
3321 3999 3626 4045 mandatum
3658 3998 3834 4059 excel-

2121 4061 2198 4122 lit,
2232 4060 2339 4110 178.
2371 4057 2641 4110 Orationis
2671 4061 2948 4118 negotium
2981 4073 3091 4122 qun
3127 4073 3286 4121 passu
3320 4060 3590 4122 procedat,
3616 4057 3728 4107 201.

2181 4122 2449 4184 Originale
2500 4127 2793 4184 peccatum.
2851 4122 3019 4184 Adam
3077 4125 3442 4183 transgressus
3499 4123 3832 4178 mandatum,

2119 4183 2446 4235 fermentum
2483 4183 2869 4234 malitiosarum
2910 4183 3254 4233 aﬂectionum
3292 4185 3345 4232 in
3386 4197 3443 4233 se
3490 4186 3723 4246 recepit:
3757 4183 3833 4232 sic

2119 4261 2336 4312 quoque
2382 4246 2792 4312 participatione
2840 4247 3096 4312 quadam,
3146 4247 3328 4312 quiAex
3362 4247 3737 4312 eo_natisunt.
3769 4257 3832 4294 ac

2121 4308 2429 4373 universum
2460 4323 2629 4373 genus
2658 4310 2789 4358 Adm
2838 4308 2978 4358 illius
3021 4308 3263 4358 fermenti
3309 4309 3576 4371 particeps
3627 4308 3828 4356 factum

2120 4378 2220 4427 est.
2249 4371 2329 4422 79.
2360 4371 2618 4422 Tenebris
2653 4385 2910 4434 expensas
2945 4377 3071 4420 sunt
3113 4385 3274 4430 super
3319 4384 3534 4434 omnem
3583 4375 3828 4420 naturam

2119 4435 2429 4494 humanam,
2460 4449 2491 4484 a
2521 4432 2762 4498 tempore
2793 4434 3250 4497 transgressionis,
3286 4432 3395 4485 139.

2951 4513 2992 4568 P

2185 4604 2487 4660 Paradisus,
2519 4618 2610 4653 cor
2638 4603 2892 4660 hominis,
2917 4603 3022 4652 127.

2184 4667 2404 4717 Paulus.
2446 4665 2794 4727 Evangelinm
2844 4666 3040 4715 diserte
3090 4665 3334 4728 prmcipit
3376 4665 3474 4714 hoc
3518 4677 3696 4726 agere,
3732 4663 3836 4728 hoc

2119 4743 2229 4839 iion
2263 4743 2420 4839 agere
2443 4733 2560 4839 ,ἑὲ
2569 4725 2856 4793 Apostolus
2885 4725 3131 4777 distincte
3162 4733 3216 4778 et
3252 4725 3569 4777 minutatim
3590 4725 3836 4788 exsequi-

2145 4807 2208 4839 lll'
2237 4806 2331 4839 Dﬂl'
2357 4807 2434 4839 68.
2564 4827 2576 4839 .

2119 4797 2208 4844 tur
2237 4797 2434 4850 partes,
2469 4797 2576 4839 195.

2187 4807 2208 4842 r
2237 4806 2434 4852 partes,
2469 4806 2576 4839 wn.

2187 4857 2394 4922 Pauper
2421 4853 2614 4917 spiritu
2649 4851 2927 4922 quomodo
2948 4853 3216 4922 quishesge
3248 4849 3552 4922 possit,44..

2185 4912 2404 4968 Peccato
2435 4912 2547 4966 tota
2577 4912 2754 4964 anima
2788 4912 3040 4969 inﬁcitur,
3074 4912 3122 4961 9.
3158 4914 3434 4962 Peccatum
3466 4912 3666 4962 animm
3686 4924 3829 4961 com-

2119 4981 2334 5030 mistum
2370 4983 2468 5034 est,
2503 4984 2729 5040 utroque
2776 4980 2954 5026 tamen
2990 4977 3258 5040 propriam
3303 4982 3543 5024 naturam
3575 4975 3834 5040 habente,

2121 5042 2253 5092 ibid.
2287 5043 2512 5090 Peccata
2541 5036 2719 5089 omnia
2765 5036 3176 5102 prorsus'vitari
3230 5041 3524 5102 nequeunt,
3567 5036 3646 5086 43.
3678 5036 3831 5102 Multi

2120 5119 2195 5159 se,
2230 5103 2314 5153 vel
2346 5103 2679 5176 inhabitanntle
2711 5099 2851 5176 irise
2885 5103 3073 5176 gratia,
3119 5115 3150 5149 a
3179 5106 3400 5176 peccaio
3431 5099 3828 5176 cle‘misu-bripi

2120 5181 2226 5216 non
2261 5166 2579 5228 percipiunt.
2609 5164 2689 5213 60.
2740 5161 3019 5224 Quomodo
3069 5161 3298 5224 possunt
3326 5161 3446 5211 dum
3497 5162 3736 5209 Personae
3771 5161 3828 5210 in

2120 5229 2277 5278 corde
2307 5229 2617 5283 consistere,
2645 5228 2818 5288 gratia
2855 5226 3108 5274 nimirum
3148 5228 3535 5288 etpeccatum,
3570 5222 3675 5270 134.
3709 5223 3826 5271 Non

2119 5292 2186 5340 ab
2216 5289 2446 5339 exterius
2476 5287 2861 5350 apparentibus
2892 5288 3121 5350 peccatis
3151 5287 3320 5350 solum
3357 5290 3612 5350 prmstare
3633 5297 3693 5350 se
3721 5299 3826 5348 pu-

2119 5367 2245 5462 rarlri.
2268 5355 2481 5462 θρίξ-ὅθι
2510 5348 2767 5414 virginem
2792 5348 3042 5407 animam,
3074 5348 3165 5399 sed
3184 5353 3236 5399 et
3264 5348 3430 5398 multo
3452 5348 3620 5410 magis
3649 5348 3716 5398 ab
3745 5362 3828 5398 oc-

2119 5429 2182 5462 cu
2237 5429 2296 5462 is.
2427 5451 2440 5462 .

2118 5416 2296 5473 cultis,
2333 5416 2440 5462 17o.

2184 5472 2528 5527 Perfectionis
2569 5476 2792 5537 gradum
2839 5488 3103 5525 summum
3146 5487 3213 5524 an
3245 5472 3533 5523 Christiani
3569 5474 3829 5536 consequi

2121 5540 2357 5614 possint,
2375 5537 2451 5588 35.
2496 5538 2684 5614 Morbo
2716 5537 2909 5614 sinquis
2969 5538 3172 5595 aborat,
3220 5537 3336 5614 ﬁeri
3368 5538 3832 5614 tamengpotertui

2122 5598 2167 5652 is
2200 5601 2438 5664 membra
2482 5604 2728 5664 quadam
2760 5600 2925 5650 illaesa
2973 5615 3034 5649 ac
3077 5613 3206 5649 sana
3249 5598 3479 5664 habent:
3514 5598 3588 5664 sic
3619 5610 3830 5664 quoque

2121 5663 2407 5729 probabile
2444 5658 2523 5713 est
2573 5664 2878 5726 quempiam
2926 5664 3163 5729 membra
3209 5662 3426 5729 spiritue
3471 5661 3603 5729 t_ria_
3635 5658 3830 5729 habere

2121 5722 2274 5779 sane.
2320 5728 2414 5776 sed
2463 5738 2572 5789 non
2591 5722 2886 5789 propterea
2933 5725 3204 5789 perlectus
3239 5722 3341 5789 est.
3371 5722 3830 5789 54._i’au[etimne_,

2124 5804 2193 5843 an
2221 5790 2398 5842 statim
2428 5787 2572 5851 quod
2601 5782 2802 5839 inal'um
2833 5794 2912 5840 est
2936 5782 3266 5848 eradicatur,
3300 5787 3382 5847 64,
3415 5785 3522 5848 165,
3556 5782 3661 5833 166.
3694 5782 3831 5834 Sunt
