2038 3156
253 161 272 191 3
658 161 707 190 SS.
729 162 961 191 MACARIORUM
981 161 1140 191 AEGYPTII
1160 161 1204 189 ET
1216 162 1449 192 ALEXANDRINI
1866 171 1886 200 ι

253 230 379 254 eremus
389 223 420 252 et
433 220 568 261 antiquis
581 223 612 251 et
622 221 736 252 nostris
746 221 941 262 temporibus
951 221 1045 260 vulgo
1059 222 1082 252 A
1097 221 1190 252 nibus
1204 221 1322 261 optime
1339 223 1495 254 convenit.
1505 224 1603 255 Etiam
1614 224 1774 263 Ludolfus,
1783 230 1887 260 rector

252 272 429 313 appellatur
453 289 487 294 —
505 279 560 302 eos
582 271 741 308 nimirum,
762 271 816 312 qui
840 271 880 303 ab
900 272 1043 311 Evagrio,

253 323 410 359 Cassiano,
434 321 502 352 aliis
522 321 752 359 describuntur,
770 326 842 353 ante
857 321 967 353 oculos
986 322 1043 353 ha-

251 373 329 404 bere
355 371 510 403 crederes.
543 372 615 412 Ipsa
645 371 834 402 monasteria
865 371 1044 403 etiamnunc

253 422 403 462 quadrata
424 424 477 452 aut
497 420 703 461 quadrilonga
717 420 817 452 forma
834 425 904 453 sunt
921 424 951 452 et
972 430 1043 452 mu-

252 473 306 510 ris,
334 473 414 503 intra
443 480 524 512 quos
549 471 693 502 hortulus
718 471 874 509 nutritur,
899 472 1042 511 obsepta.

252 524 312 554 Fac
322 525 353 553 te
366 521 472 552 videre
483 521 546 552 illic
562 530 670 552 senem
682 521 839 562 quendam
849 526 1045 559 caecum,ter

252 571 348 602 altare
363 569 678 609 circumgredientem
693 573 723 601 et
737 570 867 601 iuvenili
881 579 957 602 voce
971 570 1045 602 alle-

252 621 315 652 luia
331 623 507 657 canentem,
521 623 574 650 aut
583 619 672 651 illum
685 623 812 652 centum
822 621 931 660 viginti
944 629 1044 652 annos

252 675 372 708 natum,
382 670 461 701 cella
473 669 687 709 egredientem
702 673 733 702 et
747 671 875 702 abeunti
884 671 940 702 tibi
949 671 1046 702 bene-

252 722 420 757 dicentem,
446 720 599 751 ineffabili
620 720 688 752 sine
708 720 805 752 dubio
824 725 854 752 et
870 722 951 761 ipse,
964 722 1045 753 sicut

250 768 467 806 Tischendorl‘,
476 767 708 808 perfundereris
717 769 926 800 venerationis
936 778 1042 800 sensu.

251 820 374 851 Circum
395 828 444 857 ea,
465 827 546 859 quae
565 818 641 856 dixi,
662 822 796 858 quatuor
810 819 999 850 monasteria
1013 822 1044 850 et

250 871 367 902 Nitriae
391 875 527 908 montes,
555 870 622 910 qui,
651 869 824 909 paullulum
855 871 1041 909 eminentes,

250 921 382 962 paludes
395 921 464 952 illas
475 921 509 952 in
520 921 624 961 ampla
638 921 717 952 valle
725 920 798 952 sitas
817 920 994 958 includunt,
1009 921 1042 952 in

250 972 392 1003 arenosis
415 974 509 1011 atque
528 970 690 1001 immensis
715 969 946 1008 solitudinibus,
966 979 1040 1011 per-

250 1022 348 1054 multa
370 1022 444 1053 hinc
469 1021 556 1053 illinc
575 1021 701 1052 moenia
728 1021 967 1061 conspiciuntur
993 1024 1041 1053 te-

250 1073 373 1110 stantia,
399 1075 515 1112 quanta
538 1071 613 1103 olim
630 1071 675 1103 ibi
689 1071 840 1103 exstiterit
859 1072 950 1112 copia
971 1081 1040 1104 mo-

250 1123 458 1154 nasteriorum
471 1122 526 1163 (1).

290 1176 304 1212 §
322 1174 355 1205 2.
379 1173 531 1206 Macarius
545 1173 609 1210 ille,
626 1173 716 1204 cuius
728 1173 857 1205 nomine
873 1182 997 1205 eremus
1012 1177 1042 1206 et

248 1223 438 1254 monasteria
465 1223 638 1254 hodiedum
668 1223 866 1263 appellantur
889 1241 927 1246 —
944 1223 1041 1263 ipsius

248 1275 364 1314 imago,
385 1283 447 1314 qua
462 1274 574 1305 baculo
597 1273 725 1305 innixus
747 1274 950 1315 conspicitur,
968 1275 1041 1307 'istic

248 1325 500 1366 frequentissima
537 1328 582 1356 est
604 1325 643 1365 (2)
661 1343 699 1347 —
715 1326 775 1356 nisi
792 1335 843 1357 me
867 1325 972 1357 omnia
987 1325 1042 1356 fal-

249 1378 329 1415 lunt,
344 1378 515 1417 Aegyptius
537 1378 689 1409 Macarius
708 1378 778 1415 fuit,
799 1379 919 1418 primus
944 1378 1041 1409 Scetis

249 1428 426 1459 solitudinis
439 1427 543 1459 incola
563 1428 618 1468 (3),
640 1427 742 1459 clarus
757 1428 931 1465 virtutibus,
955 1436 1042 1466 eye-

250 1479 319 1519 gius
335 1482 429 1519 atque
450 1478 584 1509 invictus
594 1477 710 1509 athleta
723 1478 779 1509 Dei
791 1478 845 1518 (4).
861 1480 904 1510 Ac
914 1479 1040 1510 moenia

249 1529 362 1566 vicina,
374 1537 454 1568 quae
465 1528 497 1560 in
507 1528 619 1559 mediis
633 1528 694 1559 illis
708 1528 840 1559 desertis
851 1528 1040 1560 creberrima

1094 270 1247 301 ecclesiae
1272 272 1460 311 parochialis
1486 273 1518 304 in
1550 273 1703 312 Suchem,
1731 275 1889 307 dioecesm

1094 321 1371 360 Paderbornensis,
1399 323 1432 354 in
1453 322 1533 354 libro
1549 336 1562 352 α
1584 324 1627 354 De
1648 324 1760 356 itinere
1783 330 1889 357 terrae

1093 375 1231 410 sanctae,
1250 385 1263 400 »
1287 382 1381 412 quem
1401 374 1484 405 circa
1500 383 1528 405 a.
1551 373 1627 405 1350
1641 376 1830 415 composuit,
1847 376 1889 407 de

1093 421 1155 453 illis
1164 423 1361 454 monasteriis
1372 423 1449 455 haec
1459 424 1586 455 tradidit
1597 433 1627 455 ζα
1635 425 1712 455 Item
1731 425 1764 456 in
1786 427 1884 465 Aegy-

1094 476 1150 512 pto
1165 473 1268 504 adhuc
1283 482 1377 513 quam
1390 473 1520 514 plurima
1531 478 1613 506 stant
1622 476 1741 514 integra
1752 475 1887 507 claustra

1094 527 1125 554 et
1138 523 1338 561 monasteria,
1349 523 1499 555 ecclesiae
1514 528 1545 555 et
1560 526 1745 563 eremitaria,
1766 526 1821 557 sed
1836 529 1887 557 ta—

1093 581 1167 604 men
1192 573 1325 610 deserta,
1351 577 1382 604 et
1401 574 1519 614 optime
1539 575 1674 615 depicta,
1690 576 1745 607 sed
1763 577 1886 616 pictura

1093 632 1152 663 per
1183 624 1356 655 Saracenos
1385 628 1432 655 est
1462 624 1669 657 diversimode
1698 627 1885 667 vituperata.

1092 673 1172 704 Item
1187 673 1219 704 in
1241 673 1373 704 desertis
1392 674 1525 714 Aegypti
1540 674 1642 706 adhuc
1655 679 1700 706 tot
1721 680 1802 708 stant
1817 676 1887 708 cel-

1093 722 1175 754 lulae
1192 728 1222 754 et
1246 727 1424 755 sanctorum
1441 725 1566 756 Patrum
1591 726 1776 764 eremitaria,
1798 727 1885 766 quod

1093 773 1126 804 in
1145 773 1302 814 aliquibus
1325 774 1414 812 locis,
1432 777 1467 805 ut
1487 775 1594 812 credo,
1611 784 1669 815 per
1683 776 1745 807 duo
1761 776 1810 808 vel
1827 777 1886 808 tria

1093 823 1247 861 milliaria,
1263 824 1302 855 de
1316 832 1382 855 uno
1405 824 1444 855 ad
1465 824 1550 855 aliud
1570 825 1670 865 possit
1690 826 1839 865 sagittari,
1855 830 1887 858 et

1093 873 1126 904 in
1138 883 1233 914 quam
1252 874 1395 914 pluribus
1414 874 1516 906 adhuc
1532 874 1651 914 degunt
1666 876 1736 906 Indi
1750 877 1889 908 Nubiani

1095 928 1126 956 et
1140 926 1274 963 Suriani,
1290 926 1329 957 ad
1350 925 1493 957 ordinem
1517 926 1615 957 sancti
1630 926 1756 957 Antonii
1776 930 1807 957 et
1823 928 1889 958 Ma-

1093 974 1169 1005 carii
1199 983 1233 1005 se
1261 974 1424 1005 habentes.
1444 975 1480 1005 In
1497 974 1546 1005 his
1569 974 1699 1006 desertis
1723 975 1806 1005 Deus
1829 984 1890 1014 per

1093 1027 1218 1056 sanctos
1228 1026 1333 1056 Patres
1341 1025 1438 1056 multa
1451 1025 1604 1056 mirabilia
1619 1028 1666 1056 est
1679 1029 1840 1065 operatus,
1857 1029 1890 1056 et

1093 1076 1270 1116 specialiter
1296 1077 1329 1107 in
1356 1076 1429 1107 loco
1458 1076 1513 1116 qui
1537 1076 1637 1107 Sticht'
1665 1075 1736 1115 (leg.
1762 1076 1888 1114 Scithz‘,

1093 1128 1191 1166 Scete]
1207 1127 1329 1164 dicitur,
1342 1136 1400 1167 per
1415 1130 1540 1158 sanctos
1551 1127 1720 1158 Antonium
1735 1131 1765 1158 et
1781 1129 1888 1159 Maca-

1093 1177 1185 1214 rium,
1197 1181 1232 1208 ut
1246 1177 1279 1208 in
1288 1178 1358 1208 vitis
1370 1179 1496 1208 Patrum
1511 1179 1700 1209 continetur.
1710 1179 1746 1209 In
1754 1178 1817 1209 hoc
1828 1178 1888 1210 de-

1093 1231 1176 1259 serto
1185 1231 1231 1258 est
1241 1227 1330 1259 locus
1344 1228 1401 1258 sub
1415 1227 1563 1259 altissima
1580 1231 1609 1259 et
1627 1228 1778 1259 artissima
1792 1237 1887 1268 rupe,

1093 1287 1159 1318 quo
1172 1283 1297 1310 sanctus
1311 1279 1464 1310 Antonius
1479 1278 1622 1318 degebat,
1639 1283 1670 1310 et
1685 1288 1723 1310 ex
1736 1279 1789 1310 illa
1805 1288 1888 1319 rupe

1093 1329 1263 1360 fonticulus
1280 1329 1378 1360 eﬂluit
1396 1329 1435 1360 ad
1459 1329 1654 1370 semijactum
1674 1329 1787 1369 lapidis
1811 1338 1887 1360 cur-

1093 1387 1165 1408 rens
1179 1378 1212 1408 in
1240 1379 1395 1415 sabulum,
1412 1382 1447 1408 ut
1461 1387 1542 1417 aqua
1557 1379 1653 1410 ﬂuida
1672 1379 1775 1410 nivem
1789 1379 1888 1409 intrat

1093 1430 1123 1457 et
1140 1427 1219 1458 ultra
1245 1436 1310 1457 non
1329 1430 1470 1466 apparet.
1492 1427 1578 1457 Idem
1599 1427 1688 1457 locus
1708 1437 1726 1458 a
1741 1429 1888 1467 plurimis

1092 1485 1185 1507 causa
1204 1476 1380 1508 devotionis
1394 1479 1424 1507 et
1437 1476 1653 1507 delectationis
1670 1477 1820 1513 visitatur,
1837 1482 1887 1508 at-

1093 1534 1155 1566 que
1169 1526 1262 1557 etiam
1277 1535 1335 1566 per
1350 1527 1480 1566 gratiam
1496 1526 1551 1557 Dei
1569 1530 1600 1557 et
1620 1526 1774 1558 honorem
1786 1529 1889 1560 sancti

250 1581 382 1614 exstant,
403 1578 678 1614 monasteriorum,
704 1585 784 1617 quae
801 1586 816 1608 a
843 1581 953 1618 quarto
968 1586 1037 1609 sae—
1053 1571 1074 1600 (Τ-
1091 1577 1218 1608 Antonii
1234 1577 1349 1608 multae
1366 1577 1562 1608 inﬁrmitates
1581 1585 1619 1608 ex
1638 1577 1709 1617 ipso
1731 1577 1822 1609 fonte
1841 1587 1890 1609 sa-

249 1628 321 1660 culo
346 1629 464 1659 circum
483 1628 611 1659 Nitriam
635 1630 666 1658 et
680 1627 714 1658 in
727 1627 852 1658 Cellulis
866 1628 1040 1659 ﬂoruerunt

248 1679 424 1716 innumera,
451 1677 647 1709 venerandae
674 1677 866 1717 antiquitatis
887 1677 1040 1717 reliquiae

249 1732 332 1765 sunt,
350 1737 454 1768 neque
468 1728 582 1759 iniuste
596 1727 707 1758 fratres
719 1727 884 1758 Macariani
894 1727 1041 1758 coenobii

250 1787 290 1809 ex
320 1778 485 1809 traditione
511 1777 737 1808 monasterium
753 1786 845 1808 suum
860 1780 933 1808 ante
954 1777 1041 1808 mille

250 1828 441 1868 quingentos
464 1835 564 1858 annos
586 1826 751 1857 fundatum
776 1835 845 1858 esse
865 1827 1039 1858 contende-

250 1879 324 1908 runt
339 1877 393 1917 (5),
410 1876 508 1917 quod,
528 1876 601 1907 licet
621 1884 685 1907 non
706 1876 745 1907 de
758 1876 868 1913 muris,
885 1876 940 1916 qui
956 1885 1042 1908 nunc

251 1931 434 1964 cernuntur,
453 1930 560 1958 tamen
580 1926 618 1957 de
639 1926 740 1966 prima
763 1926 909 1957 coenobii
926 1926 1040 1957 funda-

249 1977 337 2008 tione
358 1980 444 2008 certo
459 1976 521 2007 dici
545 1980 659 2016 potest.
674 1977 739 2008 Nec
757 1976 882 2008 silentio
899 1980 1041 2017 praeter-

251 2027 355 2059 eunda
378 2036 446 2058 esse
473 2027 662 2068 perpulchra
683 2027 737 2058 illa
758 2028 882 2059 traditio
907 2028 1041 2062 videtur.

252 2087 314 2118 qua
327 2078 496 2118 praeterito
511 2082 536 2116 3
551 2077 677 2108 saeculo
688 2077 811 2108 cuidam
822 2078 855 2107 in
866 2077 928 2108 illis
937 2078 1041 2117 regio-

251 2127 345 2158 nibus
359 2127 570 2167 peregrinanti
587 2127 627 2167 (6)
643 2127 739 2158 abbas
753 2127 919 2158 Macariani
936 2136 1044 2158 mona-

252 2178 338 2209 sterii
348 2177 520 2214 aﬂirmavit,
529 2177 563 2208 in
579 2178 669 2208 Scete
680 2180 711 2207 et
720 2177 754 2208 in
761 2177 876 2208 Nitriae
884 2177 1043 2209 montibus

251 2232 298 2260 tot
308 2228 383 2259 olim
398 2228 550 2259 exstitisse
562 2228 762 2265 monasteria,
775 2230 853 2267 quot
863 2236 964 2258 annus
975 2228 1042 2259 dies

252 2282 412 2315 numeret;
428 2278 535 2318 idque,
559 2278 586 2309 si
609 2286 688 2315 rem,
708 2286 773 2308 non
792 2278 887 2308 verba
907 2281 1041 2318 spectas,

252 2338 324 2361 cum
338 2329 430 2360 variis
447 2328 550 2368 quarti
569 2331 601 2360 et
617 2328 719 2368 quinti
736 2326 854 2359 saeculi
869 2327 1043 2359 enarratio-

288 2447 327 2483 (l)
346 2446 528 2475 Tischendorl‘
560 2446 580 2474 l.
613 2447 651 2480 l.;
681 2446 715 2474 G.
747 2445 902 2474 Wilkinson
930 2444 1042 2473 Modern

253 2493 340 2529 Egypt
359 2493 413 2520 and
433 2492 540 2520 Thebes
557 2491 628 2519 1845
642 2491 704 2520 Vol.
719 2491 729 2518 l
742 2499 769 2527 p.
790 2491 845 2519 582
857 2499 918 2527 sqq.

288 2539 327 2574 (2)
345 2537 528 2567 Tischendorf
540 2538 558 2565 l.
576 2538 595 2565 Ι.
610 2546 637 2573 p.
650 2537 710 2565 125.

288 2586 327 2620 (5)
348 2586 473 2614 Cassian.
490 2585 560 2613 Coll.
575 2584 623 2612 XV
640 2593 702 2620 cap.
721 2586 748 2618 3.
767 2585 893 2613 Cassiani
909 2584 978 2620 Opp.
998 2586 1041 2612 ed.

252 2631 386 2659 Gazaeus.
395 2631 469 2667 Lips.
484 2632 553 2659 1755
568 2639 592 2666 ρ.
606 2631 674 2664 468,
694 2630 783 2667 Migne
796 2630 898 2659 Patro].
914 2631 945 2658 T.
961 2631 1043 2658 XLIX

254 2686 280 2713 p.
298 2678 360 2706 995.

289 2724 328 2760 (4)
347 2723 468 2752 Historia
496 2723 628 2752 Lausiaca
652 2723 766 2752 Palladii
791 2724 924 2751 Macarius
953 2724 1042 2759 Aegy-

253 2772 339 2806 ptium
348 2776 375 2800 et
386 2771 598 2800 Alexandrinum
612 2777 692 2799 vocat
701 2771 858 2805 γενναίους
871 2769 983 2804 ἄνδρας
994 2771 1042 2797 καὶ

252 2819 515 2854 ἀκαταγιιιηριστους
529 2818 671 2853 ἀθλητάς.
687 2817 728 2845 Ct.
747 2817 817 2844 infra
836 2817 922 2852 Caput
940 2816 970 2843 ll.

288 2865 328 2899 (5)
347 2864 530 2893 Tischendort‘
542 2865 560 2892 l.
575 2865 594 2892 l.
612 2873 637 2899 p.
656 2864 717 2890 127.

288 2910 327 2943 (6)
346 2910 419 2939 Patri
440 2910 563 2943 Sicardo,
580 2908 765 2937 Tischcndorf
783 2909 800 2936 l.
819 2909 836 2936 l.
861 2917 887 2944 p.
913 2908 972 2936 117.
997 2907 1038 2936 Cf.

1082 1631 1207 1658 'nantur
1216 1630 1247 1658 et
1260 1627 1419 1666 fugantur.
1429 1628 1507 1658 Nam
1524 1627 1590 1658 eius
1605 1627 1797 1668 specialibus
1812 1637 1888 1669 pre-

1091 1678 1181 1709 cibus
1199 1687 1238 1709 ex
1262 1687 1341 1718 rupe
1367 1678 1506 1709 creditur
1521 1678 1693 1710 fonticulus
1714 1679 1888 1717 efﬂuxisse,

1091 1729 1177 1769 quod
1197 1729 1290 1760 etiam
1304 1729 1385 1759 bene
1401 1732 1496 1769 patet,
1515 1730 1588 1769 quia
1601 1738 1665 1760 non
1676 1730 1801 1760 videtur
1815 1730 1889 1770 plus

1090 1779 1230 1816 ﬂuxisse,
1251 1787 1346 1819 quam
1361 1779 1399 1810 ad
1414 1779 1574 1810 modicum
1596 1779 1765 1811 habitaculi
1776 1780 1838 1818 sui,
1856 1784 1888 1812 et

1092 1829 1252 1861 hortulum
1270 1838 1360 1860 suum
1376 1829 1524 1868 irrigasse
1546 1829 1601 1871 (7).
1615 1841 1629 1858 ιι

1134 1878 1259 1909 Macarii
1275 1878 1420 1918 Aegyptii
1438 1878 1663 1909 monasterium
1678 1887 1712 1910 in
1730 1880 1821 1910 Scete
1842 1880 1887 1910 si-

1092 1932 1158 1959 tum
1177 1941 1190 1958 ‹‹
1206 1937 1264 1969 per
1282 1929 1344 1959 diei
1365 1934 1396 1960 et
1411 1929 1512 1960 noctis
1530 1929 1590 1959 iter
1604 1941 1618 1957 »
1632 1939 1650 1960 a
1666 1930 1764 1961 Nitria
1788 1930 1887 1962 dista-

1092 1979 1156 2016 bat,
1171 1983 1206 2010 ut
1228 1979 1324 2010 refert
1348 1979 1482 2018 scriptor
1502 1978 1574 2008 libri
1596 1980 1726 2011 secundi
1744 1980 1886 2012 Vitarum

1092 2031 1230 2067 Patrum,
1250 2038 1328 2069 quas
1353 2029 1451 2059 edidit
1479 2029 1670 2059 Rosweidus
1691 2029 1749 2070 (8);
1770 2030 1887 2062 Nitriae

1092 2080 1249 2111 montium
1271 2079 1461 2110 monasteria
1484 2079 1669 2110 fundavarat
1691 2081 1722 2110 S.
1737 2082 1887 2119 Ammon,

1093 2129 1149 2169 qui
1172 2129 1339 2168 superstite
1360 2129 1452 2159 etiam
1469 2130 1500 2160 S.
1522 2129 1657 2161 Antonio
1669 2130 1751 2161 diem
1772 2140 1887 2172 supre-

1093 2188 1178 2210 mum
1212 2179 1289 2210 obiit
1315 2178 1370 2220 (9),
1397 2179 1546 2219 ideoque,
1582 2180 1667 2220 quod
1687 2180 1769 2211 infra
1797 2186 1887 2222 pate-

1058 2230 1151 2277 Dbit,
1182 2230 1333 2261 Macarios
1367 2233 1493 2261 nostros
1524 2233 1624 2260 aetate
1656 2230 1886 2270 aliquantulum

1095 2280 1276 2320 praecessit.
1288 2279 1343 2310 Ille
1356 2287 1432 2310 vero
1452 2278 1552 2316 locus,
1563 2279 1618 2309 ubi
1632 2279 1708 2310 alter
1721 2281 1886 2318 Macarius,

1097 2328 1325 2360 Alexandrinus
1359 2327 1620 2367 cognominatus,
1655 2328 1709 2368 qui
1746 2330 1887 2369 aequalis

1095 2446 1264 2475 Wandslebli
1291 2446 1502 2482 descriptionem
1531 2447 1762 2483 monasteriorum
1793 2447 1886 2475 codice

1095 2493 1205 2521 arabieo
1229 2494 1342 2528 antiquo
1364 2493 1534 2528 desumptam
1555 2493 1581 2519 in
1607 2493 1676 2520 libro
1691 2493 1735 2520 cui
1759 2494 1856 2521 titulus
1877 2502 1884 2520 :

1098 2538 1197 2568 Paulus
1219 2539 1380 2574 Sammlung
1400 2539 1449 2567 der
1474 2539 1719 2575 merkwurdigsten
1741 2539 1840 2567 Reisen
1857 2540 1884 2566 in

1096 2585 1147 2612 den
1162 2584 1256 2612 Orient
1268 2584 1299 2611 Τ.
1313 2584 1345 2611 111
1360 2592 1386 2619 p.
1406 2584 1459 2612 255
1469 2592 1530 2619 sqq.

1134 2630 1173 2665 (7)
1196 2629 1313 2662 Ludolﬁ,
1328 2630 1442 2658 rectoris
1455 2629 1587 2658 ecclesiae
1603 2628 1768 2664 parochialis
1786 2629 1813 2656 in
1833 2627 1877 2655 Si!-

1094 2677 1189 2709 chem.
1205 2677 1237 2704 de
1255 2677 1349 2704 itinere
1371 2681 1457 2703 terrae
1479 2681 1588 2704 sanctae
1609 2675 1688 2702 liber.
1716 2673 1790 2703 Nach
1811 2675 1882 2701 altcn

1094 2721 1303 2750 llamlschriftcn
1327 2722 1472 2758 berichtigt
1493 2721 1714 2757 herausgegeben
1733 2729 1786 2748 von
1800 2719 1832 2746 Dr
1851 2719 1881 2746 F.

1095 2769 1328 2804 Dcyks.Stnttgart
1343 2769 1408 2796 1851
1423 2765 1449 2804 p'.
1466 2768 1497 2795 61
1513 2776 1555 2803 sq.

1130 2815 1168 2849 (8)
1192 2814 1244 2840 VV.
1261 2813 1312 2840 PP.
1334 2814 1376 2841 ed.
1397 2814 1488 2841 ltosw.
1500 2813 1551 2840 lib.
1574 2812 1592 2838 Il
1613 2819 1673 2846 cap.
1685 2811 1720 2838 29
1737 2810 1785 2837 Ed.
1802 2809 1881 2835 Antv.

1098 2862 1166 2888 16ὶὸ
1181 2869 1206 2895 p.
1223 2861 1284 2893 481,
1298 2861 1324 2888 1.
1342 2861 1384 2888 Cf.
1403 2860 1471 2887 infra
1485 2858 1573 2894 Caput
1590 2857 1634 2885 lV.

1134 2908 1172 2942 (9)
1196 2906 1254 2934 Vita
1285 2907 1313 2934 S.
1346 2906 1476 2938 Antonii,
1506 2906 1535 2932 S.
1560 2903 1704 2932 Athanasii
1737 2901 1807 2936 Opp.
1837 2900 1883 2929 ed.
